Poker Hand #HD1211105777: Hold'em No Limit  ($0.02/$0.05) - 2023/04/20 20:00:05
Table 'NLHBlue25' 6-max Seat #3 is the button
Seat 2: cdc81c4b ($5 in chips)
Seat 3: 3a0ae6f3 ($7.4 in chips)
Seat 4: d4d32d0a ($4.02 in chips)
Seat 5: 127bd269 ($5.12 in chips)
Seat 6: Hero ($6.81 in chips)
d4d32d0a: posts small blind $0.02
127bd269: posts big blind $0.05
*** HOLE CARDS ***
Dealt to cdc81c4b 
Dealt to 3a0ae6f3 
Dealt to d4d32d0a 
Dealt to 127bd269 
Dealt to Hero [Jd 3c]
Hero: folds
cdc81c4b: folds
3a0ae6f3: folds
d4d32d0a: calls $0.03
127bd269: checks
*** FLOP *** [As 8h 3s]
d4d32d0a: checks
127bd269: bets $0.05
d4d32d0a: folds
Uncalled bet ($0.05) returned to 127bd269
*** SHOWDOWN ***
127bd269 collected $0.1 from pot
*** SUMMARY ***
Total pot $0.1 | Rake $0 | Jackpot $0 | Bingo $0 | Fortune $0
Board [As 8h 3s]
Seat 2: cdc81c4b folded before Flop (didn't bet)
Seat 3: 3a0ae6f3 (button) folded before Flop (didn't bet)
Seat 4: d4d32d0a (small blind) folded on the Flop
Seat 5: 127bd269 (big blind) won ($0.1)
Seat 6: Hero folded before Flop (didn't bet)


Poker Hand #HD1211105750: Hold'em No Limit  ($0.02/$0.05) - 2023/04/20 19:59:54
Table 'NLHBlue25' 6-max Seat #2 is the button
Seat 2: cdc81c4b ($5 in chips)
Seat 3: 3a0ae6f3 ($7.42 in chips)
Seat 4: d4d32d0a ($4 in chips)
Seat 5: 127bd269 ($5.12 in chips)
Seat 6: Hero ($6.81 in chips)
3a0ae6f3: posts small blind $0.02
d4d32d0a: posts big blind $0.05
*** HOLE CARDS ***
Dealt to cdc81c4b 
Dealt to 3a0ae6f3 
Dealt to d4d32d0a 
Dealt to 127bd269 
Dealt to Hero [7h 3d]
127bd269: folds
Hero: folds
cdc81c4b: folds
3a0ae6f3: folds
Uncalled bet ($0.03) returned to d4d32d0a
*** SHOWDOWN ***
d4d32d0a collected $0.04 from pot
*** SUMMARY ***
Total pot $0.04 | Rake $0 | Jackpot $0 | Bingo $0 | Fortune $0
Seat 2: cdc81c4b (button) folded before Flop (didn't bet)
Seat 3: 3a0ae6f3 (small blind) folded before Flop
Seat 4: d4d32d0a (big blind) collected ($0.04)
Seat 5: 127bd269 folded before Flop (didn't bet)
Seat 6: Hero folded before Flop (didn't bet)


Poker Hand #HD1211015630: Hold'em No Limit  ($0.02/$0.05) - 2023/04/20 19:58:54
Table 'NLHBlue25' 6-max Seat #6 is the button
Seat 2: cdc81c4b ($5 in chips)
Seat 3: 3a0ae6f3 ($7.21 in chips)
Seat 4: d4d32d0a ($4 in chips)
Seat 5: 127bd269 ($5.12 in chips)
Seat 6: Hero ($6.81 in chips)
cdc81c4b: posts small blind $0.02
3a0ae6f3: posts big blind $0.05
*** HOLE CARDS ***
Dealt to cdc81c4b 
Dealt to 3a0ae6f3 
Dealt to d4d32d0a 
Dealt to 127bd269 
Dealt to Hero [Qd 8s]
d4d32d0a: folds
127bd269: folds
Hero: folds
cdc81c4b: raises $0.08 to $0.13
3a0ae6f3: calls $0.08
*** FLOP *** [Ts 2c 7c]
cdc81c4b: bets $0.1
3a0ae6f3: calls $0.1
*** TURN *** [Ts 2c 7c] [3c]
cdc81c4b: checks
3a0ae6f3: checks
*** RIVER *** [Ts 2c 7c 3c] [7h]
cdc81c4b: checks
3a0ae6f3: bets $0.31
cdc81c4b: folds
Uncalled bet ($0.31) returned to 3a0ae6f3
*** SHOWDOWN ***
3a0ae6f3 collected $0.44 from pot
*** SUMMARY ***
Total pot $0.46 | Rake $0.02 | Jackpot $0 | Bingo $0 | Fortune $0
Board [Ts 2c 7c 3c 7h]
Seat 2: cdc81c4b (small blind) folded on the River
Seat 3: 3a0ae6f3 (big blind) won ($0.44)
Seat 4: d4d32d0a folded before Flop (didn't bet)
Seat 5: 127bd269 folded before Flop (didn't bet)
Seat 6: Hero (button) folded before Flop (didn't bet)


Poker Hand #HD1211015591: Hold'em No Limit  ($0.02/$0.05) - 2023/04/20 19:58:30
Table 'NLHBlue25' 6-max Seat #5 is the button
Seat 2: cdc81c4b ($5 in chips)
Seat 3: 3a0ae6f3 ($7.21 in chips)
Seat 4: d4d32d0a ($4.05 in chips)
Seat 5: 127bd269 ($5 in chips)
Seat 6: Hero ($6.83 in chips)
Hero: posts small blind $0.02
cdc81c4b: posts big blind $0.05
d4d32d0a: posts big blind $0.05
*** HOLE CARDS ***
Dealt to cdc81c4b 
Dealt to 3a0ae6f3 
Dealt to d4d32d0a 
Dealt to 127bd269 
Dealt to Hero [8h 2s]
3a0ae6f3: folds
d4d32d0a: checks
127bd269: raises $0.15 to $0.2
Hero: folds
cdc81c4b: folds
d4d32d0a: folds
Uncalled bet ($0.15) returned to 127bd269
*** SHOWDOWN ***
127bd269 collected $0.17 from pot
*** SUMMARY ***
Total pot $0.17 | Rake $0 | Jackpot $0 | Bingo $0 | Fortune $0
Seat 2: cdc81c4b (big blind) folded before Flop
Seat 3: 3a0ae6f3 folded before Flop (didn't bet)
Seat 4: d4d32d0a folded before Flop
Seat 5: 127bd269 (button) collected ($0.17)
Seat 6: Hero (small blind) folded before Flop


Poker Hand #HD1211015499: Hold'em No Limit  ($0.02/$0.05) - 2023/04/20 19:57:42
Table 'NLHBlue25' 6-max Seat #3 is the button
Seat 1: ddc0859a ($6.43 in chips)
Seat 3: 3a0ae6f3 ($7.21 in chips)
Seat 5: 127bd269 ($5 in chips)
Seat 6: Hero ($6.96 in chips)
127bd269: posts small blind $0.02
Hero: posts big blind $0.05
*** HOLE CARDS ***
Dealt to ddc0859a 
Dealt to 3a0ae6f3 
Dealt to 127bd269 
Dealt to Hero [7h Ah]
ddc0859a: raises $0.08 to $0.13
3a0ae6f3: folds
127bd269: folds
Hero: calls $0.08
*** FLOP *** [9s Jc 7d]
Hero: checks
ddc0859a: bets $0.19
Hero: folds
Uncalled bet ($0.19) returned to ddc0859a
*** SHOWDOWN ***
ddc0859a collected $0.27 from pot
*** SUMMARY ***
Total pot $0.28 | Rake $0.01 | Jackpot $0 | Bingo $0 | Fortune $0
Board [9s Jc 7d]
Seat 1: ddc0859a won ($0.27)
Seat 3: 3a0ae6f3 (button) folded before Flop (didn't bet)
Seat 5: 127bd269 (small blind) folded before Flop
Seat 6: Hero (big blind) folded on the Flop


Poker Hand #HD1211015458: Hold'em No Limit  ($0.02/$0.05) - 2023/04/20 19:57:25
Table 'NLHBlue25' 6-max Seat #1 is the button
Seat 1: ddc0859a ($6.43 in chips)
Seat 2: ab71d943 ($5.22 in chips)
Seat 3: 3a0ae6f3 ($7.26 in chips)
Seat 5: 127bd269 ($5 in chips)
Seat 6: Hero ($6.89 in chips)
ab71d943: posts small blind $0.02
3a0ae6f3: posts big blind $0.05
*** HOLE CARDS ***
Dealt to ddc0859a 
Dealt to ab71d943 
Dealt to 3a0ae6f3 
Dealt to 127bd269 
Dealt to Hero [Qc Jh]
127bd269: folds
Hero: raises $0.07 to $0.12
ddc0859a: folds
ab71d943: folds
3a0ae6f3: folds
Uncalled bet ($0.07) returned to Hero
*** SHOWDOWN ***
Hero collected $0.12 from pot
*** SUMMARY ***
Total pot $0.12 | Rake $0 | Jackpot $0 | Bingo $0 | Fortune $0
Seat 1: ddc0859a (button) folded before Flop (didn't bet)
Seat 2: ab71d943 (small blind) folded before Flop
Seat 3: 3a0ae6f3 (big blind) folded before Flop
Seat 5: 127bd269 folded before Flop (didn't bet)
Seat 6: Hero collected ($0.12)


Poker Hand #HD1211015392: Hold'em No Limit  ($0.02/$0.05) - 2023/04/20 19:56:52
Table 'NLHBlue25' 6-max Seat #6 is the button
Seat 1: ddc0859a ($6.45 in chips)
Seat 2: ab71d943 ($5.09 in chips)
Seat 3: 3a0ae6f3 ($7.26 in chips)
Seat 5: 127bd269 ($5 in chips)
Seat 6: Hero ($7.01 in chips)
ddc0859a: posts small blind $0.02
ab71d943: posts big blind $0.05
*** HOLE CARDS ***
Dealt to ddc0859a 
Dealt to ab71d943 
Dealt to 3a0ae6f3 
Dealt to 127bd269 
Dealt to Hero [Kc Qh]
3a0ae6f3: folds
127bd269: folds
Hero: raises $0.07 to $0.12
ddc0859a: folds
ab71d943: raises $0.42 to $0.54
Hero: folds
Uncalled bet ($0.42) returned to ab71d943
*** SHOWDOWN ***
ab71d943 collected $0.25 from pot
*** SUMMARY ***
Total pot $0.26 | Rake $0.01 | Jackpot $0 | Bingo $0 | Fortune $0
Seat 1: ddc0859a (small blind) folded before Flop
Seat 2: ab71d943 (big blind) collected ($0.25)
Seat 3: 3a0ae6f3 folded before Flop (didn't bet)
Seat 5: 127bd269 folded before Flop (didn't bet)
Seat 6: Hero (button) folded before Flop


Poker Hand #HD1211015351: Hold'em No Limit  ($0.02/$0.05) - 2023/04/20 19:56:30
Table 'NLHBlue25' 6-max Seat #5 is the button
Seat 1: ddc0859a ($6.5 in chips)
Seat 2: ab71d943 ($5.02 in chips)
Seat 3: 3a0ae6f3 ($7.26 in chips)
Seat 5: 127bd269 ($5 in chips)
Seat 6: Hero ($7.03 in chips)
Hero: posts small blind $0.02
ddc0859a: posts big blind $0.05
*** HOLE CARDS ***
Dealt to ddc0859a 
Dealt to ab71d943 
Dealt to 3a0ae6f3 
Dealt to 127bd269 
Dealt to Hero [3h 2h]
ab71d943: raises $0.08 to $0.13
3a0ae6f3: folds
127bd269: folds
Hero: folds
ddc0859a: folds
Uncalled bet ($0.08) returned to ab71d943
*** SHOWDOWN ***
ab71d943 collected $0.12 from pot
*** SUMMARY ***
Total pot $0.12 | Rake $0 | Jackpot $0 | Bingo $0 | Fortune $0
Seat 1: ddc0859a (big blind) folded before Flop
Seat 2: ab71d943 collected ($0.12)
Seat 3: 3a0ae6f3 folded before Flop (didn't bet)
Seat 5: 127bd269 (button) folded before Flop (didn't bet)
Seat 6: Hero (small blind) folded before Flop


Poker Hand #HD1211015281: Hold'em No Limit  ($0.02/$0.05) - 2023/04/20 19:55:57
Table 'NLHBlue25' 6-max Seat #3 is the button
Seat 1: ddc0859a ($6.43 in chips)
Seat 2: ab71d943 ($5.02 in chips)
Seat 3: 3a0ae6f3 ($7.26 in chips)
Seat 5: 127bd269 ($5.02 in chips)
Seat 6: Hero ($7.08 in chips)
127bd269: posts small blind $0.02
Hero: posts big blind $0.05
*** HOLE CARDS ***
Dealt to ddc0859a 
Dealt to ab71d943 
Dealt to 3a0ae6f3 
Dealt to 127bd269 
Dealt to Hero [5h Jh]
ddc0859a: raises $0.08 to $0.13
ab71d943: folds
3a0ae6f3: folds
127bd269: folds
Hero: folds
Uncalled bet ($0.08) returned to ddc0859a
*** SHOWDOWN ***
ddc0859a collected $0.12 from pot
*** SUMMARY ***
Total pot $0.12 | Rake $0 | Jackpot $0 | Bingo $0 | Fortune $0
Seat 1: ddc0859a collected ($0.12)
Seat 2: ab71d943 folded before Flop (didn't bet)
Seat 3: 3a0ae6f3 (button) folded before Flop (didn't bet)
Seat 5: 127bd269 (small blind) folded before Flop
Seat 6: Hero (big blind) folded before Flop


Poker Hand #HD1211015256: Hold'em No Limit  ($0.02/$0.05) - 2023/04/20 19:55:46
Table 'NLHBlue25' 6-max Seat #2 is the button
Seat 1: ddc0859a ($6.43 in chips)
Seat 2: ab71d943 ($5.02 in chips)
Seat 3: 3a0ae6f3 ($7.21 in chips)
Seat 5: 127bd269 ($5.07 in chips)
Seat 6: Hero ($7.08 in chips)
3a0ae6f3: posts small blind $0.02
127bd269: posts big blind $0.05
*** HOLE CARDS ***
Dealt to ddc0859a 
Dealt to ab71d943 
Dealt to 3a0ae6f3 
Dealt to 127bd269 
Dealt to Hero [6h 5d]
Hero: folds
ddc0859a: folds
ab71d943: folds
3a0ae6f3: raises $0.08 to $0.13
127bd269: folds
Uncalled bet ($0.08) returned to 3a0ae6f3
*** SHOWDOWN ***
3a0ae6f3 collected $0.1 from pot
*** SUMMARY ***
Total pot $0.1 | Rake $0 | Jackpot $0 | Bingo $0 | Fortune $0
Seat 1: ddc0859a folded before Flop (didn't bet)
Seat 2: ab71d943 (button) folded before Flop (didn't bet)
Seat 3: 3a0ae6f3 (small blind) collected ($0.1)
Seat 5: 127bd269 (big blind) folded before Flop
Seat 6: Hero folded before Flop (didn't bet)


Poker Hand #HD1211015176: Hold'em No Limit  ($0.02/$0.05) - 2023/04/20 19:55:06
Table 'NLHBlue25' 6-max Seat #1 is the button
Seat 1: ddc0859a ($6.43 in chips)
Seat 2: ab71d943 ($4.88 in chips)
Seat 3: 3a0ae6f3 ($7.36 in chips)
Seat 4: ee22af84 ($5.03 in chips)
Seat 5: 127bd269 ($5.07 in chips)
Seat 6: Hero ($7.08 in chips)
ab71d943: posts small blind $0.02
3a0ae6f3: posts big blind $0.05
*** HOLE CARDS ***
Dealt to ddc0859a 
Dealt to ab71d943 
Dealt to 3a0ae6f3 
Dealt to ee22af84 
Dealt to 127bd269 
Dealt to Hero [8d Js]
ee22af84: folds
127bd269: folds
Hero: folds
ddc0859a: folds
ab71d943: raises $0.1 to $0.15
3a0ae6f3: calls $0.1
*** FLOP *** [3d 7h Qd]
ab71d943: checks
3a0ae6f3: checks
*** TURN *** [3d 7h Qd] [Jc]
ab71d943: bets $0.15
3a0ae6f3: folds
Uncalled bet ($0.15) returned to ab71d943
*** SHOWDOWN ***
ab71d943 collected $0.29 from pot
*** SUMMARY ***
Total pot $0.3 | Rake $0.01 | Jackpot $0 | Bingo $0 | Fortune $0
Board [3d 7h Qd Jc]
Seat 1: ddc0859a (button) folded before Flop (didn't bet)
Seat 2: ab71d943 (small blind) won ($0.29)
Seat 3: 3a0ae6f3 (big blind) folded on the Turn
Seat 4: ee22af84 folded before Flop (didn't bet)
Seat 5: 127bd269 folded before Flop (didn't bet)
Seat 6: Hero folded before Flop (didn't bet)


Poker Hand #HD1211015141: Hold'em No Limit  ($0.02/$0.05) - 2023/04/20 19:54:49
Table 'NLHBlue25' 6-max Seat #6 is the button
Seat 1: ddc0859a ($6.45 in chips)
Seat 2: ab71d943 ($4.93 in chips)
Seat 3: 3a0ae6f3 ($7.36 in chips)
Seat 4: ee22af84 ($5.03 in chips)
Seat 5: 127bd269 ($5 in chips)
Seat 6: Hero ($7.08 in chips)
ddc0859a: posts small blind $0.02
ab71d943: posts big blind $0.05
*** HOLE CARDS ***
Dealt to ddc0859a 
Dealt to ab71d943 
Dealt to 3a0ae6f3 
Dealt to ee22af84 
Dealt to 127bd269 
Dealt to Hero [Th 7d]
3a0ae6f3: folds
ee22af84: folds
127bd269: raises $0.05 to $0.1
Hero: folds
ddc0859a: folds
ab71d943: folds
Uncalled bet ($0.05) returned to 127bd269
*** SHOWDOWN ***
127bd269 collected $0.12 from pot
*** SUMMARY ***
Total pot $0.12 | Rake $0 | Jackpot $0 | Bingo $0 | Fortune $0
Seat 1: ddc0859a (small blind) folded before Flop
Seat 2: ab71d943 (big blind) folded before Flop
Seat 3: 3a0ae6f3 folded before Flop (didn't bet)
Seat 4: ee22af84 folded before Flop (didn't bet)
Seat 5: 127bd269 collected ($0.12)
Seat 6: Hero (button) folded before Flop (didn't bet)


Poker Hand #HD1211015032: Hold'em No Limit  ($0.02/$0.05) - 2023/04/20 19:53:49
Table 'NLHBlue25' 6-max Seat #5 is the button
Seat 1: ddc0859a ($6.24 in chips)
Seat 2: ab71d943 ($4.93 in chips)
Seat 3: 3a0ae6f3 ($7.36 in chips)
Seat 4: ee22af84 ($5.03 in chips)
Seat 5: 127bd269 ($5 in chips)
Seat 6: Hero ($7.1 in chips)
Hero: posts small blind $0.02
ddc0859a: posts big blind $0.05
*** HOLE CARDS ***
Dealt to ddc0859a 
Dealt to ab71d943 
Dealt to 3a0ae6f3 
Dealt to ee22af84 
Dealt to 127bd269 
Dealt to Hero [3c 5d]
ab71d943: folds
3a0ae6f3: folds
ee22af84: folds
127bd269: raises $0.05 to $0.1
Hero: folds
ddc0859a: calls $0.05
*** FLOP *** [Qs Kh 6d]
ddc0859a: checks
127bd269: bets $0.11
ddc0859a: calls $0.11
*** TURN *** [Qs Kh 6d] [3d]
ddc0859a: checks
127bd269: checks
*** RIVER *** [Qs Kh 6d 3d] [6c]
ddc0859a: bets $0.3
127bd269: folds
Uncalled bet ($0.3) returned to ddc0859a
*** SHOWDOWN ***
ddc0859a collected $0.42 from pot
*** SUMMARY ***
Total pot $0.44 | Rake $0.02 | Jackpot $0 | Bingo $0 | Fortune $0
Board [Qs Kh 6d 3d 6c]
Seat 1: ddc0859a (big blind) won ($0.42)
Seat 2: ab71d943 folded before Flop (didn't bet)
Seat 3: 3a0ae6f3 folded before Flop (didn't bet)
Seat 4: ee22af84 folded before Flop (didn't bet)
Seat 5: 127bd269 (button) folded on the River
Seat 6: Hero (small blind) folded before Flop


Poker Hand #HD1211014950: Hold'em No Limit  ($0.02/$0.05) - 2023/04/20 19:53:05
Table 'NLHBlue25' 6-max Seat #4 is the button
Seat 1: ddc0859a ($6.24 in chips)
Seat 2: ab71d943 ($4.93 in chips)
Seat 3: 3a0ae6f3 ($7.36 in chips)
Seat 4: ee22af84 ($5.03 in chips)
Seat 5: 127bd269 ($5 in chips)
Seat 6: Hero ($6.92 in chips)
127bd269: posts small blind $0.02
Hero: posts big blind $0.05
*** HOLE CARDS ***
Dealt to ddc0859a 
Dealt to ab71d943 
Dealt to 3a0ae6f3 
Dealt to ee22af84 
Dealt to 127bd269 
Dealt to Hero [As 9h]
ddc0859a: folds
ab71d943: folds
3a0ae6f3: folds
ee22af84: folds
127bd269: raises $0.05 to $0.1
Hero: calls $0.05
*** FLOP *** [Qc 3h Ad]
127bd269: bets $0.1
Hero: calls $0.1
*** TURN *** [Qc 3h Ad] [Qd]
127bd269: checks
Hero: checks
*** RIVER *** [Qc 3h Ad Qd] [3s]
127bd269: checks
Hero: bets $0.15
127bd269: folds
Uncalled bet ($0.15) returned to Hero
*** SHOWDOWN ***
Hero collected $0.38 from pot
*** SUMMARY ***
Total pot $0.4 | Rake $0.02 | Jackpot $0 | Bingo $0 | Fortune $0
Board [Qc 3h Ad Qd 3s]
Seat 1: ddc0859a folded before Flop (didn't bet)
Seat 2: ab71d943 folded before Flop (didn't bet)
Seat 3: 3a0ae6f3 folded before Flop (didn't bet)
Seat 4: ee22af84 (button) folded before Flop (didn't bet)
Seat 5: 127bd269 (small blind) folded on the River
Seat 6: Hero (big blind) won ($0.38)


Poker Hand #HD1211014816: Hold'em No Limit  ($0.02/$0.05) - 2023/04/20 19:51:52
Table 'NLHBlue25' 6-max Seat #3 is the button
Seat 1: ddc0859a ($5.52 in chips)
Seat 2: ab71d943 ($4.93 in chips)
Seat 3: 3a0ae6f3 ($7.36 in chips)
Seat 4: ee22af84 ($5.05 in chips)
Seat 5: 127bd269 ($5.05 in chips)
Seat 6: Hero ($6.92 in chips)
ee22af84: posts small blind $0.02
127bd269: posts big blind $0.05
*** HOLE CARDS ***
Dealt to ddc0859a 
Dealt to ab71d943 
Dealt to 3a0ae6f3 
Dealt to ee22af84 
Dealt to 127bd269 
Dealt to Hero [4d 2d]
Hero: folds
ddc0859a: raises $0.08 to $0.13
ab71d943: folds
3a0ae6f3: folds
ee22af84: folds
127bd269: raises $0.28 to $0.41
ddc0859a: calls $0.28
*** FLOP *** [Qs 4s 6h]
127bd269: bets $0.42
ddc0859a: calls $0.42
*** TURN *** [Qs 4s 6h] [6d]
127bd269: checks
ddc0859a: bets $0.56
127bd269: folds
Uncalled bet ($0.56) returned to ddc0859a
*** SHOWDOWN ***
ddc0859a collected $1.55 from pot
*** SUMMARY ***
Total pot $1.68 | Rake $0.08 | Jackpot $0.05 | Bingo $0 | Fortune $0
Board [Qs 4s 6h 6d]
Seat 1: ddc0859a won ($1.55)
Seat 2: ab71d943 folded before Flop (didn't bet)
Seat 3: 3a0ae6f3 (button) folded before Flop (didn't bet)
Seat 4: ee22af84 (small blind) folded before Flop
Seat 5: 127bd269 (big blind) folded on the Turn
Seat 6: Hero folded before Flop (didn't bet)


Poker Hand #HD1211014744: Hold'em No Limit  ($0.02/$0.05) - 2023/04/20 19:51:11
Table 'NLHBlue25' 6-max Seat #2 is the button
Seat 1: ddc0859a ($5 in chips)
Seat 2: ab71d943 ($4.93 in chips)
Seat 3: 3a0ae6f3 ($7.38 in chips)
Seat 4: ee22af84 ($5.1 in chips)
Seat 5: 127bd269 ($5.55 in chips)
Seat 6: Hero ($6.92 in chips)
3a0ae6f3: posts small blind $0.02
ee22af84: posts big blind $0.05
*** HOLE CARDS ***
Dealt to ddc0859a 
Dealt to ab71d943 
Dealt to 3a0ae6f3 
Dealt to ee22af84 
Dealt to 127bd269 
Dealt to Hero [6c Jh]
127bd269: raises $0.1 to $0.15
Hero: folds
ddc0859a: raises $0.35 to $0.5
ab71d943: folds
3a0ae6f3: folds
ee22af84: folds
127bd269: calls $0.35
*** FLOP *** [Qc 7s 3h]
127bd269: checks
ddc0859a: bets $0.36
127bd269: folds
Uncalled bet ($0.36) returned to ddc0859a
*** SHOWDOWN ***
ddc0859a collected $1.02 from pot
*** SUMMARY ***
Total pot $1.07 | Rake $0.05 | Jackpot $0 | Bingo $0 | Fortune $0
Board [Qc 7s 3h]
Seat 1: ddc0859a won ($1.02)
Seat 2: ab71d943 (button) folded before Flop (didn't bet)
Seat 3: 3a0ae6f3 (small blind) folded before Flop
Seat 4: ee22af84 (big blind) folded before Flop
Seat 5: 127bd269 folded on the Flop
Seat 6: Hero folded before Flop (didn't bet)


Poker Hand #HD1211014667: Hold'em No Limit  ($0.02/$0.05) - 2023/04/20 19:50:33
Table 'NLHBlue25' 6-max Seat #1 is the button
Seat 1: ddc0859a ($5 in chips)
Seat 2: ab71d943 ($4.95 in chips)
Seat 3: 3a0ae6f3 ($7.43 in chips)
Seat 4: ee22af84 ($5.1 in chips)
Seat 5: 127bd269 ($5.55 in chips)
Seat 6: Hero ($6.85 in chips)
ab71d943: posts small blind $0.02
3a0ae6f3: posts big blind $0.05
*** HOLE CARDS ***
Dealt to ddc0859a 
Dealt to ab71d943 
Dealt to 3a0ae6f3 
Dealt to ee22af84 
Dealt to 127bd269 
Dealt to Hero [9s 9d]
ee22af84: folds
127bd269: folds
Hero: raises $0.07 to $0.12
ddc0859a: folds
ab71d943: folds
3a0ae6f3: folds
Uncalled bet ($0.07) returned to Hero
*** SHOWDOWN ***
Hero collected $0.12 from pot
*** SUMMARY ***
Total pot $0.12 | Rake $0 | Jackpot $0 | Bingo $0 | Fortune $0
Seat 1: ddc0859a (button) folded before Flop (didn't bet)
Seat 2: ab71d943 (small blind) folded before Flop
Seat 3: 3a0ae6f3 (big blind) folded before Flop
Seat 4: ee22af84 folded before Flop (didn't bet)
Seat 5: 127bd269 folded before Flop (didn't bet)
Seat 6: Hero collected ($0.12)


Poker Hand #HD1211014621: Hold'em No Limit  ($0.02/$0.05) - 2023/04/20 19:50:11
Table 'NLHBlue25' 6-max Seat #6 is the button
Seat 1: ddc0859a ($5 in chips)
Seat 2: ab71d943 ($5 in chips)
Seat 3: 3a0ae6f3 ($7.43 in chips)
Seat 4: ee22af84 ($5.1 in chips)
Seat 5: 127bd269 ($5.48 in chips)
Seat 6: Hero ($6.85 in chips)
ddc0859a: posts small blind $0.02
ab71d943: posts big blind $0.05
*** HOLE CARDS ***
Dealt to ddc0859a 
Dealt to ab71d943 
Dealt to 3a0ae6f3 
Dealt to ee22af84 
Dealt to 127bd269 
Dealt to Hero [8c 4d]
3a0ae6f3: folds
ee22af84: folds
127bd269: raises $0.05 to $0.1
Hero: folds
ddc0859a: folds
ab71d943: folds
Uncalled bet ($0.05) returned to 127bd269
*** SHOWDOWN ***
127bd269 collected $0.12 from pot
*** SUMMARY ***
Total pot $0.12 | Rake $0 | Jackpot $0 | Bingo $0 | Fortune $0
Seat 1: ddc0859a (small blind) folded before Flop
Seat 2: ab71d943 (big blind) folded before Flop
Seat 3: 3a0ae6f3 folded before Flop (didn't bet)
Seat 4: ee22af84 folded before Flop (didn't bet)
Seat 5: 127bd269 collected ($0.12)
Seat 6: Hero (button) folded before Flop (didn't bet)


Poker Hand #HD1211014582: Hold'em No Limit  ($0.02/$0.05) - 2023/04/20 19:49:52
Table 'NLHBlue25' 6-max Seat #5 is the button
Seat 1: ddc0859a ($5 in chips)
Seat 2: ab71d943 ($5 in chips)
Seat 3: 3a0ae6f3 ($7.43 in chips)
Seat 4: ee22af84 ($5.1 in chips)
Seat 5: 127bd269 ($5.41 in chips)
Seat 6: Hero ($6.87 in chips)
Hero: posts small blind $0.02
ddc0859a: posts big blind $0.05
*** HOLE CARDS ***
Dealt to ddc0859a 
Dealt to ab71d943 
Dealt to 3a0ae6f3 
Dealt to ee22af84 
Dealt to 127bd269 
Dealt to Hero [Kd 6s]
ab71d943: folds
3a0ae6f3: folds
ee22af84: folds
127bd269: raises $0.05 to $0.1
Hero: folds
ddc0859a: folds
Uncalled bet ($0.05) returned to 127bd269
*** SHOWDOWN ***
127bd269 collected $0.12 from pot
*** SUMMARY ***
Total pot $0.12 | Rake $0 | Jackpot $0 | Bingo $0 | Fortune $0
Seat 1: ddc0859a (big blind) folded before Flop
Seat 2: ab71d943 folded before Flop (didn't bet)
Seat 3: 3a0ae6f3 folded before Flop (didn't bet)
Seat 4: ee22af84 folded before Flop (didn't bet)
Seat 5: 127bd269 (button) collected ($0.12)
Seat 6: Hero (small blind) folded before Flop


Poker Hand #HD1211014553: Hold'em No Limit  ($0.02/$0.05) - 2023/04/20 19:49:38
Table 'NLHBlue25' 6-max Seat #4 is the button
Seat 2: ab71d943 ($5 in chips)
Seat 3: 3a0ae6f3 ($7.43 in chips)
Seat 4: ee22af84 ($5.1 in chips)
Seat 5: 127bd269 ($5.36 in chips)
Seat 6: Hero ($6.92 in chips)
127bd269: posts small blind $0.02
Hero: posts big blind $0.05
*** HOLE CARDS ***
Dealt to ab71d943 
Dealt to 3a0ae6f3 
Dealt to ee22af84 
Dealt to 127bd269 
Dealt to Hero [Js 9h]
ab71d943: folds
3a0ae6f3: folds
ee22af84: folds
127bd269: raises $0.05 to $0.1
Hero: folds
Uncalled bet ($0.05) returned to 127bd269
*** SHOWDOWN ***
127bd269 collected $0.1 from pot
*** SUMMARY ***
Total pot $0.1 | Rake $0 | Jackpot $0 | Bingo $0 | Fortune $0
Seat 2: ab71d943 folded before Flop (didn't bet)
Seat 3: 3a0ae6f3 folded before Flop (didn't bet)
Seat 4: ee22af84 (button) folded before Flop (didn't bet)
Seat 5: 127bd269 (small blind) collected ($0.1)
Seat 6: Hero (big blind) folded before Flop


Poker Hand #HD1211014441: Hold'em No Limit  ($0.02/$0.05) - 2023/04/20 19:48:40
Table 'NLHBlue25' 6-max Seat #3 is the button
Seat 2: ab71d943 ($5.45 in chips)
Seat 3: 3a0ae6f3 ($6.95 in chips)
Seat 4: ee22af84 ($5.12 in chips)
Seat 5: 127bd269 ($5.41 in chips)
Seat 6: Hero ($6.92 in chips)
ee22af84: posts small blind $0.02
127bd269: posts big blind $0.05
*** HOLE CARDS ***
Dealt to ab71d943 
Dealt to 3a0ae6f3 
Dealt to ee22af84 
Dealt to 127bd269 
Dealt to Hero [3s 9h]
Hero: folds
ab71d943: raises $0.08 to $0.13
3a0ae6f3: raises $0.32 to $0.45
ee22af84: folds
127bd269: folds
ab71d943: calls $0.32
*** FLOP *** [3h 5h Jd]
ab71d943: checks
3a0ae6f3: bets $0.5
ab71d943: folds
Uncalled bet ($0.5) returned to 3a0ae6f3
*** SHOWDOWN ***
3a0ae6f3 collected $0.93 from pot
*** SUMMARY ***
Total pot $0.97 | Rake $0.04 | Jackpot $0 | Bingo $0 | Fortune $0
Board [3h 5h Jd]
Seat 2: ab71d943 folded on the Flop
Seat 3: 3a0ae6f3 (button) won ($0.93)
Seat 4: ee22af84 (small blind) folded before Flop
Seat 5: 127bd269 (big blind) folded before Flop
Seat 6: Hero folded before Flop (didn't bet)


Poker Hand #HD1211014361: Hold'em No Limit  ($0.02/$0.05) - 2023/04/20 19:47:56
Table 'NLHBlue25' 6-max Seat #2 is the button
Seat 2: ab71d943 ($5.45 in chips)
Seat 3: 3a0ae6f3 ($7.08 in chips)
Seat 4: ee22af84 ($5 in chips)
Seat 5: 127bd269 ($5.41 in chips)
Seat 6: Hero ($6.92 in chips)
3a0ae6f3: posts small blind $0.02
ee22af84: posts big blind $0.05
*** HOLE CARDS ***
Dealt to ab71d943 
Dealt to 3a0ae6f3 
Dealt to ee22af84 
Dealt to 127bd269 
Dealt to Hero [6h Tc]
127bd269: folds
Hero: folds
ab71d943: folds
3a0ae6f3: raises $0.08 to $0.13
ee22af84: raises $0.32 to $0.45
3a0ae6f3: folds
Uncalled bet ($0.32) returned to ee22af84
*** SHOWDOWN ***
ee22af84 collected $0.25 from pot
*** SUMMARY ***
Total pot $0.26 | Rake $0.01 | Jackpot $0 | Bingo $0 | Fortune $0
Seat 2: ab71d943 (button) folded before Flop (didn't bet)
Seat 3: 3a0ae6f3 (small blind) folded before Flop
Seat 4: ee22af84 (big blind) collected ($0.25)
Seat 5: 127bd269 folded before Flop (didn't bet)
Seat 6: Hero folded before Flop (didn't bet)


Poker Hand #HD1211014235: Hold'em No Limit  ($0.02/$0.05) - 2023/04/20 19:46:49
Table 'NLHBlue25' 6-max Seat #6 is the button
Seat 1: e2aff352 ($1.49 in chips)
Seat 2: ab71d943 ($5.5 in chips)
Seat 3: 3a0ae6f3 ($7.08 in chips)
Seat 4: ee22af84 ($5 in chips)
Seat 5: 127bd269 ($5.41 in chips)
Seat 6: Hero ($5.57 in chips)
e2aff352: posts small blind $0.02
ab71d943: posts big blind $0.05
e2aff352: straddle $0.1
*** HOLE CARDS ***
Dealt to e2aff352 
Dealt to ab71d943 
Dealt to 3a0ae6f3 
Dealt to ee22af84 
Dealt to 127bd269 
Dealt to Hero [Tc Kd]
ab71d943: folds
3a0ae6f3: folds
ee22af84: folds
127bd269: folds
Hero: calls $0.1
e2aff352: raises $1.39 to $1.49 and is all-in
Hero: calls $1.39
e2aff352: shows [Qd 6d]
Hero: shows [Tc Kd]
*** FIRST FLOP *** [Jh Ks 6h]
*** FIRST TURN *** [Jh Ks 6h] [5s]
*** FIRST RIVER *** [Jh Ks 6h 5s] [Ah]
*** SECOND FLOP *** [8d 8c As]
*** SECOND TURN *** [8d 8c As] [7d]
*** SECOND RIVER *** [8d 8c As 7d] [3c]
*** FIRST SHOWDOWN ***
Hero collected $1.42 from pot
*** SECOND SHOWDOWN ***
Hero collected $1.42 from pot
*** SUMMARY ***
Total pot $3.03 | Rake $0.14 | Jackpot $0.05 | Bingo $0 | Fortune $0
Hand was run two times
FIRST Board [Jh Ks 6h 5s Ah]
SECOND Board [8d 8c As 7d 3c]
Seat 1: e2aff352 (small blind) showed [Qd 6d] and lost with Pair of Sixes, and lost with Pair of Eights
Seat 2: ab71d943 (big blind) folded before Flop
Seat 3: 3a0ae6f3 folded before Flop (didn't bet)
Seat 4: ee22af84 folded before Flop (didn't bet)
Seat 5: 127bd269 folded before Flop (didn't bet)
Seat 6: Hero (button) showed [Tc Kd] and won ($1.42) with Pair of Kings, and won ($1.42) with Pair of Eights


Poker Hand #HD1211014171: Hold'em No Limit  ($0.02/$0.05) - 2023/04/20 19:46:15
Table 'NLHBlue25' 6-max Seat #5 is the button
Seat 1: e2aff352 ($1.54 in chips)
Seat 2: ab71d943 ($5.5 in chips)
Seat 3: 3a0ae6f3 ($7.08 in chips)
Seat 4: ee22af84 ($5 in chips)
Seat 5: 127bd269 ($5.2 in chips)
Seat 6: Hero ($5.59 in chips)
Hero: posts small blind $0.02
e2aff352: posts big blind $0.05
*** HOLE CARDS ***
Dealt to e2aff352 
Dealt to ab71d943 
Dealt to 3a0ae6f3 
Dealt to ee22af84 
Dealt to 127bd269 
Dealt to Hero [6h Js]
ab71d943: folds
3a0ae6f3: folds
ee22af84: raises $0.1 to $0.15
127bd269: raises $0.37 to $0.52
Hero: folds
e2aff352: folds
ee22af84: folds
Uncalled bet ($0.37) returned to 127bd269
*** SHOWDOWN ***
127bd269 collected $0.36 from pot
*** SUMMARY ***
Total pot $0.37 | Rake $0.01 | Jackpot $0 | Bingo $0 | Fortune $0
Seat 1: e2aff352 (big blind) folded before Flop
Seat 2: ab71d943 folded before Flop (didn't bet)
Seat 3: 3a0ae6f3 folded before Flop (didn't bet)
Seat 4: ee22af84 folded before Flop
Seat 5: 127bd269 (button) collected ($0.36)
Seat 6: Hero (small blind) folded before Flop


Poker Hand #HD1211014054: Hold'em No Limit  ($0.02/$0.05) - 2023/04/20 19:45:21
Table 'NLHBlue25' 6-max Seat #4 is the button
Seat 1: e2aff352 ($2.17 in chips)
Seat 2: ab71d943 ($5.5 in chips)
Seat 3: 3a0ae6f3 ($7.08 in chips)
Seat 4: ee22af84 ($5 in chips)
Seat 5: 127bd269 ($5.22 in chips)
Seat 6: Hero ($5 in chips)
127bd269: posts small blind $0.02
Hero: posts big blind $0.05
*** HOLE CARDS ***
Dealt to e2aff352 
Dealt to ab71d943 
Dealt to 3a0ae6f3 
Dealt to ee22af84 
Dealt to 127bd269 
Dealt to Hero [Th Td]
e2aff352: raises $0.1 to $0.15
ab71d943: folds
3a0ae6f3: folds
ee22af84: folds
127bd269: folds
Hero: calls $0.1
*** FLOP *** [Js 8h 8d]
Hero: checks
e2aff352: checks
*** TURN *** [Js 8h 8d] [Jh]
Hero: bets $0.16
e2aff352: calls $0.16
*** RIVER *** [Js 8h 8d Jh] [9h]
Hero: bets $0.32
e2aff352: calls $0.32
Hero: shows [Th Td] (Pair of Jacks and Pair of Tens)
e2aff352: shows [Ks Ac] (Pair of Jacks and Pair of Eights)
*** SHOWDOWN ***
Hero collected $1.22 from pot
*** SUMMARY ***
Total pot $1.28 | Rake $0.06 | Jackpot $0 | Bingo $0 | Fortune $0
Board [Js 8h 8d Jh 9h]
Seat 1: e2aff352 showed [Ks Ac] and lost with Pair of Jacks and Pair of Eights
Seat 2: ab71d943 folded before Flop (didn't bet)
Seat 3: 3a0ae6f3 folded before Flop (didn't bet)
Seat 4: ee22af84 (button) folded before Flop (didn't bet)
Seat 5: 127bd269 (small blind) folded before Flop
Seat 6: Hero (big blind) showed [Th Td] and won ($1.22) with Pair of Jacks and Pair of Tens


Poker Hand #HD1211013975: Hold'em No Limit  ($0.02/$0.05) - 2023/04/20 19:44:38
Table 'NLHBlue25' 6-max Seat #3 is the button
Seat 1: e2aff352 ($2.17 in chips)
Seat 2: ab71d943 ($5.02 in chips)
Seat 3: 3a0ae6f3 ($7.08 in chips)
Seat 4: ee22af84 ($5 in chips)
Seat 5: 127bd269 ($5.27 in chips)
Seat 6: Hero ($5 in chips)
ee22af84: posts small blind $0.02
127bd269: posts big blind $0.05
*** HOLE CARDS ***
Dealt to e2aff352 
Dealt to ab71d943 
Dealt to 3a0ae6f3 
Dealt to ee22af84 
Dealt to 127bd269 
Dealt to Hero [Ad Qd]
Hero: raises $0.07 to $0.12
e2aff352: folds
ab71d943: raises $0.34 to $0.46
3a0ae6f3: folds
ee22af84: folds
127bd269: folds
Hero: calls $0.34
*** FLOP *** [4c 6s 3s]
Hero: checks
ab71d943: bets $0.33
Hero: folds
Uncalled bet ($0.33) returned to ab71d943
*** SHOWDOWN ***
ab71d943 collected $0.94 from pot
*** SUMMARY ***
Total pot $0.99 | Rake $0.05 | Jackpot $0 | Bingo $0 | Fortune $0
Board [4c 6s 3s]
Seat 1: e2aff352 folded before Flop (didn't bet)
Seat 2: ab71d943 won ($0.94)
Seat 3: 3a0ae6f3 (button) folded before Flop (didn't bet)
Seat 4: ee22af84 (small blind) folded before Flop
Seat 5: 127bd269 (big blind) folded before Flop
Seat 6: Hero folded on the Flop


Poker Hand #HD1211013750: Hold'em No Limit  ($0.02/$0.05) - 2023/04/20 19:42:48
Table 'NLHBlue25' 6-max Seat #2 is the button
Seat 1: e2aff352 ($2.17 in chips)
Seat 2: ab71d943 ($5.02 in chips)
Seat 3: 3a0ae6f3 ($6.67 in chips)
Seat 4: ee22af84 ($5.26 in chips)
Seat 5: 127bd269 ($5.27 in chips)
Seat 6: Hero ($5 in chips)
3a0ae6f3: posts small blind $0.02
ee22af84: posts big blind $0.05
*** HOLE CARDS ***
Dealt to e2aff352 
Dealt to ab71d943 
Dealt to 3a0ae6f3 
Dealt to ee22af84 
Dealt to 127bd269 
Dealt to Hero [2c Jd]
127bd269: folds
Hero: folds
e2aff352: folds
ab71d943: folds
3a0ae6f3: raises $0.06 to $0.11
ee22af84: raises $0.34 to $0.45
3a0ae6f3: calls $0.34
*** FLOP *** [6h 5s 3c]
3a0ae6f3: checks
ee22af84: checks
*** TURN *** [6h 5s 3c] [9c]
3a0ae6f3: checks
ee22af84: checks
*** RIVER *** [6h 5s 3c 9c] [5h]
3a0ae6f3: checks
ee22af84: checks
3a0ae6f3: shows [As Ts] (Pair of Fives)
ee22af84: shows [Js Kc] (Pair of Fives)
*** SHOWDOWN ***
3a0ae6f3 collected $0.86 from pot
*** SUMMARY ***
Total pot $0.9 | Rake $0.04 | Jackpot $0 | Bingo $0 | Fortune $0
Board [6h 5s 3c 9c 5h]
Seat 1: e2aff352 folded before Flop (didn't bet)
Seat 2: ab71d943 (button) folded before Flop (didn't bet)
Seat 3: 3a0ae6f3 (small blind) showed [As Ts] and won ($0.86) with Pair of Fives
Seat 4: ee22af84 (big blind) showed [Js Kc] and lost with Pair of Fives
Seat 5: 127bd269 folded before Flop (didn't bet)
Seat 6: Hero folded before Flop (didn't bet)


Poker Hand #HD1211013653: Hold'em No Limit  ($0.02/$0.05) - 2023/04/20 19:42:05
Table 'NLHBlue25' 6-max Seat #1 is the button
Seat 1: e2aff352 ($1.99 in chips)
Seat 2: ab71d943 ($5.04 in chips)
Seat 3: 3a0ae6f3 ($6.72 in chips)
Seat 4: ee22af84 ($5.26 in chips)
Seat 5: 127bd269 ($5.27 in chips)
Seat 6: Hero ($5 in chips)
ab71d943: posts small blind $0.02
3a0ae6f3: posts big blind $0.05
*** HOLE CARDS ***
Dealt to e2aff352 
Dealt to ab71d943 
Dealt to 3a0ae6f3 
Dealt to ee22af84 
Dealt to 127bd269 
Dealt to Hero [7d Kd]
ee22af84: folds
127bd269: folds
Hero: raises $0.07 to $0.12
e2aff352: raises $0.24 to $0.36
ab71d943: folds
3a0ae6f3: folds
Hero: folds
Uncalled bet ($0.24) returned to e2aff352
*** SHOWDOWN ***
e2aff352 collected $0.3 from pot
*** SUMMARY ***
Total pot $0.31 | Rake $0.01 | Jackpot $0 | Bingo $0 | Fortune $0
Seat 1: e2aff352 (button) collected ($0.3)
Seat 2: ab71d943 (small blind) folded before Flop
Seat 3: 3a0ae6f3 (big blind) folded before Flop
Seat 4: ee22af84 folded before Flop (didn't bet)
Seat 5: 127bd269 folded before Flop (didn't bet)
Seat 6: Hero folded before Flop


Poker Hand #HD1211013580: Hold'em No Limit  ($0.02/$0.05) - 2023/04/20 19:41:29
Table 'NLHBlue25' 6-max Seat #6 is the button
Seat 1: e2aff352 ($2.14 in chips)
Seat 2: ab71d943 ($4.9 in chips)
Seat 3: 3a0ae6f3 ($6.72 in chips)
Seat 4: ee22af84 ($5.26 in chips)
Seat 5: 127bd269 ($5.27 in chips)
Seat 6: Hero ($5 in chips)
e2aff352: posts small blind $0.02
ab71d943: posts big blind $0.05
*** HOLE CARDS ***
Dealt to e2aff352 
Dealt to ab71d943 
Dealt to 3a0ae6f3 
Dealt to ee22af84 
Dealt to 127bd269 
Dealt to Hero [8c Ts]
3a0ae6f3: folds
ee22af84: folds
127bd269: folds
Hero: folds
e2aff352: raises $0.1 to $0.15
ab71d943: calls $0.1
*** FLOP *** [6d 4c 7s]
e2aff352: checks
ab71d943: bets $0.15
e2aff352: folds
Uncalled bet ($0.15) returned to ab71d943
*** SHOWDOWN ***
ab71d943 collected $0.29 from pot
*** SUMMARY ***
Total pot $0.3 | Rake $0.01 | Jackpot $0 | Bingo $0 | Fortune $0
Board [6d 4c 7s]
Seat 1: e2aff352 (small blind) folded on the Flop
Seat 2: ab71d943 (big blind) won ($0.29)
Seat 3: 3a0ae6f3 folded before Flop (didn't bet)
Seat 4: ee22af84 folded before Flop (didn't bet)
Seat 5: 127bd269 folded before Flop (didn't bet)
Seat 6: Hero (button) folded before Flop (didn't bet)


Poker Hand #HD1211013528: Hold'em No Limit  ($0.02/$0.05) - 2023/04/20 19:41:05
Table 'NLHBlue25' 6-max Seat #5 is the button
Seat 1: e2aff352 ($2.12 in chips)
Seat 2: ab71d943 ($4.9 in chips)
Seat 3: 3a0ae6f3 ($6.72 in chips)
Seat 4: ee22af84 ($5.26 in chips)
Seat 5: 127bd269 ($5.27 in chips)
Seat 6: Hero ($5 in chips)
Hero: posts small blind $0.02
e2aff352: posts big blind $0.05
*** HOLE CARDS ***
Dealt to e2aff352 
Dealt to ab71d943 
Dealt to 3a0ae6f3 
Dealt to ee22af84 
Dealt to 127bd269 
Dealt to Hero [8h 2d]
ab71d943: folds
3a0ae6f3: folds
ee22af84: folds
127bd269: folds
Hero: folds
Uncalled bet ($0.03) returned to e2aff352
*** SHOWDOWN ***
e2aff352 collected $0.04 from pot
*** SUMMARY ***
Total pot $0.04 | Rake $0 | Jackpot $0 | Bingo $0 | Fortune $0
Seat 1: e2aff352 (big blind) collected ($0.04)
Seat 2: ab71d943 folded before Flop (didn't bet)
Seat 3: 3a0ae6f3 folded before Flop (didn't bet)
Seat 4: ee22af84 folded before Flop (didn't bet)
Seat 5: 127bd269 (button) folded before Flop (didn't bet)
Seat 6: Hero (small blind) folded before Flop


Poker Hand #HD1211013470: Hold'em No Limit  ($0.02/$0.05) - 2023/04/20 19:40:33
Table 'NLHBlue25' 6-max Seat #4 is the button
Seat 1: e2aff352 ($2.12 in chips)
Seat 2: ab71d943 ($4.9 in chips)
Seat 3: 3a0ae6f3 ($6.72 in chips)
Seat 4: ee22af84 ($5.26 in chips)
Seat 5: 127bd269 ($5.18 in chips)
Seat 6: Hero ($5 in chips)
127bd269: posts small blind $0.02
Hero: posts big blind $0.05
*** HOLE CARDS ***
Dealt to e2aff352 
Dealt to ab71d943 
Dealt to 3a0ae6f3 
Dealt to ee22af84 
Dealt to 127bd269 
Dealt to Hero [9d Ac]
e2aff352: folds
ab71d943: folds
3a0ae6f3: folds
ee22af84: folds
127bd269: raises $0.05 to $0.1
Hero: calls $0.05
*** FLOP *** [Th 7s 4d]
127bd269: bets $0.1
Hero: folds
Uncalled bet ($0.1) returned to 127bd269
*** SHOWDOWN ***
127bd269 collected $0.19 from pot
*** SUMMARY ***
Total pot $0.2 | Rake $0.01 | Jackpot $0 | Bingo $0 | Fortune $0
Board [Th 7s 4d]
Seat 1: e2aff352 folded before Flop (didn't bet)
Seat 2: ab71d943 folded before Flop (didn't bet)
Seat 3: 3a0ae6f3 folded before Flop (didn't bet)
Seat 4: ee22af84 (button) folded before Flop (didn't bet)
Seat 5: 127bd269 (small blind) won ($0.19)
Seat 6: Hero (big blind) folded on the Flop


Poker Hand #HD1211013439: Hold'em No Limit  ($0.02/$0.05) - 2023/04/20 19:40:15
Table 'NLHBlue25' 6-max Seat #3 is the button
Seat 1: e2aff352 ($2.12 in chips)
Seat 2: ab71d943 ($4.9 in chips)
Seat 3: 3a0ae6f3 ($6.72 in chips)
Seat 4: ee22af84 ($5.28 in chips)
Seat 5: 127bd269 ($5.16 in chips)
Seat 6: Hero ($5 in chips)
ee22af84: posts small blind $0.02
127bd269: posts big blind $0.05
*** HOLE CARDS ***
Dealt to e2aff352 
Dealt to ab71d943 
Dealt to 3a0ae6f3 
Dealt to ee22af84 
Dealt to 127bd269 
Dealt to Hero [Kc 3d]
Hero: folds
e2aff352: folds
ab71d943: folds
3a0ae6f3: folds
ee22af84: folds
Uncalled bet ($0.03) returned to 127bd269
*** SHOWDOWN ***
127bd269 collected $0.04 from pot
*** SUMMARY ***
Total pot $0.04 | Rake $0 | Jackpot $0 | Bingo $0 | Fortune $0
Seat 1: e2aff352 folded before Flop (didn't bet)
Seat 2: ab71d943 folded before Flop (didn't bet)
Seat 3: 3a0ae6f3 (button) folded before Flop (didn't bet)
Seat 4: ee22af84 (small blind) folded before Flop
Seat 5: 127bd269 (big blind) collected ($0.04)
Seat 6: Hero folded before Flop (didn't bet)


Poker Hand #HD1211013398: Hold'em No Limit  ($0.02/$0.05) - 2023/04/20 19:39:58
Table 'NLHBlue25' 6-max Seat #2 is the button
Seat 1: e2aff352 ($2.12 in chips)
Seat 2: ab71d943 ($4.9 in chips)
Seat 3: 3a0ae6f3 ($6.74 in chips)
Seat 4: ee22af84 ($5.33 in chips)
Seat 5: 127bd269 ($5.09 in chips)
Seat 6: Hero ($5 in chips)
3a0ae6f3: posts small blind $0.02
ee22af84: posts big blind $0.05
*** HOLE CARDS ***
Dealt to e2aff352 
Dealt to ab71d943 
Dealt to 3a0ae6f3 
Dealt to ee22af84 
Dealt to 127bd269 
Dealt to Hero [8d 5d]
127bd269: raises $0.05 to $0.1
Hero: folds
e2aff352: folds
ab71d943: folds
3a0ae6f3: folds
ee22af84: folds
Uncalled bet ($0.05) returned to 127bd269
*** SHOWDOWN ***
127bd269 collected $0.12 from pot
*** SUMMARY ***
Total pot $0.12 | Rake $0 | Jackpot $0 | Bingo $0 | Fortune $0
Seat 1: e2aff352 folded before Flop (didn't bet)
Seat 2: ab71d943 (button) folded before Flop (didn't bet)
Seat 3: 3a0ae6f3 (small blind) folded before Flop
Seat 4: ee22af84 (big blind) folded before Flop
Seat 5: 127bd269 collected ($0.12)
Seat 6: Hero folded before Flop (didn't bet)


Poker Hand #HD1211013384: Hold'em No Limit  ($0.02/$0.05) - 2023/04/20 19:39:49
Table 'NLHBlue25' 6-max Seat #1 is the button
Seat 1: e2aff352 ($2.12 in chips)
Seat 2: ab71d943 ($4.92 in chips)
Seat 3: 3a0ae6f3 ($6.72 in chips)
Seat 5: 127bd269 ($5.09 in chips)
Seat 6: Hero ($5 in chips)
ab71d943: posts small blind $0.02
3a0ae6f3: posts big blind $0.05
*** HOLE CARDS ***
Dealt to e2aff352 
Dealt to ab71d943 
Dealt to 3a0ae6f3 
Dealt to 127bd269 
Dealt to Hero [Qc 4h]
127bd269: folds
Hero: folds
e2aff352: folds
ab71d943: folds
Uncalled bet ($0.03) returned to 3a0ae6f3
*** SHOWDOWN ***
3a0ae6f3 collected $0.04 from pot
*** SUMMARY ***
Total pot $0.04 | Rake $0 | Jackpot $0 | Bingo $0 | Fortune $0
Seat 1: e2aff352 (button) folded before Flop (didn't bet)
Seat 2: ab71d943 (small blind) folded before Flop
Seat 3: 3a0ae6f3 (big blind) collected ($0.04)
Seat 5: 127bd269 folded before Flop (didn't bet)
Seat 6: Hero folded before Flop (didn't bet)


Poker Hand #HD1211013332: Hold'em No Limit  ($0.02/$0.05) - 2023/04/20 19:39:22
Table 'NLHBlue25' 6-max Seat #6 is the button
Seat 1: e2aff352 ($2.14 in chips)
Seat 2: ab71d943 ($4.97 in chips)
Seat 3: 3a0ae6f3 ($6.72 in chips)
Seat 5: 127bd269 ($5.02 in chips)
Seat 6: Hero ($5 in chips)
e2aff352: posts small blind $0.02
ab71d943: posts big blind $0.05
*** HOLE CARDS ***
Dealt to e2aff352 
Dealt to ab71d943 
Dealt to 3a0ae6f3 
Dealt to 127bd269 
Dealt to Hero [Td 2h]
3a0ae6f3: folds
127bd269: raises $0.05 to $0.1
Hero: folds
e2aff352: folds
ab71d943: folds
Uncalled bet ($0.05) returned to 127bd269
*** SHOWDOWN ***
127bd269 collected $0.12 from pot
*** SUMMARY ***
Total pot $0.12 | Rake $0 | Jackpot $0 | Bingo $0 | Fortune $0
Seat 1: e2aff352 (small blind) folded before Flop
Seat 2: ab71d943 (big blind) folded before Flop
Seat 3: 3a0ae6f3 folded before Flop (didn't bet)
Seat 5: 127bd269 collected ($0.12)
Seat 6: Hero (button) folded before Flop (didn't bet)


Poker Hand #HD1211013223: Hold'em No Limit  ($0.02/$0.05) - 2023/04/20 19:38:24
Table 'NLHBlue25' 6-max Seat #5 is the button
Seat 1: e2aff352 ($1.93 in chips)
Seat 2: ab71d943 ($4.97 in chips)
Seat 3: 3a0ae6f3 ($6.72 in chips)
Seat 5: 127bd269 ($5.23 in chips)
Seat 6: Hero ($5 in chips)
Hero: posts small blind $0.02
e2aff352: posts big blind $0.05
*** HOLE CARDS ***
Dealt to e2aff352 
Dealt to ab71d943 
Dealt to 3a0ae6f3 
Dealt to 127bd269 
Dealt to Hero [Tc As]
ab71d943: folds
3a0ae6f3: folds
127bd269: raises $0.05 to $0.1
Hero: folds
e2aff352: calls $0.05
*** FLOP *** [3c 7s Kh]
e2aff352: checks
127bd269: bets $0.11
e2aff352: calls $0.11
*** TURN *** [3c 7s Kh] [Qd]
e2aff352: checks
127bd269: checks
*** RIVER *** [3c 7s Kh Qd] [3h]
e2aff352: bets $0.16
127bd269: folds
Uncalled bet ($0.16) returned to e2aff352
*** SHOWDOWN ***
e2aff352 collected $0.42 from pot
*** SUMMARY ***
Total pot $0.44 | Rake $0.02 | Jackpot $0 | Bingo $0 | Fortune $0
Board [3c 7s Kh Qd 3h]
Seat 1: e2aff352 (big blind) won ($0.42)
Seat 2: ab71d943 folded before Flop (didn't bet)
Seat 3: 3a0ae6f3 folded before Flop (didn't bet)
Seat 5: 127bd269 (button) folded on the River
Seat 6: Hero (small blind) folded before Flop


Poker Hand #HD1211013136: Hold'em No Limit  ($0.02/$0.05) - 2023/04/20 19:37:43
Table 'NLHBlue25' 6-max Seat #3 is the button
Seat 1: e2aff352 ($1.72 in chips)
Seat 2: ab71d943 ($4.97 in chips)
Seat 3: 3a0ae6f3 ($6.87 in chips)
Seat 5: 127bd269 ($5.25 in chips)
Seat 6: Hero ($5 in chips)
127bd269: posts small blind $0.02
Hero: posts big blind $0.05
*** HOLE CARDS ***
Dealt to e2aff352 
Dealt to ab71d943 
Dealt to 3a0ae6f3 
Dealt to 127bd269 
Dealt to Hero [4h 6d]
e2aff352: raises $0.1 to $0.15
ab71d943: folds
3a0ae6f3: calls $0.15
127bd269: folds
Hero: folds
*** FLOP *** [Kd 2d 2c]
e2aff352: bets $0.18
3a0ae6f3: folds
Uncalled bet ($0.18) returned to e2aff352
*** SHOWDOWN ***
e2aff352 collected $0.36 from pot
*** SUMMARY ***
Total pot $0.37 | Rake $0.01 | Jackpot $0 | Bingo $0 | Fortune $0
Board [Kd 2d 2c]
Seat 1: e2aff352 won ($0.36)
Seat 2: ab71d943 folded before Flop (didn't bet)
Seat 3: 3a0ae6f3 (button) folded on the Flop
Seat 5: 127bd269 (small blind) folded before Flop
Seat 6: Hero (big blind) folded before Flop


Poker Hand #HD1211013091: Hold'em No Limit  ($0.02/$0.05) - 2023/04/20 19:37:20
Table 'NLHBlue25' 6-max Seat #2 is the button
Seat 1: e2aff352 ($1.72 in chips)
Seat 2: ab71d943 ($4.97 in chips)
Seat 3: 3a0ae6f3 ($6.82 in chips)
Seat 5: 127bd269 ($5.3 in chips)
Seat 6: Hero ($5 in chips)
3a0ae6f3: posts small blind $0.02
127bd269: posts big blind $0.05
*** HOLE CARDS ***
Dealt to e2aff352 
Dealt to ab71d943 
Dealt to 3a0ae6f3 
Dealt to 127bd269 
Dealt to Hero [9c Kd]
Hero: folds
e2aff352: folds
ab71d943: folds
3a0ae6f3: raises $0.08 to $0.13
127bd269: folds
Uncalled bet ($0.08) returned to 3a0ae6f3
*** SHOWDOWN ***
3a0ae6f3 collected $0.1 from pot
*** SUMMARY ***
Total pot $0.1 | Rake $0 | Jackpot $0 | Bingo $0 | Fortune $0
Seat 1: e2aff352 folded before Flop (didn't bet)
Seat 2: ab71d943 (button) folded before Flop (didn't bet)
Seat 3: 3a0ae6f3 (small blind) collected ($0.1)
Seat 5: 127bd269 (big blind) folded before Flop
Seat 6: Hero folded before Flop (didn't bet)


Poker Hand #HD1211013064: Hold'em No Limit  ($0.02/$0.05) - 2023/04/20 19:37:02
Table 'NLHBlue25' 6-max Seat #1 is the button
Seat 1: e2aff352 ($1.65 in chips)
Seat 2: ab71d943 ($4.99 in chips)
Seat 3: 3a0ae6f3 ($6.87 in chips)
Seat 5: 127bd269 ($5.3 in chips)
Seat 6: Hero ($5 in chips)
ab71d943: posts small blind $0.02
3a0ae6f3: posts big blind $0.05
*** HOLE CARDS ***
Dealt to e2aff352 
Dealt to ab71d943 
Dealt to 3a0ae6f3 
Dealt to 127bd269 
Dealt to Hero [Jh 9c]
127bd269: folds
Hero: folds
e2aff352: raises $0.1 to $0.15
ab71d943: folds
3a0ae6f3: folds
Uncalled bet ($0.1) returned to e2aff352
*** SHOWDOWN ***
e2aff352 collected $0.12 from pot
*** SUMMARY ***
Total pot $0.12 | Rake $0 | Jackpot $0 | Bingo $0 | Fortune $0
Seat 1: e2aff352 (button) collected ($0.12)
Seat 2: ab71d943 (small blind) folded before Flop
Seat 3: 3a0ae6f3 (big blind) folded before Flop
Seat 5: 127bd269 folded before Flop (didn't bet)
Seat 6: Hero folded before Flop (didn't bet)


Poker Hand #HD1211013000: Hold'em No Limit  ($0.02/$0.05) - 2023/04/20 19:36:37
Table 'NLHBlue25' 6-max Seat #6 is the button
Seat 1: e2aff352 ($1.6 in chips)
Seat 2: ab71d943 ($5.04 in chips)
Seat 3: 3a0ae6f3 ($6.87 in chips)
Seat 5: 127bd269 ($5.3 in chips)
Seat 6: Hero ($5 in chips)
e2aff352: posts small blind $0.02
ab71d943: posts big blind $0.05
*** HOLE CARDS ***
Dealt to e2aff352 
Dealt to ab71d943 
Dealt to 3a0ae6f3 
Dealt to 127bd269 
Dealt to Hero [6h 9d]
3a0ae6f3: folds
127bd269: folds
Hero: folds
e2aff352: raises $0.1 to $0.15
ab71d943: folds
Uncalled bet ($0.1) returned to e2aff352
*** SHOWDOWN ***
e2aff352 collected $0.1 from pot
*** SUMMARY ***
Total pot $0.1 | Rake $0 | Jackpot $0 | Bingo $0 | Fortune $0
Seat 1: e2aff352 (small blind) collected ($0.1)
Seat 2: ab71d943 (big blind) folded before Flop
Seat 3: 3a0ae6f3 folded before Flop (didn't bet)
Seat 5: 127bd269 folded before Flop (didn't bet)
Seat 6: Hero (button) folded before Flop (didn't bet)


Poker Hand #HD1211012927: Hold'em No Limit  ($0.02/$0.05) - 2023/04/20 19:35:59
Table 'NLHBlue25' 6-max Seat #5 is the button
Seat 1: e2aff352 ($1.75 in chips)
Seat 2: ab71d943 ($5.04 in chips)
Seat 3: 3a0ae6f3 ($6.87 in chips)
Seat 5: 127bd269 ($5.14 in chips)
Seat 6: Hero ($5 in chips)
Hero: posts small blind $0.02
e2aff352: posts big blind $0.05
*** HOLE CARDS ***
Dealt to e2aff352 
Dealt to ab71d943 
Dealt to 3a0ae6f3 
Dealt to 127bd269 
Dealt to Hero [2h 8h]
ab71d943: folds
3a0ae6f3: folds
127bd269: raises $0.1 to $0.15
Hero: folds
e2aff352: calls $0.1
*** FLOP *** [8c Js 9s]
e2aff352: checks
127bd269: bets $0.24
e2aff352: folds
Uncalled bet ($0.24) returned to 127bd269
*** SHOWDOWN ***
127bd269 collected $0.31 from pot
*** SUMMARY ***
Total pot $0.32 | Rake $0.01 | Jackpot $0 | Bingo $0 | Fortune $0
Board [8c Js 9s]
Seat 1: e2aff352 (big blind) folded on the Flop
Seat 2: ab71d943 folded before Flop (didn't bet)
Seat 3: 3a0ae6f3 folded before Flop (didn't bet)
Seat 5: 127bd269 (button) won ($0.31)
Seat 6: Hero (small blind) folded before Flop


Poker Hand #HD1211012806: Hold'em No Limit  ($0.02/$0.05) - 2023/04/20 19:34:57
Table 'NLHBlue25' 6-max Seat #3 is the button
Seat 1: e2aff352 ($1.48 in chips)
Seat 2: ab71d943 ($5.04 in chips)
Seat 3: 3a0ae6f3 ($6.87 in chips)
Seat 5: 127bd269 ($5.16 in chips)
Seat 6: Hero ($5.07 in chips)
127bd269: posts small blind $0.02
Hero: posts big blind $0.05
*** HOLE CARDS ***
Dealt to e2aff352 
Dealt to ab71d943 
Dealt to 3a0ae6f3 
Dealt to 127bd269 
Dealt to Hero [8h Ac]
e2aff352: raises $0.1 to $0.15
ab71d943: folds
3a0ae6f3: folds
127bd269: folds
Hero: calls $0.1
*** FLOP *** [8d Qd 6d]
Hero: checks
e2aff352: bets $0.12
Hero: calls $0.12
*** TURN *** [8d Qd 6d] [3c]
Hero: checks
e2aff352: bets $0.32
Hero: folds
Uncalled bet ($0.32) returned to e2aff352
*** SHOWDOWN ***
e2aff352 collected $0.54 from pot
*** SUMMARY ***
Total pot $0.56 | Rake $0.02 | Jackpot $0 | Bingo $0 | Fortune $0
Board [8d Qd 6d 3c]
Seat 1: e2aff352 won ($0.54)
Seat 2: ab71d943 folded before Flop (didn't bet)
Seat 3: 3a0ae6f3 (button) folded before Flop (didn't bet)
Seat 5: 127bd269 (small blind) folded before Flop
Seat 6: Hero (big blind) folded on the Turn


Poker Hand #HD1211012739: Hold'em No Limit  ($0.02/$0.05) - 2023/04/20 19:34:24
Table 'NLHBlue25' 6-max Seat #2 is the button
Seat 1: e2aff352 ($1.41 in chips)
Seat 2: ab71d943 ($5.04 in chips)
Seat 3: 3a0ae6f3 ($6.89 in chips)
Seat 5: 127bd269 ($5.21 in chips)
Seat 6: Hero ($5.07 in chips)
3a0ae6f3: posts small blind $0.02
127bd269: posts big blind $0.05
*** HOLE CARDS ***
Dealt to e2aff352 
Dealt to ab71d943 
Dealt to 3a0ae6f3 
Dealt to 127bd269 
Dealt to Hero [Th 9c]
Hero: folds
e2aff352: raises $0.1 to $0.15
ab71d943: folds
3a0ae6f3: folds
127bd269: folds
Uncalled bet ($0.1) returned to e2aff352
*** SHOWDOWN ***
e2aff352 collected $0.12 from pot
*** SUMMARY ***
Total pot $0.12 | Rake $0 | Jackpot $0 | Bingo $0 | Fortune $0
Seat 1: e2aff352 collected ($0.12)
Seat 2: ab71d943 (button) folded before Flop (didn't bet)
Seat 3: 3a0ae6f3 (small blind) folded before Flop
Seat 5: 127bd269 (big blind) folded before Flop
Seat 6: Hero folded before Flop (didn't bet)


Poker Hand #HD1211012624: Hold'em No Limit  ($0.02/$0.05) - 2023/04/20 19:33:31
Table 'NLHBlue25' 6-max Seat #1 is the button
Seat 1: e2aff352 ($1.41 in chips)
Seat 2: ab71d943 ($5.06 in chips)
Seat 3: 3a0ae6f3 ($7.04 in chips)
Seat 5: 127bd269 ($5.05 in chips)
Seat 6: Hero ($5.07 in chips)
ab71d943: posts small blind $0.02
3a0ae6f3: posts big blind $0.05
*** HOLE CARDS ***
Dealt to e2aff352 
Dealt to ab71d943 
Dealt to 3a0ae6f3 
Dealt to 127bd269 
Dealt to Hero [Ad Th]
127bd269: raises $0.1 to $0.15
Hero: folds
e2aff352: folds
ab71d943: folds
3a0ae6f3: calls $0.1
*** FLOP *** [7d 4d 2s]
3a0ae6f3: checks
127bd269: bets $0.24
3a0ae6f3: folds
Uncalled bet ($0.24) returned to 127bd269
*** SHOWDOWN ***
127bd269 collected $0.31 from pot
*** SUMMARY ***
Total pot $0.32 | Rake $0.01 | Jackpot $0 | Bingo $0 | Fortune $0
Board [7d 4d 2s]
Seat 1: e2aff352 (button) folded before Flop (didn't bet)
Seat 2: ab71d943 (small blind) folded before Flop
Seat 3: 3a0ae6f3 (big blind) folded on the Flop
Seat 5: 127bd269 won ($0.31)
Seat 6: Hero folded before Flop (didn't bet)


Poker Hand #HD1211012560: Hold'em No Limit  ($0.02/$0.05) - 2023/04/20 19:33:01
Table 'NLHBlue25' 6-max Seat #6 is the button
Seat 1: e2aff352 ($1.36 in chips)
Seat 2: ab71d943 ($5.11 in chips)
Seat 3: 3a0ae6f3 ($7.04 in chips)
Seat 5: 127bd269 ($5.05 in chips)
Seat 6: Hero ($5.07 in chips)
e2aff352: posts small blind $0.02
ab71d943: posts big blind $0.05
*** HOLE CARDS ***
Dealt to e2aff352 
Dealt to ab71d943 
Dealt to 3a0ae6f3 
Dealt to 127bd269 
Dealt to Hero [Kc 8h]
3a0ae6f3: folds
127bd269: folds
Hero: folds
e2aff352: raises $0.1 to $0.15
ab71d943: folds
Uncalled bet ($0.1) returned to e2aff352
*** SHOWDOWN ***
e2aff352 collected $0.1 from pot
*** SUMMARY ***
Total pot $0.1 | Rake $0 | Jackpot $0 | Bingo $0 | Fortune $0
Seat 1: e2aff352 (small blind) collected ($0.1)
Seat 2: ab71d943 (big blind) folded before Flop
Seat 3: 3a0ae6f3 folded before Flop (didn't bet)
Seat 5: 127bd269 folded before Flop (didn't bet)
Seat 6: Hero (button) folded before Flop (didn't bet)


Poker Hand #HD1211012523: Hold'em No Limit  ($0.02/$0.05) - 2023/04/20 19:32:42
Table 'NLHBlue25' 6-max Seat #5 is the button
Seat 1: e2aff352 ($1.41 in chips)
Seat 2: ab71d943 ($5.04 in chips)
Seat 3: 3a0ae6f3 ($7.04 in chips)
Seat 5: 127bd269 ($5.05 in chips)
Seat 6: Hero ($5.09 in chips)
Hero: posts small blind $0.02
e2aff352: posts big blind $0.05
*** HOLE CARDS ***
Dealt to e2aff352 
Dealt to ab71d943 
Dealt to 3a0ae6f3 
Dealt to 127bd269 
Dealt to Hero [7d Ac]
ab71d943: raises $0.08 to $0.13
3a0ae6f3: folds
127bd269: folds
Hero: folds
e2aff352: folds
Uncalled bet ($0.08) returned to ab71d943
*** SHOWDOWN ***
ab71d943 collected $0.12 from pot
*** SUMMARY ***
Total pot $0.12 | Rake $0 | Jackpot $0 | Bingo $0 | Fortune $0
Seat 1: e2aff352 (big blind) folded before Flop
Seat 2: ab71d943 collected ($0.12)
Seat 3: 3a0ae6f3 folded before Flop (didn't bet)
Seat 5: 127bd269 (button) folded before Flop (didn't bet)
Seat 6: Hero (small blind) folded before Flop


Poker Hand #HD1211012489: Hold'em No Limit  ($0.02/$0.05) - 2023/04/20 19:32:25
Table 'NLHBlue25' 6-max Seat #3 is the button
Seat 1: e2aff352 ($1.41 in chips)
Seat 2: ab71d943 ($5.04 in chips)
Seat 3: 3a0ae6f3 ($7.04 in chips)
Seat 5: 127bd269 ($5 in chips)
Seat 6: Hero ($5.14 in chips)
127bd269: posts small blind $0.02
Hero: posts big blind $0.05
*** HOLE CARDS ***
Dealt to e2aff352 
Dealt to ab71d943 
Dealt to 3a0ae6f3 
Dealt to 127bd269 
Dealt to Hero [4d Tc]
e2aff352: folds
ab71d943: folds
3a0ae6f3: folds
127bd269: raises $0.05 to $0.1
Hero: folds
Uncalled bet ($0.05) returned to 127bd269
*** SHOWDOWN ***
127bd269 collected $0.1 from pot
*** SUMMARY ***
Total pot $0.1 | Rake $0 | Jackpot $0 | Bingo $0 | Fortune $0
Seat 1: e2aff352 folded before Flop (didn't bet)
Seat 2: ab71d943 folded before Flop (didn't bet)
Seat 3: 3a0ae6f3 (button) folded before Flop (didn't bet)
Seat 5: 127bd269 (small blind) collected ($0.1)
Seat 6: Hero (big blind) folded before Flop


Poker Hand #HD1211012444: Hold'em No Limit  ($0.02/$0.05) - 2023/04/20 19:31:58
Table 'NLHBlue25' 6-max Seat #2 is the button
Seat 1: e2aff352 ($1.41 in chips)
Seat 2: ab71d943 ($4.97 in chips)
Seat 3: 3a0ae6f3 ($7.06 in chips)
Seat 5: 127bd269 ($5 in chips)
Seat 6: Hero ($5.14 in chips)
3a0ae6f3: posts small blind $0.02
127bd269: posts big blind $0.05
*** HOLE CARDS ***
Dealt to e2aff352 
Dealt to ab71d943 
Dealt to 3a0ae6f3 
Dealt to 127bd269 
Dealt to Hero [Ks 2c]
Hero: folds
e2aff352: folds
ab71d943: raises $0.08 to $0.13
3a0ae6f3: folds
127bd269: folds
Uncalled bet ($0.08) returned to ab71d943
*** SHOWDOWN ***
ab71d943 collected $0.12 from pot
*** SUMMARY ***
Total pot $0.12 | Rake $0 | Jackpot $0 | Bingo $0 | Fortune $0
Seat 1: e2aff352 folded before Flop (didn't bet)
Seat 2: ab71d943 (button) collected ($0.12)
Seat 3: 3a0ae6f3 (small blind) folded before Flop
Seat 5: 127bd269 (big blind) folded before Flop
Seat 6: Hero folded before Flop (didn't bet)


Poker Hand #HD1211012406: Hold'em No Limit  ($0.02/$0.05) - 2023/04/20 19:31:41
Table 'NLHBlue25' 6-max Seat #1 is the button
Seat 1: e2aff352 ($1.41 in chips)
Seat 2: ab71d943 ($4.99 in chips)
Seat 3: 3a0ae6f3 ($7.11 in chips)
Seat 5: 127bd269 ($5 in chips)
Seat 6: Hero ($5.07 in chips)
ab71d943: posts small blind $0.02
3a0ae6f3: posts big blind $0.05
*** HOLE CARDS ***
Dealt to e2aff352 
Dealt to ab71d943 
Dealt to 3a0ae6f3 
Dealt to 127bd269 
Dealt to Hero [8s As]
127bd269: folds
Hero: raises $0.07 to $0.12
e2aff352: folds
ab71d943: folds
3a0ae6f3: folds
Uncalled bet ($0.07) returned to Hero
*** SHOWDOWN ***
Hero collected $0.12 from pot
*** SUMMARY ***
Total pot $0.12 | Rake $0 | Jackpot $0 | Bingo $0 | Fortune $0
Seat 1: e2aff352 (button) folded before Flop (didn't bet)
Seat 2: ab71d943 (small blind) folded before Flop
Seat 3: 3a0ae6f3 (big blind) folded before Flop
Seat 5: 127bd269 folded before Flop (didn't bet)
Seat 6: Hero collected ($0.12)


Poker Hand #HD1211012343: Hold'em No Limit  ($0.02/$0.05) - 2023/04/20 19:31:12
Table 'NLHBlue25' 6-max Seat #6 is the button
Seat 1: e2aff352 ($1.43 in chips)
Seat 2: ab71d943 ($5.04 in chips)
Seat 3: 3a0ae6f3 ($7.11 in chips)
Seat 5: 127bd269 ($5 in chips)
Seat 6: Hero ($5 in chips)
e2aff352: posts small blind $0.02
ab71d943: posts big blind $0.05
*** HOLE CARDS ***
Dealt to e2aff352 
Dealt to ab71d943 
Dealt to 3a0ae6f3 
Dealt to 127bd269 
Dealt to Hero [9d Ac]
3a0ae6f3: folds
127bd269: folds
Hero: raises $0.07 to $0.12
e2aff352: folds
ab71d943: folds
Uncalled bet ($0.07) returned to Hero
*** SHOWDOWN ***
Hero collected $0.12 from pot
*** SUMMARY ***
Total pot $0.12 | Rake $0 | Jackpot $0 | Bingo $0 | Fortune $0
Seat 1: e2aff352 (small blind) folded before Flop
Seat 2: ab71d943 (big blind) folded before Flop
Seat 3: 3a0ae6f3 folded before Flop (didn't bet)
Seat 5: 127bd269 folded before Flop (didn't bet)
Seat 6: Hero (button) collected ($0.12)


Poker Hand #HD1211012317: Hold'em No Limit  ($0.02/$0.05) - 2023/04/20 19:30:58
Table 'NLHBlue25' 6-max Seat #5 is the button
Seat 1: e2aff352 ($1.41 in chips)
Seat 2: ab71d943 ($5.04 in chips)
Seat 3: 3a0ae6f3 ($7.11 in chips)
Seat 5: 127bd269 ($5 in chips)
Seat 6: Hero ($5 in chips)
Hero: posts small blind $0.02
e2aff352: posts big blind $0.05
*** HOLE CARDS ***
Dealt to e2aff352 
Dealt to ab71d943 
Dealt to 3a0ae6f3 
Dealt to 127bd269 
Dealt to Hero [Js 3h]
ab71d943: folds
3a0ae6f3: folds
127bd269: folds
Hero: folds
Uncalled bet ($0.03) returned to e2aff352
*** SHOWDOWN ***
e2aff352 collected $0.04 from pot
*** SUMMARY ***
Total pot $0.04 | Rake $0 | Jackpot $0 | Bingo $0 | Fortune $0
Seat 1: e2aff352 (big blind) collected ($0.04)
Seat 2: ab71d943 folded before Flop (didn't bet)
Seat 3: 3a0ae6f3 folded before Flop (didn't bet)
Seat 5: 127bd269 (button) folded before Flop (didn't bet)
Seat 6: Hero (small blind) folded before Flop


Poker Hand #HD1211012208: Hold'em No Limit  ($0.02/$0.05) - 2023/04/20 19:30:07
Table 'NLHBlue25' 6-max Seat #3 is the button
Seat 1: e2aff352 ($1.11 in chips)
Seat 2: ab71d943 ($5.3 in chips)
Seat 3: 3a0ae6f3 ($7.11 in chips)
Seat 5: 127bd269 ($5 in chips)
Seat 6: Hero ($5 in chips)
127bd269: posts small blind $0.02
Hero: posts big blind $0.05
*** HOLE CARDS ***
Dealt to e2aff352 
Dealt to ab71d943 
Dealt to 3a0ae6f3 
Dealt to 127bd269 
Dealt to Hero [3c 8h]
e2aff352: calls $0.05
ab71d943: raises $0.09 to $0.14
3a0ae6f3: folds
127bd269: folds
Hero: folds
e2aff352: calls $0.09
*** FLOP *** [4s As Qh]
e2aff352: checks
ab71d943: bets $0.12
e2aff352: calls $0.12
*** TURN *** [4s As Qh] [2h]
e2aff352: checks
ab71d943: checks
*** RIVER *** [4s As Qh 2h] [9d]
e2aff352: bets $0.34
ab71d943: folds
Uncalled bet ($0.34) returned to e2aff352
*** SHOWDOWN ***
e2aff352 collected $0.56 from pot
*** SUMMARY ***
Total pot $0.59 | Rake $0.03 | Jackpot $0 | Bingo $0 | Fortune $0
Board [4s As Qh 2h 9d]
Seat 1: e2aff352 won ($0.56)
Seat 2: ab71d943 folded on the River
Seat 3: 3a0ae6f3 (button) folded before Flop (didn't bet)
Seat 5: 127bd269 (small blind) folded before Flop
Seat 6: Hero (big blind) folded before Flop


