Poker Hand #HD1164606132: Hold'em No Limit  ($0.02/$0.05) - 2023/03/17 20:05:37
Table 'NLHBlue128' 6-max Seat #1 is the button
Seat 1: f6c31df3 ($5.2 in chips)
Seat 2: 33e02f1c ($5.23 in chips)
Seat 3: 5a8b928f ($5.54 in chips)
Seat 4: Hero ($15.02 in chips)
Seat 5: e62325ed ($3.58 in chips)
Seat 6: 434ed422 ($5 in chips)
33e02f1c: posts small blind $0.02
5a8b928f: posts big blind $0.05
*** HOLE CARDS ***
Dealt to f6c31df3 
Dealt to 33e02f1c 
Dealt to 5a8b928f 
Dealt to Hero [Th 4c]
Dealt to e62325ed 
Dealt to 434ed422 
Hero: folds
e62325ed: raises $0.05 to $0.1
434ed422: folds
f6c31df3: folds
33e02f1c: folds
5a8b928f: folds
Uncalled bet ($0.05) returned to e62325ed
*** SHOWDOWN ***
e62325ed collected $0.12 from pot
*** SUMMARY ***
Total pot $0.12 | Rake $0 | Jackpot $0 | Bingo $0 | Fortune $0
Seat 1: f6c31df3 (button) folded before Flop (didn't bet)
Seat 2: 33e02f1c (small blind) folded before Flop
Seat 3: 5a8b928f (big blind) folded before Flop
Seat 4: Hero folded before Flop (didn't bet)
Seat 5: e62325ed collected ($0.12)
Seat 6: 434ed422 folded before Flop (didn't bet)


Poker Hand #HD1164606045: Hold'em No Limit  ($0.02/$0.05) - 2023/03/17 20:05:05
Table 'NLHBlue128' 6-max Seat #6 is the button
Seat 1: f6c31df3 ($5.22 in chips)
Seat 2: 33e02f1c ($5.12 in chips)
Seat 3: 5a8b928f ($5.54 in chips)
Seat 4: Hero ($15.02 in chips)
Seat 5: e62325ed ($3.68 in chips)
Seat 6: 434ed422 ($5 in chips)
f6c31df3: posts small blind $0.02
33e02f1c: posts big blind $0.05
*** HOLE CARDS ***
Dealt to f6c31df3 
Dealt to 33e02f1c 
Dealt to 5a8b928f 
Dealt to Hero [9d 7d]
Dealt to e62325ed 
Dealt to 434ed422 
5a8b928f: folds
Hero: folds
e62325ed: calls $0.05
434ed422: folds
f6c31df3: folds
33e02f1c: checks
*** FLOP *** [5h 6d Ah]
33e02f1c: bets $0.05
e62325ed: calls $0.05
*** TURN *** [5h 6d Ah] [Js]
33e02f1c: bets $0.11
e62325ed: folds
Uncalled bet ($0.11) returned to 33e02f1c
*** SHOWDOWN ***
33e02f1c collected $0.21 from pot
*** SUMMARY ***
Total pot $0.22 | Rake $0.01 | Jackpot $0 | Bingo $0 | Fortune $0
Board [5h 6d Ah Js]
Seat 1: f6c31df3 (small blind) folded before Flop
Seat 2: 33e02f1c (big blind) won ($0.21)
Seat 3: 5a8b928f folded before Flop (didn't bet)
Seat 4: Hero folded before Flop (didn't bet)
Seat 5: e62325ed folded on the Turn
Seat 6: 434ed422 (button) folded before Flop (didn't bet)


Poker Hand #HD1164605990: Hold'em No Limit  ($0.02/$0.05) - 2023/03/17 20:04:45
Table 'NLHBlue128' 6-max Seat #5 is the button
Seat 1: f6c31df3 ($5.27 in chips)
Seat 2: 33e02f1c ($5.12 in chips)
Seat 3: 5a8b928f ($5.47 in chips)
Seat 4: Hero ($15.02 in chips)
Seat 5: e62325ed ($3.68 in chips)
Seat 6: 434ed422 ($5 in chips)
434ed422: posts small blind $0.02
f6c31df3: posts big blind $0.05
*** HOLE CARDS ***
Dealt to f6c31df3 
Dealt to 33e02f1c 
Dealt to 5a8b928f 
Dealt to Hero [2h Jd]
Dealt to e62325ed 
Dealt to 434ed422 
33e02f1c: folds
5a8b928f: raises $0.08 to $0.13
Hero: folds
e62325ed: folds
434ed422: folds
f6c31df3: folds
Uncalled bet ($0.08) returned to 5a8b928f
*** SHOWDOWN ***
5a8b928f collected $0.12 from pot
*** SUMMARY ***
Total pot $0.12 | Rake $0 | Jackpot $0 | Bingo $0 | Fortune $0
Seat 1: f6c31df3 (big blind) folded before Flop
Seat 2: 33e02f1c folded before Flop (didn't bet)
Seat 3: 5a8b928f collected ($0.12)
Seat 4: Hero folded before Flop (didn't bet)
Seat 5: e62325ed (button) folded before Flop (didn't bet)
Seat 6: 434ed422 (small blind) folded before Flop


Poker Hand #HD1164605909: Hold'em No Limit  ($0.02/$0.05) - 2023/03/17 20:04:13
Table 'NLHBlue128' 6-max Seat #4 is the button
Seat 1: f6c31df3 ($5.27 in chips)
Seat 2: 33e02f1c ($5.12 in chips)
Seat 3: 5a8b928f ($5.47 in chips)
Seat 4: Hero ($15.02 in chips)
Seat 5: e62325ed ($3.68 in chips)
Seat 6: 434ed422 ($5 in chips)
e62325ed: posts small blind $0.02
434ed422: posts big blind $0.05
*** HOLE CARDS ***
Dealt to f6c31df3 
Dealt to 33e02f1c 
Dealt to 5a8b928f 
Dealt to Hero [9h 7c]
Dealt to e62325ed 
Dealt to 434ed422 
f6c31df3: folds
33e02f1c: folds
5a8b928f: folds
Hero: folds
e62325ed: calls $0.03
434ed422: checks
*** FLOP *** [4h 5s Ah]
e62325ed: checks
434ed422: checks
*** TURN *** [4h 5s Ah] [3s]
e62325ed: checks
434ed422: checks
*** RIVER *** [4h 5s Ah 3s] [2h]
e62325ed: checks
434ed422: checks
e62325ed: shows [Qh Kd] (Fives-High Straight)
434ed422: shows [As 3d] (Fives-High Straight)
*** SHOWDOWN ***
e62325ed collected $0.05 from pot
434ed422 collected $0.05 from pot
*** SUMMARY ***
Total pot $0.1 | Rake $0 | Jackpot $0 | Bingo $0 | Fortune $0
Board [4h 5s Ah 3s 2h]
Seat 1: f6c31df3 folded before Flop (didn't bet)
Seat 2: 33e02f1c folded before Flop (didn't bet)
Seat 3: 5a8b928f folded before Flop (didn't bet)
Seat 4: Hero (button) folded before Flop (didn't bet)
Seat 5: e62325ed (small blind) showed [Qh Kd] and won ($0.05) with Fives-High Straight
Seat 6: 434ed422 (big blind) showed [As 3d] and won ($0.05) with Fives-High Straight


Poker Hand #HD1164605842: Hold'em No Limit  ($0.02/$0.05) - 2023/03/17 20:03:41
Table 'NLHBlue128' 6-max Seat #3 is the button
Seat 1: f6c31df3 ($5.27 in chips)
Seat 2: 33e02f1c ($5.12 in chips)
Seat 3: 5a8b928f ($5.47 in chips)
Seat 4: Hero ($14.76 in chips)
Seat 5: e62325ed ($3.96 in chips)
Hero: posts small blind $0.02
e62325ed: posts big blind $0.05
*** HOLE CARDS ***
Dealt to f6c31df3 
Dealt to 33e02f1c 
Dealt to 5a8b928f 
Dealt to Hero [Ts 9h]
Dealt to e62325ed 
f6c31df3: folds
33e02f1c: folds
5a8b928f: folds
Hero: raises $0.09 to $0.14
e62325ed: calls $0.09
*** FLOP *** [3s 4s 6c]
Hero: checks
e62325ed: checks
*** TURN *** [3s 4s 6c] [Td]
Hero: bets $0.14
e62325ed: calls $0.14
*** RIVER *** [3s 4s 6c Td] [9d]
Hero: bets $0.42
e62325ed: folds
Uncalled bet ($0.42) returned to Hero
*** SHOWDOWN ***
Hero collected $0.54 from pot
*** SUMMARY ***
Total pot $0.56 | Rake $0.02 | Jackpot $0 | Bingo $0 | Fortune $0
Board [3s 4s 6c Td 9d]
Seat 1: f6c31df3 folded before Flop (didn't bet)
Seat 2: 33e02f1c folded before Flop (didn't bet)
Seat 3: 5a8b928f (button) folded before Flop (didn't bet)
Seat 4: Hero (small blind) won ($0.54)
Seat 5: e62325ed (big blind) folded on the River


Poker Hand #HD1164605806: Hold'em No Limit  ($0.02/$0.05) - 2023/03/17 20:03:24
Table 'NLHBlue128' 6-max Seat #2 is the button
Seat 1: f6c31df3 ($5.27 in chips)
Seat 2: 33e02f1c ($5.12 in chips)
Seat 3: 5a8b928f ($5.49 in chips)
Seat 4: Hero ($14.69 in chips)
Seat 5: e62325ed ($4.01 in chips)
5a8b928f: posts small blind $0.02
Hero: posts big blind $0.05
*** HOLE CARDS ***
Dealt to f6c31df3 
Dealt to 33e02f1c 
Dealt to 5a8b928f 
Dealt to Hero [Ac 7s]
Dealt to e62325ed 
e62325ed: calls $0.05
f6c31df3: folds
33e02f1c: folds
5a8b928f: folds
Hero: checks
*** FLOP *** [6d 8h 5h]
Hero: bets $0.06
e62325ed: folds
Uncalled bet ($0.06) returned to Hero
*** SHOWDOWN ***
Hero collected $0.12 from pot
*** SUMMARY ***
Total pot $0.12 | Rake $0 | Jackpot $0 | Bingo $0 | Fortune $0
Board [6d 8h 5h]
Seat 1: f6c31df3 folded before Flop (didn't bet)
Seat 2: 33e02f1c (button) folded before Flop (didn't bet)
Seat 3: 5a8b928f (small blind) folded before Flop
Seat 4: Hero (big blind) won ($0.12)
Seat 5: e62325ed folded on the Flop


Poker Hand #HD1164605671: Hold'em No Limit  ($0.02/$0.05) - 2023/03/17 20:02:33
Table 'NLHBlue128' 6-max Seat #1 is the button
Seat 1: f6c31df3 ($5.27 in chips)
Seat 2: 33e02f1c ($5 in chips)
Seat 3: 5a8b928f ($5.62 in chips)
Seat 4: Hero ($14.69 in chips)
Seat 5: e62325ed ($4.01 in chips)
33e02f1c: posts small blind $0.02
5a8b928f: posts big blind $0.05
*** HOLE CARDS ***
Dealt to f6c31df3 
Dealt to 33e02f1c 
Dealt to 5a8b928f 
Dealt to Hero [9h 8s]
Dealt to e62325ed 
Hero: folds
e62325ed: folds
f6c31df3: folds
33e02f1c: raises $0.08 to $0.13
5a8b928f: calls $0.08
*** FLOP *** [Kc 7d 3s]
33e02f1c: checks
5a8b928f: checks
*** TURN *** [Kc 7d 3s] [8d]
33e02f1c: checks
5a8b928f: checks
*** RIVER *** [Kc 7d 3s 8d] [4d]
33e02f1c: checks
5a8b928f: checks
33e02f1c: shows [5c 5s] (Pair of Fives)
5a8b928f: shows [Tc Js] (King-High)
*** SHOWDOWN ***
33e02f1c collected $0.25 from pot
*** SUMMARY ***
Total pot $0.26 | Rake $0.01 | Jackpot $0 | Bingo $0 | Fortune $0
Board [Kc 7d 3s 8d 4d]
Seat 1: f6c31df3 (button) folded before Flop (didn't bet)
Seat 2: 33e02f1c (small blind) showed [5c 5s] and won ($0.25) with Pair of Fives
Seat 3: 5a8b928f (big blind) showed [Tc Js] and lost with King-High
Seat 4: Hero folded before Flop (didn't bet)
Seat 5: e62325ed folded before Flop (didn't bet)


Poker Hand #HD1164535530: Hold'em No Limit  ($0.02/$0.05) - 2023/03/17 20:01:40
Table 'NLHBlue128' 6-max Seat #6 is the button
Seat 1: f6c31df3 ($5.29 in chips)
Seat 2: 33e02f1c ($5 in chips)
Seat 3: 5a8b928f ($5.62 in chips)
Seat 4: Hero ($14.69 in chips)
Seat 5: e62325ed ($4.03 in chips)
Seat 6: 67fc36c3 ($5.29 in chips)
f6c31df3: posts small blind $0.02
33e02f1c: posts big blind $0.05
*** HOLE CARDS ***
Dealt to f6c31df3 
Dealt to 33e02f1c 
Dealt to 5a8b928f 
Dealt to Hero [3h 8h]
Dealt to e62325ed 
Dealt to 67fc36c3 
5a8b928f: folds
Hero: folds
e62325ed: calls $0.05
67fc36c3: folds
f6c31df3: folds
33e02f1c: checks
*** FLOP *** [3s Ac 3c]
33e02f1c: bets $0.06
e62325ed: calls $0.06
*** TURN *** [3s Ac 3c] [Qd]
33e02f1c: checks
e62325ed: checks
*** RIVER *** [3s Ac 3c Qd] [Ad]
33e02f1c: bets $0.25
e62325ed: raises $0.25 to $0.5
33e02f1c: calls $0.25
e62325ed: shows [Ah 8s] (Aces Full over Treys)
33e02f1c: shows [2s As] (Aces Full over Treys)
*** SHOWDOWN ***
33e02f1c collected $0.59 from pot
e62325ed collected $0.59 from pot
*** SUMMARY ***
Total pot $1.24 | Rake $0.06 | Jackpot $0 | Bingo $0 | Fortune $0
Board [3s Ac 3c Qd Ad]
Seat 1: f6c31df3 (small blind) folded before Flop
Seat 2: 33e02f1c (big blind) showed [2s As] and won ($0.59) with Aces Full over Treys
Seat 3: 5a8b928f folded before Flop (didn't bet)
Seat 4: Hero folded before Flop (didn't bet)
Seat 5: e62325ed showed [Ah 8s] and won ($0.59) with Aces Full over Treys
Seat 6: 67fc36c3 (button) folded before Flop (didn't bet)


Poker Hand #HD1164535481: Hold'em No Limit  ($0.02/$0.05) - 2023/03/17 20:01:21
Table 'NLHBlue128' 6-max Seat #5 is the button
Seat 1: f6c31df3 ($5.34 in chips)
Seat 2: 33e02f1c ($5 in chips)
Seat 3: 5a8b928f ($5.62 in chips)
Seat 4: Hero ($14.62 in chips)
Seat 5: e62325ed ($4.03 in chips)
Seat 6: 67fc36c3 ($5.31 in chips)
67fc36c3: posts small blind $0.02
f6c31df3: posts big blind $0.05
*** HOLE CARDS ***
Dealt to f6c31df3 
Dealt to 33e02f1c 
Dealt to 5a8b928f 
Dealt to Hero [Kd Qd]
Dealt to e62325ed 
Dealt to 67fc36c3 
33e02f1c: folds
5a8b928f: folds
Hero: raises $0.07 to $0.12
e62325ed: folds
67fc36c3: folds
f6c31df3: folds
Uncalled bet ($0.07) returned to Hero
*** SHOWDOWN ***
Hero collected $0.12 from pot
*** SUMMARY ***
Total pot $0.12 | Rake $0 | Jackpot $0 | Bingo $0 | Fortune $0
Seat 1: f6c31df3 (big blind) folded before Flop
Seat 2: 33e02f1c folded before Flop (didn't bet)
Seat 3: 5a8b928f folded before Flop (didn't bet)
Seat 4: Hero collected ($0.12)
Seat 5: e62325ed (button) folded before Flop (didn't bet)
Seat 6: 67fc36c3 (small blind) folded before Flop


Poker Hand #HD1164535463: Hold'em No Limit  ($0.02/$0.05) - 2023/03/17 20:01:14
Table 'NLHBlue128' 6-max Seat #4 is the button
Seat 1: f6c31df3 ($5.34 in chips)
Seat 2: 33e02f1c ($5 in chips)
Seat 3: 5a8b928f ($5.62 in chips)
Seat 4: Hero ($14.62 in chips)
Seat 5: e62325ed ($4.05 in chips)
Seat 6: 67fc36c3 ($5.29 in chips)
e62325ed: posts small blind $0.02
67fc36c3: posts big blind $0.05
*** HOLE CARDS ***
Dealt to f6c31df3 
Dealt to 33e02f1c 
Dealt to 5a8b928f 
Dealt to Hero [4h 8c]
Dealt to e62325ed 
Dealt to 67fc36c3 
f6c31df3: folds
33e02f1c: folds
5a8b928f: folds
Hero: folds
e62325ed: folds
Uncalled bet ($0.03) returned to 67fc36c3
*** SHOWDOWN ***
67fc36c3 collected $0.04 from pot
*** SUMMARY ***
Total pot $0.04 | Rake $0 | Jackpot $0 | Bingo $0 | Fortune $0
Seat 1: f6c31df3 folded before Flop (didn't bet)
Seat 2: 33e02f1c folded before Flop (didn't bet)
Seat 3: 5a8b928f folded before Flop (didn't bet)
Seat 4: Hero (button) folded before Flop (didn't bet)
Seat 5: e62325ed (small blind) folded before Flop
Seat 6: 67fc36c3 (big blind) collected ($0.04)


Poker Hand #HD1164535383: Hold'em No Limit  ($0.02/$0.05) - 2023/03/17 20:00:40
Table 'NLHBlue128' 6-max Seat #3 is the button
Seat 1: f6c31df3 ($5.34 in chips)
Seat 2: 33e02f1c ($5 in chips)
Seat 3: 5a8b928f ($5.35 in chips)
Seat 4: Hero ($14.64 in chips)
Seat 5: e62325ed ($4.32 in chips)
Seat 6: 67fc36c3 ($5.29 in chips)
Hero: posts small blind $0.02
e62325ed: posts big blind $0.05
*** HOLE CARDS ***
Dealt to f6c31df3 
Dealt to 33e02f1c 
Dealt to 5a8b928f 
Dealt to Hero [3d Kd]
Dealt to e62325ed 
Dealt to 67fc36c3 
67fc36c3: folds
f6c31df3: folds
33e02f1c: folds
5a8b928f: raises $0.08 to $0.13
Hero: folds
e62325ed: calls $0.08
*** FLOP *** [Tc 8d 3c]
e62325ed: checks
5a8b928f: bets $0.14
e62325ed: calls $0.14
*** TURN *** [Tc 8d 3c] [As]
e62325ed: checks
5a8b928f: checks
*** RIVER *** [Tc 8d 3c As] [4s]
e62325ed: checks
5a8b928f: checks
e62325ed: shows [Jc 9h] (Ace-High)
5a8b928f: shows [9s Qs] (Ace-High)
*** SHOWDOWN ***
5a8b928f collected $0.54 from pot
*** SUMMARY ***
Total pot $0.56 | Rake $0.02 | Jackpot $0 | Bingo $0 | Fortune $0
Board [Tc 8d 3c As 4s]
Seat 1: f6c31df3 folded before Flop (didn't bet)
Seat 2: 33e02f1c folded before Flop (didn't bet)
Seat 3: 5a8b928f (button) showed [9s Qs] and won ($0.54) with Ace-High
Seat 4: Hero (small blind) folded before Flop
Seat 5: e62325ed (big blind) showed [Jc 9h] and lost with Ace-High
Seat 6: 67fc36c3 folded before Flop (didn't bet)


Poker Hand #HD1164535335: Hold'em No Limit  ($0.02/$0.05) - 2023/03/17 20:00:20
Table 'NLHBlue128' 6-max Seat #2 is the button
Seat 1: f6c31df3 ($5.34 in chips)
Seat 2: 33e02f1c ($5 in chips)
Seat 3: 5a8b928f ($5.37 in chips)
Seat 4: Hero ($14.69 in chips)
Seat 5: e62325ed ($4.25 in chips)
Seat 6: 67fc36c3 ($5.29 in chips)
5a8b928f: posts small blind $0.02
Hero: posts big blind $0.05
*** HOLE CARDS ***
Dealt to f6c31df3 
Dealt to 33e02f1c 
Dealt to 5a8b928f 
Dealt to Hero [Jc 5c]
Dealt to e62325ed 
Dealt to 67fc36c3 
e62325ed: calls $0.05
67fc36c3: folds
f6c31df3: folds
33e02f1c: folds
5a8b928f: folds
Hero: checks
*** FLOP *** [8d 4s 3d]
Hero: checks
e62325ed: bets $0.06
Hero: folds
Uncalled bet ($0.06) returned to e62325ed
*** SHOWDOWN ***
e62325ed collected $0.12 from pot
*** SUMMARY ***
Total pot $0.12 | Rake $0 | Jackpot $0 | Bingo $0 | Fortune $0
Board [8d 4s 3d]
Seat 1: f6c31df3 folded before Flop (didn't bet)
Seat 2: 33e02f1c (button) folded before Flop (didn't bet)
Seat 3: 5a8b928f (small blind) folded before Flop
Seat 4: Hero (big blind) folded on the Flop
Seat 5: e62325ed won ($0.12)
Seat 6: 67fc36c3 folded before Flop (didn't bet)


Poker Hand #HD1164535227: Hold'em No Limit  ($0.02/$0.05) - 2023/03/17 19:59:41
Table 'NLHBlue128' 6-max Seat #1 is the button
Seat 1: f6c31df3 ($5.34 in chips)
Seat 2: 33e02f1c ($5 in chips)
Seat 3: 5a8b928f ($5.25 in chips)
Seat 4: Hero ($14.69 in chips)
Seat 5: e62325ed ($4.25 in chips)
Seat 6: 67fc36c3 ($5.29 in chips)
33e02f1c: posts small blind $0.02
5a8b928f: posts big blind $0.05
*** HOLE CARDS ***
Dealt to f6c31df3 
Dealt to 33e02f1c 
Dealt to 5a8b928f 
Dealt to Hero [5s 2c]
Dealt to e62325ed 
Dealt to 67fc36c3 
Hero: folds
e62325ed: folds
67fc36c3: folds
f6c31df3: folds
33e02f1c: raises $0.08 to $0.13
5a8b928f: calls $0.08
*** FLOP *** [Ks 9d 5c]
33e02f1c: checks
5a8b928f: checks
*** TURN *** [Ks 9d 5c] [5h]
33e02f1c: checks
5a8b928f: checks
*** RIVER *** [Ks 9d 5c 5h] [Ad]
33e02f1c: checks
5a8b928f: checks
33e02f1c: shows [7c 8c] (Pair of Fives)
5a8b928f: shows [Tc 6c] (Pair of Fives)
*** SHOWDOWN ***
5a8b928f collected $0.25 from pot
*** SUMMARY ***
Total pot $0.26 | Rake $0.01 | Jackpot $0 | Bingo $0 | Fortune $0
Board [Ks 9d 5c 5h Ad]
Seat 1: f6c31df3 (button) folded before Flop (didn't bet)
Seat 2: 33e02f1c (small blind) showed [7c 8c] and lost with Pair of Fives
Seat 3: 5a8b928f (big blind) showed [Tc 6c] and won ($0.25) with Pair of Fives
Seat 4: Hero folded before Flop (didn't bet)
Seat 5: e62325ed folded before Flop (didn't bet)
Seat 6: 67fc36c3 folded before Flop (didn't bet)


Poker Hand #HD1164535148: Hold'em No Limit  ($0.02/$0.05) - 2023/03/17 19:59:09
Table 'NLHBlue128' 6-max Seat #6 is the button
Seat 1: f6c31df3 ($5.36 in chips)
Seat 2: 33e02f1c ($5 in chips)
Seat 3: 5a8b928f ($5.25 in chips)
Seat 4: Hero ($14.51 in chips)
Seat 5: e62325ed ($4.37 in chips)
Seat 6: 67fc36c3 ($5.29 in chips)
f6c31df3: posts small blind $0.02
33e02f1c: posts big blind $0.05
*** HOLE CARDS ***
Dealt to f6c31df3 
Dealt to 33e02f1c 
Dealt to 5a8b928f 
Dealt to Hero [2h 2s]
Dealt to e62325ed 
Dealt to 67fc36c3 
5a8b928f: folds
Hero: raises $0.07 to $0.12
e62325ed: calls $0.12
67fc36c3: folds
f6c31df3: folds
33e02f1c: folds
*** FLOP *** [4c Th 5s]
Hero: bets $0.11
e62325ed: folds
Uncalled bet ($0.11) returned to Hero
*** SHOWDOWN ***
Hero collected $0.3 from pot
*** SUMMARY ***
Total pot $0.31 | Rake $0.01 | Jackpot $0 | Bingo $0 | Fortune $0
Board [4c Th 5s]
Seat 1: f6c31df3 (small blind) folded before Flop
Seat 2: 33e02f1c (big blind) folded before Flop
Seat 3: 5a8b928f folded before Flop (didn't bet)
Seat 4: Hero won ($0.3)
Seat 5: e62325ed folded on the Flop
Seat 6: 67fc36c3 (button) folded before Flop (didn't bet)


Poker Hand #HD1164534990: Hold'em No Limit  ($0.02/$0.05) - 2023/03/17 19:58:09
Table 'NLHBlue128' 6-max Seat #5 is the button
Seat 1: f6c31df3 ($5.41 in chips)
Seat 2: 33e02f1c ($5 in chips)
Seat 3: 5a8b928f ($5.38 in chips)
Seat 4: Hero ($14.51 in chips)
Seat 5: e62325ed ($4.18 in chips)
Seat 6: 67fc36c3 ($5.31 in chips)
67fc36c3: posts small blind $0.02
f6c31df3: posts big blind $0.05
*** HOLE CARDS ***
Dealt to f6c31df3 
Dealt to 33e02f1c 
Dealt to 5a8b928f 
Dealt to Hero [8d Jh]
Dealt to e62325ed 
Dealt to 67fc36c3 
33e02f1c: folds
5a8b928f: raises $0.08 to $0.13
Hero: folds
e62325ed: calls $0.13
67fc36c3: folds
f6c31df3: folds
*** FLOP *** [9h Qh Ks]
5a8b928f: checks
e62325ed: checks
*** TURN *** [9h Qh Ks] [Qs]
5a8b928f: checks
e62325ed: checks
*** RIVER *** [9h Qh Ks Qs] [2h]
5a8b928f: checks
e62325ed: bets $0.33
5a8b928f: folds
Uncalled bet ($0.33) returned to e62325ed
*** SHOWDOWN ***
e62325ed collected $0.32 from pot
*** SUMMARY ***
Total pot $0.33 | Rake $0.01 | Jackpot $0 | Bingo $0 | Fortune $0
Board [9h Qh Ks Qs 2h]
Seat 1: f6c31df3 (big blind) folded before Flop
Seat 2: 33e02f1c folded before Flop (didn't bet)
Seat 3: 5a8b928f folded on the River
Seat 4: Hero folded before Flop (didn't bet)
Seat 5: e62325ed (button) won ($0.32)
Seat 6: 67fc36c3 (small blind) folded before Flop


Poker Hand #HD1164534900: Hold'em No Limit  ($0.02/$0.05) - 2023/03/17 19:57:31
Table 'NLHBlue128' 6-max Seat #4 is the button
Seat 1: f6c31df3 ($5.41 in chips)
Seat 2: 33e02f1c ($5 in chips)
Seat 3: 5a8b928f ($5 in chips)
Seat 4: Hero ($14.51 in chips)
Seat 5: e62325ed ($4.55 in chips)
Seat 6: 67fc36c3 ($5.36 in chips)
e62325ed: posts small blind $0.02
67fc36c3: posts big blind $0.05
*** HOLE CARDS ***
Dealt to f6c31df3 
Dealt to 33e02f1c 
Dealt to 5a8b928f 
Dealt to Hero [3s 8c]
Dealt to e62325ed 
Dealt to 67fc36c3 
f6c31df3: folds
33e02f1c: folds
5a8b928f: raises $0.08 to $0.13
Hero: folds
e62325ed: calls $0.11
67fc36c3: folds
*** FLOP *** [Kd 4c 7c]
e62325ed: checks
5a8b928f: checks
*** TURN *** [Kd 4c 7c] [6d]
e62325ed: checks
5a8b928f: bets $0.24
e62325ed: calls $0.24
*** RIVER *** [Kd 4c 7c 6d] [6s]
e62325ed: checks
5a8b928f: bets $0.4
e62325ed: folds
Uncalled bet ($0.4) returned to 5a8b928f
*** SHOWDOWN ***
5a8b928f collected $0.75 from pot
*** SUMMARY ***
Total pot $0.79 | Rake $0.04 | Jackpot $0 | Bingo $0 | Fortune $0
Board [Kd 4c 7c 6d 6s]
Seat 1: f6c31df3 folded before Flop (didn't bet)
Seat 2: 33e02f1c folded before Flop (didn't bet)
Seat 3: 5a8b928f won ($0.75)
Seat 4: Hero (button) folded before Flop (didn't bet)
Seat 5: e62325ed (small blind) folded on the River
Seat 6: 67fc36c3 (big blind) folded before Flop


Poker Hand #HD1164534840: Hold'em No Limit  ($0.02/$0.05) - 2023/03/17 19:57:09
Table 'NLHBlue128' 6-max Seat #3 is the button
Seat 1: f6c31df3 ($5.41 in chips)
Seat 2: 33e02f1c ($5 in chips)
Seat 3: 5a8b928f ($5 in chips)
Seat 4: Hero ($14.38 in chips)
Seat 5: e62325ed ($4.69 in chips)
Hero: posts small blind $0.02
e62325ed: posts big blind $0.05
*** HOLE CARDS ***
Dealt to f6c31df3 
Dealt to 33e02f1c 
Dealt to 5a8b928f 
Dealt to Hero [9d Js]
Dealt to e62325ed 
f6c31df3: folds
33e02f1c: folds
5a8b928f: folds
Hero: raises $0.09 to $0.14
e62325ed: calls $0.09
*** FLOP *** [2s 9h Jh]
Hero: bets $0.21
e62325ed: folds
Uncalled bet ($0.21) returned to Hero
*** SHOWDOWN ***
Hero collected $0.27 from pot
*** SUMMARY ***
Total pot $0.28 | Rake $0.01 | Jackpot $0 | Bingo $0 | Fortune $0
Board [2s 9h Jh]
Seat 1: f6c31df3 folded before Flop (didn't bet)
Seat 2: 33e02f1c folded before Flop (didn't bet)
Seat 3: 5a8b928f (button) folded before Flop (didn't bet)
Seat 4: Hero (small blind) won ($0.27)
Seat 5: e62325ed (big blind) folded on the Flop


Poker Hand #HD1164534760: Hold'em No Limit  ($0.02/$0.05) - 2023/03/17 19:56:39
Table 'NLHBlue128' 6-max Seat #2 is the button
Seat 1: f6c31df3 ($5.41 in chips)
Seat 2: 33e02f1c ($5 in chips)
Seat 3: 5a8b928f ($5 in chips)
Seat 4: Hero ($14.48 in chips)
Seat 5: e62325ed ($4.58 in chips)
5a8b928f: posts small blind $0.02
Hero: posts big blind $0.05
*** HOLE CARDS ***
Dealt to f6c31df3 
Dealt to 33e02f1c 
Dealt to 5a8b928f 
Dealt to Hero [8h 7h]
Dealt to e62325ed 
e62325ed: raises $0.05 to $0.1
f6c31df3: folds
33e02f1c: folds
5a8b928f: folds
Hero: calls $0.05
*** FLOP *** [Td 3d 3h]
Hero: checks
e62325ed: checks
*** TURN *** [Td 3d 3h] [6s]
Hero: checks
e62325ed: checks
*** RIVER *** [Td 3d 3h 6s] [Ah]
Hero: checks
e62325ed: bets $0.22
Hero: folds
Uncalled bet ($0.22) returned to e62325ed
*** SHOWDOWN ***
e62325ed collected $0.21 from pot
*** SUMMARY ***
Total pot $0.22 | Rake $0.01 | Jackpot $0 | Bingo $0 | Fortune $0
Board [Td 3d 3h 6s Ah]
Seat 1: f6c31df3 folded before Flop (didn't bet)
Seat 2: 33e02f1c (button) folded before Flop (didn't bet)
Seat 3: 5a8b928f (small blind) folded before Flop
Seat 4: Hero (big blind) folded on the River
Seat 5: e62325ed won ($0.21)


Poker Hand #HD1164534676: Hold'em No Limit  ($0.02/$0.05) - 2023/03/17 19:56:02
Table 'NLHBlue128' 6-max Seat #1 is the button
Seat 1: f6c31df3 ($5 in chips)
Seat 2: 33e02f1c ($5 in chips)
Seat 3: 5a8b928f ($5 in chips)
Seat 4: Hero ($14.48 in chips)
Seat 5: e62325ed ($4.96 in chips)
33e02f1c: posts small blind $0.02
5a8b928f: posts big blind $0.05
*** HOLE CARDS ***
Dealt to f6c31df3 
Dealt to 33e02f1c 
Dealt to 5a8b928f 
Dealt to Hero [Ah Td]
Dealt to e62325ed 
Hero: folds
e62325ed: raises $0.05 to $0.1
f6c31df3: raises $0.28 to $0.38
33e02f1c: folds
5a8b928f: folds
e62325ed: calls $0.28
*** FLOP *** [Kh Qs 6c]
e62325ed: checks
f6c31df3: bets $0.42
e62325ed: folds
Uncalled bet ($0.42) returned to f6c31df3
*** SHOWDOWN ***
f6c31df3 collected $0.79 from pot
*** SUMMARY ***
Total pot $0.83 | Rake $0.04 | Jackpot $0 | Bingo $0 | Fortune $0
Board [Kh Qs 6c]
Seat 1: f6c31df3 (button) won ($0.79)
Seat 2: 33e02f1c (small blind) folded before Flop
Seat 3: 5a8b928f (big blind) folded before Flop
Seat 4: Hero folded before Flop (didn't bet)
Seat 5: e62325ed folded on the Flop


Poker Hand #HD1164534560: Hold'em No Limit  ($0.02/$0.05) - 2023/03/17 19:55:17
Table 'NLHBlue128' 6-max Seat #5 is the button
Seat 1: f6c31df3 ($5 in chips)
Seat 2: 33e02f1c ($5.14 in chips)
Seat 3: 5a8b928f ($5 in chips)
Seat 4: Hero ($13.89 in chips)
Seat 5: e62325ed ($5.08 in chips)
f6c31df3: posts small blind $0.02
33e02f1c: posts big blind $0.05
*** HOLE CARDS ***
Dealt to f6c31df3 
Dealt to 33e02f1c 
Dealt to 5a8b928f 
Dealt to Hero [Qc Qs]
Dealt to e62325ed 
5a8b928f: folds
Hero: raises $0.07 to $0.12
e62325ed: calls $0.12
f6c31df3: folds
33e02f1c: raises $0.38 to $0.5
Hero: raises $0.68 to $1.18
e62325ed: folds
33e02f1c: folds
Uncalled bet ($0.68) returned to Hero
*** SHOWDOWN ***
Hero collected $1.09 from pot
*** SUMMARY ***
Total pot $1.14 | Rake $0.05 | Jackpot $0 | Bingo $0 | Fortune $0
Seat 1: f6c31df3 (small blind) folded before Flop
Seat 2: 33e02f1c (big blind) folded before Flop
Seat 3: 5a8b928f folded before Flop (didn't bet)
Seat 4: Hero collected ($1.09)
Seat 5: e62325ed (button) folded before Flop


Poker Hand #HD1164534528: Hold'em No Limit  ($0.02/$0.05) - 2023/03/17 19:55:06
Table 'NLHBlue128' 6-max Seat #4 is the button
Seat 1: f6c31df3 ($5 in chips)
Seat 2: 33e02f1c ($5.14 in chips)
Seat 3: 5a8b928f ($5 in chips)
Seat 4: Hero ($13.82 in chips)
Seat 5: e62325ed ($5.1 in chips)
e62325ed: posts small blind $0.02
f6c31df3: posts big blind $0.05
*** HOLE CARDS ***
Dealt to f6c31df3 
Dealt to 33e02f1c 
Dealt to 5a8b928f 
Dealt to Hero [Ac 3d]
Dealt to e62325ed 
33e02f1c: folds
5a8b928f: folds
Hero: raises $0.07 to $0.12
e62325ed: folds
f6c31df3: folds
Uncalled bet ($0.07) returned to Hero
*** SHOWDOWN ***
Hero collected $0.12 from pot
*** SUMMARY ***
Total pot $0.12 | Rake $0 | Jackpot $0 | Bingo $0 | Fortune $0
Seat 1: f6c31df3 (big blind) folded before Flop
Seat 2: 33e02f1c folded before Flop (didn't bet)
Seat 3: 5a8b928f folded before Flop (didn't bet)
Seat 4: Hero (button) collected ($0.12)
Seat 5: e62325ed (small blind) folded before Flop


Poker Hand #HD1164534419: Hold'em No Limit  ($0.02/$0.05) - 2023/03/17 19:54:22
Table 'NLHBlue128' 6-max Seat #3 is the button
Seat 1: f6c31df3 ($5.62 in chips)
Seat 2: 33e02f1c ($5.14 in chips)
Seat 3: 5a8b928f ($5 in chips)
Seat 4: Hero ($13.84 in chips)
Seat 5: e62325ed ($4.46 in chips)
Hero: posts small blind $0.02
e62325ed: posts big blind $0.05
*** HOLE CARDS ***
Dealt to f6c31df3 
Dealt to 33e02f1c 
Dealt to 5a8b928f 
Dealt to Hero [6c 7s]
Dealt to e62325ed 
f6c31df3: raises $0.08 to $0.13
33e02f1c: folds
5a8b928f: folds
Hero: folds
e62325ed: calls $0.08
*** FLOP *** [6d 4h 3s]
e62325ed: checks
f6c31df3: bets $0.14
e62325ed: calls $0.14
*** TURN *** [6d 4h 3s] [2d]
e62325ed: checks
f6c31df3: bets $0.42
e62325ed: calls $0.42
*** RIVER *** [6d 4h 3s 2d] [7c]
e62325ed: checks
f6c31df3: checks
e62325ed: shows [3d Kd] (Pair of Treys)
f6c31df3: shows [Ah Td] (Ace-High)
*** SHOWDOWN ***
e62325ed collected $1.33 from pot
*** SUMMARY ***
Total pot $1.4 | Rake $0.07 | Jackpot $0 | Bingo $0 | Fortune $0
Board [6d 4h 3s 2d 7c]
Seat 1: f6c31df3 showed [Ah Td] and lost with Ace-High
Seat 2: 33e02f1c folded before Flop (didn't bet)
Seat 3: 5a8b928f (button) folded before Flop (didn't bet)
Seat 4: Hero (small blind) folded before Flop
Seat 5: e62325ed (big blind) showed [3d Kd] and won ($1.33) with Pair of Treys


Poker Hand #HD1164534286: Hold'em No Limit  ($0.02/$0.05) - 2023/03/17 19:53:32
Table 'NLHBlue128' 6-max Seat #2 is the button
Seat 2: 33e02f1c ($5.14 in chips)
Seat 3: 5a8b928f ($5 in chips)
Seat 4: Hero ($14.01 in chips)
Seat 5: e62325ed ($4.28 in chips)
5a8b928f: posts small blind $0.02
Hero: posts big blind $0.05
*** HOLE CARDS ***
Dealt to 33e02f1c 
Dealt to 5a8b928f 
Dealt to Hero [4d As]
Dealt to e62325ed 
e62325ed: calls $0.05
33e02f1c: folds
5a8b928f: folds
Hero: checks
*** FLOP *** [7d Qc 3d]
Hero: checks
e62325ed: checks
*** TURN *** [7d Qc 3d] [5h]
Hero: checks
e62325ed: bets $0.12
Hero: calls $0.12
*** RIVER *** [7d Qc 3d 5h] [7h]
Hero: checks
e62325ed: bets $0.12
Hero: folds
Uncalled bet ($0.12) returned to e62325ed
*** SHOWDOWN ***
e62325ed collected $0.35 from pot
*** SUMMARY ***
Total pot $0.36 | Rake $0.01 | Jackpot $0 | Bingo $0 | Fortune $0
Board [7d Qc 3d 5h 7h]
Seat 2: 33e02f1c (button) folded before Flop (didn't bet)
Seat 3: 5a8b928f (small blind) folded before Flop
Seat 4: Hero (big blind) folded on the River
Seat 5: e62325ed won ($0.35)


Poker Hand #HD1164534247: Hold'em No Limit  ($0.02/$0.05) - 2023/03/17 19:53:13
Table 'NLHBlue128' 6-max Seat #5 is the button
Seat 1: f6c31df3 ($5.64 in chips)
Seat 2: 33e02f1c ($5.12 in chips)
Seat 3: 5a8b928f ($5 in chips)
Seat 4: Hero ($14.01 in chips)
Seat 5: e62325ed ($4.28 in chips)
f6c31df3: posts small blind $0.02
33e02f1c: posts big blind $0.05
*** HOLE CARDS ***
Dealt to f6c31df3 
Dealt to 33e02f1c 
Dealt to 5a8b928f 
Dealt to Hero [7h Ts]
Dealt to e62325ed 
5a8b928f: folds
Hero: folds
e62325ed: folds
f6c31df3: folds
Uncalled bet ($0.03) returned to 33e02f1c
*** SHOWDOWN ***
33e02f1c collected $0.04 from pot
*** SUMMARY ***
Total pot $0.04 | Rake $0 | Jackpot $0 | Bingo $0 | Fortune $0
Seat 1: f6c31df3 (small blind) folded before Flop
Seat 2: 33e02f1c (big blind) collected ($0.04)
Seat 3: 5a8b928f folded before Flop (didn't bet)
Seat 4: Hero folded before Flop (didn't bet)
Seat 5: e62325ed (button) folded before Flop (didn't bet)


Poker Hand #HD1164534159: Hold'em No Limit  ($0.02/$0.05) - 2023/03/17 19:52:40
Table 'NLHBlue128' 6-max Seat #4 is the button
Seat 1: f6c31df3 ($5.5 in chips)
Seat 2: 33e02f1c ($5.12 in chips)
Seat 3: 5a8b928f ($5 in chips)
Seat 4: Hero ($14.01 in chips)
Seat 5: e62325ed ($4.43 in chips)
e62325ed: posts small blind $0.02
f6c31df3: posts big blind $0.05
*** HOLE CARDS ***
Dealt to f6c31df3 
Dealt to 33e02f1c 
Dealt to 5a8b928f 
Dealt to Hero [4s Qc]
Dealt to e62325ed 
33e02f1c: folds
5a8b928f: folds
Hero: folds
e62325ed: calls $0.03
f6c31df3: checks
*** FLOP *** [3s Tc 8c]
e62325ed: checks
f6c31df3: checks
*** TURN *** [3s Tc 8c] [2s]
e62325ed: checks
f6c31df3: checks
*** RIVER *** [3s Tc 8c 2s] [9c]
e62325ed: bets $0.1
f6c31df3: calls $0.1
e62325ed: shows [9s 6s] (Pair of Nines)
f6c31df3: shows [3h 9h] (Pair of Nines and Pair of Treys)
*** SHOWDOWN ***
f6c31df3 collected $0.29 from pot
*** SUMMARY ***
Total pot $0.3 | Rake $0.01 | Jackpot $0 | Bingo $0 | Fortune $0
Board [3s Tc 8c 2s 9c]
Seat 1: f6c31df3 (big blind) showed [3h 9h] and won ($0.29) with Pair of Nines and Pair of Treys
Seat 2: 33e02f1c folded before Flop (didn't bet)
Seat 3: 5a8b928f folded before Flop (didn't bet)
Seat 4: Hero (button) folded before Flop (didn't bet)
Seat 5: e62325ed (small blind) showed [9s 6s] and lost with Pair of Nines


Poker Hand #HD1164534045: Hold'em No Limit  ($0.02/$0.05) - 2023/03/17 19:51:54
Table 'NLHBlue128' 6-max Seat #3 is the button
Seat 1: f6c31df3 ($5 in chips)
Seat 2: 33e02f1c ($5.12 in chips)
Seat 3: 5a8b928f ($5.03 in chips)
Seat 4: Hero ($14.03 in chips)
Seat 5: e62325ed ($4.48 in chips)
Seat 6: 67fc36c3 ($5.36 in chips)
Hero: posts small blind $0.02
e62325ed: posts big blind $0.05
*** HOLE CARDS ***
Dealt to f6c31df3 
Dealt to 33e02f1c 
Dealt to 5a8b928f 
Dealt to Hero [Jc 9s]
Dealt to e62325ed 
Dealt to 67fc36c3 
67fc36c3: folds
f6c31df3: raises $0.08 to $0.13
33e02f1c: folds
5a8b928f: raises $0.35 to $0.48
Hero: folds
e62325ed: folds
f6c31df3: raises $1.04 to $1.52
5a8b928f: folds
Uncalled bet ($1.04) returned to f6c31df3
*** SHOWDOWN ***
f6c31df3 collected $0.98 from pot
*** SUMMARY ***
Total pot $1.03 | Rake $0.05 | Jackpot $0 | Bingo $0 | Fortune $0
Seat 1: f6c31df3 collected ($0.98)
Seat 2: 33e02f1c folded before Flop (didn't bet)
Seat 3: 5a8b928f (button) folded before Flop
Seat 4: Hero (small blind) folded before Flop
Seat 5: e62325ed (big blind) folded before Flop
Seat 6: 67fc36c3 folded before Flop (didn't bet)


Poker Hand #HD1164533982: Hold'em No Limit  ($0.02/$0.05) - 2023/03/17 19:51:30
Table 'NLHBlue128' 6-max Seat #2 is the button
Seat 1: f6c31df3 ($5 in chips)
Seat 2: 33e02f1c ($5.05 in chips)
Seat 3: 5a8b928f ($5.05 in chips)
Seat 4: Hero ($14.08 in chips)
Seat 5: e62325ed ($4.48 in chips)
Seat 6: 67fc36c3 ($5.36 in chips)
5a8b928f: posts small blind $0.02
Hero: posts big blind $0.05
*** HOLE CARDS ***
Dealt to f6c31df3 
Dealt to 33e02f1c 
Dealt to 5a8b928f 
Dealt to Hero [Qc 7h]
Dealt to e62325ed 
Dealt to 67fc36c3 
e62325ed: folds
67fc36c3: folds
f6c31df3: folds
33e02f1c: raises $0.08 to $0.13
5a8b928f: folds
Hero: folds
Uncalled bet ($0.08) returned to 33e02f1c
*** SHOWDOWN ***
33e02f1c collected $0.12 from pot
*** SUMMARY ***
Total pot $0.12 | Rake $0 | Jackpot $0 | Bingo $0 | Fortune $0
Seat 1: f6c31df3 folded before Flop (didn't bet)
Seat 2: 33e02f1c (button) collected ($0.12)
Seat 3: 5a8b928f (small blind) folded before Flop
Seat 4: Hero (big blind) folded before Flop
Seat 5: e62325ed folded before Flop (didn't bet)
Seat 6: 67fc36c3 folded before Flop (didn't bet)


Poker Hand #HD1164533933: Hold'em No Limit  ($0.02/$0.05) - 2023/03/17 19:51:13
Table 'NLHBlue128' 6-max Seat #1 is the button
Seat 1: f6c31df3 ($5 in chips)
Seat 2: 33e02f1c ($5 in chips)
Seat 3: 5a8b928f ($5 in chips)
Seat 4: Hero ($14.08 in chips)
Seat 5: e62325ed ($4.48 in chips)
Seat 6: 67fc36c3 ($5.36 in chips)
33e02f1c: posts small blind $0.02
5a8b928f: posts big blind $0.05
*** HOLE CARDS ***
Dealt to f6c31df3 
Dealt to 33e02f1c 
Dealt to 5a8b928f 
Dealt to Hero [6h Kc]
Dealt to e62325ed 
Dealt to 67fc36c3 
Hero: folds
e62325ed: folds
67fc36c3: folds
f6c31df3: folds
33e02f1c: raises $0.08 to $0.13
5a8b928f: folds
Uncalled bet ($0.08) returned to 33e02f1c
*** SHOWDOWN ***
33e02f1c collected $0.1 from pot
*** SUMMARY ***
Total pot $0.1 | Rake $0 | Jackpot $0 | Bingo $0 | Fortune $0
Seat 1: f6c31df3 (button) folded before Flop (didn't bet)
Seat 2: 33e02f1c (small blind) collected ($0.1)
Seat 3: 5a8b928f (big blind) folded before Flop
Seat 4: Hero folded before Flop (didn't bet)
Seat 5: e62325ed folded before Flop (didn't bet)
Seat 6: 67fc36c3 folded before Flop (didn't bet)


Poker Hand #HD1164533793: Hold'em No Limit  ($0.02/$0.05) - 2023/03/17 19:50:22
Table 'NLHBlue128' 6-max Seat #6 is the button
Seat 1: f6c31df3 ($5 in chips)
Seat 2: 33e02f1c ($5.05 in chips)
Seat 3: 5a8b928f ($5.31 in chips)
Seat 4: Hero ($13.51 in chips)
Seat 5: e62325ed ($4.48 in chips)
Seat 6: 67fc36c3 ($5.36 in chips)
f6c31df3: posts small blind $0.02
33e02f1c: posts big blind $0.05
*** HOLE CARDS ***
Dealt to f6c31df3 
Dealt to 33e02f1c 
Dealt to 5a8b928f 
Dealt to Hero [Ac Qh]
Dealt to e62325ed 
Dealt to 67fc36c3 
5a8b928f: raises $0.08 to $0.13
Hero: raises $0.19 to $0.32
e62325ed: folds
67fc36c3: folds
f6c31df3: folds
33e02f1c: folds
5a8b928f: calls $0.19
*** FLOP *** [Qd 6d 6s]
5a8b928f: checks
Hero: bets $0.24
5a8b928f: calls $0.24
*** TURN *** [Qd 6d 6s] [4c]
5a8b928f: checks
Hero: bets $0.6
5a8b928f: folds
Uncalled bet ($0.6) returned to Hero
Hero: shows [Ac Qh] (Pair of Queens and Pair of Sixes)
*** SHOWDOWN ***
Hero collected $1.13 from pot
*** SUMMARY ***
Total pot $1.19 | Rake $0.06 | Jackpot $0 | Bingo $0 | Fortune $0
Board [Qd 6d 6s 4c]
Seat 1: f6c31df3 (small blind) folded before Flop
Seat 2: 33e02f1c (big blind) folded before Flop
Seat 3: 5a8b928f folded on the Turn
Seat 4: Hero showed [Ac Qh] and won ($1.13) with Pair of Queens and Pair of Sixes
Seat 5: e62325ed folded before Flop (didn't bet)
Seat 6: 67fc36c3 (button) folded before Flop (didn't bet)


Poker Hand #HD1164533666: Hold'em No Limit  ($0.02/$0.05) - 2023/03/17 19:49:28
Table 'NLHBlue128' 6-max Seat #5 is the button
Seat 1: f6c31df3 ($5 in chips)
Seat 2: 33e02f1c ($5.05 in chips)
Seat 3: 5a8b928f ($5.31 in chips)
Seat 4: Hero ($13.38 in chips)
Seat 5: e62325ed ($4.48 in chips)
Seat 6: 67fc36c3 ($5.38 in chips)
67fc36c3: posts small blind $0.02
f6c31df3: posts big blind $0.05
*** HOLE CARDS ***
Dealt to f6c31df3 
Dealt to 33e02f1c 
Dealt to 5a8b928f 
Dealt to Hero [Kd Js]
Dealt to e62325ed 
Dealt to 67fc36c3 
33e02f1c: folds
5a8b928f: folds
Hero: raises $0.07 to $0.12
e62325ed: folds
67fc36c3: folds
f6c31df3: calls $0.07
*** FLOP *** [8d 9d 7d]
f6c31df3: checks
Hero: bets $0.2
f6c31df3: folds
Uncalled bet ($0.2) returned to Hero
*** SHOWDOWN ***
Hero collected $0.25 from pot
*** SUMMARY ***
Total pot $0.26 | Rake $0.01 | Jackpot $0 | Bingo $0 | Fortune $0
Board [8d 9d 7d]
Seat 1: f6c31df3 (big blind) folded on the Flop
Seat 2: 33e02f1c folded before Flop (didn't bet)
Seat 3: 5a8b928f folded before Flop (didn't bet)
Seat 4: Hero won ($0.25)
Seat 5: e62325ed (button) folded before Flop (didn't bet)
Seat 6: 67fc36c3 (small blind) folded before Flop


Poker Hand #HD1164533618: Hold'em No Limit  ($0.02/$0.05) - 2023/03/17 19:49:06
Table 'NLHBlue128' 6-max Seat #4 is the button
Seat 1: f6c31df3 ($5 in chips)
Seat 2: 33e02f1c ($5.05 in chips)
Seat 3: 5a8b928f ($5.31 in chips)
Seat 4: Hero ($13.31 in chips)
Seat 5: e62325ed ($4.5 in chips)
Seat 6: 67fc36c3 ($5.43 in chips)
e62325ed: posts small blind $0.02
67fc36c3: posts big blind $0.05
*** HOLE CARDS ***
Dealt to f6c31df3 
Dealt to 33e02f1c 
Dealt to 5a8b928f 
Dealt to Hero [9c Ts]
Dealt to e62325ed 
Dealt to 67fc36c3 
f6c31df3: folds
33e02f1c: folds
5a8b928f: folds
Hero: raises $0.07 to $0.12
e62325ed: folds
67fc36c3: folds
Uncalled bet ($0.07) returned to Hero
*** SHOWDOWN ***
Hero collected $0.12 from pot
*** SUMMARY ***
Total pot $0.12 | Rake $0 | Jackpot $0 | Bingo $0 | Fortune $0
Seat 1: f6c31df3 folded before Flop (didn't bet)
Seat 2: 33e02f1c folded before Flop (didn't bet)
Seat 3: 5a8b928f folded before Flop (didn't bet)
Seat 4: Hero (button) collected ($0.12)
Seat 5: e62325ed (small blind) folded before Flop
Seat 6: 67fc36c3 (big blind) folded before Flop


Poker Hand #HD1164533553: Hold'em No Limit  ($0.02/$0.05) - 2023/03/17 19:48:42
Table 'NLHBlue128' 6-max Seat #3 is the button
Seat 1: f6c31df3 ($5 in chips)
Seat 2: 33e02f1c ($5.05 in chips)
Seat 3: 5a8b928f ($5.31 in chips)
Seat 4: Hero ($13.2 in chips)
Seat 5: e62325ed ($4.62 in chips)
Seat 6: 67fc36c3 ($5.43 in chips)
Hero: posts small blind $0.02
e62325ed: posts big blind $0.05
*** HOLE CARDS ***
Dealt to f6c31df3 
Dealt to 33e02f1c 
Dealt to 5a8b928f 
Dealt to Hero [Js Td]
Dealt to e62325ed 
Dealt to 67fc36c3 
67fc36c3: folds
f6c31df3: folds
33e02f1c: folds
5a8b928f: folds
Hero: raises $0.07 to $0.12
e62325ed: calls $0.07
*** FLOP *** [4c 9h Tc]
Hero: bets $0.14
e62325ed: folds
Uncalled bet ($0.14) returned to Hero
*** SHOWDOWN ***
Hero collected $0.23 from pot
*** SUMMARY ***
Total pot $0.24 | Rake $0.01 | Jackpot $0 | Bingo $0 | Fortune $0
Board [4c 9h Tc]
Seat 1: f6c31df3 folded before Flop (didn't bet)
Seat 2: 33e02f1c folded before Flop (didn't bet)
Seat 3: 5a8b928f (button) folded before Flop (didn't bet)
Seat 4: Hero (small blind) won ($0.23)
Seat 5: e62325ed (big blind) folded on the Flop
Seat 6: 67fc36c3 folded before Flop (didn't bet)


Poker Hand #HD1164533428: Hold'em No Limit  ($0.02/$0.05) - 2023/03/17 19:47:56
Table 'NLHBlue128' 6-max Seat #2 is the button
Seat 1: f6c31df3 ($5 in chips)
Seat 2: 33e02f1c ($5.05 in chips)
Seat 3: 5a8b928f ($5.33 in chips)
Seat 4: Hero ($12.97 in chips)
Seat 5: e62325ed ($4.62 in chips)
Seat 6: 67fc36c3 ($5.43 in chips)
5a8b928f: posts small blind $0.02
Hero: posts big blind $0.05
*** HOLE CARDS ***
Dealt to f6c31df3 
Dealt to 33e02f1c 
Dealt to 5a8b928f 
Dealt to Hero [Qc 3c]
Dealt to e62325ed 
Dealt to 67fc36c3 
e62325ed: folds
67fc36c3: folds
f6c31df3: raises $0.08 to $0.13
33e02f1c: folds
5a8b928f: folds
Hero: calls $0.08
*** FLOP *** [6d 6s 3h]
Hero: bets $0.1
f6c31df3: calls $0.1
*** TURN *** [6d 6s 3h] [4h]
Hero: checks
f6c31df3: checks
*** RIVER *** [6d 6s 3h 4h] [5h]
Hero: checks
f6c31df3: checks
Hero: shows [Qc 3c] (Pair of Sixes and Pair of Treys)
f6c31df3: shows [Ac Jh] (Pair of Sixes)
*** SHOWDOWN ***
Hero collected $0.46 from pot
*** SUMMARY ***
Total pot $0.48 | Rake $0.02 | Jackpot $0 | Bingo $0 | Fortune $0
Board [6d 6s 3h 4h 5h]
Seat 1: f6c31df3 showed [Ac Jh] and lost with Pair of Sixes
Seat 2: 33e02f1c (button) folded before Flop (didn't bet)
Seat 3: 5a8b928f (small blind) folded before Flop
Seat 4: Hero (big blind) showed [Qc 3c] and won ($0.46) with Pair of Sixes and Pair of Treys
Seat 5: e62325ed folded before Flop (didn't bet)
Seat 6: 67fc36c3 folded before Flop (didn't bet)


Poker Hand #HD1164533379: Hold'em No Limit  ($0.02/$0.05) - 2023/03/17 19:47:35
Table 'NLHBlue128' 6-max Seat #1 is the button
Seat 1: f6c31df3 ($5 in chips)
Seat 2: 33e02f1c ($5.07 in chips)
Seat 3: 5a8b928f ($5.38 in chips)
Seat 4: Hero ($12.9 in chips)
Seat 5: e62325ed ($4.62 in chips)
Seat 6: 67fc36c3 ($5.43 in chips)
33e02f1c: posts small blind $0.02
5a8b928f: posts big blind $0.05
*** HOLE CARDS ***
Dealt to f6c31df3 
Dealt to 33e02f1c 
Dealt to 5a8b928f 
Dealt to Hero [Kh 9h]
Dealt to e62325ed 
Dealt to 67fc36c3 
Hero: raises $0.07 to $0.12
e62325ed: folds
67fc36c3: folds
f6c31df3: folds
33e02f1c: folds
5a8b928f: folds
Uncalled bet ($0.07) returned to Hero
*** SHOWDOWN ***
Hero collected $0.12 from pot
*** SUMMARY ***
Total pot $0.12 | Rake $0 | Jackpot $0 | Bingo $0 | Fortune $0
Seat 1: f6c31df3 (button) folded before Flop (didn't bet)
Seat 2: 33e02f1c (small blind) folded before Flop
Seat 3: 5a8b928f (big blind) folded before Flop
Seat 4: Hero collected ($0.12)
Seat 5: e62325ed folded before Flop (didn't bet)
Seat 6: 67fc36c3 folded before Flop (didn't bet)


Poker Hand #HD1164533318: Hold'em No Limit  ($0.02/$0.05) - 2023/03/17 19:47:11
Table 'NLHBlue128' 6-max Seat #6 is the button
Seat 1: f6c31df3 ($5 in chips)
Seat 2: 33e02f1c ($5 in chips)
Seat 3: 5a8b928f ($5.38 in chips)
Seat 4: Hero ($12.9 in chips)
Seat 5: e62325ed ($4.67 in chips)
Seat 6: 67fc36c3 ($5.43 in chips)
f6c31df3: posts small blind $0.02
33e02f1c: posts big blind $0.05
*** HOLE CARDS ***
Dealt to f6c31df3 
Dealt to 33e02f1c 
Dealt to 5a8b928f 
Dealt to Hero [9s 3h]
Dealt to e62325ed 
Dealt to 67fc36c3 
5a8b928f: folds
Hero: folds
e62325ed: calls $0.05
67fc36c3: folds
f6c31df3: folds
33e02f1c: checks
*** FLOP *** [2h Qh Kd]
33e02f1c: bets $0.05
e62325ed: folds
Uncalled bet ($0.05) returned to 33e02f1c
*** SHOWDOWN ***
33e02f1c collected $0.12 from pot
*** SUMMARY ***
Total pot $0.12 | Rake $0 | Jackpot $0 | Bingo $0 | Fortune $0
Board [2h Qh Kd]
Seat 1: f6c31df3 (small blind) folded before Flop
Seat 2: 33e02f1c (big blind) won ($0.12)
Seat 3: 5a8b928f folded before Flop (didn't bet)
Seat 4: Hero folded before Flop (didn't bet)
Seat 5: e62325ed folded on the Flop
Seat 6: 67fc36c3 (button) folded before Flop (didn't bet)


Poker Hand #HD1164533207: Hold'em No Limit  ($0.02/$0.05) - 2023/03/17 19:46:27
Table 'NLHBlue128' 6-max Seat #5 is the button
Seat 1: f6c31df3 ($5 in chips)
Seat 2: 1da45a09 ($5.25 in chips)
Seat 3: 5a8b928f ($5 in chips)
Seat 4: Hero ($13.24 in chips)
Seat 5: e62325ed ($4.67 in chips)
Seat 6: 67fc36c3 ($5.45 in chips)
67fc36c3: posts small blind $0.02
f6c31df3: posts big blind $0.05
*** HOLE CARDS ***
Dealt to f6c31df3 
Dealt to 1da45a09 
Dealt to 5a8b928f 
Dealt to Hero [Ks Js]
Dealt to e62325ed 
Dealt to 67fc36c3 
1da45a09: folds
5a8b928f: raises $0.08 to $0.13
Hero: raises $0.21 to $0.34
e62325ed: folds
67fc36c3: folds
f6c31df3: folds
5a8b928f: calls $0.21
*** FLOP *** [9c 9d 2c]
5a8b928f: checks
Hero: checks
*** TURN *** [9c 9d 2c] [4d]
5a8b928f: checks
Hero: checks
*** RIVER *** [9c 9d 2c 4d] [8s]
5a8b928f: checks
Hero: checks
5a8b928f: shows [6c 6d] (Pair of Nines and Pair of Sixes)
Hero: shows [Ks Js] (Pair of Nines)
*** SHOWDOWN ***
5a8b928f collected $0.72 from pot
*** SUMMARY ***
Total pot $0.75 | Rake $0.03 | Jackpot $0 | Bingo $0 | Fortune $0
Board [9c 9d 2c 4d 8s]
Seat 1: f6c31df3 (big blind) folded before Flop
Seat 2: 1da45a09 folded before Flop (didn't bet)
Seat 3: 5a8b928f showed [6c 6d] and won ($0.72) with Pair of Nines and Pair of Sixes
Seat 4: Hero showed [Ks Js] and lost with Pair of Nines
Seat 5: e62325ed (button) folded before Flop (didn't bet)
Seat 6: 67fc36c3 (small blind) folded before Flop


Poker Hand #HD1164533143: Hold'em No Limit  ($0.02/$0.05) - 2023/03/17 19:46:03
Table 'NLHBlue128' 6-max Seat #4 is the button
Seat 2: 1da45a09 ($5.25 in chips)
Seat 3: 5a8b928f ($5 in chips)
Seat 4: Hero ($13.08 in chips)
Seat 5: e62325ed ($4.79 in chips)
Seat 6: 67fc36c3 ($5.5 in chips)
e62325ed: posts small blind $0.02
67fc36c3: posts big blind $0.05
*** HOLE CARDS ***
Dealt to 1da45a09 
Dealt to 5a8b928f 
Dealt to Hero [Ac 4c]
Dealt to e62325ed 
Dealt to 67fc36c3 
1da45a09: folds
5a8b928f: folds
Hero: raises $0.07 to $0.12
e62325ed: calls $0.1
67fc36c3: folds
*** FLOP *** [Qs 3d 2s]
e62325ed: checks
Hero: bets $0.15
e62325ed: folds
Uncalled bet ($0.15) returned to Hero
*** SHOWDOWN ***
Hero collected $0.28 from pot
*** SUMMARY ***
Total pot $0.29 | Rake $0.01 | Jackpot $0 | Bingo $0 | Fortune $0
Board [Qs 3d 2s]
Seat 2: 1da45a09 folded before Flop (didn't bet)
Seat 3: 5a8b928f folded before Flop (didn't bet)
Seat 4: Hero (button) won ($0.28)
Seat 5: e62325ed (small blind) folded on the Flop
Seat 6: 67fc36c3 (big blind) folded before Flop


Poker Hand #HD1164533060: Hold'em No Limit  ($0.02/$0.05) - 2023/03/17 19:45:34
Table 'NLHBlue128' 6-max Seat #3 is the button
Seat 2: 1da45a09 ($5.25 in chips)
Seat 3: 5a8b928f ($5.05 in chips)
Seat 4: Hero ($13.1 in chips)
Seat 5: e62325ed ($4.07 in chips)
Seat 6: 67fc36c3 ($5.5 in chips)
Hero: posts small blind $0.02
e62325ed: posts big blind $0.05
*** HOLE CARDS ***
Dealt to 1da45a09 
Dealt to 5a8b928f 
Dealt to Hero [5c 3c]
Dealt to e62325ed 
Dealt to 67fc36c3 
67fc36c3: folds
1da45a09: folds
5a8b928f: raises $0.08 to $0.13
Hero: folds
e62325ed: calls $0.08
*** FLOP *** [7s 7h Tc]
e62325ed: checks
5a8b928f: checks
*** TURN *** [7s 7h Tc] [Kc]
e62325ed: bets $0.14
5a8b928f: calls $0.14
*** RIVER *** [7s 7h Tc Kc] [6h]
e62325ed: bets $0.56
5a8b928f: calls $0.56
e62325ed: shows [7c 4h] (Three Sevens)
5a8b928f: shows [Ks 9c] (Pair of Kings and Pair of Sevens)
*** SHOWDOWN ***
e62325ed collected $1.55 from pot
*** SUMMARY ***
Total pot $1.68 | Rake $0.08 | Jackpot $0.05 | Bingo $0 | Fortune $0
Board [7s 7h Tc Kc 6h]
Seat 2: 1da45a09 folded before Flop (didn't bet)
Seat 3: 5a8b928f (button) showed [Ks 9c] and lost with Pair of Kings and Pair of Sevens
Seat 4: Hero (small blind) folded before Flop
Seat 5: e62325ed (big blind) showed [7c 4h] and won ($1.55) with Three Sevens
Seat 6: 67fc36c3 folded before Flop (didn't bet)


Poker Hand #HD1164533034: Hold'em No Limit  ($0.02/$0.05) - 2023/03/17 19:45:26
Table 'NLHBlue128' 6-max Seat #2 is the button
Seat 2: 1da45a09 ($5.25 in chips)
Seat 3: 5a8b928f ($5 in chips)
Seat 4: Hero ($13.15 in chips)
Seat 6: 67fc36c3 ($5.5 in chips)
5a8b928f: posts small blind $0.02
Hero: posts big blind $0.05
*** HOLE CARDS ***
Dealt to 1da45a09 
Dealt to 5a8b928f 
Dealt to Hero [Qs 7d]
Dealt to 67fc36c3 
67fc36c3: folds
1da45a09: folds
5a8b928f: raises $0.1 to $0.15
Hero: folds
Uncalled bet ($0.1) returned to 5a8b928f
*** SHOWDOWN ***
5a8b928f collected $0.1 from pot
*** SUMMARY ***
Total pot $0.1 | Rake $0 | Jackpot $0 | Bingo $0 | Fortune $0
Seat 2: 1da45a09 (button) folded before Flop (didn't bet)
Seat 3: 5a8b928f (small blind) collected ($0.1)
Seat 4: Hero (big blind) folded before Flop
Seat 6: 67fc36c3 folded before Flop (didn't bet)


Poker Hand #HD1164532987: Hold'em No Limit  ($0.02/$0.05) - 2023/03/17 19:45:06
Table 'NLHBlue128' 6-max Seat #1 is the button
Seat 1: 13799a2d ($6.6 in chips)
Seat 2: 1da45a09 ($5.08 in chips)
Seat 3: 5a8b928f ($5 in chips)
Seat 4: Hero ($13.15 in chips)
Seat 6: 67fc36c3 ($5.63 in chips)
1da45a09: posts small blind $0.02
5a8b928f: posts big blind $0.05
*** HOLE CARDS ***
Dealt to 13799a2d 
Dealt to 1da45a09 
Dealt to 5a8b928f 
Dealt to Hero [7h 2c]
Dealt to 67fc36c3 
Hero: folds
67fc36c3: raises $0.08 to $0.13
13799a2d: folds
1da45a09: raises $0.27 to $0.4
5a8b928f: folds
67fc36c3: folds
Uncalled bet ($0.27) returned to 1da45a09
*** SHOWDOWN ***
1da45a09 collected $0.3 from pot
*** SUMMARY ***
Total pot $0.31 | Rake $0.01 | Jackpot $0 | Bingo $0 | Fortune $0
Seat 1: 13799a2d (button) folded before Flop (didn't bet)
Seat 2: 1da45a09 (small blind) collected ($0.3)
Seat 3: 5a8b928f (big blind) folded before Flop
Seat 4: Hero folded before Flop (didn't bet)
Seat 6: 67fc36c3 folded before Flop


Poker Hand #HD1164532929: Hold'em No Limit  ($0.02/$0.05) - 2023/03/17 19:44:48
Table 'NLHBlue128' 6-max Seat #6 is the button
Seat 1: 13799a2d ($6.62 in chips)
Seat 2: 1da45a09 ($5.06 in chips)
Seat 3: 5a8b928f ($5 in chips)
Seat 4: Hero ($13.15 in chips)
Seat 5: e62325ed ($4.07 in chips)
Seat 6: 67fc36c3 ($5.63 in chips)
13799a2d: posts small blind $0.02
1da45a09: posts big blind $0.05
*** HOLE CARDS ***
Dealt to 13799a2d 
Dealt to 1da45a09 
Dealt to 5a8b928f 
Dealt to Hero [8h Qs]
Dealt to e62325ed 
Dealt to 67fc36c3 
5a8b928f: folds
Hero: folds
e62325ed: folds
67fc36c3: folds
13799a2d: folds
Uncalled bet ($0.03) returned to 1da45a09
*** SHOWDOWN ***
1da45a09 collected $0.04 from pot
*** SUMMARY ***
Total pot $0.04 | Rake $0 | Jackpot $0 | Bingo $0 | Fortune $0
Seat 1: 13799a2d (small blind) folded before Flop
Seat 2: 1da45a09 (big blind) collected ($0.04)
Seat 3: 5a8b928f folded before Flop (didn't bet)
Seat 4: Hero folded before Flop (didn't bet)
Seat 5: e62325ed folded before Flop (didn't bet)
Seat 6: 67fc36c3 (button) folded before Flop (didn't bet)


Poker Hand #HD1164532884: Hold'em No Limit  ($0.02/$0.05) - 2023/03/17 19:44:30
Table 'NLHBlue128' 6-max Seat #5 is the button
Seat 1: 13799a2d ($6.67 in chips)
Seat 2: 1da45a09 ($5.06 in chips)
Seat 3: 5a8b928f ($5 in chips)
Seat 4: Hero ($13.08 in chips)
Seat 5: e62325ed ($4.07 in chips)
Seat 6: 67fc36c3 ($5.65 in chips)
67fc36c3: posts small blind $0.02
13799a2d: posts big blind $0.05
*** HOLE CARDS ***
Dealt to 13799a2d 
Dealt to 1da45a09 
Dealt to 5a8b928f 
Dealt to Hero [Tc Qc]
Dealt to e62325ed 
Dealt to 67fc36c3 
1da45a09: folds
5a8b928f: folds
Hero: raises $0.07 to $0.12
e62325ed: folds
67fc36c3: folds
13799a2d: folds
Uncalled bet ($0.07) returned to Hero
*** SHOWDOWN ***
Hero collected $0.12 from pot
*** SUMMARY ***
Total pot $0.12 | Rake $0 | Jackpot $0 | Bingo $0 | Fortune $0
Seat 1: 13799a2d (big blind) folded before Flop
Seat 2: 1da45a09 folded before Flop (didn't bet)
Seat 3: 5a8b928f folded before Flop (didn't bet)
Seat 4: Hero collected ($0.12)
Seat 5: e62325ed (button) folded before Flop (didn't bet)
Seat 6: 67fc36c3 (small blind) folded before Flop


Poker Hand #HD1164532712: Hold'em No Limit  ($0.02/$0.05) - 2023/03/17 19:43:20
Table 'NLHBlue128' 6-max Seat #4 is the button
Seat 1: 13799a2d ($6.82 in chips)
Seat 2: 1da45a09 ($5.21 in chips)
Seat 3: 5a8b928f ($5 in chips)
Seat 4: Hero ($13.08 in chips)
Seat 5: e62325ed ($4.09 in chips)
Seat 6: 67fc36c3 ($5.35 in chips)
e62325ed: posts small blind $0.02
67fc36c3: posts big blind $0.05
*** HOLE CARDS ***
Dealt to 13799a2d 
Dealt to 1da45a09 
Dealt to 5a8b928f 
Dealt to Hero [2h Qc]
Dealt to e62325ed 
Dealt to 67fc36c3 
13799a2d: raises $0.1 to $0.15
1da45a09: calls $0.15
5a8b928f: folds
Hero: folds
e62325ed: folds
67fc36c3: calls $0.1
*** FLOP *** [4c Ac 4d]
67fc36c3: checks
13799a2d: checks
1da45a09: checks
*** TURN *** [4c Ac 4d] [Jc]
67fc36c3: checks
13799a2d: checks
1da45a09: checks
*** RIVER *** [4c Ac 4d Jc] [6s]
67fc36c3: checks
13799a2d: checks
1da45a09: checks
67fc36c3: shows [Ks Js] (Pair of Jacks and Pair of Fours)
13799a2d: shows [8h 7h] (Pair of Fours)
1da45a09: shows [Qs Kc] (Pair of Fours)
*** SHOWDOWN ***
67fc36c3 collected $0.45 from pot
*** SUMMARY ***
Total pot $0.47 | Rake $0.02 | Jackpot $0 | Bingo $0 | Fortune $0
Board [4c Ac 4d Jc 6s]
Seat 1: 13799a2d showed [8h 7h] and lost with Pair of Fours
Seat 2: 1da45a09 showed [Qs Kc] and lost with Pair of Fours
Seat 3: 5a8b928f folded before Flop (didn't bet)
Seat 4: Hero (button) folded before Flop (didn't bet)
Seat 5: e62325ed (small blind) folded before Flop
Seat 6: 67fc36c3 (big blind) showed [Ks Js] and won ($0.45) with Pair of Jacks and Pair of Fours


Poker Hand #HD1164532620: Hold'em No Limit  ($0.02/$0.05) - 2023/03/17 19:42:43
Table 'NLHBlue128' 6-max Seat #3 is the button
Seat 1: 13799a2d ($6.82 in chips)
Seat 2: 1da45a09 ($5.21 in chips)
Seat 3: 5a8b928f ($5 in chips)
Seat 4: Hero ($13.22 in chips)
Seat 5: e62325ed ($3.96 in chips)
Seat 6: 67fc36c3 ($5.35 in chips)
Hero: posts small blind $0.02
e62325ed: posts big blind $0.05
*** HOLE CARDS ***
Dealt to 13799a2d 
Dealt to 1da45a09 
Dealt to 5a8b928f 
Dealt to Hero [4c 7c]
Dealt to e62325ed 
Dealt to 67fc36c3 
67fc36c3: folds
13799a2d: folds
1da45a09: folds
5a8b928f: folds
Hero: raises $0.09 to $0.14
e62325ed: calls $0.09
*** FLOP *** [9s 2s 9h]
Hero: checks
e62325ed: checks
*** TURN *** [9s 2s 9h] [Qc]
Hero: checks
e62325ed: checks
*** RIVER *** [9s 2s 9h Qc] [Qd]
Hero: checks
e62325ed: bets $0.28
Hero: folds
Uncalled bet ($0.28) returned to e62325ed
*** SHOWDOWN ***
e62325ed collected $0.27 from pot
*** SUMMARY ***
Total pot $0.28 | Rake $0.01 | Jackpot $0 | Bingo $0 | Fortune $0
Board [9s 2s 9h Qc Qd]
Seat 1: 13799a2d folded before Flop (didn't bet)
Seat 2: 1da45a09 folded before Flop (didn't bet)
Seat 3: 5a8b928f (button) folded before Flop (didn't bet)
Seat 4: Hero (small blind) folded on the River
Seat 5: e62325ed (big blind) won ($0.27)
Seat 6: 67fc36c3 folded before Flop (didn't bet)


Poker Hand #HD1164532560: Hold'em No Limit  ($0.02/$0.05) - 2023/03/17 19:42:21
Table 'NLHBlue128' 6-max Seat #2 is the button
Seat 1: 13799a2d ($6.82 in chips)
Seat 2: 1da45a09 ($5.21 in chips)
Seat 3: 5a8b928f ($5.02 in chips)
Seat 4: Hero ($13.27 in chips)
Seat 5: e62325ed ($3.89 in chips)
Seat 6: 67fc36c3 ($5.35 in chips)
5a8b928f: posts small blind $0.02
Hero: posts big blind $0.05
*** HOLE CARDS ***
Dealt to 13799a2d 
Dealt to 1da45a09 
Dealt to 5a8b928f 
Dealt to Hero [Th 4h]
Dealt to e62325ed 
Dealt to 67fc36c3 
e62325ed: raises $0.05 to $0.1
67fc36c3: folds
13799a2d: folds
1da45a09: folds
5a8b928f: folds
Hero: folds
Uncalled bet ($0.05) returned to e62325ed
*** SHOWDOWN ***
e62325ed collected $0.12 from pot
*** SUMMARY ***
Total pot $0.12 | Rake $0 | Jackpot $0 | Bingo $0 | Fortune $0
Seat 1: 13799a2d folded before Flop (didn't bet)
Seat 2: 1da45a09 (button) folded before Flop (didn't bet)
Seat 3: 5a8b928f (small blind) folded before Flop
Seat 4: Hero (big blind) folded before Flop
Seat 5: e62325ed collected ($0.12)
Seat 6: 67fc36c3 folded before Flop (didn't bet)


Poker Hand #HD1164532543: Hold'em No Limit  ($0.02/$0.05) - 2023/03/17 19:42:14
Table 'NLHBlue128' 6-max Seat #1 is the button
Seat 1: 13799a2d ($6.82 in chips)
Seat 2: 1da45a09 ($5.23 in chips)
Seat 3: 5a8b928f ($5 in chips)
Seat 4: Hero ($13.27 in chips)
Seat 5: e62325ed ($3.89 in chips)
Seat 6: 67fc36c3 ($5.35 in chips)
1da45a09: posts small blind $0.02
5a8b928f: posts big blind $0.05
*** HOLE CARDS ***
Dealt to 13799a2d 
Dealt to 1da45a09 
Dealt to 5a8b928f 
Dealt to Hero [Ad 7s]
Dealt to e62325ed 
Dealt to 67fc36c3 
Hero: folds
e62325ed: folds
67fc36c3: folds
13799a2d: folds
1da45a09: folds
Uncalled bet ($0.03) returned to 5a8b928f
*** SHOWDOWN ***
5a8b928f collected $0.04 from pot
*** SUMMARY ***
Total pot $0.04 | Rake $0 | Jackpot $0 | Bingo $0 | Fortune $0
Seat 1: 13799a2d (button) folded before Flop (didn't bet)
Seat 2: 1da45a09 (small blind) folded before Flop
Seat 3: 5a8b928f (big blind) collected ($0.04)
Seat 4: Hero folded before Flop (didn't bet)
Seat 5: e62325ed folded before Flop (didn't bet)
Seat 6: 67fc36c3 folded before Flop (didn't bet)


Poker Hand #HD1164532409: Hold'em No Limit  ($0.02/$0.05) - 2023/03/17 19:41:25
Table 'NLHBlue128' 6-max Seat #6 is the button
Seat 1: 13799a2d ($6.84 in chips)
Seat 2: 1da45a09 ($5 in chips)
Seat 3: 5a8b928f ($5 in chips)
Seat 4: Hero ($13.27 in chips)
Seat 5: e62325ed ($3.89 in chips)
Seat 6: 67fc36c3 ($5.58 in chips)
13799a2d: posts small blind $0.02
1da45a09: posts big blind $0.05
*** HOLE CARDS ***
Dealt to 13799a2d 
Dealt to 1da45a09 
Dealt to 5a8b928f 
Dealt to Hero [Jc 6c]
Dealt to e62325ed 
Dealt to 67fc36c3 
5a8b928f: folds
Hero: folds
e62325ed: folds
67fc36c3: raises $0.08 to $0.13
13799a2d: folds
1da45a09: calls $0.08
*** FLOP *** [9h 7d 2s]
1da45a09: checks
67fc36c3: bets $0.1
1da45a09: raises $0.4 to $0.5
67fc36c3: folds
Uncalled bet ($0.4) returned to 1da45a09
*** SHOWDOWN ***
1da45a09 collected $0.46 from pot
*** SUMMARY ***
Total pot $0.48 | Rake $0.02 | Jackpot $0 | Bingo $0 | Fortune $0
Board [9h 7d 2s]
Seat 1: 13799a2d (small blind) folded before Flop
Seat 2: 1da45a09 (big blind) won ($0.46)
Seat 3: 5a8b928f folded before Flop (didn't bet)
Seat 4: Hero folded before Flop (didn't bet)
Seat 5: e62325ed folded before Flop (didn't bet)
Seat 6: 67fc36c3 (button) folded on the Flop


Poker Hand #HD1164532318: Hold'em No Limit  ($0.02/$0.05) - 2023/03/17 19:40:51
Table 'NLHBlue128' 6-max Seat #5 is the button
Seat 1: 13799a2d ($6.56 in chips)
Seat 3: 5a8b928f ($5 in chips)
Seat 4: Hero ($13.55 in chips)
Seat 5: e62325ed ($3.89 in chips)
Seat 6: 67fc36c3 ($5.6 in chips)
67fc36c3: posts small blind $0.02
13799a2d: posts big blind $0.05
*** HOLE CARDS ***
Dealt to 13799a2d 
Dealt to 5a8b928f 
Dealt to Hero [5c 5d]
Dealt to e62325ed 
Dealt to 67fc36c3 
5a8b928f: folds
Hero: raises $0.07 to $0.12
e62325ed: folds
67fc36c3: folds
13799a2d: calls $0.07
*** FLOP *** [6h Th Kc]
13799a2d: checks
Hero: bets $0.16
13799a2d: calls $0.16
*** TURN *** [6h Th Kc] [2c]
13799a2d: checks
Hero: checks
*** RIVER *** [6h Th Kc 2c] [Jh]
13799a2d: checks
Hero: checks
13799a2d: shows [Kh Td] (Pair of Kings and Pair of Tens)
Hero: shows [5c 5d] (Pair of Fives)
*** SHOWDOWN ***
13799a2d collected $0.56 from pot
*** SUMMARY ***
Total pot $0.58 | Rake $0.02 | Jackpot $0 | Bingo $0 | Fortune $0
Board [6h Th Kc 2c Jh]
Seat 1: 13799a2d (big blind) showed [Kh Td] and won ($0.56) with Pair of Kings and Pair of Tens
Seat 3: 5a8b928f folded before Flop (didn't bet)
Seat 4: Hero showed [5c 5d] and lost with Pair of Fives
Seat 5: e62325ed (button) folded before Flop (didn't bet)
Seat 6: 67fc36c3 (small blind) folded before Flop


Poker Hand #HD1164532294: Hold'em No Limit  ($0.02/$0.05) - 2023/03/17 19:40:40
Table 'NLHBlue128' 6-max Seat #4 is the button
Seat 1: 13799a2d ($6.49 in chips)
Seat 3: 5a8b928f ($5 in chips)
Seat 4: Hero ($13.55 in chips)
Seat 5: e62325ed ($3.91 in chips)
Seat 6: 67fc36c3 ($5.65 in chips)
e62325ed: posts small blind $0.02
67fc36c3: posts big blind $0.05
*** HOLE CARDS ***
Dealt to 13799a2d 
Dealt to 5a8b928f 
Dealt to Hero [6s 7c]
Dealt to e62325ed 
Dealt to 67fc36c3 
13799a2d: raises $0.1 to $0.15
5a8b928f: folds
Hero: folds
e62325ed: folds
67fc36c3: folds
Uncalled bet ($0.1) returned to 13799a2d
*** SHOWDOWN ***
13799a2d collected $0.12 from pot
*** SUMMARY ***
Total pot $0.12 | Rake $0 | Jackpot $0 | Bingo $0 | Fortune $0
Seat 1: 13799a2d collected ($0.12)
Seat 3: 5a8b928f folded before Flop (didn't bet)
Seat 4: Hero (button) folded before Flop (didn't bet)
Seat 5: e62325ed (small blind) folded before Flop
Seat 6: 67fc36c3 (big blind) folded before Flop


Poker Hand #HD1164532227: Hold'em No Limit  ($0.02/$0.05) - 2023/03/17 19:40:16
Table 'NLHBlue128' 6-max Seat #3 is the button
Seat 1: 13799a2d ($6.49 in chips)
Seat 2: bf1a0c65 ($5 in chips)
Seat 3: 5a8b928f ($5 in chips)
Seat 4: Hero ($13.57 in chips)
Seat 5: e62325ed ($4.02 in chips)
Seat 6: 67fc36c3 ($5.65 in chips)
Hero: posts small blind $0.02
e62325ed: posts big blind $0.05
*** HOLE CARDS ***
Dealt to 13799a2d 
Dealt to bf1a0c65 
Dealt to 5a8b928f 
Dealt to Hero [Qc 6c]
Dealt to e62325ed 
Dealt to 67fc36c3 
67fc36c3: folds
13799a2d: folds
bf1a0c65: raises $0.06 to $0.11
5a8b928f: folds
Hero: folds
e62325ed: calls $0.06
*** FLOP *** [Jc As Qs]
e62325ed: checks
bf1a0c65: bets $0.16
e62325ed: folds
Uncalled bet ($0.16) returned to bf1a0c65
*** SHOWDOWN ***
bf1a0c65 collected $0.23 from pot
*** SUMMARY ***
Total pot $0.24 | Rake $0.01 | Jackpot $0 | Bingo $0 | Fortune $0
Board [Jc As Qs]
Seat 1: 13799a2d folded before Flop (didn't bet)
Seat 2: bf1a0c65 won ($0.23)
Seat 3: 5a8b928f (button) folded before Flop (didn't bet)
Seat 4: Hero (small blind) folded before Flop
Seat 5: e62325ed (big blind) folded on the Flop
Seat 6: 67fc36c3 folded before Flop (didn't bet)


Poker Hand #HD1164532104: Hold'em No Limit  ($0.02/$0.05) - 2023/03/17 19:39:28
Table 'NLHBlue128' 6-max Seat #2 is the button
Seat 1: 13799a2d ($6.49 in chips)
Seat 2: bf1a0c65 ($5 in chips)
Seat 3: 5a8b928f ($5 in chips)
Seat 4: Hero ($13.43 in chips)
Seat 5: e62325ed ($4.12 in chips)
Seat 6: 67fc36c3 ($5.65 in chips)
5a8b928f: posts small blind $0.02
Hero: posts big blind $0.05
*** HOLE CARDS ***
Dealt to 13799a2d 
Dealt to bf1a0c65 
Dealt to 5a8b928f 
Dealt to Hero [Qs 9h]
Dealt to e62325ed 
Dealt to 67fc36c3 
e62325ed: calls $0.05
67fc36c3: folds
13799a2d: folds
bf1a0c65: folds
5a8b928f: calls $0.03
Hero: checks
*** FLOP *** [9c Ah 4h]
5a8b928f: checks
Hero: checks
e62325ed: bets $0.05
5a8b928f: folds
Hero: calls $0.05
*** TURN *** [9c Ah 4h] [6d]
Hero: checks
e62325ed: checks
*** RIVER *** [9c Ah 4h 6d] [Ts]
Hero: checks
e62325ed: checks
Hero: shows [Qs 9h] (Pair of Nines)
e62325ed: shows [8h 6h] (Pair of Sixes)
*** SHOWDOWN ***
Hero collected $0.24 from pot
*** SUMMARY ***
Total pot $0.25 | Rake $0.01 | Jackpot $0 | Bingo $0 | Fortune $0
Board [9c Ah 4h 6d Ts]
Seat 1: 13799a2d folded before Flop (didn't bet)
Seat 2: bf1a0c65 (button) folded before Flop (didn't bet)
Seat 3: 5a8b928f (small blind) folded on the Flop
Seat 4: Hero (big blind) showed [Qs 9h] and won ($0.24) with Pair of Nines
Seat 5: e62325ed showed [8h 6h] and lost with Pair of Sixes
Seat 6: 67fc36c3 folded before Flop (didn't bet)


Poker Hand #HD1164532018: Hold'em No Limit  ($0.02/$0.05) - 2023/03/17 19:38:54
Table 'NLHBlue128' 6-max Seat #1 is the button
Seat 1: 13799a2d ($6.1 in chips)
Seat 2: bf1a0c65 ($5 in chips)
Seat 3: 5a8b928f ($5 in chips)
Seat 4: Hero ($13.43 in chips)
Seat 5: e62325ed ($4.32 in chips)
Seat 6: 67fc36c3 ($5.65 in chips)
bf1a0c65: posts small blind $0.02
5a8b928f: posts big blind $0.05
*** HOLE CARDS ***
Dealt to 13799a2d 
Dealt to bf1a0c65 
Dealt to 5a8b928f 
Dealt to Hero [Ac 3s]
Dealt to e62325ed 
Dealt to 67fc36c3 
Hero: folds
e62325ed: calls $0.05
67fc36c3: folds
13799a2d: raises $0.15 to $0.2
bf1a0c65: folds
5a8b928f: calls $0.15
e62325ed: calls $0.15
*** FLOP *** [Tc 3c 3d]
5a8b928f: checks
e62325ed: checks
13799a2d: bets $0.21
5a8b928f: folds
e62325ed: folds
Uncalled bet ($0.21) returned to 13799a2d
*** SHOWDOWN ***
13799a2d collected $0.59 from pot
*** SUMMARY ***
Total pot $0.62 | Rake $0.03 | Jackpot $0 | Bingo $0 | Fortune $0
Board [Tc 3c 3d]
Seat 1: 13799a2d (button) won ($0.59)
Seat 2: bf1a0c65 (small blind) folded before Flop
Seat 3: 5a8b928f (big blind) folded on the Flop
Seat 4: Hero folded before Flop (didn't bet)
Seat 5: e62325ed folded on the Flop
Seat 6: 67fc36c3 folded before Flop (didn't bet)


Poker Hand #HD1164531847: Hold'em No Limit  ($0.02/$0.05) - 2023/03/17 19:37:52
Table 'NLHBlue128' 6-max Seat #6 is the button
Seat 1: 13799a2d ($6.12 in chips)
Seat 2: bf1a0c65 ($5.05 in chips)
Seat 3: 5a8b928f ($5.07 in chips)
Seat 4: Hero ($13.02 in chips)
Seat 5: e62325ed ($4.32 in chips)
Seat 6: 67fc36c3 ($5.65 in chips)
13799a2d: posts small blind $0.02
bf1a0c65: posts big blind $0.05
*** HOLE CARDS ***
Dealt to 13799a2d 
Dealt to bf1a0c65 
Dealt to 5a8b928f 
Dealt to Hero [Qd Td]
Dealt to e62325ed 
Dealt to 67fc36c3 
5a8b928f: raises $0.08 to $0.13
Hero: raises $0.25 to $0.38
e62325ed: folds
67fc36c3: folds
13799a2d: folds
bf1a0c65: folds
5a8b928f: calls $0.25
*** FLOP *** [7d Jd Qc]
5a8b928f: checks
Hero: bets $0.63
5a8b928f: folds
Uncalled bet ($0.63) returned to Hero
*** SHOWDOWN ***
Hero collected $0.79 from pot
*** SUMMARY ***
Total pot $0.83 | Rake $0.04 | Jackpot $0 | Bingo $0 | Fortune $0
Board [7d Jd Qc]
Seat 1: 13799a2d (small blind) folded before Flop
Seat 2: bf1a0c65 (big blind) folded before Flop
Seat 3: 5a8b928f folded on the Flop
Seat 4: Hero won ($0.79)
Seat 5: e62325ed folded before Flop (didn't bet)
Seat 6: 67fc36c3 (button) folded before Flop (didn't bet)


Poker Hand #HD1164531651: Hold'em No Limit  ($0.02/$0.05) - 2023/03/17 19:36:36
Table 'NLHBlue128' 6-max Seat #5 is the button
Seat 1: 13799a2d ($6.17 in chips)
Seat 2: bf1a0c65 ($5.49 in chips)
Seat 3: 5a8b928f ($5.07 in chips)
Seat 4: Hero ($13.02 in chips)
Seat 5: e62325ed ($4.32 in chips)
Seat 6: 67fc36c3 ($5.2 in chips)
67fc36c3: posts small blind $0.02
13799a2d: posts big blind $0.05
*** HOLE CARDS ***
Dealt to 13799a2d 
Dealt to bf1a0c65 
Dealt to 5a8b928f 
Dealt to Hero [Qc Js]
Dealt to e62325ed 
Dealt to 67fc36c3 
bf1a0c65: raises $0.06 to $0.11
5a8b928f: folds
Hero: folds
e62325ed: folds
67fc36c3: raises $0.33 to $0.44
13799a2d: folds
bf1a0c65: calls $0.33
*** FLOP *** [3h 9s 5c]
67fc36c3: bets $0.31
bf1a0c65: folds
Uncalled bet ($0.31) returned to 67fc36c3
*** SHOWDOWN ***
67fc36c3 collected $0.89 from pot
*** SUMMARY ***
Total pot $0.93 | Rake $0.04 | Jackpot $0 | Bingo $0 | Fortune $0
Board [3h 9s 5c]
Seat 1: 13799a2d (big blind) folded before Flop
Seat 2: bf1a0c65 folded on the Flop
Seat 3: 5a8b928f folded before Flop (didn't bet)
Seat 4: Hero folded before Flop (didn't bet)
Seat 5: e62325ed (button) folded before Flop (didn't bet)
Seat 6: 67fc36c3 (small blind) won ($0.89)


Poker Hand #HD1164531582: Hold'em No Limit  ($0.02/$0.05) - 2023/03/17 19:36:12
Table 'NLHBlue128' 6-max Seat #4 is the button
Seat 1: 13799a2d ($6.17 in chips)
Seat 2: bf1a0c65 ($5.49 in chips)
Seat 3: 5a8b928f ($5 in chips)
Seat 4: Hero ($13.02 in chips)
Seat 5: e62325ed ($4.34 in chips)
Seat 6: 67fc36c3 ($5.25 in chips)
e62325ed: posts small blind $0.02
67fc36c3: posts big blind $0.05
*** HOLE CARDS ***
Dealt to 13799a2d 
Dealt to bf1a0c65 
Dealt to 5a8b928f 
Dealt to Hero [Qh 6h]
Dealt to e62325ed 
Dealt to 67fc36c3 
13799a2d: folds
bf1a0c65: folds
5a8b928f: raises $0.08 to $0.13
Hero: folds
e62325ed: folds
67fc36c3: folds
Uncalled bet ($0.08) returned to 5a8b928f
*** SHOWDOWN ***
5a8b928f collected $0.12 from pot
*** SUMMARY ***
Total pot $0.12 | Rake $0 | Jackpot $0 | Bingo $0 | Fortune $0
Seat 1: 13799a2d folded before Flop (didn't bet)
Seat 2: bf1a0c65 folded before Flop (didn't bet)
Seat 3: 5a8b928f collected ($0.12)
Seat 4: Hero (button) folded before Flop (didn't bet)
Seat 5: e62325ed (small blind) folded before Flop
Seat 6: 67fc36c3 (big blind) folded before Flop


Poker Hand #HD1164531514: Hold'em No Limit  ($0.02/$0.05) - 2023/03/17 19:35:48
Table 'NLHBlue128' 6-max Seat #3 is the button
Seat 1: 13799a2d ($6.1 in chips)
Seat 2: bf1a0c65 ($5.49 in chips)
Seat 3: 5a8b928f ($5 in chips)
Seat 4: Hero ($13.04 in chips)
Seat 5: e62325ed ($4.39 in chips)
Seat 6: 67fc36c3 ($5.25 in chips)
Hero: posts small blind $0.02
e62325ed: posts big blind $0.05
*** HOLE CARDS ***
Dealt to 13799a2d 
Dealt to bf1a0c65 
Dealt to 5a8b928f 
Dealt to Hero [3c 9h]
Dealt to e62325ed 
Dealt to 67fc36c3 
67fc36c3: folds
13799a2d: raises $0.1 to $0.15
bf1a0c65: folds
5a8b928f: folds
Hero: folds
e62325ed: folds
Uncalled bet ($0.1) returned to 13799a2d
*** SHOWDOWN ***
13799a2d collected $0.12 from pot
*** SUMMARY ***
Total pot $0.12 | Rake $0 | Jackpot $0 | Bingo $0 | Fortune $0
Seat 1: 13799a2d collected ($0.12)
Seat 2: bf1a0c65 folded before Flop (didn't bet)
Seat 3: 5a8b928f (button) folded before Flop (didn't bet)
Seat 4: Hero (small blind) folded before Flop
Seat 5: e62325ed (big blind) folded before Flop
Seat 6: 67fc36c3 folded before Flop (didn't bet)


Poker Hand #HD1164531455: Hold'em No Limit  ($0.02/$0.05) - 2023/03/17 19:35:25
Table 'NLHBlue128' 6-max Seat #2 is the button
Seat 1: 13799a2d ($6.03 in chips)
Seat 2: bf1a0c65 ($5.49 in chips)
Seat 3: 5a8b928f ($5 in chips)
Seat 4: Hero ($13.09 in chips)
Seat 5: e62325ed ($4.39 in chips)
Seat 6: 67fc36c3 ($5.25 in chips)
5a8b928f: posts small blind $0.02
Hero: posts big blind $0.05
*** HOLE CARDS ***
Dealt to 13799a2d 
Dealt to bf1a0c65 
Dealt to 5a8b928f 
Dealt to Hero [Kc 4h]
Dealt to e62325ed 
Dealt to 67fc36c3 
e62325ed: folds
67fc36c3: folds
13799a2d: raises $0.1 to $0.15
bf1a0c65: folds
5a8b928f: folds
Hero: folds
Uncalled bet ($0.1) returned to 13799a2d
*** SHOWDOWN ***
13799a2d collected $0.12 from pot
*** SUMMARY ***
Total pot $0.12 | Rake $0 | Jackpot $0 | Bingo $0 | Fortune $0
Seat 1: 13799a2d collected ($0.12)
Seat 2: bf1a0c65 (button) folded before Flop (didn't bet)
Seat 3: 5a8b928f (small blind) folded before Flop
Seat 4: Hero (big blind) folded before Flop
Seat 5: e62325ed folded before Flop (didn't bet)
Seat 6: 67fc36c3 folded before Flop (didn't bet)


Poker Hand #HD1164531286: Hold'em No Limit  ($0.02/$0.05) - 2023/03/17 19:34:26
Table 'NLHBlue128' 6-max Seat #1 is the button
Seat 1: 13799a2d ($6.03 in chips)
Seat 2: bf1a0c65 ($5.51 in chips)
Seat 3: 5a8b928f ($5 in chips)
Seat 4: Hero ($13.09 in chips)
Seat 5: e62325ed ($4.59 in chips)
Seat 6: 67fc36c3 ($5 in chips)
bf1a0c65: posts small blind $0.02
5a8b928f: posts big blind $0.05
*** HOLE CARDS ***
Dealt to 13799a2d 
Dealt to bf1a0c65 
Dealt to 5a8b928f 
Dealt to Hero [3c 8d]
Dealt to e62325ed 
Dealt to 67fc36c3 
Hero: folds
e62325ed: calls $0.05
67fc36c3: raises $0.15 to $0.2
13799a2d: folds
bf1a0c65: folds
5a8b928f: folds
e62325ed: calls $0.15
*** FLOP *** [3s 4h Qs]
e62325ed: checks
67fc36c3: checks
*** TURN *** [3s 4h Qs] [Td]
e62325ed: checks
67fc36c3: checks
*** RIVER *** [3s 4h Qs Td] [Jd]
e62325ed: checks
67fc36c3: bets $0.16
e62325ed: folds
Uncalled bet ($0.16) returned to 67fc36c3
*** SHOWDOWN ***
67fc36c3 collected $0.45 from pot
*** SUMMARY ***
Total pot $0.47 | Rake $0.02 | Jackpot $0 | Bingo $0 | Fortune $0
Board [3s 4h Qs Td Jd]
Seat 1: 13799a2d (button) folded before Flop (didn't bet)
Seat 2: bf1a0c65 (small blind) folded before Flop
Seat 3: 5a8b928f (big blind) folded before Flop
Seat 4: Hero folded before Flop (didn't bet)
Seat 5: e62325ed folded on the River
Seat 6: 67fc36c3 won ($0.45)


Poker Hand #HD1164531240: Hold'em No Limit  ($0.02/$0.05) - 2023/03/17 19:34:09
Table 'NLHBlue128' 6-max Seat #6 is the button
Seat 1: 13799a2d ($5.98 in chips)
Seat 2: bf1a0c65 ($5.56 in chips)
Seat 3: 5a8b928f ($5 in chips)
Seat 4: Hero ($13.09 in chips)
Seat 5: e62325ed ($4.59 in chips)
Seat 6: 67fc36c3 ($5 in chips)
13799a2d: posts small blind $0.02
bf1a0c65: posts big blind $0.05
*** HOLE CARDS ***
Dealt to 13799a2d 
Dealt to bf1a0c65 
Dealt to 5a8b928f 
Dealt to Hero [5h 2d]
Dealt to e62325ed 
Dealt to 67fc36c3 
5a8b928f: folds
Hero: folds
e62325ed: folds
67fc36c3: folds
13799a2d: raises $0.1 to $0.15
bf1a0c65: folds
Uncalled bet ($0.1) returned to 13799a2d
*** SHOWDOWN ***
13799a2d collected $0.1 from pot
*** SUMMARY ***
Total pot $0.1 | Rake $0 | Jackpot $0 | Bingo $0 | Fortune $0
Seat 1: 13799a2d (small blind) collected ($0.1)
Seat 2: bf1a0c65 (big blind) folded before Flop
Seat 3: 5a8b928f folded before Flop (didn't bet)
Seat 4: Hero folded before Flop (didn't bet)
Seat 5: e62325ed folded before Flop (didn't bet)
Seat 6: 67fc36c3 (button) folded before Flop (didn't bet)


Poker Hand #HD1164531196: Hold'em No Limit  ($0.02/$0.05) - 2023/03/17 19:33:53
Table 'NLHBlue128' 6-max Seat #5 is the button
Seat 1: 13799a2d ($5.96 in chips)
Seat 2: bf1a0c65 ($5.56 in chips)
Seat 3: 5a8b928f ($5 in chips)
Seat 4: Hero ($13.09 in chips)
Seat 5: e62325ed ($4.59 in chips)
Seat 6: 67fc36c3 ($5 in chips)
67fc36c3: posts small blind $0.02
13799a2d: posts big blind $0.05
*** HOLE CARDS ***
Dealt to 13799a2d 
Dealt to bf1a0c65 
Dealt to 5a8b928f 
Dealt to Hero [7c 2d]
Dealt to e62325ed 
Dealt to 67fc36c3 
bf1a0c65: folds
5a8b928f: folds
Hero: folds
e62325ed: folds
67fc36c3: folds
Uncalled bet ($0.03) returned to 13799a2d
*** SHOWDOWN ***
13799a2d collected $0.04 from pot
*** SUMMARY ***
Total pot $0.04 | Rake $0 | Jackpot $0 | Bingo $0 | Fortune $0
Seat 1: 13799a2d (big blind) collected ($0.04)
Seat 2: bf1a0c65 folded before Flop (didn't bet)
Seat 3: 5a8b928f folded before Flop (didn't bet)
Seat 4: Hero folded before Flop (didn't bet)
Seat 5: e62325ed (button) folded before Flop (didn't bet)
Seat 6: 67fc36c3 (small blind) folded before Flop


Poker Hand #HD1164531089: Hold'em No Limit  ($0.02/$0.05) - 2023/03/17 19:33:14
Table 'NLHBlue128' 6-max Seat #4 is the button
Seat 1: 13799a2d ($5.96 in chips)
Seat 2: bf1a0c65 ($5.56 in chips)
Seat 3: 5a8b928f ($5 in chips)
Seat 4: Hero ($13.09 in chips)
Seat 5: e62325ed ($3.89 in chips)
Seat 6: 67fc36c3 ($5 in chips)
e62325ed: posts small blind $0.02
67fc36c3: posts big blind $0.05
*** HOLE CARDS ***
Dealt to 13799a2d 
Dealt to bf1a0c65 
Dealt to 5a8b928f 
Dealt to Hero [6h Qc]
Dealt to e62325ed 
Dealt to 67fc36c3 
13799a2d: folds
bf1a0c65: folds
5a8b928f: folds
Hero: folds
e62325ed: calls $0.03
67fc36c3: raises $0.25 to $0.3
e62325ed: calls $0.25
*** FLOP *** [Jd Th 9c]
e62325ed: checks
67fc36c3: checks
*** TURN *** [Jd Th 9c] [Td]
e62325ed: bets $0.2
67fc36c3: calls $0.2
*** RIVER *** [Jd Th 9c Td] [7s]
e62325ed: bets $0.33
67fc36c3: calls $0.33
e62325ed: shows [Kd Ts] (Three Tens)
67fc36c3: shows [9h Ah] (Pair of Tens and Pair of Nines)
*** SHOWDOWN ***
e62325ed collected $1.53 from pot
*** SUMMARY ***
Total pot $1.66 | Rake $0.08 | Jackpot $0.05 | Bingo $0 | Fortune $0
Board [Jd Th 9c Td 7s]
Seat 1: 13799a2d folded before Flop (didn't bet)
Seat 2: bf1a0c65 folded before Flop (didn't bet)
Seat 3: 5a8b928f folded before Flop (didn't bet)
Seat 4: Hero (button) folded before Flop (didn't bet)
Seat 5: e62325ed (small blind) showed [Kd Ts] and won ($1.53) with Three Tens
Seat 6: 67fc36c3 (big blind) showed [9h Ah] and lost with Pair of Tens and Pair of Nines


Poker Hand #HD1164530955: Hold'em No Limit  ($0.02/$0.05) - 2023/03/17 19:32:24
Table 'NLHBlue128' 6-max Seat #3 is the button
Seat 1: 13799a2d ($5.96 in chips)
Seat 2: bf1a0c65 ($5.29 in chips)
Seat 3: 5a8b928f ($5 in chips)
Seat 4: Hero ($13.11 in chips)
Seat 5: e62325ed ($4.16 in chips)
Seat 6: 3efb67c0 ($5 in chips)
Hero: posts small blind $0.02
e62325ed: posts big blind $0.05
*** HOLE CARDS ***
Dealt to 13799a2d 
Dealt to bf1a0c65 
Dealt to 5a8b928f 
Dealt to Hero [9d Qh]
Dealt to e62325ed 
Dealt to 3efb67c0 
3efb67c0: folds
13799a2d: folds
bf1a0c65: raises $0.06 to $0.11
5a8b928f: folds
Hero: folds
e62325ed: calls $0.06
*** FLOP *** [8s 2c 6s]
e62325ed: checks
bf1a0c65: bets $0.16
e62325ed: calls $0.16
*** TURN *** [8s 2c 6s] [Kc]
e62325ed: checks
bf1a0c65: checks
*** RIVER *** [8s 2c 6s Kc] [5h]
e62325ed: checks
bf1a0c65: bets $0.34
e62325ed: folds
Uncalled bet ($0.34) returned to bf1a0c65
*** SHOWDOWN ***
bf1a0c65 collected $0.54 from pot
*** SUMMARY ***
Total pot $0.56 | Rake $0.02 | Jackpot $0 | Bingo $0 | Fortune $0
Board [8s 2c 6s Kc 5h]
Seat 1: 13799a2d folded before Flop (didn't bet)
Seat 2: bf1a0c65 won ($0.54)
Seat 3: 5a8b928f (button) folded before Flop (didn't bet)
Seat 4: Hero (small blind) folded before Flop
Seat 5: e62325ed (big blind) folded on the River
Seat 6: 3efb67c0 folded before Flop (didn't bet)


Poker Hand #HD1164530855: Hold'em No Limit  ($0.02/$0.05) - 2023/03/17 19:31:50
Table 'NLHBlue128' 6-max Seat #2 is the button
Seat 1: 13799a2d ($5.8 in chips)
Seat 2: bf1a0c65 ($5.29 in chips)
Seat 3: 5a8b928f ($5 in chips)
Seat 4: Hero ($13.26 in chips)
Seat 5: e62325ed ($4.16 in chips)
Seat 6: 3efb67c0 ($5 in chips)
5a8b928f: posts small blind $0.02
Hero: posts big blind $0.05
*** HOLE CARDS ***
Dealt to 13799a2d 
Dealt to bf1a0c65 
Dealt to 5a8b928f 
Dealt to Hero [Qc 9h]
Dealt to e62325ed 
Dealt to 3efb67c0 
e62325ed: folds
3efb67c0: folds
13799a2d: raises $0.1 to $0.15
bf1a0c65: folds
5a8b928f: folds
Hero: calls $0.1
*** FLOP *** [8h Ad Ac]
Hero: checks
13799a2d: checks
*** TURN *** [8h Ad Ac] [7d]
Hero: checks
13799a2d: bets $0.11
Hero: folds
Uncalled bet ($0.11) returned to 13799a2d
*** SHOWDOWN ***
13799a2d collected $0.31 from pot
*** SUMMARY ***
Total pot $0.32 | Rake $0.01 | Jackpot $0 | Bingo $0 | Fortune $0
Board [8h Ad Ac 7d]
Seat 1: 13799a2d won ($0.31)
Seat 2: bf1a0c65 (button) folded before Flop (didn't bet)
Seat 3: 5a8b928f (small blind) folded before Flop
Seat 4: Hero (big blind) folded on the Turn
Seat 5: e62325ed folded before Flop (didn't bet)
Seat 6: 3efb67c0 folded before Flop (didn't bet)


Poker Hand #HD1164530741: Hold'em No Limit  ($0.02/$0.05) - 2023/03/17 19:31:09
Table 'NLHBlue128' 6-max Seat #1 is the button
Seat 1: 13799a2d ($5.8 in chips)
Seat 2: bf1a0c65 ($5.31 in chips)
Seat 3: 5a8b928f ($5 in chips)
Seat 4: Hero ($13.08 in chips)
Seat 5: e62325ed ($4.28 in chips)
Seat 6: 3efb67c0 ($5 in chips)
bf1a0c65: posts small blind $0.02
5a8b928f: posts big blind $0.05
*** HOLE CARDS ***
Dealt to 13799a2d 
Dealt to bf1a0c65 
Dealt to 5a8b928f 
Dealt to Hero [Ac Kc]
Dealt to e62325ed 
Dealt to 3efb67c0 
Hero: raises $0.07 to $0.12
e62325ed: calls $0.12
3efb67c0: folds
13799a2d: folds
bf1a0c65: folds
5a8b928f: folds
*** FLOP *** [6c Th 5d]
Hero: checks
e62325ed: checks
*** TURN *** [6c Th 5d] [7s]
Hero: checks
e62325ed: checks
*** RIVER *** [6c Th 5d 7s] [6d]
Hero: checks
e62325ed: checks
Hero: shows [Ac Kc] (Pair of Sixes)
e62325ed: shows [Ah Qh] (Pair of Sixes)
*** SHOWDOWN ***
Hero collected $0.3 from pot
*** SUMMARY ***
Total pot $0.31 | Rake $0.01 | Jackpot $0 | Bingo $0 | Fortune $0
Board [6c Th 5d 7s 6d]
Seat 1: 13799a2d (button) folded before Flop (didn't bet)
Seat 2: bf1a0c65 (small blind) folded before Flop
Seat 3: 5a8b928f (big blind) folded before Flop
Seat 4: Hero showed [Ac Kc] and won ($0.3) with Pair of Sixes
Seat 5: e62325ed showed [Ah Qh] and lost with Pair of Sixes
Seat 6: 3efb67c0 folded before Flop (didn't bet)


Poker Hand #HD1164530655: Hold'em No Limit  ($0.02/$0.05) - 2023/03/17 19:30:40
Table 'NLHBlue128' 6-max Seat #6 is the button
Seat 1: 13799a2d ($5.82 in chips)
Seat 2: bf1a0c65 ($5.24 in chips)
Seat 3: 5a8b928f ($5 in chips)
Seat 4: Hero ($13.08 in chips)
Seat 5: e62325ed ($4.33 in chips)
Seat 6: 3efb67c0 ($5 in chips)
13799a2d: posts small blind $0.02
bf1a0c65: posts big blind $0.05
*** HOLE CARDS ***
Dealt to 13799a2d 
Dealt to bf1a0c65 
Dealt to 5a8b928f 
Dealt to Hero [9c 2s]
Dealt to e62325ed 
Dealt to 3efb67c0 
5a8b928f: folds
Hero: folds
e62325ed: calls $0.05
3efb67c0: folds
13799a2d: folds
bf1a0c65: checks
*** FLOP *** [8h 6h Kc]
bf1a0c65: checks
e62325ed: checks
*** TURN *** [8h 6h Kc] [4c]
bf1a0c65: checks
e62325ed: checks
*** RIVER *** [8h 6h Kc 4c] [6d]
bf1a0c65: bets $0.06
e62325ed: folds
Uncalled bet ($0.06) returned to bf1a0c65
*** SHOWDOWN ***
bf1a0c65 collected $0.12 from pot
*** SUMMARY ***
Total pot $0.12 | Rake $0 | Jackpot $0 | Bingo $0 | Fortune $0
Board [8h 6h Kc 4c 6d]
Seat 1: 13799a2d (small blind) folded before Flop
Seat 2: bf1a0c65 (big blind) won ($0.12)
Seat 3: 5a8b928f folded before Flop (didn't bet)
Seat 4: Hero folded before Flop (didn't bet)
Seat 5: e62325ed folded on the River
Seat 6: 3efb67c0 (button) folded before Flop (didn't bet)


Poker Hand #HD1164530555: Hold'em No Limit  ($0.02/$0.05) - 2023/03/17 19:30:03
Table 'NLHBlue128' 6-max Seat #5 is the button
Seat 1: 13799a2d ($5.75 in chips)
Seat 2: bf1a0c65 ($5.24 in chips)
Seat 3: 5a8b928f ($5 in chips)
Seat 4: Hero ($13.08 in chips)
Seat 5: e62325ed ($4.38 in chips)
Seat 6: 3efb67c0 ($5 in chips)
3efb67c0: posts small blind $0.02
13799a2d: posts big blind $0.05
*** HOLE CARDS ***
Dealt to 13799a2d 
Dealt to bf1a0c65 
Dealt to 5a8b928f 
Dealt to Hero [Qh 2h]
Dealt to e62325ed 
Dealt to 3efb67c0 
bf1a0c65: folds
5a8b928f: folds
Hero: folds
e62325ed: calls $0.05
3efb67c0: folds
13799a2d: checks
*** FLOP *** [7h 7s 5h]
13799a2d: checks
e62325ed: checks
*** TURN *** [7h 7s 5h] [Th]
13799a2d: checks
e62325ed: checks
*** RIVER *** [7h 7s 5h Th] [8s]
13799a2d: checks
e62325ed: checks
13799a2d: shows [As 3h] (Pair of Sevens)
e62325ed: shows [Kd 4d] (Pair of Sevens)
*** SHOWDOWN ***
13799a2d collected $0.12 from pot
*** SUMMARY ***
Total pot $0.12 | Rake $0 | Jackpot $0 | Bingo $0 | Fortune $0
Board [7h 7s 5h Th 8s]
Seat 1: 13799a2d (big blind) showed [As 3h] and won ($0.12) with Pair of Sevens
Seat 2: bf1a0c65 folded before Flop (didn't bet)
Seat 3: 5a8b928f folded before Flop (didn't bet)
Seat 4: Hero folded before Flop (didn't bet)
Seat 5: e62325ed (button) showed [Kd 4d] and lost with Pair of Sevens
Seat 6: 3efb67c0 (small blind) folded before Flop


Poker Hand #HD1164530404: Hold'em No Limit  ($0.02/$0.05) - 2023/03/17 19:29:11
Table 'NLHBlue128' 6-max Seat #4 is the button
Seat 1: 13799a2d ($5.75 in chips)
Seat 2: bf1a0c65 ($5.03 in chips)
Seat 3: 5a8b928f ($5 in chips)
Seat 4: Hero ($13.08 in chips)
Seat 5: e62325ed ($4.49 in chips)
Seat 6: 3efb67c0 ($5 in chips)
e62325ed: posts small blind $0.02
3efb67c0: posts big blind $0.05
*** HOLE CARDS ***
Dealt to 13799a2d 
Dealt to bf1a0c65 
Dealt to 5a8b928f 
Dealt to Hero [3d 9h]
Dealt to e62325ed 
Dealt to 3efb67c0 
13799a2d: folds
bf1a0c65: raises $0.06 to $0.11
5a8b928f: folds
Hero: folds
e62325ed: calls $0.09
3efb67c0: calls $0.06
*** FLOP *** [5d 3c 9c]
e62325ed: checks
3efb67c0: checks
bf1a0c65: checks
*** TURN *** [5d 3c 9c] [Js]
e62325ed: checks
3efb67c0: checks
bf1a0c65: bets $0.22
e62325ed: folds
3efb67c0: folds
Uncalled bet ($0.22) returned to bf1a0c65
*** SHOWDOWN ***
bf1a0c65 collected $0.32 from pot
*** SUMMARY ***
Total pot $0.33 | Rake $0.01 | Jackpot $0 | Bingo $0 | Fortune $0
Board [5d 3c 9c Js]
Seat 1: 13799a2d folded before Flop (didn't bet)
Seat 2: bf1a0c65 won ($0.32)
Seat 3: 5a8b928f folded before Flop (didn't bet)
Seat 4: Hero (button) folded before Flop (didn't bet)
Seat 5: e62325ed (small blind) folded on the Turn
Seat 6: 3efb67c0 (big blind) folded on the Turn


Poker Hand #HD1164530382: Hold'em No Limit  ($0.02/$0.05) - 2023/03/17 19:29:02
Table 'NLHBlue128' 6-max Seat #3 is the button
Seat 1: 13799a2d ($5.75 in chips)
Seat 2: bf1a0c65 ($5.03 in chips)
Seat 3: 5a8b928f ($5 in chips)
Seat 4: Hero ($13.1 in chips)
Seat 5: e62325ed ($4.47 in chips)
Seat 6: 3efb67c0 ($5 in chips)
Hero: posts small blind $0.02
e62325ed: posts big blind $0.05
*** HOLE CARDS ***
Dealt to 13799a2d 
Dealt to bf1a0c65 
Dealt to 5a8b928f 
Dealt to Hero [3c Jh]
Dealt to e62325ed 
Dealt to 3efb67c0 
3efb67c0: folds
13799a2d: folds
bf1a0c65: folds
5a8b928f: folds
Hero: folds
Uncalled bet ($0.03) returned to e62325ed
*** SHOWDOWN ***
e62325ed collected $0.04 from pot
*** SUMMARY ***
Total pot $0.04 | Rake $0 | Jackpot $0 | Bingo $0 | Fortune $0
Seat 1: 13799a2d folded before Flop (didn't bet)
Seat 2: bf1a0c65 folded before Flop (didn't bet)
Seat 3: 5a8b928f (button) folded before Flop (didn't bet)
Seat 4: Hero (small blind) folded before Flop
Seat 5: e62325ed (big blind) collected ($0.04)
Seat 6: 3efb67c0 folded before Flop (didn't bet)


Poker Hand #HD1164530288: Hold'em No Limit  ($0.02/$0.05) - 2023/03/17 19:28:29
Table 'NLHBlue128' 6-max Seat #2 is the button
Seat 1: 13799a2d ($5.75 in chips)
Seat 2: bf1a0c65 ($5.03 in chips)
Seat 3: 5a8b928f ($5 in chips)
Seat 4: Hero ($13.15 in chips)
Seat 5: e62325ed ($3.85 in chips)
Seat 6: 3efb67c0 ($5 in chips)
5a8b928f: posts small blind $0.02
Hero: posts big blind $0.05
*** HOLE CARDS ***
Dealt to 13799a2d 
Dealt to bf1a0c65 
Dealt to 5a8b928f 
Dealt to Hero [Th 4h]
Dealt to e62325ed 
Dealt to 3efb67c0 
e62325ed: calls $0.05
3efb67c0: raises $0.15 to $0.2
13799a2d: folds
bf1a0c65: folds
5a8b928f: calls $0.18
Hero: folds
e62325ed: calls $0.15
*** FLOP *** [5c Kc 5h]
5a8b928f: checks
e62325ed: bets $0.22
3efb67c0: folds
5a8b928f: calls $0.22
*** TURN *** [5c Kc 5h] [Qs]
5a8b928f: checks
e62325ed: bets $0.36
5a8b928f: folds
Uncalled bet ($0.36) returned to e62325ed
*** SHOWDOWN ***
e62325ed collected $1.04 from pot
*** SUMMARY ***
Total pot $1.09 | Rake $0.05 | Jackpot $0 | Bingo $0 | Fortune $0
Board [5c Kc 5h Qs]
Seat 1: 13799a2d folded before Flop (didn't bet)
Seat 2: bf1a0c65 (button) folded before Flop (didn't bet)
Seat 3: 5a8b928f (small blind) folded on the Turn
Seat 4: Hero (big blind) folded before Flop
Seat 5: e62325ed won ($1.04)
Seat 6: 3efb67c0 folded on the Flop


Poker Hand #HD1164530202: Hold'em No Limit  ($0.02/$0.05) - 2023/03/17 19:28:01
Table 'NLHBlue128' 6-max Seat #1 is the button
Seat 1: 13799a2d ($5.75 in chips)
Seat 2: bf1a0c65 ($5.05 in chips)
Seat 3: 5a8b928f ($5.05 in chips)
Seat 4: Hero ($13.15 in chips)
Seat 5: e62325ed ($3.74 in chips)
Seat 6: 3efb67c0 ($5 in chips)
bf1a0c65: posts small blind $0.02
5a8b928f: posts big blind $0.05
*** HOLE CARDS ***
Dealt to 13799a2d 
Dealt to bf1a0c65 
Dealt to 5a8b928f 
Dealt to Hero [3h 8d]
Dealt to e62325ed 
Dealt to 3efb67c0 
Hero: folds
e62325ed: raises $0.05 to $0.1
3efb67c0: folds
13799a2d: folds
bf1a0c65: folds
5a8b928f: calls $0.05
*** FLOP *** [Js 7d 8c]
5a8b928f: checks
e62325ed: bets $0.11
5a8b928f: folds
Uncalled bet ($0.11) returned to e62325ed
*** SHOWDOWN ***
e62325ed collected $0.21 from pot
*** SUMMARY ***
Total pot $0.22 | Rake $0.01 | Jackpot $0 | Bingo $0 | Fortune $0
Board [Js 7d 8c]
Seat 1: 13799a2d (button) folded before Flop (didn't bet)
Seat 2: bf1a0c65 (small blind) folded before Flop
Seat 3: 5a8b928f (big blind) folded on the Flop
Seat 4: Hero folded before Flop (didn't bet)
Seat 5: e62325ed won ($0.21)
Seat 6: 3efb67c0 folded before Flop (didn't bet)


Poker Hand #HD1164530148: Hold'em No Limit  ($0.02/$0.05) - 2023/03/17 19:27:41
Table 'NLHBlue128' 6-max Seat #6 is the button
Seat 1: 13799a2d ($5.77 in chips)
Seat 2: bf1a0c65 ($5.1 in chips)
Seat 3: 5a8b928f ($5.05 in chips)
Seat 4: Hero ($13.08 in chips)
Seat 5: e62325ed ($3.74 in chips)
Seat 6: 3efb67c0 ($5 in chips)
13799a2d: posts small blind $0.02
bf1a0c65: posts big blind $0.05
*** HOLE CARDS ***
Dealt to 13799a2d 
Dealt to bf1a0c65 
Dealt to 5a8b928f 
Dealt to Hero [Ac 8c]
Dealt to e62325ed 
Dealt to 3efb67c0 
5a8b928f: folds
Hero: raises $0.07 to $0.12
e62325ed: folds
3efb67c0: folds
13799a2d: folds
bf1a0c65: folds
Uncalled bet ($0.07) returned to Hero
*** SHOWDOWN ***
Hero collected $0.12 from pot
*** SUMMARY ***
Total pot $0.12 | Rake $0 | Jackpot $0 | Bingo $0 | Fortune $0
Seat 1: 13799a2d (small blind) folded before Flop
Seat 2: bf1a0c65 (big blind) folded before Flop
Seat 3: 5a8b928f folded before Flop (didn't bet)
Seat 4: Hero collected ($0.12)
Seat 5: e62325ed folded before Flop (didn't bet)
Seat 6: 3efb67c0 (button) folded before Flop (didn't bet)


Poker Hand #HD1164530058: Hold'em No Limit  ($0.02/$0.05) - 2023/03/17 19:27:06
Table 'NLHBlue128' 6-max Seat #5 is the button
Seat 1: 13799a2d ($5.34 in chips)
Seat 2: bf1a0c65 ($5.1 in chips)
Seat 3: 5a8b928f ($5.05 in chips)
Seat 4: Hero ($13.08 in chips)
Seat 5: e62325ed ($4.19 in chips)
Seat 6: 3efb67c0 ($5 in chips)
3efb67c0: posts small blind $0.02
13799a2d: posts big blind $0.05
*** HOLE CARDS ***
Dealt to 13799a2d 
Dealt to bf1a0c65 
Dealt to 5a8b928f 
Dealt to Hero [8c Jd]
Dealt to e62325ed 
Dealt to 3efb67c0 
bf1a0c65: folds
5a8b928f: folds
Hero: folds
e62325ed: raises $0.05 to $0.1
3efb67c0: folds
13799a2d: raises $0.35 to $0.45
e62325ed: calls $0.35
*** FLOP *** [Ts 8h 7s]
13799a2d: checks
e62325ed: checks
*** TURN *** [Ts 8h 7s] [9h]
13799a2d: checks
e62325ed: checks
*** RIVER *** [Ts 8h 7s 9h] [5c]
13799a2d: checks
e62325ed: checks
13799a2d: shows [Qs Qd] (Pair of Queens)
e62325ed: shows [Kd Ah] (Ace-High)
*** SHOWDOWN ***
13799a2d collected $0.88 from pot
*** SUMMARY ***
Total pot $0.92 | Rake $0.04 | Jackpot $0 | Bingo $0 | Fortune $0
Board [Ts 8h 7s 9h 5c]
Seat 1: 13799a2d (big blind) showed [Qs Qd] and won ($0.88) with Pair of Queens
Seat 2: bf1a0c65 folded before Flop (didn't bet)
Seat 3: 5a8b928f folded before Flop (didn't bet)
Seat 4: Hero folded before Flop (didn't bet)
Seat 5: e62325ed (button) showed [Kd Ah] and lost with Ace-High
Seat 6: 3efb67c0 (small blind) folded before Flop


Poker Hand #HD1164529986: Hold'em No Limit  ($0.02/$0.05) - 2023/03/17 19:26:43
Table 'NLHBlue128' 6-max Seat #4 is the button
Seat 1: 13799a2d ($5.27 in chips)
Seat 2: bf1a0c65 ($5.1 in chips)
Seat 3: 5a8b928f ($5.05 in chips)
Seat 4: Hero ($13.08 in chips)
Seat 5: e62325ed ($4.21 in chips)
Seat 6: 3efb67c0 ($5 in chips)
e62325ed: posts small blind $0.02
3efb67c0: posts big blind $0.05
*** HOLE CARDS ***
Dealt to 13799a2d 
Dealt to bf1a0c65 
Dealt to 5a8b928f 
Dealt to Hero [Ts Qh]
Dealt to e62325ed 
Dealt to 3efb67c0 
13799a2d: raises $0.1 to $0.15
bf1a0c65: folds
5a8b928f: folds
Hero: folds
e62325ed: folds
3efb67c0: folds
Uncalled bet ($0.1) returned to 13799a2d
*** SHOWDOWN ***
13799a2d collected $0.12 from pot
*** SUMMARY ***
Total pot $0.12 | Rake $0 | Jackpot $0 | Bingo $0 | Fortune $0
Seat 1: 13799a2d collected ($0.12)
Seat 2: bf1a0c65 folded before Flop (didn't bet)
Seat 3: 5a8b928f folded before Flop (didn't bet)
Seat 4: Hero (button) folded before Flop (didn't bet)
Seat 5: e62325ed (small blind) folded before Flop
Seat 6: 3efb67c0 (big blind) folded before Flop


Poker Hand #HD1164529945: Hold'em No Limit  ($0.02/$0.05) - 2023/03/17 19:26:29
Table 'NLHBlue128' 6-max Seat #3 is the button
Seat 1: 13799a2d ($5.27 in chips)
Seat 2: bf1a0c65 ($5.1 in chips)
Seat 3: 5a8b928f ($5.05 in chips)
Seat 4: Hero ($13.1 in chips)
Seat 5: e62325ed ($4.19 in chips)
Seat 6: 3efb67c0 ($5 in chips)
Hero: posts small blind $0.02
e62325ed: posts big blind $0.05
*** HOLE CARDS ***
Dealt to 13799a2d 
Dealt to bf1a0c65 
Dealt to 5a8b928f 
Dealt to Hero [7d 4s]
Dealt to e62325ed 
Dealt to 3efb67c0 
3efb67c0: folds
13799a2d: folds
bf1a0c65: folds
5a8b928f: folds
Hero: folds
Uncalled bet ($0.03) returned to e62325ed
*** SHOWDOWN ***
e62325ed collected $0.04 from pot
*** SUMMARY ***
Total pot $0.04 | Rake $0 | Jackpot $0 | Bingo $0 | Fortune $0
Seat 1: 13799a2d folded before Flop (didn't bet)
Seat 2: bf1a0c65 folded before Flop (didn't bet)
Seat 3: 5a8b928f (button) folded before Flop (didn't bet)
Seat 4: Hero (small blind) folded before Flop
Seat 5: e62325ed (big blind) collected ($0.04)
Seat 6: 3efb67c0 folded before Flop (didn't bet)


Poker Hand #HD1164529799: Hold'em No Limit  ($0.02/$0.05) - 2023/03/17 19:25:36
Table 'NLHBlue128' 6-max Seat #2 is the button
Seat 1: 13799a2d ($5.27 in chips)
Seat 2: bf1a0c65 ($5.1 in chips)
Seat 3: 5a8b928f ($5.07 in chips)
Seat 4: Hero ($8.43 in chips)
Seat 5: e62325ed ($4.39 in chips)
Seat 6: 3efb67c0 ($5 in chips)
5a8b928f: posts small blind $0.02
Hero: posts big blind $0.05
*** HOLE CARDS ***
Dealt to 13799a2d 
Dealt to bf1a0c65 
Dealt to 5a8b928f 
Dealt to Hero [Kh Qd]
Dealt to e62325ed 
Dealt to 3efb67c0 
e62325ed: calls $0.05
3efb67c0: raises $0.15 to $0.2
13799a2d: folds
bf1a0c65: folds
5a8b928f: folds
Hero: calls $0.15
e62325ed: calls $0.15
*** FLOP *** [Kc Kd Qs]
Hero: checks
e62325ed: checks
3efb67c0: checks
*** TURN *** [Kc Kd Qs] [9s]
Hero: checks
e62325ed: checks
3efb67c0: checks
*** RIVER *** [Kc Kd Qs 9s] [Ks]
Hero: bets $0.93
e62325ed: folds
3efb67c0: raises $3.87 to $4.8 and is all-in
Hero: calls $3.87
3efb67c0: shows [Ad Ac] (Kings Full over Aces)
Hero: shows [Kh Qd] (Four Kings)
*** SHOWDOWN ***
Hero collected $9.67 from pot
*** SUMMARY ***
Total pot $10.22 | Rake $0.5 | Jackpot $0.05 | Bingo $0 | Fortune $0
Board [Kc Kd Qs 9s Ks]
Seat 1: 13799a2d folded before Flop (didn't bet)
Seat 2: bf1a0c65 (button) folded before Flop (didn't bet)
Seat 3: 5a8b928f (small blind) folded before Flop
Seat 4: Hero (big blind) showed [Kh Qd] and won ($9.67) with Four Kings
Seat 5: e62325ed folded on the River
Seat 6: 3efb67c0 showed [Ad Ac] and lost with Kings Full over Aces


Poker Hand #HD1164529731: Hold'em No Limit  ($0.02/$0.05) - 2023/03/17 19:25:09
Table 'NLHBlue128' 6-max Seat #1 is the button
Seat 1: 13799a2d ($5.27 in chips)
Seat 2: bf1a0c65 ($5.12 in chips)
Seat 3: 5a8b928f ($5 in chips)
Seat 4: Hero ($8.43 in chips)
Seat 5: e62325ed ($4.44 in chips)
Seat 6: 3efb67c0 ($5 in chips)
bf1a0c65: posts small blind $0.02
5a8b928f: posts big blind $0.05
*** HOLE CARDS ***
Dealt to 13799a2d 
Dealt to bf1a0c65 
Dealt to 5a8b928f 
Dealt to Hero [7c 9d]
Dealt to e62325ed 
Dealt to 3efb67c0 
Hero: folds
e62325ed: calls $0.05
3efb67c0: folds
13799a2d: folds
bf1a0c65: folds
5a8b928f: checks
*** FLOP *** [3h As Tc]
5a8b928f: checks
e62325ed: checks
*** TURN *** [3h As Tc] [7h]
5a8b928f: checks
e62325ed: checks
*** RIVER *** [3h As Tc 7h] [5c]
5a8b928f: bets $4.95 and is all-in
e62325ed: folds
Uncalled bet ($4.95) returned to 5a8b928f
*** SHOWDOWN ***
5a8b928f collected $0.12 from pot
*** SUMMARY ***
Total pot $0.12 | Rake $0 | Jackpot $0 | Bingo $0 | Fortune $0
Board [3h As Tc 7h 5c]
Seat 1: 13799a2d (button) folded before Flop (didn't bet)
Seat 2: bf1a0c65 (small blind) folded before Flop
Seat 3: 5a8b928f (big blind) won ($0.12)
Seat 4: Hero folded before Flop (didn't bet)
Seat 5: e62325ed folded on the River
Seat 6: 3efb67c0 folded before Flop (didn't bet)


Poker Hand #HD1164529651: Hold'em No Limit  ($0.02/$0.05) - 2023/03/17 19:24:40
Table 'NLHBlue128' 6-max Seat #6 is the button
Seat 1: 13799a2d ($5.29 in chips)
Seat 2: bf1a0c65 ($5.05 in chips)
Seat 3: 5a8b928f ($5 in chips)
Seat 4: Hero ($8.43 in chips)
Seat 5: e62325ed ($4.49 in chips)
Seat 6: 3efb67c0 ($5 in chips)
13799a2d: posts small blind $0.02
bf1a0c65: posts big blind $0.05
*** HOLE CARDS ***
Dealt to 13799a2d 
Dealt to bf1a0c65 
Dealt to 5a8b928f 
Dealt to Hero [Qc 8d]
Dealt to e62325ed 
Dealt to 3efb67c0 
5a8b928f: folds
Hero: folds
e62325ed: calls $0.05
3efb67c0: folds
13799a2d: folds
bf1a0c65: checks
*** FLOP *** [2s Kd Tc]
bf1a0c65: checks
e62325ed: checks
*** TURN *** [2s Kd Tc] [6c]
bf1a0c65: checks
e62325ed: checks
*** RIVER *** [2s Kd Tc 6c] [2c]
bf1a0c65: bets $0.08
e62325ed: folds
Uncalled bet ($0.08) returned to bf1a0c65
*** SHOWDOWN ***
bf1a0c65 collected $0.12 from pot
*** SUMMARY ***
Total pot $0.12 | Rake $0 | Jackpot $0 | Bingo $0 | Fortune $0
Board [2s Kd Tc 6c 2c]
Seat 1: 13799a2d (small blind) folded before Flop
Seat 2: bf1a0c65 (big blind) won ($0.12)
Seat 3: 5a8b928f folded before Flop (didn't bet)
Seat 4: Hero folded before Flop (didn't bet)
Seat 5: e62325ed folded on the River
Seat 6: 3efb67c0 (button) folded before Flop (didn't bet)


Poker Hand #HD1164529584: Hold'em No Limit  ($0.02/$0.05) - 2023/03/17 19:24:13
Table 'NLHBlue128' 6-max Seat #5 is the button
Seat 1: 13799a2d ($5 in chips)
Seat 2: bf1a0c65 ($5.05 in chips)
Seat 3: 5a8b928f ($5 in chips)
Seat 4: Hero ($8.43 in chips)
Seat 5: e62325ed ($4.79 in chips)
Seat 6: 3efb67c0 ($5 in chips)
3efb67c0: posts small blind $0.02
13799a2d: posts big blind $0.05
*** HOLE CARDS ***
Dealt to 13799a2d 
Dealt to bf1a0c65 
Dealt to 5a8b928f 
Dealt to Hero [4s Td]
Dealt to e62325ed 
Dealt to 3efb67c0 
bf1a0c65: folds
5a8b928f: folds
Hero: folds
e62325ed: calls $0.05
3efb67c0: folds
13799a2d: raises $0.25 to $0.3
e62325ed: calls $0.25
*** FLOP *** [4d Th Tc]
13799a2d: bets $0.21
e62325ed: folds
Uncalled bet ($0.21) returned to 13799a2d
*** SHOWDOWN ***
13799a2d collected $0.59 from pot
*** SUMMARY ***
Total pot $0.62 | Rake $0.03 | Jackpot $0 | Bingo $0 | Fortune $0
Board [4d Th Tc]
Seat 1: 13799a2d (big blind) won ($0.59)
Seat 2: bf1a0c65 folded before Flop (didn't bet)
Seat 3: 5a8b928f folded before Flop (didn't bet)
Seat 4: Hero folded before Flop (didn't bet)
Seat 5: e62325ed (button) folded on the Flop
Seat 6: 3efb67c0 (small blind) folded before Flop


Poker Hand #HD1164529482: Hold'em No Limit  ($0.02/$0.05) - 2023/03/17 19:23:37
Table 'NLHBlue128' 6-max Seat #4 is the button
Seat 1: 13799a2d ($5 in chips)
Seat 2: bf1a0c65 ($5.05 in chips)
Seat 4: Hero ($8.43 in chips)
Seat 5: e62325ed ($4.52 in chips)
Seat 6: 3efb67c0 ($5.23 in chips)
e62325ed: posts small blind $0.02
3efb67c0: posts big blind $0.05
*** HOLE CARDS ***
Dealt to 13799a2d 
Dealt to bf1a0c65 
Dealt to Hero [9c 8d]
Dealt to e62325ed 
Dealt to 3efb67c0 
13799a2d: folds
bf1a0c65: folds
Hero: folds
e62325ed: calls $0.03
3efb67c0: checks
*** FLOP *** [Kh Jc 4d]
e62325ed: checks
3efb67c0: checks
*** TURN *** [Kh Jc 4d] [Kd]
e62325ed: checks
3efb67c0: bets $0.05
e62325ed: calls $0.05
*** RIVER *** [Kh Jc 4d Kd] [Ks]
e62325ed: bets $0.2
3efb67c0: calls $0.2
e62325ed: shows [Kc 7d] (Four Kings)
3efb67c0: shows [4h 7h] (Kings Full over Fours)
*** SHOWDOWN ***
e62325ed collected $0.57 from pot
*** SUMMARY ***
Total pot $0.6 | Rake $0.03 | Jackpot $0 | Bingo $0 | Fortune $0
Board [Kh Jc 4d Kd Ks]
Seat 1: 13799a2d folded before Flop (didn't bet)
Seat 2: bf1a0c65 folded before Flop (didn't bet)
Seat 4: Hero (button) folded before Flop (didn't bet)
Seat 5: e62325ed (small blind) showed [Kc 7d] and won ($0.57) with Four Kings
Seat 6: 3efb67c0 (big blind) showed [4h 7h] and lost with Kings Full over Fours


Poker Hand #HD1164529393: Hold'em No Limit  ($0.02/$0.05) - 2023/03/17 19:23:06
Table 'NLHBlue128' 6-max Seat #2 is the button
Seat 1: 13799a2d ($5 in chips)
Seat 2: bf1a0c65 ($5.05 in chips)
Seat 3: 5a8b928f ($5.02 in chips)
Seat 4: Hero ($8.41 in chips)
Seat 5: e62325ed ($4.52 in chips)
Seat 6: 3efb67c0 ($5.23 in chips)
5a8b928f: posts small blind $0.02
Hero: posts big blind $0.05
*** HOLE CARDS ***
Dealt to 13799a2d 
Dealt to bf1a0c65 
Dealt to 5a8b928f 
Dealt to Hero [4c 3d]
Dealt to e62325ed 
Dealt to 3efb67c0 
e62325ed: folds
3efb67c0: folds
13799a2d: folds
bf1a0c65: folds
5a8b928f: folds
Uncalled bet ($0.03) returned to Hero
*** SHOWDOWN ***
Hero collected $0.04 from pot
*** SUMMARY ***
Total pot $0.04 | Rake $0 | Jackpot $0 | Bingo $0 | Fortune $0
Seat 1: 13799a2d folded before Flop (didn't bet)
Seat 2: bf1a0c65 (button) folded before Flop (didn't bet)
Seat 3: 5a8b928f (small blind) folded before Flop
Seat 4: Hero (big blind) collected ($0.04)
Seat 5: e62325ed folded before Flop (didn't bet)
Seat 6: 3efb67c0 folded before Flop (didn't bet)


Poker Hand #HD1164529367: Hold'em No Limit  ($0.02/$0.05) - 2023/03/17 19:22:58
Table 'NLHBlue128' 6-max Seat #1 is the button
Seat 1: 13799a2d ($5 in chips)
Seat 2: bf1a0c65 ($5.07 in chips)
Seat 3: 5a8b928f ($5 in chips)
Seat 4: Hero ($8.41 in chips)
Seat 5: e62325ed ($4.52 in chips)
Seat 6: 3efb67c0 ($5.23 in chips)
bf1a0c65: posts small blind $0.02
5a8b928f: posts big blind $0.05
*** HOLE CARDS ***
Dealt to 13799a2d 
Dealt to bf1a0c65 
Dealt to 5a8b928f 
Dealt to Hero [Th 8s]
Dealt to e62325ed 
Dealt to 3efb67c0 
Hero: folds
e62325ed: folds
3efb67c0: folds
13799a2d: folds
bf1a0c65: folds
Uncalled bet ($0.03) returned to 5a8b928f
*** SHOWDOWN ***
5a8b928f collected $0.04 from pot
*** SUMMARY ***
Total pot $0.04 | Rake $0 | Jackpot $0 | Bingo $0 | Fortune $0
Seat 1: 13799a2d (button) folded before Flop (didn't bet)
Seat 2: bf1a0c65 (small blind) folded before Flop
Seat 3: 5a8b928f (big blind) collected ($0.04)
Seat 4: Hero folded before Flop (didn't bet)
Seat 5: e62325ed folded before Flop (didn't bet)
Seat 6: 3efb67c0 folded before Flop (didn't bet)


Poker Hand #HD1164529292: Hold'em No Limit  ($0.02/$0.05) - 2023/03/17 19:22:29
Table 'NLHBlue128' 6-max Seat #6 is the button
Seat 1: 13799a2d ($5 in chips)
Seat 2: bf1a0c65 ($5 in chips)
Seat 3: 5a8b928f ($5 in chips)
Seat 4: Hero ($8.41 in chips)
Seat 5: e62325ed ($4.57 in chips)
Seat 6: 3efb67c0 ($5.23 in chips)
13799a2d: posts small blind $0.02
bf1a0c65: posts big blind $0.05
*** HOLE CARDS ***
Dealt to 13799a2d 
Dealt to bf1a0c65 
Dealt to 5a8b928f 
Dealt to Hero [6h 8s]
Dealt to e62325ed 
Dealt to 3efb67c0 
5a8b928f: folds
Hero: folds
e62325ed: calls $0.05
3efb67c0: folds
13799a2d: folds
bf1a0c65: checks
*** FLOP *** [Th Kd Ac]
bf1a0c65: checks
e62325ed: checks
*** TURN *** [Th Kd Ac] [2s]
bf1a0c65: checks
e62325ed: checks
*** RIVER *** [Th Kd Ac 2s] [Ah]
bf1a0c65: checks
e62325ed: checks
bf1a0c65: shows [Ts 9h] (Pair of Aces and Pair of Tens)
e62325ed: shows [5h 4h] (Pair of Aces)
*** SHOWDOWN ***
bf1a0c65 collected $0.12 from pot
*** SUMMARY ***
Total pot $0.12 | Rake $0 | Jackpot $0 | Bingo $0 | Fortune $0
Board [Th Kd Ac 2s Ah]
Seat 1: 13799a2d (small blind) folded before Flop
Seat 2: bf1a0c65 (big blind) showed [Ts 9h] and won ($0.12) with Pair of Aces and Pair of Tens
Seat 3: 5a8b928f folded before Flop (didn't bet)
Seat 4: Hero folded before Flop (didn't bet)
Seat 5: e62325ed showed [5h 4h] and lost with Pair of Aces
Seat 6: 3efb67c0 (button) folded before Flop (didn't bet)


Poker Hand #HD1164529138: Hold'em No Limit  ($0.02/$0.05) - 2023/03/17 19:21:30
Table 'NLHBlue128' 6-max Seat #5 is the button
Seat 1: 13799a2d ($5 in chips)
Seat 2: bf1a0c65 ($5 in chips)
Seat 3: 5a8b928f ($5 in chips)
Seat 4: Hero ($8.53 in chips)
Seat 5: e62325ed ($4.01 in chips)
Seat 6: 3efb67c0 ($5.25 in chips)
3efb67c0: posts small blind $0.02
13799a2d: posts big blind $0.05
*** HOLE CARDS ***
Dealt to 13799a2d 
Dealt to bf1a0c65 
Dealt to 5a8b928f 
Dealt to Hero [2d 2h]
Dealt to e62325ed 
Dealt to 3efb67c0 
bf1a0c65: folds
5a8b928f: folds
Hero: raises $0.07 to $0.12
e62325ed: calls $0.12
3efb67c0: folds
13799a2d: calls $0.07
*** FLOP *** [9h Tc Ks]
13799a2d: checks
Hero: checks
e62325ed: bets $0.13
13799a2d: calls $0.13
Hero: folds
*** TURN *** [9h Tc Ks] [3d]
13799a2d: checks
e62325ed: bets $0.22
13799a2d: calls $0.22
*** RIVER *** [9h Tc Ks 3d] [Ad]
13799a2d: checks
e62325ed: bets $0.54
13799a2d: folds
Uncalled bet ($0.54) returned to e62325ed
*** SHOWDOWN ***
e62325ed collected $1.03 from pot
*** SUMMARY ***
Total pot $1.08 | Rake $0.05 | Jackpot $0 | Bingo $0 | Fortune $0
Board [9h Tc Ks 3d Ad]
Seat 1: 13799a2d (big blind) folded on the River
Seat 2: bf1a0c65 folded before Flop (didn't bet)
Seat 3: 5a8b928f folded before Flop (didn't bet)
Seat 4: Hero folded on the Flop
Seat 5: e62325ed (button) won ($1.03)
Seat 6: 3efb67c0 (small blind) folded before Flop


Poker Hand #HD1164529070: Hold'em No Limit  ($0.02/$0.05) - 2023/03/17 19:21:06
Table 'NLHBlue128' 6-max Seat #4 is the button
Seat 1: 13799a2d ($5 in chips)
Seat 2: bf1a0c65 ($5 in chips)
Seat 3: 5a8b928f ($5 in chips)
Seat 4: Hero ($8.53 in chips)
Seat 5: e62325ed ($4.21 in chips)
Seat 6: 3efb67c0 ($5.07 in chips)
e62325ed: posts small blind $0.02
3efb67c0: posts big blind $0.05
*** HOLE CARDS ***
Dealt to 13799a2d 
Dealt to bf1a0c65 
Dealt to 5a8b928f 
Dealt to Hero [Jh 5s]
Dealt to e62325ed 
Dealt to 3efb67c0 
13799a2d: folds
bf1a0c65: folds
5a8b928f: folds
Hero: folds
e62325ed: calls $0.03
3efb67c0: raises $0.15 to $0.2
e62325ed: calls $0.15
*** FLOP *** [Kd 3d 5c]
e62325ed: checks
3efb67c0: bets $0.14
e62325ed: folds
Uncalled bet ($0.14) returned to 3efb67c0
*** SHOWDOWN ***
3efb67c0 collected $0.38 from pot
*** SUMMARY ***
Total pot $0.4 | Rake $0.02 | Jackpot $0 | Bingo $0 | Fortune $0
Board [Kd 3d 5c]
Seat 1: 13799a2d folded before Flop (didn't bet)
Seat 2: bf1a0c65 folded before Flop (didn't bet)
Seat 3: 5a8b928f folded before Flop (didn't bet)
Seat 4: Hero (button) folded before Flop (didn't bet)
Seat 5: e62325ed (small blind) folded on the Flop
Seat 6: 3efb67c0 (big blind) won ($0.38)


Poker Hand #HD1164528950: Hold'em No Limit  ($0.02/$0.05) - 2023/03/17 19:20:21
Table 'NLHBlue128' 6-max Seat #3 is the button
Seat 1: 13799a2d ($5 in chips)
Seat 2: bf1a0c65 ($5 in chips)
Seat 3: 5a8b928f ($6.48 in chips)
Seat 4: Hero ($8.55 in chips)
Seat 5: e62325ed ($2.23 in chips)
Seat 6: 3efb67c0 ($5.07 in chips)
Hero: posts small blind $0.02
e62325ed: posts big blind $0.05
*** HOLE CARDS ***
Dealt to 13799a2d 
Dealt to bf1a0c65 
Dealt to 5a8b928f 
Dealt to Hero [7c 4d]
Dealt to e62325ed 
Dealt to 3efb67c0 
3efb67c0: folds
13799a2d: folds
bf1a0c65: folds
5a8b928f: raises $0.08 to $0.13
Hero: folds
e62325ed: calls $0.08
*** FLOP *** [8d 5s Ts]
e62325ed: bets $0.14
5a8b928f: raises $0.32 to $0.46
e62325ed: raises $1.64 to $2.1 and is all-in
5a8b928f: calls $1.64
e62325ed: shows [Jh Jd] (Pair of Jacks)
5a8b928f: shows [9s 8s] (Pair of Eights)
*** FIRST TURN *** [8d 5s Ts] [Qd]
*** FIRST RIVER *** [8d 5s Ts Qd] [Ad]
*** SECOND TURN *** [8d 5s Ts] [Ac]
*** SECOND RIVER *** [8d 5s Ts Ac] [4h]
*** FIRST SHOWDOWN ***
e62325ed collected $2.11 from pot
*** SECOND SHOWDOWN ***
e62325ed collected $2.1 from pot
*** SUMMARY ***
Total pot $4.48 | Rake $0.22 | Jackpot $0.05 | Bingo $0 | Fortune $0
Hand was run two times
FIRST Board [8d 5s Ts Qd Ad]
SECOND Board [Ac 4h]
Seat 1: 13799a2d folded before Flop (didn't bet)
Seat 2: bf1a0c65 folded before Flop (didn't bet)
Seat 3: 5a8b928f (button) showed [9s 8s] and lost with Pair of Eights, and lost
Seat 4: Hero (small blind) folded before Flop
Seat 5: e62325ed (big blind) showed [Jh Jd] and won ($2.11) with Pair of Jacks, and won ($2.1)
Seat 6: 3efb67c0 folded before Flop (didn't bet)


Poker Hand #HD1164528873: Hold'em No Limit  ($0.02/$0.05) - 2023/03/17 19:19:53
Table 'NLHBlue128' 6-max Seat #2 is the button
Seat 1: 13799a2d ($5 in chips)
Seat 2: bf1a0c65 ($5 in chips)
Seat 3: 5a8b928f ($6.5 in chips)
Seat 4: Hero ($8.65 in chips)
Seat 5: e62325ed ($2.12 in chips)
Seat 6: 3efb67c0 ($5.07 in chips)
5a8b928f: posts small blind $0.02
Hero: posts big blind $0.05
*** HOLE CARDS ***
Dealt to 13799a2d 
Dealt to bf1a0c65 
Dealt to 5a8b928f 
Dealt to Hero [4d 4c]
Dealt to e62325ed 
Dealt to 3efb67c0 
e62325ed: raises $0.05 to $0.1
3efb67c0: folds
13799a2d: folds
bf1a0c65: folds
5a8b928f: folds
Hero: calls $0.05
*** FLOP *** [5d Qc Qd]
Hero: checks
e62325ed: checks
*** TURN *** [5d Qc Qd] [As]
Hero: checks
e62325ed: bets $0.22
Hero: folds
Uncalled bet ($0.22) returned to e62325ed
*** SHOWDOWN ***
e62325ed collected $0.21 from pot
*** SUMMARY ***
Total pot $0.22 | Rake $0.01 | Jackpot $0 | Bingo $0 | Fortune $0
Board [5d Qc Qd As]
Seat 1: 13799a2d folded before Flop (didn't bet)
Seat 2: bf1a0c65 (button) folded before Flop (didn't bet)
Seat 3: 5a8b928f (small blind) folded before Flop
Seat 4: Hero (big blind) folded on the Turn
Seat 5: e62325ed won ($0.21)
Seat 6: 3efb67c0 folded before Flop (didn't bet)


Poker Hand #HD1164528802: Hold'em No Limit  ($0.02/$0.05) - 2023/03/17 19:19:26
Table 'NLHBlue128' 6-max Seat #1 is the button
Seat 1: 13799a2d ($5 in chips)
Seat 2: bf1a0c65 ($5 in chips)
Seat 3: 5a8b928f ($6.49 in chips)
Seat 4: Hero ($8.65 in chips)
Seat 5: e62325ed ($2.11 in chips)
Seat 6: 3efb67c0 ($5.07 in chips)
bf1a0c65: posts small blind $0.02
5a8b928f: posts big blind $0.05
*** HOLE CARDS ***
Dealt to 13799a2d 
Dealt to bf1a0c65 
Dealt to 5a8b928f 
Dealt to Hero [6h Ac]
Dealt to e62325ed 
Dealt to 3efb67c0 
Hero: folds
e62325ed: calls $0.05
3efb67c0: folds
13799a2d: folds
bf1a0c65: folds
5a8b928f: checks
*** FLOP *** [4s Jd Kh]
5a8b928f: checks
e62325ed: checks
*** TURN *** [4s Jd Kh] [8d]
5a8b928f: checks
e62325ed: checks
*** RIVER *** [4s Jd Kh 8d] [Ah]
5a8b928f: checks
e62325ed: checks
5a8b928f: shows [7c 4h] (Pair of Fours)
e62325ed: shows [4d 5d] (Pair of Fours)
*** SHOWDOWN ***
5a8b928f collected $0.06 from pot
e62325ed collected $0.06 from pot
*** SUMMARY ***
Total pot $0.12 | Rake $0 | Jackpot $0 | Bingo $0 | Fortune $0
Board [4s Jd Kh 8d Ah]
Seat 1: 13799a2d (button) folded before Flop (didn't bet)
Seat 2: bf1a0c65 (small blind) folded before Flop
Seat 3: 5a8b928f (big blind) showed [7c 4h] and won ($0.06) with Pair of Fours
Seat 4: Hero folded before Flop (didn't bet)
Seat 5: e62325ed showed [4d 5d] and won ($0.06) with Pair of Fours
Seat 6: 3efb67c0 folded before Flop (didn't bet)


Poker Hand #HD1164528763: Hold'em No Limit  ($0.02/$0.05) - 2023/03/17 19:19:11
Table 'NLHBlue128' 6-max Seat #6 is the button
Seat 1: 13799a2d ($5 in chips)
Seat 2: bf1a0c65 ($5 in chips)
Seat 3: 5a8b928f ($6.49 in chips)
Seat 4: Hero ($8.65 in chips)
Seat 5: e62325ed ($2.11 in chips)
Seat 6: 3efb67c0 ($5 in chips)
13799a2d: posts small blind $0.02
bf1a0c65: posts big blind $0.05
*** HOLE CARDS ***
Dealt to 13799a2d 
Dealt to bf1a0c65 
Dealt to 5a8b928f 
Dealt to Hero [5s Qc]
Dealt to e62325ed 
Dealt to 3efb67c0 
5a8b928f: folds
Hero: folds
e62325ed: folds
3efb67c0: raises $0.07 to $0.12
13799a2d: folds
bf1a0c65: folds
Uncalled bet ($0.07) returned to 3efb67c0
*** SHOWDOWN ***
3efb67c0 collected $0.12 from pot
*** SUMMARY ***
Total pot $0.12 | Rake $0 | Jackpot $0 | Bingo $0 | Fortune $0
Seat 1: 13799a2d (small blind) folded before Flop
Seat 2: bf1a0c65 (big blind) folded before Flop
Seat 3: 5a8b928f folded before Flop (didn't bet)
Seat 4: Hero folded before Flop (didn't bet)
Seat 5: e62325ed folded before Flop (didn't bet)
Seat 6: 3efb67c0 (button) collected ($0.12)


Poker Hand #HD1164528652: Hold'em No Limit  ($0.02/$0.05) - 2023/03/17 19:18:26
Table 'NLHBlue128' 6-max Seat #5 is the button
Seat 1: 13799a2d ($5 in chips)
Seat 2: bf1a0c65 ($5 in chips)
Seat 3: 5a8b928f ($6.49 in chips)
Seat 4: Hero ($8.04 in chips)
Seat 5: e62325ed ($2.71 in chips)
Seat 6: 3efb67c0 ($5 in chips)
3efb67c0: posts small blind $0.02
13799a2d: posts big blind $0.05
*** HOLE CARDS ***
Dealt to 13799a2d 
Dealt to bf1a0c65 
Dealt to 5a8b928f 
Dealt to Hero [Th Ts]
Dealt to e62325ed 
Dealt to 3efb67c0 
bf1a0c65: folds
5a8b928f: folds
Hero: raises $0.07 to $0.12
e62325ed: calls $0.12
3efb67c0: folds
13799a2d: folds
*** FLOP *** [Kd 3s 4s]
Hero: bets $0.16
e62325ed: calls $0.16
*** TURN *** [Kd 3s 4s] [9c]
Hero: bets $0.32
e62325ed: calls $0.32
*** RIVER *** [Kd 3s 4s 9c] [Kh]
Hero: bets $0.64
e62325ed: folds
Uncalled bet ($0.64) returned to Hero
*** SHOWDOWN ***
Hero collected $1.21 from pot
*** SUMMARY ***
Total pot $1.27 | Rake $0.06 | Jackpot $0 | Bingo $0 | Fortune $0
Board [Kd 3s 4s 9c Kh]
Seat 1: 13799a2d (big blind) folded before Flop
Seat 2: bf1a0c65 folded before Flop (didn't bet)
Seat 3: 5a8b928f folded before Flop (didn't bet)
Seat 4: Hero won ($1.21)
Seat 5: e62325ed (button) folded on the River
Seat 6: 3efb67c0 (small blind) folded before Flop


Poker Hand #HD1164528570: Hold'em No Limit  ($0.02/$0.05) - 2023/03/17 19:17:53
Table 'NLHBlue128' 6-max Seat #4 is the button
Seat 1: 13799a2d ($5 in chips)
Seat 2: bf1a0c65 ($5 in chips)
Seat 3: 5a8b928f ($6.49 in chips)
Seat 4: Hero ($7.59 in chips)
Seat 5: e62325ed ($3.04 in chips)
Seat 6: 3efb67c0 ($5.03 in chips)
e62325ed: posts small blind $0.02
3efb67c0: posts big blind $0.05
*** HOLE CARDS ***
Dealt to 13799a2d 
Dealt to bf1a0c65 
Dealt to 5a8b928f 
Dealt to Hero [Qs Qd]
Dealt to e62325ed 
Dealt to 3efb67c0 
13799a2d: folds
bf1a0c65: raises $0.06 to $0.11
5a8b928f: folds
Hero: raises $0.22 to $0.33
e62325ed: calls $0.31
3efb67c0: folds
bf1a0c65: folds
*** FLOP *** [Ks Kc 9s]
e62325ed: checks
Hero: bets $0.62
e62325ed: folds
Uncalled bet ($0.62) returned to Hero
*** SHOWDOWN ***
Hero collected $0.78 from pot
*** SUMMARY ***
Total pot $0.82 | Rake $0.04 | Jackpot $0 | Bingo $0 | Fortune $0
Board [Ks Kc 9s]
Seat 1: 13799a2d folded before Flop (didn't bet)
Seat 2: bf1a0c65 folded before Flop
Seat 3: 5a8b928f folded before Flop (didn't bet)
Seat 4: Hero (button) won ($0.78)
Seat 5: e62325ed (small blind) folded on the Flop
Seat 6: 3efb67c0 (big blind) folded before Flop


Poker Hand #HD1164528497: Hold'em No Limit  ($0.02/$0.05) - 2023/03/17 19:17:26
Table 'NLHBlue128' 6-max Seat #3 is the button
Seat 1: 13799a2d ($5 in chips)
Seat 2: bf1a0c65 ($5 in chips)
Seat 3: 5a8b928f ($6.62 in chips)
Seat 4: Hero ($7.42 in chips)
Seat 5: e62325ed ($3.09 in chips)
Seat 6: 3efb67c0 ($5.03 in chips)
Hero: posts small blind $0.02
e62325ed: posts big blind $0.05
*** HOLE CARDS ***
Dealt to 13799a2d 
Dealt to bf1a0c65 
Dealt to 5a8b928f 
Dealt to Hero [Jc Qc]
Dealt to e62325ed 
Dealt to 3efb67c0 
3efb67c0: folds
13799a2d: folds
bf1a0c65: folds
5a8b928f: raises $0.08 to $0.13
Hero: raises $0.43 to $0.56
e62325ed: folds
5a8b928f: folds
Uncalled bet ($0.43) returned to Hero
*** SHOWDOWN ***
Hero collected $0.3 from pot
*** SUMMARY ***
Total pot $0.31 | Rake $0.01 | Jackpot $0 | Bingo $0 | Fortune $0
Seat 1: 13799a2d folded before Flop (didn't bet)
Seat 2: bf1a0c65 folded before Flop (didn't bet)
Seat 3: 5a8b928f (button) folded before Flop
Seat 4: Hero (small blind) collected ($0.3)
Seat 5: e62325ed (big blind) folded before Flop
Seat 6: 3efb67c0 folded before Flop (didn't bet)


Poker Hand #HD1164528460: Hold'em No Limit  ($0.02/$0.05) - 2023/03/17 19:17:16
Table 'NLHBlue128' 6-max Seat #2 is the button
Seat 1: 13799a2d ($5 in chips)
Seat 2: bf1a0c65 ($5 in chips)
Seat 3: 5a8b928f ($6.64 in chips)
Seat 4: Hero ($7.4 in chips)
Seat 5: e62325ed ($3.09 in chips)
Seat 6: 3efb67c0 ($5.03 in chips)
5a8b928f: posts small blind $0.02
Hero: posts big blind $0.05
*** HOLE CARDS ***
Dealt to 13799a2d 
Dealt to bf1a0c65 
Dealt to 5a8b928f 
Dealt to Hero [7s Jd]
Dealt to e62325ed 
Dealt to 3efb67c0 
e62325ed: folds
3efb67c0: folds
13799a2d: folds
bf1a0c65: folds
5a8b928f: folds
Uncalled bet ($0.03) returned to Hero
*** SHOWDOWN ***
Hero collected $0.04 from pot
*** SUMMARY ***
Total pot $0.04 | Rake $0 | Jackpot $0 | Bingo $0 | Fortune $0
Seat 1: 13799a2d folded before Flop (didn't bet)
Seat 2: bf1a0c65 (button) folded before Flop (didn't bet)
Seat 3: 5a8b928f (small blind) folded before Flop
Seat 4: Hero (big blind) collected ($0.04)
Seat 5: e62325ed folded before Flop (didn't bet)
Seat 6: 3efb67c0 folded before Flop (didn't bet)


Poker Hand #HD1164528387: Hold'em No Limit  ($0.02/$0.05) - 2023/03/17 19:16:48
Table 'NLHBlue128' 6-max Seat #1 is the button
Seat 1: 13799a2d ($5.12 in chips)
Seat 2: bf1a0c65 ($5.02 in chips)
Seat 3: 5a8b928f ($6.5 in chips)
Seat 4: Hero ($7.4 in chips)
Seat 5: e62325ed ($3.09 in chips)
Seat 6: 3efb67c0 ($5.03 in chips)
bf1a0c65: posts small blind $0.02
5a8b928f: posts big blind $0.05
*** HOLE CARDS ***
Dealt to 13799a2d 
Dealt to bf1a0c65 
Dealt to 5a8b928f 
Dealt to Hero [8c Qh]
Dealt to e62325ed 
Dealt to 3efb67c0 
Hero: folds
e62325ed: folds
3efb67c0: folds
13799a2d: raises $0.08 to $0.13
bf1a0c65: folds
5a8b928f: raises $0.31 to $0.44
13799a2d: folds
Uncalled bet ($0.31) returned to 5a8b928f
*** SHOWDOWN ***
5a8b928f collected $0.27 from pot
*** SUMMARY ***
Total pot $0.28 | Rake $0.01 | Jackpot $0 | Bingo $0 | Fortune $0
Seat 1: 13799a2d (button) folded before Flop
Seat 2: bf1a0c65 (small blind) folded before Flop
Seat 3: 5a8b928f (big blind) collected ($0.27)
Seat 4: Hero folded before Flop (didn't bet)
Seat 5: e62325ed folded before Flop (didn't bet)
Seat 6: 3efb67c0 folded before Flop (didn't bet)


Poker Hand #HD1164528319: Hold'em No Limit  ($0.02/$0.05) - 2023/03/17 19:16:27
Table 'NLHBlue128' 6-max Seat #6 is the button
Seat 1: 13799a2d ($5.07 in chips)
Seat 2: bf1a0c65 ($5.07 in chips)
Seat 3: 5a8b928f ($6.5 in chips)
Seat 4: Hero ($7.4 in chips)
Seat 5: e62325ed ($3.09 in chips)
Seat 6: 3efb67c0 ($5.03 in chips)
13799a2d: posts small blind $0.02
bf1a0c65: posts big blind $0.05
*** HOLE CARDS ***
Dealt to 13799a2d 
Dealt to bf1a0c65 
Dealt to 5a8b928f 
Dealt to Hero [3c 8c]
Dealt to e62325ed 
Dealt to 3efb67c0 
5a8b928f: folds
Hero: folds
e62325ed: folds
3efb67c0: folds
13799a2d: raises $0.1 to $0.15
bf1a0c65: folds
Uncalled bet ($0.1) returned to 13799a2d
*** SHOWDOWN ***
13799a2d collected $0.1 from pot
*** SUMMARY ***
Total pot $0.1 | Rake $0 | Jackpot $0 | Bingo $0 | Fortune $0
Seat 1: 13799a2d (small blind) collected ($0.1)
Seat 2: bf1a0c65 (big blind) folded before Flop
Seat 3: 5a8b928f folded before Flop (didn't bet)
Seat 4: Hero folded before Flop (didn't bet)
Seat 5: e62325ed folded before Flop (didn't bet)
Seat 6: 3efb67c0 (button) folded before Flop (didn't bet)


Poker Hand #HD1164528269: Hold'em No Limit  ($0.02/$0.05) - 2023/03/17 19:16:10
Table 'NLHBlue128' 6-max Seat #5 is the button
Seat 1: 13799a2d ($5 in chips)
Seat 2: bf1a0c65 ($5.07 in chips)
Seat 3: 5a8b928f ($6.5 in chips)
Seat 4: Hero ($7.4 in chips)
Seat 5: e62325ed ($3.14 in chips)
Seat 6: 3efb67c0 ($5.05 in chips)
3efb67c0: posts small blind $0.02
13799a2d: posts big blind $0.05
*** HOLE CARDS ***
Dealt to 13799a2d 
Dealt to bf1a0c65 
Dealt to 5a8b928f 
Dealt to Hero [2d Ts]
Dealt to e62325ed 
Dealt to 3efb67c0 
bf1a0c65: folds
5a8b928f: folds
Hero: folds
e62325ed: calls $0.05
3efb67c0: folds
13799a2d: raises $0.25 to $0.3
e62325ed: folds
Uncalled bet ($0.25) returned to 13799a2d
*** SHOWDOWN ***
13799a2d collected $0.12 from pot
*** SUMMARY ***
Total pot $0.12 | Rake $0 | Jackpot $0 | Bingo $0 | Fortune $0
Seat 1: 13799a2d (big blind) collected ($0.12)
Seat 2: bf1a0c65 folded before Flop (didn't bet)
Seat 3: 5a8b928f folded before Flop (didn't bet)
Seat 4: Hero folded before Flop (didn't bet)
Seat 5: e62325ed (button) folded before Flop
Seat 6: 3efb67c0 (small blind) folded before Flop


Poker Hand #HD1164528207: Hold'em No Limit  ($0.02/$0.05) - 2023/03/17 19:15:47
Table 'NLHBlue128' 6-max Seat #4 is the button
Seat 1: 13799a2d ($5 in chips)
Seat 2: bf1a0c65 ($5.07 in chips)
Seat 3: 5a8b928f ($6.43 in chips)
Seat 4: Hero ($7.4 in chips)
Seat 5: e62325ed ($3.16 in chips)
Seat 6: 3efb67c0 ($5 in chips)
e62325ed: posts small blind $0.02
3efb67c0: posts big blind $0.05
*** HOLE CARDS ***
Dealt to 13799a2d 
Dealt to bf1a0c65 
Dealt to 5a8b928f 
Dealt to Hero [2d 7h]
Dealt to e62325ed 
Dealt to 3efb67c0 
13799a2d: folds
bf1a0c65: folds
5a8b928f: raises $0.08 to $0.13
Hero: folds
e62325ed: folds
3efb67c0: folds
Uncalled bet ($0.08) returned to 5a8b928f
*** SHOWDOWN ***
5a8b928f collected $0.12 from pot
*** SUMMARY ***
Total pot $0.12 | Rake $0 | Jackpot $0 | Bingo $0 | Fortune $0
Seat 1: 13799a2d folded before Flop (didn't bet)
Seat 2: bf1a0c65 folded before Flop (didn't bet)
Seat 3: 5a8b928f collected ($0.12)
Seat 4: Hero (button) folded before Flop (didn't bet)
Seat 5: e62325ed (small blind) folded before Flop
Seat 6: 3efb67c0 (big blind) folded before Flop


Poker Hand #HD1164528176: Hold'em No Limit  ($0.02/$0.05) - 2023/03/17 19:15:37
Table 'NLHBlue128' 6-max Seat #3 is the button
Seat 1: 13799a2d ($5 in chips)
Seat 2: bf1a0c65 ($5.07 in chips)
Seat 3: 5a8b928f ($6.43 in chips)
Seat 4: Hero ($7.42 in chips)
Seat 5: e62325ed ($3.14 in chips)
Hero: posts small blind $0.02
e62325ed: posts big blind $0.05
*** HOLE CARDS ***
Dealt to 13799a2d 
Dealt to bf1a0c65 
Dealt to 5a8b928f 
Dealt to Hero [2d 3d]
Dealt to e62325ed 
13799a2d: folds
bf1a0c65: folds
5a8b928f: folds
Hero: folds
Uncalled bet ($0.03) returned to e62325ed
*** SHOWDOWN ***
e62325ed collected $0.04 from pot
*** SUMMARY ***
Total pot $0.04 | Rake $0 | Jackpot $0 | Bingo $0 | Fortune $0
Seat 1: 13799a2d folded before Flop (didn't bet)
Seat 2: bf1a0c65 folded before Flop (didn't bet)
Seat 3: 5a8b928f (button) folded before Flop (didn't bet)
Seat 4: Hero (small blind) folded before Flop
Seat 5: e62325ed (big blind) collected ($0.04)


Poker Hand #HD1164528094: Hold'em No Limit  ($0.02/$0.05) - 2023/03/17 19:15:07
Table 'NLHBlue128' 6-max Seat #2 is the button
Seat 1: 13799a2d ($5 in chips)
Seat 2: bf1a0c65 ($5.07 in chips)
Seat 3: 5a8b928f ($6.45 in chips)
Seat 4: Hero ($7.59 in chips)
Seat 5: e62325ed ($2.96 in chips)
5a8b928f: posts small blind $0.02
Hero: posts big blind $0.05
*** HOLE CARDS ***
Dealt to 13799a2d 
Dealt to bf1a0c65 
Dealt to 5a8b928f 
Dealt to Hero [9c 3c]
Dealt to e62325ed 
e62325ed: calls $0.05
13799a2d: folds
bf1a0c65: folds
5a8b928f: folds
Hero: checks
*** FLOP *** [Ts 7d 8h]
Hero: checks
e62325ed: bets $0.12
Hero: calls $0.12
*** TURN *** [Ts 7d 8h] [Qc]
Hero: checks
e62325ed: checks
*** RIVER *** [Ts 7d 8h Qc] [As]
Hero: checks
e62325ed: checks
Hero: shows [9c 3c] (Ace-High)
e62325ed: shows [Tc 9h] (Pair of Tens)
*** SHOWDOWN ***
e62325ed collected $0.35 from pot
*** SUMMARY ***
Total pot $0.36 | Rake $0.01 | Jackpot $0 | Bingo $0 | Fortune $0
Board [Ts 7d 8h Qc As]
Seat 1: 13799a2d folded before Flop (didn't bet)
Seat 2: bf1a0c65 (button) folded before Flop (didn't bet)
Seat 3: 5a8b928f (small blind) folded before Flop
Seat 4: Hero (big blind) showed [9c 3c] and lost with Ace-High
Seat 5: e62325ed showed [Tc 9h] and won ($0.35) with Pair of Tens


Poker Hand #HD1164528054: Hold'em No Limit  ($0.02/$0.05) - 2023/03/17 19:14:52
Table 'NLHBlue128' 6-max Seat #1 is the button
Seat 1: 13799a2d ($4.98 in chips)
Seat 2: bf1a0c65 ($5.02 in chips)
Seat 3: 5a8b928f ($6.5 in chips)
Seat 4: Hero ($7.59 in chips)
Seat 5: e62325ed ($2.96 in chips)
bf1a0c65: posts small blind $0.02
5a8b928f: posts big blind $0.05
*** HOLE CARDS ***
Dealt to 13799a2d 
Dealt to bf1a0c65 
Dealt to 5a8b928f 
Dealt to Hero [5s Kd]
Dealt to e62325ed 
Hero: folds
e62325ed: folds
13799a2d: folds
bf1a0c65: raises $0.1 to $0.15
5a8b928f: folds
Uncalled bet ($0.1) returned to bf1a0c65
*** SHOWDOWN ***
bf1a0c65 collected $0.1 from pot
*** SUMMARY ***
Total pot $0.1 | Rake $0 | Jackpot $0 | Bingo $0 | Fortune $0
Seat 1: 13799a2d (button) folded before Flop (didn't bet)
Seat 2: bf1a0c65 (small blind) collected ($0.1)
Seat 3: 5a8b928f (big blind) folded before Flop
Seat 4: Hero folded before Flop (didn't bet)
Seat 5: e62325ed folded before Flop (didn't bet)


Poker Hand #HD1164528031: Hold'em No Limit  ($0.02/$0.05) - 2023/03/17 19:14:44
Table 'NLHBlue128' 6-max Seat #5 is the button
Seat 1: 13799a2d ($5 in chips)
Seat 2: bf1a0c65 ($5 in chips)
Seat 3: 5a8b928f ($6.5 in chips)
Seat 4: Hero ($7.59 in chips)
Seat 5: e62325ed ($2.96 in chips)
13799a2d: posts small blind $0.02
bf1a0c65: posts big blind $0.05
*** HOLE CARDS ***
Dealt to 13799a2d 
Dealt to bf1a0c65 
Dealt to 5a8b928f 
Dealt to Hero [Kc 8s]
Dealt to e62325ed 
5a8b928f: folds
Hero: folds
e62325ed: folds
13799a2d: folds
Uncalled bet ($0.03) returned to bf1a0c65
*** SHOWDOWN ***
bf1a0c65 collected $0.04 from pot
*** SUMMARY ***
Total pot $0.04 | Rake $0 | Jackpot $0 | Bingo $0 | Fortune $0
Seat 1: 13799a2d (small blind) folded before Flop
Seat 2: bf1a0c65 (big blind) collected ($0.04)
Seat 3: 5a8b928f folded before Flop (didn't bet)
Seat 4: Hero folded before Flop (didn't bet)
Seat 5: e62325ed (button) folded before Flop (didn't bet)


Poker Hand #HD1164527930: Hold'em No Limit  ($0.02/$0.05) - 2023/03/17 19:14:07
Table 'NLHBlue128' 6-max Seat #4 is the button
Seat 1: 13799a2d ($5 in chips)
Seat 2: bf1a0c65 ($5 in chips)
Seat 3: 5a8b928f ($6.63 in chips)
Seat 4: Hero ($7.59 in chips)
Seat 5: e62325ed ($2.79 in chips)
e62325ed: posts small blind $0.02
13799a2d: posts big blind $0.05
*** HOLE CARDS ***
Dealt to 13799a2d 
Dealt to bf1a0c65 
Dealt to 5a8b928f 
Dealt to Hero [3s 2c]
Dealt to e62325ed 
bf1a0c65: folds
5a8b928f: raises $0.08 to $0.13
Hero: folds
e62325ed: calls $0.11
13799a2d: folds
*** FLOP *** [9d 3d Ah]
e62325ed: checks
5a8b928f: checks
*** TURN *** [9d 3d Ah] [5d]
e62325ed: bets $0.16
5a8b928f: folds
Uncalled bet ($0.16) returned to e62325ed
*** SHOWDOWN ***
e62325ed collected $0.3 from pot
*** SUMMARY ***
Total pot $0.31 | Rake $0.01 | Jackpot $0 | Bingo $0 | Fortune $0
Board [9d 3d Ah 5d]
Seat 1: 13799a2d (big blind) folded before Flop
Seat 2: bf1a0c65 folded before Flop (didn't bet)
Seat 3: 5a8b928f folded on the Turn
Seat 4: Hero (button) folded before Flop (didn't bet)
Seat 5: e62325ed (small blind) won ($0.3)


Poker Hand #HD1164527832: Hold'em No Limit  ($0.02/$0.05) - 2023/03/17 19:13:29
Table 'NLHBlue128' 6-max Seat #3 is the button
Seat 1: 13799a2d ($5 in chips)
Seat 2: bf1a0c65 ($5 in chips)
Seat 3: 5a8b928f ($6.76 in chips)
Seat 4: Hero ($7.61 in chips)
Seat 5: e62325ed ($2.65 in chips)
Seat 6: 3f390df7 ($3.54 in chips)
Hero: posts small blind $0.02
e62325ed: posts big blind $0.05
*** HOLE CARDS ***
Dealt to 13799a2d 
Dealt to bf1a0c65 
Dealt to 5a8b928f 
Dealt to Hero [Ah 9d]
Dealt to e62325ed 
Dealt to 3f390df7 
3f390df7: folds
13799a2d: folds
bf1a0c65: folds
5a8b928f: raises $0.08 to $0.13
Hero: folds
e62325ed: calls $0.08
*** FLOP *** [Qs Ts 4s]
e62325ed: bets $0.1
5a8b928f: folds
Uncalled bet ($0.1) returned to e62325ed
*** SHOWDOWN ***
e62325ed collected $0.27 from pot
*** SUMMARY ***
Total pot $0.28 | Rake $0.01 | Jackpot $0 | Bingo $0 | Fortune $0
Board [Qs Ts 4s]
Seat 1: 13799a2d folded before Flop (didn't bet)
Seat 2: bf1a0c65 folded before Flop (didn't bet)
Seat 3: 5a8b928f (button) folded on the Flop
Seat 4: Hero (small blind) folded before Flop
Seat 5: e62325ed (big blind) won ($0.27)
Seat 6: 3f390df7 folded before Flop (didn't bet)


Poker Hand #HD1164527800: Hold'em No Limit  ($0.02/$0.05) - 2023/03/17 19:13:18
Table 'NLHBlue128' 6-max Seat #2 is the button
Seat 1: 13799a2d ($5 in chips)
Seat 2: bf1a0c65 ($5 in chips)
Seat 3: 5a8b928f ($6.78 in chips)
Seat 4: Hero ($7.66 in chips)
Seat 5: e62325ed ($2.58 in chips)
Seat 6: 3f390df7 ($3.54 in chips)
5a8b928f: posts small blind $0.02
Hero: posts big blind $0.05
*** HOLE CARDS ***
Dealt to 13799a2d 
Dealt to bf1a0c65 
Dealt to 5a8b928f 
Dealt to Hero [Jc 5s]
Dealt to e62325ed 
Dealt to 3f390df7 
e62325ed: raises $0.05 to $0.1
3f390df7: folds
13799a2d: folds
bf1a0c65: folds
5a8b928f: folds
Hero: folds
Uncalled bet ($0.05) returned to e62325ed
*** SHOWDOWN ***
e62325ed collected $0.12 from pot
*** SUMMARY ***
Total pot $0.12 | Rake $0 | Jackpot $0 | Bingo $0 | Fortune $0
Seat 1: 13799a2d folded before Flop (didn't bet)
Seat 2: bf1a0c65 (button) folded before Flop (didn't bet)
Seat 3: 5a8b928f (small blind) folded before Flop
Seat 4: Hero (big blind) folded before Flop
Seat 5: e62325ed collected ($0.12)
Seat 6: 3f390df7 folded before Flop (didn't bet)


Poker Hand #HD1164527762: Hold'em No Limit  ($0.02/$0.05) - 2023/03/17 19:13:05
Table 'NLHBlue128' 6-max Seat #1 is the button
Seat 1: 13799a2d ($5 in chips)
Seat 2: bf1a0c65 ($5 in chips)
Seat 3: 5a8b928f ($6.83 in chips)
Seat 4: Hero ($7.66 in chips)
Seat 5: e62325ed ($2.58 in chips)
Seat 6: 3f390df7 ($3.47 in chips)
bf1a0c65: posts small blind $0.02
5a8b928f: posts big blind $0.05
*** HOLE CARDS ***
Dealt to 13799a2d 
Dealt to bf1a0c65 
Dealt to 5a8b928f 
Dealt to Hero [Js 8h]
Dealt to e62325ed 
Dealt to 3f390df7 
Hero: folds
e62325ed: folds
3f390df7: raises $0.05 to $0.1
13799a2d: folds
bf1a0c65: folds
5a8b928f: folds
Uncalled bet ($0.05) returned to 3f390df7
*** SHOWDOWN ***
3f390df7 collected $0.12 from pot
*** SUMMARY ***
Total pot $0.12 | Rake $0 | Jackpot $0 | Bingo $0 | Fortune $0
Seat 1: 13799a2d (button) folded before Flop (didn't bet)
Seat 2: bf1a0c65 (small blind) folded before Flop
Seat 3: 5a8b928f (big blind) folded before Flop
Seat 4: Hero folded before Flop (didn't bet)
Seat 5: e62325ed folded before Flop (didn't bet)
Seat 6: 3f390df7 collected ($0.12)


Poker Hand #HD1164527675: Hold'em No Limit  ($0.02/$0.05) - 2023/03/17 19:12:34
Table 'NLHBlue128' 6-max Seat #6 is the button
Seat 1: 13799a2d ($5 in chips)
Seat 2: bf1a0c65 ($5 in chips)
Seat 3: 5a8b928f ($6.83 in chips)
Seat 4: Hero ($7.66 in chips)
Seat 5: e62325ed ($2.29 in chips)
Seat 6: 3f390df7 ($3.71 in chips)
13799a2d: posts small blind $0.02
bf1a0c65: posts big blind $0.05
*** HOLE CARDS ***
Dealt to 13799a2d 
Dealt to bf1a0c65 
Dealt to 5a8b928f 
Dealt to Hero [Ks 2d]
Dealt to e62325ed 
Dealt to 3f390df7 
5a8b928f: folds
Hero: folds
e62325ed: raises $0.05 to $0.1
3f390df7: raises $0.14 to $0.24
13799a2d: folds
bf1a0c65: folds
e62325ed: calls $0.14
*** FLOP *** [9h 5h 3s]
e62325ed: checks
3f390df7: checks
*** TURN *** [9h 5h 3s] [3d]
e62325ed: bets $0.28
3f390df7: folds
Uncalled bet ($0.28) returned to e62325ed
*** SHOWDOWN ***
e62325ed collected $0.53 from pot
*** SUMMARY ***
Total pot $0.55 | Rake $0.02 | Jackpot $0 | Bingo $0 | Fortune $0
Board [9h 5h 3s 3d]
Seat 1: 13799a2d (small blind) folded before Flop
Seat 2: bf1a0c65 (big blind) folded before Flop
Seat 3: 5a8b928f folded before Flop (didn't bet)
Seat 4: Hero folded before Flop (didn't bet)
Seat 5: e62325ed won ($0.53)
Seat 6: 3f390df7 (button) folded on the Turn


Poker Hand #HD1164527598: Hold'em No Limit  ($0.02/$0.05) - 2023/03/17 19:12:07
Table 'NLHBlue128' 6-max Seat #5 is the button
Seat 1: 13799a2d ($5 in chips)
Seat 2: bf1a0c65 ($5 in chips)
Seat 3: 5a8b928f ($6.83 in chips)
Seat 4: Hero ($7.39 in chips)
Seat 5: e62325ed ($2.41 in chips)
Seat 6: 3f390df7 ($3.83 in chips)
3f390df7: posts small blind $0.02
13799a2d: posts big blind $0.05
*** HOLE CARDS ***
Dealt to 13799a2d 
Dealt to bf1a0c65 
Dealt to 5a8b928f 
Dealt to Hero [7d Td]
Dealt to e62325ed 
Dealt to 3f390df7 
bf1a0c65: folds
5a8b928f: folds
Hero: raises $0.07 to $0.12
e62325ed: calls $0.12
3f390df7: calls $0.1
13799a2d: folds
*** FLOP *** [Ad 6h 9d]
3f390df7: checks
Hero: bets $0.31
e62325ed: folds
3f390df7: folds
Uncalled bet ($0.31) returned to Hero
*** SHOWDOWN ***
Hero collected $0.39 from pot
*** SUMMARY ***
Total pot $0.41 | Rake $0.02 | Jackpot $0 | Bingo $0 | Fortune $0
Board [Ad 6h 9d]
Seat 1: 13799a2d (big blind) folded before Flop
Seat 2: bf1a0c65 folded before Flop (didn't bet)
Seat 3: 5a8b928f folded before Flop (didn't bet)
Seat 4: Hero won ($0.39)
Seat 5: e62325ed (button) folded on the Flop
Seat 6: 3f390df7 (small blind) folded on the Flop


Poker Hand #HD1164527510: Hold'em No Limit  ($0.02/$0.05) - 2023/03/17 19:11:33
Table 'NLHBlue128' 6-max Seat #4 is the button
Seat 2: bf1a0c65 ($5 in chips)
Seat 3: 5a8b928f ($6.83 in chips)
Seat 4: Hero ($7.39 in chips)
Seat 5: e62325ed ($2.23 in chips)
Seat 6: 3f390df7 ($4.03 in chips)
e62325ed: posts small blind $0.02
3f390df7: posts big blind $0.05
*** HOLE CARDS ***
Dealt to bf1a0c65 
Dealt to 5a8b928f 
Dealt to Hero [7s 3d]
Dealt to e62325ed 
Dealt to 3f390df7 
bf1a0c65: folds
5a8b928f: folds
Hero: folds
e62325ed: calls $0.03
3f390df7: checks
*** FLOP *** [As 3h 5d]
e62325ed: bets $0.1
3f390df7: calls $0.1
*** TURN *** [As 3h 5d] [4s]
e62325ed: checks
3f390df7: checks
*** RIVER *** [As 3h 5d 4s] [4c]
e62325ed: checks
3f390df7: bets $0.05
e62325ed: calls $0.05
3f390df7: shows [8s 8h] (Pair of Eights and Pair of Fours)
e62325ed: shows [Ac 9c] (Pair of Aces and Pair of Fours)
*** SHOWDOWN ***
e62325ed collected $0.38 from pot
*** SUMMARY ***
Total pot $0.4 | Rake $0.02 | Jackpot $0 | Bingo $0 | Fortune $0
Board [As 3h 5d 4s 4c]
Seat 2: bf1a0c65 folded before Flop (didn't bet)
Seat 3: 5a8b928f folded before Flop (didn't bet)
Seat 4: Hero (button) folded before Flop (didn't bet)
Seat 5: e62325ed (small blind) showed [Ac 9c] and won ($0.38) with Pair of Aces and Pair of Fours
Seat 6: 3f390df7 (big blind) showed [8s 8h] and lost with Pair of Eights and Pair of Fours


Poker Hand #HD1164527420: Hold'em No Limit  ($0.02/$0.05) - 2023/03/17 19:10:57
Table 'NLHBlue128' 6-max Seat #3 is the button
Seat 2: bf1a0c65 ($5 in chips)
Seat 3: 5a8b928f ($6.83 in chips)
Seat 4: Hero ($7.41 in chips)
Seat 5: e62325ed ($0.56 in chips)
Hero: posts small blind $0.02
e62325ed: posts big blind $0.05
*** HOLE CARDS ***
Dealt to bf1a0c65 
Dealt to 5a8b928f 
Dealt to Hero [9s 7c]
Dealt to e62325ed 
bf1a0c65: raises $0.06 to $0.11
5a8b928f: folds
Hero: folds
e62325ed: calls $0.06
*** FLOP *** [6c 4d 7d]
e62325ed: checks
bf1a0c65: checks
*** TURN *** [6c 4d 7d] [Js]
e62325ed: bets $0.12
bf1a0c65: calls $0.12
*** RIVER *** [6c 4d 7d Js] [Tc]
e62325ed: bets $0.33 and is all-in
bf1a0c65: calls $0.33
e62325ed: shows [Jh 6d] (Pair of Jacks and Pair of Sixes)
bf1a0c65: shows [8s 8h] (Pair of Eights)
*** SHOWDOWN ***
e62325ed collected $1.09 from pot
*** SUMMARY ***
Total pot $1.14 | Rake $0.05 | Jackpot $0 | Bingo $0 | Fortune $0
Board [6c 4d 7d Js Tc]
Seat 2: bf1a0c65 showed [8s 8h] and lost with Pair of Eights
Seat 3: 5a8b928f (button) folded before Flop (didn't bet)
Seat 4: Hero (small blind) folded before Flop
Seat 5: e62325ed (big blind) showed [Jh 6d] and won ($1.09) with Pair of Jacks and Pair of Sixes


Poker Hand #HD1164527390: Hold'em No Limit  ($0.02/$0.05) - 2023/03/17 19:10:48
Table 'NLHBlue128' 6-max Seat #2 is the button
Seat 2: bf1a0c65 ($5 in chips)
Seat 3: 5a8b928f ($6.85 in chips)
Seat 4: Hero ($7.39 in chips)
Seat 5: e62325ed ($0.56 in chips)
5a8b928f: posts small blind $0.02
Hero: posts big blind $0.05
*** HOLE CARDS ***
Dealt to bf1a0c65 
Dealt to 5a8b928f 
Dealt to Hero [9c Tc]
Dealt to e62325ed 
e62325ed: folds
bf1a0c65: folds
5a8b928f: folds
Uncalled bet ($0.03) returned to Hero
*** SHOWDOWN ***
Hero collected $0.04 from pot
*** SUMMARY ***
Total pot $0.04 | Rake $0 | Jackpot $0 | Bingo $0 | Fortune $0
Seat 2: bf1a0c65 (button) folded before Flop (didn't bet)
Seat 3: 5a8b928f (small blind) folded before Flop
Seat 4: Hero (big blind) collected ($0.04)
Seat 5: e62325ed folded before Flop (didn't bet)


Poker Hand #HD1164527331: Hold'em No Limit  ($0.02/$0.05) - 2023/03/17 19:10:27
Table 'NLHBlue128' 6-max Seat #5 is the button
Seat 2: bf1a0c65 ($5 in chips)
Seat 3: 5a8b928f ($6.9 in chips)
Seat 4: Hero ($7.39 in chips)
Seat 5: e62325ed ($0.49 in chips)
bf1a0c65: posts small blind $0.02
5a8b928f: posts big blind $0.05
*** HOLE CARDS ***
Dealt to bf1a0c65 
Dealt to 5a8b928f 
Dealt to Hero [Td 7s]
Dealt to e62325ed 
Hero: folds
e62325ed: calls $0.05
bf1a0c65: folds
5a8b928f: checks
*** FLOP *** [Qs 5c 4s]
5a8b928f: checks
e62325ed: bets $0.12
5a8b928f: folds
Uncalled bet ($0.12) returned to e62325ed
*** SHOWDOWN ***
e62325ed collected $0.12 from pot
*** SUMMARY ***
Total pot $0.12 | Rake $0 | Jackpot $0 | Bingo $0 | Fortune $0
Board [Qs 5c 4s]
Seat 2: bf1a0c65 (small blind) folded before Flop
Seat 3: 5a8b928f (big blind) folded on the Flop
Seat 4: Hero folded before Flop (didn't bet)
Seat 5: e62325ed (button) won ($0.12)


Poker Hand #HD1164527249: Hold'em No Limit  ($0.02/$0.05) - 2023/03/17 19:10:02
Table 'NLHBlue128' 6-max Seat #4 is the button
Seat 2: bf1a0c65 ($5 in chips)
Seat 3: 5a8b928f ($6.73 in chips)
Seat 4: Hero ($7.39 in chips)
Seat 5: e62325ed ($0.62 in chips)
e62325ed: posts small blind $0.02
bf1a0c65: posts big blind $0.05
*** HOLE CARDS ***
Dealt to bf1a0c65 
Dealt to 5a8b928f 
Dealt to Hero [2s 2h]
Dealt to e62325ed 
5a8b928f: raises $0.08 to $0.13
Hero: folds
e62325ed: calls $0.11
bf1a0c65: folds
*** FLOP *** [5s 3s 8s]
e62325ed: checks
5a8b928f: bets $0.54
e62325ed: folds
Uncalled bet ($0.54) returned to 5a8b928f
*** SHOWDOWN ***
5a8b928f collected $0.3 from pot
*** SUMMARY ***
Total pot $0.31 | Rake $0.01 | Jackpot $0 | Bingo $0 | Fortune $0
Board [5s 3s 8s]
Seat 2: bf1a0c65 (big blind) folded before Flop
Seat 3: 5a8b928f won ($0.3)
Seat 4: Hero (button) folded before Flop (didn't bet)
Seat 5: e62325ed (small blind) folded on the Flop


Poker Hand #HD1164527188: Hold'em No Limit  ($0.02/$0.05) - 2023/03/17 19:09:35
Table 'NLHBlue128' 6-max Seat #3 is the button
Seat 2: bf1a0c65 ($5 in chips)
Seat 3: 5a8b928f ($6.73 in chips)
Seat 4: Hero ($7.26 in chips)
Seat 5: e62325ed ($0.76 in chips)
Hero: posts small blind $0.02
e62325ed: posts big blind $0.05
*** HOLE CARDS ***
Dealt to bf1a0c65 
Dealt to 5a8b928f 
Dealt to Hero [Qd 9s]
Dealt to e62325ed 
bf1a0c65: folds
5a8b928f: folds
Hero: raises $0.09 to $0.14
e62325ed: calls $0.09
*** FLOP *** [3h 8c Ad]
Hero: bets $0.1
e62325ed: folds
Uncalled bet ($0.1) returned to Hero
*** SHOWDOWN ***
Hero collected $0.27 from pot
*** SUMMARY ***
Total pot $0.28 | Rake $0.01 | Jackpot $0 | Bingo $0 | Fortune $0
Board [3h 8c Ad]
Seat 2: bf1a0c65 folded before Flop (didn't bet)
Seat 3: 5a8b928f (button) folded before Flop (didn't bet)
Seat 4: Hero (small blind) won ($0.27)
Seat 5: e62325ed (big blind) folded on the Flop


Poker Hand #HD1164527148: Hold'em No Limit  ($0.02/$0.05) - 2023/03/17 19:09:22
Table 'NLHBlue128' 6-max Seat #2 is the button
Seat 2: bf1a0c65 ($5 in chips)
Seat 3: 5a8b928f ($6.68 in chips)
Seat 4: Hero ($7.31 in chips)
Seat 5: e62325ed ($0.76 in chips)
5a8b928f: posts small blind $0.02
Hero: posts big blind $0.05
*** HOLE CARDS ***
Dealt to bf1a0c65 
Dealt to 5a8b928f 
Dealt to Hero [4c 3d]
Dealt to e62325ed 
e62325ed: folds
bf1a0c65: folds
5a8b928f: raises $0.1 to $0.15
Hero: folds
Uncalled bet ($0.1) returned to 5a8b928f
*** SHOWDOWN ***
5a8b928f collected $0.1 from pot
*** SUMMARY ***
Total pot $0.1 | Rake $0 | Jackpot $0 | Bingo $0 | Fortune $0
Seat 2: bf1a0c65 (button) folded before Flop (didn't bet)
Seat 3: 5a8b928f (small blind) collected ($0.1)
Seat 4: Hero (big blind) folded before Flop
Seat 5: e62325ed folded before Flop (didn't bet)


Poker Hand #HD1164527039: Hold'em No Limit  ($0.02/$0.05) - 2023/03/17 19:08:48
Table 'NLHBlue128' 6-max Seat #5 is the button
Seat 2: bf1a0c65 ($5 in chips)
Seat 3: 5a8b928f ($6.22 in chips)
Seat 4: Hero ($7.31 in chips)
Seat 5: e62325ed ($1.25 in chips)
bf1a0c65: posts small blind $0.02
5a8b928f: posts big blind $0.05
*** HOLE CARDS ***
Dealt to bf1a0c65 
Dealt to 5a8b928f 
Dealt to Hero [3c 7s]
Dealt to e62325ed 
Hero: folds
e62325ed: calls $0.05
bf1a0c65: folds
5a8b928f: checks
*** FLOP *** [6c 8d Qh]
5a8b928f: checks
e62325ed: checks
*** TURN *** [6c 8d Qh] [4c]
5a8b928f: checks
e62325ed: checks
*** RIVER *** [6c 8d Qh 4c] [4h]
5a8b928f: checks
e62325ed: bets $0.12
5a8b928f: raises $0.32 to $0.44
e62325ed: calls $0.32
5a8b928f: shows [3s 4s] (Three Fours)
e62325ed: shows [Td Ac] (Pair of Fours)
*** SHOWDOWN ***
5a8b928f collected $0.95 from pot
*** SUMMARY ***
Total pot $1 | Rake $0.05 | Jackpot $0 | Bingo $0 | Fortune $0
Board [6c 8d Qh 4c 4h]
Seat 2: bf1a0c65 (small blind) folded before Flop
Seat 3: 5a8b928f (big blind) showed [3s 4s] and won ($0.95) with Three Fours
Seat 4: Hero folded before Flop (didn't bet)
Seat 5: e62325ed (button) showed [Td Ac] and lost with Pair of Fours


Poker Hand #HD1164526986: Hold'em No Limit  ($0.02/$0.05) - 2023/03/17 19:08:25
Table 'NLHBlue128' 6-max Seat #4 is the button
Seat 2: bf1a0c65 ($5.03 in chips)
Seat 3: 5a8b928f ($6.05 in chips)
Seat 4: Hero ($7.31 in chips)
Seat 5: e62325ed ($1.38 in chips)
e62325ed: posts small blind $0.02
bf1a0c65: posts big blind $0.05
*** HOLE CARDS ***
Dealt to bf1a0c65 
Dealt to 5a8b928f 
Dealt to Hero [9d 6c]
Dealt to e62325ed 
5a8b928f: raises $0.08 to $0.13
Hero: folds
e62325ed: calls $0.11
bf1a0c65: folds
*** FLOP *** [7h 5c Jd]
e62325ed: checks
5a8b928f: checks
*** TURN *** [7h 5c Jd] [Ad]
e62325ed: checks
5a8b928f: bets $0.11
e62325ed: folds
Uncalled bet ($0.11) returned to 5a8b928f
*** SHOWDOWN ***
5a8b928f collected $0.3 from pot
*** SUMMARY ***
Total pot $0.31 | Rake $0.01 | Jackpot $0 | Bingo $0 | Fortune $0
Board [7h 5c Jd Ad]
Seat 2: bf1a0c65 (big blind) folded before Flop
Seat 3: 5a8b928f won ($0.3)
Seat 4: Hero (button) folded before Flop (didn't bet)
Seat 5: e62325ed (small blind) folded on the Turn


Poker Hand #HD1164526869: Hold'em No Limit  ($0.02/$0.05) - 2023/03/17 19:07:44
Table 'NLHBlue128' 6-max Seat #3 is the button
Seat 2: bf1a0c65 ($5.03 in chips)
Seat 3: 5a8b928f ($5.53 in chips)
Seat 4: Hero ($7.33 in chips)
Seat 5: e62325ed ($1.93 in chips)
Hero: posts small blind $0.02
e62325ed: posts big blind $0.05
*** HOLE CARDS ***
Dealt to bf1a0c65 
Dealt to 5a8b928f 
Dealt to Hero [5s 2h]
Dealt to e62325ed 
bf1a0c65: folds
5a8b928f: raises $0.08 to $0.13
Hero: folds
e62325ed: calls $0.08
*** FLOP *** [Jc Kh 4h]
e62325ed: checks
5a8b928f: bets $0.14
e62325ed: calls $0.14
*** TURN *** [Jc Kh 4h] [5d]
e62325ed: checks
5a8b928f: bets $0.28
e62325ed: calls $0.28
*** RIVER *** [Jc Kh 4h 5d] [4c]
e62325ed: checks
5a8b928f: bets $0.7
e62325ed: folds
Uncalled bet ($0.7) returned to 5a8b928f
*** SHOWDOWN ***
5a8b928f collected $1.07 from pot
*** SUMMARY ***
Total pot $1.12 | Rake $0.05 | Jackpot $0 | Bingo $0 | Fortune $0
Board [Jc Kh 4h 5d 4c]
Seat 2: bf1a0c65 folded before Flop (didn't bet)
Seat 3: 5a8b928f (button) won ($1.07)
Seat 4: Hero (small blind) folded before Flop
Seat 5: e62325ed (big blind) folded on the River


Poker Hand #HD1164526849: Hold'em No Limit  ($0.02/$0.05) - 2023/03/17 19:07:37
Table 'NLHBlue128' 6-max Seat #2 is the button
Seat 2: bf1a0c65 ($5.03 in chips)
Seat 3: 5a8b928f ($5.55 in chips)
Seat 4: Hero ($7.31 in chips)
Seat 5: e62325ed ($1.93 in chips)
5a8b928f: posts small blind $0.02
Hero: posts big blind $0.05
*** HOLE CARDS ***
Dealt to bf1a0c65 
Dealt to 5a8b928f 
Dealt to Hero [7d 9c]
Dealt to e62325ed 
e62325ed: folds
bf1a0c65: folds
5a8b928f: folds
Uncalled bet ($0.03) returned to Hero
*** SHOWDOWN ***
Hero collected $0.04 from pot
*** SUMMARY ***
Total pot $0.04 | Rake $0 | Jackpot $0 | Bingo $0 | Fortune $0
Seat 2: bf1a0c65 (button) folded before Flop (didn't bet)
Seat 3: 5a8b928f (small blind) folded before Flop
Seat 4: Hero (big blind) collected ($0.04)
Seat 5: e62325ed folded before Flop (didn't bet)


Poker Hand #HD1164526808: Hold'em No Limit  ($0.02/$0.05) - 2023/03/17 19:07:23
Table 'NLHBlue128' 6-max Seat #5 is the button
Seat 2: bf1a0c65 ($5.05 in chips)
Seat 3: 5a8b928f ($5.6 in chips)
Seat 4: Hero ($7.24 in chips)
Seat 5: e62325ed ($1.93 in chips)
bf1a0c65: posts small blind $0.02
5a8b928f: posts big blind $0.05
*** HOLE CARDS ***
Dealt to bf1a0c65 
Dealt to 5a8b928f 
Dealt to Hero [Kd 4d]
Dealt to e62325ed 
Hero: raises $0.07 to $0.12
e62325ed: folds
bf1a0c65: folds
5a8b928f: folds
Uncalled bet ($0.07) returned to Hero
*** SHOWDOWN ***
Hero collected $0.12 from pot
*** SUMMARY ***
Total pot $0.12 | Rake $0 | Jackpot $0 | Bingo $0 | Fortune $0
Seat 2: bf1a0c65 (small blind) folded before Flop
Seat 3: 5a8b928f (big blind) folded before Flop
Seat 4: Hero collected ($0.12)
Seat 5: e62325ed (button) folded before Flop (didn't bet)


Poker Hand #HD1164526734: Hold'em No Limit  ($0.02/$0.05) - 2023/03/17 19:07:00
Table 'NLHBlue128' 6-max Seat #4 is the button
Seat 2: bf1a0c65 ($5 in chips)
Seat 3: 5a8b928f ($5.6 in chips)
Seat 4: Hero ($7.24 in chips)
Seat 5: e62325ed ($1.88 in chips)
e62325ed: posts small blind $0.02
bf1a0c65: posts big blind $0.05
*** HOLE CARDS ***
Dealt to bf1a0c65 
Dealt to 5a8b928f 
Dealt to Hero [9h 6d]
Dealt to e62325ed 
5a8b928f: folds
Hero: folds
e62325ed: calls $0.03
bf1a0c65: checks
*** FLOP *** [7c 9s Qs]
e62325ed: bets $0.1
bf1a0c65: folds
Uncalled bet ($0.1) returned to e62325ed
*** SHOWDOWN ***
e62325ed collected $0.1 from pot
*** SUMMARY ***
Total pot $0.1 | Rake $0 | Jackpot $0 | Bingo $0 | Fortune $0
Board [7c 9s Qs]
Seat 2: bf1a0c65 (big blind) folded on the Flop
Seat 3: 5a8b928f folded before Flop (didn't bet)
Seat 4: Hero (button) folded before Flop (didn't bet)
Seat 5: e62325ed (small blind) won ($0.1)


Poker Hand #HD1164526697: Hold'em No Limit  ($0.02/$0.05) - 2023/03/17 19:06:45
Table 'NLHBlue128' 6-max Seat #3 is the button
Seat 2: bf1a0c65 ($5 in chips)
Seat 3: 5a8b928f ($5.6 in chips)
Seat 4: Hero ($7.26 in chips)
Seat 5: e62325ed ($1.86 in chips)
Hero: posts small blind $0.02
e62325ed: posts big blind $0.05
*** HOLE CARDS ***
Dealt to bf1a0c65 
Dealt to 5a8b928f 
Dealt to Hero [Kd 8c]
Dealt to e62325ed 
bf1a0c65: folds
5a8b928f: folds
Hero: folds
Uncalled bet ($0.03) returned to e62325ed
*** SHOWDOWN ***
e62325ed collected $0.04 from pot
*** SUMMARY ***
Total pot $0.04 | Rake $0 | Jackpot $0 | Bingo $0 | Fortune $0
Seat 2: bf1a0c65 folded before Flop (didn't bet)
Seat 3: 5a8b928f (button) folded before Flop (didn't bet)
Seat 4: Hero (small blind) folded before Flop
Seat 5: e62325ed (big blind) collected ($0.04)


Poker Hand #HD1164526627: Hold'em No Limit  ($0.02/$0.05) - 2023/03/17 19:06:16
Table 'NLHBlue128' 6-max Seat #2 is the button
Seat 2: bf1a0c65 ($5 in chips)
Seat 3: 5a8b928f ($5.62 in chips)
Seat 4: Hero ($7.19 in chips)
Seat 5: e62325ed ($1.91 in chips)
5a8b928f: posts small blind $0.02
Hero: posts big blind $0.05
*** HOLE CARDS ***
Dealt to bf1a0c65 
Dealt to 5a8b928f 
Dealt to Hero [Qc 4d]
Dealt to e62325ed 
e62325ed: calls $0.05
bf1a0c65: folds
5a8b928f: folds
Hero: checks
*** FLOP *** [7c Td 9c]
Hero: checks
e62325ed: checks
*** TURN *** [7c Td 9c] [Jc]
Hero: bets $0.09
e62325ed: folds
Uncalled bet ($0.09) returned to Hero
*** SHOWDOWN ***
Hero collected $0.12 from pot
*** SUMMARY ***
Total pot $0.12 | Rake $0 | Jackpot $0 | Bingo $0 | Fortune $0
Board [7c Td 9c Jc]
Seat 2: bf1a0c65 (button) folded before Flop (didn't bet)
Seat 3: 5a8b928f (small blind) folded before Flop
Seat 4: Hero (big blind) won ($0.12)
Seat 5: e62325ed folded on the Turn


Poker Hand #HD1164526512: Hold'em No Limit  ($0.02/$0.05) - 2023/03/17 19:05:38
Table 'NLHBlue128' 6-max Seat #5 is the button
Seat 2: bf1a0c65 ($5 in chips)
Seat 3: 5a8b928f ($5.62 in chips)
Seat 4: Hero ($7.19 in chips)
Seat 5: e62325ed ($1.91 in chips)
bf1a0c65: posts small blind $0.02
5a8b928f: posts big blind $0.05
*** HOLE CARDS ***
Dealt to bf1a0c65 
Dealt to 5a8b928f 
Dealt to Hero [Qh 4c]
Dealt to e62325ed 
Hero: folds
e62325ed: calls $0.05
bf1a0c65: folds
5a8b928f: checks
*** FLOP *** [Kc 8s 9c]
5a8b928f: checks
e62325ed: bets $0.06
5a8b928f: calls $0.06
*** TURN *** [Kc 8s 9c] [Ad]
5a8b928f: checks
e62325ed: bets $0.08
5a8b928f: calls $0.08
*** RIVER *** [Kc 8s 9c Ad] [9s]
5a8b928f: checks
e62325ed: checks
5a8b928f: shows [Kd 6d] (Pair of Kings and Pair of Nines)
e62325ed: shows [Td Ks] (Pair of Kings and Pair of Nines)
*** SHOWDOWN ***
5a8b928f collected $0.19 from pot
e62325ed collected $0.19 from pot
*** SUMMARY ***
Total pot $0.4 | Rake $0.02 | Jackpot $0 | Bingo $0 | Fortune $0
Board [Kc 8s 9c Ad 9s]
Seat 2: bf1a0c65 (small blind) folded before Flop
Seat 3: 5a8b928f (big blind) showed [Kd 6d] and won ($0.19) with Pair of Kings and Pair of Nines
Seat 4: Hero folded before Flop (didn't bet)
Seat 5: e62325ed (button) showed [Td Ks] and won ($0.19) with Pair of Kings and Pair of Nines


Poker Hand #HD1164526406: Hold'em No Limit  ($0.02/$0.05) - 2023/03/17 19:05:02
Table 'NLHBlue128' 6-max Seat #4 is the button
Seat 2: bf1a0c65 ($5 in chips)
Seat 3: 5a8b928f ($5.25 in chips)
Seat 4: Hero ($7.19 in chips)
Seat 5: e62325ed ($2.26 in chips)
e62325ed: posts small blind $0.02
bf1a0c65: posts big blind $0.05
*** HOLE CARDS ***
Dealt to bf1a0c65 
Dealt to 5a8b928f 
Dealt to Hero [5h 3c]
Dealt to e62325ed 
5a8b928f: raises $0.08 to $0.13
Hero: folds
e62325ed: calls $0.11
bf1a0c65: folds
*** FLOP *** [Js Qh Td]
e62325ed: checks
5a8b928f: bets $0.22
e62325ed: calls $0.22
*** TURN *** [Js Qh Td] [4d]
e62325ed: checks
5a8b928f: bets $0.62
e62325ed: folds
Uncalled bet ($0.62) returned to 5a8b928f
*** SHOWDOWN ***
5a8b928f collected $0.72 from pot
*** SUMMARY ***
Total pot $0.75 | Rake $0.03 | Jackpot $0 | Bingo $0 | Fortune $0
Board [Js Qh Td 4d]
Seat 2: bf1a0c65 (big blind) folded before Flop
Seat 3: 5a8b928f won ($0.72)
Seat 4: Hero (button) folded before Flop (didn't bet)
Seat 5: e62325ed (small blind) folded on the Turn


Poker Hand #HD1164526386: Hold'em No Limit  ($0.02/$0.05) - 2023/03/17 19:04:55
Table 'NLHBlue128' 6-max Seat #3 is the button
Seat 2: bf1a0c65 ($5 in chips)
Seat 3: 5a8b928f ($5.25 in chips)
Seat 4: Hero ($7.21 in chips)
Seat 5: e62325ed ($2.24 in chips)
Hero: posts small blind $0.02
e62325ed: posts big blind $0.05
*** HOLE CARDS ***
Dealt to bf1a0c65 
Dealt to 5a8b928f 
Dealt to Hero [4h 9h]
Dealt to e62325ed 
bf1a0c65: folds
5a8b928f: folds
Hero: folds
Uncalled bet ($0.03) returned to e62325ed
*** SHOWDOWN ***
e62325ed collected $0.04 from pot
*** SUMMARY ***
Total pot $0.04 | Rake $0 | Jackpot $0 | Bingo $0 | Fortune $0
Seat 2: bf1a0c65 folded before Flop (didn't bet)
Seat 3: 5a8b928f (button) folded before Flop (didn't bet)
Seat 4: Hero (small blind) folded before Flop
Seat 5: e62325ed (big blind) collected ($0.04)


Poker Hand #HD1164526298: Hold'em No Limit  ($0.02/$0.05) - 2023/03/17 19:04:25
Table 'NLHBlue128' 6-max Seat #2 is the button
Seat 2: bf1a0c65 ($5 in chips)
Seat 3: 5a8b928f ($5.02 in chips)
Seat 4: Hero ($7.26 in chips)
Seat 5: e62325ed ($2.44 in chips)
5a8b928f: posts small blind $0.02
Hero: posts big blind $0.05
*** HOLE CARDS ***
Dealt to bf1a0c65 
Dealt to 5a8b928f 
Dealt to Hero [9d Tc]
Dealt to e62325ed 
e62325ed: calls $0.05
bf1a0c65: folds
5a8b928f: raises $0.15 to $0.2
Hero: folds
e62325ed: calls $0.15
*** FLOP *** [5s 2s 6c]
5a8b928f: checks
e62325ed: checks
*** TURN *** [5s 2s 6c] [8d]
5a8b928f: bets $0.23
e62325ed: folds
Uncalled bet ($0.23) returned to 5a8b928f
*** SHOWDOWN ***
5a8b928f collected $0.43 from pot
*** SUMMARY ***
Total pot $0.45 | Rake $0.02 | Jackpot $0 | Bingo $0 | Fortune $0
Board [5s 2s 6c 8d]
Seat 2: bf1a0c65 (button) folded before Flop (didn't bet)
Seat 3: 5a8b928f (small blind) won ($0.43)
Seat 4: Hero (big blind) folded before Flop
Seat 5: e62325ed folded on the Turn


Poker Hand #HD1164526280: Hold'em No Limit  ($0.02/$0.05) - 2023/03/17 19:04:18
Table 'NLHBlue128' 6-max Seat #5 is the button
Seat 2: bf1a0c65 ($5.02 in chips)
Seat 3: 5a8b928f ($5 in chips)
Seat 4: Hero ($7.26 in chips)
Seat 5: e62325ed ($2.44 in chips)
bf1a0c65: posts small blind $0.02
5a8b928f: posts big blind $0.05
*** HOLE CARDS ***
Dealt to bf1a0c65 
Dealt to 5a8b928f 
Dealt to Hero [6c Th]
Dealt to e62325ed 
Hero: folds
e62325ed: folds
bf1a0c65: folds
Uncalled bet ($0.03) returned to 5a8b928f
*** SHOWDOWN ***
5a8b928f collected $0.04 from pot
*** SUMMARY ***
Total pot $0.04 | Rake $0 | Jackpot $0 | Bingo $0 | Fortune $0
Seat 2: bf1a0c65 (small blind) folded before Flop
Seat 3: 5a8b928f (big blind) collected ($0.04)
Seat 4: Hero folded before Flop (didn't bet)
Seat 5: e62325ed (button) folded before Flop (didn't bet)


Poker Hand #HD1164526263: Hold'em No Limit  ($0.02/$0.05) - 2023/03/17 19:04:12
Table 'NLHBlue128' 6-max Seat #4 is the button
Seat 2: bf1a0c65 ($5 in chips)
Seat 3: 5a8b928f ($5 in chips)
Seat 4: Hero ($7.26 in chips)
Seat 5: e62325ed ($2.46 in chips)
e62325ed: posts small blind $0.02
bf1a0c65: posts big blind $0.05
*** HOLE CARDS ***
Dealt to bf1a0c65 
Dealt to 5a8b928f 
Dealt to Hero [3d 9h]
Dealt to e62325ed 
5a8b928f: folds
Hero: folds
e62325ed: folds
Uncalled bet ($0.03) returned to bf1a0c65
*** SHOWDOWN ***
bf1a0c65 collected $0.04 from pot
*** SUMMARY ***
Total pot $0.04 | Rake $0 | Jackpot $0 | Bingo $0 | Fortune $0
Seat 2: bf1a0c65 (big blind) collected ($0.04)
Seat 3: 5a8b928f folded before Flop (didn't bet)
Seat 4: Hero (button) folded before Flop (didn't bet)
Seat 5: e62325ed (small blind) folded before Flop


Poker Hand #HD1164526128: Hold'em No Limit  ($0.02/$0.05) - 2023/03/17 19:03:27
Table 'NLHBlue128' 6-max Seat #3 is the button
Seat 2: bf1a0c65 ($5 in chips)
Seat 3: 5a8b928f ($5 in chips)
Seat 4: Hero ($5.55 in chips)
Seat 5: e62325ed ($4.41 in chips)
Seat 6: 8afc5696 ($5.65 in chips)
Hero: posts small blind $0.02
e62325ed: posts big blind $0.05
*** HOLE CARDS ***
Dealt to bf1a0c65 
Dealt to 5a8b928f 
Dealt to Hero [9c Kc]
Dealt to e62325ed 
Dealt to 8afc5696 
8afc5696: folds
bf1a0c65: folds
5a8b928f: folds
Hero: raises $0.09 to $0.14
e62325ed: raises $0.21 to $0.35
Hero: calls $0.21
*** FLOP *** [7c Kh 7d]
Hero: checks
e62325ed: bets $0.35
Hero: calls $0.35
*** TURN *** [7c Kh 7d] [6s]
Hero: checks
e62325ed: bets $0.47
Hero: calls $0.47
*** RIVER *** [7c Kh 7d 6s] [7s]
Hero: bets $0.78
e62325ed: calls $0.78
Hero: shows [9c Kc] (Sevens Full over Kings)
e62325ed: shows [Qd Qs] (Sevens Full over Queens)
*** SHOWDOWN ***
Hero collected $3.66 from pot
*** SUMMARY ***
Total pot $3.9 | Rake $0.19 | Jackpot $0.05 | Bingo $0 | Fortune $0
Board [7c Kh 7d 6s 7s]
Seat 2: bf1a0c65 folded before Flop (didn't bet)
Seat 3: 5a8b928f (button) folded before Flop (didn't bet)
Seat 4: Hero (small blind) showed [9c Kc] and won ($3.66) with Sevens Full over Kings
Seat 5: e62325ed (big blind) showed [Qd Qs] and lost with Sevens Full over Queens
Seat 6: 8afc5696 folded before Flop (didn't bet)


Poker Hand #HD1164526046: Hold'em No Limit  ($0.02/$0.05) - 2023/03/17 19:02:52
Table 'NLHBlue128' 6-max Seat #2 is the button
Seat 2: bf1a0c65 ($5 in chips)
Seat 3: 5a8b928f ($5 in chips)
Seat 4: Hero ($5 in chips)
Seat 5: e62325ed ($5 in chips)
Seat 6: 8afc5696 ($5.65 in chips)
5a8b928f: posts small blind $0.02
Hero: posts big blind $0.05
e62325ed: posts big blind $0.05
*** HOLE CARDS ***
Dealt to bf1a0c65 
Dealt to 5a8b928f 
Dealt to Hero [8d 7d]
Dealt to e62325ed 
Dealt to 8afc5696 
e62325ed: checks
8afc5696: folds
bf1a0c65: folds
5a8b928f: folds
Hero: raises $0.18 to $0.23
e62325ed: calls $0.18
*** FLOP *** [Jc 2h 9s]
Hero: checks
e62325ed: checks
*** TURN *** [Jc 2h 9s] [5d]
Hero: bets $0.36
e62325ed: calls $0.36
*** RIVER *** [Jc 2h 9s 5d] [6s]
Hero: bets $1.8
e62325ed: folds
Uncalled bet ($1.8) returned to Hero
*** SHOWDOWN ***
Hero collected $1.14 from pot
*** SUMMARY ***
Total pot $1.2 | Rake $0.06 | Jackpot $0 | Bingo $0 | Fortune $0
Board [Jc 2h 9s 5d 6s]
Seat 2: bf1a0c65 (button) folded before Flop (didn't bet)
Seat 3: 5a8b928f (small blind) folded before Flop
Seat 4: Hero (big blind) won ($1.14)
Seat 5: e62325ed folded on the River
Seat 6: 8afc5696 folded before Flop (didn't bet)


Poker Hand #HD1164525862: Hold'em No Limit  ($0.02/$0.05) - 2023/03/17 19:01:43
Table 'NLHBlue128' 6-max Seat #6 is the button
Seat 2: bf1a0c65 ($5.02 in chips)
Seat 3: 5a8b928f ($5 in chips)
Seat 4: Hero ($5 in chips)
Seat 5: f300c67c ($7.81 in chips)
Seat 6: 8afc5696 ($5.4 in chips)
bf1a0c65: posts small blind $0.02
5a8b928f: posts big blind $0.05
*** HOLE CARDS ***
Dealt to bf1a0c65 
Dealt to 5a8b928f 
Dealt to Hero [2c 8s]
Dealt to f300c67c 
Dealt to 8afc5696 
Hero: folds
f300c67c: folds
8afc5696: raises $0.07 to $0.12
bf1a0c65: folds
5a8b928f: calls $0.07
*** FLOP *** [Jh 4c Ks]
5a8b928f: checks
8afc5696: checks
*** TURN *** [Jh 4c Ks] [6d]
5a8b928f: checks
8afc5696: checks
*** RIVER *** [Jh 4c Ks 6d] [9s]
5a8b928f: bets $0.13
8afc5696: calls $0.13
5a8b928f: shows [Ac Jd] (Pair of Jacks)
8afc5696: shows [Kc 5c] (Pair of Kings)
*** SHOWDOWN ***
8afc5696 collected $0.5 from pot
*** SUMMARY ***
Total pot $0.52 | Rake $0.02 | Jackpot $0 | Bingo $0 | Fortune $0
Board [Jh 4c Ks 6d 9s]
Seat 2: bf1a0c65 (small blind) folded before Flop
Seat 3: 5a8b928f (big blind) showed [Ac Jd] and lost with Pair of Jacks
Seat 4: Hero folded before Flop (didn't bet)
Seat 5: f300c67c folded before Flop (didn't bet)
Seat 6: 8afc5696 (button) showed [Kc 5c] and won ($0.5) with Pair of Kings


Poker Hand #HD1164525825: Hold'em No Limit  ($0.02/$0.05) - 2023/03/17 19:01:31
Table 'NLHBlue128' 6-max Seat #5 is the button
Seat 2: bf1a0c65 ($5 in chips)
Seat 3: 5a8b928f ($5 in chips)
Seat 4: Hero ($5 in chips)
Seat 5: f300c67c ($7.81 in chips)
Seat 6: 8afc5696 ($5.42 in chips)
8afc5696: posts small blind $0.02
bf1a0c65: posts big blind $0.05
*** HOLE CARDS ***
Dealt to bf1a0c65 
Dealt to 5a8b928f 
Dealt to Hero [7c 5s]
Dealt to f300c67c 
Dealt to 8afc5696 
5a8b928f: folds
Hero: folds
f300c67c: folds
8afc5696: folds
Uncalled bet ($0.03) returned to bf1a0c65
*** SHOWDOWN ***
bf1a0c65 collected $0.04 from pot
*** SUMMARY ***
Total pot $0.04 | Rake $0 | Jackpot $0 | Bingo $0 | Fortune $0
Seat 2: bf1a0c65 (big blind) collected ($0.04)
Seat 3: 5a8b928f folded before Flop (didn't bet)
Seat 4: Hero folded before Flop (didn't bet)
Seat 5: f300c67c (button) folded before Flop (didn't bet)
Seat 6: 8afc5696 (small blind) folded before Flop


Poker Hand #HD1164525799: Hold'em No Limit  ($0.02/$0.05) - 2023/03/17 19:01:19
Table 'NLHBlue128' 6-max Seat #4 is the button
Seat 1: 4884237 ($5.4 in chips)
Seat 2: bf1a0c65 ($5 in chips)
Seat 3: 5a8b928f ($5 in chips)
Seat 4: Hero ($5 in chips)
Seat 5: f300c67c ($7.76 in chips)
Seat 6: 8afc5696 ($5.47 in chips)
f300c67c: posts small blind $0.02
8afc5696: posts big blind $0.05
*** HOLE CARDS ***
Dealt to 4884237 
Dealt to bf1a0c65 
Dealt to 5a8b928f 
Dealt to Hero [8s 6c]
Dealt to f300c67c 
Dealt to 8afc5696 
4884237: folds
bf1a0c65: folds
5a8b928f: folds
Hero: folds
f300c67c: raises $0.1 to $0.15
8afc5696: folds
Uncalled bet ($0.1) returned to f300c67c
*** SHOWDOWN ***
f300c67c collected $0.1 from pot
*** SUMMARY ***
Total pot $0.1 | Rake $0 | Jackpot $0 | Bingo $0 | Fortune $0
Seat 1: 4884237 folded before Flop (didn't bet)
Seat 2: bf1a0c65 folded before Flop (didn't bet)
Seat 3: 5a8b928f folded before Flop (didn't bet)
Seat 4: Hero (button) folded before Flop (didn't bet)
Seat 5: f300c67c (small blind) collected ($0.1)
Seat 6: 8afc5696 (big blind) folded before Flop


Poker Hand #HD1164525701: Hold'em No Limit  ($0.02/$0.05) - 2023/03/17 19:00:46
Table 'NLHBlue128' 6-max Seat #3 is the button
Seat 1: 4884237 ($5.4 in chips)
Seat 2: bf1a0c65 ($5 in chips)
Seat 3: 5a8b928f ($5 in chips)
Seat 4: Hero ($5 in chips)
Seat 5: f300c67c ($7.43 in chips)
Seat 6: 8afc5696 ($5.47 in chips)
Hero: posts small blind $0.02
f300c67c: posts big blind $0.05
*** HOLE CARDS ***
Dealt to 4884237 
Dealt to bf1a0c65 
Dealt to 5a8b928f 
Dealt to Hero [4c 8c]
Dealt to f300c67c 
Dealt to 8afc5696 
8afc5696: folds
4884237: folds
bf1a0c65: folds
5a8b928f: raises $0.08 to $0.13
Hero: folds
f300c67c: raises $0.21 to $0.34
5a8b928f: calls $0.21
*** FLOP *** [Ac 9d Kc]
f300c67c: bets $0.53
5a8b928f: folds
Uncalled bet ($0.53) returned to f300c67c
*** SHOWDOWN ***
f300c67c collected $0.67 from pot
*** SUMMARY ***
Total pot $0.7 | Rake $0.03 | Jackpot $0 | Bingo $0 | Fortune $0
Board [Ac 9d Kc]
Seat 1: 4884237 folded before Flop (didn't bet)
Seat 2: bf1a0c65 folded before Flop (didn't bet)
Seat 3: 5a8b928f (button) folded on the Flop
Seat 4: Hero (small blind) folded before Flop
Seat 5: f300c67c (big blind) won ($0.67)
Seat 6: 8afc5696 folded before Flop (didn't bet)


Poker Hand #HD1164475609: Hold'em No Limit  ($0.02/$0.05) - 2023/03/17 19:00:10
Table 'NLHBlue128' 6-max Seat #2 is the button
Seat 1: 4884237 ($5.33 in chips)
Seat 2: bf1a0c65 ($5 in chips)
Seat 3: 5a8b928f ($5 in chips)
Seat 4: Hero ($5 in chips)
Seat 5: f300c67c ($7.43 in chips)
Seat 6: 8afc5696 ($5.47 in chips)
5a8b928f: posts small blind $0.02
Hero: posts big blind $0.05
*** HOLE CARDS ***
Dealt to 4884237 
Dealt to bf1a0c65 
Dealt to 5a8b928f 
Dealt to Hero [3c 6s]
Dealt to f300c67c 
Dealt to 8afc5696 
f300c67c: folds
8afc5696: folds
4884237: raises $0.08 to $0.13
bf1a0c65: folds
5a8b928f: folds
Hero: folds
Uncalled bet ($0.08) returned to 4884237
*** SHOWDOWN ***
4884237 collected $0.12 from pot
*** SUMMARY ***
Total pot $0.12 | Rake $0 | Jackpot $0 | Bingo $0 | Fortune $0
Seat 1: 4884237 collected ($0.12)
Seat 2: bf1a0c65 (button) folded before Flop (didn't bet)
Seat 3: 5a8b928f (small blind) folded before Flop
Seat 4: Hero (big blind) folded before Flop
Seat 5: f300c67c folded before Flop (didn't bet)
Seat 6: 8afc5696 folded before Flop (didn't bet)


