Poker Hand #HD1146202269: Hold'em No Limit  ($0.02/$0.05) - 2023/03/04 22:58:41
Table 'NLHBlue8' 6-max Seat #6 is the button
Seat 1: 9e7b48d4 ($16.77 in chips)
Seat 2: 21784a7f ($5 in chips)
Seat 3: Hero ($9.25 in chips)
Seat 4: bf31f4e ($5.79 in chips)
Seat 5: dcc62ee2 ($7.34 in chips)
Seat 6: 9fe74e3e ($6.28 in chips)
9e7b48d4: posts small blind $0.02
21784a7f: posts big blind $0.05
*** HOLE CARDS ***
Dealt to 9e7b48d4 
Dealt to 21784a7f 
Dealt to Hero [6s Th]
Dealt to bf31f4e 
Dealt to dcc62ee2 
Dealt to 9fe74e3e 
Hero: folds
bf31f4e: raises $0.1 to $0.15
dcc62ee2: folds
9fe74e3e: folds
9e7b48d4: raises $0.3 to $0.45
21784a7f: folds
bf31f4e: folds
Uncalled bet ($0.3) returned to 9e7b48d4
*** SHOWDOWN ***
9e7b48d4 collected $0.34 from pot
*** SUMMARY ***
Total pot $0.35 | Rake $0.01 | Jackpot $0 | Bingo $0 | Fortune $0
Seat 1: 9e7b48d4 (small blind) collected ($0.34)
Seat 2: 21784a7f (big blind) folded before Flop
Seat 3: Hero folded before Flop (didn't bet)
Seat 4: bf31f4e folded before Flop
Seat 5: dcc62ee2 folded before Flop (didn't bet)
Seat 6: 9fe74e3e (button) folded before Flop (didn't bet)


Poker Hand #HD1146202190: Hold'em No Limit  ($0.02/$0.05) - 2023/03/04 22:58:02
Table 'NLHBlue8' 6-max Seat #5 is the button
Seat 1: 9e7b48d4 ($16.82 in chips)
Seat 2: 21784a7f ($5 in chips)
Seat 3: Hero ($9.25 in chips)
Seat 4: bf31f4e ($5.79 in chips)
Seat 5: dcc62ee2 ($7.34 in chips)
Seat 6: 9fe74e3e ($5.91 in chips)
9fe74e3e: posts small blind $0.02
9e7b48d4: posts big blind $0.05
*** HOLE CARDS ***
Dealt to 9e7b48d4 
Dealt to 21784a7f 
Dealt to Hero [6s Js]
Dealt to bf31f4e 
Dealt to dcc62ee2 
Dealt to 9fe74e3e 
21784a7f: raises $0.15 to $0.2
Hero: folds
bf31f4e: folds
dcc62ee2: folds
9fe74e3e: calls $0.18
9e7b48d4: folds
*** FLOP *** [7d Tc Jd]
9fe74e3e: checks
21784a7f: bets $0.15
9fe74e3e: calls $0.15
*** TURN *** [7d Tc Jd] [Jh]
9fe74e3e: checks
21784a7f: checks
*** RIVER *** [7d Tc Jd Jh] [9d]
9fe74e3e: bets $0.38
21784a7f: folds
Uncalled bet ($0.38) returned to 9fe74e3e
*** SHOWDOWN ***
9fe74e3e collected $0.72 from pot
*** SUMMARY ***
Total pot $0.75 | Rake $0.03 | Jackpot $0 | Bingo $0 | Fortune $0
Board [7d Tc Jd Jh 9d]
Seat 1: 9e7b48d4 (big blind) folded before Flop
Seat 2: 21784a7f folded on the River
Seat 3: Hero folded before Flop (didn't bet)
Seat 4: bf31f4e folded before Flop (didn't bet)
Seat 5: dcc62ee2 (button) folded before Flop (didn't bet)
Seat 6: 9fe74e3e (small blind) won ($0.72)


Poker Hand #HD1146202110: Hold'em No Limit  ($0.02/$0.05) - 2023/03/04 22:57:27
Table 'NLHBlue8' 6-max Seat #4 is the button
Seat 2: 21784a7f ($5 in chips)
Seat 3: Hero ($9.25 in chips)
Seat 4: bf31f4e ($5.79 in chips)
Seat 5: dcc62ee2 ($8.4 in chips)
Seat 6: 9fe74e3e ($5 in chips)
dcc62ee2: posts small blind $0.02
9fe74e3e: posts big blind $0.05
*** HOLE CARDS ***
Dealt to 21784a7f 
Dealt to Hero [Th 4c]
Dealt to bf31f4e 
Dealt to dcc62ee2 
Dealt to 9fe74e3e 
21784a7f: folds
Hero: folds
bf31f4e: folds
dcc62ee2: raises $0.1 to $0.15
9fe74e3e: raises $0.3 to $0.45
dcc62ee2: raises $0.61 to $1.06
9fe74e3e: calls $0.61
*** FLOP *** [9c 4s Ah]
dcc62ee2: checks
9fe74e3e: bets $2.12
dcc62ee2: folds
Uncalled bet ($2.12) returned to 9fe74e3e
*** SHOWDOWN ***
9fe74e3e collected $1.97 from pot
*** SUMMARY ***
Total pot $2.12 | Rake $0.1 | Jackpot $0.05 | Bingo $0 | Fortune $0
Board [9c 4s Ah]
Seat 2: 21784a7f folded before Flop (didn't bet)
Seat 3: Hero folded before Flop (didn't bet)
Seat 4: bf31f4e (button) folded before Flop (didn't bet)
Seat 5: dcc62ee2 (small blind) folded on the Flop
Seat 6: 9fe74e3e (big blind) won ($1.97)


Poker Hand #HD1146202032: Hold'em No Limit  ($0.02/$0.05) - 2023/03/04 22:56:44
Table 'NLHBlue8' 6-max Seat #3 is the button
Seat 2: 21784a7f ($5 in chips)
Seat 3: Hero ($9.55 in chips)
Seat 4: bf31f4e ($5.81 in chips)
Seat 5: dcc62ee2 ($8.11 in chips)
Seat 6: 9fe74e3e ($1.53 in chips)
bf31f4e: posts small blind $0.02
dcc62ee2: posts big blind $0.05
*** HOLE CARDS ***
Dealt to 21784a7f 
Dealt to Hero [3d Ah]
Dealt to bf31f4e 
Dealt to dcc62ee2 
Dealt to 9fe74e3e 
9fe74e3e: folds
21784a7f: folds
Hero: raises $0.07 to $0.12
bf31f4e: folds
dcc62ee2: calls $0.07
*** FLOP *** [Th Kc 6h]
dcc62ee2: bets $0.18
Hero: calls $0.18
*** TURN *** [Th Kc 6h] [5s]
dcc62ee2: bets $0.22
Hero: folds
Uncalled bet ($0.22) returned to dcc62ee2
*** SHOWDOWN ***
dcc62ee2 collected $0.59 from pot
*** SUMMARY ***
Total pot $0.62 | Rake $0.03 | Jackpot $0 | Bingo $0 | Fortune $0
Board [Th Kc 6h 5s]
Seat 2: 21784a7f folded before Flop (didn't bet)
Seat 3: Hero (button) folded on the Turn
Seat 4: bf31f4e (small blind) folded before Flop
Seat 5: dcc62ee2 (big blind) won ($0.59)
Seat 6: 9fe74e3e folded before Flop (didn't bet)


Poker Hand #HD1146201920: Hold'em No Limit  ($0.02/$0.05) - 2023/03/04 22:55:56
Table 'NLHBlue8' 6-max Seat #2 is the button
Seat 2: 21784a7f ($5 in chips)
Seat 3: Hero ($9.57 in chips)
Seat 4: bf31f4e ($5.42 in chips)
Seat 5: dcc62ee2 ($8.11 in chips)
Seat 6: 9fe74e3e ($1.73 in chips)
Hero: posts small blind $0.02
bf31f4e: posts big blind $0.05
*** HOLE CARDS ***
Dealt to 21784a7f 
Dealt to Hero [8d 2h]
Dealt to bf31f4e 
Dealt to dcc62ee2 
Dealt to 9fe74e3e 
dcc62ee2: folds
9fe74e3e: calls $0.05
21784a7f: raises $0.15 to $0.2
Hero: folds
bf31f4e: calls $0.15
9fe74e3e: calls $0.15
*** FLOP *** [7d Tc Qc]
bf31f4e: checks
9fe74e3e: checks
21784a7f: checks
*** TURN *** [7d Tc Qc] [5s]
bf31f4e: bets $0.47
9fe74e3e: folds
21784a7f: folds
Uncalled bet ($0.47) returned to bf31f4e
*** SHOWDOWN ***
bf31f4e collected $0.59 from pot
*** SUMMARY ***
Total pot $0.62 | Rake $0.03 | Jackpot $0 | Bingo $0 | Fortune $0
Board [7d Tc Qc 5s]
Seat 2: 21784a7f (button) folded on the Turn
Seat 3: Hero (small blind) folded before Flop
Seat 4: bf31f4e (big blind) won ($0.59)
Seat 5: dcc62ee2 folded before Flop (didn't bet)
Seat 6: 9fe74e3e folded on the Turn


Poker Hand #HD1146201754: Hold'em No Limit  ($0.02/$0.05) - 2023/03/04 22:54:37
Table 'NLHBlue8' 6-max Seat #6 is the button
Seat 2: 21784a7f ($5 in chips)
Seat 3: Hero ($9.62 in chips)
Seat 4: bf31f4e ($5.42 in chips)
Seat 5: dcc62ee2 ($6.61 in chips)
Seat 6: 9fe74e3e ($3.37 in chips)
21784a7f: posts small blind $0.02
Hero: posts big blind $0.05
*** HOLE CARDS ***
Dealt to 21784a7f 
Dealt to Hero [9h Qc]
Dealt to bf31f4e 
Dealt to dcc62ee2 
Dealt to 9fe74e3e 
bf31f4e: folds
dcc62ee2: raises $0.08 to $0.13
9fe74e3e: raises $0.08 to $0.21
21784a7f: folds
Hero: folds
dcc62ee2: raises $0.17 to $0.38
9fe74e3e: calls $0.17
*** FLOP *** [8s 6d 4h]
dcc62ee2: checks
9fe74e3e: bets $0.42
dcc62ee2: calls $0.42
*** TURN *** [8s 6d 4h] [2c]
dcc62ee2: checks
9fe74e3e: bets $0.84
dcc62ee2: calls $0.84
*** RIVER *** [8s 6d 4h 2c] [Ad]
dcc62ee2: bets $2.22
9fe74e3e: folds
Uncalled bet ($2.22) returned to dcc62ee2
*** SHOWDOWN ***
dcc62ee2 collected $3.14 from pot
*** SUMMARY ***
Total pot $3.35 | Rake $0.16 | Jackpot $0.05 | Bingo $0 | Fortune $0
Board [8s 6d 4h 2c Ad]
Seat 2: 21784a7f (small blind) folded before Flop
Seat 3: Hero (big blind) folded before Flop
Seat 4: bf31f4e folded before Flop (didn't bet)
Seat 5: dcc62ee2 won ($3.14)
Seat 6: 9fe74e3e (button) folded on the River


Poker Hand #HD1146201606: Hold'em No Limit  ($0.02/$0.05) - 2023/03/04 22:53:21
Table 'NLHBlue8' 6-max Seat #5 is the button
Seat 2: 21784a7f ($5.07 in chips)
Seat 3: Hero ($9.43 in chips)
Seat 4: bf31f4e ($5.42 in chips)
Seat 5: dcc62ee2 ($6.61 in chips)
Seat 6: 9fe74e3e ($3.39 in chips)
9fe74e3e: posts small blind $0.02
21784a7f: posts big blind $0.05
*** HOLE CARDS ***
Dealt to 21784a7f 
Dealt to Hero [7h 7d]
Dealt to bf31f4e 
Dealt to dcc62ee2 
Dealt to 9fe74e3e 
Hero: raises $0.07 to $0.12
bf31f4e: folds
dcc62ee2: folds
9fe74e3e: folds
21784a7f: raises $0.07 to $0.19
Hero: calls $0.07
*** FLOP *** [6d 6h Ks]
21784a7f: checks
Hero: bets $0.2
21784a7f: folds
Uncalled bet ($0.2) returned to Hero
*** SHOWDOWN ***
Hero collected $0.38 from pot
*** SUMMARY ***
Total pot $0.4 | Rake $0.02 | Jackpot $0 | Bingo $0 | Fortune $0
Board [6d 6h Ks]
Seat 2: 21784a7f (big blind) folded on the Flop
Seat 3: Hero won ($0.38)
Seat 4: bf31f4e folded before Flop (didn't bet)
Seat 5: dcc62ee2 (button) folded before Flop (didn't bet)
Seat 6: 9fe74e3e (small blind) folded before Flop


Poker Hand #HD1146201573: Hold'em No Limit  ($0.02/$0.05) - 2023/03/04 22:53:05
Table 'NLHBlue8' 6-max Seat #4 is the button
Seat 1: 9e7b48d4 ($16.82 in chips)
Seat 2: 21784a7f ($5.07 in chips)
Seat 3: Hero ($9.36 in chips)
Seat 4: bf31f4e ($5.42 in chips)
Seat 5: dcc62ee2 ($6.63 in chips)
Seat 6: 9fe74e3e ($3.44 in chips)
dcc62ee2: posts small blind $0.02
9fe74e3e: posts big blind $0.05
*** HOLE CARDS ***
Dealt to 9e7b48d4 
Dealt to 21784a7f 
Dealt to Hero [7c 8c]
Dealt to bf31f4e 
Dealt to dcc62ee2 
Dealt to 9fe74e3e 
9e7b48d4: folds
21784a7f: folds
Hero: raises $0.07 to $0.12
bf31f4e: folds
dcc62ee2: folds
9fe74e3e: folds
Uncalled bet ($0.07) returned to Hero
*** SHOWDOWN ***
Hero collected $0.12 from pot
*** SUMMARY ***
Total pot $0.12 | Rake $0 | Jackpot $0 | Bingo $0 | Fortune $0
Seat 1: 9e7b48d4 folded before Flop (didn't bet)
Seat 2: 21784a7f folded before Flop (didn't bet)
Seat 3: Hero collected ($0.12)
Seat 4: bf31f4e (button) folded before Flop (didn't bet)
Seat 5: dcc62ee2 (small blind) folded before Flop
Seat 6: 9fe74e3e (big blind) folded before Flop


Poker Hand #HD1146201498: Hold'em No Limit  ($0.02/$0.05) - 2023/03/04 22:52:28
Table 'NLHBlue8' 6-max Seat #3 is the button
Seat 1: 9e7b48d4 ($16.82 in chips)
Seat 2: 21784a7f ($5.07 in chips)
Seat 3: Hero ($9.36 in chips)
Seat 4: bf31f4e ($5.44 in chips)
Seat 5: dcc62ee2 ($6.81 in chips)
Seat 6: 9fe74e3e ($3.25 in chips)
bf31f4e: posts small blind $0.02
dcc62ee2: posts big blind $0.05
*** HOLE CARDS ***
Dealt to 9e7b48d4 
Dealt to 21784a7f 
Dealt to Hero [4h 9s]
Dealt to bf31f4e 
Dealt to dcc62ee2 
Dealt to 9fe74e3e 
9fe74e3e: raises $0.05 to $0.1
9e7b48d4: folds
21784a7f: folds
Hero: folds
bf31f4e: folds
dcc62ee2: raises $0.08 to $0.18
9fe74e3e: calls $0.08
*** FLOP *** [Qs 6c 3h]
dcc62ee2: checks
9fe74e3e: bets $0.19
dcc62ee2: folds
Uncalled bet ($0.19) returned to 9fe74e3e
*** SHOWDOWN ***
9fe74e3e collected $0.37 from pot
*** SUMMARY ***
Total pot $0.38 | Rake $0.01 | Jackpot $0 | Bingo $0 | Fortune $0
Board [Qs 6c 3h]
Seat 1: 9e7b48d4 folded before Flop (didn't bet)
Seat 2: 21784a7f folded before Flop (didn't bet)
Seat 3: Hero (button) folded before Flop (didn't bet)
Seat 4: bf31f4e (small blind) folded before Flop
Seat 5: dcc62ee2 (big blind) folded on the Flop
Seat 6: 9fe74e3e won ($0.37)


Poker Hand #HD1146201467: Hold'em No Limit  ($0.02/$0.05) - 2023/03/04 22:52:14
Table 'NLHBlue8' 6-max Seat #2 is the button
Seat 1: 9e7b48d4 ($16.82 in chips)
Seat 2: 21784a7f ($5 in chips)
Seat 3: Hero ($9.38 in chips)
Seat 4: bf31f4e ($5.49 in chips)
Seat 5: dcc62ee2 ($6.81 in chips)
Seat 6: 9fe74e3e ($3.25 in chips)
Hero: posts small blind $0.02
bf31f4e: posts big blind $0.05
*** HOLE CARDS ***
Dealt to 9e7b48d4 
Dealt to 21784a7f 
Dealt to Hero [2c 4s]
Dealt to bf31f4e 
Dealt to dcc62ee2 
Dealt to 9fe74e3e 
dcc62ee2: folds
9fe74e3e: folds
9e7b48d4: folds
21784a7f: raises $0.08 to $0.13
Hero: folds
bf31f4e: folds
Uncalled bet ($0.08) returned to 21784a7f
*** SHOWDOWN ***
21784a7f collected $0.12 from pot
*** SUMMARY ***
Total pot $0.12 | Rake $0 | Jackpot $0 | Bingo $0 | Fortune $0
Seat 1: 9e7b48d4 folded before Flop (didn't bet)
Seat 2: 21784a7f (button) collected ($0.12)
Seat 3: Hero (small blind) folded before Flop
Seat 4: bf31f4e (big blind) folded before Flop
Seat 5: dcc62ee2 folded before Flop (didn't bet)
Seat 6: 9fe74e3e folded before Flop (didn't bet)


Poker Hand #HD1146201345: Hold'em No Limit  ($0.02/$0.05) - 2023/03/04 22:51:13
Table 'NLHBlue8' 6-max Seat #1 is the button
Seat 1: 9e7b48d4 ($16 in chips)
Seat 2: 21784a7f ($5.09 in chips)
Seat 3: Hero ($9.43 in chips)
Seat 4: bf31f4e ($5.49 in chips)
Seat 5: dcc62ee2 ($6.94 in chips)
Seat 6: 9fe74e3e ($3.6 in chips)
21784a7f: posts small blind $0.02
Hero: posts big blind $0.05
*** HOLE CARDS ***
Dealt to 9e7b48d4 
Dealt to 21784a7f 
Dealt to Hero [2c 6s]
Dealt to bf31f4e 
Dealt to dcc62ee2 
Dealt to 9fe74e3e 
bf31f4e: folds
dcc62ee2: raises $0.08 to $0.13
9fe74e3e: calls $0.13
9e7b48d4: raises $0.22 to $0.35
21784a7f: calls $0.33
Hero: folds
dcc62ee2: folds
9fe74e3e: calls $0.22
*** FLOP *** [8h 7s 5h]
21784a7f: checks
9fe74e3e: checks
9e7b48d4: checks
*** TURN *** [8h 7s 5h] [Ks]
21784a7f: checks
9fe74e3e: checks
9e7b48d4: bets $0.41
21784a7f: folds
9fe74e3e: folds
Uncalled bet ($0.41) returned to 9e7b48d4
*** SHOWDOWN ***
9e7b48d4 collected $1.17 from pot
*** SUMMARY ***
Total pot $1.23 | Rake $0.06 | Jackpot $0 | Bingo $0 | Fortune $0
Board [8h 7s 5h Ks]
Seat 1: 9e7b48d4 (button) won ($1.17)
Seat 2: 21784a7f (small blind) folded on the Turn
Seat 3: Hero (big blind) folded before Flop
Seat 4: bf31f4e folded before Flop (didn't bet)
Seat 5: dcc62ee2 folded before Flop
Seat 6: 9fe74e3e folded on the Turn


Poker Hand #HD1146201255: Hold'em No Limit  ($0.02/$0.05) - 2023/03/04 22:50:26
Table 'NLHBlue8' 6-max Seat #6 is the button
Seat 1: 9e7b48d4 ($16.02 in chips)
Seat 2: 21784a7f ($5.14 in chips)
Seat 3: Hero ($9.43 in chips)
Seat 4: bf31f4e ($4.21 in chips)
Seat 5: dcc62ee2 ($6.94 in chips)
Seat 6: 9fe74e3e ($5 in chips)
9e7b48d4: posts small blind $0.02
21784a7f: posts big blind $0.05
*** HOLE CARDS ***
Dealt to 9e7b48d4 
Dealt to 21784a7f 
Dealt to Hero [7d 8s]
Dealt to bf31f4e 
Dealt to dcc62ee2 
Dealt to 9fe74e3e 
Hero: folds
bf31f4e: raises $0.1 to $0.15
dcc62ee2: folds
9fe74e3e: raises $0.1 to $0.25
9e7b48d4: folds
21784a7f: folds
bf31f4e: calls $0.1
*** FLOP *** [Jc 2c 4c]
bf31f4e: bets $0.43
9fe74e3e: calls $0.43
*** TURN *** [Jc 2c 4c] [9s]
bf31f4e: bets $0.72
9fe74e3e: calls $0.72
*** RIVER *** [Jc 2c 4c 9s] [8h]
bf31f4e: checks
9fe74e3e: checks
bf31f4e: shows [Qh Qd] (Pair of Queens)
9fe74e3e: shows [Kc Ah] (Ace-High)
*** SHOWDOWN ***
bf31f4e collected $2.68 from pot
*** SUMMARY ***
Total pot $2.87 | Rake $0.14 | Jackpot $0.05 | Bingo $0 | Fortune $0
Board [Jc 2c 4c 9s 8h]
Seat 1: 9e7b48d4 (small blind) folded before Flop
Seat 2: 21784a7f (big blind) folded before Flop
Seat 3: Hero folded before Flop (didn't bet)
Seat 4: bf31f4e showed [Qh Qd] and won ($2.68) with Pair of Queens
Seat 5: dcc62ee2 folded before Flop (didn't bet)
Seat 6: 9fe74e3e (button) showed [Kc Ah] and lost with Ace-High


Poker Hand #HD1146201114: Hold'em No Limit  ($0.02/$0.05) - 2023/03/04 22:49:16
Table 'NLHBlue8' 6-max Seat #5 is the button
Seat 1: 9e7b48d4 ($16.07 in chips)
Seat 2: 21784a7f ($5.14 in chips)
Seat 3: Hero ($9.53 in chips)
Seat 4: bf31f4e ($4.59 in chips)
Seat 5: dcc62ee2 ($6.43 in chips)
Seat 6: 9fe74e3e ($5.02 in chips)
9fe74e3e: posts small blind $0.02
9e7b48d4: posts big blind $0.05
*** HOLE CARDS ***
Dealt to 9e7b48d4 
Dealt to 21784a7f 
Dealt to Hero [2s 2h]
Dealt to bf31f4e 
Dealt to dcc62ee2 
Dealt to 9fe74e3e 
21784a7f: folds
Hero: raises $0.05 to $0.1
bf31f4e: calls $0.1
dcc62ee2: calls $0.1
9fe74e3e: folds
9e7b48d4: folds
*** FLOP *** [4d 7s 6s]
Hero: checks
bf31f4e: bets $0.28
dcc62ee2: calls $0.28
Hero: folds
*** TURN *** [4d 7s 6s] [8h]
bf31f4e: checks
dcc62ee2: checks
*** RIVER *** [4d 7s 6s 8h] [As]
bf31f4e: checks
dcc62ee2: bets $0.32
bf31f4e: folds
Uncalled bet ($0.32) returned to dcc62ee2
9fe74e3e: shows [2d Th] (Ace-High)
*** SHOWDOWN ***
dcc62ee2 collected $0.89 from pot
*** SUMMARY ***
Total pot $0.93 | Rake $0.04 | Jackpot $0 | Bingo $0 | Fortune $0
Board [4d 7s 6s 8h As]
Seat 1: 9e7b48d4 (big blind) folded before Flop
Seat 2: 21784a7f folded before Flop (didn't bet)
Seat 3: Hero folded on the Flop
Seat 4: bf31f4e folded on the River
Seat 5: dcc62ee2 (button) won ($0.89)
Seat 6: 9fe74e3e (small blind) folded before Flop


Poker Hand #HD1146201080: Hold'em No Limit  ($0.02/$0.05) - 2023/03/04 22:48:57
Table 'NLHBlue8' 6-max Seat #4 is the button
Seat 1: 9e7b48d4 ($16.07 in chips)
Seat 2: 21784a7f ($5.14 in chips)
Seat 3: Hero ($9.53 in chips)
Seat 4: bf31f4e ($4.59 in chips)
Seat 5: dcc62ee2 ($6.45 in chips)
Seat 6: 9fe74e3e ($5 in chips)
dcc62ee2: posts small blind $0.02
9fe74e3e: posts big blind $0.05
*** HOLE CARDS ***
Dealt to 9e7b48d4 
Dealt to 21784a7f 
Dealt to Hero [Td 3d]
Dealt to bf31f4e 
Dealt to dcc62ee2 
Dealt to 9fe74e3e 
9e7b48d4: folds
21784a7f: folds
Hero: folds
bf31f4e: folds
dcc62ee2: folds
Uncalled bet ($0.03) returned to 9fe74e3e
*** SHOWDOWN ***
9fe74e3e collected $0.04 from pot
*** SUMMARY ***
Total pot $0.04 | Rake $0 | Jackpot $0 | Bingo $0 | Fortune $0
Seat 1: 9e7b48d4 folded before Flop (didn't bet)
Seat 2: 21784a7f folded before Flop (didn't bet)
Seat 3: Hero folded before Flop (didn't bet)
Seat 4: bf31f4e (button) folded before Flop (didn't bet)
Seat 5: dcc62ee2 (small blind) folded before Flop
Seat 6: 9fe74e3e (big blind) collected ($0.04)


Poker Hand #HD1146201036: Hold'em No Limit  ($0.02/$0.05) - 2023/03/04 22:48:37
Table 'NLHBlue8' 6-max Seat #3 is the button
Seat 1: 9e7b48d4 ($16.07 in chips)
Seat 2: 21784a7f ($5.14 in chips)
Seat 3: Hero ($9.46 in chips)
Seat 4: bf31f4e ($4.61 in chips)
Seat 5: dcc62ee2 ($6.5 in chips)
bf31f4e: posts small blind $0.02
dcc62ee2: posts big blind $0.05
*** HOLE CARDS ***
Dealt to 9e7b48d4 
Dealt to 21784a7f 
Dealt to Hero [Jc Kc]
Dealt to bf31f4e 
Dealt to dcc62ee2 
9e7b48d4: folds
21784a7f: folds
Hero: raises $0.07 to $0.12
bf31f4e: folds
dcc62ee2: folds
Uncalled bet ($0.07) returned to Hero
*** SHOWDOWN ***
Hero collected $0.12 from pot
*** SUMMARY ***
Total pot $0.12 | Rake $0 | Jackpot $0 | Bingo $0 | Fortune $0
Seat 1: 9e7b48d4 folded before Flop (didn't bet)
Seat 2: 21784a7f folded before Flop (didn't bet)
Seat 3: Hero (button) collected ($0.12)
Seat 4: bf31f4e (small blind) folded before Flop
Seat 5: dcc62ee2 (big blind) folded before Flop


Poker Hand #HD1146200890: Hold'em No Limit  ($0.02/$0.05) - 2023/03/04 22:47:31
Table 'NLHBlue8' 6-max Seat #2 is the button
Seat 1: 9e7b48d4 ($15.7 in chips)
Seat 2: 21784a7f ($5.14 in chips)
Seat 3: Hero ($9.48 in chips)
Seat 4: bf31f4e ($5 in chips)
Seat 5: dcc62ee2 ($6.5 in chips)
Seat 6: 8d52e1d0 ($7.15 in chips)
Hero: posts small blind $0.02
bf31f4e: posts big blind $0.05
*** HOLE CARDS ***
Dealt to 9e7b48d4 
Dealt to 21784a7f 
Dealt to Hero [5d Jd]
Dealt to bf31f4e 
Dealt to dcc62ee2 
Dealt to 8d52e1d0 
dcc62ee2: folds
8d52e1d0: folds
9e7b48d4: raises $0.1 to $0.15
21784a7f: folds
Hero: folds
bf31f4e: calls $0.1
*** FLOP *** [Td 6c Ah]
bf31f4e: checks
9e7b48d4: checks
*** TURN *** [Td 6c Ah] [9d]
bf31f4e: bets $0.24
9e7b48d4: calls $0.24
*** RIVER *** [Td 6c Ah 9d] [6s]
bf31f4e: checks
9e7b48d4: checks
bf31f4e: shows [Jc Kh] (Pair of Sixes)
9e7b48d4: shows [Kc Th] (Pair of Tens and Pair of Sixes)
*** SHOWDOWN ***
9e7b48d4 collected $0.76 from pot
*** SUMMARY ***
Total pot $0.8 | Rake $0.04 | Jackpot $0 | Bingo $0 | Fortune $0
Board [Td 6c Ah 9d 6s]
Seat 1: 9e7b48d4 showed [Kc Th] and won ($0.76) with Pair of Tens and Pair of Sixes
Seat 2: 21784a7f (button) folded before Flop (didn't bet)
Seat 3: Hero (small blind) folded before Flop
Seat 4: bf31f4e (big blind) showed [Jc Kh] and lost with Pair of Sixes
Seat 5: dcc62ee2 folded before Flop (didn't bet)
Seat 6: 8d52e1d0 folded before Flop (didn't bet)


Poker Hand #HD1146200836: Hold'em No Limit  ($0.02/$0.05) - 2023/03/04 22:47:09
Table 'NLHBlue8' 6-max Seat #1 is the button
Seat 1: 9e7b48d4 ($15.7 in chips)
Seat 2: 21784a7f ($5.16 in chips)
Seat 3: Hero ($9.46 in chips)
Seat 5: dcc62ee2 ($6.5 in chips)
Seat 6: 8d52e1d0 ($7.15 in chips)
21784a7f: posts small blind $0.02
Hero: posts big blind $0.05
*** HOLE CARDS ***
Dealt to 9e7b48d4 
Dealt to 21784a7f 
Dealt to Hero [4d 2h]
Dealt to dcc62ee2 
Dealt to 8d52e1d0 
dcc62ee2: folds
8d52e1d0: folds
9e7b48d4: folds
21784a7f: folds
Uncalled bet ($0.03) returned to Hero
*** SHOWDOWN ***
Hero collected $0.04 from pot
*** SUMMARY ***
Total pot $0.04 | Rake $0 | Jackpot $0 | Bingo $0 | Fortune $0
Seat 1: 9e7b48d4 (button) folded before Flop (didn't bet)
Seat 2: 21784a7f (small blind) folded before Flop
Seat 3: Hero (big blind) collected ($0.04)
Seat 5: dcc62ee2 folded before Flop (didn't bet)
Seat 6: 8d52e1d0 folded before Flop (didn't bet)


Poker Hand #HD1146200799: Hold'em No Limit  ($0.02/$0.05) - 2023/03/04 22:46:54
Table 'NLHBlue8' 6-max Seat #6 is the button
Seat 1: 9e7b48d4 ($15.65 in chips)
Seat 2: 21784a7f ($5.21 in chips)
Seat 3: Hero ($9.46 in chips)
Seat 5: dcc62ee2 ($6.5 in chips)
Seat 6: 8d52e1d0 ($7.15 in chips)
9e7b48d4: posts small blind $0.02
21784a7f: posts big blind $0.05
*** HOLE CARDS ***
Dealt to 9e7b48d4 
Dealt to 21784a7f 
Dealt to Hero [Qc 8c]
Dealt to dcc62ee2 
Dealt to 8d52e1d0 
Hero: folds
dcc62ee2: folds
8d52e1d0: folds
9e7b48d4: raises $0.1 to $0.15
21784a7f: folds
Uncalled bet ($0.1) returned to 9e7b48d4
*** SHOWDOWN ***
9e7b48d4 collected $0.1 from pot
*** SUMMARY ***
Total pot $0.1 | Rake $0 | Jackpot $0 | Bingo $0 | Fortune $0
Seat 1: 9e7b48d4 (small blind) collected ($0.1)
Seat 2: 21784a7f (big blind) folded before Flop
Seat 3: Hero folded before Flop (didn't bet)
Seat 5: dcc62ee2 folded before Flop (didn't bet)
Seat 6: 8d52e1d0 (button) folded before Flop (didn't bet)


Poker Hand #HD1146200778: Hold'em No Limit  ($0.02/$0.05) - 2023/03/04 22:46:44
Table 'NLHBlue8' 6-max Seat #5 is the button
Seat 1: 9e7b48d4 ($15.63 in chips)
Seat 2: 21784a7f ($5.21 in chips)
Seat 3: Hero ($9.46 in chips)
Seat 5: dcc62ee2 ($6.5 in chips)
Seat 6: 8d52e1d0 ($7.17 in chips)
8d52e1d0: posts small blind $0.02
9e7b48d4: posts big blind $0.05
*** HOLE CARDS ***
Dealt to 9e7b48d4 
Dealt to 21784a7f 
Dealt to Hero [5h 7h]
Dealt to dcc62ee2 
Dealt to 8d52e1d0 
21784a7f: folds
Hero: folds
dcc62ee2: folds
8d52e1d0: folds
Uncalled bet ($0.03) returned to 9e7b48d4
*** SHOWDOWN ***
9e7b48d4 collected $0.04 from pot
*** SUMMARY ***
Total pot $0.04 | Rake $0 | Jackpot $0 | Bingo $0 | Fortune $0
Seat 1: 9e7b48d4 (big blind) collected ($0.04)
Seat 2: 21784a7f folded before Flop (didn't bet)
Seat 3: Hero folded before Flop (didn't bet)
Seat 5: dcc62ee2 (button) folded before Flop (didn't bet)
Seat 6: 8d52e1d0 (small blind) folded before Flop


Poker Hand #HD1146200673: Hold'em No Limit  ($0.02/$0.05) - 2023/03/04 22:45:54
Table 'NLHBlue8' 6-max Seat #3 is the button
Seat 1: 9e7b48d4 ($15.63 in chips)
Seat 2: 21784a7f ($5.21 in chips)
Seat 3: Hero ($9.46 in chips)
Seat 4: bd5a6185 ($0.68 in chips)
Seat 5: dcc62ee2 ($5.76 in chips)
Seat 6: 8d52e1d0 ($7.3 in chips)
bd5a6185: posts small blind $0.02
dcc62ee2: posts big blind $0.05
*** HOLE CARDS ***
Dealt to 9e7b48d4 
Dealt to 21784a7f 
Dealt to Hero [6d 5h]
Dealt to bd5a6185 
Dealt to dcc62ee2 
Dealt to 8d52e1d0 
8d52e1d0: raises $0.08 to $0.13
9e7b48d4: folds
21784a7f: folds
Hero: folds
bd5a6185: raises $0.08 to $0.21
dcc62ee2: calls $0.16
8d52e1d0: folds
*** FLOP *** [Th 4c 8d]
bd5a6185: bets $0.47 and is all-in
dcc62ee2: calls $0.47
bd5a6185: shows [6s As] (Ace-High)
dcc62ee2: shows [8c Jc] (Pair of Eights)
*** TURN *** [Th 4c 8d] [7c]
*** RIVER *** [Th 4c 8d 7c] [Kh]
*** SHOWDOWN ***
dcc62ee2 collected $1.42 from pot
*** SUMMARY ***
Total pot $1.49 | Rake $0.07 | Jackpot $0 | Bingo $0 | Fortune $0
Board [Th 4c 8d 7c Kh]
Seat 1: 9e7b48d4 folded before Flop (didn't bet)
Seat 2: 21784a7f folded before Flop (didn't bet)
Seat 3: Hero (button) folded before Flop (didn't bet)
Seat 4: bd5a6185 (small blind) showed [6s As] and lost with Ace-High
Seat 5: dcc62ee2 (big blind) showed [8c Jc] and won ($1.42) with Pair of Eights
Seat 6: 8d52e1d0 folded before Flop


Poker Hand #HD1146200618: Hold'em No Limit  ($0.02/$0.05) - 2023/03/04 22:45:30
Table 'NLHBlue8' 6-max Seat #2 is the button
Seat 1: 9e7b48d4 ($15.63 in chips)
Seat 2: 21784a7f ($5.21 in chips)
Seat 3: Hero ($9.48 in chips)
Seat 4: bd5a6185 ($0.73 in chips)
Seat 5: dcc62ee2 ($5.76 in chips)
Seat 6: 8d52e1d0 ($7.23 in chips)
Hero: posts small blind $0.02
bd5a6185: posts big blind $0.05
*** HOLE CARDS ***
Dealt to 9e7b48d4 
Dealt to 21784a7f 
Dealt to Hero [5h Kc]
Dealt to bd5a6185 
Dealt to dcc62ee2 
Dealt to 8d52e1d0 
dcc62ee2: folds
8d52e1d0: raises $0.08 to $0.13
9e7b48d4: folds
21784a7f: folds
Hero: folds
bd5a6185: folds
Uncalled bet ($0.08) returned to 8d52e1d0
*** SHOWDOWN ***
8d52e1d0 collected $0.12 from pot
*** SUMMARY ***
Total pot $0.12 | Rake $0 | Jackpot $0 | Bingo $0 | Fortune $0
Seat 1: 9e7b48d4 folded before Flop (didn't bet)
Seat 2: 21784a7f (button) folded before Flop (didn't bet)
Seat 3: Hero (small blind) folded before Flop
Seat 4: bd5a6185 (big blind) folded before Flop
Seat 5: dcc62ee2 folded before Flop (didn't bet)
Seat 6: 8d52e1d0 collected ($0.12)


Poker Hand #HD1146200572: Hold'em No Limit  ($0.02/$0.05) - 2023/03/04 22:45:10
Table 'NLHBlue8' 6-max Seat #1 is the button
Seat 1: 9e7b48d4 ($15.63 in chips)
Seat 2: 21784a7f ($5.16 in chips)
Seat 3: Hero ($9.53 in chips)
Seat 4: bd5a6185 ($0.73 in chips)
Seat 5: dcc62ee2 ($5.76 in chips)
Seat 6: 8d52e1d0 ($7.23 in chips)
21784a7f: posts small blind $0.02
Hero: posts big blind $0.05
*** HOLE CARDS ***
Dealt to 9e7b48d4 
Dealt to 21784a7f 
Dealt to Hero [8s 6c]
Dealt to bd5a6185 
Dealt to dcc62ee2 
Dealt to 8d52e1d0 
bd5a6185: folds
dcc62ee2: folds
8d52e1d0: folds
9e7b48d4: folds
21784a7f: raises $0.1 to $0.15
Hero: folds
Uncalled bet ($0.1) returned to 21784a7f
*** SHOWDOWN ***
21784a7f collected $0.1 from pot
*** SUMMARY ***
Total pot $0.1 | Rake $0 | Jackpot $0 | Bingo $0 | Fortune $0
Seat 1: 9e7b48d4 (button) folded before Flop (didn't bet)
Seat 2: 21784a7f (small blind) collected ($0.1)
Seat 3: Hero (big blind) folded before Flop
Seat 4: bd5a6185 folded before Flop (didn't bet)
Seat 5: dcc62ee2 folded before Flop (didn't bet)
Seat 6: 8d52e1d0 folded before Flop (didn't bet)


Poker Hand #HD1146200550: Hold'em No Limit  ($0.02/$0.05) - 2023/03/04 22:44:56
Table 'NLHBlue8' 6-max Seat #6 is the button
Seat 1: 9e7b48d4 ($15.65 in chips)
Seat 2: 21784a7f ($5.14 in chips)
Seat 3: Hero ($9.53 in chips)
Seat 4: bd5a6185 ($0.73 in chips)
Seat 5: dcc62ee2 ($5.76 in chips)
Seat 6: 8d52e1d0 ($7.23 in chips)
9e7b48d4: posts small blind $0.02
21784a7f: posts big blind $0.05
*** HOLE CARDS ***
Dealt to 9e7b48d4 
Dealt to 21784a7f 
Dealt to Hero [7d Ac]
Dealt to bd5a6185 
Dealt to dcc62ee2 
Dealt to 8d52e1d0 
Hero: folds
bd5a6185: folds
dcc62ee2: folds
8d52e1d0: folds
9e7b48d4: folds
Uncalled bet ($0.03) returned to 21784a7f
*** SHOWDOWN ***
21784a7f collected $0.04 from pot
*** SUMMARY ***
Total pot $0.04 | Rake $0 | Jackpot $0 | Bingo $0 | Fortune $0
Seat 1: 9e7b48d4 (small blind) folded before Flop
Seat 2: 21784a7f (big blind) collected ($0.04)
Seat 3: Hero folded before Flop (didn't bet)
Seat 4: bd5a6185 folded before Flop (didn't bet)
Seat 5: dcc62ee2 folded before Flop (didn't bet)
Seat 6: 8d52e1d0 (button) folded before Flop (didn't bet)


Poker Hand #HD1146200494: Hold'em No Limit  ($0.02/$0.05) - 2023/03/04 22:44:29
Table 'NLHBlue8' 6-max Seat #5 is the button
Seat 1: 9e7b48d4 ($15.7 in chips)
Seat 2: 21784a7f ($5.14 in chips)
Seat 3: Hero ($9.53 in chips)
Seat 4: bd5a6185 ($0.73 in chips)
Seat 5: dcc62ee2 ($5.76 in chips)
Seat 6: 8d52e1d0 ($7.18 in chips)
8d52e1d0: posts small blind $0.02
9e7b48d4: posts big blind $0.05
*** HOLE CARDS ***
Dealt to 9e7b48d4 
Dealt to 21784a7f 
Dealt to Hero [7d 5d]
Dealt to bd5a6185 
Dealt to dcc62ee2 
Dealt to 8d52e1d0 
21784a7f: folds
Hero: folds
bd5a6185: folds
dcc62ee2: folds
8d52e1d0: raises $0.1 to $0.15
9e7b48d4: folds
Uncalled bet ($0.1) returned to 8d52e1d0
*** SHOWDOWN ***
8d52e1d0 collected $0.1 from pot
*** SUMMARY ***
Total pot $0.1 | Rake $0 | Jackpot $0 | Bingo $0 | Fortune $0
Seat 1: 9e7b48d4 (big blind) folded before Flop
Seat 2: 21784a7f folded before Flop (didn't bet)
Seat 3: Hero folded before Flop (didn't bet)
Seat 4: bd5a6185 folded before Flop (didn't bet)
Seat 5: dcc62ee2 (button) folded before Flop (didn't bet)
Seat 6: 8d52e1d0 (small blind) collected ($0.1)


Poker Hand #HD1146200416: Hold'em No Limit  ($0.02/$0.05) - 2023/03/04 22:43:47
Table 'NLHBlue8' 6-max Seat #4 is the button
Seat 1: 9e7b48d4 ($15.7 in chips)
Seat 2: 21784a7f ($5.14 in chips)
Seat 3: Hero ($9.65 in chips)
Seat 4: bd5a6185 ($0.73 in chips)
Seat 5: dcc62ee2 ($5.6 in chips)
Seat 6: 8d52e1d0 ($7.23 in chips)
dcc62ee2: posts small blind $0.02
8d52e1d0: posts big blind $0.05
*** HOLE CARDS ***
Dealt to 9e7b48d4 
Dealt to 21784a7f 
Dealt to Hero [Td Kd]
Dealt to bd5a6185 
Dealt to dcc62ee2 
Dealt to 8d52e1d0 
9e7b48d4: folds
21784a7f: folds
Hero: raises $0.07 to $0.12
bd5a6185: folds
dcc62ee2: calls $0.1
8d52e1d0: folds
*** FLOP *** [2c Qs 7h]
dcc62ee2: bets $0.1
Hero: folds
Uncalled bet ($0.1) returned to dcc62ee2
*** SHOWDOWN ***
dcc62ee2 collected $0.28 from pot
*** SUMMARY ***
Total pot $0.29 | Rake $0.01 | Jackpot $0 | Bingo $0 | Fortune $0
Board [2c Qs 7h]
Seat 1: 9e7b48d4 folded before Flop (didn't bet)
Seat 2: 21784a7f folded before Flop (didn't bet)
Seat 3: Hero folded on the Flop
Seat 4: bd5a6185 (button) folded before Flop (didn't bet)
Seat 5: dcc62ee2 (small blind) won ($0.28)
Seat 6: 8d52e1d0 (big blind) folded before Flop


Poker Hand #HD1146200360: Hold'em No Limit  ($0.02/$0.05) - 2023/03/04 22:43:24
Table 'NLHBlue8' 6-max Seat #3 is the button
Seat 1: 9e7b48d4 ($15.7 in chips)
Seat 2: 21784a7f ($5.07 in chips)
Seat 3: Hero ($9.65 in chips)
Seat 4: bd5a6185 ($0.75 in chips)
Seat 5: dcc62ee2 ($5.65 in chips)
Seat 6: 8d52e1d0 ($7.23 in chips)
bd5a6185: posts small blind $0.02
dcc62ee2: posts big blind $0.05
*** HOLE CARDS ***
Dealt to 9e7b48d4 
Dealt to 21784a7f 
Dealt to Hero [Th 2s]
Dealt to bd5a6185 
Dealt to dcc62ee2 
Dealt to 8d52e1d0 
8d52e1d0: folds
9e7b48d4: folds
21784a7f: raises $0.1 to $0.15
Hero: folds
bd5a6185: folds
dcc62ee2: folds
Uncalled bet ($0.1) returned to 21784a7f
*** SHOWDOWN ***
21784a7f collected $0.12 from pot
*** SUMMARY ***
Total pot $0.12 | Rake $0 | Jackpot $0 | Bingo $0 | Fortune $0
Seat 1: 9e7b48d4 folded before Flop (didn't bet)
Seat 2: 21784a7f collected ($0.12)
Seat 3: Hero (button) folded before Flop (didn't bet)
Seat 4: bd5a6185 (small blind) folded before Flop
Seat 5: dcc62ee2 (big blind) folded before Flop
Seat 6: 8d52e1d0 folded before Flop (didn't bet)


Poker Hand #HD1146200317: Hold'em No Limit  ($0.02/$0.05) - 2023/03/04 22:43:02
Table 'NLHBlue8' 6-max Seat #2 is the button
Seat 1: 9e7b48d4 ($15.7 in chips)
Seat 2: 21784a7f ($5.07 in chips)
Seat 3: Hero ($9.67 in chips)
Seat 4: bd5a6185 ($0.8 in chips)
Seat 5: dcc62ee2 ($5.58 in chips)
Seat 6: 8d52e1d0 ($7.23 in chips)
Hero: posts small blind $0.02
bd5a6185: posts big blind $0.05
*** HOLE CARDS ***
Dealt to 9e7b48d4 
Dealt to 21784a7f 
Dealt to Hero [5d 9c]
Dealt to bd5a6185 
Dealt to dcc62ee2 
Dealt to 8d52e1d0 
dcc62ee2: raises $0.08 to $0.13
8d52e1d0: folds
9e7b48d4: folds
21784a7f: folds
Hero: folds
bd5a6185: folds
Uncalled bet ($0.08) returned to dcc62ee2
*** SHOWDOWN ***
dcc62ee2 collected $0.12 from pot
*** SUMMARY ***
Total pot $0.12 | Rake $0 | Jackpot $0 | Bingo $0 | Fortune $0
Seat 1: 9e7b48d4 folded before Flop (didn't bet)
Seat 2: 21784a7f (button) folded before Flop (didn't bet)
Seat 3: Hero (small blind) folded before Flop
Seat 4: bd5a6185 (big blind) folded before Flop
Seat 5: dcc62ee2 collected ($0.12)
Seat 6: 8d52e1d0 folded before Flop (didn't bet)


Poker Hand #HD1146200162: Hold'em No Limit  ($0.02/$0.05) - 2023/03/04 22:41:51
Table 'NLHBlue8' 6-max Seat #1 is the button
Seat 1: 9e7b48d4 ($15.7 in chips)
Seat 2: 21784a7f ($5.09 in chips)
Seat 3: Hero ($10.02 in chips)
Seat 4: bd5a6185 ($0.8 in chips)
Seat 5: dcc62ee2 ($5.58 in chips)
Seat 6: 8d52e1d0 ($6.89 in chips)
21784a7f: posts small blind $0.02
Hero: posts big blind $0.05
*** HOLE CARDS ***
Dealt to 9e7b48d4 
Dealt to 21784a7f 
Dealt to Hero [Ts Kh]
Dealt to bd5a6185 
Dealt to dcc62ee2 
Dealt to 8d52e1d0 
bd5a6185: folds
dcc62ee2: folds
8d52e1d0: raises $0.08 to $0.13
9e7b48d4: folds
21784a7f: folds
Hero: calls $0.08
*** FLOP *** [5d 9c Ks]
Hero: checks
8d52e1d0: checks
*** TURN *** [5d 9c Ks] [As]
Hero: checks
8d52e1d0: bets $0.22
Hero: calls $0.22
*** RIVER *** [5d 9c Ks As] [8h]
Hero: checks
8d52e1d0: checks
Hero: shows [Ts Kh] (Pair of Kings)
8d52e1d0: shows [Ah Tc] (Pair of Aces)
*** SHOWDOWN ***
8d52e1d0 collected $0.69 from pot
*** SUMMARY ***
Total pot $0.72 | Rake $0.03 | Jackpot $0 | Bingo $0 | Fortune $0
Board [5d 9c Ks As 8h]
Seat 1: 9e7b48d4 (button) folded before Flop (didn't bet)
Seat 2: 21784a7f (small blind) folded before Flop
Seat 3: Hero (big blind) showed [Ts Kh] and lost with Pair of Kings
Seat 4: bd5a6185 folded before Flop (didn't bet)
Seat 5: dcc62ee2 folded before Flop (didn't bet)
Seat 6: 8d52e1d0 showed [Ah Tc] and won ($0.69) with Pair of Aces


Poker Hand #HD1146199950: Hold'em No Limit  ($0.02/$0.05) - 2023/03/04 22:40:06
Table 'NLHBlue8' 6-max Seat #6 is the button
Seat 1: 9e7b48d4 ($15.9 in chips)
Seat 2: 21784a7f ($5.29 in chips)
Seat 3: Hero ($10.22 in chips)
Seat 4: bd5a6185 ($0.8 in chips)
Seat 5: dcc62ee2 ($5.02 in chips)
Seat 6: 8d52e1d0 ($6.89 in chips)
9e7b48d4: posts small blind $0.02
21784a7f: posts big blind $0.05
*** HOLE CARDS ***
Dealt to 9e7b48d4 
Dealt to 21784a7f 
Dealt to Hero [Ah Qs]
Dealt to bd5a6185 
Dealt to dcc62ee2 
Dealt to 8d52e1d0 
Hero: raises $0.05 to $0.1
bd5a6185: folds
dcc62ee2: raises $0.1 to $0.2
8d52e1d0: folds
9e7b48d4: calls $0.18
21784a7f: calls $0.15
Hero: calls $0.1
*** FLOP *** [8d Tc Js]
9e7b48d4: checks
21784a7f: checks
Hero: checks
dcc62ee2: checks
*** TURN *** [8d Tc Js] [2c]
9e7b48d4: checks
21784a7f: checks
Hero: checks
dcc62ee2: bets $0.54
9e7b48d4: folds
21784a7f: folds
Hero: folds
Uncalled bet ($0.54) returned to dcc62ee2
*** SHOWDOWN ***
dcc62ee2 collected $0.76 from pot
*** SUMMARY ***
Total pot $0.8 | Rake $0.04 | Jackpot $0 | Bingo $0 | Fortune $0
Board [8d Tc Js 2c]
Seat 1: 9e7b48d4 (small blind) folded on the Turn
Seat 2: 21784a7f (big blind) folded on the Turn
Seat 3: Hero folded on the Turn
Seat 4: bd5a6185 folded before Flop (didn't bet)
Seat 5: dcc62ee2 won ($0.76)
Seat 6: 8d52e1d0 (button) folded before Flop (didn't bet)


Poker Hand #HD1146199886: Hold'em No Limit  ($0.02/$0.05) - 2023/03/04 22:39:38
Table 'NLHBlue8' 6-max Seat #5 is the button
Seat 1: 9e7b48d4 ($15.95 in chips)
Seat 2: 21784a7f ($5.29 in chips)
Seat 3: Hero ($10.22 in chips)
Seat 4: bd5a6185 ($0.8 in chips)
Seat 5: dcc62ee2 ($5.02 in chips)
Seat 6: 8d52e1d0 ($6.84 in chips)
8d52e1d0: posts small blind $0.02
9e7b48d4: posts big blind $0.05
*** HOLE CARDS ***
Dealt to 9e7b48d4 
Dealt to 21784a7f 
Dealt to Hero [Qh 5c]
Dealt to bd5a6185 
Dealt to dcc62ee2 
Dealt to 8d52e1d0 
21784a7f: folds
Hero: folds
bd5a6185: folds
dcc62ee2: folds
8d52e1d0: raises $0.1 to $0.15
9e7b48d4: folds
Uncalled bet ($0.1) returned to 8d52e1d0
*** SHOWDOWN ***
8d52e1d0 collected $0.1 from pot
*** SUMMARY ***
Total pot $0.1 | Rake $0 | Jackpot $0 | Bingo $0 | Fortune $0
Seat 1: 9e7b48d4 (big blind) folded before Flop
Seat 2: 21784a7f folded before Flop (didn't bet)
Seat 3: Hero folded before Flop (didn't bet)
Seat 4: bd5a6185 folded before Flop (didn't bet)
Seat 5: dcc62ee2 (button) folded before Flop (didn't bet)
Seat 6: 8d52e1d0 (small blind) collected ($0.1)


Poker Hand #HD1146199846: Hold'em No Limit  ($0.02/$0.05) - 2023/03/04 22:39:18
Table 'NLHBlue8' 6-max Seat #4 is the button
Seat 1: 9e7b48d4 ($15.95 in chips)
Seat 2: 21784a7f ($5.29 in chips)
Seat 3: Hero ($10.22 in chips)
Seat 4: bd5a6185 ($0.8 in chips)
Seat 5: dcc62ee2 ($5 in chips)
Seat 6: 8d52e1d0 ($6.82 in chips)
dcc62ee2: posts small blind $0.02
8d52e1d0: posts big blind $0.05
*** HOLE CARDS ***
Dealt to 9e7b48d4 
Dealt to 21784a7f 
Dealt to Hero [3h Kd]
Dealt to bd5a6185 
Dealt to dcc62ee2 
Dealt to 8d52e1d0 
9e7b48d4: folds
21784a7f: folds
Hero: folds
bd5a6185: folds
dcc62ee2: folds
Uncalled bet ($0.03) returned to 8d52e1d0
*** SHOWDOWN ***
8d52e1d0 collected $0.04 from pot
*** SUMMARY ***
Total pot $0.04 | Rake $0 | Jackpot $0 | Bingo $0 | Fortune $0
Seat 1: 9e7b48d4 folded before Flop (didn't bet)
Seat 2: 21784a7f folded before Flop (didn't bet)
Seat 3: Hero folded before Flop (didn't bet)
Seat 4: bd5a6185 (button) folded before Flop (didn't bet)
Seat 5: dcc62ee2 (small blind) folded before Flop
Seat 6: 8d52e1d0 (big blind) collected ($0.04)


Poker Hand #HD1146199738: Hold'em No Limit  ($0.02/$0.05) - 2023/03/04 22:38:22
Table 'NLHBlue8' 6-max Seat #3 is the button
Seat 1: 9e7b48d4 ($15.76 in chips)
Seat 2: 21784a7f ($5.29 in chips)
Seat 3: Hero ($10.22 in chips)
Seat 4: bd5a6185 ($0.95 in chips)
Seat 5: dcc62ee2 ($5 in chips)
Seat 6: 8d52e1d0 ($6.82 in chips)
bd5a6185: posts small blind $0.02
dcc62ee2: posts big blind $0.05
*** HOLE CARDS ***
Dealt to 9e7b48d4 
Dealt to 21784a7f 
Dealt to Hero [8h 3s]
Dealt to bd5a6185 
Dealt to dcc62ee2 
Dealt to 8d52e1d0 
8d52e1d0: folds
9e7b48d4: raises $0.1 to $0.15
21784a7f: folds
Hero: folds
bd5a6185: calls $0.13
dcc62ee2: folds
*** FLOP *** [5s 6c 4s]
bd5a6185: checks
9e7b48d4: bets $7.4
bd5a6185: folds
Uncalled bet ($7.4) returned to 9e7b48d4
*** SHOWDOWN ***
9e7b48d4 collected $0.34 from pot
*** SUMMARY ***
Total pot $0.35 | Rake $0.01 | Jackpot $0 | Bingo $0 | Fortune $0
Board [5s 6c 4s]
Seat 1: 9e7b48d4 won ($0.34)
Seat 2: 21784a7f folded before Flop (didn't bet)
Seat 3: Hero (button) folded before Flop (didn't bet)
Seat 4: bd5a6185 (small blind) folded on the Flop
Seat 5: dcc62ee2 (big blind) folded before Flop
Seat 6: 8d52e1d0 folded before Flop (didn't bet)


Poker Hand #HD1146199621: Hold'em No Limit  ($0.02/$0.05) - 2023/03/04 22:37:28
Table 'NLHBlue8' 6-max Seat #2 is the button
Seat 1: 9e7b48d4 ($15.76 in chips)
Seat 2: 21784a7f ($5.29 in chips)
Seat 3: Hero ($10.24 in chips)
Seat 4: bd5a6185 ($1 in chips)
Seat 5: dcc62ee2 ($5.24 in chips)
Seat 6: 8d52e1d0 ($5 in chips)
Hero: posts small blind $0.02
bd5a6185: posts big blind $0.05
*** HOLE CARDS ***
Dealt to 9e7b48d4 
Dealt to 21784a7f 
Dealt to Hero [Jc 3s]
Dealt to bd5a6185 
Dealt to dcc62ee2 
Dealt to 8d52e1d0 
dcc62ee2: raises $0.1 to $0.15
8d52e1d0: raises $0.3 to $0.45
9e7b48d4: folds
21784a7f: folds
Hero: folds
bd5a6185: folds
dcc62ee2: raises $0.73 to $1.18
8d52e1d0: calls $0.73
*** FLOP *** [7d 3c 5h]
dcc62ee2: checks
8d52e1d0: checks
*** TURN *** [7d 3c 5h] [Qc]
dcc62ee2: checks
8d52e1d0: checks
*** RIVER *** [7d 3c 5h Qc] [As]
dcc62ee2: bets $0.82
8d52e1d0: calls $0.82
dcc62ee2: shows [Jd Js] (Pair of Jacks)
8d52e1d0: shows [Kh Ah] (Pair of Aces)
*** SHOWDOWN ***
8d52e1d0 collected $3.82 from pot
*** SUMMARY ***
Total pot $4.07 | Rake $0.2 | Jackpot $0.05 | Bingo $0 | Fortune $0
Board [7d 3c 5h Qc As]
Seat 1: 9e7b48d4 folded before Flop (didn't bet)
Seat 2: 21784a7f (button) folded before Flop (didn't bet)
Seat 3: Hero (small blind) folded before Flop
Seat 4: bd5a6185 (big blind) folded before Flop
Seat 5: dcc62ee2 showed [Jd Js] and lost with Pair of Jacks
Seat 6: 8d52e1d0 showed [Kh Ah] and won ($3.82) with Pair of Aces


Poker Hand #HD1146199572: Hold'em No Limit  ($0.02/$0.05) - 2023/03/04 22:37:01
Table 'NLHBlue8' 6-max Seat #1 is the button
Seat 1: 9e7b48d4 ($15.89 in chips)
Seat 2: 21784a7f ($5 in chips)
Seat 3: Hero ($10.29 in chips)
Seat 5: dcc62ee2 ($5.37 in chips)
Seat 6: 8d52e1d0 ($5 in chips)
21784a7f: posts small blind $0.02
Hero: posts big blind $0.05
*** HOLE CARDS ***
Dealt to 9e7b48d4 
Dealt to 21784a7f 
Dealt to Hero [Ac 8h]
Dealt to dcc62ee2 
Dealt to 8d52e1d0 
dcc62ee2: raises $0.08 to $0.13
8d52e1d0: folds
9e7b48d4: calls $0.13
21784a7f: raises $0.32 to $0.45
Hero: folds
dcc62ee2: folds
9e7b48d4: folds
Uncalled bet ($0.32) returned to 21784a7f
*** SHOWDOWN ***
21784a7f collected $0.42 from pot
*** SUMMARY ***
Total pot $0.44 | Rake $0.02 | Jackpot $0 | Bingo $0 | Fortune $0
Seat 1: 9e7b48d4 (button) folded before Flop
Seat 2: 21784a7f (small blind) collected ($0.42)
Seat 3: Hero (big blind) folded before Flop
Seat 5: dcc62ee2 folded before Flop
Seat 6: 8d52e1d0 folded before Flop (didn't bet)


Poker Hand #HD1146199537: Hold'em No Limit  ($0.02/$0.05) - 2023/03/04 22:36:45
Table 'NLHBlue8' 6-max Seat #6 is the button
Seat 1: 9e7b48d4 ($15.84 in chips)
Seat 2: 21784a7f ($5 in chips)
Seat 3: Hero ($10.29 in chips)
Seat 5: dcc62ee2 ($5.37 in chips)
Seat 6: 8d52e1d0 ($5 in chips)
9e7b48d4: posts small blind $0.02
21784a7f: posts big blind $0.05
*** HOLE CARDS ***
Dealt to 9e7b48d4 
Dealt to 21784a7f 
Dealt to Hero [7h Ad]
Dealt to dcc62ee2 
Dealt to 8d52e1d0 
Hero: folds
dcc62ee2: folds
8d52e1d0: folds
9e7b48d4: raises $0.1 to $0.15
21784a7f: folds
Uncalled bet ($0.1) returned to 9e7b48d4
*** SHOWDOWN ***
9e7b48d4 collected $0.1 from pot
*** SUMMARY ***
Total pot $0.1 | Rake $0 | Jackpot $0 | Bingo $0 | Fortune $0
Seat 1: 9e7b48d4 (small blind) collected ($0.1)
Seat 2: 21784a7f (big blind) folded before Flop
Seat 3: Hero folded before Flop (didn't bet)
Seat 5: dcc62ee2 folded before Flop (didn't bet)
Seat 6: 8d52e1d0 (button) folded before Flop (didn't bet)


Poker Hand #HD1146199463: Hold'em No Limit  ($0.02/$0.05) - 2023/03/04 22:36:10
Table 'NLHBlue8' 6-max Seat #5 is the button
Seat 1: 9e7b48d4 ($15.34 in chips)
Seat 2: 21784a7f ($5 in chips)
Seat 3: Hero ($10.41 in chips)
Seat 5: dcc62ee2 ($5.77 in chips)
Seat 6: 8d52e1d0 ($5.02 in chips)
8d52e1d0: posts small blind $0.02
9e7b48d4: posts big blind $0.05
*** HOLE CARDS ***
Dealt to 9e7b48d4 
Dealt to 21784a7f 
Dealt to Hero [3d 3c]
Dealt to dcc62ee2 
Dealt to 8d52e1d0 
21784a7f: folds
Hero: raises $0.07 to $0.12
dcc62ee2: calls $0.12
8d52e1d0: folds
9e7b48d4: raises $0.28 to $0.4
Hero: folds
dcc62ee2: calls $0.28
*** FLOP *** [Ts 8h Jh]
9e7b48d4: bets $0.32
dcc62ee2: folds
Uncalled bet ($0.32) returned to 9e7b48d4
*** SHOWDOWN ***
9e7b48d4 collected $0.9 from pot
*** SUMMARY ***
Total pot $0.94 | Rake $0.04 | Jackpot $0 | Bingo $0 | Fortune $0
Board [Ts 8h Jh]
Seat 1: 9e7b48d4 (big blind) won ($0.9)
Seat 2: 21784a7f folded before Flop (didn't bet)
Seat 3: Hero folded before Flop
Seat 5: dcc62ee2 (button) folded on the Flop
Seat 6: 8d52e1d0 (small blind) folded before Flop


Poker Hand #HD1146199439: Hold'em No Limit  ($0.02/$0.05) - 2023/03/04 22:35:58
Table 'NLHBlue8' 6-max Seat #3 is the button
Seat 1: 9e7b48d4 ($15.34 in chips)
Seat 2: 21784a7f ($5 in chips)
Seat 3: Hero ($10.41 in chips)
Seat 5: dcc62ee2 ($5.79 in chips)
Seat 6: 8d52e1d0 ($5 in chips)
dcc62ee2: posts small blind $0.02
8d52e1d0: posts big blind $0.05
*** HOLE CARDS ***
Dealt to 9e7b48d4 
Dealt to 21784a7f 
Dealt to Hero [Jd 4c]
Dealt to dcc62ee2 
Dealt to 8d52e1d0 
9e7b48d4: folds
21784a7f: folds
Hero: folds
dcc62ee2: folds
Uncalled bet ($0.03) returned to 8d52e1d0
*** SHOWDOWN ***
8d52e1d0 collected $0.04 from pot
*** SUMMARY ***
Total pot $0.04 | Rake $0 | Jackpot $0 | Bingo $0 | Fortune $0
Seat 1: 9e7b48d4 folded before Flop (didn't bet)
Seat 2: 21784a7f folded before Flop (didn't bet)
Seat 3: Hero (button) folded before Flop (didn't bet)
Seat 5: dcc62ee2 (small blind) folded before Flop
Seat 6: 8d52e1d0 (big blind) collected ($0.04)


Poker Hand #HD1146199362: Hold'em No Limit  ($0.02/$0.05) - 2023/03/04 22:35:25
Table 'NLHBlue8' 6-max Seat #2 is the button
Seat 1: 9e7b48d4 ($15.6 in chips)
Seat 2: 21784a7f ($5 in chips)
Seat 3: Hero ($10.43 in chips)
Seat 5: dcc62ee2 ($5.53 in chips)
Seat 6: 8d52e1d0 ($5 in chips)
Hero: posts small blind $0.02
dcc62ee2: posts big blind $0.05
*** HOLE CARDS ***
Dealt to 9e7b48d4 
Dealt to 21784a7f 
Dealt to Hero [6s 5d]
Dealt to dcc62ee2 
Dealt to 8d52e1d0 
8d52e1d0: folds
9e7b48d4: raises $0.1 to $0.15
21784a7f: folds
Hero: folds
dcc62ee2: raises $0.11 to $0.26
9e7b48d4: calls $0.11
*** FLOP *** [2c 7c 7h]
dcc62ee2: bets $0.18
9e7b48d4: folds
Uncalled bet ($0.18) returned to dcc62ee2
*** SHOWDOWN ***
dcc62ee2 collected $0.52 from pot
*** SUMMARY ***
Total pot $0.54 | Rake $0.02 | Jackpot $0 | Bingo $0 | Fortune $0
Board [2c 7c 7h]
Seat 1: 9e7b48d4 folded on the Flop
Seat 2: 21784a7f (button) folded before Flop (didn't bet)
Seat 3: Hero (small blind) folded before Flop
Seat 5: dcc62ee2 (big blind) won ($0.52)
Seat 6: 8d52e1d0 folded before Flop (didn't bet)


Poker Hand #HD1146199304: Hold'em No Limit  ($0.02/$0.05) - 2023/03/04 22:35:00
Table 'NLHBlue8' 6-max Seat #1 is the button
Seat 1: 9e7b48d4 ($15.53 in chips)
Seat 2: 21784a7f ($5 in chips)
Seat 3: Hero ($10.48 in chips)
Seat 4: dfdb5639 ($5.09 in chips)
Seat 5: dcc62ee2 ($5.53 in chips)
Seat 6: 8d52e1d0 ($5 in chips)
21784a7f: posts small blind $0.02
Hero: posts big blind $0.05
*** HOLE CARDS ***
Dealt to 9e7b48d4 
Dealt to 21784a7f 
Dealt to Hero [Th 2d]
Dealt to dfdb5639 
Dealt to dcc62ee2 
Dealt to 8d52e1d0 
dfdb5639: folds
dcc62ee2: folds
8d52e1d0: folds
9e7b48d4: raises $0.08 to $0.13
21784a7f: folds
Hero: folds
Uncalled bet ($0.08) returned to 9e7b48d4
*** SHOWDOWN ***
9e7b48d4 collected $0.12 from pot
*** SUMMARY ***
Total pot $0.12 | Rake $0 | Jackpot $0 | Bingo $0 | Fortune $0
Seat 1: 9e7b48d4 (button) collected ($0.12)
Seat 2: 21784a7f (small blind) folded before Flop
Seat 3: Hero (big blind) folded before Flop
Seat 4: dfdb5639 folded before Flop (didn't bet)
Seat 5: dcc62ee2 folded before Flop (didn't bet)
Seat 6: 8d52e1d0 folded before Flop (didn't bet)


Poker Hand #HD1146199236: Hold'em No Limit  ($0.02/$0.05) - 2023/03/04 22:34:28
Table 'NLHBlue8' 6-max Seat #6 is the button
Seat 1: 9e7b48d4 ($15.12 in chips)
Seat 2: 21784a7f ($5.22 in chips)
Seat 3: Hero ($10.48 in chips)
Seat 4: dfdb5639 ($5.09 in chips)
Seat 5: dcc62ee2 ($5.53 in chips)
Seat 6: 8d52e1d0 ($5 in chips)
9e7b48d4: posts small blind $0.02
21784a7f: posts big blind $0.05
*** HOLE CARDS ***
Dealt to 9e7b48d4 
Dealt to 21784a7f 
Dealt to Hero [6d 7s]
Dealt to dfdb5639 
Dealt to dcc62ee2 
Dealt to 8d52e1d0 
Hero: folds
dfdb5639: folds
dcc62ee2: folds
8d52e1d0: folds
9e7b48d4: raises $0.1 to $0.15
21784a7f: raises $0.3 to $0.45
9e7b48d4: raises $9.4 to $9.85
21784a7f: folds
Uncalled bet ($9.4) returned to 9e7b48d4
*** SHOWDOWN ***
9e7b48d4 collected $0.86 from pot
*** SUMMARY ***
Total pot $0.9 | Rake $0.04 | Jackpot $0 | Bingo $0 | Fortune $0
Seat 1: 9e7b48d4 (small blind) collected ($0.86)
Seat 2: 21784a7f (big blind) folded before Flop
Seat 3: Hero folded before Flop (didn't bet)
Seat 4: dfdb5639 folded before Flop (didn't bet)
Seat 5: dcc62ee2 folded before Flop (didn't bet)
Seat 6: 8d52e1d0 (button) folded before Flop (didn't bet)


Poker Hand #HD1146199129: Hold'em No Limit  ($0.02/$0.05) - 2023/03/04 22:33:42
Table 'NLHBlue8' 6-max Seat #5 is the button
Seat 1: 9e7b48d4 ($14.99 in chips)
Seat 2: 21784a7f ($5.22 in chips)
Seat 3: Hero ($10.6 in chips)
Seat 4: dfdb5639 ($5.09 in chips)
Seat 5: dcc62ee2 ($5.53 in chips)
Seat 6: 8d52e1d0 ($5 in chips)
8d52e1d0: posts small blind $0.02
9e7b48d4: posts big blind $0.05
*** HOLE CARDS ***
Dealt to 9e7b48d4 
Dealt to 21784a7f 
Dealt to Hero [7c 7d]
Dealt to dfdb5639 
Dealt to dcc62ee2 
Dealt to 8d52e1d0 
21784a7f: folds
Hero: raises $0.07 to $0.12
dfdb5639: folds
dcc62ee2: folds
8d52e1d0: folds
9e7b48d4: raises $0.23 to $0.35
Hero: folds
Uncalled bet ($0.23) returned to 9e7b48d4
*** SHOWDOWN ***
9e7b48d4 collected $0.25 from pot
*** SUMMARY ***
Total pot $0.26 | Rake $0.01 | Jackpot $0 | Bingo $0 | Fortune $0
Seat 1: 9e7b48d4 (big blind) collected ($0.25)
Seat 2: 21784a7f folded before Flop (didn't bet)
Seat 3: Hero folded before Flop
Seat 4: dfdb5639 folded before Flop (didn't bet)
Seat 5: dcc62ee2 (button) folded before Flop (didn't bet)
Seat 6: 8d52e1d0 (small blind) folded before Flop


Poker Hand #HD1146199005: Hold'em No Limit  ($0.02/$0.05) - 2023/03/04 22:32:50
Table 'NLHBlue8' 6-max Seat #4 is the button
Seat 1: 9e7b48d4 ($15.43 in chips)
Seat 2: 21784a7f ($5.22 in chips)
Seat 3: Hero ($10.13 in chips)
Seat 4: dfdb5639 ($5.09 in chips)
Seat 5: dcc62ee2 ($5.55 in chips)
Seat 6: 8d52e1d0 ($5 in chips)
dcc62ee2: posts small blind $0.02
8d52e1d0: posts big blind $0.05
*** HOLE CARDS ***
Dealt to 9e7b48d4 
Dealt to 21784a7f 
Dealt to Hero [Ac Qc]
Dealt to dfdb5639 
Dealt to dcc62ee2 
Dealt to 8d52e1d0 
9e7b48d4: raises $0.1 to $0.15
21784a7f: folds
Hero: raises $0.29 to $0.44
dfdb5639: folds
dcc62ee2: folds
8d52e1d0: folds
9e7b48d4: calls $0.29
*** FLOP *** [Tc 7d Ah]
9e7b48d4: checks
Hero: bets $0.32
9e7b48d4: folds
Uncalled bet ($0.32) returned to Hero
*** SHOWDOWN ***
Hero collected $0.91 from pot
*** SUMMARY ***
Total pot $0.95 | Rake $0.04 | Jackpot $0 | Bingo $0 | Fortune $0
Board [Tc 7d Ah]
Seat 1: 9e7b48d4 folded on the Flop
Seat 2: 21784a7f folded before Flop (didn't bet)
Seat 3: Hero won ($0.91)
Seat 4: dfdb5639 (button) folded before Flop (didn't bet)
Seat 5: dcc62ee2 (small blind) folded before Flop
Seat 6: 8d52e1d0 (big blind) folded before Flop


Poker Hand #HD1146198925: Hold'em No Limit  ($0.02/$0.05) - 2023/03/04 22:32:11
Table 'NLHBlue8' 6-max Seat #3 is the button
Seat 1: 9e7b48d4 ($15.43 in chips)
Seat 2: 21784a7f ($5.07 in chips)
Seat 3: Hero ($10.13 in chips)
Seat 4: dfdb5639 ($5.11 in chips)
Seat 5: dcc62ee2 ($5.7 in chips)
Seat 6: 8d52e1d0 ($5 in chips)
dfdb5639: posts small blind $0.02
dcc62ee2: posts big blind $0.05
*** HOLE CARDS ***
Dealt to 9e7b48d4 
Dealt to 21784a7f 
Dealt to Hero [Qd 3d]
Dealt to dfdb5639 
Dealt to dcc62ee2 
Dealt to 8d52e1d0 
8d52e1d0: folds
9e7b48d4: folds
21784a7f: raises $0.1 to $0.15
Hero: folds
dfdb5639: folds
dcc62ee2: calls $0.1
*** FLOP *** [4h 5d 9h]
dcc62ee2: checks
21784a7f: bets $0.11
dcc62ee2: folds
Uncalled bet ($0.11) returned to 21784a7f
*** SHOWDOWN ***
21784a7f collected $0.3 from pot
*** SUMMARY ***
Total pot $0.32 | Rake $0.02 | Jackpot $0 | Bingo $0 | Fortune $0
Board [4h 5d 9h]
Seat 1: 9e7b48d4 folded before Flop (didn't bet)
Seat 2: 21784a7f won ($0.3)
Seat 3: Hero (button) folded before Flop (didn't bet)
Seat 4: dfdb5639 (small blind) folded before Flop
Seat 5: dcc62ee2 (big blind) folded on the Flop
Seat 6: 8d52e1d0 folded before Flop (didn't bet)


Poker Hand #HD1146198851: Hold'em No Limit  ($0.02/$0.05) - 2023/03/04 22:31:39
Table 'NLHBlue8' 6-max Seat #2 is the button
Seat 1: 9e7b48d4 ($15.43 in chips)
Seat 2: 21784a7f ($5 in chips)
Seat 3: Hero ($10.15 in chips)
Seat 4: dfdb5639 ($5.16 in chips)
Seat 5: dcc62ee2 ($5.7 in chips)
Seat 6: 8d52e1d0 ($5 in chips)
Hero: posts small blind $0.02
dfdb5639: posts big blind $0.05
*** HOLE CARDS ***
Dealt to 9e7b48d4 
Dealt to 21784a7f 
Dealt to Hero [Js 2s]
Dealt to dfdb5639 
Dealt to dcc62ee2 
Dealt to 8d52e1d0 
dcc62ee2: folds
8d52e1d0: folds
9e7b48d4: folds
21784a7f: raises $0.08 to $0.13
Hero: folds
dfdb5639: folds
Uncalled bet ($0.08) returned to 21784a7f
*** SHOWDOWN ***
21784a7f collected $0.12 from pot
*** SUMMARY ***
Total pot $0.12 | Rake $0 | Jackpot $0 | Bingo $0 | Fortune $0
Seat 1: 9e7b48d4 folded before Flop (didn't bet)
Seat 2: 21784a7f (button) collected ($0.12)
Seat 3: Hero (small blind) folded before Flop
Seat 4: dfdb5639 (big blind) folded before Flop
Seat 5: dcc62ee2 folded before Flop (didn't bet)
Seat 6: 8d52e1d0 folded before Flop (didn't bet)


Poker Hand #HD1146198684: Hold'em No Limit  ($0.02/$0.05) - 2023/03/04 22:30:20
Table 'NLHBlue8' 6-max Seat #1 is the button
Seat 1: 9e7b48d4 ($15.43 in chips)
Seat 2: 21784a7f ($5.02 in chips)
Seat 3: Hero ($9.75 in chips)
Seat 4: dfdb5639 ($5.16 in chips)
Seat 5: dcc62ee2 ($5.7 in chips)
Seat 6: 8d52e1d0 ($5 in chips)
21784a7f: posts small blind $0.02
Hero: posts big blind $0.05
*** HOLE CARDS ***
Dealt to 9e7b48d4 
Dealt to 21784a7f 
Dealt to Hero [Ad 3d]
Dealt to dfdb5639 
Dealt to dcc62ee2 
Dealt to 8d52e1d0 
dfdb5639: folds
dcc62ee2: folds
8d52e1d0: folds
9e7b48d4: folds
21784a7f: raises $0.1 to $0.15
Hero: raises $0.29 to $0.44
21784a7f: calls $0.29
*** FLOP *** [7c 7s 5s]
21784a7f: checks
Hero: checks
*** TURN *** [7c 7s 5s] [As]
21784a7f: checks
Hero: bets $0.44
21784a7f: folds
Uncalled bet ($0.44) returned to Hero
*** SHOWDOWN ***
Hero collected $0.84 from pot
*** SUMMARY ***
Total pot $0.88 | Rake $0.04 | Jackpot $0 | Bingo $0 | Fortune $0
Board [7c 7s 5s As]
Seat 1: 9e7b48d4 (button) folded before Flop (didn't bet)
Seat 2: 21784a7f (small blind) folded on the Turn
Seat 3: Hero (big blind) won ($0.84)
Seat 4: dfdb5639 folded before Flop (didn't bet)
Seat 5: dcc62ee2 folded before Flop (didn't bet)
Seat 6: 8d52e1d0 folded before Flop (didn't bet)


Poker Hand #HD1146198661: Hold'em No Limit  ($0.02/$0.05) - 2023/03/04 22:30:08
Table 'NLHBlue8' 6-max Seat #6 is the button
Seat 1: 9e7b48d4 ($15.45 in chips)
Seat 2: 21784a7f ($5 in chips)
Seat 3: Hero ($9.75 in chips)
Seat 4: dfdb5639 ($5.16 in chips)
Seat 5: dcc62ee2 ($5.7 in chips)
Seat 6: 8d52e1d0 ($5 in chips)
9e7b48d4: posts small blind $0.02
21784a7f: posts big blind $0.05
*** HOLE CARDS ***
Dealt to 9e7b48d4 
Dealt to 21784a7f 
Dealt to Hero [Kh 8c]
Dealt to dfdb5639 
Dealt to dcc62ee2 
Dealt to 8d52e1d0 
Hero: folds
dfdb5639: folds
dcc62ee2: folds
8d52e1d0: folds
9e7b48d4: folds
Uncalled bet ($0.03) returned to 21784a7f
*** SHOWDOWN ***
21784a7f collected $0.04 from pot
*** SUMMARY ***
Total pot $0.04 | Rake $0 | Jackpot $0 | Bingo $0 | Fortune $0
Seat 1: 9e7b48d4 (small blind) folded before Flop
Seat 2: 21784a7f (big blind) collected ($0.04)
Seat 3: Hero folded before Flop (didn't bet)
Seat 4: dfdb5639 folded before Flop (didn't bet)
Seat 5: dcc62ee2 folded before Flop (didn't bet)
Seat 6: 8d52e1d0 (button) folded before Flop (didn't bet)


Poker Hand #HD1146198514: Hold'em No Limit  ($0.02/$0.05) - 2023/03/04 22:28:59
Table 'NLHBlue8' 6-max Seat #5 is the button
Seat 1: 9e7b48d4 ($15.6 in chips)
Seat 2: 21784a7f ($5 in chips)
Seat 3: Hero ($9.75 in chips)
Seat 4: dfdb5639 ($5 in chips)
Seat 5: dcc62ee2 ($5.7 in chips)
Seat 6: 8d52e1d0 ($5 in chips)
8d52e1d0: posts small blind $0.02
9e7b48d4: posts big blind $0.05
*** HOLE CARDS ***
Dealt to 9e7b48d4 
Dealt to 21784a7f 
Dealt to Hero [4s 7h]
Dealt to dfdb5639 
Dealt to dcc62ee2 
Dealt to 8d52e1d0 
21784a7f: folds
Hero: folds
dfdb5639: raises $0.1 to $0.15
dcc62ee2: folds
8d52e1d0: folds
9e7b48d4: calls $0.1
*** FLOP *** [9d Ac Tc]
9e7b48d4: checks
dfdb5639: checks
*** TURN *** [9d Ac Tc] [Qh]
9e7b48d4: checks
dfdb5639: bets $0.11
9e7b48d4: folds
Uncalled bet ($0.11) returned to dfdb5639
*** SHOWDOWN ***
dfdb5639 collected $0.31 from pot
*** SUMMARY ***
Total pot $0.32 | Rake $0.01 | Jackpot $0 | Bingo $0 | Fortune $0
Board [9d Ac Tc Qh]
Seat 1: 9e7b48d4 (big blind) folded on the Turn
Seat 2: 21784a7f folded before Flop (didn't bet)
Seat 3: Hero folded before Flop (didn't bet)
Seat 4: dfdb5639 won ($0.31)
Seat 5: dcc62ee2 (button) folded before Flop (didn't bet)
Seat 6: 8d52e1d0 (small blind) folded before Flop


Poker Hand #HD1146198306: Hold'em No Limit  ($0.02/$0.05) - 2023/03/04 22:27:24
Table 'NLHBlue8' 6-max Seat #4 is the button
Seat 1: 9e7b48d4 ($15.6 in chips)
Seat 2: 21784a7f ($5.14 in chips)
Seat 3: Hero ($9.75 in chips)
Seat 4: dfdb5639 ($5 in chips)
Seat 5: dcc62ee2 ($5 in chips)
Seat 6: 8d52e1d0 ($5.08 in chips)
dcc62ee2: posts small blind $0.02
8d52e1d0: posts big blind $0.05
*** HOLE CARDS ***
Dealt to 9e7b48d4 
Dealt to 21784a7f 
Dealt to Hero [2s 4d]
Dealt to dfdb5639 
Dealt to dcc62ee2 
Dealt to 8d52e1d0 
9e7b48d4: folds
21784a7f: raises $0.1 to $0.15
Hero: folds
dfdb5639: folds
dcc62ee2: calls $0.13
8d52e1d0: calls $0.1
*** FLOP *** [7s 7d 8s]
dcc62ee2: bets $0.16
8d52e1d0: folds
21784a7f: raises $0.31 to $0.47
dcc62ee2: calls $0.31
*** TURN *** [7s 7d 8s] [Qh]
dcc62ee2: checks
21784a7f: checks
*** RIVER *** [7s 7d 8s Qh] [6h]
dcc62ee2: bets $0.64
21784a7f: folds
Uncalled bet ($0.64) returned to dcc62ee2
*** SHOWDOWN ***
dcc62ee2 collected $1.32 from pot
*** SUMMARY ***
Total pot $1.39 | Rake $0.07 | Jackpot $0 | Bingo $0 | Fortune $0
Board [7s 7d 8s Qh 6h]
Seat 1: 9e7b48d4 folded before Flop (didn't bet)
Seat 2: 21784a7f folded on the River
Seat 3: Hero folded before Flop (didn't bet)
Seat 4: dfdb5639 (button) folded before Flop (didn't bet)
Seat 5: dcc62ee2 (small blind) won ($1.32)
Seat 6: 8d52e1d0 (big blind) folded on the Flop


Poker Hand #HD1146198267: Hold'em No Limit  ($0.02/$0.05) - 2023/03/04 22:27:07
Table 'NLHBlue8' 6-max Seat #3 is the button
Seat 1: 9e7b48d4 ($15.6 in chips)
Seat 2: 21784a7f ($5.07 in chips)
Seat 3: Hero ($9.75 in chips)
Seat 4: dfdb5639 ($5 in chips)
Seat 5: dcc62ee2 ($5 in chips)
Seat 6: 8d52e1d0 ($5.08 in chips)
dfdb5639: posts small blind $0.02
dcc62ee2: posts big blind $0.05
*** HOLE CARDS ***
Dealt to 9e7b48d4 
Dealt to 21784a7f 
Dealt to Hero [Qc Ts]
Dealt to dfdb5639 
Dealt to dcc62ee2 
Dealt to 8d52e1d0 
8d52e1d0: folds
9e7b48d4: folds
21784a7f: raises $0.1 to $0.15
Hero: folds
dfdb5639: folds
dcc62ee2: folds
Uncalled bet ($0.1) returned to 21784a7f
*** SHOWDOWN ***
21784a7f collected $0.12 from pot
*** SUMMARY ***
Total pot $0.12 | Rake $0 | Jackpot $0 | Bingo $0 | Fortune $0
Seat 1: 9e7b48d4 folded before Flop (didn't bet)
Seat 2: 21784a7f collected ($0.12)
Seat 3: Hero (button) folded before Flop (didn't bet)
Seat 4: dfdb5639 (small blind) folded before Flop
Seat 5: dcc62ee2 (big blind) folded before Flop
Seat 6: 8d52e1d0 folded before Flop (didn't bet)


Poker Hand #HD1146198216: Hold'em No Limit  ($0.02/$0.05) - 2023/03/04 22:26:41
Table 'NLHBlue8' 6-max Seat #2 is the button
Seat 1: 9e7b48d4 ($15.6 in chips)
Seat 2: 21784a7f ($5.07 in chips)
Seat 3: Hero ($9.77 in chips)
Seat 4: dfdb5639 ($5 in chips)
Seat 5: dcc62ee2 ($5 in chips)
Seat 6: 8d52e1d0 ($5.01 in chips)
Hero: posts small blind $0.02
dfdb5639: posts big blind $0.05
*** HOLE CARDS ***
Dealt to 9e7b48d4 
Dealt to 21784a7f 
Dealt to Hero [Qh 5s]
Dealt to dfdb5639 
Dealt to dcc62ee2 
Dealt to 8d52e1d0 
dcc62ee2: folds
8d52e1d0: raises $0.08 to $0.13
9e7b48d4: folds
21784a7f: folds
Hero: folds
dfdb5639: folds
Uncalled bet ($0.08) returned to 8d52e1d0
*** SHOWDOWN ***
8d52e1d0 collected $0.12 from pot
*** SUMMARY ***
Total pot $0.12 | Rake $0 | Jackpot $0 | Bingo $0 | Fortune $0
Seat 1: 9e7b48d4 folded before Flop (didn't bet)
Seat 2: 21784a7f (button) folded before Flop (didn't bet)
Seat 3: Hero (small blind) folded before Flop
Seat 4: dfdb5639 (big blind) folded before Flop
Seat 5: dcc62ee2 folded before Flop (didn't bet)
Seat 6: 8d52e1d0 collected ($0.12)


Poker Hand #HD1146198130: Hold'em No Limit  ($0.02/$0.05) - 2023/03/04 22:25:59
Table 'NLHBlue8' 6-max Seat #1 is the button
Seat 1: 9e7b48d4 ($16.14 in chips)
Seat 2: 21784a7f ($5.09 in chips)
Seat 3: Hero ($9.14 in chips)
Seat 4: dfdb5639 ($5 in chips)
Seat 5: dcc62ee2 ($5 in chips)
Seat 6: 8d52e1d0 ($5.14 in chips)
21784a7f: posts small blind $0.02
Hero: posts big blind $0.05
*** HOLE CARDS ***
Dealt to 9e7b48d4 
Dealt to 21784a7f 
Dealt to Hero [Td Th]
Dealt to dfdb5639 
Dealt to dcc62ee2 
Dealt to 8d52e1d0 
dfdb5639: folds
dcc62ee2: folds
8d52e1d0: raises $0.08 to $0.13
9e7b48d4: calls $0.13
21784a7f: folds
Hero: raises $0.41 to $0.54
8d52e1d0: folds
9e7b48d4: calls $0.41
*** FLOP *** [Jh 6d Ac]
Hero: bets $0.58
9e7b48d4: folds
Uncalled bet ($0.58) returned to Hero
*** SHOWDOWN ***
Hero collected $1.17 from pot
*** SUMMARY ***
Total pot $1.23 | Rake $0.06 | Jackpot $0 | Bingo $0 | Fortune $0
Board [Jh 6d Ac]
Seat 1: 9e7b48d4 (button) folded on the Flop
Seat 2: 21784a7f (small blind) folded before Flop
Seat 3: Hero (big blind) won ($1.17)
Seat 4: dfdb5639 folded before Flop (didn't bet)
Seat 5: dcc62ee2 folded before Flop (didn't bet)
Seat 6: 8d52e1d0 folded before Flop


Poker Hand #HD1146198059: Hold'em No Limit  ($0.02/$0.05) - 2023/03/04 22:25:28
Table 'NLHBlue8' 6-max Seat #6 is the button
Seat 1: 9e7b48d4 ($16.16 in chips)
Seat 2: 21784a7f ($5.07 in chips)
Seat 3: Hero ($9.14 in chips)
Seat 4: dfdb5639 ($5 in chips)
Seat 5: dcc62ee2 ($5 in chips)
Seat 6: 8d52e1d0 ($5.14 in chips)
9e7b48d4: posts small blind $0.02
21784a7f: posts big blind $0.05
*** HOLE CARDS ***
Dealt to 9e7b48d4 
Dealt to 21784a7f 
Dealt to Hero [7c 4c]
Dealt to dfdb5639 
Dealt to dcc62ee2 
Dealt to 8d52e1d0 
Hero: folds
dfdb5639: folds
dcc62ee2: folds
8d52e1d0: folds
9e7b48d4: folds
Uncalled bet ($0.03) returned to 21784a7f
*** SHOWDOWN ***
21784a7f collected $0.04 from pot
*** SUMMARY ***
Total pot $0.04 | Rake $0 | Jackpot $0 | Bingo $0 | Fortune $0
Seat 1: 9e7b48d4 (small blind) folded before Flop
Seat 2: 21784a7f (big blind) collected ($0.04)
Seat 3: Hero folded before Flop (didn't bet)
Seat 4: dfdb5639 folded before Flop (didn't bet)
Seat 5: dcc62ee2 folded before Flop (didn't bet)
Seat 6: 8d52e1d0 (button) folded before Flop (didn't bet)


Poker Hand #HD1146197951: Hold'em No Limit  ($0.02/$0.05) - 2023/03/04 22:24:37
Table 'NLHBlue8' 6-max Seat #5 is the button
Seat 1: 9e7b48d4 ($16.21 in chips)
Seat 2: 21784a7f ($5.07 in chips)
Seat 3: Hero ($9.14 in chips)
Seat 4: dfdb5639 ($5.03 in chips)
Seat 5: dcc62ee2 ($5 in chips)
Seat 6: 8d52e1d0 ($5 in chips)
8d52e1d0: posts small blind $0.02
9e7b48d4: posts big blind $0.05
*** HOLE CARDS ***
Dealt to 9e7b48d4 
Dealt to 21784a7f 
Dealt to Hero [Js 9h]
Dealt to dfdb5639 
Dealt to dcc62ee2 
Dealt to 8d52e1d0 
21784a7f: folds
Hero: folds
dfdb5639: raises $0.05 to $0.1
dcc62ee2: folds
8d52e1d0: raises $0.35 to $0.45
9e7b48d4: folds
dfdb5639: folds
Uncalled bet ($0.35) returned to 8d52e1d0
*** SHOWDOWN ***
8d52e1d0 collected $0.24 from pot
*** SUMMARY ***
Total pot $0.25 | Rake $0.01 | Jackpot $0 | Bingo $0 | Fortune $0
Seat 1: 9e7b48d4 (big blind) folded before Flop
Seat 2: 21784a7f folded before Flop (didn't bet)
Seat 3: Hero folded before Flop (didn't bet)
Seat 4: dfdb5639 folded before Flop
Seat 5: dcc62ee2 (button) folded before Flop (didn't bet)
Seat 6: 8d52e1d0 (small blind) collected ($0.24)


Poker Hand #HD1146197909: Hold'em No Limit  ($0.02/$0.05) - 2023/03/04 22:24:19
Table 'NLHBlue8' 6-max Seat #4 is the button
Seat 1: 9e7b48d4 ($16.21 in chips)
Seat 2: 21784a7f ($5.07 in chips)
Seat 3: Hero ($9.07 in chips)
Seat 4: dfdb5639 ($5.03 in chips)
Seat 5: dcc62ee2 ($5 in chips)
Seat 6: 8d52e1d0 ($5 in chips)
dcc62ee2: posts small blind $0.02
8d52e1d0: posts big blind $0.05
*** HOLE CARDS ***
Dealt to 9e7b48d4 
Dealt to 21784a7f 
Dealt to Hero [Kd Qd]
Dealt to dfdb5639 
Dealt to dcc62ee2 
Dealt to 8d52e1d0 
9e7b48d4: folds
21784a7f: folds
Hero: raises $0.07 to $0.12
dfdb5639: folds
dcc62ee2: folds
8d52e1d0: folds
Uncalled bet ($0.07) returned to Hero
*** SHOWDOWN ***
Hero collected $0.12 from pot
*** SUMMARY ***
Total pot $0.12 | Rake $0 | Jackpot $0 | Bingo $0 | Fortune $0
Seat 1: 9e7b48d4 folded before Flop (didn't bet)
Seat 2: 21784a7f folded before Flop (didn't bet)
Seat 3: Hero collected ($0.12)
Seat 4: dfdb5639 (button) folded before Flop (didn't bet)
Seat 5: dcc62ee2 (small blind) folded before Flop
Seat 6: 8d52e1d0 (big blind) folded before Flop


Poker Hand #HD1146197870: Hold'em No Limit  ($0.02/$0.05) - 2023/03/04 22:24:00
Table 'NLHBlue8' 6-max Seat #3 is the button
Seat 1: 9e7b48d4 ($16.21 in chips)
Seat 2: 21784a7f ($5 in chips)
Seat 3: Hero ($9.07 in chips)
Seat 4: dfdb5639 ($5.05 in chips)
Seat 5: dcc62ee2 ($5 in chips)
Seat 6: 8d52e1d0 ($5 in chips)
dfdb5639: posts small blind $0.02
dcc62ee2: posts big blind $0.05
*** HOLE CARDS ***
Dealt to 9e7b48d4 
Dealt to 21784a7f 
Dealt to Hero [8c Js]
Dealt to dfdb5639 
Dealt to dcc62ee2 
Dealt to 8d52e1d0 
8d52e1d0: folds
9e7b48d4: folds
21784a7f: raises $0.1 to $0.15
Hero: folds
dfdb5639: folds
dcc62ee2: folds
Uncalled bet ($0.1) returned to 21784a7f
*** SHOWDOWN ***
21784a7f collected $0.12 from pot
*** SUMMARY ***
Total pot $0.12 | Rake $0 | Jackpot $0 | Bingo $0 | Fortune $0
Seat 1: 9e7b48d4 folded before Flop (didn't bet)
Seat 2: 21784a7f collected ($0.12)
Seat 3: Hero (button) folded before Flop (didn't bet)
Seat 4: dfdb5639 (small blind) folded before Flop
Seat 5: dcc62ee2 (big blind) folded before Flop
Seat 6: 8d52e1d0 folded before Flop (didn't bet)


Poker Hand #HD1146197838: Hold'em No Limit  ($0.02/$0.05) - 2023/03/04 22:23:47
Table 'NLHBlue8' 6-max Seat #2 is the button
Seat 1: 9e7b48d4 ($16.21 in chips)
Seat 2: 21784a7f ($5 in chips)
Seat 3: Hero ($9.02 in chips)
Seat 4: dfdb5639 ($5 in chips)
Seat 5: dcc62ee2 ($5 in chips)
Seat 6: 8d52e1d0 ($5 in chips)
Hero: posts small blind $0.02
dfdb5639: posts big blind $0.05
*** HOLE CARDS ***
Dealt to 9e7b48d4 
Dealt to 21784a7f 
Dealt to Hero [Qs As]
Dealt to dfdb5639 
Dealt to dcc62ee2 
Dealt to 8d52e1d0 
dcc62ee2: folds
8d52e1d0: folds
9e7b48d4: folds
21784a7f: folds
Hero: raises $0.11 to $0.16
dfdb5639: folds
Uncalled bet ($0.11) returned to Hero
*** SHOWDOWN ***
Hero collected $0.1 from pot
*** SUMMARY ***
Total pot $0.1 | Rake $0 | Jackpot $0 | Bingo $0 | Fortune $0
Seat 1: 9e7b48d4 folded before Flop (didn't bet)
Seat 2: 21784a7f (button) folded before Flop (didn't bet)
Seat 3: Hero (small blind) collected ($0.1)
Seat 4: dfdb5639 (big blind) folded before Flop
Seat 5: dcc62ee2 folded before Flop (didn't bet)
Seat 6: 8d52e1d0 folded before Flop (didn't bet)


Poker Hand #HD1146197694: Hold'em No Limit  ($0.02/$0.05) - 2023/03/04 22:22:38
Table 'NLHBlue8' 6-max Seat #1 is the button
Seat 1: 9e7b48d4 ($14.99 in chips)
Seat 2: 21784a7f ($5 in chips)
Seat 3: Hero ($9.07 in chips)
Seat 5: dcc62ee2 ($5 in chips)
Seat 6: 8d52e1d0 ($5 in chips)
21784a7f: posts small blind $0.02
Hero: posts big blind $0.05
*** HOLE CARDS ***
Dealt to 9e7b48d4 
Dealt to 21784a7f 
Dealt to Hero [2h 4d]
Dealt to dcc62ee2 
Dealt to 8d52e1d0 
dcc62ee2: folds
8d52e1d0: folds
9e7b48d4: raises $0.1 to $0.15
21784a7f: raises $0.45 to $0.6
Hero: folds
9e7b48d4: calls $0.45
*** FLOP *** [Tc 4c 6h]
21784a7f: checks
9e7b48d4: bets $0.75
21784a7f: calls $0.75
*** TURN *** [Tc 4c 6h] [8d]
21784a7f: checks
9e7b48d4: bets $1.8
21784a7f: folds
Uncalled bet ($1.8) returned to 9e7b48d4
*** SHOWDOWN ***
9e7b48d4 collected $2.57 from pot
*** SUMMARY ***
Total pot $2.75 | Rake $0.13 | Jackpot $0.05 | Bingo $0 | Fortune $0
Board [Tc 4c 6h 8d]
Seat 1: 9e7b48d4 (button) won ($2.57)
Seat 2: 21784a7f (small blind) folded on the Turn
Seat 3: Hero (big blind) folded before Flop
Seat 5: dcc62ee2 folded before Flop (didn't bet)
Seat 6: 8d52e1d0 folded before Flop (didn't bet)


Poker Hand #HD1146197543: Hold'em No Limit  ($0.02/$0.05) - 2023/03/04 22:21:32
Table 'NLHBlue8' 6-max Seat #6 is the button
Seat 1: 9e7b48d4 ($9.37 in chips)
Seat 2: 21784a7f ($5 in chips)
Seat 3: Hero ($9.07 in chips)
Seat 5: dcc62ee2 ($6.12 in chips)
Seat 6: 8d52e1d0 ($5 in chips)
9e7b48d4: posts small blind $0.02
21784a7f: posts big blind $0.05
*** HOLE CARDS ***
Dealt to 9e7b48d4 
Dealt to 21784a7f 
Dealt to Hero [5s Ks]
Dealt to dcc62ee2 
Dealt to 8d52e1d0 
Hero: folds
dcc62ee2: raises $0.1 to $0.15
8d52e1d0: folds
9e7b48d4: calls $0.13
21784a7f: folds
*** FLOP *** [Qd 9c 6c]
9e7b48d4: checks
dcc62ee2: bets $0.24
9e7b48d4: calls $0.24
*** TURN *** [Qd 9c 6c] [Ts]
9e7b48d4: checks
dcc62ee2: bets $0.56
9e7b48d4: calls $0.56
*** RIVER *** [Qd 9c 6c Ts] [3h]
9e7b48d4: checks
dcc62ee2: bets $5.16
9e7b48d4: raises $3.26 to $8.42 and is all-in
dcc62ee2: calls $0.01 and is all-in
Uncalled bet ($3.25) returned to 9e7b48d4
9e7b48d4: shows [Kd Js] (Kings-High Straight)
dcc62ee2: shows [Ah Ad] (Pair of Aces)
*** SHOWDOWN ***
9e7b48d4 collected $11.74 from pot
*** SUMMARY ***
Total pot $12.29 | Rake $0.5 | Jackpot $0.05 | Bingo $0 | Fortune $0
Board [Qd 9c 6c Ts 3h]
Seat 1: 9e7b48d4 (small blind) showed [Kd Js] and won ($11.74) with Kings-High Straight
Seat 2: 21784a7f (big blind) folded before Flop
Seat 3: Hero folded before Flop (didn't bet)
Seat 5: dcc62ee2 showed [Ah Ad] and lost with Pair of Aces
Seat 6: 8d52e1d0 (button) folded before Flop (didn't bet)


Poker Hand #HD1146197504: Hold'em No Limit  ($0.02/$0.05) - 2023/03/04 22:21:10
Table 'NLHBlue8' 6-max Seat #5 is the button
Seat 1: 9e7b48d4 ($9.42 in chips)
Seat 3: Hero ($9 in chips)
Seat 5: dcc62ee2 ($6.12 in chips)
Seat 6: 8d52e1d0 ($5 in chips)
8d52e1d0: posts small blind $0.02
9e7b48d4: posts big blind $0.05
*** HOLE CARDS ***
Dealt to 9e7b48d4 
Dealt to Hero [Kh Qh]
Dealt to dcc62ee2 
Dealt to 8d52e1d0 
Hero: raises $0.07 to $0.12
dcc62ee2: folds
8d52e1d0: folds
9e7b48d4: folds
Uncalled bet ($0.07) returned to Hero
*** SHOWDOWN ***
Hero collected $0.12 from pot
*** SUMMARY ***
Total pot $0.12 | Rake $0 | Jackpot $0 | Bingo $0 | Fortune $0
Seat 1: 9e7b48d4 (big blind) folded before Flop
Seat 3: Hero collected ($0.12)
Seat 5: dcc62ee2 (button) folded before Flop (didn't bet)
Seat 6: 8d52e1d0 (small blind) folded before Flop


Poker Hand #HD1146197350: Hold'em No Limit  ($0.02/$0.05) - 2023/03/04 22:19:55
Table 'NLHBlue8' 6-max Seat #3 is the button
Seat 1: 9e7b48d4 ($8.32 in chips)
Seat 3: Hero ($9 in chips)
Seat 5: dcc62ee2 ($7.34 in chips)
Seat 6: 8d52e1d0 ($5 in chips)
dcc62ee2: posts small blind $0.02
8d52e1d0: posts big blind $0.05
*** HOLE CARDS ***
Dealt to 9e7b48d4 
Dealt to Hero [3s 4h]
Dealt to dcc62ee2 
Dealt to 8d52e1d0 
9e7b48d4: raises $0.1 to $0.15
Hero: folds
dcc62ee2: raises $0.25 to $0.4
8d52e1d0: folds
9e7b48d4: calls $0.25
*** FLOP *** [Qh 6d Th]
dcc62ee2: bets $0.32
9e7b48d4: calls $0.32
*** TURN *** [Qh 6d Th] [4s]
dcc62ee2: checks
9e7b48d4: checks
*** RIVER *** [Qh 6d Th 4s] [4d]
dcc62ee2: checks
9e7b48d4: bets $0.5
dcc62ee2: calls $0.5
9e7b48d4: shows [Jd Qc] (Pair of Queens and Pair of Fours)
dcc62ee2: shows [Ah Kc] (Pair of Fours)
*** SHOWDOWN ***
9e7b48d4 collected $2.32 from pot
*** SUMMARY ***
Total pot $2.49 | Rake $0.12 | Jackpot $0.05 | Bingo $0 | Fortune $0
Board [Qh 6d Th 4s 4d]
Seat 1: 9e7b48d4 showed [Jd Qc] and won ($2.32) with Pair of Queens and Pair of Fours
Seat 3: Hero (button) folded before Flop (didn't bet)
Seat 5: dcc62ee2 (small blind) showed [Ah Kc] and lost with Pair of Fours
Seat 6: 8d52e1d0 (big blind) folded before Flop


Poker Hand #HD1146197326: Hold'em No Limit  ($0.02/$0.05) - 2023/03/04 22:19:44
Table 'NLHBlue8' 6-max Seat #1 is the button
Seat 1: 9e7b48d4 ($8.32 in chips)
Seat 3: Hero ($9.02 in chips)
Seat 5: dcc62ee2 ($7.32 in chips)
Seat 6: 8d52e1d0 ($5 in chips)
Hero: posts small blind $0.02
dcc62ee2: posts big blind $0.05
*** HOLE CARDS ***
Dealt to 9e7b48d4 
Dealt to Hero [3s Qd]
Dealt to dcc62ee2 
Dealt to 8d52e1d0 
8d52e1d0: folds
9e7b48d4: folds
Hero: folds
Uncalled bet ($0.03) returned to dcc62ee2
*** SHOWDOWN ***
dcc62ee2 collected $0.04 from pot
*** SUMMARY ***
Total pot $0.04 | Rake $0 | Jackpot $0 | Bingo $0 | Fortune $0
Seat 1: 9e7b48d4 (button) folded before Flop (didn't bet)
Seat 3: Hero (small blind) folded before Flop
Seat 5: dcc62ee2 (big blind) collected ($0.04)
Seat 6: 8d52e1d0 folded before Flop (didn't bet)


Poker Hand #HD1146197207: Hold'em No Limit  ($0.02/$0.05) - 2023/03/04 22:18:46
Table 'NLHBlue8' 6-max Seat #6 is the button
Seat 1: 9e7b48d4 ($7.72 in chips)
Seat 3: Hero ($9.07 in chips)
Seat 5: dcc62ee2 ($7.93 in chips)
Seat 6: 8d52e1d0 ($5 in chips)
9e7b48d4: posts small blind $0.02
Hero: posts big blind $0.05
*** HOLE CARDS ***
Dealt to 9e7b48d4 
Dealt to Hero [8s Ad]
Dealt to dcc62ee2 
Dealt to 8d52e1d0 
dcc62ee2: raises $0.08 to $0.13
8d52e1d0: folds
9e7b48d4: raises $0.22 to $0.35
Hero: folds
dcc62ee2: calls $0.22
*** FLOP *** [6h 3d 2d]
9e7b48d4: checks
dcc62ee2: bets $0.26
9e7b48d4: calls $0.26
*** TURN *** [6h 3d 2d] [Kh]
9e7b48d4: checks
dcc62ee2: checks
*** RIVER *** [6h 3d 2d Kh] [4c]
9e7b48d4: bets $0.75
dcc62ee2: folds
Uncalled bet ($0.75) returned to 9e7b48d4
*** SHOWDOWN ***
9e7b48d4 collected $1.21 from pot
*** SUMMARY ***
Total pot $1.27 | Rake $0.06 | Jackpot $0 | Bingo $0 | Fortune $0
Board [6h 3d 2d Kh 4c]
Seat 1: 9e7b48d4 (small blind) won ($1.21)
Seat 3: Hero (big blind) folded before Flop
Seat 5: dcc62ee2 folded on the River
Seat 6: 8d52e1d0 (button) folded before Flop (didn't bet)


Poker Hand #HD1146197160: Hold'em No Limit  ($0.02/$0.05) - 2023/03/04 22:18:24
Table 'NLHBlue8' 6-max Seat #5 is the button
Seat 1: 9e7b48d4 ($7.77 in chips)
Seat 3: Hero ($9.07 in chips)
Seat 5: dcc62ee2 ($7.86 in chips)
Seat 6: 8d52e1d0 ($5.02 in chips)
8d52e1d0: posts small blind $0.02
9e7b48d4: posts big blind $0.05
*** HOLE CARDS ***
Dealt to 9e7b48d4 
Dealt to Hero [9c 3s]
Dealt to dcc62ee2 
Dealt to 8d52e1d0 
Hero: folds
dcc62ee2: raises $0.08 to $0.13
8d52e1d0: folds
9e7b48d4: folds
Uncalled bet ($0.08) returned to dcc62ee2
*** SHOWDOWN ***
dcc62ee2 collected $0.12 from pot
*** SUMMARY ***
Total pot $0.12 | Rake $0 | Jackpot $0 | Bingo $0 | Fortune $0
Seat 1: 9e7b48d4 (big blind) folded before Flop
Seat 3: Hero folded before Flop (didn't bet)
Seat 5: dcc62ee2 (button) collected ($0.12)
Seat 6: 8d52e1d0 (small blind) folded before Flop


Poker Hand #HD1146197129: Hold'em No Limit  ($0.02/$0.05) - 2023/03/04 22:18:08
Table 'NLHBlue8' 6-max Seat #3 is the button
Seat 1: 9e7b48d4 ($7.77 in chips)
Seat 3: Hero ($9 in chips)
Seat 5: dcc62ee2 ($7.88 in chips)
Seat 6: 8d52e1d0 ($5.07 in chips)
dcc62ee2: posts small blind $0.02
8d52e1d0: posts big blind $0.05
*** HOLE CARDS ***
Dealt to 9e7b48d4 
Dealt to Hero [As 9s]
Dealt to dcc62ee2 
Dealt to 8d52e1d0 
9e7b48d4: folds
Hero: raises $0.07 to $0.12
dcc62ee2: folds
8d52e1d0: folds
Uncalled bet ($0.07) returned to Hero
*** SHOWDOWN ***
Hero collected $0.12 from pot
*** SUMMARY ***
Total pot $0.12 | Rake $0 | Jackpot $0 | Bingo $0 | Fortune $0
Seat 1: 9e7b48d4 folded before Flop (didn't bet)
Seat 3: Hero (button) collected ($0.12)
Seat 5: dcc62ee2 (small blind) folded before Flop
Seat 6: 8d52e1d0 (big blind) folded before Flop


Poker Hand #HD1146197110: Hold'em No Limit  ($0.02/$0.05) - 2023/03/04 22:17:58
Table 'NLHBlue8' 6-max Seat #1 is the button
Seat 1: 9e7b48d4 ($7.77 in chips)
Seat 3: Hero ($9.02 in chips)
Seat 5: dcc62ee2 ($7.86 in chips)
Seat 6: 8d52e1d0 ($5.07 in chips)
Hero: posts small blind $0.02
dcc62ee2: posts big blind $0.05
*** HOLE CARDS ***
Dealt to 9e7b48d4 
Dealt to Hero [Ts 7h]
Dealt to dcc62ee2 
Dealt to 8d52e1d0 
8d52e1d0: folds
9e7b48d4: folds
Hero: folds
Uncalled bet ($0.03) returned to dcc62ee2
*** SHOWDOWN ***
dcc62ee2 collected $0.04 from pot
*** SUMMARY ***
Total pot $0.04 | Rake $0 | Jackpot $0 | Bingo $0 | Fortune $0
Seat 1: 9e7b48d4 (button) folded before Flop (didn't bet)
Seat 3: Hero (small blind) folded before Flop
Seat 5: dcc62ee2 (big blind) collected ($0.04)
Seat 6: 8d52e1d0 folded before Flop (didn't bet)


Poker Hand #HD1146197076: Hold'em No Limit  ($0.02/$0.05) - 2023/03/04 22:17:42
Table 'NLHBlue8' 6-max Seat #6 is the button
Seat 1: 9e7b48d4 ($7.79 in chips)
Seat 3: Hero ($9.07 in chips)
Seat 5: dcc62ee2 ($7.79 in chips)
Seat 6: 8d52e1d0 ($5.07 in chips)
9e7b48d4: posts small blind $0.02
Hero: posts big blind $0.05
*** HOLE CARDS ***
Dealt to 9e7b48d4 
Dealt to Hero [7d Kd]
Dealt to dcc62ee2 
Dealt to 8d52e1d0 
dcc62ee2: raises $0.08 to $0.13
8d52e1d0: folds
9e7b48d4: folds
Hero: folds
Uncalled bet ($0.08) returned to dcc62ee2
*** SHOWDOWN ***
dcc62ee2 collected $0.12 from pot
*** SUMMARY ***
Total pot $0.12 | Rake $0 | Jackpot $0 | Bingo $0 | Fortune $0
Seat 1: 9e7b48d4 (small blind) folded before Flop
Seat 3: Hero (big blind) folded before Flop
Seat 5: dcc62ee2 collected ($0.12)
Seat 6: 8d52e1d0 (button) folded before Flop (didn't bet)


Poker Hand #HD1146197036: Hold'em No Limit  ($0.02/$0.05) - 2023/03/04 22:17:21
Table 'NLHBlue8' 6-max Seat #5 is the button
Seat 1: 9e7b48d4 ($7.84 in chips)
Seat 3: Hero ($9.07 in chips)
Seat 5: dcc62ee2 ($7.79 in chips)
Seat 6: 8d52e1d0 ($5.02 in chips)
8d52e1d0: posts small blind $0.02
9e7b48d4: posts big blind $0.05
*** HOLE CARDS ***
Dealt to 9e7b48d4 
Dealt to Hero [5h 9h]
Dealt to dcc62ee2 
Dealt to 8d52e1d0 
Hero: folds
dcc62ee2: folds
8d52e1d0: raises $0.1 to $0.15
9e7b48d4: folds
Uncalled bet ($0.1) returned to 8d52e1d0
*** SHOWDOWN ***
8d52e1d0 collected $0.1 from pot
*** SUMMARY ***
Total pot $0.1 | Rake $0 | Jackpot $0 | Bingo $0 | Fortune $0
Seat 1: 9e7b48d4 (big blind) folded before Flop
Seat 3: Hero folded before Flop (didn't bet)
Seat 5: dcc62ee2 (button) folded before Flop (didn't bet)
Seat 6: 8d52e1d0 (small blind) collected ($0.1)


Poker Hand #HD1146197016: Hold'em No Limit  ($0.02/$0.05) - 2023/03/04 22:17:12
Table 'NLHBlue8' 6-max Seat #3 is the button
Seat 1: 9e7b48d4 ($7.84 in chips)
Seat 3: Hero ($9.07 in chips)
Seat 5: dcc62ee2 ($7.81 in chips)
Seat 6: 8d52e1d0 ($5 in chips)
dcc62ee2: posts small blind $0.02
8d52e1d0: posts big blind $0.05
*** HOLE CARDS ***
Dealt to 9e7b48d4 
Dealt to Hero [7d 9s]
Dealt to dcc62ee2 
Dealt to 8d52e1d0 
9e7b48d4: folds
Hero: folds
dcc62ee2: folds
Uncalled bet ($0.03) returned to 8d52e1d0
*** SHOWDOWN ***
8d52e1d0 collected $0.04 from pot
*** SUMMARY ***
Total pot $0.04 | Rake $0 | Jackpot $0 | Bingo $0 | Fortune $0
Seat 1: 9e7b48d4 folded before Flop (didn't bet)
Seat 3: Hero (button) folded before Flop (didn't bet)
Seat 5: dcc62ee2 (small blind) folded before Flop
Seat 6: 8d52e1d0 (big blind) collected ($0.04)


Poker Hand #HD1146196960: Hold'em No Limit  ($0.02/$0.05) - 2023/03/04 22:16:48
Table 'NLHBlue8' 6-max Seat #1 is the button
Seat 1: 9e7b48d4 ($7.84 in chips)
Seat 3: Hero ($9.23 in chips)
Seat 5: dcc62ee2 ($7.66 in chips)
Seat 6: 8d52e1d0 ($5 in chips)
Hero: posts small blind $0.02
dcc62ee2: posts big blind $0.05
*** HOLE CARDS ***
Dealt to 9e7b48d4 
Dealt to Hero [6d Ac]
Dealt to dcc62ee2 
Dealt to 8d52e1d0 
8d52e1d0: folds
9e7b48d4: folds
Hero: raises $0.11 to $0.16
dcc62ee2: calls $0.11
*** FLOP *** [3d 3c 7d]
Hero: checks
dcc62ee2: bets $0.12
Hero: folds
Uncalled bet ($0.12) returned to dcc62ee2
*** SHOWDOWN ***
dcc62ee2 collected $0.31 from pot
*** SUMMARY ***
Total pot $0.32 | Rake $0.01 | Jackpot $0 | Bingo $0 | Fortune $0
Board [3d 3c 7d]
Seat 1: 9e7b48d4 (button) folded before Flop (didn't bet)
Seat 3: Hero (small blind) folded on the Flop
Seat 5: dcc62ee2 (big blind) won ($0.31)
Seat 6: 8d52e1d0 folded before Flop (didn't bet)


Poker Hand #HD1146196804: Hold'em No Limit  ($0.02/$0.05) - 2023/03/04 22:15:39
Table 'NLHBlue8' 6-max Seat #6 is the button
Seat 1: 9e7b48d4 ($9.81 in chips)
Seat 3: Hero ($9.28 in chips)
Seat 5: dcc62ee2 ($5.88 in chips)
Seat 6: 8d52e1d0 ($5 in chips)
9e7b48d4: posts small blind $0.02
Hero: posts big blind $0.05
*** HOLE CARDS ***
Dealt to 9e7b48d4 
Dealt to Hero [Tc 7c]
Dealt to dcc62ee2 
Dealt to 8d52e1d0 
dcc62ee2: raises $0.08 to $0.13
8d52e1d0: folds
9e7b48d4: raises $0.32 to $0.45
Hero: folds
dcc62ee2: calls $0.32
*** FLOP *** [6s Qd 6h]
9e7b48d4: checks
dcc62ee2: bets $0.32
9e7b48d4: calls $0.32
*** TURN *** [6s Qd 6h] [2h]
9e7b48d4: checks
dcc62ee2: checks
*** RIVER *** [6s Qd 6h 2h] [4h]
9e7b48d4: bets $1.2
dcc62ee2: raises $3 to $4.2
9e7b48d4: folds
Uncalled bet ($3) returned to dcc62ee2
9e7b48d4: shows [Kd Ad] (Pair of Sixes)
*** SHOWDOWN ***
dcc62ee2 collected $3.75 from pot
*** SUMMARY ***
Total pot $3.99 | Rake $0.19 | Jackpot $0.05 | Bingo $0 | Fortune $0
Board [6s Qd 6h 2h 4h]
Seat 1: 9e7b48d4 (small blind) folded on the River
Seat 3: Hero (big blind) folded before Flop
Seat 5: dcc62ee2 won ($3.75)
Seat 6: 8d52e1d0 (button) folded before Flop (didn't bet)


Poker Hand #HD1146196768: Hold'em No Limit  ($0.02/$0.05) - 2023/03/04 22:15:24
Table 'NLHBlue8' 6-max Seat #5 is the button
Seat 1: 9e7b48d4 ($9.86 in chips)
Seat 3: Hero ($9.28 in chips)
Seat 5: dcc62ee2 ($5.81 in chips)
Seat 6: 8d52e1d0 ($5 in chips)
8d52e1d0: posts small blind $0.02
9e7b48d4: posts big blind $0.05
*** HOLE CARDS ***
Dealt to 9e7b48d4 
Dealt to Hero [9d Ac]
Dealt to dcc62ee2 
Dealt to 8d52e1d0 
Hero: folds
dcc62ee2: raises $0.08 to $0.13
8d52e1d0: folds
9e7b48d4: folds
Uncalled bet ($0.08) returned to dcc62ee2
*** SHOWDOWN ***
dcc62ee2 collected $0.12 from pot
*** SUMMARY ***
Total pot $0.12 | Rake $0 | Jackpot $0 | Bingo $0 | Fortune $0
Seat 1: 9e7b48d4 (big blind) folded before Flop
Seat 3: Hero folded before Flop (didn't bet)
Seat 5: dcc62ee2 (button) collected ($0.12)
Seat 6: 8d52e1d0 (small blind) folded before Flop


Poker Hand #HD1146196555: Hold'em No Limit  ($0.02/$0.05) - 2023/03/04 22:13:44
Table 'NLHBlue8' 6-max Seat #3 is the button
Seat 1: 9e7b48d4 ($9.86 in chips)
Seat 3: Hero ($5 in chips)
Seat 4: 532c5c27 ($4.35 in chips)
Seat 5: dcc62ee2 ($5.86 in chips)
Seat 6: 8d52e1d0 ($5.31 in chips)
532c5c27: posts small blind $0.02
dcc62ee2: posts big blind $0.05
*** HOLE CARDS ***
Dealt to 9e7b48d4 
Dealt to Hero [As Ad]
Dealt to 532c5c27 
Dealt to dcc62ee2 
Dealt to 8d52e1d0 
8d52e1d0: raises $0.08 to $0.13
9e7b48d4: folds
Hero: raises $0.25 to $0.38
532c5c27: calls $0.36
dcc62ee2: folds
8d52e1d0: calls $0.25
*** FLOP *** [Kh 3d 6h]
532c5c27: checks
8d52e1d0: checks
Hero: bets $0.6
532c5c27: calls $0.6
8d52e1d0: folds
*** TURN *** [Kh 3d 6h] [3c]
532c5c27: checks
Hero: bets $1.8
532c5c27: calls $1.8
*** RIVER *** [Kh 3d 6h 3c] [3s]
532c5c27: checks
Hero: bets $2.22 and is all-in
532c5c27: calls $1.57 and is all-in
Uncalled bet ($0.65) returned to Hero
Hero: shows [As Ad] (Treys Full over Aces)
532c5c27: shows [Ah Ks] (Treys Full over Kings)
*** SHOWDOWN ***
Hero collected $8.63 from pot
*** SUMMARY ***
Total pot $9.13 | Rake $0.45 | Jackpot $0.05 | Bingo $0 | Fortune $0
Board [Kh 3d 6h 3c 3s]
Seat 1: 9e7b48d4 folded before Flop (didn't bet)
Seat 3: Hero (button) showed [As Ad] and won ($8.63) with Treys Full over Aces
Seat 4: 532c5c27 (small blind) showed [Ah Ks] and lost with Treys Full over Kings
Seat 5: dcc62ee2 (big blind) folded before Flop
Seat 6: 8d52e1d0 folded on the Flop


Poker Hand #HD1146196425: Hold'em No Limit  ($0.02/$0.05) - 2023/03/04 22:12:36
Table 'NLHBlue8' 6-max Seat #1 is the button
Seat 1: 9e7b48d4 ($8.59 in chips)
Seat 3: Hero ($5 in chips)
Seat 4: 532c5c27 ($4.4 in chips)
Seat 5: dcc62ee2 ($7.25 in chips)
Seat 6: 8d52e1d0 ($5.31 in chips)
Hero: posts small blind $0.02
532c5c27: posts big blind $0.05
*** HOLE CARDS ***
Dealt to 9e7b48d4 
Dealt to Hero [6s 7h]
Dealt to 532c5c27 
Dealt to dcc62ee2 
Dealt to 8d52e1d0 
dcc62ee2: raises $0.08 to $0.13
8d52e1d0: folds
9e7b48d4: raises $0.22 to $0.35
Hero: folds
532c5c27: folds
dcc62ee2: calls $0.22
*** FLOP *** [7s 9d Ah]
dcc62ee2: checks
9e7b48d4: checks
*** TURN *** [7s 9d Ah] [4d]
dcc62ee2: checks
9e7b48d4: bets $0.26
dcc62ee2: calls $0.26
*** RIVER *** [7s 9d Ah 4d] [Qc]
dcc62ee2: bets $0.78
9e7b48d4: calls $0.78
dcc62ee2: shows [Kc Tc] (Ace-High)
9e7b48d4: shows [Kd Kh] (Pair of Kings)
*** SHOWDOWN ***
9e7b48d4 collected $2.66 from pot
*** SUMMARY ***
Total pot $2.85 | Rake $0.14 | Jackpot $0.05 | Bingo $0 | Fortune $0
Board [7s 9d Ah 4d Qc]
Seat 1: 9e7b48d4 (button) showed [Kd Kh] and won ($2.66) with Pair of Kings
Seat 3: Hero (small blind) folded before Flop
Seat 4: 532c5c27 (big blind) folded before Flop
Seat 5: dcc62ee2 showed [Kc Tc] and lost with Ace-High
Seat 6: 8d52e1d0 folded before Flop (didn't bet)


Poker Hand #HD1146196389: Hold'em No Limit  ($0.02/$0.05) - 2023/03/04 22:12:18
Table 'NLHBlue8' 6-max Seat #6 is the button
Seat 1: 9e7b48d4 ($8.54 in chips)
Seat 3: Hero ($5 in chips)
Seat 4: 532c5c27 ($4.4 in chips)
Seat 5: dcc62ee2 ($7.25 in chips)
Seat 6: 8d52e1d0 ($5.31 in chips)
9e7b48d4: posts small blind $0.02
Hero: posts big blind $0.05
*** HOLE CARDS ***
Dealt to 9e7b48d4 
Dealt to Hero [Jd 3c]
Dealt to 532c5c27 
Dealt to dcc62ee2 
Dealt to 8d52e1d0 
532c5c27: folds
dcc62ee2: folds
8d52e1d0: folds
9e7b48d4: raises $0.15 to $0.2
Hero: folds
Uncalled bet ($0.15) returned to 9e7b48d4
*** SHOWDOWN ***
9e7b48d4 collected $0.1 from pot
*** SUMMARY ***
Total pot $0.1 | Rake $0 | Jackpot $0 | Bingo $0 | Fortune $0
Seat 1: 9e7b48d4 (small blind) collected ($0.1)
Seat 3: Hero (big blind) folded before Flop
Seat 4: 532c5c27 folded before Flop (didn't bet)
Seat 5: dcc62ee2 folded before Flop (didn't bet)
Seat 6: 8d52e1d0 (button) folded before Flop (didn't bet)


