Poker Hand #HD1152919418: Hold'em No Limit  ($0.02/$0.05) - 2023/03/09 17:26:54
Table 'NLHBlue75' 6-max Seat #4 is the button
Seat 1: 5e7ebe52 ($5.03 in chips)
Seat 3: Hero ($5 in chips)
Seat 4: 46704d21 ($2.71 in chips)
Seat 5: 7322ba4e ($5.73 in chips)
Seat 6: 79b38ea6 ($4.73 in chips)
7322ba4e: posts small blind $0.02
79b38ea6: posts big blind $0.05
*** HOLE CARDS ***
Dealt to 5e7ebe52 
Dealt to Hero [Kd 8c]
Dealt to 46704d21 
Dealt to 7322ba4e 
Dealt to 79b38ea6 
5e7ebe52: raises $0.06 to $0.11
Hero: folds
46704d21: folds
7322ba4e: folds
79b38ea6: folds
Uncalled bet ($0.06) returned to 5e7ebe52
*** SHOWDOWN ***
5e7ebe52 collected $0.12 from pot
*** SUMMARY ***
Total pot $0.12 | Rake $0 | Jackpot $0 | Bingo $0 | Fortune $0
Seat 1: 5e7ebe52 collected ($0.12)
Seat 3: Hero folded before Flop (didn't bet)
Seat 4: 46704d21 (button) folded before Flop (didn't bet)
Seat 5: 7322ba4e (small blind) folded before Flop
Seat 6: 79b38ea6 (big blind) folded before Flop


Poker Hand #HD1152919357: Hold'em No Limit  ($0.02/$0.05) - 2023/03/09 17:26:33
Table 'NLHBlue75' 6-max Seat #3 is the button
Seat 1: 5e7ebe52 ($5.03 in chips)
Seat 3: Hero ($5 in chips)
Seat 4: 46704d21 ($2.73 in chips)
Seat 5: 7322ba4e ($5.86 in chips)
Seat 6: 79b38ea6 ($4.59 in chips)
46704d21: posts small blind $0.02
7322ba4e: posts big blind $0.05
*** HOLE CARDS ***
Dealt to 5e7ebe52 
Dealt to Hero [3h 2c]
Dealt to 46704d21 
Dealt to 7322ba4e 
Dealt to 79b38ea6 
79b38ea6: raises $0.08 to $0.13
5e7ebe52: folds
Hero: folds
46704d21: folds
7322ba4e: calls $0.08
*** FLOP *** [8h Ks Kh]
7322ba4e: checks
79b38ea6: bets $0.1
7322ba4e: folds
Uncalled bet ($0.1) returned to 79b38ea6
*** SHOWDOWN ***
79b38ea6 collected $0.27 from pot
*** SUMMARY ***
Total pot $0.28 | Rake $0.01 | Jackpot $0 | Bingo $0 | Fortune $0
Board [8h Ks Kh]
Seat 1: 5e7ebe52 folded before Flop (didn't bet)
Seat 3: Hero (button) folded before Flop (didn't bet)
Seat 4: 46704d21 (small blind) folded before Flop
Seat 5: 7322ba4e (big blind) folded on the Flop
Seat 6: 79b38ea6 won ($0.27)


Poker Hand #HD1152919221: Hold'em No Limit  ($0.02/$0.05) - 2023/03/09 17:25:53
Table 'NLHBlue75' 6-max Seat #1 is the button
Seat 1: 5e7ebe52 ($5.03 in chips)
Seat 3: Hero ($5.08 in chips)
Seat 4: 46704d21 ($2.6 in chips)
Seat 5: 7322ba4e ($5.86 in chips)
Seat 6: 79b38ea6 ($4.59 in chips)
Hero: posts small blind $0.02
46704d21: posts big blind $0.05
*** HOLE CARDS ***
Dealt to 5e7ebe52 
Dealt to Hero [As 3s]
Dealt to 46704d21 
Dealt to 7322ba4e 
Dealt to 79b38ea6 
7322ba4e: folds
79b38ea6: folds
5e7ebe52: folds
Hero: raises $0.09 to $0.14
46704d21: calls $0.09
*** FLOP *** [2h Tc Kc]
Hero: checks
46704d21: checks
*** TURN *** [2h Tc Kc] [Qh]
Hero: checks
46704d21: bets $0.14
Hero: folds
Uncalled bet ($0.14) returned to 46704d21
*** SHOWDOWN ***
46704d21 collected $0.27 from pot
*** SUMMARY ***
Total pot $0.28 | Rake $0.01 | Jackpot $0 | Bingo $0 | Fortune $0
Board [2h Tc Kc Qh]
Seat 1: 5e7ebe52 (button) folded before Flop (didn't bet)
Seat 3: Hero (small blind) folded on the Turn
Seat 4: 46704d21 (big blind) won ($0.27)
Seat 5: 7322ba4e folded before Flop (didn't bet)
Seat 6: 79b38ea6 folded before Flop (didn't bet)


Poker Hand #HD1152919187: Hold'em No Limit  ($0.02/$0.05) - 2023/03/09 17:25:42
Table 'NLHBlue75' 6-max Seat #6 is the button
Seat 1: 5e7ebe52 ($5.05 in chips)
Seat 3: Hero ($5.13 in chips)
Seat 4: 46704d21 ($2.6 in chips)
Seat 5: 7322ba4e ($5.86 in chips)
Seat 6: 79b38ea6 ($4.52 in chips)
5e7ebe52: posts small blind $0.02
Hero: posts big blind $0.05
*** HOLE CARDS ***
Dealt to 5e7ebe52 
Dealt to Hero [3h Jh]
Dealt to 46704d21 
Dealt to 7322ba4e 
Dealt to 79b38ea6 
46704d21: folds
7322ba4e: folds
79b38ea6: raises $0.08 to $0.13
5e7ebe52: folds
Hero: folds
Uncalled bet ($0.08) returned to 79b38ea6
*** SHOWDOWN ***
79b38ea6 collected $0.12 from pot
*** SUMMARY ***
Total pot $0.12 | Rake $0 | Jackpot $0 | Bingo $0 | Fortune $0
Seat 1: 5e7ebe52 (small blind) folded before Flop
Seat 3: Hero (big blind) folded before Flop
Seat 4: 46704d21 folded before Flop (didn't bet)
Seat 5: 7322ba4e folded before Flop (didn't bet)
Seat 6: 79b38ea6 (button) collected ($0.12)


Poker Hand #HD1152919072: Hold'em No Limit  ($0.02/$0.05) - 2023/03/09 17:25:05
Table 'NLHBlue75' 6-max Seat #5 is the button
Seat 1: 5e7ebe52 ($5 in chips)
Seat 3: Hero ($5.13 in chips)
Seat 4: 46704d21 ($2.6 in chips)
Seat 5: 7322ba4e ($5.86 in chips)
Seat 6: 79b38ea6 ($4.57 in chips)
79b38ea6: posts small blind $0.02
5e7ebe52: posts big blind $0.05
*** HOLE CARDS ***
Dealt to 5e7ebe52 
Dealt to Hero [Jh 3c]
Dealt to 46704d21 
Dealt to 7322ba4e 
Dealt to 79b38ea6 
Hero: folds
46704d21: folds
7322ba4e: folds
79b38ea6: calls $0.03
5e7ebe52: checks
*** FLOP *** [7c Qs 7s]
79b38ea6: checks
5e7ebe52: checks
*** TURN *** [7c Qs 7s] [7d]
79b38ea6: checks
5e7ebe52: bets $0.06
79b38ea6: folds
Uncalled bet ($0.06) returned to 5e7ebe52
*** SHOWDOWN ***
5e7ebe52 collected $0.1 from pot
*** SUMMARY ***
Total pot $0.1 | Rake $0 | Jackpot $0 | Bingo $0 | Fortune $0
Board [7c Qs 7s 7d]
Seat 1: 5e7ebe52 (big blind) won ($0.1)
Seat 3: Hero folded before Flop (didn't bet)
Seat 4: 46704d21 folded before Flop (didn't bet)
Seat 5: 7322ba4e (button) folded before Flop (didn't bet)
Seat 6: 79b38ea6 (small blind) folded on the Turn


Poker Hand #HD1152918967: Hold'em No Limit  ($0.02/$0.05) - 2023/03/09 17:24:36
Table 'NLHBlue75' 6-max Seat #4 is the button
Seat 1: 5e7ebe52 ($5 in chips)
Seat 3: Hero ($5 in chips)
Seat 4: 46704d21 ($2.6 in chips)
Seat 5: 7322ba4e ($5.88 in chips)
Seat 6: 79b38ea6 ($4.69 in chips)
7322ba4e: posts small blind $0.02
79b38ea6: posts big blind $0.05
*** HOLE CARDS ***
Dealt to 5e7ebe52 
Dealt to Hero [3c Ac]
Dealt to 46704d21 
Dealt to 7322ba4e 
Dealt to 79b38ea6 
5e7ebe52: folds
Hero: raises $0.07 to $0.12
46704d21: folds
7322ba4e: folds
79b38ea6: calls $0.07
*** FLOP *** [3d Ah 8s]
79b38ea6: checks
Hero: bets $0.2
79b38ea6: folds
Uncalled bet ($0.2) returned to Hero
*** SHOWDOWN ***
Hero collected $0.25 from pot
*** SUMMARY ***
Total pot $0.26 | Rake $0.01 | Jackpot $0 | Bingo $0 | Fortune $0
Board [3d Ah 8s]
Seat 1: 5e7ebe52 folded before Flop (didn't bet)
Seat 3: Hero won ($0.25)
Seat 4: 46704d21 (button) folded before Flop (didn't bet)
Seat 5: 7322ba4e (small blind) folded before Flop
Seat 6: 79b38ea6 (big blind) folded on the Flop


Poker Hand #HD1152918829: Hold'em No Limit  ($0.02/$0.05) - 2023/03/09 17:23:53
Table 'NLHBlue75' 6-max Seat #3 is the button
Seat 1: 5e7ebe52 ($5.03 in chips)
Seat 3: Hero ($5 in chips)
Seat 4: 46704d21 ($2.45 in chips)
Seat 5: 7322ba4e ($5.93 in chips)
Seat 6: 79b38ea6 ($4.69 in chips)
46704d21: posts small blind $0.02
7322ba4e: posts big blind $0.05
*** HOLE CARDS ***
Dealt to 5e7ebe52 
Dealt to Hero [3d As]
Dealt to 46704d21 
Dealt to 7322ba4e 
Dealt to 79b38ea6 
79b38ea6: folds
5e7ebe52: raises $0.06 to $0.11
Hero: folds
46704d21: calls $0.09
7322ba4e: folds
*** FLOP *** [Js 5s 9c]
46704d21: checks
5e7ebe52: checks
*** TURN *** [Js 5s 9c] [Jh]
46704d21: checks
5e7ebe52: checks
*** RIVER *** [Js 5s 9c Jh] [5c]
46704d21: bets $0.18
5e7ebe52: folds
Uncalled bet ($0.18) returned to 46704d21
*** SHOWDOWN ***
46704d21 collected $0.26 from pot
*** SUMMARY ***
Total pot $0.27 | Rake $0.01 | Jackpot $0 | Bingo $0 | Fortune $0
Board [Js 5s 9c Jh 5c]
Seat 1: 5e7ebe52 folded on the River
Seat 3: Hero (button) folded before Flop (didn't bet)
Seat 4: 46704d21 (small blind) won ($0.26)
Seat 5: 7322ba4e (big blind) folded before Flop
Seat 6: 79b38ea6 folded before Flop (didn't bet)


Poker Hand #HD1152918774: Hold'em No Limit  ($0.02/$0.05) - 2023/03/09 17:23:40
Table 'NLHBlue75' 6-max Seat #1 is the button
Seat 1: 5e7ebe52 ($5.03 in chips)
Seat 3: Hero ($5 in chips)
Seat 4: 46704d21 ($2.5 in chips)
Seat 5: 7322ba4e ($5.86 in chips)
Seat 6: 79b38ea6 ($4.69 in chips)
Hero: posts small blind $0.02
46704d21: posts big blind $0.05
*** HOLE CARDS ***
Dealt to 5e7ebe52 
Dealt to Hero [6d 9c]
Dealt to 46704d21 
Dealt to 7322ba4e 
Dealt to 79b38ea6 
7322ba4e: raises $0.1 to $0.15
79b38ea6: folds
5e7ebe52: folds
Hero: folds
46704d21: folds
Uncalled bet ($0.1) returned to 7322ba4e
*** SHOWDOWN ***
7322ba4e collected $0.12 from pot
*** SUMMARY ***
Total pot $0.12 | Rake $0 | Jackpot $0 | Bingo $0 | Fortune $0
Seat 1: 5e7ebe52 (button) folded before Flop (didn't bet)
Seat 3: Hero (small blind) folded before Flop
Seat 4: 46704d21 (big blind) folded before Flop
Seat 5: 7322ba4e collected ($0.12)
Seat 6: 79b38ea6 folded before Flop (didn't bet)


Poker Hand #HD1152918639: Hold'em No Limit  ($0.02/$0.05) - 2023/03/09 17:22:57
Table 'NLHBlue75' 6-max Seat #6 is the button
Seat 1: 5e7ebe52 ($5.05 in chips)
Seat 3: Hero ($5 in chips)
Seat 4: 46704d21 ($2.5 in chips)
Seat 5: 7322ba4e ($5.86 in chips)
Seat 6: 79b38ea6 ($4.54 in chips)
5e7ebe52: posts small blind $0.02
Hero: posts big blind $0.05
*** HOLE CARDS ***
Dealt to 5e7ebe52 
Dealt to Hero [Td 9h]
Dealt to 46704d21 
Dealt to 7322ba4e 
Dealt to 79b38ea6 
46704d21: folds
7322ba4e: folds
79b38ea6: calls $0.05
5e7ebe52: folds
Hero: checks
*** FLOP *** [2s 6s Ac]
Hero: checks
79b38ea6: checks
*** TURN *** [2s 6s Ac] [7h]
Hero: checks
79b38ea6: bets $0.09
Hero: calls $0.09
*** RIVER *** [2s 6s Ac 7h] [5c]
Hero: checks
79b38ea6: checks
Hero: shows [Td 9h] (Ace-High)
79b38ea6: shows [7s 4d] (Pair of Sevens)
*** SHOWDOWN ***
79b38ea6 collected $0.29 from pot
*** SUMMARY ***
Total pot $0.3 | Rake $0.01 | Jackpot $0 | Bingo $0 | Fortune $0
Board [2s 6s Ac 7h 5c]
Seat 1: 5e7ebe52 (small blind) folded before Flop
Seat 3: Hero (big blind) showed [Td 9h] and lost with Ace-High
Seat 4: 46704d21 folded before Flop (didn't bet)
Seat 5: 7322ba4e folded before Flop (didn't bet)
Seat 6: 79b38ea6 (button) showed [7s 4d] and won ($0.29) with Pair of Sevens


