Poker Hand #HD1599607306: Hold'em No Limit ($0.02/$0.05) - 2024/01/21 21:07:07
Table 'NLHBlue36' 6-max Seat #2 is the button
Seat 1: Hero ($5.9 in chips)
Seat 2: 224a61d2 ($5.27 in chips)
Seat 3: 50c3cfbf ($6.8 in chips)
Seat 4: 1e8ea2d3 ($6.56 in chips)
Seat 5: cae4b732 ($5.55 in chips)
50c3cfbf: posts small blind $0.02
1e8ea2d3: posts big blind $0.05
*** HOLE CARDS ***
Dealt to Hero [Js Qc]
Dealt to 224a61d2 
Dealt to 50c3cfbf 
Dealt to 1e8ea2d3 
Dealt to cae4b732 
cae4b732: folds
Hero: raises $0.07 to $0.12
224a61d2: folds
50c3cfbf: folds
1e8ea2d3: folds
Uncalled bet ($0.07) returned to Hero
*** SHOWDOWN ***
Hero collected $0.12 from pot
*** SUMMARY ***
Total pot $0.12 | Rake $0 | Jackpot $0 | Bingo $0 | Fortune $0 | Tax $0
Seat 1: Hero collected ($0.12)
Seat 2: 224a61d2 (button) folded before Flop (didn't bet)
Seat 3: 50c3cfbf (small blind) folded before Flop
Seat 4: 1e8ea2d3 (big blind) folded before Flop
Seat 5: cae4b732 folded before Flop (didn't bet)


Poker Hand #HD1599607242: Hold'em No Limit ($0.02/$0.05) - 2024/01/21 21:06:39
Table 'NLHBlue36' 6-max Seat #1 is the button
Seat 1: Hero ($5.9 in chips)
Seat 2: 224a61d2 ($5.29 in chips)
Seat 3: 50c3cfbf ($6.78 in chips)
Seat 4: 1e8ea2d3 ($6.56 in chips)
Seat 5: cae4b732 ($5.55 in chips)
224a61d2: posts small blind $0.02
50c3cfbf: posts big blind $0.05
*** HOLE CARDS ***
Dealt to Hero [Qs Jd]
Dealt to 224a61d2 
Dealt to 50c3cfbf 
Dealt to 1e8ea2d3 
Dealt to cae4b732 
1e8ea2d3: folds
cae4b732: folds
Hero: folds
224a61d2: folds
Uncalled bet ($0.03) returned to 50c3cfbf
*** SHOWDOWN ***
50c3cfbf collected $0.04 from pot
*** SUMMARY ***
Total pot $0.04 | Rake $0 | Jackpot $0 | Bingo $0 | Fortune $0 | Tax $0
Seat 1: Hero (button) folded before Flop (didn't bet)
Seat 2: 224a61d2 (small blind) folded before Flop
Seat 3: 50c3cfbf (big blind) collected ($0.04)
Seat 4: 1e8ea2d3 folded before Flop (didn't bet)
Seat 5: cae4b732 folded before Flop (didn't bet)


Poker Hand #HD1599607131: Hold'em No Limit ($0.02/$0.05) - 2024/01/21 21:05:49
Table 'NLHBlue36' 6-max Seat #6 is the button
Seat 1: Hero ($5.92 in chips)
Seat 2: 224a61d2 ($5.34 in chips)
Seat 3: 50c3cfbf ($5 in chips)
Seat 4: 1e8ea2d3 ($6.56 in chips)
Seat 5: cae4b732 ($5.55 in chips)
Seat 6: 1c2fa4a7 ($1.95 in chips)
Hero: posts small blind $0.02
224a61d2: posts big blind $0.05
*** HOLE CARDS ***
Dealt to Hero [7c Jd]
Dealt to 224a61d2 
Dealt to 50c3cfbf 
Dealt to 1e8ea2d3 
Dealt to cae4b732 
Dealt to 1c2fa4a7 
50c3cfbf: raises $0.05 to $0.1
1e8ea2d3: folds
cae4b732: folds
1c2fa4a7: calls $0.1
Hero: folds
224a61d2: folds
*** FLOP *** [6s 9h Ac]
50c3cfbf: bets $0.14
1c2fa4a7: calls $0.14
*** TURN *** [6s 9h Ac] [8c]
50c3cfbf: bets $0.28
1c2fa4a7: calls $0.28
*** RIVER *** [6s 9h Ac 8c] [Ah]
50c3cfbf: bets $1.89
1c2fa4a7: calls $1.43 and is all-in
Uncalled bet ($0.46) returned to 50c3cfbf
50c3cfbf: shows [8s As] (Aces Full over Eights)
1c2fa4a7: shows [Ad Qd] (Three Aces)
*** SHOWDOWN ***
50c3cfbf collected $3.73 from pot
*** SUMMARY ***
Total pot $3.97 | Rake $0.19 | Jackpot $0.05 | Bingo $0 | Fortune $0 | Tax $0
Board [6s 9h Ac 8c Ah]
Seat 1: Hero (small blind) folded before Flop
Seat 2: 224a61d2 (big blind) folded before Flop
Seat 3: 50c3cfbf showed [8s As] and won ($3.73) with Aces Full over Eights
Seat 4: 1e8ea2d3 folded before Flop (didn't bet)
Seat 5: cae4b732 folded before Flop (didn't bet)
Seat 6: 1c2fa4a7 (button) showed [Ad Qd] and lost with Three Aces


Poker Hand #HD1599607018: Hold'em No Limit ($0.02/$0.05) - 2024/01/21 21:04:50
Table 'NLHBlue36' 6-max Seat #5 is the button
Seat 1: Hero ($5.72 in chips)
Seat 2: 224a61d2 ($5.34 in chips)
Seat 3: 50c3cfbf ($5 in chips)
Seat 4: 1e8ea2d3 ($6.56 in chips)
Seat 5: cae4b732 ($5.55 in chips)
Seat 6: 1c2fa4a7 ($2.17 in chips)
1c2fa4a7: posts small blind $0.02
Hero: posts big blind $0.05
*** HOLE CARDS ***
Dealt to Hero [Ac 8d]
Dealt to 224a61d2 
Dealt to 50c3cfbf 
Dealt to 1e8ea2d3 
Dealt to cae4b732 
Dealt to 1c2fa4a7 
224a61d2: folds
50c3cfbf: folds
1e8ea2d3: folds
cae4b732: folds
1c2fa4a7: calls $0.03
Hero: checks
*** FLOP *** [2s 5d Ah]
1c2fa4a7: bets $0.05
Hero: calls $0.05
*** TURN *** [2s 5d Ah] [2d]
1c2fa4a7: checks
Hero: bets $0.12
1c2fa4a7: calls $0.12
*** RIVER *** [2s 5d Ah 2d] [9d]
1c2fa4a7: checks
Hero: bets $0.15
1c2fa4a7: folds
Uncalled bet ($0.15) returned to Hero
*** SHOWDOWN ***
Hero collected $0.42 from pot
*** SUMMARY ***
Total pot $0.44 | Rake $0.02 | Jackpot $0 | Bingo $0 | Fortune $0 | Tax $0
Board [2s 5d Ah 2d 9d]
Seat 1: Hero (big blind) won ($0.42)
Seat 2: 224a61d2 folded before Flop (didn't bet)
Seat 3: 50c3cfbf folded before Flop (didn't bet)
Seat 4: 1e8ea2d3 folded before Flop (didn't bet)
Seat 5: cae4b732 (button) folded before Flop (didn't bet)
Seat 6: 1c2fa4a7 (small blind) folded on the River


Poker Hand #HD1599606898: Hold'em No Limit ($0.02/$0.05) - 2024/01/21 21:03:49
Table 'NLHBlue36' 6-max Seat #4 is the button
Seat 1: Hero ($6.02 in chips)
Seat 2: 224a61d2 ($5 in chips)
Seat 3: 50c3cfbf ($5 in chips)
Seat 4: 1e8ea2d3 ($6.56 in chips)
Seat 5: cae4b732 ($5.57 in chips)
Seat 6: 1c2fa4a7 ($2.22 in chips)
cae4b732: posts small blind $0.02
1c2fa4a7: posts big blind $0.05
*** HOLE CARDS ***
Dealt to Hero [9s 9h]
Dealt to 224a61d2 
Dealt to 50c3cfbf 
Dealt to 1e8ea2d3 
Dealt to cae4b732 
Dealt to 1c2fa4a7 
Hero: raises $0.07 to $0.12
224a61d2: calls $0.12
50c3cfbf: folds
1e8ea2d3: folds
cae4b732: folds
1c2fa4a7: folds
*** FLOP *** [As 4c 3s]
Hero: bets $0.18
224a61d2: calls $0.18
*** TURN *** [As 4c 3s] [3c]
Hero: checks
224a61d2: checks
*** RIVER *** [As 4c 3s 3c] [4h]
Hero: checks
224a61d2: checks
Hero: shows [9s 9h] (Pair of Nines and Pair of Fours)
224a61d2: shows [Th Tc] (Pair of Tens and Pair of Fours)
*** SHOWDOWN ***
224a61d2 collected $0.64 from pot
*** SUMMARY ***
Total pot $0.67 | Rake $0.03 | Jackpot $0 | Bingo $0 | Fortune $0 | Tax $0
Board [As 4c 3s 3c 4h]
Seat 1: Hero showed [9s 9h] and lost with Pair of Nines and Pair of Fours
Seat 2: 224a61d2 showed [Th Tc] and won ($0.64) with Pair of Tens and Pair of Fours
Seat 3: 50c3cfbf folded before Flop (didn't bet)
Seat 4: 1e8ea2d3 (button) folded before Flop (didn't bet)
Seat 5: cae4b732 (small blind) folded before Flop
Seat 6: 1c2fa4a7 (big blind) folded before Flop


Poker Hand #HD1599606876: Hold'em No Limit ($0.02/$0.05) - 2024/01/21 21:03:37
Table 'NLHBlue36' 6-max Seat #3 is the button
Seat 1: Hero ($6.02 in chips)
Seat 2: 224a61d2 ($5 in chips)
Seat 3: 50c3cfbf ($5 in chips)
Seat 4: 1e8ea2d3 ($6.58 in chips)
Seat 5: cae4b732 ($5.55 in chips)
Seat 6: 1c2fa4a7 ($2.22 in chips)
1e8ea2d3: posts small blind $0.02
cae4b732: posts big blind $0.05
*** HOLE CARDS ***
Dealt to Hero [4h Qc]
Dealt to 224a61d2 
Dealt to 50c3cfbf 
Dealt to 1e8ea2d3 
Dealt to cae4b732 
Dealt to 1c2fa4a7 
1c2fa4a7: folds
Hero: folds
224a61d2: folds
50c3cfbf: folds
1e8ea2d3: folds
Uncalled bet ($0.03) returned to cae4b732
*** SHOWDOWN ***
cae4b732 collected $0.04 from pot
*** SUMMARY ***
Total pot $0.04 | Rake $0 | Jackpot $0 | Bingo $0 | Fortune $0 | Tax $0
Seat 1: Hero folded before Flop (didn't bet)
Seat 2: 224a61d2 folded before Flop (didn't bet)
Seat 3: 50c3cfbf (button) folded before Flop (didn't bet)
Seat 4: 1e8ea2d3 (small blind) folded before Flop
Seat 5: cae4b732 (big blind) collected ($0.04)
Seat 6: 1c2fa4a7 folded before Flop (didn't bet)


Poker Hand #HD1599606800: Hold'em No Limit ($0.02/$0.05) - 2024/01/21 21:03:01
Table 'NLHBlue36' 6-max Seat #2 is the button
Seat 1: Hero ($6.02 in chips)
Seat 2: 224a61d2 ($5 in chips)
Seat 3: 50c3cfbf ($5 in chips)
Seat 4: 1e8ea2d3 ($6.51 in chips)
Seat 5: cae4b732 ($5.55 in chips)
Seat 6: 1c2fa4a7 ($2.27 in chips)
50c3cfbf: posts small blind $0.02
1e8ea2d3: posts big blind $0.05
*** HOLE CARDS ***
Dealt to Hero [8c 5c]
Dealt to 224a61d2 
Dealt to 50c3cfbf 
Dealt to 1e8ea2d3 
Dealt to cae4b732 
Dealt to 1c2fa4a7 
cae4b732: folds
1c2fa4a7: calls $0.05
Hero: folds
224a61d2: folds
50c3cfbf: folds
1e8ea2d3: checks
*** FLOP *** [4d Qc 2d]
1e8ea2d3: bets $0.06
1c2fa4a7: folds
Uncalled bet ($0.06) returned to 1e8ea2d3
*** SHOWDOWN ***
1e8ea2d3 collected $0.12 from pot
*** SUMMARY ***
Total pot $0.12 | Rake $0 | Jackpot $0 | Bingo $0 | Fortune $0 | Tax $0
Board [4d Qc 2d]
Seat 1: Hero folded before Flop (didn't bet)
Seat 2: 224a61d2 (button) folded before Flop (didn't bet)
Seat 3: 50c3cfbf (small blind) folded before Flop
Seat 4: 1e8ea2d3 (big blind) won ($0.12)
Seat 5: cae4b732 folded before Flop (didn't bet)
Seat 6: 1c2fa4a7 folded on the Flop


Poker Hand #HD1599606700: Hold'em No Limit ($0.02/$0.05) - 2024/01/21 21:02:09
Table 'NLHBlue36' 6-max Seat #1 is the button
Seat 1: Hero ($6.02 in chips)
Seat 2: 224a61d2 ($5.02 in chips)
Seat 3: 50c3cfbf ($5 in chips)
Seat 4: 1e8ea2d3 ($6.51 in chips)
Seat 5: cae4b732 ($5.55 in chips)
Seat 6: 1c2fa4a7 ($2.16 in chips)
224a61d2: posts small blind $0.02
50c3cfbf: posts big blind $0.05
*** HOLE CARDS ***
Dealt to Hero [Th 4d]
Dealt to 224a61d2 
Dealt to 50c3cfbf 
Dealt to 1e8ea2d3 
Dealt to cae4b732 
Dealt to 1c2fa4a7 
1e8ea2d3: folds
cae4b732: folds
1c2fa4a7: calls $0.05
Hero: folds
224a61d2: folds
50c3cfbf: checks
*** FLOP *** [7d Kc 5h]
50c3cfbf: checks
1c2fa4a7: bets $0.05
50c3cfbf: calls $0.05
*** TURN *** [7d Kc 5h] [Js]
50c3cfbf: checks
1c2fa4a7: checks
*** RIVER *** [7d Kc 5h Js] [Ad]
50c3cfbf: checks
1c2fa4a7: checks
50c3cfbf: shows [Tc 5c] (Pair of Fives)
1c2fa4a7: shows [9h 9c] (Pair of Nines)
*** SHOWDOWN ***
1c2fa4a7 collected $0.21 from pot
*** SUMMARY ***
Total pot $0.22 | Rake $0.01 | Jackpot $0 | Bingo $0 | Fortune $0 | Tax $0
Board [7d Kc 5h Js Ad]
Seat 1: Hero (button) folded before Flop (didn't bet)
Seat 2: 224a61d2 (small blind) folded before Flop
Seat 3: 50c3cfbf (big blind) showed [Tc 5c] and lost with Pair of Fives
Seat 4: 1e8ea2d3 folded before Flop (didn't bet)
Seat 5: cae4b732 folded before Flop (didn't bet)
Seat 6: 1c2fa4a7 showed [9h 9c] and won ($0.21) with Pair of Nines


Poker Hand #HD1599606665: Hold'em No Limit ($0.02/$0.05) - 2024/01/21 21:01:55
Table 'NLHBlue36' 6-max Seat #6 is the button
Seat 1: Hero ($6.04 in chips)
Seat 2: 224a61d2 ($5 in chips)
Seat 3: 50c3cfbf ($5 in chips)
Seat 4: 1e8ea2d3 ($6.51 in chips)
Seat 5: cae4b732 ($5.55 in chips)
Seat 6: 1c2fa4a7 ($2.16 in chips)
Hero: posts small blind $0.02
224a61d2: posts big blind $0.05
*** HOLE CARDS ***
Dealt to Hero [8d Qs]
Dealt to 224a61d2 
Dealt to 50c3cfbf 
Dealt to 1e8ea2d3 
Dealt to cae4b732 
Dealt to 1c2fa4a7 
50c3cfbf: folds
1e8ea2d3: folds
cae4b732: folds
1c2fa4a7: folds
Hero: folds
Uncalled bet ($0.03) returned to 224a61d2
*** SHOWDOWN ***
224a61d2 collected $0.04 from pot
*** SUMMARY ***
Total pot $0.04 | Rake $0 | Jackpot $0 | Bingo $0 | Fortune $0 | Tax $0
Seat 1: Hero (small blind) folded before Flop
Seat 2: 224a61d2 (big blind) collected ($0.04)
Seat 3: 50c3cfbf folded before Flop (didn't bet)
Seat 4: 1e8ea2d3 folded before Flop (didn't bet)
Seat 5: cae4b732 folded before Flop (didn't bet)
Seat 6: 1c2fa4a7 (button) folded before Flop (didn't bet)


Poker Hand #HD1599606573: Hold'em No Limit ($0.02/$0.05) - 2024/01/21 21:01:09
Table 'NLHBlue36' 6-max Seat #5 is the button
Seat 1: Hero ($6.18 in chips)
Seat 3: 50c3cfbf ($5 in chips)
Seat 4: 1e8ea2d3 ($6.51 in chips)
Seat 5: cae4b732 ($5.55 in chips)
Seat 6: 1c2fa4a7 ($2.29 in chips)
1c2fa4a7: posts small blind $0.02
Hero: posts big blind $0.05
*** HOLE CARDS ***
Dealt to Hero [Jc Qc]
Dealt to 50c3cfbf 
Dealt to 1e8ea2d3 
Dealt to cae4b732 
Dealt to 1c2fa4a7 
50c3cfbf: folds
1e8ea2d3: folds
cae4b732: folds
1c2fa4a7: calls $0.03
Hero: raises $0.13 to $0.18
1c2fa4a7: calls $0.13
*** FLOP *** [8h 9d Qs]
1c2fa4a7: bets $0.2
Hero: calls $0.2
*** TURN *** [8h 9d Qs] [Th]
1c2fa4a7: bets $0.45
Hero: raises $2.16 to $2.61
1c2fa4a7: calls $1.46 and is all-in
Uncalled bet ($0.7) returned to Hero
Hero: shows [Jc Qc] (Queens-High Straight)
1c2fa4a7: shows [Js Qd] (Queens-High Straight)
*** RIVER *** [8h 9d Qs Th] [5s]
*** SHOWDOWN ***
1c2fa4a7 collected $2.16 from pot
Hero collected $2.15 from pot
*** SUMMARY ***
Total pot $4.58 | Rake $0.22 | Jackpot $0.05 | Bingo $0 | Fortune $0 | Tax $0
Board [8h 9d Qs Th 5s]
Seat 1: Hero (big blind) showed [Jc Qc] and won ($2.15) with Queens-High Straight
Seat 3: 50c3cfbf folded before Flop (didn't bet)
Seat 4: 1e8ea2d3 folded before Flop (didn't bet)
Seat 5: cae4b732 (button) folded before Flop (didn't bet)
Seat 6: 1c2fa4a7 (small blind) showed [Js Qd] and won ($2.16) with Queens-High Straight


Poker Hand #HD1599606348: Hold'em No Limit ($0.02/$0.05) - 2024/01/21 20:59:25
Table 'NLHBlue36' 6-max Seat #4 is the button
Seat 1: Hero ($6.18 in chips)
Seat 2: 721a8cc1 ($1.49 in chips)
Seat 3: 50c3cfbf ($5 in chips)
Seat 4: 1e8ea2d3 ($5.14 in chips)
Seat 5: cae4b732 ($5.57 in chips)
Seat 6: 1c2fa4a7 ($2.34 in chips)
cae4b732: posts small blind $0.02
1c2fa4a7: posts big blind $0.05
*** HOLE CARDS ***
Dealt to Hero [2d 7s]
Dealt to 721a8cc1 
Dealt to 50c3cfbf 
Dealt to 1e8ea2d3 
Dealt to cae4b732 
Dealt to 1c2fa4a7 
Hero: folds
721a8cc1: raises $0.1 to $0.15
50c3cfbf: folds
1e8ea2d3: raises $0.2 to $0.35
cae4b732: folds
1c2fa4a7: folds
721a8cc1: calls $0.2
*** FLOP *** [9d 3s Tc]
721a8cc1: bets $0.26
1e8ea2d3: calls $0.26
*** TURN *** [9d 3s Tc] [Qh]
721a8cc1: bets $0.35
1e8ea2d3: raises $0.7 to $1.05
721a8cc1: calls $0.53 and is all-in
Uncalled bet ($0.17) returned to 1e8ea2d3
1e8ea2d3: shows [Jd Jh] (Pair of Jacks)
721a8cc1: shows [Ah Td] (Pair of Tens)
*** FIRST RIVER *** [9d 3s Tc Qh] [5s]
*** SECOND RIVER *** [9d 3s Tc Qh] [6h]
*** FIRST SHOWDOWN ***
1e8ea2d3 collected $1.43 from pot
*** SECOND SHOWDOWN ***
1e8ea2d3 collected $1.43 from pot
*** SUMMARY ***
Total pot $3.05 | Rake $0.14 | Jackpot $0.05 | Bingo $0 | Fortune $0 | Tax $0
Hand was run two times
FIRST Board [9d 3s Tc Qh 5s]
SECOND Board [6h]
Seat 1: Hero folded before Flop (didn't bet)
Seat 2: 721a8cc1 showed [Ah Td] and lost with Pair of Tens, and lost
Seat 3: 50c3cfbf folded before Flop (didn't bet)
Seat 4: 1e8ea2d3 (button) showed [Jd Jh] and won ($1.43) with Pair of Jacks, and won ($1.43)
Seat 5: cae4b732 (small blind) folded before Flop
Seat 6: 1c2fa4a7 (big blind) folded before Flop


Poker Hand #HD1599606286: Hold'em No Limit ($0.02/$0.05) - 2024/01/21 20:58:53
Table 'NLHBlue36' 6-max Seat #3 is the button
Seat 1: Hero ($6.18 in chips)
Seat 2: 721a8cc1 ($1.49 in chips)
Seat 3: 50c3cfbf ($5 in chips)
Seat 4: 1e8ea2d3 ($5.09 in chips)
Seat 5: cae4b732 ($5.62 in chips)
Seat 6: 1c2fa4a7 ($2.34 in chips)
1e8ea2d3: posts small blind $0.02
cae4b732: posts big blind $0.05
*** HOLE CARDS ***
Dealt to Hero [2s Jh]
Dealt to 721a8cc1 
Dealt to 50c3cfbf 
Dealt to 1e8ea2d3 
Dealt to cae4b732 
Dealt to 1c2fa4a7 
1c2fa4a7: folds
Hero: folds
721a8cc1: folds
50c3cfbf: folds
1e8ea2d3: raises $0.1 to $0.15
cae4b732: folds
Uncalled bet ($0.1) returned to 1e8ea2d3
*** SHOWDOWN ***
1e8ea2d3 collected $0.1 from pot
*** SUMMARY ***
Total pot $0.1 | Rake $0 | Jackpot $0 | Bingo $0 | Fortune $0 | Tax $0
Seat 1: Hero folded before Flop (didn't bet)
Seat 2: 721a8cc1 folded before Flop (didn't bet)
Seat 3: 50c3cfbf (button) folded before Flop (didn't bet)
Seat 4: 1e8ea2d3 (small blind) collected ($0.1)
Seat 5: cae4b732 (big blind) folded before Flop
Seat 6: 1c2fa4a7 folded before Flop (didn't bet)


Poker Hand #HD1599606264: Hold'em No Limit ($0.02/$0.05) - 2024/01/21 20:58:42
Table 'NLHBlue36' 6-max Seat #2 is the button
Seat 1: Hero ($6.18 in chips)
Seat 2: 721a8cc1 ($1.49 in chips)
Seat 3: 50c3cfbf ($5 in chips)
Seat 4: 1e8ea2d3 ($5.07 in chips)
Seat 5: cae4b732 ($5.62 in chips)
Seat 6: 1c2fa4a7 ($2.34 in chips)
50c3cfbf: posts small blind $0.02
1e8ea2d3: posts big blind $0.05
*** HOLE CARDS ***
Dealt to Hero [Kh 6c]
Dealt to 721a8cc1 
Dealt to 50c3cfbf 
Dealt to 1e8ea2d3 
Dealt to cae4b732 
Dealt to 1c2fa4a7 
cae4b732: folds
1c2fa4a7: folds
Hero: folds
721a8cc1: folds
50c3cfbf: folds
Uncalled bet ($0.03) returned to 1e8ea2d3
*** SHOWDOWN ***
1e8ea2d3 collected $0.04 from pot
*** SUMMARY ***
Total pot $0.04 | Rake $0 | Jackpot $0 | Bingo $0 | Fortune $0 | Tax $0
Seat 1: Hero folded before Flop (didn't bet)
Seat 2: 721a8cc1 (button) folded before Flop (didn't bet)
Seat 3: 50c3cfbf (small blind) folded before Flop
Seat 4: 1e8ea2d3 (big blind) collected ($0.04)
Seat 5: cae4b732 folded before Flop (didn't bet)
Seat 6: 1c2fa4a7 folded before Flop (didn't bet)


Poker Hand #HD1599606198: Hold'em No Limit ($0.02/$0.05) - 2024/01/21 20:58:09
Table 'NLHBlue36' 6-max Seat #1 is the button
Seat 1: Hero ($6.18 in chips)
Seat 2: 721a8cc1 ($1.32 in chips)
Seat 3: 50c3cfbf ($5 in chips)
Seat 4: 1e8ea2d3 ($5.07 in chips)
Seat 5: cae4b732 ($5.75 in chips)
Seat 6: 1c2fa4a7 ($2.34 in chips)
721a8cc1: posts small blind $0.02
50c3cfbf: posts big blind $0.05
*** HOLE CARDS ***
Dealt to Hero [8s 4h]
Dealt to 721a8cc1 
Dealt to 50c3cfbf 
Dealt to 1e8ea2d3 
Dealt to cae4b732 
Dealt to 1c2fa4a7 
1e8ea2d3: folds
cae4b732: raises $0.08 to $0.13
1c2fa4a7: folds
Hero: folds
721a8cc1: raises $0.27 to $0.4
50c3cfbf: folds
cae4b732: folds
Uncalled bet ($0.27) returned to 721a8cc1
*** SHOWDOWN ***
721a8cc1 collected $0.3 from pot
*** SUMMARY ***
Total pot $0.31 | Rake $0.01 | Jackpot $0 | Bingo $0 | Fortune $0 | Tax $0
Seat 1: Hero (button) folded before Flop (didn't bet)
Seat 2: 721a8cc1 (small blind) collected ($0.3)
Seat 3: 50c3cfbf (big blind) folded before Flop
Seat 4: 1e8ea2d3 folded before Flop (didn't bet)
Seat 5: cae4b732 folded before Flop
Seat 6: 1c2fa4a7 folded before Flop (didn't bet)


Poker Hand #HD1599606152: Hold'em No Limit ($0.02/$0.05) - 2024/01/21 20:57:45
Table 'NLHBlue36' 6-max Seat #6 is the button
Seat 1: Hero ($6.2 in chips)
Seat 2: 721a8cc1 ($1.37 in chips)
Seat 4: 1e8ea2d3 ($5.07 in chips)
Seat 5: cae4b732 ($5.75 in chips)
Seat 6: 1c2fa4a7 ($2.27 in chips)
Hero: posts small blind $0.02
721a8cc1: posts big blind $0.05
*** HOLE CARDS ***
Dealt to Hero [6d 9h]
Dealt to 721a8cc1 
Dealt to 1e8ea2d3 
Dealt to cae4b732 
Dealt to 1c2fa4a7 
1e8ea2d3: folds
cae4b732: folds
1c2fa4a7: raises $0.15 to $0.2
Hero: folds
721a8cc1: folds
Uncalled bet ($0.15) returned to 1c2fa4a7
*** SHOWDOWN ***
1c2fa4a7 collected $0.12 from pot
*** SUMMARY ***
Total pot $0.12 | Rake $0 | Jackpot $0 | Bingo $0 | Fortune $0 | Tax $0
Seat 1: Hero (small blind) folded before Flop
Seat 2: 721a8cc1 (big blind) folded before Flop
Seat 4: 1e8ea2d3 folded before Flop (didn't bet)
Seat 5: cae4b732 folded before Flop (didn't bet)
Seat 6: 1c2fa4a7 (button) collected ($0.12)


Poker Hand #HD1599606081: Hold'em No Limit ($0.02/$0.05) - 2024/01/21 20:57:13
Table 'NLHBlue36' 6-max Seat #5 is the button
Seat 1: Hero ($6.35 in chips)
Seat 2: 721a8cc1 ($1.21 in chips)
Seat 4: 1e8ea2d3 ($5.07 in chips)
Seat 5: cae4b732 ($5.75 in chips)
Seat 6: 1c2fa4a7 ($2.29 in chips)
1c2fa4a7: posts small blind $0.02
Hero: posts big blind $0.05
*** HOLE CARDS ***
Dealt to Hero [4s 4d]
Dealt to 721a8cc1 
Dealt to 1e8ea2d3 
Dealt to cae4b732 
Dealt to 1c2fa4a7 
721a8cc1: raises $0.1 to $0.15
1e8ea2d3: folds
cae4b732: folds
1c2fa4a7: folds
Hero: calls $0.1
*** FLOP *** [Td 8c 8d]
Hero: checks
721a8cc1: bets $0.15
Hero: folds
Uncalled bet ($0.15) returned to 721a8cc1
*** SHOWDOWN ***
721a8cc1 collected $0.31 from pot
*** SUMMARY ***
Total pot $0.32 | Rake $0.01 | Jackpot $0 | Bingo $0 | Fortune $0 | Tax $0
Board [Td 8c 8d]
Seat 1: Hero (big blind) folded on the Flop
Seat 2: 721a8cc1 won ($0.31)
Seat 4: 1e8ea2d3 folded before Flop (didn't bet)
Seat 5: cae4b732 (button) folded before Flop (didn't bet)
Seat 6: 1c2fa4a7 (small blind) folded before Flop


Poker Hand #HD1599606005: Hold'em No Limit ($0.02/$0.05) - 2024/01/21 20:56:43
Table 'NLHBlue36' 6-max Seat #4 is the button
Seat 1: Hero ($6.35 in chips)
Seat 2: 721a8cc1 ($1.14 in chips)
Seat 4: 1e8ea2d3 ($5.07 in chips)
Seat 5: cae4b732 ($5.77 in chips)
Seat 6: 1c2fa4a7 ($2.34 in chips)
cae4b732: posts small blind $0.02
1c2fa4a7: posts big blind $0.05
*** HOLE CARDS ***
Dealt to Hero [3h Kh]
Dealt to 721a8cc1 
Dealt to 1e8ea2d3 
Dealt to cae4b732 
Dealt to 1c2fa4a7 
Hero: folds
721a8cc1: raises $0.1 to $0.15
1e8ea2d3: folds
cae4b732: folds
1c2fa4a7: folds
Uncalled bet ($0.1) returned to 721a8cc1
*** SHOWDOWN ***
721a8cc1 collected $0.12 from pot
*** SUMMARY ***
Total pot $0.12 | Rake $0 | Jackpot $0 | Bingo $0 | Fortune $0 | Tax $0
Seat 1: Hero folded before Flop (didn't bet)
Seat 2: 721a8cc1 collected ($0.12)
Seat 4: 1e8ea2d3 (button) folded before Flop (didn't bet)
Seat 5: cae4b732 (small blind) folded before Flop
Seat 6: 1c2fa4a7 (big blind) folded before Flop


Poker Hand #HD1599605932: Hold'em No Limit ($0.02/$0.05) - 2024/01/21 20:56:04
Table 'NLHBlue36' 6-max Seat #2 is the button
Seat 1: Hero ($6.35 in chips)
Seat 2: 721a8cc1 ($1.07 in chips)
Seat 4: 1e8ea2d3 ($5.09 in chips)
Seat 5: cae4b732 ($5.82 in chips)
Seat 6: 1c2fa4a7 ($2.34 in chips)
1e8ea2d3: posts small blind $0.02
cae4b732: posts big blind $0.05
*** HOLE CARDS ***
Dealt to Hero [5d 8s]
Dealt to 721a8cc1 
Dealt to 1e8ea2d3 
Dealt to cae4b732 
Dealt to 1c2fa4a7 
1c2fa4a7: folds
Hero: folds
721a8cc1: raises $0.1 to $0.15
1e8ea2d3: folds
cae4b732: folds
Uncalled bet ($0.1) returned to 721a8cc1
*** SHOWDOWN ***
721a8cc1 collected $0.12 from pot
*** SUMMARY ***
Total pot $0.12 | Rake $0 | Jackpot $0 | Bingo $0 | Fortune $0 | Tax $0
Seat 1: Hero folded before Flop (didn't bet)
Seat 2: 721a8cc1 (button) collected ($0.12)
Seat 4: 1e8ea2d3 (small blind) folded before Flop
Seat 5: cae4b732 (big blind) folded before Flop
Seat 6: 1c2fa4a7 folded before Flop (didn't bet)


Poker Hand #HD1599605887: Hold'em No Limit ($0.02/$0.05) - 2024/01/21 20:55:43
Table 'NLHBlue36' 6-max Seat #1 is the button
Seat 1: Hero ($6.35 in chips)
Seat 2: 721a8cc1 ($1.09 in chips)
Seat 4: 1e8ea2d3 ($5.14 in chips)
Seat 5: cae4b732 ($5.75 in chips)
Seat 6: 1c2fa4a7 ($2.34 in chips)
721a8cc1: posts small blind $0.02
1e8ea2d3: posts big blind $0.05
*** HOLE CARDS ***
Dealt to Hero [5d 2d]
Dealt to 721a8cc1 
Dealt to 1e8ea2d3 
Dealt to cae4b732 
Dealt to 1c2fa4a7 
cae4b732: raises $0.1 to $0.15
1c2fa4a7: folds
Hero: folds
721a8cc1: folds
1e8ea2d3: folds
Uncalled bet ($0.1) returned to cae4b732
*** SHOWDOWN ***
cae4b732 collected $0.12 from pot
*** SUMMARY ***
Total pot $0.12 | Rake $0 | Jackpot $0 | Bingo $0 | Fortune $0 | Tax $0
Seat 1: Hero (button) folded before Flop (didn't bet)
Seat 2: 721a8cc1 (small blind) folded before Flop
Seat 4: 1e8ea2d3 (big blind) folded before Flop
Seat 5: cae4b732 collected ($0.12)
Seat 6: 1c2fa4a7 folded before Flop (didn't bet)


Poker Hand #HD1599605860: Hold'em No Limit ($0.02/$0.05) - 2024/01/21 20:55:29
Table 'NLHBlue36' 6-max Seat #6 is the button
Seat 1: Hero ($6.37 in chips)
Seat 2: 721a8cc1 ($1.07 in chips)
Seat 3: bda1db32 ($6.16 in chips)
Seat 4: 1e8ea2d3 ($5.14 in chips)
Seat 5: cae4b732 ($5.75 in chips)
Seat 6: 1c2fa4a7 ($2.34 in chips)
Hero: posts small blind $0.02
721a8cc1: posts big blind $0.05
*** HOLE CARDS ***
Dealt to Hero [7c 5d]
Dealt to 721a8cc1 
Dealt to bda1db32 
Dealt to 1e8ea2d3 
Dealt to cae4b732 
Dealt to 1c2fa4a7 
bda1db32: folds
1e8ea2d3: folds
cae4b732: folds
1c2fa4a7: folds
Hero: folds
Uncalled bet ($0.03) returned to 721a8cc1
*** SHOWDOWN ***
721a8cc1 collected $0.04 from pot
*** SUMMARY ***
Total pot $0.04 | Rake $0 | Jackpot $0 | Bingo $0 | Fortune $0 | Tax $0
Seat 1: Hero (small blind) folded before Flop
Seat 2: 721a8cc1 (big blind) collected ($0.04)
Seat 3: bda1db32 folded before Flop (didn't bet)
Seat 4: 1e8ea2d3 folded before Flop (didn't bet)
Seat 5: cae4b732 folded before Flop (didn't bet)
Seat 6: 1c2fa4a7 (button) folded before Flop (didn't bet)


Poker Hand #HD1599605811: Hold'em No Limit ($0.02/$0.05) - 2024/01/21 20:55:05
Table 'NLHBlue36' 6-max Seat #5 is the button
Seat 1: Hero ($6.42 in chips)
Seat 2: 721a8cc1 ($1 in chips)
Seat 3: bda1db32 ($6.16 in chips)
Seat 4: 1e8ea2d3 ($5.14 in chips)
Seat 5: cae4b732 ($5.75 in chips)
Seat 6: 1c2fa4a7 ($2.36 in chips)
1c2fa4a7: posts small blind $0.02
Hero: posts big blind $0.05
*** HOLE CARDS ***
Dealt to Hero [4d Qs]
Dealt to 721a8cc1 
Dealt to bda1db32 
Dealt to 1e8ea2d3 
Dealt to cae4b732 
Dealt to 1c2fa4a7 
721a8cc1: raises $0.1 to $0.15
bda1db32: folds
1e8ea2d3: folds
cae4b732: folds
1c2fa4a7: folds
Hero: folds
Uncalled bet ($0.1) returned to 721a8cc1
*** SHOWDOWN ***
721a8cc1 collected $0.12 from pot
*** SUMMARY ***
Total pot $0.12 | Rake $0 | Jackpot $0 | Bingo $0 | Fortune $0 | Tax $0
Seat 1: Hero (big blind) folded before Flop
Seat 2: 721a8cc1 collected ($0.12)
Seat 3: bda1db32 folded before Flop (didn't bet)
Seat 4: 1e8ea2d3 folded before Flop (didn't bet)
Seat 5: cae4b732 (button) folded before Flop (didn't bet)
Seat 6: 1c2fa4a7 (small blind) folded before Flop


Poker Hand #HD1599605730: Hold'em No Limit ($0.02/$0.05) - 2024/01/21 20:54:26
Table 'NLHBlue36' 6-max Seat #4 is the button
Seat 1: Hero ($6.42 in chips)
Seat 2: 721a8cc1 ($1 in chips)
Seat 3: bda1db32 ($6.16 in chips)
Seat 4: 1e8ea2d3 ($5.14 in chips)
Seat 5: cae4b732 ($5.9 in chips)
Seat 6: 1c2fa4a7 ($2.22 in chips)
cae4b732: posts small blind $0.02
1c2fa4a7: posts big blind $0.05
*** HOLE CARDS ***
Dealt to Hero [7s Ah]
Dealt to 721a8cc1 
Dealt to bda1db32 
Dealt to 1e8ea2d3 
Dealt to cae4b732 
Dealt to 1c2fa4a7 
Hero: folds
721a8cc1: folds
bda1db32: folds
1e8ea2d3: folds
cae4b732: raises $0.1 to $0.15
1c2fa4a7: calls $0.1
*** FLOP *** [3h Js 8s]
cae4b732: checks
1c2fa4a7: checks
*** TURN *** [3h Js 8s] [Ks]
cae4b732: checks
1c2fa4a7: bets $0.15
cae4b732: folds
Uncalled bet ($0.15) returned to 1c2fa4a7
*** SHOWDOWN ***
1c2fa4a7 collected $0.29 from pot
*** SUMMARY ***
Total pot $0.3 | Rake $0.01 | Jackpot $0 | Bingo $0 | Fortune $0 | Tax $0
Board [3h Js 8s Ks]
Seat 1: Hero folded before Flop (didn't bet)
Seat 2: 721a8cc1 folded before Flop (didn't bet)
Seat 3: bda1db32 folded before Flop (didn't bet)
Seat 4: 1e8ea2d3 (button) folded before Flop (didn't bet)
Seat 5: cae4b732 (small blind) folded on the Turn
Seat 6: 1c2fa4a7 (big blind) won ($0.29)


Poker Hand #HD1599535631: Hold'em No Limit ($0.02/$0.05) - 2024/01/21 20:53:43
Table 'NLHBlue36' 6-max Seat #3 is the button
Seat 1: Hero ($6.42 in chips)
Seat 2: 721a8cc1 ($1 in chips)
Seat 3: bda1db32 ($6.16 in chips)
Seat 4: 1e8ea2d3 ($5 in chips)
Seat 5: cae4b732 ($6.05 in chips)
Seat 6: 1c2fa4a7 ($2.22 in chips)
1e8ea2d3: posts small blind $0.02
cae4b732: posts big blind $0.05
*** HOLE CARDS ***
Dealt to Hero [4c Ah]
Dealt to 721a8cc1 
Dealt to bda1db32 
Dealt to 1e8ea2d3 
Dealt to cae4b732 
Dealt to 1c2fa4a7 
1c2fa4a7: folds
Hero: folds
721a8cc1: folds
bda1db32: folds
1e8ea2d3: raises $0.1 to $0.15
cae4b732: calls $0.1
*** FLOP *** [2h Tc 7h]
1e8ea2d3: bets $0.1
cae4b732: folds
Uncalled bet ($0.1) returned to 1e8ea2d3
*** SHOWDOWN ***
1e8ea2d3 collected $0.29 from pot
*** SUMMARY ***
Total pot $0.3 | Rake $0.01 | Jackpot $0 | Bingo $0 | Fortune $0 | Tax $0
Board [2h Tc 7h]
Seat 1: Hero folded before Flop (didn't bet)
Seat 2: 721a8cc1 folded before Flop (didn't bet)
Seat 3: bda1db32 (button) folded before Flop (didn't bet)
Seat 4: 1e8ea2d3 (small blind) won ($0.29)
Seat 5: cae4b732 (big blind) folded on the Flop
Seat 6: 1c2fa4a7 folded before Flop (didn't bet)


Poker Hand #HD1599535543: Hold'em No Limit ($0.02/$0.05) - 2024/01/21 20:52:54
Table 'NLHBlue36' 6-max Seat #2 is the button
Seat 1: Hero ($6.6 in chips)
Seat 2: 721a8cc1 ($1 in chips)
Seat 3: bda1db32 ($6.18 in chips)
Seat 4: 1e8ea2d3 ($5 in chips)
Seat 5: cae4b732 ($6.05 in chips)
Seat 6: 1c2fa4a7 ($1.99 in chips)
bda1db32: posts small blind $0.02
1e8ea2d3: posts big blind $0.05
*** HOLE CARDS ***
Dealt to Hero [6s 6h]
Dealt to 721a8cc1 
Dealt to bda1db32 
Dealt to 1e8ea2d3 
Dealt to cae4b732 
Dealt to 1c2fa4a7 
cae4b732: folds
1c2fa4a7: calls $0.05
Hero: raises $0.13 to $0.18
721a8cc1: folds
bda1db32: folds
1e8ea2d3: folds
1c2fa4a7: raises $0.62 to $0.8
Hero: folds
Uncalled bet ($0.62) returned to 1c2fa4a7
*** SHOWDOWN ***
1c2fa4a7 collected $0.41 from pot
*** SUMMARY ***
Total pot $0.43 | Rake $0.02 | Jackpot $0 | Bingo $0 | Fortune $0 | Tax $0
Seat 1: Hero folded before Flop
Seat 2: 721a8cc1 (button) folded before Flop (didn't bet)
Seat 3: bda1db32 (small blind) folded before Flop
Seat 4: 1e8ea2d3 (big blind) folded before Flop
Seat 5: cae4b732 folded before Flop (didn't bet)
Seat 6: 1c2fa4a7 collected ($0.41)


Poker Hand #HD1599535387: Hold'em No Limit ($0.02/$0.05) - 2024/01/21 20:51:35
Table 'NLHBlue36' 6-max Seat #1 is the button
Seat 1: Hero ($6.6 in chips)
Seat 2: 721a8cc1 ($1.02 in chips)
Seat 3: bda1db32 ($5.8 in chips)
Seat 4: 1e8ea2d3 ($5.33 in chips)
Seat 5: cae4b732 ($6.05 in chips)
Seat 6: 1c2fa4a7 ($1.99 in chips)
721a8cc1: posts small blind $0.02
bda1db32: posts big blind $0.05
*** HOLE CARDS ***
Dealt to Hero [5c 7d]
Dealt to 721a8cc1 
Dealt to bda1db32 
Dealt to 1e8ea2d3 
Dealt to cae4b732 
Dealt to 1c2fa4a7 
1e8ea2d3: raises $0.1 to $0.15
cae4b732: folds
1c2fa4a7: folds
Hero: folds
721a8cc1: folds
bda1db32: calls $0.1
*** FLOP *** [9s Qd 6h]
bda1db32: checks
1e8ea2d3: bets $0.1
bda1db32: calls $0.1
*** TURN *** [9s Qd 6h] [7s]
bda1db32: checks
1e8ea2d3: bets $0.15
bda1db32: calls $0.15
*** RIVER *** [9s Qd 6h 7s] [2d]
bda1db32: checks
1e8ea2d3: checks
bda1db32: shows [Qh Kc] (Pair of Queens)
1e8ea2d3: shows [Jc Jd] (Pair of Jacks)
*** SHOWDOWN ***
bda1db32 collected $0.78 from pot
*** SUMMARY ***
Total pot $0.82 | Rake $0.04 | Jackpot $0 | Bingo $0 | Fortune $0 | Tax $0
Board [9s Qd 6h 7s 2d]
Seat 1: Hero (button) folded before Flop (didn't bet)
Seat 2: 721a8cc1 (small blind) folded before Flop
Seat 3: bda1db32 (big blind) showed [Qh Kc] and won ($0.78) with Pair of Queens
Seat 4: 1e8ea2d3 showed [Jc Jd] and lost with Pair of Jacks
Seat 5: cae4b732 folded before Flop (didn't bet)
Seat 6: 1c2fa4a7 folded before Flop (didn't bet)


Poker Hand #HD1599535362: Hold'em No Limit ($0.02/$0.05) - 2024/01/21 20:51:21
Table 'NLHBlue36' 6-max Seat #6 is the button
Seat 1: Hero ($6.62 in chips)
Seat 2: 721a8cc1 ($1.07 in chips)
Seat 3: bda1db32 ($5.73 in chips)
Seat 4: 1e8ea2d3 ($5.33 in chips)
Seat 5: cae4b732 ($6.05 in chips)
Seat 6: 1c2fa4a7 ($1.99 in chips)
Hero: posts small blind $0.02
721a8cc1: posts big blind $0.05
*** HOLE CARDS ***
Dealt to Hero [7h Ac]
Dealt to 721a8cc1 
Dealt to bda1db32 
Dealt to 1e8ea2d3 
Dealt to cae4b732 
Dealt to 1c2fa4a7 
bda1db32: raises $0.08 to $0.13
1e8ea2d3: folds
cae4b732: folds
1c2fa4a7: folds
Hero: folds
721a8cc1: folds
Uncalled bet ($0.08) returned to bda1db32
*** SHOWDOWN ***
bda1db32 collected $0.12 from pot
*** SUMMARY ***
Total pot $0.12 | Rake $0 | Jackpot $0 | Bingo $0 | Fortune $0 | Tax $0
Seat 1: Hero (small blind) folded before Flop
Seat 2: 721a8cc1 (big blind) folded before Flop
Seat 3: bda1db32 collected ($0.12)
Seat 4: 1e8ea2d3 folded before Flop (didn't bet)
Seat 5: cae4b732 folded before Flop (didn't bet)
Seat 6: 1c2fa4a7 (button) folded before Flop (didn't bet)


Poker Hand #HD1599535299: Hold'em No Limit ($0.02/$0.05) - 2024/01/21 20:50:49
Table 'NLHBlue36' 6-max Seat #5 is the button
Seat 1: Hero ($6.82 in chips)
Seat 2: 721a8cc1 ($1.07 in chips)
Seat 3: bda1db32 ($5.73 in chips)
Seat 4: 1e8ea2d3 ($5.33 in chips)
Seat 5: cae4b732 ($6.05 in chips)
Seat 6: 1c2fa4a7 ($1.81 in chips)
1c2fa4a7: posts small blind $0.02
Hero: posts big blind $0.05
*** HOLE CARDS ***
Dealt to Hero [As 5s]
Dealt to 721a8cc1 
Dealt to bda1db32 
Dealt to 1e8ea2d3 
Dealt to cae4b732 
Dealt to 1c2fa4a7 
721a8cc1: folds
bda1db32: folds
1e8ea2d3: folds
cae4b732: folds
1c2fa4a7: raises $0.15 to $0.2
Hero: calls $0.15
*** FLOP *** [3c 8s Kh]
1c2fa4a7: bets $0.1
Hero: folds
Uncalled bet ($0.1) returned to 1c2fa4a7
*** SHOWDOWN ***
1c2fa4a7 collected $0.38 from pot
*** SUMMARY ***
Total pot $0.4 | Rake $0.02 | Jackpot $0 | Bingo $0 | Fortune $0 | Tax $0
Board [3c 8s Kh]
Seat 1: Hero (big blind) folded on the Flop
Seat 2: 721a8cc1 folded before Flop (didn't bet)
Seat 3: bda1db32 folded before Flop (didn't bet)
Seat 4: 1e8ea2d3 folded before Flop (didn't bet)
Seat 5: cae4b732 (button) folded before Flop (didn't bet)
Seat 6: 1c2fa4a7 (small blind) won ($0.38)


Poker Hand #HD1599535227: Hold'em No Limit ($0.02/$0.05) - 2024/01/21 20:50:16
Table 'NLHBlue36' 6-max Seat #4 is the button
Seat 1: Hero ($6.82 in chips)
Seat 2: 721a8cc1 ($1 in chips)
Seat 3: bda1db32 ($5.73 in chips)
Seat 4: 1e8ea2d3 ($5.33 in chips)
Seat 5: cae4b732 ($6.07 in chips)
Seat 6: 1c2fa4a7 ($1.86 in chips)
cae4b732: posts small blind $0.02
1c2fa4a7: posts big blind $0.05
721a8cc1: posts big blind $0.05
*** HOLE CARDS ***
Dealt to Hero [4s 9h]
Dealt to 721a8cc1 
Dealt to bda1db32 
Dealt to 1e8ea2d3 
Dealt to cae4b732 
Dealt to 1c2fa4a7 
Hero: folds
721a8cc1: raises $0.07 to $0.12
bda1db32: folds
1e8ea2d3: folds
cae4b732: folds
1c2fa4a7: folds
Uncalled bet ($0.07) returned to 721a8cc1
*** SHOWDOWN ***
721a8cc1 collected $0.12 from pot
*** SUMMARY ***
Total pot $0.12 | Rake $0 | Jackpot $0 | Bingo $0 | Fortune $0 | Tax $0
Seat 1: Hero folded before Flop (didn't bet)
Seat 2: 721a8cc1 collected ($0.12)
Seat 3: bda1db32 folded before Flop (didn't bet)
Seat 4: 1e8ea2d3 (button) folded before Flop (didn't bet)
Seat 5: cae4b732 (small blind) folded before Flop
Seat 6: 1c2fa4a7 (big blind) folded before Flop


Poker Hand #HD1599535174: Hold'em No Limit ($0.02/$0.05) - 2024/01/21 20:49:49
Table 'NLHBlue36' 6-max Seat #3 is the button
Seat 1: Hero ($6.75 in chips)
Seat 3: bda1db32 ($5.73 in chips)
Seat 4: 1e8ea2d3 ($5.35 in chips)
Seat 5: cae4b732 ($6.12 in chips)
Seat 6: 1c2fa4a7 ($1.86 in chips)
1e8ea2d3: posts small blind $0.02
cae4b732: posts big blind $0.05
*** HOLE CARDS ***
Dealt to Hero [5c 4c]
Dealt to bda1db32 
Dealt to 1e8ea2d3 
Dealt to cae4b732 
Dealt to 1c2fa4a7 
1c2fa4a7: folds
Hero: raises $0.07 to $0.12
bda1db32: folds
1e8ea2d3: folds
cae4b732: folds
Uncalled bet ($0.07) returned to Hero
*** SHOWDOWN ***
Hero collected $0.12 from pot
*** SUMMARY ***
Total pot $0.12 | Rake $0 | Jackpot $0 | Bingo $0 | Fortune $0 | Tax $0
Seat 1: Hero collected ($0.12)
Seat 3: bda1db32 (button) folded before Flop (didn't bet)
Seat 4: 1e8ea2d3 (small blind) folded before Flop
Seat 5: cae4b732 (big blind) folded before Flop
Seat 6: 1c2fa4a7 folded before Flop (didn't bet)


Poker Hand #HD1599535155: Hold'em No Limit ($0.02/$0.05) - 2024/01/21 20:49:42
Table 'NLHBlue36' 6-max Seat #1 is the button
Seat 1: Hero ($6.75 in chips)
Seat 3: bda1db32 ($5.75 in chips)
Seat 4: 1e8ea2d3 ($5.33 in chips)
Seat 5: cae4b732 ($6.12 in chips)
Seat 6: 1c2fa4a7 ($1.86 in chips)
bda1db32: posts small blind $0.02
1e8ea2d3: posts big blind $0.05
*** HOLE CARDS ***
Dealt to Hero [6d 8s]
Dealt to bda1db32 
Dealt to 1e8ea2d3 
Dealt to cae4b732 
Dealt to 1c2fa4a7 
cae4b732: folds
1c2fa4a7: folds
Hero: folds
bda1db32: folds
Uncalled bet ($0.03) returned to 1e8ea2d3
*** SHOWDOWN ***
1e8ea2d3 collected $0.04 from pot
*** SUMMARY ***
Total pot $0.04 | Rake $0 | Jackpot $0 | Bingo $0 | Fortune $0 | Tax $0
Seat 1: Hero (button) folded before Flop (didn't bet)
Seat 3: bda1db32 (small blind) folded before Flop
Seat 4: 1e8ea2d3 (big blind) collected ($0.04)
Seat 5: cae4b732 folded before Flop (didn't bet)
Seat 6: 1c2fa4a7 folded before Flop (didn't bet)


Poker Hand #HD1599535049: Hold'em No Limit ($0.02/$0.05) - 2024/01/21 20:48:54
Table 'NLHBlue36' 6-max Seat #6 is the button
Seat 1: Hero ($6.89 in chips)
Seat 3: bda1db32 ($5.62 in chips)
Seat 4: 1e8ea2d3 ($5.33 in chips)
Seat 5: cae4b732 ($6.12 in chips)
Seat 6: 1c2fa4a7 ($1.86 in chips)
Hero: posts small blind $0.02
bda1db32: posts big blind $0.05
*** HOLE CARDS ***
Dealt to Hero [Th 8h]
Dealt to bda1db32 
Dealt to 1e8ea2d3 
Dealt to cae4b732 
Dealt to 1c2fa4a7 
1e8ea2d3: folds
cae4b732: folds
1c2fa4a7: folds
Hero: raises $0.09 to $0.14
bda1db32: calls $0.09
*** FLOP *** [Ks 2c Kc]
Hero: checks
bda1db32: checks
*** TURN *** [Ks 2c Kc] [4d]
Hero: checks
bda1db32: checks
*** RIVER *** [Ks 2c Kc 4d] [2h]
Hero: checks
bda1db32: checks
Hero: shows [Th 8h] (Pair of Kings and Pair of Twos)
bda1db32: shows [7d Ac] (Pair of Kings and Pair of Twos)
*** SHOWDOWN ***
bda1db32 collected $0.27 from pot
*** SUMMARY ***
Total pot $0.28 | Rake $0.01 | Jackpot $0 | Bingo $0 | Fortune $0 | Tax $0
Board [Ks 2c Kc 4d 2h]
Seat 1: Hero (small blind) showed [Th 8h] and lost with Pair of Kings and Pair of Twos
Seat 3: bda1db32 (big blind) showed [7d Ac] and won ($0.27) with Pair of Kings and Pair of Twos
Seat 4: 1e8ea2d3 folded before Flop (didn't bet)
Seat 5: cae4b732 folded before Flop (didn't bet)
Seat 6: 1c2fa4a7 (button) folded before Flop (didn't bet)


Poker Hand #HD1599535025: Hold'em No Limit ($0.02/$0.05) - 2024/01/21 20:48:39
Table 'NLHBlue36' 6-max Seat #5 is the button
Seat 1: Hero ($6.94 in chips)
Seat 2: 8b589994 ($2.17 in chips)
Seat 3: bda1db32 ($5.62 in chips)
Seat 4: 1e8ea2d3 ($5.33 in chips)
Seat 5: cae4b732 ($6.05 in chips)
Seat 6: 1c2fa4a7 ($1.88 in chips)
1c2fa4a7: posts small blind $0.02
Hero: posts big blind $0.05
*** HOLE CARDS ***
Dealt to Hero [3d 6h]
Dealt to 8b589994 
Dealt to bda1db32 
Dealt to 1e8ea2d3 
Dealt to cae4b732 
Dealt to 1c2fa4a7 
8b589994: folds
bda1db32: folds
1e8ea2d3: folds
cae4b732: raises $0.08 to $0.13
1c2fa4a7: folds
Hero: folds
Uncalled bet ($0.08) returned to cae4b732
*** SHOWDOWN ***
cae4b732 collected $0.12 from pot
*** SUMMARY ***
Total pot $0.12 | Rake $0 | Jackpot $0 | Bingo $0 | Fortune $0 | Tax $0
Seat 1: Hero (big blind) folded before Flop
Seat 2: 8b589994 folded before Flop (didn't bet)
Seat 3: bda1db32 folded before Flop (didn't bet)
Seat 4: 1e8ea2d3 folded before Flop (didn't bet)
Seat 5: cae4b732 (button) collected ($0.12)
Seat 6: 1c2fa4a7 (small blind) folded before Flop


Poker Hand #HD1599534930: Hold'em No Limit ($0.02/$0.05) - 2024/01/21 20:47:52
Table 'NLHBlue36' 6-max Seat #4 is the button
Seat 1: Hero ($6.94 in chips)
Seat 2: 8b589994 ($2.27 in chips)
Seat 3: bda1db32 ($5.62 in chips)
Seat 4: 1e8ea2d3 ($5.33 in chips)
Seat 5: cae4b732 ($6.07 in chips)
Seat 6: 1c2fa4a7 ($1.77 in chips)
cae4b732: posts small blind $0.02
1c2fa4a7: posts big blind $0.05
*** HOLE CARDS ***
Dealt to Hero [9c 6c]
Dealt to 8b589994 
Dealt to bda1db32 
Dealt to 1e8ea2d3 
Dealt to cae4b732 
Dealt to 1c2fa4a7 
Hero: folds
8b589994: raises $0.05 to $0.1
bda1db32: folds
1e8ea2d3: folds
cae4b732: folds
1c2fa4a7: raises $0.3 to $0.4
8b589994: folds
Uncalled bet ($0.3) returned to 1c2fa4a7
*** SHOWDOWN ***
1c2fa4a7 collected $0.21 from pot
*** SUMMARY ***
Total pot $0.22 | Rake $0.01 | Jackpot $0 | Bingo $0 | Fortune $0 | Tax $0
Seat 1: Hero folded before Flop (didn't bet)
Seat 2: 8b589994 folded before Flop
Seat 3: bda1db32 folded before Flop (didn't bet)
Seat 4: 1e8ea2d3 (button) folded before Flop (didn't bet)
Seat 5: cae4b732 (small blind) folded before Flop
Seat 6: 1c2fa4a7 (big blind) collected ($0.21)


Poker Hand #HD1599534766: Hold'em No Limit ($0.02/$0.05) - 2024/01/21 20:46:28
Table 'NLHBlue36' 6-max Seat #3 is the button
Seat 1: Hero ($6.94 in chips)
Seat 2: 8b589994 ($2.27 in chips)
Seat 3: bda1db32 ($5.03 in chips)
Seat 4: 1e8ea2d3 ($5.35 in chips)
Seat 5: cae4b732 ($6.12 in chips)
Seat 6: 1c2fa4a7 ($2.35 in chips)
1e8ea2d3: posts small blind $0.02
cae4b732: posts big blind $0.05
*** HOLE CARDS ***
Dealt to Hero [9c 4h]
Dealt to 8b589994 
Dealt to bda1db32 
Dealt to 1e8ea2d3 
Dealt to cae4b732 
Dealt to 1c2fa4a7 
1c2fa4a7: calls $0.05
Hero: folds
8b589994: folds
bda1db32: raises $0.13 to $0.18
1e8ea2d3: folds
cae4b732: folds
1c2fa4a7: calls $0.13
*** FLOP *** [As 4c Jh]
1c2fa4a7: bets $0.15
bda1db32: calls $0.15
*** TURN *** [As 4c Jh] [Ah]
1c2fa4a7: checks
bda1db32: checks
*** RIVER *** [As 4c Jh Ah] [3d]
1c2fa4a7: bets $0.25
bda1db32: raises $0.5 to $0.75
1c2fa4a7: folds
Uncalled bet ($0.5) returned to bda1db32
*** SHOWDOWN ***
bda1db32 collected $1.17 from pot
*** SUMMARY ***
Total pot $1.23 | Rake $0.06 | Jackpot $0 | Bingo $0 | Fortune $0 | Tax $0
Board [As 4c Jh Ah 3d]
Seat 1: Hero folded before Flop (didn't bet)
Seat 2: 8b589994 folded before Flop (didn't bet)
Seat 3: bda1db32 (button) won ($1.17)
Seat 4: 1e8ea2d3 (small blind) folded before Flop
Seat 5: cae4b732 (big blind) folded before Flop
Seat 6: 1c2fa4a7 folded on the River


Poker Hand #HD1599534635: Hold'em No Limit ($0.02/$0.05) - 2024/01/21 20:45:23
Table 'NLHBlue36' 6-max Seat #2 is the button
Seat 1: Hero ($7.06 in chips)
Seat 2: 8b589994 ($2 in chips)
Seat 3: bda1db32 ($5.15 in chips)
Seat 4: 1e8ea2d3 ($5.4 in chips)
Seat 5: cae4b732 ($6.12 in chips)
Seat 6: 1c2fa4a7 ($2.35 in chips)
bda1db32: posts small blind $0.02
1e8ea2d3: posts big blind $0.05
*** HOLE CARDS ***
Dealt to Hero [7h Ah]
Dealt to 8b589994 
Dealt to bda1db32 
Dealt to 1e8ea2d3 
Dealt to cae4b732 
Dealt to 1c2fa4a7 
cae4b732: folds
1c2fa4a7: folds
Hero: raises $0.07 to $0.12
8b589994: calls $0.12
bda1db32: calls $0.1
1e8ea2d3: folds
*** FLOP *** [2s Qh Ts]
bda1db32: checks
Hero: checks
8b589994: bets $0.21
bda1db32: folds
Hero: folds
Uncalled bet ($0.21) returned to 8b589994
*** SHOWDOWN ***
8b589994 collected $0.39 from pot
*** SUMMARY ***
Total pot $0.41 | Rake $0.02 | Jackpot $0 | Bingo $0 | Fortune $0 | Tax $0
Board [2s Qh Ts]
Seat 1: Hero folded on the Flop
Seat 2: 8b589994 (button) won ($0.39)
Seat 3: bda1db32 (small blind) folded on the Flop
Seat 4: 1e8ea2d3 (big blind) folded before Flop
Seat 5: cae4b732 folded before Flop (didn't bet)
Seat 6: 1c2fa4a7 folded before Flop (didn't bet)


Poker Hand #HD1599534561: Hold'em No Limit ($0.02/$0.05) - 2024/01/21 20:44:44
Table 'NLHBlue36' 6-max Seat #1 is the button
Seat 1: Hero ($7.26 in chips)
Seat 2: 8b589994 ($2 in chips)
Seat 3: bda1db32 ($5.2 in chips)
Seat 4: 1e8ea2d3 ($5.4 in chips)
Seat 5: cae4b732 ($6.12 in chips)
Seat 6: 1c2fa4a7 ($2.1 in chips)
8b589994: posts small blind $0.02
bda1db32: posts big blind $0.05
*** HOLE CARDS ***
Dealt to Hero [6h 6c]
Dealt to 8b589994 
Dealt to bda1db32 
Dealt to 1e8ea2d3 
Dealt to cae4b732 
Dealt to 1c2fa4a7 
1e8ea2d3: folds
cae4b732: folds
1c2fa4a7: raises $0.05 to $0.1
Hero: calls $0.1
8b589994: folds
bda1db32: folds
*** FLOP *** [Kc 9s 3h]
1c2fa4a7: bets $0.1
Hero: calls $0.1
*** TURN *** [Kc 9s 3h] [8c]
1c2fa4a7: bets $0.2
Hero: folds
Uncalled bet ($0.2) returned to 1c2fa4a7
*** SHOWDOWN ***
1c2fa4a7 collected $0.45 from pot
*** SUMMARY ***
Total pot $0.47 | Rake $0.02 | Jackpot $0 | Bingo $0 | Fortune $0 | Tax $0
Board [Kc 9s 3h 8c]
Seat 1: Hero (button) folded on the Turn
Seat 2: 8b589994 (small blind) folded before Flop
Seat 3: bda1db32 (big blind) folded before Flop
Seat 4: 1e8ea2d3 folded before Flop (didn't bet)
Seat 5: cae4b732 folded before Flop (didn't bet)
Seat 6: 1c2fa4a7 won ($0.45)


Poker Hand #HD1599534480: Hold'em No Limit ($0.02/$0.05) - 2024/01/21 20:44:04
Table 'NLHBlue36' 6-max Seat #6 is the button
Seat 1: Hero ($7.13 in chips)
Seat 2: 8b589994 ($2.07 in chips)
Seat 3: bda1db32 ($5.2 in chips)
Seat 4: 1e8ea2d3 ($5.4 in chips)
Seat 5: cae4b732 ($6.12 in chips)
Seat 6: 1c2fa4a7 ($2.1 in chips)
Hero: posts small blind $0.02
8b589994: posts big blind $0.05
*** HOLE CARDS ***
Dealt to Hero [Jh Tc]
Dealt to 8b589994 
Dealt to bda1db32 
Dealt to 1e8ea2d3 
Dealt to cae4b732 
Dealt to 1c2fa4a7 
bda1db32: folds
1e8ea2d3: folds
cae4b732: folds
1c2fa4a7: folds
Hero: raises $0.09 to $0.14
8b589994: calls $0.09
*** FLOP *** [Ah Jd Ad]
Hero: bets $0.16
8b589994: folds
Uncalled bet ($0.16) returned to Hero
*** SHOWDOWN ***
Hero collected $0.27 from pot
*** SUMMARY ***
Total pot $0.28 | Rake $0.01 | Jackpot $0 | Bingo $0 | Fortune $0 | Tax $0
Board [Ah Jd Ad]
Seat 1: Hero (small blind) won ($0.27)
Seat 2: 8b589994 (big blind) folded on the Flop
Seat 3: bda1db32 folded before Flop (didn't bet)
Seat 4: 1e8ea2d3 folded before Flop (didn't bet)
Seat 5: cae4b732 folded before Flop (didn't bet)
Seat 6: 1c2fa4a7 (button) folded before Flop (didn't bet)


Poker Hand #HD1599534434: Hold'em No Limit ($0.02/$0.05) - 2024/01/21 20:43:42
Table 'NLHBlue36' 6-max Seat #5 is the button
Seat 1: Hero ($7.18 in chips)
Seat 2: 8b589994 ($2 in chips)
Seat 3: bda1db32 ($5.2 in chips)
Seat 4: 1e8ea2d3 ($5.4 in chips)
Seat 5: cae4b732 ($6.12 in chips)
Seat 6: 1c2fa4a7 ($2.12 in chips)
1c2fa4a7: posts small blind $0.02
Hero: posts big blind $0.05
*** HOLE CARDS ***
Dealt to Hero [9h 5c]
Dealt to 8b589994 
Dealt to bda1db32 
Dealt to 1e8ea2d3 
Dealt to cae4b732 
Dealt to 1c2fa4a7 
8b589994: raises $0.08 to $0.13
bda1db32: folds
1e8ea2d3: folds
cae4b732: folds
1c2fa4a7: folds
Hero: folds
Uncalled bet ($0.08) returned to 8b589994
*** SHOWDOWN ***
8b589994 collected $0.12 from pot
*** SUMMARY ***
Total pot $0.12 | Rake $0 | Jackpot $0 | Bingo $0 | Fortune $0 | Tax $0
Seat 1: Hero (big blind) folded before Flop
Seat 2: 8b589994 collected ($0.12)
Seat 3: bda1db32 folded before Flop (didn't bet)
Seat 4: 1e8ea2d3 folded before Flop (didn't bet)
Seat 5: cae4b732 (button) folded before Flop (didn't bet)
Seat 6: 1c2fa4a7 (small blind) folded before Flop


Poker Hand #HD1599534294: Hold'em No Limit ($0.02/$0.05) - 2024/01/21 20:42:35
Table 'NLHBlue36' 6-max Seat #4 is the button
Seat 1: Hero ($5 in chips)
Seat 2: 8b589994 ($2.4 in chips)
Seat 3: bda1db32 ($5.2 in chips)
Seat 4: 1e8ea2d3 ($5.4 in chips)
Seat 5: cae4b732 ($6.14 in chips)
Seat 6: 1c2fa4a7 ($2.17 in chips)
cae4b732: posts small blind $0.02
1c2fa4a7: posts big blind $0.05
*** HOLE CARDS ***
Dealt to Hero [Ac Ts]
Dealt to 8b589994 
Dealt to bda1db32 
Dealt to 1e8ea2d3 
Dealt to cae4b732 
Dealt to 1c2fa4a7 
Hero: raises $0.07 to $0.12
8b589994: calls $0.12
bda1db32: folds
1e8ea2d3: folds
cae4b732: folds
1c2fa4a7: folds
*** FLOP *** [4h Td Qs]
Hero: bets $0.18
8b589994: raises $0.18 to $0.36
Hero: calls $0.18
*** TURN *** [4h Td Qs] [Ad]
Hero: checks
8b589994: bets $1.92 and is all-in
Hero: calls $1.92
8b589994: shows [Qh Th] (Pair of Queens and Pair of Tens)
Hero: shows [Ac Ts] (Pair of Aces and Pair of Tens)
*** RIVER *** [4h Td Qs Ad] [Ks]
*** SHOWDOWN ***
Hero collected $4.58 from pot
*** SUMMARY ***
Total pot $4.87 | Rake $0.24 | Jackpot $0.05 | Bingo $0 | Fortune $0 | Tax $0
Board [4h Td Qs Ad Ks]
Seat 1: Hero showed [Ac Ts] and won ($4.58) with Pair of Aces and Pair of Tens
Seat 2: 8b589994 showed [Qh Th] and lost with Pair of Queens and Pair of Tens
Seat 3: bda1db32 folded before Flop (didn't bet)
Seat 4: 1e8ea2d3 (button) folded before Flop (didn't bet)
Seat 5: cae4b732 (small blind) folded before Flop
Seat 6: 1c2fa4a7 (big blind) folded before Flop


Poker Hand #HD1599534202: Hold'em No Limit ($0.02/$0.05) - 2024/01/21 20:41:50
Table 'NLHBlue36' 6-max Seat #3 is the button
Seat 1: Hero ($5 in chips)
Seat 2: 8b589994 ($2.4 in chips)
Seat 3: bda1db32 ($5.06 in chips)
Seat 4: 1e8ea2d3 ($5.42 in chips)
Seat 5: cae4b732 ($6.27 in chips)
Seat 6: 1c2fa4a7 ($2.17 in chips)
1e8ea2d3: posts small blind $0.02
cae4b732: posts big blind $0.05
*** HOLE CARDS ***
Dealt to Hero [6h 5d]
Dealt to 8b589994 
Dealt to bda1db32 
Dealt to 1e8ea2d3 
Dealt to cae4b732 
Dealt to 1c2fa4a7 
1c2fa4a7: folds
Hero: folds
8b589994: folds
bda1db32: raises $0.08 to $0.13
1e8ea2d3: folds
cae4b732: calls $0.08
*** FLOP *** [3h 4s Ah]
cae4b732: checks
bda1db32: bets $0.14
cae4b732: folds
Uncalled bet ($0.14) returned to bda1db32
*** SHOWDOWN ***
bda1db32 collected $0.27 from pot
*** SUMMARY ***
Total pot $0.28 | Rake $0.01 | Jackpot $0 | Bingo $0 | Fortune $0 | Tax $0
Board [3h 4s Ah]
Seat 1: Hero folded before Flop (didn't bet)
Seat 2: 8b589994 folded before Flop (didn't bet)
Seat 3: bda1db32 (button) won ($0.27)
Seat 4: 1e8ea2d3 (small blind) folded before Flop
Seat 5: cae4b732 (big blind) folded on the Flop
Seat 6: 1c2fa4a7 folded before Flop (didn't bet)


Poker Hand #HD1599534062: Hold'em No Limit ($0.02/$0.05) - 2024/01/21 20:40:42
Table 'NLHBlue36' 6-max Seat #2 is the button
Seat 1: Hero ($5 in chips)
Seat 2: 8b589994 ($2.26 in chips)
Seat 3: bda1db32 ($5.08 in chips)
Seat 4: 1e8ea2d3 ($5.55 in chips)
Seat 5: cae4b732 ($6.27 in chips)
Seat 6: 1c2fa4a7 ($2.17 in chips)
bda1db32: posts small blind $0.02
1e8ea2d3: posts big blind $0.05
*** HOLE CARDS ***
Dealt to Hero [2c 5s]
Dealt to 8b589994 
Dealt to bda1db32 
Dealt to 1e8ea2d3 
Dealt to cae4b732 
Dealt to 1c2fa4a7 
cae4b732: folds
1c2fa4a7: folds
Hero: folds
8b589994: raises $0.08 to $0.13
bda1db32: folds
1e8ea2d3: calls $0.08
*** FLOP *** [6d 8d 2h]
1e8ea2d3: checks
8b589994: bets $0.14
1e8ea2d3: folds
Uncalled bet ($0.14) returned to 8b589994
*** SHOWDOWN ***
8b589994 collected $0.27 from pot
*** SUMMARY ***
Total pot $0.28 | Rake $0.01 | Jackpot $0 | Bingo $0 | Fortune $0 | Tax $0
Board [6d 8d 2h]
Seat 1: Hero folded before Flop (didn't bet)
Seat 2: 8b589994 (button) won ($0.27)
Seat 3: bda1db32 (small blind) folded before Flop
Seat 4: 1e8ea2d3 (big blind) folded on the Flop
Seat 5: cae4b732 folded before Flop (didn't bet)
Seat 6: 1c2fa4a7 folded before Flop (didn't bet)


Poker Hand #HD1599534033: Hold'em No Limit ($0.02/$0.05) - 2024/01/21 20:40:25
Table 'NLHBlue36' 6-max Seat #1 is the button
Seat 1: Hero ($5 in chips)
Seat 2: 8b589994 ($2.28 in chips)
Seat 3: bda1db32 ($5.06 in chips)
Seat 4: 1e8ea2d3 ($5.55 in chips)
Seat 5: cae4b732 ($6.27 in chips)
Seat 6: 1c2fa4a7 ($2.17 in chips)
8b589994: posts small blind $0.02
bda1db32: posts big blind $0.05
*** HOLE CARDS ***
Dealt to Hero [9h 2d]
Dealt to 8b589994 
Dealt to bda1db32 
Dealt to 1e8ea2d3 
Dealt to cae4b732 
Dealt to 1c2fa4a7 
1e8ea2d3: folds
cae4b732: folds
1c2fa4a7: folds
Hero: folds
8b589994: folds
Uncalled bet ($0.03) returned to bda1db32
*** SHOWDOWN ***
bda1db32 collected $0.04 from pot
*** SUMMARY ***
Total pot $0.04 | Rake $0 | Jackpot $0 | Bingo $0 | Fortune $0 | Tax $0
Seat 1: Hero (button) folded before Flop (didn't bet)
Seat 2: 8b589994 (small blind) folded before Flop
Seat 3: bda1db32 (big blind) collected ($0.04)
Seat 4: 1e8ea2d3 folded before Flop (didn't bet)
Seat 5: cae4b732 folded before Flop (didn't bet)
Seat 6: 1c2fa4a7 folded before Flop (didn't bet)


Poker Hand #HD1599533995: Hold'em No Limit ($0.02/$0.05) - 2024/01/21 20:40:03
Table 'NLHBlue36' 6-max Seat #6 is the button
Seat 1: Hero ($5 in chips)
Seat 2: 8b589994 ($2.26 in chips)
Seat 4: 1e8ea2d3 ($5.55 in chips)
Seat 5: cae4b732 ($6.27 in chips)
Seat 6: 1c2fa4a7 ($2.17 in chips)
Hero: posts small blind $0.02
8b589994: posts big blind $0.05
*** HOLE CARDS ***
Dealt to Hero [5s 4d]
Dealt to 8b589994 
Dealt to 1e8ea2d3 
Dealt to cae4b732 
Dealt to 1c2fa4a7 
1e8ea2d3: folds
cae4b732: folds
1c2fa4a7: folds
Hero: folds
Uncalled bet ($0.03) returned to 8b589994
*** SHOWDOWN ***
8b589994 collected $0.04 from pot
*** SUMMARY ***
Total pot $0.04 | Rake $0 | Jackpot $0 | Bingo $0 | Fortune $0 | Tax $0
Seat 1: Hero (small blind) folded before Flop
Seat 2: 8b589994 (big blind) collected ($0.04)
Seat 4: 1e8ea2d3 folded before Flop (didn't bet)
Seat 5: cae4b732 folded before Flop (didn't bet)
Seat 6: 1c2fa4a7 (button) folded before Flop (didn't bet)


Poker Hand #HD1599533923: Hold'em No Limit ($0.02/$0.05) - 2024/01/21 20:39:29
Table 'NLHBlue36' 6-max Seat #5 is the button
Seat 1: Hero ($5 in chips)
Seat 2: 8b589994 ($2.26 in chips)
Seat 4: 1e8ea2d3 ($5.41 in chips)
Seat 5: cae4b732 ($6.27 in chips)
Seat 6: 1c2fa4a7 ($2.19 in chips)
1c2fa4a7: posts small blind $0.02
Hero: posts big blind $0.05
*** HOLE CARDS ***
Dealt to Hero [Js Ad]
Dealt to 8b589994 
Dealt to 1e8ea2d3 
Dealt to cae4b732 
Dealt to 1c2fa4a7 
8b589994: folds
1e8ea2d3: raises $0.08 to $0.13
cae4b732: folds
1c2fa4a7: folds
Hero: calls $0.08
*** FLOP *** [7c Qc 5h]
Hero: checks
1e8ea2d3: bets $0.15
Hero: folds
Uncalled bet ($0.15) returned to 1e8ea2d3
*** SHOWDOWN ***
1e8ea2d3 collected $0.27 from pot
*** SUMMARY ***
Total pot $0.28 | Rake $0.01 | Jackpot $0 | Bingo $0 | Fortune $0 | Tax $0
Board [7c Qc 5h]
Seat 1: Hero (big blind) folded on the Flop
Seat 2: 8b589994 folded before Flop (didn't bet)
Seat 4: 1e8ea2d3 won ($0.27)
Seat 5: cae4b732 (button) folded before Flop (didn't bet)
Seat 6: 1c2fa4a7 (small blind) folded before Flop


