Poker Hand #HD1199237464: Hold'em No Limit  ($0.02/$0.05) - 2023/04/11 20:58:29
Table 'NLHBlue7' 6-max Seat #5 is the button
Seat 3: 244802dd ($1.55 in chips)
Seat 5: a5ad11eb ($5.45 in chips)
Seat 6: Hero ($5.13 in chips)
Hero: posts small blind $0.02
244802dd: posts big blind $0.05
*** HOLE CARDS ***
Dealt to 244802dd 
Dealt to a5ad11eb 
Dealt to Hero [5h 6h]
a5ad11eb: raises $0.08 to $0.13
Hero: folds
244802dd: calls $0.08
*** FLOP *** [Qs 3s 4c]
244802dd: checks
a5ad11eb: bets $0.1
244802dd: calls $0.1
*** TURN *** [Qs 3s 4c] [Tc]
244802dd: checks
a5ad11eb: bets $0.36
244802dd: calls $0.36
*** RIVER *** [Qs 3s 4c Tc] [8d]
244802dd: checks
a5ad11eb: checks
244802dd: shows [Kd 9d] (King-High)
a5ad11eb: shows [Qh 4h] (Pair of Queens and Pair of Fours)
*** SHOWDOWN ***
a5ad11eb collected $1.14 from pot
*** SUMMARY ***
Total pot $1.2 | Rake $0.06 | Jackpot $0 | Bingo $0 | Fortune $0
Board [Qs 3s 4c Tc 8d]
Seat 3: 244802dd (big blind) showed [Kd 9d] and lost with King-High
Seat 5: a5ad11eb (button) showed [Qh 4h] and won ($1.14) with Pair of Queens and Pair of Fours
Seat 6: Hero (small blind) folded before Flop


Poker Hand #HD1199237420: Hold'em No Limit  ($0.02/$0.05) - 2023/04/11 20:58:07
Table 'NLHBlue7' 6-max Seat #6 is the button
Seat 5: a5ad11eb ($5.59 in chips)
Seat 6: Hero ($5 in chips)
Hero: posts small blind $0.02
a5ad11eb: posts big blind $0.05
*** HOLE CARDS ***
Dealt to a5ad11eb 
Dealt to Hero [Ks 9d]
Hero: raises $0.09 to $0.14
a5ad11eb: calls $0.09
*** FLOP *** [Td 8h Qc]
a5ad11eb: checks
Hero: bets $0.21
a5ad11eb: folds
Uncalled bet ($0.21) returned to Hero
*** SHOWDOWN ***
Hero collected $0.27 from pot
*** SUMMARY ***
Total pot $0.28 | Rake $0.01 | Jackpot $0 | Bingo $0 | Fortune $0
Board [Td 8h Qc]
Seat 5: a5ad11eb (big blind) folded on the Flop
Seat 6: Hero (small blind) won ($0.27)


Poker Hand #HD1199237359: Hold'em No Limit  ($0.02/$0.05) - 2023/04/11 20:57:35
Table 'NLHBlue7' 6-max Seat #5 is the button
Seat 1: f84c497d ($9.43 in chips)
Seat 2: f464f110 ($15.38 in chips)
Seat 5: a5ad11eb ($5.45 in chips)
Seat 6: Hero ($5 in chips)
Hero: posts small blind $0.02
f84c497d: posts big blind $0.05
*** HOLE CARDS ***
Dealt to f84c497d 
Dealt to f464f110 
Dealt to a5ad11eb 
Dealt to Hero [3s 6d]
f464f110: folds
a5ad11eb: raises $0.08 to $0.13
Hero: folds
f84c497d: calls $0.08
*** FLOP *** [4d Ah 7c]
f84c497d: checks
a5ad11eb: bets $0.1
f84c497d: folds
Uncalled bet ($0.1) returned to a5ad11eb
*** SHOWDOWN ***
a5ad11eb collected $0.27 from pot
*** SUMMARY ***
Total pot $0.28 | Rake $0.01 | Jackpot $0 | Bingo $0 | Fortune $0
Board [4d Ah 7c]
Seat 1: f84c497d (big blind) folded on the Flop
Seat 2: f464f110 folded before Flop (didn't bet)
Seat 5: a5ad11eb (button) won ($0.27)
Seat 6: Hero (small blind) folded before Flop


Poker Hand #HD1199237338: Hold'em No Limit  ($0.02/$0.05) - 2023/04/11 20:57:22
Table 'NLHBlue7' 6-max Seat #2 is the button
Seat 1: f84c497d ($9.43 in chips)
Seat 2: f464f110 ($15.31 in chips)
Seat 5: a5ad11eb ($5.47 in chips)
Seat 6: Hero ($5 in chips)
a5ad11eb: posts small blind $0.02
Hero: posts big blind $0.05
*** HOLE CARDS ***
Dealt to f84c497d 
Dealt to f464f110 
Dealt to a5ad11eb 
Dealt to Hero [7d 5h]
f84c497d: folds
f464f110: raises $0.05 to $0.1
a5ad11eb: folds
Hero: folds
Uncalled bet ($0.05) returned to f464f110
*** SHOWDOWN ***
f464f110 collected $0.12 from pot
*** SUMMARY ***
Total pot $0.12 | Rake $0 | Jackpot $0 | Bingo $0 | Fortune $0
Seat 1: f84c497d folded before Flop (didn't bet)
Seat 2: f464f110 (button) collected ($0.12)
Seat 5: a5ad11eb (small blind) folded before Flop
Seat 6: Hero (big blind) folded before Flop


Poker Hand #HD1199237318: Hold'em No Limit  ($0.02/$0.05) - 2023/04/11 20:57:11
Table 'NLHBlue7' 6-max Seat #1 is the button
Seat 1: f84c497d ($9.43 in chips)
Seat 2: f464f110 ($15.33 in chips)
Seat 5: a5ad11eb ($5.45 in chips)
Seat 6: Hero ($5 in chips)
f464f110: posts small blind $0.02
a5ad11eb: posts big blind $0.05
*** HOLE CARDS ***
Dealt to f84c497d 
Dealt to f464f110 
Dealt to a5ad11eb 
Dealt to Hero [Ks 2s]
Hero: folds
f84c497d: folds
f464f110: folds
Uncalled bet ($0.03) returned to a5ad11eb
*** SHOWDOWN ***
a5ad11eb collected $0.04 from pot
*** SUMMARY ***
Total pot $0.04 | Rake $0 | Jackpot $0 | Bingo $0 | Fortune $0
Seat 1: f84c497d (button) folded before Flop (didn't bet)
Seat 2: f464f110 (small blind) folded before Flop
Seat 5: a5ad11eb (big blind) collected ($0.04)
Seat 6: Hero folded before Flop (didn't bet)


Poker Hand #HD1199237281: Hold'em No Limit  ($0.02/$0.05) - 2023/04/11 20:56:54
Table 'NLHBlue7' 6-max Seat #6 is the button
Seat 1: f84c497d ($9.38 in chips)
Seat 2: f464f110 ($15.38 in chips)
Seat 4: 85d554e1 ($7.86 in chips)
Seat 5: a5ad11eb ($5.45 in chips)
Seat 6: Hero ($5 in chips)
f84c497d: posts small blind $0.02
f464f110: posts big blind $0.05
*** HOLE CARDS ***
Dealt to f84c497d 
Dealt to f464f110 
Dealt to 85d554e1 
Dealt to a5ad11eb 
Dealt to Hero [5d Kc]
85d554e1: folds
a5ad11eb: folds
Hero: folds
f84c497d: raises $0.05 to $0.1
f464f110: folds
Uncalled bet ($0.05) returned to f84c497d
*** SHOWDOWN ***
f84c497d collected $0.1 from pot
*** SUMMARY ***
Total pot $0.1 | Rake $0 | Jackpot $0 | Bingo $0 | Fortune $0
Seat 1: f84c497d (small blind) collected ($0.1)
Seat 2: f464f110 (big blind) folded before Flop
Seat 4: 85d554e1 folded before Flop (didn't bet)
Seat 5: a5ad11eb folded before Flop (didn't bet)
Seat 6: Hero (button) folded before Flop (didn't bet)


Poker Hand #HD1199237121: Hold'em No Limit  ($0.02/$0.05) - 2023/04/11 20:55:24
Table 'NLHBlue7' 6-max Seat #5 is the button
Seat 1: f84c497d ($9.43 in chips)
Seat 2: f464f110 ($9.06 in chips)
Seat 4: 85d554e1 ($7.86 in chips)
Seat 5: a5ad11eb ($5.45 in chips)
Seat 6: Hero ($6.82 in chips)
Hero: posts small blind $0.02
f84c497d: posts big blind $0.05
*** HOLE CARDS ***
Dealt to f84c497d 
Dealt to f464f110 
Dealt to 85d554e1 
Dealt to a5ad11eb 
Dealt to Hero [Qc Jc]
f464f110: raises $0.08 to $0.13
85d554e1: folds
a5ad11eb: folds
Hero: raises $0.47 to $0.6
f84c497d: folds
f464f110: calls $0.47
*** FLOP *** [3s Js 8c]
Hero: bets $0.45
f464f110: raises $1.62 to $2.07
Hero: raises $4.15 to $6.22 and is all-in
f464f110: calls $4.15
Hero: shows [Qc Jc] (Pair of Jacks)
f464f110: shows [8h 8s] (Three Eights)
*** TURN *** [3s Js 8c] [As]
*** RIVER *** [3s Js 8c As] [9d]
*** SHOWDOWN ***
f464f110 collected $13.14 from pot
*** SUMMARY ***
Total pot $13.69 | Rake $0.5 | Jackpot $0.05 | Bingo $0 | Fortune $0
Board [3s Js 8c As 9d]
Seat 1: f84c497d (big blind) folded before Flop
Seat 2: f464f110 showed [8h 8s] and won ($13.14) with Three Eights
Seat 4: 85d554e1 folded before Flop (didn't bet)
Seat 5: a5ad11eb (button) folded before Flop (didn't bet)
Seat 6: Hero (small blind) showed [Qc Jc] and lost with Pair of Jacks


Poker Hand #HD1199237069: Hold'em No Limit  ($0.02/$0.05) - 2023/04/11 20:55:00
Table 'NLHBlue7' 6-max Seat #4 is the button
Seat 1: f84c497d ($9.43 in chips)
Seat 2: f464f110 ($9.06 in chips)
Seat 4: 85d554e1 ($7.86 in chips)
Seat 5: a5ad11eb ($5.47 in chips)
Seat 6: Hero ($6.8 in chips)
a5ad11eb: posts small blind $0.02
Hero: posts big blind $0.05
*** HOLE CARDS ***
Dealt to f84c497d 
Dealt to f464f110 
Dealt to 85d554e1 
Dealt to a5ad11eb 
Dealt to Hero [3d Kd]
f84c497d: folds
f464f110: folds
85d554e1: folds
a5ad11eb: folds
Uncalled bet ($0.03) returned to Hero
*** SHOWDOWN ***
Hero collected $0.04 from pot
*** SUMMARY ***
Total pot $0.04 | Rake $0 | Jackpot $0 | Bingo $0 | Fortune $0
Seat 1: f84c497d folded before Flop (didn't bet)
Seat 2: f464f110 folded before Flop (didn't bet)
Seat 4: 85d554e1 (button) folded before Flop (didn't bet)
Seat 5: a5ad11eb (small blind) folded before Flop
Seat 6: Hero (big blind) collected ($0.04)


Poker Hand #HD1199237035: Hold'em No Limit  ($0.02/$0.05) - 2023/04/11 20:54:44
Table 'NLHBlue7' 6-max Seat #2 is the button
Seat 1: f84c497d ($9.43 in chips)
Seat 2: f464f110 ($9.06 in chips)
Seat 4: 85d554e1 ($7.88 in chips)
Seat 5: a5ad11eb ($5.45 in chips)
Seat 6: Hero ($6.8 in chips)
85d554e1: posts small blind $0.02
a5ad11eb: posts big blind $0.05
*** HOLE CARDS ***
Dealt to f84c497d 
Dealt to f464f110 
Dealt to 85d554e1 
Dealt to a5ad11eb 
Dealt to Hero [Ah 4s]
Hero: folds
f84c497d: folds
f464f110: folds
85d554e1: folds
Uncalled bet ($0.03) returned to a5ad11eb
*** SHOWDOWN ***
a5ad11eb collected $0.04 from pot
*** SUMMARY ***
Total pot $0.04 | Rake $0 | Jackpot $0 | Bingo $0 | Fortune $0
Seat 1: f84c497d folded before Flop (didn't bet)
Seat 2: f464f110 (button) folded before Flop (didn't bet)
Seat 4: 85d554e1 (small blind) folded before Flop
Seat 5: a5ad11eb (big blind) collected ($0.04)
Seat 6: Hero folded before Flop (didn't bet)


Poker Hand #HD1199237004: Hold'em No Limit  ($0.02/$0.05) - 2023/04/11 20:54:28
Table 'NLHBlue7' 6-max Seat #1 is the button
Seat 1: f84c497d ($9.43 in chips)
Seat 2: f464f110 ($9.08 in chips)
Seat 4: 85d554e1 ($7.86 in chips)
Seat 6: Hero ($6.8 in chips)
f464f110: posts small blind $0.02
85d554e1: posts big blind $0.05
*** HOLE CARDS ***
Dealt to f84c497d 
Dealt to f464f110 
Dealt to 85d554e1 
Dealt to Hero [Qs 2h]
Hero: folds
f84c497d: folds
f464f110: folds
Uncalled bet ($0.03) returned to 85d554e1
*** SHOWDOWN ***
85d554e1 collected $0.04 from pot
*** SUMMARY ***
Total pot $0.04 | Rake $0 | Jackpot $0 | Bingo $0 | Fortune $0
Seat 1: f84c497d (button) folded before Flop (didn't bet)
Seat 2: f464f110 (small blind) folded before Flop
Seat 4: 85d554e1 (big blind) collected ($0.04)
Seat 6: Hero folded before Flop (didn't bet)


Poker Hand #HD1199236973: Hold'em No Limit  ($0.02/$0.05) - 2023/04/11 20:54:13
Table 'NLHBlue7' 6-max Seat #6 is the button
Seat 1: f84c497d ($9.45 in chips)
Seat 2: f464f110 ($9.13 in chips)
Seat 4: 85d554e1 ($7.79 in chips)
Seat 6: Hero ($6.8 in chips)
f84c497d: posts small blind $0.02
f464f110: posts big blind $0.05
*** HOLE CARDS ***
Dealt to f84c497d 
Dealt to f464f110 
Dealt to 85d554e1 
Dealt to Hero [5s 4c]
85d554e1: raises $0.08 to $0.13
Hero: folds
f84c497d: folds
f464f110: folds
Uncalled bet ($0.08) returned to 85d554e1
*** SHOWDOWN ***
85d554e1 collected $0.12 from pot
*** SUMMARY ***
Total pot $0.12 | Rake $0 | Jackpot $0 | Bingo $0 | Fortune $0
Seat 1: f84c497d (small blind) folded before Flop
Seat 2: f464f110 (big blind) folded before Flop
Seat 4: 85d554e1 collected ($0.12)
Seat 6: Hero (button) folded before Flop (didn't bet)


Poker Hand #HD1199236948: Hold'em No Limit  ($0.02/$0.05) - 2023/04/11 20:54:03
Table 'NLHBlue7' 6-max Seat #4 is the button
Seat 1: f84c497d ($9.43 in chips)
Seat 2: f464f110 ($9.13 in chips)
Seat 4: 85d554e1 ($7.79 in chips)
Seat 6: Hero ($6.82 in chips)
Hero: posts small blind $0.02
f84c497d: posts big blind $0.05
*** HOLE CARDS ***
Dealt to f84c497d 
Dealt to f464f110 
Dealt to 85d554e1 
Dealt to Hero [8s Qd]
f464f110: folds
85d554e1: folds
Hero: folds
Uncalled bet ($0.03) returned to f84c497d
*** SHOWDOWN ***
f84c497d collected $0.04 from pot
*** SUMMARY ***
Total pot $0.04 | Rake $0 | Jackpot $0 | Bingo $0 | Fortune $0
Seat 1: f84c497d (big blind) collected ($0.04)
Seat 2: f464f110 folded before Flop (didn't bet)
Seat 4: 85d554e1 (button) folded before Flop (didn't bet)
Seat 6: Hero (small blind) folded before Flop


Poker Hand #HD1199236852: Hold'em No Limit  ($0.02/$0.05) - 2023/04/11 20:53:10
Table 'NLHBlue7' 6-max Seat #2 is the button
Seat 1: f84c497d ($9.43 in chips)
Seat 2: f464f110 ($9.13 in chips)
Seat 4: 85d554e1 ($7.65 in chips)
Seat 5: a5ad11eb ($5.6 in chips)
Seat 6: Hero ($6.82 in chips)
85d554e1: posts small blind $0.02
a5ad11eb: posts big blind $0.05
*** HOLE CARDS ***
Dealt to f84c497d 
Dealt to f464f110 
Dealt to 85d554e1 
Dealt to a5ad11eb 
Dealt to Hero [6h 5c]
Hero: folds
f84c497d: folds
f464f110: folds
85d554e1: raises $0.1 to $0.15
a5ad11eb: calls $0.1
*** FLOP *** [Qh Kh 3h]
85d554e1: checks
a5ad11eb: checks
*** TURN *** [Qh Kh 3h] [9c]
85d554e1: bets $0.2
a5ad11eb: folds
Uncalled bet ($0.2) returned to 85d554e1
*** SHOWDOWN ***
85d554e1 collected $0.29 from pot
*** SUMMARY ***
Total pot $0.3 | Rake $0.01 | Jackpot $0 | Bingo $0 | Fortune $0
Board [Qh Kh 3h 9c]
Seat 1: f84c497d folded before Flop (didn't bet)
Seat 2: f464f110 (button) folded before Flop (didn't bet)
Seat 4: 85d554e1 (small blind) won ($0.29)
Seat 5: a5ad11eb (big blind) folded on the Turn
Seat 6: Hero folded before Flop (didn't bet)


Poker Hand #HD1199236825: Hold'em No Limit  ($0.02/$0.05) - 2023/04/11 20:52:57
Table 'NLHBlue7' 6-max Seat #1 is the button
Seat 1: f84c497d ($9.43 in chips)
Seat 2: f464f110 ($9.15 in chips)
Seat 4: 85d554e1 ($7.63 in chips)
Seat 5: a5ad11eb ($5.6 in chips)
Seat 6: Hero ($6.82 in chips)
f464f110: posts small blind $0.02
85d554e1: posts big blind $0.05
*** HOLE CARDS ***
Dealt to f84c497d 
Dealt to f464f110 
Dealt to 85d554e1 
Dealt to a5ad11eb 
Dealt to Hero [Kd 2d]
a5ad11eb: folds
Hero: folds
f84c497d: folds
f464f110: folds
Uncalled bet ($0.03) returned to 85d554e1
*** SHOWDOWN ***
85d554e1 collected $0.04 from pot
*** SUMMARY ***
Total pot $0.04 | Rake $0 | Jackpot $0 | Bingo $0 | Fortune $0
Seat 1: f84c497d (button) folded before Flop (didn't bet)
Seat 2: f464f110 (small blind) folded before Flop
Seat 4: 85d554e1 (big blind) collected ($0.04)
Seat 5: a5ad11eb folded before Flop (didn't bet)
Seat 6: Hero folded before Flop (didn't bet)


Poker Hand #HD1199236791: Hold'em No Limit  ($0.02/$0.05) - 2023/04/11 20:52:41
Table 'NLHBlue7' 6-max Seat #6 is the button
Seat 1: f84c497d ($9.45 in chips)
Seat 2: f464f110 ($9.2 in chips)
Seat 4: 85d554e1 ($7.63 in chips)
Seat 5: a5ad11eb ($5.6 in chips)
Seat 6: Hero ($6.75 in chips)
f84c497d: posts small blind $0.02
f464f110: posts big blind $0.05
*** HOLE CARDS ***
Dealt to f84c497d 
Dealt to f464f110 
Dealt to 85d554e1 
Dealt to a5ad11eb 
Dealt to Hero [Qd Ah]
85d554e1: folds
a5ad11eb: folds
Hero: raises $0.07 to $0.12
f84c497d: folds
f464f110: folds
Uncalled bet ($0.07) returned to Hero
*** SHOWDOWN ***
Hero collected $0.12 from pot
*** SUMMARY ***
Total pot $0.12 | Rake $0 | Jackpot $0 | Bingo $0 | Fortune $0
Seat 1: f84c497d (small blind) folded before Flop
Seat 2: f464f110 (big blind) folded before Flop
Seat 4: 85d554e1 folded before Flop (didn't bet)
Seat 5: a5ad11eb folded before Flop (didn't bet)
Seat 6: Hero (button) collected ($0.12)


Poker Hand #HD1199236696: Hold'em No Limit  ($0.02/$0.05) - 2023/04/11 20:51:55
Table 'NLHBlue7' 6-max Seat #5 is the button
Seat 1: f84c497d ($10.65 in chips)
Seat 2: f464f110 ($9.2 in chips)
Seat 4: 85d554e1 ($7.63 in chips)
Seat 5: a5ad11eb ($5.6 in chips)
Seat 6: Hero ($5.71 in chips)
Hero: posts small blind $0.02
f84c497d: posts big blind $0.05
*** HOLE CARDS ***
Dealt to f84c497d 
Dealt to f464f110 
Dealt to 85d554e1 
Dealt to a5ad11eb 
Dealt to Hero [Qh Qc]
f464f110: folds
85d554e1: folds
a5ad11eb: folds
Hero: raises $0.09 to $0.14
f84c497d: calls $0.09
*** FLOP *** [6h 9s 8s]
Hero: bets $0.14
f84c497d: calls $0.14
*** TURN *** [6h 9s 8s] [2s]
Hero: bets $0.32
f84c497d: calls $0.32
*** RIVER *** [6h 9s 8s 2s] [2c]
Hero: bets $0.6
f84c497d: calls $0.6
Hero: shows [Qh Qc] (Pair of Queens and Pair of Twos)
f84c497d: shows [7s 8c] (Pair of Eights and Pair of Twos)
*** SHOWDOWN ***
Hero collected $2.24 from pot
*** SUMMARY ***
Total pot $2.4 | Rake $0.11 | Jackpot $0.05 | Bingo $0 | Fortune $0
Board [6h 9s 8s 2s 2c]
Seat 1: f84c497d (big blind) showed [7s 8c] and lost with Pair of Eights and Pair of Twos
Seat 2: f464f110 folded before Flop (didn't bet)
Seat 4: 85d554e1 folded before Flop (didn't bet)
Seat 5: a5ad11eb (button) folded before Flop (didn't bet)
Seat 6: Hero (small blind) showed [Qh Qc] and won ($2.24) with Pair of Queens and Pair of Twos


Poker Hand #HD1199236665: Hold'em No Limit  ($0.02/$0.05) - 2023/04/11 20:51:37
Table 'NLHBlue7' 6-max Seat #4 is the button
Seat 1: f84c497d ($10.58 in chips)
Seat 2: f464f110 ($9.2 in chips)
Seat 4: 85d554e1 ($7.63 in chips)
Seat 5: a5ad11eb ($5.62 in chips)
Seat 6: Hero ($5.76 in chips)
a5ad11eb: posts small blind $0.02
Hero: posts big blind $0.05
*** HOLE CARDS ***
Dealt to f84c497d 
Dealt to f464f110 
Dealt to 85d554e1 
Dealt to a5ad11eb 
Dealt to Hero [4c Jc]
f84c497d: raises $0.05 to $0.1
f464f110: folds
85d554e1: folds
a5ad11eb: folds
Hero: folds
Uncalled bet ($0.05) returned to f84c497d
*** SHOWDOWN ***
f84c497d collected $0.12 from pot
*** SUMMARY ***
Total pot $0.12 | Rake $0 | Jackpot $0 | Bingo $0 | Fortune $0
Seat 1: f84c497d collected ($0.12)
Seat 2: f464f110 folded before Flop (didn't bet)
Seat 4: 85d554e1 (button) folded before Flop (didn't bet)
Seat 5: a5ad11eb (small blind) folded before Flop
Seat 6: Hero (big blind) folded before Flop


Poker Hand #HD1199236639: Hold'em No Limit  ($0.02/$0.05) - 2023/04/11 20:51:25
Table 'NLHBlue7' 6-max Seat #2 is the button
Seat 1: f84c497d ($10.58 in chips)
Seat 2: f464f110 ($9.2 in chips)
Seat 4: 85d554e1 ($7.65 in chips)
Seat 5: a5ad11eb ($5.6 in chips)
Seat 6: Hero ($5.76 in chips)
85d554e1: posts small blind $0.02
a5ad11eb: posts big blind $0.05
*** HOLE CARDS ***
Dealt to f84c497d 
Dealt to f464f110 
Dealt to 85d554e1 
Dealt to a5ad11eb 
Dealt to Hero [4h Qc]
Hero: folds
f84c497d: folds
f464f110: folds
85d554e1: folds
Uncalled bet ($0.03) returned to a5ad11eb
*** SHOWDOWN ***
a5ad11eb collected $0.04 from pot
*** SUMMARY ***
Total pot $0.04 | Rake $0 | Jackpot $0 | Bingo $0 | Fortune $0
Seat 1: f84c497d folded before Flop (didn't bet)
Seat 2: f464f110 (button) folded before Flop (didn't bet)
Seat 4: 85d554e1 (small blind) folded before Flop
Seat 5: a5ad11eb (big blind) collected ($0.04)
Seat 6: Hero folded before Flop (didn't bet)


Poker Hand #HD1199236624: Hold'em No Limit  ($0.02/$0.05) - 2023/04/11 20:51:13
Table 'NLHBlue7' 6-max Seat #1 is the button
Seat 1: f84c497d ($10.58 in chips)
Seat 2: f464f110 ($9.22 in chips)
Seat 4: 85d554e1 ($7.63 in chips)
Seat 5: a5ad11eb ($5.6 in chips)
Seat 6: Hero ($5.76 in chips)
f464f110: posts small blind $0.02
85d554e1: posts big blind $0.05
*** HOLE CARDS ***
Dealt to f84c497d 
Dealt to f464f110 
Dealt to 85d554e1 
Dealt to a5ad11eb 
Dealt to Hero [6d Jc]
a5ad11eb: folds
Hero: folds
f84c497d: folds
f464f110: folds
Uncalled bet ($0.03) returned to 85d554e1
*** SHOWDOWN ***
85d554e1 collected $0.04 from pot
*** SUMMARY ***
Total pot $0.04 | Rake $0 | Jackpot $0 | Bingo $0 | Fortune $0
Seat 1: f84c497d (button) folded before Flop (didn't bet)
Seat 2: f464f110 (small blind) folded before Flop
Seat 4: 85d554e1 (big blind) collected ($0.04)
Seat 5: a5ad11eb folded before Flop (didn't bet)
Seat 6: Hero folded before Flop (didn't bet)


Poker Hand #HD1199236573: Hold'em No Limit  ($0.02/$0.05) - 2023/04/11 20:50:50
Table 'NLHBlue7' 6-max Seat #6 is the button
Seat 1: f84c497d ($10.6 in chips)
Seat 2: f464f110 ($9.27 in chips)
Seat 4: 85d554e1 ($7.63 in chips)
Seat 5: a5ad11eb ($5.53 in chips)
Seat 6: Hero ($5.76 in chips)
f84c497d: posts small blind $0.02
f464f110: posts big blind $0.05
*** HOLE CARDS ***
Dealt to f84c497d 
Dealt to f464f110 
Dealt to 85d554e1 
Dealt to a5ad11eb 
Dealt to Hero [Kd Tc]
85d554e1: folds
a5ad11eb: raises $0.06 to $0.11
Hero: folds
f84c497d: folds
f464f110: folds
Uncalled bet ($0.06) returned to a5ad11eb
*** SHOWDOWN ***
a5ad11eb collected $0.12 from pot
*** SUMMARY ***
Total pot $0.12 | Rake $0 | Jackpot $0 | Bingo $0 | Fortune $0
Seat 1: f84c497d (small blind) folded before Flop
Seat 2: f464f110 (big blind) folded before Flop
Seat 4: 85d554e1 folded before Flop (didn't bet)
Seat 5: a5ad11eb collected ($0.12)
Seat 6: Hero (button) folded before Flop (didn't bet)


Poker Hand #HD1199236527: Hold'em No Limit  ($0.02/$0.05) - 2023/04/11 20:50:25
Table 'NLHBlue7' 6-max Seat #5 is the button
Seat 1: f84c497d ($10.65 in chips)
Seat 2: f464f110 ($9.27 in chips)
Seat 4: 85d554e1 ($7.63 in chips)
Seat 5: a5ad11eb ($5.53 in chips)
Seat 6: Hero ($5.71 in chips)
Hero: posts small blind $0.02
f84c497d: posts big blind $0.05
*** HOLE CARDS ***
Dealt to f84c497d 
Dealt to f464f110 
Dealt to 85d554e1 
Dealt to a5ad11eb 
Dealt to Hero [Jc Ad]
f464f110: folds
85d554e1: folds
a5ad11eb: folds
Hero: raises $0.09 to $0.14
f84c497d: folds
Uncalled bet ($0.09) returned to Hero
*** SHOWDOWN ***
Hero collected $0.1 from pot
*** SUMMARY ***
Total pot $0.1 | Rake $0 | Jackpot $0 | Bingo $0 | Fortune $0
Seat 1: f84c497d (big blind) folded before Flop
Seat 2: f464f110 folded before Flop (didn't bet)
Seat 4: 85d554e1 folded before Flop (didn't bet)
Seat 5: a5ad11eb (button) folded before Flop (didn't bet)
Seat 6: Hero (small blind) collected ($0.1)


Poker Hand #HD1199236354: Hold'em No Limit  ($0.02/$0.05) - 2023/04/11 20:48:56
Table 'NLHBlue7' 6-max Seat #4 is the button
Seat 1: f84c497d ($10.65 in chips)
Seat 2: f464f110 ($10.24 in chips)
Seat 4: 85d554e1 ($6.73 in chips)
Seat 5: a5ad11eb ($5.55 in chips)
Seat 6: Hero ($5.76 in chips)
a5ad11eb: posts small blind $0.02
Hero: posts big blind $0.05
*** HOLE CARDS ***
Dealt to f84c497d 
Dealt to f464f110 
Dealt to 85d554e1 
Dealt to a5ad11eb 
Dealt to Hero [2c Jh]
f84c497d: folds
f464f110: raises $0.08 to $0.13
85d554e1: calls $0.13
a5ad11eb: folds
Hero: folds
*** FLOP *** [2s 2h Kd]
f464f110: bets $0.09
85d554e1: raises $0.31 to $0.4
f464f110: calls $0.31
*** TURN *** [2s 2h Kd] [4s]
f464f110: checks
85d554e1: bets $0.44
f464f110: calls $0.44
*** RIVER *** [2s 2h Kd 4s] [5d]
f464f110: checks
85d554e1: bets $0.96
f464f110: folds
Uncalled bet ($0.96) returned to 85d554e1
*** SHOWDOWN ***
85d554e1 collected $1.87 from pot
*** SUMMARY ***
Total pot $2.01 | Rake $0.09 | Jackpot $0.05 | Bingo $0 | Fortune $0
Board [2s 2h Kd 4s 5d]
Seat 1: f84c497d folded before Flop (didn't bet)
Seat 2: f464f110 folded on the River
Seat 4: 85d554e1 (button) won ($1.87)
Seat 5: a5ad11eb (small blind) folded before Flop
Seat 6: Hero (big blind) folded before Flop


Poker Hand #HD1199236304: Hold'em No Limit  ($0.02/$0.05) - 2023/04/11 20:48:29
Table 'NLHBlue7' 6-max Seat #2 is the button
Seat 1: f84c497d ($10.65 in chips)
Seat 2: f464f110 ($10.24 in chips)
Seat 4: 85d554e1 ($6.88 in chips)
Seat 5: a5ad11eb ($5.41 in chips)
Seat 6: Hero ($5.76 in chips)
85d554e1: posts small blind $0.02
a5ad11eb: posts big blind $0.05
*** HOLE CARDS ***
Dealt to f84c497d 
Dealt to f464f110 
Dealt to 85d554e1 
Dealt to a5ad11eb 
Dealt to Hero [9d Ac]
Hero: folds
f84c497d: folds
f464f110: folds
85d554e1: raises $0.1 to $0.15
a5ad11eb: raises $0.3 to $0.45
85d554e1: folds
Uncalled bet ($0.3) returned to a5ad11eb
*** SHOWDOWN ***
a5ad11eb collected $0.29 from pot
*** SUMMARY ***
Total pot $0.3 | Rake $0.01 | Jackpot $0 | Bingo $0 | Fortune $0
Seat 1: f84c497d folded before Flop (didn't bet)
Seat 2: f464f110 (button) folded before Flop (didn't bet)
Seat 4: 85d554e1 (small blind) folded before Flop
Seat 5: a5ad11eb (big blind) collected ($0.29)
Seat 6: Hero folded before Flop (didn't bet)


Poker Hand #HD1199236251: Hold'em No Limit  ($0.02/$0.05) - 2023/04/11 20:48:04
Table 'NLHBlue7' 6-max Seat #1 is the button
Seat 1: f84c497d ($10.58 in chips)
Seat 2: f464f110 ($10.26 in chips)
Seat 4: 85d554e1 ($6.93 in chips)
Seat 5: a5ad11eb ($5.41 in chips)
Seat 6: Hero ($5.76 in chips)
f464f110: posts small blind $0.02
85d554e1: posts big blind $0.05
*** HOLE CARDS ***
Dealt to f84c497d 
Dealt to f464f110 
Dealt to 85d554e1 
Dealt to a5ad11eb 
Dealt to Hero [2c 8c]
a5ad11eb: folds
Hero: folds
f84c497d: raises $0.05 to $0.1
f464f110: folds
85d554e1: folds
Uncalled bet ($0.05) returned to f84c497d
*** SHOWDOWN ***
f84c497d collected $0.12 from pot
*** SUMMARY ***
Total pot $0.12 | Rake $0 | Jackpot $0 | Bingo $0 | Fortune $0
Seat 1: f84c497d (button) collected ($0.12)
Seat 2: f464f110 (small blind) folded before Flop
Seat 4: 85d554e1 (big blind) folded before Flop
Seat 5: a5ad11eb folded before Flop (didn't bet)
Seat 6: Hero folded before Flop (didn't bet)


Poker Hand #HD1199236208: Hold'em No Limit  ($0.02/$0.05) - 2023/04/11 20:47:46
Table 'NLHBlue7' 6-max Seat #6 is the button
Seat 1: f84c497d ($10.6 in chips)
Seat 2: f464f110 ($10.31 in chips)
Seat 4: 85d554e1 ($6.93 in chips)
Seat 5: a5ad11eb ($5.34 in chips)
Seat 6: Hero ($5.76 in chips)
f84c497d: posts small blind $0.02
f464f110: posts big blind $0.05
*** HOLE CARDS ***
Dealt to f84c497d 
Dealt to f464f110 
Dealt to 85d554e1 
Dealt to a5ad11eb 
Dealt to Hero [Qs 4c]
85d554e1: folds
a5ad11eb: raises $0.06 to $0.11
Hero: folds
f84c497d: folds
f464f110: folds
Uncalled bet ($0.06) returned to a5ad11eb
*** SHOWDOWN ***
a5ad11eb collected $0.12 from pot
*** SUMMARY ***
Total pot $0.12 | Rake $0 | Jackpot $0 | Bingo $0 | Fortune $0
Seat 1: f84c497d (small blind) folded before Flop
Seat 2: f464f110 (big blind) folded before Flop
Seat 4: 85d554e1 folded before Flop (didn't bet)
Seat 5: a5ad11eb collected ($0.12)
Seat 6: Hero (button) folded before Flop (didn't bet)


Poker Hand #HD1199236171: Hold'em No Limit  ($0.02/$0.05) - 2023/04/11 20:47:30
Table 'NLHBlue7' 6-max Seat #5 is the button
Seat 1: f84c497d ($10.65 in chips)
Seat 2: f464f110 ($10.31 in chips)
Seat 4: 85d554e1 ($6.93 in chips)
Seat 5: a5ad11eb ($5.27 in chips)
Seat 6: Hero ($5.78 in chips)
Hero: posts small blind $0.02
f84c497d: posts big blind $0.05
*** HOLE CARDS ***
Dealt to f84c497d 
Dealt to f464f110 
Dealt to 85d554e1 
Dealt to a5ad11eb 
Dealt to Hero [Qc 9c]
f464f110: folds
85d554e1: folds
a5ad11eb: raises $0.08 to $0.13
Hero: folds
f84c497d: folds
Uncalled bet ($0.08) returned to a5ad11eb
*** SHOWDOWN ***
a5ad11eb collected $0.12 from pot
*** SUMMARY ***
Total pot $0.12 | Rake $0 | Jackpot $0 | Bingo $0 | Fortune $0
Seat 1: f84c497d (big blind) folded before Flop
Seat 2: f464f110 folded before Flop (didn't bet)
Seat 4: 85d554e1 folded before Flop (didn't bet)
Seat 5: a5ad11eb (button) collected ($0.12)
Seat 6: Hero (small blind) folded before Flop


Poker Hand #HD1199236152: Hold'em No Limit  ($0.02/$0.05) - 2023/04/11 20:47:20
Table 'NLHBlue7' 6-max Seat #4 is the button
Seat 2: f464f110 ($10.31 in chips)
Seat 4: 85d554e1 ($6.93 in chips)
Seat 5: a5ad11eb ($5.29 in chips)
Seat 6: Hero ($5.76 in chips)
a5ad11eb: posts small blind $0.02
Hero: posts big blind $0.05
*** HOLE CARDS ***
Dealt to f464f110 
Dealt to 85d554e1 
Dealt to a5ad11eb 
Dealt to Hero [4d 2d]
f464f110: folds
85d554e1: folds
a5ad11eb: folds
Uncalled bet ($0.03) returned to Hero
*** SHOWDOWN ***
Hero collected $0.04 from pot
*** SUMMARY ***
Total pot $0.04 | Rake $0 | Jackpot $0 | Bingo $0 | Fortune $0
Seat 2: f464f110 folded before Flop (didn't bet)
Seat 4: 85d554e1 (button) folded before Flop (didn't bet)
Seat 5: a5ad11eb (small blind) folded before Flop
Seat 6: Hero (big blind) collected ($0.04)


Poker Hand #HD1199236052: Hold'em No Limit  ($0.02/$0.05) - 2023/04/11 20:46:28
Table 'NLHBlue7' 6-max Seat #2 is the button
Seat 2: f464f110 ($10.31 in chips)
Seat 4: 85d554e1 ($6.95 in chips)
Seat 5: a5ad11eb ($5.07 in chips)
Seat 6: Hero ($5.98 in chips)
85d554e1: posts small blind $0.02
a5ad11eb: posts big blind $0.05
*** HOLE CARDS ***
Dealt to f464f110 
Dealt to 85d554e1 
Dealt to a5ad11eb 
Dealt to Hero [Ad Qh]
Hero: raises $0.07 to $0.12
f464f110: folds
85d554e1: folds
a5ad11eb: calls $0.07
*** FLOP *** [9c Jc 3c]
a5ad11eb: checks
Hero: bets $0.1
a5ad11eb: calls $0.1
*** TURN *** [9c Jc 3c] [4c]
a5ad11eb: checks
Hero: checks
*** RIVER *** [9c Jc 3c 4c] [Kh]
a5ad11eb: bets $0.16
Hero: folds
Uncalled bet ($0.16) returned to a5ad11eb
*** SHOWDOWN ***
a5ad11eb collected $0.44 from pot
*** SUMMARY ***
Total pot $0.46 | Rake $0.02 | Jackpot $0 | Bingo $0 | Fortune $0
Board [9c Jc 3c 4c Kh]
Seat 2: f464f110 (button) folded before Flop (didn't bet)
Seat 4: 85d554e1 (small blind) folded before Flop
Seat 5: a5ad11eb (big blind) won ($0.44)
Seat 6: Hero folded on the River


Poker Hand #HD1199236016: Hold'em No Limit  ($0.02/$0.05) - 2023/04/11 20:46:07
Table 'NLHBlue7' 6-max Seat #6 is the button
Seat 2: f464f110 ($10.33 in chips)
Seat 4: 85d554e1 ($7 in chips)
Seat 5: a5ad11eb ($5 in chips)
Seat 6: Hero ($5.98 in chips)
f464f110: posts small blind $0.02
85d554e1: posts big blind $0.05
*** HOLE CARDS ***
Dealt to f464f110 
Dealt to 85d554e1 
Dealt to a5ad11eb 
Dealt to Hero [Ts 3d]
a5ad11eb: raises $0.06 to $0.11
Hero: folds
f464f110: folds
85d554e1: folds
Uncalled bet ($0.06) returned to a5ad11eb
*** SHOWDOWN ***
a5ad11eb collected $0.12 from pot
*** SUMMARY ***
Total pot $0.12 | Rake $0 | Jackpot $0 | Bingo $0 | Fortune $0
Seat 2: f464f110 (small blind) folded before Flop
Seat 4: 85d554e1 (big blind) folded before Flop
Seat 5: a5ad11eb collected ($0.12)
Seat 6: Hero (button) folded before Flop (didn't bet)


Poker Hand #HD1199235987: Hold'em No Limit  ($0.02/$0.05) - 2023/04/11 20:45:53
Table 'NLHBlue7' 6-max Seat #5 is the button
Seat 2: f464f110 ($10.38 in chips)
Seat 4: 85d554e1 ($6.93 in chips)
Seat 5: a5ad11eb ($5 in chips)
Seat 6: Hero ($6 in chips)
Hero: posts small blind $0.02
f464f110: posts big blind $0.05
*** HOLE CARDS ***
Dealt to f464f110 
Dealt to 85d554e1 
Dealt to a5ad11eb 
Dealt to Hero [7c 3s]
85d554e1: raises $0.08 to $0.13
a5ad11eb: folds
Hero: folds
f464f110: folds
Uncalled bet ($0.08) returned to 85d554e1
*** SHOWDOWN ***
85d554e1 collected $0.12 from pot
*** SUMMARY ***
Total pot $0.12 | Rake $0 | Jackpot $0 | Bingo $0 | Fortune $0
Seat 2: f464f110 (big blind) folded before Flop
Seat 4: 85d554e1 collected ($0.12)
Seat 5: a5ad11eb (button) folded before Flop (didn't bet)
Seat 6: Hero (small blind) folded before Flop


Poker Hand #HD1199235939: Hold'em No Limit  ($0.02/$0.05) - 2023/04/11 20:45:32
Table 'NLHBlue7' 6-max Seat #4 is the button
Seat 1: f84c497d ($10.65 in chips)
Seat 2: f464f110 ($10.38 in chips)
Seat 4: 85d554e1 ($6.93 in chips)
Seat 5: a5ad11eb ($5 in chips)
Seat 6: Hero ($5.98 in chips)
a5ad11eb: posts small blind $0.02
Hero: posts big blind $0.05
*** HOLE CARDS ***
Dealt to f84c497d 
Dealt to f464f110 
Dealt to 85d554e1 
Dealt to a5ad11eb 
Dealt to Hero [5h Jh]
f84c497d: folds
f464f110: folds
85d554e1: folds
a5ad11eb: folds
Uncalled bet ($0.03) returned to Hero
*** SHOWDOWN ***
Hero collected $0.04 from pot
*** SUMMARY ***
Total pot $0.04 | Rake $0 | Jackpot $0 | Bingo $0 | Fortune $0
Seat 1: f84c497d folded before Flop (didn't bet)
Seat 2: f464f110 folded before Flop (didn't bet)
Seat 4: 85d554e1 (button) folded before Flop (didn't bet)
Seat 5: a5ad11eb (small blind) folded before Flop
Seat 6: Hero (big blind) collected ($0.04)


Poker Hand #HD1199235907: Hold'em No Limit  ($0.02/$0.05) - 2023/04/11 20:45:16
Table 'NLHBlue7' 6-max Seat #2 is the button
Seat 1: f84c497d ($10.65 in chips)
Seat 2: f464f110 ($10.38 in chips)
Seat 4: 85d554e1 ($6.88 in chips)
Seat 5: a5ad11eb ($5 in chips)
Seat 6: Hero ($5.98 in chips)
85d554e1: posts small blind $0.02
a5ad11eb: posts big blind $0.05
*** HOLE CARDS ***
Dealt to f84c497d 
Dealt to f464f110 
Dealt to 85d554e1 
Dealt to a5ad11eb 
Dealt to Hero [8s 3c]
Hero: folds
f84c497d: folds
f464f110: folds
85d554e1: raises $0.1 to $0.15
a5ad11eb: folds
Uncalled bet ($0.1) returned to 85d554e1
*** SHOWDOWN ***
85d554e1 collected $0.1 from pot
*** SUMMARY ***
Total pot $0.1 | Rake $0 | Jackpot $0 | Bingo $0 | Fortune $0
Seat 1: f84c497d folded before Flop (didn't bet)
Seat 2: f464f110 (button) folded before Flop (didn't bet)
Seat 4: 85d554e1 (small blind) collected ($0.1)
Seat 5: a5ad11eb (big blind) folded before Flop
Seat 6: Hero folded before Flop (didn't bet)


Poker Hand #HD1199235846: Hold'em No Limit  ($0.02/$0.05) - 2023/04/11 20:44:43
Table 'NLHBlue7' 6-max Seat #1 is the button
Seat 1: f84c497d ($10.65 in chips)
Seat 2: f464f110 ($10.33 in chips)
Seat 4: 85d554e1 ($6.93 in chips)
Seat 5: a5ad11eb ($5 in chips)
Seat 6: Hero ($5.98 in chips)
f464f110: posts small blind $0.02
85d554e1: posts big blind $0.05
*** HOLE CARDS ***
Dealt to f84c497d 
Dealt to f464f110 
Dealt to 85d554e1 
Dealt to a5ad11eb 
Dealt to Hero [7s Kd]
a5ad11eb: folds
Hero: folds
f84c497d: folds
f464f110: raises $0.1 to $0.15
85d554e1: folds
Uncalled bet ($0.1) returned to f464f110
*** SHOWDOWN ***
f464f110 collected $0.1 from pot
*** SUMMARY ***
Total pot $0.1 | Rake $0 | Jackpot $0 | Bingo $0 | Fortune $0
Seat 1: f84c497d (button) folded before Flop (didn't bet)
Seat 2: f464f110 (small blind) collected ($0.1)
Seat 4: 85d554e1 (big blind) folded before Flop
Seat 5: a5ad11eb folded before Flop (didn't bet)
Seat 6: Hero folded before Flop (didn't bet)


Poker Hand #HD1199235806: Hold'em No Limit  ($0.02/$0.05) - 2023/04/11 20:44:28
Table 'NLHBlue7' 6-max Seat #6 is the button
Seat 1: f84c497d ($10.67 in chips)
Seat 2: f464f110 ($10.38 in chips)
Seat 4: 85d554e1 ($6.86 in chips)
Seat 5: a5ad11eb ($5 in chips)
Seat 6: Hero ($5.98 in chips)
f84c497d: posts small blind $0.02
f464f110: posts big blind $0.05
*** HOLE CARDS ***
Dealt to f84c497d 
Dealt to f464f110 
Dealt to 85d554e1 
Dealt to a5ad11eb 
Dealt to Hero [3c 3d]
85d554e1: raises $0.08 to $0.13
a5ad11eb: folds
Hero: folds
f84c497d: folds
f464f110: folds
Uncalled bet ($0.08) returned to 85d554e1
*** SHOWDOWN ***
85d554e1 collected $0.12 from pot
*** SUMMARY ***
Total pot $0.12 | Rake $0 | Jackpot $0 | Bingo $0 | Fortune $0
Seat 1: f84c497d (small blind) folded before Flop
Seat 2: f464f110 (big blind) folded before Flop
Seat 4: 85d554e1 collected ($0.12)
Seat 5: a5ad11eb folded before Flop (didn't bet)
Seat 6: Hero (button) folded before Flop (didn't bet)


Poker Hand #HD1199235737: Hold'em No Limit  ($0.02/$0.05) - 2023/04/11 20:43:57
Table 'NLHBlue7' 6-max Seat #5 is the button
Seat 1: f84c497d ($11.27 in chips)
Seat 2: f464f110 ($10.38 in chips)
Seat 4: 85d554e1 ($6.86 in chips)
Seat 5: a5ad11eb ($5 in chips)
Seat 6: Hero ($5.31 in chips)
Hero: posts small blind $0.02
f84c497d: posts big blind $0.05
*** HOLE CARDS ***
Dealt to f84c497d 
Dealt to f464f110 
Dealt to 85d554e1 
Dealt to a5ad11eb 
Dealt to Hero [Ah Qc]
f464f110: folds
85d554e1: folds
a5ad11eb: raises $0.08 to $0.13
Hero: raises $0.47 to $0.6
f84c497d: calls $0.55
a5ad11eb: folds
*** FLOP *** [Kh Qs 3h]
Hero: bets $0.76
f84c497d: folds
Uncalled bet ($0.76) returned to Hero
*** SHOWDOWN ***
Hero collected $1.27 from pot
*** SUMMARY ***
Total pot $1.33 | Rake $0.06 | Jackpot $0 | Bingo $0 | Fortune $0
Board [Kh Qs 3h]
Seat 1: f84c497d (big blind) folded on the Flop
Seat 2: f464f110 folded before Flop (didn't bet)
Seat 4: 85d554e1 folded before Flop (didn't bet)
Seat 5: a5ad11eb (button) folded before Flop
Seat 6: Hero (small blind) won ($1.27)


Poker Hand #HD1199235714: Hold'em No Limit  ($0.02/$0.05) - 2023/04/11 20:43:48
Table 'NLHBlue7' 6-max Seat #4 is the button
Seat 1: f84c497d ($11.27 in chips)
Seat 2: f464f110 ($10.38 in chips)
Seat 4: 85d554e1 ($6.86 in chips)
Seat 5: a5ad11eb ($5 in chips)
Seat 6: Hero ($5.29 in chips)
a5ad11eb: posts small blind $0.02
Hero: posts big blind $0.05
*** HOLE CARDS ***
Dealt to f84c497d 
Dealt to f464f110 
Dealt to 85d554e1 
Dealt to a5ad11eb 
Dealt to Hero [6c Td]
f84c497d: folds
f464f110: folds
85d554e1: folds
a5ad11eb: folds
Uncalled bet ($0.03) returned to Hero
*** SHOWDOWN ***
Hero collected $0.04 from pot
*** SUMMARY ***
Total pot $0.04 | Rake $0 | Jackpot $0 | Bingo $0 | Fortune $0
Seat 1: f84c497d folded before Flop (didn't bet)
Seat 2: f464f110 folded before Flop (didn't bet)
Seat 4: 85d554e1 (button) folded before Flop (didn't bet)
Seat 5: a5ad11eb (small blind) folded before Flop
Seat 6: Hero (big blind) collected ($0.04)


Poker Hand #HD1199155590: Hold'em No Limit  ($0.02/$0.05) - 2023/04/11 20:42:36
Table 'NLHBlue7' 6-max Seat #3 is the button
Seat 1: f84c497d ($11.27 in chips)
Seat 2: f464f110 ($10.38 in chips)
Seat 3: 7710f6aa ($1.49 in chips)
Seat 4: 85d554e1 ($5.51 in chips)
Seat 5: a5ad11eb ($5 in chips)
Seat 6: Hero ($5.29 in chips)
85d554e1: posts small blind $0.02
a5ad11eb: posts big blind $0.05
*** HOLE CARDS ***
Dealt to f84c497d 
Dealt to f464f110 
Dealt to 7710f6aa 
Dealt to 85d554e1 
Dealt to a5ad11eb 
Dealt to Hero [6s 3s]
Hero: folds
f84c497d: folds
f464f110: folds
7710f6aa: calls $0.05
85d554e1: raises $0.17 to $0.22
a5ad11eb: folds
7710f6aa: calls $0.17
*** FLOP *** [Qd Qc 4d]
85d554e1: bets $0.27
7710f6aa: calls $0.27
*** TURN *** [Qd Qc 4d] [2c]
85d554e1: checks
7710f6aa: bets $0.52
85d554e1: raises $1.5 to $2.02
7710f6aa: calls $0.48 and is all-in
Uncalled bet ($1.02) returned to 85d554e1
85d554e1: shows [9s 9c] (Pair of Queens and Pair of Nines)
7710f6aa: shows [4c Kh] (Pair of Queens and Pair of Fours)
*** RIVER *** [Qd Qc 4d 2c] [8d]
*** SHOWDOWN ***
85d554e1 collected $2.84 from pot
*** SUMMARY ***
Total pot $3.03 | Rake $0.14 | Jackpot $0.05 | Bingo $0 | Fortune $0
Board [Qd Qc 4d 2c 8d]
Seat 1: f84c497d folded before Flop (didn't bet)
Seat 2: f464f110 folded before Flop (didn't bet)
Seat 3: 7710f6aa (button) showed [4c Kh] and lost with Pair of Queens and Pair of Fours
Seat 4: 85d554e1 (small blind) showed [9s 9c] and won ($2.84) with Pair of Queens and Pair of Nines
Seat 5: a5ad11eb (big blind) folded before Flop
Seat 6: Hero folded before Flop (didn't bet)


Poker Hand #HD1199155516: Hold'em No Limit  ($0.02/$0.05) - 2023/04/11 20:42:04
Table 'NLHBlue7' 6-max Seat #2 is the button
Seat 1: f84c497d ($11.27 in chips)
Seat 2: f464f110 ($10.38 in chips)
Seat 3: 7710f6aa ($1.44 in chips)
Seat 4: 85d554e1 ($5.56 in chips)
Seat 5: a5ad11eb ($5 in chips)
Seat 6: Hero ($5.29 in chips)
7710f6aa: posts small blind $0.02
85d554e1: posts big blind $0.05
*** HOLE CARDS ***
Dealt to f84c497d 
Dealt to f464f110 
Dealt to 7710f6aa 
Dealt to 85d554e1 
Dealt to a5ad11eb 
Dealt to Hero [8s Qh]
a5ad11eb: folds
Hero: folds
f84c497d: folds
f464f110: folds
7710f6aa: calls $0.03
85d554e1: checks
*** FLOP *** [Qd 5c Js]
7710f6aa: bets $0.1
85d554e1: folds
Uncalled bet ($0.1) returned to 7710f6aa
*** SHOWDOWN ***
7710f6aa collected $0.1 from pot
*** SUMMARY ***
Total pot $0.1 | Rake $0 | Jackpot $0 | Bingo $0 | Fortune $0
Board [Qd 5c Js]
Seat 1: f84c497d folded before Flop (didn't bet)
Seat 2: f464f110 (button) folded before Flop (didn't bet)
Seat 3: 7710f6aa (small blind) won ($0.1)
Seat 4: 85d554e1 (big blind) folded on the Flop
Seat 5: a5ad11eb folded before Flop (didn't bet)
Seat 6: Hero folded before Flop (didn't bet)


Poker Hand #HD1199155423: Hold'em No Limit  ($0.02/$0.05) - 2023/04/11 20:41:18
Table 'NLHBlue7' 6-max Seat #1 is the button
Seat 1: f84c497d ($11.27 in chips)
Seat 2: f464f110 ($10.4 in chips)
Seat 3: 7710f6aa ($1.13 in chips)
Seat 4: 85d554e1 ($5.56 in chips)
Seat 5: a5ad11eb ($5 in chips)
Seat 6: Hero ($5.61 in chips)
f464f110: posts small blind $0.02
7710f6aa: posts big blind $0.05
*** HOLE CARDS ***
Dealt to f84c497d 
Dealt to f464f110 
Dealt to 7710f6aa 
Dealt to 85d554e1 
Dealt to a5ad11eb 
Dealt to Hero [7s As]
85d554e1: folds
a5ad11eb: folds
Hero: raises $0.07 to $0.12
f84c497d: folds
f464f110: folds
7710f6aa: calls $0.07
*** FLOP *** [Js 6d Th]
7710f6aa: checks
Hero: checks
*** TURN *** [Js 6d Th] [3s]
7710f6aa: bets $0.2
Hero: calls $0.2
*** RIVER *** [Js 6d Th 3s] [Qh]
7710f6aa: bets $0.5
Hero: folds
Uncalled bet ($0.5) returned to 7710f6aa
*** SHOWDOWN ***
7710f6aa collected $0.63 from pot
*** SUMMARY ***
Total pot $0.66 | Rake $0.03 | Jackpot $0 | Bingo $0 | Fortune $0
Board [Js 6d Th 3s Qh]
Seat 1: f84c497d (button) folded before Flop (didn't bet)
Seat 2: f464f110 (small blind) folded before Flop
Seat 3: 7710f6aa (big blind) won ($0.63)
Seat 4: 85d554e1 folded before Flop (didn't bet)
Seat 5: a5ad11eb folded before Flop (didn't bet)
Seat 6: Hero folded on the River


Poker Hand #HD1199155374: Hold'em No Limit  ($0.02/$0.05) - 2023/04/11 20:40:48
Table 'NLHBlue7' 6-max Seat #6 is the button
Seat 1: f84c497d ($11.29 in chips)
Seat 2: f464f110 ($10.38 in chips)
Seat 3: 7710f6aa ($1.13 in chips)
Seat 4: 85d554e1 ($5.56 in chips)
Seat 5: a5ad11eb ($5 in chips)
Seat 6: Hero ($5.61 in chips)
f84c497d: posts small blind $0.02
f464f110: posts big blind $0.05
*** HOLE CARDS ***
Dealt to f84c497d 
Dealt to f464f110 
Dealt to 7710f6aa 
Dealt to 85d554e1 
Dealt to a5ad11eb 
Dealt to Hero [Jd 3h]
7710f6aa: folds
85d554e1: folds
a5ad11eb: folds
Hero: folds
f84c497d: folds
Uncalled bet ($0.03) returned to f464f110
*** SHOWDOWN ***
f464f110 collected $0.04 from pot
*** SUMMARY ***
Total pot $0.04 | Rake $0 | Jackpot $0 | Bingo $0 | Fortune $0
Seat 1: f84c497d (small blind) folded before Flop
Seat 2: f464f110 (big blind) collected ($0.04)
Seat 3: 7710f6aa folded before Flop (didn't bet)
Seat 4: 85d554e1 folded before Flop (didn't bet)
Seat 5: a5ad11eb folded before Flop (didn't bet)
Seat 6: Hero (button) folded before Flop (didn't bet)


Poker Hand #HD1199155318: Hold'em No Limit  ($0.02/$0.05) - 2023/04/11 20:40:20
Table 'NLHBlue7' 6-max Seat #5 is the button
Seat 1: f84c497d ($11.34 in chips)
Seat 2: f464f110 ($10.51 in chips)
Seat 3: 7710f6aa ($1.13 in chips)
Seat 4: 85d554e1 ($5.56 in chips)
Seat 5: a5ad11eb ($5 in chips)
Seat 6: Hero ($5.44 in chips)
Hero: posts small blind $0.02
f84c497d: posts big blind $0.05
*** HOLE CARDS ***
Dealt to f84c497d 
Dealt to f464f110 
Dealt to 7710f6aa 
Dealt to 85d554e1 
Dealt to a5ad11eb 
Dealt to Hero [Td Ts]
f464f110: raises $0.08 to $0.13
7710f6aa: folds
85d554e1: folds
a5ad11eb: folds
Hero: raises $0.47 to $0.6
f84c497d: folds
f464f110: folds
Uncalled bet ($0.47) returned to Hero
*** SHOWDOWN ***
Hero collected $0.3 from pot
*** SUMMARY ***
Total pot $0.31 | Rake $0.01 | Jackpot $0 | Bingo $0 | Fortune $0
Seat 1: f84c497d (big blind) folded before Flop
Seat 2: f464f110 folded before Flop
Seat 3: 7710f6aa folded before Flop (didn't bet)
Seat 4: 85d554e1 folded before Flop (didn't bet)
Seat 5: a5ad11eb (button) folded before Flop (didn't bet)
Seat 6: Hero (small blind) collected ($0.3)


Poker Hand #HD1199155274: Hold'em No Limit  ($0.02/$0.05) - 2023/04/11 20:39:56
Table 'NLHBlue7' 6-max Seat #4 is the button
Seat 1: f84c497d ($11.34 in chips)
Seat 2: f464f110 ($10.51 in chips)
Seat 3: 7710f6aa ($1.06 in chips)
Seat 4: 85d554e1 ($5.56 in chips)
Seat 5: a5ad11eb ($5 in chips)
Seat 6: Hero ($5.49 in chips)
a5ad11eb: posts small blind $0.02
Hero: posts big blind $0.05
*** HOLE CARDS ***
Dealt to f84c497d 
Dealt to f464f110 
Dealt to 7710f6aa 
Dealt to 85d554e1 
Dealt to a5ad11eb 
Dealt to Hero [5h 7c]
f84c497d: folds
f464f110: folds
7710f6aa: raises $0.1 to $0.15
85d554e1: folds
a5ad11eb: folds
Hero: folds
Uncalled bet ($0.1) returned to 7710f6aa
*** SHOWDOWN ***
7710f6aa collected $0.12 from pot
*** SUMMARY ***
Total pot $0.12 | Rake $0 | Jackpot $0 | Bingo $0 | Fortune $0
Seat 1: f84c497d folded before Flop (didn't bet)
Seat 2: f464f110 folded before Flop (didn't bet)
Seat 3: 7710f6aa collected ($0.12)
Seat 4: 85d554e1 (button) folded before Flop (didn't bet)
Seat 5: a5ad11eb (small blind) folded before Flop
Seat 6: Hero (big blind) folded before Flop


Poker Hand #HD1199155161: Hold'em No Limit  ($0.02/$0.05) - 2023/04/11 20:38:59
Table 'NLHBlue7' 6-max Seat #3 is the button
Seat 1: f84c497d ($11.34 in chips)
Seat 2: f464f110 ($9.92 in chips)
Seat 3: 7710f6aa ($1.06 in chips)
Seat 4: 85d554e1 ($6.16 in chips)
Seat 5: a5ad11eb ($5 in chips)
Seat 6: Hero ($5.49 in chips)
85d554e1: posts small blind $0.02
a5ad11eb: posts big blind $0.05
*** HOLE CARDS ***
Dealt to f84c497d 
Dealt to f464f110 
Dealt to 7710f6aa 
Dealt to 85d554e1 
Dealt to a5ad11eb 
Dealt to Hero [2h As]
Hero: folds
f84c497d: folds
f464f110: raises $0.08 to $0.13
7710f6aa: folds
85d554e1: raises $0.47 to $0.6
a5ad11eb: folds
f464f110: calls $0.47
*** FLOP *** [Qs Ts 7d]
85d554e1: checks
f464f110: checks
*** TURN *** [Qs Ts 7d] [4c]
85d554e1: checks
f464f110: checks
*** RIVER *** [Qs Ts 7d 4c] [Qd]
85d554e1: checks
f464f110: bets $0.94
85d554e1: folds
Uncalled bet ($0.94) returned to f464f110
*** SHOWDOWN ***
f464f110 collected $1.19 from pot
*** SUMMARY ***
Total pot $1.25 | Rake $0.06 | Jackpot $0 | Bingo $0 | Fortune $0
Board [Qs Ts 7d 4c Qd]
Seat 1: f84c497d folded before Flop (didn't bet)
Seat 2: f464f110 won ($1.19)
Seat 3: 7710f6aa (button) folded before Flop (didn't bet)
Seat 4: 85d554e1 (small blind) folded on the River
Seat 5: a5ad11eb (big blind) folded before Flop
Seat 6: Hero folded before Flop (didn't bet)


Poker Hand #HD1199155101: Hold'em No Limit  ($0.02/$0.05) - 2023/04/11 20:38:30
Table 'NLHBlue7' 6-max Seat #2 is the button
Seat 1: f84c497d ($11.34 in chips)
Seat 2: f464f110 ($9.92 in chips)
Seat 3: 7710f6aa ($1.01 in chips)
Seat 4: 85d554e1 ($6.21 in chips)
Seat 5: a5ad11eb ($5 in chips)
Seat 6: Hero ($5.49 in chips)
7710f6aa: posts small blind $0.02
85d554e1: posts big blind $0.05
*** HOLE CARDS ***
Dealt to f84c497d 
Dealt to f464f110 
Dealt to 7710f6aa 
Dealt to 85d554e1 
Dealt to a5ad11eb 
Dealt to Hero [Jc Ts]
a5ad11eb: folds
Hero: folds
f84c497d: folds
f464f110: folds
7710f6aa: raises $0.05 to $0.1
85d554e1: folds
Uncalled bet ($0.05) returned to 7710f6aa
*** SHOWDOWN ***
7710f6aa collected $0.1 from pot
*** SUMMARY ***
Total pot $0.1 | Rake $0 | Jackpot $0 | Bingo $0 | Fortune $0
Seat 1: f84c497d folded before Flop (didn't bet)
Seat 2: f464f110 (button) folded before Flop (didn't bet)
Seat 3: 7710f6aa (small blind) collected ($0.1)
Seat 4: 85d554e1 (big blind) folded before Flop
Seat 5: a5ad11eb folded before Flop (didn't bet)
Seat 6: Hero folded before Flop (didn't bet)


Poker Hand #HD1199154976: Hold'em No Limit  ($0.02/$0.05) - 2023/04/11 20:37:30
Table 'NLHBlue7' 6-max Seat #1 is the button
Seat 1: f84c497d ($11.34 in chips)
Seat 2: f464f110 ($9.47 in chips)
Seat 3: 7710f6aa ($1.51 in chips)
Seat 4: 85d554e1 ($6.21 in chips)
Seat 5: a5ad11eb ($5 in chips)
Seat 6: Hero ($5.49 in chips)
f464f110: posts small blind $0.02
7710f6aa: posts big blind $0.05
*** HOLE CARDS ***
Dealt to f84c497d 
Dealt to f464f110 
Dealt to 7710f6aa 
Dealt to 85d554e1 
Dealt to a5ad11eb 
Dealt to Hero [9s 6h]
85d554e1: folds
a5ad11eb: folds
Hero: folds
f84c497d: folds
f464f110: raises $0.1 to $0.15
7710f6aa: calls $0.1
*** FLOP *** [3d Ah 9c]
f464f110: bets $0.1
7710f6aa: calls $0.1
*** TURN *** [3d Ah 9c] [Jd]
f464f110: bets $0.25
7710f6aa: calls $0.25
*** RIVER *** [3d Ah 9c Jd] [7s]
f464f110: bets $1
7710f6aa: folds
Uncalled bet ($1) returned to f464f110
*** SHOWDOWN ***
f464f110 collected $0.95 from pot
*** SUMMARY ***
Total pot $1 | Rake $0.05 | Jackpot $0 | Bingo $0 | Fortune $0
Board [3d Ah 9c Jd 7s]
Seat 1: f84c497d (button) folded before Flop (didn't bet)
Seat 2: f464f110 (small blind) won ($0.95)
Seat 3: 7710f6aa (big blind) folded on the River
Seat 4: 85d554e1 folded before Flop (didn't bet)
Seat 5: a5ad11eb folded before Flop (didn't bet)
Seat 6: Hero folded before Flop (didn't bet)


Poker Hand #HD1199154858: Hold'em No Limit  ($0.02/$0.05) - 2023/04/11 20:36:24
Table 'NLHBlue7' 6-max Seat #6 is the button
Seat 1: f84c497d ($10.65 in chips)
Seat 2: f464f110 ($9.52 in chips)
Seat 3: 7710f6aa ($2.22 in chips)
Seat 4: 85d554e1 ($6.21 in chips)
Seat 5: a5ad11eb ($5 in chips)
Seat 6: Hero ($5.49 in chips)
f84c497d: posts small blind $0.02
f464f110: posts big blind $0.05
*** HOLE CARDS ***
Dealt to f84c497d 
Dealt to f464f110 
Dealt to 7710f6aa 
Dealt to 85d554e1 
Dealt to a5ad11eb 
Dealt to Hero [3h 5s]
7710f6aa: raises $0.1 to $0.15
85d554e1: folds
a5ad11eb: folds
Hero: folds
f84c497d: calls $0.13
f464f110: folds
*** FLOP *** [2s Qc 2d]
f84c497d: bets $0.14
7710f6aa: calls $0.14
*** TURN *** [2s Qc 2d] [Tc]
f84c497d: bets $0.42
7710f6aa: calls $0.42
*** RIVER *** [2s Qc 2d Tc] [8s]
f84c497d: bets $0.98
7710f6aa: folds
Uncalled bet ($0.98) returned to f84c497d
*** SHOWDOWN ***
f84c497d collected $1.4 from pot
*** SUMMARY ***
Total pot $1.47 | Rake $0.07 | Jackpot $0 | Bingo $0 | Fortune $0
Board [2s Qc 2d Tc 8s]
Seat 1: f84c497d (small blind) won ($1.4)
Seat 2: f464f110 (big blind) folded before Flop
Seat 3: 7710f6aa folded on the River
Seat 4: 85d554e1 folded before Flop (didn't bet)
Seat 5: a5ad11eb folded before Flop (didn't bet)
Seat 6: Hero (button) folded before Flop (didn't bet)


Poker Hand #HD1199154803: Hold'em No Limit  ($0.02/$0.05) - 2023/04/11 20:36:02
Table 'NLHBlue7' 6-max Seat #5 is the button
Seat 1: f84c497d ($10.7 in chips)
Seat 2: f464f110 ($9.52 in chips)
Seat 3: 7710f6aa ($2.15 in chips)
Seat 4: 85d554e1 ($6.21 in chips)
Seat 5: a5ad11eb ($5 in chips)
Seat 6: Hero ($5.51 in chips)
Hero: posts small blind $0.02
f84c497d: posts big blind $0.05
*** HOLE CARDS ***
Dealt to f84c497d 
Dealt to f464f110 
Dealt to 7710f6aa 
Dealt to 85d554e1 
Dealt to a5ad11eb 
Dealt to Hero [4s 2d]
f464f110: folds
7710f6aa: raises $0.1 to $0.15
85d554e1: folds
a5ad11eb: folds
Hero: folds
f84c497d: folds
Uncalled bet ($0.1) returned to 7710f6aa
*** SHOWDOWN ***
7710f6aa collected $0.12 from pot
*** SUMMARY ***
Total pot $0.12 | Rake $0 | Jackpot $0 | Bingo $0 | Fortune $0
Seat 1: f84c497d (big blind) folded before Flop
Seat 2: f464f110 folded before Flop (didn't bet)
Seat 3: 7710f6aa collected ($0.12)
Seat 4: 85d554e1 folded before Flop (didn't bet)
Seat 5: a5ad11eb (button) folded before Flop (didn't bet)
Seat 6: Hero (small blind) folded before Flop


Poker Hand #HD1199154751: Hold'em No Limit  ($0.02/$0.05) - 2023/04/11 20:35:36
Table 'NLHBlue7' 6-max Seat #4 is the button
Seat 1: f84c497d ($10.7 in chips)
Seat 2: f464f110 ($9.52 in chips)
Seat 3: 7710f6aa ($2.08 in chips)
Seat 4: 85d554e1 ($6.21 in chips)
Seat 5: a5ad11eb ($5 in chips)
Seat 6: Hero ($5.56 in chips)
a5ad11eb: posts small blind $0.02
Hero: posts big blind $0.05
*** HOLE CARDS ***
Dealt to f84c497d 
Dealt to f464f110 
Dealt to 7710f6aa 
Dealt to 85d554e1 
Dealt to a5ad11eb 
Dealt to Hero [3d 8s]
f84c497d: folds
f464f110: folds
7710f6aa: raises $0.05 to $0.1
85d554e1: folds
a5ad11eb: folds
Hero: folds
Uncalled bet ($0.05) returned to 7710f6aa
*** SHOWDOWN ***
7710f6aa collected $0.12 from pot
*** SUMMARY ***
Total pot $0.12 | Rake $0 | Jackpot $0 | Bingo $0 | Fortune $0
Seat 1: f84c497d folded before Flop (didn't bet)
Seat 2: f464f110 folded before Flop (didn't bet)
Seat 3: 7710f6aa collected ($0.12)
Seat 4: 85d554e1 (button) folded before Flop (didn't bet)
Seat 5: a5ad11eb (small blind) folded before Flop
Seat 6: Hero (big blind) folded before Flop


Poker Hand #HD1199154578: Hold'em No Limit  ($0.02/$0.05) - 2023/04/11 20:34:11
Table 'NLHBlue7' 6-max Seat #3 is the button
Seat 1: f84c497d ($11.16 in chips)
Seat 2: f464f110 ($9.52 in chips)
Seat 3: 7710f6aa ($1.6 in chips)
Seat 4: 85d554e1 ($6.23 in chips)
Seat 5: a5ad11eb ($5 in chips)
Seat 6: Hero ($5.56 in chips)
85d554e1: posts small blind $0.02
a5ad11eb: posts big blind $0.05
*** HOLE CARDS ***
Dealt to f84c497d 
Dealt to f464f110 
Dealt to 7710f6aa 
Dealt to 85d554e1 
Dealt to a5ad11eb 
Dealt to Hero [5c Qc]
Hero: folds
f84c497d: raises $0.05 to $0.1
f464f110: folds
7710f6aa: calls $0.1
85d554e1: folds
a5ad11eb: folds
*** FLOP *** [8c Qs 5s]
f84c497d: bets $0.11
7710f6aa: calls $0.11
*** TURN *** [8c Qs 5s] [Tc]
f84c497d: checks
7710f6aa: bets $0.25
f84c497d: calls $0.25
*** RIVER *** [8c Qs 5s Tc] [Ts]
f84c497d: checks
7710f6aa: bets $0.5
f84c497d: folds
Uncalled bet ($0.5) returned to 7710f6aa
*** SHOWDOWN ***
7710f6aa collected $0.94 from pot
*** SUMMARY ***
Total pot $0.99 | Rake $0.05 | Jackpot $0 | Bingo $0 | Fortune $0
Board [8c Qs 5s Tc Ts]
Seat 1: f84c497d folded on the River
Seat 2: f464f110 folded before Flop (didn't bet)
Seat 3: 7710f6aa (button) won ($0.94)
Seat 4: 85d554e1 (small blind) folded before Flop
Seat 5: a5ad11eb (big blind) folded before Flop
Seat 6: Hero folded before Flop (didn't bet)


Poker Hand #HD1199154497: Hold'em No Limit  ($0.02/$0.05) - 2023/04/11 20:33:33
Table 'NLHBlue7' 6-max Seat #2 is the button
Seat 1: f84c497d ($11.16 in chips)
Seat 2: f464f110 ($9.52 in chips)
Seat 3: 7710f6aa ($1.31 in chips)
Seat 4: 85d554e1 ($6.28 in chips)
Seat 5: a5ad11eb ($5 in chips)
Seat 6: Hero ($5.83 in chips)
7710f6aa: posts small blind $0.02
85d554e1: posts big blind $0.05
*** HOLE CARDS ***
Dealt to f84c497d 
Dealt to f464f110 
Dealt to 7710f6aa 
Dealt to 85d554e1 
Dealt to a5ad11eb 
Dealt to Hero [9c Tc]
a5ad11eb: folds
Hero: raises $0.07 to $0.12
f84c497d: folds
f464f110: folds
7710f6aa: calls $0.1
85d554e1: folds
*** FLOP *** [Ah 4s 5c]
7710f6aa: checks
Hero: checks
*** TURN *** [Ah 4s 5c] [Th]
7710f6aa: bets $0.15
Hero: calls $0.15
*** RIVER *** [Ah 4s 5c Th] [Jh]
7710f6aa: bets $0.3
Hero: folds
Uncalled bet ($0.3) returned to 7710f6aa
*** SHOWDOWN ***
7710f6aa collected $0.56 from pot
*** SUMMARY ***
Total pot $0.59 | Rake $0.03 | Jackpot $0 | Bingo $0 | Fortune $0
Board [Ah 4s 5c Th Jh]
Seat 1: f84c497d folded before Flop (didn't bet)
Seat 2: f464f110 (button) folded before Flop (didn't bet)
Seat 3: 7710f6aa (small blind) won ($0.56)
Seat 4: 85d554e1 (big blind) folded before Flop
Seat 5: a5ad11eb folded before Flop (didn't bet)
Seat 6: Hero folded on the River


Poker Hand #HD1199154431: Hold'em No Limit  ($0.02/$0.05) - 2023/04/11 20:32:59
Table 'NLHBlue7' 6-max Seat #1 is the button
Seat 1: f84c497d ($11.16 in chips)
Seat 2: f464f110 ($9.54 in chips)
Seat 3: 7710f6aa ($1 in chips)
Seat 4: 85d554e1 ($6.28 in chips)
Seat 5: a5ad11eb ($5 in chips)
Seat 6: Hero ($6.15 in chips)
f464f110: posts small blind $0.02
7710f6aa: posts big blind $0.05
*** HOLE CARDS ***
Dealt to f84c497d 
Dealt to f464f110 
Dealt to 7710f6aa 
Dealt to 85d554e1 
Dealt to a5ad11eb 
Dealt to Hero [9s As]
85d554e1: folds
a5ad11eb: folds
Hero: raises $0.07 to $0.12
f84c497d: folds
f464f110: folds
7710f6aa: calls $0.07
*** FLOP *** [5h 8h Js]
7710f6aa: checks
Hero: checks
*** TURN *** [5h 8h Js] [9c]
7710f6aa: bets $0.2
Hero: calls $0.2
*** RIVER *** [5h 8h Js 9c] [Ts]
7710f6aa: bets $0.5
Hero: folds
Uncalled bet ($0.5) returned to 7710f6aa
*** SHOWDOWN ***
7710f6aa collected $0.63 from pot
*** SUMMARY ***
Total pot $0.66 | Rake $0.03 | Jackpot $0 | Bingo $0 | Fortune $0
Board [5h 8h Js 9c Ts]
Seat 1: f84c497d (button) folded before Flop (didn't bet)
Seat 2: f464f110 (small blind) folded before Flop
Seat 3: 7710f6aa (big blind) won ($0.63)
Seat 4: 85d554e1 folded before Flop (didn't bet)
Seat 5: a5ad11eb folded before Flop (didn't bet)
Seat 6: Hero folded on the River


Poker Hand #HD1199154400: Hold'em No Limit  ($0.02/$0.05) - 2023/04/11 20:32:42
Table 'NLHBlue7' 6-max Seat #6 is the button
Seat 1: f84c497d ($11.18 in chips)
Seat 2: f464f110 ($9.52 in chips)
Seat 4: 85d554e1 ($6.28 in chips)
Seat 5: a5ad11eb ($5 in chips)
Seat 6: Hero ($6.15 in chips)
f84c497d: posts small blind $0.02
f464f110: posts big blind $0.05
*** HOLE CARDS ***
Dealt to f84c497d 
Dealt to f464f110 
Dealt to 85d554e1 
Dealt to a5ad11eb 
Dealt to Hero [6h 4d]
85d554e1: folds
a5ad11eb: folds
Hero: folds
f84c497d: folds
Uncalled bet ($0.03) returned to f464f110
*** SHOWDOWN ***
f464f110 collected $0.04 from pot
*** SUMMARY ***
Total pot $0.04 | Rake $0 | Jackpot $0 | Bingo $0 | Fortune $0
Seat 1: f84c497d (small blind) folded before Flop
Seat 2: f464f110 (big blind) collected ($0.04)
Seat 4: 85d554e1 folded before Flop (didn't bet)
Seat 5: a5ad11eb folded before Flop (didn't bet)
Seat 6: Hero (button) folded before Flop (didn't bet)


Poker Hand #HD1199154371: Hold'em No Limit  ($0.02/$0.05) - 2023/04/11 20:32:28
Table 'NLHBlue7' 6-max Seat #5 is the button
Seat 1: f84c497d ($11.16 in chips)
Seat 2: f464f110 ($9.52 in chips)
Seat 4: 85d554e1 ($6.28 in chips)
Seat 5: a5ad11eb ($5 in chips)
Seat 6: Hero ($6.17 in chips)
Hero: posts small blind $0.02
f84c497d: posts big blind $0.05
*** HOLE CARDS ***
Dealt to f84c497d 
Dealt to f464f110 
Dealt to 85d554e1 
Dealt to a5ad11eb 
Dealt to Hero [7c 3s]
f464f110: folds
85d554e1: folds
a5ad11eb: folds
Hero: folds
Uncalled bet ($0.03) returned to f84c497d
*** SHOWDOWN ***
f84c497d collected $0.04 from pot
*** SUMMARY ***
Total pot $0.04 | Rake $0 | Jackpot $0 | Bingo $0 | Fortune $0
Seat 1: f84c497d (big blind) collected ($0.04)
Seat 2: f464f110 folded before Flop (didn't bet)
Seat 4: 85d554e1 folded before Flop (didn't bet)
Seat 5: a5ad11eb (button) folded before Flop (didn't bet)
Seat 6: Hero (small blind) folded before Flop


Poker Hand #HD1199154328: Hold'em No Limit  ($0.02/$0.05) - 2023/04/11 20:32:07
Table 'NLHBlue7' 6-max Seat #4 is the button
Seat 1: f84c497d ($11.26 in chips)
Seat 2: f464f110 ($9.52 in chips)
Seat 4: 85d554e1 ($6.28 in chips)
Seat 5: a5ad11eb ($5.02 in chips)
Seat 6: Hero ($6.06 in chips)
a5ad11eb: posts small blind $0.02
Hero: posts big blind $0.05
*** HOLE CARDS ***
Dealt to f84c497d 
Dealt to f464f110 
Dealt to 85d554e1 
Dealt to a5ad11eb 
Dealt to Hero [Kh As]
f84c497d: raises $0.05 to $0.1
f464f110: folds
85d554e1: folds
a5ad11eb: folds
Hero: raises $0.36 to $0.46
f84c497d: folds
Uncalled bet ($0.36) returned to Hero
*** SHOWDOWN ***
Hero collected $0.21 from pot
*** SUMMARY ***
Total pot $0.22 | Rake $0.01 | Jackpot $0 | Bingo $0 | Fortune $0
Seat 1: f84c497d folded before Flop
Seat 2: f464f110 folded before Flop (didn't bet)
Seat 4: 85d554e1 (button) folded before Flop (didn't bet)
Seat 5: a5ad11eb (small blind) folded before Flop
Seat 6: Hero (big blind) collected ($0.21)


Poker Hand #HD1199154282: Hold'em No Limit  ($0.02/$0.05) - 2023/04/11 20:31:48
Table 'NLHBlue7' 6-max Seat #2 is the button
Seat 1: f84c497d ($11.26 in chips)
Seat 2: f464f110 ($9.52 in chips)
Seat 4: 85d554e1 ($6.3 in chips)
Seat 5: a5ad11eb ($5.07 in chips)
Seat 6: Hero ($5.99 in chips)
85d554e1: posts small blind $0.02
a5ad11eb: posts big blind $0.05
*** HOLE CARDS ***
Dealt to f84c497d 
Dealt to f464f110 
Dealt to 85d554e1 
Dealt to a5ad11eb 
Dealt to Hero [Kd Qc]
Hero: raises $0.07 to $0.12
f84c497d: folds
f464f110: folds
85d554e1: folds
a5ad11eb: folds
Uncalled bet ($0.07) returned to Hero
*** SHOWDOWN ***
Hero collected $0.12 from pot
*** SUMMARY ***
Total pot $0.12 | Rake $0 | Jackpot $0 | Bingo $0 | Fortune $0
Seat 1: f84c497d folded before Flop (didn't bet)
Seat 2: f464f110 (button) folded before Flop (didn't bet)
Seat 4: 85d554e1 (small blind) folded before Flop
Seat 5: a5ad11eb (big blind) folded before Flop
Seat 6: Hero collected ($0.12)


Poker Hand #HD1199154237: Hold'em No Limit  ($0.02/$0.05) - 2023/04/11 20:31:25
Table 'NLHBlue7' 6-max Seat #1 is the button
Seat 1: f84c497d ($11.26 in chips)
Seat 2: f464f110 ($9.54 in chips)
Seat 4: 85d554e1 ($6.28 in chips)
Seat 5: a5ad11eb ($5.07 in chips)
Seat 6: Hero ($5.99 in chips)
f464f110: posts small blind $0.02
85d554e1: posts big blind $0.05
*** HOLE CARDS ***
Dealt to f84c497d 
Dealt to f464f110 
Dealt to 85d554e1 
Dealt to a5ad11eb 
Dealt to Hero [9h 8s]
a5ad11eb: folds
Hero: folds
f84c497d: folds
f464f110: folds
Uncalled bet ($0.03) returned to 85d554e1
*** SHOWDOWN ***
85d554e1 collected $0.04 from pot
*** SUMMARY ***
Total pot $0.04 | Rake $0 | Jackpot $0 | Bingo $0 | Fortune $0
Seat 1: f84c497d (button) folded before Flop (didn't bet)
Seat 2: f464f110 (small blind) folded before Flop
Seat 4: 85d554e1 (big blind) collected ($0.04)
Seat 5: a5ad11eb folded before Flop (didn't bet)
Seat 6: Hero folded before Flop (didn't bet)


Poker Hand #HD1199154149: Hold'em No Limit  ($0.02/$0.05) - 2023/04/11 20:30:45
Table 'NLHBlue7' 6-max Seat #6 is the button
Seat 1: f84c497d ($11.28 in chips)
Seat 2: f464f110 ($9.67 in chips)
Seat 4: 85d554e1 ($6.14 in chips)
Seat 5: a5ad11eb ($5.07 in chips)
Seat 6: Hero ($5.99 in chips)
f84c497d: posts small blind $0.02
f464f110: posts big blind $0.05
*** HOLE CARDS ***
Dealt to f84c497d 
Dealt to f464f110 
Dealt to 85d554e1 
Dealt to a5ad11eb 
Dealt to Hero [Tc 7c]
85d554e1: raises $0.08 to $0.13
a5ad11eb: folds
Hero: folds
f84c497d: folds
f464f110: calls $0.08
*** FLOP *** [Jc 5s 8h]
f464f110: checks
85d554e1: bets $0.16
f464f110: folds
Uncalled bet ($0.16) returned to 85d554e1
*** SHOWDOWN ***
85d554e1 collected $0.27 from pot
*** SUMMARY ***
Total pot $0.28 | Rake $0.01 | Jackpot $0 | Bingo $0 | Fortune $0
Board [Jc 5s 8h]
Seat 1: f84c497d (small blind) folded before Flop
Seat 2: f464f110 (big blind) folded on the Flop
Seat 4: 85d554e1 won ($0.27)
Seat 5: a5ad11eb folded before Flop (didn't bet)
Seat 6: Hero (button) folded before Flop (didn't bet)


Poker Hand #HD1199154098: Hold'em No Limit  ($0.02/$0.05) - 2023/04/11 20:30:18
Table 'NLHBlue7' 6-max Seat #5 is the button
Seat 1: f84c497d ($11.33 in chips)
Seat 2: f464f110 ($9.67 in chips)
Seat 4: 85d554e1 ($6.14 in chips)
Seat 5: a5ad11eb ($5 in chips)
Seat 6: Hero ($6.01 in chips)
Hero: posts small blind $0.02
f84c497d: posts big blind $0.05
*** HOLE CARDS ***
Dealt to f84c497d 
Dealt to f464f110 
Dealt to 85d554e1 
Dealt to a5ad11eb 
Dealt to Hero [5d 8d]
f464f110: folds
85d554e1: folds
a5ad11eb: raises $0.08 to $0.13
Hero: folds
f84c497d: folds
Uncalled bet ($0.08) returned to a5ad11eb
*** SHOWDOWN ***
a5ad11eb collected $0.12 from pot
*** SUMMARY ***
Total pot $0.12 | Rake $0 | Jackpot $0 | Bingo $0 | Fortune $0
Seat 1: f84c497d (big blind) folded before Flop
Seat 2: f464f110 folded before Flop (didn't bet)
Seat 4: 85d554e1 folded before Flop (didn't bet)
Seat 5: a5ad11eb (button) collected ($0.12)
Seat 6: Hero (small blind) folded before Flop


Poker Hand #HD1199154070: Hold'em No Limit  ($0.02/$0.05) - 2023/04/11 20:30:04
Table 'NLHBlue7' 6-max Seat #4 is the button
Seat 2: f464f110 ($9.67 in chips)
Seat 4: 85d554e1 ($6.14 in chips)
Seat 5: a5ad11eb ($5 in chips)
Seat 6: Hero ($5.99 in chips)
a5ad11eb: posts small blind $0.02
Hero: posts big blind $0.05
*** HOLE CARDS ***
Dealt to f464f110 
Dealt to 85d554e1 
Dealt to a5ad11eb 
Dealt to Hero [8s Ah]
f464f110: folds
85d554e1: folds
a5ad11eb: folds
Uncalled bet ($0.03) returned to Hero
*** SHOWDOWN ***
Hero collected $0.04 from pot
*** SUMMARY ***
Total pot $0.04 | Rake $0 | Jackpot $0 | Bingo $0 | Fortune $0
Seat 2: f464f110 folded before Flop (didn't bet)
Seat 4: 85d554e1 (button) folded before Flop (didn't bet)
Seat 5: a5ad11eb (small blind) folded before Flop
Seat 6: Hero (big blind) collected ($0.04)


Poker Hand #HD1199154038: Hold'em No Limit  ($0.02/$0.05) - 2023/04/11 20:29:52
Table 'NLHBlue7' 6-max Seat #2 is the button
Seat 2: f464f110 ($9.67 in chips)
Seat 4: 85d554e1 ($6.16 in chips)
Seat 5: a5ad11eb ($5 in chips)
Seat 6: Hero ($5.92 in chips)
85d554e1: posts small blind $0.02
a5ad11eb: posts big blind $0.05
*** HOLE CARDS ***
Dealt to f464f110 
Dealt to 85d554e1 
Dealt to a5ad11eb 
Dealt to Hero [7c 7d]
Hero: raises $0.07 to $0.12
f464f110: folds
85d554e1: folds
a5ad11eb: folds
Uncalled bet ($0.07) returned to Hero
*** SHOWDOWN ***
Hero collected $0.12 from pot
*** SUMMARY ***
Total pot $0.12 | Rake $0 | Jackpot $0 | Bingo $0 | Fortune $0
Seat 2: f464f110 (button) folded before Flop (didn't bet)
Seat 4: 85d554e1 (small blind) folded before Flop
Seat 5: a5ad11eb (big blind) folded before Flop
Seat 6: Hero collected ($0.12)


Poker Hand #HD1199153949: Hold'em No Limit  ($0.02/$0.05) - 2023/04/11 20:29:03
Table 'NLHBlue7' 6-max Seat #6 is the button
Seat 2: f464f110 ($9.69 in chips)
Seat 4: 85d554e1 ($6.68 in chips)
Seat 6: Hero ($5.43 in chips)
f464f110: posts small blind $0.02
85d554e1: posts big blind $0.05
*** HOLE CARDS ***
Dealt to f464f110 
Dealt to 85d554e1 
Dealt to Hero [Qh As]
Hero: raises $0.07 to $0.12
f464f110: folds
85d554e1: raises $0.4 to $0.52
Hero: calls $0.4
*** FLOP *** [Qs 6h 9s]
85d554e1: checks
Hero: bets $0.8
85d554e1: folds
Uncalled bet ($0.8) returned to Hero
*** SHOWDOWN ***
Hero collected $1.01 from pot
*** SUMMARY ***
Total pot $1.06 | Rake $0.05 | Jackpot $0 | Bingo $0 | Fortune $0
Board [Qs 6h 9s]
Seat 2: f464f110 (small blind) folded before Flop
Seat 4: 85d554e1 (big blind) folded on the Flop
Seat 6: Hero (button) won ($1.01)


Poker Hand #HD1199153894: Hold'em No Limit  ($0.02/$0.05) - 2023/04/11 20:28:35
Table 'NLHBlue7' 6-max Seat #4 is the button
Seat 1: f84c497d ($11.38 in chips)
Seat 2: f464f110 ($9.69 in chips)
Seat 3: 7ca8721 ($5.14 in chips)
Seat 4: 85d554e1 ($6.61 in chips)
Seat 6: Hero ($5.45 in chips)
Hero: posts small blind $0.02
f84c497d: posts big blind $0.05
*** HOLE CARDS ***
Dealt to f84c497d 
Dealt to f464f110 
Dealt to 7ca8721 
Dealt to 85d554e1 
Dealt to Hero [4s 9h]
f464f110: folds
7ca8721: folds
85d554e1: raises $0.08 to $0.13
Hero: folds
f84c497d: folds
Uncalled bet ($0.08) returned to 85d554e1
*** SHOWDOWN ***
85d554e1 collected $0.12 from pot
*** SUMMARY ***
Total pot $0.12 | Rake $0 | Jackpot $0 | Bingo $0 | Fortune $0
Seat 1: f84c497d (big blind) folded before Flop
Seat 2: f464f110 folded before Flop (didn't bet)
Seat 3: 7ca8721 folded before Flop (didn't bet)
Seat 4: 85d554e1 (button) collected ($0.12)
Seat 6: Hero (small blind) folded before Flop


Poker Hand #HD1199153816: Hold'em No Limit  ($0.02/$0.05) - 2023/04/11 20:27:59
Table 'NLHBlue7' 6-max Seat #3 is the button
Seat 1: f84c497d ($11.38 in chips)
Seat 2: f464f110 ($9.69 in chips)
Seat 3: 7ca8721 ($5 in chips)
Seat 4: 85d554e1 ($6.63 in chips)
Seat 6: Hero ($5.58 in chips)
85d554e1: posts small blind $0.02
Hero: posts big blind $0.05
*** HOLE CARDS ***
Dealt to f84c497d 
Dealt to f464f110 
Dealt to 7ca8721 
Dealt to 85d554e1 
Dealt to Hero [Ah 3h]
f84c497d: folds
f464f110: folds
7ca8721: raises $0.08 to $0.13
85d554e1: folds
Hero: calls $0.08
*** FLOP *** [Js 5s 8d]
Hero: checks
7ca8721: checks
*** TURN *** [Js 5s 8d] [9h]
Hero: checks
7ca8721: bets $0.16
Hero: folds
Uncalled bet ($0.16) returned to 7ca8721
*** SHOWDOWN ***
7ca8721 collected $0.27 from pot
*** SUMMARY ***
Total pot $0.28 | Rake $0.01 | Jackpot $0 | Bingo $0 | Fortune $0
Board [Js 5s 8d 9h]
Seat 1: f84c497d folded before Flop (didn't bet)
Seat 2: f464f110 folded before Flop (didn't bet)
Seat 3: 7ca8721 (button) won ($0.27)
Seat 4: 85d554e1 (small blind) folded before Flop
Seat 6: Hero (big blind) folded on the Turn


Poker Hand #HD1199153714: Hold'em No Limit  ($0.02/$0.05) - 2023/04/11 20:27:10
Table 'NLHBlue7' 6-max Seat #2 is the button
Seat 1: f84c497d ($11.38 in chips)
Seat 2: f464f110 ($9.69 in chips)
Seat 3: 7ca8721 ($5 in chips)
Seat 4: 85d554e1 ($6.68 in chips)
Seat 6: Hero ($5.51 in chips)
7ca8721: posts small blind $0.02
85d554e1: posts big blind $0.05
*** HOLE CARDS ***
Dealt to f84c497d 
Dealt to f464f110 
Dealt to 7ca8721 
Dealt to 85d554e1 
Dealt to Hero [Qh 9h]
Hero: raises $0.07 to $0.12
f84c497d: folds
f464f110: folds
7ca8721: folds
85d554e1: folds
Uncalled bet ($0.07) returned to Hero
*** SHOWDOWN ***
Hero collected $0.12 from pot
*** SUMMARY ***
Total pot $0.12 | Rake $0 | Jackpot $0 | Bingo $0 | Fortune $0
Seat 1: f84c497d folded before Flop (didn't bet)
Seat 2: f464f110 (button) folded before Flop (didn't bet)
Seat 3: 7ca8721 (small blind) folded before Flop
Seat 4: 85d554e1 (big blind) folded before Flop
Seat 6: Hero collected ($0.12)


Poker Hand #HD1199153559: Hold'em No Limit  ($0.02/$0.05) - 2023/04/11 20:26:00
Table 'NLHBlue7' 6-max Seat #1 is the button
Seat 1: f84c497d ($6.01 in chips)
Seat 2: f464f110 ($9.82 in chips)
Seat 3: 7ca8721 ($5.66 in chips)
Seat 4: 85d554e1 ($6.81 in chips)
Seat 6: Hero ($5.51 in chips)
f464f110: posts small blind $0.02
7ca8721: posts big blind $0.05
*** HOLE CARDS ***
Dealt to f84c497d 
Dealt to f464f110 
Dealt to 7ca8721 
Dealt to 85d554e1 
Dealt to Hero [3s 3c]
85d554e1: raises $0.08 to $0.13
Hero: folds
f84c497d: calls $0.13
f464f110: calls $0.11
7ca8721: raises $0.63 to $0.76
85d554e1: folds
f84c497d: raises $5.25 to $6.01 and is all-in
f464f110: folds
7ca8721: calls $4.9 and is all-in
Uncalled bet ($0.35) returned to f84c497d
f84c497d: shows [Ac Ad]
7ca8721: shows [Kd Ah]
*** FLOP *** [9s Th 8c]
*** TURN *** [9s Th 8c] [3h]
*** RIVER *** [9s Th 8c 3h] [Jc]
*** SHOWDOWN ***
f84c497d collected $11.03 from pot
*** SUMMARY ***
Total pot $11.58 | Rake $0.5 | Jackpot $0.05 | Bingo $0 | Fortune $0
Board [9s Th 8c 3h Jc]
Seat 1: f84c497d (button) showed [Ac Ad] and won ($11.03) with Pair of Aces
Seat 2: f464f110 (small blind) folded before Flop
Seat 3: 7ca8721 (big blind) showed [Kd Ah] and lost with Ace-High
Seat 4: 85d554e1 folded before Flop
Seat 6: Hero folded before Flop (didn't bet)


Poker Hand #HD1199153452: Hold'em No Limit  ($0.02/$0.05) - 2023/04/11 20:25:08
Table 'NLHBlue7' 6-max Seat #6 is the button
Seat 1: f84c497d ($6.13 in chips)
Seat 2: f464f110 ($9.87 in chips)
Seat 3: 7ca8721 ($5.66 in chips)
Seat 4: 85d554e1 ($6.81 in chips)
Seat 6: Hero ($5.35 in chips)
f84c497d: posts small blind $0.02
f464f110: posts big blind $0.05
*** HOLE CARDS ***
Dealt to f84c497d 
Dealt to f464f110 
Dealt to 7ca8721 
Dealt to 85d554e1 
Dealt to Hero [9h Kh]
7ca8721: folds
85d554e1: folds
Hero: raises $0.07 to $0.12
f84c497d: calls $0.1
f464f110: folds
*** FLOP *** [Ac Th Ts]
f84c497d: checks
Hero: checks
*** TURN *** [Ac Th Ts] [4d]
f84c497d: checks
Hero: checks
*** RIVER *** [Ac Th Ts 4d] [8d]
f84c497d: checks
Hero: checks
f84c497d: shows [Jd Qc] (Pair of Tens)
Hero: shows [9h Kh] (Pair of Tens)
*** SHOWDOWN ***
Hero collected $0.28 from pot
*** SUMMARY ***
Total pot $0.29 | Rake $0.01 | Jackpot $0 | Bingo $0 | Fortune $0
Board [Ac Th Ts 4d 8d]
Seat 1: f84c497d (small blind) showed [Jd Qc] and lost with Pair of Tens
Seat 2: f464f110 (big blind) folded before Flop
Seat 3: 7ca8721 folded before Flop (didn't bet)
Seat 4: 85d554e1 folded before Flop (didn't bet)
Seat 6: Hero (button) showed [9h Kh] and won ($0.28) with Pair of Tens


Poker Hand #HD1199153386: Hold'em No Limit  ($0.02/$0.05) - 2023/04/11 20:24:37
Table 'NLHBlue7' 6-max Seat #4 is the button
Seat 1: f84c497d ($6 in chips)
Seat 2: f464f110 ($9.87 in chips)
Seat 3: 7ca8721 ($5.66 in chips)
Seat 4: 85d554e1 ($6.81 in chips)
Seat 6: Hero ($5.49 in chips)
Hero: posts small blind $0.02
f84c497d: posts big blind $0.05
*** HOLE CARDS ***
Dealt to f84c497d 
Dealt to f464f110 
Dealt to 7ca8721 
Dealt to 85d554e1 
Dealt to Hero [Jc Kd]
f464f110: folds
7ca8721: folds
85d554e1: folds
Hero: raises $0.09 to $0.14
f84c497d: calls $0.09
*** FLOP *** [3h 9d 6c]
Hero: checks
f84c497d: bets $0.12
Hero: folds
Uncalled bet ($0.12) returned to f84c497d
*** SHOWDOWN ***
f84c497d collected $0.27 from pot
*** SUMMARY ***
Total pot $0.28 | Rake $0.01 | Jackpot $0 | Bingo $0 | Fortune $0
Board [3h 9d 6c]
Seat 1: f84c497d (big blind) won ($0.27)
Seat 2: f464f110 folded before Flop (didn't bet)
Seat 3: 7ca8721 folded before Flop (didn't bet)
Seat 4: 85d554e1 (button) folded before Flop (didn't bet)
Seat 6: Hero (small blind) folded on the Flop


Poker Hand #HD1199153339: Hold'em No Limit  ($0.02/$0.05) - 2023/04/11 20:24:18
Table 'NLHBlue7' 6-max Seat #3 is the button
Seat 1: f84c497d ($5.93 in chips)
Seat 2: f464f110 ($9.87 in chips)
Seat 3: 7ca8721 ($5.66 in chips)
Seat 4: 85d554e1 ($6.83 in chips)
Seat 6: Hero ($5.54 in chips)
85d554e1: posts small blind $0.02
Hero: posts big blind $0.05
*** HOLE CARDS ***
Dealt to f84c497d 
Dealt to f464f110 
Dealt to 7ca8721 
Dealt to 85d554e1 
Dealt to Hero [8c 6s]
f84c497d: raises $0.05 to $0.1
f464f110: folds
7ca8721: folds
85d554e1: folds
Hero: folds
Uncalled bet ($0.05) returned to f84c497d
*** SHOWDOWN ***
f84c497d collected $0.12 from pot
*** SUMMARY ***
Total pot $0.12 | Rake $0 | Jackpot $0 | Bingo $0 | Fortune $0
Seat 1: f84c497d collected ($0.12)
Seat 2: f464f110 folded before Flop (didn't bet)
Seat 3: 7ca8721 (button) folded before Flop (didn't bet)
Seat 4: 85d554e1 (small blind) folded before Flop
Seat 6: Hero (big blind) folded before Flop


Poker Hand #HD1199153259: Hold'em No Limit  ($0.02/$0.05) - 2023/04/11 20:23:39
Table 'NLHBlue7' 6-max Seat #2 is the button
Seat 1: f84c497d ($4.57 in chips)
Seat 2: f464f110 ($9.87 in chips)
Seat 3: 7ca8721 ($5.68 in chips)
Seat 4: 85d554e1 ($6.88 in chips)
Seat 6: Hero ($7.03 in chips)
7ca8721: posts small blind $0.02
85d554e1: posts big blind $0.05
*** HOLE CARDS ***
Dealt to f84c497d 
Dealt to f464f110 
Dealt to 7ca8721 
Dealt to 85d554e1 
Dealt to Hero [6c 5c]
Hero: raises $0.07 to $0.12
f84c497d: raises $0.31 to $0.43
f464f110: folds
7ca8721: folds
85d554e1: folds
Hero: calls $0.31
*** FLOP *** [2h 5s 9h]
Hero: checks
f84c497d: bets $0.38
Hero: calls $0.38
*** TURN *** [2h 5s 9h] [7d]
Hero: checks
f84c497d: bets $0.68
Hero: calls $0.68
*** RIVER *** [2h 5s 9h 7d] [Ks]
Hero: checks
f84c497d: bets $1.22
Hero: folds
Uncalled bet ($1.22) returned to f84c497d
*** SHOWDOWN ***
f84c497d collected $2.85 from pot
*** SUMMARY ***
Total pot $3.05 | Rake $0.15 | Jackpot $0.05 | Bingo $0 | Fortune $0
Board [2h 5s 9h 7d Ks]
Seat 1: f84c497d won ($2.85)
Seat 2: f464f110 (button) folded before Flop (didn't bet)
Seat 3: 7ca8721 (small blind) folded before Flop
Seat 4: 85d554e1 (big blind) folded before Flop
Seat 6: Hero folded on the River


Poker Hand #HD1199153143: Hold'em No Limit  ($0.02/$0.05) - 2023/04/11 20:22:44
Table 'NLHBlue7' 6-max Seat #1 is the button
Seat 1: f84c497d ($4.38 in chips)
Seat 2: f464f110 ($9.89 in chips)
Seat 3: 7ca8721 ($5.73 in chips)
Seat 4: 85d554e1 ($7.01 in chips)
Seat 6: Hero ($7.03 in chips)
f464f110: posts small blind $0.02
7ca8721: posts big blind $0.05
*** HOLE CARDS ***
Dealt to f84c497d 
Dealt to f464f110 
Dealt to 7ca8721 
Dealt to 85d554e1 
Dealt to Hero [7c 4d]
85d554e1: raises $0.08 to $0.13
Hero: folds
f84c497d: calls $0.13
f464f110: folds
7ca8721: folds
*** FLOP *** [2s Js 3h]
85d554e1: checks
f84c497d: checks
*** TURN *** [2s Js 3h] [Jc]
85d554e1: checks
f84c497d: checks
*** RIVER *** [2s Js 3h Jc] [Tc]
85d554e1: checks
f84c497d: bets $0.14
85d554e1: folds
Uncalled bet ($0.14) returned to f84c497d
*** SHOWDOWN ***
f84c497d collected $0.32 from pot
*** SUMMARY ***
Total pot $0.33 | Rake $0.01 | Jackpot $0 | Bingo $0 | Fortune $0
Board [2s Js 3h Jc Tc]
Seat 1: f84c497d (button) won ($0.32)
Seat 2: f464f110 (small blind) folded before Flop
Seat 3: 7ca8721 (big blind) folded before Flop
Seat 4: 85d554e1 folded on the River
Seat 6: Hero folded before Flop (didn't bet)


Poker Hand #HD1199153088: Hold'em No Limit  ($0.02/$0.05) - 2023/04/11 20:22:17
Table 'NLHBlue7' 6-max Seat #6 is the button
Seat 1: f84c497d ($4.33 in chips)
Seat 2: f464f110 ($9.94 in chips)
Seat 3: 7ca8721 ($5.73 in chips)
Seat 4: 85d554e1 ($7.01 in chips)
Seat 6: Hero ($7.03 in chips)
f84c497d: posts small blind $0.02
f464f110: posts big blind $0.05
*** HOLE CARDS ***
Dealt to f84c497d 
Dealt to f464f110 
Dealt to 7ca8721 
Dealt to 85d554e1 
Dealt to Hero [Qc 6d]
7ca8721: folds
85d554e1: folds
Hero: folds
f84c497d: raises $0.05 to $0.1
f464f110: folds
Uncalled bet ($0.05) returned to f84c497d
*** SHOWDOWN ***
f84c497d collected $0.1 from pot
*** SUMMARY ***
Total pot $0.1 | Rake $0 | Jackpot $0 | Bingo $0 | Fortune $0
Seat 1: f84c497d (small blind) collected ($0.1)
Seat 2: f464f110 (big blind) folded before Flop
Seat 3: 7ca8721 folded before Flop (didn't bet)
Seat 4: 85d554e1 folded before Flop (didn't bet)
Seat 6: Hero (button) folded before Flop (didn't bet)


Poker Hand #HD1199153042: Hold'em No Limit  ($0.02/$0.05) - 2023/04/11 20:21:54
Table 'NLHBlue7' 6-max Seat #4 is the button
Seat 1: f84c497d ($4.38 in chips)
Seat 2: f464f110 ($9.94 in chips)
Seat 3: 7ca8721 ($5.66 in chips)
Seat 4: 85d554e1 ($7.01 in chips)
Seat 6: Hero ($7.05 in chips)
Hero: posts small blind $0.02
f84c497d: posts big blind $0.05
*** HOLE CARDS ***
Dealt to f84c497d 
Dealt to f464f110 
Dealt to 7ca8721 
Dealt to 85d554e1 
Dealt to Hero [4s 9d]
f464f110: folds
7ca8721: raises $0.1 to $0.15
85d554e1: folds
Hero: folds
f84c497d: folds
Uncalled bet ($0.1) returned to 7ca8721
*** SHOWDOWN ***
7ca8721 collected $0.12 from pot
*** SUMMARY ***
Total pot $0.12 | Rake $0 | Jackpot $0 | Bingo $0 | Fortune $0
Seat 1: f84c497d (big blind) folded before Flop
Seat 2: f464f110 folded before Flop (didn't bet)
Seat 3: 7ca8721 collected ($0.12)
Seat 4: 85d554e1 (button) folded before Flop (didn't bet)
Seat 6: Hero (small blind) folded before Flop


Poker Hand #HD1199152961: Hold'em No Limit  ($0.02/$0.05) - 2023/04/11 20:21:12
Table 'NLHBlue7' 6-max Seat #3 is the button
Seat 1: f84c497d ($4.81 in chips)
Seat 2: f464f110 ($9.94 in chips)
Seat 3: 7ca8721 ($5.66 in chips)
Seat 4: 85d554e1 ($7.03 in chips)
Seat 6: Hero ($6.64 in chips)
85d554e1: posts small blind $0.02
Hero: posts big blind $0.05
*** HOLE CARDS ***
Dealt to f84c497d 
Dealt to f464f110 
Dealt to 7ca8721 
Dealt to 85d554e1 
Dealt to Hero [As Js]
f84c497d: raises $0.05 to $0.1
f464f110: folds
7ca8721: folds
85d554e1: folds
Hero: raises $0.33 to $0.43
f84c497d: calls $0.33
*** FLOP *** [3h 5d 8c]
Hero: bets $0.32
f84c497d: folds
Uncalled bet ($0.32) returned to Hero
*** SHOWDOWN ***
Hero collected $0.84 from pot
*** SUMMARY ***
Total pot $0.88 | Rake $0.04 | Jackpot $0 | Bingo $0 | Fortune $0
Board [3h 5d 8c]
Seat 1: f84c497d folded on the Flop
Seat 2: f464f110 folded before Flop (didn't bet)
Seat 3: 7ca8721 (button) folded before Flop (didn't bet)
Seat 4: 85d554e1 (small blind) folded before Flop
Seat 6: Hero (big blind) won ($0.84)


Poker Hand #HD1199152919: Hold'em No Limit  ($0.02/$0.05) - 2023/04/11 20:20:52
Table 'NLHBlue7' 6-max Seat #2 is the button
Seat 1: f84c497d ($4.81 in chips)
Seat 2: f464f110 ($9.94 in chips)
Seat 3: 7ca8721 ($5.61 in chips)
Seat 4: 85d554e1 ($7.08 in chips)
Seat 6: Hero ($6.64 in chips)
7ca8721: posts small blind $0.02
85d554e1: posts big blind $0.05
*** HOLE CARDS ***
Dealt to f84c497d 
Dealt to f464f110 
Dealt to 7ca8721 
Dealt to 85d554e1 
Dealt to Hero [Qh 3d]
Hero: folds
f84c497d: folds
f464f110: folds
7ca8721: raises $0.1 to $0.15
85d554e1: folds
Uncalled bet ($0.1) returned to 7ca8721
*** SHOWDOWN ***
7ca8721 collected $0.1 from pot
*** SUMMARY ***
Total pot $0.1 | Rake $0 | Jackpot $0 | Bingo $0 | Fortune $0
Seat 1: f84c497d folded before Flop (didn't bet)
Seat 2: f464f110 (button) folded before Flop (didn't bet)
Seat 3: 7ca8721 (small blind) collected ($0.1)
Seat 4: 85d554e1 (big blind) folded before Flop
Seat 6: Hero folded before Flop (didn't bet)


Poker Hand #HD1199152895: Hold'em No Limit  ($0.02/$0.05) - 2023/04/11 20:20:42
Table 'NLHBlue7' 6-max Seat #1 is the button
Seat 1: f84c497d ($4.81 in chips)
Seat 2: f464f110 ($9.96 in chips)
Seat 3: 7ca8721 ($5.59 in chips)
Seat 4: 85d554e1 ($7.08 in chips)
Seat 6: Hero ($6.64 in chips)
f464f110: posts small blind $0.02
7ca8721: posts big blind $0.05
*** HOLE CARDS ***
Dealt to f84c497d 
Dealt to f464f110 
Dealt to 7ca8721 
Dealt to 85d554e1 
Dealt to Hero [7s Ah]
85d554e1: folds
Hero: folds
f84c497d: folds
f464f110: folds
Uncalled bet ($0.03) returned to 7ca8721
*** SHOWDOWN ***
7ca8721 collected $0.04 from pot
*** SUMMARY ***
Total pot $0.04 | Rake $0 | Jackpot $0 | Bingo $0 | Fortune $0
Seat 1: f84c497d (button) folded before Flop (didn't bet)
Seat 2: f464f110 (small blind) folded before Flop
Seat 3: 7ca8721 (big blind) collected ($0.04)
Seat 4: 85d554e1 folded before Flop (didn't bet)
Seat 6: Hero folded before Flop (didn't bet)


Poker Hand #HD1199152864: Hold'em No Limit  ($0.02/$0.05) - 2023/04/11 20:20:28
Table 'NLHBlue7' 6-max Seat #6 is the button
Seat 1: f84c497d ($4.83 in chips)
Seat 2: f464f110 ($9.94 in chips)
Seat 3: 7ca8721 ($5.59 in chips)
Seat 4: 85d554e1 ($7.08 in chips)
Seat 6: Hero ($6.64 in chips)
f84c497d: posts small blind $0.02
f464f110: posts big blind $0.05
*** HOLE CARDS ***
Dealt to f84c497d 
Dealt to f464f110 
Dealt to 7ca8721 
Dealt to 85d554e1 
Dealt to Hero [8c 5s]
7ca8721: folds
85d554e1: folds
Hero: folds
f84c497d: folds
Uncalled bet ($0.03) returned to f464f110
*** SHOWDOWN ***
f464f110 collected $0.04 from pot
*** SUMMARY ***
Total pot $0.04 | Rake $0 | Jackpot $0 | Bingo $0 | Fortune $0
Seat 1: f84c497d (small blind) folded before Flop
Seat 2: f464f110 (big blind) collected ($0.04)
Seat 3: 7ca8721 folded before Flop (didn't bet)
Seat 4: 85d554e1 folded before Flop (didn't bet)
Seat 6: Hero (button) folded before Flop (didn't bet)


Poker Hand #HD1199152821: Hold'em No Limit  ($0.02/$0.05) - 2023/04/11 20:20:09
Table 'NLHBlue7' 6-max Seat #4 is the button
Seat 1: f84c497d ($4.88 in chips)
Seat 2: f464f110 ($9.87 in chips)
Seat 3: 7ca8721 ($5.59 in chips)
Seat 4: 85d554e1 ($7.08 in chips)
Seat 6: Hero ($6.66 in chips)
Hero: posts small blind $0.02
f84c497d: posts big blind $0.05
*** HOLE CARDS ***
Dealt to f84c497d 
Dealt to f464f110 
Dealt to 7ca8721 
Dealt to 85d554e1 
Dealt to Hero [9d Kh]
f464f110: raises $0.08 to $0.13
7ca8721: folds
85d554e1: folds
Hero: folds
f84c497d: folds
Uncalled bet ($0.08) returned to f464f110
*** SHOWDOWN ***
f464f110 collected $0.12 from pot
*** SUMMARY ***
Total pot $0.12 | Rake $0 | Jackpot $0 | Bingo $0 | Fortune $0
Seat 1: f84c497d (big blind) folded before Flop
Seat 2: f464f110 collected ($0.12)
Seat 3: 7ca8721 folded before Flop (didn't bet)
Seat 4: 85d554e1 (button) folded before Flop (didn't bet)
Seat 6: Hero (small blind) folded before Flop


Poker Hand #HD1199152722: Hold'em No Limit  ($0.02/$0.05) - 2023/04/11 20:19:17
Table 'NLHBlue7' 6-max Seat #3 is the button
Seat 1: f84c497d ($4.88 in chips)
Seat 2: f464f110 ($11.46 in chips)
Seat 3: 7ca8721 ($5.59 in chips)
Seat 4: 85d554e1 ($7.1 in chips)
Seat 6: Hero ($5.25 in chips)
85d554e1: posts small blind $0.02
Hero: posts big blind $0.05
*** HOLE CARDS ***
Dealt to f84c497d 
Dealt to f464f110 
Dealt to 7ca8721 
Dealt to 85d554e1 
Dealt to Hero [7s 8s]
f84c497d: folds
f464f110: raises $0.08 to $0.13
7ca8721: folds
85d554e1: folds
Hero: calls $0.08
*** FLOP *** [9s 4h Jc]
Hero: checks
f464f110: bets $0.1
Hero: calls $0.1
*** TURN *** [9s 4h Jc] [6s]
Hero: checks
f464f110: bets $0.4
Hero: calls $0.4
*** RIVER *** [9s 4h Jc 6s] [Qs]
Hero: bets $0.96
f464f110: calls $0.96
Hero: shows [7s 8s] (Queen High Flush)
f464f110: shows [Qh Qd] (Three Queens)
*** SHOWDOWN ***
Hero collected $3 from pot
*** SUMMARY ***
Total pot $3.2 | Rake $0.15 | Jackpot $0.05 | Bingo $0 | Fortune $0
Board [9s 4h Jc 6s Qs]
Seat 1: f84c497d folded before Flop (didn't bet)
Seat 2: f464f110 showed [Qh Qd] and lost with Three Queens
Seat 3: 7ca8721 (button) folded before Flop (didn't bet)
Seat 4: 85d554e1 (small blind) folded before Flop
Seat 6: Hero (big blind) showed [7s 8s] and won ($3) with Queen High Flush


Poker Hand #HD1199152645: Hold'em No Limit  ($0.02/$0.05) - 2023/04/11 20:18:41
Table 'NLHBlue7' 6-max Seat #2 is the button
Seat 1: f84c497d ($5 in chips)
Seat 2: f464f110 ($11.46 in chips)
Seat 3: 7ca8721 ($5.61 in chips)
Seat 4: 85d554e1 ($7.15 in chips)
Seat 5: a5ad11eb ($5 in chips)
Seat 6: Hero ($5.07 in chips)
7ca8721: posts small blind $0.02
85d554e1: posts big blind $0.05
*** HOLE CARDS ***
Dealt to f84c497d 
Dealt to f464f110 
Dealt to 7ca8721 
Dealt to 85d554e1 
Dealt to a5ad11eb 
Dealt to Hero [Qc Ad]
a5ad11eb: folds
Hero: raises $0.07 to $0.12
f84c497d: calls $0.12
f464f110: folds
7ca8721: folds
85d554e1: folds
*** FLOP *** [6d 4s Kc]
Hero: bets $0.14
f84c497d: folds
Uncalled bet ($0.14) returned to Hero
*** SHOWDOWN ***
Hero collected $0.3 from pot
*** SUMMARY ***
Total pot $0.31 | Rake $0.01 | Jackpot $0 | Bingo $0 | Fortune $0
Board [6d 4s Kc]
Seat 1: f84c497d folded on the Flop
Seat 2: f464f110 (button) folded before Flop (didn't bet)
Seat 3: 7ca8721 (small blind) folded before Flop
Seat 4: 85d554e1 (big blind) folded before Flop
Seat 5: a5ad11eb folded before Flop (didn't bet)
Seat 6: Hero won ($0.3)


Poker Hand #HD1199152572: Hold'em No Limit  ($0.02/$0.05) - 2023/04/11 20:18:04
Table 'NLHBlue7' 6-max Seat #1 is the button
Seat 1: f84c497d ($5 in chips)
Seat 2: f464f110 ($11.31 in chips)
Seat 3: 7ca8721 ($5.66 in chips)
Seat 4: 85d554e1 ($7.15 in chips)
Seat 5: a5ad11eb ($5.04 in chips)
Seat 6: Hero ($5.07 in chips)
f464f110: posts small blind $0.02
7ca8721: posts big blind $0.05
*** HOLE CARDS ***
Dealt to f84c497d 
Dealt to f464f110 
Dealt to 7ca8721 
Dealt to 85d554e1 
Dealt to a5ad11eb 
Dealt to Hero [3h 5s]
85d554e1: folds
a5ad11eb: raises $0.06 to $0.11
Hero: folds
f84c497d: folds
f464f110: calls $0.09
7ca8721: folds
*** FLOP *** [8s Ts 4s]
f464f110: checks
a5ad11eb: checks
*** TURN *** [8s Ts 4s] [8d]
f464f110: checks
a5ad11eb: checks
*** RIVER *** [8s Ts 4s 8d] [9d]
f464f110: checks
a5ad11eb: checks
f464f110: shows [8h Jh] (Three Eights)
a5ad11eb: shows [Th Qh] (Pair of Tens and Pair of Eights)
*** SHOWDOWN ***
f464f110 collected $0.26 from pot
*** SUMMARY ***
Total pot $0.27 | Rake $0.01 | Jackpot $0 | Bingo $0 | Fortune $0
Board [8s Ts 4s 8d 9d]
Seat 1: f84c497d (button) folded before Flop (didn't bet)
Seat 2: f464f110 (small blind) showed [8h Jh] and won ($0.26) with Three Eights
Seat 3: 7ca8721 (big blind) folded before Flop
Seat 4: 85d554e1 folded before Flop (didn't bet)
Seat 5: a5ad11eb showed [Th Qh] and lost with Pair of Tens and Pair of Eights
Seat 6: Hero folded before Flop (didn't bet)


Poker Hand #HD1199152494: Hold'em No Limit  ($0.02/$0.05) - 2023/04/11 20:17:23
Table 'NLHBlue7' 6-max Seat #6 is the button
Seat 1: f84c497d ($5.25 in chips)
Seat 2: f464f110 ($10.22 in chips)
Seat 3: 7ca8721 ($5.66 in chips)
Seat 4: 85d554e1 ($7.15 in chips)
Seat 5: a5ad11eb ($5.04 in chips)
Seat 6: Hero ($5.07 in chips)
f84c497d: posts small blind $0.02
f464f110: posts big blind $0.05
*** HOLE CARDS ***
Dealt to f84c497d 
Dealt to f464f110 
Dealt to 7ca8721 
Dealt to 85d554e1 
Dealt to a5ad11eb 
Dealt to Hero [4c Jh]
7ca8721: folds
85d554e1: folds
a5ad11eb: folds
Hero: folds
f84c497d: raises $0.05 to $0.1
f464f110: calls $0.05
*** FLOP *** [Ts 3s 2h]
f84c497d: bets $0.08
f464f110: calls $0.08
*** TURN *** [Ts 3s 2h] [3c]
f84c497d: bets $0.24
f464f110: calls $0.24
*** RIVER *** [Ts 3s 2h 3c] [4d]
f84c497d: bets $0.84
f464f110: calls $0.84
f84c497d: shows [8d Qd] (Pair of Treys)
f464f110: shows [Jc Td] (Pair of Tens and Pair of Treys)
*** SHOWDOWN ***
f464f110 collected $2.35 from pot
*** SUMMARY ***
Total pot $2.52 | Rake $0.12 | Jackpot $0.05 | Bingo $0 | Fortune $0
Board [Ts 3s 2h 3c 4d]
Seat 1: f84c497d (small blind) showed [8d Qd] and lost with Pair of Treys
Seat 2: f464f110 (big blind) showed [Jc Td] and won ($2.35) with Pair of Tens and Pair of Treys
Seat 3: 7ca8721 folded before Flop (didn't bet)
Seat 4: 85d554e1 folded before Flop (didn't bet)
Seat 5: a5ad11eb folded before Flop (didn't bet)
Seat 6: Hero (button) folded before Flop (didn't bet)


Poker Hand #HD1199152458: Hold'em No Limit  ($0.02/$0.05) - 2023/04/11 20:17:09
Table 'NLHBlue7' 6-max Seat #5 is the button
Seat 1: f84c497d ($5.23 in chips)
Seat 2: f464f110 ($10.22 in chips)
Seat 3: 7ca8721 ($5.66 in chips)
Seat 4: 85d554e1 ($7.15 in chips)
Seat 5: a5ad11eb ($5.04 in chips)
Seat 6: Hero ($5.09 in chips)
Hero: posts small blind $0.02
f84c497d: posts big blind $0.05
*** HOLE CARDS ***
Dealt to f84c497d 
Dealt to f464f110 
Dealt to 7ca8721 
Dealt to 85d554e1 
Dealt to a5ad11eb 
Dealt to Hero [Qs 8h]
f464f110: folds
7ca8721: folds
85d554e1: folds
a5ad11eb: folds
Hero: folds
Uncalled bet ($0.03) returned to f84c497d
*** SHOWDOWN ***
f84c497d collected $0.04 from pot
*** SUMMARY ***
Total pot $0.04 | Rake $0 | Jackpot $0 | Bingo $0 | Fortune $0
Seat 1: f84c497d (big blind) collected ($0.04)
Seat 2: f464f110 folded before Flop (didn't bet)
Seat 3: 7ca8721 folded before Flop (didn't bet)
Seat 4: 85d554e1 folded before Flop (didn't bet)
Seat 5: a5ad11eb (button) folded before Flop (didn't bet)
Seat 6: Hero (small blind) folded before Flop


Poker Hand #HD1199152430: Hold'em No Limit  ($0.02/$0.05) - 2023/04/11 20:16:53
Table 'NLHBlue7' 6-max Seat #4 is the button
Seat 1: f84c497d ($5.23 in chips)
Seat 2: f464f110 ($10.22 in chips)
Seat 3: 7ca8721 ($5.66 in chips)
Seat 4: 85d554e1 ($7.15 in chips)
Seat 5: a5ad11eb ($5.06 in chips)
Seat 6: Hero ($5.07 in chips)
a5ad11eb: posts small blind $0.02
Hero: posts big blind $0.05
*** HOLE CARDS ***
Dealt to f84c497d 
Dealt to f464f110 
Dealt to 7ca8721 
Dealt to 85d554e1 
Dealt to a5ad11eb 
Dealt to Hero [2h Jc]
f84c497d: folds
f464f110: folds
7ca8721: folds
85d554e1: folds
a5ad11eb: folds
Uncalled bet ($0.03) returned to Hero
*** SHOWDOWN ***
Hero collected $0.04 from pot
*** SUMMARY ***
Total pot $0.04 | Rake $0 | Jackpot $0 | Bingo $0 | Fortune $0
Seat 1: f84c497d folded before Flop (didn't bet)
Seat 2: f464f110 folded before Flop (didn't bet)
Seat 3: 7ca8721 folded before Flop (didn't bet)
Seat 4: 85d554e1 (button) folded before Flop (didn't bet)
Seat 5: a5ad11eb (small blind) folded before Flop
Seat 6: Hero (big blind) collected ($0.04)


Poker Hand #HD1199152324: Hold'em No Limit  ($0.02/$0.05) - 2023/04/11 20:16:01
Table 'NLHBlue7' 6-max Seat #3 is the button
Seat 1: f84c497d ($5.23 in chips)
Seat 2: f464f110 ($10.22 in chips)
Seat 3: 7ca8721 ($5.52 in chips)
Seat 4: 85d554e1 ($7.17 in chips)
Seat 5: a5ad11eb ($5.19 in chips)
Seat 6: Hero ($5.07 in chips)
85d554e1: posts small blind $0.02
a5ad11eb: posts big blind $0.05
*** HOLE CARDS ***
Dealt to f84c497d 
Dealt to f464f110 
Dealt to 7ca8721 
Dealt to 85d554e1 
Dealt to a5ad11eb 
Dealt to Hero [3d 6c]
Hero: folds
f84c497d: folds
f464f110: folds
7ca8721: raises $0.08 to $0.13
85d554e1: folds
a5ad11eb: calls $0.08
*** FLOP *** [2c Ah 7s]
a5ad11eb: checks
7ca8721: bets $0.16
a5ad11eb: folds
Uncalled bet ($0.16) returned to 7ca8721
*** SHOWDOWN ***
7ca8721 collected $0.27 from pot
*** SUMMARY ***
Total pot $0.28 | Rake $0.01 | Jackpot $0 | Bingo $0 | Fortune $0
Board [2c Ah 7s]
Seat 1: f84c497d folded before Flop (didn't bet)
Seat 2: f464f110 folded before Flop (didn't bet)
Seat 3: 7ca8721 (button) won ($0.27)
Seat 4: 85d554e1 (small blind) folded before Flop
Seat 5: a5ad11eb (big blind) folded on the Flop
Seat 6: Hero folded before Flop (didn't bet)


Poker Hand #HD1199152213: Hold'em No Limit  ($0.02/$0.05) - 2023/04/11 20:15:15
Table 'NLHBlue7' 6-max Seat #2 is the button
Seat 1: f84c497d ($5.33 in chips)
Seat 2: f464f110 ($10.06 in chips)
Seat 3: 7ca8721 ($5.54 in chips)
Seat 4: 85d554e1 ($7.22 in chips)
Seat 5: a5ad11eb ($5.19 in chips)
Seat 6: Hero ($5.07 in chips)
7ca8721: posts small blind $0.02
85d554e1: posts big blind $0.05
*** HOLE CARDS ***
Dealt to f84c497d 
Dealt to f464f110 
Dealt to 7ca8721 
Dealt to 85d554e1 
Dealt to a5ad11eb 
Dealt to Hero [Qc 3c]
a5ad11eb: folds
Hero: folds
f84c497d: raises $0.05 to $0.1
f464f110: raises $0.35 to $0.45
7ca8721: folds
85d554e1: folds
f84c497d: folds
Uncalled bet ($0.35) returned to f464f110
*** SHOWDOWN ***
f464f110 collected $0.26 from pot
*** SUMMARY ***
Total pot $0.27 | Rake $0.01 | Jackpot $0 | Bingo $0 | Fortune $0
Seat 1: f84c497d folded before Flop
Seat 2: f464f110 (button) collected ($0.26)
Seat 3: 7ca8721 (small blind) folded before Flop
Seat 4: 85d554e1 (big blind) folded before Flop
Seat 5: a5ad11eb folded before Flop (didn't bet)
Seat 6: Hero folded before Flop (didn't bet)


Poker Hand #HD1199152171: Hold'em No Limit  ($0.02/$0.05) - 2023/04/11 20:14:51
Table 'NLHBlue7' 6-max Seat #1 is the button
Seat 1: f84c497d ($5.33 in chips)
Seat 2: f464f110 ($10.08 in chips)
Seat 3: 7ca8721 ($5.59 in chips)
Seat 4: 85d554e1 ($7.22 in chips)
Seat 5: a5ad11eb ($5.19 in chips)
Seat 6: Hero ($5 in chips)
f464f110: posts small blind $0.02
7ca8721: posts big blind $0.05
*** HOLE CARDS ***
Dealt to f84c497d 
Dealt to f464f110 
Dealt to 7ca8721 
Dealt to 85d554e1 
Dealt to a5ad11eb 
Dealt to Hero [Jh Kh]
85d554e1: folds
a5ad11eb: folds
Hero: raises $0.07 to $0.12
f84c497d: folds
f464f110: folds
7ca8721: folds
Uncalled bet ($0.07) returned to Hero
*** SHOWDOWN ***
Hero collected $0.12 from pot
*** SUMMARY ***
Total pot $0.12 | Rake $0 | Jackpot $0 | Bingo $0 | Fortune $0
Seat 1: f84c497d (button) folded before Flop (didn't bet)
Seat 2: f464f110 (small blind) folded before Flop
Seat 3: 7ca8721 (big blind) folded before Flop
Seat 4: 85d554e1 folded before Flop (didn't bet)
Seat 5: a5ad11eb folded before Flop (didn't bet)
Seat 6: Hero collected ($0.12)


Poker Hand #HD1199152027: Hold'em No Limit  ($0.02/$0.05) - 2023/04/11 20:13:38
Table 'NLHBlue7' 6-max Seat #6 is the button
Seat 1: f84c497d ($5 in chips)
Seat 2: f464f110 ($10.13 in chips)
Seat 3: 7ca8721 ($5.59 in chips)
Seat 4: 85d554e1 ($7.53 in chips)
Seat 5: a5ad11eb ($5.19 in chips)
Seat 6: Hero ($5 in chips)
f84c497d: posts small blind $0.02
f464f110: posts big blind $0.05
*** HOLE CARDS ***
Dealt to f84c497d 
Dealt to f464f110 
Dealt to 7ca8721 
Dealt to 85d554e1 
Dealt to a5ad11eb 
Dealt to Hero [4s Js]
7ca8721: folds
85d554e1: raises $0.08 to $0.13
a5ad11eb: folds
Hero: folds
f84c497d: calls $0.11
f464f110: folds
*** FLOP *** [2c 7h As]
f84c497d: checks
85d554e1: bets $0.18
f84c497d: calls $0.18
*** TURN *** [2c 7h As] [Tc]
f84c497d: checks
85d554e1: checks
*** RIVER *** [2c 7h As Tc] [Td]
f84c497d: bets $0.67
85d554e1: folds
Uncalled bet ($0.67) returned to f84c497d
*** SHOWDOWN ***
f84c497d collected $0.64 from pot
*** SUMMARY ***
Total pot $0.67 | Rake $0.03 | Jackpot $0 | Bingo $0 | Fortune $0
Board [2c 7h As Tc Td]
Seat 1: f84c497d (small blind) won ($0.64)
Seat 2: f464f110 (big blind) folded before Flop
Seat 3: 7ca8721 folded before Flop (didn't bet)
Seat 4: 85d554e1 folded on the River
Seat 5: a5ad11eb folded before Flop (didn't bet)
Seat 6: Hero (button) folded before Flop (didn't bet)


Poker Hand #HD1199151867: Hold'em No Limit  ($0.02/$0.05) - 2023/04/11 20:12:18
Table 'NLHBlue7' 6-max Seat #5 is the button
Seat 1: f84c497d ($5.57 in chips)
Seat 2: f464f110 ($7.8 in chips)
Seat 3: 7ca8721 ($5.59 in chips)
Seat 4: 85d554e1 ($7.53 in chips)
Seat 5: a5ad11eb ($5.19 in chips)
Seat 6: Hero ($5 in chips)
Hero: posts small blind $0.02
f84c497d: posts big blind $0.05
*** HOLE CARDS ***
Dealt to f84c497d 
Dealt to f464f110 
Dealt to 7ca8721 
Dealt to 85d554e1 
Dealt to a5ad11eb 
Dealt to Hero [Kd 6c]
f464f110: raises $0.08 to $0.13
7ca8721: folds
85d554e1: folds
a5ad11eb: folds
Hero: folds
f84c497d: calls $0.08
*** FLOP *** [Tc Ac 2h]
f84c497d: checks
f464f110: checks
*** TURN *** [Tc Ac 2h] [4c]
f84c497d: checks
f464f110: bets $0.21
f84c497d: calls $0.21
*** RIVER *** [Tc Ac 2h 4c] [Kh]
f84c497d: bets $0.7
f464f110: raises $1.58 to $2.28
f84c497d: calls $1.58
f464f110: shows [Kc Jc] (Ace High Flush)
f84c497d: shows [Qh Js] (Aces-High Straight)
*** SHOWDOWN ***
f464f110 collected $4.95 from pot
*** SUMMARY ***
Total pot $5.26 | Rake $0.26 | Jackpot $0.05 | Bingo $0 | Fortune $0
Board [Tc Ac 2h 4c Kh]
Seat 1: f84c497d (big blind) showed [Qh Js] and lost with Aces-High Straight
Seat 2: f464f110 showed [Kc Jc] and won ($4.95) with Ace High Flush
Seat 3: 7ca8721 folded before Flop (didn't bet)
Seat 4: 85d554e1 folded before Flop (didn't bet)
Seat 5: a5ad11eb (button) folded before Flop (didn't bet)
Seat 6: Hero (small blind) folded before Flop


Poker Hand #HD1199151714: Hold'em No Limit  ($0.02/$0.05) - 2023/04/11 20:10:52
Table 'NLHBlue7' 6-max Seat #4 is the button
Seat 1: f84c497d ($5.57 in chips)
Seat 2: f464f110 ($7.8 in chips)
Seat 3: 7ca8721 ($5.59 in chips)
Seat 4: 85d554e1 ($6.33 in chips)
Seat 5: a5ad11eb ($5.21 in chips)
Seat 6: Hero ($5.07 in chips)
a5ad11eb: posts small blind $0.02
Hero: posts big blind $0.05
*** HOLE CARDS ***
Dealt to f84c497d 
Dealt to f464f110 
Dealt to 7ca8721 
Dealt to 85d554e1 
Dealt to a5ad11eb 
Dealt to Hero [Ah Jh]
f84c497d: folds
f464f110: folds
7ca8721: folds
85d554e1: raises $0.08 to $0.13
a5ad11eb: folds
Hero: raises $0.39 to $0.52
85d554e1: raises $0.84 to $1.36
Hero: calls $0.84
*** FLOP *** [6h 3d 4d]
Hero: checks
85d554e1: checks
*** TURN *** [6h 3d 4d] [2d]
Hero: checks
85d554e1: checks
*** RIVER *** [6h 3d 4d 2d] [Kc]
Hero: checks
85d554e1: bets $1.51
Hero: folds
Uncalled bet ($1.51) returned to 85d554e1
*** SHOWDOWN ***
85d554e1 collected $2.56 from pot
*** SUMMARY ***
Total pot $2.74 | Rake $0.13 | Jackpot $0.05 | Bingo $0 | Fortune $0
Board [6h 3d 4d 2d Kc]
Seat 1: f84c497d folded before Flop (didn't bet)
Seat 2: f464f110 folded before Flop (didn't bet)
Seat 3: 7ca8721 folded before Flop (didn't bet)
Seat 4: 85d554e1 (button) won ($2.56)
Seat 5: a5ad11eb (small blind) folded before Flop
Seat 6: Hero (big blind) folded on the River


Poker Hand #HD1199151682: Hold'em No Limit  ($0.02/$0.05) - 2023/04/11 20:10:37
Table 'NLHBlue7' 6-max Seat #3 is the button
Seat 1: f84c497d ($5.57 in chips)
Seat 2: f464f110 ($7.8 in chips)
Seat 3: 7ca8721 ($5.59 in chips)
Seat 4: 85d554e1 ($6.35 in chips)
Seat 5: a5ad11eb ($5.26 in chips)
Seat 6: Hero ($5 in chips)
85d554e1: posts small blind $0.02
a5ad11eb: posts big blind $0.05
*** HOLE CARDS ***
Dealt to f84c497d 
Dealt to f464f110 
Dealt to 7ca8721 
Dealt to 85d554e1 
Dealt to a5ad11eb 
Dealt to Hero [Td Tc]
Hero: raises $0.07 to $0.12
f84c497d: folds
f464f110: folds
7ca8721: folds
85d554e1: folds
a5ad11eb: folds
Uncalled bet ($0.07) returned to Hero
*** SHOWDOWN ***
Hero collected $0.12 from pot
*** SUMMARY ***
Total pot $0.12 | Rake $0 | Jackpot $0 | Bingo $0 | Fortune $0
Seat 1: f84c497d folded before Flop (didn't bet)
Seat 2: f464f110 folded before Flop (didn't bet)
Seat 3: 7ca8721 (button) folded before Flop (didn't bet)
Seat 4: 85d554e1 (small blind) folded before Flop
Seat 5: a5ad11eb (big blind) folded before Flop
Seat 6: Hero collected ($0.12)


Poker Hand #HD1199151639: Hold'em No Limit  ($0.02/$0.05) - 2023/04/11 20:10:16
Table 'NLHBlue7' 6-max Seat #2 is the button
Seat 1: f84c497d ($5.57 in chips)
Seat 2: f464f110 ($7.8 in chips)
Seat 3: 7ca8721 ($5.61 in chips)
Seat 4: 85d554e1 ($6.33 in chips)
Seat 5: a5ad11eb ($5.26 in chips)
Seat 6: Hero ($5 in chips)
7ca8721: posts small blind $0.02
85d554e1: posts big blind $0.05
*** HOLE CARDS ***
Dealt to f84c497d 
Dealt to f464f110 
Dealt to 7ca8721 
Dealt to 85d554e1 
Dealt to a5ad11eb 
Dealt to Hero [9h Qc]
a5ad11eb: folds
Hero: folds
f84c497d: folds
f464f110: folds
7ca8721: folds
Uncalled bet ($0.03) returned to 85d554e1
*** SHOWDOWN ***
85d554e1 collected $0.04 from pot
*** SUMMARY ***
Total pot $0.04 | Rake $0 | Jackpot $0 | Bingo $0 | Fortune $0
Seat 1: f84c497d folded before Flop (didn't bet)
Seat 2: f464f110 (button) folded before Flop (didn't bet)
Seat 3: 7ca8721 (small blind) folded before Flop
Seat 4: 85d554e1 (big blind) collected ($0.04)
Seat 5: a5ad11eb folded before Flop (didn't bet)
Seat 6: Hero folded before Flop (didn't bet)


Poker Hand #HD1199151583: Hold'em No Limit  ($0.02/$0.05) - 2023/04/11 20:09:51
Table 'NLHBlue7' 6-max Seat #1 is the button
Seat 1: f84c497d ($5.57 in chips)
Seat 2: f464f110 ($7.82 in chips)
Seat 3: 7ca8721 ($5.66 in chips)
Seat 4: 85d554e1 ($6.33 in chips)
Seat 5: a5ad11eb ($5.19 in chips)
Seat 6: Hero ($5 in chips)
f464f110: posts small blind $0.02
7ca8721: posts big blind $0.05
*** HOLE CARDS ***
Dealt to f84c497d 
Dealt to f464f110 
Dealt to 7ca8721 
Dealt to 85d554e1 
Dealt to a5ad11eb 
Dealt to Hero [Th 5d]
85d554e1: folds
a5ad11eb: raises $0.06 to $0.11
Hero: folds
f84c497d: folds
f464f110: folds
7ca8721: folds
Uncalled bet ($0.06) returned to a5ad11eb
*** SHOWDOWN ***
a5ad11eb collected $0.12 from pot
*** SUMMARY ***
Total pot $0.12 | Rake $0 | Jackpot $0 | Bingo $0 | Fortune $0
Seat 1: f84c497d (button) folded before Flop (didn't bet)
Seat 2: f464f110 (small blind) folded before Flop
Seat 3: 7ca8721 (big blind) folded before Flop
Seat 4: 85d554e1 folded before Flop (didn't bet)
Seat 5: a5ad11eb collected ($0.12)
Seat 6: Hero folded before Flop (didn't bet)


Poker Hand #HD1199151559: Hold'em No Limit  ($0.02/$0.05) - 2023/04/11 20:09:35
Table 'NLHBlue7' 6-max Seat #6 is the button
Seat 1: f84c497d ($5.59 in chips)
Seat 2: f464f110 ($7.8 in chips)
Seat 3: 7ca8721 ($5.66 in chips)
Seat 4: 85d554e1 ($6.33 in chips)
Seat 5: a5ad11eb ($5.19 in chips)
Seat 6: Hero ($5 in chips)
f84c497d: posts small blind $0.02
f464f110: posts big blind $0.05
*** HOLE CARDS ***
Dealt to f84c497d 
Dealt to f464f110 
Dealt to 7ca8721 
Dealt to 85d554e1 
Dealt to a5ad11eb 
Dealt to Hero [3s 4h]
7ca8721: folds
85d554e1: folds
a5ad11eb: folds
Hero: folds
f84c497d: folds
Uncalled bet ($0.03) returned to f464f110
*** SHOWDOWN ***
f464f110 collected $0.04 from pot
*** SUMMARY ***
Total pot $0.04 | Rake $0 | Jackpot $0 | Bingo $0 | Fortune $0
Seat 1: f84c497d (small blind) folded before Flop
Seat 2: f464f110 (big blind) collected ($0.04)
Seat 3: 7ca8721 folded before Flop (didn't bet)
Seat 4: 85d554e1 folded before Flop (didn't bet)
Seat 5: a5ad11eb folded before Flop (didn't bet)
Seat 6: Hero (button) folded before Flop (didn't bet)


Poker Hand #HD1199151431: Hold'em No Limit  ($0.02/$0.05) - 2023/04/11 20:08:40
Table 'NLHBlue7' 6-max Seat #5 is the button
Seat 1: f84c497d ($5 in chips)
Seat 2: f464f110 ($7.8 in chips)
Seat 3: 7ca8721 ($5.66 in chips)
Seat 4: 85d554e1 ($6.33 in chips)
Seat 5: a5ad11eb ($5.19 in chips)
Seat 6: Hero ($5 in chips)
Hero: posts small blind $0.02
f84c497d: posts big blind $0.05
*** HOLE CARDS ***
Dealt to f84c497d 
Dealt to f464f110 
Dealt to 7ca8721 
Dealt to 85d554e1 
Dealt to a5ad11eb 
Dealt to Hero [9d Jd]
f464f110: folds
7ca8721: folds
85d554e1: folds
a5ad11eb: folds
Hero: raises $0.09 to $0.14
f84c497d: calls $0.09
*** FLOP *** [Td Js Ts]
Hero: bets $0.14
f84c497d: calls $0.14
*** TURN *** [Td Js Ts] [As]
Hero: checks
f84c497d: bets $0.37
Hero: calls $0.37
*** RIVER *** [Td Js Ts As] [Qd]
Hero: checks
f84c497d: bets $0.86
Hero: folds
Uncalled bet ($0.86) returned to f84c497d
*** SHOWDOWN ***
f84c497d collected $1.24 from pot
*** SUMMARY ***
Total pot $1.3 | Rake $0.06 | Jackpot $0 | Bingo $0 | Fortune $0
Board [Td Js Ts As Qd]
Seat 1: f84c497d (big blind) won ($1.24)
Seat 2: f464f110 folded before Flop (didn't bet)
Seat 3: 7ca8721 folded before Flop (didn't bet)
Seat 4: 85d554e1 folded before Flop (didn't bet)
Seat 5: a5ad11eb (button) folded before Flop (didn't bet)
Seat 6: Hero (small blind) folded on the River


Poker Hand #HD1199151400: Hold'em No Limit  ($0.02/$0.05) - 2023/04/11 20:08:25
Table 'NLHBlue7' 6-max Seat #4 is the button
Seat 2: f464f110 ($7.8 in chips)
Seat 3: 7ca8721 ($5.59 in chips)
Seat 4: 85d554e1 ($6.33 in chips)
Seat 5: a5ad11eb ($5.21 in chips)
Seat 6: Hero ($5 in chips)
a5ad11eb: posts small blind $0.02
Hero: posts big blind $0.05
*** HOLE CARDS ***
Dealt to f464f110 
Dealt to 7ca8721 
Dealt to 85d554e1 
Dealt to a5ad11eb 
Dealt to Hero [4s 8s]
f464f110: folds
7ca8721: raises $0.1 to $0.15
85d554e1: folds
a5ad11eb: folds
Hero: folds
Uncalled bet ($0.1) returned to 7ca8721
*** SHOWDOWN ***
7ca8721 collected $0.12 from pot
*** SUMMARY ***
Total pot $0.12 | Rake $0 | Jackpot $0 | Bingo $0 | Fortune $0
Seat 2: f464f110 folded before Flop (didn't bet)
Seat 3: 7ca8721 collected ($0.12)
Seat 4: 85d554e1 (button) folded before Flop (didn't bet)
Seat 5: a5ad11eb (small blind) folded before Flop
Seat 6: Hero (big blind) folded before Flop


Poker Hand #HD1199151333: Hold'em No Limit  ($0.02/$0.05) - 2023/04/11 20:07:58
Table 'NLHBlue7' 6-max Seat #3 is the button
Seat 2: f464f110 ($7.8 in chips)
Seat 3: 7ca8721 ($5.59 in chips)
Seat 4: 85d554e1 ($6.48 in chips)
Seat 5: a5ad11eb ($5.07 in chips)
Seat 6: Hero ($5 in chips)
85d554e1: posts small blind $0.02
a5ad11eb: posts big blind $0.05
*** HOLE CARDS ***
Dealt to f464f110 
Dealt to 7ca8721 
Dealt to 85d554e1 
Dealt to a5ad11eb 
Dealt to Hero [7c 2s]
Hero: folds
f464f110: folds
7ca8721: folds
85d554e1: raises $0.1 to $0.15
a5ad11eb: raises $0.3 to $0.45
85d554e1: folds
Uncalled bet ($0.3) returned to a5ad11eb
*** SHOWDOWN ***
a5ad11eb collected $0.29 from pot
*** SUMMARY ***
Total pot $0.3 | Rake $0.01 | Jackpot $0 | Bingo $0 | Fortune $0
Seat 2: f464f110 folded before Flop (didn't bet)
Seat 3: 7ca8721 (button) folded before Flop (didn't bet)
Seat 4: 85d554e1 (small blind) folded before Flop
Seat 5: a5ad11eb (big blind) collected ($0.29)
Seat 6: Hero folded before Flop (didn't bet)


Poker Hand #HD1199151317: Hold'em No Limit  ($0.02/$0.05) - 2023/04/11 20:07:48
Table 'NLHBlue7' 6-max Seat #2 is the button
Seat 1: f47dca59 ($4.48 in chips)
Seat 2: f464f110 ($7.8 in chips)
Seat 3: 7ca8721 ($5.61 in chips)
Seat 4: 85d554e1 ($6.46 in chips)
Seat 5: a5ad11eb ($5.07 in chips)
Seat 6: Hero ($5 in chips)
7ca8721: posts small blind $0.02
85d554e1: posts big blind $0.05
*** HOLE CARDS ***
Dealt to f47dca59 
Dealt to f464f110 
Dealt to 7ca8721 
Dealt to 85d554e1 
Dealt to a5ad11eb 
Dealt to Hero [Th 5c]
a5ad11eb: folds
Hero: folds
f47dca59: folds
f464f110: folds
7ca8721: folds
Uncalled bet ($0.03) returned to 85d554e1
*** SHOWDOWN ***
85d554e1 collected $0.04 from pot
*** SUMMARY ***
Total pot $0.04 | Rake $0 | Jackpot $0 | Bingo $0 | Fortune $0
Seat 1: f47dca59 folded before Flop (didn't bet)
Seat 2: f464f110 (button) folded before Flop (didn't bet)
Seat 3: 7ca8721 (small blind) folded before Flop
Seat 4: 85d554e1 (big blind) collected ($0.04)
Seat 5: a5ad11eb folded before Flop (didn't bet)
Seat 6: Hero folded before Flop (didn't bet)


Poker Hand #HD1199151257: Hold'em No Limit  ($0.02/$0.05) - 2023/04/11 20:07:22
Table 'NLHBlue7' 6-max Seat #1 is the button
Seat 1: f47dca59 ($4.48 in chips)
Seat 2: f464f110 ($7.82 in chips)
Seat 3: 7ca8721 ($5.59 in chips)
Seat 4: 85d554e1 ($6.46 in chips)
Seat 5: a5ad11eb ($5.07 in chips)
Seat 6: Hero ($5 in chips)
f464f110: posts small blind $0.02
7ca8721: posts big blind $0.05
*** HOLE CARDS ***
Dealt to f47dca59 
Dealt to f464f110 
Dealt to 7ca8721 
Dealt to 85d554e1 
Dealt to a5ad11eb 
Dealt to Hero [6c Js]
85d554e1: folds
a5ad11eb: folds
Hero: folds
f47dca59: folds
f464f110: folds
Uncalled bet ($0.03) returned to 7ca8721
*** SHOWDOWN ***
7ca8721 collected $0.04 from pot
*** SUMMARY ***
Total pot $0.04 | Rake $0 | Jackpot $0 | Bingo $0 | Fortune $0
Seat 1: f47dca59 (button) folded before Flop (didn't bet)
Seat 2: f464f110 (small blind) folded before Flop
Seat 3: 7ca8721 (big blind) collected ($0.04)
Seat 4: 85d554e1 folded before Flop (didn't bet)
Seat 5: a5ad11eb folded before Flop (didn't bet)
Seat 6: Hero folded before Flop (didn't bet)


Poker Hand #HD1199151218: Hold'em No Limit  ($0.02/$0.05) - 2023/04/11 20:07:05
Table 'NLHBlue7' 6-max Seat #6 is the button
Seat 1: f47dca59 ($4.5 in chips)
Seat 2: f464f110 ($7.87 in chips)
Seat 3: 7ca8721 ($5.59 in chips)
Seat 4: 85d554e1 ($6.46 in chips)
Seat 5: a5ad11eb ($5 in chips)
Seat 6: Hero ($5 in chips)
f47dca59: posts small blind $0.02
f464f110: posts big blind $0.05
*** HOLE CARDS ***
Dealt to f47dca59 
Dealt to f464f110 
Dealt to 7ca8721 
Dealt to 85d554e1 
Dealt to a5ad11eb 
Dealt to Hero [As 2h]
7ca8721: folds
85d554e1: folds
a5ad11eb: raises $0.06 to $0.11
Hero: folds
f47dca59: folds
f464f110: folds
Uncalled bet ($0.06) returned to a5ad11eb
*** SHOWDOWN ***
a5ad11eb collected $0.12 from pot
*** SUMMARY ***
Total pot $0.12 | Rake $0 | Jackpot $0 | Bingo $0 | Fortune $0
Seat 1: f47dca59 (small blind) folded before Flop
Seat 2: f464f110 (big blind) folded before Flop
Seat 3: 7ca8721 folded before Flop (didn't bet)
Seat 4: 85d554e1 folded before Flop (didn't bet)
Seat 5: a5ad11eb collected ($0.12)
Seat 6: Hero (button) folded before Flop (didn't bet)


Poker Hand #HD1199151170: Hold'em No Limit  ($0.02/$0.05) - 2023/04/11 20:06:42
Table 'NLHBlue7' 6-max Seat #5 is the button
Seat 1: f47dca59 ($4.36 in chips)
Seat 2: f464f110 ($7.87 in chips)
Seat 3: 7ca8721 ($5.59 in chips)
Seat 4: 85d554e1 ($6.46 in chips)
Seat 5: a5ad11eb ($5 in chips)
Seat 6: Hero ($5.02 in chips)
Hero: posts small blind $0.02
f47dca59: posts big blind $0.05
*** HOLE CARDS ***
Dealt to f47dca59 
Dealt to f464f110 
Dealt to 7ca8721 
Dealt to 85d554e1 
Dealt to a5ad11eb 
Dealt to Hero [7s 4c]
f464f110: folds
7ca8721: folds
85d554e1: folds
a5ad11eb: raises $0.08 to $0.13
Hero: folds
f47dca59: raises $0.28 to $0.41
a5ad11eb: folds
Uncalled bet ($0.28) returned to f47dca59
*** SHOWDOWN ***
f47dca59 collected $0.27 from pot
*** SUMMARY ***
Total pot $0.28 | Rake $0.01 | Jackpot $0 | Bingo $0 | Fortune $0
Seat 1: f47dca59 (big blind) collected ($0.27)
Seat 2: f464f110 folded before Flop (didn't bet)
Seat 3: 7ca8721 folded before Flop (didn't bet)
Seat 4: 85d554e1 folded before Flop (didn't bet)
Seat 5: a5ad11eb (button) folded before Flop
Seat 6: Hero (small blind) folded before Flop


Poker Hand #HD1199151118: Hold'em No Limit  ($0.02/$0.05) - 2023/04/11 20:06:18
Table 'NLHBlue7' 6-max Seat #4 is the button
Seat 1: f47dca59 ($4.36 in chips)
Seat 2: f464f110 ($7.87 in chips)
Seat 3: 7ca8721 ($5.59 in chips)
Seat 4: 85d554e1 ($6.46 in chips)
Seat 5: a5ad11eb ($5 in chips)
Seat 6: Hero ($5 in chips)
a5ad11eb: posts small blind $0.02
Hero: posts big blind $0.05
*** HOLE CARDS ***
Dealt to f47dca59 
Dealt to f464f110 
Dealt to 7ca8721 
Dealt to 85d554e1 
Dealt to a5ad11eb 
Dealt to Hero [3d Jd]
f47dca59: folds
f464f110: folds
7ca8721: folds
85d554e1: folds
a5ad11eb: folds
Uncalled bet ($0.03) returned to Hero
*** SHOWDOWN ***
Hero collected $0.04 from pot
*** SUMMARY ***
Total pot $0.04 | Rake $0 | Jackpot $0 | Bingo $0 | Fortune $0
Seat 1: f47dca59 folded before Flop (didn't bet)
Seat 2: f464f110 folded before Flop (didn't bet)
Seat 3: 7ca8721 folded before Flop (didn't bet)
Seat 4: 85d554e1 (button) folded before Flop (didn't bet)
Seat 5: a5ad11eb (small blind) folded before Flop
Seat 6: Hero (big blind) collected ($0.04)


Poker Hand #HD1199150981: Hold'em No Limit  ($0.02/$0.05) - 2023/04/11 20:05:12
Table 'NLHBlue7' 6-max Seat #3 is the button
Seat 1: f47dca59 ($4.36 in chips)
Seat 2: f464f110 ($7.87 in chips)
Seat 3: 7ca8721 ($5 in chips)
Seat 4: 85d554e1 ($6.48 in chips)
Seat 5: a5ad11eb ($5.23 in chips)
Seat 6: Hero ($5 in chips)
85d554e1: posts small blind $0.02
a5ad11eb: posts big blind $0.05
*** HOLE CARDS ***
Dealt to f47dca59 
Dealt to f464f110 
Dealt to 7ca8721 
Dealt to 85d554e1 
Dealt to a5ad11eb 
Dealt to Hero [Qs Jc]
Hero: folds
f47dca59: folds
f464f110: folds
7ca8721: raises $0.08 to $0.13
85d554e1: folds
a5ad11eb: calls $0.08
*** FLOP *** [Kd 9d 6d]
a5ad11eb: checks
7ca8721: bets $0.16
a5ad11eb: calls $0.16
*** TURN *** [Kd 9d 6d] [6c]
a5ad11eb: checks
7ca8721: checks
*** RIVER *** [Kd 9d 6d 6c] [Td]
a5ad11eb: checks
7ca8721: bets $0.34
a5ad11eb: calls $0.34
7ca8721: shows [Ad 7s] (Ace High Flush)
a5ad11eb: shows [Ts Qd] (King High Flush)
*** SHOWDOWN ***
7ca8721 collected $1.22 from pot
*** SUMMARY ***
Total pot $1.28 | Rake $0.06 | Jackpot $0 | Bingo $0 | Fortune $0
Board [Kd 9d 6d 6c Td]
Seat 1: f47dca59 folded before Flop (didn't bet)
Seat 2: f464f110 folded before Flop (didn't bet)
Seat 3: 7ca8721 (button) showed [Ad 7s] and won ($1.22) with Ace High Flush
Seat 4: 85d554e1 (small blind) folded before Flop
Seat 5: a5ad11eb (big blind) showed [Ts Qd] and lost with King High Flush
Seat 6: Hero folded before Flop (didn't bet)


Poker Hand #HD1199150940: Hold'em No Limit  ($0.02/$0.05) - 2023/04/11 20:04:56
Table 'NLHBlue7' 6-max Seat #2 is the button
Seat 1: f47dca59 ($4.29 in chips)
Seat 2: f464f110 ($7.87 in chips)
Seat 3: 7ca8721 ($5 in chips)
Seat 4: 85d554e1 ($6.53 in chips)
Seat 5: a5ad11eb ($5.23 in chips)
Seat 6: Hero ($5 in chips)
7ca8721: posts small blind $0.02
85d554e1: posts big blind $0.05
*** HOLE CARDS ***
Dealt to f47dca59 
Dealt to f464f110 
Dealt to 7ca8721 
Dealt to 85d554e1 
Dealt to a5ad11eb 
Dealt to Hero [6c Kc]
a5ad11eb: folds
Hero: folds
f47dca59: raises $0.06 to $0.11
f464f110: folds
7ca8721: folds
85d554e1: folds
Uncalled bet ($0.06) returned to f47dca59
*** SHOWDOWN ***
f47dca59 collected $0.12 from pot
*** SUMMARY ***
Total pot $0.12 | Rake $0 | Jackpot $0 | Bingo $0 | Fortune $0
Seat 1: f47dca59 collected ($0.12)
Seat 2: f464f110 (button) folded before Flop (didn't bet)
Seat 3: 7ca8721 (small blind) folded before Flop
Seat 4: 85d554e1 (big blind) folded before Flop
Seat 5: a5ad11eb folded before Flop (didn't bet)
Seat 6: Hero folded before Flop (didn't bet)


Poker Hand #HD1199150889: Hold'em No Limit  ($0.02/$0.05) - 2023/04/11 20:04:29
Table 'NLHBlue7' 6-max Seat #1 is the button
Seat 1: f47dca59 ($4.22 in chips)
Seat 2: f464f110 ($7.89 in chips)
Seat 3: 7ca8721 ($5 in chips)
Seat 4: 85d554e1 ($6.53 in chips)
Seat 5: a5ad11eb ($5.23 in chips)
Seat 6: Hero ($5 in chips)
f464f110: posts small blind $0.02
7ca8721: posts big blind $0.05
*** HOLE CARDS ***
Dealt to f47dca59 
Dealt to f464f110 
Dealt to 7ca8721 
Dealt to 85d554e1 
Dealt to a5ad11eb 
Dealt to Hero [4c Kh]
85d554e1: folds
a5ad11eb: folds
Hero: folds
f47dca59: raises $0.06 to $0.11
f464f110: folds
7ca8721: folds
Uncalled bet ($0.06) returned to f47dca59
*** SHOWDOWN ***
f47dca59 collected $0.12 from pot
*** SUMMARY ***
Total pot $0.12 | Rake $0 | Jackpot $0 | Bingo $0 | Fortune $0
Seat 1: f47dca59 (button) collected ($0.12)
Seat 2: f464f110 (small blind) folded before Flop
Seat 3: 7ca8721 (big blind) folded before Flop
Seat 4: 85d554e1 folded before Flop (didn't bet)
Seat 5: a5ad11eb folded before Flop (didn't bet)
Seat 6: Hero folded before Flop (didn't bet)


Poker Hand #HD1199150873: Hold'em No Limit  ($0.02/$0.05) - 2023/04/11 20:04:22
Table 'NLHBlue7' 6-max Seat #6 is the button
Seat 1: f47dca59 ($4.24 in chips)
Seat 2: f464f110 ($7.87 in chips)
Seat 4: 85d554e1 ($6.53 in chips)
Seat 5: a5ad11eb ($5.23 in chips)
Seat 6: Hero ($5 in chips)
f47dca59: posts small blind $0.02
f464f110: posts big blind $0.05
*** HOLE CARDS ***
Dealt to f47dca59 
Dealt to f464f110 
Dealt to 85d554e1 
Dealt to a5ad11eb 
Dealt to Hero [6h 9s]
85d554e1: folds
a5ad11eb: folds
Hero: folds
f47dca59: folds
Uncalled bet ($0.03) returned to f464f110
*** SHOWDOWN ***
f464f110 collected $0.04 from pot
*** SUMMARY ***
Total pot $0.04 | Rake $0 | Jackpot $0 | Bingo $0 | Fortune $0
Seat 1: f47dca59 (small blind) folded before Flop
Seat 2: f464f110 (big blind) collected ($0.04)
Seat 4: 85d554e1 folded before Flop (didn't bet)
Seat 5: a5ad11eb folded before Flop (didn't bet)
Seat 6: Hero (button) folded before Flop (didn't bet)


Poker Hand #HD1199150826: Hold'em No Limit  ($0.02/$0.05) - 2023/04/11 20:04:01
Table 'NLHBlue7' 6-max Seat #5 is the button
Seat 1: f47dca59 ($4.22 in chips)
Seat 2: f464f110 ($7.87 in chips)
Seat 4: 85d554e1 ($6.53 in chips)
Seat 5: a5ad11eb ($5.23 in chips)
Seat 6: Hero ($5 in chips)
Hero: posts small blind $0.02
f47dca59: posts big blind $0.05
*** HOLE CARDS ***
Dealt to f47dca59 
Dealt to f464f110 
Dealt to 85d554e1 
Dealt to a5ad11eb 
Dealt to Hero [4s 3c]
f464f110: folds
85d554e1: folds
a5ad11eb: folds
Hero: folds
Uncalled bet ($0.03) returned to f47dca59
*** SHOWDOWN ***
f47dca59 collected $0.04 from pot
*** SUMMARY ***
Total pot $0.04 | Rake $0 | Jackpot $0 | Bingo $0 | Fortune $0
Seat 1: f47dca59 (big blind) collected ($0.04)
Seat 2: f464f110 folded before Flop (didn't bet)
Seat 4: 85d554e1 folded before Flop (didn't bet)
Seat 5: a5ad11eb (button) folded before Flop (didn't bet)
Seat 6: Hero (small blind) folded before Flop


Poker Hand #HD1199150724: Hold'em No Limit  ($0.02/$0.05) - 2023/04/11 20:03:18
Table 'NLHBlue7' 6-max Seat #4 is the button
Seat 1: f47dca59 ($4.33 in chips)
Seat 2: f464f110 ($7.7 in chips)
Seat 4: 85d554e1 ($6.53 in chips)
Seat 5: a5ad11eb ($5.25 in chips)
Seat 6: Hero ($5 in chips)
a5ad11eb: posts small blind $0.02
Hero: posts big blind $0.05
*** HOLE CARDS ***
Dealt to f47dca59 
Dealt to f464f110 
Dealt to 85d554e1 
Dealt to a5ad11eb 
Dealt to Hero [Qd 2c]
f47dca59: raises $0.06 to $0.11
f464f110: calls $0.11
85d554e1: folds
a5ad11eb: folds
Hero: folds
*** FLOP *** [7h 5d 6d]
f47dca59: checks
f464f110: checks
*** TURN *** [7h 5d 6d] [Qh]
f47dca59: checks
f464f110: bets $0.15
f47dca59: folds
Uncalled bet ($0.15) returned to f464f110
*** SHOWDOWN ***
f464f110 collected $0.28 from pot
*** SUMMARY ***
Total pot $0.29 | Rake $0.01 | Jackpot $0 | Bingo $0 | Fortune $0
Board [7h 5d 6d Qh]
Seat 1: f47dca59 folded on the Turn
Seat 2: f464f110 won ($0.28)
Seat 4: 85d554e1 (button) folded before Flop (didn't bet)
Seat 5: a5ad11eb (small blind) folded before Flop
Seat 6: Hero (big blind) folded before Flop


Poker Hand #HD1199150640: Hold'em No Limit  ($0.02/$0.05) - 2023/04/11 20:02:38
Table 'NLHBlue7' 6-max Seat #2 is the button
Seat 1: f47dca59 ($4.33 in chips)
Seat 2: f464f110 ($7.59 in chips)
Seat 4: 85d554e1 ($6.55 in chips)
Seat 5: a5ad11eb ($5.35 in chips)
Seat 6: Hero ($5 in chips)
85d554e1: posts small blind $0.02
a5ad11eb: posts big blind $0.05
*** HOLE CARDS ***
Dealt to f47dca59 
Dealt to f464f110 
Dealt to 85d554e1 
Dealt to a5ad11eb 
Dealt to Hero [2s 7h]
Hero: folds
f47dca59: folds
f464f110: raises $0.05 to $0.1
85d554e1: folds
a5ad11eb: calls $0.05
*** FLOP *** [7d 6h 6s]
a5ad11eb: checks
f464f110: checks
*** TURN *** [7d 6h 6s] [Kc]
a5ad11eb: checks
f464f110: bets $0.17
a5ad11eb: folds
Uncalled bet ($0.17) returned to f464f110
*** SHOWDOWN ***
f464f110 collected $0.21 from pot
*** SUMMARY ***
Total pot $0.22 | Rake $0.01 | Jackpot $0 | Bingo $0 | Fortune $0
Board [7d 6h 6s Kc]
Seat 1: f47dca59 folded before Flop (didn't bet)
Seat 2: f464f110 (button) won ($0.21)
Seat 4: 85d554e1 (small blind) folded before Flop
Seat 5: a5ad11eb (big blind) folded on the Turn
Seat 6: Hero folded before Flop (didn't bet)


Poker Hand #HD1199150559: Hold'em No Limit  ($0.02/$0.05) - 2023/04/11 20:02:01
Table 'NLHBlue7' 6-max Seat #1 is the button
Seat 1: f47dca59 ($4.59 in chips)
Seat 2: f464f110 ($7.61 in chips)
Seat 4: 85d554e1 ($6.6 in chips)
Seat 5: a5ad11eb ($5.05 in chips)
Seat 6: Hero ($5 in chips)
f464f110: posts small blind $0.02
85d554e1: posts big blind $0.05
*** HOLE CARDS ***
Dealt to f47dca59 
Dealt to f464f110 
Dealt to 85d554e1 
Dealt to a5ad11eb 
Dealt to Hero [9d 8s]
a5ad11eb: raises $0.06 to $0.11
Hero: folds
f47dca59: calls $0.11
f464f110: folds
85d554e1: folds
*** FLOP *** [Qc Ts Kh]
a5ad11eb: bets $0.15
f47dca59: calls $0.15
*** TURN *** [Qc Ts Kh] [9h]
a5ad11eb: bets $0.89
f47dca59: folds
Uncalled bet ($0.89) returned to a5ad11eb
*** SHOWDOWN ***
a5ad11eb collected $0.56 from pot
*** SUMMARY ***
Total pot $0.59 | Rake $0.03 | Jackpot $0 | Bingo $0 | Fortune $0
Board [Qc Ts Kh 9h]
Seat 1: f47dca59 (button) folded on the Turn
Seat 2: f464f110 (small blind) folded before Flop
Seat 4: 85d554e1 (big blind) folded before Flop
Seat 5: a5ad11eb won ($0.56)
Seat 6: Hero folded before Flop (didn't bet)


Poker Hand #HD1199150470: Hold'em No Limit  ($0.02/$0.05) - 2023/04/11 20:01:25
Table 'NLHBlue7' 6-max Seat #6 is the button
Seat 1: f47dca59 ($4.7 in chips)
Seat 2: f464f110 ($7.51 in chips)
Seat 3: db5e31c0 ($5 in chips)
Seat 5: a5ad11eb ($5.05 in chips)
Seat 6: Hero ($5 in chips)
f47dca59: posts small blind $0.02
f464f110: posts big blind $0.05
*** HOLE CARDS ***
Dealt to f47dca59 
Dealt to f464f110 
Dealt to db5e31c0 
Dealt to a5ad11eb 
Dealt to Hero [Qc 7s]
db5e31c0: folds
a5ad11eb: folds
Hero: folds
f47dca59: raises $0.06 to $0.11
f464f110: calls $0.06
*** FLOP *** [5s Js 8c]
f47dca59: checks
f464f110: checks
*** TURN *** [5s Js 8c] [Kd]
f47dca59: checks
f464f110: bets $0.2
f47dca59: folds
Uncalled bet ($0.2) returned to f464f110
*** SHOWDOWN ***
f464f110 collected $0.21 from pot
*** SUMMARY ***
Total pot $0.22 | Rake $0.01 | Jackpot $0 | Bingo $0 | Fortune $0
Board [5s Js 8c Kd]
Seat 1: f47dca59 (small blind) folded on the Turn
Seat 2: f464f110 (big blind) won ($0.21)
Seat 3: db5e31c0 folded before Flop (didn't bet)
Seat 5: a5ad11eb folded before Flop (didn't bet)
Seat 6: Hero (button) folded before Flop (didn't bet)


Poker Hand #HD1199150381: Hold'em No Limit  ($0.02/$0.05) - 2023/04/11 20:00:45
Table 'NLHBlue7' 6-max Seat #5 is the button
Seat 1: f47dca59 ($4 in chips)
Seat 2: f464f110 ($7.51 in chips)
Seat 3: db5e31c0 ($5.31 in chips)
Seat 5: a5ad11eb ($5.05 in chips)
Seat 6: Hero ($5 in chips)
Hero: posts small blind $0.02
f47dca59: posts big blind $0.05
*** HOLE CARDS ***
Dealt to f47dca59 
Dealt to f464f110 
Dealt to db5e31c0 
Dealt to a5ad11eb 
Dealt to Hero [9c Qd]
f464f110: folds
db5e31c0: raises $0.08 to $0.13
a5ad11eb: folds
Hero: folds
f47dca59: calls $0.08
*** FLOP *** [4h 6d 6h]
f47dca59: checks
db5e31c0: bets $0.13
f47dca59: calls $0.13
*** TURN *** [4h 6d 6h] [Js]
f47dca59: checks
db5e31c0: checks
*** RIVER *** [4h 6d 6h Js] [7s]
f47dca59: bets $0.54
db5e31c0: calls $0.54
f47dca59: shows [Ks 6c] (Three Sixes)
db5e31c0: shows [Ad Tc] (Pair of Sixes)
*** SHOWDOWN ***
f47dca59 collected $1.5 from pot
*** SUMMARY ***
Total pot $1.62 | Rake $0.07 | Jackpot $0.05 | Bingo $0 | Fortune $0
Board [4h 6d 6h Js 7s]
Seat 1: f47dca59 (big blind) showed [Ks 6c] and won ($1.5) with Three Sixes
Seat 2: f464f110 folded before Flop (didn't bet)
Seat 3: db5e31c0 showed [Ad Tc] and lost with Pair of Sixes
Seat 5: a5ad11eb (button) folded before Flop (didn't bet)
Seat 6: Hero (small blind) folded before Flop


Poker Hand #HD1199150281: Hold'em No Limit  ($0.02/$0.05) - 2023/04/11 20:00:01
Table 'NLHBlue7' 6-max Seat #4 is the button
Seat 1: f47dca59 ($4 in chips)
Seat 2: f464f110 ($7.51 in chips)
Seat 3: db5e31c0 ($5.05 in chips)
Seat 4: 67e5af0b ($5.51 in chips)
Seat 5: a5ad11eb ($5.07 in chips)
Seat 6: Hero ($5 in chips)
a5ad11eb: posts small blind $0.02
Hero: posts big blind $0.05
*** HOLE CARDS ***
Dealt to f47dca59 
Dealt to f464f110 
Dealt to db5e31c0 
Dealt to 67e5af0b 
Dealt to a5ad11eb 
Dealt to Hero [Tc 9s]
f47dca59: folds
f464f110: folds
db5e31c0: raises $0.08 to $0.13
67e5af0b: folds
a5ad11eb: folds
Hero: calls $0.08
*** FLOP *** [Kh 9h Kc]
Hero: checks
db5e31c0: bets $0.13
Hero: calls $0.13
*** TURN *** [Kh 9h Kc] [6c]
Hero: checks
db5e31c0: bets $0.41
Hero: folds
Uncalled bet ($0.41) returned to db5e31c0
*** SHOWDOWN ***
db5e31c0 collected $0.52 from pot
*** SUMMARY ***
Total pot $0.54 | Rake $0.02 | Jackpot $0 | Bingo $0 | Fortune $0
Board [Kh 9h Kc 6c]
Seat 1: f47dca59 folded before Flop (didn't bet)
Seat 2: f464f110 folded before Flop (didn't bet)
Seat 3: db5e31c0 won ($0.52)
Seat 4: 67e5af0b (button) folded before Flop (didn't bet)
Seat 5: a5ad11eb (small blind) folded before Flop
Seat 6: Hero (big blind) folded on the Turn


Poker Hand #HD1199150167: Hold'em No Limit  ($0.02/$0.05) - 2023/04/11 19:59:09
Table 'NLHBlue7' 6-max Seat #3 is the button
Seat 1: f47dca59 ($4.78 in chips)
Seat 2: f464f110 ($6.78 in chips)
Seat 3: db5e31c0 ($5.05 in chips)
Seat 4: 67e5af0b ($5.53 in chips)
Seat 5: a5ad11eb ($5.12 in chips)
Seat 6: Hero ($5 in chips)
67e5af0b: posts small blind $0.02
a5ad11eb: posts big blind $0.05
*** HOLE CARDS ***
Dealt to f47dca59 
Dealt to f464f110 
Dealt to db5e31c0 
Dealt to 67e5af0b 
Dealt to a5ad11eb 
Dealt to Hero [2c As]
Hero: folds
f47dca59: raises $0.06 to $0.11
f464f110: raises $0.34 to $0.45
db5e31c0: folds
67e5af0b: folds
a5ad11eb: folds
f47dca59: calls $0.34
*** FLOP *** [7c 2h 8h]
f47dca59: checks
f464f110: bets $0.33
f47dca59: calls $0.33
*** TURN *** [7c 2h 8h] [5s]
f47dca59: checks
f464f110: checks
*** RIVER *** [7c 2h 8h 5s] [9c]
f47dca59: checks
f464f110: checks
f47dca59: shows [Th 9d] (Pair of Nines)
f464f110: shows [Ts Td] (Pair of Tens)
*** SHOWDOWN ***
f464f110 collected $1.51 from pot
*** SUMMARY ***
Total pot $1.63 | Rake $0.07 | Jackpot $0.05 | Bingo $0 | Fortune $0
Board [7c 2h 8h 5s 9c]
Seat 1: f47dca59 showed [Th 9d] and lost with Pair of Nines
Seat 2: f464f110 showed [Ts Td] and won ($1.51) with Pair of Tens
Seat 3: db5e31c0 (button) folded before Flop (didn't bet)
Seat 4: 67e5af0b (small blind) folded before Flop
Seat 5: a5ad11eb (big blind) folded before Flop
Seat 6: Hero folded before Flop (didn't bet)


Poker Hand #HD1199150126: Hold'em No Limit  ($0.02/$0.05) - 2023/04/11 19:58:53
Table 'NLHBlue7' 6-max Seat #2 is the button
Seat 1: f47dca59 ($4.78 in chips)
Seat 2: f464f110 ($6.78 in chips)
Seat 3: db5e31c0 ($5 in chips)
Seat 4: 67e5af0b ($5.58 in chips)
Seat 5: a5ad11eb ($5.12 in chips)
Seat 6: Hero ($5 in chips)
db5e31c0: posts small blind $0.02
67e5af0b: posts big blind $0.05
*** HOLE CARDS ***
Dealt to f47dca59 
Dealt to f464f110 
Dealt to db5e31c0 
Dealt to 67e5af0b 
Dealt to a5ad11eb 
Dealt to Hero [3c Jh]
a5ad11eb: folds
Hero: folds
f47dca59: folds
f464f110: folds
db5e31c0: raises $0.1 to $0.15
67e5af0b: folds
Uncalled bet ($0.1) returned to db5e31c0
*** SHOWDOWN ***
db5e31c0 collected $0.1 from pot
*** SUMMARY ***
Total pot $0.1 | Rake $0 | Jackpot $0 | Bingo $0 | Fortune $0
Seat 1: f47dca59 folded before Flop (didn't bet)
Seat 2: f464f110 (button) folded before Flop (didn't bet)
Seat 3: db5e31c0 (small blind) collected ($0.1)
Seat 4: 67e5af0b (big blind) folded before Flop
Seat 5: a5ad11eb folded before Flop (didn't bet)
Seat 6: Hero folded before Flop (didn't bet)


Poker Hand #HD1199150065: Hold'em No Limit  ($0.02/$0.05) - 2023/04/11 19:58:32
Table 'NLHBlue7' 6-max Seat #1 is the button
Seat 1: f47dca59 ($4.71 in chips)
Seat 2: f464f110 ($6.8 in chips)
Seat 3: db5e31c0 ($5 in chips)
Seat 4: 67e5af0b ($5.58 in chips)
Seat 5: a5ad11eb ($5.12 in chips)
Seat 6: Hero ($5 in chips)
f464f110: posts small blind $0.02
db5e31c0: posts big blind $0.05
*** HOLE CARDS ***
Dealt to f47dca59 
Dealt to f464f110 
Dealt to db5e31c0 
Dealt to 67e5af0b 
Dealt to a5ad11eb 
Dealt to Hero [8d 4c]
67e5af0b: folds
a5ad11eb: folds
Hero: folds
f47dca59: raises $0.06 to $0.11
f464f110: folds
db5e31c0: folds
Uncalled bet ($0.06) returned to f47dca59
*** SHOWDOWN ***
f47dca59 collected $0.12 from pot
*** SUMMARY ***
Total pot $0.12 | Rake $0 | Jackpot $0 | Bingo $0 | Fortune $0
Seat 1: f47dca59 (button) collected ($0.12)
Seat 2: f464f110 (small blind) folded before Flop
Seat 3: db5e31c0 (big blind) folded before Flop
Seat 4: 67e5af0b folded before Flop (didn't bet)
Seat 5: a5ad11eb folded before Flop (didn't bet)
Seat 6: Hero folded before Flop (didn't bet)


Poker Hand #HD1199150021: Hold'em No Limit  ($0.02/$0.05) - 2023/04/11 19:58:15
Table 'NLHBlue7' 6-max Seat #6 is the button
Seat 1: f47dca59 ($4.66 in chips)
Seat 2: f464f110 ($6.85 in chips)
Seat 3: db5e31c0 ($5 in chips)
Seat 4: 67e5af0b ($5.58 in chips)
Seat 5: a5ad11eb ($5.12 in chips)
Seat 6: Hero ($5 in chips)
f47dca59: posts small blind $0.02
f464f110: posts big blind $0.05
*** HOLE CARDS ***
Dealt to f47dca59 
Dealt to f464f110 
Dealt to db5e31c0 
Dealt to 67e5af0b 
Dealt to a5ad11eb 
Dealt to Hero [4d 2h]
db5e31c0: folds
67e5af0b: folds
a5ad11eb: folds
Hero: folds
f47dca59: raises $0.1 to $0.15
f464f110: folds
Uncalled bet ($0.1) returned to f47dca59
*** SHOWDOWN ***
f47dca59 collected $0.1 from pot
*** SUMMARY ***
Total pot $0.1 | Rake $0 | Jackpot $0 | Bingo $0 | Fortune $0
Seat 1: f47dca59 (small blind) collected ($0.1)
Seat 2: f464f110 (big blind) folded before Flop
Seat 3: db5e31c0 folded before Flop (didn't bet)
Seat 4: 67e5af0b folded before Flop (didn't bet)
Seat 5: a5ad11eb folded before Flop (didn't bet)
Seat 6: Hero (button) folded before Flop (didn't bet)


Poker Hand #HD1199149881: Hold'em No Limit  ($0.02/$0.05) - 2023/04/11 19:57:15
Table 'NLHBlue7' 6-max Seat #5 is the button
Seat 1: f47dca59 ($2.45 in chips)
Seat 2: f464f110 ($6.85 in chips)
Seat 3: db5e31c0 ($5 in chips)
Seat 4: 67e5af0b ($5.63 in chips)
Seat 5: a5ad11eb ($5.12 in chips)
Seat 6: Hero ($5 in chips)
Hero: posts small blind $0.02
f47dca59: posts big blind $0.05
*** HOLE CARDS ***
Dealt to f47dca59 
Dealt to f464f110 
Dealt to db5e31c0 
Dealt to 67e5af0b 
Dealt to a5ad11eb 
Dealt to Hero [Ah Kc]
f464f110: folds
db5e31c0: folds
67e5af0b: calls $0.05
a5ad11eb: folds
Hero: raises $0.23 to $0.28
f47dca59: calls $0.23
67e5af0b: folds
*** FLOP *** [Th 2h 8h]
Hero: bets $0.22
f47dca59: calls $0.22
*** TURN *** [Th 2h 8h] [Qc]
Hero: bets $4.5 and is all-in
f47dca59: calls $1.95 and is all-in
Uncalled bet ($2.55) returned to Hero
Hero: shows [Ah Kc] (Ace-High)
f47dca59: shows [7h Jh] (Jack High Flush)
*** FIRST RIVER *** [Th 2h 8h Qc] [Ad]
*** SECOND RIVER *** [Th 2h 8h Qc] [Jd]
*** FIRST SHOWDOWN ***
f47dca59 collected $2.33 from pot
*** SECOND SHOWDOWN ***
f47dca59 collected $2.33 from pot
*** SUMMARY ***
Total pot $4.95 | Rake $0.24 | Jackpot $0.05 | Bingo $0 | Fortune $0
Hand was run two times
FIRST Board [Th 2h 8h Qc Ad]
SECOND Board [Jd]
Seat 1: f47dca59 (big blind) showed [7h Jh] and won ($2.33) with Jack High Flush, and won ($2.33)
Seat 2: f464f110 folded before Flop (didn't bet)
Seat 3: db5e31c0 folded before Flop (didn't bet)
Seat 4: 67e5af0b folded before Flop
Seat 5: a5ad11eb (button) folded before Flop (didn't bet)
Seat 6: Hero (small blind) showed [Ah Kc] and lost with Pair of Aces, and lost


Poker Hand #HD1199149839: Hold'em No Limit  ($0.02/$0.05) - 2023/04/11 19:56:59
Table 'NLHBlue7' 6-max Seat #4 is the button
Seat 1: f47dca59 ($2.45 in chips)
Seat 2: f464f110 ($6.78 in chips)
Seat 3: db5e31c0 ($5 in chips)
Seat 4: 67e5af0b ($5.63 in chips)
Seat 5: a5ad11eb ($5.14 in chips)
Seat 6: Hero ($5 in chips)
a5ad11eb: posts small blind $0.02
Hero: posts big blind $0.05
*** HOLE CARDS ***
Dealt to f47dca59 
Dealt to f464f110 
Dealt to db5e31c0 
Dealt to 67e5af0b 
Dealt to a5ad11eb 
Dealt to Hero [Td 4h]
f47dca59: folds
f464f110: raises $0.08 to $0.13
db5e31c0: folds
67e5af0b: folds
a5ad11eb: folds
Hero: folds
Uncalled bet ($0.08) returned to f464f110
*** SHOWDOWN ***
f464f110 collected $0.12 from pot
*** SUMMARY ***
Total pot $0.12 | Rake $0 | Jackpot $0 | Bingo $0 | Fortune $0
Seat 1: f47dca59 folded before Flop (didn't bet)
Seat 2: f464f110 collected ($0.12)
Seat 3: db5e31c0 folded before Flop (didn't bet)
Seat 4: 67e5af0b (button) folded before Flop (didn't bet)
Seat 5: a5ad11eb (small blind) folded before Flop
Seat 6: Hero (big blind) folded before Flop


