Poker Hand #HD1158754621: Hold'em No Limit  ($0.02/$0.05) - 2023/03/13 19:59:38
Table 'NLHBlue135' 6-max Seat #1 is the button
Seat 1: 366cd466 ($6.5 in chips)
Seat 2: 59b06f8d ($8.95 in chips)
Seat 3: 10945ee5 ($5 in chips)
Seat 4: Hero ($5.34 in chips)
Seat 5: 5856e5e2 ($4.67 in chips)
Seat 6: c1c050fb ($5.59 in chips)
59b06f8d: posts small blind $0.02
10945ee5: posts big blind $0.05
*** HOLE CARDS ***
Dealt to 366cd466 
Dealt to 59b06f8d 
Dealt to 10945ee5 
Dealt to Hero [6h As]
Dealt to 5856e5e2 
Dealt to c1c050fb 
Hero: folds
5856e5e2: folds
c1c050fb: raises $0.07 to $0.12
366cd466: folds
59b06f8d: folds
10945ee5: folds
Uncalled bet ($0.07) returned to c1c050fb
*** SHOWDOWN ***
c1c050fb collected $0.12 from pot
*** SUMMARY ***
Total pot $0.12 | Rake $0 | Jackpot $0 | Bingo $0 | Fortune $0
Seat 1: 366cd466 (button) folded before Flop (didn't bet)
Seat 2: 59b06f8d (small blind) folded before Flop
Seat 3: 10945ee5 (big blind) folded before Flop
Seat 4: Hero folded before Flop (didn't bet)
Seat 5: 5856e5e2 folded before Flop (didn't bet)
Seat 6: c1c050fb collected ($0.12)


Poker Hand #HD1158754510: Hold'em No Limit  ($0.02/$0.05) - 2023/03/13 19:58:50
Table 'NLHBlue135' 6-max Seat #6 is the button
Seat 1: 366cd466 ($6.62 in chips)
Seat 2: 59b06f8d ($9.07 in chips)
Seat 4: Hero ($5 in chips)
Seat 5: 5856e5e2 ($4.79 in chips)
Seat 6: c1c050fb ($5.59 in chips)
366cd466: posts small blind $0.02
59b06f8d: posts big blind $0.05
*** HOLE CARDS ***
Dealt to 366cd466 
Dealt to 59b06f8d 
Dealt to Hero [Qh Qd]
Dealt to 5856e5e2 
Dealt to c1c050fb 
Hero: raises $0.07 to $0.12
5856e5e2: calls $0.12
c1c050fb: folds
366cd466: calls $0.1
59b06f8d: calls $0.07
*** FLOP *** [Ts 6s 8s]
366cd466: checks
59b06f8d: checks
Hero: bets $0.36
5856e5e2: folds
366cd466: folds
59b06f8d: folds
Uncalled bet ($0.36) returned to Hero
*** SHOWDOWN ***
Hero collected $0.46 from pot
*** SUMMARY ***
Total pot $0.48 | Rake $0.02 | Jackpot $0 | Bingo $0 | Fortune $0
Board [Ts 6s 8s]
Seat 1: 366cd466 (small blind) folded on the Flop
Seat 2: 59b06f8d (big blind) folded on the Flop
Seat 4: Hero won ($0.46)
Seat 5: 5856e5e2 folded on the Flop
Seat 6: c1c050fb (button) folded before Flop (didn't bet)


Poker Hand #HD1158754307: Hold'em No Limit  ($0.02/$0.05) - 2023/03/13 19:57:26
Table 'NLHBlue135' 6-max Seat #5 is the button
Seat 1: 366cd466 ($6.32 in chips)
Seat 2: 59b06f8d ($9.07 in chips)
Seat 4: Hero ($5 in chips)
Seat 5: 5856e5e2 ($5.1 in chips)
Seat 6: c1c050fb ($5.61 in chips)
c1c050fb: posts small blind $0.02
366cd466: posts big blind $0.05
*** HOLE CARDS ***
Dealt to 366cd466 
Dealt to 59b06f8d 
Dealt to Hero [7s Ac]
Dealt to 5856e5e2 
Dealt to c1c050fb 
59b06f8d: folds
Hero: folds
5856e5e2: calls $0.05
c1c050fb: folds
366cd466: checks
*** FLOP *** [8s 5s 2h]
366cd466: checks
5856e5e2: bets $0.1
366cd466: calls $0.1
*** TURN *** [8s 5s 2h] [3h]
366cd466: checks
5856e5e2: checks
*** RIVER *** [8s 5s 2h 3h] [Qh]
366cd466: bets $0.16
5856e5e2: calls $0.16
366cd466: shows [Qs 2d] (Pair of Queens and Pair of Twos)
5856e5e2: shows [Jh Kd] (King-High)
*** SHOWDOWN ***
366cd466 collected $0.61 from pot
*** SUMMARY ***
Total pot $0.64 | Rake $0.03 | Jackpot $0 | Bingo $0 | Fortune $0
Board [8s 5s 2h 3h Qh]
Seat 1: 366cd466 (big blind) showed [Qs 2d] and won ($0.61) with Pair of Queens and Pair of Twos
Seat 2: 59b06f8d folded before Flop (didn't bet)
Seat 4: Hero folded before Flop (didn't bet)
Seat 5: 5856e5e2 (button) showed [Jh Kd] and lost with King-High
Seat 6: c1c050fb (small blind) folded before Flop


Poker Hand #HD1158754100: Hold'em No Limit  ($0.02/$0.05) - 2023/03/13 19:56:04
Table 'NLHBlue135' 6-max Seat #4 is the button
Seat 1: 366cd466 ($6.38 in chips)
Seat 2: 59b06f8d ($9.07 in chips)
Seat 4: Hero ($5 in chips)
Seat 5: 5856e5e2 ($5.12 in chips)
Seat 6: c1c050fb ($5.66 in chips)
5856e5e2: posts small blind $0.02
c1c050fb: posts big blind $0.05
*** HOLE CARDS ***
Dealt to 366cd466 
Dealt to 59b06f8d 
Dealt to Hero [Kh Ah]
Dealt to 5856e5e2 
Dealt to c1c050fb 
366cd466: raises $0.1 to $0.15
59b06f8d: folds
Hero: raises $0.28 to $0.43
5856e5e2: folds
c1c050fb: folds
366cd466: calls $0.28
*** FLOP *** [Js As 5c]
366cd466: checks
Hero: bets $0.34
366cd466: calls $0.34
*** TURN *** [Js As 5c] [3c]
366cd466: checks
Hero: bets $0.81
366cd466: calls $0.81
*** RIVER *** [Js As 5c 3c] [2h]
366cd466: checks
Hero: checks
366cd466: shows [Ad Kc] (Pair of Aces)
Hero: shows [Kh Ah] (Pair of Aces)
*** SHOWDOWN ***
366cd466 collected $1.52 from pot
Hero collected $1.52 from pot
*** SUMMARY ***
Total pot $3.23 | Rake $0.14 | Jackpot $0.05 | Bingo $0 | Fortune $0
Board [Js As 5c 3c 2h]
Seat 1: 366cd466 showed [Ad Kc] and won ($1.52) with Pair of Aces
Seat 2: 59b06f8d folded before Flop (didn't bet)
Seat 4: Hero (button) showed [Kh Ah] and won ($1.52) with Pair of Aces
Seat 5: 5856e5e2 (small blind) folded before Flop
Seat 6: c1c050fb (big blind) folded before Flop


Poker Hand #HD1158754049: Hold'em No Limit  ($0.02/$0.05) - 2023/03/13 19:55:42
Table 'NLHBlue135' 6-max Seat #2 is the button
Seat 1: 366cd466 ($6.38 in chips)
Seat 2: 59b06f8d ($9.07 in chips)
Seat 4: Hero ($5 in chips)
Seat 5: 5856e5e2 ($5.17 in chips)
Seat 6: c1c050fb ($5.59 in chips)
Hero: posts small blind $0.02
5856e5e2: posts big blind $0.05
*** HOLE CARDS ***
Dealt to 366cd466 
Dealt to 59b06f8d 
Dealt to Hero [8h As]
Dealt to 5856e5e2 
Dealt to c1c050fb 
c1c050fb: raises $0.07 to $0.12
366cd466: folds
59b06f8d: folds
Hero: folds
5856e5e2: folds
Uncalled bet ($0.07) returned to c1c050fb
*** SHOWDOWN ***
c1c050fb collected $0.12 from pot
*** SUMMARY ***
Total pot $0.12 | Rake $0 | Jackpot $0 | Bingo $0 | Fortune $0
Seat 1: 366cd466 folded before Flop (didn't bet)
Seat 2: 59b06f8d (button) folded before Flop (didn't bet)
Seat 4: Hero (small blind) folded before Flop
Seat 5: 5856e5e2 (big blind) folded before Flop
Seat 6: c1c050fb collected ($0.12)


Poker Hand #HD1158753972: Hold'em No Limit  ($0.02/$0.05) - 2023/03/13 19:55:12
Table 'NLHBlue135' 6-max Seat #1 is the button
Seat 1: 366cd466 ($6.38 in chips)
Seat 2: 59b06f8d ($9.09 in chips)
Seat 4: Hero ($5.03 in chips)
Seat 5: 5856e5e2 ($4.94 in chips)
Seat 6: c1c050fb ($5.77 in chips)
59b06f8d: posts small blind $0.02
Hero: posts big blind $0.05
*** HOLE CARDS ***
Dealt to 366cd466 
Dealt to 59b06f8d 
Dealt to Hero [Ks 4c]
Dealt to 5856e5e2 
Dealt to c1c050fb 
5856e5e2: calls $0.05
c1c050fb: raises $0.13 to $0.18
366cd466: folds
59b06f8d: folds
Hero: folds
5856e5e2: raises $0.13 to $0.31
c1c050fb: folds
Uncalled bet ($0.13) returned to 5856e5e2
*** SHOWDOWN ***
5856e5e2 collected $0.41 from pot
*** SUMMARY ***
Total pot $0.43 | Rake $0.02 | Jackpot $0 | Bingo $0 | Fortune $0
Seat 1: 366cd466 (button) folded before Flop (didn't bet)
Seat 2: 59b06f8d (small blind) folded before Flop
Seat 4: Hero (big blind) folded before Flop
Seat 5: 5856e5e2 collected ($0.41)
Seat 6: c1c050fb folded before Flop


Poker Hand #HD1158753881: Hold'em No Limit  ($0.02/$0.05) - 2023/03/13 19:54:39
Table 'NLHBlue135' 6-max Seat #6 is the button
Seat 1: 366cd466 ($6.4 in chips)
Seat 2: 59b06f8d ($9.19 in chips)
Seat 4: Hero ($5.03 in chips)
Seat 5: 5856e5e2 ($4.83 in chips)
Seat 6: c1c050fb ($5.77 in chips)
366cd466: posts small blind $0.02
59b06f8d: posts big blind $0.05
*** HOLE CARDS ***
Dealt to 366cd466 
Dealt to 59b06f8d 
Dealt to Hero [5c 3s]
Dealt to 5856e5e2 
Dealt to c1c050fb 
Hero: folds
5856e5e2: calls $0.05
c1c050fb: folds
366cd466: folds
59b06f8d: checks
*** FLOP *** [7s Kh 8h]
59b06f8d: checks
5856e5e2: checks
*** TURN *** [7s Kh 8h] [Th]
59b06f8d: bets $0.05
5856e5e2: calls $0.05
*** RIVER *** [7s Kh 8h Th] [Jc]
59b06f8d: checks
5856e5e2: checks
59b06f8d: shows [4s Ah] (Ace-High)
5856e5e2: shows [7h Qd] (Pair of Sevens)
*** SHOWDOWN ***
5856e5e2 collected $0.21 from pot
*** SUMMARY ***
Total pot $0.22 | Rake $0.01 | Jackpot $0 | Bingo $0 | Fortune $0
Board [7s Kh 8h Th Jc]
Seat 1: 366cd466 (small blind) folded before Flop
Seat 2: 59b06f8d (big blind) showed [4s Ah] and lost with Ace-High
Seat 4: Hero folded before Flop (didn't bet)
Seat 5: 5856e5e2 showed [7h Qd] and won ($0.21) with Pair of Sevens
Seat 6: c1c050fb (button) folded before Flop (didn't bet)


Poker Hand #HD1158753851: Hold'em No Limit  ($0.02/$0.05) - 2023/03/13 19:54:22
Table 'NLHBlue135' 6-max Seat #5 is the button
Seat 1: 366cd466 ($6.38 in chips)
Seat 2: 59b06f8d ($9.19 in chips)
Seat 4: Hero ($5.03 in chips)
Seat 5: 5856e5e2 ($4.83 in chips)
Seat 6: c1c050fb ($5.79 in chips)
c1c050fb: posts small blind $0.02
366cd466: posts big blind $0.05
*** HOLE CARDS ***
Dealt to 366cd466 
Dealt to 59b06f8d 
Dealt to Hero [2d Ks]
Dealt to 5856e5e2 
Dealt to c1c050fb 
59b06f8d: folds
Hero: folds
5856e5e2: folds
c1c050fb: folds
Uncalled bet ($0.03) returned to 366cd466
*** SHOWDOWN ***
366cd466 collected $0.04 from pot
*** SUMMARY ***
Total pot $0.04 | Rake $0 | Jackpot $0 | Bingo $0 | Fortune $0
Seat 1: 366cd466 (big blind) collected ($0.04)
Seat 2: 59b06f8d folded before Flop (didn't bet)
Seat 4: Hero folded before Flop (didn't bet)
Seat 5: 5856e5e2 (button) folded before Flop (didn't bet)
Seat 6: c1c050fb (small blind) folded before Flop


Poker Hand #HD1158753756: Hold'em No Limit  ($0.02/$0.05) - 2023/03/13 19:53:46
Table 'NLHBlue135' 6-max Seat #4 is the button
Seat 1: 366cd466 ($6.38 in chips)
Seat 2: 59b06f8d ($9.79 in chips)
Seat 4: Hero ($5.03 in chips)
Seat 5: 5856e5e2 ($4.85 in chips)
Seat 6: c1c050fb ($5.23 in chips)
5856e5e2: posts small blind $0.02
c1c050fb: posts big blind $0.05
*** HOLE CARDS ***
Dealt to 366cd466 
Dealt to 59b06f8d 
Dealt to Hero [9s 7c]
Dealt to 5856e5e2 
Dealt to c1c050fb 
366cd466: folds
59b06f8d: raises $0.1 to $0.15
Hero: folds
5856e5e2: folds
c1c050fb: raises $0.45 to $0.6
59b06f8d: calls $0.45
*** FLOP *** [3c 6c 5h]
c1c050fb: bets $0.31
59b06f8d: folds
Uncalled bet ($0.31) returned to c1c050fb
*** SHOWDOWN ***
c1c050fb collected $1.16 from pot
*** SUMMARY ***
Total pot $1.22 | Rake $0.06 | Jackpot $0 | Bingo $0 | Fortune $0
Board [3c 6c 5h]
Seat 1: 366cd466 folded before Flop (didn't bet)
Seat 2: 59b06f8d folded on the Flop
Seat 4: Hero (button) folded before Flop (didn't bet)
Seat 5: 5856e5e2 (small blind) folded before Flop
Seat 6: c1c050fb (big blind) won ($1.16)


Poker Hand #HD1158753719: Hold'em No Limit  ($0.02/$0.05) - 2023/03/13 19:53:34
Table 'NLHBlue135' 6-max Seat #2 is the button
Seat 1: 366cd466 ($6.38 in chips)
Seat 2: 59b06f8d ($9.79 in chips)
Seat 4: Hero ($5.05 in chips)
Seat 5: 5856e5e2 ($4.83 in chips)
Seat 6: c1c050fb ($5.23 in chips)
Hero: posts small blind $0.02
5856e5e2: posts big blind $0.05
*** HOLE CARDS ***
Dealt to 366cd466 
Dealt to 59b06f8d 
Dealt to Hero [5h 9d]
Dealt to 5856e5e2 
Dealt to c1c050fb 
c1c050fb: folds
366cd466: folds
59b06f8d: folds
Hero: folds
Uncalled bet ($0.03) returned to 5856e5e2
*** SHOWDOWN ***
5856e5e2 collected $0.04 from pot
*** SUMMARY ***
Total pot $0.04 | Rake $0 | Jackpot $0 | Bingo $0 | Fortune $0
Seat 1: 366cd466 folded before Flop (didn't bet)
Seat 2: 59b06f8d (button) folded before Flop (didn't bet)
Seat 4: Hero (small blind) folded before Flop
Seat 5: 5856e5e2 (big blind) collected ($0.04)
Seat 6: c1c050fb folded before Flop (didn't bet)


Poker Hand #HD1158753681: Hold'em No Limit  ($0.02/$0.05) - 2023/03/13 19:53:16
Table 'NLHBlue135' 6-max Seat #1 is the button
Seat 1: 366cd466 ($6.31 in chips)
Seat 2: 59b06f8d ($9.81 in chips)
Seat 4: Hero ($5.1 in chips)
Seat 5: 5856e5e2 ($4.83 in chips)
Seat 6: c1c050fb ($5.23 in chips)
59b06f8d: posts small blind $0.02
Hero: posts big blind $0.05
*** HOLE CARDS ***
Dealt to 366cd466 
Dealt to 59b06f8d 
Dealt to Hero [5d 2s]
Dealt to 5856e5e2 
Dealt to c1c050fb 
5856e5e2: folds
c1c050fb: folds
366cd466: raises $0.1 to $0.15
59b06f8d: folds
Hero: folds
Uncalled bet ($0.1) returned to 366cd466
*** SHOWDOWN ***
366cd466 collected $0.12 from pot
*** SUMMARY ***
Total pot $0.12 | Rake $0 | Jackpot $0 | Bingo $0 | Fortune $0
Seat 1: 366cd466 (button) collected ($0.12)
Seat 2: 59b06f8d (small blind) folded before Flop
Seat 4: Hero (big blind) folded before Flop
Seat 5: 5856e5e2 folded before Flop (didn't bet)
Seat 6: c1c050fb folded before Flop (didn't bet)


Poker Hand #HD1158753629: Hold'em No Limit  ($0.02/$0.05) - 2023/03/13 19:52:56
Table 'NLHBlue135' 6-max Seat #6 is the button
Seat 1: 366cd466 ($6.33 in chips)
Seat 2: 59b06f8d ($9.79 in chips)
Seat 4: Hero ($5.1 in chips)
Seat 5: 5856e5e2 ($4.83 in chips)
Seat 6: c1c050fb ($5.23 in chips)
366cd466: posts small blind $0.02
59b06f8d: posts big blind $0.05
*** HOLE CARDS ***
Dealt to 366cd466 
Dealt to 59b06f8d 
Dealt to Hero [Qh 6h]
Dealt to 5856e5e2 
Dealt to c1c050fb 
Hero: folds
5856e5e2: folds
c1c050fb: folds
366cd466: folds
Uncalled bet ($0.03) returned to 59b06f8d
*** SHOWDOWN ***
59b06f8d collected $0.04 from pot
*** SUMMARY ***
Total pot $0.04 | Rake $0 | Jackpot $0 | Bingo $0 | Fortune $0
Seat 1: 366cd466 (small blind) folded before Flop
Seat 2: 59b06f8d (big blind) collected ($0.04)
Seat 4: Hero folded before Flop (didn't bet)
Seat 5: 5856e5e2 folded before Flop (didn't bet)
Seat 6: c1c050fb (button) folded before Flop (didn't bet)


Poker Hand #HD1158753562: Hold'em No Limit  ($0.02/$0.05) - 2023/03/13 19:52:28
Table 'NLHBlue135' 6-max Seat #5 is the button
Seat 1: 366cd466 ($6.19 in chips)
Seat 2: 59b06f8d ($9.79 in chips)
Seat 4: Hero ($5.1 in chips)
Seat 5: 5856e5e2 ($4.83 in chips)
Seat 6: c1c050fb ($5.38 in chips)
c1c050fb: posts small blind $0.02
366cd466: posts big blind $0.05
*** HOLE CARDS ***
Dealt to 366cd466 
Dealt to 59b06f8d 
Dealt to Hero [4c Qh]
Dealt to 5856e5e2 
Dealt to c1c050fb 
59b06f8d: folds
Hero: folds
5856e5e2: folds
c1c050fb: raises $0.1 to $0.15
366cd466: raises $0.35 to $0.5
c1c050fb: folds
Uncalled bet ($0.35) returned to 366cd466
*** SHOWDOWN ***
366cd466 collected $0.29 from pot
*** SUMMARY ***
Total pot $0.3 | Rake $0.01 | Jackpot $0 | Bingo $0 | Fortune $0
Seat 1: 366cd466 (big blind) collected ($0.29)
Seat 2: 59b06f8d folded before Flop (didn't bet)
Seat 4: Hero folded before Flop (didn't bet)
Seat 5: 5856e5e2 (button) folded before Flop (didn't bet)
Seat 6: c1c050fb (small blind) folded before Flop


Poker Hand #HD1158753382: Hold'em No Limit  ($0.02/$0.05) - 2023/03/13 19:51:10
Table 'NLHBlue135' 6-max Seat #4 is the button
Seat 1: 366cd466 ($6.19 in chips)
Seat 2: 59b06f8d ($9.79 in chips)
Seat 4: Hero ($5.1 in chips)
Seat 5: 5856e5e2 ($4.88 in chips)
Seat 6: c1c050fb ($5.33 in chips)
5856e5e2: posts small blind $0.02
c1c050fb: posts big blind $0.05
*** HOLE CARDS ***
Dealt to 366cd466 
Dealt to 59b06f8d 
Dealt to Hero [8c Qs]
Dealt to 5856e5e2 
Dealt to c1c050fb 
366cd466: folds
59b06f8d: folds
Hero: folds
5856e5e2: calls $0.03
c1c050fb: checks
*** FLOP *** [6d Kd Kh]
5856e5e2: checks
c1c050fb: checks
*** TURN *** [6d Kd Kh] [5s]
5856e5e2: checks
c1c050fb: checks
*** RIVER *** [6d Kd Kh 5s] [8h]
5856e5e2: checks
c1c050fb: checks
5856e5e2: shows [3h As] (Pair of Kings)
c1c050fb: shows [5c 9d] (Pair of Kings and Pair of Fives)
*** SHOWDOWN ***
c1c050fb collected $0.1 from pot
*** SUMMARY ***
Total pot $0.1 | Rake $0 | Jackpot $0 | Bingo $0 | Fortune $0
Board [6d Kd Kh 5s 8h]
Seat 1: 366cd466 folded before Flop (didn't bet)
Seat 2: 59b06f8d folded before Flop (didn't bet)
Seat 4: Hero (button) folded before Flop (didn't bet)
Seat 5: 5856e5e2 (small blind) showed [3h As] and lost with Pair of Kings
Seat 6: c1c050fb (big blind) showed [5c 9d] and won ($0.1) with Pair of Kings and Pair of Fives


Poker Hand #HD1158753331: Hold'em No Limit  ($0.02/$0.05) - 2023/03/13 19:50:47
Table 'NLHBlue135' 6-max Seat #2 is the button
Seat 1: 366cd466 ($6.19 in chips)
Seat 2: 59b06f8d ($9.79 in chips)
Seat 4: Hero ($5.12 in chips)
Seat 5: 5856e5e2 ($4.86 in chips)
Seat 6: c1c050fb ($5.33 in chips)
Hero: posts small blind $0.02
5856e5e2: posts big blind $0.05
*** HOLE CARDS ***
Dealt to 366cd466 
Dealt to 59b06f8d 
Dealt to Hero [8d 4s]
Dealt to 5856e5e2 
Dealt to c1c050fb 
c1c050fb: folds
366cd466: folds
59b06f8d: folds
Hero: folds
Uncalled bet ($0.03) returned to 5856e5e2
*** SHOWDOWN ***
5856e5e2 collected $0.04 from pot
*** SUMMARY ***
Total pot $0.04 | Rake $0 | Jackpot $0 | Bingo $0 | Fortune $0
Seat 1: 366cd466 folded before Flop (didn't bet)
Seat 2: 59b06f8d (button) folded before Flop (didn't bet)
Seat 4: Hero (small blind) folded before Flop
Seat 5: 5856e5e2 (big blind) collected ($0.04)
Seat 6: c1c050fb folded before Flop (didn't bet)


Poker Hand #HD1158753175: Hold'em No Limit  ($0.02/$0.05) - 2023/03/13 19:49:39
Table 'NLHBlue135' 6-max Seat #1 is the button
Seat 1: 366cd466 ($6.41 in chips)
Seat 2: 59b06f8d ($9.81 in chips)
Seat 4: Hero ($5.17 in chips)
Seat 5: 5856e5e2 ($4.59 in chips)
Seat 6: c1c050fb ($5.33 in chips)
59b06f8d: posts small blind $0.02
Hero: posts big blind $0.05
*** HOLE CARDS ***
Dealt to 366cd466 
Dealt to 59b06f8d 
Dealt to Hero [Js 9h]
Dealt to 5856e5e2 
Dealt to c1c050fb 
5856e5e2: calls $0.05
c1c050fb: folds
366cd466: raises $0.17 to $0.22
59b06f8d: folds
Hero: folds
5856e5e2: calls $0.17
*** FLOP *** [3h Kc Jc]
5856e5e2: checks
366cd466: checks
*** TURN *** [3h Kc Jc] [Qc]
5856e5e2: checks
366cd466: checks
*** RIVER *** [3h Kc Jc Qc] [7s]
5856e5e2: checks
366cd466: checks
5856e5e2: shows [3s 5s] (Pair of Treys)
366cd466: shows [9d Ah] (Ace-High)
*** SHOWDOWN ***
5856e5e2 collected $0.49 from pot
*** SUMMARY ***
Total pot $0.51 | Rake $0.02 | Jackpot $0 | Bingo $0 | Fortune $0
Board [3h Kc Jc Qc 7s]
Seat 1: 366cd466 (button) showed [9d Ah] and lost with Ace-High
Seat 2: 59b06f8d (small blind) folded before Flop
Seat 4: Hero (big blind) folded before Flop
Seat 5: 5856e5e2 showed [3s 5s] and won ($0.49) with Pair of Treys
Seat 6: c1c050fb folded before Flop (didn't bet)


Poker Hand #HD1158753085: Hold'em No Limit  ($0.02/$0.05) - 2023/03/13 19:49:03
Table 'NLHBlue135' 6-max Seat #6 is the button
Seat 1: 366cd466 ($6.25 in chips)
Seat 2: 59b06f8d ($9.98 in chips)
Seat 3: 10945ee5 ($5 in chips)
Seat 4: Hero ($5.17 in chips)
Seat 5: 5856e5e2 ($4.59 in chips)
Seat 6: c1c050fb ($5.33 in chips)
366cd466: posts small blind $0.02
59b06f8d: posts big blind $0.05
*** HOLE CARDS ***
Dealt to 366cd466 
Dealt to 59b06f8d 
Dealt to 10945ee5 
Dealt to Hero [2d 8c]
Dealt to 5856e5e2 
Dealt to c1c050fb 
10945ee5: folds
Hero: folds
5856e5e2: folds
c1c050fb: folds
366cd466: raises $0.12 to $0.17
59b06f8d: calls $0.12
*** FLOP *** [Kd 3c 5s]
366cd466: bets $0.17
59b06f8d: folds
Uncalled bet ($0.17) returned to 366cd466
*** SHOWDOWN ***
366cd466 collected $0.33 from pot
*** SUMMARY ***
Total pot $0.34 | Rake $0.01 | Jackpot $0 | Bingo $0 | Fortune $0
Board [Kd 3c 5s]
Seat 1: 366cd466 (small blind) won ($0.33)
Seat 2: 59b06f8d (big blind) folded on the Flop
Seat 3: 10945ee5 folded before Flop (didn't bet)
Seat 4: Hero folded before Flop (didn't bet)
Seat 5: 5856e5e2 folded before Flop (didn't bet)
Seat 6: c1c050fb (button) folded before Flop (didn't bet)


Poker Hand #HD1158752881: Hold'em No Limit  ($0.02/$0.05) - 2023/03/13 19:47:45
Table 'NLHBlue135' 6-max Seat #5 is the button
Seat 1: 366cd466 ($6.61 in chips)
Seat 2: 59b06f8d ($9.98 in chips)
Seat 3: 10945ee5 ($5 in chips)
Seat 4: Hero ($5.17 in chips)
Seat 5: 5856e5e2 ($4.59 in chips)
Seat 6: c1c050fb ($5 in chips)
c1c050fb: posts small blind $0.02
366cd466: posts big blind $0.05
*** HOLE CARDS ***
Dealt to 366cd466 
Dealt to 59b06f8d 
Dealt to 10945ee5 
Dealt to Hero [8c 4c]
Dealt to 5856e5e2 
Dealt to c1c050fb 
59b06f8d: folds
10945ee5: folds
Hero: folds
5856e5e2: folds
c1c050fb: raises $0.1 to $0.15
366cd466: calls $0.1
*** FLOP *** [Js 7c 9d]
c1c050fb: checks
366cd466: bets $0.21
c1c050fb: calls $0.21
*** TURN *** [Js 7c 9d] [Ks]
c1c050fb: checks
366cd466: checks
*** RIVER *** [Js 7c 9d Ks] [3h]
c1c050fb: checks
366cd466: checks
c1c050fb: shows [Tc Jh] (Pair of Jacks)
366cd466: shows [6d 6h] (Pair of Sixes)
*** SHOWDOWN ***
c1c050fb collected $0.69 from pot
*** SUMMARY ***
Total pot $0.72 | Rake $0.03 | Jackpot $0 | Bingo $0 | Fortune $0
Board [Js 7c 9d Ks 3h]
Seat 1: 366cd466 (big blind) showed [6d 6h] and lost with Pair of Sixes
Seat 2: 59b06f8d folded before Flop (didn't bet)
Seat 3: 10945ee5 folded before Flop (didn't bet)
Seat 4: Hero folded before Flop (didn't bet)
Seat 5: 5856e5e2 (button) folded before Flop (didn't bet)
Seat 6: c1c050fb (small blind) showed [Tc Jh] and won ($0.69) with Pair of Jacks


Poker Hand #HD1158752621: Hold'em No Limit  ($0.02/$0.05) - 2023/03/13 19:46:06
Table 'NLHBlue135' 6-max Seat #4 is the button
Seat 1: 366cd466 ($5.61 in chips)
Seat 2: 59b06f8d ($9.98 in chips)
Seat 3: 10945ee5 ($5 in chips)
Seat 4: Hero ($5.17 in chips)
Seat 5: 5856e5e2 ($5.59 in chips)
Seat 6: c1c050fb ($5 in chips)
5856e5e2: posts small blind $0.02
c1c050fb: posts big blind $0.05
*** HOLE CARDS ***
Dealt to 366cd466 
Dealt to 59b06f8d 
Dealt to 10945ee5 
Dealt to Hero [5d 2h]
Dealt to 5856e5e2 
Dealt to c1c050fb 
366cd466: raises $0.1 to $0.15
59b06f8d: folds
10945ee5: folds
Hero: folds
5856e5e2: calls $0.13
c1c050fb: calls $0.1
*** FLOP *** [7c Ad Ah]
5856e5e2: checks
c1c050fb: checks
366cd466: checks
*** TURN *** [7c Ad Ah] [Kc]
5856e5e2: checks
c1c050fb: checks
366cd466: bets $0.31
5856e5e2: calls $0.31
c1c050fb: folds
*** RIVER *** [7c Ad Ah Kc] [Qs]
5856e5e2: checks
366cd466: bets $0.54
5856e5e2: calls $0.54
366cd466: shows [Jd Ac] (Three Aces)
5856e5e2: shows [Qh Kh] (Pair of Aces and Pair of Kings)
*** SHOWDOWN ***
366cd466 collected $2 from pot
*** SUMMARY ***
Total pot $2.15 | Rake $0.1 | Jackpot $0.05 | Bingo $0 | Fortune $0
Board [7c Ad Ah Kc Qs]
Seat 1: 366cd466 showed [Jd Ac] and won ($2) with Three Aces
Seat 2: 59b06f8d folded before Flop (didn't bet)
Seat 3: 10945ee5 folded before Flop (didn't bet)
Seat 4: Hero (button) folded before Flop (didn't bet)
Seat 5: 5856e5e2 (small blind) showed [Qh Kh] and lost with Pair of Aces and Pair of Kings
Seat 6: c1c050fb (big blind) folded on the Turn


Poker Hand #HD1158752512: Hold'em No Limit  ($0.02/$0.05) - 2023/03/13 19:45:19
Table 'NLHBlue135' 6-max Seat #3 is the button
Seat 1: 366cd466 ($5.61 in chips)
Seat 2: 59b06f8d ($10.11 in chips)
Seat 3: 10945ee5 ($5 in chips)
Seat 4: Hero ($5 in chips)
Seat 5: 5856e5e2 ($5.64 in chips)
Hero: posts small blind $0.02
5856e5e2: posts big blind $0.05
*** HOLE CARDS ***
Dealt to 366cd466 
Dealt to 59b06f8d 
Dealt to 10945ee5 
Dealt to Hero [Ts Ks]
Dealt to 5856e5e2 
366cd466: folds
59b06f8d: raises $0.08 to $0.13
10945ee5: folds
Hero: raises $0.47 to $0.6
5856e5e2: folds
59b06f8d: folds
Uncalled bet ($0.47) returned to Hero
*** SHOWDOWN ***
Hero collected $0.3 from pot
*** SUMMARY ***
Total pot $0.31 | Rake $0.01 | Jackpot $0 | Bingo $0 | Fortune $0
Seat 1: 366cd466 folded before Flop (didn't bet)
Seat 2: 59b06f8d folded before Flop
Seat 3: 10945ee5 (button) folded before Flop (didn't bet)
Seat 4: Hero (small blind) collected ($0.3)
Seat 5: 5856e5e2 (big blind) folded before Flop


Poker Hand #HD1158752318: Hold'em No Limit  ($0.02/$0.05) - 2023/03/13 19:44:04
Table 'NLHBlue135' 6-max Seat #2 is the button
Seat 1: 366cd466 ($5.61 in chips)
Seat 2: 59b06f8d ($10.33 in chips)
Seat 3: 10945ee5 ($5.02 in chips)
Seat 4: Hero ($5 in chips)
Seat 5: 5856e5e2 ($5.37 in chips)
10945ee5: posts small blind $0.02
Hero: posts big blind $0.05
*** HOLE CARDS ***
Dealt to 366cd466 
Dealt to 59b06f8d 
Dealt to 10945ee5 
Dealt to Hero [7d Js]
Dealt to 5856e5e2 
5856e5e2: calls $0.05
366cd466: folds
59b06f8d: raises $0.17 to $0.22
10945ee5: folds
Hero: folds
5856e5e2: calls $0.17
*** FLOP *** [7s 9c 5c]
5856e5e2: checks
59b06f8d: checks
*** TURN *** [7s 9c 5c] [4d]
5856e5e2: checks
59b06f8d: checks
*** RIVER *** [7s 9c 5c 4d] [3c]
5856e5e2: checks
59b06f8d: checks
5856e5e2: shows [2c Kc] (King High Flush)
59b06f8d: shows [Th As] (Ace-High)
*** SHOWDOWN ***
5856e5e2 collected $0.49 from pot
*** SUMMARY ***
Total pot $0.51 | Rake $0.02 | Jackpot $0 | Bingo $0 | Fortune $0
Board [7s 9c 5c 4d 3c]
Seat 1: 366cd466 folded before Flop (didn't bet)
Seat 2: 59b06f8d (button) showed [Th As] and lost with Ace-High
Seat 3: 10945ee5 (small blind) folded before Flop
Seat 4: Hero (big blind) folded before Flop
Seat 5: 5856e5e2 showed [2c Kc] and won ($0.49) with King High Flush


Poker Hand #HD1158752224: Hold'em No Limit  ($0.02/$0.05) - 2023/03/13 19:43:30
Table 'NLHBlue135' 6-max Seat #1 is the button
Seat 1: 366cd466 ($5.61 in chips)
Seat 2: 59b06f8d ($10.1 in chips)
Seat 3: 10945ee5 ($5.07 in chips)
Seat 4: Hero ($5 in chips)
Seat 5: 5856e5e2 ($5.57 in chips)
59b06f8d: posts small blind $0.02
10945ee5: posts big blind $0.05
*** HOLE CARDS ***
Dealt to 366cd466 
Dealt to 59b06f8d 
Dealt to 10945ee5 
Dealt to Hero [Th 8s]
Dealt to 5856e5e2 
Hero: folds
5856e5e2: calls $0.05
366cd466: folds
59b06f8d: raises $0.15 to $0.2
10945ee5: folds
5856e5e2: calls $0.15
*** FLOP *** [2h 3h As]
59b06f8d: bets $0.25
5856e5e2: folds
Uncalled bet ($0.25) returned to 59b06f8d
*** SHOWDOWN ***
59b06f8d collected $0.43 from pot
*** SUMMARY ***
Total pot $0.45 | Rake $0.02 | Jackpot $0 | Bingo $0 | Fortune $0
Board [2h 3h As]
Seat 1: 366cd466 (button) folded before Flop (didn't bet)
Seat 2: 59b06f8d (small blind) won ($0.43)
Seat 3: 10945ee5 (big blind) folded before Flop
Seat 4: Hero folded before Flop (didn't bet)
Seat 5: 5856e5e2 folded on the Flop


Poker Hand #HD1158752202: Hold'em No Limit  ($0.02/$0.05) - 2023/03/13 19:43:21
Table 'NLHBlue135' 6-max Seat #5 is the button
Seat 1: 366cd466 ($5.63 in chips)
Seat 2: 59b06f8d ($10.08 in chips)
Seat 3: 10945ee5 ($5.07 in chips)
Seat 4: Hero ($5 in chips)
Seat 5: 5856e5e2 ($5.57 in chips)
366cd466: posts small blind $0.02
59b06f8d: posts big blind $0.05
*** HOLE CARDS ***
Dealt to 366cd466 
Dealt to 59b06f8d 
Dealt to 10945ee5 
Dealt to Hero [Tc 2c]
Dealt to 5856e5e2 
10945ee5: folds
Hero: folds
5856e5e2: folds
366cd466: folds
Uncalled bet ($0.03) returned to 59b06f8d
*** SHOWDOWN ***
59b06f8d collected $0.04 from pot
*** SUMMARY ***
Total pot $0.04 | Rake $0 | Jackpot $0 | Bingo $0 | Fortune $0
Seat 1: 366cd466 (small blind) folded before Flop
Seat 2: 59b06f8d (big blind) collected ($0.04)
Seat 3: 10945ee5 folded before Flop (didn't bet)
Seat 4: Hero folded before Flop (didn't bet)
Seat 5: 5856e5e2 (button) folded before Flop (didn't bet)


Poker Hand #HD1158752154: Hold'em No Limit  ($0.02/$0.05) - 2023/03/13 19:42:58
Table 'NLHBlue135' 6-max Seat #4 is the button
Seat 1: 366cd466 ($5.68 in chips)
Seat 2: 59b06f8d ($10.08 in chips)
Seat 3: 10945ee5 ($5 in chips)
Seat 4: Hero ($5 in chips)
Seat 5: 5856e5e2 ($5.59 in chips)
5856e5e2: posts small blind $0.02
366cd466: posts big blind $0.05
*** HOLE CARDS ***
Dealt to 366cd466 
Dealt to 59b06f8d 
Dealt to 10945ee5 
Dealt to Hero [Td 4c]
Dealt to 5856e5e2 
59b06f8d: folds
10945ee5: raises $0.08 to $0.13
Hero: folds
5856e5e2: folds
366cd466: folds
Uncalled bet ($0.08) returned to 10945ee5
*** SHOWDOWN ***
10945ee5 collected $0.12 from pot
*** SUMMARY ***
Total pot $0.12 | Rake $0 | Jackpot $0 | Bingo $0 | Fortune $0
Seat 1: 366cd466 (big blind) folded before Flop
Seat 2: 59b06f8d folded before Flop (didn't bet)
Seat 3: 10945ee5 collected ($0.12)
Seat 4: Hero (button) folded before Flop (didn't bet)
Seat 5: 5856e5e2 (small blind) folded before Flop


Poker Hand #HD1158752105: Hold'em No Limit  ($0.02/$0.05) - 2023/03/13 19:42:38
Table 'NLHBlue135' 6-max Seat #3 is the button
Seat 1: 366cd466 ($5.68 in chips)
Seat 2: 59b06f8d ($10.01 in chips)
Seat 3: 10945ee5 ($5 in chips)
Seat 4: Hero ($5 in chips)
Seat 5: 5856e5e2 ($5.64 in chips)
Seat 6: f04fb1cb ($11.68 in chips)
Hero: posts small blind $0.02
5856e5e2: posts big blind $0.05
*** HOLE CARDS ***
Dealt to 366cd466 
Dealt to 59b06f8d 
Dealt to 10945ee5 
Dealt to Hero [6h Th]
Dealt to 5856e5e2 
Dealt to f04fb1cb 
f04fb1cb: folds
366cd466: folds
59b06f8d: raises $0.12 to $0.17
10945ee5: folds
Hero: folds
5856e5e2: folds
Uncalled bet ($0.12) returned to 59b06f8d
*** SHOWDOWN ***
59b06f8d collected $0.12 from pot
*** SUMMARY ***
Total pot $0.12 | Rake $0 | Jackpot $0 | Bingo $0 | Fortune $0
Seat 1: 366cd466 folded before Flop (didn't bet)
Seat 2: 59b06f8d collected ($0.12)
Seat 3: 10945ee5 (button) folded before Flop (didn't bet)
Seat 4: Hero (small blind) folded before Flop
Seat 5: 5856e5e2 (big blind) folded before Flop
Seat 6: f04fb1cb folded before Flop (didn't bet)


Poker Hand #HD1158752031: Hold'em No Limit  ($0.02/$0.05) - 2023/03/13 19:42:10
Table 'NLHBlue135' 6-max Seat #2 is the button
Seat 1: 366cd466 ($5.83 in chips)
Seat 2: 59b06f8d ($9.8 in chips)
Seat 3: 10945ee5 ($5 in chips)
Seat 4: Hero ($5 in chips)
Seat 5: 5856e5e2 ($5.64 in chips)
Seat 6: f04fb1cb ($11.68 in chips)
10945ee5: posts small blind $0.02
Hero: posts big blind $0.05
*** HOLE CARDS ***
Dealt to 366cd466 
Dealt to 59b06f8d 
Dealt to 10945ee5 
Dealt to Hero [6c Tc]
Dealt to 5856e5e2 
Dealt to f04fb1cb 
5856e5e2: folds
f04fb1cb: folds
366cd466: raises $0.1 to $0.15
59b06f8d: raises $0.37 to $0.52
10945ee5: folds
Hero: folds
366cd466: folds
Uncalled bet ($0.37) returned to 59b06f8d
*** SHOWDOWN ***
59b06f8d collected $0.36 from pot
*** SUMMARY ***
Total pot $0.37 | Rake $0.01 | Jackpot $0 | Bingo $0 | Fortune $0
Seat 1: 366cd466 folded before Flop
Seat 2: 59b06f8d (button) collected ($0.36)
Seat 3: 10945ee5 (small blind) folded before Flop
Seat 4: Hero (big blind) folded before Flop
Seat 5: 5856e5e2 folded before Flop (didn't bet)
Seat 6: f04fb1cb folded before Flop (didn't bet)


