Poker Hand #HD1176496231: Hold'em No Limit  ($0.02/$0.05) - 2023/03/26 10:51:26
Table 'NLHBlue2' 6-max Seat #3 is the button
Seat 2: cfbaafb3 ($5 in chips)
Seat 3: c5a84fb3 ($5.98 in chips)
Seat 4: 2afe7d6 ($4.19 in chips)
Seat 5: 2bc40a4c ($5.14 in chips)
Seat 6: Hero ($7.39 in chips)
2afe7d6: posts small blind $0.02
2bc40a4c: posts big blind $0.05
*** HOLE CARDS ***
Dealt to cfbaafb3 
Dealt to c5a84fb3 
Dealt to 2afe7d6 
Dealt to 2bc40a4c 
Dealt to Hero [3s Ts]
Hero: folds
cfbaafb3: folds
c5a84fb3: folds
2afe7d6: calls $0.03
2bc40a4c: checks
*** FLOP *** [2h 7s Qs]
2afe7d6: checks
2bc40a4c: checks
*** TURN *** [2h 7s Qs] [Ks]
2afe7d6: checks
2bc40a4c: checks
*** RIVER *** [2h 7s Qs Ks] [Qc]
2afe7d6: checks
2bc40a4c: checks
2afe7d6: shows [5d 8d] (Pair of Queens)
2bc40a4c: shows [3d Kc] (Pair of Kings and Pair of Queens)
*** SHOWDOWN ***
2bc40a4c collected $0.1 from pot
*** SUMMARY ***
Total pot $0.1 | Rake $0 | Jackpot $0 | Bingo $0 | Fortune $0
Board [2h 7s Qs Ks Qc]
Seat 2: cfbaafb3 folded before Flop (didn't bet)
Seat 3: c5a84fb3 (button) folded before Flop (didn't bet)
Seat 4: 2afe7d6 (small blind) showed [5d 8d] and lost with Pair of Queens
Seat 5: 2bc40a4c (big blind) showed [3d Kc] and won ($0.1) with Pair of Kings and Pair of Queens
Seat 6: Hero folded before Flop (didn't bet)


Poker Hand #HD1176496160: Hold'em No Limit  ($0.02/$0.05) - 2023/03/26 10:50:42
Table 'NLHBlue2' 6-max Seat #2 is the button
Seat 2: cfbaafb3 ($5 in chips)
Seat 3: c5a84fb3 ($5.79 in chips)
Seat 4: 2afe7d6 ($4.29 in chips)
Seat 5: 2bc40a4c ($5.14 in chips)
Seat 6: Hero ($7.39 in chips)
c5a84fb3: posts small blind $0.02
2afe7d6: posts big blind $0.05
*** HOLE CARDS ***
Dealt to cfbaafb3 
Dealt to c5a84fb3 
Dealt to 2afe7d6 
Dealt to 2bc40a4c 
Dealt to Hero [3c Js]
2bc40a4c: folds
Hero: folds
cfbaafb3: raises $0.05 to $0.1
c5a84fb3: calls $0.08
2afe7d6: calls $0.05
*** FLOP *** [5c 6c Kc]
c5a84fb3: checks
2afe7d6: checks
cfbaafb3: checks
*** TURN *** [5c 6c Kc] [Qd]
c5a84fb3: checks
2afe7d6: checks
cfbaafb3: checks
*** RIVER *** [5c 6c Kc Qd] [2c]
c5a84fb3: checks
2afe7d6: checks
cfbaafb3: checks
c5a84fb3: shows [Td 9c] (King High Flush)
2afe7d6: shows [3s 8s] (King-High)
cfbaafb3: shows [4h 5h] (Pair of Fives)
*** SHOWDOWN ***
c5a84fb3 collected $0.29 from pot
*** SUMMARY ***
Total pot $0.3 | Rake $0.01 | Jackpot $0 | Bingo $0 | Fortune $0
Board [5c 6c Kc Qd 2c]
Seat 2: cfbaafb3 (button) showed [4h 5h] and lost with Pair of Fives
Seat 3: c5a84fb3 (small blind) showed [Td 9c] and won ($0.29) with King High Flush
Seat 4: 2afe7d6 (big blind) showed [3s 8s] and lost with King-High
Seat 5: 2bc40a4c folded before Flop (didn't bet)
Seat 6: Hero folded before Flop (didn't bet)


Poker Hand #HD1176496124: Hold'em No Limit  ($0.02/$0.05) - 2023/03/26 10:50:22
Table 'NLHBlue2' 6-max Seat #6 is the button
Seat 2: cfbaafb3 ($5 in chips)
Seat 3: c5a84fb3 ($5.84 in chips)
Seat 4: 2afe7d6 ($4.29 in chips)
Seat 5: 2bc40a4c ($5.14 in chips)
Seat 6: Hero ($7.32 in chips)
cfbaafb3: posts small blind $0.02
c5a84fb3: posts big blind $0.05
*** HOLE CARDS ***
Dealt to cfbaafb3 
Dealt to c5a84fb3 
Dealt to 2afe7d6 
Dealt to 2bc40a4c 
Dealt to Hero [Qh 6h]
2afe7d6: folds
2bc40a4c: folds
Hero: raises $0.07 to $0.12
cfbaafb3: folds
c5a84fb3: folds
Uncalled bet ($0.07) returned to Hero
*** SHOWDOWN ***
Hero collected $0.12 from pot
*** SUMMARY ***
Total pot $0.12 | Rake $0 | Jackpot $0 | Bingo $0 | Fortune $0
Seat 2: cfbaafb3 (small blind) folded before Flop
Seat 3: c5a84fb3 (big blind) folded before Flop
Seat 4: 2afe7d6 folded before Flop (didn't bet)
Seat 5: 2bc40a4c folded before Flop (didn't bet)
Seat 6: Hero (button) collected ($0.12)


Poker Hand #HD1176496060: Hold'em No Limit  ($0.02/$0.05) - 2023/03/26 10:49:48
Table 'NLHBlue2' 6-max Seat #5 is the button
Seat 2: cfbaafb3 ($5 in chips)
Seat 3: c5a84fb3 ($5.84 in chips)
Seat 4: 2afe7d6 ($4.29 in chips)
Seat 5: 2bc40a4c ($5 in chips)
Seat 6: Hero ($7.34 in chips)
Hero: posts small blind $0.02
cfbaafb3: posts big blind $0.05
*** HOLE CARDS ***
Dealt to cfbaafb3 
Dealt to c5a84fb3 
Dealt to 2afe7d6 
Dealt to 2bc40a4c 
Dealt to Hero [Ad 7h]
c5a84fb3: folds
2afe7d6: folds
2bc40a4c: raises $0.08 to $0.13
Hero: folds
cfbaafb3: calls $0.08
*** FLOP *** [5h 9s Th]
cfbaafb3: checks
2bc40a4c: bets $0.21
cfbaafb3: folds
Uncalled bet ($0.21) returned to 2bc40a4c
*** SHOWDOWN ***
2bc40a4c collected $0.27 from pot
*** SUMMARY ***
Total pot $0.28 | Rake $0.01 | Jackpot $0 | Bingo $0 | Fortune $0
Board [5h 9s Th]
Seat 2: cfbaafb3 (big blind) folded on the Flop
Seat 3: c5a84fb3 folded before Flop (didn't bet)
Seat 4: 2afe7d6 folded before Flop (didn't bet)
Seat 5: 2bc40a4c (button) won ($0.27)
Seat 6: Hero (small blind) folded before Flop


Poker Hand #HD1176495996: Hold'em No Limit  ($0.02/$0.05) - 2023/03/26 10:49:18
Table 'NLHBlue2' 6-max Seat #4 is the button
Seat 2: cfbaafb3 ($5 in chips)
Seat 3: c5a84fb3 ($5.84 in chips)
Seat 4: 2afe7d6 ($3.92 in chips)
Seat 5: 2bc40a4c ($5 in chips)
Seat 6: Hero ($7.73 in chips)
2bc40a4c: posts small blind $0.02
Hero: posts big blind $0.05
*** HOLE CARDS ***
Dealt to cfbaafb3 
Dealt to c5a84fb3 
Dealt to 2afe7d6 
Dealt to 2bc40a4c 
Dealt to Hero [Ks 9c]
cfbaafb3: folds
c5a84fb3: folds
2afe7d6: raises $0.1 to $0.15
2bc40a4c: folds
Hero: calls $0.1
*** FLOP *** [7c Ac Kd]
Hero: checks
2afe7d6: bets $0.24
Hero: calls $0.24
*** TURN *** [7c Ac Kd] [Qs]
Hero: checks
2afe7d6: bets $0.6
Hero: folds
Uncalled bet ($0.6) returned to 2afe7d6
*** SHOWDOWN ***
2afe7d6 collected $0.76 from pot
*** SUMMARY ***
Total pot $0.8 | Rake $0.04 | Jackpot $0 | Bingo $0 | Fortune $0
Board [7c Ac Kd Qs]
Seat 2: cfbaafb3 folded before Flop (didn't bet)
Seat 3: c5a84fb3 folded before Flop (didn't bet)
Seat 4: 2afe7d6 (button) won ($0.76)
Seat 5: 2bc40a4c (small blind) folded before Flop
Seat 6: Hero (big blind) folded on the Turn


Poker Hand #HD1176495973: Hold'em No Limit  ($0.02/$0.05) - 2023/03/26 10:49:05
Table 'NLHBlue2' 6-max Seat #3 is the button
Seat 2: cfbaafb3 ($5 in chips)
Seat 3: c5a84fb3 ($5.84 in chips)
Seat 4: 2afe7d6 ($3.87 in chips)
Seat 5: 2bc40a4c ($5 in chips)
Seat 6: Hero ($7.73 in chips)
2afe7d6: posts small blind $0.02
2bc40a4c: posts big blind $0.05
*** HOLE CARDS ***
Dealt to cfbaafb3 
Dealt to c5a84fb3 
Dealt to 2afe7d6 
Dealt to 2bc40a4c 
Dealt to Hero [Th Jc]
Hero: folds
cfbaafb3: folds
c5a84fb3: folds
2afe7d6: raises $0.05 to $0.1
2bc40a4c: folds
Uncalled bet ($0.05) returned to 2afe7d6
*** SHOWDOWN ***
2afe7d6 collected $0.1 from pot
*** SUMMARY ***
Total pot $0.1 | Rake $0 | Jackpot $0 | Bingo $0 | Fortune $0
Seat 2: cfbaafb3 folded before Flop (didn't bet)
Seat 3: c5a84fb3 (button) folded before Flop (didn't bet)
Seat 4: 2afe7d6 (small blind) collected ($0.1)
Seat 5: 2bc40a4c (big blind) folded before Flop
Seat 6: Hero folded before Flop (didn't bet)


Poker Hand #HD1176495885: Hold'em No Limit  ($0.02/$0.05) - 2023/03/26 10:48:16
Table 'NLHBlue2' 6-max Seat #2 is the button
Seat 2: cfbaafb3 ($5 in chips)
Seat 3: c5a84fb3 ($5.86 in chips)
Seat 4: 2afe7d6 ($3.64 in chips)
Seat 5: 2bc40a4c ($5 in chips)
Seat 6: Hero ($7.73 in chips)
c5a84fb3: posts small blind $0.02
2afe7d6: posts big blind $0.05
*** HOLE CARDS ***
Dealt to cfbaafb3 
Dealt to c5a84fb3 
Dealt to 2afe7d6 
Dealt to 2bc40a4c 
Dealt to Hero [3s 9s]
2bc40a4c: raises $0.08 to $0.13
Hero: folds
cfbaafb3: folds
c5a84fb3: folds
2afe7d6: calls $0.08
*** FLOP *** [9h Kd 3c]
2afe7d6: checks
2bc40a4c: bets $0.1
2afe7d6: calls $0.1
*** TURN *** [9h Kd 3c] [5c]
2afe7d6: checks
2bc40a4c: checks
*** RIVER *** [9h Kd 3c 5c] [8s]
2afe7d6: bets $0.16
2bc40a4c: folds
Uncalled bet ($0.16) returned to 2afe7d6
*** SHOWDOWN ***
2afe7d6 collected $0.46 from pot
*** SUMMARY ***
Total pot $0.48 | Rake $0.02 | Jackpot $0 | Bingo $0 | Fortune $0
Board [9h Kd 3c 5c 8s]
Seat 2: cfbaafb3 (button) folded before Flop (didn't bet)
Seat 3: c5a84fb3 (small blind) folded before Flop
Seat 4: 2afe7d6 (big blind) won ($0.46)
Seat 5: 2bc40a4c folded on the River
Seat 6: Hero folded before Flop (didn't bet)


Poker Hand #HD1176495834: Hold'em No Limit  ($0.02/$0.05) - 2023/03/26 10:47:46
Table 'NLHBlue2' 6-max Seat #6 is the button
Seat 2: cfbaafb3 ($5 in chips)
Seat 3: c5a84fb3 ($5.96 in chips)
Seat 4: 2afe7d6 ($3.53 in chips)
Seat 5: 2bc40a4c ($5 in chips)
Seat 6: Hero ($7.73 in chips)
cfbaafb3: posts small blind $0.02
c5a84fb3: posts big blind $0.05
*** HOLE CARDS ***
Dealt to cfbaafb3 
Dealt to c5a84fb3 
Dealt to 2afe7d6 
Dealt to 2bc40a4c 
Dealt to Hero [3d 7c]
2afe7d6: raises $0.05 to $0.1
2bc40a4c: folds
Hero: folds
cfbaafb3: folds
c5a84fb3: calls $0.05
*** FLOP *** [4h Qd 2d]
c5a84fb3: checks
2afe7d6: bets $0.08
c5a84fb3: folds
Uncalled bet ($0.08) returned to 2afe7d6
*** SHOWDOWN ***
2afe7d6 collected $0.21 from pot
*** SUMMARY ***
Total pot $0.22 | Rake $0.01 | Jackpot $0 | Bingo $0 | Fortune $0
Board [4h Qd 2d]
Seat 2: cfbaafb3 (small blind) folded before Flop
Seat 3: c5a84fb3 (big blind) folded on the Flop
Seat 4: 2afe7d6 won ($0.21)
Seat 5: 2bc40a4c folded before Flop (didn't bet)
Seat 6: Hero (button) folded before Flop (didn't bet)


Poker Hand #HD1176495692: Hold'em No Limit  ($0.02/$0.05) - 2023/03/26 10:46:28
Table 'NLHBlue2' 6-max Seat #5 is the button
Seat 2: cfbaafb3 ($5 in chips)
Seat 3: c5a84fb3 ($5.96 in chips)
Seat 4: 2afe7d6 ($2.46 in chips)
Seat 5: 2bc40a4c ($5.26 in chips)
Seat 6: Hero ($7.75 in chips)
Hero: posts small blind $0.02
cfbaafb3: posts big blind $0.05
*** HOLE CARDS ***
Dealt to cfbaafb3 
Dealt to c5a84fb3 
Dealt to 2afe7d6 
Dealt to 2bc40a4c 
Dealt to Hero [7s Kh]
c5a84fb3: folds
2afe7d6: calls $0.05
2bc40a4c: raises $0.08 to $0.13
Hero: folds
cfbaafb3: calls $0.08
2afe7d6: calls $0.08
*** FLOP *** [4s Qd 6s]
cfbaafb3: checks
2afe7d6: bets $0.14
2bc40a4c: calls $0.14
cfbaafb3: folds
*** TURN *** [4s Qd 6s] [4h]
2afe7d6: bets $0.35
2bc40a4c: raises $0.46 to $0.81
2afe7d6: raises $1.38 to $2.19 and is all-in
2bc40a4c: folds
Uncalled bet ($1.38) returned to 2afe7d6
*** SHOWDOWN ***
2afe7d6 collected $2.15 from pot
*** SUMMARY ***
Total pot $2.31 | Rake $0.11 | Jackpot $0.05 | Bingo $0 | Fortune $0
Board [4s Qd 6s 4h]
Seat 2: cfbaafb3 (big blind) folded on the Flop
Seat 3: c5a84fb3 folded before Flop (didn't bet)
Seat 4: 2afe7d6 won ($2.15)
Seat 5: 2bc40a4c (button) folded on the Turn
Seat 6: Hero (small blind) folded before Flop


Poker Hand #HD1176495642: Hold'em No Limit  ($0.02/$0.05) - 2023/03/26 10:46:08
Table 'NLHBlue2' 6-max Seat #4 is the button
Seat 1: 4b0383a9 ($5 in chips)
Seat 2: cfbaafb3 ($5 in chips)
Seat 3: c5a84fb3 ($5.96 in chips)
Seat 4: 2afe7d6 ($2.56 in chips)
Seat 5: 2bc40a4c ($5.12 in chips)
Seat 6: Hero ($7.8 in chips)
2bc40a4c: posts small blind $0.02
Hero: posts big blind $0.05
*** HOLE CARDS ***
Dealt to 4b0383a9 
Dealt to cfbaafb3 
Dealt to c5a84fb3 
Dealt to 2afe7d6 
Dealt to 2bc40a4c 
Dealt to Hero [3s Qd]
4b0383a9: folds
cfbaafb3: folds
c5a84fb3: folds
2afe7d6: raises $0.05 to $0.1
2bc40a4c: raises $0.3 to $0.4
Hero: folds
2afe7d6: folds
Uncalled bet ($0.3) returned to 2bc40a4c
*** SHOWDOWN ***
2bc40a4c collected $0.24 from pot
*** SUMMARY ***
Total pot $0.25 | Rake $0.01 | Jackpot $0 | Bingo $0 | Fortune $0
Seat 1: 4b0383a9 folded before Flop (didn't bet)
Seat 2: cfbaafb3 folded before Flop (didn't bet)
Seat 3: c5a84fb3 folded before Flop (didn't bet)
Seat 4: 2afe7d6 (button) folded before Flop
Seat 5: 2bc40a4c (small blind) collected ($0.24)
Seat 6: Hero (big blind) folded before Flop


Poker Hand #HD1176425590: Hold'em No Limit  ($0.02/$0.05) - 2023/03/26 10:45:38
Table 'NLHBlue2' 6-max Seat #3 is the button
Seat 1: 4b0383a9 ($5.01 in chips)
Seat 2: cfbaafb3 ($5 in chips)
Seat 3: c5a84fb3 ($6.34 in chips)
Seat 4: 2afe7d6 ($2.04 in chips)
Seat 5: 2bc40a4c ($5.17 in chips)
Seat 6: Hero ($7.8 in chips)
2afe7d6: posts small blind $0.02
2bc40a4c: posts big blind $0.05
*** HOLE CARDS ***
Dealt to 4b0383a9 
Dealt to cfbaafb3 
Dealt to c5a84fb3 
Dealt to 2afe7d6 
Dealt to 2bc40a4c 
Dealt to Hero [8d Jh]
Hero: folds
4b0383a9: raises $0.08 to $0.13
cfbaafb3: folds
c5a84fb3: raises $0.25 to $0.38
2afe7d6: raises $0.71 to $1.09
2bc40a4c: folds
4b0383a9: folds
c5a84fb3: folds
Uncalled bet ($0.71) returned to 2afe7d6
*** SHOWDOWN ***
2afe7d6 collected $0.9 from pot
*** SUMMARY ***
Total pot $0.94 | Rake $0.04 | Jackpot $0 | Bingo $0 | Fortune $0
Seat 1: 4b0383a9 folded before Flop
Seat 2: cfbaafb3 folded before Flop (didn't bet)
Seat 3: c5a84fb3 (button) folded before Flop
Seat 4: 2afe7d6 (small blind) collected ($0.9)
Seat 5: 2bc40a4c (big blind) folded before Flop
Seat 6: Hero folded before Flop (didn't bet)


Poker Hand #HD1176425497: Hold'em No Limit  ($0.02/$0.05) - 2023/03/26 10:44:47
Table 'NLHBlue2' 6-max Seat #2 is the button
Seat 1: 4b0383a9 ($5.14 in chips)
Seat 2: cfbaafb3 ($5 in chips)
Seat 3: c5a84fb3 ($6.36 in chips)
Seat 4: 2afe7d6 ($1.9 in chips)
Seat 5: 2bc40a4c ($5.17 in chips)
Seat 6: Hero ($7.8 in chips)
c5a84fb3: posts small blind $0.02
2afe7d6: posts big blind $0.05
*** HOLE CARDS ***
Dealt to 4b0383a9 
Dealt to cfbaafb3 
Dealt to c5a84fb3 
Dealt to 2afe7d6 
Dealt to 2bc40a4c 
Dealt to Hero [Jc 5d]
2bc40a4c: folds
Hero: folds
4b0383a9: raises $0.08 to $0.13
cfbaafb3: folds
c5a84fb3: folds
2afe7d6: calls $0.08
*** FLOP *** [6h Qh 3h]
2afe7d6: checks
4b0383a9: checks
*** TURN *** [6h Qh 3h] [8s]
2afe7d6: checks
4b0383a9: checks
*** RIVER *** [6h Qh 3h 8s] [3d]
2afe7d6: bets $0.14
4b0383a9: folds
Uncalled bet ($0.14) returned to 2afe7d6
*** SHOWDOWN ***
2afe7d6 collected $0.27 from pot
*** SUMMARY ***
Total pot $0.28 | Rake $0.01 | Jackpot $0 | Bingo $0 | Fortune $0
Board [6h Qh 3h 8s 3d]
Seat 1: 4b0383a9 folded on the River
Seat 2: cfbaafb3 (button) folded before Flop (didn't bet)
Seat 3: c5a84fb3 (small blind) folded before Flop
Seat 4: 2afe7d6 (big blind) won ($0.27)
Seat 5: 2bc40a4c folded before Flop (didn't bet)
Seat 6: Hero folded before Flop (didn't bet)


Poker Hand #HD1176425470: Hold'em No Limit  ($0.02/$0.05) - 2023/03/26 10:44:27
Table 'NLHBlue2' 6-max Seat #1 is the button
Seat 1: 4b0383a9 ($5.14 in chips)
Seat 2: cfbaafb3 ($5 in chips)
Seat 3: c5a84fb3 ($6.34 in chips)
Seat 4: 2afe7d6 ($1.9 in chips)
Seat 5: 2bc40a4c ($5.17 in chips)
Seat 6: Hero ($7.8 in chips)
cfbaafb3: posts small blind $0.02
c5a84fb3: posts big blind $0.05
*** HOLE CARDS ***
Dealt to 4b0383a9 
Dealt to cfbaafb3 
Dealt to c5a84fb3 
Dealt to 2afe7d6 
Dealt to 2bc40a4c 
Dealt to Hero [Td 7d]
2afe7d6: folds
2bc40a4c: folds
Hero: folds
4b0383a9: folds
cfbaafb3: folds
Uncalled bet ($0.03) returned to c5a84fb3
*** SHOWDOWN ***
c5a84fb3 collected $0.04 from pot
*** SUMMARY ***
Total pot $0.04 | Rake $0 | Jackpot $0 | Bingo $0 | Fortune $0
Seat 1: 4b0383a9 (button) folded before Flop (didn't bet)
Seat 2: cfbaafb3 (small blind) folded before Flop
Seat 3: c5a84fb3 (big blind) collected ($0.04)
Seat 4: 2afe7d6 folded before Flop (didn't bet)
Seat 5: 2bc40a4c folded before Flop (didn't bet)
Seat 6: Hero folded before Flop (didn't bet)


Poker Hand #HD1176425431: Hold'em No Limit  ($0.02/$0.05) - 2023/03/26 10:44:11
Table 'NLHBlue2' 6-max Seat #6 is the button
Seat 1: 4b0383a9 ($5.09 in chips)
Seat 2: cfbaafb3 ($5 in chips)
Seat 3: c5a84fb3 ($6.34 in chips)
Seat 4: 2afe7d6 ($1.9 in chips)
Seat 5: 2bc40a4c ($5.17 in chips)
Seat 6: Hero ($7.8 in chips)
4b0383a9: posts small blind $0.02
cfbaafb3: posts big blind $0.05
*** HOLE CARDS ***
Dealt to 4b0383a9 
Dealt to cfbaafb3 
Dealt to c5a84fb3 
Dealt to 2afe7d6 
Dealt to 2bc40a4c 
Dealt to Hero [3c 4h]
c5a84fb3: folds
2afe7d6: folds
2bc40a4c: folds
Hero: folds
4b0383a9: raises $0.1 to $0.15
cfbaafb3: folds
Uncalled bet ($0.1) returned to 4b0383a9
*** SHOWDOWN ***
4b0383a9 collected $0.1 from pot
*** SUMMARY ***
Total pot $0.1 | Rake $0 | Jackpot $0 | Bingo $0 | Fortune $0
Seat 1: 4b0383a9 (small blind) collected ($0.1)
Seat 2: cfbaafb3 (big blind) folded before Flop
Seat 3: c5a84fb3 folded before Flop (didn't bet)
Seat 4: 2afe7d6 folded before Flop (didn't bet)
Seat 5: 2bc40a4c folded before Flop (didn't bet)
Seat 6: Hero (button) folded before Flop (didn't bet)


Poker Hand #HD1176425417: Hold'em No Limit  ($0.02/$0.05) - 2023/03/26 10:44:00
Table 'NLHBlue2' 6-max Seat #5 is the button
Seat 1: 4b0383a9 ($5.14 in chips)
Seat 3: c5a84fb3 ($6.34 in chips)
Seat 4: 2afe7d6 ($1.9 in chips)
Seat 5: 2bc40a4c ($5.17 in chips)
Seat 6: Hero ($7.75 in chips)
Hero: posts small blind $0.02
4b0383a9: posts big blind $0.05
*** HOLE CARDS ***
Dealt to 4b0383a9 
Dealt to c5a84fb3 
Dealt to 2afe7d6 
Dealt to 2bc40a4c 
Dealt to Hero [Jd Kc]
c5a84fb3: folds
2afe7d6: folds
2bc40a4c: folds
Hero: raises $0.09 to $0.14
4b0383a9: folds
Uncalled bet ($0.09) returned to Hero
*** SHOWDOWN ***
Hero collected $0.1 from pot
*** SUMMARY ***
Total pot $0.1 | Rake $0 | Jackpot $0 | Bingo $0 | Fortune $0
Seat 1: 4b0383a9 (big blind) folded before Flop
Seat 3: c5a84fb3 folded before Flop (didn't bet)
Seat 4: 2afe7d6 folded before Flop (didn't bet)
Seat 5: 2bc40a4c (button) folded before Flop (didn't bet)
Seat 6: Hero (small blind) collected ($0.1)


Poker Hand #HD1176425343: Hold'em No Limit  ($0.02/$0.05) - 2023/03/26 10:43:23
Table 'NLHBlue2' 6-max Seat #4 is the button
Seat 1: 4b0383a9 ($5.14 in chips)
Seat 3: c5a84fb3 ($6.47 in chips)
Seat 4: 2afe7d6 ($1.9 in chips)
Seat 5: 2bc40a4c ($5 in chips)
Seat 6: Hero ($7.8 in chips)
2bc40a4c: posts small blind $0.02
Hero: posts big blind $0.05
*** HOLE CARDS ***
Dealt to 4b0383a9 
Dealt to c5a84fb3 
Dealt to 2afe7d6 
Dealt to 2bc40a4c 
Dealt to Hero [9c Ad]
4b0383a9: folds
c5a84fb3: raises $0.08 to $0.13
2afe7d6: folds
2bc40a4c: raises $0.31 to $0.44
Hero: folds
c5a84fb3: folds
Uncalled bet ($0.31) returned to 2bc40a4c
*** SHOWDOWN ***
2bc40a4c collected $0.3 from pot
*** SUMMARY ***
Total pot $0.31 | Rake $0.01 | Jackpot $0 | Bingo $0 | Fortune $0
Seat 1: 4b0383a9 folded before Flop (didn't bet)
Seat 3: c5a84fb3 folded before Flop
Seat 4: 2afe7d6 (button) folded before Flop (didn't bet)
Seat 5: 2bc40a4c (small blind) collected ($0.3)
Seat 6: Hero (big blind) folded before Flop


Poker Hand #HD1176425272: Hold'em No Limit  ($0.02/$0.05) - 2023/03/26 10:42:40
Table 'NLHBlue2' 6-max Seat #3 is the button
Seat 1: 4b0383a9 ($5.56 in chips)
Seat 3: c5a84fb3 ($6.47 in chips)
Seat 4: 2afe7d6 ($1.47 in chips)
Seat 5: 2bc40a4c ($5 in chips)
Seat 6: Hero ($7.8 in chips)
2afe7d6: posts small blind $0.02
2bc40a4c: posts big blind $0.05
*** HOLE CARDS ***
Dealt to 4b0383a9 
Dealt to c5a84fb3 
Dealt to 2afe7d6 
Dealt to 2bc40a4c 
Dealt to Hero [8h 7s]
Hero: folds
4b0383a9: raises $0.08 to $0.13
c5a84fb3: folds
2afe7d6: calls $0.11
2bc40a4c: folds
*** FLOP *** [Td 5h 2c]
2afe7d6: checks
4b0383a9: bets $0.11
2afe7d6: raises $0.18 to $0.29
4b0383a9: calls $0.18
*** TURN *** [Td 5h 2c] [6h]
2afe7d6: bets $0.45
4b0383a9: folds
Uncalled bet ($0.45) returned to 2afe7d6
*** SHOWDOWN ***
2afe7d6 collected $0.85 from pot
*** SUMMARY ***
Total pot $0.89 | Rake $0.04 | Jackpot $0 | Bingo $0 | Fortune $0
Board [Td 5h 2c 6h]
Seat 1: 4b0383a9 folded on the Turn
Seat 3: c5a84fb3 (button) folded before Flop (didn't bet)
Seat 4: 2afe7d6 (small blind) won ($0.85)
Seat 5: 2bc40a4c (big blind) folded before Flop
Seat 6: Hero folded before Flop (didn't bet)


Poker Hand #HD1176425261: Hold'em No Limit  ($0.02/$0.05) - 2023/03/26 10:42:31
Table 'NLHBlue2' 6-max Seat #1 is the button
Seat 1: 4b0383a9 ($5.56 in chips)
Seat 3: c5a84fb3 ($6.49 in chips)
Seat 4: 2afe7d6 ($1.45 in chips)
Seat 6: Hero ($7.8 in chips)
c5a84fb3: posts small blind $0.02
2afe7d6: posts big blind $0.05
*** HOLE CARDS ***
Dealt to 4b0383a9 
Dealt to c5a84fb3 
Dealt to 2afe7d6 
Dealt to Hero [4d 8h]
Hero: folds
4b0383a9: folds
c5a84fb3: folds
Uncalled bet ($0.03) returned to 2afe7d6
*** SHOWDOWN ***
2afe7d6 collected $0.04 from pot
*** SUMMARY ***
Total pot $0.04 | Rake $0 | Jackpot $0 | Bingo $0 | Fortune $0
Seat 1: 4b0383a9 (button) folded before Flop (didn't bet)
Seat 3: c5a84fb3 (small blind) folded before Flop
Seat 4: 2afe7d6 (big blind) collected ($0.04)
Seat 6: Hero folded before Flop (didn't bet)


Poker Hand #HD1176425180: Hold'em No Limit  ($0.02/$0.05) - 2023/03/26 10:41:48
Table 'NLHBlue2' 6-max Seat #6 is the button
Seat 1: 4b0383a9 ($5 in chips)
Seat 3: c5a84fb3 ($6.54 in chips)
Seat 4: 2afe7d6 ($2.01 in chips)
Seat 6: Hero ($7.8 in chips)
4b0383a9: posts small blind $0.02
c5a84fb3: posts big blind $0.05
*** HOLE CARDS ***
Dealt to 4b0383a9 
Dealt to c5a84fb3 
Dealt to 2afe7d6 
Dealt to Hero [8s Js]
2afe7d6: calls $0.05
Hero: folds
4b0383a9: raises $0.15 to $0.2
c5a84fb3: folds
2afe7d6: calls $0.15
*** FLOP *** [Qc 4c Jd]
4b0383a9: bets $0.36
2afe7d6: calls $0.36
*** TURN *** [Qc 4c Jd] [9s]
4b0383a9: bets $1.67
2afe7d6: folds
Uncalled bet ($1.67) returned to 4b0383a9
*** SHOWDOWN ***
4b0383a9 collected $1.12 from pot
*** SUMMARY ***
Total pot $1.17 | Rake $0.05 | Jackpot $0 | Bingo $0 | Fortune $0
Board [Qc 4c Jd 9s]
Seat 1: 4b0383a9 (small blind) won ($1.12)
Seat 3: c5a84fb3 (big blind) folded before Flop
Seat 4: 2afe7d6 folded on the Turn
Seat 6: Hero (button) folded before Flop (didn't bet)


Poker Hand #HD1176425149: Hold'em No Limit  ($0.02/$0.05) - 2023/03/26 10:41:28
Table 'NLHBlue2' 6-max Seat #4 is the button
Seat 1: 4b0383a9 ($5 in chips)
Seat 2: 7d1260c0 ($9.06 in chips)
Seat 3: c5a84fb3 ($6.54 in chips)
Seat 4: 2afe7d6 ($2.01 in chips)
Seat 6: Hero ($7.75 in chips)
Hero: posts small blind $0.02
4b0383a9: posts big blind $0.05
*** HOLE CARDS ***
Dealt to 4b0383a9 
Dealt to 7d1260c0 
Dealt to c5a84fb3 
Dealt to 2afe7d6 
Dealt to Hero [Qh 6h]
7d1260c0: folds
c5a84fb3: folds
2afe7d6: folds
Hero: raises $0.09 to $0.14
4b0383a9: folds
Uncalled bet ($0.09) returned to Hero
*** SHOWDOWN ***
Hero collected $0.1 from pot
*** SUMMARY ***
Total pot $0.1 | Rake $0 | Jackpot $0 | Bingo $0 | Fortune $0
Seat 1: 4b0383a9 (big blind) folded before Flop
Seat 2: 7d1260c0 folded before Flop (didn't bet)
Seat 3: c5a84fb3 folded before Flop (didn't bet)
Seat 4: 2afe7d6 (button) folded before Flop (didn't bet)
Seat 6: Hero (small blind) collected ($0.1)


Poker Hand #HD1176425125: Hold'em No Limit  ($0.02/$0.05) - 2023/03/26 10:41:13
Table 'NLHBlue2' 6-max Seat #3 is the button
Seat 2: 7d1260c0 ($9.06 in chips)
Seat 3: c5a84fb3 ($6.54 in chips)
Seat 4: 2afe7d6 ($2.03 in chips)
Seat 6: Hero ($7.73 in chips)
2afe7d6: posts small blind $0.02
Hero: posts big blind $0.05
*** HOLE CARDS ***
Dealt to 7d1260c0 
Dealt to c5a84fb3 
Dealt to 2afe7d6 
Dealt to Hero [9h 7s]
7d1260c0: folds
c5a84fb3: folds
2afe7d6: folds
Uncalled bet ($0.03) returned to Hero
*** SHOWDOWN ***
Hero collected $0.04 from pot
*** SUMMARY ***
Total pot $0.04 | Rake $0 | Jackpot $0 | Bingo $0 | Fortune $0
Seat 2: 7d1260c0 folded before Flop (didn't bet)
Seat 3: c5a84fb3 (button) folded before Flop (didn't bet)
Seat 4: 2afe7d6 (small blind) folded before Flop
Seat 6: Hero (big blind) collected ($0.04)


Poker Hand #HD1176425085: Hold'em No Limit  ($0.02/$0.05) - 2023/03/26 10:40:53
Table 'NLHBlue2' 6-max Seat #2 is the button
Seat 2: 7d1260c0 ($9.06 in chips)
Seat 3: c5a84fb3 ($6.56 in chips)
Seat 4: 2afe7d6 ($2.08 in chips)
Seat 5: 7e573cd0 ($9.26 in chips)
Seat 6: Hero ($7.66 in chips)
c5a84fb3: posts small blind $0.02
2afe7d6: posts big blind $0.05
*** HOLE CARDS ***
Dealt to 7d1260c0 
Dealt to c5a84fb3 
Dealt to 2afe7d6 
Dealt to 7e573cd0 
Dealt to Hero [7c 7h]
7e573cd0: folds
Hero: raises $0.07 to $0.12
7d1260c0: folds
c5a84fb3: folds
2afe7d6: folds
Uncalled bet ($0.07) returned to Hero
*** SHOWDOWN ***
Hero collected $0.12 from pot
*** SUMMARY ***
Total pot $0.12 | Rake $0 | Jackpot $0 | Bingo $0 | Fortune $0
Seat 2: 7d1260c0 (button) folded before Flop (didn't bet)
Seat 3: c5a84fb3 (small blind) folded before Flop
Seat 4: 2afe7d6 (big blind) folded before Flop
Seat 5: 7e573cd0 folded before Flop (didn't bet)
Seat 6: Hero collected ($0.12)


Poker Hand #HD1176425054: Hold'em No Limit  ($0.02/$0.05) - 2023/03/26 10:40:39
Table 'NLHBlue2' 6-max Seat #6 is the button
Seat 2: 7d1260c0 ($9.08 in chips)
Seat 3: c5a84fb3 ($6.61 in chips)
Seat 4: 2afe7d6 ($2.01 in chips)
Seat 5: 7e573cd0 ($9.26 in chips)
Seat 6: Hero ($7.66 in chips)
7d1260c0: posts small blind $0.02
c5a84fb3: posts big blind $0.05
*** HOLE CARDS ***
Dealt to 7d1260c0 
Dealt to c5a84fb3 
Dealt to 2afe7d6 
Dealt to 7e573cd0 
Dealt to Hero [9c 5c]
2afe7d6: raises $0.05 to $0.1
7e573cd0: folds
Hero: folds
7d1260c0: folds
c5a84fb3: folds
Uncalled bet ($0.05) returned to 2afe7d6
*** SHOWDOWN ***
2afe7d6 collected $0.12 from pot
*** SUMMARY ***
Total pot $0.12 | Rake $0 | Jackpot $0 | Bingo $0 | Fortune $0
Seat 2: 7d1260c0 (small blind) folded before Flop
Seat 3: c5a84fb3 (big blind) folded before Flop
Seat 4: 2afe7d6 collected ($0.12)
Seat 5: 7e573cd0 folded before Flop (didn't bet)
Seat 6: Hero (button) folded before Flop (didn't bet)


Poker Hand #HD1176425015: Hold'em No Limit  ($0.02/$0.05) - 2023/03/26 10:40:14
Table 'NLHBlue2' 6-max Seat #5 is the button
Seat 2: 7d1260c0 ($9.13 in chips)
Seat 3: c5a84fb3 ($6.61 in chips)
Seat 4: 2afe7d6 ($2.11 in chips)
Seat 5: 7e573cd0 ($9.26 in chips)
Seat 6: Hero ($7.52 in chips)
Hero: posts small blind $0.02
7d1260c0: posts big blind $0.05
*** HOLE CARDS ***
Dealt to 7d1260c0 
Dealt to c5a84fb3 
Dealt to 2afe7d6 
Dealt to 7e573cd0 
Dealt to Hero [Kh Qh]
c5a84fb3: folds
2afe7d6: raises $0.05 to $0.1
7e573cd0: folds
Hero: raises $0.32 to $0.42
7d1260c0: folds
2afe7d6: folds
Uncalled bet ($0.32) returned to Hero
*** SHOWDOWN ***
Hero collected $0.24 from pot
*** SUMMARY ***
Total pot $0.25 | Rake $0.01 | Jackpot $0 | Bingo $0 | Fortune $0
Seat 2: 7d1260c0 (big blind) folded before Flop
Seat 3: c5a84fb3 folded before Flop (didn't bet)
Seat 4: 2afe7d6 folded before Flop
Seat 5: 7e573cd0 (button) folded before Flop (didn't bet)
Seat 6: Hero (small blind) collected ($0.24)


Poker Hand #HD1176424992: Hold'em No Limit  ($0.02/$0.05) - 2023/03/26 10:40:03
Table 'NLHBlue2' 6-max Seat #4 is the button
Seat 2: 7d1260c0 ($9.13 in chips)
Seat 3: c5a84fb3 ($6.54 in chips)
Seat 4: 2afe7d6 ($2.11 in chips)
Seat 5: 7e573cd0 ($9.28 in chips)
Seat 6: Hero ($7.57 in chips)
7e573cd0: posts small blind $0.02
Hero: posts big blind $0.05
*** HOLE CARDS ***
Dealt to 7d1260c0 
Dealt to c5a84fb3 
Dealt to 2afe7d6 
Dealt to 7e573cd0 
Dealt to Hero [Jc 6s]
7d1260c0: folds
c5a84fb3: raises $0.06 to $0.11
2afe7d6: folds
7e573cd0: folds
Hero: folds
Uncalled bet ($0.06) returned to c5a84fb3
*** SHOWDOWN ***
c5a84fb3 collected $0.12 from pot
*** SUMMARY ***
Total pot $0.12 | Rake $0 | Jackpot $0 | Bingo $0 | Fortune $0
Seat 2: 7d1260c0 folded before Flop (didn't bet)
Seat 3: c5a84fb3 collected ($0.12)
Seat 4: 2afe7d6 (button) folded before Flop (didn't bet)
Seat 5: 7e573cd0 (small blind) folded before Flop
Seat 6: Hero (big blind) folded before Flop


Poker Hand #HD1176424954: Hold'em No Limit  ($0.02/$0.05) - 2023/03/26 10:39:45
Table 'NLHBlue2' 6-max Seat #3 is the button
Seat 2: 7d1260c0 ($9.13 in chips)
Seat 3: c5a84fb3 ($6.54 in chips)
Seat 4: 2afe7d6 ($2.06 in chips)
Seat 5: 7e573cd0 ($9.33 in chips)
Seat 6: Hero ($7.57 in chips)
2afe7d6: posts small blind $0.02
7e573cd0: posts big blind $0.05
*** HOLE CARDS ***
Dealt to 7d1260c0 
Dealt to c5a84fb3 
Dealt to 2afe7d6 
Dealt to 7e573cd0 
Dealt to Hero [5d 4s]
Hero: folds
7d1260c0: folds
c5a84fb3: folds
2afe7d6: calls $0.03
7e573cd0: checks
*** FLOP *** [Kc Ts 5h]
2afe7d6: bets $0.05
7e573cd0: folds
Uncalled bet ($0.05) returned to 2afe7d6
*** SHOWDOWN ***
2afe7d6 collected $0.1 from pot
*** SUMMARY ***
Total pot $0.1 | Rake $0 | Jackpot $0 | Bingo $0 | Fortune $0
Board [Kc Ts 5h]
Seat 2: 7d1260c0 folded before Flop (didn't bet)
Seat 3: c5a84fb3 (button) folded before Flop (didn't bet)
Seat 4: 2afe7d6 (small blind) won ($0.1)
Seat 5: 7e573cd0 (big blind) folded on the Flop
Seat 6: Hero folded before Flop (didn't bet)


Poker Hand #HD1176424924: Hold'em No Limit  ($0.02/$0.05) - 2023/03/26 10:39:30
Table 'NLHBlue2' 6-max Seat #2 is the button
Seat 1: bd3c183c ($6.78 in chips)
Seat 2: 7d1260c0 ($9.13 in chips)
Seat 3: c5a84fb3 ($6.56 in chips)
Seat 4: 2afe7d6 ($2.04 in chips)
Seat 5: 7e573cd0 ($9.33 in chips)
Seat 6: Hero ($7.57 in chips)
c5a84fb3: posts small blind $0.02
2afe7d6: posts big blind $0.05
*** HOLE CARDS ***
Dealt to bd3c183c 
Dealt to 7d1260c0 
Dealt to c5a84fb3 
Dealt to 2afe7d6 
Dealt to 7e573cd0 
Dealt to Hero [Jd 9s]
7e573cd0: folds
Hero: folds
bd3c183c: folds
7d1260c0: folds
c5a84fb3: folds
Uncalled bet ($0.03) returned to 2afe7d6
*** SHOWDOWN ***
2afe7d6 collected $0.04 from pot
*** SUMMARY ***
Total pot $0.04 | Rake $0 | Jackpot $0 | Bingo $0 | Fortune $0
Seat 1: bd3c183c folded before Flop (didn't bet)
Seat 2: 7d1260c0 (button) folded before Flop (didn't bet)
Seat 3: c5a84fb3 (small blind) folded before Flop
Seat 4: 2afe7d6 (big blind) collected ($0.04)
Seat 5: 7e573cd0 folded before Flop (didn't bet)
Seat 6: Hero folded before Flop (didn't bet)


Poker Hand #HD1176424813: Hold'em No Limit  ($0.02/$0.05) - 2023/03/26 10:38:27
Table 'NLHBlue2' 6-max Seat #1 is the button
Seat 1: bd3c183c ($6.88 in chips)
Seat 2: 7d1260c0 ($9.41 in chips)
Seat 3: c5a84fb3 ($6.61 in chips)
Seat 4: 2afe7d6 ($2.04 in chips)
Seat 5: 7e573cd0 ($8.93 in chips)
Seat 6: Hero ($7.57 in chips)
7d1260c0: posts small blind $0.02
c5a84fb3: posts big blind $0.05
*** HOLE CARDS ***
Dealt to bd3c183c 
Dealt to 7d1260c0 
Dealt to c5a84fb3 
Dealt to 2afe7d6 
Dealt to 7e573cd0 
Dealt to Hero [6h Th]
2afe7d6: folds
7e573cd0: raises $0.05 to $0.1
Hero: folds
bd3c183c: calls $0.1
7d1260c0: calls $0.08
c5a84fb3: folds
*** FLOP *** [2c Kh 6c]
7d1260c0: checks
7e573cd0: checks
bd3c183c: checks
*** TURN *** [2c Kh 6c] [Qc]
7d1260c0: checks
7e573cd0: checks
bd3c183c: checks
*** RIVER *** [2c Kh 6c Qc] [3s]
7d1260c0: bets $0.18
7e573cd0: raises $0.36 to $0.54
bd3c183c: folds
7d1260c0: folds
Uncalled bet ($0.36) returned to 7e573cd0
*** SHOWDOWN ***
7e573cd0 collected $0.68 from pot
*** SUMMARY ***
Total pot $0.71 | Rake $0.03 | Jackpot $0 | Bingo $0 | Fortune $0
Board [2c Kh 6c Qc 3s]
Seat 1: bd3c183c (button) folded on the River
Seat 2: 7d1260c0 (small blind) folded on the River
Seat 3: c5a84fb3 (big blind) folded before Flop
Seat 4: 2afe7d6 folded before Flop (didn't bet)
Seat 5: 7e573cd0 won ($0.68)
Seat 6: Hero folded before Flop (didn't bet)


Poker Hand #HD1176424734: Hold'em No Limit  ($0.02/$0.05) - 2023/03/26 10:37:42
Table 'NLHBlue2' 6-max Seat #6 is the button
Seat 1: bd3c183c ($6.9 in chips)
Seat 2: 7d1260c0 ($9.46 in chips)
Seat 3: c5a84fb3 ($6.61 in chips)
Seat 4: 2afe7d6 ($2.46 in chips)
Seat 5: 7e573cd0 ($8.48 in chips)
Seat 6: Hero ($7.57 in chips)
bd3c183c: posts small blind $0.02
7d1260c0: posts big blind $0.05
*** HOLE CARDS ***
Dealt to bd3c183c 
Dealt to 7d1260c0 
Dealt to c5a84fb3 
Dealt to 2afe7d6 
Dealt to 7e573cd0 
Dealt to Hero [8c Ad]
c5a84fb3: folds
2afe7d6: raises $0.05 to $0.1
7e573cd0: calls $0.1
Hero: folds
bd3c183c: folds
7d1260c0: folds
*** FLOP *** [9d 8h 6c]
2afe7d6: bets $0.09
7e573cd0: raises $0.23 to $0.32
2afe7d6: calls $0.23
*** TURN *** [9d 8h 6c] [7c]
2afe7d6: checks
7e573cd0: bets $0.91
2afe7d6: folds
Uncalled bet ($0.91) returned to 7e573cd0
*** SHOWDOWN ***
7e573cd0 collected $0.87 from pot
*** SUMMARY ***
Total pot $0.91 | Rake $0.04 | Jackpot $0 | Bingo $0 | Fortune $0
Board [9d 8h 6c 7c]
Seat 1: bd3c183c (small blind) folded before Flop
Seat 2: 7d1260c0 (big blind) folded before Flop
Seat 3: c5a84fb3 folded before Flop (didn't bet)
Seat 4: 2afe7d6 folded on the Turn
Seat 5: 7e573cd0 won ($0.87)
Seat 6: Hero (button) folded before Flop (didn't bet)


Poker Hand #HD1176424690: Hold'em No Limit  ($0.02/$0.05) - 2023/03/26 10:37:15
Table 'NLHBlue2' 6-max Seat #5 is the button
Seat 1: bd3c183c ($6.95 in chips)
Seat 2: 7d1260c0 ($9.46 in chips)
Seat 3: c5a84fb3 ($6.61 in chips)
Seat 4: 2afe7d6 ($2.39 in chips)
Seat 5: 7e573cd0 ($8.48 in chips)
Seat 6: Hero ($7.59 in chips)
Hero: posts small blind $0.02
bd3c183c: posts big blind $0.05
*** HOLE CARDS ***
Dealt to bd3c183c 
Dealt to 7d1260c0 
Dealt to c5a84fb3 
Dealt to 2afe7d6 
Dealt to 7e573cd0 
Dealt to Hero [Ah 2d]
7d1260c0: folds
c5a84fb3: folds
2afe7d6: calls $0.05
7e573cd0: folds
Hero: folds
bd3c183c: checks
*** FLOP *** [2h 7c 5d]
bd3c183c: checks
2afe7d6: bets $0.06
bd3c183c: folds
Uncalled bet ($0.06) returned to 2afe7d6
*** SHOWDOWN ***
2afe7d6 collected $0.12 from pot
*** SUMMARY ***
Total pot $0.12 | Rake $0 | Jackpot $0 | Bingo $0 | Fortune $0
Board [2h 7c 5d]
Seat 1: bd3c183c (big blind) folded on the Flop
Seat 2: 7d1260c0 folded before Flop (didn't bet)
Seat 3: c5a84fb3 folded before Flop (didn't bet)
Seat 4: 2afe7d6 won ($0.12)
Seat 5: 7e573cd0 (button) folded before Flop (didn't bet)
Seat 6: Hero (small blind) folded before Flop


Poker Hand #HD1176424639: Hold'em No Limit  ($0.02/$0.05) - 2023/03/26 10:36:52
Table 'NLHBlue2' 6-max Seat #4 is the button
Seat 1: bd3c183c ($6.78 in chips)
Seat 2: 7d1260c0 ($9.46 in chips)
Seat 3: c5a84fb3 ($6.61 in chips)
Seat 4: 2afe7d6 ($2.39 in chips)
Seat 5: 7e573cd0 ($8.61 in chips)
Seat 6: Hero ($7.64 in chips)
7e573cd0: posts small blind $0.02
Hero: posts big blind $0.05
*** HOLE CARDS ***
Dealt to bd3c183c 
Dealt to 7d1260c0 
Dealt to c5a84fb3 
Dealt to 2afe7d6 
Dealt to 7e573cd0 
Dealt to Hero [9h 7s]
bd3c183c: raises $0.08 to $0.13
7d1260c0: folds
c5a84fb3: folds
2afe7d6: folds
7e573cd0: calls $0.11
Hero: folds
*** FLOP *** [6h 4s 4d]
7e573cd0: checks
bd3c183c: bets $0.16
7e573cd0: folds
Uncalled bet ($0.16) returned to bd3c183c
*** SHOWDOWN ***
bd3c183c collected $0.3 from pot
*** SUMMARY ***
Total pot $0.31 | Rake $0.01 | Jackpot $0 | Bingo $0 | Fortune $0
Board [6h 4s 4d]
Seat 1: bd3c183c won ($0.3)
Seat 2: 7d1260c0 folded before Flop (didn't bet)
Seat 3: c5a84fb3 folded before Flop (didn't bet)
Seat 4: 2afe7d6 (button) folded before Flop (didn't bet)
Seat 5: 7e573cd0 (small blind) folded on the Flop
Seat 6: Hero (big blind) folded before Flop


Poker Hand #HD1176424627: Hold'em No Limit  ($0.02/$0.05) - 2023/03/26 10:36:44
Table 'NLHBlue2' 6-max Seat #3 is the button
Seat 1: bd3c183c ($6.78 in chips)
Seat 2: 7d1260c0 ($9.46 in chips)
Seat 3: c5a84fb3 ($6.61 in chips)
Seat 4: 2afe7d6 ($2.41 in chips)
Seat 5: 7e573cd0 ($8.59 in chips)
Seat 6: Hero ($7.64 in chips)
2afe7d6: posts small blind $0.02
7e573cd0: posts big blind $0.05
*** HOLE CARDS ***
Dealt to bd3c183c 
Dealt to 7d1260c0 
Dealt to c5a84fb3 
Dealt to 2afe7d6 
Dealt to 7e573cd0 
Dealt to Hero [3h 7c]
Hero: folds
bd3c183c: folds
7d1260c0: folds
c5a84fb3: folds
2afe7d6: folds
Uncalled bet ($0.03) returned to 7e573cd0
*** SHOWDOWN ***
7e573cd0 collected $0.04 from pot
*** SUMMARY ***
Total pot $0.04 | Rake $0 | Jackpot $0 | Bingo $0 | Fortune $0
Seat 1: bd3c183c folded before Flop (didn't bet)
Seat 2: 7d1260c0 folded before Flop (didn't bet)
Seat 3: c5a84fb3 (button) folded before Flop (didn't bet)
Seat 4: 2afe7d6 (small blind) folded before Flop
Seat 5: 7e573cd0 (big blind) collected ($0.04)
Seat 6: Hero folded before Flop (didn't bet)


Poker Hand #HD1176424546: Hold'em No Limit  ($0.02/$0.05) - 2023/03/26 10:35:57
Table 'NLHBlue2' 6-max Seat #2 is the button
Seat 1: bd3c183c ($6.78 in chips)
Seat 2: 7d1260c0 ($8.91 in chips)
Seat 3: c5a84fb3 ($6.63 in chips)
Seat 4: 2afe7d6 ($2.51 in chips)
Seat 5: 7e573cd0 ($9.07 in chips)
Seat 6: Hero ($7.64 in chips)
c5a84fb3: posts small blind $0.02
2afe7d6: posts big blind $0.05
*** HOLE CARDS ***
Dealt to bd3c183c 
Dealt to 7d1260c0 
Dealt to c5a84fb3 
Dealt to 2afe7d6 
Dealt to 7e573cd0 
Dealt to Hero [Ts 8h]
7e573cd0: raises $0.05 to $0.1
Hero: folds
bd3c183c: folds
7d1260c0: calls $0.1
c5a84fb3: folds
2afe7d6: calls $0.05
*** FLOP *** [3s 4c Jh]
2afe7d6: checks
7e573cd0: checks
7d1260c0: bets $0.16
2afe7d6: folds
7e573cd0: calls $0.16
*** TURN *** [3s 4c Jh] [4s]
7e573cd0: checks
7d1260c0: checks
*** RIVER *** [3s 4c Jh 4s] [2d]
7e573cd0: bets $0.22
7d1260c0: calls $0.22
7e573cd0: shows [9d Jc] (Pair of Jacks and Pair of Fours)
7d1260c0: shows [Kd Jd] (Pair of Jacks and Pair of Fours)
*** SHOWDOWN ***
7d1260c0 collected $1.03 from pot
*** SUMMARY ***
Total pot $1.08 | Rake $0.05 | Jackpot $0 | Bingo $0 | Fortune $0
Board [3s 4c Jh 4s 2d]
Seat 1: bd3c183c folded before Flop (didn't bet)
Seat 2: 7d1260c0 (button) showed [Kd Jd] and won ($1.03) with Pair of Jacks and Pair of Fours
Seat 3: c5a84fb3 (small blind) folded before Flop
Seat 4: 2afe7d6 (big blind) folded on the Flop
Seat 5: 7e573cd0 showed [9d Jc] and lost with Pair of Jacks and Pair of Fours
Seat 6: Hero folded before Flop (didn't bet)


Poker Hand #HD1176424476: Hold'em No Limit  ($0.02/$0.05) - 2023/03/26 10:35:19
Table 'NLHBlue2' 6-max Seat #1 is the button
Seat 1: bd3c183c ($6.51 in chips)
Seat 2: 7d1260c0 ($8.93 in chips)
Seat 3: c5a84fb3 ($6.9 in chips)
Seat 4: 2afe7d6 ($2.51 in chips)
Seat 5: 7e573cd0 ($9.07 in chips)
Seat 6: Hero ($7.64 in chips)
7d1260c0: posts small blind $0.02
c5a84fb3: posts big blind $0.05
*** HOLE CARDS ***
Dealt to bd3c183c 
Dealt to 7d1260c0 
Dealt to c5a84fb3 
Dealt to 2afe7d6 
Dealt to 7e573cd0 
Dealt to Hero [Kh 4h]
2afe7d6: folds
7e573cd0: folds
Hero: folds
bd3c183c: raises $0.08 to $0.13
7d1260c0: folds
c5a84fb3: calls $0.08
*** FLOP *** [Qd 6d Tc]
c5a84fb3: checks
bd3c183c: bets $0.14
c5a84fb3: calls $0.14
*** TURN *** [Qd 6d Tc] [2s]
c5a84fb3: checks
bd3c183c: bets $0.42
c5a84fb3: folds
Uncalled bet ($0.42) returned to bd3c183c
*** SHOWDOWN ***
bd3c183c collected $0.54 from pot
*** SUMMARY ***
Total pot $0.56 | Rake $0.02 | Jackpot $0 | Bingo $0 | Fortune $0
Board [Qd 6d Tc 2s]
Seat 1: bd3c183c (button) won ($0.54)
Seat 2: 7d1260c0 (small blind) folded before Flop
Seat 3: c5a84fb3 (big blind) folded on the Turn
Seat 4: 2afe7d6 folded before Flop (didn't bet)
Seat 5: 7e573cd0 folded before Flop (didn't bet)
Seat 6: Hero folded before Flop (didn't bet)


Poker Hand #HD1176424390: Hold'em No Limit  ($0.02/$0.05) - 2023/03/26 10:34:33
Table 'NLHBlue2' 6-max Seat #6 is the button
Seat 1: bd3c183c ($6.53 in chips)
Seat 2: 7d1260c0 ($8.98 in chips)
Seat 3: c5a84fb3 ($6.9 in chips)
Seat 4: 2afe7d6 ($2.7 in chips)
Seat 5: 7e573cd0 ($8.83 in chips)
Seat 6: Hero ($7.64 in chips)
bd3c183c: posts small blind $0.02
7d1260c0: posts big blind $0.05
2afe7d6: posts big blind $0.05
*** HOLE CARDS ***
Dealt to bd3c183c 
Dealt to 7d1260c0 
Dealt to c5a84fb3 
Dealt to 2afe7d6 
Dealt to 7e573cd0 
Dealt to Hero [3c 2d]
c5a84fb3: folds
2afe7d6: checks
7e573cd0: raises $0.05 to $0.1
Hero: folds
bd3c183c: folds
7d1260c0: folds
2afe7d6: calls $0.05
*** FLOP *** [Qc 6s As]
2afe7d6: checks
7e573cd0: bets $0.09
2afe7d6: calls $0.09
*** TURN *** [Qc 6s As] [3s]
2afe7d6: checks
7e573cd0: bets $0.23
2afe7d6: folds
Uncalled bet ($0.23) returned to 7e573cd0
*** SHOWDOWN ***
7e573cd0 collected $0.43 from pot
*** SUMMARY ***
Total pot $0.45 | Rake $0.02 | Jackpot $0 | Bingo $0 | Fortune $0
Board [Qc 6s As 3s]
Seat 1: bd3c183c (small blind) folded before Flop
Seat 2: 7d1260c0 (big blind) folded before Flop
Seat 3: c5a84fb3 folded before Flop (didn't bet)
Seat 4: 2afe7d6 folded on the Turn
Seat 5: 7e573cd0 won ($0.43)
Seat 6: Hero (button) folded before Flop (didn't bet)


Poker Hand #HD1176424375: Hold'em No Limit  ($0.02/$0.05) - 2023/03/26 10:34:25
Table 'NLHBlue2' 6-max Seat #5 is the button
Seat 1: bd3c183c ($6.51 in chips)
Seat 2: 7d1260c0 ($8.98 in chips)
Seat 3: c5a84fb3 ($6.9 in chips)
Seat 5: 7e573cd0 ($8.83 in chips)
Seat 6: Hero ($7.66 in chips)
Hero: posts small blind $0.02
bd3c183c: posts big blind $0.05
*** HOLE CARDS ***
Dealt to bd3c183c 
Dealt to 7d1260c0 
Dealt to c5a84fb3 
Dealt to 7e573cd0 
Dealt to Hero [5h Td]
7d1260c0: folds
c5a84fb3: folds
7e573cd0: folds
Hero: folds
Uncalled bet ($0.03) returned to bd3c183c
*** SHOWDOWN ***
bd3c183c collected $0.04 from pot
*** SUMMARY ***
Total pot $0.04 | Rake $0 | Jackpot $0 | Bingo $0 | Fortune $0
Seat 1: bd3c183c (big blind) collected ($0.04)
Seat 2: 7d1260c0 folded before Flop (didn't bet)
Seat 3: c5a84fb3 folded before Flop (didn't bet)
Seat 5: 7e573cd0 (button) folded before Flop (didn't bet)
Seat 6: Hero (small blind) folded before Flop


Poker Hand #HD1176424353: Hold'em No Limit  ($0.02/$0.05) - 2023/03/26 10:34:12
Table 'NLHBlue2' 6-max Seat #3 is the button
Seat 1: bd3c183c ($6.51 in chips)
Seat 2: 7d1260c0 ($8.98 in chips)
Seat 3: c5a84fb3 ($6.9 in chips)
Seat 5: 7e573cd0 ($8.78 in chips)
Seat 6: Hero ($7.71 in chips)
7e573cd0: posts small blind $0.02
Hero: posts big blind $0.05
*** HOLE CARDS ***
Dealt to bd3c183c 
Dealt to 7d1260c0 
Dealt to c5a84fb3 
Dealt to 7e573cd0 
Dealt to Hero [Jd 4h]
bd3c183c: folds
7d1260c0: folds
c5a84fb3: folds
7e573cd0: raises $0.05 to $0.1
Hero: folds
Uncalled bet ($0.05) returned to 7e573cd0
*** SHOWDOWN ***
7e573cd0 collected $0.1 from pot
*** SUMMARY ***
Total pot $0.1 | Rake $0 | Jackpot $0 | Bingo $0 | Fortune $0
Seat 1: bd3c183c folded before Flop (didn't bet)
Seat 2: 7d1260c0 folded before Flop (didn't bet)
Seat 3: c5a84fb3 (button) folded before Flop (didn't bet)
Seat 5: 7e573cd0 (small blind) collected ($0.1)
Seat 6: Hero (big blind) folded before Flop


Poker Hand #HD1176424325: Hold'em No Limit  ($0.02/$0.05) - 2023/03/26 10:33:58
Table 'NLHBlue2' 6-max Seat #2 is the button
Seat 1: bd3c183c ($6.51 in chips)
Seat 2: 7d1260c0 ($8.98 in chips)
Seat 3: c5a84fb3 ($6.92 in chips)
Seat 5: 7e573cd0 ($8.76 in chips)
Seat 6: Hero ($7.71 in chips)
c5a84fb3: posts small blind $0.02
7e573cd0: posts big blind $0.05
*** HOLE CARDS ***
Dealt to bd3c183c 
Dealt to 7d1260c0 
Dealt to c5a84fb3 
Dealt to 7e573cd0 
Dealt to Hero [Jd 3d]
Hero: folds
bd3c183c: folds
7d1260c0: folds
c5a84fb3: folds
Uncalled bet ($0.03) returned to 7e573cd0
*** SHOWDOWN ***
7e573cd0 collected $0.04 from pot
*** SUMMARY ***
Total pot $0.04 | Rake $0 | Jackpot $0 | Bingo $0 | Fortune $0
Seat 1: bd3c183c folded before Flop (didn't bet)
Seat 2: 7d1260c0 (button) folded before Flop (didn't bet)
Seat 3: c5a84fb3 (small blind) folded before Flop
Seat 5: 7e573cd0 (big blind) collected ($0.04)
Seat 6: Hero folded before Flop (didn't bet)


Poker Hand #HD1176424156: Hold'em No Limit  ($0.02/$0.05) - 2023/03/26 10:32:28
Table 'NLHBlue2' 6-max Seat #1 is the button
Seat 1: bd3c183c ($6.51 in chips)
Seat 2: 7d1260c0 ($5.39 in chips)
Seat 3: c5a84fb3 ($6.97 in chips)
Seat 4: 1c31b341 ($3.98 in chips)
Seat 5: 7e573cd0 ($8.76 in chips)
Seat 6: Hero ($7.71 in chips)
7d1260c0: posts small blind $0.02
c5a84fb3: posts big blind $0.05
*** HOLE CARDS ***
Dealt to bd3c183c 
Dealt to 7d1260c0 
Dealt to c5a84fb3 
Dealt to 1c31b341 
Dealt to 7e573cd0 
Dealt to Hero [6c 7h]
1c31b341: raises $0.1 to $0.15
7e573cd0: folds
Hero: folds
bd3c183c: folds
7d1260c0: raises $0.3 to $0.45
c5a84fb3: folds
1c31b341: raises $0.48 to $0.93
7d1260c0: raises $3.07 to $4
1c31b341: calls $3.05 and is all-in
Uncalled bet ($0.02) returned to 7d1260c0
7d1260c0: shows [Ks Kd]
1c31b341: shows [3s 3d]
*** FLOP *** [9c 5c Th]
*** TURN *** [9c 5c Th] [Tc]
*** RIVER *** [9c 5c Th Tc] [Jh]
*** SHOWDOWN ***
7d1260c0 collected $7.57 from pot
*** SUMMARY ***
Total pot $8.01 | Rake $0.39 | Jackpot $0.05 | Bingo $0 | Fortune $0
Board [9c 5c Th Tc Jh]
Seat 1: bd3c183c (button) folded before Flop (didn't bet)
Seat 2: 7d1260c0 (small blind) showed [Ks Kd] and won ($7.57) with Pair of Kings and Pair of Tens
Seat 3: c5a84fb3 (big blind) folded before Flop
Seat 4: 1c31b341 showed [3s 3d] and lost with Pair of Tens and Pair of Treys
Seat 5: 7e573cd0 folded before Flop (didn't bet)
Seat 6: Hero folded before Flop (didn't bet)


Poker Hand #HD1176424009: Hold'em No Limit  ($0.02/$0.05) - 2023/03/26 10:31:12
Table 'NLHBlue2' 6-max Seat #6 is the button
Seat 1: bd3c183c ($6.53 in chips)
Seat 2: 7d1260c0 ($5.49 in chips)
Seat 3: c5a84fb3 ($7.07 in chips)
Seat 4: 1c31b341 ($4.76 in chips)
Seat 5: 7e573cd0 ($7.89 in chips)
Seat 6: Hero ($7.71 in chips)
bd3c183c: posts small blind $0.02
7d1260c0: posts big blind $0.05
1c31b341: posts missed blind $0.02
*** HOLE CARDS ***
Dealt to bd3c183c 
Dealt to 7d1260c0 
Dealt to c5a84fb3 
Dealt to 1c31b341 
Dealt to 7e573cd0 
Dealt to Hero [Js 3c]
c5a84fb3: raises $0.05 to $0.1
1c31b341: calls $0.1
7e573cd0: calls $0.1
Hero: folds
bd3c183c: folds
7d1260c0: calls $0.05
*** FLOP *** [Jd 7d Qh]
7d1260c0: checks
c5a84fb3: checks
1c31b341: checks
7e573cd0: checks
*** TURN *** [Jd 7d Qh] [Ac]
7d1260c0: checks
c5a84fb3: checks
1c31b341: bets $0.22
7e573cd0: calls $0.22
7d1260c0: folds
c5a84fb3: folds
*** RIVER *** [Jd 7d Qh Ac] [4s]
1c31b341: checks
7e573cd0: bets $0.44
1c31b341: calls $0.44
7e573cd0: shows [Ks Td] (Aces-High Straight)
1c31b341: shows [8s As] (Pair of Aces)
*** SHOWDOWN ***
7e573cd0 collected $1.63 from pot
*** SUMMARY ***
Total pot $1.76 | Rake $0.08 | Jackpot $0.05 | Bingo $0 | Fortune $0
Board [Jd 7d Qh Ac 4s]
Seat 1: bd3c183c (small blind) folded before Flop
Seat 2: 7d1260c0 (big blind) folded on the Turn
Seat 3: c5a84fb3 folded on the Turn
Seat 4: 1c31b341 showed [8s As] and lost with Pair of Aces
Seat 5: 7e573cd0 showed [Ks Td] and won ($1.63) with Aces-High Straight
Seat 6: Hero (button) folded before Flop (didn't bet)


Poker Hand #HD1176423959: Hold'em No Limit  ($0.02/$0.05) - 2023/03/26 10:30:38
Table 'NLHBlue2' 6-max Seat #5 is the button
Seat 1: bd3c183c ($6.58 in chips)
Seat 2: 7d1260c0 ($5.49 in chips)
Seat 3: c5a84fb3 ($7 in chips)
Seat 5: 7e573cd0 ($7.89 in chips)
Seat 6: Hero ($7.73 in chips)
Hero: posts small blind $0.02
bd3c183c: posts big blind $0.05
*** HOLE CARDS ***
Dealt to bd3c183c 
Dealt to 7d1260c0 
Dealt to c5a84fb3 
Dealt to 7e573cd0 
Dealt to Hero [4h 4s]
7d1260c0: folds
c5a84fb3: raises $0.06 to $0.11
7e573cd0: folds
Hero: folds
bd3c183c: folds
Uncalled bet ($0.06) returned to c5a84fb3
*** SHOWDOWN ***
c5a84fb3 collected $0.12 from pot
*** SUMMARY ***
Total pot $0.12 | Rake $0 | Jackpot $0 | Bingo $0 | Fortune $0
Seat 1: bd3c183c (big blind) folded before Flop
Seat 2: 7d1260c0 folded before Flop (didn't bet)
Seat 3: c5a84fb3 collected ($0.12)
Seat 5: 7e573cd0 (button) folded before Flop (didn't bet)
Seat 6: Hero (small blind) folded before Flop


Poker Hand #HD1176423933: Hold'em No Limit  ($0.02/$0.05) - 2023/03/26 10:30:26
Table 'NLHBlue2' 6-max Seat #3 is the button
Seat 2: 7d1260c0 ($5.49 in chips)
Seat 3: c5a84fb3 ($7 in chips)
Seat 5: 7e573cd0 ($7.91 in chips)
Seat 6: Hero ($7.71 in chips)
7e573cd0: posts small blind $0.02
Hero: posts big blind $0.05
*** HOLE CARDS ***
Dealt to 7d1260c0 
Dealt to c5a84fb3 
Dealt to 7e573cd0 
Dealt to Hero [4c 2d]
7d1260c0: folds
c5a84fb3: folds
7e573cd0: folds
Uncalled bet ($0.03) returned to Hero
*** SHOWDOWN ***
Hero collected $0.04 from pot
*** SUMMARY ***
Total pot $0.04 | Rake $0 | Jackpot $0 | Bingo $0 | Fortune $0
Seat 2: 7d1260c0 folded before Flop (didn't bet)
Seat 3: c5a84fb3 (button) folded before Flop (didn't bet)
Seat 5: 7e573cd0 (small blind) folded before Flop
Seat 6: Hero (big blind) collected ($0.04)


Poker Hand #HD1176423885: Hold'em No Limit  ($0.02/$0.05) - 2023/03/26 10:29:59
Table 'NLHBlue2' 6-max Seat #2 is the button
Seat 2: 7d1260c0 ($5.42 in chips)
Seat 3: c5a84fb3 ($7.02 in chips)
Seat 4: 1c31b341 ($2.96 in chips)
Seat 5: 7e573cd0 ($7.91 in chips)
Seat 6: Hero ($7.71 in chips)
c5a84fb3: posts small blind $0.02
1c31b341: posts big blind $0.05
*** HOLE CARDS ***
Dealt to 7d1260c0 
Dealt to c5a84fb3 
Dealt to 1c31b341 
Dealt to 7e573cd0 
Dealt to Hero [5c Ad]
7e573cd0: folds
Hero: folds
7d1260c0: raises $0.08 to $0.13
c5a84fb3: folds
1c31b341: folds
Uncalled bet ($0.08) returned to 7d1260c0
*** SHOWDOWN ***
7d1260c0 collected $0.12 from pot
*** SUMMARY ***
Total pot $0.12 | Rake $0 | Jackpot $0 | Bingo $0 | Fortune $0
Seat 2: 7d1260c0 (button) collected ($0.12)
Seat 3: c5a84fb3 (small blind) folded before Flop
Seat 4: 1c31b341 (big blind) folded before Flop
Seat 5: 7e573cd0 folded before Flop (didn't bet)
Seat 6: Hero folded before Flop (didn't bet)


Poker Hand #HD1176423838: Hold'em No Limit  ($0.02/$0.05) - 2023/03/26 10:29:33
Table 'NLHBlue2' 6-max Seat #6 is the button
Seat 2: 7d1260c0 ($5.44 in chips)
Seat 3: c5a84fb3 ($7.07 in chips)
Seat 4: 1c31b341 ($2.96 in chips)
Seat 5: 7e573cd0 ($7.91 in chips)
Seat 6: Hero ($7.64 in chips)
7d1260c0: posts small blind $0.02
c5a84fb3: posts big blind $0.05
*** HOLE CARDS ***
Dealt to 7d1260c0 
Dealt to c5a84fb3 
Dealt to 1c31b341 
Dealt to 7e573cd0 
Dealt to Hero [Td Kc]
1c31b341: folds
7e573cd0: folds
Hero: raises $0.07 to $0.12
7d1260c0: folds
c5a84fb3: folds
Uncalled bet ($0.07) returned to Hero
*** SHOWDOWN ***
Hero collected $0.12 from pot
*** SUMMARY ***
Total pot $0.12 | Rake $0 | Jackpot $0 | Bingo $0 | Fortune $0
Seat 2: 7d1260c0 (small blind) folded before Flop
Seat 3: c5a84fb3 (big blind) folded before Flop
Seat 4: 1c31b341 folded before Flop (didn't bet)
Seat 5: 7e573cd0 folded before Flop (didn't bet)
Seat 6: Hero (button) collected ($0.12)


Poker Hand #HD1176423820: Hold'em No Limit  ($0.02/$0.05) - 2023/03/26 10:29:24
Table 'NLHBlue2' 6-max Seat #5 is the button
Seat 2: 7d1260c0 ($5.42 in chips)
Seat 3: c5a84fb3 ($7.07 in chips)
Seat 5: 7e573cd0 ($7.91 in chips)
Seat 6: Hero ($7.66 in chips)
Hero: posts small blind $0.02
7d1260c0: posts big blind $0.05
*** HOLE CARDS ***
Dealt to 7d1260c0 
Dealt to c5a84fb3 
Dealt to 7e573cd0 
Dealt to Hero [Tc 3d]
c5a84fb3: folds
7e573cd0: folds
Hero: folds
Uncalled bet ($0.03) returned to 7d1260c0
*** SHOWDOWN ***
7d1260c0 collected $0.04 from pot
*** SUMMARY ***
Total pot $0.04 | Rake $0 | Jackpot $0 | Bingo $0 | Fortune $0
Seat 2: 7d1260c0 (big blind) collected ($0.04)
Seat 3: c5a84fb3 folded before Flop (didn't bet)
Seat 5: 7e573cd0 (button) folded before Flop (didn't bet)
Seat 6: Hero (small blind) folded before Flop


Poker Hand #HD1176423790: Hold'em No Limit  ($0.02/$0.05) - 2023/03/26 10:29:03
Table 'NLHBlue2' 6-max Seat #3 is the button
Seat 2: 7d1260c0 ($5.42 in chips)
Seat 3: c5a84fb3 ($7.07 in chips)
Seat 4: 1c31b341 ($2.98 in chips)
Seat 5: 7e573cd0 ($7.89 in chips)
Seat 6: Hero ($7.66 in chips)
1c31b341: posts small blind $0.02
7e573cd0: posts big blind $0.05
*** HOLE CARDS ***
Dealt to 7d1260c0 
Dealt to c5a84fb3 
Dealt to 1c31b341 
Dealt to 7e573cd0 
Dealt to Hero [9c 3c]
Hero: folds
7d1260c0: folds
c5a84fb3: folds
1c31b341: folds
Uncalled bet ($0.03) returned to 7e573cd0
*** SHOWDOWN ***
7e573cd0 collected $0.04 from pot
*** SUMMARY ***
Total pot $0.04 | Rake $0 | Jackpot $0 | Bingo $0 | Fortune $0
Seat 2: 7d1260c0 folded before Flop (didn't bet)
Seat 3: c5a84fb3 (button) folded before Flop (didn't bet)
Seat 4: 1c31b341 (small blind) folded before Flop
Seat 5: 7e573cd0 (big blind) collected ($0.04)
Seat 6: Hero folded before Flop (didn't bet)


Poker Hand #HD1176423760: Hold'em No Limit  ($0.02/$0.05) - 2023/03/26 10:28:45
Table 'NLHBlue2' 6-max Seat #2 is the button
Seat 2: 7d1260c0 ($5.42 in chips)
Seat 3: c5a84fb3 ($7.09 in chips)
Seat 4: 1c31b341 ($3.03 in chips)
Seat 5: 7e573cd0 ($7.82 in chips)
Seat 6: Hero ($7.66 in chips)
c5a84fb3: posts small blind $0.02
1c31b341: posts big blind $0.05
*** HOLE CARDS ***
Dealt to 7d1260c0 
Dealt to c5a84fb3 
Dealt to 1c31b341 
Dealt to 7e573cd0 
Dealt to Hero [9h 3s]
7e573cd0: raises $0.05 to $0.1
Hero: folds
7d1260c0: folds
c5a84fb3: folds
1c31b341: folds
Uncalled bet ($0.05) returned to 7e573cd0
*** SHOWDOWN ***
7e573cd0 collected $0.12 from pot
*** SUMMARY ***
Total pot $0.12 | Rake $0 | Jackpot $0 | Bingo $0 | Fortune $0
Seat 2: 7d1260c0 (button) folded before Flop (didn't bet)
Seat 3: c5a84fb3 (small blind) folded before Flop
Seat 4: 1c31b341 (big blind) folded before Flop
Seat 5: 7e573cd0 collected ($0.12)
Seat 6: Hero folded before Flop (didn't bet)


Poker Hand #HD1176423641: Hold'em No Limit  ($0.02/$0.05) - 2023/03/26 10:27:34
Table 'NLHBlue2' 6-max Seat #6 is the button
Seat 2: 7d1260c0 ($5.44 in chips)
Seat 3: c5a84fb3 ($5.07 in chips)
Seat 4: 1c31b341 ($5.14 in chips)
Seat 5: 7e573cd0 ($7.97 in chips)
Seat 6: Hero ($7.66 in chips)
7d1260c0: posts small blind $0.02
c5a84fb3: posts big blind $0.05
*** HOLE CARDS ***
Dealt to 7d1260c0 
Dealt to c5a84fb3 
Dealt to 1c31b341 
Dealt to 7e573cd0 
Dealt to Hero [As 4c]
1c31b341: raises $0.1 to $0.15
7e573cd0: calls $0.15
Hero: folds
7d1260c0: folds
c5a84fb3: calls $0.1
*** FLOP *** [3h 2s Qs]
c5a84fb3: bets $0.2
1c31b341: calls $0.2
7e573cd0: folds
*** TURN *** [3h 2s Qs] [5h]
c5a84fb3: bets $0.44
1c31b341: calls $0.44
*** RIVER *** [3h 2s Qs 5h] [2c]
c5a84fb3: bets $1.32
1c31b341: calls $1.32
c5a84fb3: shows [3c 3s] (Treys Full over Twos)
1c31b341: shows [Qd 9d] (Pair of Queens and Pair of Twos)
*** SHOWDOWN ***
c5a84fb3 collected $4.13 from pot
*** SUMMARY ***
Total pot $4.39 | Rake $0.21 | Jackpot $0.05 | Bingo $0 | Fortune $0
Board [3h 2s Qs 5h 2c]
Seat 2: 7d1260c0 (small blind) folded before Flop
Seat 3: c5a84fb3 (big blind) showed [3c 3s] and won ($4.13) with Treys Full over Twos
Seat 4: 1c31b341 showed [Qd 9d] and lost with Pair of Queens and Pair of Twos
Seat 5: 7e573cd0 folded on the Flop
Seat 6: Hero (button) folded before Flop (didn't bet)


Poker Hand #HD1176423621: Hold'em No Limit  ($0.02/$0.05) - 2023/03/26 10:27:23
Table 'NLHBlue2' 6-max Seat #5 is the button
Seat 2: 7d1260c0 ($5.49 in chips)
Seat 3: c5a84fb3 ($5 in chips)
Seat 4: 1c31b341 ($5.14 in chips)
Seat 5: 7e573cd0 ($7.97 in chips)
Seat 6: Hero ($7.68 in chips)
Hero: posts small blind $0.02
7d1260c0: posts big blind $0.05
*** HOLE CARDS ***
Dealt to 7d1260c0 
Dealt to c5a84fb3 
Dealt to 1c31b341 
Dealt to 7e573cd0 
Dealt to Hero [3d Th]
c5a84fb3: raises $0.06 to $0.11
1c31b341: folds
7e573cd0: folds
Hero: folds
7d1260c0: folds
Uncalled bet ($0.06) returned to c5a84fb3
*** SHOWDOWN ***
c5a84fb3 collected $0.12 from pot
*** SUMMARY ***
Total pot $0.12 | Rake $0 | Jackpot $0 | Bingo $0 | Fortune $0
Seat 2: 7d1260c0 (big blind) folded before Flop
Seat 3: c5a84fb3 collected ($0.12)
Seat 4: 1c31b341 folded before Flop (didn't bet)
Seat 5: 7e573cd0 (button) folded before Flop (didn't bet)
Seat 6: Hero (small blind) folded before Flop


Poker Hand #HD1176423543: Hold'em No Limit  ($0.02/$0.05) - 2023/03/26 10:26:39
Table 'NLHBlue2' 6-max Seat #4 is the button
Seat 1: bd3c183c ($6.58 in chips)
Seat 3: c5a84fb3 ($5 in chips)
Seat 4: 1c31b341 ($4.95 in chips)
Seat 5: 7e573cd0 ($8.12 in chips)
Seat 6: Hero ($7.73 in chips)
7e573cd0: posts small blind $0.02
Hero: posts big blind $0.05
*** HOLE CARDS ***
Dealt to bd3c183c 
Dealt to c5a84fb3 
Dealt to 1c31b341 
Dealt to 7e573cd0 
Dealt to Hero [5h Jh]
bd3c183c: folds
c5a84fb3: folds
1c31b341: raises $0.1 to $0.15
7e573cd0: calls $0.13
Hero: folds
*** FLOP *** [9h Js 5s]
7e573cd0: checks
1c31b341: bets $0.18
7e573cd0: folds
Uncalled bet ($0.18) returned to 1c31b341
*** SHOWDOWN ***
1c31b341 collected $0.34 from pot
*** SUMMARY ***
Total pot $0.35 | Rake $0.01 | Jackpot $0 | Bingo $0 | Fortune $0
Board [9h Js 5s]
Seat 1: bd3c183c folded before Flop (didn't bet)
Seat 3: c5a84fb3 folded before Flop (didn't bet)
Seat 4: 1c31b341 (button) won ($0.34)
Seat 5: 7e573cd0 (small blind) folded on the Flop
Seat 6: Hero (big blind) folded before Flop


Poker Hand #HD1176423472: Hold'em No Limit  ($0.02/$0.05) - 2023/03/26 10:25:57
Table 'NLHBlue2' 6-max Seat #3 is the button
Seat 1: bd3c183c ($6.31 in chips)
Seat 3: c5a84fb3 ($5 in chips)
Seat 4: 1c31b341 ($4.97 in chips)
Seat 5: 7e573cd0 ($8.39 in chips)
Seat 6: Hero ($7.73 in chips)
1c31b341: posts small blind $0.02
7e573cd0: posts big blind $0.05
*** HOLE CARDS ***
Dealt to bd3c183c 
Dealt to c5a84fb3 
Dealt to 1c31b341 
Dealt to 7e573cd0 
Dealt to Hero [Qc 3c]
Hero: folds
bd3c183c: raises $0.08 to $0.13
c5a84fb3: folds
1c31b341: folds
7e573cd0: calls $0.08
*** FLOP *** [8c Tc Th]
7e573cd0: checks
bd3c183c: checks
*** TURN *** [8c Tc Th] [7c]
7e573cd0: checks
bd3c183c: checks
*** RIVER *** [8c Tc Th 7c] [Ks]
7e573cd0: checks
bd3c183c: bets $0.14
7e573cd0: calls $0.14
bd3c183c: shows [Qd Kh] (Pair of Kings and Pair of Tens)
7e573cd0: shows [7d 5d] (Pair of Tens and Pair of Sevens)
*** SHOWDOWN ***
bd3c183c collected $0.54 from pot
*** SUMMARY ***
Total pot $0.56 | Rake $0.02 | Jackpot $0 | Bingo $0 | Fortune $0
Board [8c Tc Th 7c Ks]
Seat 1: bd3c183c showed [Qd Kh] and won ($0.54) with Pair of Kings and Pair of Tens
Seat 3: c5a84fb3 (button) folded before Flop (didn't bet)
Seat 4: 1c31b341 (small blind) folded before Flop
Seat 5: 7e573cd0 (big blind) showed [7d 5d] and lost with Pair of Tens and Pair of Sevens
Seat 6: Hero folded before Flop (didn't bet)


Poker Hand #HD1176423341: Hold'em No Limit  ($0.02/$0.05) - 2023/03/26 10:24:43
Table 'NLHBlue2' 6-max Seat #1 is the button
Seat 1: bd3c183c ($6.17 in chips)
Seat 3: c5a84fb3 ($5 in chips)
Seat 4: 1c31b341 ($5.1 in chips)
Seat 5: 7e573cd0 ($8.39 in chips)
Seat 6: Hero ($7.73 in chips)
c5a84fb3: posts small blind $0.02
1c31b341: posts big blind $0.05
*** HOLE CARDS ***
Dealt to bd3c183c 
Dealt to c5a84fb3 
Dealt to 1c31b341 
Dealt to 7e573cd0 
Dealt to Hero [6s Kd]
7e573cd0: folds
Hero: folds
bd3c183c: raises $0.08 to $0.13
c5a84fb3: folds
1c31b341: calls $0.08
*** FLOP *** [Js Ks 3c]
1c31b341: checks
bd3c183c: checks
*** TURN *** [Js Ks 3c] [Qd]
1c31b341: checks
bd3c183c: checks
*** RIVER *** [Js Ks 3c Qd] [3s]
1c31b341: checks
bd3c183c: checks
1c31b341: shows [8h 7h] (Pair of Treys)
bd3c183c: shows [9s 9h] (Pair of Nines and Pair of Treys)
*** SHOWDOWN ***
bd3c183c collected $0.27 from pot
*** SUMMARY ***
Total pot $0.28 | Rake $0.01 | Jackpot $0 | Bingo $0 | Fortune $0
Board [Js Ks 3c Qd 3s]
Seat 1: bd3c183c (button) showed [9s 9h] and won ($0.27) with Pair of Nines and Pair of Treys
Seat 3: c5a84fb3 (small blind) folded before Flop
Seat 4: 1c31b341 (big blind) showed [8h 7h] and lost with Pair of Treys
Seat 5: 7e573cd0 folded before Flop (didn't bet)
Seat 6: Hero folded before Flop (didn't bet)


Poker Hand #HD1176423299: Hold'em No Limit  ($0.02/$0.05) - 2023/03/26 10:24:18
Table 'NLHBlue2' 6-max Seat #6 is the button
Seat 1: bd3c183c ($6.19 in chips)
Seat 2: 7d1260c0 ($5.54 in chips)
Seat 3: c5a84fb3 ($5 in chips)
Seat 5: 7e573cd0 ($8.32 in chips)
Seat 6: Hero ($7.73 in chips)
bd3c183c: posts small blind $0.02
7d1260c0: posts big blind $0.05
*** HOLE CARDS ***
Dealt to bd3c183c 
Dealt to 7d1260c0 
Dealt to c5a84fb3 
Dealt to 7e573cd0 
Dealt to Hero [8h 7s]
c5a84fb3: folds
7e573cd0: raises $0.05 to $0.1
Hero: folds
bd3c183c: folds
7d1260c0: folds
Uncalled bet ($0.05) returned to 7e573cd0
*** SHOWDOWN ***
7e573cd0 collected $0.12 from pot
*** SUMMARY ***
Total pot $0.12 | Rake $0 | Jackpot $0 | Bingo $0 | Fortune $0
Seat 1: bd3c183c (small blind) folded before Flop
Seat 2: 7d1260c0 (big blind) folded before Flop
Seat 3: c5a84fb3 folded before Flop (didn't bet)
Seat 5: 7e573cd0 collected ($0.12)
Seat 6: Hero (button) folded before Flop (didn't bet)


Poker Hand #HD1176423262: Hold'em No Limit  ($0.02/$0.05) - 2023/03/26 10:23:55
Table 'NLHBlue2' 6-max Seat #5 is the button
Seat 1: bd3c183c ($6.17 in chips)
Seat 2: 7d1260c0 ($5.54 in chips)
Seat 3: c5a84fb3 ($5 in chips)
Seat 4: 1c31b341 ($5.1 in chips)
Seat 5: 7e573cd0 ($8.32 in chips)
Seat 6: Hero ($7.75 in chips)
Hero: posts small blind $0.02
bd3c183c: posts big blind $0.05
*** HOLE CARDS ***
Dealt to bd3c183c 
Dealt to 7d1260c0 
Dealt to c5a84fb3 
Dealt to 1c31b341 
Dealt to 7e573cd0 
Dealt to Hero [8c 2d]
7d1260c0: folds
c5a84fb3: folds
1c31b341: folds
7e573cd0: folds
Hero: folds
Uncalled bet ($0.03) returned to bd3c183c
*** SHOWDOWN ***
bd3c183c collected $0.04 from pot
*** SUMMARY ***
Total pot $0.04 | Rake $0 | Jackpot $0 | Bingo $0 | Fortune $0
Seat 1: bd3c183c (big blind) collected ($0.04)
Seat 2: 7d1260c0 folded before Flop (didn't bet)
Seat 3: c5a84fb3 folded before Flop (didn't bet)
Seat 4: 1c31b341 folded before Flop (didn't bet)
Seat 5: 7e573cd0 (button) folded before Flop (didn't bet)
Seat 6: Hero (small blind) folded before Flop


Poker Hand #HD1176423102: Hold'em No Limit  ($0.02/$0.05) - 2023/03/26 10:22:31
Table 'NLHBlue2' 6-max Seat #4 is the button
Seat 1: bd3c183c ($6.3 in chips)
Seat 2: 7d1260c0 ($5.54 in chips)
Seat 3: c5a84fb3 ($5 in chips)
Seat 4: 1c31b341 ($5.72 in chips)
Seat 5: 7e573cd0 ($8.34 in chips)
Seat 6: Hero ($7.05 in chips)
7e573cd0: posts small blind $0.02
Hero: posts big blind $0.05
*** HOLE CARDS ***
Dealt to bd3c183c 
Dealt to 7d1260c0 
Dealt to c5a84fb3 
Dealt to 1c31b341 
Dealt to 7e573cd0 
Dealt to Hero [Qc Js]
bd3c183c: raises $0.08 to $0.13
7d1260c0: folds
c5a84fb3: folds
1c31b341: calls $0.13
7e573cd0: folds
Hero: calls $0.08
*** FLOP *** [8c Jd 2d]
Hero: checks
bd3c183c: checks
1c31b341: bets $0.21
Hero: calls $0.21
bd3c183c: folds
*** TURN *** [8c Jd 2d] [Ts]
Hero: checks
1c31b341: bets $0.28
Hero: calls $0.28
*** RIVER *** [8c Jd 2d Ts] [4s]
Hero: checks
1c31b341: checks
Hero: shows [Qc Js] (Pair of Jacks)
1c31b341: shows [Ac 9d] (Ace-High)
*** SHOWDOWN ***
Hero collected $1.32 from pot
*** SUMMARY ***
Total pot $1.39 | Rake $0.07 | Jackpot $0 | Bingo $0 | Fortune $0
Board [8c Jd 2d Ts 4s]
Seat 1: bd3c183c folded on the Flop
Seat 2: 7d1260c0 folded before Flop (didn't bet)
Seat 3: c5a84fb3 folded before Flop (didn't bet)
Seat 4: 1c31b341 (button) showed [Ac 9d] and lost with Ace-High
Seat 5: 7e573cd0 (small blind) folded before Flop
Seat 6: Hero (big blind) showed [Qc Js] and won ($1.32) with Pair of Jacks


Poker Hand #HD1176423069: Hold'em No Limit  ($0.02/$0.05) - 2023/03/26 10:22:15
Table 'NLHBlue2' 6-max Seat #3 is the button
Seat 1: bd3c183c ($6.3 in chips)
Seat 2: 7d1260c0 ($5.54 in chips)
Seat 3: c5a84fb3 ($5 in chips)
Seat 4: 1c31b341 ($5.74 in chips)
Seat 5: 7e573cd0 ($8.32 in chips)
Seat 6: Hero ($7.05 in chips)
1c31b341: posts small blind $0.02
7e573cd0: posts big blind $0.05
*** HOLE CARDS ***
Dealt to bd3c183c 
Dealt to 7d1260c0 
Dealt to c5a84fb3 
Dealt to 1c31b341 
Dealt to 7e573cd0 
Dealt to Hero [5d Qc]
Hero: folds
bd3c183c: folds
7d1260c0: folds
c5a84fb3: folds
1c31b341: folds
Uncalled bet ($0.03) returned to 7e573cd0
*** SHOWDOWN ***
7e573cd0 collected $0.04 from pot
*** SUMMARY ***
Total pot $0.04 | Rake $0 | Jackpot $0 | Bingo $0 | Fortune $0
Seat 1: bd3c183c folded before Flop (didn't bet)
Seat 2: 7d1260c0 folded before Flop (didn't bet)
Seat 3: c5a84fb3 (button) folded before Flop (didn't bet)
Seat 4: 1c31b341 (small blind) folded before Flop
Seat 5: 7e573cd0 (big blind) collected ($0.04)
Seat 6: Hero folded before Flop (didn't bet)


Poker Hand #HD1176423017: Hold'em No Limit  ($0.02/$0.05) - 2023/03/26 10:21:50
Table 'NLHBlue2' 6-max Seat #2 is the button
Seat 1: bd3c183c ($6.3 in chips)
Seat 2: 7d1260c0 ($5.47 in chips)
Seat 3: c5a84fb3 ($5 in chips)
Seat 4: 1c31b341 ($5.79 in chips)
Seat 5: 7e573cd0 ($8.32 in chips)
Seat 6: Hero ($7.05 in chips)
c5a84fb3: posts small blind $0.02
1c31b341: posts big blind $0.05
*** HOLE CARDS ***
Dealt to bd3c183c 
Dealt to 7d1260c0 
Dealt to c5a84fb3 
Dealt to 1c31b341 
Dealt to 7e573cd0 
Dealt to Hero [Jh Td]
7e573cd0: folds
Hero: folds
bd3c183c: folds
7d1260c0: raises $0.05 to $0.1
c5a84fb3: folds
1c31b341: folds
Uncalled bet ($0.05) returned to 7d1260c0
*** SHOWDOWN ***
7d1260c0 collected $0.12 from pot
*** SUMMARY ***
Total pot $0.12 | Rake $0 | Jackpot $0 | Bingo $0 | Fortune $0
Seat 1: bd3c183c folded before Flop (didn't bet)
Seat 2: 7d1260c0 (button) collected ($0.12)
Seat 3: c5a84fb3 (small blind) folded before Flop
Seat 4: 1c31b341 (big blind) folded before Flop
Seat 5: 7e573cd0 folded before Flop (didn't bet)
Seat 6: Hero folded before Flop (didn't bet)


Poker Hand #HD1176422977: Hold'em No Limit  ($0.02/$0.05) - 2023/03/26 10:21:21
Table 'NLHBlue2' 6-max Seat #1 is the button
Seat 1: bd3c183c ($6.43 in chips)
Seat 2: 7d1260c0 ($5.3 in chips)
Seat 3: c5a84fb3 ($5 in chips)
Seat 4: 1c31b341 ($5.79 in chips)
Seat 5: 7e573cd0 ($8.32 in chips)
Seat 6: Hero ($7.05 in chips)
7d1260c0: posts small blind $0.02
c5a84fb3: posts big blind $0.05
*** HOLE CARDS ***
Dealt to bd3c183c 
Dealt to 7d1260c0 
Dealt to c5a84fb3 
Dealt to 1c31b341 
Dealt to 7e573cd0 
Dealt to Hero [5d Kd]
1c31b341: folds
7e573cd0: folds
Hero: folds
bd3c183c: raises $0.08 to $0.13
7d1260c0: raises $0.33 to $0.46
c5a84fb3: folds
bd3c183c: folds
Uncalled bet ($0.33) returned to 7d1260c0
*** SHOWDOWN ***
7d1260c0 collected $0.3 from pot
*** SUMMARY ***
Total pot $0.31 | Rake $0.01 | Jackpot $0 | Bingo $0 | Fortune $0
Seat 1: bd3c183c (button) folded before Flop
Seat 2: 7d1260c0 (small blind) collected ($0.3)
Seat 3: c5a84fb3 (big blind) folded before Flop
Seat 4: 1c31b341 folded before Flop (didn't bet)
Seat 5: 7e573cd0 folded before Flop (didn't bet)
Seat 6: Hero folded before Flop (didn't bet)


Poker Hand #HD1176422954: Hold'em No Limit  ($0.02/$0.05) - 2023/03/26 10:21:06
Table 'NLHBlue2' 6-max Seat #6 is the button
Seat 1: bd3c183c ($6.45 in chips)
Seat 2: 7d1260c0 ($5.35 in chips)
Seat 4: 1c31b341 ($5.72 in chips)
Seat 5: 7e573cd0 ($8.32 in chips)
Seat 6: Hero ($7.05 in chips)
bd3c183c: posts small blind $0.02
7d1260c0: posts big blind $0.05
*** HOLE CARDS ***
Dealt to bd3c183c 
Dealt to 7d1260c0 
Dealt to 1c31b341 
Dealt to 7e573cd0 
Dealt to Hero [Js 5s]
1c31b341: raises $0.1 to $0.15
7e573cd0: folds
Hero: folds
bd3c183c: folds
7d1260c0: folds
Uncalled bet ($0.1) returned to 1c31b341
*** SHOWDOWN ***
1c31b341 collected $0.12 from pot
*** SUMMARY ***
Total pot $0.12 | Rake $0 | Jackpot $0 | Bingo $0 | Fortune $0
Seat 1: bd3c183c (small blind) folded before Flop
Seat 2: 7d1260c0 (big blind) folded before Flop
Seat 4: 1c31b341 collected ($0.12)
Seat 5: 7e573cd0 folded before Flop (didn't bet)
Seat 6: Hero (button) folded before Flop (didn't bet)


Poker Hand #HD1176422922: Hold'em No Limit  ($0.02/$0.05) - 2023/03/26 10:20:48
Table 'NLHBlue2' 6-max Seat #5 is the button
Seat 1: bd3c183c ($6.43 in chips)
Seat 2: 7d1260c0 ($5.35 in chips)
Seat 4: 1c31b341 ($5.72 in chips)
Seat 5: 7e573cd0 ($8.32 in chips)
Seat 6: Hero ($7.07 in chips)
Hero: posts small blind $0.02
bd3c183c: posts big blind $0.05
*** HOLE CARDS ***
Dealt to bd3c183c 
Dealt to 7d1260c0 
Dealt to 1c31b341 
Dealt to 7e573cd0 
Dealt to Hero [9c 2s]
7d1260c0: folds
1c31b341: folds
7e573cd0: folds
Hero: folds
Uncalled bet ($0.03) returned to bd3c183c
*** SHOWDOWN ***
bd3c183c collected $0.04 from pot
*** SUMMARY ***
Total pot $0.04 | Rake $0 | Jackpot $0 | Bingo $0 | Fortune $0
Seat 1: bd3c183c (big blind) collected ($0.04)
Seat 2: 7d1260c0 folded before Flop (didn't bet)
Seat 4: 1c31b341 folded before Flop (didn't bet)
Seat 5: 7e573cd0 (button) folded before Flop (didn't bet)
Seat 6: Hero (small blind) folded before Flop


Poker Hand #HD1176422911: Hold'em No Limit  ($0.02/$0.05) - 2023/03/26 10:20:36
Table 'NLHBlue2' 6-max Seat #4 is the button
Seat 1: bd3c183c ($6.43 in chips)
Seat 2: 7d1260c0 ($5.28 in chips)
Seat 4: 1c31b341 ($5.72 in chips)
Seat 5: 7e573cd0 ($8.34 in chips)
Seat 6: Hero ($7.12 in chips)
7e573cd0: posts small blind $0.02
Hero: posts big blind $0.05
*** HOLE CARDS ***
Dealt to bd3c183c 
Dealt to 7d1260c0 
Dealt to 1c31b341 
Dealt to 7e573cd0 
Dealt to Hero [6d 5c]
bd3c183c: folds
7d1260c0: raises $0.08 to $0.13
1c31b341: folds
7e573cd0: folds
Hero: folds
Uncalled bet ($0.08) returned to 7d1260c0
*** SHOWDOWN ***
7d1260c0 collected $0.12 from pot
*** SUMMARY ***
Total pot $0.12 | Rake $0 | Jackpot $0 | Bingo $0 | Fortune $0
Seat 1: bd3c183c folded before Flop (didn't bet)
Seat 2: 7d1260c0 collected ($0.12)
Seat 4: 1c31b341 (button) folded before Flop (didn't bet)
Seat 5: 7e573cd0 (small blind) folded before Flop
Seat 6: Hero (big blind) folded before Flop


Poker Hand #HD1176422891: Hold'em No Limit  ($0.02/$0.05) - 2023/03/26 10:20:24
Table 'NLHBlue2' 6-max Seat #2 is the button
Seat 1: bd3c183c ($6.43 in chips)
Seat 2: 7d1260c0 ($5.28 in chips)
Seat 4: 1c31b341 ($5.74 in chips)
Seat 5: 7e573cd0 ($8.32 in chips)
Seat 6: Hero ($7.12 in chips)
1c31b341: posts small blind $0.02
7e573cd0: posts big blind $0.05
*** HOLE CARDS ***
Dealt to bd3c183c 
Dealt to 7d1260c0 
Dealt to 1c31b341 
Dealt to 7e573cd0 
Dealt to Hero [4d Ac]
Hero: folds
bd3c183c: folds
7d1260c0: folds
1c31b341: folds
Uncalled bet ($0.03) returned to 7e573cd0
*** SHOWDOWN ***
7e573cd0 collected $0.04 from pot
*** SUMMARY ***
Total pot $0.04 | Rake $0 | Jackpot $0 | Bingo $0 | Fortune $0
Seat 1: bd3c183c folded before Flop (didn't bet)
Seat 2: 7d1260c0 (button) folded before Flop (didn't bet)
Seat 4: 1c31b341 (small blind) folded before Flop
Seat 5: 7e573cd0 (big blind) collected ($0.04)
Seat 6: Hero folded before Flop (didn't bet)


Poker Hand #HD1176422871: Hold'em No Limit  ($0.02/$0.05) - 2023/03/26 10:20:11
Table 'NLHBlue2' 6-max Seat #1 is the button
Seat 1: bd3c183c ($6.43 in chips)
Seat 2: 7d1260c0 ($5.3 in chips)
Seat 4: 1c31b341 ($5.79 in chips)
Seat 5: 7e573cd0 ($8.25 in chips)
Seat 6: Hero ($7.12 in chips)
7d1260c0: posts small blind $0.02
1c31b341: posts big blind $0.05
*** HOLE CARDS ***
Dealt to bd3c183c 
Dealt to 7d1260c0 
Dealt to 1c31b341 
Dealt to 7e573cd0 
Dealt to Hero [9c 8h]
7e573cd0: raises $0.05 to $0.1
Hero: folds
bd3c183c: folds
7d1260c0: folds
1c31b341: folds
Uncalled bet ($0.05) returned to 7e573cd0
*** SHOWDOWN ***
7e573cd0 collected $0.12 from pot
*** SUMMARY ***
Total pot $0.12 | Rake $0 | Jackpot $0 | Bingo $0 | Fortune $0
Seat 1: bd3c183c (button) folded before Flop (didn't bet)
Seat 2: 7d1260c0 (small blind) folded before Flop
Seat 4: 1c31b341 (big blind) folded before Flop
Seat 5: 7e573cd0 collected ($0.12)
Seat 6: Hero folded before Flop (didn't bet)


Poker Hand #HD1176422853: Hold'em No Limit  ($0.02/$0.05) - 2023/03/26 10:20:01
Table 'NLHBlue2' 6-max Seat #6 is the button
Seat 1: bd3c183c ($6.45 in chips)
Seat 2: 7d1260c0 ($5.28 in chips)
Seat 4: 1c31b341 ($5.79 in chips)
Seat 5: 7e573cd0 ($8.25 in chips)
Seat 6: Hero ($7.12 in chips)
bd3c183c: posts small blind $0.02
7d1260c0: posts big blind $0.05
*** HOLE CARDS ***
Dealt to bd3c183c 
Dealt to 7d1260c0 
Dealt to 1c31b341 
Dealt to 7e573cd0 
Dealt to Hero [8c Kh]
1c31b341: folds
7e573cd0: folds
Hero: folds
bd3c183c: folds
Uncalled bet ($0.03) returned to 7d1260c0
*** SHOWDOWN ***
7d1260c0 collected $0.04 from pot
*** SUMMARY ***
Total pot $0.04 | Rake $0 | Jackpot $0 | Bingo $0 | Fortune $0
Seat 1: bd3c183c (small blind) folded before Flop
Seat 2: 7d1260c0 (big blind) collected ($0.04)
Seat 4: 1c31b341 folded before Flop (didn't bet)
Seat 5: 7e573cd0 folded before Flop (didn't bet)
Seat 6: Hero (button) folded before Flop (didn't bet)


Poker Hand #HD1176422797: Hold'em No Limit  ($0.02/$0.05) - 2023/03/26 10:19:34
Table 'NLHBlue2' 6-max Seat #5 is the button
Seat 1: bd3c183c ($6.5 in chips)
Seat 2: 7d1260c0 ($5.28 in chips)
Seat 3: f385e4d4 ($5.58 in chips)
Seat 4: 1c31b341 ($5.79 in chips)
Seat 5: 7e573cd0 ($8.18 in chips)
Seat 6: Hero ($7.14 in chips)
Hero: posts small blind $0.02
bd3c183c: posts big blind $0.05
*** HOLE CARDS ***
Dealt to bd3c183c 
Dealt to 7d1260c0 
Dealt to f385e4d4 
Dealt to 1c31b341 
Dealt to 7e573cd0 
Dealt to Hero [5c 3h]
7d1260c0: folds
f385e4d4: folds
1c31b341: folds
7e573cd0: raises $0.1 to $0.15
Hero: folds
bd3c183c: folds
Uncalled bet ($0.1) returned to 7e573cd0
*** SHOWDOWN ***
7e573cd0 collected $0.12 from pot
*** SUMMARY ***
Total pot $0.12 | Rake $0 | Jackpot $0 | Bingo $0 | Fortune $0
Seat 1: bd3c183c (big blind) folded before Flop
Seat 2: 7d1260c0 folded before Flop (didn't bet)
Seat 3: f385e4d4 folded before Flop (didn't bet)
Seat 4: 1c31b341 folded before Flop (didn't bet)
Seat 5: 7e573cd0 (button) collected ($0.12)
Seat 6: Hero (small blind) folded before Flop


Poker Hand #HD1176422705: Hold'em No Limit  ($0.02/$0.05) - 2023/03/26 10:18:41
Table 'NLHBlue2' 6-max Seat #4 is the button
Seat 1: bd3c183c ($6.5 in chips)
Seat 2: 7d1260c0 ($5.28 in chips)
Seat 3: f385e4d4 ($7.99 in chips)
Seat 4: 1c31b341 ($5.79 in chips)
Seat 5: 7e573cd0 ($8.2 in chips)
Seat 6: Hero ($5 in chips)
7e573cd0: posts small blind $0.02
Hero: posts big blind $0.05
*** HOLE CARDS ***
Dealt to bd3c183c 
Dealt to 7d1260c0 
Dealt to f385e4d4 
Dealt to 1c31b341 
Dealt to 7e573cd0 
Dealt to Hero [Qs Js]
bd3c183c: folds
7d1260c0: folds
f385e4d4: raises $0.08 to $0.13
1c31b341: folds
7e573cd0: folds
Hero: raises $0.42 to $0.55
f385e4d4: calls $0.42
*** FLOP *** [9s Qd 8d]
Hero: bets $0.54
f385e4d4: raises $1.32 to $1.86
Hero: raises $2.59 to $4.45 and is all-in
f385e4d4: folds
Uncalled bet ($2.59) returned to Hero
*** SHOWDOWN ***
Hero collected $4.55 from pot
*** SUMMARY ***
Total pot $4.84 | Rake $0.24 | Jackpot $0.05 | Bingo $0 | Fortune $0
Board [9s Qd 8d]
Seat 1: bd3c183c folded before Flop (didn't bet)
Seat 2: 7d1260c0 folded before Flop (didn't bet)
Seat 3: f385e4d4 folded on the Flop
Seat 4: 1c31b341 (button) folded before Flop (didn't bet)
Seat 5: 7e573cd0 (small blind) folded before Flop
Seat 6: Hero (big blind) won ($4.55)


Poker Hand #HD1176422572: Hold'em No Limit  ($0.02/$0.05) - 2023/03/26 10:17:34
Table 'NLHBlue2' 6-max Seat #3 is the button
Seat 1: bd3c183c ($6.5 in chips)
Seat 2: 7d1260c0 ($5.28 in chips)
Seat 3: f385e4d4 ($8.63 in chips)
Seat 4: 1c31b341 ($5.16 in chips)
Seat 5: 7e573cd0 ($8.25 in chips)
Seat 6: Hero ($5 in chips)
1c31b341: posts small blind $0.02
7e573cd0: posts big blind $0.05
*** HOLE CARDS ***
Dealt to bd3c183c 
Dealt to 7d1260c0 
Dealt to f385e4d4 
Dealt to 1c31b341 
Dealt to 7e573cd0 
Dealt to Hero [7c 9d]
Hero: folds
bd3c183c: folds
7d1260c0: folds
f385e4d4: raises $0.08 to $0.13
1c31b341: raises $0.24 to $0.37
7e573cd0: folds
f385e4d4: calls $0.24
*** FLOP *** [8d Jh Qh]
1c31b341: bets $0.27
f385e4d4: calls $0.27
*** TURN *** [8d Jh Qh] [Ah]
1c31b341: bets $0.67
f385e4d4: folds
Uncalled bet ($0.67) returned to 1c31b341
*** SHOWDOWN ***
1c31b341 collected $1.27 from pot
*** SUMMARY ***
Total pot $1.33 | Rake $0.06 | Jackpot $0 | Bingo $0 | Fortune $0
Board [8d Jh Qh Ah]
Seat 1: bd3c183c folded before Flop (didn't bet)
Seat 2: 7d1260c0 folded before Flop (didn't bet)
Seat 3: f385e4d4 (button) folded on the Turn
Seat 4: 1c31b341 (small blind) won ($1.27)
Seat 5: 7e573cd0 (big blind) folded before Flop
Seat 6: Hero folded before Flop (didn't bet)


Poker Hand #HD1176422545: Hold'em No Limit  ($0.02/$0.05) - 2023/03/26 10:17:19
Table 'NLHBlue2' 6-max Seat #2 is the button
Seat 1: bd3c183c ($6.43 in chips)
Seat 2: 7d1260c0 ($5.28 in chips)
Seat 3: f385e4d4 ($8.65 in chips)
Seat 4: 1c31b341 ($5.21 in chips)
Seat 5: 7e573cd0 ($8.25 in chips)
Seat 6: Hero ($5 in chips)
f385e4d4: posts small blind $0.02
1c31b341: posts big blind $0.05
*** HOLE CARDS ***
Dealt to bd3c183c 
Dealt to 7d1260c0 
Dealt to f385e4d4 
Dealt to 1c31b341 
Dealt to 7e573cd0 
Dealt to Hero [Qd 2s]
7e573cd0: folds
Hero: folds
bd3c183c: raises $0.08 to $0.13
7d1260c0: folds
f385e4d4: folds
1c31b341: folds
Uncalled bet ($0.08) returned to bd3c183c
*** SHOWDOWN ***
bd3c183c collected $0.12 from pot
*** SUMMARY ***
Total pot $0.12 | Rake $0 | Jackpot $0 | Bingo $0 | Fortune $0
Seat 1: bd3c183c collected ($0.12)
Seat 2: 7d1260c0 (button) folded before Flop (didn't bet)
Seat 3: f385e4d4 (small blind) folded before Flop
Seat 4: 1c31b341 (big blind) folded before Flop
Seat 5: 7e573cd0 folded before Flop (didn't bet)
Seat 6: Hero folded before Flop (didn't bet)


Poker Hand #HD1176422432: Hold'em No Limit  ($0.02/$0.05) - 2023/03/26 10:16:21
Table 'NLHBlue2' 6-max Seat #1 is the button
Seat 1: bd3c183c ($6.43 in chips)
Seat 2: 7d1260c0 ($5.3 in chips)
Seat 3: f385e4d4 ($7.34 in chips)
Seat 4: 1c31b341 ($5.21 in chips)
Seat 5: 7e573cd0 ($8.97 in chips)
Seat 6: Hero ($5 in chips)
7d1260c0: posts small blind $0.02
f385e4d4: posts big blind $0.05
*** HOLE CARDS ***
Dealt to bd3c183c 
Dealt to 7d1260c0 
Dealt to f385e4d4 
Dealt to 1c31b341 
Dealt to 7e573cd0 
Dealt to Hero [Jd Ad]
1c31b341: folds
7e573cd0: raises $0.05 to $0.1
Hero: raises $0.2 to $0.3
bd3c183c: folds
7d1260c0: folds
f385e4d4: calls $0.25
7e573cd0: calls $0.2
*** FLOP *** [7h Kh Qd]
f385e4d4: checks
7e573cd0: checks
Hero: bets $0.42
f385e4d4: calls $0.42
7e573cd0: calls $0.42
*** TURN *** [7h Kh Qd] [8h]
f385e4d4: checks
7e573cd0: checks
Hero: checks
*** RIVER *** [7h Kh Qd 8h] [8d]
f385e4d4: bets $0.72
7e573cd0: folds
Hero: folds
Uncalled bet ($0.72) returned to f385e4d4
*** SHOWDOWN ***
f385e4d4 collected $2.03 from pot
*** SUMMARY ***
Total pot $2.18 | Rake $0.1 | Jackpot $0.05 | Bingo $0 | Fortune $0
Board [7h Kh Qd 8h 8d]
Seat 1: bd3c183c (button) folded before Flop (didn't bet)
Seat 2: 7d1260c0 (small blind) folded before Flop
Seat 3: f385e4d4 (big blind) won ($2.03)
Seat 4: 1c31b341 folded before Flop (didn't bet)
Seat 5: 7e573cd0 folded on the River
Seat 6: Hero folded on the River


Poker Hand #HD1176422319: Hold'em No Limit  ($0.02/$0.05) - 2023/03/26 10:15:28
Table 'NLHBlue2' 6-max Seat #6 is the button
Seat 1: bd3c183c ($6.45 in chips)
Seat 2: 7d1260c0 ($5 in chips)
Seat 3: f385e4d4 ($7.34 in chips)
Seat 4: 1c31b341 ($5.36 in chips)
Seat 5: 7e573cd0 ($9.12 in chips)
Seat 6: Hero ($5 in chips)
bd3c183c: posts small blind $0.02
7d1260c0: posts big blind $0.05
*** HOLE CARDS ***
Dealt to bd3c183c 
Dealt to 7d1260c0 
Dealt to f385e4d4 
Dealt to 1c31b341 
Dealt to 7e573cd0 
Dealt to Hero [Jh 7d]
f385e4d4: folds
1c31b341: raises $0.1 to $0.15
7e573cd0: calls $0.15
Hero: folds
bd3c183c: folds
7d1260c0: raises $0.35 to $0.5
1c31b341: folds
7e573cd0: folds
Uncalled bet ($0.35) returned to 7d1260c0
*** SHOWDOWN ***
7d1260c0 collected $0.45 from pot
*** SUMMARY ***
Total pot $0.47 | Rake $0.02 | Jackpot $0 | Bingo $0 | Fortune $0
Seat 1: bd3c183c (small blind) folded before Flop
Seat 2: 7d1260c0 (big blind) collected ($0.45)
Seat 3: f385e4d4 folded before Flop (didn't bet)
Seat 4: 1c31b341 folded before Flop
Seat 5: 7e573cd0 folded before Flop
Seat 6: Hero (button) folded before Flop (didn't bet)


Poker Hand #HD1176422300: Hold'em No Limit  ($0.02/$0.05) - 2023/03/26 10:15:18
Table 'NLHBlue2' 6-max Seat #5 is the button
Seat 1: bd3c183c ($6.5 in chips)
Seat 3: f385e4d4 ($7.34 in chips)
Seat 4: 1c31b341 ($5.36 in chips)
Seat 5: 7e573cd0 ($9.05 in chips)
Seat 6: Hero ($5 in chips)
Hero: posts small blind $0.02
bd3c183c: posts big blind $0.05
*** HOLE CARDS ***
Dealt to bd3c183c 
Dealt to f385e4d4 
Dealt to 1c31b341 
Dealt to 7e573cd0 
Dealt to Hero [4c 5s]
f385e4d4: folds
1c31b341: folds
7e573cd0: raises $0.05 to $0.1
Hero: folds
bd3c183c: folds
Uncalled bet ($0.05) returned to 7e573cd0
*** SHOWDOWN ***
7e573cd0 collected $0.12 from pot
*** SUMMARY ***
Total pot $0.12 | Rake $0 | Jackpot $0 | Bingo $0 | Fortune $0
Seat 1: bd3c183c (big blind) folded before Flop
Seat 3: f385e4d4 folded before Flop (didn't bet)
Seat 4: 1c31b341 folded before Flop (didn't bet)
Seat 5: 7e573cd0 (button) collected ($0.12)
Seat 6: Hero (small blind) folded before Flop


Poker Hand #HD1176422161: Hold'em No Limit  ($0.02/$0.05) - 2023/03/26 10:14:20
Table 'NLHBlue2' 6-max Seat #4 is the button
Seat 1: bd3c183c ($5.42 in chips)
Seat 3: f385e4d4 ($8.31 in chips)
Seat 4: 1c31b341 ($5.36 in chips)
Seat 5: 7e573cd0 ($9.18 in chips)
Seat 6: Hero ($5 in chips)
7e573cd0: posts small blind $0.02
Hero: posts big blind $0.05
*** HOLE CARDS ***
Dealt to bd3c183c 
Dealt to f385e4d4 
Dealt to 1c31b341 
Dealt to 7e573cd0 
Dealt to Hero [Jc 7c]
bd3c183c: raises $0.08 to $0.13
f385e4d4: calls $0.13
1c31b341: folds
7e573cd0: calls $0.11
Hero: calls $0.08
*** FLOP *** [Qs Ad 7s]
7e573cd0: checks
Hero: checks
bd3c183c: bets $0.18
f385e4d4: calls $0.18
7e573cd0: folds
Hero: folds
*** TURN *** [Qs Ad 7s] [3s]
bd3c183c: checks
f385e4d4: bets $0.66
bd3c183c: calls $0.66
*** RIVER *** [Qs Ad 7s 3s] [Kh]
bd3c183c: checks
f385e4d4: checks
bd3c183c: shows [Ah 3h] (Pair of Aces and Pair of Treys)
f385e4d4: shows [Jh Qd] (Pair of Queens)
*** SHOWDOWN ***
bd3c183c collected $2.05 from pot
*** SUMMARY ***
Total pot $2.2 | Rake $0.1 | Jackpot $0.05 | Bingo $0 | Fortune $0
Board [Qs Ad 7s 3s Kh]
Seat 1: bd3c183c showed [Ah 3h] and won ($2.05) with Pair of Aces and Pair of Treys
Seat 3: f385e4d4 showed [Jh Qd] and lost with Pair of Queens
Seat 4: 1c31b341 (button) folded before Flop (didn't bet)
Seat 5: 7e573cd0 (small blind) folded on the Flop
Seat 6: Hero (big blind) folded on the Flop


Poker Hand #HD1176422142: Hold'em No Limit  ($0.02/$0.05) - 2023/03/26 10:14:09
Table 'NLHBlue2' 6-max Seat #3 is the button
Seat 1: bd3c183c ($5.42 in chips)
Seat 3: f385e4d4 ($8.31 in chips)
Seat 4: 1c31b341 ($5.38 in chips)
Seat 5: 7e573cd0 ($9.16 in chips)
Seat 6: Hero ($5 in chips)
1c31b341: posts small blind $0.02
7e573cd0: posts big blind $0.05
*** HOLE CARDS ***
Dealt to bd3c183c 
Dealt to f385e4d4 
Dealt to 1c31b341 
Dealt to 7e573cd0 
Dealt to Hero [Td Jh]
Hero: folds
bd3c183c: folds
f385e4d4: folds
1c31b341: folds
Uncalled bet ($0.03) returned to 7e573cd0
*** SHOWDOWN ***
7e573cd0 collected $0.04 from pot
*** SUMMARY ***
Total pot $0.04 | Rake $0 | Jackpot $0 | Bingo $0 | Fortune $0
Seat 1: bd3c183c folded before Flop (didn't bet)
Seat 3: f385e4d4 (button) folded before Flop (didn't bet)
Seat 4: 1c31b341 (small blind) folded before Flop
Seat 5: 7e573cd0 (big blind) collected ($0.04)
Seat 6: Hero folded before Flop (didn't bet)


Poker Hand #HD1176422044: Hold'em No Limit  ($0.02/$0.05) - 2023/03/26 10:13:14
Table 'NLHBlue2' 6-max Seat #1 is the button
Seat 1: bd3c183c ($5 in chips)
Seat 3: f385e4d4 ($8.44 in chips)
Seat 4: 1c31b341 ($5.71 in chips)
Seat 5: 7e573cd0 ($9.16 in chips)
Seat 6: Hero ($5 in chips)
f385e4d4: posts small blind $0.02
1c31b341: posts big blind $0.05
*** HOLE CARDS ***
Dealt to bd3c183c 
Dealt to f385e4d4 
Dealt to 1c31b341 
Dealt to 7e573cd0 
Dealt to Hero [5h 8s]
7e573cd0: folds
Hero: folds
bd3c183c: raises $0.08 to $0.13
f385e4d4: calls $0.11
1c31b341: calls $0.08
*** FLOP *** [8h Ts Js]
f385e4d4: checks
1c31b341: bets $0.2
bd3c183c: raises $1.06 to $1.26
f385e4d4: folds
1c31b341: folds
Uncalled bet ($1.06) returned to bd3c183c
*** SHOWDOWN ***
bd3c183c collected $0.75 from pot
*** SUMMARY ***
Total pot $0.79 | Rake $0.04 | Jackpot $0 | Bingo $0 | Fortune $0
Board [8h Ts Js]
Seat 1: bd3c183c (button) won ($0.75)
Seat 3: f385e4d4 (small blind) folded on the Flop
Seat 4: 1c31b341 (big blind) folded on the Flop
Seat 5: 7e573cd0 folded before Flop (didn't bet)
Seat 6: Hero folded before Flop (didn't bet)


Poker Hand #HD1176421985: Hold'em No Limit  ($0.02/$0.05) - 2023/03/26 10:12:43
Table 'NLHBlue2' 6-max Seat #6 is the button
Seat 1: bd3c183c ($5 in chips)
Seat 3: f385e4d4 ($8.31 in chips)
Seat 4: 1c31b341 ($5.71 in chips)
Seat 5: 7e573cd0 ($9.16 in chips)
Seat 6: Hero ($5 in chips)
bd3c183c: posts small blind $0.02
f385e4d4: posts big blind $0.05
*** HOLE CARDS ***
Dealt to bd3c183c 
Dealt to f385e4d4 
Dealt to 1c31b341 
Dealt to 7e573cd0 
Dealt to Hero [9c 6c]
1c31b341: folds
7e573cd0: folds
Hero: raises $0.07 to $0.12
bd3c183c: folds
f385e4d4: calls $0.07
*** FLOP *** [8d 5h Td]
f385e4d4: checks
Hero: checks
*** TURN *** [8d 5h Td] [9d]
f385e4d4: bets $0.2
Hero: folds
Uncalled bet ($0.2) returned to f385e4d4
*** SHOWDOWN ***
f385e4d4 collected $0.25 from pot
*** SUMMARY ***
Total pot $0.26 | Rake $0.01 | Jackpot $0 | Bingo $0 | Fortune $0
Board [8d 5h Td 9d]
Seat 1: bd3c183c (small blind) folded before Flop
Seat 3: f385e4d4 (big blind) won ($0.25)
Seat 4: 1c31b341 folded before Flop (didn't bet)
Seat 5: 7e573cd0 folded before Flop (didn't bet)
Seat 6: Hero (button) folded on the Turn


Poker Hand #HD1176421965: Hold'em No Limit  ($0.02/$0.05) - 2023/03/26 10:12:31
Table 'NLHBlue2' 6-max Seat #5 is the button
Seat 1: bd3c183c ($5 in chips)
Seat 3: f385e4d4 ($8.24 in chips)
Seat 4: 1c31b341 ($5.71 in chips)
Seat 5: 7e573cd0 ($9.16 in chips)
Seat 6: Hero ($5 in chips)
Hero: posts small blind $0.02
bd3c183c: posts big blind $0.05
*** HOLE CARDS ***
Dealt to bd3c183c 
Dealt to f385e4d4 
Dealt to 1c31b341 
Dealt to 7e573cd0 
Dealt to Hero [8c 5s]
f385e4d4: raises $0.08 to $0.13
1c31b341: folds
7e573cd0: folds
Hero: folds
bd3c183c: folds
Uncalled bet ($0.08) returned to f385e4d4
*** SHOWDOWN ***
f385e4d4 collected $0.12 from pot
*** SUMMARY ***
Total pot $0.12 | Rake $0 | Jackpot $0 | Bingo $0 | Fortune $0
Seat 1: bd3c183c (big blind) folded before Flop
Seat 3: f385e4d4 collected ($0.12)
Seat 4: 1c31b341 folded before Flop (didn't bet)
Seat 5: 7e573cd0 (button) folded before Flop (didn't bet)
Seat 6: Hero (small blind) folded before Flop


Poker Hand #HD1176421946: Hold'em No Limit  ($0.02/$0.05) - 2023/03/26 10:12:19
Table 'NLHBlue2' 6-max Seat #4 is the button
Seat 1: bd3c183c ($5 in chips)
Seat 3: f385e4d4 ($8.17 in chips)
Seat 4: 1c31b341 ($5.71 in chips)
Seat 5: 7e573cd0 ($9.18 in chips)
Seat 6: Hero ($5 in chips)
7e573cd0: posts small blind $0.02
Hero: posts big blind $0.05
*** HOLE CARDS ***
Dealt to bd3c183c 
Dealt to f385e4d4 
Dealt to 1c31b341 
Dealt to 7e573cd0 
Dealt to Hero [3s 9d]
bd3c183c: folds
f385e4d4: raises $0.08 to $0.13
1c31b341: folds
7e573cd0: folds
Hero: folds
Uncalled bet ($0.08) returned to f385e4d4
*** SHOWDOWN ***
f385e4d4 collected $0.12 from pot
*** SUMMARY ***
Total pot $0.12 | Rake $0 | Jackpot $0 | Bingo $0 | Fortune $0
Seat 1: bd3c183c folded before Flop (didn't bet)
Seat 3: f385e4d4 collected ($0.12)
Seat 4: 1c31b341 (button) folded before Flop (didn't bet)
Seat 5: 7e573cd0 (small blind) folded before Flop
Seat 6: Hero (big blind) folded before Flop


Poker Hand #HD1176421609: Hold'em No Limit  ($0.02/$0.05) - 2023/03/26 10:09:12
Table 'NLHBlue2' 6-max Seat #3 is the button
Seat 1: bd3c183c ($5 in chips)
Seat 2: 4b710fd8 ($6.32 in chips)
Seat 3: f385e4d4 ($8.24 in chips)
Seat 4: 1c31b341 ($5.5 in chips)
Seat 5: 7e573cd0 ($8.96 in chips)
Seat 6: Hero ($5 in chips)
1c31b341: posts small blind $0.02
7e573cd0: posts big blind $0.05
*** HOLE CARDS ***
Dealt to bd3c183c 
Dealt to 4b710fd8 
Dealt to f385e4d4 
Dealt to 1c31b341 
Dealt to 7e573cd0 
Dealt to Hero [5d 4s]
Hero: folds
bd3c183c: folds
4b710fd8: folds
f385e4d4: folds
1c31b341: folds
Uncalled bet ($0.03) returned to 7e573cd0
*** SHOWDOWN ***
7e573cd0 collected $0.04 from pot
*** SUMMARY ***
Total pot $0.04 | Rake $0 | Jackpot $0 | Bingo $0 | Fortune $0
Seat 1: bd3c183c folded before Flop (didn't bet)
Seat 2: 4b710fd8 folded before Flop (didn't bet)
Seat 3: f385e4d4 (button) folded before Flop (didn't bet)
Seat 4: 1c31b341 (small blind) folded before Flop
Seat 5: 7e573cd0 (big blind) collected ($0.04)
Seat 6: Hero folded before Flop (didn't bet)


Poker Hand #HD1176421506: Hold'em No Limit  ($0.02/$0.05) - 2023/03/26 10:08:18
Table 'NLHBlue2' 6-max Seat #2 is the button
Seat 1: bd3c183c ($5 in chips)
Seat 2: 4b710fd8 ($6.32 in chips)
Seat 3: f385e4d4 ($8.54 in chips)
Seat 4: 1c31b341 ($5.55 in chips)
Seat 5: 7e573cd0 ($7.1 in chips)
Seat 6: Hero ($5.63 in chips)
f385e4d4: posts small blind $0.02
1c31b341: posts big blind $0.05
*** HOLE CARDS ***
Dealt to bd3c183c 
Dealt to 4b710fd8 
Dealt to f385e4d4 
Dealt to 1c31b341 
Dealt to 7e573cd0 
Dealt to Hero [Ah As]
7e573cd0: raises $0.05 to $0.1
Hero: raises $0.2 to $0.3
bd3c183c: folds
4b710fd8: folds
f385e4d4: calls $0.28
1c31b341: folds
7e573cd0: calls $0.2
*** FLOP *** [8d Kh Jc]
f385e4d4: checks
7e573cd0: checks
Hero: bets $0.48
f385e4d4: folds
7e573cd0: calls $0.48
*** TURN *** [8d Kh Jc] [Kc]
7e573cd0: bets $0.96
Hero: calls $0.96
*** RIVER *** [8d Kh Jc Kc] [9d]
7e573cd0: bets $1.92
Hero: folds
Uncalled bet ($1.92) returned to 7e573cd0
*** SHOWDOWN ***
7e573cd0 collected $3.6 from pot
*** SUMMARY ***
Total pot $3.83 | Rake $0.18 | Jackpot $0.05 | Bingo $0 | Fortune $0
Board [8d Kh Jc Kc 9d]
Seat 1: bd3c183c folded before Flop (didn't bet)
Seat 2: 4b710fd8 (button) folded before Flop (didn't bet)
Seat 3: f385e4d4 (small blind) folded on the Flop
Seat 4: 1c31b341 (big blind) folded before Flop
Seat 5: 7e573cd0 won ($3.6)
Seat 6: Hero folded on the River


Poker Hand #HD1176421439: Hold'em No Limit  ($0.02/$0.05) - 2023/03/26 10:07:43
Table 'NLHBlue2' 6-max Seat #1 is the button
Seat 1: bd3c183c ($5 in chips)
Seat 2: 4b710fd8 ($6.34 in chips)
Seat 3: f385e4d4 ($8.4 in chips)
Seat 4: 1c31b341 ($5.55 in chips)
Seat 5: 7e573cd0 ($7.1 in chips)
Seat 6: Hero ($5.63 in chips)
4b710fd8: posts small blind $0.02
f385e4d4: posts big blind $0.05
*** HOLE CARDS ***
Dealt to bd3c183c 
Dealt to 4b710fd8 
Dealt to f385e4d4 
Dealt to 1c31b341 
Dealt to 7e573cd0 
Dealt to Hero [Qs 7s]
1c31b341: folds
7e573cd0: folds
Hero: folds
bd3c183c: raises $0.08 to $0.13
4b710fd8: folds
f385e4d4: raises $0.28 to $0.41
bd3c183c: folds
Uncalled bet ($0.28) returned to f385e4d4
*** SHOWDOWN ***
f385e4d4 collected $0.27 from pot
*** SUMMARY ***
Total pot $0.28 | Rake $0.01 | Jackpot $0 | Bingo $0 | Fortune $0
Seat 1: bd3c183c (button) folded before Flop
Seat 2: 4b710fd8 (small blind) folded before Flop
Seat 3: f385e4d4 (big blind) collected ($0.27)
Seat 4: 1c31b341 folded before Flop (didn't bet)
Seat 5: 7e573cd0 folded before Flop (didn't bet)
Seat 6: Hero folded before Flop (didn't bet)


Poker Hand #HD1176421352: Hold'em No Limit  ($0.02/$0.05) - 2023/03/26 10:07:00
Table 'NLHBlue2' 6-max Seat #6 is the button
Seat 1: bd3c183c ($5 in chips)
Seat 2: 4b710fd8 ($6.39 in chips)
Seat 3: f385e4d4 ($8.4 in chips)
Seat 4: 1c31b341 ($5.55 in chips)
Seat 5: 7e573cd0 ($7.4 in chips)
Seat 6: Hero ($5.29 in chips)
bd3c183c: posts small blind $0.02
4b710fd8: posts big blind $0.05
*** HOLE CARDS ***
Dealt to bd3c183c 
Dealt to 4b710fd8 
Dealt to f385e4d4 
Dealt to 1c31b341 
Dealt to 7e573cd0 
Dealt to Hero [Jc Kd]
f385e4d4: folds
1c31b341: folds
7e573cd0: raises $0.05 to $0.1
Hero: raises $0.2 to $0.3
bd3c183c: folds
4b710fd8: folds
7e573cd0: calls $0.2
*** FLOP *** [9s Qd 3s]
7e573cd0: checks
Hero: bets $0.36
7e573cd0: folds
Uncalled bet ($0.36) returned to Hero
*** SHOWDOWN ***
Hero collected $0.64 from pot
*** SUMMARY ***
Total pot $0.67 | Rake $0.03 | Jackpot $0 | Bingo $0 | Fortune $0
Board [9s Qd 3s]
Seat 1: bd3c183c (small blind) folded before Flop
Seat 2: 4b710fd8 (big blind) folded before Flop
Seat 3: f385e4d4 folded before Flop (didn't bet)
Seat 4: 1c31b341 folded before Flop (didn't bet)
Seat 5: 7e573cd0 folded on the Flop
Seat 6: Hero (button) won ($0.64)


Poker Hand #HD1176421324: Hold'em No Limit  ($0.02/$0.05) - 2023/03/26 10:06:49
Table 'NLHBlue2' 6-max Seat #5 is the button
Seat 1: bd3c183c ($5 in chips)
Seat 2: 4b710fd8 ($6.39 in chips)
Seat 3: f385e4d4 ($8.4 in chips)
Seat 4: 1c31b341 ($5.55 in chips)
Seat 5: 7e573cd0 ($7.4 in chips)
Seat 6: Hero ($5.24 in chips)
Hero: posts small blind $0.02
bd3c183c: posts big blind $0.05
*** HOLE CARDS ***
Dealt to bd3c183c 
Dealt to 4b710fd8 
Dealt to f385e4d4 
Dealt to 1c31b341 
Dealt to 7e573cd0 
Dealt to Hero [Js Kc]
4b710fd8: folds
f385e4d4: folds
1c31b341: folds
7e573cd0: folds
Hero: raises $0.09 to $0.14
bd3c183c: folds
Uncalled bet ($0.09) returned to Hero
*** SHOWDOWN ***
Hero collected $0.1 from pot
*** SUMMARY ***
Total pot $0.1 | Rake $0 | Jackpot $0 | Bingo $0 | Fortune $0
Seat 1: bd3c183c (big blind) folded before Flop
Seat 2: 4b710fd8 folded before Flop (didn't bet)
Seat 3: f385e4d4 folded before Flop (didn't bet)
Seat 4: 1c31b341 folded before Flop (didn't bet)
Seat 5: 7e573cd0 (button) folded before Flop (didn't bet)
Seat 6: Hero (small blind) collected ($0.1)


Poker Hand #HD1176421209: Hold'em No Limit  ($0.02/$0.05) - 2023/03/26 10:05:47
Table 'NLHBlue2' 6-max Seat #4 is the button
Seat 2: 4b710fd8 ($6.2 in chips)
Seat 3: f385e4d4 ($8.4 in chips)
Seat 4: 1c31b341 ($5.55 in chips)
Seat 5: 7e573cd0 ($7.5 in chips)
Seat 6: Hero ($5.34 in chips)
7e573cd0: posts small blind $0.02
Hero: posts big blind $0.05
*** HOLE CARDS ***
Dealt to 4b710fd8 
Dealt to f385e4d4 
Dealt to 1c31b341 
Dealt to 7e573cd0 
Dealt to Hero [Ts 7s]
4b710fd8: raises $0.05 to $0.1
f385e4d4: folds
1c31b341: folds
7e573cd0: calls $0.08
Hero: calls $0.05
*** FLOP *** [Kc 3d 5d]
7e573cd0: checks
Hero: checks
4b710fd8: checks
*** TURN *** [Kc 3d 5d] [Qc]
7e573cd0: checks
Hero: checks
4b710fd8: checks
*** RIVER *** [Kc 3d 5d Qc] [8d]
7e573cd0: checks
Hero: checks
4b710fd8: checks
7e573cd0: shows [2s 2h] (Pair of Twos)
Hero: shows [Ts 7s] (King-High)
4b710fd8: shows [6s 6c] (Pair of Sixes)
*** SHOWDOWN ***
4b710fd8 collected $0.29 from pot
*** SUMMARY ***
Total pot $0.3 | Rake $0.01 | Jackpot $0 | Bingo $0 | Fortune $0
Board [Kc 3d 5d Qc 8d]
Seat 2: 4b710fd8 showed [6s 6c] and won ($0.29) with Pair of Sixes
Seat 3: f385e4d4 folded before Flop (didn't bet)
Seat 4: 1c31b341 (button) folded before Flop (didn't bet)
Seat 5: 7e573cd0 (small blind) showed [2s 2h] and lost with Pair of Twos
Seat 6: Hero (big blind) showed [Ts 7s] and lost with King-High


Poker Hand #HD1176421162: Hold'em No Limit  ($0.02/$0.05) - 2023/03/26 10:05:22
Table 'NLHBlue2' 6-max Seat #3 is the button
Seat 2: 4b710fd8 ($6.2 in chips)
Seat 3: f385e4d4 ($8.4 in chips)
Seat 4: 1c31b341 ($5.57 in chips)
Seat 5: 7e573cd0 ($7.48 in chips)
Seat 6: Hero ($5.34 in chips)
1c31b341: posts small blind $0.02
7e573cd0: posts big blind $0.05
*** HOLE CARDS ***
Dealt to 4b710fd8 
Dealt to f385e4d4 
Dealt to 1c31b341 
Dealt to 7e573cd0 
Dealt to Hero [7d Kh]
Hero: folds
4b710fd8: folds
f385e4d4: folds
1c31b341: folds
Uncalled bet ($0.03) returned to 7e573cd0
*** SHOWDOWN ***
7e573cd0 collected $0.04 from pot
*** SUMMARY ***
Total pot $0.04 | Rake $0 | Jackpot $0 | Bingo $0 | Fortune $0
Seat 2: 4b710fd8 folded before Flop (didn't bet)
Seat 3: f385e4d4 (button) folded before Flop (didn't bet)
Seat 4: 1c31b341 (small blind) folded before Flop
Seat 5: 7e573cd0 (big blind) collected ($0.04)
Seat 6: Hero folded before Flop (didn't bet)


Poker Hand #HD1176421141: Hold'em No Limit  ($0.02/$0.05) - 2023/03/26 10:05:07
Table 'NLHBlue2' 6-max Seat #2 is the button
Seat 2: 4b710fd8 ($6.13 in chips)
Seat 3: f385e4d4 ($8.42 in chips)
Seat 4: 1c31b341 ($5.62 in chips)
Seat 5: 7e573cd0 ($7.48 in chips)
Seat 6: Hero ($5.34 in chips)
f385e4d4: posts small blind $0.02
1c31b341: posts big blind $0.05
*** HOLE CARDS ***
Dealt to 4b710fd8 
Dealt to f385e4d4 
Dealt to 1c31b341 
Dealt to 7e573cd0 
Dealt to Hero [4s Ah]
7e573cd0: folds
Hero: folds
4b710fd8: raises $0.05 to $0.1
f385e4d4: folds
1c31b341: folds
Uncalled bet ($0.05) returned to 4b710fd8
*** SHOWDOWN ***
4b710fd8 collected $0.12 from pot
*** SUMMARY ***
Total pot $0.12 | Rake $0 | Jackpot $0 | Bingo $0 | Fortune $0
Seat 2: 4b710fd8 (button) collected ($0.12)
Seat 3: f385e4d4 (small blind) folded before Flop
Seat 4: 1c31b341 (big blind) folded before Flop
Seat 5: 7e573cd0 folded before Flop (didn't bet)
Seat 6: Hero folded before Flop (didn't bet)


Poker Hand #HD1176420963: Hold'em No Limit  ($0.02/$0.05) - 2023/03/26 10:03:35
Table 'NLHBlue2' 6-max Seat #6 is the button
Seat 2: 4b710fd8 ($7.89 in chips)
Seat 3: f385e4d4 ($9.3 in chips)
Seat 4: 1c31b341 ($5.62 in chips)
Seat 5: 7e573cd0 ($5.1 in chips)
Seat 6: Hero ($5.34 in chips)
4b710fd8: posts small blind $0.02
f385e4d4: posts big blind $0.05
*** HOLE CARDS ***
Dealt to 4b710fd8 
Dealt to f385e4d4 
Dealt to 1c31b341 
Dealt to 7e573cd0 
Dealt to Hero [7d 2d]
1c31b341: folds
7e573cd0: raises $0.05 to $0.1
Hero: folds
4b710fd8: raises $0.34 to $0.44
f385e4d4: calls $0.39
7e573cd0: raises $0.44 to $0.88
4b710fd8: calls $0.44
f385e4d4: calls $0.44
*** FLOP *** [8d Qd 7c]
4b710fd8: checks
f385e4d4: checks
7e573cd0: bets $0.88
4b710fd8: calls $0.88
f385e4d4: folds
*** TURN *** [8d Qd 7c] [Kc]
4b710fd8: checks
7e573cd0: bets $1.46
4b710fd8: folds
Uncalled bet ($1.46) returned to 7e573cd0
*** SHOWDOWN ***
7e573cd0 collected $4.14 from pot
*** SUMMARY ***
Total pot $4.4 | Rake $0.21 | Jackpot $0.05 | Bingo $0 | Fortune $0
Board [8d Qd 7c Kc]
Seat 2: 4b710fd8 (small blind) folded on the Turn
Seat 3: f385e4d4 (big blind) folded on the Flop
Seat 4: 1c31b341 folded before Flop (didn't bet)
Seat 5: 7e573cd0 won ($4.14)
Seat 6: Hero (button) folded before Flop (didn't bet)


Poker Hand #HD1176420750: Hold'em No Limit  ($0.02/$0.05) - 2023/03/26 10:01:50
Table 'NLHBlue2' 6-max Seat #5 is the button
Seat 2: 4b710fd8 ($12.8 in chips)
Seat 3: f385e4d4 ($4.91 in chips)
Seat 4: 1c31b341 ($5.62 in chips)
Seat 5: 7e573cd0 ($5.1 in chips)
Seat 6: Hero ($5.36 in chips)
Hero: posts small blind $0.02
4b710fd8: posts big blind $0.05
*** HOLE CARDS ***
Dealt to 4b710fd8 
Dealt to f385e4d4 
Dealt to 1c31b341 
Dealt to 7e573cd0 
Dealt to Hero [9c 5s]
f385e4d4: raises $0.08 to $0.13
1c31b341: folds
7e573cd0: folds
Hero: folds
4b710fd8: raises $0.47 to $0.6
f385e4d4: raises $0.74 to $1.34
4b710fd8: calls $0.74
*** FLOP *** [6h 6c 9h]
4b710fd8: checks
f385e4d4: bets $3.57 and is all-in
4b710fd8: calls $3.57
f385e4d4: shows [Ah As] (Pair of Aces and Pair of Sixes)
4b710fd8: shows [Ks Kd] (Pair of Kings and Pair of Sixes)
*** TURN *** [6h 6c 9h] [2h]
*** RIVER *** [6h 6c 9h 2h] [4c]
*** SHOWDOWN ***
f385e4d4 collected $9.3 from pot
*** SUMMARY ***
Total pot $9.84 | Rake $0.49 | Jackpot $0.05 | Bingo $0 | Fortune $0
Board [6h 6c 9h 2h 4c]
Seat 2: 4b710fd8 (big blind) showed [Ks Kd] and lost with Pair of Kings and Pair of Sixes
Seat 3: f385e4d4 showed [Ah As] and won ($9.3) with Pair of Aces and Pair of Sixes
Seat 4: 1c31b341 folded before Flop (didn't bet)
Seat 5: 7e573cd0 (button) folded before Flop (didn't bet)
Seat 6: Hero (small blind) folded before Flop


Poker Hand #HD1176420651: Hold'em No Limit  ($0.02/$0.05) - 2023/03/26 10:01:03
Table 'NLHBlue2' 6-max Seat #4 is the button
Seat 2: 4b710fd8 ($13.14 in chips)
Seat 3: f385e4d4 ($4.91 in chips)
Seat 4: 1c31b341 ($5.62 in chips)
Seat 5: 7e573cd0 ($4.74 in chips)
Seat 6: Hero ($5.41 in chips)
7e573cd0: posts small blind $0.02
Hero: posts big blind $0.05
4b710fd8: straddle $0.1
*** HOLE CARDS ***
Dealt to 4b710fd8 
Dealt to f385e4d4 
Dealt to 1c31b341 
Dealt to 7e573cd0 
Dealt to Hero [3d Qs]
f385e4d4: folds
1c31b341: folds
7e573cd0: calls $0.08
Hero: folds
4b710fd8: raises $0.24 to $0.34
7e573cd0: raises $4.4 to $4.74 and is all-in
4b710fd8: folds
Uncalled bet ($4.4) returned to 7e573cd0
*** SHOWDOWN ***
7e573cd0 collected $0.7 from pot
*** SUMMARY ***
Total pot $0.73 | Rake $0.03 | Jackpot $0 | Bingo $0 | Fortune $0
Seat 2: 4b710fd8 folded before Flop
Seat 3: f385e4d4 folded before Flop (didn't bet)
Seat 4: 1c31b341 (button) folded before Flop (didn't bet)
Seat 5: 7e573cd0 (small blind) collected ($0.7)
Seat 6: Hero (big blind) folded before Flop


Poker Hand #HD1176420565: Hold'em No Limit  ($0.02/$0.05) - 2023/03/26 10:00:17
Table 'NLHBlue2' 6-max Seat #3 is the button
Seat 2: 4b710fd8 ($13.24 in chips)
Seat 3: f385e4d4 ($4.56 in chips)
Seat 4: 1c31b341 ($5.64 in chips)
Seat 5: 7e573cd0 ($5 in chips)
Seat 6: Hero ($5.41 in chips)
1c31b341: posts small blind $0.02
7e573cd0: posts big blind $0.05
4b710fd8: straddle $0.1
*** HOLE CARDS ***
Dealt to 4b710fd8 
Dealt to f385e4d4 
Dealt to 1c31b341 
Dealt to 7e573cd0 
Dealt to Hero [6h 3s]
f385e4d4: calls $0.1
1c31b341: folds
7e573cd0: raises $0.16 to $0.26
Hero: folds
4b710fd8: folds
f385e4d4: raises $4.3 to $4.56 and is all-in
7e573cd0: folds
Uncalled bet ($4.3) returned to f385e4d4
*** SHOWDOWN ***
f385e4d4 collected $0.61 from pot
*** SUMMARY ***
Total pot $0.64 | Rake $0.03 | Jackpot $0 | Bingo $0 | Fortune $0
Seat 2: 4b710fd8 folded before Flop
Seat 3: f385e4d4 (button) collected ($0.61)
Seat 4: 1c31b341 (small blind) folded before Flop
Seat 5: 7e573cd0 (big blind) folded before Flop
Seat 6: Hero folded before Flop (didn't bet)


Poker Hand #HD1176420512: Hold'em No Limit  ($0.02/$0.05) - 2023/03/26 09:59:52
Table 'NLHBlue2' 6-max Seat #2 is the button
Seat 2: 4b710fd8 ($13.34 in chips)
Seat 3: f385e4d4 ($4.42 in chips)
Seat 4: 1c31b341 ($5.69 in chips)
Seat 6: Hero ($5.41 in chips)
f385e4d4: posts small blind $0.02
1c31b341: posts big blind $0.05
4b710fd8: straddle $0.1
*** HOLE CARDS ***
Dealt to 4b710fd8 
Dealt to f385e4d4 
Dealt to 1c31b341 
Dealt to Hero [As 3h]
f385e4d4: raises $0.15 to $0.25
1c31b341: folds
Hero: folds
4b710fd8: folds
Uncalled bet ($0.15) returned to f385e4d4
*** SHOWDOWN ***
f385e4d4 collected $0.24 from pot
*** SUMMARY ***
Total pot $0.25 | Rake $0.01 | Jackpot $0 | Bingo $0 | Fortune $0
Seat 2: 4b710fd8 (button) folded before Flop
Seat 3: f385e4d4 (small blind) collected ($0.24)
Seat 4: 1c31b341 (big blind) folded before Flop
Seat 6: Hero folded before Flop (didn't bet)


Poker Hand #HD1176420426: Hold'em No Limit  ($0.02/$0.05) - 2023/03/26 09:59:09
Table 'NLHBlue2' 6-max Seat #6 is the button
Seat 2: 4b710fd8 ($13.44 in chips)
Seat 3: f385e4d4 ($4.76 in chips)
Seat 4: 1c31b341 ($5.69 in chips)
Seat 6: Hero ($5 in chips)
4b710fd8: posts small blind $0.02
f385e4d4: posts big blind $0.05
4b710fd8: straddle $0.1
*** HOLE CARDS ***
Dealt to 4b710fd8 
Dealt to f385e4d4 
Dealt to 1c31b341 
Dealt to Hero [Tc 9c]
f385e4d4: raises $0.1 to $0.2
1c31b341: folds
Hero: calls $0.2
4b710fd8: folds
*** FLOP *** [Qs 6c 3s]
f385e4d4: checks
Hero: checks
*** TURN *** [Qs 6c 3s] [Qc]
f385e4d4: checks
Hero: checks
*** RIVER *** [Qs 6c 3s Qc] [Th]
f385e4d4: checks
Hero: bets $0.14
f385e4d4: calls $0.14
Hero: shows [Tc 9c] (Pair of Queens and Pair of Tens)
f385e4d4: shows [Ad 8c] (Pair of Queens)
*** SHOWDOWN ***
Hero collected $0.75 from pot
*** SUMMARY ***
Total pot $0.78 | Rake $0.03 | Jackpot $0 | Bingo $0 | Fortune $0
Board [Qs 6c 3s Qc Th]
Seat 2: 4b710fd8 (small blind) folded before Flop
Seat 3: f385e4d4 (big blind) showed [Ad 8c] and lost with Pair of Queens
Seat 4: 1c31b341 folded before Flop (didn't bet)
Seat 6: Hero (button) showed [Tc 9c] and won ($0.75) with Pair of Queens and Pair of Tens


Poker Hand #HD1176420298: Hold'em No Limit  ($0.02/$0.05) - 2023/03/26 09:58:03
Table 'NLHBlue2' 6-max Seat #4 is the button
Seat 1: 5ca0ff8c ($5.3 in chips)
Seat 2: 4b710fd8 ($13.54 in chips)
Seat 3: f385e4d4 ($5.34 in chips)
Seat 4: 1c31b341 ($4.88 in chips)
Seat 5: af89b7d2 ($8.58 in chips)
Seat 6: Hero ($5 in chips)
af89b7d2: posts small blind $0.02
Hero: posts big blind $0.05
4b710fd8: straddle $0.1
af89b7d2: straddle $0.2
*** HOLE CARDS ***
Dealt to 5ca0ff8c 
Dealt to 4b710fd8 
Dealt to f385e4d4 
Dealt to 1c31b341 
Dealt to af89b7d2 
Dealt to Hero [Kh Tc]
Hero: folds
5ca0ff8c: folds
4b710fd8: folds
f385e4d4: calls $0.2
1c31b341: calls $0.2
af89b7d2: checks
*** FLOP *** [5h 9s Jh]
af89b7d2: checks
f385e4d4: checks
1c31b341: bets $0.38
af89b7d2: folds
f385e4d4: calls $0.38
*** TURN *** [5h 9s Jh] [Qc]
f385e4d4: checks
1c31b341: bets $0.5
f385e4d4: folds
Uncalled bet ($0.5) returned to 1c31b341
*** SHOWDOWN ***
1c31b341 collected $1.39 from pot
*** SUMMARY ***
Total pot $1.51 | Rake $0.07 | Jackpot $0.05 | Bingo $0 | Fortune $0
Board [5h 9s Jh Qc]
Seat 1: 5ca0ff8c folded before Flop (didn't bet)
Seat 2: 4b710fd8 folded before Flop
Seat 3: f385e4d4 folded on the Turn
Seat 4: 1c31b341 (button) won ($1.39)
Seat 5: af89b7d2 (small blind) folded on the Flop
Seat 6: Hero (big blind) folded before Flop


Poker Hand #HD1176420209: Hold'em No Limit  ($0.02/$0.05) - 2023/03/26 09:57:20
Table 'NLHBlue2' 6-max Seat #3 is the button
Seat 1: 5ca0ff8c ($5.3 in chips)
Seat 2: 4b710fd8 ($13.34 in chips)
Seat 3: f385e4d4 ($5.34 in chips)
Seat 4: 1c31b341 ($4.9 in chips)
Seat 5: af89b7d2 ($8.78 in chips)
Seat 6: Hero ($5 in chips)
1c31b341: posts small blind $0.02
af89b7d2: posts big blind $0.05
4b710fd8: straddle $0.1
af89b7d2: straddle $0.2
*** HOLE CARDS ***
Dealt to 5ca0ff8c 
Dealt to 4b710fd8 
Dealt to f385e4d4 
Dealt to 1c31b341 
Dealt to af89b7d2 
Dealt to Hero [2d Jh]
Hero: folds
5ca0ff8c: folds
4b710fd8: raises $1.23 to $1.43
f385e4d4: folds
1c31b341: folds
af89b7d2: folds
Uncalled bet ($1.23) returned to 4b710fd8
*** SHOWDOWN ***
4b710fd8 collected $0.4 from pot
*** SUMMARY ***
Total pot $0.42 | Rake $0.02 | Jackpot $0 | Bingo $0 | Fortune $0
Seat 1: 5ca0ff8c folded before Flop (didn't bet)
Seat 2: 4b710fd8 collected ($0.4)
Seat 3: f385e4d4 (button) folded before Flop (didn't bet)
Seat 4: 1c31b341 (small blind) folded before Flop
Seat 5: af89b7d2 (big blind) folded before Flop
Seat 6: Hero folded before Flop (didn't bet)


Poker Hand #HD1176420123: Hold'em No Limit  ($0.02/$0.05) - 2023/03/26 09:56:31
Table 'NLHBlue2' 6-max Seat #2 is the button
Seat 1: 5ca0ff8c ($5.7 in chips)
Seat 2: 4b710fd8 ($13.44 in chips)
Seat 3: f385e4d4 ($4.64 in chips)
Seat 4: 1c31b341 ($4.95 in chips)
Seat 5: af89b7d2 ($8.98 in chips)
Seat 6: Hero ($5 in chips)
f385e4d4: posts small blind $0.02
1c31b341: posts big blind $0.05
4b710fd8: straddle $0.1
af89b7d2: straddle $0.2
*** HOLE CARDS ***
Dealt to 5ca0ff8c 
Dealt to 4b710fd8 
Dealt to f385e4d4 
Dealt to 1c31b341 
Dealt to af89b7d2 
Dealt to Hero [9c Th]
Hero: folds
5ca0ff8c: calls $0.2
4b710fd8: folds
f385e4d4: raises $0.2 to $0.4
1c31b341: folds
af89b7d2: folds
5ca0ff8c: calls $0.2
*** FLOP *** [Ac 7c Jd]
f385e4d4: bets $0.87
5ca0ff8c: folds
Uncalled bet ($0.87) returned to f385e4d4
*** SHOWDOWN ***
f385e4d4 collected $1.1 from pot
*** SUMMARY ***
Total pot $1.15 | Rake $0.05 | Jackpot $0 | Bingo $0 | Fortune $0
Board [Ac 7c Jd]
Seat 1: 5ca0ff8c folded on the Flop
Seat 2: 4b710fd8 (button) folded before Flop
Seat 3: f385e4d4 (small blind) won ($1.1)
Seat 4: 1c31b341 (big blind) folded before Flop
Seat 5: af89b7d2 folded before Flop
Seat 6: Hero folded before Flop (didn't bet)


Poker Hand #HD1176420062: Hold'em No Limit  ($0.02/$0.05) - 2023/03/26 09:56:03
Table 'NLHBlue2' 6-max Seat #1 is the button
Seat 1: 5ca0ff8c ($5.7 in chips)
Seat 2: 4b710fd8 ($13.54 in chips)
Seat 3: f385e4d4 ($4.69 in chips)
Seat 4: 1c31b341 ($5 in chips)
Seat 5: af89b7d2 ($8.79 in chips)
Seat 6: Hero ($5 in chips)
4b710fd8: posts small blind $0.02
f385e4d4: posts big blind $0.05
1c31b341: posts big blind $0.05
4b710fd8: straddle $0.1
af89b7d2: straddle $0.2
*** HOLE CARDS ***
Dealt to 5ca0ff8c 
Dealt to 4b710fd8 
Dealt to f385e4d4 
Dealt to 1c31b341 
Dealt to af89b7d2 
Dealt to Hero [9d Ah]
Hero: folds
5ca0ff8c: folds
4b710fd8: folds
f385e4d4: folds
1c31b341: folds
Uncalled bet ($0.1) returned to af89b7d2
*** SHOWDOWN ***
af89b7d2 collected $0.29 from pot
*** SUMMARY ***
Total pot $0.3 | Rake $0.01 | Jackpot $0 | Bingo $0 | Fortune $0
Seat 1: 5ca0ff8c (button) folded before Flop (didn't bet)
Seat 2: 4b710fd8 (small blind) folded before Flop
Seat 3: f385e4d4 (big blind) folded before Flop
Seat 4: 1c31b341 folded before Flop
Seat 5: af89b7d2 collected ($0.29)
Seat 6: Hero folded before Flop (didn't bet)


Poker Hand #HD1176419993: Hold'em No Limit  ($0.02/$0.05) - 2023/03/26 09:55:23
Table 'NLHBlue2' 6-max Seat #6 is the button
Seat 1: 5ca0ff8c ($5.42 in chips)
Seat 2: 4b710fd8 ($13.64 in chips)
Seat 3: f385e4d4 ($4.69 in chips)
Seat 5: af89b7d2 ($8.99 in chips)
Seat 6: Hero ($5 in chips)
5ca0ff8c: posts small blind $0.02
4b710fd8: posts big blind $0.05
4b710fd8: straddle $0.1
af89b7d2: straddle $0.2
*** HOLE CARDS ***
Dealt to 5ca0ff8c 
Dealt to 4b710fd8 
Dealt to f385e4d4 
Dealt to af89b7d2 
Dealt to Hero [7d 3h]
Hero: folds
5ca0ff8c: calls $0.18
4b710fd8: folds
f385e4d4: folds
af89b7d2: checks
*** FLOP *** [5s 3d Jd]
5ca0ff8c: checks
af89b7d2: checks
*** TURN *** [5s 3d Jd] [Kh]
5ca0ff8c: bets $0.38
af89b7d2: folds
Uncalled bet ($0.38) returned to 5ca0ff8c
*** SHOWDOWN ***
5ca0ff8c collected $0.48 from pot
*** SUMMARY ***
Total pot $0.5 | Rake $0.02 | Jackpot $0 | Bingo $0 | Fortune $0
Board [5s 3d Jd Kh]
Seat 1: 5ca0ff8c (small blind) won ($0.48)
Seat 2: 4b710fd8 (big blind) folded before Flop
Seat 3: f385e4d4 folded before Flop (didn't bet)
Seat 5: af89b7d2 folded on the Turn
Seat 6: Hero (button) folded before Flop (didn't bet)


Poker Hand #HD1176419896: Hold'em No Limit  ($0.02/$0.05) - 2023/03/26 09:54:33
Table 'NLHBlue2' 6-max Seat #5 is the button
Seat 1: 5ca0ff8c ($5.47 in chips)
Seat 2: 4b710fd8 ($13.74 in chips)
Seat 3: f385e4d4 ($6.4 in chips)
Seat 5: af89b7d2 ($7.33 in chips)
Seat 6: Hero ($5 in chips)
Hero: posts small blind $0.02
5ca0ff8c: posts big blind $0.05
4b710fd8: straddle $0.1
af89b7d2: straddle $0.2
*** HOLE CARDS ***
Dealt to 5ca0ff8c 
Dealt to 4b710fd8 
Dealt to f385e4d4 
Dealt to af89b7d2 
Dealt to Hero [Td 7s]
Hero: folds
5ca0ff8c: folds
4b710fd8: folds
f385e4d4: calls $0.2
af89b7d2: checks
*** FLOP *** [3d 6h Jh]
f385e4d4: checks
af89b7d2: checks
*** TURN *** [3d 6h Jh] [5s]
f385e4d4: bets $0.43
af89b7d2: calls $0.43
*** RIVER *** [3d 6h Jh 5s] [8d]
f385e4d4: checks
af89b7d2: bets $1.08
f385e4d4: calls $1.08
af89b7d2: shows [9d 7d] (Nines-High Straight)
f385e4d4: shows [Jc Qc] (Pair of Jacks)
*** SHOWDOWN ***
af89b7d2 collected $3.37 from pot
*** SUMMARY ***
Total pot $3.59 | Rake $0.17 | Jackpot $0.05 | Bingo $0 | Fortune $0
Board [3d 6h Jh 5s 8d]
Seat 1: 5ca0ff8c (big blind) folded before Flop
Seat 2: 4b710fd8 folded before Flop
Seat 3: f385e4d4 showed [Jc Qc] and lost with Pair of Jacks
Seat 5: af89b7d2 (button) showed [9d 7d] and won ($3.37) with Nines-High Straight
Seat 6: Hero (small blind) folded before Flop


Poker Hand #HD1176419782: Hold'em No Limit  ($0.02/$0.05) - 2023/03/26 09:53:36
Table 'NLHBlue2' 6-max Seat #3 is the button
Seat 1: 5ca0ff8c ($5.69 in chips)
Seat 2: 4b710fd8 ($13.4 in chips)
Seat 3: f385e4d4 ($6.4 in chips)
Seat 5: af89b7d2 ($7.43 in chips)
Seat 6: Hero ($5 in chips)
af89b7d2: posts small blind $0.02
Hero: posts big blind $0.05
4b710fd8: straddle $0.1
*** HOLE CARDS ***
Dealt to 5ca0ff8c 
Dealt to 4b710fd8 
Dealt to f385e4d4 
Dealt to af89b7d2 
Dealt to Hero [5h 8c]
f385e4d4: folds
af89b7d2: calls $0.08
Hero: folds
5ca0ff8c: calls $0.1
4b710fd8: checks
*** FLOP *** [Ah 5c 4s]
af89b7d2: checks
5ca0ff8c: checks
4b710fd8: bets $0.12
af89b7d2: folds
5ca0ff8c: calls $0.12
*** TURN *** [Ah 5c 4s] [Ac]
5ca0ff8c: checks
4b710fd8: checks
*** RIVER *** [Ah 5c 4s Ac] [Qh]
5ca0ff8c: checks
4b710fd8: checks
5ca0ff8c: shows [3h 3d] (Pair of Aces and Pair of Treys)
4b710fd8: shows [5s Ts] (Pair of Aces and Pair of Fives)
*** SHOWDOWN ***
4b710fd8 collected $0.56 from pot
*** SUMMARY ***
Total pot $0.59 | Rake $0.03 | Jackpot $0 | Bingo $0 | Fortune $0
Board [Ah 5c 4s Ac Qh]
Seat 1: 5ca0ff8c showed [3h 3d] and lost with Pair of Aces and Pair of Treys
Seat 2: 4b710fd8 showed [5s Ts] and won ($0.56) with Pair of Aces and Pair of Fives
Seat 3: f385e4d4 (button) folded before Flop (didn't bet)
Seat 5: af89b7d2 (small blind) folded on the Flop
Seat 6: Hero (big blind) folded before Flop


Poker Hand #HD1176419653: Hold'em No Limit  ($0.02/$0.05) - 2023/03/26 09:52:24
Table 'NLHBlue2' 6-max Seat #2 is the button
Seat 1: 5ca0ff8c ($5.69 in chips)
Seat 2: 4b710fd8 ($13.5 in chips)
Seat 3: f385e4d4 ($6.42 in chips)
Seat 5: af89b7d2 ($4.4 in chips)
Seat 6: Hero ($5.95 in chips)
f385e4d4: posts small blind $0.02
af89b7d2: posts big blind $0.05
4b710fd8: straddle $0.1
*** HOLE CARDS ***
Dealt to 5ca0ff8c 
Dealt to 4b710fd8 
Dealt to f385e4d4 
Dealt to af89b7d2 
Dealt to Hero [Tc Th]
f385e4d4: folds
af89b7d2: raises $0.11 to $0.21
Hero: raises $0.37 to $0.58
5ca0ff8c: folds
4b710fd8: folds
af89b7d2: raises $1.28 to $1.86
Hero: raises $4.09 to $5.95 and is all-in
af89b7d2: calls $2.54 and is all-in
Uncalled bet ($1.55) returned to Hero
Hero: shows [Tc Th]
af89b7d2: shows [Kd Kh]
*** FLOP *** [6h 8c 5d]
af89b7d2: Chooses to EV Cashout 
*** TURN *** [6h 8c 5d] [7s]
*** RIVER *** [6h 8c 5d 7s] [Ad]
af89b7d2: Pays Cashout Risk ($1)
*** SHOWDOWN ***
af89b7d2 collected $8.43 from pot
*** SUMMARY ***
Total pot $8.92 | Rake $0.44 | Jackpot $0.05 | Bingo $0 | Fortune $0
Board [6h 8c 5d 7s Ad]
Seat 1: 5ca0ff8c folded before Flop (didn't bet)
Seat 2: 4b710fd8 (button) folded before Flop
Seat 3: f385e4d4 (small blind) folded before Flop
Seat 5: af89b7d2 (big blind) showed [Kd Kh] and won ($8.43) with Pair of Kings, Cashout Risk ($1)
Seat 6: Hero showed [Tc Th] and lost with Pair of Tens


Poker Hand #HD1176419567: Hold'em No Limit  ($0.02/$0.05) - 2023/03/26 09:51:42
Table 'NLHBlue2' 6-max Seat #1 is the button
Seat 1: 5ca0ff8c ($5.17 in chips)
Seat 2: 4b710fd8 ($13.6 in chips)
Seat 3: f385e4d4 ($6.47 in chips)
Seat 4: e72f6010 ($5 in chips)
Seat 5: af89b7d2 ($4.6 in chips)
Seat 6: Hero ($6.15 in chips)
4b710fd8: posts small blind $0.02
f385e4d4: posts big blind $0.05
4b710fd8: straddle $0.1
af89b7d2: straddle $0.2
*** HOLE CARDS ***
Dealt to 5ca0ff8c 
Dealt to 4b710fd8 
Dealt to f385e4d4 
Dealt to e72f6010 
Dealt to af89b7d2 
Dealt to Hero [3d 3h]
Hero: calls $0.2
5ca0ff8c: calls $0.2
4b710fd8: folds
f385e4d4: folds
e72f6010: folds
af89b7d2: checks
*** FLOP *** [5d 6h Js]
af89b7d2: checks
Hero: checks
5ca0ff8c: bets $0.42
af89b7d2: folds
Hero: folds
Uncalled bet ($0.42) returned to 5ca0ff8c
*** SHOWDOWN ***
5ca0ff8c collected $0.72 from pot
*** SUMMARY ***
Total pot $0.75 | Rake $0.03 | Jackpot $0 | Bingo $0 | Fortune $0
Board [5d 6h Js]
Seat 1: 5ca0ff8c (button) won ($0.72)
Seat 2: 4b710fd8 (small blind) folded before Flop
Seat 3: f385e4d4 (big blind) folded before Flop
Seat 4: e72f6010 folded before Flop (didn't bet)
Seat 5: af89b7d2 folded on the Flop
Seat 6: Hero folded on the Flop


Poker Hand #HD1176419492: Hold'em No Limit  ($0.02/$0.05) - 2023/03/26 09:51:06
Table 'NLHBlue2' 6-max Seat #6 is the button
Seat 1: 5ca0ff8c ($5.19 in chips)
Seat 2: 4b710fd8 ($13.58 in chips)
Seat 3: f385e4d4 ($6.47 in chips)
Seat 4: e72f6010 ($5 in chips)
Seat 5: af89b7d2 ($4.6 in chips)
Seat 6: Hero ($6.15 in chips)
5ca0ff8c: posts small blind $0.02
4b710fd8: posts big blind $0.05
4b710fd8: straddle $0.1
*** HOLE CARDS ***
Dealt to 5ca0ff8c 
Dealt to 4b710fd8 
Dealt to f385e4d4 
Dealt to e72f6010 
Dealt to af89b7d2 
Dealt to Hero [6s Jc]
f385e4d4: folds
e72f6010: folds
af89b7d2: folds
Hero: folds
5ca0ff8c: folds
Uncalled bet ($0.08) returned to 4b710fd8
*** SHOWDOWN ***
4b710fd8 collected $0.04 from pot
*** SUMMARY ***
Total pot $0.04 | Rake $0 | Jackpot $0 | Bingo $0 | Fortune $0
Seat 1: 5ca0ff8c (small blind) folded before Flop
Seat 2: 4b710fd8 (big blind) collected ($0.04)
Seat 3: f385e4d4 folded before Flop (didn't bet)
Seat 4: e72f6010 folded before Flop (didn't bet)
Seat 5: af89b7d2 folded before Flop (didn't bet)
Seat 6: Hero (button) folded before Flop (didn't bet)


Poker Hand #HD1176419362: Hold'em No Limit  ($0.02/$0.05) - 2023/03/26 09:49:59
Table 'NLHBlue2' 6-max Seat #5 is the button
Seat 1: 5ca0ff8c ($5.24 in chips)
Seat 2: 4b710fd8 ($13.68 in chips)
Seat 3: f385e4d4 ($6.57 in chips)
Seat 4: e72f6010 ($5 in chips)
Seat 5: af89b7d2 ($5.49 in chips)
Seat 6: Hero ($5.15 in chips)
Hero: posts small blind $0.02
5ca0ff8c: posts big blind $0.05
4b710fd8: straddle $0.1
*** HOLE CARDS ***
Dealt to 5ca0ff8c 
Dealt to 4b710fd8 
Dealt to f385e4d4 
Dealt to e72f6010 
Dealt to af89b7d2 
Dealt to Hero [Tc Ac]
f385e4d4: calls $0.1
e72f6010: folds
af89b7d2: raises $0.28 to $0.38
Hero: calls $0.36
5ca0ff8c: folds
4b710fd8: folds
f385e4d4: folds
*** FLOP *** [9c 2c Kd]
Hero: checks
af89b7d2: bets $0.51
Hero: raises $0.81 to $1.32
af89b7d2: folds
Uncalled bet ($0.81) returned to Hero
*** SHOWDOWN ***
Hero collected $1.89 from pot
*** SUMMARY ***
Total pot $2.03 | Rake $0.09 | Jackpot $0.05 | Bingo $0 | Fortune $0
Board [9c 2c Kd]
Seat 1: 5ca0ff8c (big blind) folded before Flop
Seat 2: 4b710fd8 folded before Flop
Seat 3: f385e4d4 folded before Flop
Seat 4: e72f6010 folded before Flop (didn't bet)
Seat 5: af89b7d2 (button) folded on the Flop
Seat 6: Hero (small blind) won ($1.89)


Poker Hand #HD1176419256: Hold'em No Limit  ($0.02/$0.05) - 2023/03/26 09:49:11
Table 'NLHBlue2' 6-max Seat #4 is the button
Seat 1: 5ca0ff8c ($5.24 in chips)
Seat 2: 4b710fd8 ($13.78 in chips)
Seat 3: f385e4d4 ($6.57 in chips)
Seat 4: e72f6010 ($5.37 in chips)
Seat 5: af89b7d2 ($4.98 in chips)
Seat 6: Hero ($5.2 in chips)
af89b7d2: posts small blind $0.02
Hero: posts big blind $0.05
4b710fd8: straddle $0.1
af89b7d2: straddle $0.2
*** HOLE CARDS ***
Dealt to 5ca0ff8c 
Dealt to 4b710fd8 
Dealt to f385e4d4 
Dealt to e72f6010 
Dealt to af89b7d2 
Dealt to Hero [5d 9h]
Hero: folds
5ca0ff8c: folds
4b710fd8: folds
f385e4d4: folds
e72f6010: raises $0.2 to $0.4
af89b7d2: calls $0.2
*** FLOP *** [Jc 8s Jd]
af89b7d2: bets $0.72
e72f6010: folds
Uncalled bet ($0.72) returned to af89b7d2
*** SHOWDOWN ***
af89b7d2 collected $0.91 from pot
*** SUMMARY ***
Total pot $0.95 | Rake $0.04 | Jackpot $0 | Bingo $0 | Fortune $0
Board [Jc 8s Jd]
Seat 1: 5ca0ff8c folded before Flop (didn't bet)
Seat 2: 4b710fd8 folded before Flop
Seat 3: f385e4d4 folded before Flop (didn't bet)
Seat 4: e72f6010 (button) folded on the Flop
Seat 5: af89b7d2 (small blind) won ($0.91)
Seat 6: Hero (big blind) folded before Flop


Poker Hand #HD1176419183: Hold'em No Limit  ($0.02/$0.05) - 2023/03/26 09:48:35
Table 'NLHBlue2' 6-max Seat #3 is the button
Seat 1: 5ca0ff8c ($5.24 in chips)
Seat 2: 4b710fd8 ($13.98 in chips)
Seat 3: f385e4d4 ($6.57 in chips)
Seat 4: e72f6010 ($5 in chips)
Seat 5: af89b7d2 ($5.18 in chips)
Seat 6: Hero ($5.2 in chips)
e72f6010: posts small blind $0.02
af89b7d2: posts big blind $0.05
4b710fd8: straddle $0.1
af89b7d2: straddle $0.2
*** HOLE CARDS ***
Dealt to 5ca0ff8c 
Dealt to 4b710fd8 
Dealt to f385e4d4 
Dealt to e72f6010 
Dealt to af89b7d2 
Dealt to Hero [9h Jc]
Hero: folds
5ca0ff8c: folds
4b710fd8: calls $0.1
f385e4d4: folds
e72f6010: raises $0.44 to $0.64
af89b7d2: folds
4b710fd8: folds
Uncalled bet ($0.44) returned to e72f6010
*** SHOWDOWN ***
e72f6010 collected $0.57 from pot
*** SUMMARY ***
Total pot $0.6 | Rake $0.03 | Jackpot $0 | Bingo $0 | Fortune $0
Seat 1: 5ca0ff8c folded before Flop (didn't bet)
Seat 2: 4b710fd8 folded before Flop
Seat 3: f385e4d4 (button) folded before Flop (didn't bet)
Seat 4: e72f6010 (small blind) collected ($0.57)
Seat 5: af89b7d2 (big blind) folded before Flop
Seat 6: Hero folded before Flop (didn't bet)


Poker Hand #HD1176419060: Hold'em No Limit  ($0.02/$0.05) - 2023/03/26 09:47:38
Table 'NLHBlue2' 6-max Seat #2 is the button
Seat 1: 5ca0ff8c ($5.24 in chips)
Seat 2: 4b710fd8 ($13.43 in chips)
Seat 3: f385e4d4 ($6.59 in chips)
Seat 4: e72f6010 ($5 in chips)
Seat 5: af89b7d2 ($5.71 in chips)
Seat 6: Hero ($5.2 in chips)
f385e4d4: posts small blind $0.02
e72f6010: posts big blind $0.05
4b710fd8: straddle $0.1
*** HOLE CARDS ***
Dealt to 5ca0ff8c 
Dealt to 4b710fd8 
Dealt to f385e4d4 
Dealt to e72f6010 
Dealt to af89b7d2 
Dealt to Hero [2c 6h]
f385e4d4: folds
e72f6010: folds
af89b7d2: raises $0.14 to $0.24
Hero: folds
5ca0ff8c: folds
4b710fd8: calls $0.14
*** FLOP *** [9c 2s 6d]
af89b7d2: checks
4b710fd8: bets $0.29
af89b7d2: calls $0.29
*** TURN *** [9c 2s 6d] [Ad]
af89b7d2: checks
4b710fd8: checks
*** RIVER *** [9c 2s 6d Ad] [Ks]
af89b7d2: checks
4b710fd8: checks
af89b7d2: shows [Ts 8s] (Ace-High)
4b710fd8: shows [3c 6c] (Pair of Sixes)
*** SHOWDOWN ***
4b710fd8 collected $1.08 from pot
*** SUMMARY ***
Total pot $1.13 | Rake $0.05 | Jackpot $0 | Bingo $0 | Fortune $0
Board [9c 2s 6d Ad Ks]
Seat 1: 5ca0ff8c folded before Flop (didn't bet)
Seat 2: 4b710fd8 (button) showed [3c 6c] and won ($1.08) with Pair of Sixes
Seat 3: f385e4d4 (small blind) folded before Flop
Seat 4: e72f6010 (big blind) folded before Flop
Seat 5: af89b7d2 showed [Ts 8s] and lost with Ace-High
Seat 6: Hero folded before Flop (didn't bet)


Poker Hand #HD1176418934: Hold'em No Limit  ($0.02/$0.05) - 2023/03/26 09:46:36
Table 'NLHBlue2' 6-max Seat #1 is the button
Seat 1: 5ca0ff8c ($5.24 in chips)
Seat 2: 4b710fd8 ($13.72 in chips)
Seat 3: f385e4d4 ($6.64 in chips)
Seat 5: af89b7d2 ($5.4 in chips)
Seat 6: Hero ($5.2 in chips)
4b710fd8: posts small blind $0.02
f385e4d4: posts big blind $0.05
4b710fd8: straddle $0.1
*** HOLE CARDS ***
Dealt to 5ca0ff8c 
Dealt to 4b710fd8 
Dealt to f385e4d4 
Dealt to af89b7d2 
Dealt to Hero [Kc 8d]
f385e4d4: folds
af89b7d2: calls $0.1
Hero: folds
5ca0ff8c: folds
4b710fd8: checks
*** FLOP *** [6d 8h 9h]
4b710fd8: checks
af89b7d2: bets $0.19
4b710fd8: calls $0.19
*** TURN *** [6d 8h 9h] [Th]
4b710fd8: checks
af89b7d2: checks
*** RIVER *** [6d 8h 9h Th] [3s]
4b710fd8: checks
af89b7d2: checks
4b710fd8: shows [4s 9c] (Pair of Nines)
af89b7d2: shows [9d Qs] (Pair of Nines)
*** SHOWDOWN ***
af89b7d2 collected $0.6 from pot
*** SUMMARY ***
Total pot $0.63 | Rake $0.03 | Jackpot $0 | Bingo $0 | Fortune $0
Board [6d 8h 9h Th 3s]
Seat 1: 5ca0ff8c (button) folded before Flop (didn't bet)
Seat 2: 4b710fd8 (small blind) showed [4s 9c] and lost with Pair of Nines
Seat 3: f385e4d4 (big blind) folded before Flop
Seat 5: af89b7d2 showed [9d Qs] and won ($0.6) with Pair of Nines
Seat 6: Hero folded before Flop (didn't bet)


Poker Hand #HD1176418838: Hold'em No Limit  ($0.02/$0.05) - 2023/03/26 09:45:46
Table 'NLHBlue2' 6-max Seat #6 is the button
Seat 1: 5ca0ff8c ($5.26 in chips)
Seat 2: 4b710fd8 ($13.82 in chips)
Seat 3: f385e4d4 ($6.24 in chips)
Seat 4: d4db68a5 ($0.77 in chips)
Seat 5: af89b7d2 ($5.4 in chips)
Seat 6: Hero ($5.2 in chips)
5ca0ff8c: posts small blind $0.02
4b710fd8: posts big blind $0.05
4b710fd8: straddle $0.1
*** HOLE CARDS ***
Dealt to 5ca0ff8c 
Dealt to 4b710fd8 
Dealt to f385e4d4 
Dealt to d4db68a5 
Dealt to af89b7d2 
Dealt to Hero [6h 4c]
f385e4d4: raises $0.15 to $0.25
d4db68a5: raises $0.52 to $0.77 and is all-in
af89b7d2: folds
Hero: folds
5ca0ff8c: folds
4b710fd8: folds
f385e4d4: calls $0.52
d4db68a5: shows [Jh 9c]
f385e4d4: shows [As 5s]
*** FLOP *** [5d 3c 3h]
f385e4d4: Chooses to EV Cashout 
*** TURN *** [5d 3c 3h] [Qc]
*** RIVER *** [5d 3c 3h Qc] [2d]
f385e4d4: Pays Cashout Risk ($0.36)
*** SHOWDOWN ***
f385e4d4 collected $1.53 from pot
*** SUMMARY ***
Total pot $1.66 | Rake $0.08 | Jackpot $0.05 | Bingo $0 | Fortune $0
Board [5d 3c 3h Qc 2d]
Seat 1: 5ca0ff8c (small blind) folded before Flop
Seat 2: 4b710fd8 (big blind) folded before Flop
Seat 3: f385e4d4 showed [As 5s] and won ($1.53) with Pair of Fives and Pair of Treys, Cashout Risk ($0.36)
Seat 4: d4db68a5 showed [Jh 9c] and lost with Pair of Treys
Seat 5: af89b7d2 folded before Flop (didn't bet)
Seat 6: Hero (button) folded before Flop (didn't bet)


Poker Hand #HD1176418703: Hold'em No Limit  ($0.02/$0.05) - 2023/03/26 09:44:39
Table 'NLHBlue2' 6-max Seat #5 is the button
Seat 1: 5ca0ff8c ($5.31 in chips)
Seat 2: 4b710fd8 ($13.92 in chips)
Seat 3: f385e4d4 ($6.24 in chips)
Seat 4: d4db68a5 ($4.22 in chips)
Seat 5: af89b7d2 ($3.45 in chips)
Seat 6: Hero ($5.22 in chips)
Hero: posts small blind $0.02
5ca0ff8c: posts big blind $0.05
4b710fd8: straddle $0.1
*** HOLE CARDS ***
Dealt to 5ca0ff8c 
Dealt to 4b710fd8 
Dealt to f385e4d4 
Dealt to d4db68a5 
Dealt to af89b7d2 
Dealt to Hero [Jd 9d]
f385e4d4: folds
d4db68a5: raises $0.14 to $0.24
af89b7d2: raises $0.33 to $0.57
Hero: folds
5ca0ff8c: folds
4b710fd8: folds
d4db68a5: calls $0.33
*** FLOP *** [As 4s 6c]
d4db68a5: checks
af89b7d2: bets $1.31
d4db68a5: calls $1.31
*** TURN *** [As 4s 6c] [Qd]
d4db68a5: checks
af89b7d2: bets $1.57 and is all-in
d4db68a5: calls $1.57
af89b7d2: shows [Ac Qh] (Pair of Aces and Pair of Queens)
d4db68a5: shows [9s Ts] (Ace-High)
af89b7d2: Chooses to EV Cashout 
*** RIVER *** [As 4s 6c Qd] [2h]
af89b7d2: Pays Cashout Risk ($1.27)
*** SHOWDOWN ***
af89b7d2 collected $6.67 from pot
*** SUMMARY ***
Total pot $7.07 | Rake $0.35 | Jackpot $0.05 | Bingo $0 | Fortune $0
Board [As 4s 6c Qd 2h]
Seat 1: 5ca0ff8c (big blind) folded before Flop
Seat 2: 4b710fd8 folded before Flop
Seat 3: f385e4d4 folded before Flop (didn't bet)
Seat 4: d4db68a5 showed [9s Ts] and lost with Ace-High
Seat 5: af89b7d2 (button) showed [Ac Qh] and won ($6.67) with Pair of Aces and Pair of Queens, Cashout Risk ($1.27)
Seat 6: Hero (small blind) folded before Flop


Poker Hand #HD1176418646: Hold'em No Limit  ($0.02/$0.05) - 2023/03/26 09:44:08
Table 'NLHBlue2' 6-max Seat #4 is the button
Seat 1: 5ca0ff8c ($5.31 in chips)
Seat 2: 4b710fd8 ($14.02 in chips)
Seat 3: f385e4d4 ($6.24 in chips)
Seat 4: d4db68a5 ($4.22 in chips)
Seat 5: af89b7d2 ($3.31 in chips)
Seat 6: Hero ($5.27 in chips)
af89b7d2: posts small blind $0.02
Hero: posts big blind $0.05
4b710fd8: straddle $0.1
*** HOLE CARDS ***
Dealt to 5ca0ff8c 
Dealt to 4b710fd8 
Dealt to f385e4d4 
Dealt to d4db68a5 
Dealt to af89b7d2 
Dealt to Hero [8d Th]
f385e4d4: folds
d4db68a5: folds
af89b7d2: calls $0.08
Hero: folds
5ca0ff8c: folds
4b710fd8: checks
*** FLOP *** [Jd Qc 4c]
af89b7d2: bets $0.19
4b710fd8: folds
Uncalled bet ($0.19) returned to af89b7d2
*** SHOWDOWN ***
af89b7d2 collected $0.24 from pot
*** SUMMARY ***
Total pot $0.25 | Rake $0.01 | Jackpot $0 | Bingo $0 | Fortune $0
Board [Jd Qc 4c]
Seat 1: 5ca0ff8c folded before Flop (didn't bet)
Seat 2: 4b710fd8 folded on the Flop
Seat 3: f385e4d4 folded before Flop (didn't bet)
Seat 4: d4db68a5 (button) folded before Flop (didn't bet)
Seat 5: af89b7d2 (small blind) won ($0.24)
Seat 6: Hero (big blind) folded before Flop


Poker Hand #HD1176418533: Hold'em No Limit  ($0.02/$0.05) - 2023/03/26 09:43:08
Table 'NLHBlue2' 6-max Seat #3 is the button
Seat 1: 5ca0ff8c ($5.31 in chips)
Seat 2: 4b710fd8 ($13.51 in chips)
Seat 3: f385e4d4 ($6.24 in chips)
Seat 4: d4db68a5 ($4.24 in chips)
Seat 5: af89b7d2 ($3.85 in chips)
Seat 6: Hero ($5.27 in chips)
d4db68a5: posts small blind $0.02
af89b7d2: posts big blind $0.05
4b710fd8: straddle $0.1
*** HOLE CARDS ***
Dealt to 5ca0ff8c 
Dealt to 4b710fd8 
Dealt to f385e4d4 
Dealt to d4db68a5 
Dealt to af89b7d2 
Dealt to Hero [2h 3c]
f385e4d4: folds
d4db68a5: folds
af89b7d2: raises $0.11 to $0.21
Hero: folds
5ca0ff8c: folds
4b710fd8: calls $0.11
*** FLOP *** [Tc 8h As]
af89b7d2: checks
4b710fd8: checks
*** TURN *** [Tc 8h As] [9s]
af89b7d2: bets $0.33
4b710fd8: calls $0.33
*** RIVER *** [Tc 8h As 9s] [Qs]
af89b7d2: checks
4b710fd8: checks
af89b7d2: shows [7d Ah] (Pair of Aces)
4b710fd8: shows [Th 9h] (Pair of Tens and Pair of Nines)
*** SHOWDOWN ***
4b710fd8 collected $1.05 from pot
*** SUMMARY ***
Total pot $1.1 | Rake $0.05 | Jackpot $0 | Bingo $0 | Fortune $0
Board [Tc 8h As 9s Qs]
Seat 1: 5ca0ff8c folded before Flop (didn't bet)
Seat 2: 4b710fd8 showed [Th 9h] and won ($1.05) with Pair of Tens and Pair of Nines
Seat 3: f385e4d4 (button) folded before Flop (didn't bet)
Seat 4: d4db68a5 (small blind) folded before Flop
Seat 5: af89b7d2 (big blind) showed [7d Ah] and lost with Pair of Aces
Seat 6: Hero folded before Flop (didn't bet)


Poker Hand #HD1176418433: Hold'em No Limit  ($0.02/$0.05) - 2023/03/26 09:42:22
Table 'NLHBlue2' 6-max Seat #2 is the button
Seat 1: 5ca0ff8c ($5.31 in chips)
Seat 2: 4b710fd8 ($13.61 in chips)
Seat 3: f385e4d4 ($5.55 in chips)
Seat 4: d4db68a5 ($4.9 in chips)
Seat 5: af89b7d2 ($3.85 in chips)
Seat 6: Hero ($5.27 in chips)
f385e4d4: posts small blind $0.02
d4db68a5: posts big blind $0.05
4b710fd8: straddle $0.1
*** HOLE CARDS ***
Dealt to 5ca0ff8c 
Dealt to 4b710fd8 
Dealt to f385e4d4 
Dealt to d4db68a5 
Dealt to af89b7d2 
Dealt to Hero [2h Js]
f385e4d4: raises $0.15 to $0.25
d4db68a5: calls $0.2
af89b7d2: folds
Hero: folds
5ca0ff8c: folds
4b710fd8: folds
*** FLOP *** [Ts 4c 3h]
f385e4d4: bets $0.41
d4db68a5: calls $0.41
*** TURN *** [Ts 4c 3h] [4d]
f385e4d4: bets $1.07
d4db68a5: folds
Uncalled bet ($1.07) returned to f385e4d4
*** SHOWDOWN ***
f385e4d4 collected $1.35 from pot
*** SUMMARY ***
Total pot $1.42 | Rake $0.07 | Jackpot $0 | Bingo $0 | Fortune $0
Board [Ts 4c 3h 4d]
Seat 1: 5ca0ff8c folded before Flop (didn't bet)
Seat 2: 4b710fd8 (button) folded before Flop
Seat 3: f385e4d4 (small blind) won ($1.35)
Seat 4: d4db68a5 (big blind) folded on the Turn
Seat 5: af89b7d2 folded before Flop (didn't bet)
Seat 6: Hero folded before Flop (didn't bet)


Poker Hand #HD1176418365: Hold'em No Limit  ($0.02/$0.05) - 2023/03/26 09:41:47
Table 'NLHBlue2' 6-max Seat #1 is the button
Seat 1: 5ca0ff8c ($5.31 in chips)
Seat 2: 4b710fd8 ($13.71 in chips)
Seat 3: f385e4d4 ($5.65 in chips)
Seat 4: d4db68a5 ($5 in chips)
Seat 5: af89b7d2 ($3.57 in chips)
Seat 6: Hero ($5.27 in chips)
4b710fd8: posts small blind $0.02
f385e4d4: posts big blind $0.05
d4db68a5: posts big blind $0.05
4b710fd8: straddle $0.1
*** HOLE CARDS ***
Dealt to 5ca0ff8c 
Dealt to 4b710fd8 
Dealt to f385e4d4 
Dealt to d4db68a5 
Dealt to af89b7d2 
Dealt to Hero [Ac Jh]
f385e4d4: calls $0.05
d4db68a5: calls $0.05
af89b7d2: raises $0.4 to $0.5
Hero: folds
5ca0ff8c: folds
4b710fd8: folds
f385e4d4: folds
d4db68a5: folds
Uncalled bet ($0.4) returned to af89b7d2
*** SHOWDOWN ***
af89b7d2 collected $0.38 from pot
*** SUMMARY ***
Total pot $0.4 | Rake $0.02 | Jackpot $0 | Bingo $0 | Fortune $0
Seat 1: 5ca0ff8c (button) folded before Flop (didn't bet)
Seat 2: 4b710fd8 (small blind) folded before Flop
Seat 3: f385e4d4 (big blind) folded before Flop
Seat 4: d4db68a5 folded before Flop
Seat 5: af89b7d2 collected ($0.38)
Seat 6: Hero folded before Flop (didn't bet)


Poker Hand #HD1176418257: Hold'em No Limit  ($0.02/$0.05) - 2023/03/26 09:40:54
Table 'NLHBlue2' 6-max Seat #6 is the button
Seat 1: 5ca0ff8c ($5.33 in chips)
Seat 2: 4b710fd8 ($12.74 in chips)
Seat 3: f385e4d4 ($5.65 in chips)
Seat 4: e24f1732 ($1.59 in chips)
Seat 5: af89b7d2 ($4.68 in chips)
Seat 6: Hero ($5.27 in chips)
5ca0ff8c: posts small blind $0.02
4b710fd8: posts big blind $0.05
4b710fd8: straddle $0.1
*** HOLE CARDS ***
Dealt to 5ca0ff8c 
Dealt to 4b710fd8 
Dealt to f385e4d4 
Dealt to e24f1732 
Dealt to af89b7d2 
Dealt to Hero [2s 2d]
f385e4d4: folds
e24f1732: folds
af89b7d2: raises $0.17 to $0.27
Hero: folds
5ca0ff8c: folds
4b710fd8: raises $0.84 to $1.11
af89b7d2: calls $0.84
*** FLOP *** [6h 9s 2h]
4b710fd8: bets $1.17
af89b7d2: folds
Uncalled bet ($1.17) returned to 4b710fd8
*** SHOWDOWN ***
4b710fd8 collected $2.08 from pot
*** SUMMARY ***
Total pot $2.24 | Rake $0.11 | Jackpot $0.05 | Bingo $0 | Fortune $0
Board [6h 9s 2h]
Seat 1: 5ca0ff8c (small blind) folded before Flop
Seat 2: 4b710fd8 (big blind) won ($2.08)
Seat 3: f385e4d4 folded before Flop (didn't bet)
Seat 4: e24f1732 folded before Flop (didn't bet)
Seat 5: af89b7d2 folded on the Flop
Seat 6: Hero (button) folded before Flop (didn't bet)


Poker Hand #HD1176418165: Hold'em No Limit  ($0.02/$0.05) - 2023/03/26 09:40:06
Table 'NLHBlue2' 6-max Seat #5 is the button
Seat 1: 5ca0ff8c ($5.38 in chips)
Seat 2: 4b710fd8 ($12.84 in chips)
Seat 3: f385e4d4 ($5.65 in chips)
Seat 4: e24f1732 ($1.59 in chips)
Seat 5: af89b7d2 ($4.52 in chips)
Seat 6: Hero ($5.29 in chips)
Hero: posts small blind $0.02
5ca0ff8c: posts big blind $0.05
4b710fd8: straddle $0.1
*** HOLE CARDS ***
Dealt to 5ca0ff8c 
Dealt to 4b710fd8 
Dealt to f385e4d4 
Dealt to e24f1732 
Dealt to af89b7d2 
Dealt to Hero [Tc 7h]
f385e4d4: folds
e24f1732: folds
af89b7d2: raises $0.21 to $0.31
Hero: folds
5ca0ff8c: folds
4b710fd8: folds
Uncalled bet ($0.21) returned to af89b7d2
*** SHOWDOWN ***
af89b7d2 collected $0.26 from pot
*** SUMMARY ***
Total pot $0.27 | Rake $0.01 | Jackpot $0 | Bingo $0 | Fortune $0
Seat 1: 5ca0ff8c (big blind) folded before Flop
Seat 2: 4b710fd8 folded before Flop
Seat 3: f385e4d4 folded before Flop (didn't bet)
Seat 4: e24f1732 folded before Flop (didn't bet)
Seat 5: af89b7d2 (button) collected ($0.26)
Seat 6: Hero (small blind) folded before Flop


Poker Hand #HD1176418067: Hold'em No Limit  ($0.02/$0.05) - 2023/03/26 09:39:23
Table 'NLHBlue2' 6-max Seat #4 is the button
Seat 1: 5ca0ff8c ($5 in chips)
Seat 2: 4b710fd8 ($12.94 in chips)
Seat 3: f385e4d4 ($5.65 in chips)
Seat 4: e24f1732 ($1.69 in chips)
Seat 5: af89b7d2 ($4.62 in chips)
Seat 6: Hero ($5.39 in chips)
af89b7d2: posts small blind $0.02
Hero: posts big blind $0.05
4b710fd8: straddle $0.1
*** HOLE CARDS ***
Dealt to 5ca0ff8c 
Dealt to 4b710fd8 
Dealt to f385e4d4 
Dealt to e24f1732 
Dealt to af89b7d2 
Dealt to Hero [As 6s]
f385e4d4: folds
e24f1732: calls $0.1
af89b7d2: calls $0.08
Hero: calls $0.05
5ca0ff8c: raises $0.65 to $0.75
4b710fd8: folds
e24f1732: folds
af89b7d2: folds
Hero: folds
Uncalled bet ($0.65) returned to 5ca0ff8c
*** SHOWDOWN ***
5ca0ff8c collected $0.48 from pot
*** SUMMARY ***
Total pot $0.5 | Rake $0.02 | Jackpot $0 | Bingo $0 | Fortune $0
Seat 1: 5ca0ff8c collected ($0.48)
Seat 2: 4b710fd8 folded before Flop
Seat 3: f385e4d4 folded before Flop (didn't bet)
Seat 4: e24f1732 (button) folded before Flop
Seat 5: af89b7d2 (small blind) folded before Flop
Seat 6: Hero (big blind) folded before Flop


Poker Hand #HD1176417998: Hold'em No Limit  ($0.02/$0.05) - 2023/03/26 09:38:47
Table 'NLHBlue2' 6-max Seat #3 is the button
Seat 1: 5ca0ff8c ($5 in chips)
Seat 2: 4b710fd8 ($13.04 in chips)
Seat 3: f385e4d4 ($5.65 in chips)
Seat 4: e24f1732 ($1.71 in chips)
Seat 5: af89b7d2 ($4.82 in chips)
Seat 6: Hero ($5.09 in chips)
e24f1732: posts small blind $0.02
af89b7d2: posts big blind $0.05
4b710fd8: straddle $0.1
af89b7d2: straddle $0.2
*** HOLE CARDS ***
Dealt to 5ca0ff8c 
Dealt to 4b710fd8 
Dealt to f385e4d4 
Dealt to e24f1732 
Dealt to af89b7d2 
Dealt to Hero [9s 9d]
Hero: raises $0.4 to $0.6
5ca0ff8c: folds
4b710fd8: folds
f385e4d4: folds
e24f1732: folds
af89b7d2: folds
Uncalled bet ($0.4) returned to Hero
*** SHOWDOWN ***
Hero collected $0.5 from pot
*** SUMMARY ***
Total pot $0.52 | Rake $0.02 | Jackpot $0 | Bingo $0 | Fortune $0
Seat 1: 5ca0ff8c folded before Flop (didn't bet)
Seat 2: 4b710fd8 folded before Flop
Seat 3: f385e4d4 (button) folded before Flop (didn't bet)
Seat 4: e24f1732 (small blind) folded before Flop
Seat 5: af89b7d2 (big blind) folded before Flop
Seat 6: Hero collected ($0.5)


Poker Hand #HD1176417842: Hold'em No Limit  ($0.02/$0.05) - 2023/03/26 09:37:32
Table 'NLHBlue2' 6-max Seat #2 is the button
Seat 1: 5ca0ff8c ($5 in chips)
Seat 2: 4b710fd8 ($13.14 in chips)
Seat 3: f385e4d4 ($5.67 in chips)
Seat 4: e24f1732 ($1.76 in chips)
Seat 5: af89b7d2 ($3.48 in chips)
Seat 6: Hero ($5.09 in chips)
f385e4d4: posts small blind $0.02
e24f1732: posts big blind $0.05
4b710fd8: straddle $0.1
af89b7d2: straddle $0.2
*** HOLE CARDS ***
Dealt to 5ca0ff8c 
Dealt to 4b710fd8 
Dealt to f385e4d4 
Dealt to e24f1732 
Dealt to af89b7d2 
Dealt to Hero [Kh Tc]
Hero: folds
5ca0ff8c: raises $0.4 to $0.6
4b710fd8: folds
f385e4d4: folds
e24f1732: folds
af89b7d2: calls $0.4
*** FLOP *** [5c 6h 7c]
af89b7d2: checks
5ca0ff8c: bets $0.76
af89b7d2: calls $0.76
*** TURN *** [5c 6h 7c] [3s]
af89b7d2: checks
5ca0ff8c: checks
*** RIVER *** [5c 6h 7c 3s] [3d]
af89b7d2: checks
5ca0ff8c: checks
af89b7d2: shows [Jd 5d] (Pair of Fives and Pair of Treys)
5ca0ff8c: shows [Ks Ah] (Pair of Treys)
*** SHOWDOWN ***
af89b7d2 collected $2.7 from pot
*** SUMMARY ***
Total pot $2.89 | Rake $0.14 | Jackpot $0.05 | Bingo $0 | Fortune $0
Board [5c 6h 7c 3s 3d]
Seat 1: 5ca0ff8c showed [Ks Ah] and lost with Pair of Treys
Seat 2: 4b710fd8 (button) folded before Flop
Seat 3: f385e4d4 (small blind) folded before Flop
Seat 4: e24f1732 (big blind) folded before Flop
Seat 5: af89b7d2 showed [Jd 5d] and won ($2.7) with Pair of Fives and Pair of Treys
Seat 6: Hero folded before Flop (didn't bet)


Poker Hand #HD1176417761: Hold'em No Limit  ($0.02/$0.05) - 2023/03/26 09:36:52
Table 'NLHBlue2' 6-max Seat #1 is the button
Seat 1: 5ca0ff8c ($5 in chips)
Seat 2: 4b710fd8 ($13.24 in chips)
Seat 3: f385e4d4 ($5.05 in chips)
Seat 4: e24f1732 ($1.76 in chips)
Seat 5: af89b7d2 ($4.06 in chips)
Seat 6: Hero ($5.09 in chips)
4b710fd8: posts small blind $0.02
f385e4d4: posts big blind $0.05
4b710fd8: straddle $0.1
af89b7d2: straddle $0.2
*** HOLE CARDS ***
Dealt to 5ca0ff8c 
Dealt to 4b710fd8 
Dealt to f385e4d4 
Dealt to e24f1732 
Dealt to af89b7d2 
Dealt to Hero [2c Ts]
Hero: folds
5ca0ff8c: folds
4b710fd8: folds
f385e4d4: raises $0.38 to $0.58
e24f1732: folds
af89b7d2: calls $0.38
*** FLOP *** [4h Qd Qs]
f385e4d4: bets $4.47 and is all-in
af89b7d2: folds
Uncalled bet ($4.47) returned to f385e4d4
*** SHOWDOWN ***
f385e4d4 collected $1.2 from pot
*** SUMMARY ***
Total pot $1.26 | Rake $0.06 | Jackpot $0 | Bingo $0 | Fortune $0
Board [4h Qd Qs]
Seat 1: 5ca0ff8c (button) folded before Flop (didn't bet)
Seat 2: 4b710fd8 (small blind) folded before Flop
Seat 3: f385e4d4 (big blind) won ($1.2)
Seat 4: e24f1732 folded before Flop (didn't bet)
Seat 5: af89b7d2 folded on the Flop
Seat 6: Hero folded before Flop (didn't bet)


Poker Hand #HD1176417656: Hold'em No Limit  ($0.02/$0.05) - 2023/03/26 09:36:06
Table 'NLHBlue2' 6-max Seat #6 is the button
Seat 1: 5ca0ff8c ($5 in chips)
Seat 2: 4b710fd8 ($13.44 in chips)
Seat 3: f385e4d4 ($5.25 in chips)
Seat 4: e24f1732 ($1.76 in chips)
Seat 5: af89b7d2 ($3.67 in chips)
Seat 6: Hero ($5.09 in chips)
5ca0ff8c: posts small blind $0.02
4b710fd8: posts big blind $0.05
4b710fd8: straddle $0.1
af89b7d2: straddle $0.2
*** HOLE CARDS ***
Dealt to 5ca0ff8c 
Dealt to 4b710fd8 
Dealt to f385e4d4 
Dealt to e24f1732 
Dealt to af89b7d2 
Dealt to Hero [8h 9s]
Hero: folds
5ca0ff8c: folds
4b710fd8: calls $0.1
f385e4d4: calls $0.2
e24f1732: folds
af89b7d2: checks
*** FLOP *** [5s Ah Qs]
4b710fd8: checks
f385e4d4: checks
af89b7d2: bets $0.31
4b710fd8: folds
f385e4d4: folds
Uncalled bet ($0.31) returned to af89b7d2
*** SHOWDOWN ***
af89b7d2 collected $0.59 from pot
*** SUMMARY ***
Total pot $0.62 | Rake $0.03 | Jackpot $0 | Bingo $0 | Fortune $0
Board [5s Ah Qs]
Seat 1: 5ca0ff8c (small blind) folded before Flop
Seat 2: 4b710fd8 (big blind) folded on the Flop
Seat 3: f385e4d4 folded on the Flop
Seat 4: e24f1732 folded before Flop (didn't bet)
Seat 5: af89b7d2 won ($0.59)
Seat 6: Hero (button) folded before Flop (didn't bet)


Poker Hand #HD1176417574: Hold'em No Limit  ($0.02/$0.05) - 2023/03/26 09:35:25
Table 'NLHBlue2' 6-max Seat #5 is the button
Seat 1: 5ca0ff8c ($5 in chips)
Seat 2: 4b710fd8 ($13.54 in chips)
Seat 3: f385e4d4 ($4.86 in chips)
Seat 4: e24f1732 ($1.81 in chips)
Seat 5: af89b7d2 ($3.87 in chips)
Seat 6: Hero ($5.11 in chips)
Hero: posts small blind $0.02
5ca0ff8c: posts big blind $0.05
e24f1732: posts big blind $0.05
4b710fd8: straddle $0.1
af89b7d2: straddle $0.2
*** HOLE CARDS ***
Dealt to 5ca0ff8c 
Dealt to 4b710fd8 
Dealt to f385e4d4 
Dealt to e24f1732 
Dealt to af89b7d2 
Dealt to Hero [2d 6s]
Hero: folds
5ca0ff8c: folds
4b710fd8: folds
f385e4d4: raises $0.62 to $0.82
e24f1732: folds
af89b7d2: folds
Uncalled bet ($0.62) returned to f385e4d4
*** SHOWDOWN ***
f385e4d4 collected $0.59 from pot
*** SUMMARY ***
Total pot $0.62 | Rake $0.03 | Jackpot $0 | Bingo $0 | Fortune $0
Seat 1: 5ca0ff8c (big blind) folded before Flop
Seat 2: 4b710fd8 folded before Flop
Seat 3: f385e4d4 collected ($0.59)
Seat 4: e24f1732 folded before Flop
Seat 5: af89b7d2 (button) folded before Flop
Seat 6: Hero (small blind) folded before Flop


Poker Hand #HD1176417507: Hold'em No Limit  ($0.02/$0.05) - 2023/03/26 09:34:53
Table 'NLHBlue2' 6-max Seat #3 is the button
Seat 1: 5ca0ff8c ($5 in chips)
Seat 2: 4b710fd8 ($13.64 in chips)
Seat 3: f385e4d4 ($4.86 in chips)
Seat 5: af89b7d2 ($3.89 in chips)
Seat 6: Hero ($5 in chips)
af89b7d2: posts small blind $0.02
Hero: posts big blind $0.05
4b710fd8: straddle $0.1
*** HOLE CARDS ***
Dealt to 5ca0ff8c 
Dealt to 4b710fd8 
Dealt to f385e4d4 
Dealt to af89b7d2 
Dealt to Hero [Ah Qc]
f385e4d4: folds
af89b7d2: folds
Hero: raises $0.18 to $0.28
5ca0ff8c: folds
4b710fd8: folds
Uncalled bet ($0.18) returned to Hero
*** SHOWDOWN ***
Hero collected $0.21 from pot
*** SUMMARY ***
Total pot $0.22 | Rake $0.01 | Jackpot $0 | Bingo $0 | Fortune $0
Seat 1: 5ca0ff8c folded before Flop (didn't bet)
Seat 2: 4b710fd8 folded before Flop
Seat 3: f385e4d4 (button) folded before Flop (didn't bet)
Seat 5: af89b7d2 (small blind) folded before Flop
Seat 6: Hero (big blind) collected ($0.21)


