Poker Hand #HD1176456034: Hold'em No Limit  ($0.02/$0.05) - 2023/03/26 10:09:41
Table 'NLHBlue68' 6-max Seat #2 is the button
Seat 1: 5a90bf72 ($7.43 in chips)
Seat 2: 916e4db9 ($5.56 in chips)
Seat 3: d9aabea8 ($6.61 in chips)
Seat 4: 934c9f25 ($2.77 in chips)
Seat 5: b3913e94 ($5 in chips)
Seat 6: Hero ($8.47 in chips)
d9aabea8: posts small blind $0.02
934c9f25: posts big blind $0.05
*** HOLE CARDS ***
Dealt to 5a90bf72 
Dealt to 916e4db9 
Dealt to d9aabea8 
Dealt to 934c9f25 
Dealt to b3913e94 
Dealt to Hero [5s 2s]
b3913e94: folds
Hero: folds
5a90bf72: folds
916e4db9: folds
d9aabea8: folds
Uncalled bet ($0.03) returned to 934c9f25
*** SHOWDOWN ***
934c9f25 collected $0.04 from pot
*** SUMMARY ***
Total pot $0.04 | Rake $0 | Jackpot $0 | Bingo $0 | Fortune $0
Seat 1: 5a90bf72 folded before Flop (didn't bet)
Seat 2: 916e4db9 (button) folded before Flop (didn't bet)
Seat 3: d9aabea8 (small blind) folded before Flop
Seat 4: 934c9f25 (big blind) collected ($0.04)
Seat 5: b3913e94 folded before Flop (didn't bet)
Seat 6: Hero folded before Flop (didn't bet)


Poker Hand #HD1176456008: Hold'em No Limit  ($0.02/$0.05) - 2023/03/26 10:09:28
Table 'NLHBlue68' 6-max Seat #1 is the button
Seat 1: 5a90bf72 ($7.36 in chips)
Seat 2: 916e4db9 ($5.58 in chips)
Seat 3: d9aabea8 ($6.66 in chips)
Seat 4: 934c9f25 ($2.77 in chips)
Seat 5: b3913e94 ($5 in chips)
Seat 6: Hero ($8.47 in chips)
916e4db9: posts small blind $0.02
d9aabea8: posts big blind $0.05
*** HOLE CARDS ***
Dealt to 5a90bf72 
Dealt to 916e4db9 
Dealt to d9aabea8 
Dealt to 934c9f25 
Dealt to b3913e94 
Dealt to Hero [Ts 5h]
934c9f25: folds
b3913e94: folds
Hero: folds
5a90bf72: raises $0.1 to $0.15
916e4db9: folds
d9aabea8: folds
Uncalled bet ($0.1) returned to 5a90bf72
*** SHOWDOWN ***
5a90bf72 collected $0.12 from pot
*** SUMMARY ***
Total pot $0.12 | Rake $0 | Jackpot $0 | Bingo $0 | Fortune $0
Seat 1: 5a90bf72 (button) collected ($0.12)
Seat 2: 916e4db9 (small blind) folded before Flop
Seat 3: d9aabea8 (big blind) folded before Flop
Seat 4: 934c9f25 folded before Flop (didn't bet)
Seat 5: b3913e94 folded before Flop (didn't bet)
Seat 6: Hero folded before Flop (didn't bet)


Poker Hand #HD1176455945: Hold'em No Limit  ($0.02/$0.05) - 2023/03/26 10:09:01
Table 'NLHBlue68' 6-max Seat #6 is the button
Seat 1: 5a90bf72 ($7.48 in chips)
Seat 2: 916e4db9 ($5.63 in chips)
Seat 3: d9aabea8 ($6.66 in chips)
Seat 4: 934c9f25 ($2.77 in chips)
Seat 5: b3913e94 ($5 in chips)
Seat 6: Hero ($8.31 in chips)
5a90bf72: posts small blind $0.02
916e4db9: posts big blind $0.05
*** HOLE CARDS ***
Dealt to 5a90bf72 
Dealt to 916e4db9 
Dealt to d9aabea8 
Dealt to 934c9f25 
Dealt to b3913e94 
Dealt to Hero [9c Jc]
d9aabea8: folds
934c9f25: folds
b3913e94: folds
Hero: raises $0.07 to $0.12
5a90bf72: calls $0.1
916e4db9: folds
*** FLOP *** [8c Qd 3s]
5a90bf72: checks
Hero: checks
*** TURN *** [8c Qd 3s] [Ac]
5a90bf72: checks
Hero: bets $0.22
5a90bf72: folds
Uncalled bet ($0.22) returned to Hero
*** SHOWDOWN ***
Hero collected $0.28 from pot
*** SUMMARY ***
Total pot $0.29 | Rake $0.01 | Jackpot $0 | Bingo $0 | Fortune $0
Board [8c Qd 3s Ac]
Seat 1: 5a90bf72 (small blind) folded on the Turn
Seat 2: 916e4db9 (big blind) folded before Flop
Seat 3: d9aabea8 folded before Flop (didn't bet)
Seat 4: 934c9f25 folded before Flop (didn't bet)
Seat 5: b3913e94 folded before Flop (didn't bet)
Seat 6: Hero (button) won ($0.28)


Poker Hand #HD1176455870: Hold'em No Limit  ($0.02/$0.05) - 2023/03/26 10:08:24
Table 'NLHBlue68' 6-max Seat #5 is the button
Seat 1: 5a90bf72 ($8.29 in chips)
Seat 2: 916e4db9 ($4.93 in chips)
Seat 3: d9aabea8 ($6.66 in chips)
Seat 4: 934c9f25 ($2.77 in chips)
Seat 5: b3913e94 ($5 in chips)
Seat 6: Hero ($8.33 in chips)
Hero: posts small blind $0.02
5a90bf72: posts big blind $0.05
*** HOLE CARDS ***
Dealt to 5a90bf72 
Dealt to 916e4db9 
Dealt to d9aabea8 
Dealt to 934c9f25 
Dealt to b3913e94 
Dealt to Hero [7s 8d]
916e4db9: raises $0.08 to $0.13
d9aabea8: folds
934c9f25: folds
b3913e94: folds
Hero: folds
5a90bf72: calls $0.08
*** FLOP *** [Jc Qs 5h]
5a90bf72: checks
916e4db9: bets $0.1
5a90bf72: calls $0.1
*** TURN *** [Jc Qs 5h] [2h]
5a90bf72: checks
916e4db9: bets $0.17
5a90bf72: raises $0.41 to $0.58
916e4db9: calls $0.41
*** RIVER *** [Jc Qs 5h 2h] [9d]
5a90bf72: checks
916e4db9: checks
5a90bf72: shows [5c Tc] (Pair of Fives)
916e4db9: shows [Ah As] (Pair of Aces)
*** SHOWDOWN ***
916e4db9 collected $1.51 from pot
*** SUMMARY ***
Total pot $1.64 | Rake $0.08 | Jackpot $0.05 | Bingo $0 | Fortune $0
Board [Jc Qs 5h 2h 9d]
Seat 1: 5a90bf72 (big blind) showed [5c Tc] and lost with Pair of Fives
Seat 2: 916e4db9 showed [Ah As] and won ($1.51) with Pair of Aces
Seat 3: d9aabea8 folded before Flop (didn't bet)
Seat 4: 934c9f25 folded before Flop (didn't bet)
Seat 5: b3913e94 (button) folded before Flop (didn't bet)
Seat 6: Hero (small blind) folded before Flop


Poker Hand #HD1176455808: Hold'em No Limit  ($0.02/$0.05) - 2023/03/26 10:08:01
Table 'NLHBlue68' 6-max Seat #4 is the button
Seat 1: 5a90bf72 ($8.29 in chips)
Seat 2: 916e4db9 ($4.93 in chips)
Seat 3: d9aabea8 ($6.66 in chips)
Seat 4: 934c9f25 ($2.77 in chips)
Seat 5: b3913e94 ($5 in chips)
Seat 6: Hero ($8.31 in chips)
b3913e94: posts small blind $0.02
Hero: posts big blind $0.05
*** HOLE CARDS ***
Dealt to 5a90bf72 
Dealt to 916e4db9 
Dealt to d9aabea8 
Dealt to 934c9f25 
Dealt to b3913e94 
Dealt to Hero [7c 6s]
5a90bf72: folds
916e4db9: folds
d9aabea8: folds
934c9f25: folds
b3913e94: folds
Uncalled bet ($0.03) returned to Hero
*** SHOWDOWN ***
Hero collected $0.04 from pot
*** SUMMARY ***
Total pot $0.04 | Rake $0 | Jackpot $0 | Bingo $0 | Fortune $0
Seat 1: 5a90bf72 folded before Flop (didn't bet)
Seat 2: 916e4db9 folded before Flop (didn't bet)
Seat 3: d9aabea8 folded before Flop (didn't bet)
Seat 4: 934c9f25 (button) folded before Flop (didn't bet)
Seat 5: b3913e94 (small blind) folded before Flop
Seat 6: Hero (big blind) collected ($0.04)


Poker Hand #HD1176455755: Hold'em No Limit  ($0.02/$0.05) - 2023/03/26 10:07:38
Table 'NLHBlue68' 6-max Seat #3 is the button
Seat 1: 5a90bf72 ($8.29 in chips)
Seat 2: 916e4db9 ($4.93 in chips)
Seat 3: d9aabea8 ($6.49 in chips)
Seat 4: 934c9f25 ($2.9 in chips)
Seat 5: b3913e94 ($5 in chips)
Seat 6: Hero ($8.31 in chips)
934c9f25: posts small blind $0.02
b3913e94: posts big blind $0.05
*** HOLE CARDS ***
Dealt to 5a90bf72 
Dealt to 916e4db9 
Dealt to d9aabea8 
Dealt to 934c9f25 
Dealt to b3913e94 
Dealt to Hero [4h 5h]
Hero: folds
5a90bf72: folds
916e4db9: folds
d9aabea8: raises $0.08 to $0.13
934c9f25: calls $0.11
b3913e94: folds
*** FLOP *** [9c Td 7c]
934c9f25: checks
d9aabea8: bets $0.16
934c9f25: folds
Uncalled bet ($0.16) returned to d9aabea8
*** SHOWDOWN ***
d9aabea8 collected $0.3 from pot
*** SUMMARY ***
Total pot $0.31 | Rake $0.01 | Jackpot $0 | Bingo $0 | Fortune $0
Board [9c Td 7c]
Seat 1: 5a90bf72 folded before Flop (didn't bet)
Seat 2: 916e4db9 folded before Flop (didn't bet)
Seat 3: d9aabea8 (button) won ($0.3)
Seat 4: 934c9f25 (small blind) folded on the Flop
Seat 5: b3913e94 (big blind) folded before Flop
Seat 6: Hero folded before Flop (didn't bet)


Poker Hand #HD1176455723: Hold'em No Limit  ($0.02/$0.05) - 2023/03/26 10:07:26
Table 'NLHBlue68' 6-max Seat #2 is the button
Seat 1: 5a90bf72 ($8.29 in chips)
Seat 2: 916e4db9 ($4.93 in chips)
Seat 3: d9aabea8 ($6.51 in chips)
Seat 4: 934c9f25 ($2.95 in chips)
Seat 5: b3913e94 ($5 in chips)
Seat 6: Hero ($8.24 in chips)
d9aabea8: posts small blind $0.02
934c9f25: posts big blind $0.05
*** HOLE CARDS ***
Dealt to 5a90bf72 
Dealt to 916e4db9 
Dealt to d9aabea8 
Dealt to 934c9f25 
Dealt to b3913e94 
Dealt to Hero [Ah Qh]
b3913e94: folds
Hero: raises $0.07 to $0.12
5a90bf72: folds
916e4db9: folds
d9aabea8: folds
934c9f25: folds
Uncalled bet ($0.07) returned to Hero
*** SHOWDOWN ***
Hero collected $0.12 from pot
*** SUMMARY ***
Total pot $0.12 | Rake $0 | Jackpot $0 | Bingo $0 | Fortune $0
Seat 1: 5a90bf72 folded before Flop (didn't bet)
Seat 2: 916e4db9 (button) folded before Flop (didn't bet)
Seat 3: d9aabea8 (small blind) folded before Flop
Seat 4: 934c9f25 (big blind) folded before Flop
Seat 5: b3913e94 folded before Flop (didn't bet)
Seat 6: Hero collected ($0.12)


Poker Hand #HD1176385614: Hold'em No Limit  ($0.02/$0.05) - 2023/03/26 10:06:38
Table 'NLHBlue68' 6-max Seat #1 is the button
Seat 1: 5a90bf72 ($8.57 in chips)
Seat 2: 916e4db9 ($4.95 in chips)
Seat 3: d9aabea8 ($6.56 in chips)
Seat 4: 934c9f25 ($2.95 in chips)
Seat 5: b3913e94 ($5 in chips)
Seat 6: Hero ($7.92 in chips)
916e4db9: posts small blind $0.02
d9aabea8: posts big blind $0.05
*** HOLE CARDS ***
Dealt to 5a90bf72 
Dealt to 916e4db9 
Dealt to d9aabea8 
Dealt to 934c9f25 
Dealt to b3913e94 
Dealt to Hero [Qc Jc]
934c9f25: folds
b3913e94: folds
Hero: raises $0.07 to $0.12
5a90bf72: calls $0.12
916e4db9: folds
d9aabea8: folds
*** FLOP *** [8c Qs 4d]
Hero: bets $0.16
5a90bf72: calls $0.16
*** TURN *** [8c Qs 4d] [9d]
Hero: bets $0.32
5a90bf72: folds
Uncalled bet ($0.32) returned to Hero
*** SHOWDOWN ***
Hero collected $0.6 from pot
*** SUMMARY ***
Total pot $0.63 | Rake $0.03 | Jackpot $0 | Bingo $0 | Fortune $0
Board [8c Qs 4d 9d]
Seat 1: 5a90bf72 (button) folded on the Turn
Seat 2: 916e4db9 (small blind) folded before Flop
Seat 3: d9aabea8 (big blind) folded before Flop
Seat 4: 934c9f25 folded before Flop (didn't bet)
Seat 5: b3913e94 folded before Flop (didn't bet)
Seat 6: Hero won ($0.6)


Poker Hand #HD1176385550: Hold'em No Limit  ($0.02/$0.05) - 2023/03/26 10:06:09
Table 'NLHBlue68' 6-max Seat #6 is the button
Seat 1: 5a90bf72 ($8.59 in chips)
Seat 2: 916e4db9 ($5 in chips)
Seat 3: d9aabea8 ($6.25 in chips)
Seat 4: 934c9f25 ($3.08 in chips)
Seat 5: b3913e94 ($5 in chips)
Seat 6: Hero ($8.05 in chips)
5a90bf72: posts small blind $0.02
916e4db9: posts big blind $0.05
*** HOLE CARDS ***
Dealt to 5a90bf72 
Dealt to 916e4db9 
Dealt to d9aabea8 
Dealt to 934c9f25 
Dealt to b3913e94 
Dealt to Hero [Ad Qh]
d9aabea8: raises $0.08 to $0.13
934c9f25: calls $0.13
b3913e94: folds
Hero: calls $0.13
5a90bf72: folds
916e4db9: folds
*** FLOP *** [6c 8d Kc]
d9aabea8: bets $0.23
934c9f25: folds
Hero: folds
Uncalled bet ($0.23) returned to d9aabea8
*** SHOWDOWN ***
d9aabea8 collected $0.44 from pot
*** SUMMARY ***
Total pot $0.46 | Rake $0.02 | Jackpot $0 | Bingo $0 | Fortune $0
Board [6c 8d Kc]
Seat 1: 5a90bf72 (small blind) folded before Flop
Seat 2: 916e4db9 (big blind) folded before Flop
Seat 3: d9aabea8 won ($0.44)
Seat 4: 934c9f25 folded on the Flop
Seat 5: b3913e94 folded before Flop (didn't bet)
Seat 6: Hero (button) folded on the Flop


Poker Hand #HD1176385488: Hold'em No Limit  ($0.02/$0.05) - 2023/03/26 10:05:44
Table 'NLHBlue68' 6-max Seat #5 is the button
Seat 1: 5a90bf72 ($8.74 in chips)
Seat 3: d9aabea8 ($6.25 in chips)
Seat 4: 934c9f25 ($2.78 in chips)
Seat 5: b3913e94 ($5.03 in chips)
Seat 6: Hero ($8.07 in chips)
Hero: posts small blind $0.02
5a90bf72: posts big blind $0.05
*** HOLE CARDS ***
Dealt to 5a90bf72 
Dealt to d9aabea8 
Dealt to 934c9f25 
Dealt to b3913e94 
Dealt to Hero [6h 4h]
d9aabea8: folds
934c9f25: raises $0.1 to $0.15
b3913e94: calls $0.15
Hero: folds
5a90bf72: calls $0.1
*** FLOP *** [2h 3c Qh]
5a90bf72: checks
934c9f25: bets $0.16
b3913e94: folds
5a90bf72: folds
Uncalled bet ($0.16) returned to 934c9f25
*** SHOWDOWN ***
934c9f25 collected $0.45 from pot
*** SUMMARY ***
Total pot $0.47 | Rake $0.02 | Jackpot $0 | Bingo $0 | Fortune $0
Board [2h 3c Qh]
Seat 1: 5a90bf72 (big blind) folded on the Flop
Seat 3: d9aabea8 folded before Flop (didn't bet)
Seat 4: 934c9f25 won ($0.45)
Seat 5: b3913e94 (button) folded on the Flop
Seat 6: Hero (small blind) folded before Flop


Poker Hand #HD1176385377: Hold'em No Limit  ($0.02/$0.05) - 2023/03/26 10:04:50
Table 'NLHBlue68' 6-max Seat #4 is the button
Seat 1: 5a90bf72 ($8.74 in chips)
Seat 3: d9aabea8 ($6.25 in chips)
Seat 4: 934c9f25 ($5.23 in chips)
Seat 5: b3913e94 ($5.05 in chips)
Seat 6: Hero ($5.89 in chips)
b3913e94: posts small blind $0.02
Hero: posts big blind $0.05
*** HOLE CARDS ***
Dealt to 5a90bf72 
Dealt to d9aabea8 
Dealt to 934c9f25 
Dealt to b3913e94 
Dealt to Hero [Ad Ac]
5a90bf72: folds
d9aabea8: folds
934c9f25: raises $0.05 to $0.1
b3913e94: folds
Hero: raises $0.26 to $0.36
934c9f25: calls $0.26
*** FLOP *** [9d 9s 9h]
Hero: bets $0.37
934c9f25: calls $0.37
*** TURN *** [9d 9s 9h] [4h]
Hero: checks
934c9f25: bets $0.74
Hero: calls $0.74
*** RIVER *** [9d 9s 9h 4h] [Js]
Hero: bets $0.98
934c9f25: calls $0.98
Hero: shows [Ad Ac] (Nines Full over Aces)
934c9f25: shows [2c 2d] (Nines Full over Twos)
5a90bf72: shows [9c] (Four Nines)
*** SHOWDOWN ***
Hero collected $4.63 from pot
*** SUMMARY ***
Total pot $4.92 | Rake $0.24 | Jackpot $0.05 | Bingo $0 | Fortune $0
Board [9d 9s 9h 4h Js]
Seat 1: 5a90bf72 folded before Flop (didn't bet)
Seat 3: d9aabea8 folded before Flop (didn't bet)
Seat 4: 934c9f25 (button) showed [2c 2d] and lost with Nines Full over Twos
Seat 5: b3913e94 (small blind) folded before Flop
Seat 6: Hero (big blind) showed [Ad Ac] and won ($4.63) with Nines Full over Aces


Poker Hand #HD1176385346: Hold'em No Limit  ($0.02/$0.05) - 2023/03/26 10:04:38
Table 'NLHBlue68' 6-max Seat #3 is the button
Seat 1: 5a90bf72 ($8.74 in chips)
Seat 3: d9aabea8 ($6.18 in chips)
Seat 4: 934c9f25 ($5.25 in chips)
Seat 5: b3913e94 ($5 in chips)
Seat 6: Hero ($5.89 in chips)
934c9f25: posts small blind $0.02
b3913e94: posts big blind $0.05
*** HOLE CARDS ***
Dealt to 5a90bf72 
Dealt to d9aabea8 
Dealt to 934c9f25 
Dealt to b3913e94 
Dealt to Hero [Kd 4s]
Hero: folds
5a90bf72: folds
d9aabea8: raises $0.08 to $0.13
934c9f25: folds
b3913e94: folds
Uncalled bet ($0.08) returned to d9aabea8
*** SHOWDOWN ***
d9aabea8 collected $0.12 from pot
*** SUMMARY ***
Total pot $0.12 | Rake $0 | Jackpot $0 | Bingo $0 | Fortune $0
Seat 1: 5a90bf72 folded before Flop (didn't bet)
Seat 3: d9aabea8 (button) collected ($0.12)
Seat 4: 934c9f25 (small blind) folded before Flop
Seat 5: b3913e94 (big blind) folded before Flop
Seat 6: Hero folded before Flop (didn't bet)


Poker Hand #HD1176385334: Hold'em No Limit  ($0.02/$0.05) - 2023/03/26 10:04:31
Table 'NLHBlue68' 6-max Seat #1 is the button
Seat 1: 5a90bf72 ($8.74 in chips)
Seat 3: d9aabea8 ($6.2 in chips)
Seat 4: 934c9f25 ($5.23 in chips)
Seat 5: b3913e94 ($5 in chips)
Seat 6: Hero ($5.89 in chips)
d9aabea8: posts small blind $0.02
934c9f25: posts big blind $0.05
*** HOLE CARDS ***
Dealt to 5a90bf72 
Dealt to d9aabea8 
Dealt to 934c9f25 
Dealt to b3913e94 
Dealt to Hero [7d 4c]
b3913e94: folds
Hero: folds
5a90bf72: folds
d9aabea8: folds
Uncalled bet ($0.03) returned to 934c9f25
*** SHOWDOWN ***
934c9f25 collected $0.04 from pot
*** SUMMARY ***
Total pot $0.04 | Rake $0 | Jackpot $0 | Bingo $0 | Fortune $0
Seat 1: 5a90bf72 (button) folded before Flop (didn't bet)
Seat 3: d9aabea8 (small blind) folded before Flop
Seat 4: 934c9f25 (big blind) collected ($0.04)
Seat 5: b3913e94 folded before Flop (didn't bet)
Seat 6: Hero folded before Flop (didn't bet)


Poker Hand #HD1176385250: Hold'em No Limit  ($0.02/$0.05) - 2023/03/26 10:03:53
Table 'NLHBlue68' 6-max Seat #6 is the button
Seat 1: 5a90bf72 ($8.76 in chips)
Seat 3: d9aabea8 ($6.25 in chips)
Seat 4: 934c9f25 ($5.33 in chips)
Seat 5: b3913e94 ($5.12 in chips)
Seat 6: Hero ($5.38 in chips)
5a90bf72: posts small blind $0.02
d9aabea8: posts big blind $0.05
*** HOLE CARDS ***
Dealt to 5a90bf72 
Dealt to d9aabea8 
Dealt to 934c9f25 
Dealt to b3913e94 
Dealt to Hero [Kd Ah]
934c9f25: raises $0.05 to $0.1
b3913e94: calls $0.1
Hero: raises $0.28 to $0.38
5a90bf72: folds
d9aabea8: folds
934c9f25: folds
b3913e94: calls $0.28
*** FLOP *** [As 6d 5c]
b3913e94: checks
Hero: bets $0.47
b3913e94: folds
Uncalled bet ($0.47) returned to Hero
*** SHOWDOWN ***
Hero collected $0.89 from pot
*** SUMMARY ***
Total pot $0.93 | Rake $0.04 | Jackpot $0 | Bingo $0 | Fortune $0
Board [As 6d 5c]
Seat 1: 5a90bf72 (small blind) folded before Flop
Seat 3: d9aabea8 (big blind) folded before Flop
Seat 4: 934c9f25 folded before Flop
Seat 5: b3913e94 folded on the Flop
Seat 6: Hero (button) won ($0.89)


Poker Hand #HD1176385158: Hold'em No Limit  ($0.02/$0.05) - 2023/03/26 10:03:09
Table 'NLHBlue68' 6-max Seat #5 is the button
Seat 1: 5a90bf72 ($8.5 in chips)
Seat 3: d9aabea8 ($6.25 in chips)
Seat 4: 934c9f25 ($5.33 in chips)
Seat 5: b3913e94 ($5.12 in chips)
Seat 6: Hero ($5.66 in chips)
Hero: posts small blind $0.02
5a90bf72: posts big blind $0.05
*** HOLE CARDS ***
Dealt to 5a90bf72 
Dealt to d9aabea8 
Dealt to 934c9f25 
Dealt to b3913e94 
Dealt to Hero [Ks 8h]
d9aabea8: folds
934c9f25: folds
b3913e94: folds
Hero: raises $0.09 to $0.14
5a90bf72: calls $0.09
*** FLOP *** [As Jc Ac]
Hero: bets $0.14
5a90bf72: calls $0.14
*** TURN *** [As Jc Ac] [6s]
Hero: checks
5a90bf72: checks
*** RIVER *** [As Jc Ac 6s] [Js]
Hero: checks
5a90bf72: bets $0.28
Hero: folds
Uncalled bet ($0.28) returned to 5a90bf72
5a90bf72: shows [Ah] (Aces Full over Jacks)
*** SHOWDOWN ***
5a90bf72 collected $0.54 from pot
*** SUMMARY ***
Total pot $0.56 | Rake $0.02 | Jackpot $0 | Bingo $0 | Fortune $0
Board [As Jc Ac 6s Js]
Seat 1: 5a90bf72 (big blind) showed [Ah 7h] and won ($0.54) with Aces Full over Jacks
Seat 3: d9aabea8 folded before Flop (didn't bet)
Seat 4: 934c9f25 folded before Flop (didn't bet)
Seat 5: b3913e94 (button) folded before Flop (didn't bet)
Seat 6: Hero (small blind) folded on the River


Poker Hand #HD1176385145: Hold'em No Limit  ($0.02/$0.05) - 2023/03/26 10:03:01
Table 'NLHBlue68' 6-max Seat #4 is the button
Seat 1: 5a90bf72 ($8.43 in chips)
Seat 3: d9aabea8 ($6.25 in chips)
Seat 4: 934c9f25 ($5.33 in chips)
Seat 5: b3913e94 ($5.14 in chips)
Seat 6: Hero ($5.71 in chips)
b3913e94: posts small blind $0.02
Hero: posts big blind $0.05
*** HOLE CARDS ***
Dealt to 5a90bf72 
Dealt to d9aabea8 
Dealt to 934c9f25 
Dealt to b3913e94 
Dealt to Hero [4d 2c]
5a90bf72: raises $0.08 to $0.13
d9aabea8: folds
934c9f25: folds
b3913e94: folds
Hero: folds
Uncalled bet ($0.08) returned to 5a90bf72
*** SHOWDOWN ***
5a90bf72 collected $0.12 from pot
*** SUMMARY ***
Total pot $0.12 | Rake $0 | Jackpot $0 | Bingo $0 | Fortune $0
Seat 1: 5a90bf72 collected ($0.12)
Seat 3: d9aabea8 folded before Flop (didn't bet)
Seat 4: 934c9f25 (button) folded before Flop (didn't bet)
Seat 5: b3913e94 (small blind) folded before Flop
Seat 6: Hero (big blind) folded before Flop


Poker Hand #HD1176385051: Hold'em No Limit  ($0.02/$0.05) - 2023/03/26 10:02:19
Table 'NLHBlue68' 6-max Seat #3 is the button
Seat 1: 5a90bf72 ($8.43 in chips)
Seat 3: d9aabea8 ($6.38 in chips)
Seat 4: 934c9f25 ($5.35 in chips)
Seat 5: b3913e94 ($5 in chips)
Seat 6: Hero ($5.71 in chips)
934c9f25: posts small blind $0.02
b3913e94: posts big blind $0.05
*** HOLE CARDS ***
Dealt to 5a90bf72 
Dealt to d9aabea8 
Dealt to 934c9f25 
Dealt to b3913e94 
Dealt to Hero [9h 6s]
Hero: folds
5a90bf72: folds
d9aabea8: raises $0.08 to $0.13
934c9f25: folds
b3913e94: calls $0.08
*** FLOP *** [7c 4d 8c]
b3913e94: checks
d9aabea8: checks
*** TURN *** [7c 4d 8c] [2h]
b3913e94: checks
d9aabea8: checks
*** RIVER *** [7c 4d 8c 2h] [6d]
b3913e94: checks
d9aabea8: checks
b3913e94: shows [Td Ks] (King-High)
d9aabea8: shows [Qd Js] (Queen-High)
5a90bf72: shows [6c 9c] (Pair of Sixes)
*** SHOWDOWN ***
b3913e94 collected $0.27 from pot
*** SUMMARY ***
Total pot $0.28 | Rake $0.01 | Jackpot $0 | Bingo $0 | Fortune $0
Board [7c 4d 8c 2h 6d]
Seat 1: 5a90bf72 folded before Flop (didn't bet)
Seat 3: d9aabea8 (button) showed [Qd Js] and lost with Queen-High
Seat 4: 934c9f25 (small blind) folded before Flop
Seat 5: b3913e94 (big blind) showed [Td Ks] and won ($0.27) with King-High
Seat 6: Hero folded before Flop (didn't bet)


Poker Hand #HD1176384784: Hold'em No Limit  ($0.02/$0.05) - 2023/03/26 10:00:09
Table 'NLHBlue68' 6-max Seat #2 is the button
Seat 1: 5a90bf72 ($7 in chips)
Seat 2: 552af1da ($6.15 in chips)
Seat 3: d9aabea8 ($6.4 in chips)
Seat 4: 934c9f25 ($5.4 in chips)
Seat 5: b3913e94 ($5 in chips)
Seat 6: Hero ($5.71 in chips)
d9aabea8: posts small blind $0.02
934c9f25: posts big blind $0.05
*** HOLE CARDS ***
Dealt to 5a90bf72 
Dealt to 552af1da 
Dealt to d9aabea8 
Dealt to 934c9f25 
Dealt to b3913e94 
Dealt to Hero [7s Td]
b3913e94: raises $0.1 to $0.15
Hero: folds
5a90bf72: calls $0.15
552af1da: folds
d9aabea8: folds
934c9f25: folds
*** FLOP *** [8h 5d 4h]
b3913e94: bets $0.2
5a90bf72: calls $0.2
*** TURN *** [8h 5d 4h] [2d]
b3913e94: bets $0.41
5a90bf72: raises $0.8 to $1.21
b3913e94: calls $0.8
*** RIVER *** [8h 5d 4h 2d] [3h]
b3913e94: checks
5a90bf72: bets $3.19
b3913e94: folds
Uncalled bet ($3.19) returned to 5a90bf72
*** SHOWDOWN ***
5a90bf72 collected $2.99 from pot
*** SUMMARY ***
Total pot $3.19 | Rake $0.15 | Jackpot $0.05 | Bingo $0 | Fortune $0
Board [8h 5d 4h 2d 3h]
Seat 1: 5a90bf72 won ($2.99)
Seat 2: 552af1da (button) folded before Flop (didn't bet)
Seat 3: d9aabea8 (small blind) folded before Flop
Seat 4: 934c9f25 (big blind) folded before Flop
Seat 5: b3913e94 folded on the River
Seat 6: Hero folded before Flop (didn't bet)


Poker Hand #HD1176384735: Hold'em No Limit  ($0.02/$0.05) - 2023/03/26 09:59:51
Table 'NLHBlue68' 6-max Seat #1 is the button
Seat 1: 5a90bf72 ($7 in chips)
Seat 2: 552af1da ($6.17 in chips)
Seat 3: d9aabea8 ($6.38 in chips)
Seat 4: 934c9f25 ($5.4 in chips)
Seat 5: b3913e94 ($5 in chips)
Seat 6: Hero ($5.71 in chips)
552af1da: posts small blind $0.02
d9aabea8: posts big blind $0.05
*** HOLE CARDS ***
Dealt to 5a90bf72 
Dealt to 552af1da 
Dealt to d9aabea8 
Dealt to 934c9f25 
Dealt to b3913e94 
Dealt to Hero [Qd 4h]
934c9f25: folds
b3913e94: folds
Hero: folds
5a90bf72: folds
552af1da: folds
Uncalled bet ($0.03) returned to d9aabea8
*** SHOWDOWN ***
d9aabea8 collected $0.04 from pot
*** SUMMARY ***
Total pot $0.04 | Rake $0 | Jackpot $0 | Bingo $0 | Fortune $0
Seat 1: 5a90bf72 (button) folded before Flop (didn't bet)
Seat 2: 552af1da (small blind) folded before Flop
Seat 3: d9aabea8 (big blind) collected ($0.04)
Seat 4: 934c9f25 folded before Flop (didn't bet)
Seat 5: b3913e94 folded before Flop (didn't bet)
Seat 6: Hero folded before Flop (didn't bet)


Poker Hand #HD1176384692: Hold'em No Limit  ($0.02/$0.05) - 2023/03/26 09:59:33
Table 'NLHBlue68' 6-max Seat #6 is the button
Seat 1: 5a90bf72 ($7.02 in chips)
Seat 2: 552af1da ($6.22 in chips)
Seat 3: d9aabea8 ($6.38 in chips)
Seat 4: 934c9f25 ($5.4 in chips)
Seat 5: b3913e94 ($5 in chips)
Seat 6: Hero ($5.64 in chips)
5a90bf72: posts small blind $0.02
552af1da: posts big blind $0.05
*** HOLE CARDS ***
Dealt to 5a90bf72 
Dealt to 552af1da 
Dealt to d9aabea8 
Dealt to 934c9f25 
Dealt to b3913e94 
Dealt to Hero [2s Ad]
d9aabea8: folds
934c9f25: folds
b3913e94: folds
Hero: raises $0.07 to $0.12
5a90bf72: folds
552af1da: folds
Uncalled bet ($0.07) returned to Hero
*** SHOWDOWN ***
Hero collected $0.12 from pot
*** SUMMARY ***
Total pot $0.12 | Rake $0 | Jackpot $0 | Bingo $0 | Fortune $0
Seat 1: 5a90bf72 (small blind) folded before Flop
Seat 2: 552af1da (big blind) folded before Flop
Seat 3: d9aabea8 folded before Flop (didn't bet)
Seat 4: 934c9f25 folded before Flop (didn't bet)
Seat 5: b3913e94 folded before Flop (didn't bet)
Seat 6: Hero (button) collected ($0.12)


Poker Hand #HD1176384563: Hold'em No Limit  ($0.02/$0.05) - 2023/03/26 09:58:29
Table 'NLHBlue68' 6-max Seat #5 is the button
Seat 1: 5a90bf72 ($7.07 in chips)
Seat 2: 552af1da ($5 in chips)
Seat 3: d9aabea8 ($6.38 in chips)
Seat 4: 934c9f25 ($5.55 in chips)
Seat 5: b3913e94 ($5.31 in chips)
Seat 6: Hero ($5.66 in chips)
Hero: posts small blind $0.02
5a90bf72: posts big blind $0.05
*** HOLE CARDS ***
Dealt to 5a90bf72 
Dealt to 552af1da 
Dealt to d9aabea8 
Dealt to 934c9f25 
Dealt to b3913e94 
Dealt to Hero [3c 4d]
552af1da: raises $0.1 to $0.15
d9aabea8: folds
934c9f25: calls $0.15
b3913e94: raises $0.38 to $0.53
Hero: folds
5a90bf72: folds
552af1da: raises $0.64 to $1.17
934c9f25: folds
b3913e94: calls $0.64
*** FLOP *** [Ks 4s 8d]
552af1da: bets $1.28
b3913e94: folds
Uncalled bet ($1.28) returned to 552af1da
*** SHOWDOWN ***
552af1da collected $2.39 from pot
*** SUMMARY ***
Total pot $2.56 | Rake $0.12 | Jackpot $0.05 | Bingo $0 | Fortune $0
Board [Ks 4s 8d]
Seat 1: 5a90bf72 (big blind) folded before Flop
Seat 2: 552af1da won ($2.39)
Seat 3: d9aabea8 folded before Flop (didn't bet)
Seat 4: 934c9f25 folded before Flop
Seat 5: b3913e94 (button) folded on the Flop
Seat 6: Hero (small blind) folded before Flop


Poker Hand #HD1176384479: Hold'em No Limit  ($0.02/$0.05) - 2023/03/26 09:57:54
Table 'NLHBlue68' 6-max Seat #4 is the button
Seat 1: 5a90bf72 ($7.12 in chips)
Seat 2: 552af1da ($5 in chips)
Seat 3: d9aabea8 ($6.38 in chips)
Seat 4: 934c9f25 ($5.7 in chips)
Seat 5: b3913e94 ($5.08 in chips)
Seat 6: Hero ($5.71 in chips)
b3913e94: posts small blind $0.02
Hero: posts big blind $0.05
*** HOLE CARDS ***
Dealt to 5a90bf72 
Dealt to 552af1da 
Dealt to d9aabea8 
Dealt to 934c9f25 
Dealt to b3913e94 
Dealt to Hero [Jd 4s]
5a90bf72: calls $0.05
552af1da: folds
d9aabea8: folds
934c9f25: raises $0.1 to $0.15
b3913e94: raises $0.43 to $0.58
Hero: folds
5a90bf72: folds
934c9f25: folds
Uncalled bet ($0.43) returned to b3913e94
*** SHOWDOWN ***
b3913e94 collected $0.38 from pot
*** SUMMARY ***
Total pot $0.4 | Rake $0.02 | Jackpot $0 | Bingo $0 | Fortune $0
Seat 1: 5a90bf72 folded before Flop
Seat 2: 552af1da folded before Flop (didn't bet)
Seat 3: d9aabea8 folded before Flop (didn't bet)
Seat 4: 934c9f25 (button) folded before Flop
Seat 5: b3913e94 (small blind) collected ($0.38)
Seat 6: Hero (big blind) folded before Flop


Poker Hand #HD1176384450: Hold'em No Limit  ($0.02/$0.05) - 2023/03/26 09:57:40
Table 'NLHBlue68' 6-max Seat #3 is the button
Seat 1: 5a90bf72 ($7.12 in chips)
Seat 2: 552af1da ($5 in chips)
Seat 3: d9aabea8 ($6.38 in chips)
Seat 4: 934c9f25 ($5.72 in chips)
Seat 5: b3913e94 ($5.06 in chips)
Seat 6: Hero ($5.71 in chips)
934c9f25: posts small blind $0.02
b3913e94: posts big blind $0.05
*** HOLE CARDS ***
Dealt to 5a90bf72 
Dealt to 552af1da 
Dealt to d9aabea8 
Dealt to 934c9f25 
Dealt to b3913e94 
Dealt to Hero [2c 5d]
Hero: folds
5a90bf72: folds
552af1da: folds
d9aabea8: folds
934c9f25: folds
Uncalled bet ($0.03) returned to b3913e94
*** SHOWDOWN ***
b3913e94 collected $0.04 from pot
*** SUMMARY ***
Total pot $0.04 | Rake $0 | Jackpot $0 | Bingo $0 | Fortune $0
Seat 1: 5a90bf72 folded before Flop (didn't bet)
Seat 2: 552af1da folded before Flop (didn't bet)
Seat 3: d9aabea8 (button) folded before Flop (didn't bet)
Seat 4: 934c9f25 (small blind) folded before Flop
Seat 5: b3913e94 (big blind) collected ($0.04)
Seat 6: Hero folded before Flop (didn't bet)


Poker Hand #HD1176384359: Hold'em No Limit  ($0.02/$0.05) - 2023/03/26 09:57:02
Table 'NLHBlue68' 6-max Seat #2 is the button
Seat 1: 5a90bf72 ($7.12 in chips)
Seat 2: 552af1da ($5 in chips)
Seat 3: d9aabea8 ($6.24 in chips)
Seat 4: 934c9f25 ($5.87 in chips)
Seat 6: Hero ($5.71 in chips)
d9aabea8: posts small blind $0.02
934c9f25: posts big blind $0.05
*** HOLE CARDS ***
Dealt to 5a90bf72 
Dealt to 552af1da 
Dealt to d9aabea8 
Dealt to 934c9f25 
Dealt to Hero [5c 8s]
Hero: folds
5a90bf72: folds
552af1da: folds
d9aabea8: raises $0.1 to $0.15
934c9f25: calls $0.1
*** FLOP *** [Kd 3c Ks]
d9aabea8: checks
934c9f25: checks
*** TURN *** [Kd 3c Ks] [4d]
d9aabea8: checks
934c9f25: checks
*** RIVER *** [Kd 3c Ks 4d] [6h]
d9aabea8: bets $0.15
934c9f25: folds
Uncalled bet ($0.15) returned to d9aabea8
*** SHOWDOWN ***
d9aabea8 collected $0.29 from pot
*** SUMMARY ***
Total pot $0.3 | Rake $0.01 | Jackpot $0 | Bingo $0 | Fortune $0
Board [Kd 3c Ks 4d 6h]
Seat 1: 5a90bf72 folded before Flop (didn't bet)
Seat 2: 552af1da (button) folded before Flop (didn't bet)
Seat 3: d9aabea8 (small blind) won ($0.29)
Seat 4: 934c9f25 (big blind) folded on the River
Seat 6: Hero folded before Flop (didn't bet)


Poker Hand #HD1176384291: Hold'em No Limit  ($0.02/$0.05) - 2023/03/26 09:56:26
Table 'NLHBlue68' 6-max Seat #1 is the button
Seat 1: 5a90bf72 ($6.79 in chips)
Seat 2: 552af1da ($5 in chips)
Seat 3: d9aabea8 ($6.58 in chips)
Seat 4: 934c9f25 ($5.87 in chips)
Seat 6: Hero ($5.71 in chips)
552af1da: posts small blind $0.02
d9aabea8: posts big blind $0.05
*** HOLE CARDS ***
Dealt to 5a90bf72 
Dealt to 552af1da 
Dealt to d9aabea8 
Dealt to 934c9f25 
Dealt to Hero [3d 7c]
934c9f25: folds
Hero: folds
5a90bf72: raises $0.08 to $0.13
552af1da: folds
d9aabea8: calls $0.08
*** FLOP *** [7h 2c 9d]
d9aabea8: checks
5a90bf72: bets $0.21
d9aabea8: calls $0.21
*** TURN *** [7h 2c 9d] [4d]
d9aabea8: checks
5a90bf72: bets $0.7
d9aabea8: folds
Uncalled bet ($0.7) returned to 5a90bf72
*** SHOWDOWN ***
5a90bf72 collected $0.67 from pot
*** SUMMARY ***
Total pot $0.7 | Rake $0.03 | Jackpot $0 | Bingo $0 | Fortune $0
Board [7h 2c 9d 4d]
Seat 1: 5a90bf72 (button) won ($0.67)
Seat 2: 552af1da (small blind) folded before Flop
Seat 3: d9aabea8 (big blind) folded on the Turn
Seat 4: 934c9f25 folded before Flop (didn't bet)
Seat 6: Hero folded before Flop (didn't bet)


Poker Hand #HD1176384209: Hold'em No Limit  ($0.02/$0.05) - 2023/03/26 09:55:49
Table 'NLHBlue68' 6-max Seat #6 is the button
Seat 1: 5a90bf72 ($7.57 in chips)
Seat 2: 552af1da ($5 in chips)
Seat 3: d9aabea8 ($6.58 in chips)
Seat 4: 934c9f25 ($5.87 in chips)
Seat 6: Hero ($5 in chips)
5a90bf72: posts small blind $0.02
552af1da: posts big blind $0.05
*** HOLE CARDS ***
Dealt to 5a90bf72 
Dealt to 552af1da 
Dealt to d9aabea8 
Dealt to 934c9f25 
Dealt to Hero [Js Jh]
d9aabea8: folds
934c9f25: folds
Hero: raises $0.07 to $0.12
5a90bf72: calls $0.1
552af1da: folds
*** FLOP *** [2d 3d Jc]
5a90bf72: checks
Hero: bets $0.22
5a90bf72: calls $0.22
*** TURN *** [2d 3d Jc] [4s]
5a90bf72: checks
Hero: bets $0.44
5a90bf72: calls $0.44
*** RIVER *** [2d 3d Jc 4s] [8h]
5a90bf72: checks
Hero: bets $0.81
5a90bf72: folds
Uncalled bet ($0.81) returned to Hero
*** SHOWDOWN ***
Hero collected $1.49 from pot
*** SUMMARY ***
Total pot $1.61 | Rake $0.07 | Jackpot $0.05 | Bingo $0 | Fortune $0
Board [2d 3d Jc 4s 8h]
Seat 1: 5a90bf72 (small blind) folded on the River
Seat 2: 552af1da (big blind) folded before Flop
Seat 3: d9aabea8 folded before Flop (didn't bet)
Seat 4: 934c9f25 folded before Flop (didn't bet)
Seat 6: Hero (button) won ($1.49)


Poker Hand #HD1176384137: Hold'em No Limit  ($0.02/$0.05) - 2023/03/26 09:55:16
Table 'NLHBlue68' 6-max Seat #4 is the button
Seat 1: 5a90bf72 ($7.06 in chips)
Seat 3: d9aabea8 ($6.58 in chips)
Seat 4: 934c9f25 ($5.87 in chips)
Seat 6: Hero ($5 in chips)
Hero: posts small blind $0.02
5a90bf72: posts big blind $0.05
*** HOLE CARDS ***
Dealt to 5a90bf72 
Dealt to d9aabea8 
Dealt to 934c9f25 
Dealt to Hero [Th 9h]
d9aabea8: folds
934c9f25: folds
Hero: raises $0.09 to $0.14
5a90bf72: calls $0.09
*** FLOP *** [2s Qh 6s]
Hero: bets $0.12
5a90bf72: calls $0.12
*** TURN *** [2s Qh 6s] [Js]
Hero: bets $0.3
5a90bf72: raises $0.37 to $0.67
Hero: folds
Uncalled bet ($0.37) returned to 5a90bf72
5a90bf72: shows [5s Kh] (King-High)
*** SHOWDOWN ***
5a90bf72 collected $1.07 from pot
*** SUMMARY ***
Total pot $1.12 | Rake $0.05 | Jackpot $0 | Bingo $0 | Fortune $0
Board [2s Qh 6s Js]
Seat 1: 5a90bf72 (big blind) showed [5s Kh] and won ($1.07) with King-High
Seat 3: d9aabea8 folded before Flop (didn't bet)
Seat 4: 934c9f25 (button) folded before Flop (didn't bet)
Seat 6: Hero (small blind) folded on the Turn


Poker Hand #HD1176384098: Hold'em No Limit  ($0.02/$0.05) - 2023/03/26 09:54:54
Table 'NLHBlue68' 6-max Seat #3 is the button
Seat 1: 5a90bf72 ($7.06 in chips)
Seat 3: d9aabea8 ($6.58 in chips)
Seat 4: 934c9f25 ($5.82 in chips)
Seat 5: b3913e94 ($5.11 in chips)
Seat 6: Hero ($5 in chips)
934c9f25: posts small blind $0.02
b3913e94: posts big blind $0.05
*** HOLE CARDS ***
Dealt to 5a90bf72 
Dealt to d9aabea8 
Dealt to 934c9f25 
Dealt to b3913e94 
Dealt to Hero [5d 8h]
Hero: folds
5a90bf72: folds
d9aabea8: folds
934c9f25: raises $0.1 to $0.15
b3913e94: folds
Uncalled bet ($0.1) returned to 934c9f25
*** SHOWDOWN ***
934c9f25 collected $0.1 from pot
*** SUMMARY ***
Total pot $0.1 | Rake $0 | Jackpot $0 | Bingo $0 | Fortune $0
Seat 1: 5a90bf72 folded before Flop (didn't bet)
Seat 3: d9aabea8 (button) folded before Flop (didn't bet)
Seat 4: 934c9f25 (small blind) collected ($0.1)
Seat 5: b3913e94 (big blind) folded before Flop
Seat 6: Hero folded before Flop (didn't bet)


Poker Hand #HD1176383924: Hold'em No Limit  ($0.02/$0.05) - 2023/03/26 09:53:38
Table 'NLHBlue68' 6-max Seat #1 is the button
Seat 1: 5a90bf72 ($7.06 in chips)
Seat 2: 37a4df84 ($8.56 in chips)
Seat 3: d9aabea8 ($6.68 in chips)
Seat 4: 934c9f25 ($5.82 in chips)
Seat 5: b3913e94 ($5 in chips)
Seat 6: Hero ($5 in chips)
37a4df84: posts small blind $0.02
d9aabea8: posts big blind $0.05
b3913e94: posts big blind $0.05
b3913e94: posts missed blind $0.02
*** HOLE CARDS ***
Dealt to 5a90bf72 
Dealt to 37a4df84 
Dealt to d9aabea8 
Dealt to 934c9f25 
Dealt to b3913e94 
Dealt to Hero [Qh 5h]
934c9f25: folds
b3913e94: raises $0.05 to $0.1
Hero: folds
5a90bf72: folds
37a4df84: folds
d9aabea8: calls $0.05
*** FLOP *** [Tc Jd 2d]
d9aabea8: checks
b3913e94: checks
*** TURN *** [Tc Jd 2d] [Ah]
d9aabea8: checks
b3913e94: bets $0.13
d9aabea8: folds
Uncalled bet ($0.13) returned to b3913e94
*** SHOWDOWN ***
b3913e94 collected $0.23 from pot
*** SUMMARY ***
Total pot $0.24 | Rake $0.01 | Jackpot $0 | Bingo $0 | Fortune $0
Board [Tc Jd 2d Ah]
Seat 1: 5a90bf72 (button) folded before Flop (didn't bet)
Seat 2: 37a4df84 (small blind) folded before Flop
Seat 3: d9aabea8 (big blind) folded on the Turn
Seat 4: 934c9f25 folded before Flop (didn't bet)
Seat 5: b3913e94 won ($0.23)
Seat 6: Hero folded before Flop (didn't bet)


Poker Hand #HD1176383830: Hold'em No Limit  ($0.02/$0.05) - 2023/03/26 09:52:53
Table 'NLHBlue68' 6-max Seat #6 is the button
Seat 1: 5a90bf72 ($6.57 in chips)
Seat 2: 37a4df84 ($8.71 in chips)
Seat 3: d9aabea8 ($6.68 in chips)
Seat 4: 934c9f25 ($6.2 in chips)
Seat 6: Hero ($5 in chips)
5a90bf72: posts small blind $0.02
37a4df84: posts big blind $0.05
*** HOLE CARDS ***
Dealt to 5a90bf72 
Dealt to 37a4df84 
Dealt to d9aabea8 
Dealt to 934c9f25 
Dealt to Hero [5s Ks]
d9aabea8: folds
934c9f25: raises $0.1 to $0.15
Hero: folds
5a90bf72: calls $0.13
37a4df84: calls $0.1
*** FLOP *** [4c Td Kd]
5a90bf72: checks
37a4df84: checks
934c9f25: checks
*** TURN *** [4c Td Kd] [8h]
5a90bf72: bets $0.23
37a4df84: folds
934c9f25: calls $0.23
*** RIVER *** [4c Td Kd 8h] [3h]
5a90bf72: bets $0.46
934c9f25: folds
Uncalled bet ($0.46) returned to 5a90bf72
*** SHOWDOWN ***
5a90bf72 collected $0.87 from pot
*** SUMMARY ***
Total pot $0.91 | Rake $0.04 | Jackpot $0 | Bingo $0 | Fortune $0
Board [4c Td Kd 8h 3h]
Seat 1: 5a90bf72 (small blind) won ($0.87)
Seat 2: 37a4df84 (big blind) folded on the Turn
Seat 3: d9aabea8 folded before Flop (didn't bet)
Seat 4: 934c9f25 folded on the River
Seat 6: Hero (button) folded before Flop (didn't bet)


Poker Hand #HD1176383808: Hold'em No Limit  ($0.02/$0.05) - 2023/03/26 09:52:43
Table 'NLHBlue68' 6-max Seat #4 is the button
Seat 1: 5a90bf72 ($6.55 in chips)
Seat 2: 37a4df84 ($8.71 in chips)
Seat 3: d9aabea8 ($6.68 in chips)
Seat 4: 934c9f25 ($6.2 in chips)
Seat 6: Hero ($5 in chips)
Hero: posts small blind $0.02
5a90bf72: posts big blind $0.05
*** HOLE CARDS ***
Dealt to 5a90bf72 
Dealt to 37a4df84 
Dealt to d9aabea8 
Dealt to 934c9f25 
Dealt to Hero [4c Qs]
37a4df84: folds
d9aabea8: folds
934c9f25: folds
Hero: folds
Uncalled bet ($0.03) returned to 5a90bf72
*** SHOWDOWN ***
5a90bf72 collected $0.04 from pot
*** SUMMARY ***
Total pot $0.04 | Rake $0 | Jackpot $0 | Bingo $0 | Fortune $0
Seat 1: 5a90bf72 (big blind) collected ($0.04)
Seat 2: 37a4df84 folded before Flop (didn't bet)
Seat 3: d9aabea8 folded before Flop (didn't bet)
Seat 4: 934c9f25 (button) folded before Flop (didn't bet)
Seat 6: Hero (small blind) folded before Flop


Poker Hand #HD1176383726: Hold'em No Limit  ($0.02/$0.05) - 2023/03/26 09:52:08
Table 'NLHBlue68' 6-max Seat #3 is the button
Seat 1: 5a90bf72 ($6.1 in chips)
Seat 2: 37a4df84 ($8.71 in chips)
Seat 3: d9aabea8 ($6.68 in chips)
Seat 4: 934c9f25 ($6.22 in chips)
Seat 6: Hero ($5.19 in chips)
934c9f25: posts small blind $0.02
Hero: posts big blind $0.05
*** HOLE CARDS ***
Dealt to 5a90bf72 
Dealt to 37a4df84 
Dealt to d9aabea8 
Dealt to 934c9f25 
Dealt to Hero [9d Qd]
5a90bf72: raises $0.1 to $0.15
37a4df84: folds
d9aabea8: folds
934c9f25: folds
Hero: calls $0.1
*** FLOP *** [Jc Ks 3d]
Hero: checks
5a90bf72: bets $0.32
Hero: calls $0.32
*** TURN *** [Jc Ks 3d] [3s]
Hero: checks
5a90bf72: bets $0.72
Hero: folds
Uncalled bet ($0.72) returned to 5a90bf72
*** SHOWDOWN ***
5a90bf72 collected $0.92 from pot
*** SUMMARY ***
Total pot $0.96 | Rake $0.04 | Jackpot $0 | Bingo $0 | Fortune $0
Board [Jc Ks 3d 3s]
Seat 1: 5a90bf72 won ($0.92)
Seat 2: 37a4df84 folded before Flop (didn't bet)
Seat 3: d9aabea8 (button) folded before Flop (didn't bet)
Seat 4: 934c9f25 (small blind) folded before Flop
Seat 6: Hero (big blind) folded on the Turn


Poker Hand #HD1176383624: Hold'em No Limit  ($0.02/$0.05) - 2023/03/26 09:51:21
Table 'NLHBlue68' 6-max Seat #2 is the button
Seat 2: 37a4df84 ($8.35 in chips)
Seat 3: d9aabea8 ($6.7 in chips)
Seat 4: 934c9f25 ($6.34 in chips)
Seat 6: Hero ($5.44 in chips)
d9aabea8: posts small blind $0.02
934c9f25: posts big blind $0.05
*** HOLE CARDS ***
Dealt to 37a4df84 
Dealt to d9aabea8 
Dealt to 934c9f25 
Dealt to Hero [7s 8s]
Hero: raises $0.07 to $0.12
37a4df84: calls $0.12
d9aabea8: folds
934c9f25: calls $0.07
*** FLOP *** [Jh 4s 9c]
934c9f25: checks
Hero: checks
37a4df84: bets $0.13
934c9f25: folds
Hero: calls $0.13
*** TURN *** [Jh 4s 9c] [4c]
Hero: checks
37a4df84: bets $0.22
Hero: folds
Uncalled bet ($0.22) returned to 37a4df84
*** SHOWDOWN ***
37a4df84 collected $0.61 from pot
*** SUMMARY ***
Total pot $0.64 | Rake $0.03 | Jackpot $0 | Bingo $0 | Fortune $0
Board [Jh 4s 9c 4c]
Seat 2: 37a4df84 (button) won ($0.61)
Seat 3: d9aabea8 (small blind) folded before Flop
Seat 4: 934c9f25 (big blind) folded on the Flop
Seat 6: Hero folded on the Turn


Poker Hand #HD1176383578: Hold'em No Limit  ($0.02/$0.05) - 2023/03/26 09:51:00
Table 'NLHBlue68' 6-max Seat #1 is the button
Seat 1: 5a90bf72 ($6.1 in chips)
Seat 2: 37a4df84 ($8.37 in chips)
Seat 3: d9aabea8 ($6.68 in chips)
Seat 4: 934c9f25 ($6.34 in chips)
Seat 6: Hero ($5.44 in chips)
37a4df84: posts small blind $0.02
d9aabea8: posts big blind $0.05
*** HOLE CARDS ***
Dealt to 5a90bf72 
Dealt to 37a4df84 
Dealt to d9aabea8 
Dealt to 934c9f25 
Dealt to Hero [Kh 6s]
934c9f25: folds
Hero: folds
5a90bf72: folds
37a4df84: folds
Uncalled bet ($0.03) returned to d9aabea8
*** SHOWDOWN ***
d9aabea8 collected $0.04 from pot
*** SUMMARY ***
Total pot $0.04 | Rake $0 | Jackpot $0 | Bingo $0 | Fortune $0
Seat 1: 5a90bf72 (button) folded before Flop (didn't bet)
Seat 2: 37a4df84 (small blind) folded before Flop
Seat 3: d9aabea8 (big blind) collected ($0.04)
Seat 4: 934c9f25 folded before Flop (didn't bet)
Seat 6: Hero folded before Flop (didn't bet)


Poker Hand #HD1176383526: Hold'em No Limit  ($0.02/$0.05) - 2023/03/26 09:50:39
Table 'NLHBlue68' 6-max Seat #6 is the button
Seat 1: 5a90bf72 ($6.05 in chips)
Seat 2: 37a4df84 ($8.42 in chips)
Seat 3: d9aabea8 ($6.68 in chips)
Seat 4: 934c9f25 ($6.34 in chips)
Seat 6: Hero ($5.44 in chips)
5a90bf72: posts small blind $0.02
37a4df84: posts big blind $0.05
*** HOLE CARDS ***
Dealt to 5a90bf72 
Dealt to 37a4df84 
Dealt to d9aabea8 
Dealt to 934c9f25 
Dealt to Hero [6h Js]
d9aabea8: folds
934c9f25: folds
Hero: folds
5a90bf72: calls $0.03
37a4df84: checks
*** FLOP *** [2s Kh 6c]
5a90bf72: checks
37a4df84: checks
*** TURN *** [2s Kh 6c] [Ac]
5a90bf72: bets $0.05
37a4df84: folds
Uncalled bet ($0.05) returned to 5a90bf72
*** SHOWDOWN ***
5a90bf72 collected $0.1 from pot
*** SUMMARY ***
Total pot $0.1 | Rake $0 | Jackpot $0 | Bingo $0 | Fortune $0
Board [2s Kh 6c Ac]
Seat 1: 5a90bf72 (small blind) won ($0.1)
Seat 2: 37a4df84 (big blind) folded on the Turn
Seat 3: d9aabea8 folded before Flop (didn't bet)
Seat 4: 934c9f25 folded before Flop (didn't bet)
Seat 6: Hero (button) folded before Flop (didn't bet)


Poker Hand #HD1176383437: Hold'em No Limit  ($0.02/$0.05) - 2023/03/26 09:49:59
Table 'NLHBlue68' 6-max Seat #5 is the button
Seat 1: 5a90bf72 ($6.1 in chips)
Seat 2: 37a4df84 ($8.42 in chips)
Seat 3: d9aabea8 ($6.68 in chips)
Seat 4: 934c9f25 ($6.49 in chips)
Seat 5: b3913e94 ($5 in chips)
Seat 6: Hero ($5.25 in chips)
Hero: posts small blind $0.02
5a90bf72: posts big blind $0.05
*** HOLE CARDS ***
Dealt to 5a90bf72 
Dealt to 37a4df84 
Dealt to d9aabea8 
Dealt to 934c9f25 
Dealt to b3913e94 
Dealt to Hero [7d 7c]
37a4df84: folds
d9aabea8: folds
934c9f25: raises $0.1 to $0.15
b3913e94: folds
Hero: raises $0.37 to $0.52
5a90bf72: folds
934c9f25: folds
Uncalled bet ($0.37) returned to Hero
*** SHOWDOWN ***
Hero collected $0.34 from pot
*** SUMMARY ***
Total pot $0.35 | Rake $0.01 | Jackpot $0 | Bingo $0 | Fortune $0
Seat 1: 5a90bf72 (big blind) folded before Flop
Seat 2: 37a4df84 folded before Flop (didn't bet)
Seat 3: d9aabea8 folded before Flop (didn't bet)
Seat 4: 934c9f25 folded before Flop
Seat 5: b3913e94 (button) folded before Flop (didn't bet)
Seat 6: Hero (small blind) collected ($0.34)


Poker Hand #HD1176383360: Hold'em No Limit  ($0.02/$0.05) - 2023/03/26 09:49:22
Table 'NLHBlue68' 6-max Seat #4 is the button
Seat 1: 5a90bf72 ($6.1 in chips)
Seat 2: 37a4df84 ($8.42 in chips)
Seat 3: d9aabea8 ($6.68 in chips)
Seat 4: 934c9f25 ($6.74 in chips)
Seat 5: b3913e94 ($5 in chips)
Seat 6: Hero ($5 in chips)
b3913e94: posts small blind $0.02
Hero: posts big blind $0.05
*** HOLE CARDS ***
Dealt to 5a90bf72 
Dealt to 37a4df84 
Dealt to d9aabea8 
Dealt to 934c9f25 
Dealt to b3913e94 
Dealt to Hero [Jd 7d]
5a90bf72: folds
37a4df84: folds
d9aabea8: folds
934c9f25: raises $0.07 to $0.12
b3913e94: folds
Hero: calls $0.07
*** FLOP *** [7c Kd 6c]
Hero: checks
934c9f25: bets $0.13
Hero: calls $0.13
*** TURN *** [7c Kd 6c] [6h]
Hero: checks
934c9f25: checks
*** RIVER *** [7c Kd 6c 6h] [3h]
Hero: bets $0.39
934c9f25: folds
Uncalled bet ($0.39) returned to Hero
*** SHOWDOWN ***
Hero collected $0.5 from pot
*** SUMMARY ***
Total pot $0.52 | Rake $0.02 | Jackpot $0 | Bingo $0 | Fortune $0
Board [7c Kd 6c 6h 3h]
Seat 1: 5a90bf72 folded before Flop (didn't bet)
Seat 2: 37a4df84 folded before Flop (didn't bet)
Seat 3: d9aabea8 folded before Flop (didn't bet)
Seat 4: 934c9f25 (button) folded on the River
Seat 5: b3913e94 (small blind) folded before Flop
Seat 6: Hero (big blind) won ($0.5)


Poker Hand #HD1176383319: Hold'em No Limit  ($0.02/$0.05) - 2023/03/26 09:49:00
Table 'NLHBlue68' 6-max Seat #3 is the button
Seat 1: 5a90bf72 ($6.1 in chips)
Seat 2: 37a4df84 ($8.35 in chips)
Seat 3: d9aabea8 ($6.68 in chips)
Seat 4: 934c9f25 ($6.76 in chips)
Seat 5: b3913e94 ($5 in chips)
Seat 6: Hero ($5 in chips)
934c9f25: posts small blind $0.02
b3913e94: posts big blind $0.05
*** HOLE CARDS ***
Dealt to 5a90bf72 
Dealt to 37a4df84 
Dealt to d9aabea8 
Dealt to 934c9f25 
Dealt to b3913e94 
Dealt to Hero [Kc Ts]
Hero: folds
5a90bf72: folds
37a4df84: raises $0.07 to $0.12
d9aabea8: folds
934c9f25: folds
b3913e94: folds
Uncalled bet ($0.07) returned to 37a4df84
*** SHOWDOWN ***
37a4df84 collected $0.12 from pot
*** SUMMARY ***
Total pot $0.12 | Rake $0 | Jackpot $0 | Bingo $0 | Fortune $0
Seat 1: 5a90bf72 folded before Flop (didn't bet)
Seat 2: 37a4df84 collected ($0.12)
Seat 3: d9aabea8 (button) folded before Flop (didn't bet)
Seat 4: 934c9f25 (small blind) folded before Flop
Seat 5: b3913e94 (big blind) folded before Flop
Seat 6: Hero folded before Flop (didn't bet)


Poker Hand #HD1176383298: Hold'em No Limit  ($0.02/$0.05) - 2023/03/26 09:48:50
Table 'NLHBlue68' 6-max Seat #2 is the button
Seat 1: 5a90bf72 ($6.03 in chips)
Seat 2: 37a4df84 ($8.35 in chips)
Seat 3: d9aabea8 ($6.7 in chips)
Seat 4: 934c9f25 ($6.81 in chips)
Seat 6: Hero ($5 in chips)
d9aabea8: posts small blind $0.02
934c9f25: posts big blind $0.05
*** HOLE CARDS ***
Dealt to 5a90bf72 
Dealt to 37a4df84 
Dealt to d9aabea8 
Dealt to 934c9f25 
Dealt to Hero [8s 5s]
Hero: folds
5a90bf72: raises $0.08 to $0.13
37a4df84: folds
d9aabea8: folds
934c9f25: folds
Uncalled bet ($0.08) returned to 5a90bf72
*** SHOWDOWN ***
5a90bf72 collected $0.12 from pot
*** SUMMARY ***
Total pot $0.12 | Rake $0 | Jackpot $0 | Bingo $0 | Fortune $0
Seat 1: 5a90bf72 collected ($0.12)
Seat 2: 37a4df84 (button) folded before Flop (didn't bet)
Seat 3: d9aabea8 (small blind) folded before Flop
Seat 4: 934c9f25 (big blind) folded before Flop
Seat 6: Hero folded before Flop (didn't bet)


Poker Hand #HD1176383246: Hold'em No Limit  ($0.02/$0.05) - 2023/03/26 09:48:26
Table 'NLHBlue68' 6-max Seat #1 is the button
Seat 1: 5a90bf72 ($6.16 in chips)
Seat 2: 37a4df84 ($8.37 in chips)
Seat 3: d9aabea8 ($6.56 in chips)
Seat 4: 934c9f25 ($6.81 in chips)
Seat 6: Hero ($5 in chips)
37a4df84: posts small blind $0.02
d9aabea8: posts big blind $0.05
*** HOLE CARDS ***
Dealt to 5a90bf72 
Dealt to 37a4df84 
Dealt to d9aabea8 
Dealt to 934c9f25 
Dealt to Hero [5s 9h]
934c9f25: folds
Hero: folds
5a90bf72: raises $0.08 to $0.13
37a4df84: folds
d9aabea8: calls $0.08
*** FLOP *** [2c 8d 9s]
d9aabea8: checks
5a90bf72: checks
*** TURN *** [2c 8d 9s] [5c]
d9aabea8: bets $0.38
5a90bf72: folds
Uncalled bet ($0.38) returned to d9aabea8
*** SHOWDOWN ***
d9aabea8 collected $0.27 from pot
*** SUMMARY ***
Total pot $0.28 | Rake $0.01 | Jackpot $0 | Bingo $0 | Fortune $0
Board [2c 8d 9s 5c]
Seat 1: 5a90bf72 (button) folded on the Turn
Seat 2: 37a4df84 (small blind) folded before Flop
Seat 3: d9aabea8 (big blind) won ($0.27)
Seat 4: 934c9f25 folded before Flop (didn't bet)
Seat 6: Hero folded before Flop (didn't bet)


Poker Hand #HD1176383164: Hold'em No Limit  ($0.02/$0.05) - 2023/03/26 09:47:46
Table 'NLHBlue68' 6-max Seat #6 is the button
Seat 1: 5a90bf72 ($6.26 in chips)
Seat 2: 37a4df84 ($8.28 in chips)
Seat 3: d9aabea8 ($6.56 in chips)
Seat 4: 934c9f25 ($6.81 in chips)
Seat 6: Hero ($5 in chips)
5a90bf72: posts small blind $0.02
37a4df84: posts big blind $0.05
*** HOLE CARDS ***
Dealt to 5a90bf72 
Dealt to 37a4df84 
Dealt to d9aabea8 
Dealt to 934c9f25 
Dealt to Hero [3h 2h]
d9aabea8: folds
934c9f25: folds
Hero: folds
5a90bf72: calls $0.03
37a4df84: checks
*** FLOP *** [7d Qh Ah]
5a90bf72: checks
37a4df84: checks
*** TURN *** [7d Qh Ah] [7c]
5a90bf72: checks
37a4df84: checks
*** RIVER *** [7d Qh Ah 7c] [8s]
5a90bf72: bets $0.05
37a4df84: calls $0.05
5a90bf72: shows [8h Js] (Pair of Eights and Pair of Sevens)
37a4df84: shows [Ac 4h] (Pair of Aces and Pair of Sevens)
*** SHOWDOWN ***
37a4df84 collected $0.19 from pot
*** SUMMARY ***
Total pot $0.2 | Rake $0.01 | Jackpot $0 | Bingo $0 | Fortune $0
Board [7d Qh Ah 7c 8s]
Seat 1: 5a90bf72 (small blind) showed [8h Js] and lost with Pair of Eights and Pair of Sevens
Seat 2: 37a4df84 (big blind) showed [Ac 4h] and won ($0.19) with Pair of Aces and Pair of Sevens
Seat 3: d9aabea8 folded before Flop (didn't bet)
Seat 4: 934c9f25 folded before Flop (didn't bet)
Seat 6: Hero (button) folded before Flop (didn't bet)


Poker Hand #HD1176383096: Hold'em No Limit  ($0.02/$0.05) - 2023/03/26 09:47:11
Table 'NLHBlue68' 6-max Seat #4 is the button
Seat 1: 5a90bf72 ($5.54 in chips)
Seat 2: 37a4df84 ($8.28 in chips)
Seat 3: d9aabea8 ($6.56 in chips)
Seat 4: 934c9f25 ($6.94 in chips)
Seat 5: 6ce378c8 ($1.07 in chips)
Seat 6: Hero ($5 in chips)
6ce378c8: posts small blind $0.02
Hero: posts big blind $0.05
*** HOLE CARDS ***
Dealt to 5a90bf72 
Dealt to 37a4df84 
Dealt to d9aabea8 
Dealt to 934c9f25 
Dealt to 6ce378c8 
Dealt to Hero [8c 8s]
5a90bf72: raises $0.08 to $0.13
37a4df84: folds
d9aabea8: folds
934c9f25: calls $0.13
6ce378c8: calls $0.11
Hero: calls $0.08
*** FLOP *** [4h 2s 9s]
6ce378c8: checks
Hero: checks
5a90bf72: bets $0.39
934c9f25: folds
6ce378c8: folds
Hero: calls $0.39
*** TURN *** [4h 2s 9s] [4c]
Hero: checks
5a90bf72: bets $1.3
Hero: folds
Uncalled bet ($1.3) returned to 5a90bf72
*** SHOWDOWN ***
5a90bf72 collected $1.24 from pot
*** SUMMARY ***
Total pot $1.3 | Rake $0.06 | Jackpot $0 | Bingo $0 | Fortune $0
Board [4h 2s 9s 4c]
Seat 1: 5a90bf72 won ($1.24)
Seat 2: 37a4df84 folded before Flop (didn't bet)
Seat 3: d9aabea8 folded before Flop (didn't bet)
Seat 4: 934c9f25 (button) folded on the Flop
Seat 5: 6ce378c8 (small blind) folded on the Flop
Seat 6: Hero (big blind) folded on the Turn


Poker Hand #HD1176383012: Hold'em No Limit  ($0.02/$0.05) - 2023/03/26 09:46:31
Table 'NLHBlue68' 6-max Seat #3 is the button
Seat 1: 5a90bf72 ($5.54 in chips)
Seat 2: 37a4df84 ($8.28 in chips)
Seat 3: d9aabea8 ($6.69 in chips)
Seat 4: 934c9f25 ($6.96 in chips)
Seat 5: 6ce378c8 ($0.93 in chips)
Seat 6: Hero ($5 in chips)
934c9f25: posts small blind $0.02
6ce378c8: posts big blind $0.05
*** HOLE CARDS ***
Dealt to 5a90bf72 
Dealt to 37a4df84 
Dealt to d9aabea8 
Dealt to 934c9f25 
Dealt to 6ce378c8 
Dealt to Hero [9c As]
Hero: folds
5a90bf72: folds
37a4df84: folds
d9aabea8: raises $0.08 to $0.13
934c9f25: folds
6ce378c8: calls $0.08
*** FLOP *** [8c Ts 6h]
6ce378c8: checks
d9aabea8: checks
*** TURN *** [8c Ts 6h] [Ah]
6ce378c8: checks
d9aabea8: checks
*** RIVER *** [8c Ts 6h Ah] [6d]
6ce378c8: checks
d9aabea8: checks
6ce378c8: shows [6s Td] (Sixes Full over Tens)
d9aabea8: shows [Kh Qc] (Pair of Sixes)
*** SHOWDOWN ***
6ce378c8 collected $0.27 from pot
*** SUMMARY ***
Total pot $0.28 | Rake $0.01 | Jackpot $0 | Bingo $0 | Fortune $0
Board [8c Ts 6h Ah 6d]
Seat 1: 5a90bf72 folded before Flop (didn't bet)
Seat 2: 37a4df84 folded before Flop (didn't bet)
Seat 3: d9aabea8 (button) showed [Kh Qc] and lost with Pair of Sixes
Seat 4: 934c9f25 (small blind) folded before Flop
Seat 5: 6ce378c8 (big blind) showed [6s Td] and won ($0.27) with Sixes Full over Tens
Seat 6: Hero folded before Flop (didn't bet)


Poker Hand #HD1176382995: Hold'em No Limit  ($0.02/$0.05) - 2023/03/26 09:46:21
Table 'NLHBlue68' 6-max Seat #2 is the button
Seat 1: 5a90bf72 ($5.54 in chips)
Seat 2: 37a4df84 ($8.28 in chips)
Seat 3: d9aabea8 ($6.71 in chips)
Seat 4: 934c9f25 ($6.94 in chips)
Seat 5: 6ce378c8 ($0.93 in chips)
Seat 6: Hero ($5 in chips)
d9aabea8: posts small blind $0.02
934c9f25: posts big blind $0.05
*** HOLE CARDS ***
Dealt to 5a90bf72 
Dealt to 37a4df84 
Dealt to d9aabea8 
Dealt to 934c9f25 
Dealt to 6ce378c8 
Dealt to Hero [7s 2h]
6ce378c8: folds
Hero: folds
5a90bf72: folds
37a4df84: folds
d9aabea8: folds
Uncalled bet ($0.03) returned to 934c9f25
*** SHOWDOWN ***
934c9f25 collected $0.04 from pot
*** SUMMARY ***
Total pot $0.04 | Rake $0 | Jackpot $0 | Bingo $0 | Fortune $0
Seat 1: 5a90bf72 folded before Flop (didn't bet)
Seat 2: 37a4df84 (button) folded before Flop (didn't bet)
Seat 3: d9aabea8 (small blind) folded before Flop
Seat 4: 934c9f25 (big blind) collected ($0.04)
Seat 5: 6ce378c8 folded before Flop (didn't bet)
Seat 6: Hero folded before Flop (didn't bet)


Poker Hand #HD1176382882: Hold'em No Limit  ($0.02/$0.05) - 2023/03/26 09:45:30
Table 'NLHBlue68' 6-max Seat #1 is the button
Seat 1: 5a90bf72 ($5.59 in chips)
Seat 2: 37a4df84 ($8.3 in chips)
Seat 3: d9aabea8 ($6.58 in chips)
Seat 4: 934c9f25 ($6.94 in chips)
Seat 5: 6ce378c8 ($1 in chips)
Seat 6: Hero ($5 in chips)
37a4df84: posts small blind $0.02
d9aabea8: posts big blind $0.05
6ce378c8: posts big blind $0.05
6ce378c8: posts missed blind $0.02
*** HOLE CARDS ***
Dealt to 5a90bf72 
Dealt to 37a4df84 
Dealt to d9aabea8 
Dealt to 934c9f25 
Dealt to 6ce378c8 
Dealt to Hero [9d Qh]
934c9f25: folds
6ce378c8: checks
Hero: folds
5a90bf72: calls $0.05
37a4df84: folds
d9aabea8: checks
*** FLOP *** [5s 4d 3c]
d9aabea8: checks
6ce378c8: checks
5a90bf72: checks
*** TURN *** [5s 4d 3c] [Jd]
d9aabea8: checks
6ce378c8: checks
5a90bf72: checks
*** RIVER *** [5s 4d 3c Jd] [5d]
d9aabea8: bets $0.1
6ce378c8: folds
5a90bf72: folds
Uncalled bet ($0.1) returned to d9aabea8
*** SHOWDOWN ***
d9aabea8 collected $0.18 from pot
*** SUMMARY ***
Total pot $0.19 | Rake $0.01 | Jackpot $0 | Bingo $0 | Fortune $0
Board [5s 4d 3c Jd 5d]
Seat 1: 5a90bf72 (button) folded on the River
Seat 2: 37a4df84 (small blind) folded before Flop
Seat 3: d9aabea8 (big blind) won ($0.18)
Seat 4: 934c9f25 folded before Flop (didn't bet)
Seat 5: 6ce378c8 folded on the River
Seat 6: Hero folded before Flop (didn't bet)


Poker Hand #HD1176382852: Hold'em No Limit  ($0.02/$0.05) - 2023/03/26 09:45:15
Table 'NLHBlue68' 6-max Seat #6 is the button
Seat 1: 5a90bf72 ($5.54 in chips)
Seat 2: 37a4df84 ($8.35 in chips)
Seat 3: d9aabea8 ($6.58 in chips)
Seat 4: 934c9f25 ($6.94 in chips)
Seat 6: Hero ($5 in chips)
5a90bf72: posts small blind $0.02
37a4df84: posts big blind $0.05
*** HOLE CARDS ***
Dealt to 5a90bf72 
Dealt to 37a4df84 
Dealt to d9aabea8 
Dealt to 934c9f25 
Dealt to Hero [3h 5d]
d9aabea8: folds
934c9f25: folds
Hero: folds
5a90bf72: calls $0.03
37a4df84: checks
*** FLOP *** [9d Td 9c]
5a90bf72: bets $0.05
37a4df84: folds
Uncalled bet ($0.05) returned to 5a90bf72
*** SHOWDOWN ***
5a90bf72 collected $0.1 from pot
*** SUMMARY ***
Total pot $0.1 | Rake $0 | Jackpot $0 | Bingo $0 | Fortune $0
Board [9d Td 9c]
Seat 1: 5a90bf72 (small blind) won ($0.1)
Seat 2: 37a4df84 (big blind) folded on the Flop
Seat 3: d9aabea8 folded before Flop (didn't bet)
Seat 4: 934c9f25 folded before Flop (didn't bet)
Seat 6: Hero (button) folded before Flop (didn't bet)


Poker Hand #HD1176382785: Hold'em No Limit  ($0.02/$0.05) - 2023/03/26 09:44:46
Table 'NLHBlue68' 6-max Seat #4 is the button
Seat 1: 5a90bf72 ($6.85 in chips)
Seat 2: 37a4df84 ($7.2 in chips)
Seat 3: d9aabea8 ($6.58 in chips)
Seat 4: 934c9f25 ($6.94 in chips)
Seat 6: Hero ($5 in chips)
Hero: posts small blind $0.02
5a90bf72: posts big blind $0.05
*** HOLE CARDS ***
Dealt to 5a90bf72 
Dealt to 37a4df84 
Dealt to d9aabea8 
Dealt to 934c9f25 
Dealt to Hero [9d 2d]
37a4df84: raises $0.07 to $0.12
d9aabea8: folds
934c9f25: folds
Hero: folds
5a90bf72: calls $0.07
*** FLOP *** [As 4s 9h]
5a90bf72: checks
37a4df84: bets $0.09
5a90bf72: raises $0.22 to $0.31
37a4df84: raises $0.88 to $1.19
5a90bf72: calls $0.88
*** TURN *** [As 4s 9h] [8c]
5a90bf72: checks
37a4df84: bets $0.88
5a90bf72: folds
Uncalled bet ($0.88) returned to 37a4df84
*** SHOWDOWN ***
37a4df84 collected $2.46 from pot
*** SUMMARY ***
Total pot $2.64 | Rake $0.13 | Jackpot $0.05 | Bingo $0 | Fortune $0
Board [As 4s 9h 8c]
Seat 1: 5a90bf72 (big blind) folded on the Turn
Seat 2: 37a4df84 won ($2.46)
Seat 3: d9aabea8 folded before Flop (didn't bet)
Seat 4: 934c9f25 (button) folded before Flop (didn't bet)
Seat 6: Hero (small blind) folded before Flop


Poker Hand #HD1176382725: Hold'em No Limit  ($0.02/$0.05) - 2023/03/26 09:44:18
Table 'NLHBlue68' 6-max Seat #3 is the button
Seat 1: 5a90bf72 ($6.85 in chips)
Seat 2: 37a4df84 ($7.2 in chips)
Seat 3: d9aabea8 ($6.2 in chips)
Seat 4: 934c9f25 ($7.31 in chips)
Seat 6: Hero ($5 in chips)
934c9f25: posts small blind $0.02
Hero: posts big blind $0.05
*** HOLE CARDS ***
Dealt to 5a90bf72 
Dealt to 37a4df84 
Dealt to d9aabea8 
Dealt to 934c9f25 
Dealt to Hero [7h 6d]
5a90bf72: folds
37a4df84: folds
d9aabea8: raises $0.08 to $0.13
934c9f25: raises $0.24 to $0.37
Hero: folds
d9aabea8: raises $5.83 to $6.2 and is all-in
934c9f25: folds
Uncalled bet ($5.83) returned to d9aabea8
*** SHOWDOWN ***
d9aabea8 collected $0.75 from pot
*** SUMMARY ***
Total pot $0.79 | Rake $0.04 | Jackpot $0 | Bingo $0 | Fortune $0
Seat 1: 5a90bf72 folded before Flop (didn't bet)
Seat 2: 37a4df84 folded before Flop (didn't bet)
Seat 3: d9aabea8 (button) collected ($0.75)
Seat 4: 934c9f25 (small blind) folded before Flop
Seat 6: Hero (big blind) folded before Flop


Poker Hand #HD1176382700: Hold'em No Limit  ($0.02/$0.05) - 2023/03/26 09:44:08
Table 'NLHBlue68' 6-max Seat #2 is the button
Seat 2: 37a4df84 ($7.2 in chips)
Seat 3: d9aabea8 ($6.22 in chips)
Seat 4: 934c9f25 ($7.29 in chips)
Seat 6: Hero ($5 in chips)
d9aabea8: posts small blind $0.02
934c9f25: posts big blind $0.05
*** HOLE CARDS ***
Dealt to 37a4df84 
Dealt to d9aabea8 
Dealt to 934c9f25 
Dealt to Hero [3s Jh]
Hero: folds
37a4df84: folds
d9aabea8: folds
Uncalled bet ($0.03) returned to 934c9f25
*** SHOWDOWN ***
934c9f25 collected $0.04 from pot
*** SUMMARY ***
Total pot $0.04 | Rake $0 | Jackpot $0 | Bingo $0 | Fortune $0
Seat 2: 37a4df84 (button) folded before Flop (didn't bet)
Seat 3: d9aabea8 (small blind) folded before Flop
Seat 4: 934c9f25 (big blind) collected ($0.04)
Seat 6: Hero folded before Flop (didn't bet)


Poker Hand #HD1176382666: Hold'em No Limit  ($0.02/$0.05) - 2023/03/26 09:43:48
Table 'NLHBlue68' 6-max Seat #6 is the button
Seat 1: 5a90bf72 ($6.87 in chips)
Seat 2: 37a4df84 ($7.18 in chips)
Seat 3: d9aabea8 ($6.22 in chips)
Seat 4: 934c9f25 ($7.29 in chips)
Seat 6: Hero ($5 in chips)
5a90bf72: posts small blind $0.02
37a4df84: posts big blind $0.05
*** HOLE CARDS ***
Dealt to 5a90bf72 
Dealt to 37a4df84 
Dealt to d9aabea8 
Dealt to 934c9f25 
Dealt to Hero [3h 2h]
d9aabea8: folds
934c9f25: folds
Hero: folds
5a90bf72: folds
Uncalled bet ($0.03) returned to 37a4df84
*** SHOWDOWN ***
37a4df84 collected $0.04 from pot
*** SUMMARY ***
Total pot $0.04 | Rake $0 | Jackpot $0 | Bingo $0 | Fortune $0
Seat 1: 5a90bf72 (small blind) folded before Flop
Seat 2: 37a4df84 (big blind) collected ($0.04)
Seat 3: d9aabea8 folded before Flop (didn't bet)
Seat 4: 934c9f25 folded before Flop (didn't bet)
Seat 6: Hero (button) folded before Flop (didn't bet)


Poker Hand #HD1176382656: Hold'em No Limit  ($0.02/$0.05) - 2023/03/26 09:43:42
Table 'NLHBlue68' 6-max Seat #4 is the button
Seat 1: 5a90bf72 ($6.85 in chips)
Seat 2: 37a4df84 ($7.18 in chips)
Seat 3: d9aabea8 ($6.22 in chips)
Seat 4: 934c9f25 ($7.29 in chips)
Seat 6: Hero ($5.02 in chips)
Hero: posts small blind $0.02
5a90bf72: posts big blind $0.05
*** HOLE CARDS ***
Dealt to 5a90bf72 
Dealt to 37a4df84 
Dealt to d9aabea8 
Dealt to 934c9f25 
Dealt to Hero [4c 3d]
37a4df84: folds
d9aabea8: folds
934c9f25: folds
Hero: folds
Uncalled bet ($0.03) returned to 5a90bf72
*** SHOWDOWN ***
5a90bf72 collected $0.04 from pot
*** SUMMARY ***
Total pot $0.04 | Rake $0 | Jackpot $0 | Bingo $0 | Fortune $0
Seat 1: 5a90bf72 (big blind) collected ($0.04)
Seat 2: 37a4df84 folded before Flop (didn't bet)
Seat 3: d9aabea8 folded before Flop (didn't bet)
Seat 4: 934c9f25 (button) folded before Flop (didn't bet)
Seat 6: Hero (small blind) folded before Flop


Poker Hand #HD1176382637: Hold'em No Limit  ($0.02/$0.05) - 2023/03/26 09:43:32
Table 'NLHBlue68' 6-max Seat #3 is the button
Seat 1: 5a90bf72 ($6.85 in chips)
Seat 2: 37a4df84 ($7.18 in chips)
Seat 3: d9aabea8 ($6.22 in chips)
Seat 4: 934c9f25 ($7.31 in chips)
Seat 6: Hero ($5 in chips)
934c9f25: posts small blind $0.02
Hero: posts big blind $0.05
*** HOLE CARDS ***
Dealt to 5a90bf72 
Dealt to 37a4df84 
Dealt to d9aabea8 
Dealt to 934c9f25 
Dealt to Hero [2h Qd]
5a90bf72: folds
37a4df84: folds
d9aabea8: folds
934c9f25: folds
Uncalled bet ($0.03) returned to Hero
*** SHOWDOWN ***
Hero collected $0.04 from pot
*** SUMMARY ***
Total pot $0.04 | Rake $0 | Jackpot $0 | Bingo $0 | Fortune $0
Seat 1: 5a90bf72 folded before Flop (didn't bet)
Seat 2: 37a4df84 folded before Flop (didn't bet)
Seat 3: d9aabea8 (button) folded before Flop (didn't bet)
Seat 4: 934c9f25 (small blind) folded before Flop
Seat 6: Hero (big blind) collected ($0.04)


Poker Hand #HD1176382513: Hold'em No Limit  ($0.02/$0.05) - 2023/03/26 09:42:37
Table 'NLHBlue68' 6-max Seat #2 is the button
Seat 1: 5a90bf72 ($6.85 in chips)
Seat 2: 37a4df84 ($7.18 in chips)
Seat 3: d9aabea8 ($6.24 in chips)
Seat 4: 934c9f25 ($4.8 in chips)
Seat 5: 6ce378c8 ($0.37 in chips)
Seat 6: Hero ($5 in chips)
d9aabea8: posts small blind $0.02
934c9f25: posts big blind $0.05
*** HOLE CARDS ***
Dealt to 5a90bf72 
Dealt to 37a4df84 
Dealt to d9aabea8 
Dealt to 934c9f25 
Dealt to 6ce378c8 
Dealt to Hero [Ad Jc]
6ce378c8: calls $0.05
Hero: raises $0.15 to $0.2
5a90bf72: folds
37a4df84: folds
d9aabea8: folds
934c9f25: calls $0.15
6ce378c8: raises $0.17 to $0.37 and is all-in
Hero: calls $0.17
934c9f25: calls $0.17
*** FLOP *** [Kh Qd 4s]
934c9f25: bets $0.38
Hero: calls $0.38
*** TURN *** [Kh Qd 4s] [Jh]
934c9f25: bets $0.63
Hero: calls $0.63
*** RIVER *** [Kh Qd 4s Jh] [As]
934c9f25: bets $1.04
Hero: calls $1.04
934c9f25: shows [Td Kc] (Aces-High Straight)
6ce378c8: shows [8h 9d] (Ace-High)
Hero: shows [Ad Jc] (Pair of Aces and Pair of Jacks)
*** SHOWDOWN ***
934c9f25 collected $1.08 from pot
934c9f25 collected $3.85 from pot
*** SUMMARY ***
Total pot $5.23 | Rake $0.25 | Jackpot $0.05 | Bingo $0 | Fortune $0
Board [Kh Qd 4s Jh As]
Seat 1: 5a90bf72 folded before Flop (didn't bet)
Seat 2: 37a4df84 (button) folded before Flop (didn't bet)
Seat 3: d9aabea8 (small blind) folded before Flop
Seat 4: 934c9f25 (big blind) showed [Td Kc] and won ($4.93) with Aces-High Straight
Seat 5: 6ce378c8 showed [8h 9d] and lost with Ace-High
Seat 6: Hero showed [Ad Jc] and lost with Pair of Aces and Pair of Jacks


Poker Hand #HD1176382477: Hold'em No Limit  ($0.02/$0.05) - 2023/03/26 09:42:21
Table 'NLHBlue68' 6-max Seat #1 is the button
Seat 1: 5a90bf72 ($6.78 in chips)
Seat 2: 37a4df84 ($7.2 in chips)
Seat 3: d9aabea8 ($6.29 in chips)
Seat 4: 934c9f25 ($4.8 in chips)
Seat 5: 6ce378c8 ($0.37 in chips)
Seat 6: Hero ($5 in chips)
37a4df84: posts small blind $0.02
d9aabea8: posts big blind $0.05
*** HOLE CARDS ***
Dealt to 5a90bf72 
Dealt to 37a4df84 
Dealt to d9aabea8 
Dealt to 934c9f25 
Dealt to 6ce378c8 
Dealt to Hero [Kc 5c]
934c9f25: folds
6ce378c8: folds
Hero: folds
5a90bf72: raises $0.1 to $0.15
37a4df84: folds
d9aabea8: folds
Uncalled bet ($0.1) returned to 5a90bf72
*** SHOWDOWN ***
5a90bf72 collected $0.12 from pot
*** SUMMARY ***
Total pot $0.12 | Rake $0 | Jackpot $0 | Bingo $0 | Fortune $0
Seat 1: 5a90bf72 (button) collected ($0.12)
Seat 2: 37a4df84 (small blind) folded before Flop
Seat 3: d9aabea8 (big blind) folded before Flop
Seat 4: 934c9f25 folded before Flop (didn't bet)
Seat 5: 6ce378c8 folded before Flop (didn't bet)
Seat 6: Hero folded before Flop (didn't bet)


Poker Hand #HD1176382429: Hold'em No Limit  ($0.02/$0.05) - 2023/03/26 09:41:58
Table 'NLHBlue68' 6-max Seat #6 is the button
Seat 1: 5a90bf72 ($6.62 in chips)
Seat 2: 37a4df84 ($7.25 in chips)
Seat 3: d9aabea8 ($6.29 in chips)
Seat 4: 934c9f25 ($4.92 in chips)
Seat 5: 6ce378c8 ($0.37 in chips)
Seat 6: Hero ($5 in chips)
5a90bf72: posts small blind $0.02
37a4df84: posts big blind $0.05
*** HOLE CARDS ***
Dealt to 5a90bf72 
Dealt to 37a4df84 
Dealt to d9aabea8 
Dealt to 934c9f25 
Dealt to 6ce378c8 
Dealt to Hero [4c Kh]
d9aabea8: folds
934c9f25: raises $0.07 to $0.12
6ce378c8: folds
Hero: folds
5a90bf72: raises $0.29 to $0.41
37a4df84: folds
934c9f25: folds
Uncalled bet ($0.29) returned to 5a90bf72
*** SHOWDOWN ***
5a90bf72 collected $0.28 from pot
*** SUMMARY ***
Total pot $0.29 | Rake $0.01 | Jackpot $0 | Bingo $0 | Fortune $0
Seat 1: 5a90bf72 (small blind) collected ($0.28)
Seat 2: 37a4df84 (big blind) folded before Flop
Seat 3: d9aabea8 folded before Flop (didn't bet)
Seat 4: 934c9f25 folded before Flop
Seat 5: 6ce378c8 folded before Flop (didn't bet)
Seat 6: Hero (button) folded before Flop (didn't bet)


Poker Hand #HD1176382361: Hold'em No Limit  ($0.02/$0.05) - 2023/03/26 09:41:23
Table 'NLHBlue68' 6-max Seat #5 is the button
Seat 1: 5a90bf72 ($6.67 in chips)
Seat 2: 37a4df84 ($7.25 in chips)
Seat 3: d9aabea8 ($6.29 in chips)
Seat 4: 934c9f25 ($4.94 in chips)
Seat 5: 6ce378c8 ($0.28 in chips)
Seat 6: Hero ($5 in chips)
Hero: posts small blind $0.02
5a90bf72: posts big blind $0.05
934c9f25: posts missed blind $0.02
*** HOLE CARDS ***
Dealt to 5a90bf72 
Dealt to 37a4df84 
Dealt to d9aabea8 
Dealt to 934c9f25 
Dealt to 6ce378c8 
Dealt to Hero [8d 4d]
37a4df84: folds
d9aabea8: folds
934c9f25: folds
6ce378c8: calls $0.05
Hero: folds
5a90bf72: checks
*** FLOP *** [5d Jd 2c]
5a90bf72: checks
6ce378c8: bets $0.23 and is all-in
5a90bf72: folds
Uncalled bet ($0.23) returned to 6ce378c8
*** SHOWDOWN ***
6ce378c8 collected $0.14 from pot
*** SUMMARY ***
Total pot $0.14 | Rake $0 | Jackpot $0 | Bingo $0 | Fortune $0
Board [5d Jd 2c]
Seat 1: 5a90bf72 (big blind) folded on the Flop
Seat 2: 37a4df84 folded before Flop (didn't bet)
Seat 3: d9aabea8 folded before Flop (didn't bet)
Seat 4: 934c9f25 folded before Flop
Seat 5: 6ce378c8 (button) won ($0.14)
Seat 6: Hero (small blind) folded before Flop


Poker Hand #HD1176382148: Hold'em No Limit  ($0.02/$0.05) - 2023/03/26 09:39:44
Table 'NLHBlue68' 6-max Seat #3 is the button
Seat 1: 5a90bf72 ($6.67 in chips)
Seat 2: 37a4df84 ($7.25 in chips)
Seat 3: d9aabea8 ($5.05 in chips)
Seat 5: 6ce378c8 ($1.36 in chips)
Seat 6: Hero ($5.1 in chips)
6ce378c8: posts small blind $0.02
Hero: posts big blind $0.05
*** HOLE CARDS ***
Dealt to 5a90bf72 
Dealt to 37a4df84 
Dealt to d9aabea8 
Dealt to 6ce378c8 
Dealt to Hero [Ac 8c]
5a90bf72: folds
37a4df84: folds
d9aabea8: raises $0.08 to $0.13
6ce378c8: calls $0.11
Hero: calls $0.08
*** FLOP *** [5c Qd Qc]
6ce378c8: checks
Hero: checks
d9aabea8: checks
*** TURN *** [5c Qd Qc] [3h]
6ce378c8: checks
Hero: bets $0.2
d9aabea8: calls $0.2
6ce378c8: calls $0.2
*** RIVER *** [5c Qd Qc 3h] [4d]
6ce378c8: checks
Hero: checks
d9aabea8: bets $0.75
6ce378c8: calls $0.75
Hero: folds
d9aabea8: shows [3c 3d] (Treys Full over Queens)
6ce378c8: shows [Jd Qh] (Three Queens)
*** SHOWDOWN ***
d9aabea8 collected $2.32 from pot
*** SUMMARY ***
Total pot $2.49 | Rake $0.12 | Jackpot $0.05 | Bingo $0 | Fortune $0
Board [5c Qd Qc 3h 4d]
Seat 1: 5a90bf72 folded before Flop (didn't bet)
Seat 2: 37a4df84 folded before Flop (didn't bet)
Seat 3: d9aabea8 (button) showed [3c 3d] and won ($2.32) with Treys Full over Queens
Seat 5: 6ce378c8 (small blind) showed [Jd Qh] and lost with Three Queens
Seat 6: Hero (big blind) folded on the River


Poker Hand #HD1176382092: Hold'em No Limit  ($0.02/$0.05) - 2023/03/26 09:39:19
Table 'NLHBlue68' 6-max Seat #2 is the button
Seat 1: 5a90bf72 ($6.67 in chips)
Seat 2: 37a4df84 ($7.25 in chips)
Seat 3: d9aabea8 ($5 in chips)
Seat 4: 934c9f25 ($4.99 in chips)
Seat 5: 6ce378c8 ($1.36 in chips)
Seat 6: Hero ($5.1 in chips)
d9aabea8: posts small blind $0.02
934c9f25: posts big blind $0.05
*** HOLE CARDS ***
Dealt to 5a90bf72 
Dealt to 37a4df84 
Dealt to d9aabea8 
Dealt to 934c9f25 
Dealt to 6ce378c8 
Dealt to Hero [5h 9h]
6ce378c8: folds
Hero: folds
5a90bf72: folds
37a4df84: folds
d9aabea8: raises $0.1 to $0.15
934c9f25: folds
Uncalled bet ($0.1) returned to d9aabea8
*** SHOWDOWN ***
d9aabea8 collected $0.1 from pot
*** SUMMARY ***
Total pot $0.1 | Rake $0 | Jackpot $0 | Bingo $0 | Fortune $0
Seat 1: 5a90bf72 folded before Flop (didn't bet)
Seat 2: 37a4df84 (button) folded before Flop (didn't bet)
Seat 3: d9aabea8 (small blind) collected ($0.1)
Seat 4: 934c9f25 (big blind) folded before Flop
Seat 5: 6ce378c8 folded before Flop (didn't bet)
Seat 6: Hero folded before Flop (didn't bet)


Poker Hand #HD1176381994: Hold'em No Limit  ($0.02/$0.05) - 2023/03/26 09:38:34
Table 'NLHBlue68' 6-max Seat #1 is the button
Seat 1: 5a90bf72 ($6.67 in chips)
Seat 2: 37a4df84 ($6.76 in chips)
Seat 3: d9aabea8 ($5 in chips)
Seat 4: 934c9f25 ($4.99 in chips)
Seat 5: 6ce378c8 ($1.85 in chips)
Seat 6: Hero ($5.1 in chips)
37a4df84: posts small blind $0.02
d9aabea8: posts big blind $0.05
*** HOLE CARDS ***
Dealt to 5a90bf72 
Dealt to 37a4df84 
Dealt to d9aabea8 
Dealt to 934c9f25 
Dealt to 6ce378c8 
Dealt to Hero [Th 7c]
934c9f25: folds
6ce378c8: raises $0.05 to $0.1
Hero: folds
5a90bf72: folds
37a4df84: calls $0.08
d9aabea8: folds
*** FLOP *** [Ks Td Qs]
37a4df84: checks
6ce378c8: bets $0.13
37a4df84: calls $0.13
*** TURN *** [Ks Td Qs] [7h]
37a4df84: checks
6ce378c8: bets $0.26
37a4df84: calls $0.26
*** RIVER *** [Ks Td Qs 7h] [6d]
37a4df84: bets $0.34
6ce378c8: folds
Uncalled bet ($0.34) returned to 37a4df84
*** SHOWDOWN ***
37a4df84 collected $0.98 from pot
*** SUMMARY ***
Total pot $1.03 | Rake $0.05 | Jackpot $0 | Bingo $0 | Fortune $0
Board [Ks Td Qs 7h 6d]
Seat 1: 5a90bf72 (button) folded before Flop (didn't bet)
Seat 2: 37a4df84 (small blind) won ($0.98)
Seat 3: d9aabea8 (big blind) folded before Flop
Seat 4: 934c9f25 folded before Flop (didn't bet)
Seat 5: 6ce378c8 folded on the River
Seat 6: Hero folded before Flop (didn't bet)


Poker Hand #HD1176381893: Hold'em No Limit  ($0.02/$0.05) - 2023/03/26 09:37:46
Table 'NLHBlue68' 6-max Seat #6 is the button
Seat 1: 5a90bf72 ($6.94 in chips)
Seat 2: 37a4df84 ($6.81 in chips)
Seat 3: d9aabea8 ($5 in chips)
Seat 4: 934c9f25 ($4.7 in chips)
Seat 5: 6ce378c8 ($1.85 in chips)
Seat 6: Hero ($5.1 in chips)
5a90bf72: posts small blind $0.02
37a4df84: posts big blind $0.05
*** HOLE CARDS ***
Dealt to 5a90bf72 
Dealt to 37a4df84 
Dealt to d9aabea8 
Dealt to 934c9f25 
Dealt to 6ce378c8 
Dealt to Hero [4h 7d]
d9aabea8: folds
934c9f25: raises $0.1 to $0.15
6ce378c8: folds
Hero: folds
5a90bf72: calls $0.13
37a4df84: folds
*** FLOP *** [2h 8d Ah]
5a90bf72: checks
934c9f25: bets $0.12
5a90bf72: calls $0.12
*** TURN *** [2h 8d Ah] [3s]
5a90bf72: checks
934c9f25: bets $0.3
5a90bf72: folds
Uncalled bet ($0.3) returned to 934c9f25
*** SHOWDOWN ***
934c9f25 collected $0.56 from pot
*** SUMMARY ***
Total pot $0.59 | Rake $0.03 | Jackpot $0 | Bingo $0 | Fortune $0
Board [2h 8d Ah 3s]
Seat 1: 5a90bf72 (small blind) folded on the Turn
Seat 2: 37a4df84 (big blind) folded before Flop
Seat 3: d9aabea8 folded before Flop (didn't bet)
Seat 4: 934c9f25 won ($0.56)
Seat 5: 6ce378c8 folded before Flop (didn't bet)
Seat 6: Hero (button) folded before Flop (didn't bet)


Poker Hand #HD1176381788: Hold'em No Limit  ($0.02/$0.05) - 2023/03/26 09:36:59
Table 'NLHBlue68' 6-max Seat #5 is the button
Seat 1: 5a90bf72 ($6.69 in chips)
Seat 2: 37a4df84 ($6.81 in chips)
Seat 3: d9aabea8 ($5 in chips)
Seat 4: 934c9f25 ($4.95 in chips)
Seat 5: 6ce378c8 ($1.85 in chips)
Seat 6: Hero ($5.12 in chips)
Hero: posts small blind $0.02
5a90bf72: posts big blind $0.05
*** HOLE CARDS ***
Dealt to 5a90bf72 
Dealt to 37a4df84 
Dealt to d9aabea8 
Dealt to 934c9f25 
Dealt to 6ce378c8 
Dealt to Hero [3d 5s]
37a4df84: folds
d9aabea8: folds
934c9f25: raises $0.07 to $0.12
6ce378c8: folds
Hero: folds
5a90bf72: calls $0.07
*** FLOP *** [4d Kh 8d]
5a90bf72: checks
934c9f25: checks
*** TURN *** [4d Kh 8d] [As]
5a90bf72: checks
934c9f25: bets $0.13
5a90bf72: calls $0.13
*** RIVER *** [4d Kh 8d As] [8c]
5a90bf72: checks
934c9f25: checks
5a90bf72: shows [Ks 9c] (Pair of Kings and Pair of Eights)
934c9f25: shows [6h 6s] (Pair of Eights and Pair of Sixes)
*** SHOWDOWN ***
5a90bf72 collected $0.5 from pot
*** SUMMARY ***
Total pot $0.52 | Rake $0.02 | Jackpot $0 | Bingo $0 | Fortune $0
Board [4d Kh 8d As 8c]
Seat 1: 5a90bf72 (big blind) showed [Ks 9c] and won ($0.5) with Pair of Kings and Pair of Eights
Seat 2: 37a4df84 folded before Flop (didn't bet)
Seat 3: d9aabea8 folded before Flop (didn't bet)
Seat 4: 934c9f25 showed [6h 6s] and lost with Pair of Eights and Pair of Sixes
Seat 5: 6ce378c8 (button) folded before Flop (didn't bet)
Seat 6: Hero (small blind) folded before Flop


Poker Hand #HD1176381765: Hold'em No Limit  ($0.02/$0.05) - 2023/03/26 09:36:50
Table 'NLHBlue68' 6-max Seat #4 is the button
Seat 1: 5a90bf72 ($6.69 in chips)
Seat 2: 37a4df84 ($6.74 in chips)
Seat 3: d9aabea8 ($5 in chips)
Seat 4: 934c9f25 ($4.95 in chips)
Seat 5: 6ce378c8 ($1.87 in chips)
Seat 6: Hero ($5.17 in chips)
6ce378c8: posts small blind $0.02
Hero: posts big blind $0.05
*** HOLE CARDS ***
Dealt to 5a90bf72 
Dealt to 37a4df84 
Dealt to d9aabea8 
Dealt to 934c9f25 
Dealt to 6ce378c8 
Dealt to Hero [3h 4d]
5a90bf72: folds
37a4df84: raises $0.07 to $0.12
d9aabea8: folds
934c9f25: folds
6ce378c8: folds
Hero: folds
Uncalled bet ($0.07) returned to 37a4df84
*** SHOWDOWN ***
37a4df84 collected $0.12 from pot
*** SUMMARY ***
Total pot $0.12 | Rake $0 | Jackpot $0 | Bingo $0 | Fortune $0
Seat 1: 5a90bf72 folded before Flop (didn't bet)
Seat 2: 37a4df84 collected ($0.12)
Seat 3: d9aabea8 folded before Flop (didn't bet)
Seat 4: 934c9f25 (button) folded before Flop (didn't bet)
Seat 5: 6ce378c8 (small blind) folded before Flop
Seat 6: Hero (big blind) folded before Flop


Poker Hand #HD1176381627: Hold'em No Limit  ($0.02/$0.05) - 2023/03/26 09:35:50
Table 'NLHBlue68' 6-max Seat #3 is the button
Seat 1: 5a90bf72 ($6.1 in chips)
Seat 2: 37a4df84 ($6.74 in chips)
Seat 3: d9aabea8 ($5 in chips)
Seat 4: 934c9f25 ($4.97 in chips)
Seat 5: 6ce378c8 ($2.5 in chips)
Seat 6: Hero ($5.17 in chips)
934c9f25: posts small blind $0.02
6ce378c8: posts big blind $0.05
*** HOLE CARDS ***
Dealt to 5a90bf72 
Dealt to 37a4df84 
Dealt to d9aabea8 
Dealt to 934c9f25 
Dealt to 6ce378c8 
Dealt to Hero [5d 8d]
Hero: folds
5a90bf72: calls $0.05
37a4df84: folds
d9aabea8: folds
934c9f25: folds
6ce378c8: checks
*** FLOP *** [Kd 7s 4c]
6ce378c8: checks
5a90bf72: bets $0.1
6ce378c8: raises $0.16 to $0.26
5a90bf72: calls $0.16
*** TURN *** [Kd 7s 4c] [2d]
6ce378c8: checks
5a90bf72: checks
*** RIVER *** [Kd 7s 4c 2d] [Qc]
6ce378c8: checks
5a90bf72: bets $0.32
6ce378c8: calls $0.32
5a90bf72: shows [Qd 7d] (Pair of Queens and Pair of Sevens)
6ce378c8: shows [Kh 9d] (Pair of Kings)
*** SHOWDOWN ***
5a90bf72 collected $1.22 from pot
*** SUMMARY ***
Total pot $1.28 | Rake $0.06 | Jackpot $0 | Bingo $0 | Fortune $0
Board [Kd 7s 4c 2d Qc]
Seat 1: 5a90bf72 showed [Qd 7d] and won ($1.22) with Pair of Queens and Pair of Sevens
Seat 2: 37a4df84 folded before Flop (didn't bet)
Seat 3: d9aabea8 (button) folded before Flop (didn't bet)
Seat 4: 934c9f25 (small blind) folded before Flop
Seat 5: 6ce378c8 (big blind) showed [Kh 9d] and lost with Pair of Kings
Seat 6: Hero folded before Flop (didn't bet)


Poker Hand #HD1176381599: Hold'em No Limit  ($0.02/$0.05) - 2023/03/26 09:35:40
Table 'NLHBlue68' 6-max Seat #2 is the button
Seat 1: 5a90bf72 ($6.1 in chips)
Seat 2: 37a4df84 ($6.74 in chips)
Seat 3: d9aabea8 ($5 in chips)
Seat 4: 934c9f25 ($4.95 in chips)
Seat 5: 6ce378c8 ($2.5 in chips)
Seat 6: Hero ($5.17 in chips)
d9aabea8: posts small blind $0.02
934c9f25: posts big blind $0.05
*** HOLE CARDS ***
Dealt to 5a90bf72 
Dealt to 37a4df84 
Dealt to d9aabea8 
Dealt to 934c9f25 
Dealt to 6ce378c8 
Dealt to Hero [2s Qc]
6ce378c8: folds
Hero: folds
5a90bf72: folds
37a4df84: folds
d9aabea8: folds
Uncalled bet ($0.03) returned to 934c9f25
*** SHOWDOWN ***
934c9f25 collected $0.04 from pot
*** SUMMARY ***
Total pot $0.04 | Rake $0 | Jackpot $0 | Bingo $0 | Fortune $0
Seat 1: 5a90bf72 folded before Flop (didn't bet)
Seat 2: 37a4df84 (button) folded before Flop (didn't bet)
Seat 3: d9aabea8 (small blind) folded before Flop
Seat 4: 934c9f25 (big blind) collected ($0.04)
Seat 5: 6ce378c8 folded before Flop (didn't bet)
Seat 6: Hero folded before Flop (didn't bet)


Poker Hand #HD1176381466: Hold'em No Limit  ($0.02/$0.05) - 2023/03/26 09:34:46
Table 'NLHBlue68' 6-max Seat #1 is the button
Seat 1: 5a90bf72 ($5 in chips)
Seat 2: 37a4df84 ($6.87 in chips)
Seat 3: d9aabea8 ($6.09 in chips)
Seat 4: 934c9f25 ($4.95 in chips)
Seat 5: 6ce378c8 ($2.5 in chips)
Seat 6: Hero ($5.17 in chips)
37a4df84: posts small blind $0.02
d9aabea8: posts big blind $0.05
*** HOLE CARDS ***
Dealt to 5a90bf72 
Dealt to 37a4df84 
Dealt to d9aabea8 
Dealt to 934c9f25 
Dealt to 6ce378c8 
Dealt to Hero [Qc 9h]
934c9f25: folds
6ce378c8: folds
Hero: folds
5a90bf72: raises $0.08 to $0.13
37a4df84: calls $0.11
d9aabea8: raises $0.52 to $0.65
5a90bf72: calls $0.52
37a4df84: folds
*** FLOP *** [6c Td 8c]
d9aabea8: bets $0.48
5a90bf72: calls $0.48
*** TURN *** [6c Td 8c] [7c]
d9aabea8: checks
5a90bf72: bets $2.39
d9aabea8: folds
Uncalled bet ($2.39) returned to 5a90bf72
*** SHOWDOWN ***
5a90bf72 collected $2.23 from pot
*** SUMMARY ***
Total pot $2.39 | Rake $0.11 | Jackpot $0.05 | Bingo $0 | Fortune $0
Board [6c Td 8c 7c]
Seat 1: 5a90bf72 (button) won ($2.23)
Seat 2: 37a4df84 (small blind) folded before Flop
Seat 3: d9aabea8 (big blind) folded on the Turn
Seat 4: 934c9f25 folded before Flop (didn't bet)
Seat 5: 6ce378c8 folded before Flop (didn't bet)
Seat 6: Hero folded before Flop (didn't bet)


Poker Hand #HD1176381355: Hold'em No Limit  ($0.02/$0.05) - 2023/03/26 09:33:55
Table 'NLHBlue68' 6-max Seat #6 is the button
Seat 1: 5a90bf72 ($5 in chips)
Seat 2: 37a4df84 ($6.67 in chips)
Seat 3: d9aabea8 ($6.09 in chips)
Seat 4: 934c9f25 ($5 in chips)
Seat 5: 6ce378c8 ($2.64 in chips)
Seat 6: Hero ($5.17 in chips)
5a90bf72: posts small blind $0.02
37a4df84: posts big blind $0.05
934c9f25: posts big blind $0.05
*** HOLE CARDS ***
Dealt to 5a90bf72 
Dealt to 37a4df84 
Dealt to d9aabea8 
Dealt to 934c9f25 
Dealt to 6ce378c8 
Dealt to Hero [5s 2d]
d9aabea8: folds
934c9f25: checks
6ce378c8: calls $0.05
Hero: folds
5a90bf72: folds
37a4df84: checks
*** FLOP *** [Qc 3d 7h]
37a4df84: checks
934c9f25: checks
6ce378c8: bets $0.09
37a4df84: calls $0.09
934c9f25: folds
*** TURN *** [Qc 3d 7h] [Ac]
37a4df84: checks
6ce378c8: checks
*** RIVER *** [Qc 3d 7h Ac] [5d]
37a4df84: checks
6ce378c8: checks
37a4df84: shows [7c 9h] (Pair of Sevens)
6ce378c8: shows [7s 8s] (Pair of Sevens)
*** SHOWDOWN ***
37a4df84 collected $0.34 from pot
*** SUMMARY ***
Total pot $0.35 | Rake $0.01 | Jackpot $0 | Bingo $0 | Fortune $0
Board [Qc 3d 7h Ac 5d]
Seat 1: 5a90bf72 (small blind) folded before Flop
Seat 2: 37a4df84 (big blind) showed [7c 9h] and won ($0.34) with Pair of Sevens
Seat 3: d9aabea8 folded before Flop (didn't bet)
Seat 4: 934c9f25 folded on the Flop
Seat 5: 6ce378c8 showed [7s 8s] and lost with Pair of Sevens
Seat 6: Hero (button) folded before Flop (didn't bet)


Poker Hand #HD1176381299: Hold'em No Limit  ($0.02/$0.05) - 2023/03/26 09:33:28
Table 'NLHBlue68' 6-max Seat #5 is the button
Seat 1: 5a90bf72 ($5 in chips)
Seat 2: 37a4df84 ($6.67 in chips)
Seat 3: d9aabea8 ($6.22 in chips)
Seat 5: 6ce378c8 ($2.64 in chips)
Seat 6: Hero ($5 in chips)
Hero: posts small blind $0.02
5a90bf72: posts big blind $0.05
*** HOLE CARDS ***
Dealt to 5a90bf72 
Dealt to 37a4df84 
Dealt to d9aabea8 
Dealt to 6ce378c8 
Dealt to Hero [As Qh]
37a4df84: folds
d9aabea8: raises $0.08 to $0.13
6ce378c8: folds
Hero: raises $0.47 to $0.6
5a90bf72: folds
d9aabea8: folds
Uncalled bet ($0.47) returned to Hero
*** SHOWDOWN ***
Hero collected $0.3 from pot
*** SUMMARY ***
Total pot $0.31 | Rake $0.01 | Jackpot $0 | Bingo $0 | Fortune $0
Seat 1: 5a90bf72 (big blind) folded before Flop
Seat 2: 37a4df84 folded before Flop (didn't bet)
Seat 3: d9aabea8 folded before Flop
Seat 5: 6ce378c8 (button) folded before Flop (didn't bet)
Seat 6: Hero (small blind) collected ($0.3)


Poker Hand #HD1176381244: Hold'em No Limit  ($0.02/$0.05) - 2023/03/26 09:33:02
Table 'NLHBlue68' 6-max Seat #3 is the button
Seat 1: 5a90bf72 ($5 in chips)
Seat 2: 37a4df84 ($6.79 in chips)
Seat 3: d9aabea8 ($6.04 in chips)
Seat 5: 6ce378c8 ($2.66 in chips)
Seat 6: Hero ($5 in chips)
6ce378c8: posts small blind $0.02
Hero: posts big blind $0.05
*** HOLE CARDS ***
Dealt to 5a90bf72 
Dealt to 37a4df84 
Dealt to d9aabea8 
Dealt to 6ce378c8 
Dealt to Hero [5s 8d]
5a90bf72: folds
37a4df84: raises $0.07 to $0.12
d9aabea8: raises $0.24 to $0.36
6ce378c8: folds
Hero: folds
37a4df84: folds
Uncalled bet ($0.24) returned to d9aabea8
*** SHOWDOWN ***
d9aabea8 collected $0.3 from pot
*** SUMMARY ***
Total pot $0.31 | Rake $0.01 | Jackpot $0 | Bingo $0 | Fortune $0
Seat 1: 5a90bf72 folded before Flop (didn't bet)
Seat 2: 37a4df84 folded before Flop
Seat 3: d9aabea8 (button) collected ($0.3)
Seat 5: 6ce378c8 (small blind) folded before Flop
Seat 6: Hero (big blind) folded before Flop


Poker Hand #HD1176381149: Hold'em No Limit  ($0.02/$0.05) - 2023/03/26 09:32:18
Table 'NLHBlue68' 6-max Seat #2 is the button
Seat 1: 5a90bf72 ($5 in chips)
Seat 2: 37a4df84 ($6.79 in chips)
Seat 3: d9aabea8 ($6.06 in chips)
Seat 4: 4915a339 ($0.93 in chips)
Seat 5: 6ce378c8 ($1.85 in chips)
Seat 6: Hero ($5 in chips)
d9aabea8: posts small blind $0.02
4915a339: posts big blind $0.05
*** HOLE CARDS ***
Dealt to 5a90bf72 
Dealt to 37a4df84 
Dealt to d9aabea8 
Dealt to 4915a339 
Dealt to 6ce378c8 
Dealt to Hero [9d 4c]
6ce378c8: calls $0.05
Hero: folds
5a90bf72: folds
37a4df84: folds
d9aabea8: folds
4915a339: raises $0.1 to $0.15
6ce378c8: calls $0.1
*** FLOP *** [Kc Ac 8c]
4915a339: bets $0.32
6ce378c8: calls $0.32
*** TURN *** [Kc Ac 8c] [Qd]
4915a339: checks
6ce378c8: bets $0.96
4915a339: calls $0.46 and is all-in
Uncalled bet ($0.5) returned to 6ce378c8
6ce378c8: shows [Tc Jd] (Aces-High Straight)
4915a339: shows [7s Ad] (Pair of Aces)
*** RIVER *** [Kc Ac 8c Qd] [8s]
*** SHOWDOWN ***
6ce378c8 collected $1.74 from pot
*** SUMMARY ***
Total pot $1.88 | Rake $0.09 | Jackpot $0.05 | Bingo $0 | Fortune $0
Board [Kc Ac 8c Qd 8s]
Seat 1: 5a90bf72 folded before Flop (didn't bet)
Seat 2: 37a4df84 (button) folded before Flop (didn't bet)
Seat 3: d9aabea8 (small blind) folded before Flop
Seat 4: 4915a339 (big blind) showed [7s Ad] and lost with Pair of Aces and Pair of Eights
Seat 5: 6ce378c8 showed [Tc Jd] and won ($1.74) with Aces-High Straight
Seat 6: Hero folded before Flop (didn't bet)


Poker Hand #HD1176381097: Hold'em No Limit  ($0.02/$0.05) - 2023/03/26 09:31:50
Table 'NLHBlue68' 6-max Seat #1 is the button
Seat 1: 5a90bf72 ($5 in chips)
Seat 2: 37a4df84 ($6.81 in chips)
Seat 3: d9aabea8 ($5.91 in chips)
Seat 4: 4915a339 ($1.07 in chips)
Seat 5: 6ce378c8 ($1.85 in chips)
Seat 6: Hero ($5 in chips)
37a4df84: posts small blind $0.02
d9aabea8: posts big blind $0.05
*** HOLE CARDS ***
Dealt to 5a90bf72 
Dealt to 37a4df84 
Dealt to d9aabea8 
Dealt to 4915a339 
Dealt to 6ce378c8 
Dealt to Hero [2d 2s]
4915a339: calls $0.05
6ce378c8: folds
Hero: folds
5a90bf72: folds
37a4df84: folds
d9aabea8: raises $0.09 to $0.14
4915a339: calls $0.09
*** FLOP *** [9s 9h Tc]
d9aabea8: bets $0.23
4915a339: folds
Uncalled bet ($0.23) returned to d9aabea8
*** SHOWDOWN ***
d9aabea8 collected $0.29 from pot
*** SUMMARY ***
Total pot $0.3 | Rake $0.01 | Jackpot $0 | Bingo $0 | Fortune $0
Board [9s 9h Tc]
Seat 1: 5a90bf72 (button) folded before Flop (didn't bet)
Seat 2: 37a4df84 (small blind) folded before Flop
Seat 3: d9aabea8 (big blind) won ($0.29)
Seat 4: 4915a339 folded on the Flop
Seat 5: 6ce378c8 folded before Flop (didn't bet)
Seat 6: Hero folded before Flop (didn't bet)


Poker Hand #HD1176381045: Hold'em No Limit  ($0.02/$0.05) - 2023/03/26 09:31:26
Table 'NLHBlue68' 6-max Seat #6 is the button
Seat 1: 5a90bf72 ($5 in chips)
Seat 2: 37a4df84 ($6.86 in chips)
Seat 3: d9aabea8 ($5.91 in chips)
Seat 4: 4915a339 ($1 in chips)
Seat 5: 6ce378c8 ($1.85 in chips)
Seat 6: Hero ($5 in chips)
5a90bf72: posts small blind $0.02
37a4df84: posts big blind $0.05
*** HOLE CARDS ***
Dealt to 5a90bf72 
Dealt to 37a4df84 
Dealt to d9aabea8 
Dealt to 4915a339 
Dealt to 6ce378c8 
Dealt to Hero [Th 3c]
d9aabea8: folds
4915a339: calls $0.05
6ce378c8: folds
Hero: folds
5a90bf72: folds
37a4df84: checks
*** FLOP *** [8s 3h 4d]
37a4df84: checks
4915a339: checks
*** TURN *** [8s 3h 4d] [Kd]
37a4df84: checks
4915a339: checks
*** RIVER *** [8s 3h 4d Kd] [As]
37a4df84: checks
4915a339: bets $0.06
37a4df84: folds
Uncalled bet ($0.06) returned to 4915a339
*** SHOWDOWN ***
4915a339 collected $0.12 from pot
*** SUMMARY ***
Total pot $0.12 | Rake $0 | Jackpot $0 | Bingo $0 | Fortune $0
Board [8s 3h 4d Kd As]
Seat 1: 5a90bf72 (small blind) folded before Flop
Seat 2: 37a4df84 (big blind) folded on the River
Seat 3: d9aabea8 folded before Flop (didn't bet)
Seat 4: 4915a339 won ($0.12)
Seat 5: 6ce378c8 folded before Flop (didn't bet)
Seat 6: Hero (button) folded before Flop (didn't bet)


Poker Hand #HD1176380970: Hold'em No Limit  ($0.02/$0.05) - 2023/03/26 09:30:45
Table 'NLHBlue68' 6-max Seat #5 is the button
Seat 1: 5a90bf72 ($5 in chips)
Seat 2: 37a4df84 ($6.05 in chips)
Seat 3: d9aabea8 ($5.91 in chips)
Seat 5: 6ce378c8 ($1.85 in chips)
Seat 6: Hero ($5 in chips)
Hero: posts small blind $0.02
5a90bf72: posts big blind $0.05
*** HOLE CARDS ***
Dealt to 5a90bf72 
Dealt to 37a4df84 
Dealt to d9aabea8 
Dealt to 6ce378c8 
Dealt to Hero [2d As]
37a4df84: raises $0.08 to $0.13
d9aabea8: folds
6ce378c8: folds
Hero: folds
5a90bf72: calls $0.08
*** FLOP *** [Ac Ad Qs]
5a90bf72: checks
37a4df84: checks
*** TURN *** [Ac Ad Qs] [Js]
5a90bf72: bets $0.14
37a4df84: raises $0.19 to $0.33
5a90bf72: calls $0.19
*** RIVER *** [Ac Ad Qs Js] [5s]
5a90bf72: checks
37a4df84: bets $0.47
5a90bf72: calls $0.47
37a4df84: shows [Qd Qc] (Queens Full over Aces)
5a90bf72: shows [Ah 4d] (Three Aces)
*** SHOWDOWN ***
37a4df84 collected $1.74 from pot
*** SUMMARY ***
Total pot $1.88 | Rake $0.09 | Jackpot $0.05 | Bingo $0 | Fortune $0
Board [Ac Ad Qs Js 5s]
Seat 1: 5a90bf72 (big blind) showed [Ah 4d] and lost with Three Aces
Seat 2: 37a4df84 showed [Qd Qc] and won ($1.74) with Queens Full over Aces
Seat 3: d9aabea8 folded before Flop (didn't bet)
Seat 5: 6ce378c8 (button) folded before Flop (didn't bet)
Seat 6: Hero (small blind) folded before Flop


Poker Hand #HD1176380872: Hold'em No Limit  ($0.02/$0.05) - 2023/03/26 09:30:02
Table 'NLHBlue68' 6-max Seat #4 is the button
Seat 2: 37a4df84 ($6.05 in chips)
Seat 3: d9aabea8 ($5 in chips)
Seat 4: 4915a339 ($0.98 in chips)
Seat 5: 6ce378c8 ($1.87 in chips)
Seat 6: Hero ($5 in chips)
6ce378c8: posts small blind $0.02
Hero: posts big blind $0.05
*** HOLE CARDS ***
Dealt to 37a4df84 
Dealt to d9aabea8 
Dealt to 4915a339 
Dealt to 6ce378c8 
Dealt to Hero [Ts 2h]
37a4df84: folds
d9aabea8: raises $0.08 to $0.13
4915a339: calls $0.13
6ce378c8: folds
Hero: folds
*** FLOP *** [6h 3h Th]
d9aabea8: bets $0.17
4915a339: calls $0.17
*** TURN *** [6h 3h Th] [5d]
d9aabea8: bets $0.75
4915a339: calls $0.68 and is all-in
Uncalled bet ($0.07) returned to d9aabea8
d9aabea8: shows [Tc As] (Pair of Tens)
4915a339: shows [Ah 7c] (Ace-High)
*** RIVER *** [6h 3h Th 5d] [Td]
*** SHOWDOWN ***
d9aabea8 collected $1.89 from pot
*** SUMMARY ***
Total pot $2.03 | Rake $0.09 | Jackpot $0.05 | Bingo $0 | Fortune $0
Board [6h 3h Th 5d Td]
Seat 2: 37a4df84 folded before Flop (didn't bet)
Seat 3: d9aabea8 showed [Tc As] and won ($1.89) with Three Tens
Seat 4: 4915a339 (button) showed [Ah 7c] and lost with Pair of Tens
Seat 5: 6ce378c8 (small blind) folded before Flop
Seat 6: Hero (big blind) folded before Flop


Poker Hand #HD1176380806: Hold'em No Limit  ($0.02/$0.05) - 2023/03/26 09:29:35
Table 'NLHBlue68' 6-max Seat #3 is the button
Seat 2: 37a4df84 ($6.05 in chips)
Seat 3: d9aabea8 ($5 in chips)
Seat 4: 4915a339 ($0.69 in chips)
Seat 5: 6ce378c8 ($1.92 in chips)
Seat 6: Hero ($5.07 in chips)
4915a339: posts small blind $0.02
6ce378c8: posts big blind $0.05
*** HOLE CARDS ***
Dealt to 37a4df84 
Dealt to d9aabea8 
Dealt to 4915a339 
Dealt to 6ce378c8 
Dealt to Hero [Kc Jd]
Hero: raises $0.07 to $0.12
37a4df84: folds
d9aabea8: folds
4915a339: raises $0.15 to $0.27
6ce378c8: folds
Hero: calls $0.15
*** FLOP *** [3d Qh 4c]
4915a339: bets $0.42 and is all-in
Hero: folds
Uncalled bet ($0.42) returned to 4915a339
*** SHOWDOWN ***
4915a339 collected $0.56 from pot
*** SUMMARY ***
Total pot $0.59 | Rake $0.03 | Jackpot $0 | Bingo $0 | Fortune $0
Board [3d Qh 4c]
Seat 2: 37a4df84 folded before Flop (didn't bet)
Seat 3: d9aabea8 (button) folded before Flop (didn't bet)
Seat 4: 4915a339 (small blind) won ($0.56)
Seat 5: 6ce378c8 (big blind) folded before Flop
Seat 6: Hero folded on the Flop


Poker Hand #HD1176380770: Hold'em No Limit  ($0.02/$0.05) - 2023/03/26 09:29:18
Table 'NLHBlue68' 6-max Seat #2 is the button
Seat 2: 37a4df84 ($6.05 in chips)
Seat 3: d9aabea8 ($5 in chips)
Seat 4: 4915a339 ($0.74 in chips)
Seat 5: 6ce378c8 ($1.92 in chips)
Seat 6: Hero ($5 in chips)
d9aabea8: posts small blind $0.02
4915a339: posts big blind $0.05
*** HOLE CARDS ***
Dealt to 37a4df84 
Dealt to d9aabea8 
Dealt to 4915a339 
Dealt to 6ce378c8 
Dealt to Hero [4h 3h]
6ce378c8: folds
Hero: raises $0.07 to $0.12
37a4df84: folds
d9aabea8: folds
4915a339: folds
Uncalled bet ($0.07) returned to Hero
*** SHOWDOWN ***
Hero collected $0.12 from pot
*** SUMMARY ***
Total pot $0.12 | Rake $0 | Jackpot $0 | Bingo $0 | Fortune $0
Seat 2: 37a4df84 (button) folded before Flop (didn't bet)
Seat 3: d9aabea8 (small blind) folded before Flop
Seat 4: 4915a339 (big blind) folded before Flop
Seat 5: 6ce378c8 folded before Flop (didn't bet)
Seat 6: Hero collected ($0.12)


Poker Hand #HD1176380694: Hold'em No Limit  ($0.02/$0.05) - 2023/03/26 09:28:40
Table 'NLHBlue68' 6-max Seat #1 is the button
Seat 1: b7b6bf7f ($4.18 in chips)
Seat 2: 37a4df84 ($6.17 in chips)
Seat 3: d9aabea8 ($5 in chips)
Seat 4: 4915a339 ($1 in chips)
Seat 5: 6ce378c8 ($1.52 in chips)
Seat 6: Hero ($5 in chips)
37a4df84: posts small blind $0.02
d9aabea8: posts big blind $0.05
*** HOLE CARDS ***
Dealt to b7b6bf7f 
Dealt to 37a4df84 
Dealt to d9aabea8 
Dealt to 4915a339 
Dealt to 6ce378c8 
Dealt to Hero [4h 5h]
4915a339: calls $0.05
6ce378c8: calls $0.05
Hero: folds
b7b6bf7f: folds
37a4df84: raises $0.07 to $0.12
d9aabea8: folds
4915a339: calls $0.07
6ce378c8: calls $0.07
*** FLOP *** [Qd Jd 5s]
37a4df84: checks
4915a339: bets $0.14
6ce378c8: raises $1.26 to $1.4 and is all-in
37a4df84: folds
4915a339: folds
Uncalled bet ($1.26) returned to 6ce378c8
*** SHOWDOWN ***
6ce378c8 collected $0.66 from pot
*** SUMMARY ***
Total pot $0.69 | Rake $0.03 | Jackpot $0 | Bingo $0 | Fortune $0
Board [Qd Jd 5s]
Seat 1: b7b6bf7f (button) folded before Flop (didn't bet)
Seat 2: 37a4df84 (small blind) folded on the Flop
Seat 3: d9aabea8 (big blind) folded before Flop
Seat 4: 4915a339 folded on the Flop
Seat 5: 6ce378c8 won ($0.66)
Seat 6: Hero folded before Flop (didn't bet)


Poker Hand #HD1176380612: Hold'em No Limit  ($0.02/$0.05) - 2023/03/26 09:28:08
Table 'NLHBlue68' 6-max Seat #6 is the button
Seat 1: b7b6bf7f ($4.37 in chips)
Seat 2: 37a4df84 ($6.22 in chips)
Seat 3: d9aabea8 ($5 in chips)
Seat 5: 6ce378c8 ($1.3 in chips)
Seat 6: Hero ($5 in chips)
b7b6bf7f: posts small blind $0.02
37a4df84: posts big blind $0.05
*** HOLE CARDS ***
Dealt to b7b6bf7f 
Dealt to 37a4df84 
Dealt to d9aabea8 
Dealt to 6ce378c8 
Dealt to Hero [8s Jh]
d9aabea8: folds
6ce378c8: calls $0.05
Hero: folds
b7b6bf7f: raises $0.05 to $0.1
37a4df84: folds
6ce378c8: calls $0.05
*** FLOP *** [6s 4s 9c]
b7b6bf7f: bets $0.09
6ce378c8: raises $1.11 to $1.2 and is all-in
b7b6bf7f: folds
Uncalled bet ($1.11) returned to 6ce378c8
*** SHOWDOWN ***
6ce378c8 collected $0.41 from pot
*** SUMMARY ***
Total pot $0.43 | Rake $0.02 | Jackpot $0 | Bingo $0 | Fortune $0
Board [6s 4s 9c]
Seat 1: b7b6bf7f (small blind) folded on the Flop
Seat 2: 37a4df84 (big blind) folded before Flop
Seat 3: d9aabea8 folded before Flop (didn't bet)
Seat 5: 6ce378c8 won ($0.41)
Seat 6: Hero (button) folded before Flop (didn't bet)


Poker Hand #HD1176380518: Hold'em No Limit  ($0.02/$0.05) - 2023/03/26 09:27:24
Table 'NLHBlue68' 6-max Seat #5 is the button
Seat 1: b7b6bf7f ($4.42 in chips)
Seat 2: 37a4df84 ($3.94 in chips)
Seat 3: d9aabea8 ($5 in chips)
Seat 4: 4915a339 ($3.49 in chips)
Seat 5: 6ce378c8 ($0.43 in chips)
Seat 6: Hero ($5 in chips)
Hero: posts small blind $0.02
b7b6bf7f: posts big blind $0.05
*** HOLE CARDS ***
Dealt to b7b6bf7f 
Dealt to 37a4df84 
Dealt to d9aabea8 
Dealt to 4915a339 
Dealt to 6ce378c8 
Dealt to Hero [7c 4s]
37a4df84: raises $0.08 to $0.13
d9aabea8: folds
4915a339: calls $0.13
6ce378c8: raises $0.3 to $0.43 and is all-in
Hero: folds
b7b6bf7f: folds
37a4df84: calls $0.3
4915a339: raises $3.06 to $3.49 and is all-in
37a4df84: calls $3.06
4915a339: shows [6h 6d]
6ce378c8: shows [8h 7h]
37a4df84: shows [Tc Ts]
*** FLOP *** [2h Qs 4h]
*** TURN *** [2h Qs 4h] [Js]
*** RIVER *** [2h Qs 4h Js] [5h]
*** SHOWDOWN ***
6ce378c8 collected $1.3 from pot
37a4df84 collected $5.77 from pot
*** SUMMARY ***
Total pot $7.48 | Rake $0.36 | Jackpot $0.05 | Bingo $0 | Fortune $0
Board [2h Qs 4h Js 5h]
Seat 1: b7b6bf7f (big blind) folded before Flop
Seat 2: 37a4df84 showed [Tc Ts] and won ($5.77) with Pair of Tens
Seat 3: d9aabea8 folded before Flop (didn't bet)
Seat 4: 4915a339 showed [6h 6d] and lost with Pair of Sixes
Seat 5: 6ce378c8 (button) showed [8h 7h] and won ($1.3) with Eight High Flush
Seat 6: Hero (small blind) folded before Flop


Poker Hand #HD1176380406: Hold'em No Limit  ($0.02/$0.05) - 2023/03/26 09:26:32
Table 'NLHBlue68' 6-max Seat #4 is the button
Seat 1: b7b6bf7f ($4.52 in chips)
Seat 2: 37a4df84 ($3.94 in chips)
Seat 3: d9aabea8 ($5 in chips)
Seat 4: 4915a339 ($2.97 in chips)
Seat 5: 6ce378c8 ($0.85 in chips)
Seat 6: Hero ($5 in chips)
6ce378c8: posts small blind $0.02
Hero: posts big blind $0.05
*** HOLE CARDS ***
Dealt to b7b6bf7f 
Dealt to 37a4df84 
Dealt to d9aabea8 
Dealt to 4915a339 
Dealt to 6ce378c8 
Dealt to Hero [Kc 6h]
b7b6bf7f: raises $0.05 to $0.1
37a4df84: folds
d9aabea8: folds
4915a339: calls $0.1
6ce378c8: calls $0.08
Hero: folds
*** FLOP *** [5c 2c Jc]
6ce378c8: checks
b7b6bf7f: checks
4915a339: bets $0.12
6ce378c8: calls $0.12
b7b6bf7f: folds
*** TURN *** [5c 2c Jc] [8s]
6ce378c8: bets $0.2
4915a339: calls $0.2
*** RIVER *** [5c 2c Jc 8s] [6s]
6ce378c8: checks
4915a339: checks
6ce378c8: shows [Ac Kd] (Ace-High)
4915a339: shows [8c Ts] (Pair of Eights)
*** SHOWDOWN ***
4915a339 collected $0.94 from pot
*** SUMMARY ***
Total pot $0.99 | Rake $0.05 | Jackpot $0 | Bingo $0 | Fortune $0
Board [5c 2c Jc 8s 6s]
Seat 1: b7b6bf7f folded on the Flop
Seat 2: 37a4df84 folded before Flop (didn't bet)
Seat 3: d9aabea8 folded before Flop (didn't bet)
Seat 4: 4915a339 (button) showed [8c Ts] and won ($0.94) with Pair of Eights
Seat 5: 6ce378c8 (small blind) showed [Ac Kd] and lost with Ace-High
Seat 6: Hero (big blind) folded before Flop


Poker Hand #HD1176380318: Hold'em No Limit  ($0.02/$0.05) - 2023/03/26 09:25:52
Table 'NLHBlue68' 6-max Seat #3 is the button
Seat 1: b7b6bf7f ($4.52 in chips)
Seat 2: 37a4df84 ($3.94 in chips)
Seat 3: d9aabea8 ($5 in chips)
Seat 4: 4915a339 ($2.88 in chips)
Seat 5: 6ce378c8 ($0.95 in chips)
Seat 6: Hero ($5 in chips)
4915a339: posts small blind $0.02
6ce378c8: posts big blind $0.05
*** HOLE CARDS ***
Dealt to b7b6bf7f 
Dealt to 37a4df84 
Dealt to d9aabea8 
Dealt to 4915a339 
Dealt to 6ce378c8 
Dealt to Hero [5s 8h]
Hero: folds
b7b6bf7f: folds
37a4df84: folds
d9aabea8: folds
4915a339: calls $0.03
6ce378c8: checks
*** FLOP *** [2c Qc Qh]
4915a339: checks
6ce378c8: checks
*** TURN *** [2c Qc Qh] [Jd]
4915a339: checks
6ce378c8: checks
*** RIVER *** [2c Qc Qh Jd] [8c]
4915a339: bets $0.05
6ce378c8: calls $0.05
4915a339: shows [3c Kc] (King High Flush)
6ce378c8: shows [Jc 2s] (Pair of Queens and Pair of Jacks)
*** SHOWDOWN ***
4915a339 collected $0.19 from pot
*** SUMMARY ***
Total pot $0.2 | Rake $0.01 | Jackpot $0 | Bingo $0 | Fortune $0
Board [2c Qc Qh Jd 8c]
Seat 1: b7b6bf7f folded before Flop (didn't bet)
Seat 2: 37a4df84 folded before Flop (didn't bet)
Seat 3: d9aabea8 (button) folded before Flop (didn't bet)
Seat 4: 4915a339 (small blind) showed [3c Kc] and won ($0.19) with King High Flush
Seat 5: 6ce378c8 (big blind) showed [Jc 2s] and lost with Pair of Queens and Pair of Jacks
Seat 6: Hero folded before Flop (didn't bet)


Poker Hand #HD1176380297: Hold'em No Limit  ($0.02/$0.05) - 2023/03/26 09:25:41
Table 'NLHBlue68' 6-max Seat #2 is the button
Seat 1: b7b6bf7f ($4.52 in chips)
Seat 2: 37a4df84 ($3.94 in chips)
Seat 3: d9aabea8 ($5 in chips)
Seat 4: 4915a339 ($2.86 in chips)
Seat 5: 6ce378c8 ($0.95 in chips)
Seat 6: Hero ($5 in chips)
d9aabea8: posts small blind $0.02
4915a339: posts big blind $0.05
*** HOLE CARDS ***
Dealt to b7b6bf7f 
Dealt to 37a4df84 
Dealt to d9aabea8 
Dealt to 4915a339 
Dealt to 6ce378c8 
Dealt to Hero [2h Jd]
6ce378c8: folds
Hero: folds
b7b6bf7f: folds
37a4df84: folds
d9aabea8: folds
Uncalled bet ($0.03) returned to 4915a339
*** SHOWDOWN ***
4915a339 collected $0.04 from pot
*** SUMMARY ***
Total pot $0.04 | Rake $0 | Jackpot $0 | Bingo $0 | Fortune $0
Seat 1: b7b6bf7f folded before Flop (didn't bet)
Seat 2: 37a4df84 (button) folded before Flop (didn't bet)
Seat 3: d9aabea8 (small blind) folded before Flop
Seat 4: 4915a339 (big blind) collected ($0.04)
Seat 5: 6ce378c8 folded before Flop (didn't bet)
Seat 6: Hero folded before Flop (didn't bet)


Poker Hand #HD1176380191: Hold'em No Limit  ($0.02/$0.05) - 2023/03/26 09:24:52
Table 'NLHBlue68' 6-max Seat #1 is the button
Seat 1: b7b6bf7f ($4.52 in chips)
Seat 2: 37a4df84 ($3.96 in chips)
Seat 3: d9aabea8 ($5.05 in chips)
Seat 4: 4915a339 ($2.69 in chips)
Seat 5: 6ce378c8 ($1 in chips)
Seat 6: Hero ($5 in chips)
37a4df84: posts small blind $0.02
d9aabea8: posts big blind $0.05
*** HOLE CARDS ***
Dealt to b7b6bf7f 
Dealt to 37a4df84 
Dealt to d9aabea8 
Dealt to 4915a339 
Dealt to 6ce378c8 
Dealt to Hero [9h 2s]
4915a339: calls $0.05
6ce378c8: calls $0.05
Hero: folds
b7b6bf7f: folds
37a4df84: folds
d9aabea8: checks
*** FLOP *** [8d 6d Ks]
d9aabea8: checks
4915a339: checks
6ce378c8: checks
*** TURN *** [8d 6d Ks] [6s]
d9aabea8: checks
4915a339: bets $0.06
6ce378c8: folds
d9aabea8: calls $0.06
*** RIVER *** [8d 6d Ks 6s] [9c]
d9aabea8: checks
4915a339: checks
d9aabea8: shows [5s Js] (Pair of Sixes)
4915a339: shows [4c 4s] (Pair of Sixes and Pair of Fours)
6ce378c8: shows [9d] (Pair of Nines and Pair of Sixes)
*** SHOWDOWN ***
4915a339 collected $0.28 from pot
*** SUMMARY ***
Total pot $0.29 | Rake $0.01 | Jackpot $0 | Bingo $0 | Fortune $0
Board [8d 6d Ks 6s 9c]
Seat 1: b7b6bf7f (button) folded before Flop (didn't bet)
Seat 2: 37a4df84 (small blind) folded before Flop
Seat 3: d9aabea8 (big blind) showed [5s Js] and lost with Pair of Sixes
Seat 4: 4915a339 showed [4c 4s] and won ($0.28) with Pair of Sixes and Pair of Fours
Seat 5: 6ce378c8 folded on the Turn
Seat 6: Hero folded before Flop (didn't bet)


Poker Hand #HD1176380169: Hold'em No Limit  ($0.02/$0.05) - 2023/03/26 09:24:41
Table 'NLHBlue68' 6-max Seat #6 is the button
Seat 1: b7b6bf7f ($4.54 in chips)
Seat 2: 37a4df84 ($3.94 in chips)
Seat 3: d9aabea8 ($5.05 in chips)
Seat 4: 4915a339 ($2.69 in chips)
Seat 6: Hero ($5 in chips)
b7b6bf7f: posts small blind $0.02
37a4df84: posts big blind $0.05
*** HOLE CARDS ***
Dealt to b7b6bf7f 
Dealt to 37a4df84 
Dealt to d9aabea8 
Dealt to 4915a339 
Dealt to Hero [4d Ts]
d9aabea8: folds
4915a339: folds
Hero: folds
b7b6bf7f: folds
Uncalled bet ($0.03) returned to 37a4df84
*** SHOWDOWN ***
37a4df84 collected $0.04 from pot
*** SUMMARY ***
Total pot $0.04 | Rake $0 | Jackpot $0 | Bingo $0 | Fortune $0
Seat 1: b7b6bf7f (small blind) folded before Flop
Seat 2: 37a4df84 (big blind) collected ($0.04)
Seat 3: d9aabea8 folded before Flop (didn't bet)
Seat 4: 4915a339 folded before Flop (didn't bet)
Seat 6: Hero (button) folded before Flop (didn't bet)


Poker Hand #HD1176380068: Hold'em No Limit  ($0.02/$0.05) - 2023/03/26 09:23:50
Table 'NLHBlue68' 6-max Seat #4 is the button
Seat 1: b7b6bf7f ($4.54 in chips)
Seat 2: 37a4df84 ($3.94 in chips)
Seat 3: d9aabea8 ($5.05 in chips)
Seat 4: 4915a339 ($2.49 in chips)
Seat 5: 6ce378c8 ($0.4 in chips)
Seat 6: Hero ($5 in chips)
6ce378c8: posts small blind $0.02
Hero: posts big blind $0.05
*** HOLE CARDS ***
Dealt to b7b6bf7f 
Dealt to 37a4df84 
Dealt to d9aabea8 
Dealt to 4915a339 
Dealt to 6ce378c8 
Dealt to Hero [4s 9h]
b7b6bf7f: folds
37a4df84: folds
d9aabea8: folds
4915a339: raises $0.05 to $0.1
6ce378c8: calls $0.08
Hero: folds
*** FLOP *** [7d 5c Ks]
6ce378c8: checks
4915a339: bets $0.25
6ce378c8: raises $0.05 to $0.3 and is all-in
4915a339: calls $0.05
6ce378c8: shows [9d 6d] (King-High)
4915a339: shows [Th Td] (Pair of Tens)
*** TURN *** [7d 5c Ks] [Kd]
4915a339: Chooses to EV Cashout 
*** RIVER *** [7d 5c Ks Kd] [6h]
4915a339: Pays Cashout Risk ($0.21)
*** SHOWDOWN ***
4915a339 collected $0.81 from pot
*** SUMMARY ***
Total pot $0.85 | Rake $0.04 | Jackpot $0 | Bingo $0 | Fortune $0
Board [7d 5c Ks Kd 6h]
Seat 1: b7b6bf7f folded before Flop (didn't bet)
Seat 2: 37a4df84 folded before Flop (didn't bet)
Seat 3: d9aabea8 folded before Flop (didn't bet)
Seat 4: 4915a339 (button) showed [Th Td] and won ($0.81) with Pair of Kings and Pair of Tens, Cashout Risk ($0.21)
Seat 5: 6ce378c8 (small blind) showed [9d 6d] and lost with Pair of Kings and Pair of Sixes
Seat 6: Hero (big blind) folded before Flop


Poker Hand #HD1176379939: Hold'em No Limit  ($0.02/$0.05) - 2023/03/26 09:22:46
Table 'NLHBlue68' 6-max Seat #3 is the button
Seat 1: b7b6bf7f ($4.54 in chips)
Seat 2: 37a4df84 ($3.52 in chips)
Seat 3: d9aabea8 ($5.05 in chips)
Seat 4: 4915a339 ($2.62 in chips)
Seat 5: 6ce378c8 ($0.73 in chips)
Seat 6: Hero ($5 in chips)
4915a339: posts small blind $0.02
6ce378c8: posts big blind $0.05
*** HOLE CARDS ***
Dealt to b7b6bf7f 
Dealt to 37a4df84 
Dealt to d9aabea8 
Dealt to 4915a339 
Dealt to 6ce378c8 
Dealt to Hero [Qd Jh]
Hero: folds
b7b6bf7f: folds
37a4df84: raises $0.08 to $0.13
d9aabea8: folds
4915a339: calls $0.11
6ce378c8: calls $0.08
*** FLOP *** [7d 4d Jc]
4915a339: checks
6ce378c8: bets $0.2
37a4df84: calls $0.2
4915a339: folds
*** TURN *** [7d 4d Jc] [3c]
6ce378c8: checks
37a4df84: bets $0.27
6ce378c8: folds
Uncalled bet ($0.27) returned to 37a4df84
*** SHOWDOWN ***
37a4df84 collected $0.75 from pot
*** SUMMARY ***
Total pot $0.79 | Rake $0.04 | Jackpot $0 | Bingo $0 | Fortune $0
Board [7d 4d Jc 3c]
Seat 1: b7b6bf7f folded before Flop (didn't bet)
Seat 2: 37a4df84 won ($0.75)
Seat 3: d9aabea8 (button) folded before Flop (didn't bet)
Seat 4: 4915a339 (small blind) folded on the Flop
Seat 5: 6ce378c8 (big blind) folded on the Turn
Seat 6: Hero folded before Flop (didn't bet)


Poker Hand #HD1176379892: Hold'em No Limit  ($0.02/$0.05) - 2023/03/26 09:22:24
Table 'NLHBlue68' 6-max Seat #2 is the button
Seat 1: b7b6bf7f ($4.64 in chips)
Seat 2: 37a4df84 ($3.52 in chips)
Seat 3: d9aabea8 ($5.07 in chips)
Seat 4: 4915a339 ($2.51 in chips)
Seat 5: 6ce378c8 ($0.73 in chips)
Seat 6: Hero ($5 in chips)
d9aabea8: posts small blind $0.02
4915a339: posts big blind $0.05
*** HOLE CARDS ***
Dealt to b7b6bf7f 
Dealt to 37a4df84 
Dealt to d9aabea8 
Dealt to 4915a339 
Dealt to 6ce378c8 
Dealt to Hero [9c As]
6ce378c8: folds
Hero: folds
b7b6bf7f: raises $0.05 to $0.1
37a4df84: folds
d9aabea8: folds
4915a339: calls $0.05
*** FLOP *** [7d 7h Qd]
4915a339: bets $0.17
b7b6bf7f: folds
Uncalled bet ($0.17) returned to 4915a339
*** SHOWDOWN ***
4915a339 collected $0.21 from pot
*** SUMMARY ***
Total pot $0.22 | Rake $0.01 | Jackpot $0 | Bingo $0 | Fortune $0
Board [7d 7h Qd]
Seat 1: b7b6bf7f folded on the Flop
Seat 2: 37a4df84 (button) folded before Flop (didn't bet)
Seat 3: d9aabea8 (small blind) folded before Flop
Seat 4: 4915a339 (big blind) won ($0.21)
Seat 5: 6ce378c8 folded before Flop (didn't bet)
Seat 6: Hero folded before Flop (didn't bet)


Poker Hand #HD1176379809: Hold'em No Limit  ($0.02/$0.05) - 2023/03/26 09:21:50
Table 'NLHBlue68' 6-max Seat #1 is the button
Seat 1: b7b6bf7f ($4.87 in chips)
Seat 2: 37a4df84 ($3.54 in chips)
Seat 3: d9aabea8 ($5.12 in chips)
Seat 4: 4915a339 ($2.14 in chips)
Seat 5: 6ce378c8 ($0.83 in chips)
Seat 6: Hero ($5 in chips)
37a4df84: posts small blind $0.02
d9aabea8: posts big blind $0.05
*** HOLE CARDS ***
Dealt to b7b6bf7f 
Dealt to 37a4df84 
Dealt to d9aabea8 
Dealt to 4915a339 
Dealt to 6ce378c8 
Dealt to Hero [6c 8s]
4915a339: calls $0.05
6ce378c8: raises $0.05 to $0.1
Hero: folds
b7b6bf7f: calls $0.1
37a4df84: folds
d9aabea8: folds
4915a339: calls $0.05
*** FLOP *** [Jd 4s Ac]
4915a339: checks
6ce378c8: checks
b7b6bf7f: checks
*** TURN *** [Jd 4s Ac] [3d]
4915a339: bets $0.13
6ce378c8: folds
b7b6bf7f: calls $0.13
*** RIVER *** [Jd 4s Ac 3d] [7s]
4915a339: bets $0.32
b7b6bf7f: folds
Uncalled bet ($0.32) returned to 4915a339
*** SHOWDOWN ***
4915a339 collected $0.6 from pot
*** SUMMARY ***
Total pot $0.63 | Rake $0.03 | Jackpot $0 | Bingo $0 | Fortune $0
Board [Jd 4s Ac 3d 7s]
Seat 1: b7b6bf7f (button) folded on the River
Seat 2: 37a4df84 (small blind) folded before Flop
Seat 3: d9aabea8 (big blind) folded before Flop
Seat 4: 4915a339 won ($0.6)
Seat 5: 6ce378c8 folded on the Turn
Seat 6: Hero folded before Flop (didn't bet)


Poker Hand #HD1176379746: Hold'em No Limit  ($0.02/$0.05) - 2023/03/26 09:21:20
Table 'NLHBlue68' 6-max Seat #6 is the button
Seat 1: b7b6bf7f ($4.68 in chips)
Seat 2: 37a4df84 ($3.64 in chips)
Seat 3: d9aabea8 ($5.12 in chips)
Seat 4: 4915a339 ($2.14 in chips)
Seat 5: 6ce378c8 ($0.93 in chips)
Seat 6: Hero ($5 in chips)
b7b6bf7f: posts small blind $0.02
37a4df84: posts big blind $0.05
*** HOLE CARDS ***
Dealt to b7b6bf7f 
Dealt to 37a4df84 
Dealt to d9aabea8 
Dealt to 4915a339 
Dealt to 6ce378c8 
Dealt to Hero [5s 8d]
d9aabea8: folds
4915a339: folds
6ce378c8: calls $0.05
Hero: folds
b7b6bf7f: raises $0.05 to $0.1
37a4df84: calls $0.05
6ce378c8: calls $0.05
*** FLOP *** [9h 4h 5h]
b7b6bf7f: bets $0.1
37a4df84: folds
6ce378c8: folds
Uncalled bet ($0.1) returned to b7b6bf7f
*** SHOWDOWN ***
b7b6bf7f collected $0.29 from pot
*** SUMMARY ***
Total pot $0.3 | Rake $0.01 | Jackpot $0 | Bingo $0 | Fortune $0
Board [9h 4h 5h]
Seat 1: b7b6bf7f (small blind) won ($0.29)
Seat 2: 37a4df84 (big blind) folded on the Flop
Seat 3: d9aabea8 folded before Flop (didn't bet)
Seat 4: 4915a339 folded before Flop (didn't bet)
Seat 5: 6ce378c8 folded on the Flop
Seat 6: Hero (button) folded before Flop (didn't bet)


Poker Hand #HD1176379707: Hold'em No Limit  ($0.02/$0.05) - 2023/03/26 09:20:58
Table 'NLHBlue68' 6-max Seat #5 is the button
Seat 1: b7b6bf7f ($4.73 in chips)
Seat 2: 37a4df84 ($3.64 in chips)
Seat 3: d9aabea8 ($5.12 in chips)
Seat 4: 4915a339 ($2.07 in chips)
Seat 5: 6ce378c8 ($0.93 in chips)
Seat 6: Hero ($5 in chips)
Hero: posts small blind $0.02
b7b6bf7f: posts big blind $0.05
*** HOLE CARDS ***
Dealt to b7b6bf7f 
Dealt to 37a4df84 
Dealt to d9aabea8 
Dealt to 4915a339 
Dealt to 6ce378c8 
Dealt to Hero [Qc 5s]
37a4df84: folds
d9aabea8: folds
4915a339: calls $0.05
6ce378c8: folds
Hero: folds
b7b6bf7f: checks
*** FLOP *** [3s 7c 6c]
b7b6bf7f: checks
4915a339: bets $0.12
b7b6bf7f: folds
Uncalled bet ($0.12) returned to 4915a339
*** SHOWDOWN ***
4915a339 collected $0.12 from pot
*** SUMMARY ***
Total pot $0.12 | Rake $0 | Jackpot $0 | Bingo $0 | Fortune $0
Board [3s 7c 6c]
Seat 1: b7b6bf7f (big blind) folded on the Flop
Seat 2: 37a4df84 folded before Flop (didn't bet)
Seat 3: d9aabea8 folded before Flop (didn't bet)
Seat 4: 4915a339 won ($0.12)
Seat 5: 6ce378c8 (button) folded before Flop (didn't bet)
Seat 6: Hero (small blind) folded before Flop


Poker Hand #HD1176379668: Hold'em No Limit  ($0.02/$0.05) - 2023/03/26 09:20:40
Table 'NLHBlue68' 6-max Seat #4 is the button
Seat 1: b7b6bf7f ($4.73 in chips)
Seat 2: 37a4df84 ($3.64 in chips)
Seat 3: d9aabea8 ($5.05 in chips)
Seat 4: 4915a339 ($2.07 in chips)
Seat 5: 6ce378c8 ($0.95 in chips)
Seat 6: Hero ($5 in chips)
6ce378c8: posts small blind $0.02
Hero: posts big blind $0.05
*** HOLE CARDS ***
Dealt to b7b6bf7f 
Dealt to 37a4df84 
Dealt to d9aabea8 
Dealt to 4915a339 
Dealt to 6ce378c8 
Dealt to Hero [4d Js]
b7b6bf7f: folds
37a4df84: folds
d9aabea8: raises $0.08 to $0.13
4915a339: folds
6ce378c8: folds
Hero: folds
Uncalled bet ($0.08) returned to d9aabea8
*** SHOWDOWN ***
d9aabea8 collected $0.12 from pot
*** SUMMARY ***
Total pot $0.12 | Rake $0 | Jackpot $0 | Bingo $0 | Fortune $0
Seat 1: b7b6bf7f folded before Flop (didn't bet)
Seat 2: 37a4df84 folded before Flop (didn't bet)
Seat 3: d9aabea8 collected ($0.12)
Seat 4: 4915a339 (button) folded before Flop (didn't bet)
Seat 5: 6ce378c8 (small blind) folded before Flop
Seat 6: Hero (big blind) folded before Flop


