Poker Hand #HD1179953066: Hold'em No Limit  ($0.02/$0.05) - 2023/03/28 19:56:14
Table 'NLHBlue137' 6-max Seat #2 is the button
Seat 1: 9a1d62c9 ($5.41 in chips)
Seat 2: d92f2bbc ($5.32 in chips)
Seat 3: bb5cc592 ($5.16 in chips)
Seat 4: edaad75b ($5 in chips)
Seat 5: Hero ($8.11 in chips)
Seat 6: 9be508e6 ($6.38 in chips)
bb5cc592: posts small blind $0.02
edaad75b: posts big blind $0.05
*** HOLE CARDS ***
Dealt to 9a1d62c9 
Dealt to d92f2bbc 
Dealt to bb5cc592 
Dealt to edaad75b 
Dealt to Hero [3s Ac]
Dealt to 9be508e6 
Hero: folds
9be508e6: folds
9a1d62c9: folds
d92f2bbc: raises $0.1 to $0.15
bb5cc592: folds
edaad75b: folds
Uncalled bet ($0.1) returned to d92f2bbc
*** SHOWDOWN ***
d92f2bbc collected $0.12 from pot
*** SUMMARY ***
Total pot $0.12 | Rake $0 | Jackpot $0 | Bingo $0 | Fortune $0
Seat 1: 9a1d62c9 folded before Flop (didn't bet)
Seat 2: d92f2bbc (button) collected ($0.12)
Seat 3: bb5cc592 (small blind) folded before Flop
Seat 4: edaad75b (big blind) folded before Flop
Seat 5: Hero folded before Flop (didn't bet)
Seat 6: 9be508e6 folded before Flop (didn't bet)


Poker Hand #HD1179953001: Hold'em No Limit  ($0.02/$0.05) - 2023/03/28 19:55:55
Table 'NLHBlue137' 6-max Seat #1 is the button
Seat 1: 9a1d62c9 ($5.41 in chips)
Seat 2: d92f2bbc ($5.34 in chips)
Seat 3: bb5cc592 ($5.14 in chips)
Seat 4: edaad75b ($5 in chips)
Seat 5: Hero ($8.11 in chips)
Seat 6: 9be508e6 ($6.38 in chips)
d92f2bbc: posts small blind $0.02
bb5cc592: posts big blind $0.05
*** HOLE CARDS ***
Dealt to 9a1d62c9 
Dealt to d92f2bbc 
Dealt to bb5cc592 
Dealt to edaad75b 
Dealt to Hero [7d Jc]
Dealt to 9be508e6 
edaad75b: folds
Hero: folds
9be508e6: folds
9a1d62c9: folds
d92f2bbc: folds
Uncalled bet ($0.03) returned to bb5cc592
*** SHOWDOWN ***
bb5cc592 collected $0.04 from pot
*** SUMMARY ***
Total pot $0.04 | Rake $0 | Jackpot $0 | Bingo $0 | Fortune $0
Seat 1: 9a1d62c9 (button) folded before Flop (didn't bet)
Seat 2: d92f2bbc (small blind) folded before Flop
Seat 3: bb5cc592 (big blind) collected ($0.04)
Seat 4: edaad75b folded before Flop (didn't bet)
Seat 5: Hero folded before Flop (didn't bet)
Seat 6: 9be508e6 folded before Flop (didn't bet)


Poker Hand #HD1179952902: Hold'em No Limit  ($0.02/$0.05) - 2023/03/28 19:55:25
Table 'NLHBlue137' 6-max Seat #6 is the button
Seat 1: 9a1d62c9 ($5.27 in chips)
Seat 2: d92f2bbc ($5.49 in chips)
Seat 3: bb5cc592 ($5.14 in chips)
Seat 4: edaad75b ($5 in chips)
Seat 5: Hero ($8.11 in chips)
Seat 6: 9be508e6 ($6.38 in chips)
9a1d62c9: posts small blind $0.02
d92f2bbc: posts big blind $0.05
*** HOLE CARDS ***
Dealt to 9a1d62c9 
Dealt to d92f2bbc 
Dealt to bb5cc592 
Dealt to edaad75b 
Dealt to Hero [6h 9d]
Dealt to 9be508e6 
bb5cc592: folds
edaad75b: folds
Hero: folds
9be508e6: folds
9a1d62c9: raises $0.1 to $0.15
d92f2bbc: calls $0.1
*** FLOP *** [3s Ks Ad]
9a1d62c9: bets $0.15
d92f2bbc: folds
Uncalled bet ($0.15) returned to 9a1d62c9
*** SHOWDOWN ***
9a1d62c9 collected $0.29 from pot
*** SUMMARY ***
Total pot $0.3 | Rake $0.01 | Jackpot $0 | Bingo $0 | Fortune $0
Board [3s Ks Ad]
Seat 1: 9a1d62c9 (small blind) won ($0.29)
Seat 2: d92f2bbc (big blind) folded on the Flop
Seat 3: bb5cc592 folded before Flop (didn't bet)
Seat 4: edaad75b folded before Flop (didn't bet)
Seat 5: Hero folded before Flop (didn't bet)
Seat 6: 9be508e6 (button) folded before Flop (didn't bet)


Poker Hand #HD1179952852: Hold'em No Limit  ($0.02/$0.05) - 2023/03/28 19:55:12
Table 'NLHBlue137' 6-max Seat #5 is the button
Seat 1: 9a1d62c9 ($5.32 in chips)
Seat 2: d92f2bbc ($5.49 in chips)
Seat 3: bb5cc592 ($5.14 in chips)
Seat 4: edaad75b ($5 in chips)
Seat 5: Hero ($8.11 in chips)
Seat 6: 9be508e6 ($6.33 in chips)
9be508e6: posts small blind $0.02
9a1d62c9: posts big blind $0.05
*** HOLE CARDS ***
Dealt to 9a1d62c9 
Dealt to d92f2bbc 
Dealt to bb5cc592 
Dealt to edaad75b 
Dealt to Hero [2c Jd]
Dealt to 9be508e6 
d92f2bbc: folds
bb5cc592: folds
edaad75b: folds
Hero: folds
9be508e6: raises $0.1 to $0.15
9a1d62c9: folds
Uncalled bet ($0.1) returned to 9be508e6
*** SHOWDOWN ***
9be508e6 collected $0.1 from pot
*** SUMMARY ***
Total pot $0.1 | Rake $0 | Jackpot $0 | Bingo $0 | Fortune $0
Seat 1: 9a1d62c9 (big blind) folded before Flop
Seat 2: d92f2bbc folded before Flop (didn't bet)
Seat 3: bb5cc592 folded before Flop (didn't bet)
Seat 4: edaad75b folded before Flop (didn't bet)
Seat 5: Hero (button) folded before Flop (didn't bet)
Seat 6: 9be508e6 (small blind) collected ($0.1)


Poker Hand #HD1179952802: Hold'em No Limit  ($0.02/$0.05) - 2023/03/28 19:54:57
Table 'NLHBlue137' 6-max Seat #4 is the button
Seat 1: 9a1d62c9 ($5.25 in chips)
Seat 2: d92f2bbc ($5.49 in chips)
Seat 3: bb5cc592 ($5.14 in chips)
Seat 4: edaad75b ($5 in chips)
Seat 5: Hero ($8.13 in chips)
Seat 6: 9be508e6 ($6.38 in chips)
Hero: posts small blind $0.02
9be508e6: posts big blind $0.05
*** HOLE CARDS ***
Dealt to 9a1d62c9 
Dealt to d92f2bbc 
Dealt to bb5cc592 
Dealt to edaad75b 
Dealt to Hero [9h 8d]
Dealt to 9be508e6 
9a1d62c9: raises $0.08 to $0.13
d92f2bbc: folds
bb5cc592: folds
edaad75b: folds
Hero: folds
9be508e6: folds
Uncalled bet ($0.08) returned to 9a1d62c9
*** SHOWDOWN ***
9a1d62c9 collected $0.12 from pot
*** SUMMARY ***
Total pot $0.12 | Rake $0 | Jackpot $0 | Bingo $0 | Fortune $0
Seat 1: 9a1d62c9 collected ($0.12)
Seat 2: d92f2bbc folded before Flop (didn't bet)
Seat 3: bb5cc592 folded before Flop (didn't bet)
Seat 4: edaad75b (button) folded before Flop (didn't bet)
Seat 5: Hero (small blind) folded before Flop
Seat 6: 9be508e6 (big blind) folded before Flop


Poker Hand #HD1179952760: Hold'em No Limit  ($0.02/$0.05) - 2023/03/28 19:54:43
Table 'NLHBlue137' 6-max Seat #3 is the button
Seat 1: 9a1d62c9 ($5.25 in chips)
Seat 2: d92f2bbc ($5.49 in chips)
Seat 3: bb5cc592 ($5.14 in chips)
Seat 4: edaad75b ($5 in chips)
Seat 5: Hero ($8.11 in chips)
Seat 6: 9be508e6 ($6.38 in chips)
edaad75b: posts small blind $0.02
Hero: posts big blind $0.05
*** HOLE CARDS ***
Dealt to 9a1d62c9 
Dealt to d92f2bbc 
Dealt to bb5cc592 
Dealt to edaad75b 
Dealt to Hero [7c 4d]
Dealt to 9be508e6 
9be508e6: folds
9a1d62c9: folds
d92f2bbc: folds
bb5cc592: folds
edaad75b: folds
Uncalled bet ($0.03) returned to Hero
*** SHOWDOWN ***
Hero collected $0.04 from pot
*** SUMMARY ***
Total pot $0.04 | Rake $0 | Jackpot $0 | Bingo $0 | Fortune $0
Seat 1: 9a1d62c9 folded before Flop (didn't bet)
Seat 2: d92f2bbc folded before Flop (didn't bet)
Seat 3: bb5cc592 (button) folded before Flop (didn't bet)
Seat 4: edaad75b (small blind) folded before Flop
Seat 5: Hero (big blind) collected ($0.04)
Seat 6: 9be508e6 folded before Flop (didn't bet)


Poker Hand #HD1179952487: Hold'em No Limit  ($0.02/$0.05) - 2023/03/28 19:53:12
Table 'NLHBlue137' 6-max Seat #2 is the button
Seat 1: 9a1d62c9 ($5.25 in chips)
Seat 2: d92f2bbc ($4.84 in chips)
Seat 3: bb5cc592 ($5.16 in chips)
Seat 4: edaad75b ($5 in chips)
Seat 5: Hero ($8.23 in chips)
Seat 6: 9be508e6 ($6.38 in chips)
bb5cc592: posts small blind $0.02
edaad75b: posts big blind $0.05
*** HOLE CARDS ***
Dealt to 9a1d62c9 
Dealt to d92f2bbc 
Dealt to bb5cc592 
Dealt to edaad75b 
Dealt to Hero [Ad 4d]
Dealt to 9be508e6 
Hero: raises $0.07 to $0.12
9be508e6: folds
9a1d62c9: folds
d92f2bbc: calls $0.12
bb5cc592: folds
edaad75b: calls $0.07
*** FLOP *** [5s 7h 9s]
edaad75b: checks
Hero: checks
d92f2bbc: bets $0.13
edaad75b: calls $0.13
Hero: folds
*** TURN *** [5s 7h 9s] [Qh]
edaad75b: checks
d92f2bbc: bets $0.32
edaad75b: calls $0.32
*** RIVER *** [5s 7h 9s Qh] [4c]
edaad75b: checks
d92f2bbc: checks
edaad75b: shows [5h 8h] (Pair of Fives)
d92f2bbc: shows [Kd Qd] (Pair of Queens)
*** SHOWDOWN ***
d92f2bbc collected $1.22 from pot
*** SUMMARY ***
Total pot $1.28 | Rake $0.06 | Jackpot $0 | Bingo $0 | Fortune $0
Board [5s 7h 9s Qh 4c]
Seat 1: 9a1d62c9 folded before Flop (didn't bet)
Seat 2: d92f2bbc (button) showed [Kd Qd] and won ($1.22) with Pair of Queens
Seat 3: bb5cc592 (small blind) folded before Flop
Seat 4: edaad75b (big blind) showed [5h 8h] and lost with Pair of Fives
Seat 5: Hero folded on the Flop
Seat 6: 9be508e6 folded before Flop (didn't bet)


Poker Hand #HD1179952410: Hold'em No Limit  ($0.02/$0.05) - 2023/03/28 19:52:48
Table 'NLHBlue137' 6-max Seat #1 is the button
Seat 1: 9a1d62c9 ($5.25 in chips)
Seat 2: d92f2bbc ($4.86 in chips)
Seat 3: bb5cc592 ($5.14 in chips)
Seat 5: Hero ($8.23 in chips)
Seat 6: 9be508e6 ($6.38 in chips)
d92f2bbc: posts small blind $0.02
bb5cc592: posts big blind $0.05
*** HOLE CARDS ***
Dealt to 9a1d62c9 
Dealt to d92f2bbc 
Dealt to bb5cc592 
Dealt to Hero [8d Qd]
Dealt to 9be508e6 
Hero: folds
9be508e6: folds
9a1d62c9: folds
d92f2bbc: folds
Uncalled bet ($0.03) returned to bb5cc592
*** SHOWDOWN ***
bb5cc592 collected $0.04 from pot
*** SUMMARY ***
Total pot $0.04 | Rake $0 | Jackpot $0 | Bingo $0 | Fortune $0
Seat 1: 9a1d62c9 (button) folded before Flop (didn't bet)
Seat 2: d92f2bbc (small blind) folded before Flop
Seat 3: bb5cc592 (big blind) collected ($0.04)
Seat 5: Hero folded before Flop (didn't bet)
Seat 6: 9be508e6 folded before Flop (didn't bet)


Poker Hand #HD1179952348: Hold'em No Limit  ($0.02/$0.05) - 2023/03/28 19:52:30
Table 'NLHBlue137' 6-max Seat #6 is the button
Seat 1: 9a1d62c9 ($5.27 in chips)
Seat 2: d92f2bbc ($4.91 in chips)
Seat 3: bb5cc592 ($5.07 in chips)
Seat 5: Hero ($8.23 in chips)
Seat 6: 9be508e6 ($6.38 in chips)
9a1d62c9: posts small blind $0.02
d92f2bbc: posts big blind $0.05
*** HOLE CARDS ***
Dealt to 9a1d62c9 
Dealt to d92f2bbc 
Dealt to bb5cc592 
Dealt to Hero [9h 8h]
Dealt to 9be508e6 
bb5cc592: raises $0.08 to $0.13
Hero: folds
9be508e6: folds
9a1d62c9: folds
d92f2bbc: folds
Uncalled bet ($0.08) returned to bb5cc592
*** SHOWDOWN ***
bb5cc592 collected $0.12 from pot
*** SUMMARY ***
Total pot $0.12 | Rake $0 | Jackpot $0 | Bingo $0 | Fortune $0
Seat 1: 9a1d62c9 (small blind) folded before Flop
Seat 2: d92f2bbc (big blind) folded before Flop
Seat 3: bb5cc592 collected ($0.12)
Seat 5: Hero folded before Flop (didn't bet)
Seat 6: 9be508e6 (button) folded before Flop (didn't bet)


Poker Hand #HD1179952278: Hold'em No Limit  ($0.02/$0.05) - 2023/03/28 19:52:11
Table 'NLHBlue137' 6-max Seat #5 is the button
Seat 1: 9a1d62c9 ($5.32 in chips)
Seat 3: bb5cc592 ($5 in chips)
Seat 5: Hero ($8.23 in chips)
Seat 6: 9be508e6 ($6.4 in chips)
9be508e6: posts small blind $0.02
9a1d62c9: posts big blind $0.05
*** HOLE CARDS ***
Dealt to 9a1d62c9 
Dealt to bb5cc592 
Dealt to Hero [3c Kd]
Dealt to 9be508e6 
bb5cc592: raises $0.08 to $0.13
Hero: folds
9be508e6: folds
9a1d62c9: folds
Uncalled bet ($0.08) returned to bb5cc592
*** SHOWDOWN ***
bb5cc592 collected $0.12 from pot
*** SUMMARY ***
Total pot $0.12 | Rake $0 | Jackpot $0 | Bingo $0 | Fortune $0
Seat 1: 9a1d62c9 (big blind) folded before Flop
Seat 3: bb5cc592 collected ($0.12)
Seat 5: Hero (button) folded before Flop (didn't bet)
Seat 6: 9be508e6 (small blind) folded before Flop


Poker Hand #HD1179952186: Hold'em No Limit  ($0.02/$0.05) - 2023/03/28 19:51:43
Table 'NLHBlue137' 6-max Seat #3 is the button
Seat 1: 9a1d62c9 ($5.32 in chips)
Seat 3: bb5cc592 ($5 in chips)
Seat 5: Hero ($8.18 in chips)
Seat 6: 9be508e6 ($6.45 in chips)
Hero: posts small blind $0.02
9be508e6: posts big blind $0.05
*** HOLE CARDS ***
Dealt to 9a1d62c9 
Dealt to bb5cc592 
Dealt to Hero [Kd Qc]
Dealt to 9be508e6 
9a1d62c9: folds
bb5cc592: folds
Hero: raises $0.09 to $0.14
9be508e6: folds
Uncalled bet ($0.09) returned to Hero
*** SHOWDOWN ***
Hero collected $0.1 from pot
*** SUMMARY ***
Total pot $0.1 | Rake $0 | Jackpot $0 | Bingo $0 | Fortune $0
Seat 1: 9a1d62c9 folded before Flop (didn't bet)
Seat 3: bb5cc592 (button) folded before Flop (didn't bet)
Seat 5: Hero (small blind) collected ($0.1)
Seat 6: 9be508e6 (big blind) folded before Flop


Poker Hand #HD1179952141: Hold'em No Limit  ($0.02/$0.05) - 2023/03/28 19:51:28
Table 'NLHBlue137' 6-max Seat #1 is the button
Seat 1: 9a1d62c9 ($5.25 in chips)
Seat 3: bb5cc592 ($5.02 in chips)
Seat 5: Hero ($8.23 in chips)
Seat 6: 9be508e6 ($6.45 in chips)
bb5cc592: posts small blind $0.02
Hero: posts big blind $0.05
*** HOLE CARDS ***
Dealt to 9a1d62c9 
Dealt to bb5cc592 
Dealt to Hero [4h 6s]
Dealt to 9be508e6 
9be508e6: folds
9a1d62c9: raises $0.08 to $0.13
bb5cc592: folds
Hero: folds
Uncalled bet ($0.08) returned to 9a1d62c9
*** SHOWDOWN ***
9a1d62c9 collected $0.12 from pot
*** SUMMARY ***
Total pot $0.12 | Rake $0 | Jackpot $0 | Bingo $0 | Fortune $0
Seat 1: 9a1d62c9 (button) collected ($0.12)
Seat 3: bb5cc592 (small blind) folded before Flop
Seat 5: Hero (big blind) folded before Flop
Seat 6: 9be508e6 folded before Flop (didn't bet)


Poker Hand #HD1179952106: Hold'em No Limit  ($0.02/$0.05) - 2023/03/28 19:51:17
Table 'NLHBlue137' 6-max Seat #6 is the button
Seat 1: 9a1d62c9 ($5.27 in chips)
Seat 3: bb5cc592 ($5 in chips)
Seat 5: Hero ($8.23 in chips)
Seat 6: 9be508e6 ($6.45 in chips)
9a1d62c9: posts small blind $0.02
bb5cc592: posts big blind $0.05
*** HOLE CARDS ***
Dealt to 9a1d62c9 
Dealt to bb5cc592 
Dealt to Hero [8s 3d]
Dealt to 9be508e6 
Hero: folds
9be508e6: folds
9a1d62c9: folds
Uncalled bet ($0.03) returned to bb5cc592
*** SHOWDOWN ***
bb5cc592 collected $0.04 from pot
*** SUMMARY ***
Total pot $0.04 | Rake $0 | Jackpot $0 | Bingo $0 | Fortune $0
Seat 1: 9a1d62c9 (small blind) folded before Flop
Seat 3: bb5cc592 (big blind) collected ($0.04)
Seat 5: Hero folded before Flop (didn't bet)
Seat 6: 9be508e6 (button) folded before Flop (didn't bet)


Poker Hand #HD1179952070: Hold'em No Limit  ($0.02/$0.05) - 2023/03/28 19:51:06
Table 'NLHBlue137' 6-max Seat #5 is the button
Seat 1: 9a1d62c9 ($5.25 in chips)
Seat 5: Hero ($8.23 in chips)
Seat 6: 9be508e6 ($6.47 in chips)
9be508e6: posts small blind $0.02
9a1d62c9: posts big blind $0.05
*** HOLE CARDS ***
Dealt to 9a1d62c9 
Dealt to Hero [Qd 7s]
Dealt to 9be508e6 
Hero: folds
9be508e6: folds
Uncalled bet ($0.03) returned to 9a1d62c9
*** SHOWDOWN ***
9a1d62c9 collected $0.04 from pot
*** SUMMARY ***
Total pot $0.04 | Rake $0 | Jackpot $0 | Bingo $0 | Fortune $0
Seat 1: 9a1d62c9 (big blind) collected ($0.04)
Seat 5: Hero (button) folded before Flop (didn't bet)
Seat 6: 9be508e6 (small blind) folded before Flop


Poker Hand #HD1179951987: Hold'em No Limit  ($0.02/$0.05) - 2023/03/28 19:50:43
Table 'NLHBlue137' 6-max Seat #2 is the button
Seat 1: 9a1d62c9 ($5.25 in chips)
Seat 2: d92f2bbc ($4.91 in chips)
Seat 5: Hero ($8.18 in chips)
Seat 6: 9be508e6 ($6.52 in chips)
Hero: posts small blind $0.02
9be508e6: posts big blind $0.05
*** HOLE CARDS ***
Dealt to 9a1d62c9 
Dealt to d92f2bbc 
Dealt to Hero [Ac Th]
Dealt to 9be508e6 
9a1d62c9: folds
d92f2bbc: folds
Hero: raises $0.09 to $0.14
9be508e6: folds
Uncalled bet ($0.09) returned to Hero
*** SHOWDOWN ***
Hero collected $0.1 from pot
*** SUMMARY ***
Total pot $0.1 | Rake $0 | Jackpot $0 | Bingo $0 | Fortune $0
Seat 1: 9a1d62c9 folded before Flop (didn't bet)
Seat 2: d92f2bbc (button) folded before Flop (didn't bet)
Seat 5: Hero (small blind) collected ($0.1)
Seat 6: 9be508e6 (big blind) folded before Flop


Poker Hand #HD1179951922: Hold'em No Limit  ($0.02/$0.05) - 2023/03/28 19:50:26
Table 'NLHBlue137' 6-max Seat #1 is the button
Seat 1: 9a1d62c9 ($5.25 in chips)
Seat 2: d92f2bbc ($4.86 in chips)
Seat 5: Hero ($8.23 in chips)
Seat 6: 9be508e6 ($6.52 in chips)
d92f2bbc: posts small blind $0.02
Hero: posts big blind $0.05
*** HOLE CARDS ***
Dealt to 9a1d62c9 
Dealt to d92f2bbc 
Dealt to Hero [Js 8h]
Dealt to 9be508e6 
9be508e6: folds
9a1d62c9: folds
d92f2bbc: raises $0.1 to $0.15
Hero: folds
Uncalled bet ($0.1) returned to d92f2bbc
*** SHOWDOWN ***
d92f2bbc collected $0.1 from pot
*** SUMMARY ***
Total pot $0.1 | Rake $0 | Jackpot $0 | Bingo $0 | Fortune $0
Seat 1: 9a1d62c9 (button) folded before Flop (didn't bet)
Seat 2: d92f2bbc (small blind) collected ($0.1)
Seat 5: Hero (big blind) folded before Flop
Seat 6: 9be508e6 folded before Flop (didn't bet)


Poker Hand #HD1179951890: Hold'em No Limit  ($0.02/$0.05) - 2023/03/28 19:50:14
Table 'NLHBlue137' 6-max Seat #6 is the button
Seat 1: 9a1d62c9 ($5.2 in chips)
Seat 2: d92f2bbc ($4.91 in chips)
Seat 4: f661ed14 ($7.32 in chips)
Seat 5: Hero ($8.23 in chips)
Seat 6: 9be508e6 ($6.52 in chips)
9a1d62c9: posts small blind $0.02
d92f2bbc: posts big blind $0.05
*** HOLE CARDS ***
Dealt to 9a1d62c9 
Dealt to d92f2bbc 
Dealt to f661ed14 
Dealt to Hero [2d Qh]
Dealt to 9be508e6 
f661ed14: folds
Hero: folds
9be508e6: folds
9a1d62c9: raises $0.1 to $0.15
d92f2bbc: folds
Uncalled bet ($0.1) returned to 9a1d62c9
*** SHOWDOWN ***
9a1d62c9 collected $0.1 from pot
*** SUMMARY ***
Total pot $0.1 | Rake $0 | Jackpot $0 | Bingo $0 | Fortune $0
Seat 1: 9a1d62c9 (small blind) collected ($0.1)
Seat 2: d92f2bbc (big blind) folded before Flop
Seat 4: f661ed14 folded before Flop (didn't bet)
Seat 5: Hero folded before Flop (didn't bet)
Seat 6: 9be508e6 (button) folded before Flop (didn't bet)


Poker Hand #HD1179951831: Hold'em No Limit  ($0.02/$0.05) - 2023/03/28 19:49:56
Table 'NLHBlue137' 6-max Seat #5 is the button
Seat 1: 9a1d62c9 ($5.18 in chips)
Seat 2: d92f2bbc ($4.91 in chips)
Seat 4: f661ed14 ($7.32 in chips)
Seat 5: Hero ($8.23 in chips)
Seat 6: 9be508e6 ($6.54 in chips)
9be508e6: posts small blind $0.02
9a1d62c9: posts big blind $0.05
*** HOLE CARDS ***
Dealt to 9a1d62c9 
Dealt to d92f2bbc 
Dealt to f661ed14 
Dealt to Hero [Jd 2s]
Dealt to 9be508e6 
d92f2bbc: folds
f661ed14: folds
Hero: folds
9be508e6: folds
Uncalled bet ($0.03) returned to 9a1d62c9
*** SHOWDOWN ***
9a1d62c9 collected $0.04 from pot
*** SUMMARY ***
Total pot $0.04 | Rake $0 | Jackpot $0 | Bingo $0 | Fortune $0
Seat 1: 9a1d62c9 (big blind) collected ($0.04)
Seat 2: d92f2bbc folded before Flop (didn't bet)
Seat 4: f661ed14 folded before Flop (didn't bet)
Seat 5: Hero (button) folded before Flop (didn't bet)
Seat 6: 9be508e6 (small blind) folded before Flop


Poker Hand #HD1179951786: Hold'em No Limit  ($0.02/$0.05) - 2023/03/28 19:49:40
Table 'NLHBlue137' 6-max Seat #4 is the button
Seat 1: 9a1d62c9 ($5.18 in chips)
Seat 2: d92f2bbc ($4.91 in chips)
Seat 4: f661ed14 ($7.32 in chips)
Seat 5: Hero ($8.18 in chips)
Seat 6: 9be508e6 ($6.59 in chips)
Hero: posts small blind $0.02
9be508e6: posts big blind $0.05
*** HOLE CARDS ***
Dealt to 9a1d62c9 
Dealt to d92f2bbc 
Dealt to f661ed14 
Dealt to Hero [4s Ks]
Dealt to 9be508e6 
9a1d62c9: folds
d92f2bbc: folds
f661ed14: folds
Hero: raises $0.09 to $0.14
9be508e6: folds
Uncalled bet ($0.09) returned to Hero
*** SHOWDOWN ***
Hero collected $0.1 from pot
*** SUMMARY ***
Total pot $0.1 | Rake $0 | Jackpot $0 | Bingo $0 | Fortune $0
Seat 1: 9a1d62c9 folded before Flop (didn't bet)
Seat 2: d92f2bbc folded before Flop (didn't bet)
Seat 4: f661ed14 (button) folded before Flop (didn't bet)
Seat 5: Hero (small blind) collected ($0.1)
Seat 6: 9be508e6 (big blind) folded before Flop


Poker Hand #HD1179951745: Hold'em No Limit  ($0.02/$0.05) - 2023/03/28 19:49:28
Table 'NLHBlue137' 6-max Seat #2 is the button
Seat 1: 9a1d62c9 ($5.18 in chips)
Seat 2: d92f2bbc ($4.91 in chips)
Seat 4: f661ed14 ($7.27 in chips)
Seat 5: Hero ($8.23 in chips)
Seat 6: 9be508e6 ($6.59 in chips)
f661ed14: posts small blind $0.02
Hero: posts big blind $0.05
*** HOLE CARDS ***
Dealt to 9a1d62c9 
Dealt to d92f2bbc 
Dealt to f661ed14 
Dealt to Hero [6d 4h]
Dealt to 9be508e6 
9be508e6: folds
9a1d62c9: folds
d92f2bbc: folds
f661ed14: raises $0.1 to $0.15
Hero: folds
Uncalled bet ($0.1) returned to f661ed14
*** SHOWDOWN ***
f661ed14 collected $0.1 from pot
*** SUMMARY ***
Total pot $0.1 | Rake $0 | Jackpot $0 | Bingo $0 | Fortune $0
Seat 1: 9a1d62c9 folded before Flop (didn't bet)
Seat 2: d92f2bbc (button) folded before Flop (didn't bet)
Seat 4: f661ed14 (small blind) collected ($0.1)
Seat 5: Hero (big blind) folded before Flop
Seat 6: 9be508e6 folded before Flop (didn't bet)


Poker Hand #HD1179951639: Hold'em No Limit  ($0.02/$0.05) - 2023/03/28 19:48:57
Table 'NLHBlue137' 6-max Seat #1 is the button
Seat 1: 9a1d62c9 ($5 in chips)
Seat 2: d92f2bbc ($4.93 in chips)
Seat 4: f661ed14 ($7.32 in chips)
Seat 5: Hero ($8.35 in chips)
Seat 6: 9be508e6 ($6.59 in chips)
d92f2bbc: posts small blind $0.02
f661ed14: posts big blind $0.05
*** HOLE CARDS ***
Dealt to 9a1d62c9 
Dealt to d92f2bbc 
Dealt to f661ed14 
Dealt to Hero [Qc Ad]
Dealt to 9be508e6 
Hero: raises $0.07 to $0.12
9be508e6: folds
9a1d62c9: raises $0.33 to $0.45
d92f2bbc: folds
f661ed14: folds
Hero: folds
Uncalled bet ($0.33) returned to 9a1d62c9
*** SHOWDOWN ***
9a1d62c9 collected $0.3 from pot
*** SUMMARY ***
Total pot $0.31 | Rake $0.01 | Jackpot $0 | Bingo $0 | Fortune $0
Seat 1: 9a1d62c9 (button) collected ($0.3)
Seat 2: d92f2bbc (small blind) folded before Flop
Seat 4: f661ed14 (big blind) folded before Flop
Seat 5: Hero folded before Flop
Seat 6: 9be508e6 folded before Flop (didn't bet)


Poker Hand #HD1179951509: Hold'em No Limit  ($0.02/$0.05) - 2023/03/28 19:48:21
Table 'NLHBlue137' 6-max Seat #6 is the button
Seat 1: 9a1d62c9 ($5 in chips)
Seat 2: d92f2bbc ($4.98 in chips)
Seat 4: f661ed14 ($7.02 in chips)
Seat 5: Hero ($8.35 in chips)
Seat 6: 9be508e6 ($6.85 in chips)
9a1d62c9: posts small blind $0.02
d92f2bbc: posts big blind $0.05
*** HOLE CARDS ***
Dealt to 9a1d62c9 
Dealt to d92f2bbc 
Dealt to f661ed14 
Dealt to Hero [Kh 9d]
Dealt to 9be508e6 
f661ed14: raises $0.09 to $0.14
Hero: folds
9be508e6: calls $0.14
9a1d62c9: folds
d92f2bbc: folds
*** FLOP *** [8d 3d Td]
f661ed14: checks
9be508e6: bets $0.12
f661ed14: calls $0.12
*** TURN *** [8d 3d Td] [5c]
f661ed14: checks
9be508e6: checks
*** RIVER *** [8d 3d Td 5c] [2d]
f661ed14: checks
9be508e6: checks
f661ed14: shows [Ah Qs] (Ace-High)
9be508e6: shows [Jc 4c] (Jack-High)
*** SHOWDOWN ***
f661ed14 collected $0.56 from pot
*** SUMMARY ***
Total pot $0.59 | Rake $0.03 | Jackpot $0 | Bingo $0 | Fortune $0
Board [8d 3d Td 5c 2d]
Seat 1: 9a1d62c9 (small blind) folded before Flop
Seat 2: d92f2bbc (big blind) folded before Flop
Seat 4: f661ed14 showed [Ah Qs] and won ($0.56) with Ace-High
Seat 5: Hero folded before Flop (didn't bet)
Seat 6: 9be508e6 (button) showed [Jc 4c] and lost with Jack-High


Poker Hand #HD1179951476: Hold'em No Limit  ($0.02/$0.05) - 2023/03/28 19:48:06
Table 'NLHBlue137' 6-max Seat #5 is the button
Seat 1: 9a1d62c9 ($5 in chips)
Seat 2: d92f2bbc ($4.98 in chips)
Seat 4: f661ed14 ($7.02 in chips)
Seat 5: Hero ($8.28 in chips)
Seat 6: 9be508e6 ($6.87 in chips)
9be508e6: posts small blind $0.02
9a1d62c9: posts big blind $0.05
*** HOLE CARDS ***
Dealt to 9a1d62c9 
Dealt to d92f2bbc 
Dealt to f661ed14 
Dealt to Hero [2c 2h]
Dealt to 9be508e6 
d92f2bbc: folds
f661ed14: folds
Hero: raises $0.07 to $0.12
9be508e6: folds
9a1d62c9: folds
Uncalled bet ($0.07) returned to Hero
*** SHOWDOWN ***
Hero collected $0.12 from pot
*** SUMMARY ***
Total pot $0.12 | Rake $0 | Jackpot $0 | Bingo $0 | Fortune $0
Seat 1: 9a1d62c9 (big blind) folded before Flop
Seat 2: d92f2bbc folded before Flop (didn't bet)
Seat 4: f661ed14 folded before Flop (didn't bet)
Seat 5: Hero (button) collected ($0.12)
Seat 6: 9be508e6 (small blind) folded before Flop


Poker Hand #HD1179951380: Hold'em No Limit  ($0.02/$0.05) - 2023/03/28 19:47:36
Table 'NLHBlue137' 6-max Seat #4 is the button
Seat 1: 9a1d62c9 ($5 in chips)
Seat 2: d92f2bbc ($4.98 in chips)
Seat 4: f661ed14 ($6.87 in chips)
Seat 5: Hero ($8.3 in chips)
Seat 6: 9be508e6 ($7.01 in chips)
Hero: posts small blind $0.02
9be508e6: posts big blind $0.05
*** HOLE CARDS ***
Dealt to 9a1d62c9 
Dealt to d92f2bbc 
Dealt to f661ed14 
Dealt to Hero [6d As]
Dealt to 9be508e6 
9a1d62c9: folds
d92f2bbc: folds
f661ed14: raises $0.09 to $0.14
Hero: folds
9be508e6: calls $0.09
*** FLOP *** [Td 8c Qd]
9be508e6: checks
f661ed14: bets $0.09
9be508e6: folds
Uncalled bet ($0.09) returned to f661ed14
*** SHOWDOWN ***
f661ed14 collected $0.29 from pot
*** SUMMARY ***
Total pot $0.3 | Rake $0.01 | Jackpot $0 | Bingo $0 | Fortune $0
Board [Td 8c Qd]
Seat 1: 9a1d62c9 folded before Flop (didn't bet)
Seat 2: d92f2bbc folded before Flop (didn't bet)
Seat 4: f661ed14 (button) won ($0.29)
Seat 5: Hero (small blind) folded before Flop
Seat 6: 9be508e6 (big blind) folded on the Flop


Poker Hand #HD1179951291: Hold'em No Limit  ($0.02/$0.05) - 2023/03/28 19:47:06
Table 'NLHBlue137' 6-max Seat #2 is the button
Seat 1: 9a1d62c9 ($5 in chips)
Seat 2: d92f2bbc ($4.79 in chips)
Seat 4: f661ed14 ($6.89 in chips)
Seat 5: Hero ($8.35 in chips)
Seat 6: 9be508e6 ($7.01 in chips)
f661ed14: posts small blind $0.02
Hero: posts big blind $0.05
*** HOLE CARDS ***
Dealt to 9a1d62c9 
Dealt to d92f2bbc 
Dealt to f661ed14 
Dealt to Hero [3c 2d]
Dealt to 9be508e6 
9be508e6: folds
9a1d62c9: raises $0.08 to $0.13
d92f2bbc: raises $0.33 to $0.46
f661ed14: folds
Hero: folds
9a1d62c9: folds
Uncalled bet ($0.33) returned to d92f2bbc
*** SHOWDOWN ***
d92f2bbc collected $0.32 from pot
*** SUMMARY ***
Total pot $0.33 | Rake $0.01 | Jackpot $0 | Bingo $0 | Fortune $0
Seat 1: 9a1d62c9 folded before Flop
Seat 2: d92f2bbc (button) collected ($0.32)
Seat 4: f661ed14 (small blind) folded before Flop
Seat 5: Hero (big blind) folded before Flop
Seat 6: 9be508e6 folded before Flop (didn't bet)


Poker Hand #HD1179951175: Hold'em No Limit  ($0.02/$0.05) - 2023/03/28 19:46:30
Table 'NLHBlue137' 6-max Seat #1 is the button
Seat 1: 9a1d62c9 ($5 in chips)
Seat 2: d92f2bbc ($5.2 in chips)
Seat 4: f661ed14 ($6.94 in chips)
Seat 5: Hero ($8.35 in chips)
Seat 6: 9be508e6 ($6.59 in chips)
d92f2bbc: posts small blind $0.02
f661ed14: posts big blind $0.05
*** HOLE CARDS ***
Dealt to 9a1d62c9 
Dealt to d92f2bbc 
Dealt to f661ed14 
Dealt to Hero [6d Qd]
Dealt to 9be508e6 
Hero: folds
9be508e6: raises $0.07 to $0.12
9a1d62c9: folds
d92f2bbc: raises $0.29 to $0.41
f661ed14: folds
9be508e6: calls $0.29
*** FLOP *** [8c Kh 4d]
d92f2bbc: checks
9be508e6: checks
*** TURN *** [8c Kh 4d] [2s]
d92f2bbc: checks
9be508e6: bets $0.64
d92f2bbc: folds
Uncalled bet ($0.64) returned to 9be508e6
*** SHOWDOWN ***
9be508e6 collected $0.83 from pot
*** SUMMARY ***
Total pot $0.87 | Rake $0.04 | Jackpot $0 | Bingo $0 | Fortune $0
Board [8c Kh 4d 2s]
Seat 1: 9a1d62c9 (button) folded before Flop (didn't bet)
Seat 2: d92f2bbc (small blind) folded on the Turn
Seat 4: f661ed14 (big blind) folded before Flop
Seat 5: Hero folded before Flop (didn't bet)
Seat 6: 9be508e6 won ($0.83)


Poker Hand #HD1179951108: Hold'em No Limit  ($0.02/$0.05) - 2023/03/28 19:46:06
Table 'NLHBlue137' 6-max Seat #6 is the button
Seat 1: 9a1d62c9 ($5 in chips)
Seat 2: d92f2bbc ($5.41 in chips)
Seat 4: f661ed14 ($6.94 in chips)
Seat 5: Hero ($8.35 in chips)
Seat 6: 9be508e6 ($6.38 in chips)
9a1d62c9: posts small blind $0.02
d92f2bbc: posts big blind $0.05
*** HOLE CARDS ***
Dealt to 9a1d62c9 
Dealt to d92f2bbc 
Dealt to f661ed14 
Dealt to Hero [5d 2s]
Dealt to 9be508e6 
f661ed14: folds
Hero: folds
9be508e6: raises $0.07 to $0.12
9a1d62c9: folds
d92f2bbc: calls $0.07
*** FLOP *** [8s 2h 5s]
d92f2bbc: checks
9be508e6: bets $0.09
d92f2bbc: calls $0.09
*** TURN *** [8s 2h 5s] [3d]
d92f2bbc: checks
9be508e6: bets $0.15
d92f2bbc: folds
Uncalled bet ($0.15) returned to 9be508e6
*** SHOWDOWN ***
9be508e6 collected $0.42 from pot
*** SUMMARY ***
Total pot $0.44 | Rake $0.02 | Jackpot $0 | Bingo $0 | Fortune $0
Board [8s 2h 5s 3d]
Seat 1: 9a1d62c9 (small blind) folded before Flop
Seat 2: d92f2bbc (big blind) folded on the Turn
Seat 4: f661ed14 folded before Flop (didn't bet)
Seat 5: Hero folded before Flop (didn't bet)
Seat 6: 9be508e6 (button) won ($0.42)


Poker Hand #HD1179951058: Hold'em No Limit  ($0.02/$0.05) - 2023/03/28 19:45:51
Table 'NLHBlue137' 6-max Seat #5 is the button
Seat 1: 9a1d62c9 ($5 in chips)
Seat 2: d92f2bbc ($5.41 in chips)
Seat 4: f661ed14 ($6.94 in chips)
Seat 5: Hero ($8.28 in chips)
Seat 6: 9be508e6 ($6.4 in chips)
9be508e6: posts small blind $0.02
9a1d62c9: posts big blind $0.05
*** HOLE CARDS ***
Dealt to 9a1d62c9 
Dealt to d92f2bbc 
Dealt to f661ed14 
Dealt to Hero [3c Ac]
Dealt to 9be508e6 
d92f2bbc: folds
f661ed14: folds
Hero: raises $0.07 to $0.12
9be508e6: folds
9a1d62c9: folds
Uncalled bet ($0.07) returned to Hero
*** SHOWDOWN ***
Hero collected $0.12 from pot
*** SUMMARY ***
Total pot $0.12 | Rake $0 | Jackpot $0 | Bingo $0 | Fortune $0
Seat 1: 9a1d62c9 (big blind) folded before Flop
Seat 2: d92f2bbc folded before Flop (didn't bet)
Seat 4: f661ed14 folded before Flop (didn't bet)
Seat 5: Hero (button) collected ($0.12)
Seat 6: 9be508e6 (small blind) folded before Flop


Poker Hand #HD1179950896: Hold'em No Limit  ($0.02/$0.05) - 2023/03/28 19:45:00
Table 'NLHBlue137' 6-max Seat #4 is the button
Seat 1: 9a1d62c9 ($5.23 in chips)
Seat 2: d92f2bbc ($5.41 in chips)
Seat 4: f661ed14 ($6.94 in chips)
Seat 5: Hero ($8.3 in chips)
Seat 6: 9be508e6 ($6.12 in chips)
Hero: posts small blind $0.02
9be508e6: posts big blind $0.05
*** HOLE CARDS ***
Dealt to 9a1d62c9 
Dealt to d92f2bbc 
Dealt to f661ed14 
Dealt to Hero [8h 7h]
Dealt to 9be508e6 
9a1d62c9: raises $0.08 to $0.13
d92f2bbc: folds
f661ed14: folds
Hero: folds
9be508e6: calls $0.08
*** FLOP *** [8d 6d 7c]
9be508e6: checks
9a1d62c9: bets $0.16
9be508e6: calls $0.16
*** TURN *** [8d 6d 7c] [Ah]
9be508e6: checks
9a1d62c9: checks
*** RIVER *** [8d 6d 7c Ah] [5s]
9be508e6: checks
9a1d62c9: checks
9be508e6: shows [Ad Jc] (Pair of Aces)
9a1d62c9: shows [Ts Tc] (Pair of Tens)
*** SHOWDOWN ***
9be508e6 collected $0.57 from pot
*** SUMMARY ***
Total pot $0.6 | Rake $0.03 | Jackpot $0 | Bingo $0 | Fortune $0
Board [8d 6d 7c Ah 5s]
Seat 1: 9a1d62c9 showed [Ts Tc] and lost with Pair of Tens
Seat 2: d92f2bbc folded before Flop (didn't bet)
Seat 4: f661ed14 (button) folded before Flop (didn't bet)
Seat 5: Hero (small blind) folded before Flop
Seat 6: 9be508e6 (big blind) showed [Ad Jc] and won ($0.57) with Pair of Aces


Poker Hand #HD1179950745: Hold'em No Limit  ($0.02/$0.05) - 2023/03/28 19:44:11
Table 'NLHBlue137' 6-max Seat #3 is the button
Seat 1: 9a1d62c9 ($5.23 in chips)
Seat 2: d92f2bbc ($5.41 in chips)
Seat 3: bb5cc592 ($5 in chips)
Seat 4: f661ed14 ($6.96 in chips)
Seat 5: Hero ($7.24 in chips)
Seat 6: 9be508e6 ($7.32 in chips)
f661ed14: posts small blind $0.02
Hero: posts big blind $0.05
*** HOLE CARDS ***
Dealt to 9a1d62c9 
Dealt to d92f2bbc 
Dealt to bb5cc592 
Dealt to f661ed14 
Dealt to Hero [As Ah]
Dealt to 9be508e6 
9be508e6: raises $0.07 to $0.12
9a1d62c9: folds
d92f2bbc: folds
bb5cc592: folds
f661ed14: folds
Hero: raises $0.39 to $0.51
9be508e6: raises $0.69 to $1.2
Hero: raises $6.04 to $7.24 and is all-in
9be508e6: folds
Uncalled bet ($6.04) returned to Hero
*** SHOWDOWN ***
Hero collected $2.26 from pot
*** SUMMARY ***
Total pot $2.42 | Rake $0.11 | Jackpot $0.05 | Bingo $0 | Fortune $0
Seat 1: 9a1d62c9 folded before Flop (didn't bet)
Seat 2: d92f2bbc folded before Flop (didn't bet)
Seat 3: bb5cc592 (button) folded before Flop (didn't bet)
Seat 4: f661ed14 (small blind) folded before Flop
Seat 5: Hero (big blind) collected ($2.26)
Seat 6: 9be508e6 folded before Flop


Poker Hand #HD1179950612: Hold'em No Limit  ($0.02/$0.05) - 2023/03/28 19:43:28
Table 'NLHBlue137' 6-max Seat #2 is the button
Seat 1: 9a1d62c9 ($5.23 in chips)
Seat 2: d92f2bbc ($7.62 in chips)
Seat 3: bb5cc592 ($5 in chips)
Seat 4: f661ed14 ($5 in chips)
Seat 5: Hero ($7.24 in chips)
Seat 6: 9be508e6 ($7.32 in chips)
bb5cc592: posts small blind $0.02
f661ed14: posts big blind $0.05
*** HOLE CARDS ***
Dealt to 9a1d62c9 
Dealt to d92f2bbc 
Dealt to bb5cc592 
Dealt to f661ed14 
Dealt to Hero [8c 2d]
Dealt to 9be508e6 
Hero: folds
9be508e6: folds
9a1d62c9: folds
d92f2bbc: raises $0.1 to $0.15
bb5cc592: folds
f661ed14: calls $0.1
*** FLOP *** [4h 3s 5c]
f661ed14: checks
d92f2bbc: bets $0.11
f661ed14: raises $0.19 to $0.3
d92f2bbc: calls $0.19
*** TURN *** [4h 3s 5c] [As]
f661ed14: bets $0.65
d92f2bbc: calls $0.65
*** RIVER *** [4h 3s 5c As] [Js]
f661ed14: bets $1.11
d92f2bbc: calls $1.11
f661ed14: shows [3h 3d] (Three Treys)
d92f2bbc: shows [Ad 4c] (Pair of Aces and Pair of Fours)
*** SHOWDOWN ***
f661ed14 collected $4.17 from pot
*** SUMMARY ***
Total pot $4.44 | Rake $0.22 | Jackpot $0.05 | Bingo $0 | Fortune $0
Board [4h 3s 5c As Js]
Seat 1: 9a1d62c9 folded before Flop (didn't bet)
Seat 2: d92f2bbc (button) showed [Ad 4c] and lost with Pair of Aces and Pair of Fours
Seat 3: bb5cc592 (small blind) folded before Flop
Seat 4: f661ed14 (big blind) showed [3h 3d] and won ($4.17) with Three Treys
Seat 5: Hero folded before Flop (didn't bet)
Seat 6: 9be508e6 folded before Flop (didn't bet)


Poker Hand #HD1179950389: Hold'em No Limit  ($0.02/$0.05) - 2023/03/28 19:42:19
Table 'NLHBlue137' 6-max Seat #1 is the button
Seat 1: 9a1d62c9 ($5.23 in chips)
Seat 2: d92f2bbc ($7.64 in chips)
Seat 3: bb5cc592 ($5 in chips)
Seat 4: f661ed14 ($5 in chips)
Seat 5: Hero ($7.24 in chips)
Seat 6: 9be508e6 ($5 in chips)
d92f2bbc: posts small blind $0.02
bb5cc592: posts big blind $0.05
*** HOLE CARDS ***
Dealt to 9a1d62c9 
Dealt to d92f2bbc 
Dealt to bb5cc592 
Dealt to f661ed14 
Dealt to Hero [9s 3d]
Dealt to 9be508e6 
f661ed14: folds
Hero: folds
9be508e6: raises $0.07 to $0.12
9a1d62c9: folds
d92f2bbc: folds
bb5cc592: raises $0.46 to $0.58
9be508e6: calls $0.46
*** FLOP *** [5s Qc 3c]
bb5cc592: bets $0.65
9be508e6: calls $0.65
*** TURN *** [5s Qc 3c] [4c]
bb5cc592: bets $1.37
9be508e6: raises $2.4 to $3.77 and is all-in
bb5cc592: folds
Uncalled bet ($2.4) returned to 9be508e6
*** SHOWDOWN ***
9be508e6 collected $4.92 from pot
*** SUMMARY ***
Total pot $5.22 | Rake $0.25 | Jackpot $0.05 | Bingo $0 | Fortune $0
Board [5s Qc 3c 4c]
Seat 1: 9a1d62c9 (button) folded before Flop (didn't bet)
Seat 2: d92f2bbc (small blind) folded before Flop
Seat 3: bb5cc592 (big blind) folded on the Turn
Seat 4: f661ed14 folded before Flop (didn't bet)
Seat 5: Hero folded before Flop (didn't bet)
Seat 6: 9be508e6 won ($4.92)


Poker Hand #HD1179950311: Hold'em No Limit  ($0.02/$0.05) - 2023/03/28 19:41:55
Table 'NLHBlue137' 6-max Seat #6 is the button
Seat 1: 9a1d62c9 ($5.25 in chips)
Seat 2: d92f2bbc ($7.77 in chips)
Seat 3: bb5cc592 ($4.86 in chips)
Seat 4: f661ed14 ($5 in chips)
Seat 5: Hero ($7.24 in chips)
Seat 6: 9be508e6 ($5 in chips)
9a1d62c9: posts small blind $0.02
d92f2bbc: posts big blind $0.05
*** HOLE CARDS ***
Dealt to 9a1d62c9 
Dealt to d92f2bbc 
Dealt to bb5cc592 
Dealt to f661ed14 
Dealt to Hero [7d 3c]
Dealt to 9be508e6 
bb5cc592: raises $0.08 to $0.13
f661ed14: folds
Hero: folds
9be508e6: folds
9a1d62c9: folds
d92f2bbc: calls $0.08
*** FLOP *** [Qh 7c As]
d92f2bbc: checks
bb5cc592: bets $0.16
d92f2bbc: folds
Uncalled bet ($0.16) returned to bb5cc592
*** SHOWDOWN ***
bb5cc592 collected $0.27 from pot
*** SUMMARY ***
Total pot $0.28 | Rake $0.01 | Jackpot $0 | Bingo $0 | Fortune $0
Board [Qh 7c As]
Seat 1: 9a1d62c9 (small blind) folded before Flop
Seat 2: d92f2bbc (big blind) folded on the Flop
Seat 3: bb5cc592 won ($0.27)
Seat 4: f661ed14 folded before Flop (didn't bet)
Seat 5: Hero folded before Flop (didn't bet)
Seat 6: 9be508e6 (button) folded before Flop (didn't bet)


Poker Hand #HD1179950260: Hold'em No Limit  ($0.02/$0.05) - 2023/03/28 19:41:43
Table 'NLHBlue137' 6-max Seat #5 is the button
Seat 1: 9a1d62c9 ($5.3 in chips)
Seat 2: d92f2bbc ($7.77 in chips)
Seat 3: bb5cc592 ($4.86 in chips)
Seat 4: f661ed14 ($5 in chips)
Seat 5: Hero ($7.17 in chips)
Seat 6: 9be508e6 ($5 in chips)
9be508e6: posts small blind $0.02
9a1d62c9: posts big blind $0.05
*** HOLE CARDS ***
Dealt to 9a1d62c9 
Dealt to d92f2bbc 
Dealt to bb5cc592 
Dealt to f661ed14 
Dealt to Hero [Kd 8d]
Dealt to 9be508e6 
d92f2bbc: folds
bb5cc592: folds
f661ed14: folds
Hero: raises $0.07 to $0.12
9be508e6: folds
9a1d62c9: folds
Uncalled bet ($0.07) returned to Hero
*** SHOWDOWN ***
Hero collected $0.12 from pot
*** SUMMARY ***
Total pot $0.12 | Rake $0 | Jackpot $0 | Bingo $0 | Fortune $0
Seat 1: 9a1d62c9 (big blind) folded before Flop
Seat 2: d92f2bbc folded before Flop (didn't bet)
Seat 3: bb5cc592 folded before Flop (didn't bet)
Seat 4: f661ed14 folded before Flop (didn't bet)
Seat 5: Hero (button) collected ($0.12)
Seat 6: 9be508e6 (small blind) folded before Flop


Poker Hand #HD1179950211: Hold'em No Limit  ($0.02/$0.05) - 2023/03/28 19:41:28
Table 'NLHBlue137' 6-max Seat #4 is the button
Seat 1: 9a1d62c9 ($5.3 in chips)
Seat 2: d92f2bbc ($7.77 in chips)
Seat 3: bb5cc592 ($4.86 in chips)
Seat 4: f661ed14 ($5 in chips)
Seat 5: Hero ($7.12 in chips)
Seat 6: 9be508e6 ($5 in chips)
Hero: posts small blind $0.02
9be508e6: posts big blind $0.05
*** HOLE CARDS ***
Dealt to 9a1d62c9 
Dealt to d92f2bbc 
Dealt to bb5cc592 
Dealt to f661ed14 
Dealt to Hero [Qd 5d]
Dealt to 9be508e6 
9a1d62c9: folds
d92f2bbc: folds
bb5cc592: folds
f661ed14: folds
Hero: raises $0.09 to $0.14
9be508e6: folds
Uncalled bet ($0.09) returned to Hero
*** SHOWDOWN ***
Hero collected $0.1 from pot
*** SUMMARY ***
Total pot $0.1 | Rake $0 | Jackpot $0 | Bingo $0 | Fortune $0
Seat 1: 9a1d62c9 folded before Flop (didn't bet)
Seat 2: d92f2bbc folded before Flop (didn't bet)
Seat 3: bb5cc592 folded before Flop (didn't bet)
Seat 4: f661ed14 (button) folded before Flop (didn't bet)
Seat 5: Hero (small blind) collected ($0.1)
Seat 6: 9be508e6 (big blind) folded before Flop


Poker Hand #HD1179950175: Hold'em No Limit  ($0.02/$0.05) - 2023/03/28 19:41:17
Table 'NLHBlue137' 6-max Seat #3 is the button
Seat 1: 9a1d62c9 ($5.3 in chips)
Seat 2: d92f2bbc ($7.77 in chips)
Seat 3: bb5cc592 ($4.86 in chips)
Seat 4: f661ed14 ($5 in chips)
Seat 5: Hero ($7.1 in chips)
Seat 6: 9be508e6 ($5 in chips)
f661ed14: posts small blind $0.02
Hero: posts big blind $0.05
*** HOLE CARDS ***
Dealt to 9a1d62c9 
Dealt to d92f2bbc 
Dealt to bb5cc592 
Dealt to f661ed14 
Dealt to Hero [2c Tc]
Dealt to 9be508e6 
9be508e6: folds
9a1d62c9: folds
d92f2bbc: folds
bb5cc592: folds
f661ed14: folds
Uncalled bet ($0.03) returned to Hero
*** SHOWDOWN ***
Hero collected $0.04 from pot
*** SUMMARY ***
Total pot $0.04 | Rake $0 | Jackpot $0 | Bingo $0 | Fortune $0
Seat 1: 9a1d62c9 folded before Flop (didn't bet)
Seat 2: d92f2bbc folded before Flop (didn't bet)
Seat 3: bb5cc592 (button) folded before Flop (didn't bet)
Seat 4: f661ed14 (small blind) folded before Flop
Seat 5: Hero (big blind) collected ($0.04)
Seat 6: 9be508e6 folded before Flop (didn't bet)


Poker Hand #HD1179950131: Hold'em No Limit  ($0.02/$0.05) - 2023/03/28 19:41:00
Table 'NLHBlue137' 6-max Seat #2 is the button
Seat 1: 9a1d62c9 ($5.3 in chips)
Seat 2: d92f2bbc ($7.7 in chips)
Seat 3: bb5cc592 ($4.88 in chips)
Seat 4: f661ed14 ($5 in chips)
Seat 5: Hero ($7.1 in chips)
Seat 6: 9be508e6 ($5 in chips)
bb5cc592: posts small blind $0.02
f661ed14: posts big blind $0.05
*** HOLE CARDS ***
Dealt to 9a1d62c9 
Dealt to d92f2bbc 
Dealt to bb5cc592 
Dealt to f661ed14 
Dealt to Hero [4s 6c]
Dealt to 9be508e6 
Hero: folds
9be508e6: folds
9a1d62c9: folds
d92f2bbc: raises $0.1 to $0.15
bb5cc592: folds
f661ed14: folds
Uncalled bet ($0.1) returned to d92f2bbc
*** SHOWDOWN ***
d92f2bbc collected $0.12 from pot
*** SUMMARY ***
Total pot $0.12 | Rake $0 | Jackpot $0 | Bingo $0 | Fortune $0
Seat 1: 9a1d62c9 folded before Flop (didn't bet)
Seat 2: d92f2bbc (button) collected ($0.12)
Seat 3: bb5cc592 (small blind) folded before Flop
Seat 4: f661ed14 (big blind) folded before Flop
Seat 5: Hero folded before Flop (didn't bet)
Seat 6: 9be508e6 folded before Flop (didn't bet)


Poker Hand #HD1179949976: Hold'em No Limit  ($0.02/$0.05) - 2023/03/28 19:40:10
Table 'NLHBlue137' 6-max Seat #1 is the button
Seat 1: 9a1d62c9 ($5.3 in chips)
Seat 2: d92f2bbc ($7.15 in chips)
Seat 3: bb5cc592 ($4.93 in chips)
Seat 4: f661ed14 ($5 in chips)
Seat 5: Hero ($7.1 in chips)
Seat 6: 9be508e6 ($5.48 in chips)
d92f2bbc: posts small blind $0.02
bb5cc592: posts big blind $0.05
*** HOLE CARDS ***
Dealt to 9a1d62c9 
Dealt to d92f2bbc 
Dealt to bb5cc592 
Dealt to f661ed14 
Dealt to Hero [6h Js]
Dealt to 9be508e6 
f661ed14: folds
Hero: folds
9be508e6: raises $0.07 to $0.12
9a1d62c9: folds
d92f2bbc: calls $0.1
bb5cc592: folds
*** FLOP *** [Kd Ts 7c]
d92f2bbc: checks
9be508e6: bets $0.2
d92f2bbc: calls $0.2
*** TURN *** [Kd Ts 7c] [As]
d92f2bbc: checks
9be508e6: bets $0.23
d92f2bbc: calls $0.23
*** RIVER *** [Kd Ts 7c As] [9c]
d92f2bbc: checks
9be508e6: checks
d92f2bbc: shows [Td 9d] (Pair of Tens and Pair of Nines)
9be508e6: shows [Jh Ks] (Pair of Kings)
*** SHOWDOWN ***
d92f2bbc collected $1.1 from pot
*** SUMMARY ***
Total pot $1.15 | Rake $0.05 | Jackpot $0 | Bingo $0 | Fortune $0
Board [Kd Ts 7c As 9c]
Seat 1: 9a1d62c9 (button) folded before Flop (didn't bet)
Seat 2: d92f2bbc (small blind) showed [Td 9d] and won ($1.1) with Pair of Tens and Pair of Nines
Seat 3: bb5cc592 (big blind) folded before Flop
Seat 4: f661ed14 folded before Flop (didn't bet)
Seat 5: Hero folded before Flop (didn't bet)
Seat 6: 9be508e6 showed [Jh Ks] and lost with Pair of Kings


Poker Hand #HD1179949805: Hold'em No Limit  ($0.02/$0.05) - 2023/03/28 19:39:15
Table 'NLHBlue137' 6-max Seat #6 is the button
Seat 1: 9a1d62c9 ($5.32 in chips)
Seat 2: d92f2bbc ($7.2 in chips)
Seat 3: bb5cc592 ($4.93 in chips)
Seat 4: f661ed14 ($5.05 in chips)
Seat 5: Hero ($6.36 in chips)
Seat 6: 9be508e6 ($5.48 in chips)
9a1d62c9: posts small blind $0.02
d92f2bbc: posts big blind $0.05
*** HOLE CARDS ***
Dealt to 9a1d62c9 
Dealt to d92f2bbc 
Dealt to bb5cc592 
Dealt to f661ed14 
Dealt to Hero [Kh Qh]
Dealt to 9be508e6 
bb5cc592: folds
f661ed14: raises $0.09 to $0.14
Hero: raises $0.24 to $0.38
9be508e6: folds
9a1d62c9: folds
d92f2bbc: folds
f661ed14: calls $0.24
*** FLOP *** [6c 7s Kd]
f661ed14: checks
Hero: bets $0.42
f661ed14: calls $0.42
*** TURN *** [6c 7s Kd] [As]
f661ed14: checks
Hero: checks
*** RIVER *** [6c 7s Kd As] [2c]
f661ed14: checks
Hero: checks
f661ed14: shows [3s 3c] (Pair of Treys)
Hero: shows [Kh Qh] (Pair of Kings)
*** SHOWDOWN ***
Hero collected $1.54 from pot
*** SUMMARY ***
Total pot $1.67 | Rake $0.08 | Jackpot $0.05 | Bingo $0 | Fortune $0
Board [6c 7s Kd As 2c]
Seat 1: 9a1d62c9 (small blind) folded before Flop
Seat 2: d92f2bbc (big blind) folded before Flop
Seat 3: bb5cc592 folded before Flop (didn't bet)
Seat 4: f661ed14 showed [3s 3c] and lost with Pair of Treys
Seat 5: Hero showed [Kh Qh] and won ($1.54) with Pair of Kings
Seat 6: 9be508e6 (button) folded before Flop (didn't bet)


Poker Hand #HD1179949765: Hold'em No Limit  ($0.02/$0.05) - 2023/03/28 19:39:04
Table 'NLHBlue137' 6-max Seat #5 is the button
Seat 1: 9a1d62c9 ($5.37 in chips)
Seat 2: d92f2bbc ($7.2 in chips)
Seat 3: bb5cc592 ($4.93 in chips)
Seat 4: f661ed14 ($5.05 in chips)
Seat 5: Hero ($6.29 in chips)
Seat 6: 9be508e6 ($5.5 in chips)
9be508e6: posts small blind $0.02
9a1d62c9: posts big blind $0.05
*** HOLE CARDS ***
Dealt to 9a1d62c9 
Dealt to d92f2bbc 
Dealt to bb5cc592 
Dealt to f661ed14 
Dealt to Hero [5h 8h]
Dealt to 9be508e6 
d92f2bbc: folds
bb5cc592: folds
f661ed14: folds
Hero: raises $0.07 to $0.12
9be508e6: folds
9a1d62c9: folds
Uncalled bet ($0.07) returned to Hero
*** SHOWDOWN ***
Hero collected $0.12 from pot
*** SUMMARY ***
Total pot $0.12 | Rake $0 | Jackpot $0 | Bingo $0 | Fortune $0
Seat 1: 9a1d62c9 (big blind) folded before Flop
Seat 2: d92f2bbc folded before Flop (didn't bet)
Seat 3: bb5cc592 folded before Flop (didn't bet)
Seat 4: f661ed14 folded before Flop (didn't bet)
Seat 5: Hero (button) collected ($0.12)
Seat 6: 9be508e6 (small blind) folded before Flop


Poker Hand #HD1179949696: Hold'em No Limit  ($0.02/$0.05) - 2023/03/28 19:38:44
Table 'NLHBlue137' 6-max Seat #4 is the button
Seat 1: 9a1d62c9 ($5.3 in chips)
Seat 2: d92f2bbc ($7.2 in chips)
Seat 3: bb5cc592 ($4.93 in chips)
Seat 4: f661ed14 ($5.05 in chips)
Seat 5: Hero ($6.31 in chips)
Seat 6: 9be508e6 ($5.55 in chips)
Hero: posts small blind $0.02
9be508e6: posts big blind $0.05
*** HOLE CARDS ***
Dealt to 9a1d62c9 
Dealt to d92f2bbc 
Dealt to bb5cc592 
Dealt to f661ed14 
Dealt to Hero [5c Kh]
Dealt to 9be508e6 
9a1d62c9: raises $0.08 to $0.13
d92f2bbc: folds
bb5cc592: folds
f661ed14: folds
Hero: folds
9be508e6: folds
Uncalled bet ($0.08) returned to 9a1d62c9
*** SHOWDOWN ***
9a1d62c9 collected $0.12 from pot
*** SUMMARY ***
Total pot $0.12 | Rake $0 | Jackpot $0 | Bingo $0 | Fortune $0
Seat 1: 9a1d62c9 collected ($0.12)
Seat 2: d92f2bbc folded before Flop (didn't bet)
Seat 3: bb5cc592 folded before Flop (didn't bet)
Seat 4: f661ed14 (button) folded before Flop (didn't bet)
Seat 5: Hero (small blind) folded before Flop
Seat 6: 9be508e6 (big blind) folded before Flop


Poker Hand #HD1179949642: Hold'em No Limit  ($0.02/$0.05) - 2023/03/28 19:38:28
Table 'NLHBlue137' 6-max Seat #3 is the button
Seat 1: 9a1d62c9 ($5.3 in chips)
Seat 2: d92f2bbc ($7.2 in chips)
Seat 3: bb5cc592 ($4.93 in chips)
Seat 4: f661ed14 ($5 in chips)
Seat 5: Hero ($6.36 in chips)
Seat 6: 9be508e6 ($5.55 in chips)
f661ed14: posts small blind $0.02
Hero: posts big blind $0.05
*** HOLE CARDS ***
Dealt to 9a1d62c9 
Dealt to d92f2bbc 
Dealt to bb5cc592 
Dealt to f661ed14 
Dealt to Hero [6c Td]
Dealt to 9be508e6 
9be508e6: folds
9a1d62c9: folds
d92f2bbc: folds
bb5cc592: folds
f661ed14: raises $0.1 to $0.15
Hero: folds
Uncalled bet ($0.1) returned to f661ed14
*** SHOWDOWN ***
f661ed14 collected $0.1 from pot
*** SUMMARY ***
Total pot $0.1 | Rake $0 | Jackpot $0 | Bingo $0 | Fortune $0
Seat 1: 9a1d62c9 folded before Flop (didn't bet)
Seat 2: d92f2bbc folded before Flop (didn't bet)
Seat 3: bb5cc592 (button) folded before Flop (didn't bet)
Seat 4: f661ed14 (small blind) collected ($0.1)
Seat 5: Hero (big blind) folded before Flop
Seat 6: 9be508e6 folded before Flop (didn't bet)


Poker Hand #HD1179949496: Hold'em No Limit  ($0.02/$0.05) - 2023/03/28 19:37:45
Table 'NLHBlue137' 6-max Seat #2 is the button
Seat 1: 9a1d62c9 ($5.3 in chips)
Seat 2: d92f2bbc ($7.2 in chips)
Seat 3: bb5cc592 ($4.95 in chips)
Seat 4: f661ed14 ($5.07 in chips)
Seat 5: Hero ($6.36 in chips)
Seat 6: 9be508e6 ($5.3 in chips)
bb5cc592: posts small blind $0.02
f661ed14: posts big blind $0.05
*** HOLE CARDS ***
Dealt to 9a1d62c9 
Dealt to d92f2bbc 
Dealt to bb5cc592 
Dealt to f661ed14 
Dealt to Hero [3h Qs]
Dealt to 9be508e6 
Hero: folds
9be508e6: raises $0.07 to $0.12
9a1d62c9: folds
d92f2bbc: folds
bb5cc592: folds
f661ed14: calls $0.07
*** FLOP *** [4d Kc 3s]
f661ed14: checks
9be508e6: checks
*** TURN *** [4d Kc 3s] [Kd]
f661ed14: bets $0.13
9be508e6: calls $0.13
*** RIVER *** [4d Kc 3s Kd] [Jd]
f661ed14: checks
9be508e6: checks
f661ed14: shows [5h 4h] (Pair of Kings and Pair of Fours)
9be508e6: shows [7c 7d] (Pair of Kings and Pair of Sevens)
*** SHOWDOWN ***
9be508e6 collected $0.5 from pot
*** SUMMARY ***
Total pot $0.52 | Rake $0.02 | Jackpot $0 | Bingo $0 | Fortune $0
Board [4d Kc 3s Kd Jd]
Seat 1: 9a1d62c9 folded before Flop (didn't bet)
Seat 2: d92f2bbc (button) folded before Flop (didn't bet)
Seat 3: bb5cc592 (small blind) folded before Flop
Seat 4: f661ed14 (big blind) showed [5h 4h] and lost with Pair of Kings and Pair of Fours
Seat 5: Hero folded before Flop (didn't bet)
Seat 6: 9be508e6 showed [7c 7d] and won ($0.5) with Pair of Kings and Pair of Sevens


Poker Hand #HD1179949451: Hold'em No Limit  ($0.02/$0.05) - 2023/03/28 19:37:29
Table 'NLHBlue137' 6-max Seat #1 is the button
Seat 1: 9a1d62c9 ($5.3 in chips)
Seat 2: d92f2bbc ($7.15 in chips)
Seat 3: bb5cc592 ($5 in chips)
Seat 4: f661ed14 ($5.07 in chips)
Seat 5: Hero ($6.36 in chips)
Seat 6: 9be508e6 ($5.3 in chips)
d92f2bbc: posts small blind $0.02
bb5cc592: posts big blind $0.05
*** HOLE CARDS ***
Dealt to 9a1d62c9 
Dealt to d92f2bbc 
Dealt to bb5cc592 
Dealt to f661ed14 
Dealt to Hero [2s 5d]
Dealt to 9be508e6 
f661ed14: folds
Hero: folds
9be508e6: folds
9a1d62c9: folds
d92f2bbc: raises $0.1 to $0.15
bb5cc592: folds
Uncalled bet ($0.1) returned to d92f2bbc
*** SHOWDOWN ***
d92f2bbc collected $0.1 from pot
*** SUMMARY ***
Total pot $0.1 | Rake $0 | Jackpot $0 | Bingo $0 | Fortune $0
Seat 1: 9a1d62c9 (button) folded before Flop (didn't bet)
Seat 2: d92f2bbc (small blind) collected ($0.1)
Seat 3: bb5cc592 (big blind) folded before Flop
Seat 4: f661ed14 folded before Flop (didn't bet)
Seat 5: Hero folded before Flop (didn't bet)
Seat 6: 9be508e6 folded before Flop (didn't bet)


Poker Hand #HD1179949329: Hold'em No Limit  ($0.02/$0.05) - 2023/03/28 19:36:53
Table 'NLHBlue137' 6-max Seat #6 is the button
Seat 1: 9a1d62c9 ($5.32 in chips)
Seat 2: d92f2bbc ($7.2 in chips)
Seat 4: f661ed14 ($5.07 in chips)
Seat 5: Hero ($6.48 in chips)
Seat 6: 9be508e6 ($5.12 in chips)
9a1d62c9: posts small blind $0.02
d92f2bbc: posts big blind $0.05
*** HOLE CARDS ***
Dealt to 9a1d62c9 
Dealt to d92f2bbc 
Dealt to f661ed14 
Dealt to Hero [Js 9s]
Dealt to 9be508e6 
f661ed14: folds
Hero: raises $0.07 to $0.12
9be508e6: raises $0.24 to $0.36
9a1d62c9: folds
d92f2bbc: folds
Hero: folds
Uncalled bet ($0.24) returned to 9be508e6
*** SHOWDOWN ***
9be508e6 collected $0.3 from pot
*** SUMMARY ***
Total pot $0.31 | Rake $0.01 | Jackpot $0 | Bingo $0 | Fortune $0
Seat 1: 9a1d62c9 (small blind) folded before Flop
Seat 2: d92f2bbc (big blind) folded before Flop
Seat 4: f661ed14 folded before Flop (didn't bet)
Seat 5: Hero folded before Flop
Seat 6: 9be508e6 (button) collected ($0.3)


Poker Hand #HD1179949266: Hold'em No Limit  ($0.02/$0.05) - 2023/03/28 19:36:37
Table 'NLHBlue137' 6-max Seat #5 is the button
Seat 1: 9a1d62c9 ($5.3 in chips)
Seat 2: d92f2bbc ($7.2 in chips)
Seat 4: f661ed14 ($5.07 in chips)
Seat 5: Hero ($6.48 in chips)
Seat 6: 9be508e6 ($5.14 in chips)
9be508e6: posts small blind $0.02
9a1d62c9: posts big blind $0.05
*** HOLE CARDS ***
Dealt to 9a1d62c9 
Dealt to d92f2bbc 
Dealt to f661ed14 
Dealt to Hero [7h 4s]
Dealt to 9be508e6 
d92f2bbc: folds
f661ed14: folds
Hero: folds
9be508e6: folds
Uncalled bet ($0.03) returned to 9a1d62c9
*** SHOWDOWN ***
9a1d62c9 collected $0.04 from pot
*** SUMMARY ***
Total pot $0.04 | Rake $0 | Jackpot $0 | Bingo $0 | Fortune $0
Seat 1: 9a1d62c9 (big blind) collected ($0.04)
Seat 2: d92f2bbc folded before Flop (didn't bet)
Seat 4: f661ed14 folded before Flop (didn't bet)
Seat 5: Hero (button) folded before Flop (didn't bet)
Seat 6: 9be508e6 (small blind) folded before Flop


Poker Hand #HD1179949235: Hold'em No Limit  ($0.02/$0.05) - 2023/03/28 19:36:24
Table 'NLHBlue137' 6-max Seat #4 is the button
Seat 1: 9a1d62c9 ($5.3 in chips)
Seat 2: d92f2bbc ($7.2 in chips)
Seat 4: f661ed14 ($5 in chips)
Seat 5: Hero ($6.5 in chips)
Seat 6: 9be508e6 ($5.19 in chips)
Hero: posts small blind $0.02
9be508e6: posts big blind $0.05
*** HOLE CARDS ***
Dealt to 9a1d62c9 
Dealt to d92f2bbc 
Dealt to f661ed14 
Dealt to Hero [5s 6d]
Dealt to 9be508e6 
9a1d62c9: folds
d92f2bbc: folds
f661ed14: raises $0.07 to $0.12
Hero: folds
9be508e6: folds
Uncalled bet ($0.07) returned to f661ed14
*** SHOWDOWN ***
f661ed14 collected $0.12 from pot
*** SUMMARY ***
Total pot $0.12 | Rake $0 | Jackpot $0 | Bingo $0 | Fortune $0
Seat 1: 9a1d62c9 folded before Flop (didn't bet)
Seat 2: d92f2bbc folded before Flop (didn't bet)
Seat 4: f661ed14 (button) collected ($0.12)
Seat 5: Hero (small blind) folded before Flop
Seat 6: 9be508e6 (big blind) folded before Flop


Poker Hand #HD1179949184: Hold'em No Limit  ($0.02/$0.05) - 2023/03/28 19:36:10
Table 'NLHBlue137' 6-max Seat #2 is the button
Seat 1: 9a1d62c9 ($5.3 in chips)
Seat 2: d92f2bbc ($7.2 in chips)
Seat 4: f661ed14 ($5 in chips)
Seat 5: Hero ($6.48 in chips)
Seat 6: 9be508e6 ($5.19 in chips)
f661ed14: posts small blind $0.02
Hero: posts big blind $0.05
*** HOLE CARDS ***
Dealt to 9a1d62c9 
Dealt to d92f2bbc 
Dealt to f661ed14 
Dealt to Hero [6s 8c]
Dealt to 9be508e6 
9be508e6: folds
9a1d62c9: folds
d92f2bbc: folds
f661ed14: folds
Uncalled bet ($0.03) returned to Hero
*** SHOWDOWN ***
Hero collected $0.04 from pot
*** SUMMARY ***
Total pot $0.04 | Rake $0 | Jackpot $0 | Bingo $0 | Fortune $0
Seat 1: 9a1d62c9 folded before Flop (didn't bet)
Seat 2: d92f2bbc (button) folded before Flop (didn't bet)
Seat 4: f661ed14 (small blind) folded before Flop
Seat 5: Hero (big blind) collected ($0.04)
Seat 6: 9be508e6 folded before Flop (didn't bet)


Poker Hand #HD1179949114: Hold'em No Limit  ($0.02/$0.05) - 2023/03/28 19:35:46
Table 'NLHBlue137' 6-max Seat #1 is the button
Seat 1: 9a1d62c9 ($5.3 in chips)
Seat 2: d92f2bbc ($7.22 in chips)
Seat 4: f661ed14 ($5 in chips)
Seat 5: Hero ($6.48 in chips)
Seat 6: 9be508e6 ($5.12 in chips)
d92f2bbc: posts small blind $0.02
f661ed14: posts big blind $0.05
*** HOLE CARDS ***
Dealt to 9a1d62c9 
Dealt to d92f2bbc 
Dealt to f661ed14 
Dealt to Hero [6d 2c]
Dealt to 9be508e6 
Hero: folds
9be508e6: calls $0.05
9a1d62c9: folds
d92f2bbc: folds
f661ed14: checks
*** FLOP *** [5d 4c 4d]
f661ed14: checks
9be508e6: bets $0.1
f661ed14: folds
Uncalled bet ($0.1) returned to 9be508e6
*** SHOWDOWN ***
9be508e6 collected $0.12 from pot
*** SUMMARY ***
Total pot $0.12 | Rake $0 | Jackpot $0 | Bingo $0 | Fortune $0
Board [5d 4c 4d]
Seat 1: 9a1d62c9 (button) folded before Flop (didn't bet)
Seat 2: d92f2bbc (small blind) folded before Flop
Seat 4: f661ed14 (big blind) folded on the Flop
Seat 5: Hero folded before Flop (didn't bet)
Seat 6: 9be508e6 won ($0.12)


Poker Hand #HD1179949083: Hold'em No Limit  ($0.02/$0.05) - 2023/03/28 19:35:37
Table 'NLHBlue137' 6-max Seat #6 is the button
Seat 1: 9a1d62c9 ($5.32 in chips)
Seat 2: d92f2bbc ($7.2 in chips)
Seat 4: f661ed14 ($5 in chips)
Seat 5: Hero ($6.48 in chips)
Seat 6: 9be508e6 ($5.12 in chips)
9a1d62c9: posts small blind $0.02
d92f2bbc: posts big blind $0.05
*** HOLE CARDS ***
Dealt to 9a1d62c9 
Dealt to d92f2bbc 
Dealt to f661ed14 
Dealt to Hero [4h 8c]
Dealt to 9be508e6 
f661ed14: folds
Hero: folds
9be508e6: folds
9a1d62c9: folds
Uncalled bet ($0.03) returned to d92f2bbc
*** SHOWDOWN ***
d92f2bbc collected $0.04 from pot
*** SUMMARY ***
Total pot $0.04 | Rake $0 | Jackpot $0 | Bingo $0 | Fortune $0
Seat 1: 9a1d62c9 (small blind) folded before Flop
Seat 2: d92f2bbc (big blind) collected ($0.04)
Seat 4: f661ed14 folded before Flop (didn't bet)
Seat 5: Hero folded before Flop (didn't bet)
Seat 6: 9be508e6 (button) folded before Flop (didn't bet)


Poker Hand #HD1179949034: Hold'em No Limit  ($0.02/$0.05) - 2023/03/28 19:35:25
Table 'NLHBlue137' 6-max Seat #5 is the button
Seat 1: 9a1d62c9 ($5.3 in chips)
Seat 2: d92f2bbc ($7.2 in chips)
Seat 3: 67d15a5 ($5 in chips)
Seat 4: f661ed14 ($5 in chips)
Seat 5: Hero ($6.48 in chips)
Seat 6: 9be508e6 ($5.14 in chips)
9be508e6: posts small blind $0.02
9a1d62c9: posts big blind $0.05
*** HOLE CARDS ***
Dealt to 9a1d62c9 
Dealt to d92f2bbc 
Dealt to 67d15a5 
Dealt to f661ed14 
Dealt to Hero [4c 2s]
Dealt to 9be508e6 
d92f2bbc: folds
67d15a5: folds
f661ed14: folds
Hero: folds
9be508e6: folds
Uncalled bet ($0.03) returned to 9a1d62c9
*** SHOWDOWN ***
9a1d62c9 collected $0.04 from pot
*** SUMMARY ***
Total pot $0.04 | Rake $0 | Jackpot $0 | Bingo $0 | Fortune $0
Seat 1: 9a1d62c9 (big blind) collected ($0.04)
Seat 2: d92f2bbc folded before Flop (didn't bet)
Seat 3: 67d15a5 folded before Flop (didn't bet)
Seat 4: f661ed14 folded before Flop (didn't bet)
Seat 5: Hero (button) folded before Flop (didn't bet)
Seat 6: 9be508e6 (small blind) folded before Flop


Poker Hand #HD1179948900: Hold'em No Limit  ($0.02/$0.05) - 2023/03/28 19:34:43
Table 'NLHBlue137' 6-max Seat #4 is the button
Seat 1: 9a1d62c9 ($5.3 in chips)
Seat 2: d92f2bbc ($7.2 in chips)
Seat 3: 67d15a5 ($5.07 in chips)
Seat 4: f661ed14 ($5 in chips)
Seat 5: Hero ($5.89 in chips)
Seat 6: 9be508e6 ($5.19 in chips)
Hero: posts small blind $0.02
9be508e6: posts big blind $0.05
*** HOLE CARDS ***
Dealt to 9a1d62c9 
Dealt to d92f2bbc 
Dealt to 67d15a5 
Dealt to f661ed14 
Dealt to Hero [Kc Kh]
Dealt to 9be508e6 
9a1d62c9: folds
d92f2bbc: folds
67d15a5: raises $0.08 to $0.13
f661ed14: folds
Hero: raises $0.47 to $0.6
9be508e6: folds
67d15a5: calls $0.47
*** FLOP *** [2c 9c 2s]
Hero: bets $0.94
67d15a5: folds
Uncalled bet ($0.94) returned to Hero
*** SHOWDOWN ***
Hero collected $1.19 from pot
*** SUMMARY ***
Total pot $1.25 | Rake $0.06 | Jackpot $0 | Bingo $0 | Fortune $0
Board [2c 9c 2s]
Seat 1: 9a1d62c9 folded before Flop (didn't bet)
Seat 2: d92f2bbc folded before Flop (didn't bet)
Seat 3: 67d15a5 folded on the Flop
Seat 4: f661ed14 (button) folded before Flop (didn't bet)
Seat 5: Hero (small blind) won ($1.19)
Seat 6: 9be508e6 (big blind) folded before Flop


Poker Hand #HD1179948856: Hold'em No Limit  ($0.02/$0.05) - 2023/03/28 19:34:27
Table 'NLHBlue137' 6-max Seat #3 is the button
Seat 1: 9a1d62c9 ($5.23 in chips)
Seat 2: d92f2bbc ($7.2 in chips)
Seat 3: 67d15a5 ($5.07 in chips)
Seat 4: f661ed14 ($5.02 in chips)
Seat 5: Hero ($5.94 in chips)
Seat 6: 9be508e6 ($5.19 in chips)
f661ed14: posts small blind $0.02
Hero: posts big blind $0.05
*** HOLE CARDS ***
Dealt to 9a1d62c9 
Dealt to d92f2bbc 
Dealt to 67d15a5 
Dealt to f661ed14 
Dealt to Hero [Js 5h]
Dealt to 9be508e6 
9be508e6: folds
9a1d62c9: raises $0.08 to $0.13
d92f2bbc: folds
67d15a5: folds
f661ed14: folds
Hero: folds
Uncalled bet ($0.08) returned to 9a1d62c9
*** SHOWDOWN ***
9a1d62c9 collected $0.12 from pot
*** SUMMARY ***
Total pot $0.12 | Rake $0 | Jackpot $0 | Bingo $0 | Fortune $0
Seat 1: 9a1d62c9 collected ($0.12)
Seat 2: d92f2bbc folded before Flop (didn't bet)
Seat 3: 67d15a5 (button) folded before Flop (didn't bet)
Seat 4: f661ed14 (small blind) folded before Flop
Seat 5: Hero (big blind) folded before Flop
Seat 6: 9be508e6 folded before Flop (didn't bet)


Poker Hand #HD1179948779: Hold'em No Limit  ($0.02/$0.05) - 2023/03/28 19:34:01
Table 'NLHBlue137' 6-max Seat #2 is the button
Seat 1: 9a1d62c9 ($5.23 in chips)
Seat 2: d92f2bbc ($7.02 in chips)
Seat 3: 67d15a5 ($5.09 in chips)
Seat 4: f661ed14 ($5.07 in chips)
Seat 5: Hero ($6.06 in chips)
Seat 6: 9be508e6 ($5.19 in chips)
67d15a5: posts small blind $0.02
f661ed14: posts big blind $0.05
*** HOLE CARDS ***
Dealt to 9a1d62c9 
Dealt to d92f2bbc 
Dealt to 67d15a5 
Dealt to f661ed14 
Dealt to Hero [As Td]
Dealt to 9be508e6 
Hero: raises $0.07 to $0.12
9be508e6: folds
9a1d62c9: folds
d92f2bbc: raises $0.33 to $0.45
67d15a5: folds
f661ed14: folds
Hero: folds
Uncalled bet ($0.33) returned to d92f2bbc
*** SHOWDOWN ***
d92f2bbc collected $0.3 from pot
*** SUMMARY ***
Total pot $0.31 | Rake $0.01 | Jackpot $0 | Bingo $0 | Fortune $0
Seat 1: 9a1d62c9 folded before Flop (didn't bet)
Seat 2: d92f2bbc (button) collected ($0.3)
Seat 3: 67d15a5 (small blind) folded before Flop
Seat 4: f661ed14 (big blind) folded before Flop
Seat 5: Hero folded before Flop
Seat 6: 9be508e6 folded before Flop (didn't bet)


Poker Hand #HD1179948728: Hold'em No Limit  ($0.02/$0.05) - 2023/03/28 19:33:44
Table 'NLHBlue137' 6-max Seat #1 is the button
Seat 1: 9a1d62c9 ($5.23 in chips)
Seat 2: d92f2bbc ($7.04 in chips)
Seat 3: 67d15a5 ($5.07 in chips)
Seat 4: f661ed14 ($5.07 in chips)
Seat 5: Hero ($6.06 in chips)
Seat 6: 9be508e6 ($5.19 in chips)
d92f2bbc: posts small blind $0.02
67d15a5: posts big blind $0.05
*** HOLE CARDS ***
Dealt to 9a1d62c9 
Dealt to d92f2bbc 
Dealt to 67d15a5 
Dealt to f661ed14 
Dealt to Hero [5d 6h]
Dealt to 9be508e6 
f661ed14: folds
Hero: folds
9be508e6: folds
9a1d62c9: folds
d92f2bbc: folds
Uncalled bet ($0.03) returned to 67d15a5
*** SHOWDOWN ***
67d15a5 collected $0.04 from pot
*** SUMMARY ***
Total pot $0.04 | Rake $0 | Jackpot $0 | Bingo $0 | Fortune $0
Seat 1: 9a1d62c9 (button) folded before Flop (didn't bet)
Seat 2: d92f2bbc (small blind) folded before Flop
Seat 3: 67d15a5 (big blind) collected ($0.04)
Seat 4: f661ed14 folded before Flop (didn't bet)
Seat 5: Hero folded before Flop (didn't bet)
Seat 6: 9be508e6 folded before Flop (didn't bet)


Poker Hand #HD1179948649: Hold'em No Limit  ($0.02/$0.05) - 2023/03/28 19:33:19
Table 'NLHBlue137' 6-max Seat #6 is the button
Seat 1: 9a1d62c9 ($5.25 in chips)
Seat 2: d92f2bbc ($7.09 in chips)
Seat 3: 67d15a5 ($5.07 in chips)
Seat 4: f661ed14 ($5 in chips)
Seat 5: Hero ($6.06 in chips)
Seat 6: 9be508e6 ($5.19 in chips)
9a1d62c9: posts small blind $0.02
d92f2bbc: posts big blind $0.05
*** HOLE CARDS ***
Dealt to 9a1d62c9 
Dealt to d92f2bbc 
Dealt to 67d15a5 
Dealt to f661ed14 
Dealt to Hero [4h Qh]
Dealt to 9be508e6 
67d15a5: folds
f661ed14: raises $0.09 to $0.14
Hero: folds
9be508e6: folds
9a1d62c9: folds
d92f2bbc: folds
Uncalled bet ($0.09) returned to f661ed14
*** SHOWDOWN ***
f661ed14 collected $0.12 from pot
*** SUMMARY ***
Total pot $0.12 | Rake $0 | Jackpot $0 | Bingo $0 | Fortune $0
Seat 1: 9a1d62c9 (small blind) folded before Flop
Seat 2: d92f2bbc (big blind) folded before Flop
Seat 3: 67d15a5 folded before Flop (didn't bet)
Seat 4: f661ed14 collected ($0.12)
Seat 5: Hero folded before Flop (didn't bet)
Seat 6: 9be508e6 (button) folded before Flop (didn't bet)


Poker Hand #HD1179948504: Hold'em No Limit  ($0.02/$0.05) - 2023/03/28 19:32:36
Table 'NLHBlue137' 6-max Seat #5 is the button
Seat 1: 9a1d62c9 ($5.3 in chips)
Seat 2: d92f2bbc ($7.09 in chips)
Seat 3: 67d15a5 ($5.39 in chips)
Seat 4: f661ed14 ($5 in chips)
Seat 5: Hero ($5.7 in chips)
Seat 6: 9be508e6 ($5.21 in chips)
9be508e6: posts small blind $0.02
9a1d62c9: posts big blind $0.05
*** HOLE CARDS ***
Dealt to 9a1d62c9 
Dealt to d92f2bbc 
Dealt to 67d15a5 
Dealt to f661ed14 
Dealt to Hero [Td 9d]
Dealt to 9be508e6 
d92f2bbc: folds
67d15a5: raises $0.08 to $0.13
f661ed14: folds
Hero: raises $0.19 to $0.32
9be508e6: folds
9a1d62c9: folds
67d15a5: calls $0.19
*** FLOP *** [4c 9s 4h]
67d15a5: checks
Hero: bets $0.36
67d15a5: folds
Uncalled bet ($0.36) returned to Hero
*** SHOWDOWN ***
Hero collected $0.68 from pot
*** SUMMARY ***
Total pot $0.71 | Rake $0.03 | Jackpot $0 | Bingo $0 | Fortune $0
Board [4c 9s 4h]
Seat 1: 9a1d62c9 (big blind) folded before Flop
Seat 2: d92f2bbc folded before Flop (didn't bet)
Seat 3: 67d15a5 folded on the Flop
Seat 4: f661ed14 folded before Flop (didn't bet)
Seat 5: Hero (button) won ($0.68)
Seat 6: 9be508e6 (small blind) folded before Flop


Poker Hand #HD1179948425: Hold'em No Limit  ($0.02/$0.05) - 2023/03/28 19:32:14
Table 'NLHBlue137' 6-max Seat #4 is the button
Seat 1: 9a1d62c9 ($5.3 in chips)
Seat 2: d92f2bbc ($7.09 in chips)
Seat 3: 67d15a5 ($5.52 in chips)
Seat 4: f661ed14 ($5 in chips)
Seat 5: Hero ($5.72 in chips)
Seat 6: 9be508e6 ($5.07 in chips)
Hero: posts small blind $0.02
9be508e6: posts big blind $0.05
*** HOLE CARDS ***
Dealt to 9a1d62c9 
Dealt to d92f2bbc 
Dealt to 67d15a5 
Dealt to f661ed14 
Dealt to Hero [Ts 9c]
Dealt to 9be508e6 
9a1d62c9: folds
d92f2bbc: folds
67d15a5: raises $0.08 to $0.13
f661ed14: folds
Hero: folds
9be508e6: raises $0.41 to $0.54
67d15a5: folds
Uncalled bet ($0.41) returned to 9be508e6
67d15a5: shows [Th Js]
*** SHOWDOWN ***
9be508e6 collected $0.27 from pot
*** SUMMARY ***
Total pot $0.28 | Rake $0.01 | Jackpot $0 | Bingo $0 | Fortune $0
Seat 1: 9a1d62c9 folded before Flop (didn't bet)
Seat 2: d92f2bbc folded before Flop (didn't bet)
Seat 3: 67d15a5 folded before Flop
Seat 4: f661ed14 (button) folded before Flop (didn't bet)
Seat 5: Hero (small blind) folded before Flop
Seat 6: 9be508e6 (big blind) collected ($0.27)


Poker Hand #HD1179948375: Hold'em No Limit  ($0.02/$0.05) - 2023/03/28 19:31:57
Table 'NLHBlue137' 6-max Seat #3 is the button
Seat 1: 9a1d62c9 ($5.3 in chips)
Seat 2: d92f2bbc ($7.09 in chips)
Seat 3: 67d15a5 ($5.45 in chips)
Seat 4: f661ed14 ($5 in chips)
Seat 5: Hero ($5.77 in chips)
Seat 6: 9be508e6 ($5.07 in chips)
f661ed14: posts small blind $0.02
Hero: posts big blind $0.05
*** HOLE CARDS ***
Dealt to 9a1d62c9 
Dealt to d92f2bbc 
Dealt to 67d15a5 
Dealt to f661ed14 
Dealt to Hero [3s 2c]
Dealt to 9be508e6 
9be508e6: folds
9a1d62c9: folds
d92f2bbc: folds
67d15a5: raises $0.08 to $0.13
f661ed14: folds
Hero: folds
Uncalled bet ($0.08) returned to 67d15a5
*** SHOWDOWN ***
67d15a5 collected $0.12 from pot
*** SUMMARY ***
Total pot $0.12 | Rake $0 | Jackpot $0 | Bingo $0 | Fortune $0
Seat 1: 9a1d62c9 folded before Flop (didn't bet)
Seat 2: d92f2bbc folded before Flop (didn't bet)
Seat 3: 67d15a5 (button) collected ($0.12)
Seat 4: f661ed14 (small blind) folded before Flop
Seat 5: Hero (big blind) folded before Flop
Seat 6: 9be508e6 folded before Flop (didn't bet)


Poker Hand #HD1179948252: Hold'em No Limit  ($0.02/$0.05) - 2023/03/28 19:31:23
Table 'NLHBlue137' 6-max Seat #2 is the button
Seat 1: 9a1d62c9 ($5.3 in chips)
Seat 2: d92f2bbc ($7.09 in chips)
Seat 3: 67d15a5 ($5.33 in chips)
Seat 4: f661ed14 ($5 in chips)
Seat 5: Hero ($5.77 in chips)
Seat 6: 9be508e6 ($5.07 in chips)
67d15a5: posts small blind $0.02
f661ed14: posts big blind $0.05
*** HOLE CARDS ***
Dealt to 9a1d62c9 
Dealt to d92f2bbc 
Dealt to 67d15a5 
Dealt to f661ed14 
Dealt to Hero [8d 7c]
Dealt to 9be508e6 
Hero: folds
9be508e6: folds
9a1d62c9: folds
d92f2bbc: folds
67d15a5: raises $0.08 to $0.13
f661ed14: calls $0.08
*** FLOP *** [5c 3c 8c]
67d15a5: bets $0.09
f661ed14: folds
Uncalled bet ($0.09) returned to 67d15a5
*** SHOWDOWN ***
67d15a5 collected $0.25 from pot
*** SUMMARY ***
Total pot $0.26 | Rake $0.01 | Jackpot $0 | Bingo $0 | Fortune $0
Board [5c 3c 8c]
Seat 1: 9a1d62c9 folded before Flop (didn't bet)
Seat 2: d92f2bbc (button) folded before Flop (didn't bet)
Seat 3: 67d15a5 (small blind) won ($0.25)
Seat 4: f661ed14 (big blind) folded on the Flop
Seat 5: Hero folded before Flop (didn't bet)
Seat 6: 9be508e6 folded before Flop (didn't bet)


Poker Hand #HD1179948139: Hold'em No Limit  ($0.02/$0.05) - 2023/03/28 19:30:45
Table 'NLHBlue137' 6-max Seat #1 is the button
Seat 1: 9a1d62c9 ($5.43 in chips)
Seat 2: d92f2bbc ($6.92 in chips)
Seat 3: 67d15a5 ($5.38 in chips)
Seat 5: Hero ($5.77 in chips)
Seat 6: 9be508e6 ($5.07 in chips)
d92f2bbc: posts small blind $0.02
67d15a5: posts big blind $0.05
*** HOLE CARDS ***
Dealt to 9a1d62c9 
Dealt to d92f2bbc 
Dealt to 67d15a5 
Dealt to Hero [Jh 5s]
Dealt to 9be508e6 
Hero: folds
9be508e6: folds
9a1d62c9: raises $0.08 to $0.13
d92f2bbc: raises $0.31 to $0.44
67d15a5: folds
9a1d62c9: folds
Uncalled bet ($0.31) returned to d92f2bbc
*** SHOWDOWN ***
d92f2bbc collected $0.3 from pot
*** SUMMARY ***
Total pot $0.31 | Rake $0.01 | Jackpot $0 | Bingo $0 | Fortune $0
Seat 1: 9a1d62c9 (button) folded before Flop
Seat 2: d92f2bbc (small blind) collected ($0.3)
Seat 3: 67d15a5 (big blind) folded before Flop
Seat 5: Hero folded before Flop (didn't bet)
Seat 6: 9be508e6 folded before Flop (didn't bet)


Poker Hand #HD1179948104: Hold'em No Limit  ($0.02/$0.05) - 2023/03/28 19:30:34
Table 'NLHBlue137' 6-max Seat #6 is the button
Seat 1: 9a1d62c9 ($5.45 in chips)
Seat 2: d92f2bbc ($6.97 in chips)
Seat 3: 67d15a5 ($5.38 in chips)
Seat 5: Hero ($5.77 in chips)
Seat 6: 9be508e6 ($5 in chips)
9a1d62c9: posts small blind $0.02
d92f2bbc: posts big blind $0.05
*** HOLE CARDS ***
Dealt to 9a1d62c9 
Dealt to d92f2bbc 
Dealt to 67d15a5 
Dealt to Hero [Kd 3c]
Dealt to 9be508e6 
67d15a5: folds
Hero: folds
9be508e6: raises $0.07 to $0.12
9a1d62c9: folds
d92f2bbc: folds
Uncalled bet ($0.07) returned to 9be508e6
*** SHOWDOWN ***
9be508e6 collected $0.12 from pot
*** SUMMARY ***
Total pot $0.12 | Rake $0 | Jackpot $0 | Bingo $0 | Fortune $0
Seat 1: 9a1d62c9 (small blind) folded before Flop
Seat 2: d92f2bbc (big blind) folded before Flop
Seat 3: 67d15a5 folded before Flop (didn't bet)
Seat 5: Hero folded before Flop (didn't bet)
Seat 6: 9be508e6 (button) collected ($0.12)


Poker Hand #HD1179948035: Hold'em No Limit  ($0.02/$0.05) - 2023/03/28 19:30:15
Table 'NLHBlue137' 6-max Seat #5 is the button
Seat 1: 9a1d62c9 ($5.31 in chips)
Seat 2: d92f2bbc ($6.97 in chips)
Seat 3: 67d15a5 ($5.38 in chips)
Seat 5: Hero ($5.77 in chips)
Seat 6: 9be508e6 ($5 in chips)
9be508e6: posts small blind $0.02
9a1d62c9: posts big blind $0.05
*** HOLE CARDS ***
Dealt to 9a1d62c9 
Dealt to d92f2bbc 
Dealt to 67d15a5 
Dealt to Hero [7s Kc]
Dealt to 9be508e6 
d92f2bbc: folds
67d15a5: folds
Hero: folds
9be508e6: raises $0.1 to $0.15
9a1d62c9: raises $0.3 to $0.45
9be508e6: folds
Uncalled bet ($0.3) returned to 9a1d62c9
*** SHOWDOWN ***
9a1d62c9 collected $0.29 from pot
*** SUMMARY ***
Total pot $0.3 | Rake $0.01 | Jackpot $0 | Bingo $0 | Fortune $0
Seat 1: 9a1d62c9 (big blind) collected ($0.29)
Seat 2: d92f2bbc folded before Flop (didn't bet)
Seat 3: 67d15a5 folded before Flop (didn't bet)
Seat 5: Hero (button) folded before Flop (didn't bet)
Seat 6: 9be508e6 (small blind) folded before Flop


Poker Hand #HD1179947924: Hold'em No Limit  ($0.02/$0.05) - 2023/03/28 19:29:35
Table 'NLHBlue137' 6-max Seat #3 is the button
Seat 1: 9a1d62c9 ($5.12 in chips)
Seat 2: d92f2bbc ($6.97 in chips)
Seat 3: 67d15a5 ($5.51 in chips)
Seat 5: Hero ($5.79 in chips)
Seat 6: 9be508e6 ($5.05 in chips)
Hero: posts small blind $0.02
9be508e6: posts big blind $0.05
*** HOLE CARDS ***
Dealt to 9a1d62c9 
Dealt to d92f2bbc 
Dealt to 67d15a5 
Dealt to Hero [7s Td]
Dealt to 9be508e6 
9a1d62c9: raises $0.08 to $0.13
d92f2bbc: folds
67d15a5: calls $0.13
Hero: folds
9be508e6: folds
*** FLOP *** [2c 8h As]
9a1d62c9: bets $0.13
67d15a5: folds
Uncalled bet ($0.13) returned to 9a1d62c9
*** SHOWDOWN ***
9a1d62c9 collected $0.32 from pot
*** SUMMARY ***
Total pot $0.33 | Rake $0.01 | Jackpot $0 | Bingo $0 | Fortune $0
Board [2c 8h As]
Seat 1: 9a1d62c9 won ($0.32)
Seat 2: d92f2bbc folded before Flop (didn't bet)
Seat 3: 67d15a5 (button) folded on the Flop
Seat 5: Hero (small blind) folded before Flop
Seat 6: 9be508e6 (big blind) folded before Flop


Poker Hand #HD1179947832: Hold'em No Limit  ($0.02/$0.05) - 2023/03/28 19:29:08
Table 'NLHBlue137' 6-max Seat #2 is the button
Seat 1: 9a1d62c9 ($5.12 in chips)
Seat 2: d92f2bbc ($7.12 in chips)
Seat 3: 67d15a5 ($5.53 in chips)
Seat 5: Hero ($5.63 in chips)
Seat 6: 9be508e6 ($5.05 in chips)
67d15a5: posts small blind $0.02
Hero: posts big blind $0.05
*** HOLE CARDS ***
Dealt to 9a1d62c9 
Dealt to d92f2bbc 
Dealt to 67d15a5 
Dealt to Hero [Qh Ac]
Dealt to 9be508e6 
9be508e6: folds
9a1d62c9: folds
d92f2bbc: raises $0.1 to $0.15
67d15a5: folds
Hero: raises $0.48 to $0.63
d92f2bbc: folds
Uncalled bet ($0.48) returned to Hero
*** SHOWDOWN ***
Hero collected $0.31 from pot
*** SUMMARY ***
Total pot $0.32 | Rake $0.01 | Jackpot $0 | Bingo $0 | Fortune $0
Seat 1: 9a1d62c9 folded before Flop (didn't bet)
Seat 2: d92f2bbc (button) folded before Flop
Seat 3: 67d15a5 (small blind) folded before Flop
Seat 5: Hero (big blind) collected ($0.31)
Seat 6: 9be508e6 folded before Flop (didn't bet)


Poker Hand #HD1179947793: Hold'em No Limit  ($0.02/$0.05) - 2023/03/28 19:28:57
Table 'NLHBlue137' 6-max Seat #1 is the button
Seat 1: 9a1d62c9 ($5.12 in chips)
Seat 2: d92f2bbc ($7.14 in chips)
Seat 3: 67d15a5 ($5.51 in chips)
Seat 5: Hero ($5.63 in chips)
Seat 6: 9be508e6 ($5.05 in chips)
d92f2bbc: posts small blind $0.02
67d15a5: posts big blind $0.05
*** HOLE CARDS ***
Dealt to 9a1d62c9 
Dealt to d92f2bbc 
Dealt to 67d15a5 
Dealt to Hero [Tc 9h]
Dealt to 9be508e6 
Hero: folds
9be508e6: folds
9a1d62c9: folds
d92f2bbc: folds
Uncalled bet ($0.03) returned to 67d15a5
*** SHOWDOWN ***
67d15a5 collected $0.04 from pot
*** SUMMARY ***
Total pot $0.04 | Rake $0 | Jackpot $0 | Bingo $0 | Fortune $0
Seat 1: 9a1d62c9 (button) folded before Flop (didn't bet)
Seat 2: d92f2bbc (small blind) folded before Flop
Seat 3: 67d15a5 (big blind) collected ($0.04)
Seat 5: Hero folded before Flop (didn't bet)
Seat 6: 9be508e6 folded before Flop (didn't bet)


Poker Hand #HD1179947755: Hold'em No Limit  ($0.02/$0.05) - 2023/03/28 19:28:44
Table 'NLHBlue137' 6-max Seat #6 is the button
Seat 1: 9a1d62c9 ($5.14 in chips)
Seat 2: d92f2bbc ($7.12 in chips)
Seat 3: 67d15a5 ($5.51 in chips)
Seat 5: Hero ($5.63 in chips)
Seat 6: 9be508e6 ($5.05 in chips)
9a1d62c9: posts small blind $0.02
d92f2bbc: posts big blind $0.05
*** HOLE CARDS ***
Dealt to 9a1d62c9 
Dealt to d92f2bbc 
Dealt to 67d15a5 
Dealt to Hero [2d Th]
Dealt to 9be508e6 
67d15a5: folds
Hero: folds
9be508e6: folds
9a1d62c9: folds
Uncalled bet ($0.03) returned to d92f2bbc
*** SHOWDOWN ***
d92f2bbc collected $0.04 from pot
*** SUMMARY ***
Total pot $0.04 | Rake $0 | Jackpot $0 | Bingo $0 | Fortune $0
Seat 1: 9a1d62c9 (small blind) folded before Flop
Seat 2: d92f2bbc (big blind) collected ($0.04)
Seat 3: 67d15a5 folded before Flop (didn't bet)
Seat 5: Hero folded before Flop (didn't bet)
Seat 6: 9be508e6 (button) folded before Flop (didn't bet)


Poker Hand #HD1179947707: Hold'em No Limit  ($0.02/$0.05) - 2023/03/28 19:28:30
Table 'NLHBlue137' 6-max Seat #5 is the button
Seat 1: 9a1d62c9 ($5.19 in chips)
Seat 2: d92f2bbc ($7.12 in chips)
Seat 3: 67d15a5 ($5.51 in chips)
Seat 5: Hero ($5.63 in chips)
Seat 6: 9be508e6 ($5 in chips)
9be508e6: posts small blind $0.02
9a1d62c9: posts big blind $0.05
*** HOLE CARDS ***
Dealt to 9a1d62c9 
Dealt to d92f2bbc 
Dealt to 67d15a5 
Dealt to Hero [4s 9h]
Dealt to 9be508e6 
d92f2bbc: folds
67d15a5: folds
Hero: folds
9be508e6: raises $0.1 to $0.15
9a1d62c9: folds
Uncalled bet ($0.1) returned to 9be508e6
*** SHOWDOWN ***
9be508e6 collected $0.1 from pot
*** SUMMARY ***
Total pot $0.1 | Rake $0 | Jackpot $0 | Bingo $0 | Fortune $0
Seat 1: 9a1d62c9 (big blind) folded before Flop
Seat 2: d92f2bbc folded before Flop (didn't bet)
Seat 3: 67d15a5 folded before Flop (didn't bet)
Seat 5: Hero (button) folded before Flop (didn't bet)
Seat 6: 9be508e6 (small blind) collected ($0.1)


Poker Hand #HD1179947629: Hold'em No Limit  ($0.02/$0.05) - 2023/03/28 19:28:04
Table 'NLHBlue137' 6-max Seat #4 is the button
Seat 1: 9a1d62c9 ($5.19 in chips)
Seat 2: d92f2bbc ($7.12 in chips)
Seat 3: 67d15a5 ($5.44 in chips)
Seat 4: f661ed14 ($5 in chips)
Seat 5: Hero ($5.65 in chips)
Seat 6: 9be508e6 ($5 in chips)
Hero: posts small blind $0.02
9be508e6: posts big blind $0.05
*** HOLE CARDS ***
Dealt to 9a1d62c9 
Dealt to d92f2bbc 
Dealt to 67d15a5 
Dealt to f661ed14 
Dealt to Hero [5d 3h]
Dealt to 9be508e6 
9a1d62c9: folds
d92f2bbc: folds
67d15a5: raises $0.08 to $0.13
f661ed14: folds
Hero: folds
9be508e6: folds
Uncalled bet ($0.08) returned to 67d15a5
*** SHOWDOWN ***
67d15a5 collected $0.12 from pot
*** SUMMARY ***
Total pot $0.12 | Rake $0 | Jackpot $0 | Bingo $0 | Fortune $0
Seat 1: 9a1d62c9 folded before Flop (didn't bet)
Seat 2: d92f2bbc folded before Flop (didn't bet)
Seat 3: 67d15a5 collected ($0.12)
Seat 4: f661ed14 (button) folded before Flop (didn't bet)
Seat 5: Hero (small blind) folded before Flop
Seat 6: 9be508e6 (big blind) folded before Flop


Poker Hand #HD1179947463: Hold'em No Limit  ($0.02/$0.05) - 2023/03/28 19:27:04
Table 'NLHBlue137' 6-max Seat #3 is the button
Seat 1: 9a1d62c9 ($5.19 in chips)
Seat 2: d92f2bbc ($5.32 in chips)
Seat 3: 67d15a5 ($5.44 in chips)
Seat 4: f661ed14 ($5.48 in chips)
Seat 5: Hero ($5.7 in chips)
f661ed14: posts small blind $0.02
Hero: posts big blind $0.05
*** HOLE CARDS ***
Dealt to 9a1d62c9 
Dealt to d92f2bbc 
Dealt to 67d15a5 
Dealt to f661ed14 
Dealt to Hero [3s 3d]
9a1d62c9: folds
d92f2bbc: raises $0.1 to $0.15
67d15a5: folds
f661ed14: raises $0.45 to $0.6
Hero: folds
d92f2bbc: calls $0.45
*** FLOP *** [2d Ah 4d]
f661ed14: bets $0.38
d92f2bbc: calls $0.38
*** TURN *** [2d Ah 4d] [Qc]
f661ed14: checks
d92f2bbc: bets $1.01
f661ed14: calls $1.01
*** RIVER *** [2d Ah 4d Qc] [Ad]
f661ed14: checks
d92f2bbc: checks
f661ed14: shows [Jh Js] (Pair of Aces and Pair of Jacks)
d92f2bbc: shows [As Kh] (Three Aces)
*** SHOWDOWN ***
d92f2bbc collected $3.79 from pot
*** SUMMARY ***
Total pot $4.03 | Rake $0.19 | Jackpot $0.05 | Bingo $0 | Fortune $0
Board [2d Ah 4d Qc Ad]
Seat 1: 9a1d62c9 folded before Flop (didn't bet)
Seat 2: d92f2bbc showed [As Kh] and won ($3.79) with Three Aces
Seat 3: 67d15a5 (button) folded before Flop (didn't bet)
Seat 4: f661ed14 (small blind) showed [Jh Js] and lost with Pair of Aces and Pair of Jacks
Seat 5: Hero (big blind) folded before Flop


Poker Hand #HD1179947299: Hold'em No Limit  ($0.02/$0.05) - 2023/03/28 19:26:11
Table 'NLHBlue137' 6-max Seat #2 is the button
Seat 1: 9a1d62c9 ($5.19 in chips)
Seat 2: d92f2bbc ($5.32 in chips)
Seat 3: 67d15a5 ($5.74 in chips)
Seat 4: f661ed14 ($5.21 in chips)
Seat 5: Hero ($5.7 in chips)
67d15a5: posts small blind $0.02
f661ed14: posts big blind $0.05
*** HOLE CARDS ***
Dealt to 9a1d62c9 
Dealt to d92f2bbc 
Dealt to 67d15a5 
Dealt to f661ed14 
Dealt to Hero [5h 2c]
Hero: folds
9a1d62c9: folds
d92f2bbc: folds
67d15a5: raises $0.1 to $0.15
f661ed14: calls $0.1
*** FLOP *** [6d Kd 5s]
67d15a5: checks
f661ed14: bets $0.15
67d15a5: calls $0.15
*** TURN *** [6d Kd 5s] [5d]
67d15a5: checks
f661ed14: bets $0.3
67d15a5: folds
Uncalled bet ($0.3) returned to f661ed14
*** SHOWDOWN ***
f661ed14 collected $0.57 from pot
*** SUMMARY ***
Total pot $0.6 | Rake $0.03 | Jackpot $0 | Bingo $0 | Fortune $0
Board [6d Kd 5s 5d]
Seat 1: 9a1d62c9 folded before Flop (didn't bet)
Seat 2: d92f2bbc (button) folded before Flop (didn't bet)
Seat 3: 67d15a5 (small blind) folded on the Turn
Seat 4: f661ed14 (big blind) won ($0.57)
Seat 5: Hero folded before Flop (didn't bet)


Poker Hand #HD1179947271: Hold'em No Limit  ($0.02/$0.05) - 2023/03/28 19:26:02
Table 'NLHBlue137' 6-max Seat #1 is the button
Seat 1: 9a1d62c9 ($5.19 in chips)
Seat 2: d92f2bbc ($5.34 in chips)
Seat 3: 67d15a5 ($5.72 in chips)
Seat 4: f661ed14 ($5.21 in chips)
Seat 5: Hero ($5.7 in chips)
d92f2bbc: posts small blind $0.02
67d15a5: posts big blind $0.05
*** HOLE CARDS ***
Dealt to 9a1d62c9 
Dealt to d92f2bbc 
Dealt to 67d15a5 
Dealt to f661ed14 
Dealt to Hero [Td 9h]
f661ed14: folds
Hero: folds
9a1d62c9: folds
d92f2bbc: folds
Uncalled bet ($0.03) returned to 67d15a5
*** SHOWDOWN ***
67d15a5 collected $0.04 from pot
*** SUMMARY ***
Total pot $0.04 | Rake $0 | Jackpot $0 | Bingo $0 | Fortune $0
Seat 1: 9a1d62c9 (button) folded before Flop (didn't bet)
Seat 2: d92f2bbc (small blind) folded before Flop
Seat 3: 67d15a5 (big blind) collected ($0.04)
Seat 4: f661ed14 folded before Flop (didn't bet)
Seat 5: Hero folded before Flop (didn't bet)


Poker Hand #HD1179947124: Hold'em No Limit  ($0.02/$0.05) - 2023/03/28 19:25:15
Table 'NLHBlue137' 6-max Seat #5 is the button
Seat 1: 9a1d62c9 ($5.24 in chips)
Seat 2: d92f2bbc ($5.49 in chips)
Seat 3: 67d15a5 ($5.72 in chips)
Seat 4: f661ed14 ($5 in chips)
Seat 5: Hero ($5.7 in chips)
Seat 6: ba19d11 ($3.66 in chips)
ba19d11: posts small blind $0.02
9a1d62c9: posts big blind $0.05
*** HOLE CARDS ***
Dealt to 9a1d62c9 
Dealt to d92f2bbc 
Dealt to 67d15a5 
Dealt to f661ed14 
Dealt to Hero [9d 5c]
Dealt to ba19d11 
d92f2bbc: raises $0.1 to $0.15
67d15a5: folds
f661ed14: calls $0.15
Hero: folds
ba19d11: folds
9a1d62c9: folds
*** FLOP *** [Ad As 8c]
d92f2bbc: checks
f661ed14: bets $0.12
d92f2bbc: folds
Uncalled bet ($0.12) returned to f661ed14
*** SHOWDOWN ***
f661ed14 collected $0.36 from pot
*** SUMMARY ***
Total pot $0.37 | Rake $0.01 | Jackpot $0 | Bingo $0 | Fortune $0
Board [Ad As 8c]
Seat 1: 9a1d62c9 (big blind) folded before Flop
Seat 2: d92f2bbc folded on the Flop
Seat 3: 67d15a5 folded before Flop (didn't bet)
Seat 4: f661ed14 won ($0.36)
Seat 5: Hero (button) folded before Flop (didn't bet)
Seat 6: ba19d11 (small blind) folded before Flop


Poker Hand #HD1179947076: Hold'em No Limit  ($0.02/$0.05) - 2023/03/28 19:25:00
Table 'NLHBlue137' 6-max Seat #4 is the button
Seat 1: 9a1d62c9 ($5.24 in chips)
Seat 2: d92f2bbc ($5.49 in chips)
Seat 3: 67d15a5 ($5.72 in chips)
Seat 4: f661ed14 ($5 in chips)
Seat 5: Hero ($5.65 in chips)
Seat 6: ba19d11 ($3.71 in chips)
Hero: posts small blind $0.02
ba19d11: posts big blind $0.05
*** HOLE CARDS ***
Dealt to 9a1d62c9 
Dealt to d92f2bbc 
Dealt to 67d15a5 
Dealt to f661ed14 
Dealt to Hero [Ac 5s]
Dealt to ba19d11 
9a1d62c9: folds
d92f2bbc: folds
67d15a5: folds
f661ed14: folds
Hero: raises $0.09 to $0.14
ba19d11: folds
Uncalled bet ($0.09) returned to Hero
*** SHOWDOWN ***
Hero collected $0.1 from pot
*** SUMMARY ***
Total pot $0.1 | Rake $0 | Jackpot $0 | Bingo $0 | Fortune $0
Seat 1: 9a1d62c9 folded before Flop (didn't bet)
Seat 2: d92f2bbc folded before Flop (didn't bet)
Seat 3: 67d15a5 folded before Flop (didn't bet)
Seat 4: f661ed14 (button) folded before Flop (didn't bet)
Seat 5: Hero (small blind) collected ($0.1)
Seat 6: ba19d11 (big blind) folded before Flop


Poker Hand #HD1179946955: Hold'em No Limit  ($0.02/$0.05) - 2023/03/28 19:24:16
Table 'NLHBlue137' 6-max Seat #3 is the button
Seat 1: 9a1d62c9 ($5.24 in chips)
Seat 2: d92f2bbc ($5.3 in chips)
Seat 3: 67d15a5 ($5.72 in chips)
Seat 4: f661ed14 ($5.06 in chips)
Seat 5: Hero ($5.7 in chips)
Seat 6: ba19d11 ($3.71 in chips)
f661ed14: posts small blind $0.02
Hero: posts big blind $0.05
*** HOLE CARDS ***
Dealt to 9a1d62c9 
Dealt to d92f2bbc 
Dealt to 67d15a5 
Dealt to f661ed14 
Dealt to Hero [7s 9h]
Dealt to ba19d11 
ba19d11: folds
9a1d62c9: folds
d92f2bbc: raises $0.1 to $0.15
67d15a5: folds
f661ed14: calls $0.13
Hero: folds
*** FLOP *** [8h Ad 9d]
f661ed14: checks
d92f2bbc: bets $0.27
f661ed14: folds
Uncalled bet ($0.27) returned to d92f2bbc
*** SHOWDOWN ***
d92f2bbc collected $0.34 from pot
*** SUMMARY ***
Total pot $0.35 | Rake $0.01 | Jackpot $0 | Bingo $0 | Fortune $0
Board [8h Ad 9d]
Seat 1: 9a1d62c9 folded before Flop (didn't bet)
Seat 2: d92f2bbc won ($0.34)
Seat 3: 67d15a5 (button) folded before Flop (didn't bet)
Seat 4: f661ed14 (small blind) folded on the Flop
Seat 5: Hero (big blind) folded before Flop
Seat 6: ba19d11 folded before Flop (didn't bet)


Poker Hand #HD1179946829: Hold'em No Limit  ($0.02/$0.05) - 2023/03/28 19:23:36
Table 'NLHBlue137' 6-max Seat #2 is the button
Seat 1: 9a1d62c9 ($5.1 in chips)
Seat 2: d92f2bbc ($5.3 in chips)
Seat 3: 67d15a5 ($5.74 in chips)
Seat 4: f661ed14 ($5.19 in chips)
Seat 5: Hero ($5.7 in chips)
Seat 6: ba19d11 ($3.71 in chips)
67d15a5: posts small blind $0.02
f661ed14: posts big blind $0.05
*** HOLE CARDS ***
Dealt to 9a1d62c9 
Dealt to d92f2bbc 
Dealt to 67d15a5 
Dealt to f661ed14 
Dealt to Hero [Qs 4s]
Dealt to ba19d11 
Hero: folds
ba19d11: folds
9a1d62c9: raises $0.08 to $0.13
d92f2bbc: folds
67d15a5: folds
f661ed14: calls $0.08
*** FLOP *** [3s Kd 5s]
f661ed14: checks
9a1d62c9: bets $0.12
f661ed14: folds
Uncalled bet ($0.12) returned to 9a1d62c9
*** SHOWDOWN ***
9a1d62c9 collected $0.27 from pot
*** SUMMARY ***
Total pot $0.28 | Rake $0.01 | Jackpot $0 | Bingo $0 | Fortune $0
Board [3s Kd 5s]
Seat 1: 9a1d62c9 won ($0.27)
Seat 2: d92f2bbc (button) folded before Flop (didn't bet)
Seat 3: 67d15a5 (small blind) folded before Flop
Seat 4: f661ed14 (big blind) folded on the Flop
Seat 5: Hero folded before Flop (didn't bet)
Seat 6: ba19d11 folded before Flop (didn't bet)


Poker Hand #HD1179946765: Hold'em No Limit  ($0.02/$0.05) - 2023/03/28 19:23:17
Table 'NLHBlue137' 6-max Seat #1 is the button
Seat 1: 9a1d62c9 ($5.1 in chips)
Seat 2: d92f2bbc ($5.32 in chips)
Seat 3: 67d15a5 ($5.79 in chips)
Seat 4: f661ed14 ($5.19 in chips)
Seat 5: Hero ($5.63 in chips)
Seat 6: ba19d11 ($3.71 in chips)
d92f2bbc: posts small blind $0.02
67d15a5: posts big blind $0.05
*** HOLE CARDS ***
Dealt to 9a1d62c9 
Dealt to d92f2bbc 
Dealt to 67d15a5 
Dealt to f661ed14 
Dealt to Hero [Kh Ac]
Dealt to ba19d11 
f661ed14: folds
Hero: raises $0.07 to $0.12
ba19d11: folds
9a1d62c9: folds
d92f2bbc: folds
67d15a5: folds
Uncalled bet ($0.07) returned to Hero
*** SHOWDOWN ***
Hero collected $0.12 from pot
*** SUMMARY ***
Total pot $0.12 | Rake $0 | Jackpot $0 | Bingo $0 | Fortune $0
Seat 1: 9a1d62c9 (button) folded before Flop (didn't bet)
Seat 2: d92f2bbc (small blind) folded before Flop
Seat 3: 67d15a5 (big blind) folded before Flop
Seat 4: f661ed14 folded before Flop (didn't bet)
Seat 5: Hero collected ($0.12)
Seat 6: ba19d11 folded before Flop (didn't bet)


Poker Hand #HD1179946727: Hold'em No Limit  ($0.02/$0.05) - 2023/03/28 19:23:05
Table 'NLHBlue137' 6-max Seat #6 is the button
Seat 1: 9a1d62c9 ($5.12 in chips)
Seat 2: d92f2bbc ($5.37 in chips)
Seat 3: 67d15a5 ($5.79 in chips)
Seat 4: f661ed14 ($5.19 in chips)
Seat 5: Hero ($5.63 in chips)
Seat 6: ba19d11 ($3.64 in chips)
9a1d62c9: posts small blind $0.02
d92f2bbc: posts big blind $0.05
*** HOLE CARDS ***
Dealt to 9a1d62c9 
Dealt to d92f2bbc 
Dealt to 67d15a5 
Dealt to f661ed14 
Dealt to Hero [Tc 9h]
Dealt to ba19d11 
67d15a5: folds
f661ed14: folds
Hero: folds
ba19d11: raises $0.08 to $0.13
9a1d62c9: folds
d92f2bbc: folds
Uncalled bet ($0.08) returned to ba19d11
*** SHOWDOWN ***
ba19d11 collected $0.12 from pot
*** SUMMARY ***
Total pot $0.12 | Rake $0 | Jackpot $0 | Bingo $0 | Fortune $0
Seat 1: 9a1d62c9 (small blind) folded before Flop
Seat 2: d92f2bbc (big blind) folded before Flop
Seat 3: 67d15a5 folded before Flop (didn't bet)
Seat 4: f661ed14 folded before Flop (didn't bet)
Seat 5: Hero folded before Flop (didn't bet)
Seat 6: ba19d11 (button) collected ($0.12)


Poker Hand #HD1179946594: Hold'em No Limit  ($0.02/$0.05) - 2023/03/28 19:22:24
Table 'NLHBlue137' 6-max Seat #5 is the button
Seat 1: 9a1d62c9 ($5.17 in chips)
Seat 2: d92f2bbc ($5.37 in chips)
Seat 3: 67d15a5 ($5.92 in chips)
Seat 4: f661ed14 ($5 in chips)
Seat 5: Hero ($5.63 in chips)
Seat 6: ba19d11 ($3.66 in chips)
ba19d11: posts small blind $0.02
9a1d62c9: posts big blind $0.05
*** HOLE CARDS ***
Dealt to 9a1d62c9 
Dealt to d92f2bbc 
Dealt to 67d15a5 
Dealt to f661ed14 
Dealt to Hero [5h Qc]
Dealt to ba19d11 
d92f2bbc: folds
67d15a5: raises $0.08 to $0.13
f661ed14: raises $0.47 to $0.6
Hero: folds
ba19d11: folds
9a1d62c9: folds
67d15a5: folds
Uncalled bet ($0.47) returned to f661ed14
*** SHOWDOWN ***
f661ed14 collected $0.32 from pot
*** SUMMARY ***
Total pot $0.33 | Rake $0.01 | Jackpot $0 | Bingo $0 | Fortune $0
Seat 1: 9a1d62c9 (big blind) folded before Flop
Seat 2: d92f2bbc folded before Flop (didn't bet)
Seat 3: 67d15a5 folded before Flop
Seat 4: f661ed14 collected ($0.32)
Seat 5: Hero (button) folded before Flop (didn't bet)
Seat 6: ba19d11 (small blind) folded before Flop


Poker Hand #HD1179946548: Hold'em No Limit  ($0.02/$0.05) - 2023/03/28 19:22:08
Table 'NLHBlue137' 6-max Seat #4 is the button
Seat 1: 9a1d62c9 ($5.17 in chips)
Seat 2: d92f2bbc ($5.37 in chips)
Seat 3: 67d15a5 ($5.92 in chips)
Seat 4: f661ed14 ($5 in chips)
Seat 5: Hero ($5.58 in chips)
Seat 6: ba19d11 ($3.71 in chips)
Hero: posts small blind $0.02
ba19d11: posts big blind $0.05
*** HOLE CARDS ***
Dealt to 9a1d62c9 
Dealt to d92f2bbc 
Dealt to 67d15a5 
Dealt to f661ed14 
Dealt to Hero [Ac Ts]
Dealt to ba19d11 
9a1d62c9: folds
d92f2bbc: folds
67d15a5: folds
f661ed14: folds
Hero: raises $0.09 to $0.14
ba19d11: folds
Uncalled bet ($0.09) returned to Hero
*** SHOWDOWN ***
Hero collected $0.1 from pot
*** SUMMARY ***
Total pot $0.1 | Rake $0 | Jackpot $0 | Bingo $0 | Fortune $0
Seat 1: 9a1d62c9 folded before Flop (didn't bet)
Seat 2: d92f2bbc folded before Flop (didn't bet)
Seat 3: 67d15a5 folded before Flop (didn't bet)
Seat 4: f661ed14 (button) folded before Flop (didn't bet)
Seat 5: Hero (small blind) collected ($0.1)
Seat 6: ba19d11 (big blind) folded before Flop


Poker Hand #HD1179946483: Hold'em No Limit  ($0.02/$0.05) - 2023/03/28 19:21:47
Table 'NLHBlue137' 6-max Seat #3 is the button
Seat 1: 9a1d62c9 ($5.17 in chips)
Seat 2: d92f2bbc ($5.37 in chips)
Seat 3: 67d15a5 ($5.85 in chips)
Seat 4: f661ed14 ($5.02 in chips)
Seat 5: Hero ($5.63 in chips)
Seat 6: ba19d11 ($3.71 in chips)
f661ed14: posts small blind $0.02
Hero: posts big blind $0.05
*** HOLE CARDS ***
Dealt to 9a1d62c9 
Dealt to d92f2bbc 
Dealt to 67d15a5 
Dealt to f661ed14 
Dealt to Hero [8c 6h]
Dealt to ba19d11 
ba19d11: folds
9a1d62c9: folds
d92f2bbc: folds
67d15a5: raises $0.08 to $0.13
f661ed14: folds
Hero: folds
Uncalled bet ($0.08) returned to 67d15a5
*** SHOWDOWN ***
67d15a5 collected $0.12 from pot
*** SUMMARY ***
Total pot $0.12 | Rake $0 | Jackpot $0 | Bingo $0 | Fortune $0
Seat 1: 9a1d62c9 folded before Flop (didn't bet)
Seat 2: d92f2bbc folded before Flop (didn't bet)
Seat 3: 67d15a5 (button) collected ($0.12)
Seat 4: f661ed14 (small blind) folded before Flop
Seat 5: Hero (big blind) folded before Flop
Seat 6: ba19d11 folded before Flop (didn't bet)


Poker Hand #HD1179946438: Hold'em No Limit  ($0.02/$0.05) - 2023/03/28 19:21:34
Table 'NLHBlue137' 6-max Seat #2 is the button
Seat 1: 9a1d62c9 ($5.17 in chips)
Seat 2: d92f2bbc ($5.37 in chips)
Seat 3: 67d15a5 ($5.87 in chips)
Seat 4: f661ed14 ($5 in chips)
Seat 5: Hero ($5.63 in chips)
Seat 6: ba19d11 ($3.71 in chips)
67d15a5: posts small blind $0.02
f661ed14: posts big blind $0.05
*** HOLE CARDS ***
Dealt to 9a1d62c9 
Dealt to d92f2bbc 
Dealt to 67d15a5 
Dealt to f661ed14 
Dealt to Hero [Qc 9h]
Dealt to ba19d11 
Hero: folds
ba19d11: folds
9a1d62c9: folds
d92f2bbc: folds
67d15a5: folds
Uncalled bet ($0.03) returned to f661ed14
*** SHOWDOWN ***
f661ed14 collected $0.04 from pot
*** SUMMARY ***
Total pot $0.04 | Rake $0 | Jackpot $0 | Bingo $0 | Fortune $0
Seat 1: 9a1d62c9 folded before Flop (didn't bet)
Seat 2: d92f2bbc (button) folded before Flop (didn't bet)
Seat 3: 67d15a5 (small blind) folded before Flop
Seat 4: f661ed14 (big blind) collected ($0.04)
Seat 5: Hero folded before Flop (didn't bet)
Seat 6: ba19d11 folded before Flop (didn't bet)


Poker Hand #HD1179946400: Hold'em No Limit  ($0.02/$0.05) - 2023/03/28 19:21:22
Table 'NLHBlue137' 6-max Seat #1 is the button
Seat 1: 9a1d62c9 ($5.17 in chips)
Seat 2: d92f2bbc ($5.32 in chips)
Seat 3: 67d15a5 ($5.92 in chips)
Seat 4: f661ed14 ($5 in chips)
Seat 5: Hero ($5.63 in chips)
Seat 6: ba19d11 ($3.71 in chips)
d92f2bbc: posts small blind $0.02
67d15a5: posts big blind $0.05
*** HOLE CARDS ***
Dealt to 9a1d62c9 
Dealt to d92f2bbc 
Dealt to 67d15a5 
Dealt to f661ed14 
Dealt to Hero [9h 5h]
Dealt to ba19d11 
f661ed14: folds
Hero: folds
ba19d11: folds
9a1d62c9: folds
d92f2bbc: raises $0.1 to $0.15
67d15a5: folds
Uncalled bet ($0.1) returned to d92f2bbc
*** SHOWDOWN ***
d92f2bbc collected $0.1 from pot
*** SUMMARY ***
Total pot $0.1 | Rake $0 | Jackpot $0 | Bingo $0 | Fortune $0
Seat 1: 9a1d62c9 (button) folded before Flop (didn't bet)
Seat 2: d92f2bbc (small blind) collected ($0.1)
Seat 3: 67d15a5 (big blind) folded before Flop
Seat 4: f661ed14 folded before Flop (didn't bet)
Seat 5: Hero folded before Flop (didn't bet)
Seat 6: ba19d11 folded before Flop (didn't bet)


Poker Hand #HD1179946344: Hold'em No Limit  ($0.02/$0.05) - 2023/03/28 19:21:04
Table 'NLHBlue137' 6-max Seat #6 is the button
Seat 1: 9a1d62c9 ($5.12 in chips)
Seat 2: d92f2bbc ($5.37 in chips)
Seat 3: 67d15a5 ($5.92 in chips)
Seat 4: f661ed14 ($5 in chips)
Seat 5: Hero ($5.63 in chips)
Seat 6: ba19d11 ($3.71 in chips)
9a1d62c9: posts small blind $0.02
d92f2bbc: posts big blind $0.05
*** HOLE CARDS ***
Dealt to 9a1d62c9 
Dealt to d92f2bbc 
Dealt to 67d15a5 
Dealt to f661ed14 
Dealt to Hero [Ts Kd]
Dealt to ba19d11 
67d15a5: folds
f661ed14: folds
Hero: folds
ba19d11: folds
9a1d62c9: raises $0.1 to $0.15
d92f2bbc: folds
Uncalled bet ($0.1) returned to 9a1d62c9
*** SHOWDOWN ***
9a1d62c9 collected $0.1 from pot
*** SUMMARY ***
Total pot $0.1 | Rake $0 | Jackpot $0 | Bingo $0 | Fortune $0
Seat 1: 9a1d62c9 (small blind) collected ($0.1)
Seat 2: d92f2bbc (big blind) folded before Flop
Seat 3: 67d15a5 folded before Flop (didn't bet)
Seat 4: f661ed14 folded before Flop (didn't bet)
Seat 5: Hero folded before Flop (didn't bet)
Seat 6: ba19d11 (button) folded before Flop (didn't bet)


Poker Hand #HD1179946281: Hold'em No Limit  ($0.02/$0.05) - 2023/03/28 19:20:46
Table 'NLHBlue137' 6-max Seat #5 is the button
Seat 1: 9a1d62c9 ($5.17 in chips)
Seat 2: d92f2bbc ($5.37 in chips)
Seat 3: 67d15a5 ($5.92 in chips)
Seat 4: f661ed14 ($5 in chips)
Seat 5: Hero ($5.63 in chips)
Seat 6: ba19d11 ($3.66 in chips)
ba19d11: posts small blind $0.02
9a1d62c9: posts big blind $0.05
*** HOLE CARDS ***
Dealt to 9a1d62c9 
Dealt to d92f2bbc 
Dealt to 67d15a5 
Dealt to f661ed14 
Dealt to Hero [7c Jh]
Dealt to ba19d11 
d92f2bbc: folds
67d15a5: folds
f661ed14: folds
Hero: folds
ba19d11: raises $0.09 to $0.14
9a1d62c9: folds
Uncalled bet ($0.09) returned to ba19d11
*** SHOWDOWN ***
ba19d11 collected $0.1 from pot
*** SUMMARY ***
Total pot $0.1 | Rake $0 | Jackpot $0 | Bingo $0 | Fortune $0
Seat 1: 9a1d62c9 (big blind) folded before Flop
Seat 2: d92f2bbc folded before Flop (didn't bet)
Seat 3: 67d15a5 folded before Flop (didn't bet)
Seat 4: f661ed14 folded before Flop (didn't bet)
Seat 5: Hero (button) folded before Flop (didn't bet)
Seat 6: ba19d11 (small blind) collected ($0.1)


Poker Hand #HD1179946141: Hold'em No Limit  ($0.02/$0.05) - 2023/03/28 19:20:04
Table 'NLHBlue137' 6-max Seat #4 is the button
Seat 1: 9a1d62c9 ($5.17 in chips)
Seat 2: d92f2bbc ($5.37 in chips)
Seat 3: 67d15a5 ($5.92 in chips)
Seat 4: f661ed14 ($5.33 in chips)
Seat 5: Hero ($5 in chips)
Seat 6: ba19d11 ($3.71 in chips)
Hero: posts small blind $0.02
ba19d11: posts big blind $0.05
*** HOLE CARDS ***
Dealt to 9a1d62c9 
Dealt to d92f2bbc 
Dealt to 67d15a5 
Dealt to f661ed14 
Dealt to Hero [Ac Qs]
Dealt to ba19d11 
9a1d62c9: folds
d92f2bbc: folds
67d15a5: folds
f661ed14: raises $0.09 to $0.14
Hero: raises $0.5 to $0.64
ba19d11: folds
f661ed14: calls $0.5
*** FLOP *** [5s Ah 5h]
Hero: bets $1
f661ed14: folds
Uncalled bet ($1) returned to Hero
*** SHOWDOWN ***
Hero collected $1.27 from pot
*** SUMMARY ***
Total pot $1.33 | Rake $0.06 | Jackpot $0 | Bingo $0 | Fortune $0
Board [5s Ah 5h]
Seat 1: 9a1d62c9 folded before Flop (didn't bet)
Seat 2: d92f2bbc folded before Flop (didn't bet)
Seat 3: 67d15a5 folded before Flop (didn't bet)
Seat 4: f661ed14 (button) folded on the Flop
Seat 5: Hero (small blind) won ($1.27)
Seat 6: ba19d11 (big blind) folded before Flop


Poker Hand #HD1179946086: Hold'em No Limit  ($0.02/$0.05) - 2023/03/28 19:19:50
Table 'NLHBlue137' 6-max Seat #3 is the button
Seat 1: 9a1d62c9 ($5.17 in chips)
Seat 2: d92f2bbc ($5.37 in chips)
Seat 3: 67d15a5 ($5.85 in chips)
Seat 4: f661ed14 ($5.35 in chips)
Seat 5: Hero ($5.02 in chips)
Seat 6: ba19d11 ($3.71 in chips)
f661ed14: posts small blind $0.02
Hero: posts big blind $0.05
*** HOLE CARDS ***
Dealt to 9a1d62c9 
Dealt to d92f2bbc 
Dealt to 67d15a5 
Dealt to f661ed14 
Dealt to Hero [Qc 2d]
Dealt to ba19d11 
ba19d11: folds
9a1d62c9: folds
d92f2bbc: folds
67d15a5: raises $0.08 to $0.13
f661ed14: folds
Hero: folds
Uncalled bet ($0.08) returned to 67d15a5
*** SHOWDOWN ***
67d15a5 collected $0.12 from pot
*** SUMMARY ***
Total pot $0.12 | Rake $0 | Jackpot $0 | Bingo $0 | Fortune $0
Seat 1: 9a1d62c9 folded before Flop (didn't bet)
Seat 2: d92f2bbc folded before Flop (didn't bet)
Seat 3: 67d15a5 (button) collected ($0.12)
Seat 4: f661ed14 (small blind) folded before Flop
Seat 5: Hero (big blind) folded before Flop
Seat 6: ba19d11 folded before Flop (didn't bet)


Poker Hand #HD1179945978: Hold'em No Limit  ($0.02/$0.05) - 2023/03/28 19:19:17
Table 'NLHBlue137' 6-max Seat #2 is the button
Seat 1: 9a1d62c9 ($5.17 in chips)
Seat 2: d92f2bbc ($5.37 in chips)
Seat 3: 67d15a5 ($5.69 in chips)
Seat 4: f661ed14 ($5.4 in chips)
Seat 5: Hero ($5.14 in chips)
Seat 6: ba19d11 ($3.71 in chips)
67d15a5: posts small blind $0.02
f661ed14: posts big blind $0.05
*** HOLE CARDS ***
Dealt to 9a1d62c9 
Dealt to d92f2bbc 
Dealt to 67d15a5 
Dealt to f661ed14 
Dealt to Hero [Td As]
Dealt to ba19d11 
Hero: raises $0.07 to $0.12
ba19d11: folds
9a1d62c9: folds
d92f2bbc: folds
67d15a5: raises $0.22 to $0.34
f661ed14: folds
Hero: folds
Uncalled bet ($0.22) returned to 67d15a5
*** SHOWDOWN ***
67d15a5 collected $0.28 from pot
*** SUMMARY ***
Total pot $0.29 | Rake $0.01 | Jackpot $0 | Bingo $0 | Fortune $0
Seat 1: 9a1d62c9 folded before Flop (didn't bet)
Seat 2: d92f2bbc (button) folded before Flop (didn't bet)
Seat 3: 67d15a5 (small blind) collected ($0.28)
Seat 4: f661ed14 (big blind) folded before Flop
Seat 5: Hero folded before Flop
Seat 6: ba19d11 folded before Flop (didn't bet)


Poker Hand #HD1179945907: Hold'em No Limit  ($0.02/$0.05) - 2023/03/28 19:18:54
Table 'NLHBlue137' 6-max Seat #1 is the button
Seat 1: 9a1d62c9 ($5.17 in chips)
Seat 2: d92f2bbc ($5.39 in chips)
Seat 3: 67d15a5 ($5.74 in chips)
Seat 4: f661ed14 ($5.33 in chips)
Seat 5: Hero ($5.14 in chips)
Seat 6: ba19d11 ($3.71 in chips)
d92f2bbc: posts small blind $0.02
67d15a5: posts big blind $0.05
*** HOLE CARDS ***
Dealt to 9a1d62c9 
Dealt to d92f2bbc 
Dealt to 67d15a5 
Dealt to f661ed14 
Dealt to Hero [Kh 6h]
Dealt to ba19d11 
f661ed14: raises $0.09 to $0.14
Hero: folds
ba19d11: folds
9a1d62c9: folds
d92f2bbc: folds
67d15a5: folds
Uncalled bet ($0.09) returned to f661ed14
*** SHOWDOWN ***
f661ed14 collected $0.12 from pot
*** SUMMARY ***
Total pot $0.12 | Rake $0 | Jackpot $0 | Bingo $0 | Fortune $0
Seat 1: 9a1d62c9 (button) folded before Flop (didn't bet)
Seat 2: d92f2bbc (small blind) folded before Flop
Seat 3: 67d15a5 (big blind) folded before Flop
Seat 4: f661ed14 collected ($0.12)
Seat 5: Hero folded before Flop (didn't bet)
Seat 6: ba19d11 folded before Flop (didn't bet)


Poker Hand #HD1179945829: Hold'em No Limit  ($0.02/$0.05) - 2023/03/28 19:18:28
Table 'NLHBlue137' 6-max Seat #6 is the button
Seat 1: 9a1d62c9 ($5.19 in chips)
Seat 2: d92f2bbc ($5.44 in chips)
Seat 3: 67d15a5 ($5.74 in chips)
Seat 4: f661ed14 ($5.33 in chips)
Seat 5: Hero ($5.07 in chips)
Seat 6: ba19d11 ($3.71 in chips)
9a1d62c9: posts small blind $0.02
d92f2bbc: posts big blind $0.05
*** HOLE CARDS ***
Dealt to 9a1d62c9 
Dealt to d92f2bbc 
Dealt to 67d15a5 
Dealt to f661ed14 
Dealt to Hero [5d 4d]
Dealt to ba19d11 
67d15a5: folds
f661ed14: folds
Hero: raises $0.07 to $0.12
ba19d11: folds
9a1d62c9: folds
d92f2bbc: folds
Uncalled bet ($0.07) returned to Hero
*** SHOWDOWN ***
Hero collected $0.12 from pot
*** SUMMARY ***
Total pot $0.12 | Rake $0 | Jackpot $0 | Bingo $0 | Fortune $0
Seat 1: 9a1d62c9 (small blind) folded before Flop
Seat 2: d92f2bbc (big blind) folded before Flop
Seat 3: 67d15a5 folded before Flop (didn't bet)
Seat 4: f661ed14 folded before Flop (didn't bet)
Seat 5: Hero collected ($0.12)
Seat 6: ba19d11 (button) folded before Flop (didn't bet)


Poker Hand #HD1179945765: Hold'em No Limit  ($0.02/$0.05) - 2023/03/28 19:18:08
Table 'NLHBlue137' 6-max Seat #5 is the button
Seat 1: 9a1d62c9 ($5.24 in chips)
Seat 2: d92f2bbc ($5.44 in chips)
Seat 3: 67d15a5 ($5.74 in chips)
Seat 4: f661ed14 ($5.33 in chips)
Seat 5: Hero ($5 in chips)
Seat 6: ba19d11 ($3.73 in chips)
ba19d11: posts small blind $0.02
9a1d62c9: posts big blind $0.05
*** HOLE CARDS ***
Dealt to 9a1d62c9 
Dealt to d92f2bbc 
Dealt to 67d15a5 
Dealt to f661ed14 
Dealt to Hero [Kc Qc]
Dealt to ba19d11 
d92f2bbc: folds
67d15a5: folds
f661ed14: folds
Hero: raises $0.07 to $0.12
ba19d11: folds
9a1d62c9: folds
Uncalled bet ($0.07) returned to Hero
*** SHOWDOWN ***
Hero collected $0.12 from pot
*** SUMMARY ***
Total pot $0.12 | Rake $0 | Jackpot $0 | Bingo $0 | Fortune $0
Seat 1: 9a1d62c9 (big blind) folded before Flop
Seat 2: d92f2bbc folded before Flop (didn't bet)
Seat 3: 67d15a5 folded before Flop (didn't bet)
Seat 4: f661ed14 folded before Flop (didn't bet)
Seat 5: Hero (button) collected ($0.12)
Seat 6: ba19d11 (small blind) folded before Flop


Poker Hand #HD1179945685: Hold'em No Limit  ($0.02/$0.05) - 2023/03/28 19:17:44
Table 'NLHBlue137' 6-max Seat #4 is the button
Seat 1: 9a1d62c9 ($5.24 in chips)
Seat 2: d92f2bbc ($5.37 in chips)
Seat 3: 67d15a5 ($5.74 in chips)
Seat 4: f661ed14 ($5.33 in chips)
Seat 5: Hero ($5 in chips)
Seat 6: ba19d11 ($3.78 in chips)
Hero: posts small blind $0.02
ba19d11: posts big blind $0.05
*** HOLE CARDS ***
Dealt to 9a1d62c9 
Dealt to d92f2bbc 
Dealt to 67d15a5 
Dealt to f661ed14 
Dealt to Hero [Ks 7s]
Dealt to ba19d11 
9a1d62c9: folds
d92f2bbc: raises $0.1 to $0.15
67d15a5: folds
f661ed14: folds
Hero: folds
ba19d11: folds
Uncalled bet ($0.1) returned to d92f2bbc
*** SHOWDOWN ***
d92f2bbc collected $0.12 from pot
*** SUMMARY ***
Total pot $0.12 | Rake $0 | Jackpot $0 | Bingo $0 | Fortune $0
Seat 1: 9a1d62c9 folded before Flop (didn't bet)
Seat 2: d92f2bbc collected ($0.12)
Seat 3: 67d15a5 folded before Flop (didn't bet)
Seat 4: f661ed14 (button) folded before Flop (didn't bet)
Seat 5: Hero (small blind) folded before Flop
Seat 6: ba19d11 (big blind) folded before Flop


Poker Hand #HD1179875571: Hold'em No Limit  ($0.02/$0.05) - 2023/03/28 19:17:08
Table 'NLHBlue137' 6-max Seat #3 is the button
Seat 1: 9a1d62c9 ($5.24 in chips)
Seat 2: d92f2bbc ($5.07 in chips)
Seat 3: 67d15a5 ($5.89 in chips)
Seat 4: f661ed14 ($5.35 in chips)
Seat 5: Hero ($5 in chips)
Seat 6: ba19d11 ($3.78 in chips)
f661ed14: posts small blind $0.02
Hero: posts big blind $0.05
*** HOLE CARDS ***
Dealt to 9a1d62c9 
Dealt to d92f2bbc 
Dealt to 67d15a5 
Dealt to f661ed14 
Dealt to Hero [Qs Tc]
Dealt to ba19d11 
ba19d11: folds
9a1d62c9: folds
d92f2bbc: raises $0.1 to $0.15
67d15a5: calls $0.15
f661ed14: folds
Hero: calls $0.1
*** FLOP *** [5h 8s Kh]
Hero: checks
d92f2bbc: checks
67d15a5: checks
*** TURN *** [5h 8s Kh] [5c]
Hero: checks
d92f2bbc: bets $0.24
67d15a5: folds
Hero: folds
Uncalled bet ($0.24) returned to d92f2bbc
*** SHOWDOWN ***
d92f2bbc collected $0.45 from pot
*** SUMMARY ***
Total pot $0.47 | Rake $0.02 | Jackpot $0 | Bingo $0 | Fortune $0
Board [5h 8s Kh 5c]
Seat 1: 9a1d62c9 folded before Flop (didn't bet)
Seat 2: d92f2bbc won ($0.45)
Seat 3: 67d15a5 (button) folded on the Turn
Seat 4: f661ed14 (small blind) folded before Flop
Seat 5: Hero (big blind) folded on the Turn
Seat 6: ba19d11 folded before Flop (didn't bet)


Poker Hand #HD1179875512: Hold'em No Limit  ($0.02/$0.05) - 2023/03/28 19:16:50
Table 'NLHBlue137' 6-max Seat #2 is the button
Seat 1: 9a1d62c9 ($5.24 in chips)
Seat 2: d92f2bbc ($5 in chips)
Seat 3: 67d15a5 ($5.91 in chips)
Seat 4: f661ed14 ($5.4 in chips)
Seat 5: Hero ($5 in chips)
Seat 6: ba19d11 ($3.78 in chips)
67d15a5: posts small blind $0.02
f661ed14: posts big blind $0.05
*** HOLE CARDS ***
Dealt to 9a1d62c9 
Dealt to d92f2bbc 
Dealt to 67d15a5 
Dealt to f661ed14 
Dealt to Hero [6h Th]
Dealt to ba19d11 
Hero: folds
ba19d11: folds
9a1d62c9: folds
d92f2bbc: raises $0.1 to $0.15
67d15a5: folds
f661ed14: folds
Uncalled bet ($0.1) returned to d92f2bbc
*** SHOWDOWN ***
d92f2bbc collected $0.12 from pot
*** SUMMARY ***
Total pot $0.12 | Rake $0 | Jackpot $0 | Bingo $0 | Fortune $0
Seat 1: 9a1d62c9 folded before Flop (didn't bet)
Seat 2: d92f2bbc (button) collected ($0.12)
Seat 3: 67d15a5 (small blind) folded before Flop
Seat 4: f661ed14 (big blind) folded before Flop
Seat 5: Hero folded before Flop (didn't bet)
Seat 6: ba19d11 folded before Flop (didn't bet)


Poker Hand #HD1179875463: Hold'em No Limit  ($0.02/$0.05) - 2023/03/28 19:16:32
Table 'NLHBlue137' 6-max Seat #1 is the button
Seat 1: 9a1d62c9 ($5.17 in chips)
Seat 2: d92f2bbc ($5.02 in chips)
Seat 3: 67d15a5 ($5.96 in chips)
Seat 4: f661ed14 ($5.4 in chips)
Seat 5: Hero ($5 in chips)
Seat 6: ba19d11 ($3.78 in chips)
d92f2bbc: posts small blind $0.02
67d15a5: posts big blind $0.05
*** HOLE CARDS ***
Dealt to 9a1d62c9 
Dealt to d92f2bbc 
Dealt to 67d15a5 
Dealt to f661ed14 
Dealt to Hero [4h 8s]
Dealt to ba19d11 
f661ed14: folds
Hero: folds
ba19d11: folds
9a1d62c9: raises $0.08 to $0.13
d92f2bbc: folds
67d15a5: folds
Uncalled bet ($0.08) returned to 9a1d62c9
*** SHOWDOWN ***
9a1d62c9 collected $0.12 from pot
*** SUMMARY ***
Total pot $0.12 | Rake $0 | Jackpot $0 | Bingo $0 | Fortune $0
Seat 1: 9a1d62c9 (button) collected ($0.12)
Seat 2: d92f2bbc (small blind) folded before Flop
Seat 3: 67d15a5 (big blind) folded before Flop
Seat 4: f661ed14 folded before Flop (didn't bet)
Seat 5: Hero folded before Flop (didn't bet)
Seat 6: ba19d11 folded before Flop (didn't bet)


Poker Hand #HD1179875427: Hold'em No Limit  ($0.02/$0.05) - 2023/03/28 19:16:21
Table 'NLHBlue137' 6-max Seat #6 is the button
Seat 1: 9a1d62c9 ($5.19 in chips)
Seat 2: d92f2bbc ($5 in chips)
Seat 3: 67d15a5 ($5.96 in chips)
Seat 4: f661ed14 ($5.4 in chips)
Seat 5: Hero ($5 in chips)
Seat 6: ba19d11 ($3.78 in chips)
9a1d62c9: posts small blind $0.02
d92f2bbc: posts big blind $0.05
*** HOLE CARDS ***
Dealt to 9a1d62c9 
Dealt to d92f2bbc 
Dealt to 67d15a5 
Dealt to f661ed14 
Dealt to Hero [7s 9s]
Dealt to ba19d11 
67d15a5: folds
f661ed14: folds
Hero: folds
ba19d11: folds
9a1d62c9: folds
Uncalled bet ($0.03) returned to d92f2bbc
*** SHOWDOWN ***
d92f2bbc collected $0.04 from pot
*** SUMMARY ***
Total pot $0.04 | Rake $0 | Jackpot $0 | Bingo $0 | Fortune $0
Seat 1: 9a1d62c9 (small blind) folded before Flop
Seat 2: d92f2bbc (big blind) collected ($0.04)
Seat 3: 67d15a5 folded before Flop (didn't bet)
Seat 4: f661ed14 folded before Flop (didn't bet)
Seat 5: Hero folded before Flop (didn't bet)
Seat 6: ba19d11 (button) folded before Flop (didn't bet)


Poker Hand #HD1179875320: Hold'em No Limit  ($0.02/$0.05) - 2023/03/28 19:15:44
Table 'NLHBlue137' 6-max Seat #5 is the button
Seat 1: 9a1d62c9 ($5.14 in chips)
Seat 4: f661ed14 ($5.4 in chips)
Seat 5: Hero ($5 in chips)
Seat 6: ba19d11 ($3.83 in chips)
ba19d11: posts small blind $0.02
9a1d62c9: posts big blind $0.05
*** HOLE CARDS ***
Dealt to 9a1d62c9 
Dealt to f661ed14 
Dealt to Hero [7s Tc]
Dealt to ba19d11 
f661ed14: folds
Hero: folds
ba19d11: calls $0.03
9a1d62c9: checks
*** FLOP *** [3h Th Ks]
ba19d11: checks
9a1d62c9: checks
*** TURN *** [3h Th Ks] [2s]
ba19d11: checks
9a1d62c9: checks
*** RIVER *** [3h Th Ks 2s] [7c]
ba19d11: checks
9a1d62c9: checks
ba19d11: shows [Qh 8s] (King-High)
9a1d62c9: shows [6d 2c] (Pair of Twos)
*** SHOWDOWN ***
9a1d62c9 collected $0.1 from pot
*** SUMMARY ***
Total pot $0.1 | Rake $0 | Jackpot $0 | Bingo $0 | Fortune $0
Board [3h Th Ks 2s 7c]
Seat 1: 9a1d62c9 (big blind) showed [6d 2c] and won ($0.1) with Pair of Twos
Seat 4: f661ed14 folded before Flop (didn't bet)
Seat 5: Hero (button) folded before Flop (didn't bet)
Seat 6: ba19d11 (small blind) showed [Qh 8s] and lost with King-High


Poker Hand #HD1179875262: Hold'em No Limit  ($0.02/$0.05) - 2023/03/28 19:15:25
Table 'NLHBlue137' 6-max Seat #4 is the button
Seat 1: 9a1d62c9 ($5.14 in chips)
Seat 3: 67d15a5 ($5.96 in chips)
Seat 4: f661ed14 ($5.4 in chips)
Seat 5: Hero ($5 in chips)
Seat 6: ba19d11 ($3.81 in chips)
Hero: posts small blind $0.02
ba19d11: posts big blind $0.05
*** HOLE CARDS ***
Dealt to 9a1d62c9 
Dealt to 67d15a5 
Dealt to f661ed14 
Dealt to Hero [5s Jc]
Dealt to ba19d11 
9a1d62c9: folds
67d15a5: folds
f661ed14: folds
Hero: folds
Uncalled bet ($0.03) returned to ba19d11
*** SHOWDOWN ***
ba19d11 collected $0.04 from pot
*** SUMMARY ***
Total pot $0.04 | Rake $0 | Jackpot $0 | Bingo $0 | Fortune $0
Seat 1: 9a1d62c9 folded before Flop (didn't bet)
Seat 3: 67d15a5 folded before Flop (didn't bet)
Seat 4: f661ed14 (button) folded before Flop (didn't bet)
Seat 5: Hero (small blind) folded before Flop
Seat 6: ba19d11 (big blind) collected ($0.04)


Poker Hand #HD1179875196: Hold'em No Limit  ($0.02/$0.05) - 2023/03/28 19:15:05
Table 'NLHBlue137' 6-max Seat #3 is the button
Seat 1: 9a1d62c9 ($5.14 in chips)
Seat 3: 67d15a5 ($5.89 in chips)
Seat 4: f661ed14 ($5.42 in chips)
Seat 5: Hero ($5 in chips)
Seat 6: ba19d11 ($3.81 in chips)
f661ed14: posts small blind $0.02
Hero: posts big blind $0.05
*** HOLE CARDS ***
Dealt to 9a1d62c9 
Dealt to 67d15a5 
Dealt to f661ed14 
Dealt to Hero [3h 6d]
Dealt to ba19d11 
ba19d11: folds
9a1d62c9: folds
67d15a5: raises $0.08 to $0.13
f661ed14: folds
Hero: folds
Uncalled bet ($0.08) returned to 67d15a5
*** SHOWDOWN ***
67d15a5 collected $0.12 from pot
*** SUMMARY ***
Total pot $0.12 | Rake $0 | Jackpot $0 | Bingo $0 | Fortune $0
Seat 1: 9a1d62c9 folded before Flop (didn't bet)
Seat 3: 67d15a5 (button) collected ($0.12)
Seat 4: f661ed14 (small blind) folded before Flop
Seat 5: Hero (big blind) folded before Flop
Seat 6: ba19d11 folded before Flop (didn't bet)


Poker Hand #HD1179875069: Hold'em No Limit  ($0.02/$0.05) - 2023/03/28 19:14:30
Table 'NLHBlue137' 6-max Seat #1 is the button
Seat 1: 9a1d62c9 ($5 in chips)
Seat 2: e728ca1a ($5.49 in chips)
Seat 3: 67d15a5 ($6.02 in chips)
Seat 4: f661ed14 ($5.42 in chips)
Seat 5: Hero ($5 in chips)
Seat 6: ba19d11 ($3.81 in chips)
e728ca1a: posts small blind $0.02
67d15a5: posts big blind $0.05
*** HOLE CARDS ***
Dealt to 9a1d62c9 
Dealt to e728ca1a 
Dealt to 67d15a5 
Dealt to f661ed14 
Dealt to Hero [9s 5d]
Dealt to ba19d11 
f661ed14: folds
Hero: folds
ba19d11: folds
9a1d62c9: raises $0.08 to $0.13
e728ca1a: folds
67d15a5: calls $0.08
*** FLOP *** [Tc Qd 5c]
67d15a5: checks
9a1d62c9: bets $0.12
67d15a5: folds
Uncalled bet ($0.12) returned to 9a1d62c9
*** SHOWDOWN ***
9a1d62c9 collected $0.27 from pot
*** SUMMARY ***
Total pot $0.28 | Rake $0.01 | Jackpot $0 | Bingo $0 | Fortune $0
Board [Tc Qd 5c]
Seat 1: 9a1d62c9 (button) won ($0.27)
Seat 2: e728ca1a (small blind) folded before Flop
Seat 3: 67d15a5 (big blind) folded on the Flop
Seat 4: f661ed14 folded before Flop (didn't bet)
Seat 5: Hero folded before Flop (didn't bet)
Seat 6: ba19d11 folded before Flop (didn't bet)


Poker Hand #HD1179874938: Hold'em No Limit  ($0.02/$0.05) - 2023/03/28 19:13:47
Table 'NLHBlue137' 6-max Seat #6 is the button
Seat 1: 9a1d62c9 ($5.02 in chips)
Seat 2: e728ca1a ($4.55 in chips)
Seat 3: 67d15a5 ($6.02 in chips)
Seat 4: f661ed14 ($5.42 in chips)
Seat 5: Hero ($5.05 in chips)
Seat 6: ba19d11 ($4.76 in chips)
9a1d62c9: posts small blind $0.02
e728ca1a: posts big blind $0.05
*** HOLE CARDS ***
Dealt to 9a1d62c9 
Dealt to e728ca1a 
Dealt to 67d15a5 
Dealt to f661ed14 
Dealt to Hero [4c 3c]
Dealt to ba19d11 
67d15a5: folds
f661ed14: folds
Hero: raises $0.07 to $0.12
ba19d11: raises $0.32 to $0.44
9a1d62c9: folds
e728ca1a: raises $0.51 to $0.95
Hero: folds
ba19d11: calls $0.51
*** FLOP *** [Qh 7c Js]
e728ca1a: bets $1.17
ba19d11: folds
Uncalled bet ($1.17) returned to e728ca1a
*** SHOWDOWN ***
e728ca1a collected $1.89 from pot
*** SUMMARY ***
Total pot $2.04 | Rake $0.1 | Jackpot $0.05 | Bingo $0 | Fortune $0
Board [Qh 7c Js]
Seat 1: 9a1d62c9 (small blind) folded before Flop
Seat 2: e728ca1a (big blind) won ($1.89)
Seat 3: 67d15a5 folded before Flop (didn't bet)
Seat 4: f661ed14 folded before Flop (didn't bet)
Seat 5: Hero folded before Flop
Seat 6: ba19d11 (button) folded on the Flop


Poker Hand #HD1179874909: Hold'em No Limit  ($0.02/$0.05) - 2023/03/28 19:13:35
Table 'NLHBlue137' 6-max Seat #5 is the button
Seat 1: 9a1d62c9 ($5 in chips)
Seat 2: e728ca1a ($4.55 in chips)
Seat 3: 67d15a5 ($6.02 in chips)
Seat 4: f661ed14 ($5.42 in chips)
Seat 5: Hero ($5.05 in chips)
Seat 6: ba19d11 ($4.78 in chips)
ba19d11: posts small blind $0.02
9a1d62c9: posts big blind $0.05
*** HOLE CARDS ***
Dealt to 9a1d62c9 
Dealt to e728ca1a 
Dealt to 67d15a5 
Dealt to f661ed14 
Dealt to Hero [6s 9d]
Dealt to ba19d11 
e728ca1a: folds
67d15a5: folds
f661ed14: folds
Hero: folds
ba19d11: folds
Uncalled bet ($0.03) returned to 9a1d62c9
*** SHOWDOWN ***
9a1d62c9 collected $0.04 from pot
*** SUMMARY ***
Total pot $0.04 | Rake $0 | Jackpot $0 | Bingo $0 | Fortune $0
Seat 1: 9a1d62c9 (big blind) collected ($0.04)
Seat 2: e728ca1a folded before Flop (didn't bet)
Seat 3: 67d15a5 folded before Flop (didn't bet)
Seat 4: f661ed14 folded before Flop (didn't bet)
Seat 5: Hero (button) folded before Flop (didn't bet)
Seat 6: ba19d11 (small blind) folded before Flop


Poker Hand #HD1179874855: Hold'em No Limit  ($0.02/$0.05) - 2023/03/28 19:13:22
Table 'NLHBlue137' 6-max Seat #4 is the button
Seat 1: 9a1d62c9 ($5 in chips)
Seat 2: e728ca1a ($4.55 in chips)
Seat 3: 67d15a5 ($6.02 in chips)
Seat 4: f661ed14 ($5.42 in chips)
Seat 5: Hero ($5 in chips)
Seat 6: ba19d11 ($4.83 in chips)
Hero: posts small blind $0.02
ba19d11: posts big blind $0.05
*** HOLE CARDS ***
Dealt to 9a1d62c9 
Dealt to e728ca1a 
Dealt to 67d15a5 
Dealt to f661ed14 
Dealt to Hero [9h 7h]
Dealt to ba19d11 
9a1d62c9: folds
e728ca1a: folds
67d15a5: folds
f661ed14: folds
Hero: raises $0.09 to $0.14
ba19d11: folds
Uncalled bet ($0.09) returned to Hero
*** SHOWDOWN ***
Hero collected $0.1 from pot
*** SUMMARY ***
Total pot $0.1 | Rake $0 | Jackpot $0 | Bingo $0 | Fortune $0
Seat 1: 9a1d62c9 folded before Flop (didn't bet)
Seat 2: e728ca1a folded before Flop (didn't bet)
Seat 3: 67d15a5 folded before Flop (didn't bet)
Seat 4: f661ed14 (button) folded before Flop (didn't bet)
Seat 5: Hero (small blind) collected ($0.1)
Seat 6: ba19d11 (big blind) folded before Flop


Poker Hand #HD1179874750: Hold'em No Limit  ($0.02/$0.05) - 2023/03/28 19:12:48
Table 'NLHBlue137' 6-max Seat #3 is the button
Seat 1: 9a1d62c9 ($5 in chips)
Seat 2: e728ca1a ($4.68 in chips)
Seat 3: 67d15a5 ($6.15 in chips)
Seat 4: f661ed14 ($5 in chips)
Seat 5: Hero ($5 in chips)
Seat 6: ba19d11 ($4.83 in chips)
f661ed14: posts small blind $0.02
Hero: posts big blind $0.05
*** HOLE CARDS ***
Dealt to 9a1d62c9 
Dealt to e728ca1a 
Dealt to 67d15a5 
Dealt to f661ed14 
Dealt to Hero [2d 8c]
Dealt to ba19d11 
ba19d11: folds
9a1d62c9: raises $0.08 to $0.13
e728ca1a: calls $0.13
67d15a5: calls $0.13
f661ed14: raises $0.69 to $0.82
Hero: folds
9a1d62c9: folds
e728ca1a: folds
67d15a5: folds
Uncalled bet ($0.69) returned to f661ed14
*** SHOWDOWN ***
f661ed14 collected $0.55 from pot
*** SUMMARY ***
Total pot $0.57 | Rake $0.02 | Jackpot $0 | Bingo $0 | Fortune $0
Seat 1: 9a1d62c9 folded before Flop
Seat 2: e728ca1a folded before Flop
Seat 3: 67d15a5 (button) folded before Flop
Seat 4: f661ed14 (small blind) collected ($0.55)
Seat 5: Hero (big blind) folded before Flop
Seat 6: ba19d11 folded before Flop (didn't bet)


