Poker Hand #HD1184081504: Hold'em No Limit  ($0.02/$0.05) - 2023/03/31 22:14:50
Table 'NLHBlue72' 6-max Seat #6 is the button
Seat 5: 6b9510fb ($6.33 in chips)
Seat 6: Hero ($5 in chips)
Hero: posts small blind $0.02
6b9510fb: posts big blind $0.05
*** HOLE CARDS ***
Dealt to 6b9510fb 
Dealt to Hero [Kh Tc]
Hero: raises $0.09 to $0.14
6b9510fb: calls $0.09
*** FLOP *** [Qh Ts Jh]
6b9510fb: checks
Hero: bets $0.21
6b9510fb: calls $0.21
*** TURN *** [Qh Ts Jh] [Jc]
6b9510fb: checks
Hero: checks
*** RIVER *** [Qh Ts Jh Jc] [3d]
6b9510fb: checks
Hero: checks
Hero: shows [Kh Tc] (Pair of Jacks and Pair of Tens)
6b9510fb: shows [Ah Qc] (Pair of Queens and Pair of Jacks)
*** SHOWDOWN ***
6b9510fb collected $0.67 from pot
*** SUMMARY ***
Total pot $0.7 | Rake $0.03 | Jackpot $0 | Bingo $0 | Fortune $0
Board [Qh Ts Jh Jc 3d]
Seat 5: 6b9510fb (big blind) showed [Ah Qc] and won ($0.67) with Pair of Queens and Pair of Jacks
Seat 6: Hero (small blind) showed [Kh Tc] and lost with Pair of Jacks and Pair of Tens


Poker Hand #HD1184081494: Hold'em No Limit  ($0.02/$0.05) - 2023/03/31 22:14:43
Table 'NLHBlue72' 6-max Seat #5 is the button
Seat 5: 6b9510fb ($6.28 in chips)
Seat 6: Hero ($5 in chips)
6b9510fb: posts small blind $0.02
Hero: posts big blind $0.05
*** HOLE CARDS ***
Dealt to 6b9510fb 
Dealt to Hero [7h 8c]
6b9510fb: raises $0.1 to $0.15
Hero: folds
Uncalled bet ($0.1) returned to 6b9510fb
*** SHOWDOWN ***
6b9510fb collected $0.1 from pot
*** SUMMARY ***
Total pot $0.1 | Rake $0 | Jackpot $0 | Bingo $0 | Fortune $0
Seat 5: 6b9510fb (small blind) collected ($0.1)
Seat 6: Hero (big blind) folded before Flop


Poker Hand #HD1184081484: Hold'em No Limit  ($0.02/$0.05) - 2023/03/31 22:14:38
Table 'NLHBlue72' 6-max Seat #6 is the button
Seat 5: 6b9510fb ($6.26 in chips)
Seat 6: Hero ($5.02 in chips)
Hero: posts small blind $0.02
6b9510fb: posts big blind $0.05
*** HOLE CARDS ***
Dealt to 6b9510fb 
Dealt to Hero [6d 7s]
Hero: folds
Uncalled bet ($0.03) returned to 6b9510fb
*** SHOWDOWN ***
6b9510fb collected $0.04 from pot
*** SUMMARY ***
Total pot $0.04 | Rake $0 | Jackpot $0 | Bingo $0 | Fortune $0
Seat 5: 6b9510fb (big blind) collected ($0.04)
Seat 6: Hero (small blind) folded before Flop


Poker Hand #HD1184081463: Hold'em No Limit  ($0.02/$0.05) - 2023/03/31 22:14:26
Table 'NLHBlue72' 6-max Seat #5 is the button
Seat 5: 6b9510fb ($6.21 in chips)
Seat 6: Hero ($5.07 in chips)
6b9510fb: posts small blind $0.02
Hero: posts big blind $0.05
*** HOLE CARDS ***
Dealt to 6b9510fb 
Dealt to Hero [5d 3s]
6b9510fb: raises $0.1 to $0.15
Hero: folds
Uncalled bet ($0.1) returned to 6b9510fb
*** SHOWDOWN ***
6b9510fb collected $0.1 from pot
*** SUMMARY ***
Total pot $0.1 | Rake $0 | Jackpot $0 | Bingo $0 | Fortune $0
Seat 5: 6b9510fb (small blind) collected ($0.1)
Seat 6: Hero (big blind) folded before Flop


Poker Hand #HD1184081451: Hold'em No Limit  ($0.02/$0.05) - 2023/03/31 22:14:18
Table 'NLHBlue72' 6-max Seat #6 is the button
Seat 5: 6b9510fb ($6.26 in chips)
Seat 6: Hero ($5.02 in chips)
Hero: posts small blind $0.02
6b9510fb: posts big blind $0.05
*** HOLE CARDS ***
Dealt to 6b9510fb 
Dealt to Hero [Jh Kc]
Hero: raises $0.09 to $0.14
6b9510fb: folds
Uncalled bet ($0.09) returned to Hero
*** SHOWDOWN ***
Hero collected $0.1 from pot
*** SUMMARY ***
Total pot $0.1 | Rake $0 | Jackpot $0 | Bingo $0 | Fortune $0
Seat 5: 6b9510fb (big blind) folded before Flop
Seat 6: Hero (small blind) collected ($0.1)


Poker Hand #HD1184081445: Hold'em No Limit  ($0.02/$0.05) - 2023/03/31 22:14:13
Table 'NLHBlue72' 6-max Seat #5 is the button
Seat 5: 6b9510fb ($6.28 in chips)
Seat 6: Hero ($5 in chips)
6b9510fb: posts small blind $0.02
Hero: posts big blind $0.05
*** HOLE CARDS ***
Dealt to 6b9510fb 
Dealt to Hero [5d Kh]
6b9510fb: folds
Uncalled bet ($0.03) returned to Hero
*** SHOWDOWN ***
Hero collected $0.04 from pot
*** SUMMARY ***
Total pot $0.04 | Rake $0 | Jackpot $0 | Bingo $0 | Fortune $0
Seat 5: 6b9510fb (small blind) folded before Flop
Seat 6: Hero (big blind) collected ($0.04)


Poker Hand #HD1184081418: Hold'em No Limit  ($0.02/$0.05) - 2023/03/31 22:13:57
Table 'NLHBlue72' 6-max Seat #6 is the button
Seat 5: 6b9510fb ($6.15 in chips)
Seat 6: Hero ($5.09 in chips)
Hero: posts small blind $0.02
6b9510fb: posts big blind $0.05
*** HOLE CARDS ***
Dealt to 6b9510fb 
Dealt to Hero [7h 9h]
Hero: raises $0.09 to $0.14
6b9510fb: raises $0.36 to $0.5
Hero: folds
Uncalled bet ($0.36) returned to 6b9510fb
*** SHOWDOWN ***
6b9510fb collected $0.27 from pot
*** SUMMARY ***
Total pot $0.28 | Rake $0.01 | Jackpot $0 | Bingo $0 | Fortune $0
Seat 5: 6b9510fb (big blind) collected ($0.27)
Seat 6: Hero (small blind) folded before Flop


Poker Hand #HD1184081412: Hold'em No Limit  ($0.02/$0.05) - 2023/03/31 22:13:52
Table 'NLHBlue72' 6-max Seat #5 is the button
Seat 5: 6b9510fb ($6.17 in chips)
Seat 6: Hero ($5.07 in chips)
6b9510fb: posts small blind $0.02
Hero: posts big blind $0.05
*** HOLE CARDS ***
Dealt to 6b9510fb 
Dealt to Hero [3d Ts]
6b9510fb: folds
Uncalled bet ($0.03) returned to Hero
*** SHOWDOWN ***
Hero collected $0.04 from pot
*** SUMMARY ***
Total pot $0.04 | Rake $0 | Jackpot $0 | Bingo $0 | Fortune $0
Seat 5: 6b9510fb (small blind) folded before Flop
Seat 6: Hero (big blind) collected ($0.04)


Poker Hand #HD1184081399: Hold'em No Limit  ($0.02/$0.05) - 2023/03/31 22:13:46
Table 'NLHBlue72' 6-max Seat #6 is the button
Seat 5: 6b9510fb ($6.15 in chips)
Seat 6: Hero ($5.09 in chips)
Hero: posts small blind $0.02
6b9510fb: posts big blind $0.05
*** HOLE CARDS ***
Dealt to 6b9510fb 
Dealt to Hero [3h Kc]
Hero: folds
Uncalled bet ($0.03) returned to 6b9510fb
*** SHOWDOWN ***
6b9510fb collected $0.04 from pot
*** SUMMARY ***
Total pot $0.04 | Rake $0 | Jackpot $0 | Bingo $0 | Fortune $0
Seat 5: 6b9510fb (big blind) collected ($0.04)
Seat 6: Hero (small blind) folded before Flop


Poker Hand #HD1184081395: Hold'em No Limit  ($0.02/$0.05) - 2023/03/31 22:13:41
Table 'NLHBlue72' 6-max Seat #5 is the button
Seat 5: 6b9510fb ($6.17 in chips)
Seat 6: Hero ($5.07 in chips)
6b9510fb: posts small blind $0.02
Hero: posts big blind $0.05
*** HOLE CARDS ***
Dealt to 6b9510fb 
Dealt to Hero [2h 8c]
6b9510fb: folds
Uncalled bet ($0.03) returned to Hero
*** SHOWDOWN ***
Hero collected $0.04 from pot
*** SUMMARY ***
Total pot $0.04 | Rake $0 | Jackpot $0 | Bingo $0 | Fortune $0
Seat 5: 6b9510fb (small blind) folded before Flop
Seat 6: Hero (big blind) collected ($0.04)


Poker Hand #HD1184081379: Hold'em No Limit  ($0.02/$0.05) - 2023/03/31 22:13:33
Table 'NLHBlue72' 6-max Seat #6 is the button
Seat 4: 621a1fdc ($5.74 in chips)
Seat 5: 6b9510fb ($6.22 in chips)
Seat 6: Hero ($5 in chips)
621a1fdc: posts small blind $0.02
6b9510fb: posts big blind $0.05
*** HOLE CARDS ***
Dealt to 621a1fdc 
Dealt to 6b9510fb 
Dealt to Hero [Ts Ks]
Hero: raises $0.07 to $0.12
621a1fdc: folds
6b9510fb: folds
Uncalled bet ($0.07) returned to Hero
*** SHOWDOWN ***
Hero collected $0.12 from pot
*** SUMMARY ***
Total pot $0.12 | Rake $0 | Jackpot $0 | Bingo $0 | Fortune $0
Seat 4: 621a1fdc (small blind) folded before Flop
Seat 5: 6b9510fb (big blind) folded before Flop
Seat 6: Hero (button) collected ($0.12)


Poker Hand #HD1184081367: Hold'em No Limit  ($0.02/$0.05) - 2023/03/31 22:13:25
Table 'NLHBlue72' 6-max Seat #5 is the button
Seat 4: 621a1fdc ($5.72 in chips)
Seat 5: 6b9510fb ($6.22 in chips)
Seat 6: Hero ($5 in chips)
Hero: posts small blind $0.02
621a1fdc: posts big blind $0.05
*** HOLE CARDS ***
Dealt to 621a1fdc 
Dealt to 6b9510fb 
Dealt to Hero [4d 8h]
6b9510fb: folds
Hero: folds
Uncalled bet ($0.03) returned to 621a1fdc
*** SHOWDOWN ***
621a1fdc collected $0.04 from pot
*** SUMMARY ***
Total pot $0.04 | Rake $0 | Jackpot $0 | Bingo $0 | Fortune $0
Seat 4: 621a1fdc (big blind) collected ($0.04)
Seat 5: 6b9510fb (button) folded before Flop (didn't bet)
Seat 6: Hero (small blind) folded before Flop


Poker Hand #HD1184081337: Hold'em No Limit  ($0.02/$0.05) - 2023/03/31 22:13:10
Table 'NLHBlue72' 6-max Seat #4 is the button
Seat 4: 621a1fdc ($5.65 in chips)
Seat 5: 6b9510fb ($6.24 in chips)
Seat 6: Hero ($5 in chips)
6b9510fb: posts small blind $0.02
Hero: posts big blind $0.05
*** HOLE CARDS ***
Dealt to 621a1fdc 
Dealt to 6b9510fb 
Dealt to Hero [9d 2c]
621a1fdc: raises $0.08 to $0.13
6b9510fb: folds
Hero: folds
Uncalled bet ($0.08) returned to 621a1fdc
*** SHOWDOWN ***
621a1fdc collected $0.12 from pot
*** SUMMARY ***
Total pot $0.12 | Rake $0 | Jackpot $0 | Bingo $0 | Fortune $0
Seat 4: 621a1fdc (button) collected ($0.12)
Seat 5: 6b9510fb (small blind) folded before Flop
Seat 6: Hero (big blind) folded before Flop


