Poker Hand #HD1197889159: Hold'em No Limit  ($0.02/$0.05) - 2023/04/10 21:48:39
Table 'NLHBlue94' 6-max Seat #1 is the button
Seat 1: 71a61f7f ($5.82 in chips)
Seat 2: 5e1519a7 ($3.68 in chips)
Seat 3: fb302ad3 ($5.1 in chips)
Seat 4: Hero ($5 in chips)
Seat 6: 3ab854dd ($5 in chips)
5e1519a7: posts small blind $0.02
fb302ad3: posts big blind $0.05
*** HOLE CARDS ***
Dealt to 71a61f7f 
Dealt to 5e1519a7 
Dealt to fb302ad3 
Dealt to Hero [3d Ad]
Dealt to 3ab854dd 
Hero: raises $0.07 to $0.12
3ab854dd: folds
71a61f7f: folds
5e1519a7: folds
fb302ad3: folds
Uncalled bet ($0.07) returned to Hero
*** SHOWDOWN ***
Hero collected $0.12 from pot
*** SUMMARY ***
Total pot $0.12 | Rake $0 | Jackpot $0 | Bingo $0 | Fortune $0
Seat 1: 71a61f7f (button) folded before Flop (didn't bet)
Seat 2: 5e1519a7 (small blind) folded before Flop
Seat 3: fb302ad3 (big blind) folded before Flop
Seat 4: Hero collected ($0.12)
Seat 6: 3ab854dd folded before Flop (didn't bet)


Poker Hand #HD1197889101: Hold'em No Limit  ($0.02/$0.05) - 2023/04/10 21:47:57
Table 'NLHBlue94' 6-max Seat #6 is the button
Seat 1: 71a61f7f ($5.95 in chips)
Seat 2: 5e1519a7 ($3.56 in chips)
Seat 3: fb302ad3 ($5.1 in chips)
Seat 4: Hero ($5 in chips)
Seat 6: 3ab854dd ($5 in chips)
71a61f7f: posts small blind $0.02
5e1519a7: posts big blind $0.05
*** HOLE CARDS ***
Dealt to 71a61f7f 
Dealt to 5e1519a7 
Dealt to fb302ad3 
Dealt to Hero [7d Jd]
Dealt to 3ab854dd 
fb302ad3: folds
Hero: folds
3ab854dd: folds
71a61f7f: raises $0.08 to $0.13
5e1519a7: calls $0.08
*** FLOP *** [9h 2c 3d]
71a61f7f: checks
5e1519a7: checks
*** TURN *** [9h 2c 3d] [4c]
71a61f7f: checks
5e1519a7: bets $0.12
71a61f7f: folds
Uncalled bet ($0.12) returned to 5e1519a7
*** SHOWDOWN ***
5e1519a7 collected $0.25 from pot
*** SUMMARY ***
Total pot $0.26 | Rake $0.01 | Jackpot $0 | Bingo $0 | Fortune $0
Board [9h 2c 3d 4c]
Seat 1: 71a61f7f (small blind) folded on the Turn
Seat 2: 5e1519a7 (big blind) won ($0.25)
Seat 3: fb302ad3 folded before Flop (didn't bet)
Seat 4: Hero folded before Flop (didn't bet)
Seat 6: 3ab854dd (button) folded before Flop (didn't bet)


Poker Hand #HD1197888991: Hold'em No Limit  ($0.02/$0.05) - 2023/04/10 21:46:43
Table 'NLHBlue94' 6-max Seat #4 is the button
Seat 1: 71a61f7f ($5.12 in chips)
Seat 2: 5e1519a7 ($3.56 in chips)
Seat 3: fb302ad3 ($5.1 in chips)
Seat 4: Hero ($5 in chips)
Seat 5: 6ba90711 ($6.45 in chips)
Seat 6: 3ab854dd ($5 in chips)
6ba90711: posts small blind $0.02
3ab854dd: posts big blind $0.05
*** HOLE CARDS ***
Dealt to 71a61f7f 
Dealt to 5e1519a7 
Dealt to fb302ad3 
Dealt to Hero [8d 5s]
Dealt to 6ba90711 
Dealt to 3ab854dd 
71a61f7f: raises $0.08 to $0.13
5e1519a7: folds
fb302ad3: folds
Hero: folds
6ba90711: folds
3ab854dd: calls $0.08
*** FLOP *** [Th Td 5h]
3ab854dd: checks
71a61f7f: bets $0.1
3ab854dd: calls $0.1
*** TURN *** [Th Td 5h] [3d]
3ab854dd: checks
71a61f7f: bets $0.24
3ab854dd: raises $0.48 to $0.72
71a61f7f: calls $0.48
*** RIVER *** [Th Td 5h 3d] [7c]
3ab854dd: checks
71a61f7f: bets $0.64
3ab854dd: folds
Uncalled bet ($0.64) returned to 71a61f7f
*** SHOWDOWN ***
71a61f7f collected $1.78 from pot
*** SUMMARY ***
Total pot $1.92 | Rake $0.09 | Jackpot $0.05 | Bingo $0 | Fortune $0
Board [Th Td 5h 3d 7c]
Seat 1: 71a61f7f won ($1.78)
Seat 2: 5e1519a7 folded before Flop (didn't bet)
Seat 3: fb302ad3 folded before Flop (didn't bet)
Seat 4: Hero (button) folded before Flop (didn't bet)
Seat 5: 6ba90711 (small blind) folded before Flop
Seat 6: 3ab854dd (big blind) folded on the River


Poker Hand #HD1197888938: Hold'em No Limit  ($0.02/$0.05) - 2023/04/10 21:46:10
Table 'NLHBlue94' 6-max Seat #3 is the button
Seat 1: 71a61f7f ($5.12 in chips)
Seat 2: 5e1519a7 ($3.56 in chips)
Seat 3: fb302ad3 ($4.94 in chips)
Seat 4: Hero ($5 in chips)
Seat 5: 6ba90711 ($6.6 in chips)
Hero: posts small blind $0.02
6ba90711: posts big blind $0.05
*** HOLE CARDS ***
Dealt to 71a61f7f 
Dealt to 5e1519a7 
Dealt to fb302ad3 
Dealt to Hero [5c 7d]
Dealt to 6ba90711 
71a61f7f: folds
5e1519a7: folds
fb302ad3: raises $0.1 to $0.15
Hero: folds
6ba90711: calls $0.1
*** FLOP *** [Tc Ad 6d]
6ba90711: checks
fb302ad3: bets $0.11
6ba90711: folds
Uncalled bet ($0.11) returned to fb302ad3
*** SHOWDOWN ***
fb302ad3 collected $0.31 from pot
*** SUMMARY ***
Total pot $0.32 | Rake $0.01 | Jackpot $0 | Bingo $0 | Fortune $0
Board [Tc Ad 6d]
Seat 1: 71a61f7f folded before Flop (didn't bet)
Seat 2: 5e1519a7 folded before Flop (didn't bet)
Seat 3: fb302ad3 (button) won ($0.31)
Seat 4: Hero (small blind) folded before Flop
Seat 5: 6ba90711 (big blind) folded on the Flop


Poker Hand #HD1197888907: Hold'em No Limit  ($0.02/$0.05) - 2023/04/10 21:45:49
Table 'NLHBlue94' 6-max Seat #2 is the button
Seat 1: 71a61f7f ($5.12 in chips)
Seat 2: 5e1519a7 ($3.56 in chips)
Seat 3: fb302ad3 ($4.89 in chips)
Seat 4: Hero ($5 in chips)
Seat 5: 6ba90711 ($6.6 in chips)
fb302ad3: posts small blind $0.02
Hero: posts big blind $0.05
*** HOLE CARDS ***
Dealt to 71a61f7f 
Dealt to 5e1519a7 
Dealt to fb302ad3 
Dealt to Hero [3d 6h]
Dealt to 6ba90711 
6ba90711: folds
71a61f7f: folds
5e1519a7: folds
fb302ad3: raises $0.1 to $0.15
Hero: folds
Uncalled bet ($0.1) returned to fb302ad3
*** SHOWDOWN ***
fb302ad3 collected $0.1 from pot
*** SUMMARY ***
Total pot $0.1 | Rake $0 | Jackpot $0 | Bingo $0 | Fortune $0
Seat 1: 71a61f7f folded before Flop (didn't bet)
Seat 2: 5e1519a7 (button) folded before Flop (didn't bet)
Seat 3: fb302ad3 (small blind) collected ($0.1)
Seat 4: Hero (big blind) folded before Flop
Seat 5: 6ba90711 folded before Flop (didn't bet)


Poker Hand #HD1197888846: Hold'em No Limit  ($0.02/$0.05) - 2023/04/10 21:45:06
Table 'NLHBlue94' 6-max Seat #1 is the button
Seat 1: 71a61f7f ($5.12 in chips)
Seat 2: 5e1519a7 ($3.46 in chips)
Seat 3: fb302ad3 ($5 in chips)
Seat 4: Hero ($5 in chips)
Seat 5: 6ba90711 ($6.6 in chips)
Seat 6: b52c6fa ($7.51 in chips)
5e1519a7: posts small blind $0.02
fb302ad3: posts big blind $0.05
*** HOLE CARDS ***
Dealt to 71a61f7f 
Dealt to 5e1519a7 
Dealt to fb302ad3 
Dealt to Hero [9h Td]
Dealt to 6ba90711 
Dealt to b52c6fa 
Hero: folds
6ba90711: folds
b52c6fa: folds
71a61f7f: folds
5e1519a7: raises $0.06 to $0.11
fb302ad3: calls $0.06
*** FLOP *** [Ks 3d Kh]
5e1519a7: checks
fb302ad3: checks
*** TURN *** [Ks 3d Kh] [6c]
5e1519a7: bets $0.15
fb302ad3: folds
Uncalled bet ($0.15) returned to 5e1519a7
*** SHOWDOWN ***
5e1519a7 collected $0.21 from pot
*** SUMMARY ***
Total pot $0.22 | Rake $0.01 | Jackpot $0 | Bingo $0 | Fortune $0
Board [Ks 3d Kh 6c]
Seat 1: 71a61f7f (button) folded before Flop (didn't bet)
Seat 2: 5e1519a7 (small blind) won ($0.21)
Seat 3: fb302ad3 (big blind) folded on the Turn
Seat 4: Hero folded before Flop (didn't bet)
Seat 5: 6ba90711 folded before Flop (didn't bet)
Seat 6: b52c6fa folded before Flop (didn't bet)


Poker Hand #HD1197888742: Hold'em No Limit  ($0.02/$0.05) - 2023/04/10 21:43:54
Table 'NLHBlue94' 6-max Seat #6 is the button
Seat 1: 71a61f7f ($5.14 in chips)
Seat 2: 5e1519a7 ($2.87 in chips)
Seat 4: Hero ($5.43 in chips)
Seat 5: 6ba90711 ($6.6 in chips)
Seat 6: b52c6fa ($7.51 in chips)
71a61f7f: posts small blind $0.02
5e1519a7: posts big blind $0.05
*** HOLE CARDS ***
Dealt to 71a61f7f 
Dealt to 5e1519a7 
Dealt to Hero [As Ts]
Dealt to 6ba90711 
Dealt to b52c6fa 
Hero: raises $0.07 to $0.12
6ba90711: folds
b52c6fa: folds
71a61f7f: folds
5e1519a7: calls $0.07
*** FLOP *** [9d Ks 7c]
5e1519a7: checks
Hero: bets $0.13
5e1519a7: calls $0.13
*** TURN *** [9d Ks 7c] [9s]
5e1519a7: checks
Hero: bets $0.38
5e1519a7: calls $0.38
*** RIVER *** [9d Ks 7c 9s] [9c]
5e1519a7: checks
Hero: checks
5e1519a7: shows [Kc 5c] (Nines Full over Kings)
Hero: shows [As Ts] (Three Nines)
*** SHOWDOWN ***
5e1519a7 collected $1.22 from pot
*** SUMMARY ***
Total pot $1.28 | Rake $0.06 | Jackpot $0 | Bingo $0 | Fortune $0
Board [9d Ks 7c 9s 9c]
Seat 1: 71a61f7f (small blind) folded before Flop
Seat 2: 5e1519a7 (big blind) showed [Kc 5c] and won ($1.22) with Nines Full over Kings
Seat 4: Hero showed [As Ts] and lost with Three Nines
Seat 5: 6ba90711 folded before Flop (didn't bet)
Seat 6: b52c6fa (button) folded before Flop (didn't bet)


Poker Hand #HD1197888631: Hold'em No Limit  ($0.02/$0.05) - 2023/04/10 21:42:46
Table 'NLHBlue94' 6-max Seat #5 is the button
Seat 1: 71a61f7f ($5.19 in chips)
Seat 2: 5e1519a7 ($2.85 in chips)
Seat 4: Hero ($5.43 in chips)
Seat 5: 6ba90711 ($6.71 in chips)
Seat 6: b52c6fa ($7.48 in chips)
b52c6fa: posts small blind $0.02
71a61f7f: posts big blind $0.05
*** HOLE CARDS ***
Dealt to 71a61f7f 
Dealt to 5e1519a7 
Dealt to Hero [3d Ad]
Dealt to 6ba90711 
Dealt to b52c6fa 
5e1519a7: raises $0.06 to $0.11
Hero: folds
6ba90711: calls $0.11
b52c6fa: calls $0.09
71a61f7f: folds
*** FLOP *** [6c 3c Td]
b52c6fa: bets $0.19
5e1519a7: calls $0.19
6ba90711: folds
*** TURN *** [6c 3c Td] [5d]
b52c6fa: bets $0.38
5e1519a7: calls $0.38
*** RIVER *** [6c 3c Td 5d] [Js]
b52c6fa: checks
5e1519a7: checks
b52c6fa: shows [Ks Ts] (Pair of Tens)
5e1519a7: shows [Tc Kd] (Pair of Tens)
*** SHOWDOWN ***
b52c6fa collected $0.71 from pot
5e1519a7 collected $0.7 from pot
*** SUMMARY ***
Total pot $1.52 | Rake $0.06 | Jackpot $0.05 | Bingo $0 | Fortune $0
Board [6c 3c Td 5d Js]
Seat 1: 71a61f7f (big blind) folded before Flop
Seat 2: 5e1519a7 showed [Tc Kd] and won ($0.7) with Pair of Tens
Seat 4: Hero folded before Flop (didn't bet)
Seat 5: 6ba90711 (button) folded on the Flop
Seat 6: b52c6fa (small blind) showed [Ks Ts] and won ($0.71) with Pair of Tens


Poker Hand #HD1197888616: Hold'em No Limit  ($0.02/$0.05) - 2023/04/10 21:42:32
Table 'NLHBlue94' 6-max Seat #4 is the button
Seat 2: 5e1519a7 ($2.85 in chips)
Seat 4: Hero ($5.43 in chips)
Seat 5: 6ba90711 ($6.66 in chips)
Seat 6: b52c6fa ($7.53 in chips)
6ba90711: posts small blind $0.02
b52c6fa: posts big blind $0.05
*** HOLE CARDS ***
Dealt to 5e1519a7 
Dealt to Hero [7c Jd]
Dealt to 6ba90711 
Dealt to b52c6fa 
5e1519a7: folds
Hero: folds
6ba90711: raises $0.15 to $0.2
b52c6fa: folds
Uncalled bet ($0.15) returned to 6ba90711
*** SHOWDOWN ***
6ba90711 collected $0.1 from pot
*** SUMMARY ***
Total pot $0.1 | Rake $0 | Jackpot $0 | Bingo $0 | Fortune $0
Seat 2: 5e1519a7 folded before Flop (didn't bet)
Seat 4: Hero (button) folded before Flop (didn't bet)
Seat 5: 6ba90711 (small blind) collected ($0.1)
Seat 6: b52c6fa (big blind) folded before Flop


Poker Hand #HD1197888589: Hold'em No Limit  ($0.02/$0.05) - 2023/04/10 21:42:15
Table 'NLHBlue94' 6-max Seat #2 is the button
Seat 2: 5e1519a7 ($2.85 in chips)
Seat 4: Hero ($5.38 in chips)
Seat 5: 6ba90711 ($6.71 in chips)
Seat 6: b52c6fa ($7.53 in chips)
Hero: posts small blind $0.02
6ba90711: posts big blind $0.05
*** HOLE CARDS ***
Dealt to 5e1519a7 
Dealt to Hero [5h 5s]
Dealt to 6ba90711 
Dealt to b52c6fa 
b52c6fa: folds
5e1519a7: folds
Hero: raises $0.09 to $0.14
6ba90711: folds
Uncalled bet ($0.09) returned to Hero
*** SHOWDOWN ***
Hero collected $0.1 from pot
*** SUMMARY ***
Total pot $0.1 | Rake $0 | Jackpot $0 | Bingo $0 | Fortune $0
Seat 2: 5e1519a7 (button) folded before Flop (didn't bet)
Seat 4: Hero (small blind) collected ($0.1)
Seat 5: 6ba90711 (big blind) folded before Flop
Seat 6: b52c6fa folded before Flop (didn't bet)


Poker Hand #HD1197888476: Hold'em No Limit  ($0.02/$0.05) - 2023/04/10 21:41:14
Table 'NLHBlue94' 6-max Seat #6 is the button
Seat 2: 5e1519a7 ($3.45 in chips)
Seat 4: Hero ($5.43 in chips)
Seat 5: 6ba90711 ($6.12 in chips)
Seat 6: b52c6fa ($7.53 in chips)
5e1519a7: posts small blind $0.02
Hero: posts big blind $0.05
*** HOLE CARDS ***
Dealt to 5e1519a7 
Dealt to Hero [7d 5d]
Dealt to 6ba90711 
Dealt to b52c6fa 
6ba90711: raises $0.1 to $0.15
b52c6fa: folds
5e1519a7: raises $0.2 to $0.35
Hero: folds
6ba90711: calls $0.2
*** FLOP *** [9c Kd 9s]
5e1519a7: checks
6ba90711: bets $0.25
5e1519a7: calls $0.25
*** TURN *** [9c Kd 9s] [4d]
5e1519a7: checks
6ba90711: bets $0.75
5e1519a7: folds
Uncalled bet ($0.75) returned to 6ba90711
*** SHOWDOWN ***
6ba90711 collected $1.19 from pot
*** SUMMARY ***
Total pot $1.25 | Rake $0.06 | Jackpot $0 | Bingo $0 | Fortune $0
Board [9c Kd 9s 4d]
Seat 2: 5e1519a7 (small blind) folded on the Turn
Seat 4: Hero (big blind) folded before Flop
Seat 5: 6ba90711 won ($1.19)
Seat 6: b52c6fa (button) folded before Flop (didn't bet)


Poker Hand #HD1197888461: Hold'em No Limit  ($0.02/$0.05) - 2023/04/10 21:41:04
Table 'NLHBlue94' 6-max Seat #5 is the button
Seat 2: 5e1519a7 ($3.43 in chips)
Seat 4: Hero ($5.43 in chips)
Seat 5: 6ba90711 ($6.12 in chips)
Seat 6: b52c6fa ($7.55 in chips)
b52c6fa: posts small blind $0.02
5e1519a7: posts big blind $0.05
*** HOLE CARDS ***
Dealt to 5e1519a7 
Dealt to Hero [4c 5h]
Dealt to 6ba90711 
Dealt to b52c6fa 
Hero: folds
6ba90711: folds
b52c6fa: folds
Uncalled bet ($0.03) returned to 5e1519a7
*** SHOWDOWN ***
5e1519a7 collected $0.04 from pot
*** SUMMARY ***
Total pot $0.04 | Rake $0 | Jackpot $0 | Bingo $0 | Fortune $0
Seat 2: 5e1519a7 (big blind) collected ($0.04)
Seat 4: Hero folded before Flop (didn't bet)
Seat 5: 6ba90711 (button) folded before Flop (didn't bet)
Seat 6: b52c6fa (small blind) folded before Flop


Poker Hand #HD1197888426: Hold'em No Limit  ($0.02/$0.05) - 2023/04/10 21:40:44
Table 'NLHBlue94' 6-max Seat #4 is the button
Seat 2: 5e1519a7 ($3.43 in chips)
Seat 4: Hero ($5.36 in chips)
Seat 5: 6ba90711 ($6.14 in chips)
Seat 6: b52c6fa ($7.6 in chips)
6ba90711: posts small blind $0.02
b52c6fa: posts big blind $0.05
*** HOLE CARDS ***
Dealt to 5e1519a7 
Dealt to Hero [Qh 2h]
Dealt to 6ba90711 
Dealt to b52c6fa 
5e1519a7: folds
Hero: raises $0.07 to $0.12
6ba90711: folds
b52c6fa: folds
Uncalled bet ($0.07) returned to Hero
*** SHOWDOWN ***
Hero collected $0.12 from pot
*** SUMMARY ***
Total pot $0.12 | Rake $0 | Jackpot $0 | Bingo $0 | Fortune $0
Seat 2: 5e1519a7 folded before Flop (didn't bet)
Seat 4: Hero (button) collected ($0.12)
Seat 5: 6ba90711 (small blind) folded before Flop
Seat 6: b52c6fa (big blind) folded before Flop


Poker Hand #HD1197888386: Hold'em No Limit  ($0.02/$0.05) - 2023/04/10 21:40:22
Table 'NLHBlue94' 6-max Seat #2 is the button
Seat 2: 5e1519a7 ($3.43 in chips)
Seat 4: Hero ($5.31 in chips)
Seat 5: 6ba90711 ($6.19 in chips)
Seat 6: b52c6fa ($7.6 in chips)
Hero: posts small blind $0.02
6ba90711: posts big blind $0.05
*** HOLE CARDS ***
Dealt to 5e1519a7 
Dealt to Hero [Js Ah]
Dealt to 6ba90711 
Dealt to b52c6fa 
b52c6fa: folds
5e1519a7: folds
Hero: raises $0.09 to $0.14
6ba90711: folds
Uncalled bet ($0.09) returned to Hero
*** SHOWDOWN ***
Hero collected $0.1 from pot
*** SUMMARY ***
Total pot $0.1 | Rake $0 | Jackpot $0 | Bingo $0 | Fortune $0
Seat 2: 5e1519a7 (button) folded before Flop (didn't bet)
Seat 4: Hero (small blind) collected ($0.1)
Seat 5: 6ba90711 (big blind) folded before Flop
Seat 6: b52c6fa folded before Flop (didn't bet)


Poker Hand #HD1197888361: Hold'em No Limit  ($0.02/$0.05) - 2023/04/10 21:40:05
Table 'NLHBlue94' 6-max Seat #6 is the button
Seat 2: 5e1519a7 ($3.45 in chips)
Seat 4: Hero ($5.29 in chips)
Seat 5: 6ba90711 ($6.19 in chips)
Seat 6: b52c6fa ($7.6 in chips)
5e1519a7: posts small blind $0.02
Hero: posts big blind $0.05
*** HOLE CARDS ***
Dealt to 5e1519a7 
Dealt to Hero [7d 3d]
Dealt to 6ba90711 
Dealt to b52c6fa 
6ba90711: folds
b52c6fa: folds
5e1519a7: folds
Uncalled bet ($0.03) returned to Hero
*** SHOWDOWN ***
Hero collected $0.04 from pot
*** SUMMARY ***
Total pot $0.04 | Rake $0 | Jackpot $0 | Bingo $0 | Fortune $0
Seat 2: 5e1519a7 (small blind) folded before Flop
Seat 4: Hero (big blind) collected ($0.04)
Seat 5: 6ba90711 folded before Flop (didn't bet)
Seat 6: b52c6fa (button) folded before Flop (didn't bet)


Poker Hand #HD1197888335: Hold'em No Limit  ($0.02/$0.05) - 2023/04/10 21:39:47
Table 'NLHBlue94' 6-max Seat #5 is the button
Seat 2: 5e1519a7 ($3.5 in chips)
Seat 4: Hero ($5.29 in chips)
Seat 5: 6ba90711 ($6.12 in chips)
Seat 6: b52c6fa ($7.62 in chips)
b52c6fa: posts small blind $0.02
5e1519a7: posts big blind $0.05
*** HOLE CARDS ***
Dealt to 5e1519a7 
Dealt to Hero [7h Ad]
Dealt to 6ba90711 
Dealt to b52c6fa 
Hero: folds
6ba90711: raises $0.1 to $0.15
b52c6fa: folds
5e1519a7: folds
Uncalled bet ($0.1) returned to 6ba90711
*** SHOWDOWN ***
6ba90711 collected $0.12 from pot
*** SUMMARY ***
Total pot $0.12 | Rake $0 | Jackpot $0 | Bingo $0 | Fortune $0
Seat 2: 5e1519a7 (big blind) folded before Flop
Seat 4: Hero folded before Flop (didn't bet)
Seat 5: 6ba90711 (button) collected ($0.12)
Seat 6: b52c6fa (small blind) folded before Flop


Poker Hand #HD1197888314: Hold'em No Limit  ($0.02/$0.05) - 2023/04/10 21:39:32
Table 'NLHBlue94' 6-max Seat #4 is the button
Seat 2: 5e1519a7 ($3.5 in chips)
Seat 4: Hero ($5.22 in chips)
Seat 5: 6ba90711 ($6.14 in chips)
Seat 6: b52c6fa ($7.67 in chips)
6ba90711: posts small blind $0.02
b52c6fa: posts big blind $0.05
*** HOLE CARDS ***
Dealt to 5e1519a7 
Dealt to Hero [6s Ts]
Dealt to 6ba90711 
Dealt to b52c6fa 
5e1519a7: folds
Hero: raises $0.07 to $0.12
6ba90711: folds
b52c6fa: folds
Uncalled bet ($0.07) returned to Hero
*** SHOWDOWN ***
Hero collected $0.12 from pot
*** SUMMARY ***
Total pot $0.12 | Rake $0 | Jackpot $0 | Bingo $0 | Fortune $0
Seat 2: 5e1519a7 folded before Flop (didn't bet)
Seat 4: Hero (button) collected ($0.12)
Seat 5: 6ba90711 (small blind) folded before Flop
Seat 6: b52c6fa (big blind) folded before Flop


Poker Hand #HD1197888289: Hold'em No Limit  ($0.02/$0.05) - 2023/04/10 21:39:18
Table 'NLHBlue94' 6-max Seat #2 is the button
Seat 2: 5e1519a7 ($3.5 in chips)
Seat 4: Hero ($5.17 in chips)
Seat 5: 6ba90711 ($6.19 in chips)
Seat 6: b52c6fa ($7.67 in chips)
Hero: posts small blind $0.02
6ba90711: posts big blind $0.05
*** HOLE CARDS ***
Dealt to 5e1519a7 
Dealt to Hero [2d As]
Dealt to 6ba90711 
Dealt to b52c6fa 
b52c6fa: folds
5e1519a7: folds
Hero: raises $0.09 to $0.14
6ba90711: folds
Uncalled bet ($0.09) returned to Hero
*** SHOWDOWN ***
Hero collected $0.1 from pot
*** SUMMARY ***
Total pot $0.1 | Rake $0 | Jackpot $0 | Bingo $0 | Fortune $0
Seat 2: 5e1519a7 (button) folded before Flop (didn't bet)
Seat 4: Hero (small blind) collected ($0.1)
Seat 5: 6ba90711 (big blind) folded before Flop
Seat 6: b52c6fa folded before Flop (didn't bet)


Poker Hand #HD1197888231: Hold'em No Limit  ($0.02/$0.05) - 2023/04/10 21:38:43
Table 'NLHBlue94' 6-max Seat #6 is the button
Seat 1: 71a61f7f ($5 in chips)
Seat 2: 5e1519a7 ($3.55 in chips)
Seat 4: Hero ($5.17 in chips)
Seat 5: 6ba90711 ($6.34 in chips)
Seat 6: b52c6fa ($7.67 in chips)
71a61f7f: posts small blind $0.02
5e1519a7: posts big blind $0.05
*** HOLE CARDS ***
Dealt to 71a61f7f 
Dealt to 5e1519a7 
Dealt to Hero [4d 5c]
Dealt to 6ba90711 
Dealt to b52c6fa 
Hero: folds
6ba90711: raises $0.1 to $0.15
b52c6fa: folds
71a61f7f: raises $0.51 to $0.66
5e1519a7: folds
6ba90711: folds
Uncalled bet ($0.51) returned to 71a61f7f
*** SHOWDOWN ***
71a61f7f collected $0.34 from pot
*** SUMMARY ***
Total pot $0.35 | Rake $0.01 | Jackpot $0 | Bingo $0 | Fortune $0
Seat 1: 71a61f7f (small blind) collected ($0.34)
Seat 2: 5e1519a7 (big blind) folded before Flop
Seat 4: Hero folded before Flop (didn't bet)
Seat 5: 6ba90711 folded before Flop
Seat 6: b52c6fa (button) folded before Flop (didn't bet)


Poker Hand #HD1197888199: Hold'em No Limit  ($0.02/$0.05) - 2023/04/10 21:38:23
Table 'NLHBlue94' 6-max Seat #5 is the button
Seat 1: 71a61f7f ($5.08 in chips)
Seat 2: 5e1519a7 ($3.55 in chips)
Seat 4: Hero ($5.17 in chips)
Seat 5: 6ba90711 ($6.18 in chips)
Seat 6: b52c6fa ($7.69 in chips)
b52c6fa: posts small blind $0.02
71a61f7f: posts big blind $0.05
*** HOLE CARDS ***
Dealt to 71a61f7f 
Dealt to 5e1519a7 
Dealt to Hero [2h 9s]
Dealt to 6ba90711 
Dealt to b52c6fa 
5e1519a7: folds
Hero: folds
6ba90711: raises $0.1 to $0.15
b52c6fa: folds
71a61f7f: calls $0.1
*** FLOP *** [Ah 4h Td]
71a61f7f: checks
6ba90711: bets $0.11
71a61f7f: folds
Uncalled bet ($0.11) returned to 6ba90711
*** SHOWDOWN ***
6ba90711 collected $0.31 from pot
*** SUMMARY ***
Total pot $0.32 | Rake $0.01 | Jackpot $0 | Bingo $0 | Fortune $0
Board [Ah 4h Td]
Seat 1: 71a61f7f (big blind) folded on the Flop
Seat 2: 5e1519a7 folded before Flop (didn't bet)
Seat 4: Hero folded before Flop (didn't bet)
Seat 5: 6ba90711 (button) won ($0.31)
Seat 6: b52c6fa (small blind) folded before Flop


Poker Hand #HD1197888180: Hold'em No Limit  ($0.02/$0.05) - 2023/04/10 21:38:12
Table 'NLHBlue94' 6-max Seat #4 is the button
Seat 1: 71a61f7f ($5.08 in chips)
Seat 2: 5e1519a7 ($3.55 in chips)
Seat 4: Hero ($5.17 in chips)
Seat 5: 6ba90711 ($6.2 in chips)
Seat 6: b52c6fa ($7.67 in chips)
6ba90711: posts small blind $0.02
b52c6fa: posts big blind $0.05
*** HOLE CARDS ***
Dealt to 71a61f7f 
Dealt to 5e1519a7 
Dealt to Hero [4d 3c]
Dealt to 6ba90711 
Dealt to b52c6fa 
71a61f7f: folds
5e1519a7: folds
Hero: folds
6ba90711: folds
Uncalled bet ($0.03) returned to b52c6fa
*** SHOWDOWN ***
b52c6fa collected $0.04 from pot
*** SUMMARY ***
Total pot $0.04 | Rake $0 | Jackpot $0 | Bingo $0 | Fortune $0
Seat 1: 71a61f7f folded before Flop (didn't bet)
Seat 2: 5e1519a7 folded before Flop (didn't bet)
Seat 4: Hero (button) folded before Flop (didn't bet)
Seat 5: 6ba90711 (small blind) folded before Flop
Seat 6: b52c6fa (big blind) collected ($0.04)


Poker Hand #HD1197888137: Hold'em No Limit  ($0.02/$0.05) - 2023/04/10 21:37:43
Table 'NLHBlue94' 6-max Seat #2 is the button
Seat 1: 71a61f7f ($5.21 in chips)
Seat 2: 5e1519a7 ($3.55 in chips)
Seat 4: Hero ($5 in chips)
Seat 5: 6ba90711 ($6.25 in chips)
Seat 6: b52c6fa ($7.67 in chips)
Hero: posts small blind $0.02
6ba90711: posts big blind $0.05
*** HOLE CARDS ***
Dealt to 71a61f7f 
Dealt to 5e1519a7 
Dealt to Hero [Qd Qs]
Dealt to 6ba90711 
Dealt to b52c6fa 
b52c6fa: folds
71a61f7f: raises $0.08 to $0.13
5e1519a7: folds
Hero: raises $0.47 to $0.6
6ba90711: folds
71a61f7f: folds
Uncalled bet ($0.47) returned to Hero
*** SHOWDOWN ***
Hero collected $0.3 from pot
*** SUMMARY ***
Total pot $0.31 | Rake $0.01 | Jackpot $0 | Bingo $0 | Fortune $0
Seat 1: 71a61f7f folded before Flop
Seat 2: 5e1519a7 (button) folded before Flop (didn't bet)
Seat 4: Hero (small blind) collected ($0.3)
Seat 5: 6ba90711 (big blind) folded before Flop
Seat 6: b52c6fa folded before Flop (didn't bet)


Poker Hand #HD1197888090: Hold'em No Limit  ($0.02/$0.05) - 2023/04/10 21:37:15
Table 'NLHBlue94' 6-max Seat #1 is the button
Seat 1: 71a61f7f ($5 in chips)
Seat 2: 5e1519a7 ($3.57 in chips)
Seat 4: Hero ($5 in chips)
Seat 5: 6ba90711 ($6.4 in chips)
Seat 6: b52c6fa ($7.67 in chips)
5e1519a7: posts small blind $0.02
Hero: posts big blind $0.05
*** HOLE CARDS ***
Dealt to 71a61f7f 
Dealt to 5e1519a7 
Dealt to Hero [Jh 8s]
Dealt to 6ba90711 
Dealt to b52c6fa 
6ba90711: raises $0.1 to $0.15
b52c6fa: folds
71a61f7f: raises $0.3 to $0.45
5e1519a7: folds
Hero: folds
6ba90711: folds
Uncalled bet ($0.3) returned to 71a61f7f
*** SHOWDOWN ***
71a61f7f collected $0.36 from pot
*** SUMMARY ***
Total pot $0.37 | Rake $0.01 | Jackpot $0 | Bingo $0 | Fortune $0
Seat 1: 71a61f7f (button) collected ($0.36)
Seat 2: 5e1519a7 (small blind) folded before Flop
Seat 4: Hero (big blind) folded before Flop
Seat 5: 6ba90711 folded before Flop
Seat 6: b52c6fa folded before Flop (didn't bet)


Poker Hand #HD1197888073: Hold'em No Limit  ($0.02/$0.05) - 2023/04/10 21:37:02
Table 'NLHBlue94' 6-max Seat #6 is the button
Seat 1: 71a61f7f ($5.02 in chips)
Seat 2: 5e1519a7 ($3.55 in chips)
Seat 3: b637024d ($5.31 in chips)
Seat 4: Hero ($5 in chips)
Seat 5: 6ba90711 ($6.4 in chips)
Seat 6: b52c6fa ($7.67 in chips)
71a61f7f: posts small blind $0.02
5e1519a7: posts big blind $0.05
*** HOLE CARDS ***
Dealt to 71a61f7f 
Dealt to 5e1519a7 
Dealt to b637024d 
Dealt to Hero [7c 5c]
Dealt to 6ba90711 
Dealt to b52c6fa 
b637024d: folds
Hero: folds
6ba90711: folds
b52c6fa: folds
71a61f7f: folds
Uncalled bet ($0.03) returned to 5e1519a7
*** SHOWDOWN ***
5e1519a7 collected $0.04 from pot
*** SUMMARY ***
Total pot $0.04 | Rake $0 | Jackpot $0 | Bingo $0 | Fortune $0
Seat 1: 71a61f7f (small blind) folded before Flop
Seat 2: 5e1519a7 (big blind) collected ($0.04)
Seat 3: b637024d folded before Flop (didn't bet)
Seat 4: Hero folded before Flop (didn't bet)
Seat 5: 6ba90711 folded before Flop (didn't bet)
Seat 6: b52c6fa (button) folded before Flop (didn't bet)


Poker Hand #HD1197888046: Hold'em No Limit  ($0.02/$0.05) - 2023/04/10 21:36:51
Table 'NLHBlue94' 6-max Seat #5 is the button
Seat 1: 71a61f7f ($5 in chips)
Seat 2: 5e1519a7 ($3.55 in chips)
Seat 3: b637024d ($5.31 in chips)
Seat 4: Hero ($5 in chips)
Seat 5: 6ba90711 ($6.4 in chips)
Seat 6: b52c6fa ($7.69 in chips)
b52c6fa: posts small blind $0.02
71a61f7f: posts big blind $0.05
*** HOLE CARDS ***
Dealt to 71a61f7f 
Dealt to 5e1519a7 
Dealt to b637024d 
Dealt to Hero [Qs 3h]
Dealt to 6ba90711 
Dealt to b52c6fa 
5e1519a7: folds
b637024d: folds
Hero: folds
6ba90711: folds
b52c6fa: folds
Uncalled bet ($0.03) returned to 71a61f7f
*** SHOWDOWN ***
71a61f7f collected $0.04 from pot
*** SUMMARY ***
Total pot $0.04 | Rake $0 | Jackpot $0 | Bingo $0 | Fortune $0
Seat 1: 71a61f7f (big blind) collected ($0.04)
Seat 2: 5e1519a7 folded before Flop (didn't bet)
Seat 3: b637024d folded before Flop (didn't bet)
Seat 4: Hero folded before Flop (didn't bet)
Seat 5: 6ba90711 (button) folded before Flop (didn't bet)
Seat 6: b52c6fa (small blind) folded before Flop


Poker Hand #HD1197888029: Hold'em No Limit  ($0.02/$0.05) - 2023/04/10 21:36:37
Table 'NLHBlue94' 6-max Seat #4 is the button
Seat 1: 71a61f7f ($5 in chips)
Seat 2: 5e1519a7 ($3.55 in chips)
Seat 3: b637024d ($5.31 in chips)
Seat 4: Hero ($5 in chips)
Seat 5: 6ba90711 ($6.35 in chips)
Seat 6: b52c6fa ($7.74 in chips)
6ba90711: posts small blind $0.02
b52c6fa: posts big blind $0.05
*** HOLE CARDS ***
Dealt to 71a61f7f 
Dealt to 5e1519a7 
Dealt to b637024d 
Dealt to Hero [3h Ks]
Dealt to 6ba90711 
Dealt to b52c6fa 
71a61f7f: folds
5e1519a7: folds
b637024d: folds
Hero: folds
6ba90711: raises $0.15 to $0.2
b52c6fa: folds
Uncalled bet ($0.15) returned to 6ba90711
*** SHOWDOWN ***
6ba90711 collected $0.1 from pot
*** SUMMARY ***
Total pot $0.1 | Rake $0 | Jackpot $0 | Bingo $0 | Fortune $0
Seat 1: 71a61f7f folded before Flop (didn't bet)
Seat 2: 5e1519a7 folded before Flop (didn't bet)
Seat 3: b637024d folded before Flop (didn't bet)
Seat 4: Hero (button) folded before Flop (didn't bet)
Seat 5: 6ba90711 (small blind) collected ($0.1)
Seat 6: b52c6fa (big blind) folded before Flop


Poker Hand #HD1197887919: Hold'em No Limit  ($0.02/$0.05) - 2023/04/10 21:35:28
Table 'NLHBlue94' 6-max Seat #3 is the button
Seat 1: 71a61f7f ($5.38 in chips)
Seat 2: 5e1519a7 ($3.55 in chips)
Seat 3: b637024d ($5.31 in chips)
Seat 4: Hero ($5 in chips)
Seat 5: 6ba90711 ($6.4 in chips)
Seat 6: b52c6fa ($7.01 in chips)
Hero: posts small blind $0.02
6ba90711: posts big blind $0.05
*** HOLE CARDS ***
Dealt to 71a61f7f 
Dealt to 5e1519a7 
Dealt to b637024d 
Dealt to Hero [Kc 6h]
Dealt to 6ba90711 
Dealt to b52c6fa 
b52c6fa: raises $0.1 to $0.15
71a61f7f: raises $0.3 to $0.45
5e1519a7: folds
b637024d: folds
Hero: folds
6ba90711: folds
b52c6fa: calls $0.3
*** FLOP *** [Js 3s 4c]
b52c6fa: checks
71a61f7f: checks
*** TURN *** [Js 3s 4c] [2s]
b52c6fa: bets $0.33
71a61f7f: calls $0.33
*** RIVER *** [Js 3s 4c 2s] [Ac]
b52c6fa: checks
71a61f7f: checks
b52c6fa: shows [Ad Td] (Pair of Aces)
71a61f7f: shows [9h 9c] (Pair of Nines)
*** SHOWDOWN ***
b52c6fa collected $1.51 from pot
*** SUMMARY ***
Total pot $1.63 | Rake $0.07 | Jackpot $0.05 | Bingo $0 | Fortune $0
Board [Js 3s 4c 2s Ac]
Seat 1: 71a61f7f showed [9h 9c] and lost with Pair of Nines
Seat 2: 5e1519a7 folded before Flop (didn't bet)
Seat 3: b637024d (button) folded before Flop (didn't bet)
Seat 4: Hero (small blind) folded before Flop
Seat 5: 6ba90711 (big blind) folded before Flop
Seat 6: b52c6fa showed [Ad Td] and won ($1.51) with Pair of Aces


Poker Hand #HD1197887894: Hold'em No Limit  ($0.02/$0.05) - 2023/04/10 21:35:12
Table 'NLHBlue94' 6-max Seat #2 is the button
Seat 1: 71a61f7f ($5.31 in chips)
Seat 2: 5e1519a7 ($3.55 in chips)
Seat 3: b637024d ($5.33 in chips)
Seat 4: Hero ($5 in chips)
Seat 5: 6ba90711 ($6.4 in chips)
Seat 6: b52c6fa ($7.01 in chips)
b637024d: posts small blind $0.02
Hero: posts big blind $0.05
*** HOLE CARDS ***
Dealt to 71a61f7f 
Dealt to 5e1519a7 
Dealt to b637024d 
Dealt to Hero [8c 2c]
Dealt to 6ba90711 
Dealt to b52c6fa 
6ba90711: folds
b52c6fa: folds
71a61f7f: raises $0.08 to $0.13
5e1519a7: folds
b637024d: folds
Hero: folds
Uncalled bet ($0.08) returned to 71a61f7f
*** SHOWDOWN ***
71a61f7f collected $0.12 from pot
*** SUMMARY ***
Total pot $0.12 | Rake $0 | Jackpot $0 | Bingo $0 | Fortune $0
Seat 1: 71a61f7f collected ($0.12)
Seat 2: 5e1519a7 (button) folded before Flop (didn't bet)
Seat 3: b637024d (small blind) folded before Flop
Seat 4: Hero (big blind) folded before Flop
Seat 5: 6ba90711 folded before Flop (didn't bet)
Seat 6: b52c6fa folded before Flop (didn't bet)


