Poker Hand #HD1217545729: Hold'em No Limit ($0.02/$0.05) - 2023/04/25 20:11:53
Table 'NLHBlue28' 6-max Seat #1 is the button
Seat 1: 8cd8f02b ($5.24 in chips)
Seat 2: 14965758 ($5.07 in chips)
Seat 3: 6aeff26f ($5 in chips)
Seat 4: Hero ($5 in chips)
Seat 5: b65b3ccb ($11.54 in chips)
Seat 6: b63f500e ($6.34 in chips)
14965758: posts small blind $0.02
6aeff26f: posts big blind $0.05
*** HOLE CARDS ***
Dealt to 8cd8f02b 
Dealt to 14965758 
Dealt to 6aeff26f 
Dealt to Hero [Kd 8d]
Dealt to b65b3ccb 
Dealt to b63f500e 
Hero: folds
b65b3ccb: folds
b63f500e: folds
8cd8f02b: folds
14965758: raises $0.1 to $0.15
6aeff26f: calls $0.1
*** FLOP *** [Js 7d Qs]
14965758: bets $0.15
6aeff26f: calls $0.15
*** TURN *** [Js 7d Qs] [Ts]
14965758: checks
6aeff26f: bets $0.25
14965758: folds
Uncalled bet ($0.25) returned to 6aeff26f
*** SHOWDOWN ***
6aeff26f collected $0.57 from pot
*** SUMMARY ***
Total pot $0.6 | Rake $0.03 | Jackpot $0 | Bingo $0 | Fortune $0 | Tax $0
Board [Js 7d Qs Ts]
Seat 1: 8cd8f02b (button) folded before Flop (didn't bet)
Seat 2: 14965758 (small blind) folded on the Turn
Seat 3: 6aeff26f (big blind) won ($0.57)
Seat 4: Hero folded before Flop (didn't bet)
Seat 5: b65b3ccb folded before Flop (didn't bet)
Seat 6: b63f500e folded before Flop (didn't bet)


Poker Hand #HD1217445569: Hold'em No Limit ($0.02/$0.05) - 2023/04/25 20:10:00
Table 'NLHBlue28' 6-max Seat #6 is the button
Seat 1: 8cd8f02b ($5.26 in chips)
Seat 2: 14965758 ($5.12 in chips)
Seat 3: 6aeff26f ($5 in chips)
Seat 4: Hero ($7.49 in chips)
Seat 5: b65b3ccb ($6.01 in chips)
Seat 6: b63f500e ($6.34 in chips)
8cd8f02b: posts small blind $0.02
14965758: posts big blind $0.05
*** HOLE CARDS ***
Dealt to 8cd8f02b 
Dealt to 14965758 
Dealt to 6aeff26f 
Dealt to Hero [Ad Ah]
Dealt to b65b3ccb 
Dealt to b63f500e 
6aeff26f: folds
Hero: raises $0.07 to $0.12
b65b3ccb: raises $0.24 to $0.36
b63f500e: folds
8cd8f02b: folds
14965758: folds
Hero: raises $0.66 to $1.02
b65b3ccb: calls $0.66
*** FLOP *** [Jd 8s 8c]
Hero: bets $0.76
b65b3ccb: raises $1.2 to $1.96
Hero: raises $4.51 to $6.47 and is all-in
b65b3ccb: calls $3.03 and is all-in
Uncalled bet ($1.48) returned to Hero
Hero: shows [Ad Ah] (Pair of Aces and Pair of Eights)
b65b3ccb: shows [Js Jc] (Jacks Full over Eights)
*** TURN *** [Jd 8s 8c] [6c]
*** RIVER *** [Jd 8s 8c 6c] [8h]
*** SHOWDOWN ***
b65b3ccb collected $11.54 from pot
*** SUMMARY ***
Total pot $12.09 | Rake $0.5 | Jackpot $0.05 | Bingo $0 | Fortune $0 | Tax $0
Board [Jd 8s 8c 6c 8h]
Seat 1: 8cd8f02b (small blind) folded before Flop
Seat 2: 14965758 (big blind) folded before Flop
Seat 3: 6aeff26f folded before Flop (didn't bet)
Seat 4: Hero showed [Ad Ah] and lost with Eights Full over Aces
Seat 5: b65b3ccb showed [Js Jc] and won ($11.54) with Jacks Full over Eights
Seat 6: b63f500e (button) folded before Flop (didn't bet)


Poker Hand #HD1217445531: Hold'em No Limit ($0.02/$0.05) - 2023/04/25 20:09:38
Table 'NLHBlue28' 6-max Seat #5 is the button
Seat 1: 8cd8f02b ($5.24 in chips)
Seat 2: 14965758 ($5.12 in chips)
Seat 3: 6aeff26f ($5 in chips)
Seat 4: Hero ($7.49 in chips)
Seat 5: b65b3ccb ($6.01 in chips)
Seat 6: b63f500e ($6.36 in chips)
b63f500e: posts small blind $0.02
8cd8f02b: posts big blind $0.05
*** HOLE CARDS ***
Dealt to 8cd8f02b 
Dealt to 14965758 
Dealt to 6aeff26f 
Dealt to Hero [4s Kh]
Dealt to b65b3ccb 
Dealt to b63f500e 
14965758: folds
6aeff26f: folds
Hero: folds
b65b3ccb: folds
b63f500e: folds
Uncalled bet ($0.03) returned to 8cd8f02b
*** SHOWDOWN ***
8cd8f02b collected $0.04 from pot
*** SUMMARY ***
Total pot $0.04 | Rake $0 | Jackpot $0 | Bingo $0 | Fortune $0 | Tax $0
Seat 1: 8cd8f02b (big blind) collected ($0.04)
Seat 2: 14965758 folded before Flop (didn't bet)
Seat 3: 6aeff26f folded before Flop (didn't bet)
Seat 4: Hero folded before Flop (didn't bet)
Seat 5: b65b3ccb (button) folded before Flop (didn't bet)
Seat 6: b63f500e (small blind) folded before Flop


Poker Hand #HD1217445366: Hold'em No Limit ($0.02/$0.05) - 2023/04/25 20:07:51
Table 'NLHBlue28' 6-max Seat #4 is the button
Seat 1: 8cd8f02b ($5.24 in chips)
Seat 2: 14965758 ($5.12 in chips)
Seat 3: 6aeff26f ($5 in chips)
Seat 4: Hero ($7.61 in chips)
Seat 5: b65b3ccb ($5 in chips)
Seat 6: b63f500e ($7.4 in chips)
b65b3ccb: posts small blind $0.02
b63f500e: posts big blind $0.05
*** HOLE CARDS ***
Dealt to 8cd8f02b 
Dealt to 14965758 
Dealt to 6aeff26f 
Dealt to Hero [Js 9h]
Dealt to b65b3ccb 
Dealt to b63f500e 
8cd8f02b: folds
14965758: folds
6aeff26f: folds
Hero: raises $0.07 to $0.12
b65b3ccb: raises $0.4 to $0.52
b63f500e: calls $0.47
Hero: folds
*** FLOP *** [Kd 4c 3h]
b65b3ccb: bets $0.52
b63f500e: calls $0.52
*** TURN *** [Kd 4c 3h] [6s]
b65b3ccb: bets $0.97
b63f500e: folds
Uncalled bet ($0.97) returned to b65b3ccb
*** SHOWDOWN ***
b65b3ccb collected $2.05 from pot
*** SUMMARY ***
Total pot $2.2 | Rake $0.1 | Jackpot $0.05 | Bingo $0 | Fortune $0 | Tax $0
Board [Kd 4c 3h 6s]
Seat 1: 8cd8f02b folded before Flop (didn't bet)
Seat 2: 14965758 folded before Flop (didn't bet)
Seat 3: 6aeff26f folded before Flop (didn't bet)
Seat 4: Hero (button) folded before Flop
Seat 5: b65b3ccb (small blind) won ($2.05)
Seat 6: b63f500e (big blind) folded on the Turn


Poker Hand #HD1217445306: Hold'em No Limit ($0.02/$0.05) - 2023/04/25 20:07:18
Table 'NLHBlue28' 6-max Seat #3 is the button
Seat 1: 8cd8f02b ($5.17 in chips)
Seat 2: 14965758 ($5.12 in chips)
Seat 3: 6aeff26f ($5 in chips)
Seat 4: Hero ($7.63 in chips)
Seat 5: b65b3ccb ($5 in chips)
Seat 6: b63f500e ($7.4 in chips)
Hero: posts small blind $0.02
b65b3ccb: posts big blind $0.05
*** HOLE CARDS ***
Dealt to 8cd8f02b 
Dealt to 14965758 
Dealt to 6aeff26f 
Dealt to Hero [2c 2h]
Dealt to b65b3ccb 
Dealt to b63f500e 
b63f500e: folds
8cd8f02b: raises $0.08 to $0.13
14965758: folds
6aeff26f: folds
Hero: folds
b65b3ccb: folds
Uncalled bet ($0.08) returned to 8cd8f02b
*** SHOWDOWN ***
8cd8f02b collected $0.12 from pot
*** SUMMARY ***
Total pot $0.12 | Rake $0 | Jackpot $0 | Bingo $0 | Fortune $0 | Tax $0
Seat 1: 8cd8f02b collected ($0.12)
Seat 2: 14965758 folded before Flop (didn't bet)
Seat 3: 6aeff26f (button) folded before Flop (didn't bet)
Seat 4: Hero (small blind) folded before Flop
Seat 5: b65b3ccb (big blind) folded before Flop
Seat 6: b63f500e folded before Flop (didn't bet)


Poker Hand #HD1217445237: Hold'em No Limit ($0.02/$0.05) - 2023/04/25 20:06:32
Table 'NLHBlue28' 6-max Seat #2 is the button
Seat 1: 8cd8f02b ($5 in chips)
Seat 2: 14965758 ($5.12 in chips)
Seat 3: 6aeff26f ($5.02 in chips)
Seat 4: Hero ($7.68 in chips)
Seat 6: b63f500e ($7.4 in chips)
6aeff26f: posts small blind $0.02
Hero: posts big blind $0.05
*** HOLE CARDS ***
Dealt to 8cd8f02b 
Dealt to 14965758 
Dealt to 6aeff26f 
Dealt to Hero [3c 8h]
Dealt to b63f500e 
b63f500e: folds
8cd8f02b: raises $0.08 to $0.13
14965758: folds
6aeff26f: calls $0.11
Hero: folds
*** FLOP *** [Td 7h 5d]
6aeff26f: checks
8cd8f02b: bets $0.21
6aeff26f: folds
Uncalled bet ($0.21) returned to 8cd8f02b
*** SHOWDOWN ***
8cd8f02b collected $0.3 from pot
*** SUMMARY ***
Total pot $0.31 | Rake $0.01 | Jackpot $0 | Bingo $0 | Fortune $0 | Tax $0
Board [Td 7h 5d]
Seat 1: 8cd8f02b won ($0.3)
Seat 2: 14965758 (button) folded before Flop (didn't bet)
Seat 3: 6aeff26f (small blind) folded on the Flop
Seat 4: Hero (big blind) folded before Flop
Seat 6: b63f500e folded before Flop (didn't bet)


Poker Hand #HD1217445210: Hold'em No Limit ($0.02/$0.05) - 2023/04/25 20:06:15
Table 'NLHBlue28' 6-max Seat #1 is the button
Seat 1: 8cd8f02b ($5 in chips)
Seat 2: 14965758 ($5.14 in chips)
Seat 3: 6aeff26f ($5 in chips)
Seat 4: Hero ($7.68 in chips)
Seat 6: b63f500e ($7.4 in chips)
14965758: posts small blind $0.02
6aeff26f: posts big blind $0.05
*** HOLE CARDS ***
Dealt to 8cd8f02b 
Dealt to 14965758 
Dealt to 6aeff26f 
Dealt to Hero [5h Ts]
Dealt to b63f500e 
Hero: folds
b63f500e: folds
8cd8f02b: folds
14965758: folds
Uncalled bet ($0.03) returned to 6aeff26f
*** SHOWDOWN ***
6aeff26f collected $0.04 from pot
*** SUMMARY ***
Total pot $0.04 | Rake $0 | Jackpot $0 | Bingo $0 | Fortune $0 | Tax $0
Seat 1: 8cd8f02b (button) folded before Flop (didn't bet)
Seat 2: 14965758 (small blind) folded before Flop
Seat 3: 6aeff26f (big blind) collected ($0.04)
Seat 4: Hero folded before Flop (didn't bet)
Seat 6: b63f500e folded before Flop (didn't bet)


Poker Hand #HD1217445142: Hold'em No Limit ($0.02/$0.05) - 2023/04/25 20:05:32
Table 'NLHBlue28' 6-max Seat #6 is the button
Seat 1: 8cd8f02b ($5 in chips)
Seat 2: 14965758 ($5 in chips)
Seat 3: 6aeff26f ($5 in chips)
Seat 4: Hero ($7.68 in chips)
Seat 6: b63f500e ($7.53 in chips)
8cd8f02b: posts small blind $0.02
14965758: posts big blind $0.05
*** HOLE CARDS ***
Dealt to 8cd8f02b 
Dealt to 14965758 
Dealt to 6aeff26f 
Dealt to Hero [6s 8c]
Dealt to b63f500e 
6aeff26f: folds
Hero: folds
b63f500e: raises $0.08 to $0.13
8cd8f02b: folds
14965758: calls $0.08
*** FLOP *** [8s Th 3s]
14965758: checks
b63f500e: checks
*** TURN *** [8s Th 3s] [2c]
14965758: bets $0.21
b63f500e: folds
Uncalled bet ($0.21) returned to 14965758
*** SHOWDOWN ***
14965758 collected $0.27 from pot
*** SUMMARY ***
Total pot $0.28 | Rake $0.01 | Jackpot $0 | Bingo $0 | Fortune $0 | Tax $0
Board [8s Th 3s 2c]
Seat 1: 8cd8f02b (small blind) folded before Flop
Seat 2: 14965758 (big blind) won ($0.27)
Seat 3: 6aeff26f folded before Flop (didn't bet)
Seat 4: Hero folded before Flop (didn't bet)
Seat 6: b63f500e (button) folded on the Turn


Poker Hand #HD1217445129: Hold'em No Limit ($0.02/$0.05) - 2023/04/25 20:05:20
Table 'NLHBlue28' 6-max Seat #4 is the button
Seat 1: 8cd8f02b ($5 in chips)
Seat 2: 14965758 ($5 in chips)
Seat 3: 6aeff26f ($5 in chips)
Seat 4: Hero ($7.61 in chips)
Seat 6: b63f500e ($7.55 in chips)
b63f500e: posts small blind $0.02
8cd8f02b: posts big blind $0.05
*** HOLE CARDS ***
Dealt to 8cd8f02b 
Dealt to 14965758 
Dealt to 6aeff26f 
Dealt to Hero [Th 8h]
Dealt to b63f500e 
14965758: folds
6aeff26f: folds
Hero: raises $0.07 to $0.12
b63f500e: folds
8cd8f02b: folds
Uncalled bet ($0.07) returned to Hero
*** SHOWDOWN ***
Hero collected $0.12 from pot
*** SUMMARY ***
Total pot $0.12 | Rake $0 | Jackpot $0 | Bingo $0 | Fortune $0 | Tax $0
Seat 1: 8cd8f02b (big blind) folded before Flop
Seat 2: 14965758 folded before Flop (didn't bet)
Seat 3: 6aeff26f folded before Flop (didn't bet)
Seat 4: Hero (button) collected ($0.12)
Seat 6: b63f500e (small blind) folded before Flop


Poker Hand #HD1217444991: Hold'em No Limit ($0.02/$0.05) - 2023/04/25 20:04:02
Table 'NLHBlue28' 6-max Seat #3 is the button
Seat 2: 14965758 ($5.07 in chips)
Seat 3: 6aeff26f ($5.25 in chips)
Seat 4: Hero ($7.63 in chips)
Seat 6: b63f500e ($6.37 in chips)
Hero: posts small blind $0.02
b63f500e: posts big blind $0.05
*** HOLE CARDS ***
Dealt to 14965758 
Dealt to 6aeff26f 
Dealt to Hero [3h 9c]
Dealt to b63f500e 
14965758: raises $0.1 to $0.15
6aeff26f: calls $0.15
Hero: folds
b63f500e: raises $0.5 to $0.65
14965758: calls $0.5
6aeff26f: calls $0.5
*** FLOP *** [Js 7c Ah]
b63f500e: bets $1.48
14965758: folds
6aeff26f: folds
Uncalled bet ($1.48) returned to b63f500e
*** SHOWDOWN ***
b63f500e collected $1.83 from pot
*** SUMMARY ***
Total pot $1.97 | Rake $0.09 | Jackpot $0.05 | Bingo $0 | Fortune $0 | Tax $0
Board [Js 7c Ah]
Seat 2: 14965758 folded on the Flop
Seat 3: 6aeff26f (button) folded on the Flop
Seat 4: Hero (small blind) folded before Flop
Seat 6: b63f500e (big blind) won ($1.83)


Poker Hand #HD1217444973: Hold'em No Limit ($0.02/$0.05) - 2023/04/25 20:03:51
Table 'NLHBlue28' 6-max Seat #2 is the button
Seat 2: 14965758 ($5 in chips)
Seat 3: 6aeff26f ($5.27 in chips)
Seat 4: Hero ($7.68 in chips)
Seat 5: 84e19343 ($8.01 in chips)
Seat 6: b63f500e ($6.37 in chips)
6aeff26f: posts small blind $0.02
Hero: posts big blind $0.05
*** HOLE CARDS ***
Dealt to 14965758 
Dealt to 6aeff26f 
Dealt to Hero [4d 9s]
Dealt to 84e19343 
Dealt to b63f500e 
84e19343: folds
b63f500e: folds
14965758: raises $0.05 to $0.1
6aeff26f: folds
Hero: folds
Uncalled bet ($0.05) returned to 14965758
*** SHOWDOWN ***
14965758 collected $0.12 from pot
*** SUMMARY ***
Total pot $0.12 | Rake $0 | Jackpot $0 | Bingo $0 | Fortune $0 | Tax $0
Seat 2: 14965758 (button) collected ($0.12)
Seat 3: 6aeff26f (small blind) folded before Flop
Seat 4: Hero (big blind) folded before Flop
Seat 5: 84e19343 folded before Flop (didn't bet)
Seat 6: b63f500e folded before Flop (didn't bet)


Poker Hand #HD1217444938: Hold'em No Limit ($0.02/$0.05) - 2023/04/25 20:03:36
Table 'NLHBlue28' 6-max Seat #1 is the button
Seat 1: f415d5c ($5.42 in chips)
Seat 2: 14965758 ($5.02 in chips)
Seat 3: 6aeff26f ($5.25 in chips)
Seat 4: Hero ($7.68 in chips)
Seat 5: 84e19343 ($8.01 in chips)
Seat 6: b63f500e ($6.37 in chips)
14965758: posts small blind $0.02
6aeff26f: posts big blind $0.05
*** HOLE CARDS ***
Dealt to f415d5c 
Dealt to 14965758 
Dealt to 6aeff26f 
Dealt to Hero [9s Js]
Dealt to 84e19343 
Dealt to b63f500e 
Hero: folds
84e19343: folds
b63f500e: folds
f415d5c: folds
14965758: folds
Uncalled bet ($0.03) returned to 6aeff26f
*** SHOWDOWN ***
6aeff26f collected $0.04 from pot
*** SUMMARY ***
Total pot $0.04 | Rake $0 | Jackpot $0 | Bingo $0 | Fortune $0 | Tax $0
Seat 1: f415d5c (button) folded before Flop (didn't bet)
Seat 2: 14965758 (small blind) folded before Flop
Seat 3: 6aeff26f (big blind) collected ($0.04)
Seat 4: Hero folded before Flop (didn't bet)
Seat 5: 84e19343 folded before Flop (didn't bet)
Seat 6: b63f500e folded before Flop (didn't bet)


Poker Hand #HD1217444870: Hold'em No Limit ($0.02/$0.05) - 2023/04/25 20:03:01
Table 'NLHBlue28' 6-max Seat #6 is the button
Seat 1: f415d5c ($5.44 in chips)
Seat 2: 14965758 ($5.14 in chips)
Seat 3: 6aeff26f ($5.25 in chips)
Seat 4: Hero ($7.55 in chips)
Seat 5: 84e19343 ($8.01 in chips)
Seat 6: b63f500e ($6.37 in chips)
f415d5c: posts small blind $0.02
14965758: posts big blind $0.05
*** HOLE CARDS ***
Dealt to f415d5c 
Dealt to 14965758 
Dealt to 6aeff26f 
Dealt to Hero [4c 4d]
Dealt to 84e19343 
Dealt to b63f500e 
6aeff26f: folds
Hero: raises $0.07 to $0.12
84e19343: folds
b63f500e: folds
f415d5c: folds
14965758: calls $0.07
*** FLOP *** [2h Ad 6h]
14965758: checks
Hero: bets $0.13
14965758: folds
Uncalled bet ($0.13) returned to Hero
*** SHOWDOWN ***
Hero collected $0.25 from pot
*** SUMMARY ***
Total pot $0.26 | Rake $0.01 | Jackpot $0 | Bingo $0 | Fortune $0 | Tax $0
Board [2h Ad 6h]
Seat 1: f415d5c (small blind) folded before Flop
Seat 2: 14965758 (big blind) folded on the Flop
Seat 3: 6aeff26f folded before Flop (didn't bet)
Seat 4: Hero won ($0.25)
Seat 5: 84e19343 folded before Flop (didn't bet)
Seat 6: b63f500e (button) folded before Flop (didn't bet)


Poker Hand #HD1217444856: Hold'em No Limit ($0.02/$0.05) - 2023/04/25 20:02:54
Table 'NLHBlue28' 6-max Seat #5 is the button
Seat 1: f415d5c ($5.42 in chips)
Seat 2: 14965758 ($5.14 in chips)
Seat 3: 6aeff26f ($5.25 in chips)
Seat 4: Hero ($7.55 in chips)
Seat 5: 84e19343 ($8.01 in chips)
Seat 6: b63f500e ($6.39 in chips)
b63f500e: posts small blind $0.02
f415d5c: posts big blind $0.05
*** HOLE CARDS ***
Dealt to f415d5c 
Dealt to 14965758 
Dealt to 6aeff26f 
Dealt to Hero [6s 7d]
Dealt to 84e19343 
Dealt to b63f500e 
14965758: folds
6aeff26f: folds
Hero: folds
84e19343: folds
b63f500e: folds
Uncalled bet ($0.03) returned to f415d5c
*** SHOWDOWN ***
f415d5c collected $0.04 from pot
*** SUMMARY ***
Total pot $0.04 | Rake $0 | Jackpot $0 | Bingo $0 | Fortune $0 | Tax $0
Seat 1: f415d5c (big blind) collected ($0.04)
Seat 2: 14965758 folded before Flop (didn't bet)
Seat 3: 6aeff26f folded before Flop (didn't bet)
Seat 4: Hero folded before Flop (didn't bet)
Seat 5: 84e19343 (button) folded before Flop (didn't bet)
Seat 6: b63f500e (small blind) folded before Flop


Poker Hand #HD1217444769: Hold'em No Limit ($0.02/$0.05) - 2023/04/25 20:02:03
Table 'NLHBlue28' 6-max Seat #4 is the button
Seat 1: f415d5c ($5.42 in chips)
Seat 2: 14965758 ($5.14 in chips)
Seat 3: 6aeff26f ($5.25 in chips)
Seat 4: Hero ($7.51 in chips)
Seat 5: 84e19343 ($8.13 in chips)
Seat 6: b63f500e ($6.35 in chips)
84e19343: posts small blind $0.02
b63f500e: posts big blind $0.05
*** HOLE CARDS ***
Dealt to f415d5c 
Dealt to 14965758 
Dealt to 6aeff26f 
Dealt to Hero [Ah 4s]
Dealt to 84e19343 
Dealt to b63f500e 
f415d5c: folds
14965758: folds
6aeff26f: folds
Hero: raises $0.07 to $0.12
84e19343: calls $0.1
b63f500e: calls $0.07
*** FLOP *** [Ac 9d 7h]
84e19343: checks
b63f500e: bets $0.27
Hero: calls $0.27
84e19343: folds
*** TURN *** [Ac 9d 7h] [Th]
b63f500e: checks
Hero: checks
*** RIVER *** [Ac 9d 7h Th] [Js]
b63f500e: checks
Hero: checks
b63f500e: shows [As 5h] (Pair of Aces)
Hero: shows [Ah 4s] (Pair of Aces)
*** SHOWDOWN ***
b63f500e collected $0.43 from pot
Hero collected $0.43 from pot
*** SUMMARY ***
Total pot $0.9 | Rake $0.04 | Jackpot $0 | Bingo $0 | Fortune $0 | Tax $0
Board [Ac 9d 7h Th Js]
Seat 1: f415d5c folded before Flop (didn't bet)
Seat 2: 14965758 folded before Flop (didn't bet)
Seat 3: 6aeff26f folded before Flop (didn't bet)
Seat 4: Hero (button) showed [Ah 4s] and won ($0.43) with Pair of Aces
Seat 5: 84e19343 (small blind) folded on the Flop
Seat 6: b63f500e (big blind) showed [As 5h] and won ($0.43) with Pair of Aces


Poker Hand #HD1217444663: Hold'em No Limit ($0.02/$0.05) - 2023/04/25 20:01:04
Table 'NLHBlue28' 6-max Seat #3 is the button
Seat 1: f415d5c ($5.42 in chips)
Seat 2: 14965758 ($5.14 in chips)
Seat 3: 6aeff26f ($5.53 in chips)
Seat 4: Hero ($7.53 in chips)
Seat 5: 84e19343 ($7.85 in chips)
Seat 6: b63f500e ($6.35 in chips)
Hero: posts small blind $0.02
84e19343: posts big blind $0.05
*** HOLE CARDS ***
Dealt to f415d5c 
Dealt to 14965758 
Dealt to 6aeff26f 
Dealt to Hero [4s Jd]
Dealt to 84e19343 
Dealt to b63f500e 
b63f500e: folds
f415d5c: folds
14965758: folds
6aeff26f: raises $0.08 to $0.13
Hero: folds
84e19343: calls $0.08
*** FLOP *** [7s 9h 5d]
84e19343: checks
6aeff26f: checks
*** TURN *** [7s 9h 5d] [Jc]
84e19343: checks
6aeff26f: bets $0.15
84e19343: calls $0.15
*** RIVER *** [7s 9h 5d Jc] [8s]
84e19343: checks
6aeff26f: checks
84e19343: shows [8c 5c] (Pair of Eights and Pair of Fives)
6aeff26f: shows [Ac Js] (Pair of Jacks)
*** SHOWDOWN ***
84e19343 collected $0.56 from pot
*** SUMMARY ***
Total pot $0.58 | Rake $0.02 | Jackpot $0 | Bingo $0 | Fortune $0 | Tax $0
Board [7s 9h 5d Jc 8s]
Seat 1: f415d5c folded before Flop (didn't bet)
Seat 2: 14965758 folded before Flop (didn't bet)
Seat 3: 6aeff26f (button) showed [Ac Js] and lost with Pair of Jacks
Seat 4: Hero (small blind) folded before Flop
Seat 5: 84e19343 (big blind) showed [8c 5c] and won ($0.56) with Pair of Eights and Pair of Fives
Seat 6: b63f500e folded before Flop (didn't bet)


Poker Hand #HD1217444628: Hold'em No Limit ($0.02/$0.05) - 2023/04/25 20:00:45
Table 'NLHBlue28' 6-max Seat #2 is the button
Seat 1: f415d5c ($5.42 in chips)
Seat 2: 14965758 ($5.14 in chips)
Seat 3: 6aeff26f ($5.55 in chips)
Seat 4: Hero ($7.58 in chips)
Seat 5: 84e19343 ($7.85 in chips)
Seat 6: b63f500e ($6.28 in chips)
6aeff26f: posts small blind $0.02
Hero: posts big blind $0.05
*** HOLE CARDS ***
Dealt to f415d5c 
Dealt to 14965758 
Dealt to 6aeff26f 
Dealt to Hero [Qh 5s]
Dealt to 84e19343 
Dealt to b63f500e 
84e19343: folds
b63f500e: raises $0.1 to $0.15
f415d5c: folds
14965758: folds
6aeff26f: folds
Hero: folds
Uncalled bet ($0.1) returned to b63f500e
*** SHOWDOWN ***
b63f500e collected $0.12 from pot
*** SUMMARY ***
Total pot $0.12 | Rake $0 | Jackpot $0 | Bingo $0 | Fortune $0 | Tax $0
Seat 1: f415d5c folded before Flop (didn't bet)
Seat 2: 14965758 (button) folded before Flop (didn't bet)
Seat 3: 6aeff26f (small blind) folded before Flop
Seat 4: Hero (big blind) folded before Flop
Seat 5: 84e19343 folded before Flop (didn't bet)
Seat 6: b63f500e collected ($0.12)


Poker Hand #HD1217444562: Hold'em No Limit ($0.02/$0.05) - 2023/04/25 20:00:04
Table 'NLHBlue28' 6-max Seat #1 is the button
Seat 1: f415d5c ($5.42 in chips)
Seat 2: 14965758 ($5.59 in chips)
Seat 3: 6aeff26f ($5.14 in chips)
Seat 4: Hero ($7.58 in chips)
Seat 5: 84e19343 ($7.85 in chips)
Seat 6: b63f500e ($6.28 in chips)
14965758: posts small blind $0.02
6aeff26f: posts big blind $0.05
*** HOLE CARDS ***
Dealt to f415d5c 
Dealt to 14965758 
Dealt to 6aeff26f 
Dealt to Hero [5s 7s]
Dealt to 84e19343 
Dealt to b63f500e 
Hero: folds
84e19343: folds
b63f500e: folds
f415d5c: folds
14965758: raises $0.05 to $0.1
6aeff26f: raises $0.35 to $0.45
14965758: calls $0.35
*** FLOP *** [Jc 9s Jd]
14965758: checks
6aeff26f: bets $0.67
14965758: folds
Uncalled bet ($0.67) returned to 6aeff26f
*** SHOWDOWN ***
6aeff26f collected $0.86 from pot
*** SUMMARY ***
Total pot $0.9 | Rake $0.04 | Jackpot $0 | Bingo $0 | Fortune $0 | Tax $0
Board [Jc 9s Jd]
Seat 1: f415d5c (button) folded before Flop (didn't bet)
Seat 2: 14965758 (small blind) folded on the Flop
Seat 3: 6aeff26f (big blind) won ($0.86)
Seat 4: Hero folded before Flop (didn't bet)
Seat 5: 84e19343 folded before Flop (didn't bet)
Seat 6: b63f500e folded before Flop (didn't bet)


Poker Hand #HD1217444427: Hold'em No Limit ($0.02/$0.05) - 2023/04/25 19:58:47
Table 'NLHBlue28' 6-max Seat #6 is the button
Seat 1: f415d5c ($8.15 in chips)
Seat 2: 14965758 ($5.64 in chips)
Seat 3: 6aeff26f ($5.14 in chips)
Seat 4: Hero ($5 in chips)
Seat 5: 84e19343 ($7.97 in chips)
Seat 6: b63f500e ($6.28 in chips)
f415d5c: posts small blind $0.02
14965758: posts big blind $0.05
*** HOLE CARDS ***
Dealt to f415d5c 
Dealt to 14965758 
Dealt to 6aeff26f 
Dealt to Hero [Kd Ks]
Dealt to 84e19343 
Dealt to b63f500e 
6aeff26f: folds
Hero: raises $0.07 to $0.12
84e19343: calls $0.12
b63f500e: folds
f415d5c: raises $0.48 to $0.6
14965758: folds
Hero: raises $0.9 to $1.5
84e19343: folds
f415d5c: calls $0.9
*** FLOP *** [As 5d 7d]
f415d5c: checks
Hero: checks
*** TURN *** [As 5d 7d] [3s]
f415d5c: bets $1.23
Hero: calls $1.23
*** RIVER *** [As 5d 7d 3s] [Jh]
f415d5c: checks
Hero: checks
f415d5c: shows [Td Ts] (Pair of Tens)
Hero: shows [Kd Ks] (Pair of Kings)
*** SHOWDOWN ***
Hero collected $5.31 from pot
*** SUMMARY ***
Total pot $5.63 | Rake $0.27 | Jackpot $0.05 | Bingo $0 | Fortune $0 | Tax $0
Board [As 5d 7d 3s Jh]
Seat 1: f415d5c (small blind) showed [Td Ts] and lost with Pair of Tens
Seat 2: 14965758 (big blind) folded before Flop
Seat 3: 6aeff26f folded before Flop (didn't bet)
Seat 4: Hero showed [Kd Ks] and won ($5.31) with Pair of Kings
Seat 5: 84e19343 folded before Flop
Seat 6: b63f500e (button) folded before Flop (didn't bet)


Poker Hand #HD1217444372: Hold'em No Limit ($0.02/$0.05) - 2023/04/25 19:58:14
Table 'NLHBlue28' 6-max Seat #5 is the button
Seat 1: f415d5c ($8.2 in chips)
Seat 2: 14965758 ($5.64 in chips)
Seat 3: 6aeff26f ($5.14 in chips)
Seat 4: Hero ($5 in chips)
Seat 5: 84e19343 ($7.65 in chips)
Seat 6: b63f500e ($6.3 in chips)
b63f500e: posts small blind $0.02
f415d5c: posts big blind $0.05
*** HOLE CARDS ***
Dealt to f415d5c 
Dealt to 14965758 
Dealt to 6aeff26f 
Dealt to Hero [3d 3c]
Dealt to 84e19343 
Dealt to b63f500e 
14965758: folds
6aeff26f: folds
Hero: raises $0.07 to $0.12
84e19343: calls $0.12
b63f500e: folds
f415d5c: folds
*** FLOP *** [9h Kc Ah]
Hero: bets $0.16
84e19343: calls $0.16
*** TURN *** [9h Kc Ah] [6c]
Hero: checks
84e19343: bets $0.32
Hero: folds
Uncalled bet ($0.32) returned to 84e19343
*** SHOWDOWN ***
84e19343 collected $0.6 from pot
*** SUMMARY ***
Total pot $0.63 | Rake $0.03 | Jackpot $0 | Bingo $0 | Fortune $0 | Tax $0
Board [9h Kc Ah 6c]
Seat 1: f415d5c (big blind) folded before Flop
Seat 2: 14965758 folded before Flop (didn't bet)
Seat 3: 6aeff26f folded before Flop (didn't bet)
Seat 4: Hero folded on the Turn
Seat 5: 84e19343 (button) won ($0.6)
Seat 6: b63f500e (small blind) folded before Flop


Poker Hand #HD1217444348: Hold'em No Limit ($0.02/$0.05) - 2023/04/25 19:58:00
Table 'NLHBlue28' 6-max Seat #4 is the button
Seat 1: f415d5c ($8.2 in chips)
Seat 2: 14965758 ($5.64 in chips)
Seat 3: 6aeff26f ($5.14 in chips)
Seat 4: Hero ($5 in chips)
Seat 5: 84e19343 ($7.6 in chips)
Seat 6: b63f500e ($6.35 in chips)
84e19343: posts small blind $0.02
b63f500e: posts big blind $0.05
*** HOLE CARDS ***
Dealt to f415d5c 
Dealt to 14965758 
Dealt to 6aeff26f 
Dealt to Hero [Td 6s]
Dealt to 84e19343 
Dealt to b63f500e 
f415d5c: folds
14965758: folds
6aeff26f: folds
Hero: folds
84e19343: raises $0.1 to $0.15
b63f500e: folds
Uncalled bet ($0.1) returned to 84e19343
*** SHOWDOWN ***
84e19343 collected $0.1 from pot
*** SUMMARY ***
Total pot $0.1 | Rake $0 | Jackpot $0 | Bingo $0 | Fortune $0 | Tax $0
Seat 1: f415d5c folded before Flop (didn't bet)
Seat 2: 14965758 folded before Flop (didn't bet)
Seat 3: 6aeff26f folded before Flop (didn't bet)
Seat 4: Hero (button) folded before Flop (didn't bet)
Seat 5: 84e19343 (small blind) collected ($0.1)
Seat 6: b63f500e (big blind) folded before Flop


Poker Hand #HD1217444286: Hold'em No Limit ($0.02/$0.05) - 2023/04/25 19:57:26
Table 'NLHBlue28' 6-max Seat #3 is the button
Seat 1: f415d5c ($8.2 in chips)
Seat 2: 14965758 ($5.64 in chips)
Seat 3: 6aeff26f ($5 in chips)
Seat 4: Hero ($5 in chips)
Seat 5: 84e19343 ($7.73 in chips)
Seat 6: b63f500e ($6.35 in chips)
Hero: posts small blind $0.02
84e19343: posts big blind $0.05
*** HOLE CARDS ***
Dealt to f415d5c 
Dealt to 14965758 
Dealt to 6aeff26f 
Dealt to Hero [7c Jd]
Dealt to 84e19343 
Dealt to b63f500e 
b63f500e: folds
f415d5c: folds
14965758: folds
6aeff26f: raises $0.08 to $0.13
Hero: folds
84e19343: calls $0.08
*** FLOP *** [7d Ad Kd]
84e19343: checks
6aeff26f: bets $0.1
84e19343: folds
Uncalled bet ($0.1) returned to 6aeff26f
*** SHOWDOWN ***
6aeff26f collected $0.27 from pot
*** SUMMARY ***
Total pot $0.28 | Rake $0.01 | Jackpot $0 | Bingo $0 | Fortune $0 | Tax $0
Board [7d Ad Kd]
Seat 1: f415d5c folded before Flop (didn't bet)
Seat 2: 14965758 folded before Flop (didn't bet)
Seat 3: 6aeff26f (button) won ($0.27)
Seat 4: Hero (small blind) folded before Flop
Seat 5: 84e19343 (big blind) folded on the Flop
Seat 6: b63f500e folded before Flop (didn't bet)


Poker Hand #HD1217444250: Hold'em No Limit ($0.02/$0.05) - 2023/04/25 19:57:08
Table 'NLHBlue28' 6-max Seat #2 is the button
Seat 1: f415d5c ($8.2 in chips)
Seat 2: 14965758 ($5.64 in chips)
Seat 3: 6aeff26f ($5 in chips)
Seat 4: Hero ($5.02 in chips)
Seat 5: 84e19343 ($7.73 in chips)
Seat 6: b63f500e ($6.28 in chips)
6aeff26f: posts small blind $0.02
Hero: posts big blind $0.05
*** HOLE CARDS ***
Dealt to f415d5c 
Dealt to 14965758 
Dealt to 6aeff26f 
Dealt to Hero [3s 4d]
Dealt to 84e19343 
Dealt to b63f500e 
84e19343: folds
b63f500e: raises $0.1 to $0.15
f415d5c: folds
14965758: folds
6aeff26f: folds
Hero: folds
Uncalled bet ($0.1) returned to b63f500e
*** SHOWDOWN ***
b63f500e collected $0.12 from pot
*** SUMMARY ***
Total pot $0.12 | Rake $0 | Jackpot $0 | Bingo $0 | Fortune $0 | Tax $0
Seat 1: f415d5c folded before Flop (didn't bet)
Seat 2: 14965758 (button) folded before Flop (didn't bet)
Seat 3: 6aeff26f (small blind) folded before Flop
Seat 4: Hero (big blind) folded before Flop
Seat 5: 84e19343 folded before Flop (didn't bet)
Seat 6: b63f500e collected ($0.12)


Poker Hand #HD1217444158: Hold'em No Limit ($0.02/$0.05) - 2023/04/25 19:56:14
Table 'NLHBlue28' 6-max Seat #1 is the button
Seat 1: f415d5c ($8.2 in chips)
Seat 2: 14965758 ($5.66 in chips)
Seat 3: 6aeff26f ($5.13 in chips)
Seat 4: Hero ($5.02 in chips)
Seat 5: 84e19343 ($7.73 in chips)
Seat 6: b63f500e ($6.14 in chips)
14965758: posts small blind $0.02
6aeff26f: posts big blind $0.05
*** HOLE CARDS ***
Dealt to f415d5c 
Dealt to 14965758 
Dealt to 6aeff26f 
Dealt to Hero [2s 8h]
Dealt to 84e19343 
Dealt to b63f500e 
Hero: folds
84e19343: folds
b63f500e: raises $0.08 to $0.13
f415d5c: folds
14965758: folds
6aeff26f: calls $0.08
*** FLOP *** [7h 4h Ts]
6aeff26f: checks
b63f500e: bets $0.21
6aeff26f: folds
Uncalled bet ($0.21) returned to b63f500e
*** SHOWDOWN ***
b63f500e collected $0.27 from pot
*** SUMMARY ***
Total pot $0.28 | Rake $0.01 | Jackpot $0 | Bingo $0 | Fortune $0 | Tax $0
Board [7h 4h Ts]
Seat 1: f415d5c (button) folded before Flop (didn't bet)
Seat 2: 14965758 (small blind) folded before Flop
Seat 3: 6aeff26f (big blind) folded on the Flop
Seat 4: Hero folded before Flop (didn't bet)
Seat 5: 84e19343 folded before Flop (didn't bet)
Seat 6: b63f500e won ($0.27)


Poker Hand #HD1217444049: Hold'em No Limit ($0.02/$0.05) - 2023/04/25 19:55:07
Table 'NLHBlue28' 6-max Seat #6 is the button
Seat 1: f415d5c ($8.98 in chips)
Seat 2: 14965758 ($5 in chips)
Seat 3: 6aeff26f ($5.13 in chips)
Seat 4: Hero ($5.02 in chips)
Seat 5: 84e19343 ($7.73 in chips)
Seat 6: b63f500e ($6.14 in chips)
f415d5c: posts small blind $0.02
14965758: posts big blind $0.05
*** HOLE CARDS ***
Dealt to f415d5c 
Dealt to 14965758 
Dealt to 6aeff26f 
Dealt to Hero [Kh 2d]
Dealt to 84e19343 
Dealt to b63f500e 
6aeff26f: folds
Hero: folds
84e19343: folds
b63f500e: folds
f415d5c: raises $0.13 to $0.18
14965758: calls $0.13
*** FLOP *** [2s Th 3c]
f415d5c: bets $0.18
14965758: raises $0.42 to $0.6
f415d5c: calls $0.42
*** TURN *** [2s Th 3c] [7c]
f415d5c: checks
14965758: checks
*** RIVER *** [2s Th 3c 7c] [8d]
f415d5c: checks
14965758: checks
f415d5c: shows [5h Ah] (Ace-High)
14965758: shows [5s 3s] (Pair of Treys)
*** SHOWDOWN ***
14965758 collected $1.44 from pot
*** SUMMARY ***
Total pot $1.56 | Rake $0.07 | Jackpot $0.05 | Bingo $0 | Fortune $0 | Tax $0
Board [2s Th 3c 7c 8d]
Seat 1: f415d5c (small blind) showed [5h Ah] and lost with Ace-High
Seat 2: 14965758 (big blind) showed [5s 3s] and won ($1.44) with Pair of Treys
Seat 3: 6aeff26f folded before Flop (didn't bet)
Seat 4: Hero folded before Flop (didn't bet)
Seat 5: 84e19343 folded before Flop (didn't bet)
Seat 6: b63f500e (button) folded before Flop (didn't bet)


Poker Hand #HD1217444008: Hold'em No Limit ($0.02/$0.05) - 2023/04/25 19:54:40
Table 'NLHBlue28' 6-max Seat #5 is the button
Seat 1: f415d5c ($8.73 in chips)
Seat 2: 14965758 ($5 in chips)
Seat 3: 6aeff26f ($5.13 in chips)
Seat 4: Hero ($5.14 in chips)
Seat 5: 84e19343 ($7.85 in chips)
Seat 6: b63f500e ($6.16 in chips)
b63f500e: posts small blind $0.02
f415d5c: posts big blind $0.05
*** HOLE CARDS ***
Dealt to f415d5c 
Dealt to 14965758 
Dealt to 6aeff26f 
Dealt to Hero [8h Kh]
Dealt to 84e19343 
Dealt to b63f500e 
14965758: folds
6aeff26f: folds
Hero: raises $0.07 to $0.12
84e19343: calls $0.12
b63f500e: folds
f415d5c: raises $0.48 to $0.6
Hero: folds
84e19343: folds
Uncalled bet ($0.48) returned to f415d5c
*** SHOWDOWN ***
f415d5c collected $0.37 from pot
*** SUMMARY ***
Total pot $0.38 | Rake $0.01 | Jackpot $0 | Bingo $0 | Fortune $0 | Tax $0
Seat 1: f415d5c (big blind) collected ($0.37)
Seat 2: 14965758 folded before Flop (didn't bet)
Seat 3: 6aeff26f folded before Flop (didn't bet)
Seat 4: Hero folded before Flop
Seat 5: 84e19343 (button) folded before Flop
Seat 6: b63f500e (small blind) folded before Flop


Poker Hand #HD1217443908: Hold'em No Limit ($0.02/$0.05) - 2023/04/25 19:53:35
Table 'NLHBlue28' 6-max Seat #4 is the button
Seat 1: f415d5c ($8.73 in chips)
Seat 2: 14965758 ($5.45 in chips)
Seat 3: 6aeff26f ($5.28 in chips)
Seat 4: Hero ($5.14 in chips)
Seat 5: 84e19343 ($7.18 in chips)
Seat 6: b63f500e ($6.21 in chips)
84e19343: posts small blind $0.02
b63f500e: posts big blind $0.05
*** HOLE CARDS ***
Dealt to f415d5c 
Dealt to 14965758 
Dealt to 6aeff26f 
Dealt to Hero [8h Qs]
Dealt to 84e19343 
Dealt to b63f500e 
f415d5c: folds
14965758: raises $0.1 to $0.15
6aeff26f: calls $0.15
Hero: folds
84e19343: calls $0.13
b63f500e: folds
*** FLOP *** [Ad Jd 6h]
84e19343: checks
14965758: checks
6aeff26f: checks
*** TURN *** [Ad Jd 6h] [5c]
84e19343: checks
14965758: bets $0.38
6aeff26f: folds
84e19343: calls $0.38
*** RIVER *** [Ad Jd 6h 5c] [Ks]
84e19343: checks
14965758: checks
84e19343: shows [Jh Kd] (Pair of Kings and Pair of Jacks)
14965758: shows [9h 9d] (Pair of Nines)
*** SHOWDOWN ***
84e19343 collected $1.2 from pot
*** SUMMARY ***
Total pot $1.26 | Rake $0.06 | Jackpot $0 | Bingo $0 | Fortune $0 | Tax $0
Board [Ad Jd 6h 5c Ks]
Seat 1: f415d5c folded before Flop (didn't bet)
Seat 2: 14965758 showed [9h 9d] and lost with Pair of Nines
Seat 3: 6aeff26f folded on the Turn
Seat 4: Hero (button) folded before Flop (didn't bet)
Seat 5: 84e19343 (small blind) showed [Jh Kd] and won ($1.2) with Pair of Kings and Pair of Jacks
Seat 6: b63f500e (big blind) folded before Flop


Poker Hand #HD1217443825: Hold'em No Limit ($0.02/$0.05) - 2023/04/25 19:52:48
Table 'NLHBlue28' 6-max Seat #3 is the button
Seat 1: f415d5c ($8.73 in chips)
Seat 2: 14965758 ($5.34 in chips)
Seat 3: 6aeff26f ($5.28 in chips)
Seat 4: Hero ($5.16 in chips)
Seat 5: 84e19343 ($7.28 in chips)
Seat 6: b63f500e ($6.21 in chips)
Hero: posts small blind $0.02
84e19343: posts big blind $0.05
*** HOLE CARDS ***
Dealt to f415d5c 
Dealt to 14965758 
Dealt to 6aeff26f 
Dealt to Hero [8d 4s]
Dealt to 84e19343 
Dealt to b63f500e 
b63f500e: folds
f415d5c: folds
14965758: raises $0.05 to $0.1
6aeff26f: folds
Hero: folds
84e19343: calls $0.05
*** FLOP *** [3c Jh 7s]
84e19343: checks
14965758: bets $0.11
84e19343: folds
Uncalled bet ($0.11) returned to 14965758
*** SHOWDOWN ***
14965758 collected $0.21 from pot
*** SUMMARY ***
Total pot $0.22 | Rake $0.01 | Jackpot $0 | Bingo $0 | Fortune $0 | Tax $0
Board [3c Jh 7s]
Seat 1: f415d5c folded before Flop (didn't bet)
Seat 2: 14965758 won ($0.21)
Seat 3: 6aeff26f (button) folded before Flop (didn't bet)
Seat 4: Hero (small blind) folded before Flop
Seat 5: 84e19343 (big blind) folded on the Flop
Seat 6: b63f500e folded before Flop (didn't bet)


Poker Hand #HD1217443794: Hold'em No Limit ($0.02/$0.05) - 2023/04/25 19:52:27
Table 'NLHBlue28' 6-max Seat #2 is the button
Seat 1: f415d5c ($8.73 in chips)
Seat 2: 14965758 ($5.27 in chips)
Seat 3: 6aeff26f ($5.3 in chips)
Seat 4: Hero ($5.21 in chips)
Seat 5: 84e19343 ($7.28 in chips)
Seat 6: b63f500e ($6.21 in chips)
6aeff26f: posts small blind $0.02
Hero: posts big blind $0.05
*** HOLE CARDS ***
Dealt to f415d5c 
Dealt to 14965758 
Dealt to 6aeff26f 
Dealt to Hero [5h Kc]
Dealt to 84e19343 
Dealt to b63f500e 
84e19343: folds
b63f500e: folds
f415d5c: folds
14965758: raises $0.05 to $0.1
6aeff26f: folds
Hero: folds
Uncalled bet ($0.05) returned to 14965758
*** SHOWDOWN ***
14965758 collected $0.12 from pot
*** SUMMARY ***
Total pot $0.12 | Rake $0 | Jackpot $0 | Bingo $0 | Fortune $0 | Tax $0
Seat 1: f415d5c folded before Flop (didn't bet)
Seat 2: 14965758 (button) collected ($0.12)
Seat 3: 6aeff26f (small blind) folded before Flop
Seat 4: Hero (big blind) folded before Flop
Seat 5: 84e19343 folded before Flop (didn't bet)
Seat 6: b63f500e folded before Flop (didn't bet)


Poker Hand #HD1217443761: Hold'em No Limit ($0.02/$0.05) - 2023/04/25 19:52:09
Table 'NLHBlue28' 6-max Seat #1 is the button
Seat 1: f415d5c ($8.73 in chips)
Seat 2: 14965758 ($5.29 in chips)
Seat 3: 6aeff26f ($5.35 in chips)
Seat 4: Hero ($5.21 in chips)
Seat 5: 84e19343 ($7.28 in chips)
Seat 6: b63f500e ($6.14 in chips)
14965758: posts small blind $0.02
6aeff26f: posts big blind $0.05
*** HOLE CARDS ***
Dealt to f415d5c 
Dealt to 14965758 
Dealt to 6aeff26f 
Dealt to Hero [9s 7d]
Dealt to 84e19343 
Dealt to b63f500e 
Hero: folds
84e19343: folds
b63f500e: raises $0.08 to $0.13
f415d5c: folds
14965758: folds
6aeff26f: folds
Uncalled bet ($0.08) returned to b63f500e
*** SHOWDOWN ***
b63f500e collected $0.12 from pot
*** SUMMARY ***
Total pot $0.12 | Rake $0 | Jackpot $0 | Bingo $0 | Fortune $0 | Tax $0
Seat 1: f415d5c (button) folded before Flop (didn't bet)
Seat 2: 14965758 (small blind) folded before Flop
Seat 3: 6aeff26f (big blind) folded before Flop
Seat 4: Hero folded before Flop (didn't bet)
Seat 5: 84e19343 folded before Flop (didn't bet)
Seat 6: b63f500e collected ($0.12)


Poker Hand #HD1217443667: Hold'em No Limit ($0.02/$0.05) - 2023/04/25 19:51:11
Table 'NLHBlue28' 6-max Seat #6 is the button
Seat 1: f415d5c ($8.75 in chips)
Seat 2: 14965758 ($5.34 in chips)
Seat 3: 6aeff26f ($5.35 in chips)
Seat 4: Hero ($5.21 in chips)
Seat 5: 84e19343 ($9.04 in chips)
Seat 6: b63f500e ($4.53 in chips)
f415d5c: posts small blind $0.02
14965758: posts big blind $0.05
*** HOLE CARDS ***
Dealt to f415d5c 
Dealt to 14965758 
Dealt to 6aeff26f 
Dealt to Hero [9s 3c]
Dealt to 84e19343 
Dealt to b63f500e 
6aeff26f: folds
Hero: folds
84e19343: raises $0.1 to $0.15
b63f500e: raises $0.35 to $0.5
f415d5c: folds
14965758: folds
84e19343: calls $0.35
*** FLOP *** [Ah Qd 2c]
84e19343: checks
b63f500e: bets $0.36
84e19343: calls $0.36
*** TURN *** [Ah Qd 2c] [8h]
84e19343: checks
b63f500e: bets $0.9
84e19343: calls $0.9
*** RIVER *** [Ah Qd 2c 8h] [Kc]
84e19343: checks
b63f500e: bets $1.8
84e19343: folds
Uncalled bet ($1.8) returned to b63f500e
*** SHOWDOWN ***
b63f500e collected $3.37 from pot
*** SUMMARY ***
Total pot $3.59 | Rake $0.17 | Jackpot $0.05 | Bingo $0 | Fortune $0 | Tax $0
Board [Ah Qd 2c 8h Kc]
Seat 1: f415d5c (small blind) folded before Flop
Seat 2: 14965758 (big blind) folded before Flop
Seat 3: 6aeff26f folded before Flop (didn't bet)
Seat 4: Hero folded before Flop (didn't bet)
Seat 5: 84e19343 folded on the River
Seat 6: b63f500e (button) won ($3.37)


Poker Hand #HD1217443640: Hold'em No Limit ($0.02/$0.05) - 2023/04/25 19:50:55
Table 'NLHBlue28' 6-max Seat #5 is the button
Seat 1: f415d5c ($8.8 in chips)
Seat 2: 14965758 ($5.34 in chips)
Seat 3: 6aeff26f ($5.28 in chips)
Seat 4: Hero ($5.21 in chips)
Seat 5: 84e19343 ($9.04 in chips)
Seat 6: b63f500e ($4.55 in chips)
b63f500e: posts small blind $0.02
f415d5c: posts big blind $0.05
*** HOLE CARDS ***
Dealt to f415d5c 
Dealt to 14965758 
Dealt to 6aeff26f 
Dealt to Hero [6d 6h]
Dealt to 84e19343 
Dealt to b63f500e 
14965758: folds
6aeff26f: raises $0.1 to $0.15
Hero: folds
84e19343: folds
b63f500e: folds
f415d5c: folds
Uncalled bet ($0.1) returned to 6aeff26f
*** SHOWDOWN ***
6aeff26f collected $0.12 from pot
*** SUMMARY ***
Total pot $0.12 | Rake $0 | Jackpot $0 | Bingo $0 | Fortune $0 | Tax $0
Seat 1: f415d5c (big blind) folded before Flop
Seat 2: 14965758 folded before Flop (didn't bet)
Seat 3: 6aeff26f collected ($0.12)
Seat 4: Hero folded before Flop (didn't bet)
Seat 5: 84e19343 (button) folded before Flop (didn't bet)
Seat 6: b63f500e (small blind) folded before Flop


Poker Hand #HD1217443590: Hold'em No Limit ($0.02/$0.05) - 2023/04/25 19:50:26
Table 'NLHBlue28' 6-max Seat #4 is the button
Seat 1: f415d5c ($8.8 in chips)
Seat 2: 14965758 ($5.49 in chips)
Seat 3: 6aeff26f ($5.07 in chips)
Seat 4: Hero ($5.21 in chips)
Seat 5: 84e19343 ($9.06 in chips)
Seat 6: b63f500e ($4.6 in chips)
84e19343: posts small blind $0.02
b63f500e: posts big blind $0.05
*** HOLE CARDS ***
Dealt to f415d5c 
Dealt to 14965758 
Dealt to 6aeff26f 
Dealt to Hero [Jd 6c]
Dealt to 84e19343 
Dealt to b63f500e 
f415d5c: folds
14965758: raises $0.1 to $0.15
6aeff26f: raises $0.3 to $0.45
Hero: folds
84e19343: folds
b63f500e: folds
14965758: folds
Uncalled bet ($0.3) returned to 6aeff26f
*** SHOWDOWN ***
6aeff26f collected $0.36 from pot
*** SUMMARY ***
Total pot $0.37 | Rake $0.01 | Jackpot $0 | Bingo $0 | Fortune $0 | Tax $0
Seat 1: f415d5c folded before Flop (didn't bet)
Seat 2: 14965758 folded before Flop
Seat 3: 6aeff26f collected ($0.36)
Seat 4: Hero (button) folded before Flop (didn't bet)
Seat 5: 84e19343 (small blind) folded before Flop
Seat 6: b63f500e (big blind) folded before Flop


Poker Hand #HD1217443517: Hold'em No Limit ($0.02/$0.05) - 2023/04/25 19:49:41
Table 'NLHBlue28' 6-max Seat #3 is the button
Seat 1: f415d5c ($8.95 in chips)
Seat 2: 14965758 ($5.49 in chips)
Seat 3: 6aeff26f ($5.07 in chips)
Seat 4: Hero ($5.23 in chips)
Seat 5: 84e19343 ($8.9 in chips)
Seat 6: b63f500e ($4.6 in chips)
Hero: posts small blind $0.02
84e19343: posts big blind $0.05
*** HOLE CARDS ***
Dealt to f415d5c 
Dealt to 14965758 
Dealt to 6aeff26f 
Dealt to Hero [9s 5h]
Dealt to 84e19343 
Dealt to b63f500e 
b63f500e: folds
f415d5c: raises $0.1 to $0.15
14965758: folds
6aeff26f: folds
Hero: folds
84e19343: calls $0.1
*** FLOP *** [Qc 3d 6h]
84e19343: checks
f415d5c: checks
*** TURN *** [Qc 3d 6h] [3h]
84e19343: checks
f415d5c: checks
*** RIVER *** [Qc 3d 6h 3h] [5d]
84e19343: bets $0.16
f415d5c: folds
Uncalled bet ($0.16) returned to 84e19343
*** SHOWDOWN ***
84e19343 collected $0.31 from pot
*** SUMMARY ***
Total pot $0.32 | Rake $0.01 | Jackpot $0 | Bingo $0 | Fortune $0 | Tax $0
Board [Qc 3d 6h 3h 5d]
Seat 1: f415d5c folded on the River
Seat 2: 14965758 folded before Flop (didn't bet)
Seat 3: 6aeff26f (button) folded before Flop (didn't bet)
Seat 4: Hero (small blind) folded before Flop
Seat 5: 84e19343 (big blind) won ($0.31)
Seat 6: b63f500e folded before Flop (didn't bet)


Poker Hand #HD1217443486: Hold'em No Limit ($0.02/$0.05) - 2023/04/25 19:49:23
Table 'NLHBlue28' 6-max Seat #2 is the button
Seat 1: f415d5c ($8.95 in chips)
Seat 2: 14965758 ($5.49 in chips)
Seat 3: 6aeff26f ($5.09 in chips)
Seat 4: Hero ($5.28 in chips)
Seat 5: 84e19343 ($8.83 in chips)
Seat 6: b63f500e ($4.6 in chips)
6aeff26f: posts small blind $0.02
Hero: posts big blind $0.05
*** HOLE CARDS ***
Dealt to f415d5c 
Dealt to 14965758 
Dealt to 6aeff26f 
Dealt to Hero [6d 5h]
Dealt to 84e19343 
Dealt to b63f500e 
84e19343: raises $0.1 to $0.15
b63f500e: folds
f415d5c: folds
14965758: folds
6aeff26f: folds
Hero: folds
Uncalled bet ($0.1) returned to 84e19343
*** SHOWDOWN ***
84e19343 collected $0.12 from pot
*** SUMMARY ***
Total pot $0.12 | Rake $0 | Jackpot $0 | Bingo $0 | Fortune $0 | Tax $0
Seat 1: f415d5c folded before Flop (didn't bet)
Seat 2: 14965758 (button) folded before Flop (didn't bet)
Seat 3: 6aeff26f (small blind) folded before Flop
Seat 4: Hero (big blind) folded before Flop
Seat 5: 84e19343 collected ($0.12)
Seat 6: b63f500e folded before Flop (didn't bet)


Poker Hand #HD1217443460: Hold'em No Limit ($0.02/$0.05) - 2023/04/25 19:49:10
Table 'NLHBlue28' 6-max Seat #1 is the button
Seat 1: f415d5c ($8.95 in chips)
Seat 2: 14965758 ($5.51 in chips)
Seat 3: 6aeff26f ($5.07 in chips)
Seat 4: Hero ($5.28 in chips)
Seat 5: 84e19343 ($8.83 in chips)
Seat 6: b63f500e ($4.6 in chips)
14965758: posts small blind $0.02
6aeff26f: posts big blind $0.05
*** HOLE CARDS ***
Dealt to f415d5c 
Dealt to 14965758 
Dealt to 6aeff26f 
Dealt to Hero [8d 2h]
Dealt to 84e19343 
Dealt to b63f500e 
Hero: folds
84e19343: folds
b63f500e: folds
f415d5c: folds
14965758: folds
Uncalled bet ($0.03) returned to 6aeff26f
*** SHOWDOWN ***
6aeff26f collected $0.04 from pot
*** SUMMARY ***
Total pot $0.04 | Rake $0 | Jackpot $0 | Bingo $0 | Fortune $0 | Tax $0
Seat 1: f415d5c (button) folded before Flop (didn't bet)
Seat 2: 14965758 (small blind) folded before Flop
Seat 3: 6aeff26f (big blind) collected ($0.04)
Seat 4: Hero folded before Flop (didn't bet)
Seat 5: 84e19343 folded before Flop (didn't bet)
Seat 6: b63f500e folded before Flop (didn't bet)


Poker Hand #HD1217443433: Hold'em No Limit ($0.02/$0.05) - 2023/04/25 19:48:58
Table 'NLHBlue28' 6-max Seat #6 is the button
Seat 1: f415d5c ($8.97 in chips)
Seat 2: 14965758 ($5.56 in chips)
Seat 3: 6aeff26f ($5.07 in chips)
Seat 4: Hero ($5.28 in chips)
Seat 5: 84e19343 ($8.76 in chips)
Seat 6: b63f500e ($4.6 in chips)
f415d5c: posts small blind $0.02
14965758: posts big blind $0.05
*** HOLE CARDS ***
Dealt to f415d5c 
Dealt to 14965758 
Dealt to 6aeff26f 
Dealt to Hero [Ts Jd]
Dealt to 84e19343 
Dealt to b63f500e 
6aeff26f: folds
Hero: folds
84e19343: raises $0.1 to $0.15
b63f500e: folds
f415d5c: folds
14965758: folds
Uncalled bet ($0.1) returned to 84e19343
*** SHOWDOWN ***
84e19343 collected $0.12 from pot
*** SUMMARY ***
Total pot $0.12 | Rake $0 | Jackpot $0 | Bingo $0 | Fortune $0 | Tax $0
Seat 1: f415d5c (small blind) folded before Flop
Seat 2: 14965758 (big blind) folded before Flop
Seat 3: 6aeff26f folded before Flop (didn't bet)
Seat 4: Hero folded before Flop (didn't bet)
Seat 5: 84e19343 collected ($0.12)
Seat 6: b63f500e (button) folded before Flop (didn't bet)


Poker Hand #HD1217443409: Hold'em No Limit ($0.02/$0.05) - 2023/04/25 19:48:44
Table 'NLHBlue28' 6-max Seat #5 is the button
Seat 1: f415d5c ($9.02 in chips)
Seat 2: 14965758 ($5.56 in chips)
Seat 3: 6aeff26f ($5.07 in chips)
Seat 4: Hero ($5.21 in chips)
Seat 5: 84e19343 ($8.76 in chips)
Seat 6: b63f500e ($4.62 in chips)
b63f500e: posts small blind $0.02
f415d5c: posts big blind $0.05
*** HOLE CARDS ***
Dealt to f415d5c 
Dealt to 14965758 
Dealt to 6aeff26f 
Dealt to Hero [Ac Js]
Dealt to 84e19343 
Dealt to b63f500e 
14965758: folds
6aeff26f: folds
Hero: raises $0.07 to $0.12
84e19343: folds
b63f500e: folds
f415d5c: folds
Uncalled bet ($0.07) returned to Hero
*** SHOWDOWN ***
Hero collected $0.12 from pot
*** SUMMARY ***
Total pot $0.12 | Rake $0 | Jackpot $0 | Bingo $0 | Fortune $0 | Tax $0
Seat 1: f415d5c (big blind) folded before Flop
Seat 2: 14965758 folded before Flop (didn't bet)
Seat 3: 6aeff26f folded before Flop (didn't bet)
Seat 4: Hero collected ($0.12)
Seat 5: 84e19343 (button) folded before Flop (didn't bet)
Seat 6: b63f500e (small blind) folded before Flop


Poker Hand #HD1217443336: Hold'em No Limit ($0.02/$0.05) - 2023/04/25 19:47:57
Table 'NLHBlue28' 6-max Seat #4 is the button
Seat 1: f415d5c ($9.02 in chips)
Seat 2: 14965758 ($5.56 in chips)
Seat 3: 6aeff26f ($5.07 in chips)
Seat 4: Hero ($5 in chips)
Seat 5: 84e19343 ($8.78 in chips)
Seat 6: b63f500e ($4.83 in chips)
84e19343: posts small blind $0.02
b63f500e: posts big blind $0.05
*** HOLE CARDS ***
Dealt to f415d5c 
Dealt to 14965758 
Dealt to 6aeff26f 
Dealt to Hero [Qc Kh]
Dealt to 84e19343 
Dealt to b63f500e 
f415d5c: folds
14965758: folds
6aeff26f: folds
Hero: raises $0.07 to $0.12
84e19343: folds
b63f500e: calls $0.07
*** FLOP *** [Kd Qs 3c]
b63f500e: bets $0.09
Hero: raises $0.19 to $0.28
b63f500e: folds
Uncalled bet ($0.19) returned to Hero
*** SHOWDOWN ***
Hero collected $0.42 from pot
*** SUMMARY ***
Total pot $0.44 | Rake $0.02 | Jackpot $0 | Bingo $0 | Fortune $0 | Tax $0
Board [Kd Qs 3c]
Seat 1: f415d5c folded before Flop (didn't bet)
Seat 2: 14965758 folded before Flop (didn't bet)
Seat 3: 6aeff26f folded before Flop (didn't bet)
Seat 4: Hero (button) won ($0.42)
Seat 5: 84e19343 (small blind) folded before Flop
Seat 6: b63f500e (big blind) folded on the Flop


Poker Hand #HD1217443302: Hold'em No Limit ($0.02/$0.05) - 2023/04/25 19:47:37
Table 'NLHBlue28' 6-max Seat #3 is the button
Seat 1: f415d5c ($9.02 in chips)
Seat 2: 14965758 ($5.49 in chips)
Seat 3: 6aeff26f ($5.07 in chips)
Seat 4: Hero ($5 in chips)
Seat 5: 84e19343 ($8.83 in chips)
Seat 6: b63f500e ($4.83 in chips)
Hero: posts small blind $0.02
84e19343: posts big blind $0.05
*** HOLE CARDS ***
Dealt to f415d5c 
Dealt to 14965758 
Dealt to 6aeff26f 
Dealt to Hero [Ac 6h]
Dealt to 84e19343 
Dealt to b63f500e 
b63f500e: folds
f415d5c: folds
14965758: raises $0.05 to $0.1
6aeff26f: folds
Hero: folds
84e19343: folds
Uncalled bet ($0.05) returned to 14965758
*** SHOWDOWN ***
14965758 collected $0.12 from pot
*** SUMMARY ***
Total pot $0.12 | Rake $0 | Jackpot $0 | Bingo $0 | Fortune $0 | Tax $0
Seat 1: f415d5c folded before Flop (didn't bet)
Seat 2: 14965758 collected ($0.12)
Seat 3: 6aeff26f (button) folded before Flop (didn't bet)
Seat 4: Hero (small blind) folded before Flop
Seat 5: 84e19343 (big blind) folded before Flop
Seat 6: b63f500e folded before Flop (didn't bet)


Poker Hand #HD1217443230: Hold'em No Limit ($0.02/$0.05) - 2023/04/25 19:46:57
Table 'NLHBlue28' 6-max Seat #2 is the button
Seat 1: f415d5c ($9.02 in chips)
Seat 2: 14965758 ($5.28 in chips)
Seat 3: 6aeff26f ($5.09 in chips)
Seat 4: Hero ($5 in chips)
Seat 5: 84e19343 ($8.83 in chips)
Seat 6: b63f500e ($4.83 in chips)
6aeff26f: posts small blind $0.02
Hero: posts big blind $0.05
*** HOLE CARDS ***
Dealt to f415d5c 
Dealt to 14965758 
Dealt to 6aeff26f 
Dealt to Hero [Qd Js]
Dealt to 84e19343 
Dealt to b63f500e 
84e19343: folds
b63f500e: folds
f415d5c: folds
14965758: raises $0.05 to $0.1
6aeff26f: folds
Hero: calls $0.05
*** FLOP *** [4c Ts Ah]
Hero: checks
14965758: bets $0.11
Hero: calls $0.11
*** TURN *** [4c Ts Ah] [Ac]
Hero: checks
14965758: bets $0.22
Hero: folds
Uncalled bet ($0.22) returned to 14965758
*** SHOWDOWN ***
14965758 collected $0.42 from pot
*** SUMMARY ***
Total pot $0.44 | Rake $0.02 | Jackpot $0 | Bingo $0 | Fortune $0 | Tax $0
Board [4c Ts Ah Ac]
Seat 1: f415d5c folded before Flop (didn't bet)
Seat 2: 14965758 (button) won ($0.42)
Seat 3: 6aeff26f (small blind) folded before Flop
Seat 4: Hero (big blind) folded on the Turn
Seat 5: 84e19343 folded before Flop (didn't bet)
Seat 6: b63f500e folded before Flop (didn't bet)


Poker Hand #HD1217443206: Hold'em No Limit ($0.02/$0.05) - 2023/04/25 19:46:44
Table 'NLHBlue28' 6-max Seat #1 is the button
Seat 1: f415d5c ($9.02 in chips)
Seat 2: 14965758 ($5.3 in chips)
Seat 3: 6aeff26f ($5.07 in chips)
Seat 4: Hero ($5 in chips)
Seat 5: 84e19343 ($8.83 in chips)
Seat 6: b63f500e ($4.83 in chips)
14965758: posts small blind $0.02
6aeff26f: posts big blind $0.05
*** HOLE CARDS ***
Dealt to f415d5c 
Dealt to 14965758 
Dealt to 6aeff26f 
Dealt to Hero [7c Qc]
Dealt to 84e19343 
Dealt to b63f500e 
Hero: folds
84e19343: folds
b63f500e: folds
f415d5c: folds
14965758: folds
Uncalled bet ($0.03) returned to 6aeff26f
*** SHOWDOWN ***
6aeff26f collected $0.04 from pot
*** SUMMARY ***
Total pot $0.04 | Rake $0 | Jackpot $0 | Bingo $0 | Fortune $0 | Tax $0
Seat 1: f415d5c (button) folded before Flop (didn't bet)
Seat 2: 14965758 (small blind) folded before Flop
Seat 3: 6aeff26f (big blind) collected ($0.04)
Seat 4: Hero folded before Flop (didn't bet)
Seat 5: 84e19343 folded before Flop (didn't bet)
Seat 6: b63f500e folded before Flop (didn't bet)


Poker Hand #HD1217443184: Hold'em No Limit ($0.02/$0.05) - 2023/04/25 19:46:33
Table 'NLHBlue28' 6-max Seat #6 is the button
Seat 1: f415d5c ($8.97 in chips)
Seat 2: 14965758 ($5.35 in chips)
Seat 3: 6aeff26f ($5.07 in chips)
Seat 4: Hero ($5 in chips)
Seat 5: 84e19343 ($8.83 in chips)
Seat 6: b63f500e ($4.83 in chips)
f415d5c: posts small blind $0.02
14965758: posts big blind $0.05
*** HOLE CARDS ***
Dealt to f415d5c 
Dealt to 14965758 
Dealt to 6aeff26f 
Dealt to Hero [9h 3c]
Dealt to 84e19343 
Dealt to b63f500e 
6aeff26f: folds
Hero: folds
84e19343: folds
b63f500e: folds
f415d5c: raises $0.13 to $0.18
14965758: folds
Uncalled bet ($0.13) returned to f415d5c
*** SHOWDOWN ***
f415d5c collected $0.1 from pot
*** SUMMARY ***
Total pot $0.1 | Rake $0 | Jackpot $0 | Bingo $0 | Fortune $0 | Tax $0
Seat 1: f415d5c (small blind) collected ($0.1)
Seat 2: 14965758 (big blind) folded before Flop
Seat 3: 6aeff26f folded before Flop (didn't bet)
Seat 4: Hero folded before Flop (didn't bet)
Seat 5: 84e19343 folded before Flop (didn't bet)
Seat 6: b63f500e (button) folded before Flop (didn't bet)


Poker Hand #HD1217443153: Hold'em No Limit ($0.02/$0.05) - 2023/04/25 19:46:13
Table 'NLHBlue28' 6-max Seat #5 is the button
Seat 1: f415d5c ($9.02 in chips)
Seat 2: 14965758 ($5.35 in chips)
Seat 3: 6aeff26f ($5 in chips)
Seat 4: Hero ($5 in chips)
Seat 5: 84e19343 ($8.83 in chips)
Seat 6: b63f500e ($4.85 in chips)
b63f500e: posts small blind $0.02
f415d5c: posts big blind $0.05
*** HOLE CARDS ***
Dealt to f415d5c 
Dealt to 14965758 
Dealt to 6aeff26f 
Dealt to Hero [5c 5s]
Dealt to 84e19343 
Dealt to b63f500e 
14965758: folds
6aeff26f: raises $0.1 to $0.15
Hero: folds
84e19343: folds
b63f500e: folds
f415d5c: folds
Uncalled bet ($0.1) returned to 6aeff26f
*** SHOWDOWN ***
6aeff26f collected $0.12 from pot
*** SUMMARY ***
Total pot $0.12 | Rake $0 | Jackpot $0 | Bingo $0 | Fortune $0 | Tax $0
Seat 1: f415d5c (big blind) folded before Flop
Seat 2: 14965758 folded before Flop (didn't bet)
Seat 3: 6aeff26f collected ($0.12)
Seat 4: Hero folded before Flop (didn't bet)
Seat 5: 84e19343 (button) folded before Flop (didn't bet)
Seat 6: b63f500e (small blind) folded before Flop


Poker Hand #HD1217443097: Hold'em No Limit ($0.02/$0.05) - 2023/04/25 19:45:41
Table 'NLHBlue28' 6-max Seat #4 is the button
Seat 2: 14965758 ($5.19 in chips)
Seat 3: 6aeff26f ($5 in chips)
Seat 4: Hero ($5 in chips)
Seat 5: 84e19343 ($8.85 in chips)
Seat 6: b63f500e ($5 in chips)
84e19343: posts small blind $0.02
b63f500e: posts big blind $0.05
*** HOLE CARDS ***
Dealt to 14965758 
Dealt to 6aeff26f 
Dealt to Hero [8d 9c]
Dealt to 84e19343 
Dealt to b63f500e 
14965758: raises $0.1 to $0.15
6aeff26f: folds
Hero: folds
84e19343: folds
b63f500e: calls $0.1
*** FLOP *** [Qh 8s 5h]
b63f500e: checks
14965758: bets $0.24
b63f500e: folds
Uncalled bet ($0.24) returned to 14965758
*** SHOWDOWN ***
14965758 collected $0.31 from pot
*** SUMMARY ***
Total pot $0.32 | Rake $0.01 | Jackpot $0 | Bingo $0 | Fortune $0 | Tax $0
Board [Qh 8s 5h]
Seat 2: 14965758 won ($0.31)
Seat 3: 6aeff26f folded before Flop (didn't bet)
Seat 4: Hero (button) folded before Flop (didn't bet)
Seat 5: 84e19343 (small blind) folded before Flop
Seat 6: b63f500e (big blind) folded on the Flop


Poker Hand #HD1217443073: Hold'em No Limit ($0.02/$0.05) - 2023/04/25 19:45:28
Table 'NLHBlue28' 6-max Seat #3 is the button
Seat 2: 14965758 ($5.12 in chips)
Seat 3: 6aeff26f ($5 in chips)
Seat 4: Hero ($5.02 in chips)
Seat 5: 84e19343 ($8.9 in chips)
Hero: posts small blind $0.02
84e19343: posts big blind $0.05
*** HOLE CARDS ***
Dealt to 14965758 
Dealt to 6aeff26f 
Dealt to Hero [Jc 4s]
Dealt to 84e19343 
14965758: raises $0.05 to $0.1
6aeff26f: folds
Hero: folds
84e19343: folds
Uncalled bet ($0.05) returned to 14965758
*** SHOWDOWN ***
14965758 collected $0.12 from pot
*** SUMMARY ***
Total pot $0.12 | Rake $0 | Jackpot $0 | Bingo $0 | Fortune $0 | Tax $0
Seat 2: 14965758 collected ($0.12)
Seat 3: 6aeff26f (button) folded before Flop (didn't bet)
Seat 4: Hero (small blind) folded before Flop
Seat 5: 84e19343 (big blind) folded before Flop


Poker Hand #HD1217443062: Hold'em No Limit ($0.02/$0.05) - 2023/04/25 19:45:21
Table 'NLHBlue28' 6-max Seat #2 is the button
Seat 2: 14965758 ($5.12 in chips)
Seat 3: 6aeff26f ($5 in chips)
Seat 4: Hero ($5 in chips)
Seat 5: 84e19343 ($8.9 in chips)
6aeff26f: posts small blind $0.02
Hero: posts big blind $0.05
*** HOLE CARDS ***
Dealt to 14965758 
Dealt to 6aeff26f 
Dealt to Hero [8c Jd]
Dealt to 84e19343 
84e19343: folds
14965758: folds
6aeff26f: folds
Uncalled bet ($0.03) returned to Hero
*** SHOWDOWN ***
Hero collected $0.04 from pot
*** SUMMARY ***
Total pot $0.04 | Rake $0 | Jackpot $0 | Bingo $0 | Fortune $0 | Tax $0
Seat 2: 14965758 (button) folded before Flop (didn't bet)
Seat 3: 6aeff26f (small blind) folded before Flop
Seat 4: Hero (big blind) collected ($0.04)
Seat 5: 84e19343 folded before Flop (didn't bet)


