Poker Hand #HD1203340146: Hold'em No Limit  ($0.02/$0.05) - 2023/04/14 22:39:35
Table 'NLHBlue19' 6-max Seat #2 is the button
Seat 1: 22d536f8 ($0.92 in chips)
Seat 2: 5871bdd7 ($5 in chips)
Seat 3: c453962d ($5 in chips)
Seat 4: 3f2717ce ($6.17 in chips)
Seat 5: Hero ($11.2 in chips)
Seat 6: 3af08a6b ($4.98 in chips)
c453962d: posts small blind $0.02
3f2717ce: posts big blind $0.05
*** HOLE CARDS ***
Dealt to 22d536f8 
Dealt to 5871bdd7 
Dealt to c453962d 
Dealt to 3f2717ce 
Dealt to Hero [3s 4d]
Dealt to 3af08a6b 
Hero: folds
3af08a6b: folds
22d536f8: calls $0.05
5871bdd7: folds
c453962d: calls $0.03
3f2717ce: checks
*** FLOP *** [5s Jh Jc]
c453962d: checks
3f2717ce: checks
22d536f8: checks
*** TURN *** [5s Jh Jc] [Jd]
c453962d: checks
3f2717ce: checks
22d536f8: checks
*** RIVER *** [5s Jh Jc Jd] [2h]
c453962d: checks
3f2717ce: checks
22d536f8: checks
c453962d: shows [9h Ad] (Three Jacks)
3f2717ce: shows [Ac 8h] (Three Jacks)
22d536f8: shows [7s Ks] (Three Jacks)
*** SHOWDOWN ***
c453962d collected $0.15 from pot
*** SUMMARY ***
Total pot $0.15 | Rake $0 | Jackpot $0 | Bingo $0 | Fortune $0
Board [5s Jh Jc Jd 2h]
Seat 1: 22d536f8 showed [7s Ks] and lost with Three Jacks
Seat 2: 5871bdd7 (button) folded before Flop (didn't bet)
Seat 3: c453962d (small blind) showed [9h Ad] and won ($0.15) with Three Jacks
Seat 4: 3f2717ce (big blind) showed [Ac 8h] and lost with Three Jacks
Seat 5: Hero folded before Flop (didn't bet)
Seat 6: 3af08a6b folded before Flop (didn't bet)


Poker Hand #HD1203340061: Hold'em No Limit  ($0.02/$0.05) - 2023/04/14 22:38:41
Table 'NLHBlue19' 6-max Seat #1 is the button
Seat 1: 22d536f8 ($0.92 in chips)
Seat 2: 5871bdd7 ($5 in chips)
Seat 3: c453962d ($5 in chips)
Seat 4: 3f2717ce ($6.17 in chips)
Seat 5: Hero ($11.2 in chips)
Seat 6: 3af08a6b ($4.75 in chips)
5871bdd7: posts small blind $0.02
c453962d: posts big blind $0.05
*** HOLE CARDS ***
Dealt to 22d536f8 
Dealt to 5871bdd7 
Dealt to c453962d 
Dealt to 3f2717ce 
Dealt to Hero [5s Ad]
Dealt to 3af08a6b 
3f2717ce: folds
Hero: folds
3af08a6b: calls $0.05
22d536f8: folds
5871bdd7: folds
c453962d: checks
*** FLOP *** [Th Kc 2d]
c453962d: checks
3af08a6b: bets $0.06
c453962d: calls $0.06
*** TURN *** [Th Kc 2d] [5c]
c453962d: checks
3af08a6b: bets $0.12
c453962d: calls $0.12
*** RIVER *** [Th Kc 2d 5c] [7d]
c453962d: checks
3af08a6b: checks
c453962d: shows [Kh Js] (Pair of Kings)
3af08a6b: shows [Kd Qs] (Pair of Kings)
*** SHOWDOWN ***
3af08a6b collected $0.46 from pot
*** SUMMARY ***
Total pot $0.48 | Rake $0.02 | Jackpot $0 | Bingo $0 | Fortune $0
Board [Th Kc 2d 5c 7d]
Seat 1: 22d536f8 (button) folded before Flop (didn't bet)
Seat 2: 5871bdd7 (small blind) folded before Flop
Seat 3: c453962d (big blind) showed [Kh Js] and lost with Pair of Kings
Seat 4: 3f2717ce folded before Flop (didn't bet)
Seat 5: Hero folded before Flop (didn't bet)
Seat 6: 3af08a6b showed [Kd Qs] and won ($0.46) with Pair of Kings


Poker Hand #HD1203340000: Hold'em No Limit  ($0.02/$0.05) - 2023/04/14 22:38:03
Table 'NLHBlue19' 6-max Seat #6 is the button
Seat 1: 22d536f8 ($0.94 in chips)
Seat 2: 5871bdd7 ($5 in chips)
Seat 4: 3f2717ce ($6.17 in chips)
Seat 5: Hero ($10.98 in chips)
Seat 6: 3af08a6b ($4.75 in chips)
22d536f8: posts small blind $0.02
5871bdd7: posts big blind $0.05
*** HOLE CARDS ***
Dealt to 22d536f8 
Dealt to 5871bdd7 
Dealt to 3f2717ce 
Dealt to Hero [Th Ad]
Dealt to 3af08a6b 
3f2717ce: folds
Hero: raises $0.07 to $0.12
3af08a6b: folds
22d536f8: folds
5871bdd7: calls $0.07
*** FLOP *** [Js Jd 6h]
5871bdd7: checks
Hero: bets $0.1
5871bdd7: calls $0.1
*** TURN *** [Js Jd 6h] [Tc]
5871bdd7: checks
Hero: bets $0.23
5871bdd7: folds
Uncalled bet ($0.23) returned to Hero
*** SHOWDOWN ***
Hero collected $0.44 from pot
*** SUMMARY ***
Total pot $0.46 | Rake $0.02 | Jackpot $0 | Bingo $0 | Fortune $0
Board [Js Jd 6h Tc]
Seat 1: 22d536f8 (small blind) folded before Flop
Seat 2: 5871bdd7 (big blind) folded on the Turn
Seat 4: 3f2717ce folded before Flop (didn't bet)
Seat 5: Hero won ($0.44)
Seat 6: 3af08a6b (button) folded before Flop (didn't bet)


Poker Hand #HD1203339887: Hold'em No Limit  ($0.02/$0.05) - 2023/04/14 22:36:47
Table 'NLHBlue19' 6-max Seat #5 is the button
Seat 1: 22d536f8 ($0.99 in chips)
Seat 2: 5871bdd7 ($5 in chips)
Seat 4: 3f2717ce ($5.88 in chips)
Seat 5: Hero ($10.98 in chips)
Seat 6: 3af08a6b ($5.02 in chips)
3af08a6b: posts small blind $0.02
22d536f8: posts big blind $0.05
*** HOLE CARDS ***
Dealt to 22d536f8 
Dealt to 5871bdd7 
Dealt to 3f2717ce 
Dealt to Hero [6c 4h]
Dealt to 3af08a6b 
5871bdd7: folds
3f2717ce: raises $0.1 to $0.15
Hero: folds
3af08a6b: calls $0.13
22d536f8: folds
*** FLOP *** [5s 4s Ah]
3af08a6b: checks
3f2717ce: bets $0.12
3af08a6b: calls $0.12
*** TURN *** [5s 4s Ah] [2s]
3af08a6b: checks
3f2717ce: checks
*** RIVER *** [5s 4s Ah 2s] [3h]
3af08a6b: checks
3f2717ce: bets $0.5
3af08a6b: folds
Uncalled bet ($0.5) returned to 3f2717ce
*** SHOWDOWN ***
3f2717ce collected $0.56 from pot
*** SUMMARY ***
Total pot $0.59 | Rake $0.03 | Jackpot $0 | Bingo $0 | Fortune $0
Board [5s 4s Ah 2s 3h]
Seat 1: 22d536f8 (big blind) folded before Flop
Seat 2: 5871bdd7 folded before Flop (didn't bet)
Seat 4: 3f2717ce won ($0.56)
Seat 5: Hero (button) folded before Flop (didn't bet)
Seat 6: 3af08a6b (small blind) folded on the River


Poker Hand #HD1203339859: Hold'em No Limit  ($0.02/$0.05) - 2023/04/14 22:36:29
Table 'NLHBlue19' 6-max Seat #4 is the button
Seat 1: 22d536f8 ($0.99 in chips)
Seat 2: 5871bdd7 ($5 in chips)
Seat 4: 3f2717ce ($5.88 in chips)
Seat 5: Hero ($11 in chips)
Seat 6: 3af08a6b ($5 in chips)
Hero: posts small blind $0.02
3af08a6b: posts big blind $0.05
*** HOLE CARDS ***
Dealt to 22d536f8 
Dealt to 5871bdd7 
Dealt to 3f2717ce 
Dealt to Hero [5d 2s]
Dealt to 3af08a6b 
22d536f8: folds
5871bdd7: folds
3f2717ce: folds
Hero: folds
Uncalled bet ($0.03) returned to 3af08a6b
*** SHOWDOWN ***
3af08a6b collected $0.04 from pot
*** SUMMARY ***
Total pot $0.04 | Rake $0 | Jackpot $0 | Bingo $0 | Fortune $0
Seat 1: 22d536f8 folded before Flop (didn't bet)
Seat 2: 5871bdd7 folded before Flop (didn't bet)
Seat 4: 3f2717ce (button) folded before Flop (didn't bet)
Seat 5: Hero (small blind) folded before Flop
Seat 6: 3af08a6b (big blind) collected ($0.04)


Poker Hand #HD1203339833: Hold'em No Limit  ($0.02/$0.05) - 2023/04/14 22:36:14
Table 'NLHBlue19' 6-max Seat #2 is the button
Seat 1: 22d536f8 ($0.92 in chips)
Seat 2: 5871bdd7 ($5 in chips)
Seat 4: 3f2717ce ($5.9 in chips)
Seat 5: Hero ($11.05 in chips)
3f2717ce: posts small blind $0.02
Hero: posts big blind $0.05
*** HOLE CARDS ***
Dealt to 22d536f8 
Dealt to 5871bdd7 
Dealt to 3f2717ce 
Dealt to Hero [9s 4h]
22d536f8: raises $0.05 to $0.1
5871bdd7: folds
3f2717ce: folds
Hero: folds
Uncalled bet ($0.05) returned to 22d536f8
*** SHOWDOWN ***
22d536f8 collected $0.12 from pot
*** SUMMARY ***
Total pot $0.12 | Rake $0 | Jackpot $0 | Bingo $0 | Fortune $0
Seat 1: 22d536f8 collected ($0.12)
Seat 2: 5871bdd7 (button) folded before Flop (didn't bet)
Seat 4: 3f2717ce (small blind) folded before Flop
Seat 5: Hero (big blind) folded before Flop


Poker Hand #HD1203339769: Hold'em No Limit  ($0.02/$0.05) - 2023/04/14 22:35:38
Table 'NLHBlue19' 6-max Seat #1 is the button
Seat 1: 22d536f8 ($1.05 in chips)
Seat 2: 5871bdd7 ($5 in chips)
Seat 3: 9a0224ba ($10.75 in chips)
Seat 4: 3f2717ce ($5.71 in chips)
Seat 5: Hero ($11.05 in chips)
5871bdd7: posts small blind $0.02
9a0224ba: posts big blind $0.05
*** HOLE CARDS ***
Dealt to 22d536f8 
Dealt to 5871bdd7 
Dealt to 9a0224ba 
Dealt to 3f2717ce 
Dealt to Hero [Qd 8h]
3f2717ce: raises $0.08 to $0.13
Hero: folds
22d536f8: calls $0.13
5871bdd7: folds
9a0224ba: folds
*** FLOP *** [2c 6d 8c]
3f2717ce: bets $1.15
22d536f8: folds
Uncalled bet ($1.15) returned to 3f2717ce
*** SHOWDOWN ***
3f2717ce collected $0.32 from pot
*** SUMMARY ***
Total pot $0.33 | Rake $0.01 | Jackpot $0 | Bingo $0 | Fortune $0
Board [2c 6d 8c]
Seat 1: 22d536f8 (button) folded on the Flop
Seat 2: 5871bdd7 (small blind) folded before Flop
Seat 3: 9a0224ba (big blind) folded before Flop
Seat 4: 3f2717ce won ($0.32)
Seat 5: Hero folded before Flop (didn't bet)


Poker Hand #HD1203339669: Hold'em No Limit  ($0.02/$0.05) - 2023/04/14 22:34:35
Table 'NLHBlue19' 6-max Seat #6 is the button
Seat 1: 22d536f8 ($1.07 in chips)
Seat 2: 5871bdd7 ($5.31 in chips)
Seat 3: 9a0224ba ($8.56 in chips)
Seat 4: 3f2717ce ($5.71 in chips)
Seat 5: Hero ($11.05 in chips)
Seat 6: 3cfac0fe ($2.04 in chips)
22d536f8: posts small blind $0.02
5871bdd7: posts big blind $0.05
3cfac0fe: straddle $0.1
5871bdd7: straddle $0.2
3cfac0fe: straddle $0.4
*** HOLE CARDS ***
Dealt to 22d536f8 
Dealt to 5871bdd7 
Dealt to 9a0224ba 
Dealt to 3f2717ce 
Dealt to Hero [Kd 9c]
Dealt to 3cfac0fe 
22d536f8: folds
5871bdd7: calls $0.2
9a0224ba: raises $0.4 to $0.8
3f2717ce: folds
Hero: folds
3cfac0fe: calls $0.4
5871bdd7: folds
*** FLOP *** [Ts 4c 7s]
9a0224ba: bets $7.76 and is all-in
3cfac0fe: calls $1.24 and is all-in
Uncalled bet ($6.52) returned to 9a0224ba
9a0224ba: shows [Ah Th] (Pair of Tens)
3cfac0fe: shows [4s Jc] (Pair of Fours)
*** TURN *** [Ts 4c 7s] [2s]
*** RIVER *** [Ts 4c 7s 2s] [6c]
*** SHOWDOWN ***
9a0224ba collected $4.23 from pot
*** SUMMARY ***
Total pot $4.5 | Rake $0.22 | Jackpot $0.05 | Bingo $0 | Fortune $0
Board [Ts 4c 7s 2s 6c]
Seat 1: 22d536f8 (small blind) folded before Flop
Seat 2: 5871bdd7 (big blind) folded before Flop
Seat 3: 9a0224ba showed [Ah Th] and won ($4.23) with Pair of Tens
Seat 4: 3f2717ce folded before Flop (didn't bet)
Seat 5: Hero folded before Flop (didn't bet)
Seat 6: 3cfac0fe (button) showed [4s Jc] and lost with Pair of Fours


Poker Hand #HD1203339583: Hold'em No Limit  ($0.02/$0.05) - 2023/04/14 22:33:40
Table 'NLHBlue19' 6-max Seat #5 is the button
Seat 1: 22d536f8 ($1.27 in chips)
Seat 2: 5871bdd7 ($5.31 in chips)
Seat 3: 9a0224ba ($8.19 in chips)
Seat 4: 3f2717ce ($5.71 in chips)
Seat 5: Hero ($11.05 in chips)
Seat 6: 3cfac0fe ($2.24 in chips)
3cfac0fe: posts small blind $0.02
22d536f8: posts big blind $0.05
3cfac0fe: straddle $0.1
*** HOLE CARDS ***
Dealt to 22d536f8 
Dealt to 5871bdd7 
Dealt to 9a0224ba 
Dealt to 3f2717ce 
Dealt to Hero [7s 3s]
Dealt to 3cfac0fe 
22d536f8: calls $0.05
5871bdd7: folds
9a0224ba: calls $0.1
3f2717ce: folds
Hero: folds
3cfac0fe: checks
*** FLOP *** [3h Kd Qh]
3cfac0fe: bets $0.1
22d536f8: calls $0.1
9a0224ba: raises $0.2 to $0.3
3cfac0fe: folds
22d536f8: folds
Uncalled bet ($0.2) returned to 9a0224ba
*** SHOWDOWN ***
9a0224ba collected $0.57 from pot
*** SUMMARY ***
Total pot $0.6 | Rake $0.03 | Jackpot $0 | Bingo $0 | Fortune $0
Board [3h Kd Qh]
Seat 1: 22d536f8 (big blind) folded on the Flop
Seat 2: 5871bdd7 folded before Flop (didn't bet)
Seat 3: 9a0224ba won ($0.57)
Seat 4: 3f2717ce folded before Flop (didn't bet)
Seat 5: Hero (button) folded before Flop (didn't bet)
Seat 6: 3cfac0fe (small blind) folded on the Flop


Poker Hand #HD1203339531: Hold'em No Limit  ($0.02/$0.05) - 2023/04/14 22:33:09
Table 'NLHBlue19' 6-max Seat #4 is the button
Seat 1: 22d536f8 ($1.27 in chips)
Seat 2: 5871bdd7 ($5.44 in chips)
Seat 3: 9a0224ba ($8.19 in chips)
Seat 4: 3f2717ce ($5.71 in chips)
Seat 5: Hero ($11.07 in chips)
Seat 6: 3cfac0fe ($2.1 in chips)
Hero: posts small blind $0.02
3cfac0fe: posts big blind $0.05
*** HOLE CARDS ***
Dealt to 22d536f8 
Dealt to 5871bdd7 
Dealt to 9a0224ba 
Dealt to 3f2717ce 
Dealt to Hero [Kh 6d]
Dealt to 3cfac0fe 
22d536f8: folds
5871bdd7: raises $0.08 to $0.13
9a0224ba: folds
3f2717ce: folds
Hero: folds
3cfac0fe: calls $0.08
*** FLOP *** [7s 9s Td]
3cfac0fe: bets $0.28
5871bdd7: folds
Uncalled bet ($0.28) returned to 3cfac0fe
*** SHOWDOWN ***
3cfac0fe collected $0.27 from pot
*** SUMMARY ***
Total pot $0.28 | Rake $0.01 | Jackpot $0 | Bingo $0 | Fortune $0
Board [7s 9s Td]
Seat 1: 22d536f8 folded before Flop (didn't bet)
Seat 2: 5871bdd7 folded on the Flop
Seat 3: 9a0224ba folded before Flop (didn't bet)
Seat 4: 3f2717ce (button) folded before Flop (didn't bet)
Seat 5: Hero (small blind) folded before Flop
Seat 6: 3cfac0fe (big blind) won ($0.27)


Poker Hand #HD1203339485: Hold'em No Limit  ($0.02/$0.05) - 2023/04/14 22:32:45
Table 'NLHBlue19' 6-max Seat #3 is the button
Seat 1: 22d536f8 ($1.27 in chips)
Seat 2: 5871bdd7 ($5.44 in chips)
Seat 3: 9a0224ba ($8.12 in chips)
Seat 4: 3f2717ce ($5.73 in chips)
Seat 5: Hero ($11.12 in chips)
Seat 6: 3cfac0fe ($2.1 in chips)
3f2717ce: posts small blind $0.02
Hero: posts big blind $0.05
9a0224ba: straddle $0.1
*** HOLE CARDS ***
Dealt to 22d536f8 
Dealt to 5871bdd7 
Dealt to 9a0224ba 
Dealt to 3f2717ce 
Dealt to Hero [Jh 4d]
Dealt to 3cfac0fe 
3f2717ce: folds
Hero: folds
3cfac0fe: folds
22d536f8: folds
5871bdd7: folds
Uncalled bet ($0.05) returned to 9a0224ba
*** SHOWDOWN ***
9a0224ba collected $0.12 from pot
*** SUMMARY ***
Total pot $0.12 | Rake $0 | Jackpot $0 | Bingo $0 | Fortune $0
Seat 1: 22d536f8 folded before Flop (didn't bet)
Seat 2: 5871bdd7 folded before Flop (didn't bet)
Seat 3: 9a0224ba (button) collected ($0.12)
Seat 4: 3f2717ce (small blind) folded before Flop
Seat 5: Hero (big blind) folded before Flop
Seat 6: 3cfac0fe folded before Flop (didn't bet)


Poker Hand #HD1203339334: Hold'em No Limit  ($0.02/$0.05) - 2023/04/14 22:31:24
Table 'NLHBlue19' 6-max Seat #2 is the button
Seat 1: 22d536f8 ($1.27 in chips)
Seat 2: 5871bdd7 ($5.44 in chips)
Seat 3: 9a0224ba ($8.14 in chips)
Seat 4: 3f2717ce ($5.07 in chips)
Seat 5: Hero ($11.83 in chips)
Seat 6: 3cfac0fe ($2.1 in chips)
9a0224ba: posts small blind $0.02
3f2717ce: posts big blind $0.05
*** HOLE CARDS ***
Dealt to 22d536f8 
Dealt to 5871bdd7 
Dealt to 9a0224ba 
Dealt to 3f2717ce 
Dealt to Hero [Qc Ah]
Dealt to 3cfac0fe 
Hero: raises $0.07 to $0.12
3cfac0fe: folds
22d536f8: folds
5871bdd7: folds
9a0224ba: folds
3f2717ce: calls $0.07
*** FLOP *** [9c Kh 6s]
3f2717ce: bets $0.09
Hero: calls $0.09
*** TURN *** [9c Kh 6s] [Qd]
3f2717ce: bets $0.1
Hero: calls $0.1
*** RIVER *** [9c Kh 6s Qd] [4c]
3f2717ce: bets $0.15
Hero: raises $0.25 to $0.4
3f2717ce: raises $1.2 to $1.6
Hero: folds
Uncalled bet ($1.2) returned to 3f2717ce
*** SHOWDOWN ***
3f2717ce collected $1.37 from pot
*** SUMMARY ***
Total pot $1.44 | Rake $0.07 | Jackpot $0 | Bingo $0 | Fortune $0
Board [9c Kh 6s Qd 4c]
Seat 1: 22d536f8 folded before Flop (didn't bet)
Seat 2: 5871bdd7 (button) folded before Flop (didn't bet)
Seat 3: 9a0224ba (small blind) folded before Flop
Seat 4: 3f2717ce (big blind) won ($1.37)
Seat 5: Hero folded on the River
Seat 6: 3cfac0fe folded before Flop (didn't bet)


Poker Hand #HD1203339314: Hold'em No Limit  ($0.02/$0.05) - 2023/04/14 22:31:09
Table 'NLHBlue19' 6-max Seat #1 is the button
Seat 1: 22d536f8 ($1.27 in chips)
Seat 2: 5871bdd7 ($5.46 in chips)
Seat 3: 9a0224ba ($8.12 in chips)
Seat 4: 3f2717ce ($5.07 in chips)
Seat 5: Hero ($11.83 in chips)
Seat 6: 3cfac0fe ($2.1 in chips)
5871bdd7: posts small blind $0.02
9a0224ba: posts big blind $0.05
*** HOLE CARDS ***
Dealt to 22d536f8 
Dealt to 5871bdd7 
Dealt to 9a0224ba 
Dealt to 3f2717ce 
Dealt to Hero [3s 7d]
Dealt to 3cfac0fe 
3f2717ce: folds
Hero: folds
3cfac0fe: folds
22d536f8: folds
5871bdd7: folds
Uncalled bet ($0.03) returned to 9a0224ba
*** SHOWDOWN ***
9a0224ba collected $0.04 from pot
*** SUMMARY ***
Total pot $0.04 | Rake $0 | Jackpot $0 | Bingo $0 | Fortune $0
Seat 1: 22d536f8 (button) folded before Flop (didn't bet)
Seat 2: 5871bdd7 (small blind) folded before Flop
Seat 3: 9a0224ba (big blind) collected ($0.04)
Seat 4: 3f2717ce folded before Flop (didn't bet)
Seat 5: Hero folded before Flop (didn't bet)
Seat 6: 3cfac0fe folded before Flop (didn't bet)


Poker Hand #HD1203339177: Hold'em No Limit  ($0.02/$0.05) - 2023/04/14 22:29:49
Table 'NLHBlue19' 6-max Seat #6 is the button
Seat 1: 22d536f8 ($1.37 in chips)
Seat 2: 5871bdd7 ($5 in chips)
Seat 3: 9a0224ba ($8.12 in chips)
Seat 4: 3f2717ce ($5.07 in chips)
Seat 5: Hero ($11.83 in chips)
Seat 6: 3cfac0fe ($2.5 in chips)
22d536f8: posts small blind $0.02
5871bdd7: posts big blind $0.05
*** HOLE CARDS ***
Dealt to 22d536f8 
Dealt to 5871bdd7 
Dealt to 9a0224ba 
Dealt to 3f2717ce 
Dealt to Hero [7s 2h]
Dealt to 3cfac0fe 
9a0224ba: folds
3f2717ce: folds
Hero: folds
3cfac0fe: calls $0.05
22d536f8: calls $0.03
5871bdd7: checks
*** FLOP *** [Ad As 7d]
22d536f8: bets $0.05
5871bdd7: calls $0.05
3cfac0fe: calls $0.05
*** TURN *** [Ad As 7d] [7c]
22d536f8: checks
5871bdd7: checks
3cfac0fe: bets $0.15
22d536f8: folds
5871bdd7: raises $0.15 to $0.3
3cfac0fe: calls $0.15
*** RIVER *** [Ad As 7d 7c] [Ts]
5871bdd7: bets $0.45
3cfac0fe: folds
Uncalled bet ($0.45) returned to 5871bdd7
*** SHOWDOWN ***
5871bdd7 collected $0.86 from pot
*** SUMMARY ***
Total pot $0.9 | Rake $0.04 | Jackpot $0 | Bingo $0 | Fortune $0
Board [Ad As 7d 7c Ts]
Seat 1: 22d536f8 (small blind) folded on the Turn
Seat 2: 5871bdd7 (big blind) won ($0.86)
Seat 3: 9a0224ba folded before Flop (didn't bet)
Seat 4: 3f2717ce folded before Flop (didn't bet)
Seat 5: Hero folded before Flop (didn't bet)
Seat 6: 3cfac0fe (button) folded on the River


Poker Hand #HD1203339143: Hold'em No Limit  ($0.02/$0.05) - 2023/04/14 22:29:27
Table 'NLHBlue19' 6-max Seat #5 is the button
Seat 1: 22d536f8 ($1.42 in chips)
Seat 3: 9a0224ba ($8.12 in chips)
Seat 4: 3f2717ce ($5.07 in chips)
Seat 5: Hero ($11.83 in chips)
Seat 6: 3cfac0fe ($2.45 in chips)
3cfac0fe: posts small blind $0.02
22d536f8: posts big blind $0.05
*** HOLE CARDS ***
Dealt to 22d536f8 
Dealt to 9a0224ba 
Dealt to 3f2717ce 
Dealt to Hero [Ts 8c]
Dealt to 3cfac0fe 
9a0224ba: folds
3f2717ce: folds
Hero: folds
3cfac0fe: calls $0.03
22d536f8: checks
*** FLOP *** [9s Jc 5h]
3cfac0fe: bets $0.08
22d536f8: folds
Uncalled bet ($0.08) returned to 3cfac0fe
*** SHOWDOWN ***
3cfac0fe collected $0.1 from pot
*** SUMMARY ***
Total pot $0.1 | Rake $0 | Jackpot $0 | Bingo $0 | Fortune $0
Board [9s Jc 5h]
Seat 1: 22d536f8 (big blind) folded on the Flop
Seat 3: 9a0224ba folded before Flop (didn't bet)
Seat 4: 3f2717ce folded before Flop (didn't bet)
Seat 5: Hero (button) folded before Flop (didn't bet)
Seat 6: 3cfac0fe (small blind) won ($0.1)


Poker Hand #HD1203339118: Hold'em No Limit  ($0.02/$0.05) - 2023/04/14 22:29:09
Table 'NLHBlue19' 6-max Seat #4 is the button
Seat 1: 22d536f8 ($1.42 in chips)
Seat 3: 9a0224ba ($8.12 in chips)
Seat 4: 3f2717ce ($5 in chips)
Seat 5: Hero ($11.85 in chips)
Seat 6: 3cfac0fe ($2.5 in chips)
Hero: posts small blind $0.02
3cfac0fe: posts big blind $0.05
*** HOLE CARDS ***
Dealt to 22d536f8 
Dealt to 9a0224ba 
Dealt to 3f2717ce 
Dealt to Hero [2c Jh]
Dealt to 3cfac0fe 
22d536f8: folds
9a0224ba: folds
3f2717ce: raises $0.1 to $0.15
Hero: folds
3cfac0fe: folds
Uncalled bet ($0.1) returned to 3f2717ce
*** SHOWDOWN ***
3f2717ce collected $0.12 from pot
*** SUMMARY ***
Total pot $0.12 | Rake $0 | Jackpot $0 | Bingo $0 | Fortune $0
Seat 1: 22d536f8 folded before Flop (didn't bet)
Seat 3: 9a0224ba folded before Flop (didn't bet)
Seat 4: 3f2717ce (button) collected ($0.12)
Seat 5: Hero (small blind) folded before Flop
Seat 6: 3cfac0fe (big blind) folded before Flop


Poker Hand #HD1203339029: Hold'em No Limit  ($0.02/$0.05) - 2023/04/14 22:28:19
Table 'NLHBlue19' 6-max Seat #3 is the button
Seat 1: 22d536f8 ($1.42 in chips)
Seat 2: 5e71e1ad ($6.7 in chips)
Seat 3: 9a0224ba ($8.22 in chips)
Seat 4: 3f2717ce ($5.02 in chips)
Seat 5: Hero ($11.74 in chips)
3f2717ce: posts small blind $0.02
Hero: posts big blind $0.05
9a0224ba: straddle $0.1
*** HOLE CARDS ***
Dealt to 22d536f8 
Dealt to 5e71e1ad 
Dealt to 9a0224ba 
Dealt to 3f2717ce 
Dealt to Hero [Qs Ah]
3f2717ce: folds
Hero: raises $0.33 to $0.43
22d536f8: folds
5e71e1ad: folds
9a0224ba: folds
Uncalled bet ($0.33) returned to Hero
*** SHOWDOWN ***
Hero collected $0.21 from pot
*** SUMMARY ***
Total pot $0.22 | Rake $0.01 | Jackpot $0 | Bingo $0 | Fortune $0
Seat 1: 22d536f8 folded before Flop (didn't bet)
Seat 2: 5e71e1ad folded before Flop (didn't bet)
Seat 3: 9a0224ba (button) folded before Flop
Seat 4: 3f2717ce (small blind) folded before Flop
Seat 5: Hero (big blind) collected ($0.21)


Poker Hand #HD1203338994: Hold'em No Limit  ($0.02/$0.05) - 2023/04/14 22:27:55
Table 'NLHBlue19' 6-max Seat #2 is the button
Seat 1: 22d536f8 ($1.42 in chips)
Seat 2: 5e71e1ad ($6.7 in chips)
Seat 3: 9a0224ba ($8.24 in chips)
Seat 4: 3f2717ce ($5 in chips)
Seat 5: Hero ($11.74 in chips)
9a0224ba: posts small blind $0.02
3f2717ce: posts big blind $0.05
*** HOLE CARDS ***
Dealt to 22d536f8 
Dealt to 5e71e1ad 
Dealt to 9a0224ba 
Dealt to 3f2717ce 
Dealt to Hero [8h 6h]
Hero: folds
22d536f8: folds
5e71e1ad: folds
9a0224ba: folds
Uncalled bet ($0.03) returned to 3f2717ce
*** SHOWDOWN ***
3f2717ce collected $0.04 from pot
*** SUMMARY ***
Total pot $0.04 | Rake $0 | Jackpot $0 | Bingo $0 | Fortune $0
Seat 1: 22d536f8 folded before Flop (didn't bet)
Seat 2: 5e71e1ad (button) folded before Flop (didn't bet)
Seat 3: 9a0224ba (small blind) folded before Flop
Seat 4: 3f2717ce (big blind) collected ($0.04)
Seat 5: Hero folded before Flop (didn't bet)


Poker Hand #HD1203338957: Hold'em No Limit  ($0.02/$0.05) - 2023/04/14 22:27:35
Table 'NLHBlue19' 6-max Seat #1 is the button
Seat 1: 22d536f8 ($1.42 in chips)
Seat 2: 5e71e1ad ($6.75 in chips)
Seat 3: 9a0224ba ($8.19 in chips)
Seat 4: 3f2717ce ($5 in chips)
Seat 5: Hero ($11.74 in chips)
5e71e1ad: posts small blind $0.02
9a0224ba: posts big blind $0.05
*** HOLE CARDS ***
Dealt to 22d536f8 
Dealt to 5e71e1ad 
Dealt to 9a0224ba 
Dealt to 3f2717ce 
Dealt to Hero [5c Ts]
3f2717ce: folds
Hero: folds
22d536f8: folds
5e71e1ad: calls $0.03
9a0224ba: raises $0.1 to $0.15
5e71e1ad: folds
Uncalled bet ($0.1) returned to 9a0224ba
*** SHOWDOWN ***
9a0224ba collected $0.1 from pot
*** SUMMARY ***
Total pot $0.1 | Rake $0 | Jackpot $0 | Bingo $0 | Fortune $0
Seat 1: 22d536f8 (button) folded before Flop (didn't bet)
Seat 2: 5e71e1ad (small blind) folded before Flop
Seat 3: 9a0224ba (big blind) collected ($0.1)
Seat 4: 3f2717ce folded before Flop (didn't bet)
Seat 5: Hero folded before Flop (didn't bet)


Poker Hand #HD1203338891: Hold'em No Limit  ($0.02/$0.05) - 2023/04/14 22:26:48
Table 'NLHBlue19' 6-max Seat #5 is the button
Seat 1: 22d536f8 ($1.44 in chips)
Seat 2: 5e71e1ad ($6.62 in chips)
Seat 3: 9a0224ba ($8.19 in chips)
Seat 4: 3f2717ce ($5 in chips)
Seat 5: Hero ($11.86 in chips)
22d536f8: posts small blind $0.02
5e71e1ad: posts big blind $0.05
*** HOLE CARDS ***
Dealt to 22d536f8 
Dealt to 5e71e1ad 
Dealt to 9a0224ba 
Dealt to 3f2717ce 
Dealt to Hero [8d Qd]
9a0224ba: folds
3f2717ce: folds
Hero: raises $0.07 to $0.12
22d536f8: folds
5e71e1ad: calls $0.07
*** FLOP *** [7h 3s 2h]
5e71e1ad: checks
Hero: checks
*** TURN *** [7h 3s 2h] [4s]
5e71e1ad: bets $0.2
Hero: folds
Uncalled bet ($0.2) returned to 5e71e1ad
*** SHOWDOWN ***
5e71e1ad collected $0.25 from pot
*** SUMMARY ***
Total pot $0.26 | Rake $0.01 | Jackpot $0 | Bingo $0 | Fortune $0
Board [7h 3s 2h 4s]
Seat 1: 22d536f8 (small blind) folded before Flop
Seat 2: 5e71e1ad (big blind) won ($0.25)
Seat 3: 9a0224ba folded before Flop (didn't bet)
Seat 4: 3f2717ce folded before Flop (didn't bet)
Seat 5: Hero (button) folded on the Turn


Poker Hand #HD1203338836: Hold'em No Limit  ($0.02/$0.05) - 2023/04/14 22:26:15
Table 'NLHBlue19' 6-max Seat #4 is the button
Seat 1: 22d536f8 ($1.7 in chips)
Seat 2: 5e71e1ad ($6.36 in chips)
Seat 3: 9a0224ba ($8.19 in chips)
Seat 4: 3f2717ce ($5 in chips)
Seat 5: Hero ($11.88 in chips)
Hero: posts small blind $0.02
22d536f8: posts big blind $0.05
*** HOLE CARDS ***
Dealt to 22d536f8 
Dealt to 5e71e1ad 
Dealt to 9a0224ba 
Dealt to 3f2717ce 
Dealt to Hero [Qc 2d]
5e71e1ad: raises $0.1 to $0.15
9a0224ba: folds
3f2717ce: folds
Hero: folds
22d536f8: calls $0.1
*** FLOP *** [7d 9c Qd]
22d536f8: checks
5e71e1ad: bets $0.11
22d536f8: calls $0.11
*** TURN *** [7d 9c Qd] [5c]
22d536f8: checks
5e71e1ad: bets $0.3
22d536f8: folds
Uncalled bet ($0.3) returned to 5e71e1ad
*** SHOWDOWN ***
5e71e1ad collected $0.52 from pot
*** SUMMARY ***
Total pot $0.54 | Rake $0.02 | Jackpot $0 | Bingo $0 | Fortune $0
Board [7d 9c Qd 5c]
Seat 1: 22d536f8 (big blind) folded on the Turn
Seat 2: 5e71e1ad won ($0.52)
Seat 3: 9a0224ba folded before Flop (didn't bet)
Seat 4: 3f2717ce (button) folded before Flop (didn't bet)
Seat 5: Hero (small blind) folded before Flop


Poker Hand #HD1203338774: Hold'em No Limit  ($0.02/$0.05) - 2023/04/14 22:25:34
Table 'NLHBlue19' 6-max Seat #3 is the button
Seat 1: 22d536f8 ($1.7 in chips)
Seat 2: 5e71e1ad ($6.36 in chips)
Seat 3: 9a0224ba ($8.12 in chips)
Seat 4: 3f2717ce ($5.02 in chips)
Seat 5: Hero ($11.93 in chips)
Seat 6: 507aa8c6 ($5.31 in chips)
3f2717ce: posts small blind $0.02
Hero: posts big blind $0.05
9a0224ba: straddle $0.1
*** HOLE CARDS ***
Dealt to 22d536f8 
Dealt to 5e71e1ad 
Dealt to 9a0224ba 
Dealt to 3f2717ce 
Dealt to Hero [3d 4h]
Dealt to 507aa8c6 
3f2717ce: folds
Hero: folds
507aa8c6: folds
22d536f8: folds
5e71e1ad: folds
Uncalled bet ($0.05) returned to 9a0224ba
*** SHOWDOWN ***
9a0224ba collected $0.12 from pot
*** SUMMARY ***
Total pot $0.12 | Rake $0 | Jackpot $0 | Bingo $0 | Fortune $0
Seat 1: 22d536f8 folded before Flop (didn't bet)
Seat 2: 5e71e1ad folded before Flop (didn't bet)
Seat 3: 9a0224ba (button) collected ($0.12)
Seat 4: 3f2717ce (small blind) folded before Flop
Seat 5: Hero (big blind) folded before Flop
Seat 6: 507aa8c6 folded before Flop (didn't bet)


Poker Hand #HD1203338737: Hold'em No Limit  ($0.02/$0.05) - 2023/04/14 22:25:09
Table 'NLHBlue19' 6-max Seat #2 is the button
Seat 1: 22d536f8 ($1.7 in chips)
Seat 2: 5e71e1ad ($6.36 in chips)
Seat 3: 9a0224ba ($8.07 in chips)
Seat 4: 3f2717ce ($5.07 in chips)
Seat 5: Hero ($11.93 in chips)
Seat 6: 507aa8c6 ($5.31 in chips)
9a0224ba: posts small blind $0.02
3f2717ce: posts big blind $0.05
*** HOLE CARDS ***
Dealt to 22d536f8 
Dealt to 5e71e1ad 
Dealt to 9a0224ba 
Dealt to 3f2717ce 
Dealt to Hero [9h 6d]
Dealt to 507aa8c6 
Hero: folds
507aa8c6: folds
22d536f8: folds
5e71e1ad: folds
9a0224ba: raises $0.1 to $0.15
3f2717ce: folds
Uncalled bet ($0.1) returned to 9a0224ba
*** SHOWDOWN ***
9a0224ba collected $0.1 from pot
*** SUMMARY ***
Total pot $0.1 | Rake $0 | Jackpot $0 | Bingo $0 | Fortune $0
Seat 1: 22d536f8 folded before Flop (didn't bet)
Seat 2: 5e71e1ad (button) folded before Flop (didn't bet)
Seat 3: 9a0224ba (small blind) collected ($0.1)
Seat 4: 3f2717ce (big blind) folded before Flop
Seat 5: Hero folded before Flop (didn't bet)
Seat 6: 507aa8c6 folded before Flop (didn't bet)


Poker Hand #HD1203338670: Hold'em No Limit  ($0.02/$0.05) - 2023/04/14 22:24:29
Table 'NLHBlue19' 6-max Seat #1 is the button
Seat 1: 22d536f8 ($1.7 in chips)
Seat 2: 5e71e1ad ($6.17 in chips)
Seat 3: 9a0224ba ($8.12 in chips)
Seat 5: Hero ($11.93 in chips)
Seat 6: 507aa8c6 ($5.46 in chips)
5e71e1ad: posts small blind $0.02
9a0224ba: posts big blind $0.05
*** HOLE CARDS ***
Dealt to 22d536f8 
Dealt to 5e71e1ad 
Dealt to 9a0224ba 
Dealt to Hero [8d Ks]
Dealt to 507aa8c6 
Hero: folds
507aa8c6: raises $0.1 to $0.15
22d536f8: folds
5e71e1ad: calls $0.13
9a0224ba: folds
*** FLOP *** [8s 3h 3d]
5e71e1ad: checks
507aa8c6: checks
*** TURN *** [8s 3h 3d] [5h]
5e71e1ad: bets $0.27
507aa8c6: folds
Uncalled bet ($0.27) returned to 5e71e1ad
*** SHOWDOWN ***
5e71e1ad collected $0.34 from pot
*** SUMMARY ***
Total pot $0.35 | Rake $0.01 | Jackpot $0 | Bingo $0 | Fortune $0
Board [8s 3h 3d 5h]
Seat 1: 22d536f8 (button) folded before Flop (didn't bet)
Seat 2: 5e71e1ad (small blind) won ($0.34)
Seat 3: 9a0224ba (big blind) folded before Flop
Seat 5: Hero folded before Flop (didn't bet)
Seat 6: 507aa8c6 folded on the Turn


Poker Hand #HD1203338607: Hold'em No Limit  ($0.02/$0.05) - 2023/04/14 22:23:52
Table 'NLHBlue19' 6-max Seat #6 is the button
Seat 1: 22d536f8 ($1.82 in chips)
Seat 2: 5e71e1ad ($6.29 in chips)
Seat 3: 9a0224ba ($8.12 in chips)
Seat 5: Hero ($11.93 in chips)
Seat 6: 507aa8c6 ($5.23 in chips)
22d536f8: posts small blind $0.02
5e71e1ad: posts big blind $0.05
*** HOLE CARDS ***
Dealt to 22d536f8 
Dealt to 5e71e1ad 
Dealt to 9a0224ba 
Dealt to Hero [3c 5s]
Dealt to 507aa8c6 
9a0224ba: folds
Hero: folds
507aa8c6: raises $0.07 to $0.12
22d536f8: calls $0.1
5e71e1ad: calls $0.07
*** FLOP *** [2c Qd 7c]
22d536f8: checks
5e71e1ad: checks
507aa8c6: bets $0.18
22d536f8: folds
5e71e1ad: folds
Uncalled bet ($0.18) returned to 507aa8c6
*** SHOWDOWN ***
507aa8c6 collected $0.35 from pot
*** SUMMARY ***
Total pot $0.36 | Rake $0.01 | Jackpot $0 | Bingo $0 | Fortune $0
Board [2c Qd 7c]
Seat 1: 22d536f8 (small blind) folded on the Flop
Seat 2: 5e71e1ad (big blind) folded on the Flop
Seat 3: 9a0224ba folded before Flop (didn't bet)
Seat 5: Hero folded before Flop (didn't bet)
Seat 6: 507aa8c6 (button) won ($0.35)


Poker Hand #HD1203338511: Hold'em No Limit  ($0.02/$0.05) - 2023/04/14 22:22:59
Table 'NLHBlue19' 6-max Seat #5 is the button
Seat 1: 22d536f8 ($1.97 in chips)
Seat 2: 5e71e1ad ($5.57 in chips)
Seat 3: 9a0224ba ($8.58 in chips)
Seat 5: Hero ($12.08 in chips)
Seat 6: 507aa8c6 ($5.25 in chips)
507aa8c6: posts small blind $0.02
22d536f8: posts big blind $0.05
*** HOLE CARDS ***
Dealt to 22d536f8 
Dealt to 5e71e1ad 
Dealt to 9a0224ba 
Dealt to Hero [8s 8d]
Dealt to 507aa8c6 
5e71e1ad: raises $0.1 to $0.15
9a0224ba: calls $0.15
Hero: calls $0.15
507aa8c6: folds
22d536f8: calls $0.1
*** FLOP *** [6s Ad Qc]
22d536f8: checks
5e71e1ad: checks
9a0224ba: checks
Hero: checks
*** TURN *** [6s Ad Qc] [Jd]
22d536f8: checks
5e71e1ad: bets $0.31
9a0224ba: calls $0.31
Hero: folds
22d536f8: folds
*** RIVER *** [6s Ad Qc Jd] [Qh]
5e71e1ad: bets $0.41
9a0224ba: folds
Uncalled bet ($0.41) returned to 5e71e1ad
*** SHOWDOWN ***
5e71e1ad collected $1.18 from pot
*** SUMMARY ***
Total pot $1.24 | Rake $0.06 | Jackpot $0 | Bingo $0 | Fortune $0
Board [6s Ad Qc Jd Qh]
Seat 1: 22d536f8 (big blind) folded on the Turn
Seat 2: 5e71e1ad won ($1.18)
Seat 3: 9a0224ba folded on the River
Seat 5: Hero (button) folded on the Turn
Seat 6: 507aa8c6 (small blind) folded before Flop


Poker Hand #HD1203338465: Hold'em No Limit  ($0.02/$0.05) - 2023/04/14 22:22:31
Table 'NLHBlue19' 6-max Seat #3 is the button
Seat 1: 22d536f8 ($1.97 in chips)
Seat 2: 5e71e1ad ($5.57 in chips)
Seat 3: 9a0224ba ($8.42 in chips)
Seat 5: Hero ($12.1 in chips)
Seat 6: 507aa8c6 ($5.4 in chips)
Hero: posts small blind $0.02
507aa8c6: posts big blind $0.05
*** HOLE CARDS ***
Dealt to 22d536f8 
Dealt to 5e71e1ad 
Dealt to 9a0224ba 
Dealt to Hero [4d Js]
Dealt to 507aa8c6 
22d536f8: folds
5e71e1ad: folds
9a0224ba: raises $0.1 to $0.15
Hero: folds
507aa8c6: calls $0.1
*** FLOP *** [Ad 9h 9d]
507aa8c6: checks
9a0224ba: bets $0.16
507aa8c6: folds
Uncalled bet ($0.16) returned to 9a0224ba
*** SHOWDOWN ***
9a0224ba collected $0.31 from pot
*** SUMMARY ***
Total pot $0.32 | Rake $0.01 | Jackpot $0 | Bingo $0 | Fortune $0
Board [Ad 9h 9d]
Seat 1: 22d536f8 folded before Flop (didn't bet)
Seat 2: 5e71e1ad folded before Flop (didn't bet)
Seat 3: 9a0224ba (button) won ($0.31)
Seat 5: Hero (small blind) folded before Flop
Seat 6: 507aa8c6 (big blind) folded on the Flop


Poker Hand #HD1203338442: Hold'em No Limit  ($0.02/$0.05) - 2023/04/14 22:22:18
Table 'NLHBlue19' 6-max Seat #2 is the button
Seat 1: 22d536f8 ($1.97 in chips)
Seat 2: 5e71e1ad ($5.57 in chips)
Seat 3: 9a0224ba ($8.44 in chips)
Seat 5: Hero ($12.08 in chips)
Seat 6: 507aa8c6 ($5.4 in chips)
9a0224ba: posts small blind $0.02
Hero: posts big blind $0.05
*** HOLE CARDS ***
Dealt to 22d536f8 
Dealt to 5e71e1ad 
Dealt to 9a0224ba 
Dealt to Hero [Ad Qs]
Dealt to 507aa8c6 
507aa8c6: folds
22d536f8: folds
5e71e1ad: folds
9a0224ba: folds
Uncalled bet ($0.03) returned to Hero
*** SHOWDOWN ***
Hero collected $0.04 from pot
*** SUMMARY ***
Total pot $0.04 | Rake $0 | Jackpot $0 | Bingo $0 | Fortune $0
Seat 1: 22d536f8 folded before Flop (didn't bet)
Seat 2: 5e71e1ad (button) folded before Flop (didn't bet)
Seat 3: 9a0224ba (small blind) folded before Flop
Seat 5: Hero (big blind) collected ($0.04)
Seat 6: 507aa8c6 folded before Flop (didn't bet)


Poker Hand #HD1203338399: Hold'em No Limit  ($0.02/$0.05) - 2023/04/14 22:21:55
Table 'NLHBlue19' 6-max Seat #1 is the button
Seat 1: 22d536f8 ($1.97 in chips)
Seat 2: 5e71e1ad ($5.59 in chips)
Seat 3: 9a0224ba ($8.42 in chips)
Seat 4: 3f2717ce ($5.07 in chips)
Seat 5: Hero ($12.08 in chips)
Seat 6: 507aa8c6 ($5.4 in chips)
5e71e1ad: posts small blind $0.02
9a0224ba: posts big blind $0.05
*** HOLE CARDS ***
Dealt to 22d536f8 
Dealt to 5e71e1ad 
Dealt to 9a0224ba 
Dealt to 3f2717ce 
Dealt to Hero [4c 7d]
Dealt to 507aa8c6 
3f2717ce: folds
Hero: folds
507aa8c6: folds
22d536f8: folds
5e71e1ad: folds
Uncalled bet ($0.03) returned to 9a0224ba
*** SHOWDOWN ***
9a0224ba collected $0.04 from pot
*** SUMMARY ***
Total pot $0.04 | Rake $0 | Jackpot $0 | Bingo $0 | Fortune $0
Seat 1: 22d536f8 (button) folded before Flop (didn't bet)
Seat 2: 5e71e1ad (small blind) folded before Flop
Seat 3: 9a0224ba (big blind) collected ($0.04)
Seat 4: 3f2717ce folded before Flop (didn't bet)
Seat 5: Hero folded before Flop (didn't bet)
Seat 6: 507aa8c6 folded before Flop (didn't bet)


Poker Hand #HD1203338215: Hold'em No Limit  ($0.02/$0.05) - 2023/04/14 22:20:01
Table 'NLHBlue19' 6-max Seat #6 is the button
Seat 1: 22d536f8 ($1.99 in chips)
Seat 2: 5e71e1ad ($7.78 in chips)
Seat 3: 9a0224ba ($6.47 in chips)
Seat 4: 3f2717ce ($5.07 in chips)
Seat 5: Hero ($12.08 in chips)
Seat 6: 507aa8c6 ($5.4 in chips)
22d536f8: posts small blind $0.02
5e71e1ad: posts big blind $0.05
*** HOLE CARDS ***
Dealt to 22d536f8 
Dealt to 5e71e1ad 
Dealt to 9a0224ba 
Dealt to 3f2717ce 
Dealt to Hero [2c 9c]
Dealt to 507aa8c6 
9a0224ba: raises $0.05 to $0.1
3f2717ce: folds
Hero: folds
507aa8c6: folds
22d536f8: folds
5e71e1ad: raises $0.2 to $0.3
9a0224ba: calls $0.2
*** FLOP *** [4d 8d Jh]
5e71e1ad: bets $0.31
9a0224ba: calls $0.31
*** TURN *** [4d 8d Jh] [Ac]
5e71e1ad: bets $0.7
9a0224ba: calls $0.7
*** RIVER *** [4d 8d Jh Ac] [Qh]
5e71e1ad: bets $0.88
9a0224ba: raises $4.28 to $5.16 and is all-in
5e71e1ad: folds
Uncalled bet ($4.28) returned to 9a0224ba
*** SHOWDOWN ***
9a0224ba collected $4.14 from pot
*** SUMMARY ***
Total pot $4.4 | Rake $0.21 | Jackpot $0.05 | Bingo $0 | Fortune $0
Board [4d 8d Jh Ac Qh]
Seat 1: 22d536f8 (small blind) folded before Flop
Seat 2: 5e71e1ad (big blind) folded on the River
Seat 3: 9a0224ba won ($4.14)
Seat 4: 3f2717ce folded before Flop (didn't bet)
Seat 5: Hero folded before Flop (didn't bet)
Seat 6: 507aa8c6 (button) folded before Flop (didn't bet)


Poker Hand #HD1203338169: Hold'em No Limit  ($0.02/$0.05) - 2023/04/14 22:19:32
Table 'NLHBlue19' 6-max Seat #5 is the button
Seat 1: 22d536f8 ($2.04 in chips)
Seat 2: 5e71e1ad ($7.78 in chips)
Seat 3: 9a0224ba ($6.4 in chips)
Seat 4: 3f2717ce ($5.07 in chips)
Seat 5: Hero ($12.08 in chips)
Seat 6: 507aa8c6 ($5.42 in chips)
507aa8c6: posts small blind $0.02
22d536f8: posts big blind $0.05
*** HOLE CARDS ***
Dealt to 22d536f8 
Dealt to 5e71e1ad 
Dealt to 9a0224ba 
Dealt to 3f2717ce 
Dealt to Hero [Td 7s]
Dealt to 507aa8c6 
5e71e1ad: folds
9a0224ba: raises $0.05 to $0.1
3f2717ce: folds
Hero: folds
507aa8c6: folds
22d536f8: folds
Uncalled bet ($0.05) returned to 9a0224ba
*** SHOWDOWN ***
9a0224ba collected $0.12 from pot
*** SUMMARY ***
Total pot $0.12 | Rake $0 | Jackpot $0 | Bingo $0 | Fortune $0
Seat 1: 22d536f8 (big blind) folded before Flop
Seat 2: 5e71e1ad folded before Flop (didn't bet)
Seat 3: 9a0224ba collected ($0.12)
Seat 4: 3f2717ce folded before Flop (didn't bet)
Seat 5: Hero (button) folded before Flop (didn't bet)
Seat 6: 507aa8c6 (small blind) folded before Flop


Poker Hand #HD1203338098: Hold'em No Limit  ($0.02/$0.05) - 2023/04/14 22:18:51
Table 'NLHBlue19' 6-max Seat #4 is the button
Seat 1: 22d536f8 ($1.97 in chips)
Seat 2: 5e71e1ad ($7.78 in chips)
Seat 3: 9a0224ba ($6.4 in chips)
Seat 4: 3f2717ce ($5.07 in chips)
Seat 5: Hero ($12.1 in chips)
Seat 6: 507aa8c6 ($5.47 in chips)
Hero: posts small blind $0.02
507aa8c6: posts big blind $0.05
*** HOLE CARDS ***
Dealt to 22d536f8 
Dealt to 5e71e1ad 
Dealt to 9a0224ba 
Dealt to 3f2717ce 
Dealt to Hero [7d 5c]
Dealt to 507aa8c6 
22d536f8: calls $0.05
5e71e1ad: folds
9a0224ba: folds
3f2717ce: folds
Hero: folds
507aa8c6: checks
*** FLOP *** [Ah 7s 7c]
507aa8c6: checks
22d536f8: checks
*** TURN *** [Ah 7s 7c] [As]
507aa8c6: checks
22d536f8: checks
*** RIVER *** [Ah 7s 7c As] [8c]
507aa8c6: checks
22d536f8: checks
507aa8c6: shows [6d 4c] (Pair of Aces and Pair of Sevens)
22d536f8: shows [8d 9d] (Pair of Aces and Pair of Eights)
*** SHOWDOWN ***
22d536f8 collected $0.12 from pot
*** SUMMARY ***
Total pot $0.12 | Rake $0 | Jackpot $0 | Bingo $0 | Fortune $0
Board [Ah 7s 7c As 8c]
Seat 1: 22d536f8 showed [8d 9d] and won ($0.12) with Pair of Aces and Pair of Eights
Seat 2: 5e71e1ad folded before Flop (didn't bet)
Seat 3: 9a0224ba folded before Flop (didn't bet)
Seat 4: 3f2717ce (button) folded before Flop (didn't bet)
Seat 5: Hero (small blind) folded before Flop
Seat 6: 507aa8c6 (big blind) showed [6d 4c] and lost with Pair of Aces and Pair of Sevens


Poker Hand #HD1203337984: Hold'em No Limit  ($0.02/$0.05) - 2023/04/14 22:17:48
Table 'NLHBlue19' 6-max Seat #3 is the button
Seat 1: 22d536f8 ($2.47 in chips)
Seat 2: 5e71e1ad ($8.28 in chips)
Seat 3: 9a0224ba ($5.4 in chips)
Seat 4: 3f2717ce ($5.09 in chips)
Seat 5: Hero ($12.2 in chips)
Seat 6: 507aa8c6 ($5.47 in chips)
3f2717ce: posts small blind $0.02
Hero: posts big blind $0.05
9a0224ba: straddle $0.1
*** HOLE CARDS ***
Dealt to 22d536f8 
Dealt to 5e71e1ad 
Dealt to 9a0224ba 
Dealt to 3f2717ce 
Dealt to Hero [Ad Th]
Dealt to 507aa8c6 
3f2717ce: folds
Hero: calls $0.05
507aa8c6: folds
22d536f8: calls $0.1
5e71e1ad: calls $0.1
9a0224ba: raises $0.4 to $0.5
Hero: folds
22d536f8: calls $0.4
5e71e1ad: calls $0.4
*** FLOP *** [4s 2d Ks]
22d536f8: checks
5e71e1ad: checks
9a0224ba: bets $0.81
22d536f8: folds
5e71e1ad: folds
Uncalled bet ($0.81) returned to 9a0224ba
*** SHOWDOWN ***
9a0224ba collected $1.5 from pot
*** SUMMARY ***
Total pot $1.62 | Rake $0.07 | Jackpot $0.05 | Bingo $0 | Fortune $0
Board [4s 2d Ks]
Seat 1: 22d536f8 folded on the Flop
Seat 2: 5e71e1ad folded on the Flop
Seat 3: 9a0224ba (button) won ($1.5)
Seat 4: 3f2717ce (small blind) folded before Flop
Seat 5: Hero (big blind) folded before Flop
Seat 6: 507aa8c6 folded before Flop (didn't bet)


Poker Hand #HD1203337936: Hold'em No Limit  ($0.02/$0.05) - 2023/04/14 22:17:16
Table 'NLHBlue19' 6-max Seat #2 is the button
Seat 1: 22d536f8 ($2.47 in chips)
Seat 2: 5e71e1ad ($8.28 in chips)
Seat 3: 9a0224ba ($5.42 in chips)
Seat 4: 3f2717ce ($5.14 in chips)
Seat 5: Hero ($12.2 in chips)
Seat 6: 507aa8c6 ($5.4 in chips)
9a0224ba: posts small blind $0.02
3f2717ce: posts big blind $0.05
*** HOLE CARDS ***
Dealt to 22d536f8 
Dealt to 5e71e1ad 
Dealt to 9a0224ba 
Dealt to 3f2717ce 
Dealt to Hero [Jc Td]
Dealt to 507aa8c6 
Hero: folds
507aa8c6: raises $0.1 to $0.15
22d536f8: folds
5e71e1ad: folds
9a0224ba: folds
3f2717ce: folds
Uncalled bet ($0.1) returned to 507aa8c6
*** SHOWDOWN ***
507aa8c6 collected $0.12 from pot
*** SUMMARY ***
Total pot $0.12 | Rake $0 | Jackpot $0 | Bingo $0 | Fortune $0
Seat 1: 22d536f8 folded before Flop (didn't bet)
Seat 2: 5e71e1ad (button) folded before Flop (didn't bet)
Seat 3: 9a0224ba (small blind) folded before Flop
Seat 4: 3f2717ce (big blind) folded before Flop
Seat 5: Hero folded before Flop (didn't bet)
Seat 6: 507aa8c6 collected ($0.12)


Poker Hand #HD1203337898: Hold'em No Limit  ($0.02/$0.05) - 2023/04/14 22:16:59
Table 'NLHBlue19' 6-max Seat #1 is the button
Seat 1: 22d536f8 ($2.47 in chips)
Seat 2: 5e71e1ad ($8.3 in chips)
Seat 3: 9a0224ba ($5.4 in chips)
Seat 4: 3f2717ce ($5.14 in chips)
Seat 5: Hero ($12.2 in chips)
Seat 6: 507aa8c6 ($5.4 in chips)
5e71e1ad: posts small blind $0.02
9a0224ba: posts big blind $0.05
*** HOLE CARDS ***
Dealt to 22d536f8 
Dealt to 5e71e1ad 
Dealt to 9a0224ba 
Dealt to 3f2717ce 
Dealt to Hero [2h 7h]
Dealt to 507aa8c6 
3f2717ce: folds
Hero: folds
507aa8c6: folds
22d536f8: folds
5e71e1ad: folds
Uncalled bet ($0.03) returned to 9a0224ba
*** SHOWDOWN ***
9a0224ba collected $0.04 from pot
*** SUMMARY ***
Total pot $0.04 | Rake $0 | Jackpot $0 | Bingo $0 | Fortune $0
Seat 1: 22d536f8 (button) folded before Flop (didn't bet)
Seat 2: 5e71e1ad (small blind) folded before Flop
Seat 3: 9a0224ba (big blind) collected ($0.04)
Seat 4: 3f2717ce folded before Flop (didn't bet)
Seat 5: Hero folded before Flop (didn't bet)
Seat 6: 507aa8c6 folded before Flop (didn't bet)


Poker Hand #HD1203337863: Hold'em No Limit  ($0.02/$0.05) - 2023/04/14 22:16:39
Table 'NLHBlue19' 6-max Seat #6 is the button
Seat 1: 22d536f8 ($2.49 in chips)
Seat 2: 5e71e1ad ($8.35 in chips)
Seat 3: 9a0224ba ($5.4 in chips)
Seat 4: 3f2717ce ($5.14 in chips)
Seat 5: Hero ($12.2 in chips)
Seat 6: 507aa8c6 ($5.33 in chips)
22d536f8: posts small blind $0.02
5e71e1ad: posts big blind $0.05
*** HOLE CARDS ***
Dealt to 22d536f8 
Dealt to 5e71e1ad 
Dealt to 9a0224ba 
Dealt to 3f2717ce 
Dealt to Hero [As 9h]
Dealt to 507aa8c6 
9a0224ba: folds
3f2717ce: folds
Hero: folds
507aa8c6: raises $0.07 to $0.12
22d536f8: folds
5e71e1ad: folds
Uncalled bet ($0.07) returned to 507aa8c6
*** SHOWDOWN ***
507aa8c6 collected $0.12 from pot
*** SUMMARY ***
Total pot $0.12 | Rake $0 | Jackpot $0 | Bingo $0 | Fortune $0
Seat 1: 22d536f8 (small blind) folded before Flop
Seat 2: 5e71e1ad (big blind) folded before Flop
Seat 3: 9a0224ba folded before Flop (didn't bet)
Seat 4: 3f2717ce folded before Flop (didn't bet)
Seat 5: Hero folded before Flop (didn't bet)
Seat 6: 507aa8c6 (button) collected ($0.12)


Poker Hand #HD1203337828: Hold'em No Limit  ($0.02/$0.05) - 2023/04/14 22:16:14
Table 'NLHBlue19' 6-max Seat #5 is the button
Seat 1: 22d536f8 ($2.54 in chips)
Seat 2: 5e71e1ad ($8.35 in chips)
Seat 3: 9a0224ba ($5.4 in chips)
Seat 4: 3f2717ce ($5.14 in chips)
Seat 5: Hero ($12.32 in chips)
Seat 6: 507aa8c6 ($5.17 in chips)
507aa8c6: posts small blind $0.02
22d536f8: posts big blind $0.05
*** HOLE CARDS ***
Dealt to 22d536f8 
Dealt to 5e71e1ad 
Dealt to 9a0224ba 
Dealt to 3f2717ce 
Dealt to Hero [Qs 8s]
Dealt to 507aa8c6 
5e71e1ad: folds
9a0224ba: folds
3f2717ce: folds
Hero: raises $0.07 to $0.12
507aa8c6: raises $0.38 to $0.5
22d536f8: folds
Hero: folds
Uncalled bet ($0.38) returned to 507aa8c6
*** SHOWDOWN ***
507aa8c6 collected $0.28 from pot
*** SUMMARY ***
Total pot $0.29 | Rake $0.01 | Jackpot $0 | Bingo $0 | Fortune $0
Seat 1: 22d536f8 (big blind) folded before Flop
Seat 2: 5e71e1ad folded before Flop (didn't bet)
Seat 3: 9a0224ba folded before Flop (didn't bet)
Seat 4: 3f2717ce folded before Flop (didn't bet)
Seat 5: Hero (button) folded before Flop
Seat 6: 507aa8c6 (small blind) collected ($0.28)


Poker Hand #HD1203337780: Hold'em No Limit  ($0.02/$0.05) - 2023/04/14 22:15:48
Table 'NLHBlue19' 6-max Seat #4 is the button
Seat 1: 22d536f8 ($2.54 in chips)
Seat 2: 5e71e1ad ($8.28 in chips)
Seat 3: 9a0224ba ($5.4 in chips)
Seat 4: 3f2717ce ($5.14 in chips)
Seat 5: Hero ($12.34 in chips)
Seat 6: 507aa8c6 ($5.22 in chips)
Hero: posts small blind $0.02
507aa8c6: posts big blind $0.05
*** HOLE CARDS ***
Dealt to 22d536f8 
Dealt to 5e71e1ad 
Dealt to 9a0224ba 
Dealt to 3f2717ce 
Dealt to Hero [Th As]
Dealt to 507aa8c6 
22d536f8: folds
5e71e1ad: raises $0.1 to $0.15
9a0224ba: folds
3f2717ce: folds
Hero: folds
507aa8c6: folds
Uncalled bet ($0.1) returned to 5e71e1ad
*** SHOWDOWN ***
5e71e1ad collected $0.12 from pot
*** SUMMARY ***
Total pot $0.12 | Rake $0 | Jackpot $0 | Bingo $0 | Fortune $0
Seat 1: 22d536f8 folded before Flop (didn't bet)
Seat 2: 5e71e1ad collected ($0.12)
Seat 3: 9a0224ba folded before Flop (didn't bet)
Seat 4: 3f2717ce (button) folded before Flop (didn't bet)
Seat 5: Hero (small blind) folded before Flop
Seat 6: 507aa8c6 (big blind) folded before Flop


Poker Hand #HD1203337741: Hold'em No Limit  ($0.02/$0.05) - 2023/04/14 22:15:29
Table 'NLHBlue19' 6-max Seat #3 is the button
Seat 1: 22d536f8 ($2.54 in chips)
Seat 2: 5e71e1ad ($8.28 in chips)
Seat 3: 9a0224ba ($5.33 in chips)
Seat 4: 3f2717ce ($5.16 in chips)
Seat 5: Hero ($12.39 in chips)
Seat 6: 507aa8c6 ($5.22 in chips)
3f2717ce: posts small blind $0.02
Hero: posts big blind $0.05
9a0224ba: straddle $0.1
*** HOLE CARDS ***
Dealt to 22d536f8 
Dealt to 5e71e1ad 
Dealt to 9a0224ba 
Dealt to 3f2717ce 
Dealt to Hero [Jh 6d]
Dealt to 507aa8c6 
3f2717ce: folds
Hero: folds
507aa8c6: folds
22d536f8: folds
5e71e1ad: folds
Uncalled bet ($0.05) returned to 9a0224ba
*** SHOWDOWN ***
9a0224ba collected $0.12 from pot
*** SUMMARY ***
Total pot $0.12 | Rake $0 | Jackpot $0 | Bingo $0 | Fortune $0
Seat 1: 22d536f8 folded before Flop (didn't bet)
Seat 2: 5e71e1ad folded before Flop (didn't bet)
Seat 3: 9a0224ba (button) collected ($0.12)
Seat 4: 3f2717ce (small blind) folded before Flop
Seat 5: Hero (big blind) folded before Flop
Seat 6: 507aa8c6 folded before Flop (didn't bet)


Poker Hand #HD1203337611: Hold'em No Limit  ($0.02/$0.05) - 2023/04/14 22:14:13
Table 'NLHBlue19' 6-max Seat #2 is the button
Seat 1: 22d536f8 ($2.66 in chips)
Seat 2: 5e71e1ad ($7.56 in chips)
Seat 3: 9a0224ba ($5.63 in chips)
Seat 4: 3f2717ce ($5.21 in chips)
Seat 5: Hero ($12.69 in chips)
Seat 6: 507aa8c6 ($5.22 in chips)
9a0224ba: posts small blind $0.02
3f2717ce: posts big blind $0.05
*** HOLE CARDS ***
Dealt to 22d536f8 
Dealt to 5e71e1ad 
Dealt to 9a0224ba 
Dealt to 3f2717ce 
Dealt to Hero [8s As]
Dealt to 507aa8c6 
Hero: raises $0.07 to $0.12
507aa8c6: folds
22d536f8: calls $0.12
5e71e1ad: calls $0.12
9a0224ba: calls $0.1
3f2717ce: folds
*** FLOP *** [5c Jh 8d]
9a0224ba: checks
Hero: checks
22d536f8: checks
5e71e1ad: bets $0.18
9a0224ba: calls $0.18
Hero: calls $0.18
22d536f8: folds
*** TURN *** [5c Jh 8d] [5d]
9a0224ba: checks
Hero: checks
5e71e1ad: bets $0.54
9a0224ba: folds
Hero: folds
Uncalled bet ($0.54) returned to 5e71e1ad
*** SHOWDOWN ***
5e71e1ad collected $1.02 from pot
*** SUMMARY ***
Total pot $1.07 | Rake $0.05 | Jackpot $0 | Bingo $0 | Fortune $0
Board [5c Jh 8d 5d]
Seat 1: 22d536f8 folded on the Flop
Seat 2: 5e71e1ad (button) won ($1.02)
Seat 3: 9a0224ba (small blind) folded on the Turn
Seat 4: 3f2717ce (big blind) folded before Flop
Seat 5: Hero folded on the Turn
Seat 6: 507aa8c6 folded before Flop (didn't bet)


Poker Hand #HD1203337591: Hold'em No Limit  ($0.02/$0.05) - 2023/04/14 22:13:59
Table 'NLHBlue19' 6-max Seat #1 is the button
Seat 1: 22d536f8 ($2.66 in chips)
Seat 2: 5e71e1ad ($7.51 in chips)
Seat 3: 9a0224ba ($5.68 in chips)
Seat 4: 3f2717ce ($5.21 in chips)
Seat 5: Hero ($12.69 in chips)
Seat 6: 507aa8c6 ($5.22 in chips)
5e71e1ad: posts small blind $0.02
9a0224ba: posts big blind $0.05
*** HOLE CARDS ***
Dealt to 22d536f8 
Dealt to 5e71e1ad 
Dealt to 9a0224ba 
Dealt to 3f2717ce 
Dealt to Hero [9h Js]
Dealt to 507aa8c6 
3f2717ce: folds
Hero: folds
507aa8c6: folds
22d536f8: folds
5e71e1ad: raises $0.1 to $0.15
9a0224ba: folds
Uncalled bet ($0.1) returned to 5e71e1ad
*** SHOWDOWN ***
5e71e1ad collected $0.1 from pot
*** SUMMARY ***
Total pot $0.1 | Rake $0 | Jackpot $0 | Bingo $0 | Fortune $0
Seat 1: 22d536f8 (button) folded before Flop (didn't bet)
Seat 2: 5e71e1ad (small blind) collected ($0.1)
Seat 3: 9a0224ba (big blind) folded before Flop
Seat 4: 3f2717ce folded before Flop (didn't bet)
Seat 5: Hero folded before Flop (didn't bet)
Seat 6: 507aa8c6 folded before Flop (didn't bet)


Poker Hand #HD1203337540: Hold'em No Limit  ($0.02/$0.05) - 2023/04/14 22:13:30
Table 'NLHBlue19' 6-max Seat #6 is the button
Seat 1: 22d536f8 ($2.68 in chips)
Seat 2: 5e71e1ad ($7.56 in chips)
Seat 3: 9a0224ba ($5.61 in chips)
Seat 4: 3f2717ce ($5.21 in chips)
Seat 5: Hero ($12.69 in chips)
Seat 6: 507aa8c6 ($5.22 in chips)
22d536f8: posts small blind $0.02
5e71e1ad: posts big blind $0.05
*** HOLE CARDS ***
Dealt to 22d536f8 
Dealt to 5e71e1ad 
Dealt to 9a0224ba 
Dealt to 3f2717ce 
Dealt to Hero [Ad 3c]
Dealt to 507aa8c6 
9a0224ba: raises $0.1 to $0.15
3f2717ce: folds
Hero: folds
507aa8c6: folds
22d536f8: folds
5e71e1ad: folds
Uncalled bet ($0.1) returned to 9a0224ba
*** SHOWDOWN ***
9a0224ba collected $0.12 from pot
*** SUMMARY ***
Total pot $0.12 | Rake $0 | Jackpot $0 | Bingo $0 | Fortune $0
Seat 1: 22d536f8 (small blind) folded before Flop
Seat 2: 5e71e1ad (big blind) folded before Flop
Seat 3: 9a0224ba collected ($0.12)
Seat 4: 3f2717ce folded before Flop (didn't bet)
Seat 5: Hero folded before Flop (didn't bet)
Seat 6: 507aa8c6 (button) folded before Flop (didn't bet)


Poker Hand #HD1203337489: Hold'em No Limit  ($0.02/$0.05) - 2023/04/14 22:12:59
Table 'NLHBlue19' 6-max Seat #5 is the button
Seat 1: 22d536f8 ($2.73 in chips)
Seat 2: 5e71e1ad ($7.56 in chips)
Seat 3: 9a0224ba ($5.54 in chips)
Seat 5: Hero ($12.69 in chips)
Seat 6: 507aa8c6 ($5.24 in chips)
507aa8c6: posts small blind $0.02
22d536f8: posts big blind $0.05
9a0224ba: straddle $0.1
*** HOLE CARDS ***
Dealt to 22d536f8 
Dealt to 5e71e1ad 
Dealt to 9a0224ba 
Dealt to Hero [2h 7h]
Dealt to 507aa8c6 
Hero: folds
507aa8c6: folds
22d536f8: folds
5e71e1ad: folds
Uncalled bet ($0.05) returned to 9a0224ba
*** SHOWDOWN ***
9a0224ba collected $0.12 from pot
*** SUMMARY ***
Total pot $0.12 | Rake $0 | Jackpot $0 | Bingo $0 | Fortune $0
Seat 1: 22d536f8 (big blind) folded before Flop
Seat 2: 5e71e1ad folded before Flop (didn't bet)
Seat 3: 9a0224ba collected ($0.12)
Seat 5: Hero (button) folded before Flop (didn't bet)
Seat 6: 507aa8c6 (small blind) folded before Flop


Poker Hand #HD1203337439: Hold'em No Limit  ($0.02/$0.05) - 2023/04/14 22:12:27
Table 'NLHBlue19' 6-max Seat #3 is the button
Seat 1: 22d536f8 ($2.73 in chips)
Seat 2: 5e71e1ad ($7.56 in chips)
Seat 3: 9a0224ba ($5.47 in chips)
Seat 4: 3f2717ce ($5.23 in chips)
Seat 5: Hero ($12.74 in chips)
Seat 6: 507aa8c6 ($5.24 in chips)
3f2717ce: posts small blind $0.02
Hero: posts big blind $0.05
9a0224ba: straddle $0.1
*** HOLE CARDS ***
Dealt to 22d536f8 
Dealt to 5e71e1ad 
Dealt to 9a0224ba 
Dealt to 3f2717ce 
Dealt to Hero [Qh 7c]
Dealt to 507aa8c6 
3f2717ce: folds
Hero: folds
507aa8c6: folds
22d536f8: folds
5e71e1ad: folds
Uncalled bet ($0.05) returned to 9a0224ba
*** SHOWDOWN ***
9a0224ba collected $0.12 from pot
*** SUMMARY ***
Total pot $0.12 | Rake $0 | Jackpot $0 | Bingo $0 | Fortune $0
Seat 1: 22d536f8 folded before Flop (didn't bet)
Seat 2: 5e71e1ad folded before Flop (didn't bet)
Seat 3: 9a0224ba (button) collected ($0.12)
Seat 4: 3f2717ce (small blind) folded before Flop
Seat 5: Hero (big blind) folded before Flop
Seat 6: 507aa8c6 folded before Flop (didn't bet)


Poker Hand #HD1203337383: Hold'em No Limit  ($0.02/$0.05) - 2023/04/14 22:11:53
Table 'NLHBlue19' 6-max Seat #2 is the button
Seat 1: 22d536f8 ($2.73 in chips)
Seat 2: 5e71e1ad ($7.56 in chips)
Seat 3: 9a0224ba ($5.52 in chips)
Seat 4: 3f2717ce ($5.18 in chips)
Seat 5: Hero ($12.74 in chips)
Seat 6: 507aa8c6 ($5.24 in chips)
9a0224ba: posts small blind $0.02
3f2717ce: posts big blind $0.05
*** HOLE CARDS ***
Dealt to 22d536f8 
Dealt to 5e71e1ad 
Dealt to 9a0224ba 
Dealt to 3f2717ce 
Dealt to Hero [4c 8s]
Dealt to 507aa8c6 
Hero: folds
507aa8c6: folds
22d536f8: folds
5e71e1ad: folds
9a0224ba: calls $0.03
3f2717ce: raises $0.15 to $0.2
9a0224ba: folds
Uncalled bet ($0.15) returned to 3f2717ce
*** SHOWDOWN ***
3f2717ce collected $0.1 from pot
*** SUMMARY ***
Total pot $0.1 | Rake $0 | Jackpot $0 | Bingo $0 | Fortune $0
Seat 1: 22d536f8 folded before Flop (didn't bet)
Seat 2: 5e71e1ad (button) folded before Flop (didn't bet)
Seat 3: 9a0224ba (small blind) folded before Flop
Seat 4: 3f2717ce (big blind) collected ($0.1)
Seat 5: Hero folded before Flop (didn't bet)
Seat 6: 507aa8c6 folded before Flop (didn't bet)


Poker Hand #HD1203337320: Hold'em No Limit  ($0.02/$0.05) - 2023/04/14 22:11:14
Table 'NLHBlue19' 6-max Seat #1 is the button
Seat 1: 22d536f8 ($2.35 in chips)
Seat 2: 5e71e1ad ($7.58 in chips)
Seat 3: 9a0224ba ($5.57 in chips)
Seat 4: 3f2717ce ($5.18 in chips)
Seat 5: Hero ($12.74 in chips)
Seat 6: 507aa8c6 ($5.58 in chips)
5e71e1ad: posts small blind $0.02
9a0224ba: posts big blind $0.05
*** HOLE CARDS ***
Dealt to 22d536f8 
Dealt to 5e71e1ad 
Dealt to 9a0224ba 
Dealt to 3f2717ce 
Dealt to Hero [Ts Kd]
Dealt to 507aa8c6 
3f2717ce: folds
Hero: folds
507aa8c6: raises $0.1 to $0.15
22d536f8: raises $0.19 to $0.34
5e71e1ad: folds
9a0224ba: folds
507aa8c6: calls $0.19
*** FLOP *** [6s 3c Js]
507aa8c6: checks
22d536f8: bets $0.38
507aa8c6: folds
Uncalled bet ($0.38) returned to 22d536f8
*** SHOWDOWN ***
22d536f8 collected $0.72 from pot
*** SUMMARY ***
Total pot $0.75 | Rake $0.03 | Jackpot $0 | Bingo $0 | Fortune $0
Board [6s 3c Js]
Seat 1: 22d536f8 (button) won ($0.72)
Seat 2: 5e71e1ad (small blind) folded before Flop
Seat 3: 9a0224ba (big blind) folded before Flop
Seat 4: 3f2717ce folded before Flop (didn't bet)
Seat 5: Hero folded before Flop (didn't bet)
Seat 6: 507aa8c6 folded on the Flop


Poker Hand #HD1203337208: Hold'em No Limit  ($0.02/$0.05) - 2023/04/14 22:10:16
Table 'NLHBlue19' 6-max Seat #6 is the button
Seat 1: 22d536f8 ($2.37 in chips)
Seat 2: 5e71e1ad ($7.63 in chips)
Seat 3: 9a0224ba ($5.18 in chips)
Seat 4: 3f2717ce ($5.53 in chips)
Seat 5: Hero ($12.74 in chips)
Seat 6: 507aa8c6 ($5.58 in chips)
22d536f8: posts small blind $0.02
5e71e1ad: posts big blind $0.05
*** HOLE CARDS ***
Dealt to 22d536f8 
Dealt to 5e71e1ad 
Dealt to 9a0224ba 
Dealt to 3f2717ce 
Dealt to Hero [8d Jd]
Dealt to 507aa8c6 
9a0224ba: raises $0.1 to $0.15
3f2717ce: raises $0.2 to $0.35
Hero: folds
507aa8c6: folds
22d536f8: folds
5e71e1ad: folds
9a0224ba: calls $0.2
*** FLOP *** [9c Tc 5d]
9a0224ba: checks
3f2717ce: checks
*** TURN *** [9c Tc 5d] [6s]
9a0224ba: bets $0.39
3f2717ce: folds
Uncalled bet ($0.39) returned to 9a0224ba
*** SHOWDOWN ***
9a0224ba collected $0.74 from pot
*** SUMMARY ***
Total pot $0.77 | Rake $0.03 | Jackpot $0 | Bingo $0 | Fortune $0
Board [9c Tc 5d 6s]
Seat 1: 22d536f8 (small blind) folded before Flop
Seat 2: 5e71e1ad (big blind) folded before Flop
Seat 3: 9a0224ba won ($0.74)
Seat 4: 3f2717ce folded on the Turn
Seat 5: Hero folded before Flop (didn't bet)
Seat 6: 507aa8c6 (button) folded before Flop (didn't bet)


Poker Hand #HD1203337143: Hold'em No Limit  ($0.02/$0.05) - 2023/04/14 22:09:42
Table 'NLHBlue19' 6-max Seat #5 is the button
Seat 1: 22d536f8 ($2.42 in chips)
Seat 2: 5e71e1ad ($7.63 in chips)
Seat 3: 9a0224ba ($5.63 in chips)
Seat 4: 3f2717ce ($5.05 in chips)
Seat 5: Hero ($12.74 in chips)
Seat 6: 507aa8c6 ($5.6 in chips)
507aa8c6: posts small blind $0.02
22d536f8: posts big blind $0.05
*** HOLE CARDS ***
Dealt to 22d536f8 
Dealt to 5e71e1ad 
Dealt to 9a0224ba 
Dealt to 3f2717ce 
Dealt to Hero [Th 9d]
Dealt to 507aa8c6 
5e71e1ad: folds
9a0224ba: raises $0.1 to $0.15
3f2717ce: raises $0.3 to $0.45
Hero: folds
507aa8c6: folds
22d536f8: folds
9a0224ba: calls $0.3
*** FLOP *** [3s 2h 3c]
9a0224ba: checks
3f2717ce: bets $0.55
9a0224ba: folds
Uncalled bet ($0.55) returned to 3f2717ce
*** SHOWDOWN ***
3f2717ce collected $0.93 from pot
*** SUMMARY ***
Total pot $0.97 | Rake $0.04 | Jackpot $0 | Bingo $0 | Fortune $0
Board [3s 2h 3c]
Seat 1: 22d536f8 (big blind) folded before Flop
Seat 2: 5e71e1ad folded before Flop (didn't bet)
Seat 3: 9a0224ba folded on the Flop
Seat 4: 3f2717ce won ($0.93)
Seat 5: Hero (button) folded before Flop (didn't bet)
Seat 6: 507aa8c6 (small blind) folded before Flop


Poker Hand #HD1203337081: Hold'em No Limit  ($0.02/$0.05) - 2023/04/14 22:09:07
Table 'NLHBlue19' 6-max Seat #4 is the button
Seat 1: 22d536f8 ($2.42 in chips)
Seat 2: 5e71e1ad ($7.56 in chips)
Seat 3: 9a0224ba ($5.63 in chips)
Seat 4: 3f2717ce ($5.05 in chips)
Seat 5: Hero ($12.76 in chips)
Seat 6: 507aa8c6 ($5.65 in chips)
Hero: posts small blind $0.02
507aa8c6: posts big blind $0.05
*** HOLE CARDS ***
Dealt to 22d536f8 
Dealt to 5e71e1ad 
Dealt to 9a0224ba 
Dealt to 3f2717ce 
Dealt to Hero [6h As]
Dealt to 507aa8c6 
22d536f8: folds
5e71e1ad: raises $0.1 to $0.15
9a0224ba: folds
3f2717ce: folds
Hero: folds
507aa8c6: folds
Uncalled bet ($0.1) returned to 5e71e1ad
*** SHOWDOWN ***
5e71e1ad collected $0.12 from pot
*** SUMMARY ***
Total pot $0.12 | Rake $0 | Jackpot $0 | Bingo $0 | Fortune $0
Seat 1: 22d536f8 folded before Flop (didn't bet)
Seat 2: 5e71e1ad collected ($0.12)
Seat 3: 9a0224ba folded before Flop (didn't bet)
Seat 4: 3f2717ce (button) folded before Flop (didn't bet)
Seat 5: Hero (small blind) folded before Flop
Seat 6: 507aa8c6 (big blind) folded before Flop


Poker Hand #HD1203337038: Hold'em No Limit  ($0.02/$0.05) - 2023/04/14 22:08:39
Table 'NLHBlue19' 6-max Seat #3 is the button
Seat 1: 22d536f8 ($2.42 in chips)
Seat 2: 5e71e1ad ($7.56 in chips)
Seat 3: 9a0224ba ($5.63 in chips)
Seat 4: 3f2717ce ($5 in chips)
Seat 5: Hero ($12.81 in chips)
Seat 6: 507aa8c6 ($5.65 in chips)
3f2717ce: posts small blind $0.02
Hero: posts big blind $0.05
*** HOLE CARDS ***
Dealt to 22d536f8 
Dealt to 5e71e1ad 
Dealt to 9a0224ba 
Dealt to 3f2717ce 
Dealt to Hero [Kh 2s]
Dealt to 507aa8c6 
507aa8c6: folds
22d536f8: folds
5e71e1ad: folds
9a0224ba: folds
3f2717ce: raises $0.1 to $0.15
Hero: folds
Uncalled bet ($0.1) returned to 3f2717ce
*** SHOWDOWN ***
3f2717ce collected $0.1 from pot
*** SUMMARY ***
Total pot $0.1 | Rake $0 | Jackpot $0 | Bingo $0 | Fortune $0
Seat 1: 22d536f8 folded before Flop (didn't bet)
Seat 2: 5e71e1ad folded before Flop (didn't bet)
Seat 3: 9a0224ba (button) folded before Flop (didn't bet)
Seat 4: 3f2717ce (small blind) collected ($0.1)
Seat 5: Hero (big blind) folded before Flop
Seat 6: 507aa8c6 folded before Flop (didn't bet)


Poker Hand #HD1203336886: Hold'em No Limit  ($0.02/$0.05) - 2023/04/14 22:07:08
Table 'NLHBlue19' 6-max Seat #2 is the button
Seat 1: 22d536f8 ($2.42 in chips)
Seat 2: 5e71e1ad ($4.97 in chips)
Seat 3: 9a0224ba ($5.65 in chips)
Seat 4: 3f2717ce ($5 in chips)
Seat 5: Hero ($12.81 in chips)
Seat 6: 507aa8c6 ($5.65 in chips)
9a0224ba: posts small blind $0.02
3f2717ce: posts big blind $0.05
*** HOLE CARDS ***
Dealt to 22d536f8 
Dealt to 5e71e1ad 
Dealt to 9a0224ba 
Dealt to 3f2717ce 
Dealt to Hero [6c Qc]
Dealt to 507aa8c6 
Hero: folds
507aa8c6: folds
22d536f8: folds
5e71e1ad: raises $0.1 to $0.15
9a0224ba: folds
3f2717ce: calls $0.1
*** FLOP *** [5h 7c Ah]
3f2717ce: checks
5e71e1ad: bets $0.11
3f2717ce: raises $0.29 to $0.4
5e71e1ad: calls $0.29
*** TURN *** [5h 7c Ah] [6h]
3f2717ce: bets $0.6
5e71e1ad: calls $0.6
*** RIVER *** [5h 7c Ah 6h] [Ts]
3f2717ce: bets $1.75
5e71e1ad: calls $1.75
3f2717ce: shows [9d Kh] (Ace-High)
5e71e1ad: shows [Ad 6s] (Pair of Aces and Pair of Sixes)
*** SHOWDOWN ***
5e71e1ad collected $5.49 from pot
*** SUMMARY ***
Total pot $5.82 | Rake $0.28 | Jackpot $0.05 | Bingo $0 | Fortune $0
Board [5h 7c Ah 6h Ts]
Seat 1: 22d536f8 folded before Flop (didn't bet)
Seat 2: 5e71e1ad (button) showed [Ad 6s] and won ($5.49) with Pair of Aces and Pair of Sixes
Seat 3: 9a0224ba (small blind) folded before Flop
Seat 4: 3f2717ce (big blind) showed [9d Kh] and lost with Ace-High
Seat 5: Hero folded before Flop (didn't bet)
Seat 6: 507aa8c6 folded before Flop (didn't bet)


Poker Hand #HD1203336814: Hold'em No Limit  ($0.02/$0.05) - 2023/04/14 22:06:28
Table 'NLHBlue19' 6-max Seat #1 is the button
Seat 1: 22d536f8 ($2.42 in chips)
Seat 2: 5e71e1ad ($4.78 in chips)
Seat 3: 9a0224ba ($5.7 in chips)
Seat 4: 3f2717ce ($5 in chips)
Seat 5: Hero ($12.81 in chips)
Seat 6: 507aa8c6 ($5.8 in chips)
5e71e1ad: posts small blind $0.02
9a0224ba: posts big blind $0.05
*** HOLE CARDS ***
Dealt to 22d536f8 
Dealt to 5e71e1ad 
Dealt to 9a0224ba 
Dealt to 3f2717ce 
Dealt to Hero [7h Jc]
Dealt to 507aa8c6 
3f2717ce: folds
Hero: folds
507aa8c6: raises $0.1 to $0.15
22d536f8: folds
5e71e1ad: calls $0.13
9a0224ba: folds
*** FLOP *** [2h 2d Jh]
5e71e1ad: bets $0.12
507aa8c6: folds
Uncalled bet ($0.12) returned to 5e71e1ad
*** SHOWDOWN ***
5e71e1ad collected $0.34 from pot
*** SUMMARY ***
Total pot $0.35 | Rake $0.01 | Jackpot $0 | Bingo $0 | Fortune $0
Board [2h 2d Jh]
Seat 1: 22d536f8 (button) folded before Flop (didn't bet)
Seat 2: 5e71e1ad (small blind) won ($0.34)
Seat 3: 9a0224ba (big blind) folded before Flop
Seat 4: 3f2717ce folded before Flop (didn't bet)
Seat 5: Hero folded before Flop (didn't bet)
Seat 6: 507aa8c6 folded on the Flop


Poker Hand #HD1203336781: Hold'em No Limit  ($0.02/$0.05) - 2023/04/14 22:06:06
Table 'NLHBlue19' 6-max Seat #6 is the button
Seat 1: 22d536f8 ($2.44 in chips)
Seat 2: 5e71e1ad ($4.83 in chips)
Seat 3: 9a0224ba ($5.7 in chips)
Seat 4: 3f2717ce ($5 in chips)
Seat 5: Hero ($12.81 in chips)
Seat 6: 507aa8c6 ($5.73 in chips)
22d536f8: posts small blind $0.02
5e71e1ad: posts big blind $0.05
*** HOLE CARDS ***
Dealt to 22d536f8 
Dealt to 5e71e1ad 
Dealt to 9a0224ba 
Dealt to 3f2717ce 
Dealt to Hero [9c 5c]
Dealt to 507aa8c6 
9a0224ba: folds
3f2717ce: folds
Hero: folds
507aa8c6: raises $0.07 to $0.12
22d536f8: folds
5e71e1ad: folds
Uncalled bet ($0.07) returned to 507aa8c6
*** SHOWDOWN ***
507aa8c6 collected $0.12 from pot
*** SUMMARY ***
Total pot $0.12 | Rake $0 | Jackpot $0 | Bingo $0 | Fortune $0
Seat 1: 22d536f8 (small blind) folded before Flop
Seat 2: 5e71e1ad (big blind) folded before Flop
Seat 3: 9a0224ba folded before Flop (didn't bet)
Seat 4: 3f2717ce folded before Flop (didn't bet)
Seat 5: Hero folded before Flop (didn't bet)
Seat 6: 507aa8c6 (button) collected ($0.12)


Poker Hand #HD1203336688: Hold'em No Limit  ($0.02/$0.05) - 2023/04/14 22:05:19
Table 'NLHBlue19' 6-max Seat #5 is the button
Seat 1: 22d536f8 ($2.19 in chips)
Seat 2: 5e71e1ad ($4.83 in chips)
Seat 3: 9a0224ba ($5.7 in chips)
Seat 4: 3f2717ce ($5 in chips)
Seat 5: Hero ($13.06 in chips)
Seat 6: 507aa8c6 ($5.75 in chips)
507aa8c6: posts small blind $0.02
22d536f8: posts big blind $0.05
*** HOLE CARDS ***
Dealt to 22d536f8 
Dealt to 5e71e1ad 
Dealt to 9a0224ba 
Dealt to 3f2717ce 
Dealt to Hero [6h 5h]
Dealt to 507aa8c6 
5e71e1ad: folds
9a0224ba: folds
3f2717ce: folds
Hero: raises $0.07 to $0.12
507aa8c6: folds
22d536f8: calls $0.07
*** FLOP *** [Td As 6d]
22d536f8: checks
Hero: bets $0.13
22d536f8: calls $0.13
*** TURN *** [Td As 6d] [2c]
22d536f8: checks
Hero: checks
*** RIVER *** [Td As 6d 2c] [3s]
22d536f8: checks
Hero: checks
22d536f8: shows [Ah 9h] (Pair of Aces)
Hero: shows [6h 5h] (Pair of Sixes)
*** SHOWDOWN ***
22d536f8 collected $0.5 from pot
*** SUMMARY ***
Total pot $0.52 | Rake $0.02 | Jackpot $0 | Bingo $0 | Fortune $0
Board [Td As 6d 2c 3s]
Seat 1: 22d536f8 (big blind) showed [Ah 9h] and won ($0.5) with Pair of Aces
Seat 2: 5e71e1ad folded before Flop (didn't bet)
Seat 3: 9a0224ba folded before Flop (didn't bet)
Seat 4: 3f2717ce folded before Flop (didn't bet)
Seat 5: Hero (button) showed [6h 5h] and lost with Pair of Sixes
Seat 6: 507aa8c6 (small blind) folded before Flop


Poker Hand #HD1203336635: Hold'em No Limit  ($0.02/$0.05) - 2023/04/14 22:04:50
Table 'NLHBlue19' 6-max Seat #4 is the button
Seat 1: 22d536f8 ($2.19 in chips)
Seat 2: 5e71e1ad ($4.83 in chips)
Seat 3: 9a0224ba ($5.85 in chips)
Seat 4: 3f2717ce ($5 in chips)
Seat 5: Hero ($13.08 in chips)
Seat 6: 507aa8c6 ($5.59 in chips)
Hero: posts small blind $0.02
507aa8c6: posts big blind $0.05
*** HOLE CARDS ***
Dealt to 22d536f8 
Dealt to 5e71e1ad 
Dealt to 9a0224ba 
Dealt to 3f2717ce 
Dealt to Hero [5c 4d]
Dealt to 507aa8c6 
22d536f8: folds
5e71e1ad: folds
9a0224ba: raises $0.1 to $0.15
3f2717ce: folds
Hero: folds
507aa8c6: raises $0.35 to $0.5
9a0224ba: folds
Uncalled bet ($0.35) returned to 507aa8c6
*** SHOWDOWN ***
507aa8c6 collected $0.31 from pot
*** SUMMARY ***
Total pot $0.32 | Rake $0.01 | Jackpot $0 | Bingo $0 | Fortune $0
Seat 1: 22d536f8 folded before Flop (didn't bet)
Seat 2: 5e71e1ad folded before Flop (didn't bet)
Seat 3: 9a0224ba folded before Flop
Seat 4: 3f2717ce (button) folded before Flop (didn't bet)
Seat 5: Hero (small blind) folded before Flop
Seat 6: 507aa8c6 (big blind) collected ($0.31)


Poker Hand #HD1203336586: Hold'em No Limit  ($0.02/$0.05) - 2023/04/14 22:04:22
Table 'NLHBlue19' 6-max Seat #3 is the button
Seat 1: 22d536f8 ($2.19 in chips)
Seat 2: 5e71e1ad ($4.83 in chips)
Seat 3: 9a0224ba ($5.78 in chips)
Seat 4: 3f2717ce ($5 in chips)
Seat 5: Hero ($13.13 in chips)
Seat 6: 507aa8c6 ($5.59 in chips)
3f2717ce: posts small blind $0.02
Hero: posts big blind $0.05
9a0224ba: straddle $0.1
*** HOLE CARDS ***
Dealt to 22d536f8 
Dealt to 5e71e1ad 
Dealt to 9a0224ba 
Dealt to 3f2717ce 
Dealt to Hero [Qc 4s]
Dealt to 507aa8c6 
3f2717ce: folds
Hero: folds
507aa8c6: folds
22d536f8: folds
5e71e1ad: folds
Uncalled bet ($0.05) returned to 9a0224ba
*** SHOWDOWN ***
9a0224ba collected $0.12 from pot
*** SUMMARY ***
Total pot $0.12 | Rake $0 | Jackpot $0 | Bingo $0 | Fortune $0
Seat 1: 22d536f8 folded before Flop (didn't bet)
Seat 2: 5e71e1ad folded before Flop (didn't bet)
Seat 3: 9a0224ba (button) collected ($0.12)
Seat 4: 3f2717ce (small blind) folded before Flop
Seat 5: Hero (big blind) folded before Flop
Seat 6: 507aa8c6 folded before Flop (didn't bet)


Poker Hand #HD1203336491: Hold'em No Limit  ($0.02/$0.05) - 2023/04/14 22:03:27
Table 'NLHBlue19' 6-max Seat #2 is the button
Seat 1: 22d536f8 ($2.19 in chips)
Seat 2: 5e71e1ad ($4.46 in chips)
Seat 3: 9a0224ba ($6.13 in chips)
Seat 4: 3f2717ce ($5.05 in chips)
Seat 5: Hero ($13.13 in chips)
Seat 6: 507aa8c6 ($5.59 in chips)
9a0224ba: posts small blind $0.02
3f2717ce: posts big blind $0.05
*** HOLE CARDS ***
Dealt to 22d536f8 
Dealt to 5e71e1ad 
Dealt to 9a0224ba 
Dealt to 3f2717ce 
Dealt to Hero [5h 7s]
Dealt to 507aa8c6 
Hero: folds
507aa8c6: folds
22d536f8: folds
5e71e1ad: raises $0.1 to $0.15
9a0224ba: calls $0.13
3f2717ce: folds
*** FLOP *** [Kc 6c Js]
9a0224ba: checks
5e71e1ad: bets $0.2
9a0224ba: calls $0.2
*** TURN *** [Kc 6c Js] [4d]
9a0224ba: checks
5e71e1ad: bets $0.46
9a0224ba: folds
Uncalled bet ($0.46) returned to 5e71e1ad
*** SHOWDOWN ***
5e71e1ad collected $0.72 from pot
*** SUMMARY ***
Total pot $0.75 | Rake $0.03 | Jackpot $0 | Bingo $0 | Fortune $0
Board [Kc 6c Js 4d]
Seat 1: 22d536f8 folded before Flop (didn't bet)
Seat 2: 5e71e1ad (button) won ($0.72)
Seat 3: 9a0224ba (small blind) folded on the Turn
Seat 4: 3f2717ce (big blind) folded before Flop
Seat 5: Hero folded before Flop (didn't bet)
Seat 6: 507aa8c6 folded before Flop (didn't bet)


Poker Hand #HD1203336438: Hold'em No Limit  ($0.02/$0.05) - 2023/04/14 22:03:01
Table 'NLHBlue19' 6-max Seat #1 is the button
Seat 1: 22d536f8 ($2.19 in chips)
Seat 2: 5e71e1ad ($4.27 in chips)
Seat 3: 9a0224ba ($6.18 in chips)
Seat 4: 3f2717ce ($5.05 in chips)
Seat 5: Hero ($13.13 in chips)
Seat 6: 507aa8c6 ($5.74 in chips)
5e71e1ad: posts small blind $0.02
9a0224ba: posts big blind $0.05
*** HOLE CARDS ***
Dealt to 22d536f8 
Dealt to 5e71e1ad 
Dealt to 9a0224ba 
Dealt to 3f2717ce 
Dealt to Hero [2h 5c]
Dealt to 507aa8c6 
3f2717ce: folds
Hero: folds
507aa8c6: raises $0.1 to $0.15
22d536f8: folds
5e71e1ad: raises $0.27 to $0.42
9a0224ba: folds
507aa8c6: folds
Uncalled bet ($0.27) returned to 5e71e1ad
*** SHOWDOWN ***
5e71e1ad collected $0.34 from pot
*** SUMMARY ***
Total pot $0.35 | Rake $0.01 | Jackpot $0 | Bingo $0 | Fortune $0
Seat 1: 22d536f8 (button) folded before Flop (didn't bet)
Seat 2: 5e71e1ad (small blind) collected ($0.34)
Seat 3: 9a0224ba (big blind) folded before Flop
Seat 4: 3f2717ce folded before Flop (didn't bet)
Seat 5: Hero folded before Flop (didn't bet)
Seat 6: 507aa8c6 folded before Flop


Poker Hand #HD1203336356: Hold'em No Limit  ($0.02/$0.05) - 2023/04/14 22:02:15
Table 'NLHBlue19' 6-max Seat #6 is the button
Seat 1: 22d536f8 ($2.88 in chips)
Seat 2: 5e71e1ad ($4.32 in chips)
Seat 3: 9a0224ba ($6.18 in chips)
Seat 4: 3f2717ce ($5.05 in chips)
Seat 5: Hero ($13.13 in chips)
Seat 6: 507aa8c6 ($5.07 in chips)
22d536f8: posts small blind $0.02
5e71e1ad: posts big blind $0.05
*** HOLE CARDS ***
Dealt to 22d536f8 
Dealt to 5e71e1ad 
Dealt to 9a0224ba 
Dealt to 3f2717ce 
Dealt to Hero [5s Qh]
Dealt to 507aa8c6 
9a0224ba: folds
3f2717ce: folds
Hero: folds
507aa8c6: raises $0.07 to $0.12
22d536f8: calls $0.1
5e71e1ad: folds
*** FLOP *** [Ah Jd Th]
22d536f8: checks
507aa8c6: bets $0.14
22d536f8: calls $0.14
*** TURN *** [Ah Jd Th] [9s]
22d536f8: checks
507aa8c6: bets $0.43
22d536f8: calls $0.43
*** RIVER *** [Ah Jd Th 9s] [9c]
22d536f8: checks
507aa8c6: checks
22d536f8: shows [7h 6h] (Pair of Nines)
507aa8c6: shows [Ad Kc] (Pair of Aces and Pair of Nines)
*** SHOWDOWN ***
507aa8c6 collected $1.36 from pot
*** SUMMARY ***
Total pot $1.43 | Rake $0.07 | Jackpot $0 | Bingo $0 | Fortune $0
Board [Ah Jd Th 9s 9c]
Seat 1: 22d536f8 (small blind) showed [7h 6h] and lost with Pair of Nines
Seat 2: 5e71e1ad (big blind) folded before Flop
Seat 3: 9a0224ba folded before Flop (didn't bet)
Seat 4: 3f2717ce folded before Flop (didn't bet)
Seat 5: Hero folded before Flop (didn't bet)
Seat 6: 507aa8c6 (button) showed [Ad Kc] and won ($1.36) with Pair of Aces and Pair of Nines


Poker Hand #HD1203336313: Hold'em No Limit  ($0.02/$0.05) - 2023/04/14 22:01:50
Table 'NLHBlue19' 6-max Seat #5 is the button
Seat 1: 22d536f8 ($2.93 in chips)
Seat 2: 5e71e1ad ($4.32 in chips)
Seat 3: 9a0224ba ($6.18 in chips)
Seat 4: 3f2717ce ($5.05 in chips)
Seat 5: Hero ($13.13 in chips)
Seat 6: 507aa8c6 ($5.02 in chips)
507aa8c6: posts small blind $0.02
22d536f8: posts big blind $0.05
*** HOLE CARDS ***
Dealt to 22d536f8 
Dealt to 5e71e1ad 
Dealt to 9a0224ba 
Dealt to 3f2717ce 
Dealt to Hero [2c 3d]
Dealt to 507aa8c6 
5e71e1ad: folds
9a0224ba: folds
3f2717ce: folds
Hero: folds
507aa8c6: raises $0.1 to $0.15
22d536f8: folds
Uncalled bet ($0.1) returned to 507aa8c6
*** SHOWDOWN ***
507aa8c6 collected $0.1 from pot
*** SUMMARY ***
Total pot $0.1 | Rake $0 | Jackpot $0 | Bingo $0 | Fortune $0
Seat 1: 22d536f8 (big blind) folded before Flop
Seat 2: 5e71e1ad folded before Flop (didn't bet)
Seat 3: 9a0224ba folded before Flop (didn't bet)
Seat 4: 3f2717ce folded before Flop (didn't bet)
Seat 5: Hero (button) folded before Flop (didn't bet)
Seat 6: 507aa8c6 (small blind) collected ($0.1)


Poker Hand #HD1203336289: Hold'em No Limit  ($0.02/$0.05) - 2023/04/14 22:01:35
Table 'NLHBlue19' 6-max Seat #4 is the button
Seat 1: 22d536f8 ($2.93 in chips)
Seat 2: 5e71e1ad ($4.32 in chips)
Seat 3: 9a0224ba ($6.18 in chips)
Seat 4: 3f2717ce ($5.05 in chips)
Seat 5: Hero ($13.15 in chips)
Seat 6: 507aa8c6 ($5 in chips)
Hero: posts small blind $0.02
507aa8c6: posts big blind $0.05
*** HOLE CARDS ***
Dealt to 22d536f8 
Dealt to 5e71e1ad 
Dealt to 9a0224ba 
Dealt to 3f2717ce 
Dealt to Hero [2h 7c]
Dealt to 507aa8c6 
22d536f8: folds
5e71e1ad: folds
9a0224ba: folds
3f2717ce: folds
Hero: folds
Uncalled bet ($0.03) returned to 507aa8c6
*** SHOWDOWN ***
507aa8c6 collected $0.04 from pot
*** SUMMARY ***
Total pot $0.04 | Rake $0 | Jackpot $0 | Bingo $0 | Fortune $0
Seat 1: 22d536f8 folded before Flop (didn't bet)
Seat 2: 5e71e1ad folded before Flop (didn't bet)
Seat 3: 9a0224ba folded before Flop (didn't bet)
Seat 4: 3f2717ce (button) folded before Flop (didn't bet)
Seat 5: Hero (small blind) folded before Flop
Seat 6: 507aa8c6 (big blind) collected ($0.04)


Poker Hand #HD1203336224: Hold'em No Limit  ($0.02/$0.05) - 2023/04/14 22:01:04
Table 'NLHBlue19' 6-max Seat #3 is the button
Seat 1: 22d536f8 ($2.93 in chips)
Seat 2: 5e71e1ad ($4.32 in chips)
Seat 3: 9a0224ba ($6.18 in chips)
Seat 4: 3f2717ce ($5 in chips)
Seat 5: Hero ($13.2 in chips)
Seat 6: 507aa8c6 ($5 in chips)
3f2717ce: posts small blind $0.02
Hero: posts big blind $0.05
*** HOLE CARDS ***
Dealt to 22d536f8 
Dealt to 5e71e1ad 
Dealt to 9a0224ba 
Dealt to 3f2717ce 
Dealt to Hero [2s 6c]
Dealt to 507aa8c6 
507aa8c6: folds
22d536f8: folds
5e71e1ad: folds
9a0224ba: folds
3f2717ce: raises $0.1 to $0.15
Hero: folds
Uncalled bet ($0.1) returned to 3f2717ce
*** SHOWDOWN ***
3f2717ce collected $0.1 from pot
*** SUMMARY ***
Total pot $0.1 | Rake $0 | Jackpot $0 | Bingo $0 | Fortune $0
Seat 1: 22d536f8 folded before Flop (didn't bet)
Seat 2: 5e71e1ad folded before Flop (didn't bet)
Seat 3: 9a0224ba (button) folded before Flop (didn't bet)
Seat 4: 3f2717ce (small blind) collected ($0.1)
Seat 5: Hero (big blind) folded before Flop
Seat 6: 507aa8c6 folded before Flop (didn't bet)


Poker Hand #HD1203336130: Hold'em No Limit  ($0.02/$0.05) - 2023/04/14 22:00:14
Table 'NLHBlue19' 6-max Seat #2 is the button
Seat 1: 22d536f8 ($2.93 in chips)
Seat 2: 5e71e1ad ($4.03 in chips)
Seat 3: 9a0224ba ($6.45 in chips)
Seat 4: 3f2717ce ($5 in chips)
Seat 5: Hero ($13.2 in chips)
Seat 6: 507aa8c6 ($5 in chips)
9a0224ba: posts small blind $0.02
3f2717ce: posts big blind $0.05
*** HOLE CARDS ***
Dealt to 22d536f8 
Dealt to 5e71e1ad 
Dealt to 9a0224ba 
Dealt to 3f2717ce 
Dealt to Hero [5c 3d]
Dealt to 507aa8c6 
Hero: folds
507aa8c6: folds
22d536f8: folds
5e71e1ad: raises $0.1 to $0.15
9a0224ba: calls $0.13
3f2717ce: folds
*** FLOP *** [2h 5d 5s]
9a0224ba: checks
5e71e1ad: bets $0.12
9a0224ba: calls $0.12
*** TURN *** [2h 5d 5s] [4d]
9a0224ba: checks
5e71e1ad: bets $0.45
9a0224ba: folds
Uncalled bet ($0.45) returned to 5e71e1ad
*** SHOWDOWN ***
5e71e1ad collected $0.56 from pot
*** SUMMARY ***
Total pot $0.59 | Rake $0.03 | Jackpot $0 | Bingo $0 | Fortune $0
Board [2h 5d 5s 4d]
Seat 1: 22d536f8 folded before Flop (didn't bet)
Seat 2: 5e71e1ad (button) won ($0.56)
Seat 3: 9a0224ba (small blind) folded on the Turn
Seat 4: 3f2717ce (big blind) folded before Flop
Seat 5: Hero folded before Flop (didn't bet)
Seat 6: 507aa8c6 folded before Flop (didn't bet)


Poker Hand #HD1203336062: Hold'em No Limit  ($0.02/$0.05) - 2023/04/14 21:59:36
Table 'NLHBlue19' 6-max Seat #1 is the button
Seat 1: 22d536f8 ($3.38 in chips)
Seat 2: 5e71e1ad ($4.05 in chips)
Seat 3: 9a0224ba ($5.59 in chips)
Seat 5: Hero ($13.65 in chips)
Seat 6: 507aa8c6 ($5 in chips)
5e71e1ad: posts small blind $0.02
9a0224ba: posts big blind $0.05
*** HOLE CARDS ***
Dealt to 22d536f8 
Dealt to 5e71e1ad 
Dealt to 9a0224ba 
Dealt to Hero [Kh As]
Dealt to 507aa8c6 
Hero: raises $0.07 to $0.12
507aa8c6: folds
22d536f8: calls $0.12
5e71e1ad: folds
9a0224ba: raises $0.33 to $0.45
Hero: calls $0.33
22d536f8: calls $0.33
*** FLOP *** [9d 8h Qc]
9a0224ba: bets $0.69
Hero: folds
22d536f8: folds
Uncalled bet ($0.69) returned to 9a0224ba
*** SHOWDOWN ***
9a0224ba collected $1.31 from pot
*** SUMMARY ***
Total pot $1.37 | Rake $0.06 | Jackpot $0 | Bingo $0 | Fortune $0
Board [9d 8h Qc]
Seat 1: 22d536f8 (button) folded on the Flop
Seat 2: 5e71e1ad (small blind) folded before Flop
Seat 3: 9a0224ba (big blind) won ($1.31)
Seat 5: Hero folded on the Flop
Seat 6: 507aa8c6 folded before Flop (didn't bet)


Poker Hand #HD1203335986: Hold'em No Limit  ($0.02/$0.05) - 2023/04/14 21:58:55
Table 'NLHBlue19' 6-max Seat #6 is the button
Seat 1: 22d536f8 ($3.4 in chips)
Seat 2: 5e71e1ad ($4.68 in chips)
Seat 3: 9a0224ba ($5 in chips)
Seat 5: Hero ($13.65 in chips)
Seat 6: 507aa8c6 ($5 in chips)
22d536f8: posts small blind $0.02
5e71e1ad: posts big blind $0.05
*** HOLE CARDS ***
Dealt to 22d536f8 
Dealt to 5e71e1ad 
Dealt to 9a0224ba 
Dealt to Hero [8c 7d]
Dealt to 507aa8c6 
9a0224ba: raises $0.1 to $0.15
Hero: folds
507aa8c6: folds
22d536f8: folds
5e71e1ad: calls $0.1
*** FLOP *** [Jh 5h 6s]
5e71e1ad: checks
9a0224ba: bets $0.16
5e71e1ad: calls $0.16
*** TURN *** [Jh 5h 6s] [9c]
5e71e1ad: checks
9a0224ba: bets $0.32
5e71e1ad: calls $0.32
*** RIVER *** [Jh 5h 6s 9c] [2s]
5e71e1ad: checks
9a0224ba: checks
5e71e1ad: shows [6h 7c] (Pair of Sixes)
9a0224ba: shows [6c 8h] (Pair of Sixes)
*** SHOWDOWN ***
9a0224ba collected $1.22 from pot
*** SUMMARY ***
Total pot $1.28 | Rake $0.06 | Jackpot $0 | Bingo $0 | Fortune $0
Board [Jh 5h 6s 9c 2s]
Seat 1: 22d536f8 (small blind) folded before Flop
Seat 2: 5e71e1ad (big blind) showed [6h 7c] and lost with Pair of Sixes
Seat 3: 9a0224ba showed [6c 8h] and won ($1.22) with Pair of Sixes
Seat 5: Hero folded before Flop (didn't bet)
Seat 6: 507aa8c6 (button) folded before Flop (didn't bet)


Poker Hand #HD1203335973: Hold'em No Limit  ($0.02/$0.05) - 2023/04/14 21:58:48
Table 'NLHBlue19' 6-max Seat #5 is the button
Seat 1: 22d536f8 ($3.38 in chips)
Seat 2: 5e71e1ad ($4.68 in chips)
Seat 5: Hero ($13.65 in chips)
Seat 6: 507aa8c6 ($5.02 in chips)
507aa8c6: posts small blind $0.02
22d536f8: posts big blind $0.05
*** HOLE CARDS ***
Dealt to 22d536f8 
Dealt to 5e71e1ad 
Dealt to Hero [3c 7d]
Dealt to 507aa8c6 
5e71e1ad: folds
Hero: folds
507aa8c6: folds
Uncalled bet ($0.03) returned to 22d536f8
*** SHOWDOWN ***
22d536f8 collected $0.04 from pot
*** SUMMARY ***
Total pot $0.04 | Rake $0 | Jackpot $0 | Bingo $0 | Fortune $0
Seat 1: 22d536f8 (big blind) collected ($0.04)
Seat 2: 5e71e1ad folded before Flop (didn't bet)
Seat 5: Hero (button) folded before Flop (didn't bet)
Seat 6: 507aa8c6 (small blind) folded before Flop


Poker Hand #HD1203335855: Hold'em No Limit  ($0.02/$0.05) - 2023/04/14 21:57:43
Table 'NLHBlue19' 6-max Seat #3 is the button
Seat 1: 22d536f8 ($3.38 in chips)
Seat 2: 5e71e1ad ($4.83 in chips)
Seat 3: 9a0224ba ($2.53 in chips)
Seat 5: Hero ($11.94 in chips)
Seat 6: 507aa8c6 ($5.07 in chips)
Hero: posts small blind $0.02
507aa8c6: posts big blind $0.05
*** HOLE CARDS ***
Dealt to 22d536f8 
Dealt to 5e71e1ad 
Dealt to 9a0224ba 
Dealt to Hero [Tc Th]
Dealt to 507aa8c6 
22d536f8: folds
5e71e1ad: raises $0.1 to $0.15
9a0224ba: calls $0.15
Hero: raises $0.45 to $0.6
507aa8c6: folds
5e71e1ad: folds
9a0224ba: calls $0.45
*** FLOP *** [Kh 4d 8h]
Hero: bets $0.42
9a0224ba: raises $1.51 to $1.93 and is all-in
Hero: calls $1.51
9a0224ba: shows [Ts Ad] (Ace-High)
Hero: shows [Tc Th] (Pair of Tens)
Hero: Chooses to EV Cashout 
*** TURN *** [Kh 4d 8h] [5c]
*** RIVER *** [Kh 4d 8h 5c] [Qc]
Hero: Pays Cashout Risk ($0.71)
*** SHOWDOWN ***
Hero collected $4.95 from pot
*** SUMMARY ***
Total pot $5.26 | Rake $0.26 | Jackpot $0.05 | Bingo $0 | Fortune $0
Board [Kh 4d 8h 5c Qc]
Seat 1: 22d536f8 folded before Flop (didn't bet)
Seat 2: 5e71e1ad folded before Flop
Seat 3: 9a0224ba (button) showed [Ts Ad] and lost with Ace-High
Seat 5: Hero (small blind) showed [Tc Th] and won ($4.95) with Pair of Tens, Cashout Risk ($0.71)
Seat 6: 507aa8c6 (big blind) folded before Flop


Poker Hand #HD1203335819: Hold'em No Limit  ($0.02/$0.05) - 2023/04/14 21:57:24
Table 'NLHBlue19' 6-max Seat #2 is the button
Seat 1: 22d536f8 ($3.38 in chips)
Seat 2: 5e71e1ad ($4.83 in chips)
Seat 3: 9a0224ba ($2.48 in chips)
Seat 5: Hero ($11.99 in chips)
Seat 6: 507aa8c6 ($5.07 in chips)
9a0224ba: posts small blind $0.02
Hero: posts big blind $0.05
*** HOLE CARDS ***
Dealt to 22d536f8 
Dealt to 5e71e1ad 
Dealt to 9a0224ba 
Dealt to Hero [3d 8h]
Dealt to 507aa8c6 
507aa8c6: folds
22d536f8: folds
5e71e1ad: folds
9a0224ba: raises $0.1 to $0.15
Hero: folds
Uncalled bet ($0.1) returned to 9a0224ba
*** SHOWDOWN ***
9a0224ba collected $0.1 from pot
*** SUMMARY ***
Total pot $0.1 | Rake $0 | Jackpot $0 | Bingo $0 | Fortune $0
Seat 1: 22d536f8 folded before Flop (didn't bet)
Seat 2: 5e71e1ad (button) folded before Flop (didn't bet)
Seat 3: 9a0224ba (small blind) collected ($0.1)
Seat 5: Hero (big blind) folded before Flop
Seat 6: 507aa8c6 folded before Flop (didn't bet)


Poker Hand #HD1203335716: Hold'em No Limit  ($0.02/$0.05) - 2023/04/14 21:56:29
Table 'NLHBlue19' 6-max Seat #1 is the button
Seat 1: 22d536f8 ($3.58 in chips)
Seat 2: 5e71e1ad ($4.46 in chips)
Seat 3: 9a0224ba ($2.68 in chips)
Seat 4: 88abbb1f ($5 in chips)
Seat 5: Hero ($11.99 in chips)
Seat 6: 507aa8c6 ($5.07 in chips)
5e71e1ad: posts small blind $0.02
9a0224ba: posts big blind $0.05
*** HOLE CARDS ***
Dealt to 22d536f8 
Dealt to 5e71e1ad 
Dealt to 9a0224ba 
Dealt to 88abbb1f 
Dealt to Hero [Qh 6c]
Dealt to 507aa8c6 
88abbb1f: folds
Hero: folds
507aa8c6: folds
22d536f8: raises $0.05 to $0.1
5e71e1ad: calls $0.08
9a0224ba: calls $0.05
*** FLOP *** [As 6s 7s]
5e71e1ad: checks
9a0224ba: checks
22d536f8: bets $0.1
5e71e1ad: calls $0.1
9a0224ba: calls $0.1
*** TURN *** [As 6s 7s] [9s]
5e71e1ad: checks
9a0224ba: checks
22d536f8: checks
*** RIVER *** [As 6s 7s 9s] [Td]
5e71e1ad: bets $0.45
9a0224ba: folds
22d536f8: folds
Uncalled bet ($0.45) returned to 5e71e1ad
*** SHOWDOWN ***
5e71e1ad collected $0.57 from pot
*** SUMMARY ***
Total pot $0.6 | Rake $0.03 | Jackpot $0 | Bingo $0 | Fortune $0
Board [As 6s 7s 9s Td]
Seat 1: 22d536f8 (button) folded on the River
Seat 2: 5e71e1ad (small blind) won ($0.57)
Seat 3: 9a0224ba (big blind) folded on the River
Seat 4: 88abbb1f folded before Flop (didn't bet)
Seat 5: Hero folded before Flop (didn't bet)
Seat 6: 507aa8c6 folded before Flop (didn't bet)


Poker Hand #HD1203335678: Hold'em No Limit  ($0.02/$0.05) - 2023/04/14 21:56:06
Table 'NLHBlue19' 6-max Seat #6 is the button
Seat 1: 22d536f8 ($3.6 in chips)
Seat 2: 5e71e1ad ($4.51 in chips)
Seat 3: 9a0224ba ($2.68 in chips)
Seat 4: 88abbb1f ($5 in chips)
Seat 5: Hero ($11.99 in chips)
Seat 6: 507aa8c6 ($5 in chips)
22d536f8: posts small blind $0.02
5e71e1ad: posts big blind $0.05
*** HOLE CARDS ***
Dealt to 22d536f8 
Dealt to 5e71e1ad 
Dealt to 9a0224ba 
Dealt to 88abbb1f 
Dealt to Hero [6c 5h]
Dealt to 507aa8c6 
9a0224ba: folds
88abbb1f: folds
Hero: folds
507aa8c6: raises $0.07 to $0.12
22d536f8: folds
5e71e1ad: folds
Uncalled bet ($0.07) returned to 507aa8c6
*** SHOWDOWN ***
507aa8c6 collected $0.12 from pot
*** SUMMARY ***
Total pot $0.12 | Rake $0 | Jackpot $0 | Bingo $0 | Fortune $0
Seat 1: 22d536f8 (small blind) folded before Flop
Seat 2: 5e71e1ad (big blind) folded before Flop
Seat 3: 9a0224ba folded before Flop (didn't bet)
Seat 4: 88abbb1f folded before Flop (didn't bet)
Seat 5: Hero folded before Flop (didn't bet)
Seat 6: 507aa8c6 (button) collected ($0.12)


Poker Hand #HD1203335646: Hold'em No Limit  ($0.02/$0.05) - 2023/04/14 21:55:51
Table 'NLHBlue19' 6-max Seat #5 is the button
Seat 1: 22d536f8 ($3.65 in chips)
Seat 2: 5e71e1ad ($4.44 in chips)
Seat 3: 9a0224ba ($2.68 in chips)
Seat 4: 88abbb1f ($5 in chips)
Seat 5: Hero ($11.99 in chips)
Seat 6: 507aa8c6 ($5 in chips)
507aa8c6: posts small blind $0.02
22d536f8: posts big blind $0.05
*** HOLE CARDS ***
Dealt to 22d536f8 
Dealt to 5e71e1ad 
Dealt to 9a0224ba 
Dealt to 88abbb1f 
Dealt to Hero [2h 5c]
Dealt to 507aa8c6 
5e71e1ad: raises $0.1 to $0.15
9a0224ba: folds
88abbb1f: folds
Hero: folds
507aa8c6: folds
22d536f8: folds
Uncalled bet ($0.1) returned to 5e71e1ad
*** SHOWDOWN ***
5e71e1ad collected $0.12 from pot
*** SUMMARY ***
Total pot $0.12 | Rake $0 | Jackpot $0 | Bingo $0 | Fortune $0
Seat 1: 22d536f8 (big blind) folded before Flop
Seat 2: 5e71e1ad collected ($0.12)
Seat 3: 9a0224ba folded before Flop (didn't bet)
Seat 4: 88abbb1f folded before Flop (didn't bet)
Seat 5: Hero (button) folded before Flop (didn't bet)
Seat 6: 507aa8c6 (small blind) folded before Flop


Poker Hand #HD1203265561: Hold'em No Limit  ($0.02/$0.05) - 2023/04/14 21:55:06
Table 'NLHBlue19' 6-max Seat #4 is the button
Seat 1: 22d536f8 ($3.75 in chips)
Seat 2: 5e71e1ad ($4.44 in chips)
Seat 3: 9a0224ba ($2.52 in chips)
Seat 4: 88abbb1f ($1.39 in chips)
Seat 5: Hero ($12.01 in chips)
Seat 6: 507aa8c6 ($5 in chips)
Hero: posts small blind $0.02
507aa8c6: posts big blind $0.05
9a0224ba: straddle $0.1
*** HOLE CARDS ***
Dealt to 22d536f8 
Dealt to 5e71e1ad 
Dealt to 9a0224ba 
Dealt to 88abbb1f 
Dealt to Hero [6h 3h]
Dealt to 507aa8c6 
88abbb1f: folds
Hero: folds
507aa8c6: folds
22d536f8: calls $0.1
5e71e1ad: folds
9a0224ba: checks
*** FLOP *** [9h 9c Jh]
22d536f8: checks
9a0224ba: checks
*** TURN *** [9h 9c Jh] [6c]
22d536f8: checks
9a0224ba: checks
*** RIVER *** [9h 9c Jh 6c] [Tc]
22d536f8: checks
9a0224ba: bets $0.27
22d536f8: folds
Uncalled bet ($0.27) returned to 9a0224ba
*** SHOWDOWN ***
9a0224ba collected $0.26 from pot
*** SUMMARY ***
Total pot $0.27 | Rake $0.01 | Jackpot $0 | Bingo $0 | Fortune $0
Board [9h 9c Jh 6c Tc]
Seat 1: 22d536f8 folded on the River
Seat 2: 5e71e1ad folded before Flop (didn't bet)
Seat 3: 9a0224ba won ($0.26)
Seat 4: 88abbb1f (button) folded before Flop (didn't bet)
Seat 5: Hero (small blind) folded before Flop
Seat 6: 507aa8c6 (big blind) folded before Flop


Poker Hand #HD1203265447: Hold'em No Limit  ($0.02/$0.05) - 2023/04/14 21:54:10
Table 'NLHBlue19' 6-max Seat #3 is the button
Seat 1: 22d536f8 ($3.75 in chips)
Seat 2: 5e71e1ad ($4.37 in chips)
Seat 3: 9a0224ba ($2.52 in chips)
Seat 4: 88abbb1f ($1.41 in chips)
Seat 5: Hero ($12.06 in chips)
Seat 6: 507aa8c6 ($5 in chips)
88abbb1f: posts small blind $0.02
Hero: posts big blind $0.05
*** HOLE CARDS ***
Dealt to 22d536f8 
Dealt to 5e71e1ad 
Dealt to 9a0224ba 
Dealt to 88abbb1f 
Dealt to Hero [8h 4c]
Dealt to 507aa8c6 
507aa8c6: folds
22d536f8: folds
5e71e1ad: raises $0.1 to $0.15
9a0224ba: folds
88abbb1f: folds
Hero: folds
Uncalled bet ($0.1) returned to 5e71e1ad
*** SHOWDOWN ***
5e71e1ad collected $0.12 from pot
*** SUMMARY ***
Total pot $0.12 | Rake $0 | Jackpot $0 | Bingo $0 | Fortune $0
Seat 1: 22d536f8 folded before Flop (didn't bet)
Seat 2: 5e71e1ad collected ($0.12)
Seat 3: 9a0224ba (button) folded before Flop (didn't bet)
Seat 4: 88abbb1f (small blind) folded before Flop
Seat 5: Hero (big blind) folded before Flop
Seat 6: 507aa8c6 folded before Flop (didn't bet)


Poker Hand #HD1203265395: Hold'em No Limit  ($0.02/$0.05) - 2023/04/14 21:53:40
Table 'NLHBlue19' 6-max Seat #2 is the button
Seat 1: 22d536f8 ($3.75 in chips)
Seat 2: 5e71e1ad ($4.37 in chips)
Seat 3: 9a0224ba ($2.47 in chips)
Seat 4: 88abbb1f ($1.46 in chips)
Seat 5: Hero ($12.06 in chips)
Seat 6: 507aa8c6 ($5 in chips)
9a0224ba: posts small blind $0.02
88abbb1f: posts big blind $0.05
*** HOLE CARDS ***
Dealt to 22d536f8 
Dealt to 5e71e1ad 
Dealt to 9a0224ba 
Dealt to 88abbb1f 
Dealt to Hero [Ac 2h]
Dealt to 507aa8c6 
Hero: folds
507aa8c6: folds
22d536f8: folds
5e71e1ad: folds
9a0224ba: calls $0.03
88abbb1f: checks
*** FLOP *** [Js 6s 5s]
9a0224ba: bets $0.08
88abbb1f: folds
Uncalled bet ($0.08) returned to 9a0224ba
*** SHOWDOWN ***
9a0224ba collected $0.1 from pot
*** SUMMARY ***
Total pot $0.1 | Rake $0 | Jackpot $0 | Bingo $0 | Fortune $0
Board [Js 6s 5s]
Seat 1: 22d536f8 folded before Flop (didn't bet)
Seat 2: 5e71e1ad (button) folded before Flop (didn't bet)
Seat 3: 9a0224ba (small blind) won ($0.1)
Seat 4: 88abbb1f (big blind) folded on the Flop
Seat 5: Hero folded before Flop (didn't bet)
Seat 6: 507aa8c6 folded before Flop (didn't bet)


Poker Hand #HD1203265313: Hold'em No Limit  ($0.02/$0.05) - 2023/04/14 21:52:59
Table 'NLHBlue19' 6-max Seat #1 is the button
Seat 1: 22d536f8 ($3.75 in chips)
Seat 2: 5e71e1ad ($4.39 in chips)
Seat 3: 9a0224ba ($2.67 in chips)
Seat 4: 88abbb1f ($1.26 in chips)
Seat 5: Hero ($12.06 in chips)
Seat 6: 507aa8c6 ($5 in chips)
5e71e1ad: posts small blind $0.02
9a0224ba: posts big blind $0.05
*** HOLE CARDS ***
Dealt to 22d536f8 
Dealt to 5e71e1ad 
Dealt to 9a0224ba 
Dealt to 88abbb1f 
Dealt to Hero [5s As]
Dealt to 507aa8c6 
88abbb1f: raises $0.15 to $0.2
Hero: folds
507aa8c6: folds
22d536f8: folds
5e71e1ad: folds
9a0224ba: calls $0.15
*** FLOP *** [Kc 2s 5d]
9a0224ba: checks
88abbb1f: checks
*** TURN *** [Kc 2s 5d] [6c]
9a0224ba: checks
88abbb1f: bets $0.21
9a0224ba: folds
Uncalled bet ($0.21) returned to 88abbb1f
*** SHOWDOWN ***
88abbb1f collected $0.4 from pot
*** SUMMARY ***
Total pot $0.42 | Rake $0.02 | Jackpot $0 | Bingo $0 | Fortune $0
Board [Kc 2s 5d 6c]
Seat 1: 22d536f8 (button) folded before Flop (didn't bet)
Seat 2: 5e71e1ad (small blind) folded before Flop
Seat 3: 9a0224ba (big blind) folded on the Turn
Seat 4: 88abbb1f won ($0.4)
Seat 5: Hero folded before Flop (didn't bet)
Seat 6: 507aa8c6 folded before Flop (didn't bet)


Poker Hand #HD1203265190: Hold'em No Limit  ($0.02/$0.05) - 2023/04/14 21:51:53
Table 'NLHBlue19' 6-max Seat #6 is the button
Seat 1: 22d536f8 ($3.77 in chips)
Seat 2: 5e71e1ad ($4.9 in chips)
Seat 3: 9a0224ba ($2.67 in chips)
Seat 4: 88abbb1f ($1.26 in chips)
Seat 5: Hero ($11.58 in chips)
Seat 6: 507aa8c6 ($5 in chips)
22d536f8: posts small blind $0.02
5e71e1ad: posts big blind $0.05
*** HOLE CARDS ***
Dealt to 22d536f8 
Dealt to 5e71e1ad 
Dealt to 9a0224ba 
Dealt to 88abbb1f 
Dealt to Hero [Qc Qh]
Dealt to 507aa8c6 
9a0224ba: folds
88abbb1f: folds
Hero: raises $0.07 to $0.12
507aa8c6: folds
22d536f8: folds
5e71e1ad: calls $0.07
*** FLOP *** [8h Ts 3d]
5e71e1ad: checks
Hero: bets $0.13
5e71e1ad: calls $0.13
*** TURN *** [8h Ts 3d] [2c]
5e71e1ad: checks
Hero: bets $0.26
5e71e1ad: calls $0.26
*** RIVER *** [8h Ts 3d 2c] [As]
5e71e1ad: checks
Hero: bets $0.52
5e71e1ad: folds
Uncalled bet ($0.52) returned to Hero
*** SHOWDOWN ***
Hero collected $0.99 from pot
*** SUMMARY ***
Total pot $1.04 | Rake $0.05 | Jackpot $0 | Bingo $0 | Fortune $0
Board [8h Ts 3d 2c As]
Seat 1: 22d536f8 (small blind) folded before Flop
Seat 2: 5e71e1ad (big blind) folded on the River
Seat 3: 9a0224ba folded before Flop (didn't bet)
Seat 4: 88abbb1f folded before Flop (didn't bet)
Seat 5: Hero won ($0.99)
Seat 6: 507aa8c6 (button) folded before Flop (didn't bet)


Poker Hand #HD1203265064: Hold'em No Limit  ($0.02/$0.05) - 2023/04/14 21:50:47
Table 'NLHBlue19' 6-max Seat #5 is the button
Seat 1: 22d536f8 ($2.18 in chips)
Seat 2: 5e71e1ad ($4.9 in chips)
Seat 3: 9a0224ba ($2.67 in chips)
Seat 4: 88abbb1f ($3.44 in chips)
Seat 5: Hero ($11.58 in chips)
Seat 6: 507aa8c6 ($5 in chips)
507aa8c6: posts small blind $0.02
22d536f8: posts big blind $0.05
*** HOLE CARDS ***
Dealt to 22d536f8 
Dealt to 5e71e1ad 
Dealt to 9a0224ba 
Dealt to 88abbb1f 
Dealt to Hero [6s Kc]
Dealt to 507aa8c6 
5e71e1ad: folds
9a0224ba: folds
88abbb1f: raises $0.15 to $0.2
Hero: folds
507aa8c6: folds
22d536f8: raises $0.21 to $0.41
88abbb1f: raises $0.59 to $1
22d536f8: calls $0.59
*** FLOP *** [4h Kh 2h]
22d536f8: bets $1.18 and is all-in
88abbb1f: calls $1.18
22d536f8: shows [Ah Ks] (Pair of Kings)
88abbb1f: shows [7h 7d] (Pair of Sevens)
22d536f8: Chooses to EV Cashout 
*** TURN *** [4h Kh 2h] [4d]
*** RIVER *** [4h Kh 2h 4d] [3s]
22d536f8: Pays Cashout Risk ($0.35)
*** SHOWDOWN ***
22d536f8 collected $4.12 from pot
*** SUMMARY ***
Total pot $4.38 | Rake $0.21 | Jackpot $0.05 | Bingo $0 | Fortune $0
Board [4h Kh 2h 4d 3s]
Seat 1: 22d536f8 (big blind) showed [Ah Ks] and won ($4.12) with Pair of Kings and Pair of Fours, Cashout Risk ($0.35)
Seat 2: 5e71e1ad folded before Flop (didn't bet)
Seat 3: 9a0224ba folded before Flop (didn't bet)
Seat 4: 88abbb1f showed [7h 7d] and lost with Pair of Sevens and Pair of Fours
Seat 5: Hero (button) folded before Flop (didn't bet)
Seat 6: 507aa8c6 (small blind) folded before Flop


Poker Hand #HD1203264929: Hold'em No Limit  ($0.02/$0.05) - 2023/04/14 21:49:36
Table 'NLHBlue19' 6-max Seat #4 is the button
Seat 1: 22d536f8 ($2.18 in chips)
Seat 2: 5e71e1ad ($4.9 in chips)
Seat 3: 9a0224ba ($2.67 in chips)
Seat 4: 88abbb1f ($9.48 in chips)
Seat 5: Hero ($6.04 in chips)
Seat 6: 507aa8c6 ($5.05 in chips)
Hero: posts small blind $0.02
507aa8c6: posts big blind $0.05
*** HOLE CARDS ***
Dealt to 22d536f8 
Dealt to 5e71e1ad 
Dealt to 9a0224ba 
Dealt to 88abbb1f 
Dealt to Hero [8h 8s]
Dealt to 507aa8c6 
22d536f8: folds
5e71e1ad: folds
9a0224ba: folds
88abbb1f: raises $0.15 to $0.2
Hero: raises $0.36 to $0.56
507aa8c6: folds
88abbb1f: calls $0.36
*** FLOP *** [8c 3d Kd]
Hero: bets $0.7
88abbb1f: raises $8.22 to $8.92 and is all-in
Hero: calls $4.78 and is all-in
Uncalled bet ($3.44) returned to 88abbb1f
88abbb1f: shows [Kc 6c] (Pair of Kings)
Hero: shows [8h 8s] (Three Eights)
*** FIRST TURN *** [8c 3d Kd] [Jh]
*** FIRST RIVER *** [8c 3d Kd Jh] [8d]
*** SECOND TURN *** [8c 3d Kd] [4d]
*** SECOND RIVER *** [8c 3d Kd 4d] [Tc]
*** FIRST SHOWDOWN ***
Hero collected $5.79 from pot
*** SECOND SHOWDOWN ***
Hero collected $5.79 from pot
*** SUMMARY ***
Total pot $12.13 | Rake $0.5 | Jackpot $0.05 | Bingo $0 | Fortune $0
Hand was run two times
FIRST Board [8c 3d Kd Jh 8d]
SECOND Board [4d Tc]
Seat 1: 22d536f8 folded before Flop (didn't bet)
Seat 2: 5e71e1ad folded before Flop (didn't bet)
Seat 3: 9a0224ba folded before Flop (didn't bet)
Seat 4: 88abbb1f (button) showed [Kc 6c] and lost with Pair of Kings and Pair of Eights, and lost
Seat 5: Hero (small blind) showed [8h 8s] and won ($5.79) with Four Eights, and won ($5.79)
Seat 6: 507aa8c6 (big blind) folded before Flop


Poker Hand #HD1203264834: Hold'em No Limit  ($0.02/$0.05) - 2023/04/14 21:48:42
Table 'NLHBlue19' 6-max Seat #3 is the button
Seat 1: 22d536f8 ($1.16 in chips)
Seat 2: 5e71e1ad ($4.9 in chips)
Seat 3: 9a0224ba ($3.83 in chips)
Seat 4: 88abbb1f ($9.5 in chips)
Seat 5: Hero ($6.19 in chips)
Seat 6: 507aa8c6 ($5.05 in chips)
88abbb1f: posts small blind $0.02
Hero: posts big blind $0.05
*** HOLE CARDS ***
Dealt to 22d536f8 
Dealt to 5e71e1ad 
Dealt to 9a0224ba 
Dealt to 88abbb1f 
Dealt to Hero [Kd 9d]
Dealt to 507aa8c6 
507aa8c6: folds
22d536f8: raises $0.1 to $0.15
5e71e1ad: folds
9a0224ba: calls $0.15
88abbb1f: folds
Hero: calls $0.1
*** FLOP *** [6h Jc 7s]
Hero: checks
22d536f8: bets $0.36
9a0224ba: calls $0.36
Hero: folds
*** TURN *** [6h Jc 7s] [6s]
22d536f8: bets $0.65 and is all-in
9a0224ba: calls $0.65
22d536f8: shows [Ad Ac] (Pair of Aces and Pair of Sixes)
9a0224ba: shows [Ts Tc] (Pair of Tens and Pair of Sixes)
22d536f8: Chooses to EV Cashout 
*** RIVER *** [6h Jc 7s 6s] [8h]
22d536f8: Pays Cashout Risk ($0.14)
*** SHOWDOWN ***
22d536f8 collected $2.32 from pot
*** SUMMARY ***
Total pot $2.49 | Rake $0.12 | Jackpot $0.05 | Bingo $0 | Fortune $0
Board [6h Jc 7s 6s 8h]
Seat 1: 22d536f8 showed [Ad Ac] and won ($2.32) with Pair of Aces and Pair of Sixes, Cashout Risk ($0.14)
Seat 2: 5e71e1ad folded before Flop (didn't bet)
Seat 3: 9a0224ba (button) showed [Ts Tc] and lost with Pair of Tens and Pair of Sixes
Seat 4: 88abbb1f (small blind) folded before Flop
Seat 5: Hero (big blind) folded on the Flop
Seat 6: 507aa8c6 folded before Flop (didn't bet)


Poker Hand #HD1203264793: Hold'em No Limit  ($0.02/$0.05) - 2023/04/14 21:48:20
Table 'NLHBlue19' 6-max Seat #2 is the button
Seat 1: 22d536f8 ($1.16 in chips)
Seat 2: 5e71e1ad ($4.9 in chips)
Seat 3: 9a0224ba ($3.88 in chips)
Seat 4: 88abbb1f ($9.45 in chips)
Seat 5: Hero ($6.19 in chips)
Seat 6: 507aa8c6 ($5.05 in chips)
9a0224ba: posts small blind $0.02
88abbb1f: posts big blind $0.05
*** HOLE CARDS ***
Dealt to 22d536f8 
Dealt to 5e71e1ad 
Dealt to 9a0224ba 
Dealt to 88abbb1f 
Dealt to Hero [2h Ks]
Dealt to 507aa8c6 
Hero: folds
507aa8c6: folds
22d536f8: folds
5e71e1ad: folds
9a0224ba: calls $0.03
88abbb1f: raises $0.2 to $0.25
9a0224ba: folds
Uncalled bet ($0.2) returned to 88abbb1f
*** SHOWDOWN ***
88abbb1f collected $0.1 from pot
*** SUMMARY ***
Total pot $0.1 | Rake $0 | Jackpot $0 | Bingo $0 | Fortune $0
Seat 1: 22d536f8 folded before Flop (didn't bet)
Seat 2: 5e71e1ad (button) folded before Flop (didn't bet)
Seat 3: 9a0224ba (small blind) folded before Flop
Seat 4: 88abbb1f (big blind) collected ($0.1)
Seat 5: Hero folded before Flop (didn't bet)
Seat 6: 507aa8c6 folded before Flop (didn't bet)


Poker Hand #HD1203264713: Hold'em No Limit  ($0.02/$0.05) - 2023/04/14 21:47:38
Table 'NLHBlue19' 6-max Seat #1 is the button
Seat 1: 22d536f8 ($1.48 in chips)
Seat 2: 5e71e1ad ($4.56 in chips)
Seat 3: 9a0224ba ($3.93 in chips)
Seat 4: 88abbb1f ($9.45 in chips)
Seat 5: Hero ($6.19 in chips)
Seat 6: 507aa8c6 ($5.05 in chips)
5e71e1ad: posts small blind $0.02
9a0224ba: posts big blind $0.05
*** HOLE CARDS ***
Dealt to 22d536f8 
Dealt to 5e71e1ad 
Dealt to 9a0224ba 
Dealt to 88abbb1f 
Dealt to Hero [7c Jh]
Dealt to 507aa8c6 
88abbb1f: folds
Hero: folds
507aa8c6: folds
22d536f8: raises $0.05 to $0.1
5e71e1ad: raises $0.22 to $0.32
9a0224ba: folds
22d536f8: calls $0.22
*** FLOP *** [5h 4c 6s]
5e71e1ad: bets $0.23
22d536f8: folds
Uncalled bet ($0.23) returned to 5e71e1ad
*** SHOWDOWN ***
5e71e1ad collected $0.66 from pot
*** SUMMARY ***
Total pot $0.69 | Rake $0.03 | Jackpot $0 | Bingo $0 | Fortune $0
Board [5h 4c 6s]
Seat 1: 22d536f8 (button) folded on the Flop
Seat 2: 5e71e1ad (small blind) won ($0.66)
Seat 3: 9a0224ba (big blind) folded before Flop
Seat 4: 88abbb1f folded before Flop (didn't bet)
Seat 5: Hero folded before Flop (didn't bet)
Seat 6: 507aa8c6 folded before Flop (didn't bet)


Poker Hand #HD1203264692: Hold'em No Limit  ($0.02/$0.05) - 2023/04/14 21:47:24
Table 'NLHBlue19' 6-max Seat #6 is the button
Seat 1: 22d536f8 ($1.5 in chips)
Seat 2: 5e71e1ad ($4.54 in chips)
Seat 3: 9a0224ba ($3.93 in chips)
Seat 4: 88abbb1f ($9.45 in chips)
Seat 5: Hero ($6.19 in chips)
Seat 6: 507aa8c6 ($5.05 in chips)
22d536f8: posts small blind $0.02
5e71e1ad: posts big blind $0.05
*** HOLE CARDS ***
Dealt to 22d536f8 
Dealt to 5e71e1ad 
Dealt to 9a0224ba 
Dealt to 88abbb1f 
Dealt to Hero [7h Ac]
Dealt to 507aa8c6 
9a0224ba: folds
88abbb1f: folds
Hero: folds
507aa8c6: folds
22d536f8: folds
Uncalled bet ($0.03) returned to 5e71e1ad
*** SHOWDOWN ***
5e71e1ad collected $0.04 from pot
*** SUMMARY ***
Total pot $0.04 | Rake $0 | Jackpot $0 | Bingo $0 | Fortune $0
Seat 1: 22d536f8 (small blind) folded before Flop
Seat 2: 5e71e1ad (big blind) collected ($0.04)
Seat 3: 9a0224ba folded before Flop (didn't bet)
Seat 4: 88abbb1f folded before Flop (didn't bet)
Seat 5: Hero folded before Flop (didn't bet)
Seat 6: 507aa8c6 (button) folded before Flop (didn't bet)


Poker Hand #HD1203264658: Hold'em No Limit  ($0.02/$0.05) - 2023/04/14 21:47:10
Table 'NLHBlue19' 6-max Seat #5 is the button
Seat 1: 22d536f8 ($1.55 in chips)
Seat 2: 5e71e1ad ($4.54 in chips)
Seat 3: 9a0224ba ($3.93 in chips)
Seat 4: 88abbb1f ($9.45 in chips)
Seat 5: Hero ($6.19 in chips)
Seat 6: 507aa8c6 ($5 in chips)
507aa8c6: posts small blind $0.02
22d536f8: posts big blind $0.05
*** HOLE CARDS ***
Dealt to 22d536f8 
Dealt to 5e71e1ad 
Dealt to 9a0224ba 
Dealt to 88abbb1f 
Dealt to Hero [2d Jc]
Dealt to 507aa8c6 
5e71e1ad: folds
9a0224ba: folds
88abbb1f: folds
Hero: folds
507aa8c6: raises $0.1 to $0.15
22d536f8: folds
Uncalled bet ($0.1) returned to 507aa8c6
*** SHOWDOWN ***
507aa8c6 collected $0.1 from pot
*** SUMMARY ***
Total pot $0.1 | Rake $0 | Jackpot $0 | Bingo $0 | Fortune $0
Seat 1: 22d536f8 (big blind) folded before Flop
Seat 2: 5e71e1ad folded before Flop (didn't bet)
Seat 3: 9a0224ba folded before Flop (didn't bet)
Seat 4: 88abbb1f folded before Flop (didn't bet)
Seat 5: Hero (button) folded before Flop (didn't bet)
Seat 6: 507aa8c6 (small blind) collected ($0.1)


Poker Hand #HD1203264597: Hold'em No Limit  ($0.02/$0.05) - 2023/04/14 21:46:38
Table 'NLHBlue19' 6-max Seat #4 is the button
Seat 1: 9f295efa ($5 in chips)
Seat 2: 5e71e1ad ($4.47 in chips)
Seat 3: 9a0224ba ($3.93 in chips)
Seat 4: 88abbb1f ($9.45 in chips)
Seat 5: Hero ($6.21 in chips)
Seat 6: 507aa8c6 ($5 in chips)
Hero: posts small blind $0.02
507aa8c6: posts big blind $0.05
*** HOLE CARDS ***
Dealt to 9f295efa 
Dealt to 5e71e1ad 
Dealt to 9a0224ba 
Dealt to 88abbb1f 
Dealt to Hero [Kh 6h]
Dealt to 507aa8c6 
9f295efa: folds
5e71e1ad: raises $0.09 to $0.14
9a0224ba: folds
88abbb1f: folds
Hero: folds
507aa8c6: folds
Uncalled bet ($0.09) returned to 5e71e1ad
*** SHOWDOWN ***
5e71e1ad collected $0.12 from pot
*** SUMMARY ***
Total pot $0.12 | Rake $0 | Jackpot $0 | Bingo $0 | Fortune $0
Seat 1: 9f295efa folded before Flop (didn't bet)
Seat 2: 5e71e1ad collected ($0.12)
Seat 3: 9a0224ba folded before Flop (didn't bet)
Seat 4: 88abbb1f (button) folded before Flop (didn't bet)
Seat 5: Hero (small blind) folded before Flop
Seat 6: 507aa8c6 (big blind) folded before Flop


Poker Hand #HD1203264482: Hold'em No Limit  ($0.02/$0.05) - 2023/04/14 21:45:36
Table 'NLHBlue19' 6-max Seat #3 is the button
Seat 1: 9f295efa ($5 in chips)
Seat 2: 5e71e1ad ($4.08 in chips)
Seat 3: 9a0224ba ($3.93 in chips)
Seat 4: 88abbb1f ($9.47 in chips)
Seat 5: Hero ($6.26 in chips)
Seat 6: 507aa8c6 ($5 in chips)
88abbb1f: posts small blind $0.02
Hero: posts big blind $0.05
*** HOLE CARDS ***
Dealt to 9f295efa 
Dealt to 5e71e1ad 
Dealt to 9a0224ba 
Dealt to 88abbb1f 
Dealt to Hero [Jh 6h]
Dealt to 507aa8c6 
507aa8c6: folds
9f295efa: raises $0.1 to $0.15
5e71e1ad: calls $0.15
9a0224ba: folds
88abbb1f: folds
Hero: folds
*** FLOP *** [2c 9c Qh]
9f295efa: bets $0.2
5e71e1ad: calls $0.2
*** TURN *** [2c 9c Qh] [6s]
9f295efa: checks
5e71e1ad: checks
*** RIVER *** [2c 9c Qh 6s] [Jc]
9f295efa: checks
5e71e1ad: bets $0.58
9f295efa: folds
Uncalled bet ($0.58) returned to 5e71e1ad
*** SHOWDOWN ***
5e71e1ad collected $0.74 from pot
*** SUMMARY ***
Total pot $0.77 | Rake $0.03 | Jackpot $0 | Bingo $0 | Fortune $0
Board [2c 9c Qh 6s Jc]
Seat 1: 9f295efa folded on the River
Seat 2: 5e71e1ad won ($0.74)
Seat 3: 9a0224ba (button) folded before Flop (didn't bet)
Seat 4: 88abbb1f (small blind) folded before Flop
Seat 5: Hero (big blind) folded before Flop
Seat 6: 507aa8c6 folded before Flop (didn't bet)


Poker Hand #HD1203264374: Hold'em No Limit  ($0.02/$0.05) - 2023/04/14 21:44:47
Table 'NLHBlue19' 6-max Seat #2 is the button
Seat 1: 9f295efa ($5 in chips)
Seat 2: 5e71e1ad ($4.08 in chips)
Seat 3: 9a0224ba ($5.1 in chips)
Seat 4: 88abbb1f ($9.52 in chips)
Seat 5: Hero ($5.2 in chips)
Seat 6: 507aa8c6 ($5 in chips)
9a0224ba: posts small blind $0.02
88abbb1f: posts big blind $0.05
*** HOLE CARDS ***
Dealt to 9f295efa 
Dealt to 5e71e1ad 
Dealt to 9a0224ba 
Dealt to 88abbb1f 
Dealt to Hero [Qd Kh]
Dealt to 507aa8c6 
Hero: raises $0.07 to $0.12
507aa8c6: folds
9f295efa: folds
5e71e1ad: folds
9a0224ba: calls $0.1
88abbb1f: folds
*** FLOP *** [Ah 9d Ts]
9a0224ba: checks
Hero: bets $0.15
9a0224ba: calls $0.15
*** TURN *** [Ah 9d Ts] [Kd]
9a0224ba: checks
Hero: bets $0.3
9a0224ba: calls $0.3
*** RIVER *** [Ah 9d Ts Kd] [Ks]
9a0224ba: checks
Hero: bets $0.6
9a0224ba: calls $0.6
Hero: shows [Qd Kh] (Three Kings)
9a0224ba: shows [7h As] (Pair of Aces and Pair of Kings)
*** SHOWDOWN ***
Hero collected $2.23 from pot
*** SUMMARY ***
Total pot $2.39 | Rake $0.11 | Jackpot $0.05 | Bingo $0 | Fortune $0
Board [Ah 9d Ts Kd Ks]
Seat 1: 9f295efa folded before Flop (didn't bet)
Seat 2: 5e71e1ad (button) folded before Flop (didn't bet)
Seat 3: 9a0224ba (small blind) showed [7h As] and lost with Pair of Aces and Pair of Kings
Seat 4: 88abbb1f (big blind) folded before Flop
Seat 5: Hero showed [Qd Kh] and won ($2.23) with Three Kings
Seat 6: 507aa8c6 folded before Flop (didn't bet)


Poker Hand #HD1203264328: Hold'em No Limit  ($0.02/$0.05) - 2023/04/14 21:44:21
Table 'NLHBlue19' 6-max Seat #1 is the button
Seat 1: 9f295efa ($5 in chips)
Seat 2: 5e71e1ad ($4.1 in chips)
Seat 3: 9a0224ba ($5.08 in chips)
Seat 4: 88abbb1f ($9.52 in chips)
Seat 5: Hero ($5.2 in chips)
Seat 6: 507aa8c6 ($5 in chips)
5e71e1ad: posts small blind $0.02
9a0224ba: posts big blind $0.05
*** HOLE CARDS ***
Dealt to 9f295efa 
Dealt to 5e71e1ad 
Dealt to 9a0224ba 
Dealt to 88abbb1f 
Dealt to Hero [3c Ad]
Dealt to 507aa8c6 
88abbb1f: folds
Hero: folds
507aa8c6: folds
9f295efa: folds
5e71e1ad: folds
Uncalled bet ($0.03) returned to 9a0224ba
*** SHOWDOWN ***
9a0224ba collected $0.04 from pot
*** SUMMARY ***
Total pot $0.04 | Rake $0 | Jackpot $0 | Bingo $0 | Fortune $0
Seat 1: 9f295efa (button) folded before Flop (didn't bet)
Seat 2: 5e71e1ad (small blind) folded before Flop
Seat 3: 9a0224ba (big blind) collected ($0.04)
Seat 4: 88abbb1f folded before Flop (didn't bet)
Seat 5: Hero folded before Flop (didn't bet)
Seat 6: 507aa8c6 folded before Flop (didn't bet)


Poker Hand #HD1203264275: Hold'em No Limit  ($0.02/$0.05) - 2023/04/14 21:43:53
Table 'NLHBlue19' 6-max Seat #6 is the button
Seat 1: 9f295efa ($5 in chips)
Seat 2: 5e71e1ad ($3.97 in chips)
Seat 3: 9a0224ba ($5.08 in chips)
Seat 4: 88abbb1f ($9.52 in chips)
Seat 5: Hero ($5.2 in chips)
Seat 6: 507aa8c6 ($5 in chips)
9f295efa: posts small blind $0.02
5e71e1ad: posts big blind $0.05
*** HOLE CARDS ***
Dealt to 9f295efa 
Dealt to 5e71e1ad 
Dealt to 9a0224ba 
Dealt to 88abbb1f 
Dealt to Hero [Ts 2d]
Dealt to 507aa8c6 
9a0224ba: folds
88abbb1f: folds
Hero: folds
507aa8c6: raises $0.07 to $0.12
9f295efa: folds
5e71e1ad: raises $0.24 to $0.36
507aa8c6: folds
Uncalled bet ($0.24) returned to 5e71e1ad
*** SHOWDOWN ***
5e71e1ad collected $0.25 from pot
*** SUMMARY ***
Total pot $0.26 | Rake $0.01 | Jackpot $0 | Bingo $0 | Fortune $0
Seat 1: 9f295efa (small blind) folded before Flop
Seat 2: 5e71e1ad (big blind) collected ($0.25)
Seat 3: 9a0224ba folded before Flop (didn't bet)
Seat 4: 88abbb1f folded before Flop (didn't bet)
Seat 5: Hero folded before Flop (didn't bet)
Seat 6: 507aa8c6 (button) folded before Flop


Poker Hand #HD1203264205: Hold'em No Limit  ($0.02/$0.05) - 2023/04/14 21:43:18
Table 'NLHBlue19' 6-max Seat #5 is the button
Seat 1: 9f295efa ($5 in chips)
Seat 2: 5e71e1ad ($3.81 in chips)
Seat 3: 9a0224ba ($5.08 in chips)
Seat 4: 88abbb1f ($9.52 in chips)
Seat 5: Hero ($5.2 in chips)
Seat 6: 507aa8c6 ($5 in chips)
507aa8c6: posts small blind $0.02
9f295efa: posts big blind $0.05
*** HOLE CARDS ***
Dealt to 9f295efa 
Dealt to 5e71e1ad 
Dealt to 9a0224ba 
Dealt to 88abbb1f 
Dealt to Hero [3d Ad]
Dealt to 507aa8c6 
5e71e1ad: raises $0.1 to $0.15
9a0224ba: folds
88abbb1f: folds
Hero: folds
507aa8c6: folds
9f295efa: calls $0.1
*** FLOP *** [As 4h Kc]
9f295efa: checks
5e71e1ad: bets $0.11
9f295efa: folds
Uncalled bet ($0.11) returned to 5e71e1ad
*** SHOWDOWN ***
5e71e1ad collected $0.31 from pot
*** SUMMARY ***
Total pot $0.32 | Rake $0.01 | Jackpot $0 | Bingo $0 | Fortune $0
Board [As 4h Kc]
Seat 1: 9f295efa (big blind) folded on the Flop
Seat 2: 5e71e1ad won ($0.31)
Seat 3: 9a0224ba folded before Flop (didn't bet)
Seat 4: 88abbb1f folded before Flop (didn't bet)
Seat 5: Hero (button) folded before Flop (didn't bet)
Seat 6: 507aa8c6 (small blind) folded before Flop


Poker Hand #HD1203264117: Hold'em No Limit  ($0.02/$0.05) - 2023/04/14 21:42:41
Table 'NLHBlue19' 6-max Seat #4 is the button
Seat 2: 5e71e1ad ($3.81 in chips)
Seat 3: 9a0224ba ($6.14 in chips)
Seat 4: 88abbb1f ($8.54 in chips)
Seat 5: Hero ($5.22 in chips)
Seat 6: 507aa8c6 ($5 in chips)
Hero: posts small blind $0.02
507aa8c6: posts big blind $0.05
*** HOLE CARDS ***
Dealt to 5e71e1ad 
Dealt to 9a0224ba 
Dealt to 88abbb1f 
Dealt to Hero [2s Kd]
Dealt to 507aa8c6 
5e71e1ad: folds
9a0224ba: raises $0.1 to $0.15
88abbb1f: raises $0.25 to $0.4
Hero: folds
507aa8c6: folds
9a0224ba: calls $0.25
*** FLOP *** [5h 8c 9s]
9a0224ba: checks
88abbb1f: bets $0.66
9a0224ba: calls $0.66
*** TURN *** [5h 8c 9s] [Ac]
9a0224ba: checks
88abbb1f: bets $1.1
9a0224ba: folds
Uncalled bet ($1.1) returned to 88abbb1f
*** SHOWDOWN ***
88abbb1f collected $2.04 from pot
*** SUMMARY ***
Total pot $2.19 | Rake $0.1 | Jackpot $0.05 | Bingo $0 | Fortune $0
Board [5h 8c 9s Ac]
Seat 2: 5e71e1ad folded before Flop (didn't bet)
Seat 3: 9a0224ba folded on the Turn
Seat 4: 88abbb1f (button) won ($2.04)
Seat 5: Hero (small blind) folded before Flop
Seat 6: 507aa8c6 (big blind) folded before Flop


Poker Hand #HD1203264087: Hold'em No Limit  ($0.02/$0.05) - 2023/04/14 21:42:25
Table 'NLHBlue19' 6-max Seat #3 is the button
Seat 2: 5e71e1ad ($3.74 in chips)
Seat 3: 9a0224ba ($6.14 in chips)
Seat 4: 88abbb1f ($8.56 in chips)
Seat 5: Hero ($5.27 in chips)
Seat 6: 507aa8c6 ($5 in chips)
88abbb1f: posts small blind $0.02
Hero: posts big blind $0.05
*** HOLE CARDS ***
Dealt to 5e71e1ad 
Dealt to 9a0224ba 
Dealt to 88abbb1f 
Dealt to Hero [Th 4d]
Dealt to 507aa8c6 
507aa8c6: folds
5e71e1ad: raises $0.1 to $0.15
9a0224ba: folds
88abbb1f: folds
Hero: folds
Uncalled bet ($0.1) returned to 5e71e1ad
*** SHOWDOWN ***
5e71e1ad collected $0.12 from pot
*** SUMMARY ***
Total pot $0.12 | Rake $0 | Jackpot $0 | Bingo $0 | Fortune $0
Seat 2: 5e71e1ad collected ($0.12)
Seat 3: 9a0224ba (button) folded before Flop (didn't bet)
Seat 4: 88abbb1f (small blind) folded before Flop
Seat 5: Hero (big blind) folded before Flop
Seat 6: 507aa8c6 folded before Flop (didn't bet)


Poker Hand #HD1203264035: Hold'em No Limit  ($0.02/$0.05) - 2023/04/14 21:41:55
Table 'NLHBlue19' 6-max Seat #2 is the button
Seat 2: 5e71e1ad ($3.74 in chips)
Seat 3: 9a0224ba ($7.14 in chips)
Seat 4: 88abbb1f ($7.7 in chips)
Seat 5: Hero ($5.27 in chips)
Seat 6: 507aa8c6 ($5 in chips)
9a0224ba: posts small blind $0.02
88abbb1f: posts big blind $0.05
*** HOLE CARDS ***
Dealt to 5e71e1ad 
Dealt to 9a0224ba 
Dealt to 88abbb1f 
Dealt to Hero [4s Qc]
Dealt to 507aa8c6 
Hero: folds
507aa8c6: folds
5e71e1ad: folds
9a0224ba: raises $0.1 to $0.15
88abbb1f: raises $0.35 to $0.5
9a0224ba: calls $0.35
*** FLOP *** [4d Qh Kc]
9a0224ba: bets $0.5
88abbb1f: raises $0.5 to $1
9a0224ba: folds
Uncalled bet ($0.5) returned to 88abbb1f
*** SHOWDOWN ***
88abbb1f collected $1.86 from pot
*** SUMMARY ***
Total pot $2 | Rake $0.09 | Jackpot $0.05 | Bingo $0 | Fortune $0
Board [4d Qh Kc]
Seat 2: 5e71e1ad (button) folded before Flop (didn't bet)
Seat 3: 9a0224ba (small blind) folded on the Flop
Seat 4: 88abbb1f (big blind) won ($1.86)
Seat 5: Hero folded before Flop (didn't bet)
Seat 6: 507aa8c6 folded before Flop (didn't bet)


Poker Hand #HD1203264010: Hold'em No Limit  ($0.02/$0.05) - 2023/04/14 21:41:43
Table 'NLHBlue19' 6-max Seat #6 is the button
Seat 2: 5e71e1ad ($3.76 in chips)
Seat 3: 9a0224ba ($7.19 in chips)
Seat 4: 88abbb1f ($7.7 in chips)
Seat 5: Hero ($5.2 in chips)
Seat 6: 507aa8c6 ($5 in chips)
5e71e1ad: posts small blind $0.02
9a0224ba: posts big blind $0.05
*** HOLE CARDS ***
Dealt to 5e71e1ad 
Dealt to 9a0224ba 
Dealt to 88abbb1f 
Dealt to Hero [As Kh]
Dealt to 507aa8c6 
88abbb1f: folds
Hero: raises $0.07 to $0.12
507aa8c6: folds
5e71e1ad: folds
9a0224ba: folds
Uncalled bet ($0.07) returned to Hero
*** SHOWDOWN ***
Hero collected $0.12 from pot
*** SUMMARY ***
Total pot $0.12 | Rake $0 | Jackpot $0 | Bingo $0 | Fortune $0
Seat 2: 5e71e1ad (small blind) folded before Flop
Seat 3: 9a0224ba (big blind) folded before Flop
Seat 4: 88abbb1f folded before Flop (didn't bet)
Seat 5: Hero collected ($0.12)
Seat 6: 507aa8c6 (button) folded before Flop (didn't bet)


Poker Hand #HD1203263902: Hold'em No Limit  ($0.02/$0.05) - 2023/04/14 21:40:53
Table 'NLHBlue19' 6-max Seat #5 is the button
Seat 2: 5e71e1ad ($3.19 in chips)
Seat 3: 9a0224ba ($7.34 in chips)
Seat 4: 88abbb1f ($8.15 in chips)
Seat 5: Hero ($5.2 in chips)
Seat 6: 507aa8c6 ($5.02 in chips)
507aa8c6: posts small blind $0.02
5e71e1ad: posts big blind $0.05
*** HOLE CARDS ***
Dealt to 5e71e1ad 
Dealt to 9a0224ba 
Dealt to 88abbb1f 
Dealt to Hero [Kc 6s]
Dealt to 507aa8c6 
9a0224ba: raises $0.1 to $0.15
88abbb1f: raises $0.3 to $0.45
Hero: folds
507aa8c6: folds
5e71e1ad: calls $0.4
9a0224ba: folds
*** FLOP *** [2c Ad Ac]
5e71e1ad: checks
88abbb1f: checks
*** TURN *** [2c Ad Ac] [3d]
5e71e1ad: checks
88abbb1f: checks
*** RIVER *** [2c Ad Ac 3d] [6d]
5e71e1ad: checks
88abbb1f: checks
5e71e1ad: shows [9h 9s] (Pair of Aces and Pair of Nines)
88abbb1f: shows [6h Kh] (Pair of Aces and Pair of Sixes)
*** SHOWDOWN ***
5e71e1ad collected $1.02 from pot
*** SUMMARY ***
Total pot $1.07 | Rake $0.05 | Jackpot $0 | Bingo $0 | Fortune $0
Board [2c Ad Ac 3d 6d]
Seat 2: 5e71e1ad (big blind) showed [9h 9s] and won ($1.02) with Pair of Aces and Pair of Nines
Seat 3: 9a0224ba folded before Flop
Seat 4: 88abbb1f showed [6h Kh] and lost with Pair of Aces and Pair of Sixes
Seat 5: Hero (button) folded before Flop (didn't bet)
Seat 6: 507aa8c6 (small blind) folded before Flop


Poker Hand #HD1203263875: Hold'em No Limit  ($0.02/$0.05) - 2023/04/14 21:40:40
Table 'NLHBlue19' 6-max Seat #4 is the button
Seat 1: 9f295efa ($5 in chips)
Seat 2: 5e71e1ad ($3.19 in chips)
Seat 3: 9a0224ba ($7.34 in chips)
Seat 4: 88abbb1f ($8.15 in chips)
Seat 5: Hero ($5.22 in chips)
Seat 6: 507aa8c6 ($5 in chips)
Hero: posts small blind $0.02
507aa8c6: posts big blind $0.05
*** HOLE CARDS ***
Dealt to 9f295efa 
Dealt to 5e71e1ad 
Dealt to 9a0224ba 
Dealt to 88abbb1f 
Dealt to Hero [2d 9c]
Dealt to 507aa8c6 
9f295efa: folds
5e71e1ad: folds
9a0224ba: folds
88abbb1f: folds
Hero: folds
Uncalled bet ($0.03) returned to 507aa8c6
*** SHOWDOWN ***
507aa8c6 collected $0.04 from pot
*** SUMMARY ***
Total pot $0.04 | Rake $0 | Jackpot $0 | Bingo $0 | Fortune $0
Seat 1: 9f295efa folded before Flop (didn't bet)
Seat 2: 5e71e1ad folded before Flop (didn't bet)
Seat 3: 9a0224ba folded before Flop (didn't bet)
Seat 4: 88abbb1f (button) folded before Flop (didn't bet)
Seat 5: Hero (small blind) folded before Flop
Seat 6: 507aa8c6 (big blind) collected ($0.04)


Poker Hand #HD1203263727: Hold'em No Limit  ($0.02/$0.05) - 2023/04/14 21:39:24
Table 'NLHBlue19' 6-max Seat #3 is the button
Seat 1: 9f295efa ($5 in chips)
Seat 2: 5e71e1ad ($4.68 in chips)
Seat 3: 9a0224ba ($7.34 in chips)
Seat 4: 88abbb1f ($6.8 in chips)
Seat 5: Hero ($5.27 in chips)
88abbb1f: posts small blind $0.02
Hero: posts big blind $0.05
*** HOLE CARDS ***
Dealt to 9f295efa 
Dealt to 5e71e1ad 
Dealt to 9a0224ba 
Dealt to 88abbb1f 
Dealt to Hero [Tc Qc]
9f295efa: folds
5e71e1ad: raises $0.1 to $0.15
9a0224ba: folds
88abbb1f: raises $0.2 to $0.35
Hero: folds
5e71e1ad: calls $0.2
*** FLOP *** [Th 6s 8c]
88abbb1f: bets $0.38
5e71e1ad: calls $0.38
*** TURN *** [Th 6s 8c] [4h]
88abbb1f: bets $0.76
5e71e1ad: calls $0.76
*** RIVER *** [Th 6s 8c 4h] [Qh]
88abbb1f: bets $1.52
5e71e1ad: folds
Uncalled bet ($1.52) returned to 88abbb1f
*** SHOWDOWN ***
88abbb1f collected $2.84 from pot
*** SUMMARY ***
Total pot $3.03 | Rake $0.14 | Jackpot $0.05 | Bingo $0 | Fortune $0
Board [Th 6s 8c 4h Qh]
Seat 1: 9f295efa folded before Flop (didn't bet)
Seat 2: 5e71e1ad folded on the River
Seat 3: 9a0224ba (button) folded before Flop (didn't bet)
Seat 4: 88abbb1f (small blind) won ($2.84)
Seat 5: Hero (big blind) folded before Flop


Poker Hand #HD1203263632: Hold'em No Limit  ($0.02/$0.05) - 2023/04/14 21:38:34
Table 'NLHBlue19' 6-max Seat #2 is the button
Seat 1: 9f295efa ($5 in chips)
Seat 2: 5e71e1ad ($4.68 in chips)
Seat 3: 9a0224ba ($6.78 in chips)
Seat 4: 88abbb1f ($6.85 in chips)
Seat 5: Hero ($5.27 in chips)
9a0224ba: posts small blind $0.02
88abbb1f: posts big blind $0.05
*** HOLE CARDS ***
Dealt to 9f295efa 
Dealt to 5e71e1ad 
Dealt to 9a0224ba 
Dealt to 88abbb1f 
Dealt to Hero [As 5c]
Hero: folds
9f295efa: raises $0.1 to $0.15
5e71e1ad: folds
9a0224ba: calls $0.13
88abbb1f: folds
*** FLOP *** [7s Qd Js]
9a0224ba: bets $0.18
9f295efa: calls $0.18
*** TURN *** [7s Qd Js] [Qs]
9a0224ba: checks
9f295efa: bets $0.24
9a0224ba: calls $0.24
*** RIVER *** [7s Qd Js Qs] [Jc]
9a0224ba: checks
9f295efa: checks
9a0224ba: shows [Jh Ac] (Jacks Full over Queens)
9f295efa: shows [Ts 9h] (Pair of Queens and Pair of Jacks)
*** SHOWDOWN ***
9a0224ba collected $1.13 from pot
*** SUMMARY ***
Total pot $1.19 | Rake $0.06 | Jackpot $0 | Bingo $0 | Fortune $0
Board [7s Qd Js Qs Jc]
Seat 1: 9f295efa showed [Ts 9h] and lost with Pair of Queens and Pair of Jacks
Seat 2: 5e71e1ad (button) folded before Flop (didn't bet)
Seat 3: 9a0224ba (small blind) showed [Jh Ac] and won ($1.13) with Jacks Full over Queens
Seat 4: 88abbb1f (big blind) folded before Flop
Seat 5: Hero folded before Flop (didn't bet)


Poker Hand #HD1203263558: Hold'em No Limit  ($0.02/$0.05) - 2023/04/14 21:37:55
Table 'NLHBlue19' 6-max Seat #1 is the button
Seat 1: 9f295efa ($5 in chips)
Seat 2: 5e71e1ad ($4.7 in chips)
Seat 3: 9a0224ba ($6.65 in chips)
Seat 4: 88abbb1f ($6.85 in chips)
Seat 5: Hero ($5.39 in chips)
Seat 6: 7a08151f ($14.02 in chips)
5e71e1ad: posts small blind $0.02
9a0224ba: posts big blind $0.05
*** HOLE CARDS ***
Dealt to 9f295efa 
Dealt to 5e71e1ad 
Dealt to 9a0224ba 
Dealt to 88abbb1f 
Dealt to Hero [6s 7s]
Dealt to 7a08151f 
88abbb1f: folds
Hero: raises $0.07 to $0.12
7a08151f: folds
9f295efa: folds
5e71e1ad: folds
9a0224ba: calls $0.07
*** FLOP *** [Jd Kh 4h]
9a0224ba: checks
Hero: checks
*** TURN *** [Jd Kh 4h] [6d]
9a0224ba: bets $0.2
Hero: folds
Uncalled bet ($0.2) returned to 9a0224ba
*** SHOWDOWN ***
9a0224ba collected $0.25 from pot
*** SUMMARY ***
Total pot $0.26 | Rake $0.01 | Jackpot $0 | Bingo $0 | Fortune $0
Board [Jd Kh 4h 6d]
Seat 1: 9f295efa (button) folded before Flop (didn't bet)
Seat 2: 5e71e1ad (small blind) folded before Flop
Seat 3: 9a0224ba (big blind) won ($0.25)
Seat 4: 88abbb1f folded before Flop (didn't bet)
Seat 5: Hero folded on the Turn
Seat 6: 7a08151f folded before Flop (didn't bet)


Poker Hand #HD1203263515: Hold'em No Limit  ($0.02/$0.05) - 2023/04/14 21:37:31
Table 'NLHBlue19' 6-max Seat #6 is the button
Seat 1: 9f295efa ($5 in chips)
Seat 2: 5e71e1ad ($4.75 in chips)
Seat 3: 9a0224ba ($6.58 in chips)
Seat 4: 88abbb1f ($6.85 in chips)
Seat 5: Hero ($5.39 in chips)
Seat 6: 7a08151f ($14.02 in chips)
9f295efa: posts small blind $0.02
5e71e1ad: posts big blind $0.05
*** HOLE CARDS ***
Dealt to 9f295efa 
Dealt to 5e71e1ad 
Dealt to 9a0224ba 
Dealt to 88abbb1f 
Dealt to Hero [7d Tc]
Dealt to 7a08151f 
9a0224ba: raises $0.1 to $0.15
88abbb1f: folds
Hero: folds
7a08151f: folds
9f295efa: folds
5e71e1ad: folds
Uncalled bet ($0.1) returned to 9a0224ba
*** SHOWDOWN ***
9a0224ba collected $0.12 from pot
*** SUMMARY ***
Total pot $0.12 | Rake $0 | Jackpot $0 | Bingo $0 | Fortune $0
Seat 1: 9f295efa (small blind) folded before Flop
Seat 2: 5e71e1ad (big blind) folded before Flop
Seat 3: 9a0224ba collected ($0.12)
Seat 4: 88abbb1f folded before Flop (didn't bet)
Seat 5: Hero folded before Flop (didn't bet)
Seat 6: 7a08151f (button) folded before Flop (didn't bet)


Poker Hand #HD1203263480: Hold'em No Limit  ($0.02/$0.05) - 2023/04/14 21:37:12
Table 'NLHBlue19' 6-max Seat #5 is the button
Seat 1: 9f295efa ($5 in chips)
Seat 2: 5e71e1ad ($4.68 in chips)
Seat 3: 9a0224ba ($6.58 in chips)
Seat 4: 88abbb1f ($6.85 in chips)
Seat 5: Hero ($5.39 in chips)
Seat 6: 7a08151f ($14.04 in chips)
7a08151f: posts small blind $0.02
9f295efa: posts big blind $0.05
*** HOLE CARDS ***
Dealt to 9f295efa 
Dealt to 5e71e1ad 
Dealt to 9a0224ba 
Dealt to 88abbb1f 
Dealt to Hero [2d Jc]
Dealt to 7a08151f 
5e71e1ad: raises $0.09 to $0.14
9a0224ba: folds
88abbb1f: folds
Hero: folds
7a08151f: folds
9f295efa: folds
Uncalled bet ($0.09) returned to 5e71e1ad
*** SHOWDOWN ***
5e71e1ad collected $0.12 from pot
*** SUMMARY ***
Total pot $0.12 | Rake $0 | Jackpot $0 | Bingo $0 | Fortune $0
Seat 1: 9f295efa (big blind) folded before Flop
Seat 2: 5e71e1ad collected ($0.12)
Seat 3: 9a0224ba folded before Flop (didn't bet)
Seat 4: 88abbb1f folded before Flop (didn't bet)
Seat 5: Hero (button) folded before Flop (didn't bet)
Seat 6: 7a08151f (small blind) folded before Flop


Poker Hand #HD1203263410: Hold'em No Limit  ($0.02/$0.05) - 2023/04/14 21:36:31
Table 'NLHBlue19' 6-max Seat #4 is the button
Seat 2: 5e71e1ad ($4.68 in chips)
Seat 3: 9a0224ba ($7.03 in chips)
Seat 4: 88abbb1f ($6.37 in chips)
Seat 5: Hero ($5.41 in chips)
Seat 6: 7a08151f ($14.09 in chips)
Hero: posts small blind $0.02
7a08151f: posts big blind $0.05
*** HOLE CARDS ***
Dealt to 5e71e1ad 
Dealt to 9a0224ba 
Dealt to 88abbb1f 
Dealt to Hero [7s 8c]
Dealt to 7a08151f 
5e71e1ad: folds
9a0224ba: raises $0.1 to $0.15
88abbb1f: raises $0.3 to $0.45
Hero: folds
7a08151f: folds
9a0224ba: calls $0.3
*** FLOP *** [7h 7d Qh]
9a0224ba: checks
88abbb1f: bets $0.73
9a0224ba: folds
Uncalled bet ($0.73) returned to 88abbb1f
88abbb1f: shows [Qd]
*** SHOWDOWN ***
88abbb1f collected $0.93 from pot
*** SUMMARY ***
Total pot $0.97 | Rake $0.04 | Jackpot $0 | Bingo $0 | Fortune $0
Board [7h 7d Qh]
Seat 2: 5e71e1ad folded before Flop (didn't bet)
Seat 3: 9a0224ba folded on the Flop
Seat 4: 88abbb1f (button) showed [Qd Td] and won ($0.93) with Pair of Queens and Pair of Sevens
Seat 5: Hero (small blind) folded before Flop
Seat 6: 7a08151f (big blind) folded before Flop


Poker Hand #HD1203263299: Hold'em No Limit  ($0.02/$0.05) - 2023/04/14 21:35:30
Table 'NLHBlue19' 6-max Seat #3 is the button
Seat 1: b5c6670e ($1.25 in chips)
Seat 2: 5e71e1ad ($4.68 in chips)
Seat 3: 9a0224ba ($5.88 in chips)
Seat 4: 88abbb1f ($6.39 in chips)
Seat 5: Hero ($5.46 in chips)
Seat 6: 7a08151f ($14.09 in chips)
88abbb1f: posts small blind $0.02
Hero: posts big blind $0.05
*** HOLE CARDS ***
Dealt to b5c6670e 
Dealt to 5e71e1ad 
Dealt to 9a0224ba 
Dealt to 88abbb1f 
Dealt to Hero [7h As]
Dealt to 7a08151f 
7a08151f: folds
b5c6670e: calls $0.05
5e71e1ad: folds
9a0224ba: raises $0.15 to $0.2
88abbb1f: folds
Hero: folds
b5c6670e: calls $0.15
*** FLOP *** [2c 8h 9c]
b5c6670e: checks
9a0224ba: bets $0.36
b5c6670e: raises $0.4 to $0.76
9a0224ba: raises $4.92 to $5.68 and is all-in
b5c6670e: calls $0.29 and is all-in
Uncalled bet ($4.63) returned to 9a0224ba
9a0224ba: shows [9h Jh] (Pair of Nines)
b5c6670e: shows [Ac 9s] (Pair of Nines)
*** TURN *** [2c 8h 9c] [2d]
*** RIVER *** [2c 8h 9c 2d] [Js]
*** SHOWDOWN ***
9a0224ba collected $2.4 from pot
*** SUMMARY ***
Total pot $2.57 | Rake $0.12 | Jackpot $0.05 | Bingo $0 | Fortune $0
Board [2c 8h 9c 2d Js]
Seat 1: b5c6670e showed [Ac 9s] and lost with Pair of Nines and Pair of Twos
Seat 2: 5e71e1ad folded before Flop (didn't bet)
Seat 3: 9a0224ba (button) showed [9h Jh] and won ($2.4) with Pair of Jacks and Pair of Nines
Seat 4: 88abbb1f (small blind) folded before Flop
Seat 5: Hero (big blind) folded before Flop
Seat 6: 7a08151f folded before Flop (didn't bet)


Poker Hand #HD1203263206: Hold'em No Limit  ($0.02/$0.05) - 2023/04/14 21:34:39
Table 'NLHBlue19' 6-max Seat #2 is the button
Seat 1: b5c6670e ($1.3 in chips)
Seat 2: 5e71e1ad ($4.73 in chips)
Seat 3: 9a0224ba ($6.03 in chips)
Seat 4: 88abbb1f ($6.16 in chips)
Seat 5: Hero ($5.46 in chips)
Seat 6: 7a08151f ($14.09 in chips)
9a0224ba: posts small blind $0.02
88abbb1f: posts big blind $0.05
*** HOLE CARDS ***
Dealt to b5c6670e 
Dealt to 5e71e1ad 
Dealt to 9a0224ba 
Dealt to 88abbb1f 
Dealt to Hero [2d 7d]
Dealt to 7a08151f 
Hero: folds
7a08151f: folds
b5c6670e: calls $0.05
5e71e1ad: calls $0.05
9a0224ba: calls $0.03
88abbb1f: checks
*** FLOP *** [9h Th As]
9a0224ba: checks
88abbb1f: checks
b5c6670e: checks
5e71e1ad: checks
*** TURN *** [9h Th As] [2h]
9a0224ba: checks
88abbb1f: bets $0.1
b5c6670e: folds
5e71e1ad: folds
9a0224ba: calls $0.1
*** RIVER *** [9h Th As 2h] [2s]
9a0224ba: checks
88abbb1f: bets $0.2
9a0224ba: folds
Uncalled bet ($0.2) returned to 88abbb1f
*** SHOWDOWN ***
88abbb1f collected $0.38 from pot
*** SUMMARY ***
Total pot $0.4 | Rake $0.02 | Jackpot $0 | Bingo $0 | Fortune $0
Board [9h Th As 2h 2s]
Seat 1: b5c6670e folded on the Turn
Seat 2: 5e71e1ad (button) folded on the Turn
Seat 3: 9a0224ba (small blind) folded on the River
Seat 4: 88abbb1f (big blind) won ($0.38)
Seat 5: Hero folded before Flop (didn't bet)
Seat 6: 7a08151f folded before Flop (didn't bet)


Poker Hand #HD1203263155: Hold'em No Limit  ($0.02/$0.05) - 2023/04/14 21:34:11
Table 'NLHBlue19' 6-max Seat #1 is the button
Seat 1: b5c6670e ($1.45 in chips)
Seat 2: 5e71e1ad ($4.75 in chips)
Seat 3: 9a0224ba ($5.87 in chips)
Seat 4: 88abbb1f ($6.16 in chips)
Seat 5: Hero ($5.46 in chips)
Seat 6: 7a08151f ($14.09 in chips)
5e71e1ad: posts small blind $0.02
9a0224ba: posts big blind $0.05
*** HOLE CARDS ***
Dealt to b5c6670e 
Dealt to 5e71e1ad 
Dealt to 9a0224ba 
Dealt to 88abbb1f 
Dealt to Hero [Tc Qs]
Dealt to 7a08151f 
88abbb1f: folds
Hero: folds
7a08151f: folds
b5c6670e: calls $0.05
5e71e1ad: folds
9a0224ba: raises $0.1 to $0.15
b5c6670e: calls $0.1
*** FLOP *** [2d 9c 2h]
9a0224ba: bets $0.24
b5c6670e: folds
Uncalled bet ($0.24) returned to 9a0224ba
*** SHOWDOWN ***
9a0224ba collected $0.31 from pot
*** SUMMARY ***
Total pot $0.32 | Rake $0.01 | Jackpot $0 | Bingo $0 | Fortune $0
Board [2d 9c 2h]
Seat 1: b5c6670e (button) folded on the Flop
Seat 2: 5e71e1ad (small blind) folded before Flop
Seat 3: 9a0224ba (big blind) won ($0.31)
Seat 4: 88abbb1f folded before Flop (didn't bet)
Seat 5: Hero folded before Flop (didn't bet)
Seat 6: 7a08151f folded before Flop (didn't bet)


Poker Hand #HD1203263081: Hold'em No Limit  ($0.02/$0.05) - 2023/04/14 21:33:31
Table 'NLHBlue19' 6-max Seat #6 is the button
Seat 1: b5c6670e ($1.65 in chips)
Seat 2: 5e71e1ad ($4.95 in chips)
Seat 3: 9a0224ba ($5.87 in chips)
Seat 4: 88abbb1f ($5.6 in chips)
Seat 5: Hero ($5.46 in chips)
Seat 6: 7a08151f ($14.29 in chips)
b5c6670e: posts small blind $0.02
5e71e1ad: posts big blind $0.05
*** HOLE CARDS ***
Dealt to b5c6670e 
Dealt to 5e71e1ad 
Dealt to 9a0224ba 
Dealt to 88abbb1f 
Dealt to Hero [5c Jh]
Dealt to 7a08151f 
9a0224ba: folds
88abbb1f: raises $0.15 to $0.2
Hero: folds
7a08151f: calls $0.2
b5c6670e: calls $0.18
5e71e1ad: calls $0.15
*** FLOP *** [5d 2h Tc]
b5c6670e: checks
5e71e1ad: checks
88abbb1f: bets $0.6
7a08151f: folds
b5c6670e: folds
5e71e1ad: folds
Uncalled bet ($0.6) returned to 88abbb1f
*** SHOWDOWN ***
88abbb1f collected $0.76 from pot
*** SUMMARY ***
Total pot $0.8 | Rake $0.04 | Jackpot $0 | Bingo $0 | Fortune $0
Board [5d 2h Tc]
Seat 1: b5c6670e (small blind) folded on the Flop
Seat 2: 5e71e1ad (big blind) folded on the Flop
Seat 3: 9a0224ba folded before Flop (didn't bet)
Seat 4: 88abbb1f won ($0.76)
Seat 5: Hero folded before Flop (didn't bet)
Seat 6: 7a08151f (button) folded on the Flop


Poker Hand #HD1203263006: Hold'em No Limit  ($0.02/$0.05) - 2023/04/14 21:32:56
Table 'NLHBlue19' 6-max Seat #5 is the button
Seat 1: b5c6670e ($1.7 in chips)
Seat 2: 5e71e1ad ($4.95 in chips)
Seat 3: 9a0224ba ($5.87 in chips)
Seat 4: 88abbb1f ($5.6 in chips)
Seat 5: Hero ($5 in chips)
Seat 6: 7a08151f ($14.74 in chips)
7a08151f: posts small blind $0.02
b5c6670e: posts big blind $0.05
*** HOLE CARDS ***
Dealt to b5c6670e 
Dealt to 5e71e1ad 
Dealt to 9a0224ba 
Dealt to 88abbb1f 
Dealt to Hero [As Ah]
Dealt to 7a08151f 
5e71e1ad: folds
9a0224ba: folds
88abbb1f: folds
Hero: raises $0.07 to $0.12
7a08151f: raises $0.33 to $0.45
b5c6670e: folds
Hero: raises $0.83 to $1.28
7a08151f: folds
Uncalled bet ($0.83) returned to Hero
*** SHOWDOWN ***
Hero collected $0.91 from pot
*** SUMMARY ***
Total pot $0.95 | Rake $0.04 | Jackpot $0 | Bingo $0 | Fortune $0
Seat 1: b5c6670e (big blind) folded before Flop
Seat 2: 5e71e1ad folded before Flop (didn't bet)
Seat 3: 9a0224ba folded before Flop (didn't bet)
Seat 4: 88abbb1f folded before Flop (didn't bet)
Seat 5: Hero (button) collected ($0.91)
Seat 6: 7a08151f (small blind) folded before Flop


Poker Hand #HD1203262988: Hold'em No Limit  ($0.02/$0.05) - 2023/04/14 21:32:46
Table 'NLHBlue19' 6-max Seat #4 is the button
Seat 1: b5c6670e ($1.7 in chips)
Seat 2: 5e71e1ad ($4.95 in chips)
Seat 3: 9a0224ba ($5.87 in chips)
Seat 4: 88abbb1f ($5.6 in chips)
Seat 5: Hero ($5 in chips)
Seat 6: 7a08151f ($14.72 in chips)
Hero: posts small blind $0.02
7a08151f: posts big blind $0.05
*** HOLE CARDS ***
Dealt to b5c6670e 
Dealt to 5e71e1ad 
Dealt to 9a0224ba 
Dealt to 88abbb1f 
Dealt to Hero [3h 8d]
Dealt to 7a08151f 
b5c6670e: folds
5e71e1ad: folds
9a0224ba: folds
88abbb1f: folds
Hero: folds
Uncalled bet ($0.03) returned to 7a08151f
*** SHOWDOWN ***
7a08151f collected $0.04 from pot
*** SUMMARY ***
Total pot $0.04 | Rake $0 | Jackpot $0 | Bingo $0 | Fortune $0
Seat 1: b5c6670e folded before Flop (didn't bet)
Seat 2: 5e71e1ad folded before Flop (didn't bet)
Seat 3: 9a0224ba folded before Flop (didn't bet)
Seat 4: 88abbb1f (button) folded before Flop (didn't bet)
Seat 5: Hero (small blind) folded before Flop
Seat 6: 7a08151f (big blind) collected ($0.04)


Poker Hand #HD1203262927: Hold'em No Limit  ($0.02/$0.05) - 2023/04/14 21:32:11
Table 'NLHBlue19' 6-max Seat #3 is the button
Seat 1: b5c6670e ($2.2 in chips)
Seat 2: 5e71e1ad ($4.95 in chips)
Seat 3: 9a0224ba ($5.97 in chips)
Seat 4: 88abbb1f ($5 in chips)
Seat 5: Hero ($5 in chips)
Seat 6: 7a08151f ($14.72 in chips)
88abbb1f: posts small blind $0.02
Hero: posts big blind $0.05
b5c6670e: posts big blind $0.05
*** HOLE CARDS ***
Dealt to b5c6670e 
Dealt to 5e71e1ad 
Dealt to 9a0224ba 
Dealt to 88abbb1f 
Dealt to Hero [Kd 7s]
Dealt to 7a08151f 
7a08151f: folds
b5c6670e: checks
5e71e1ad: folds
9a0224ba: raises $0.05 to $0.1
88abbb1f: raises $0.4 to $0.5
Hero: folds
b5c6670e: calls $0.45
9a0224ba: folds
*** FLOP *** [8s 8d Tc]
88abbb1f: bets $4.5 and is all-in
b5c6670e: folds
Uncalled bet ($4.5) returned to 88abbb1f
*** SHOWDOWN ***
88abbb1f collected $1.1 from pot
*** SUMMARY ***
Total pot $1.15 | Rake $0.05 | Jackpot $0 | Bingo $0 | Fortune $0
Board [8s 8d Tc]
Seat 1: b5c6670e folded on the Flop
Seat 2: 5e71e1ad folded before Flop (didn't bet)
Seat 3: 9a0224ba (button) folded before Flop
Seat 4: 88abbb1f (small blind) won ($1.1)
Seat 5: Hero (big blind) folded before Flop
Seat 6: 7a08151f folded before Flop (didn't bet)


