Poker Hand #HD1182981333: Hold'em No Limit  ($0.02/$0.05) - 2023/03/30 21:55:33
Table 'NLHBlue57' 6-max Seat #4 is the button
Seat 1: Hero ($5 in chips)
Seat 2: 5a15b612 ($2.91 in chips)
Seat 3: fbf6f4b6 ($5 in chips)
Seat 4: f673cedd ($6.27 in chips)
Seat 5: 412a1dd9 ($4.15 in chips)
Seat 6: 96a0b093 ($5.45 in chips)
412a1dd9: posts small blind $0.02
96a0b093: posts big blind $0.05
*** HOLE CARDS ***
Dealt to Hero [Kc 7c]
Dealt to 5a15b612 
Dealt to fbf6f4b6 
Dealt to f673cedd 
Dealt to 412a1dd9 
Dealt to 96a0b093 
Hero: folds
5a15b612: raises $0.09 to $0.14
fbf6f4b6: folds
f673cedd: folds
412a1dd9: folds
96a0b093: folds
Uncalled bet ($0.09) returned to 5a15b612
*** SHOWDOWN ***
5a15b612 collected $0.12 from pot
*** SUMMARY ***
Total pot $0.12 | Rake $0 | Jackpot $0 | Bingo $0 | Fortune $0
Seat 1: Hero folded before Flop (didn't bet)
Seat 2: 5a15b612 collected ($0.12)
Seat 3: fbf6f4b6 folded before Flop (didn't bet)
Seat 4: f673cedd (button) folded before Flop (didn't bet)
Seat 5: 412a1dd9 (small blind) folded before Flop
Seat 6: 96a0b093 (big blind) folded before Flop


Poker Hand #HD1182981197: Hold'em No Limit  ($0.02/$0.05) - 2023/03/30 21:54:33
Table 'NLHBlue57' 6-max Seat #3 is the button
Seat 1: Hero ($5 in chips)
Seat 2: 5a15b612 ($3.13 in chips)
Seat 3: fbf6f4b6 ($5 in chips)
Seat 4: f673cedd ($6.29 in chips)
Seat 5: 412a1dd9 ($4.2 in chips)
Seat 6: 96a0b093 ($5.19 in chips)
f673cedd: posts small blind $0.02
412a1dd9: posts big blind $0.05
*** HOLE CARDS ***
Dealt to Hero [Ah 3s]
Dealt to 5a15b612 
Dealt to fbf6f4b6 
Dealt to f673cedd 
Dealt to 412a1dd9 
Dealt to 96a0b093 
96a0b093: calls $0.05
Hero: folds
5a15b612: raises $0.17 to $0.22
fbf6f4b6: folds
f673cedd: folds
412a1dd9: folds
96a0b093: calls $0.17
*** FLOP *** [8d Jh 3d]
96a0b093: checks
5a15b612: checks
*** TURN *** [8d Jh 3d] [9s]
96a0b093: checks
5a15b612: checks
*** RIVER *** [8d Jh 3d 9s] [4h]
96a0b093: bets $0.1
5a15b612: folds
Uncalled bet ($0.1) returned to 96a0b093
*** SHOWDOWN ***
96a0b093 collected $0.48 from pot
*** SUMMARY ***
Total pot $0.51 | Rake $0.03 | Jackpot $0 | Bingo $0 | Fortune $0
Board [8d Jh 3d 9s 4h]
Seat 1: Hero folded before Flop (didn't bet)
Seat 2: 5a15b612 folded on the River
Seat 3: fbf6f4b6 (button) folded before Flop (didn't bet)
Seat 4: f673cedd (small blind) folded before Flop
Seat 5: 412a1dd9 (big blind) folded before Flop
Seat 6: 96a0b093 won ($0.48)


Poker Hand #HD1182981043: Hold'em No Limit  ($0.02/$0.05) - 2023/03/30 21:53:18
Table 'NLHBlue57' 6-max Seat #2 is the button
Seat 1: Hero ($5 in chips)
Seat 2: 5a15b612 ($1.42 in chips)
Seat 3: fbf6f4b6 ($5.13 in chips)
Seat 4: f673cedd ($6.34 in chips)
Seat 6: 96a0b093 ($5.64 in chips)
fbf6f4b6: posts small blind $0.02
f673cedd: posts big blind $0.05
*** HOLE CARDS ***
Dealt to Hero [8h Jh]
Dealt to 5a15b612 
Dealt to fbf6f4b6 
Dealt to f673cedd 
Dealt to 96a0b093 
96a0b093: raises $0.15 to $0.2
Hero: folds
5a15b612: calls $0.2
fbf6f4b6: calls $0.18
f673cedd: folds
*** FLOP *** [7s 6s 5c]
fbf6f4b6: checks
96a0b093: bets $0.25
5a15b612: raises $0.97 to $1.22 and is all-in
fbf6f4b6: calls $1.22
96a0b093: folds
5a15b612: shows [7h 6h] (Pair of Sevens and Pair of Sixes)
fbf6f4b6: shows [8c 7c] (Pair of Sevens)
*** TURN *** [7s 6s 5c] [5s]
*** RIVER *** [7s 6s 5c 5s] [As]
*** SHOWDOWN ***
5a15b612 collected $3.13 from pot
*** SUMMARY ***
Total pot $3.34 | Rake $0.16 | Jackpot $0.05 | Bingo $0 | Fortune $0
Board [7s 6s 5c 5s As]
Seat 1: Hero folded before Flop (didn't bet)
Seat 2: 5a15b612 (button) showed [7h 6h] and won ($3.13) with Pair of Sevens and Pair of Sixes
Seat 3: fbf6f4b6 (small blind) showed [8c 7c] and lost with Pair of Sevens and Pair of Fives
Seat 4: f673cedd (big blind) folded before Flop
Seat 6: 96a0b093 folded on the Flop


Poker Hand #HD1182980981: Hold'em No Limit  ($0.02/$0.05) - 2023/03/30 21:52:50
Table 'NLHBlue57' 6-max Seat #1 is the button
Seat 1: Hero ($5 in chips)
Seat 2: 5a15b612 ($1.56 in chips)
Seat 3: fbf6f4b6 ($5 in chips)
Seat 4: f673cedd ($6.34 in chips)
Seat 6: 96a0b093 ($5.64 in chips)
5a15b612: posts small blind $0.02
fbf6f4b6: posts big blind $0.05
*** HOLE CARDS ***
Dealt to Hero [3d Qh]
Dealt to 5a15b612 
Dealt to fbf6f4b6 
Dealt to f673cedd 
Dealt to 96a0b093 
f673cedd: folds
96a0b093: folds
Hero: folds
5a15b612: raises $0.09 to $0.14
fbf6f4b6: calls $0.09
*** FLOP *** [9d Js 2d]
5a15b612: checks
fbf6f4b6: bets $0.16
5a15b612: folds
Uncalled bet ($0.16) returned to fbf6f4b6
*** SHOWDOWN ***
fbf6f4b6 collected $0.27 from pot
*** SUMMARY ***
Total pot $0.28 | Rake $0.01 | Jackpot $0 | Bingo $0 | Fortune $0
Board [9d Js 2d]
Seat 1: Hero (button) folded before Flop (didn't bet)
Seat 2: 5a15b612 (small blind) folded on the Flop
Seat 3: fbf6f4b6 (big blind) won ($0.27)
Seat 4: f673cedd folded before Flop (didn't bet)
Seat 6: 96a0b093 folded before Flop (didn't bet)


Poker Hand #HD1182980864: Hold'em No Limit  ($0.02/$0.05) - 2023/03/30 21:51:57
Table 'NLHBlue57' 6-max Seat #6 is the button
Seat 1: Hero ($5 in chips)
Seat 2: 5a15b612 ($1.76 in chips)
Seat 3: fbf6f4b6 ($5 in chips)
Seat 4: f673cedd ($6.34 in chips)
Seat 6: 96a0b093 ($5.44 in chips)
Hero: posts small blind $0.02
5a15b612: posts big blind $0.05
*** HOLE CARDS ***
Dealt to Hero [8s Td]
Dealt to 5a15b612 
Dealt to fbf6f4b6 
Dealt to f673cedd 
Dealt to 96a0b093 
fbf6f4b6: folds
f673cedd: folds
96a0b093: raises $0.15 to $0.2
Hero: folds
5a15b612: calls $0.15
*** FLOP *** [3d Ts 3c]
5a15b612: checks
96a0b093: checks
*** TURN *** [3d Ts 3c] [6s]
5a15b612: checks
96a0b093: checks
*** RIVER *** [3d Ts 3c 6s] [Qd]
5a15b612: checks
96a0b093: bets $0.25
5a15b612: folds
Uncalled bet ($0.25) returned to 96a0b093
*** SHOWDOWN ***
96a0b093 collected $0.4 from pot
*** SUMMARY ***
Total pot $0.42 | Rake $0.02 | Jackpot $0 | Bingo $0 | Fortune $0
Board [3d Ts 3c 6s Qd]
Seat 1: Hero (small blind) folded before Flop
Seat 2: 5a15b612 (big blind) folded on the River
Seat 3: fbf6f4b6 folded before Flop (didn't bet)
Seat 4: f673cedd folded before Flop (didn't bet)
Seat 6: 96a0b093 (button) won ($0.4)


Poker Hand #HD1182980793: Hold'em No Limit  ($0.02/$0.05) - 2023/03/30 21:51:17
Table 'NLHBlue57' 6-max Seat #4 is the button
Seat 1: Hero ($5 in chips)
Seat 2: 5a15b612 ($2.29 in chips)
Seat 3: fbf6f4b6 ($5 in chips)
Seat 4: f673cedd ($6.34 in chips)
Seat 6: 96a0b093 ($4.92 in chips)
96a0b093: posts small blind $0.02
Hero: posts big blind $0.05
*** HOLE CARDS ***
Dealt to Hero [Ah 5c]
Dealt to 5a15b612 
Dealt to fbf6f4b6 
Dealt to f673cedd 
Dealt to 96a0b093 
5a15b612: raises $0.09 to $0.14
fbf6f4b6: folds
f673cedd: folds
96a0b093: raises $0.09 to $0.23
Hero: folds
5a15b612: calls $0.09
*** FLOP *** [5s Td 9h]
96a0b093: checks
5a15b612: checks
*** TURN *** [5s Td 9h] [Jc]
96a0b093: bets $0.3
5a15b612: calls $0.3
*** RIVER *** [5s Td 9h Jc] [2c]
96a0b093: bets $0.4
5a15b612: folds
Uncalled bet ($0.4) returned to 96a0b093
*** SHOWDOWN ***
96a0b093 collected $1.05 from pot
*** SUMMARY ***
Total pot $1.11 | Rake $0.06 | Jackpot $0 | Bingo $0 | Fortune $0
Board [5s Td 9h Jc 2c]
Seat 1: Hero (big blind) folded before Flop
Seat 2: 5a15b612 folded on the River
Seat 3: fbf6f4b6 folded before Flop (didn't bet)
Seat 4: f673cedd (button) folded before Flop (didn't bet)
Seat 6: 96a0b093 (small blind) won ($1.05)


Poker Hand #HD1182980746: Hold'em No Limit  ($0.02/$0.05) - 2023/03/30 21:50:52
Table 'NLHBlue57' 6-max Seat #3 is the button
Seat 1: Hero ($5 in chips)
Seat 2: 5a15b612 ($2.29 in chips)
Seat 3: fbf6f4b6 ($5 in chips)
Seat 4: f673cedd ($6.2 in chips)
Seat 6: 96a0b093 ($5.07 in chips)
f673cedd: posts small blind $0.02
96a0b093: posts big blind $0.05
*** HOLE CARDS ***
Dealt to Hero [Ad 2s]
Dealt to 5a15b612 
Dealt to fbf6f4b6 
Dealt to f673cedd 
Dealt to 96a0b093 
Hero: folds
5a15b612: folds
fbf6f4b6: folds
f673cedd: raises $0.1 to $0.15
96a0b093: calls $0.1
*** FLOP *** [6s 9d 8h]
f673cedd: bets $0.16
96a0b093: folds
Uncalled bet ($0.16) returned to f673cedd
*** SHOWDOWN ***
f673cedd collected $0.29 from pot
*** SUMMARY ***
Total pot $0.3 | Rake $0.01 | Jackpot $0 | Bingo $0 | Fortune $0
Board [6s 9d 8h]
Seat 1: Hero folded before Flop (didn't bet)
Seat 2: 5a15b612 folded before Flop (didn't bet)
Seat 3: fbf6f4b6 (button) folded before Flop (didn't bet)
Seat 4: f673cedd (small blind) won ($0.29)
Seat 6: 96a0b093 (big blind) folded on the Flop


Poker Hand #HD1182980682: Hold'em No Limit  ($0.02/$0.05) - 2023/03/30 21:50:21
Table 'NLHBlue57' 6-max Seat #2 is the button
Seat 1: Hero ($5 in chips)
Seat 2: 5a15b612 ($2.29 in chips)
Seat 3: fbf6f4b6 ($5.02 in chips)
Seat 4: f673cedd ($6.25 in chips)
Seat 6: 96a0b093 ($5 in chips)
fbf6f4b6: posts small blind $0.02
f673cedd: posts big blind $0.05
*** HOLE CARDS ***
Dealt to Hero [7d 2d]
Dealt to 5a15b612 
Dealt to fbf6f4b6 
Dealt to f673cedd 
Dealt to 96a0b093 
96a0b093: calls $0.05
Hero: folds
5a15b612: folds
fbf6f4b6: folds
f673cedd: checks
*** FLOP *** [9s 8c 5s]
f673cedd: checks
96a0b093: bets $0.1
f673cedd: folds
Uncalled bet ($0.1) returned to 96a0b093
*** SHOWDOWN ***
96a0b093 collected $0.12 from pot
*** SUMMARY ***
Total pot $0.12 | Rake $0 | Jackpot $0 | Bingo $0 | Fortune $0
Board [9s 8c 5s]
Seat 1: Hero folded before Flop (didn't bet)
Seat 2: 5a15b612 (button) folded before Flop (didn't bet)
Seat 3: fbf6f4b6 (small blind) folded before Flop
Seat 4: f673cedd (big blind) folded on the Flop
Seat 6: 96a0b093 won ($0.12)


Poker Hand #HD1182980645: Hold'em No Limit  ($0.02/$0.05) - 2023/03/30 21:50:03
Table 'NLHBlue57' 6-max Seat #1 is the button
Seat 1: Hero ($5 in chips)
Seat 2: 5a15b612 ($2.31 in chips)
Seat 3: fbf6f4b6 ($5 in chips)
Seat 4: f673cedd ($6.25 in chips)
Seat 6: 96a0b093 ($5 in chips)
5a15b612: posts small blind $0.02
fbf6f4b6: posts big blind $0.05
*** HOLE CARDS ***
Dealt to Hero [2h Tc]
Dealt to 5a15b612 
Dealt to fbf6f4b6 
Dealt to f673cedd 
Dealt to 96a0b093 
f673cedd: folds
96a0b093: folds
Hero: folds
5a15b612: folds
Uncalled bet ($0.03) returned to fbf6f4b6
*** SHOWDOWN ***
fbf6f4b6 collected $0.04 from pot
*** SUMMARY ***
Total pot $0.04 | Rake $0 | Jackpot $0 | Bingo $0 | Fortune $0
Seat 1: Hero (button) folded before Flop (didn't bet)
Seat 2: 5a15b612 (small blind) folded before Flop
Seat 3: fbf6f4b6 (big blind) collected ($0.04)
Seat 4: f673cedd folded before Flop (didn't bet)
Seat 6: 96a0b093 folded before Flop (didn't bet)


Poker Hand #HD1182980599: Hold'em No Limit  ($0.02/$0.05) - 2023/03/30 21:49:43
Table 'NLHBlue57' 6-max Seat #6 is the button
Seat 1: Hero ($5 in chips)
Seat 2: 5a15b612 ($2.36 in chips)
Seat 3: fbf6f4b6 ($4.93 in chips)
Seat 4: f673cedd ($6.25 in chips)
Seat 6: 96a0b093 ($5 in chips)
Hero: posts small blind $0.02
5a15b612: posts big blind $0.05
*** HOLE CARDS ***
Dealt to Hero [7s Ks]
Dealt to 5a15b612 
Dealt to fbf6f4b6 
Dealt to f673cedd 
Dealt to 96a0b093 
fbf6f4b6: raises $0.08 to $0.13
f673cedd: folds
96a0b093: folds
Hero: folds
5a15b612: folds
Uncalled bet ($0.08) returned to fbf6f4b6
*** SHOWDOWN ***
fbf6f4b6 collected $0.12 from pot
*** SUMMARY ***
Total pot $0.12 | Rake $0 | Jackpot $0 | Bingo $0 | Fortune $0
Seat 1: Hero (small blind) folded before Flop
Seat 2: 5a15b612 (big blind) folded before Flop
Seat 3: fbf6f4b6 collected ($0.12)
Seat 4: f673cedd folded before Flop (didn't bet)
Seat 6: 96a0b093 (button) folded before Flop (didn't bet)


Poker Hand #HD1182980536: Hold'em No Limit  ($0.02/$0.05) - 2023/03/30 21:49:13
Table 'NLHBlue57' 6-max Seat #4 is the button
Seat 1: Hero ($5 in chips)
Seat 2: 5a15b612 ($2.36 in chips)
Seat 3: fbf6f4b6 ($4.93 in chips)
Seat 4: f673cedd ($6.25 in chips)
Seat 6: 96a0b093 ($4.95 in chips)
96a0b093: posts small blind $0.02
Hero: posts big blind $0.05
*** HOLE CARDS ***
Dealt to Hero [9d 8s]
Dealt to 5a15b612 
Dealt to fbf6f4b6 
Dealt to f673cedd 
Dealt to 96a0b093 
5a15b612: folds
fbf6f4b6: folds
f673cedd: folds
96a0b093: calls $0.03
Hero: checks
*** FLOP *** [3s Kc Js]
96a0b093: checks
Hero: checks
*** TURN *** [3s Kc Js] [9c]
96a0b093: bets $0.1
Hero: folds
Uncalled bet ($0.1) returned to 96a0b093
*** SHOWDOWN ***
96a0b093 collected $0.1 from pot
*** SUMMARY ***
Total pot $0.1 | Rake $0 | Jackpot $0 | Bingo $0 | Fortune $0
Board [3s Kc Js 9c]
Seat 1: Hero (big blind) folded on the Turn
Seat 2: 5a15b612 folded before Flop (didn't bet)
Seat 3: fbf6f4b6 folded before Flop (didn't bet)
Seat 4: f673cedd (button) folded before Flop (didn't bet)
Seat 6: 96a0b093 (small blind) won ($0.1)


Poker Hand #HD1182980498: Hold'em No Limit  ($0.02/$0.05) - 2023/03/30 21:48:57
Table 'NLHBlue57' 6-max Seat #3 is the button
Seat 1: Hero ($5 in chips)
Seat 2: 5a15b612 ($2.29 in chips)
Seat 3: fbf6f4b6 ($4.93 in chips)
Seat 4: f673cedd ($6.27 in chips)
Seat 6: 96a0b093 ($5 in chips)
f673cedd: posts small blind $0.02
96a0b093: posts big blind $0.05
*** HOLE CARDS ***
Dealt to Hero [6h 7c]
Dealt to 5a15b612 
Dealt to fbf6f4b6 
Dealt to f673cedd 
Dealt to 96a0b093 
Hero: folds
5a15b612: raises $0.09 to $0.14
fbf6f4b6: folds
f673cedd: folds
96a0b093: folds
Uncalled bet ($0.09) returned to 5a15b612
*** SHOWDOWN ***
5a15b612 collected $0.12 from pot
*** SUMMARY ***
Total pot $0.12 | Rake $0 | Jackpot $0 | Bingo $0 | Fortune $0
Seat 1: Hero folded before Flop (didn't bet)
Seat 2: 5a15b612 collected ($0.12)
Seat 3: fbf6f4b6 (button) folded before Flop (didn't bet)
Seat 4: f673cedd (small blind) folded before Flop
Seat 6: 96a0b093 (big blind) folded before Flop


Poker Hand #HD1182980447: Hold'em No Limit  ($0.02/$0.05) - 2023/03/30 21:48:31
Table 'NLHBlue57' 6-max Seat #2 is the button
Seat 1: Hero ($5 in chips)
Seat 2: 5a15b612 ($2.11 in chips)
Seat 3: fbf6f4b6 ($4.95 in chips)
Seat 4: f673cedd ($6.32 in chips)
Seat 5: 5ac99833 ($9.28 in chips)
Seat 6: 2af5c781 ($3.25 in chips)
fbf6f4b6: posts small blind $0.02
f673cedd: posts big blind $0.05
*** HOLE CARDS ***
Dealt to Hero [5d 5c]
Dealt to 5a15b612 
Dealt to fbf6f4b6 
Dealt to f673cedd 
Dealt to 5ac99833 
Dealt to 2af5c781 
5ac99833: folds
2af5c781: folds
Hero: raises $0.07 to $0.12
5a15b612: calls $0.12
fbf6f4b6: folds
f673cedd: folds
*** FLOP *** [4c Kc Qc]
Hero: checks
5a15b612: bets $0.24
Hero: folds
Uncalled bet ($0.24) returned to 5a15b612
*** SHOWDOWN ***
5a15b612 collected $0.3 from pot
*** SUMMARY ***
Total pot $0.31 | Rake $0.01 | Jackpot $0 | Bingo $0 | Fortune $0
Board [4c Kc Qc]
Seat 1: Hero folded on the Flop
Seat 2: 5a15b612 (button) won ($0.3)
Seat 3: fbf6f4b6 (small blind) folded before Flop
Seat 4: f673cedd (big blind) folded before Flop
Seat 5: 5ac99833 folded before Flop (didn't bet)
Seat 6: 2af5c781 folded before Flop (didn't bet)


Poker Hand #HD1182980426: Hold'em No Limit  ($0.02/$0.05) - 2023/03/30 21:48:20
Table 'NLHBlue57' 6-max Seat #1 is the button
Seat 1: Hero ($5 in chips)
Seat 2: 5a15b612 ($2.13 in chips)
Seat 3: fbf6f4b6 ($4.93 in chips)
Seat 4: f673cedd ($6.32 in chips)
Seat 5: 5ac99833 ($9.28 in chips)
Seat 6: 2af5c781 ($3.25 in chips)
5a15b612: posts small blind $0.02
fbf6f4b6: posts big blind $0.05
*** HOLE CARDS ***
Dealt to Hero [3h Kd]
Dealt to 5a15b612 
Dealt to fbf6f4b6 
Dealt to f673cedd 
Dealt to 5ac99833 
Dealt to 2af5c781 
f673cedd: folds
5ac99833: folds
2af5c781: folds
Hero: folds
5a15b612: folds
Uncalled bet ($0.03) returned to fbf6f4b6
*** SHOWDOWN ***
fbf6f4b6 collected $0.04 from pot
*** SUMMARY ***
Total pot $0.04 | Rake $0 | Jackpot $0 | Bingo $0 | Fortune $0
Seat 1: Hero (button) folded before Flop (didn't bet)
Seat 2: 5a15b612 (small blind) folded before Flop
Seat 3: fbf6f4b6 (big blind) collected ($0.04)
Seat 4: f673cedd folded before Flop (didn't bet)
Seat 5: 5ac99833 folded before Flop (didn't bet)
Seat 6: 2af5c781 folded before Flop (didn't bet)


Poker Hand #HD1182980295: Hold'em No Limit  ($0.02/$0.05) - 2023/03/30 21:47:22
Table 'NLHBlue57' 6-max Seat #6 is the button
Seat 1: Hero ($5 in chips)
Seat 2: 5a15b612 ($2.26 in chips)
Seat 3: fbf6f4b6 ($4.93 in chips)
Seat 4: f673cedd ($6.32 in chips)
Seat 5: 5ac99833 ($8.58 in chips)
Seat 6: 2af5c781 ($3.87 in chips)
Hero: posts small blind $0.02
5a15b612: posts big blind $0.05
*** HOLE CARDS ***
Dealt to Hero [Qd Ts]
Dealt to 5a15b612 
Dealt to fbf6f4b6 
Dealt to f673cedd 
Dealt to 5ac99833 
Dealt to 2af5c781 
fbf6f4b6: folds
f673cedd: folds
5ac99833: raises $0.08 to $0.13
2af5c781: calls $0.13
Hero: folds
5a15b612: calls $0.08
*** FLOP *** [7d 7s 7h]
5a15b612: checks
5ac99833: bets $0.14
2af5c781: calls $0.14
5a15b612: folds
*** TURN *** [7d 7s 7h] [8d]
5ac99833: bets $0.35
2af5c781: calls $0.35
*** RIVER *** [7d 7s 7h 8d] [Kc]
5ac99833: bets $0.4
2af5c781: folds
Uncalled bet ($0.4) returned to 5ac99833
*** SHOWDOWN ***
5ac99833 collected $1.32 from pot
*** SUMMARY ***
Total pot $1.39 | Rake $0.07 | Jackpot $0 | Bingo $0 | Fortune $0
Board [7d 7s 7h 8d Kc]
Seat 1: Hero (small blind) folded before Flop
Seat 2: 5a15b612 (big blind) folded on the Flop
Seat 3: fbf6f4b6 folded before Flop (didn't bet)
Seat 4: f673cedd folded before Flop (didn't bet)
Seat 5: 5ac99833 won ($1.32)
Seat 6: 2af5c781 (button) folded on the River


Poker Hand #HD1182980175: Hold'em No Limit  ($0.02/$0.05) - 2023/03/30 21:46:22
Table 'NLHBlue57' 6-max Seat #5 is the button
Seat 1: Hero ($5.41 in chips)
Seat 2: 5a15b612 ($2.26 in chips)
Seat 3: fbf6f4b6 ($4.93 in chips)
Seat 4: f673cedd ($6.32 in chips)
Seat 5: 5ac99833 ($8.58 in chips)
Seat 6: 2af5c781 ($3.42 in chips)
2af5c781: posts small blind $0.02
Hero: posts big blind $0.05
*** HOLE CARDS ***
Dealt to Hero [7s Ac]
Dealt to 5a15b612 
Dealt to fbf6f4b6 
Dealt to f673cedd 
Dealt to 5ac99833 
Dealt to 2af5c781 
5a15b612: folds
fbf6f4b6: folds
f673cedd: folds
5ac99833: folds
2af5c781: raises $0.1 to $0.15
Hero: calls $0.1
*** FLOP *** [Ah Kh 9s]
2af5c781: bets $0.1
Hero: calls $0.1
*** TURN *** [Ah Kh 9s] [8s]
2af5c781: bets $0.25
Hero: calls $0.25
*** RIVER *** [Ah Kh 9s 8s] [6c]
2af5c781: bets $0.75
Hero: folds
Uncalled bet ($0.75) returned to 2af5c781
*** SHOWDOWN ***
2af5c781 collected $0.95 from pot
*** SUMMARY ***
Total pot $1 | Rake $0.05 | Jackpot $0 | Bingo $0 | Fortune $0
Board [Ah Kh 9s 8s 6c]
Seat 1: Hero (big blind) folded on the River
Seat 2: 5a15b612 folded before Flop (didn't bet)
Seat 3: fbf6f4b6 folded before Flop (didn't bet)
Seat 4: f673cedd folded before Flop (didn't bet)
Seat 5: 5ac99833 (button) folded before Flop (didn't bet)
Seat 6: 2af5c781 (small blind) won ($0.95)


Poker Hand #HD1182980111: Hold'em No Limit  ($0.02/$0.05) - 2023/03/30 21:45:51
Table 'NLHBlue57' 6-max Seat #4 is the button
Seat 1: Hero ($5.41 in chips)
Seat 2: 5a15b612 ($2.26 in chips)
Seat 3: fbf6f4b6 ($4.93 in chips)
Seat 4: f673cedd ($6.16 in chips)
Seat 5: 5ac99833 ($8.6 in chips)
Seat 6: 2af5c781 ($3.57 in chips)
5ac99833: posts small blind $0.02
2af5c781: posts big blind $0.05
*** HOLE CARDS ***
Dealt to Hero [7d 2s]
Dealt to 5a15b612 
Dealt to fbf6f4b6 
Dealt to f673cedd 
Dealt to 5ac99833 
Dealt to 2af5c781 
Hero: folds
5a15b612: folds
fbf6f4b6: folds
f673cedd: raises $0.1 to $0.15
5ac99833: folds
2af5c781: calls $0.1
*** FLOP *** [2d Jd As]
2af5c781: checks
f673cedd: bets $0.16
2af5c781: folds
Uncalled bet ($0.16) returned to f673cedd
*** SHOWDOWN ***
f673cedd collected $0.31 from pot
*** SUMMARY ***
Total pot $0.32 | Rake $0.01 | Jackpot $0 | Bingo $0 | Fortune $0
Board [2d Jd As]
Seat 1: Hero folded before Flop (didn't bet)
Seat 2: 5a15b612 folded before Flop (didn't bet)
Seat 3: fbf6f4b6 folded before Flop (didn't bet)
Seat 4: f673cedd (button) won ($0.31)
Seat 5: 5ac99833 (small blind) folded before Flop
Seat 6: 2af5c781 (big blind) folded on the Flop


Poker Hand #HD1182980019: Hold'em No Limit  ($0.02/$0.05) - 2023/03/30 21:45:12
Table 'NLHBlue57' 6-max Seat #3 is the button
Seat 1: Hero ($5.41 in chips)
Seat 2: 5a15b612 ($2.67 in chips)
Seat 3: fbf6f4b6 ($4.93 in chips)
Seat 4: f673cedd ($6.18 in chips)
Seat 5: 5ac99833 ($8.21 in chips)
Seat 6: 2af5c781 ($3.57 in chips)
f673cedd: posts small blind $0.02
5ac99833: posts big blind $0.05
*** HOLE CARDS ***
Dealt to Hero [9s 7d]
Dealt to 5a15b612 
Dealt to fbf6f4b6 
Dealt to f673cedd 
Dealt to 5ac99833 
Dealt to 2af5c781 
2af5c781: folds
Hero: folds
5a15b612: raises $0.09 to $0.14
fbf6f4b6: folds
f673cedd: folds
5ac99833: calls $0.09
*** FLOP *** [8s 6c 7s]
5ac99833: checks
5a15b612: checks
*** TURN *** [8s 6c 7s] [Td]
5ac99833: bets $0.1
5a15b612: calls $0.1
*** RIVER *** [8s 6c 7s Td] [3s]
5ac99833: bets $0.17
5a15b612: calls $0.17
5ac99833: shows [9d Kd] (Tens-High Straight)
5a15b612: shows [Th Kh] (Pair of Tens)
*** SHOWDOWN ***
5ac99833 collected $0.8 from pot
*** SUMMARY ***
Total pot $0.84 | Rake $0.04 | Jackpot $0 | Bingo $0 | Fortune $0
Board [8s 6c 7s Td 3s]
Seat 1: Hero folded before Flop (didn't bet)
Seat 2: 5a15b612 showed [Th Kh] and lost with Pair of Tens
Seat 3: fbf6f4b6 (button) folded before Flop (didn't bet)
Seat 4: f673cedd (small blind) folded before Flop
Seat 5: 5ac99833 (big blind) showed [9d Kd] and won ($0.8) with Tens-High Straight
Seat 6: 2af5c781 folded before Flop (didn't bet)


Poker Hand #HD1182979982: Hold'em No Limit  ($0.02/$0.05) - 2023/03/30 21:44:55
Table 'NLHBlue57' 6-max Seat #2 is the button
Seat 1: Hero ($5.41 in chips)
Seat 2: 5a15b612 ($2.67 in chips)
Seat 3: fbf6f4b6 ($4.95 in chips)
Seat 4: f673cedd ($6.23 in chips)
Seat 5: 5ac99833 ($8.21 in chips)
Seat 6: 2af5c781 ($3.5 in chips)
fbf6f4b6: posts small blind $0.02
f673cedd: posts big blind $0.05
*** HOLE CARDS ***
Dealt to Hero [Ts 2s]
Dealt to 5a15b612 
Dealt to fbf6f4b6 
Dealt to f673cedd 
Dealt to 5ac99833 
Dealt to 2af5c781 
5ac99833: folds
2af5c781: raises $0.08 to $0.13
Hero: folds
5a15b612: folds
fbf6f4b6: folds
f673cedd: folds
Uncalled bet ($0.08) returned to 2af5c781
*** SHOWDOWN ***
2af5c781 collected $0.12 from pot
*** SUMMARY ***
Total pot $0.12 | Rake $0 | Jackpot $0 | Bingo $0 | Fortune $0
Seat 1: Hero folded before Flop (didn't bet)
Seat 2: 5a15b612 (button) folded before Flop (didn't bet)
Seat 3: fbf6f4b6 (small blind) folded before Flop
Seat 4: f673cedd (big blind) folded before Flop
Seat 5: 5ac99833 folded before Flop (didn't bet)
Seat 6: 2af5c781 collected ($0.12)


Poker Hand #HD1182979874: Hold'em No Limit  ($0.02/$0.05) - 2023/03/30 21:44:07
Table 'NLHBlue57' 6-max Seat #1 is the button
Seat 1: Hero ($5 in chips)
Seat 2: 5a15b612 ($2.69 in chips)
Seat 3: fbf6f4b6 ($5 in chips)
Seat 4: f673cedd ($6.23 in chips)
Seat 5: 5ac99833 ($8.21 in chips)
Seat 6: 2af5c781 ($3.88 in chips)
5a15b612: posts small blind $0.02
fbf6f4b6: posts big blind $0.05
*** HOLE CARDS ***
Dealt to Hero [Qd Td]
Dealt to 5a15b612 
Dealt to fbf6f4b6 
Dealt to f673cedd 
Dealt to 5ac99833 
Dealt to 2af5c781 
f673cedd: folds
5ac99833: folds
2af5c781: raises $0.08 to $0.13
Hero: raises $0.25 to $0.38
5a15b612: folds
fbf6f4b6: folds
2af5c781: calls $0.25
*** FLOP *** [4d 3s Jd]
2af5c781: checks
Hero: bets $0.6
2af5c781: folds
Uncalled bet ($0.6) returned to Hero
*** SHOWDOWN ***
Hero collected $0.79 from pot
*** SUMMARY ***
Total pot $0.83 | Rake $0.04 | Jackpot $0 | Bingo $0 | Fortune $0
Board [4d 3s Jd]
Seat 1: Hero (button) won ($0.79)
Seat 2: 5a15b612 (small blind) folded before Flop
Seat 3: fbf6f4b6 (big blind) folded before Flop
Seat 4: f673cedd folded before Flop (didn't bet)
Seat 5: 5ac99833 folded before Flop (didn't bet)
Seat 6: 2af5c781 folded on the Flop


Poker Hand #HD1182979796: Hold'em No Limit  ($0.02/$0.05) - 2023/03/30 21:43:24
Table 'NLHBlue57' 6-max Seat #6 is the button
Seat 1: Hero ($5.01 in chips)
Seat 2: 5a15b612 ($2.74 in chips)
Seat 3: fbf6f4b6 ($4.49 in chips)
Seat 4: f673cedd ($6.23 in chips)
Seat 5: 5ac99833 ($8.21 in chips)
Seat 6: 2af5c781 ($3.59 in chips)
Hero: posts small blind $0.02
5a15b612: posts big blind $0.05
*** HOLE CARDS ***
Dealt to Hero [7d 2d]
Dealt to 5a15b612 
Dealt to fbf6f4b6 
Dealt to f673cedd 
Dealt to 5ac99833 
Dealt to 2af5c781 
fbf6f4b6: raises $0.08 to $0.13
f673cedd: folds
5ac99833: folds
2af5c781: calls $0.13
Hero: folds
5a15b612: folds
*** FLOP *** [Jd 7s Ah]
fbf6f4b6: checks
2af5c781: bets $0.11
fbf6f4b6: calls $0.11
*** TURN *** [Jd 7s Ah] [7c]
fbf6f4b6: checks
2af5c781: bets $0.28
fbf6f4b6: folds
Uncalled bet ($0.28) returned to 2af5c781
*** SHOWDOWN ***
2af5c781 collected $0.53 from pot
*** SUMMARY ***
Total pot $0.55 | Rake $0.02 | Jackpot $0 | Bingo $0 | Fortune $0
Board [Jd 7s Ah 7c]
Seat 1: Hero (small blind) folded before Flop
Seat 2: 5a15b612 (big blind) folded before Flop
Seat 3: fbf6f4b6 folded on the Turn
Seat 4: f673cedd folded before Flop (didn't bet)
Seat 5: 5ac99833 folded before Flop (didn't bet)
Seat 6: 2af5c781 (button) won ($0.53)


Poker Hand #HD1182979746: Hold'em No Limit  ($0.02/$0.05) - 2023/03/30 21:43:03
Table 'NLHBlue57' 6-max Seat #5 is the button
Seat 1: Hero ($5.06 in chips)
Seat 2: 5a15b612 ($2.67 in chips)
Seat 3: fbf6f4b6 ($4.49 in chips)
Seat 4: f673cedd ($6.23 in chips)
Seat 5: 5ac99833 ($8.21 in chips)
Seat 6: 2af5c781 ($3.61 in chips)
2af5c781: posts small blind $0.02
Hero: posts big blind $0.05
*** HOLE CARDS ***
Dealt to Hero [6s Kh]
Dealt to 5a15b612 
Dealt to fbf6f4b6 
Dealt to f673cedd 
Dealt to 5ac99833 
Dealt to 2af5c781 
5a15b612: raises $0.09 to $0.14
fbf6f4b6: folds
f673cedd: folds
5ac99833: folds
2af5c781: folds
Hero: folds
Uncalled bet ($0.09) returned to 5a15b612
*** SHOWDOWN ***
5a15b612 collected $0.12 from pot
*** SUMMARY ***
Total pot $0.12 | Rake $0 | Jackpot $0 | Bingo $0 | Fortune $0
Seat 1: Hero (big blind) folded before Flop
Seat 2: 5a15b612 collected ($0.12)
Seat 3: fbf6f4b6 folded before Flop (didn't bet)
Seat 4: f673cedd folded before Flop (didn't bet)
Seat 5: 5ac99833 (button) folded before Flop (didn't bet)
Seat 6: 2af5c781 (small blind) folded before Flop


Poker Hand #HD1182979715: Hold'em No Limit  ($0.02/$0.05) - 2023/03/30 21:42:50
Table 'NLHBlue57' 6-max Seat #4 is the button
Seat 1: Hero ($5.06 in chips)
Seat 2: 5a15b612 ($2.67 in chips)
Seat 3: fbf6f4b6 ($4.49 in chips)
Seat 4: f673cedd ($6.16 in chips)
Seat 5: 5ac99833 ($8.23 in chips)
Seat 6: 2af5c781 ($3.66 in chips)
5ac99833: posts small blind $0.02
2af5c781: posts big blind $0.05
*** HOLE CARDS ***
Dealt to Hero [8h 5s]
Dealt to 5a15b612 
Dealt to fbf6f4b6 
Dealt to f673cedd 
Dealt to 5ac99833 
Dealt to 2af5c781 
Hero: folds
5a15b612: folds
fbf6f4b6: folds
f673cedd: raises $0.1 to $0.15
5ac99833: folds
2af5c781: folds
Uncalled bet ($0.1) returned to f673cedd
*** SHOWDOWN ***
f673cedd collected $0.12 from pot
*** SUMMARY ***
Total pot $0.12 | Rake $0 | Jackpot $0 | Bingo $0 | Fortune $0
Seat 1: Hero folded before Flop (didn't bet)
Seat 2: 5a15b612 folded before Flop (didn't bet)
Seat 3: fbf6f4b6 folded before Flop (didn't bet)
Seat 4: f673cedd (button) collected ($0.12)
Seat 5: 5ac99833 (small blind) folded before Flop
Seat 6: 2af5c781 (big blind) folded before Flop


Poker Hand #HD1182979583: Hold'em No Limit  ($0.02/$0.05) - 2023/03/30 21:41:51
Table 'NLHBlue57' 6-max Seat #3 is the button
Seat 1: Hero ($5.06 in chips)
Seat 2: 5a15b612 ($2.67 in chips)
Seat 3: fbf6f4b6 ($5.09 in chips)
Seat 4: f673cedd ($6.76 in chips)
Seat 5: 5ac99833 ($7.16 in chips)
Seat 6: 2af5c781 ($3.66 in chips)
f673cedd: posts small blind $0.02
5ac99833: posts big blind $0.05
*** HOLE CARDS ***
Dealt to Hero [2h Jc]
Dealt to 5a15b612 
Dealt to fbf6f4b6 
Dealt to f673cedd 
Dealt to 5ac99833 
Dealt to 2af5c781 
2af5c781: folds
Hero: folds
5a15b612: folds
fbf6f4b6: raises $0.08 to $0.13
f673cedd: calls $0.11
5ac99833: raises $0.47 to $0.6
fbf6f4b6: calls $0.47
f673cedd: calls $0.47
*** FLOP *** [Ts 5d Ah]
f673cedd: checks
5ac99833: checks
fbf6f4b6: checks
*** TURN *** [Ts 5d Ah] [2c]
f673cedd: checks
5ac99833: checks
fbf6f4b6: checks
*** RIVER *** [Ts 5d Ah 2c] [6c]
f673cedd: checks
5ac99833: checks
fbf6f4b6: checks
f673cedd: shows [7c 7h] (Pair of Sevens)
5ac99833: shows [Kd Ks] (Pair of Kings)
fbf6f4b6: shows [Js Qs] (Ace-High)
*** SHOWDOWN ***
5ac99833 collected $1.67 from pot
*** SUMMARY ***
Total pot $1.8 | Rake $0.08 | Jackpot $0.05 | Bingo $0 | Fortune $0
Board [Ts 5d Ah 2c 6c]
Seat 1: Hero folded before Flop (didn't bet)
Seat 2: 5a15b612 folded before Flop (didn't bet)
Seat 3: fbf6f4b6 (button) showed [Js Qs] and lost with Ace-High
Seat 4: f673cedd (small blind) showed [7c 7h] and lost with Pair of Sevens
Seat 5: 5ac99833 (big blind) showed [Kd Ks] and won ($1.67) with Pair of Kings
Seat 6: 2af5c781 folded before Flop (didn't bet)


Poker Hand #HD1182979536: Hold'em No Limit  ($0.02/$0.05) - 2023/03/30 21:41:25
Table 'NLHBlue57' 6-max Seat #2 is the button
Seat 1: Hero ($5.06 in chips)
Seat 2: 5a15b612 ($2.67 in chips)
Seat 3: fbf6f4b6 ($5.04 in chips)
Seat 4: f673cedd ($6.81 in chips)
Seat 5: 5ac99833 ($7.16 in chips)
Seat 6: 2af5c781 ($3.66 in chips)
fbf6f4b6: posts small blind $0.02
f673cedd: posts big blind $0.05
*** HOLE CARDS ***
Dealt to Hero [Td 5c]
Dealt to 5a15b612 
Dealt to fbf6f4b6 
Dealt to f673cedd 
Dealt to 5ac99833 
Dealt to 2af5c781 
5ac99833: folds
2af5c781: folds
Hero: folds
5a15b612: folds
fbf6f4b6: raises $0.1 to $0.15
f673cedd: folds
Uncalled bet ($0.1) returned to fbf6f4b6
*** SHOWDOWN ***
fbf6f4b6 collected $0.1 from pot
*** SUMMARY ***
Total pot $0.1 | Rake $0 | Jackpot $0 | Bingo $0 | Fortune $0
Seat 1: Hero folded before Flop (didn't bet)
Seat 2: 5a15b612 (button) folded before Flop (didn't bet)
Seat 3: fbf6f4b6 (small blind) collected ($0.1)
Seat 4: f673cedd (big blind) folded before Flop
Seat 5: 5ac99833 folded before Flop (didn't bet)
Seat 6: 2af5c781 folded before Flop (didn't bet)


Poker Hand #HD1182979510: Hold'em No Limit  ($0.02/$0.05) - 2023/03/30 21:41:12
Table 'NLHBlue57' 6-max Seat #1 is the button
Seat 1: Hero ($5.06 in chips)
Seat 2: 5a15b612 ($2.69 in chips)
Seat 3: fbf6f4b6 ($5.02 in chips)
Seat 4: f673cedd ($6.81 in chips)
Seat 5: 5ac99833 ($7.16 in chips)
Seat 6: 2af5c781 ($3.66 in chips)
5a15b612: posts small blind $0.02
fbf6f4b6: posts big blind $0.05
*** HOLE CARDS ***
Dealt to Hero [Jd 2h]
Dealt to 5a15b612 
Dealt to fbf6f4b6 
Dealt to f673cedd 
Dealt to 5ac99833 
Dealt to 2af5c781 
f673cedd: folds
5ac99833: folds
2af5c781: folds
Hero: folds
5a15b612: folds
Uncalled bet ($0.03) returned to fbf6f4b6
*** SHOWDOWN ***
fbf6f4b6 collected $0.04 from pot
*** SUMMARY ***
Total pot $0.04 | Rake $0 | Jackpot $0 | Bingo $0 | Fortune $0
Seat 1: Hero (button) folded before Flop (didn't bet)
Seat 2: 5a15b612 (small blind) folded before Flop
Seat 3: fbf6f4b6 (big blind) collected ($0.04)
Seat 4: f673cedd folded before Flop (didn't bet)
Seat 5: 5ac99833 folded before Flop (didn't bet)
Seat 6: 2af5c781 folded before Flop (didn't bet)


Poker Hand #HD1182979467: Hold'em No Limit  ($0.02/$0.05) - 2023/03/30 21:40:52
Table 'NLHBlue57' 6-max Seat #6 is the button
Seat 1: Hero ($5.08 in chips)
Seat 2: 5a15b612 ($2.67 in chips)
Seat 3: fbf6f4b6 ($5.02 in chips)
Seat 4: f673cedd ($6.81 in chips)
Seat 5: 5ac99833 ($7.16 in chips)
Seat 6: 2af5c781 ($3.66 in chips)
Hero: posts small blind $0.02
5a15b612: posts big blind $0.05
*** HOLE CARDS ***
Dealt to Hero [5d Jc]
Dealt to 5a15b612 
Dealt to fbf6f4b6 
Dealt to f673cedd 
Dealt to 5ac99833 
Dealt to 2af5c781 
fbf6f4b6: folds
f673cedd: folds
5ac99833: folds
2af5c781: folds
Hero: folds
Uncalled bet ($0.03) returned to 5a15b612
*** SHOWDOWN ***
5a15b612 collected $0.04 from pot
*** SUMMARY ***
Total pot $0.04 | Rake $0 | Jackpot $0 | Bingo $0 | Fortune $0
Seat 1: Hero (small blind) folded before Flop
Seat 2: 5a15b612 (big blind) collected ($0.04)
Seat 3: fbf6f4b6 folded before Flop (didn't bet)
Seat 4: f673cedd folded before Flop (didn't bet)
Seat 5: 5ac99833 folded before Flop (didn't bet)
Seat 6: 2af5c781 (button) folded before Flop (didn't bet)


Poker Hand #HD1182979355: Hold'em No Limit  ($0.02/$0.05) - 2023/03/30 21:40:01
Table 'NLHBlue57' 6-max Seat #5 is the button
Seat 1: Hero ($5.13 in chips)
Seat 2: 5a15b612 ($2.6 in chips)
Seat 3: fbf6f4b6 ($5.02 in chips)
Seat 4: f673cedd ($6.81 in chips)
Seat 5: 5ac99833 ($7.16 in chips)
Seat 6: 2af5c781 ($3.68 in chips)
2af5c781: posts small blind $0.02
Hero: posts big blind $0.05
5a15b612: posts big blind $0.05
*** HOLE CARDS ***
Dealt to Hero [9h 7d]
Dealt to 5a15b612 
Dealt to fbf6f4b6 
Dealt to f673cedd 
Dealt to 5ac99833 
Dealt to 2af5c781 
5a15b612: checks
fbf6f4b6: folds
f673cedd: folds
5ac99833: folds
2af5c781: folds
Hero: checks
*** FLOP *** [Kd Jh 5s]
Hero: checks
5a15b612: checks
*** TURN *** [Kd Jh 5s] [Td]
Hero: checks
5a15b612: checks
*** RIVER *** [Kd Jh 5s Td] [Ac]
Hero: checks
5a15b612: checks
Hero: shows [9h 7d] (Ace-High)
5a15b612: shows [Ad 6h] (Pair of Aces)
*** SHOWDOWN ***
5a15b612 collected $0.12 from pot
*** SUMMARY ***
Total pot $0.12 | Rake $0 | Jackpot $0 | Bingo $0 | Fortune $0
Board [Kd Jh 5s Td Ac]
Seat 1: Hero (big blind) showed [9h 7d] and lost with Ace-High
Seat 2: 5a15b612 showed [Ad 6h] and won ($0.12) with Pair of Aces
Seat 3: fbf6f4b6 folded before Flop (didn't bet)
Seat 4: f673cedd folded before Flop (didn't bet)
Seat 5: 5ac99833 (button) folded before Flop (didn't bet)
Seat 6: 2af5c781 (small blind) folded before Flop


Poker Hand #HD1182979303: Hold'em No Limit  ($0.02/$0.05) - 2023/03/30 21:39:35
Table 'NLHBlue57' 6-max Seat #4 is the button
Seat 1: Hero ($5 in chips)
Seat 3: fbf6f4b6 ($5.02 in chips)
Seat 4: f673cedd ($6.81 in chips)
Seat 5: 5ac99833 ($7.18 in chips)
Seat 6: 2af5c781 ($3.8 in chips)
5ac99833: posts small blind $0.02
2af5c781: posts big blind $0.05
*** HOLE CARDS ***
Dealt to Hero [Ts Ac]
Dealt to fbf6f4b6 
Dealt to f673cedd 
Dealt to 5ac99833 
Dealt to 2af5c781 
Hero: raises $0.07 to $0.12
fbf6f4b6: folds
f673cedd: folds
5ac99833: folds
2af5c781: calls $0.07
*** FLOP *** [2c Ad 3d]
2af5c781: checks
Hero: bets $0.13
2af5c781: folds
Uncalled bet ($0.13) returned to Hero
*** SHOWDOWN ***
Hero collected $0.25 from pot
*** SUMMARY ***
Total pot $0.26 | Rake $0.01 | Jackpot $0 | Bingo $0 | Fortune $0
Board [2c Ad 3d]
Seat 1: Hero won ($0.25)
Seat 3: fbf6f4b6 folded before Flop (didn't bet)
Seat 4: f673cedd (button) folded before Flop (didn't bet)
Seat 5: 5ac99833 (small blind) folded before Flop
Seat 6: 2af5c781 (big blind) folded on the Flop


Poker Hand #HD1182979261: Hold'em No Limit  ($0.02/$0.05) - 2023/03/30 21:39:14
Table 'NLHBlue57' 6-max Seat #3 is the button
Seat 1: Hero ($5 in chips)
Seat 3: fbf6f4b6 ($5.02 in chips)
Seat 4: f673cedd ($6.83 in chips)
Seat 5: 5ac99833 ($7.23 in chips)
Seat 6: 2af5c781 ($3.73 in chips)
f673cedd: posts small blind $0.02
5ac99833: posts big blind $0.05
*** HOLE CARDS ***
Dealt to Hero [Ac 9c]
Dealt to fbf6f4b6 
Dealt to f673cedd 
Dealt to 5ac99833 
Dealt to 2af5c781 
2af5c781: raises $0.08 to $0.13
Hero: folds
fbf6f4b6: folds
f673cedd: folds
5ac99833: folds
Uncalled bet ($0.08) returned to 2af5c781
*** SHOWDOWN ***
2af5c781 collected $0.12 from pot
*** SUMMARY ***
Total pot $0.12 | Rake $0 | Jackpot $0 | Bingo $0 | Fortune $0
Seat 1: Hero folded before Flop (didn't bet)
Seat 3: fbf6f4b6 (button) folded before Flop (didn't bet)
Seat 4: f673cedd (small blind) folded before Flop
Seat 5: 5ac99833 (big blind) folded before Flop
Seat 6: 2af5c781 collected ($0.12)


Poker Hand #HD1182979226: Hold'em No Limit  ($0.02/$0.05) - 2023/03/30 21:38:58
Table 'NLHBlue57' 6-max Seat #2 is the button
Seat 1: Hero ($5 in chips)
Seat 2: 7155d8e0 ($5.96 in chips)
Seat 3: fbf6f4b6 ($5.04 in chips)
Seat 4: f673cedd ($6.88 in chips)
Seat 5: 5ac99833 ($7.23 in chips)
Seat 6: 2af5c781 ($3.66 in chips)
fbf6f4b6: posts small blind $0.02
f673cedd: posts big blind $0.05
*** HOLE CARDS ***
Dealt to Hero [Qh 6s]
Dealt to 7155d8e0 
Dealt to fbf6f4b6 
Dealt to f673cedd 
Dealt to 5ac99833 
Dealt to 2af5c781 
5ac99833: folds
2af5c781: raises $0.08 to $0.13
Hero: folds
7155d8e0: folds
fbf6f4b6: folds
f673cedd: folds
Uncalled bet ($0.08) returned to 2af5c781
*** SHOWDOWN ***
2af5c781 collected $0.12 from pot
*** SUMMARY ***
Total pot $0.12 | Rake $0 | Jackpot $0 | Bingo $0 | Fortune $0
Seat 1: Hero folded before Flop (didn't bet)
Seat 2: 7155d8e0 (button) folded before Flop (didn't bet)
Seat 3: fbf6f4b6 (small blind) folded before Flop
Seat 4: f673cedd (big blind) folded before Flop
Seat 5: 5ac99833 folded before Flop (didn't bet)
Seat 6: 2af5c781 collected ($0.12)


Poker Hand #HD1182979047: Hold'em No Limit  ($0.02/$0.05) - 2023/03/30 21:37:38
Table 'NLHBlue57' 6-max Seat #1 is the button
Seat 1: Hero ($5 in chips)
Seat 2: 7155d8e0 ($5.98 in chips)
Seat 3: fbf6f4b6 ($5.09 in chips)
Seat 4: f673cedd ($6.88 in chips)
Seat 5: 5ac99833 ($6.68 in chips)
Seat 6: 2af5c781 ($4.19 in chips)
7155d8e0: posts small blind $0.02
fbf6f4b6: posts big blind $0.05
*** HOLE CARDS ***
Dealt to Hero [Qs 7s]
Dealt to 7155d8e0 
Dealt to fbf6f4b6 
Dealt to f673cedd 
Dealt to 5ac99833 
Dealt to 2af5c781 
f673cedd: folds
5ac99833: raises $0.08 to $0.13
2af5c781: raises $0.17 to $0.3
Hero: folds
7155d8e0: folds
fbf6f4b6: folds
5ac99833: calls $0.17
*** FLOP *** [Ts 5h 4c]
5ac99833: checks
2af5c781: bets $0.23
5ac99833: calls $0.23
*** TURN *** [Ts 5h 4c] [4d]
5ac99833: checks
2af5c781: checks
*** RIVER *** [Ts 5h 4c 4d] [7h]
5ac99833: bets $0.57
2af5c781: folds
Uncalled bet ($0.57) returned to 5ac99833
*** SHOWDOWN ***
5ac99833 collected $1.08 from pot
*** SUMMARY ***
Total pot $1.13 | Rake $0.05 | Jackpot $0 | Bingo $0 | Fortune $0
Board [Ts 5h 4c 4d 7h]
Seat 1: Hero (button) folded before Flop (didn't bet)
Seat 2: 7155d8e0 (small blind) folded before Flop
Seat 3: fbf6f4b6 (big blind) folded before Flop
Seat 4: f673cedd folded before Flop (didn't bet)
Seat 5: 5ac99833 won ($1.08)
Seat 6: 2af5c781 folded on the River


Poker Hand #HD1182978979: Hold'em No Limit  ($0.02/$0.05) - 2023/03/30 21:37:06
Table 'NLHBlue57' 6-max Seat #6 is the button
Seat 1: Hero ($5 in chips)
Seat 2: 7155d8e0 ($6.11 in chips)
Seat 3: fbf6f4b6 ($5.09 in chips)
Seat 4: f673cedd ($6.88 in chips)
Seat 5: 5ac99833 ($6.68 in chips)
Seat 6: 2af5c781 ($4.05 in chips)
Hero: posts small blind $0.02
7155d8e0: posts big blind $0.05
*** HOLE CARDS ***
Dealt to Hero [6h Jd]
Dealt to 7155d8e0 
Dealt to fbf6f4b6 
Dealt to f673cedd 
Dealt to 5ac99833 
Dealt to 2af5c781 
fbf6f4b6: folds
f673cedd: folds
5ac99833: folds
2af5c781: raises $0.08 to $0.13
Hero: folds
7155d8e0: calls $0.08
*** FLOP *** [Tc Qd Td]
7155d8e0: checks
2af5c781: bets $0.1
7155d8e0: folds
Uncalled bet ($0.1) returned to 2af5c781
*** SHOWDOWN ***
2af5c781 collected $0.27 from pot
*** SUMMARY ***
Total pot $0.28 | Rake $0.01 | Jackpot $0 | Bingo $0 | Fortune $0
Board [Tc Qd Td]
Seat 1: Hero (small blind) folded before Flop
Seat 2: 7155d8e0 (big blind) folded on the Flop
Seat 3: fbf6f4b6 folded before Flop (didn't bet)
Seat 4: f673cedd folded before Flop (didn't bet)
Seat 5: 5ac99833 folded before Flop (didn't bet)
Seat 6: 2af5c781 (button) won ($0.27)


Poker Hand #HD1182978875: Hold'em No Limit  ($0.02/$0.05) - 2023/03/30 21:36:20
Table 'NLHBlue57' 6-max Seat #5 is the button
Seat 1: Hero ($5 in chips)
Seat 2: 7155d8e0 ($5.96 in chips)
Seat 3: fbf6f4b6 ($5.09 in chips)
Seat 4: f673cedd ($6.88 in chips)
Seat 5: 5ac99833 ($6.68 in chips)
Seat 6: 2af5c781 ($4.07 in chips)
2af5c781: posts small blind $0.02
Hero: posts big blind $0.05
*** HOLE CARDS ***
Dealt to Hero [6d Qh]
Dealt to 7155d8e0 
Dealt to fbf6f4b6 
Dealt to f673cedd 
Dealt to 5ac99833 
Dealt to 2af5c781 
7155d8e0: calls $0.05
fbf6f4b6: folds
f673cedd: folds
5ac99833: folds
2af5c781: folds
Hero: checks
*** FLOP *** [7c 4d 3h]
Hero: checks
7155d8e0: checks
*** TURN *** [7c 4d 3h] [Ad]
Hero: checks
7155d8e0: bets $0.09
Hero: calls $0.09
*** RIVER *** [7c 4d 3h Ad] [6h]
Hero: checks
7155d8e0: bets $0.3
Hero: folds
Uncalled bet ($0.3) returned to 7155d8e0
*** SHOWDOWN ***
7155d8e0 collected $0.29 from pot
*** SUMMARY ***
Total pot $0.3 | Rake $0.01 | Jackpot $0 | Bingo $0 | Fortune $0
Board [7c 4d 3h Ad 6h]
Seat 1: Hero (big blind) folded on the River
Seat 2: 7155d8e0 won ($0.29)
Seat 3: fbf6f4b6 folded before Flop (didn't bet)
Seat 4: f673cedd folded before Flop (didn't bet)
Seat 5: 5ac99833 (button) folded before Flop (didn't bet)
Seat 6: 2af5c781 (small blind) folded before Flop


Poker Hand #HD1182978852: Hold'em No Limit  ($0.02/$0.05) - 2023/03/30 21:36:03
Table 'NLHBlue57' 6-max Seat #4 is the button
Seat 1: Hero ($5 in chips)
Seat 2: 7155d8e0 ($5.89 in chips)
Seat 3: fbf6f4b6 ($5.09 in chips)
Seat 4: f673cedd ($6.88 in chips)
Seat 5: 5ac99833 ($6.7 in chips)
Seat 6: 2af5c781 ($4.12 in chips)
5ac99833: posts small blind $0.02
2af5c781: posts big blind $0.05
*** HOLE CARDS ***
Dealt to Hero [Tc 6c]
Dealt to 7155d8e0 
Dealt to fbf6f4b6 
Dealt to f673cedd 
Dealt to 5ac99833 
Dealt to 2af5c781 
Hero: folds
7155d8e0: raises $0.1 to $0.15
fbf6f4b6: folds
f673cedd: folds
5ac99833: folds
2af5c781: folds
Uncalled bet ($0.1) returned to 7155d8e0
*** SHOWDOWN ***
7155d8e0 collected $0.12 from pot
*** SUMMARY ***
Total pot $0.12 | Rake $0 | Jackpot $0 | Bingo $0 | Fortune $0
Seat 1: Hero folded before Flop (didn't bet)
Seat 2: 7155d8e0 collected ($0.12)
Seat 3: fbf6f4b6 folded before Flop (didn't bet)
Seat 4: f673cedd (button) folded before Flop (didn't bet)
Seat 5: 5ac99833 (small blind) folded before Flop
Seat 6: 2af5c781 (big blind) folded before Flop


Poker Hand #HD1182978792: Hold'em No Limit  ($0.02/$0.05) - 2023/03/30 21:35:39
Table 'NLHBlue57' 6-max Seat #3 is the button
Seat 1: Hero ($5 in chips)
Seat 2: 7155d8e0 ($5.82 in chips)
Seat 3: fbf6f4b6 ($5.09 in chips)
Seat 4: f673cedd ($6.9 in chips)
Seat 5: 5ac99833 ($6.75 in chips)
Seat 6: 2af5c781 ($4.12 in chips)
f673cedd: posts small blind $0.02
5ac99833: posts big blind $0.05
*** HOLE CARDS ***
Dealt to Hero [5d 3h]
Dealt to 7155d8e0 
Dealt to fbf6f4b6 
Dealt to f673cedd 
Dealt to 5ac99833 
Dealt to 2af5c781 
2af5c781: folds
Hero: folds
7155d8e0: calls $0.05
fbf6f4b6: folds
f673cedd: folds
5ac99833: checks
*** FLOP *** [As Th 8c]
5ac99833: checks
7155d8e0: bets $0.09
5ac99833: folds
Uncalled bet ($0.09) returned to 7155d8e0
*** SHOWDOWN ***
7155d8e0 collected $0.12 from pot
*** SUMMARY ***
Total pot $0.12 | Rake $0 | Jackpot $0 | Bingo $0 | Fortune $0
Board [As Th 8c]
Seat 1: Hero folded before Flop (didn't bet)
Seat 2: 7155d8e0 won ($0.12)
Seat 3: fbf6f4b6 (button) folded before Flop (didn't bet)
Seat 4: f673cedd (small blind) folded before Flop
Seat 5: 5ac99833 (big blind) folded on the Flop
Seat 6: 2af5c781 folded before Flop (didn't bet)


Poker Hand #HD1182978673: Hold'em No Limit  ($0.02/$0.05) - 2023/03/30 21:34:42
Table 'NLHBlue57' 6-max Seat #2 is the button
Seat 1: Hero ($5 in chips)
Seat 2: 7155d8e0 ($5.95 in chips)
Seat 3: fbf6f4b6 ($5.11 in chips)
Seat 4: f673cedd ($6.2 in chips)
Seat 5: 5ac99833 ($6.75 in chips)
Seat 6: 2af5c781 ($4.74 in chips)
fbf6f4b6: posts small blind $0.02
f673cedd: posts big blind $0.05
*** HOLE CARDS ***
Dealt to Hero [3d 2s]
Dealt to 7155d8e0 
Dealt to fbf6f4b6 
Dealt to f673cedd 
Dealt to 5ac99833 
Dealt to 2af5c781 
5ac99833: folds
2af5c781: raises $0.08 to $0.13
Hero: folds
7155d8e0: calls $0.13
fbf6f4b6: folds
f673cedd: raises $0.49 to $0.62
2af5c781: calls $0.49
7155d8e0: folds
*** FLOP *** [9h 3s 6s]
f673cedd: bets $0.7
2af5c781: folds
Uncalled bet ($0.7) returned to f673cedd
*** SHOWDOWN ***
f673cedd collected $1.32 from pot
*** SUMMARY ***
Total pot $1.39 | Rake $0.07 | Jackpot $0 | Bingo $0 | Fortune $0
Board [9h 3s 6s]
Seat 1: Hero folded before Flop (didn't bet)
Seat 2: 7155d8e0 (button) folded before Flop
Seat 3: fbf6f4b6 (small blind) folded before Flop
Seat 4: f673cedd (big blind) won ($1.32)
Seat 5: 5ac99833 folded before Flop (didn't bet)
Seat 6: 2af5c781 folded on the Flop


Poker Hand #HD1182978565: Hold'em No Limit  ($0.02/$0.05) - 2023/03/30 21:33:58
Table 'NLHBlue57' 6-max Seat #1 is the button
Seat 1: Hero ($5 in chips)
Seat 2: 7155d8e0 ($6.15 in chips)
Seat 3: fbf6f4b6 ($4.93 in chips)
Seat 4: f673cedd ($6.2 in chips)
Seat 5: 5ac99833 ($6.75 in chips)
Seat 6: 2af5c781 ($4.74 in chips)
7155d8e0: posts small blind $0.02
fbf6f4b6: posts big blind $0.05
*** HOLE CARDS ***
Dealt to Hero [4s 9c]
Dealt to 7155d8e0 
Dealt to fbf6f4b6 
Dealt to f673cedd 
Dealt to 5ac99833 
Dealt to 2af5c781 
f673cedd: folds
5ac99833: folds
2af5c781: folds
Hero: folds
7155d8e0: calls $0.03
fbf6f4b6: raises $0.15 to $0.2
7155d8e0: calls $0.15
*** FLOP *** [4c 8h 5d]
7155d8e0: checks
fbf6f4b6: bets $0.3
7155d8e0: folds
Uncalled bet ($0.3) returned to fbf6f4b6
*** SHOWDOWN ***
fbf6f4b6 collected $0.38 from pot
*** SUMMARY ***
Total pot $0.4 | Rake $0.02 | Jackpot $0 | Bingo $0 | Fortune $0
Board [4c 8h 5d]
Seat 1: Hero (button) folded before Flop (didn't bet)
Seat 2: 7155d8e0 (small blind) folded on the Flop
Seat 3: fbf6f4b6 (big blind) won ($0.38)
Seat 4: f673cedd folded before Flop (didn't bet)
Seat 5: 5ac99833 folded before Flop (didn't bet)
Seat 6: 2af5c781 folded before Flop (didn't bet)


Poker Hand #HD1182978466: Hold'em No Limit  ($0.02/$0.05) - 2023/03/30 21:33:11
Table 'NLHBlue57' 6-max Seat #6 is the button
Seat 1: Hero ($5 in chips)
Seat 2: 7155d8e0 ($5.64 in chips)
Seat 3: fbf6f4b6 ($4.93 in chips)
Seat 4: f673cedd ($6.2 in chips)
Seat 5: 5ac99833 ($6.75 in chips)
Seat 6: 2af5c781 ($4.74 in chips)
Hero: posts small blind $0.02
7155d8e0: posts big blind $0.05
*** HOLE CARDS ***
Dealt to Hero [9s Jc]
Dealt to 7155d8e0 
Dealt to fbf6f4b6 
Dealt to f673cedd 
Dealt to 5ac99833 
Dealt to 2af5c781 
fbf6f4b6: folds
f673cedd: folds
5ac99833: folds
2af5c781: folds
Hero: raises $0.09 to $0.14
7155d8e0: calls $0.09
*** FLOP *** [9h 3h 5c]
Hero: bets $0.14
7155d8e0: calls $0.14
*** TURN *** [9h 3h 5c] [Ah]
Hero: bets $0.28
7155d8e0: calls $0.28
*** RIVER *** [9h 3h 5c Ah] [8s]
Hero: checks
7155d8e0: bets $0.84
Hero: folds
Uncalled bet ($0.84) returned to 7155d8e0
*** SHOWDOWN ***
7155d8e0 collected $1.07 from pot
*** SUMMARY ***
Total pot $1.12 | Rake $0.05 | Jackpot $0 | Bingo $0 | Fortune $0
Board [9h 3h 5c Ah 8s]
Seat 1: Hero (small blind) folded on the River
Seat 2: 7155d8e0 (big blind) won ($1.07)
Seat 3: fbf6f4b6 folded before Flop (didn't bet)
Seat 4: f673cedd folded before Flop (didn't bet)
Seat 5: 5ac99833 folded before Flop (didn't bet)
Seat 6: 2af5c781 (button) folded before Flop (didn't bet)


Poker Hand #HD1182978389: Hold'em No Limit  ($0.02/$0.05) - 2023/03/30 21:32:37
Table 'NLHBlue57' 6-max Seat #5 is the button
Seat 1: Hero ($5.03 in chips)
Seat 2: 7155d8e0 ($5.82 in chips)
Seat 3: fbf6f4b6 ($4.93 in chips)
Seat 4: f673cedd ($6.2 in chips)
Seat 5: 5ac99833 ($6.52 in chips)
Seat 6: 2af5c781 ($4.76 in chips)
2af5c781: posts small blind $0.02
Hero: posts big blind $0.05
*** HOLE CARDS ***
Dealt to Hero [4h Ts]
Dealt to 7155d8e0 
Dealt to fbf6f4b6 
Dealt to f673cedd 
Dealt to 5ac99833 
Dealt to 2af5c781 
7155d8e0: calls $0.05
fbf6f4b6: folds
f673cedd: folds
5ac99833: raises $0.13 to $0.18
2af5c781: folds
Hero: folds
7155d8e0: calls $0.13
*** FLOP *** [7d 5c 2c]
7155d8e0: checks
5ac99833: bets $0.22
7155d8e0: folds
Uncalled bet ($0.22) returned to 5ac99833
*** SHOWDOWN ***
5ac99833 collected $0.41 from pot
*** SUMMARY ***
Total pot $0.43 | Rake $0.02 | Jackpot $0 | Bingo $0 | Fortune $0
Board [7d 5c 2c]
Seat 1: Hero (big blind) folded before Flop
Seat 2: 7155d8e0 folded on the Flop
Seat 3: fbf6f4b6 folded before Flop (didn't bet)
Seat 4: f673cedd folded before Flop (didn't bet)
Seat 5: 5ac99833 (button) won ($0.41)
Seat 6: 2af5c781 (small blind) folded before Flop


Poker Hand #HD1182978294: Hold'em No Limit  ($0.02/$0.05) - 2023/03/30 21:32:01
Table 'NLHBlue57' 6-max Seat #4 is the button
Seat 1: Hero ($5.03 in chips)
Seat 2: 7155d8e0 ($6.09 in chips)
Seat 3: fbf6f4b6 ($4.93 in chips)
Seat 4: f673cedd ($6.2 in chips)
Seat 5: 5ac99833 ($6.54 in chips)
Seat 6: 2af5c781 ($4.49 in chips)
5ac99833: posts small blind $0.02
2af5c781: posts big blind $0.05
*** HOLE CARDS ***
Dealt to Hero [4d 2c]
Dealt to 7155d8e0 
Dealt to fbf6f4b6 
Dealt to f673cedd 
Dealt to 5ac99833 
Dealt to 2af5c781 
Hero: folds
7155d8e0: calls $0.05
fbf6f4b6: folds
f673cedd: folds
5ac99833: folds
2af5c781: checks
*** FLOP *** [Ks Qs 6h]
2af5c781: checks
7155d8e0: checks
*** TURN *** [Ks Qs 6h] [3c]
2af5c781: bets $0.05
7155d8e0: calls $0.05
*** RIVER *** [Ks Qs 6h 3c] [Jd]
2af5c781: checks
7155d8e0: bets $0.17
2af5c781: calls $0.17
7155d8e0: shows [Kh Ts] (Pair of Kings)
2af5c781: shows [Qd 3h] (Pair of Queens and Pair of Treys)
*** SHOWDOWN ***
2af5c781 collected $0.54 from pot
*** SUMMARY ***
Total pot $0.56 | Rake $0.02 | Jackpot $0 | Bingo $0 | Fortune $0
Board [Ks Qs 6h 3c Jd]
Seat 1: Hero folded before Flop (didn't bet)
Seat 2: 7155d8e0 showed [Kh Ts] and lost with Pair of Kings
Seat 3: fbf6f4b6 folded before Flop (didn't bet)
Seat 4: f673cedd (button) folded before Flop (didn't bet)
Seat 5: 5ac99833 (small blind) folded before Flop
Seat 6: 2af5c781 (big blind) showed [Qd 3h] and won ($0.54) with Pair of Queens and Pair of Treys


Poker Hand #HD1182978187: Hold'em No Limit  ($0.02/$0.05) - 2023/03/30 21:31:13
Table 'NLHBlue57' 6-max Seat #3 is the button
Seat 1: Hero ($5.03 in chips)
Seat 2: 7155d8e0 ($6.02 in chips)
Seat 3: fbf6f4b6 ($4.93 in chips)
Seat 4: f673cedd ($6.22 in chips)
Seat 5: 5ac99833 ($6.59 in chips)
Seat 6: 2af5c781 ($4.49 in chips)
f673cedd: posts small blind $0.02
5ac99833: posts big blind $0.05
*** HOLE CARDS ***
Dealt to Hero [2c 8h]
Dealt to 7155d8e0 
Dealt to fbf6f4b6 
Dealt to f673cedd 
Dealt to 5ac99833 
Dealt to 2af5c781 
2af5c781: folds
Hero: folds
7155d8e0: calls $0.05
fbf6f4b6: folds
f673cedd: folds
5ac99833: checks
*** FLOP *** [7h 9s 2h]
5ac99833: checks
7155d8e0: checks
*** TURN *** [7h 9s 2h] [9d]
5ac99833: checks
7155d8e0: checks
*** RIVER *** [7h 9s 2h 9d] [3c]
5ac99833: checks
7155d8e0: bets $0.09
5ac99833: folds
Uncalled bet ($0.09) returned to 7155d8e0
*** SHOWDOWN ***
7155d8e0 collected $0.12 from pot
*** SUMMARY ***
Total pot $0.12 | Rake $0 | Jackpot $0 | Bingo $0 | Fortune $0
Board [7h 9s 2h 9d 3c]
Seat 1: Hero folded before Flop (didn't bet)
Seat 2: 7155d8e0 won ($0.12)
Seat 3: fbf6f4b6 (button) folded before Flop (didn't bet)
Seat 4: f673cedd (small blind) folded before Flop
Seat 5: 5ac99833 (big blind) folded on the River
Seat 6: 2af5c781 folded before Flop (didn't bet)


Poker Hand #HD1182978096: Hold'em No Limit  ($0.02/$0.05) - 2023/03/30 21:30:34
Table 'NLHBlue57' 6-max Seat #2 is the button
Seat 1: Hero ($5.03 in chips)
Seat 2: 7155d8e0 ($5.95 in chips)
Seat 3: fbf6f4b6 ($4.95 in chips)
Seat 4: f673cedd ($6.27 in chips)
Seat 5: 5ac99833 ($6.59 in chips)
Seat 6: 2af5c781 ($4.49 in chips)
fbf6f4b6: posts small blind $0.02
f673cedd: posts big blind $0.05
*** HOLE CARDS ***
Dealt to Hero [9h 2h]
Dealt to 7155d8e0 
Dealt to fbf6f4b6 
Dealt to f673cedd 
Dealt to 5ac99833 
Dealt to 2af5c781 
5ac99833: folds
2af5c781: folds
Hero: folds
7155d8e0: calls $0.05
fbf6f4b6: folds
f673cedd: checks
*** FLOP *** [2s 7c Kc]
f673cedd: checks
7155d8e0: checks
*** TURN *** [2s 7c Kc] [9c]
f673cedd: checks
7155d8e0: bets $0.09
f673cedd: folds
Uncalled bet ($0.09) returned to 7155d8e0
*** SHOWDOWN ***
7155d8e0 collected $0.12 from pot
*** SUMMARY ***
Total pot $0.12 | Rake $0 | Jackpot $0 | Bingo $0 | Fortune $0
Board [2s 7c Kc 9c]
Seat 1: Hero folded before Flop (didn't bet)
Seat 2: 7155d8e0 (button) won ($0.12)
Seat 3: fbf6f4b6 (small blind) folded before Flop
Seat 4: f673cedd (big blind) folded on the Turn
Seat 5: 5ac99833 folded before Flop (didn't bet)
Seat 6: 2af5c781 folded before Flop (didn't bet)


Poker Hand #HD1182978023: Hold'em No Limit  ($0.02/$0.05) - 2023/03/30 21:30:00
Table 'NLHBlue57' 6-max Seat #1 is the button
Seat 1: Hero ($5.03 in chips)
Seat 2: 7155d8e0 ($5.9 in chips)
Seat 3: fbf6f4b6 ($5 in chips)
Seat 4: f673cedd ($6.27 in chips)
Seat 5: 5ac99833 ($6.59 in chips)
Seat 6: 2af5c781 ($4.49 in chips)
7155d8e0: posts small blind $0.02
fbf6f4b6: posts big blind $0.05
*** HOLE CARDS ***
Dealt to Hero [Js 6d]
Dealt to 7155d8e0 
Dealt to fbf6f4b6 
Dealt to f673cedd 
Dealt to 5ac99833 
Dealt to 2af5c781 
f673cedd: folds
5ac99833: folds
2af5c781: folds
Hero: folds
7155d8e0: calls $0.03
fbf6f4b6: checks
*** FLOP *** [8c Ks Ad]
7155d8e0: checks
fbf6f4b6: checks
*** TURN *** [8c Ks Ad] [Qc]
7155d8e0: bets $0.08
fbf6f4b6: folds
Uncalled bet ($0.08) returned to 7155d8e0
*** SHOWDOWN ***
7155d8e0 collected $0.1 from pot
*** SUMMARY ***
Total pot $0.1 | Rake $0 | Jackpot $0 | Bingo $0 | Fortune $0
Board [8c Ks Ad Qc]
Seat 1: Hero (button) folded before Flop (didn't bet)
Seat 2: 7155d8e0 (small blind) won ($0.1)
Seat 3: fbf6f4b6 (big blind) folded on the Turn
Seat 4: f673cedd folded before Flop (didn't bet)
Seat 5: 5ac99833 folded before Flop (didn't bet)
Seat 6: 2af5c781 folded before Flop (didn't bet)


Poker Hand #HD1182977954: Hold'em No Limit  ($0.02/$0.05) - 2023/03/30 21:29:27
Table 'NLHBlue57' 6-max Seat #6 is the button
Seat 1: Hero ($5.05 in chips)
Seat 2: 7155d8e0 ($6.03 in chips)
Seat 4: f673cedd ($6.27 in chips)
Seat 5: 5ac99833 ($6.59 in chips)
Seat 6: 2af5c781 ($4.35 in chips)
Hero: posts small blind $0.02
7155d8e0: posts big blind $0.05
*** HOLE CARDS ***
Dealt to Hero [9d Ts]
Dealt to 7155d8e0 
Dealt to f673cedd 
Dealt to 5ac99833 
Dealt to 2af5c781 
f673cedd: folds
5ac99833: folds
2af5c781: raises $0.08 to $0.13
Hero: folds
7155d8e0: calls $0.08
*** FLOP *** [4s Qc Qs]
7155d8e0: checks
2af5c781: bets $0.1
7155d8e0: folds
Uncalled bet ($0.1) returned to 2af5c781
*** SHOWDOWN ***
2af5c781 collected $0.27 from pot
*** SUMMARY ***
Total pot $0.28 | Rake $0.01 | Jackpot $0 | Bingo $0 | Fortune $0
Board [4s Qc Qs]
Seat 1: Hero (small blind) folded before Flop
Seat 2: 7155d8e0 (big blind) folded on the Flop
Seat 4: f673cedd folded before Flop (didn't bet)
Seat 5: 5ac99833 folded before Flop (didn't bet)
Seat 6: 2af5c781 (button) won ($0.27)


Poker Hand #HD1182977883: Hold'em No Limit  ($0.02/$0.05) - 2023/03/30 21:28:56
Table 'NLHBlue57' 6-max Seat #5 is the button
Seat 1: Hero ($5 in chips)
Seat 2: 7155d8e0 ($5.96 in chips)
Seat 4: f673cedd ($6.27 in chips)
Seat 5: 5ac99833 ($6.59 in chips)
Seat 6: 2af5c781 ($4.37 in chips)
2af5c781: posts small blind $0.02
Hero: posts big blind $0.05
*** HOLE CARDS ***
Dealt to Hero [7h Kh]
Dealt to 7155d8e0 
Dealt to f673cedd 
Dealt to 5ac99833 
Dealt to 2af5c781 
7155d8e0: calls $0.05
f673cedd: folds
5ac99833: folds
2af5c781: folds
Hero: checks
*** FLOP *** [6s Ac As]
Hero: checks
7155d8e0: checks
*** TURN *** [6s Ac As] [Js]
Hero: checks
7155d8e0: checks
*** RIVER *** [6s Ac As Js] [5h]
Hero: checks
7155d8e0: bets $0.09
Hero: folds
Uncalled bet ($0.09) returned to 7155d8e0
*** SHOWDOWN ***
7155d8e0 collected $0.12 from pot
*** SUMMARY ***
Total pot $0.12 | Rake $0 | Jackpot $0 | Bingo $0 | Fortune $0
Board [6s Ac As Js 5h]
Seat 1: Hero (big blind) folded on the River
Seat 2: 7155d8e0 won ($0.12)
Seat 4: f673cedd folded before Flop (didn't bet)
Seat 5: 5ac99833 (button) folded before Flop (didn't bet)
Seat 6: 2af5c781 (small blind) folded before Flop


Poker Hand #HD1182977793: Hold'em No Limit  ($0.02/$0.05) - 2023/03/30 21:28:13
Table 'NLHBlue57' 6-max Seat #4 is the button
Seat 1: Hero ($5 in chips)
Seat 2: 7155d8e0 ($6.03 in chips)
Seat 4: f673cedd ($5.96 in chips)
Seat 5: 5ac99833 ($6.61 in chips)
Seat 6: 2af5c781 ($4.61 in chips)
5ac99833: posts small blind $0.02
2af5c781: posts big blind $0.05
7155d8e0: posts missed blind $0.02
*** HOLE CARDS ***
Dealt to Hero [5h 8h]
Dealt to 7155d8e0 
Dealt to f673cedd 
Dealt to 5ac99833 
Dealt to 2af5c781 
Hero: folds
7155d8e0: calls $0.05
f673cedd: raises $0.19 to $0.24
5ac99833: folds
2af5c781: calls $0.19
7155d8e0: folds
*** FLOP *** [3c 7h Kd]
2af5c781: checks
f673cedd: bets $0.18
2af5c781: folds
Uncalled bet ($0.18) returned to f673cedd
*** SHOWDOWN ***
f673cedd collected $0.55 from pot
*** SUMMARY ***
Total pot $0.57 | Rake $0.02 | Jackpot $0 | Bingo $0 | Fortune $0
Board [3c 7h Kd]
Seat 1: Hero folded before Flop (didn't bet)
Seat 2: 7155d8e0 folded before Flop
Seat 4: f673cedd (button) won ($0.55)
Seat 5: 5ac99833 (small blind) folded before Flop
Seat 6: 2af5c781 (big blind) folded on the Flop


Poker Hand #HD1182977744: Hold'em No Limit  ($0.02/$0.05) - 2023/03/30 21:27:52
Table 'NLHBlue57' 6-max Seat #1 is the button
Seat 1: Hero ($5 in chips)
Seat 4: f673cedd ($5.98 in chips)
Seat 5: 5ac99833 ($6.66 in chips)
Seat 6: 2af5c781 ($4.54 in chips)
f673cedd: posts small blind $0.02
5ac99833: posts big blind $0.05
*** HOLE CARDS ***
Dealt to Hero [4s 7c]
Dealt to f673cedd 
Dealt to 5ac99833 
Dealt to 2af5c781 
2af5c781: raises $0.08 to $0.13
Hero: folds
f673cedd: folds
5ac99833: folds
Uncalled bet ($0.08) returned to 2af5c781
*** SHOWDOWN ***
2af5c781 collected $0.12 from pot
*** SUMMARY ***
Total pot $0.12 | Rake $0 | Jackpot $0 | Bingo $0 | Fortune $0
Seat 1: Hero (button) folded before Flop (didn't bet)
Seat 4: f673cedd (small blind) folded before Flop
Seat 5: 5ac99833 (big blind) folded before Flop
Seat 6: 2af5c781 collected ($0.12)


Poker Hand #HD1182977681: Hold'em No Limit  ($0.02/$0.05) - 2023/03/30 21:27:23
Table 'NLHBlue57' 6-max Seat #6 is the button
Seat 1: Hero ($5 in chips)
Seat 2: 7155d8e0 ($6.08 in chips)
Seat 4: f673cedd ($5.91 in chips)
Seat 5: 5ac99833 ($6.66 in chips)
Seat 6: 2af5c781 ($4.54 in chips)
Hero: posts small blind $0.02
7155d8e0: posts big blind $0.05
*** HOLE CARDS ***
Dealt to Hero [4h 8c]
Dealt to 7155d8e0 
Dealt to f673cedd 
Dealt to 5ac99833 
Dealt to 2af5c781 
f673cedd: raises $0.1 to $0.15
5ac99833: folds
2af5c781: folds
Hero: folds
7155d8e0: folds
Uncalled bet ($0.1) returned to f673cedd
*** SHOWDOWN ***
f673cedd collected $0.12 from pot
*** SUMMARY ***
Total pot $0.12 | Rake $0 | Jackpot $0 | Bingo $0 | Fortune $0
Seat 1: Hero (small blind) folded before Flop
Seat 2: 7155d8e0 (big blind) folded before Flop
Seat 4: f673cedd collected ($0.12)
Seat 5: 5ac99833 folded before Flop (didn't bet)
Seat 6: 2af5c781 (button) folded before Flop (didn't bet)


Poker Hand #HD1182977504: Hold'em No Limit  ($0.02/$0.05) - 2023/03/30 21:25:53
Table 'NLHBlue57' 6-max Seat #5 is the button
Seat 1: Hero ($5 in chips)
Seat 2: 7155d8e0 ($5.4 in chips)
Seat 3: ec522100 ($5.41 in chips)
Seat 4: f673cedd ($5.91 in chips)
Seat 5: 5ac99833 ($7.34 in chips)
Seat 6: 2af5c781 ($4.56 in chips)
2af5c781: posts small blind $0.02
Hero: posts big blind $0.05
*** HOLE CARDS ***
Dealt to Hero [8s 5d]
Dealt to 7155d8e0 
Dealt to ec522100 
Dealt to f673cedd 
Dealt to 5ac99833 
Dealt to 2af5c781 
7155d8e0: calls $0.05
ec522100: folds
f673cedd: folds
5ac99833: raises $0.09 to $0.14
2af5c781: folds
Hero: folds
7155d8e0: calls $0.09
*** FLOP *** [Ad 6c 8h]
7155d8e0: checks
5ac99833: bets $0.18
7155d8e0: calls $0.18
*** TURN *** [Ad 6c 8h] [Jd]
7155d8e0: checks
5ac99833: bets $0.36
7155d8e0: calls $0.36
*** RIVER *** [Ad 6c 8h Jd] [Js]
7155d8e0: bets $1.08
5ac99833: folds
Uncalled bet ($1.08) returned to 7155d8e0
*** SHOWDOWN ***
7155d8e0 collected $1.36 from pot
*** SUMMARY ***
Total pot $1.43 | Rake $0.07 | Jackpot $0 | Bingo $0 | Fortune $0
Board [Ad 6c 8h Jd Js]
Seat 1: Hero (big blind) folded before Flop
Seat 2: 7155d8e0 won ($1.36)
Seat 3: ec522100 folded before Flop (didn't bet)
Seat 4: f673cedd folded before Flop (didn't bet)
Seat 5: 5ac99833 (button) folded on the River
Seat 6: 2af5c781 (small blind) folded before Flop


Poker Hand #HD1182977454: Hold'em No Limit  ($0.02/$0.05) - 2023/03/30 21:25:28
Table 'NLHBlue57' 6-max Seat #4 is the button
Seat 1: Hero ($5 in chips)
Seat 2: 7155d8e0 ($5.24 in chips)
Seat 3: ec522100 ($5.41 in chips)
Seat 4: f673cedd ($5.91 in chips)
Seat 5: 5ac99833 ($7.36 in chips)
Seat 6: 2af5c781 ($4.71 in chips)
5ac99833: posts small blind $0.02
2af5c781: posts big blind $0.05
*** HOLE CARDS ***
Dealt to Hero [6s Kd]
Dealt to 7155d8e0 
Dealt to ec522100 
Dealt to f673cedd 
Dealt to 5ac99833 
Dealt to 2af5c781 
Hero: folds
7155d8e0: raises $0.1 to $0.15
ec522100: folds
f673cedd: folds
5ac99833: folds
2af5c781: calls $0.1
*** FLOP *** [Th 7d 7s]
2af5c781: checks
7155d8e0: bets $0.24
2af5c781: folds
Uncalled bet ($0.24) returned to 7155d8e0
*** SHOWDOWN ***
7155d8e0 collected $0.31 from pot
*** SUMMARY ***
Total pot $0.32 | Rake $0.01 | Jackpot $0 | Bingo $0 | Fortune $0
Board [Th 7d 7s]
Seat 1: Hero folded before Flop (didn't bet)
Seat 2: 7155d8e0 won ($0.31)
Seat 3: ec522100 folded before Flop (didn't bet)
Seat 4: f673cedd (button) folded before Flop (didn't bet)
Seat 5: 5ac99833 (small blind) folded before Flop
Seat 6: 2af5c781 (big blind) folded on the Flop


Poker Hand #HD1182977306: Hold'em No Limit  ($0.02/$0.05) - 2023/03/30 21:24:29
Table 'NLHBlue57' 6-max Seat #3 is the button
Seat 1: Hero ($5 in chips)
Seat 2: 7155d8e0 ($5.61 in chips)
Seat 3: ec522100 ($5.41 in chips)
Seat 4: f673cedd ($5.93 in chips)
Seat 5: 5ac99833 ($7 in chips)
Seat 6: 2af5c781 ($4.71 in chips)
f673cedd: posts small blind $0.02
5ac99833: posts big blind $0.05
*** HOLE CARDS ***
Dealt to Hero [8s Qd]
Dealt to 7155d8e0 
Dealt to ec522100 
Dealt to f673cedd 
Dealt to 5ac99833 
Dealt to 2af5c781 
2af5c781: folds
Hero: folds
7155d8e0: calls $0.05
ec522100: folds
f673cedd: folds
5ac99833: checks
*** FLOP *** [Jh Kh Ts]
5ac99833: checks
7155d8e0: bets $0.09
5ac99833: calls $0.09
*** TURN *** [Jh Kh Ts] [4s]
5ac99833: checks
7155d8e0: bets $0.23
5ac99833: calls $0.23
*** RIVER *** [Jh Kh Ts 4s] [Qh]
5ac99833: checks
7155d8e0: checks
5ac99833: shows [Ks Td] (Pair of Kings and Pair of Tens)
7155d8e0: shows [6c Jc] (Pair of Jacks)
*** SHOWDOWN ***
5ac99833 collected $0.73 from pot
*** SUMMARY ***
Total pot $0.76 | Rake $0.03 | Jackpot $0 | Bingo $0 | Fortune $0
Board [Jh Kh Ts 4s Qh]
Seat 1: Hero folded before Flop (didn't bet)
Seat 2: 7155d8e0 showed [6c Jc] and lost with Pair of Jacks
Seat 3: ec522100 (button) folded before Flop (didn't bet)
Seat 4: f673cedd (small blind) folded before Flop
Seat 5: 5ac99833 (big blind) showed [Ks Td] and won ($0.73) with Pair of Kings and Pair of Tens
Seat 6: 2af5c781 folded before Flop (didn't bet)


Poker Hand #HD1182977264: Hold'em No Limit  ($0.02/$0.05) - 2023/03/30 21:24:10
Table 'NLHBlue57' 6-max Seat #2 is the button
Seat 1: Hero ($5 in chips)
Seat 2: 7155d8e0 ($5.61 in chips)
Seat 3: ec522100 ($5.43 in chips)
Seat 4: f673cedd ($5.98 in chips)
Seat 5: 5ac99833 ($7 in chips)
Seat 6: 2af5c781 ($4.64 in chips)
ec522100: posts small blind $0.02
f673cedd: posts big blind $0.05
*** HOLE CARDS ***
Dealt to Hero [2d 7c]
Dealt to 7155d8e0 
Dealt to ec522100 
Dealt to f673cedd 
Dealt to 5ac99833 
Dealt to 2af5c781 
5ac99833: folds
2af5c781: raises $0.08 to $0.13
Hero: folds
7155d8e0: folds
ec522100: folds
f673cedd: folds
Uncalled bet ($0.08) returned to 2af5c781
*** SHOWDOWN ***
2af5c781 collected $0.12 from pot
*** SUMMARY ***
Total pot $0.12 | Rake $0 | Jackpot $0 | Bingo $0 | Fortune $0
Seat 1: Hero folded before Flop (didn't bet)
Seat 2: 7155d8e0 (button) folded before Flop (didn't bet)
Seat 3: ec522100 (small blind) folded before Flop
Seat 4: f673cedd (big blind) folded before Flop
Seat 5: 5ac99833 folded before Flop (didn't bet)
Seat 6: 2af5c781 collected ($0.12)


Poker Hand #HD1182977151: Hold'em No Limit  ($0.02/$0.05) - 2023/03/30 21:23:18
Table 'NLHBlue57' 6-max Seat #1 is the button
Seat 1: Hero ($5 in chips)
Seat 2: 7155d8e0 ($5.63 in chips)
Seat 3: ec522100 ($5.2 in chips)
Seat 4: f673cedd ($5.98 in chips)
Seat 5: 5ac99833 ($7 in chips)
Seat 6: 2af5c781 ($4.87 in chips)
7155d8e0: posts small blind $0.02
ec522100: posts big blind $0.05
*** HOLE CARDS ***
Dealt to Hero [7c 4d]
Dealt to 7155d8e0 
Dealt to ec522100 
Dealt to f673cedd 
Dealt to 5ac99833 
Dealt to 2af5c781 
f673cedd: folds
5ac99833: folds
2af5c781: raises $0.08 to $0.13
Hero: folds
7155d8e0: folds
ec522100: calls $0.08
*** FLOP *** [7s Qh 5h]
ec522100: checks
2af5c781: bets $0.1
ec522100: calls $0.1
*** TURN *** [7s Qh 5h] [9c]
ec522100: checks
2af5c781: checks
*** RIVER *** [7s Qh 5h 9c] [5d]
ec522100: checks
2af5c781: checks
ec522100: shows [7d Ah] (Pair of Sevens and Pair of Fives)
2af5c781: shows [Ts Ac] (Pair of Fives)
*** SHOWDOWN ***
ec522100 collected $0.46 from pot
*** SUMMARY ***
Total pot $0.48 | Rake $0.02 | Jackpot $0 | Bingo $0 | Fortune $0
Board [7s Qh 5h 9c 5d]
Seat 1: Hero (button) folded before Flop (didn't bet)
Seat 2: 7155d8e0 (small blind) folded before Flop
Seat 3: ec522100 (big blind) showed [7d Ah] and won ($0.46) with Pair of Sevens and Pair of Fives
Seat 4: f673cedd folded before Flop (didn't bet)
Seat 5: 5ac99833 folded before Flop (didn't bet)
Seat 6: 2af5c781 showed [Ts Ac] and lost with Pair of Fives


Poker Hand #HD1182977025: Hold'em No Limit  ($0.02/$0.05) - 2023/03/30 21:22:29
Table 'NLHBlue57' 6-max Seat #6 is the button
Seat 1: Hero ($5 in chips)
Seat 2: 7155d8e0 ($5.4 in chips)
Seat 3: ec522100 ($5.2 in chips)
Seat 4: f673cedd ($5.98 in chips)
Seat 5: 5ac99833 ($7 in chips)
Seat 6: 2af5c781 ($5.1 in chips)
Hero: posts small blind $0.02
7155d8e0: posts big blind $0.05
*** HOLE CARDS ***
Dealt to Hero [Kh Js]
Dealt to 7155d8e0 
Dealt to ec522100 
Dealt to f673cedd 
Dealt to 5ac99833 
Dealt to 2af5c781 
ec522100: folds
f673cedd: folds
5ac99833: folds
2af5c781: raises $0.08 to $0.13
Hero: folds
7155d8e0: calls $0.08
*** FLOP *** [3s Qc 7s]
7155d8e0: checks
2af5c781: bets $0.1
7155d8e0: calls $0.1
*** TURN *** [3s Qc 7s] [6s]
7155d8e0: checks
2af5c781: checks
*** RIVER *** [3s Qc 7s 6s] [Jc]
7155d8e0: checks
2af5c781: checks
7155d8e0: shows [9d Qd] (Pair of Queens)
2af5c781: shows [7c 8d] (Pair of Sevens)
*** SHOWDOWN ***
7155d8e0 collected $0.46 from pot
*** SUMMARY ***
Total pot $0.48 | Rake $0.02 | Jackpot $0 | Bingo $0 | Fortune $0
Board [3s Qc 7s 6s Jc]
Seat 1: Hero (small blind) folded before Flop
Seat 2: 7155d8e0 (big blind) showed [9d Qd] and won ($0.46) with Pair of Queens
Seat 3: ec522100 folded before Flop (didn't bet)
Seat 4: f673cedd folded before Flop (didn't bet)
Seat 5: 5ac99833 folded before Flop (didn't bet)
Seat 6: 2af5c781 (button) showed [7c 8d] and lost with Pair of Sevens


Poker Hand #HD1182976828: Hold'em No Limit  ($0.02/$0.05) - 2023/03/30 21:21:01
Table 'NLHBlue57' 6-max Seat #5 is the button
Seat 1: Hero ($5.07 in chips)
Seat 2: 7155d8e0 ($4.93 in chips)
Seat 3: ec522100 ($5.2 in chips)
Seat 4: f673cedd ($5.98 in chips)
Seat 5: 5ac99833 ($7 in chips)
Seat 6: 2af5c781 ($5.15 in chips)
2af5c781: posts small blind $0.02
Hero: posts big blind $0.05
*** HOLE CARDS ***
Dealt to Hero [4c 2c]
Dealt to 7155d8e0 
Dealt to ec522100 
Dealt to f673cedd 
Dealt to 5ac99833 
Dealt to 2af5c781 
7155d8e0: calls $0.05
ec522100: folds
f673cedd: folds
5ac99833: folds
2af5c781: calls $0.03
Hero: checks
*** FLOP *** [5h Td 3h]
2af5c781: checks
Hero: checks
7155d8e0: bets $0.12
2af5c781: folds
Hero: calls $0.12
*** TURN *** [5h Td 3h] [7s]
Hero: checks
7155d8e0: bets $0.3
Hero: calls $0.3
*** RIVER *** [5h Td 3h 7s] [8s]
Hero: checks
7155d8e0: bets $0.75
Hero: folds
Uncalled bet ($0.75) returned to 7155d8e0
*** SHOWDOWN ***
7155d8e0 collected $0.94 from pot
*** SUMMARY ***
Total pot $0.99 | Rake $0.05 | Jackpot $0 | Bingo $0 | Fortune $0
Board [5h Td 3h 7s 8s]
Seat 1: Hero (big blind) folded on the River
Seat 2: 7155d8e0 won ($0.94)
Seat 3: ec522100 folded before Flop (didn't bet)
Seat 4: f673cedd folded before Flop (didn't bet)
Seat 5: 5ac99833 (button) folded before Flop (didn't bet)
Seat 6: 2af5c781 (small blind) folded on the Flop


Poker Hand #HD1182976705: Hold'em No Limit  ($0.02/$0.05) - 2023/03/30 21:20:04
Table 'NLHBlue57' 6-max Seat #4 is the button
Seat 1: Hero ($5.07 in chips)
Seat 2: 7155d8e0 ($5.07 in chips)
Seat 3: ec522100 ($5.2 in chips)
Seat 4: f673cedd ($5.98 in chips)
Seat 5: 5ac99833 ($7.02 in chips)
Seat 6: 2af5c781 ($5 in chips)
5ac99833: posts small blind $0.02
2af5c781: posts big blind $0.05
*** HOLE CARDS ***
Dealt to Hero [6d 2h]
Dealt to 7155d8e0 
Dealt to ec522100 
Dealt to f673cedd 
Dealt to 5ac99833 
Dealt to 2af5c781 
Hero: folds
7155d8e0: calls $0.05
ec522100: folds
f673cedd: folds
5ac99833: folds
2af5c781: checks
*** FLOP *** [Kc Qs 2s]
2af5c781: checks
7155d8e0: checks
*** TURN *** [Kc Qs 2s] [9d]
2af5c781: checks
7155d8e0: checks
*** RIVER *** [Kc Qs 2s 9d] [8h]
2af5c781: checks
7155d8e0: bets $0.09
2af5c781: calls $0.09
7155d8e0: shows [Jd 8c] (Pair of Eights)
2af5c781: shows [4s Qd] (Pair of Queens)
*** SHOWDOWN ***
2af5c781 collected $0.29 from pot
*** SUMMARY ***
Total pot $0.3 | Rake $0.01 | Jackpot $0 | Bingo $0 | Fortune $0
Board [Kc Qs 2s 9d 8h]
Seat 1: Hero folded before Flop (didn't bet)
Seat 2: 7155d8e0 showed [Jd 8c] and lost with Pair of Eights
Seat 3: ec522100 folded before Flop (didn't bet)
Seat 4: f673cedd (button) folded before Flop (didn't bet)
Seat 5: 5ac99833 (small blind) folded before Flop
Seat 6: 2af5c781 (big blind) showed [4s Qd] and won ($0.29) with Pair of Queens


Poker Hand #HD1182976606: Hold'em No Limit  ($0.02/$0.05) - 2023/03/30 21:19:18
Table 'NLHBlue57' 6-max Seat #3 is the button
Seat 1: Hero ($5.07 in chips)
Seat 2: 7155d8e0 ($5 in chips)
Seat 3: ec522100 ($5.2 in chips)
Seat 4: f673cedd ($6 in chips)
Seat 5: 5ac99833 ($7.07 in chips)
Seat 6: 2af5c781 ($5 in chips)
f673cedd: posts small blind $0.02
5ac99833: posts big blind $0.05
7155d8e0: posts big blind $0.05
*** HOLE CARDS ***
Dealt to Hero [6c 3h]
Dealt to 7155d8e0 
Dealt to ec522100 
Dealt to f673cedd 
Dealt to 5ac99833 
Dealt to 2af5c781 
2af5c781: folds
Hero: folds
7155d8e0: checks
ec522100: folds
f673cedd: folds
5ac99833: checks
*** FLOP *** [Jh 9c Tc]
5ac99833: checks
7155d8e0: bets $0.09
5ac99833: folds
Uncalled bet ($0.09) returned to 7155d8e0
*** SHOWDOWN ***
7155d8e0 collected $0.12 from pot
*** SUMMARY ***
Total pot $0.12 | Rake $0 | Jackpot $0 | Bingo $0 | Fortune $0
Board [Jh 9c Tc]
Seat 1: Hero folded before Flop (didn't bet)
Seat 2: 7155d8e0 won ($0.12)
Seat 3: ec522100 (button) folded before Flop (didn't bet)
Seat 4: f673cedd (small blind) folded before Flop
Seat 5: 5ac99833 (big blind) folded on the Flop
Seat 6: 2af5c781 folded before Flop (didn't bet)


Poker Hand #HD1182976574: Hold'em No Limit  ($0.02/$0.05) - 2023/03/30 21:19:04
Table 'NLHBlue57' 6-max Seat #1 is the button
Seat 1: Hero ($5.07 in chips)
Seat 3: ec522100 ($5.22 in chips)
Seat 4: f673cedd ($6.05 in chips)
Seat 5: 5ac99833 ($7.07 in chips)
Seat 6: 2af5c781 ($4.93 in chips)
ec522100: posts small blind $0.02
f673cedd: posts big blind $0.05
*** HOLE CARDS ***
Dealt to Hero [5c 4c]
Dealt to ec522100 
Dealt to f673cedd 
Dealt to 5ac99833 
Dealt to 2af5c781 
5ac99833: folds
2af5c781: raises $0.1 to $0.15
Hero: folds
ec522100: folds
f673cedd: folds
Uncalled bet ($0.1) returned to 2af5c781
*** SHOWDOWN ***
2af5c781 collected $0.12 from pot
*** SUMMARY ***
Total pot $0.12 | Rake $0 | Jackpot $0 | Bingo $0 | Fortune $0
Seat 1: Hero (button) folded before Flop (didn't bet)
Seat 3: ec522100 (small blind) folded before Flop
Seat 4: f673cedd (big blind) folded before Flop
Seat 5: 5ac99833 folded before Flop (didn't bet)
Seat 6: 2af5c781 collected ($0.12)


Poker Hand #HD1182976537: Hold'em No Limit  ($0.02/$0.05) - 2023/03/30 21:18:49
Table 'NLHBlue57' 6-max Seat #6 is the button
Seat 1: Hero ($5.09 in chips)
Seat 3: ec522100 ($5.2 in chips)
Seat 4: f673cedd ($6.05 in chips)
Seat 5: 5ac99833 ($7.07 in chips)
Seat 6: 2af5c781 ($4.93 in chips)
Hero: posts small blind $0.02
ec522100: posts big blind $0.05
*** HOLE CARDS ***
Dealt to Hero [2c Kh]
Dealt to ec522100 
Dealt to f673cedd 
Dealt to 5ac99833 
Dealt to 2af5c781 
f673cedd: folds
5ac99833: folds
2af5c781: folds
Hero: folds
Uncalled bet ($0.03) returned to ec522100
*** SHOWDOWN ***
ec522100 collected $0.04 from pot
*** SUMMARY ***
Total pot $0.04 | Rake $0 | Jackpot $0 | Bingo $0 | Fortune $0
Seat 1: Hero (small blind) folded before Flop
Seat 3: ec522100 (big blind) collected ($0.04)
Seat 4: f673cedd folded before Flop (didn't bet)
Seat 5: 5ac99833 folded before Flop (didn't bet)
Seat 6: 2af5c781 (button) folded before Flop (didn't bet)


Poker Hand #HD1182976497: Hold'em No Limit  ($0.02/$0.05) - 2023/03/30 21:18:32
Table 'NLHBlue57' 6-max Seat #5 is the button
Seat 1: Hero ($5.14 in chips)
Seat 3: ec522100 ($5.2 in chips)
Seat 4: f673cedd ($6.05 in chips)
Seat 5: 5ac99833 ($7 in chips)
Seat 6: 2af5c781 ($4.95 in chips)
2af5c781: posts small blind $0.02
Hero: posts big blind $0.05
*** HOLE CARDS ***
Dealt to Hero [6d Tc]
Dealt to ec522100 
Dealt to f673cedd 
Dealt to 5ac99833 
Dealt to 2af5c781 
ec522100: folds
f673cedd: folds
5ac99833: raises $0.08 to $0.13
2af5c781: folds
Hero: folds
Uncalled bet ($0.08) returned to 5ac99833
*** SHOWDOWN ***
5ac99833 collected $0.12 from pot
*** SUMMARY ***
Total pot $0.12 | Rake $0 | Jackpot $0 | Bingo $0 | Fortune $0
Seat 1: Hero (big blind) folded before Flop
Seat 3: ec522100 folded before Flop (didn't bet)
Seat 4: f673cedd folded before Flop (didn't bet)
Seat 5: 5ac99833 (button) collected ($0.12)
Seat 6: 2af5c781 (small blind) folded before Flop


Poker Hand #HD1182976451: Hold'em No Limit  ($0.02/$0.05) - 2023/03/30 21:18:08
Table 'NLHBlue57' 6-max Seat #4 is the button
Seat 1: Hero ($5.07 in chips)
Seat 2: c2a488dc ($2.48 in chips)
Seat 3: ec522100 ($5.2 in chips)
Seat 4: f673cedd ($6.05 in chips)
Seat 5: 5ac99833 ($7.02 in chips)
Seat 6: 2af5c781 ($5 in chips)
5ac99833: posts small blind $0.02
2af5c781: posts big blind $0.05
*** HOLE CARDS ***
Dealt to Hero [8h 8s]
Dealt to c2a488dc 
Dealt to ec522100 
Dealt to f673cedd 
Dealt to 5ac99833 
Dealt to 2af5c781 
Hero: raises $0.07 to $0.12
c2a488dc: folds
ec522100: folds
f673cedd: folds
5ac99833: folds
2af5c781: folds
Uncalled bet ($0.07) returned to Hero
*** SHOWDOWN ***
Hero collected $0.12 from pot
*** SUMMARY ***
Total pot $0.12 | Rake $0 | Jackpot $0 | Bingo $0 | Fortune $0
Seat 1: Hero collected ($0.12)
Seat 2: c2a488dc folded before Flop (didn't bet)
Seat 3: ec522100 folded before Flop (didn't bet)
Seat 4: f673cedd (button) folded before Flop (didn't bet)
Seat 5: 5ac99833 (small blind) folded before Flop
Seat 6: 2af5c781 (big blind) folded before Flop


Poker Hand #HD1182976432: Hold'em No Limit  ($0.02/$0.05) - 2023/03/30 21:17:59
Table 'NLHBlue57' 6-max Seat #3 is the button
Seat 1: Hero ($5 in chips)
Seat 2: c2a488dc ($2.48 in chips)
Seat 3: ec522100 ($5.2 in chips)
Seat 4: f673cedd ($6.07 in chips)
Seat 5: 5ac99833 ($7.07 in chips)
f673cedd: posts small blind $0.02
5ac99833: posts big blind $0.05
*** HOLE CARDS ***
Dealt to Hero [As 7s]
Dealt to c2a488dc 
Dealt to ec522100 
Dealt to f673cedd 
Dealt to 5ac99833 
Hero: raises $0.07 to $0.12
c2a488dc: folds
ec522100: folds
f673cedd: folds
5ac99833: folds
Uncalled bet ($0.07) returned to Hero
*** SHOWDOWN ***
Hero collected $0.12 from pot
*** SUMMARY ***
Total pot $0.12 | Rake $0 | Jackpot $0 | Bingo $0 | Fortune $0
Seat 1: Hero collected ($0.12)
Seat 2: c2a488dc folded before Flop (didn't bet)
Seat 3: ec522100 (button) folded before Flop (didn't bet)
Seat 4: f673cedd (small blind) folded before Flop
Seat 5: 5ac99833 (big blind) folded before Flop


Poker Hand #HD1182976351: Hold'em No Limit  ($0.02/$0.05) - 2023/03/30 21:17:21
Table 'NLHBlue57' 6-max Seat #2 is the button
Seat 1: Hero ($5 in chips)
Seat 2: c2a488dc ($2.6 in chips)
Seat 3: ec522100 ($5.22 in chips)
Seat 4: f673cedd ($5.82 in chips)
Seat 5: 5ac99833 ($7.07 in chips)
ec522100: posts small blind $0.02
f673cedd: posts big blind $0.05
*** HOLE CARDS ***
Dealt to Hero [As Th]
Dealt to c2a488dc 
Dealt to ec522100 
Dealt to f673cedd 
Dealt to 5ac99833 
5ac99833: folds
Hero: raises $0.07 to $0.12
c2a488dc: calls $0.12
ec522100: folds
f673cedd: raises $0.5 to $0.62
Hero: folds
c2a488dc: folds
Uncalled bet ($0.5) returned to f673cedd
*** SHOWDOWN ***
f673cedd collected $0.37 from pot
*** SUMMARY ***
Total pot $0.38 | Rake $0.01 | Jackpot $0 | Bingo $0 | Fortune $0
Seat 1: Hero folded before Flop
Seat 2: c2a488dc (button) folded before Flop
Seat 3: ec522100 (small blind) folded before Flop
Seat 4: f673cedd (big blind) collected ($0.37)
Seat 5: 5ac99833 folded before Flop (didn't bet)


Poker Hand #HD1182976326: Hold'em No Limit  ($0.02/$0.05) - 2023/03/30 21:17:12
Table 'NLHBlue57' 6-max Seat #1 is the button
Seat 1: Hero ($5 in chips)
Seat 2: c2a488dc ($2.55 in chips)
Seat 3: ec522100 ($5.27 in chips)
Seat 4: f673cedd ($5.82 in chips)
Seat 5: 5ac99833 ($7.07 in chips)
c2a488dc: posts small blind $0.02
ec522100: posts big blind $0.05
*** HOLE CARDS ***
Dealt to Hero [4d 5c]
Dealt to c2a488dc 
Dealt to ec522100 
Dealt to f673cedd 
Dealt to 5ac99833 
f673cedd: folds
5ac99833: folds
Hero: folds
c2a488dc: raises $0.05 to $0.1
ec522100: folds
Uncalled bet ($0.05) returned to c2a488dc
*** SHOWDOWN ***
c2a488dc collected $0.1 from pot
*** SUMMARY ***
Total pot $0.1 | Rake $0 | Jackpot $0 | Bingo $0 | Fortune $0
Seat 1: Hero (button) folded before Flop (didn't bet)
Seat 2: c2a488dc (small blind) collected ($0.1)
Seat 3: ec522100 (big blind) folded before Flop
Seat 4: f673cedd folded before Flop (didn't bet)
Seat 5: 5ac99833 folded before Flop (didn't bet)


Poker Hand #HD1182976178: Hold'em No Limit  ($0.02/$0.05) - 2023/03/30 21:16:06
Table 'NLHBlue57' 6-max Seat #6 is the button
Seat 1: Hero ($5 in chips)
Seat 2: c2a488dc ($2.6 in chips)
Seat 3: ec522100 ($4.36 in chips)
Seat 4: f673cedd ($5.82 in chips)
Seat 5: 5ac99833 ($7.07 in chips)
Seat 6: 896f1022 ($0.98 in chips)
Hero: posts small blind $0.02
c2a488dc: posts big blind $0.05
*** HOLE CARDS ***
Dealt to Hero [9d Ts]
Dealt to c2a488dc 
Dealt to ec522100 
Dealt to f673cedd 
Dealt to 5ac99833 
Dealt to 896f1022 
ec522100: raises $0.08 to $0.13
f673cedd: folds
5ac99833: folds
896f1022: raises $0.17 to $0.3
Hero: folds
c2a488dc: folds
ec522100: raises $4.06 to $4.36 and is all-in
896f1022: calls $0.68 and is all-in
Uncalled bet ($3.38) returned to ec522100
ec522100: shows [Kh Ac]
896f1022: shows [Th Tc]
*** FLOP *** [9h 3c Ah]
*** TURN *** [9h 3c Ah] [6h]
*** RIVER *** [9h 3c Ah 6h] [Ks]
*** SHOWDOWN ***
ec522100 collected $1.89 from pot
*** SUMMARY ***
Total pot $2.03 | Rake $0.09 | Jackpot $0.05 | Bingo $0 | Fortune $0
Board [9h 3c Ah 6h Ks]
Seat 1: Hero (small blind) folded before Flop
Seat 2: c2a488dc (big blind) folded before Flop
Seat 3: ec522100 showed [Kh Ac] and won ($1.89) with Pair of Aces and Pair of Kings
Seat 4: f673cedd folded before Flop (didn't bet)
Seat 5: 5ac99833 folded before Flop (didn't bet)
Seat 6: 896f1022 (button) showed [Th Tc] and lost with Pair of Tens


Poker Hand #HD1182976063: Hold'em No Limit  ($0.02/$0.05) - 2023/03/30 21:15:16
Table 'NLHBlue57' 6-max Seat #5 is the button
Seat 1: Hero ($5.02 in chips)
Seat 2: c2a488dc ($2.6 in chips)
Seat 3: ec522100 ($4.36 in chips)
Seat 4: f673cedd ($5.82 in chips)
Seat 5: 5ac99833 ($6.9 in chips)
Seat 6: 896f1022 ($1.11 in chips)
896f1022: posts small blind $0.02
Hero: posts big blind $0.05
*** HOLE CARDS ***
Dealt to Hero [9h 8s]
Dealt to c2a488dc 
Dealt to ec522100 
Dealt to f673cedd 
Dealt to 5ac99833 
Dealt to 896f1022 
c2a488dc: folds
ec522100: folds
f673cedd: folds
5ac99833: raises $0.08 to $0.13
896f1022: calls $0.11
Hero: folds
*** FLOP *** [2c Ad 7d]
896f1022: checks
5ac99833: bets $0.11
896f1022: folds
Uncalled bet ($0.11) returned to 5ac99833
*** SHOWDOWN ***
5ac99833 collected $0.3 from pot
*** SUMMARY ***
Total pot $0.31 | Rake $0.01 | Jackpot $0 | Bingo $0 | Fortune $0
Board [2c Ad 7d]
Seat 1: Hero (big blind) folded before Flop
Seat 2: c2a488dc folded before Flop (didn't bet)
Seat 3: ec522100 folded before Flop (didn't bet)
Seat 4: f673cedd folded before Flop (didn't bet)
Seat 5: 5ac99833 (button) won ($0.3)
Seat 6: 896f1022 (small blind) folded on the Flop


Poker Hand #HD1182975935: Hold'em No Limit  ($0.02/$0.05) - 2023/03/30 21:14:17
Table 'NLHBlue57' 6-max Seat #4 is the button
Seat 1: Hero ($5.14 in chips)
Seat 2: c2a488dc ($2.6 in chips)
Seat 3: ec522100 ($4.36 in chips)
Seat 4: f673cedd ($5.82 in chips)
Seat 5: 5ac99833 ($6.92 in chips)
Seat 6: 896f1022 ($0.98 in chips)
5ac99833: posts small blind $0.02
896f1022: posts big blind $0.05
*** HOLE CARDS ***
Dealt to Hero [Qs Ts]
Dealt to c2a488dc 
Dealt to ec522100 
Dealt to f673cedd 
Dealt to 5ac99833 
Dealt to 896f1022 
Hero: raises $0.07 to $0.12
c2a488dc: folds
ec522100: folds
f673cedd: folds
5ac99833: folds
896f1022: calls $0.07
*** FLOP *** [4c 5d 7s]
896f1022: checks
Hero: checks
*** TURN *** [4c 5d 7s] [2c]
896f1022: checks
Hero: checks
*** RIVER *** [4c 5d 7s 2c] [7d]
896f1022: bets $0.13
Hero: folds
Uncalled bet ($0.13) returned to 896f1022
*** SHOWDOWN ***
896f1022 collected $0.25 from pot
*** SUMMARY ***
Total pot $0.26 | Rake $0.01 | Jackpot $0 | Bingo $0 | Fortune $0
Board [4c 5d 7s 2c 7d]
Seat 1: Hero folded on the River
Seat 2: c2a488dc folded before Flop (didn't bet)
Seat 3: ec522100 folded before Flop (didn't bet)
Seat 4: f673cedd (button) folded before Flop (didn't bet)
Seat 5: 5ac99833 (small blind) folded before Flop
Seat 6: 896f1022 (big blind) won ($0.25)


Poker Hand #HD1182975877: Hold'em No Limit  ($0.02/$0.05) - 2023/03/30 21:13:48
Table 'NLHBlue57' 6-max Seat #3 is the button
Seat 1: Hero ($5.01 in chips)
Seat 2: c2a488dc ($2.6 in chips)
Seat 3: ec522100 ($4.36 in chips)
Seat 4: f673cedd ($5.84 in chips)
Seat 5: 5ac99833 ($7.04 in chips)
f673cedd: posts small blind $0.02
5ac99833: posts big blind $0.05
*** HOLE CARDS ***
Dealt to Hero [Th Ts]
Dealt to c2a488dc 
Dealt to ec522100 
Dealt to f673cedd 
Dealt to 5ac99833 
Hero: raises $0.07 to $0.12
c2a488dc: folds
ec522100: folds
f673cedd: folds
5ac99833: calls $0.07
*** FLOP *** [5s 5h Jh]
5ac99833: checks
Hero: bets $0.09
5ac99833: folds
Uncalled bet ($0.09) returned to Hero
*** SHOWDOWN ***
Hero collected $0.25 from pot
*** SUMMARY ***
Total pot $0.26 | Rake $0.01 | Jackpot $0 | Bingo $0 | Fortune $0
Board [5s 5h Jh]
Seat 1: Hero won ($0.25)
Seat 2: c2a488dc folded before Flop (didn't bet)
Seat 3: ec522100 (button) folded before Flop (didn't bet)
Seat 4: f673cedd (small blind) folded before Flop
Seat 5: 5ac99833 (big blind) folded on the Flop


Poker Hand #HD1182975843: Hold'em No Limit  ($0.02/$0.05) - 2023/03/30 21:13:35
Table 'NLHBlue57' 6-max Seat #2 is the button
Seat 1: Hero ($5.01 in chips)
Seat 2: c2a488dc ($2.6 in chips)
Seat 3: ec522100 ($4.31 in chips)
Seat 4: f673cedd ($5.89 in chips)
Seat 5: 5ac99833 ($7.04 in chips)
ec522100: posts small blind $0.02
f673cedd: posts big blind $0.05
*** HOLE CARDS ***
Dealt to Hero [7s 3d]
Dealt to c2a488dc 
Dealt to ec522100 
Dealt to f673cedd 
Dealt to 5ac99833 
5ac99833: folds
Hero: folds
c2a488dc: folds
ec522100: raises $0.1 to $0.15
f673cedd: folds
Uncalled bet ($0.1) returned to ec522100
*** SHOWDOWN ***
ec522100 collected $0.1 from pot
*** SUMMARY ***
Total pot $0.1 | Rake $0 | Jackpot $0 | Bingo $0 | Fortune $0
Seat 1: Hero folded before Flop (didn't bet)
Seat 2: c2a488dc (button) folded before Flop (didn't bet)
Seat 3: ec522100 (small blind) collected ($0.1)
Seat 4: f673cedd (big blind) folded before Flop
Seat 5: 5ac99833 folded before Flop (didn't bet)


Poker Hand #HD1182975766: Hold'em No Limit  ($0.02/$0.05) - 2023/03/30 21:13:04
Table 'NLHBlue57' 6-max Seat #1 is the button
Seat 1: Hero ($5.01 in chips)
Seat 2: c2a488dc ($2.62 in chips)
Seat 3: ec522100 ($4.04 in chips)
Seat 4: f673cedd ($5.89 in chips)
Seat 5: 5ac99833 ($7.31 in chips)
Seat 6: 824e20d7 ($5.21 in chips)
c2a488dc: posts small blind $0.02
ec522100: posts big blind $0.05
*** HOLE CARDS ***
Dealt to Hero [Jc 6h]
Dealt to c2a488dc 
Dealt to ec522100 
Dealt to f673cedd 
Dealt to 5ac99833 
Dealt to 824e20d7 
f673cedd: folds
5ac99833: raises $0.08 to $0.13
824e20d7: folds
Hero: folds
c2a488dc: folds
ec522100: calls $0.08
*** FLOP *** [9s 7d 9d]
ec522100: checks
5ac99833: bets $0.14
ec522100: raises $0.35 to $0.49
5ac99833: folds
Uncalled bet ($0.35) returned to ec522100
*** SHOWDOWN ***
ec522100 collected $0.54 from pot
*** SUMMARY ***
Total pot $0.56 | Rake $0.02 | Jackpot $0 | Bingo $0 | Fortune $0
Board [9s 7d 9d]
Seat 1: Hero (button) folded before Flop (didn't bet)
Seat 2: c2a488dc (small blind) folded before Flop
Seat 3: ec522100 (big blind) won ($0.54)
Seat 4: f673cedd folded before Flop (didn't bet)
Seat 5: 5ac99833 folded on the Flop
Seat 6: 824e20d7 folded before Flop (didn't bet)


Poker Hand #HD1182975690: Hold'em No Limit  ($0.02/$0.05) - 2023/03/30 21:12:24
Table 'NLHBlue57' 6-max Seat #6 is the button
Seat 1: Hero ($5.03 in chips)
Seat 2: c2a488dc ($2.83 in chips)
Seat 3: ec522100 ($4.04 in chips)
Seat 4: f673cedd ($5.89 in chips)
Seat 5: 5ac99833 ($7.31 in chips)
Seat 6: 824e20d7 ($5 in chips)
Hero: posts small blind $0.02
c2a488dc: posts big blind $0.05
*** HOLE CARDS ***
Dealt to Hero [8h 6s]
Dealt to c2a488dc 
Dealt to ec522100 
Dealt to f673cedd 
Dealt to 5ac99833 
Dealt to 824e20d7 
ec522100: folds
f673cedd: folds
5ac99833: folds
824e20d7: raises $0.06 to $0.11
Hero: folds
c2a488dc: calls $0.06
*** FLOP *** [Jd 5d 2h]
c2a488dc: bets $0.1
824e20d7: raises $0.15 to $0.25
c2a488dc: folds
Uncalled bet ($0.15) returned to 824e20d7
*** SHOWDOWN ***
824e20d7 collected $0.42 from pot
*** SUMMARY ***
Total pot $0.44 | Rake $0.02 | Jackpot $0 | Bingo $0 | Fortune $0
Board [Jd 5d 2h]
Seat 1: Hero (small blind) folded before Flop
Seat 2: c2a488dc (big blind) folded on the Flop
Seat 3: ec522100 folded before Flop (didn't bet)
Seat 4: f673cedd folded before Flop (didn't bet)
Seat 5: 5ac99833 folded before Flop (didn't bet)
Seat 6: 824e20d7 (button) won ($0.42)


Poker Hand #HD1182975662: Hold'em No Limit  ($0.02/$0.05) - 2023/03/30 21:12:14
Table 'NLHBlue57' 6-max Seat #5 is the button
Seat 1: Hero ($5.02 in chips)
Seat 2: c2a488dc ($2.76 in chips)
Seat 3: ec522100 ($4.04 in chips)
Seat 4: f673cedd ($5.89 in chips)
Seat 5: 5ac99833 ($7.31 in chips)
Seat 6: 824e20d7 ($5 in chips)
824e20d7: posts small blind $0.02
Hero: posts big blind $0.05
*** HOLE CARDS ***
Dealt to Hero [9h 4h]
Dealt to c2a488dc 
Dealt to ec522100 
Dealt to f673cedd 
Dealt to 5ac99833 
Dealt to 824e20d7 
c2a488dc: raises $0.05 to $0.1
ec522100: folds
f673cedd: folds
5ac99833: folds
824e20d7: folds
Hero: folds
Uncalled bet ($0.05) returned to c2a488dc
*** SHOWDOWN ***
c2a488dc collected $0.12 from pot
*** SUMMARY ***
Total pot $0.12 | Rake $0 | Jackpot $0 | Bingo $0 | Fortune $0
Seat 1: Hero (big blind) folded before Flop
Seat 2: c2a488dc collected ($0.12)
Seat 3: ec522100 folded before Flop (didn't bet)
Seat 4: f673cedd folded before Flop (didn't bet)
Seat 5: 5ac99833 (button) folded before Flop (didn't bet)
Seat 6: 824e20d7 (small blind) folded before Flop


Poker Hand #HD1182905635: Hold'em No Limit  ($0.02/$0.05) - 2023/03/30 21:12:01
Table 'NLHBlue57' 6-max Seat #4 is the button
Seat 1: Hero ($5.02 in chips)
Seat 2: c2a488dc ($2.76 in chips)
Seat 3: ec522100 ($4.04 in chips)
Seat 4: f673cedd ($5.89 in chips)
Seat 5: 5ac99833 ($7.26 in chips)
Seat 6: 824e20d7 ($5 in chips)
5ac99833: posts small blind $0.02
824e20d7: posts big blind $0.05
*** HOLE CARDS ***
Dealt to Hero [7h Ts]
Dealt to c2a488dc 
Dealt to ec522100 
Dealt to f673cedd 
Dealt to 5ac99833 
Dealt to 824e20d7 
Hero: folds
c2a488dc: folds
ec522100: folds
f673cedd: folds
5ac99833: raises $0.1 to $0.15
824e20d7: folds
Uncalled bet ($0.1) returned to 5ac99833
*** SHOWDOWN ***
5ac99833 collected $0.1 from pot
*** SUMMARY ***
Total pot $0.1 | Rake $0 | Jackpot $0 | Bingo $0 | Fortune $0
Seat 1: Hero folded before Flop (didn't bet)
Seat 2: c2a488dc folded before Flop (didn't bet)
Seat 3: ec522100 folded before Flop (didn't bet)
Seat 4: f673cedd (button) folded before Flop (didn't bet)
Seat 5: 5ac99833 (small blind) collected ($0.1)
Seat 6: 824e20d7 (big blind) folded before Flop


Poker Hand #HD1182905531: Hold'em No Limit  ($0.02/$0.05) - 2023/03/30 21:11:17
Table 'NLHBlue57' 6-max Seat #3 is the button
Seat 1: Hero ($5.02 in chips)
Seat 2: c2a488dc ($2.76 in chips)
Seat 3: ec522100 ($5 in chips)
Seat 4: f673cedd ($5.02 in chips)
Seat 5: 5ac99833 ($7.31 in chips)
f673cedd: posts small blind $0.02
5ac99833: posts big blind $0.05
*** HOLE CARDS ***
Dealt to Hero [9h 2s]
Dealt to c2a488dc 
Dealt to ec522100 
Dealt to f673cedd 
Dealt to 5ac99833 
Hero: folds
c2a488dc: folds
ec522100: raises $0.08 to $0.13
f673cedd: raises $0.33 to $0.46
5ac99833: folds
ec522100: calls $0.33
*** FLOP *** [8s 5c 9s]
f673cedd: bets $0.5
ec522100: calls $0.5
*** TURN *** [8s 5c 9s] [8c]
f673cedd: bets $1
ec522100: folds
Uncalled bet ($1) returned to f673cedd
*** SHOWDOWN ***
f673cedd collected $1.83 from pot
*** SUMMARY ***
Total pot $1.97 | Rake $0.09 | Jackpot $0.05 | Bingo $0 | Fortune $0
Board [8s 5c 9s 8c]
Seat 1: Hero folded before Flop (didn't bet)
Seat 2: c2a488dc folded before Flop (didn't bet)
Seat 3: ec522100 (button) folded on the Turn
Seat 4: f673cedd (small blind) won ($1.83)
Seat 5: 5ac99833 (big blind) folded before Flop


Poker Hand #HD1182905498: Hold'em No Limit  ($0.02/$0.05) - 2023/03/30 21:11:00
Table 'NLHBlue57' 6-max Seat #2 is the button
Seat 1: Hero ($5.02 in chips)
Seat 2: c2a488dc ($2.76 in chips)
Seat 3: ec522100 ($5.02 in chips)
Seat 4: f673cedd ($5.07 in chips)
Seat 5: 5ac99833 ($7.24 in chips)
ec522100: posts small blind $0.02
f673cedd: posts big blind $0.05
*** HOLE CARDS ***
Dealt to Hero [7d 9h]
Dealt to c2a488dc 
Dealt to ec522100 
Dealt to f673cedd 
Dealt to 5ac99833 
5ac99833: raises $0.08 to $0.13
Hero: folds
c2a488dc: folds
ec522100: folds
f673cedd: folds
Uncalled bet ($0.08) returned to 5ac99833
*** SHOWDOWN ***
5ac99833 collected $0.12 from pot
*** SUMMARY ***
Total pot $0.12 | Rake $0 | Jackpot $0 | Bingo $0 | Fortune $0
Seat 1: Hero folded before Flop (didn't bet)
Seat 2: c2a488dc (button) folded before Flop (didn't bet)
Seat 3: ec522100 (small blind) folded before Flop
Seat 4: f673cedd (big blind) folded before Flop
Seat 5: 5ac99833 collected ($0.12)


Poker Hand #HD1182905463: Hold'em No Limit  ($0.02/$0.05) - 2023/03/30 21:10:47
Table 'NLHBlue57' 6-max Seat #1 is the button
Seat 1: Hero ($5.02 in chips)
Seat 2: c2a488dc ($2.78 in chips)
Seat 3: ec522100 ($5 in chips)
Seat 4: f673cedd ($5.07 in chips)
Seat 5: 5ac99833 ($7.24 in chips)
c2a488dc: posts small blind $0.02
ec522100: posts big blind $0.05
*** HOLE CARDS ***
Dealt to Hero [2d 6d]
Dealt to c2a488dc 
Dealt to ec522100 
Dealt to f673cedd 
Dealt to 5ac99833 
f673cedd: folds
5ac99833: folds
Hero: folds
c2a488dc: folds
Uncalled bet ($0.03) returned to ec522100
*** SHOWDOWN ***
ec522100 collected $0.04 from pot
*** SUMMARY ***
Total pot $0.04 | Rake $0 | Jackpot $0 | Bingo $0 | Fortune $0
Seat 1: Hero (button) folded before Flop (didn't bet)
Seat 2: c2a488dc (small blind) folded before Flop
Seat 3: ec522100 (big blind) collected ($0.04)
Seat 4: f673cedd folded before Flop (didn't bet)
Seat 5: 5ac99833 folded before Flop (didn't bet)


Poker Hand #HD1182905402: Hold'em No Limit  ($0.02/$0.05) - 2023/03/30 21:10:24
Table 'NLHBlue57' 6-max Seat #5 is the button
Seat 1: Hero ($5.04 in chips)
Seat 2: c2a488dc ($2.83 in chips)
Seat 4: f673cedd ($5.07 in chips)
Seat 5: 5ac99833 ($7.17 in chips)
Hero: posts small blind $0.02
c2a488dc: posts big blind $0.05
*** HOLE CARDS ***
Dealt to Hero [3h 3c]
Dealt to c2a488dc 
Dealt to f673cedd 
Dealt to 5ac99833 
f673cedd: folds
5ac99833: raises $0.06 to $0.11
Hero: folds
c2a488dc: folds
Uncalled bet ($0.06) returned to 5ac99833
*** SHOWDOWN ***
5ac99833 collected $0.12 from pot
*** SUMMARY ***
Total pot $0.12 | Rake $0 | Jackpot $0 | Bingo $0 | Fortune $0
Seat 1: Hero (small blind) folded before Flop
Seat 2: c2a488dc (big blind) folded before Flop
Seat 4: f673cedd folded before Flop (didn't bet)
Seat 5: 5ac99833 (button) collected ($0.12)


Poker Hand #HD1182905306: Hold'em No Limit  ($0.02/$0.05) - 2023/03/30 21:09:45
Table 'NLHBlue57' 6-max Seat #4 is the button
Seat 1: Hero ($5.7 in chips)
Seat 2: c2a488dc ($2.21 in chips)
Seat 4: f673cedd ($5.07 in chips)
Seat 5: 5ac99833 ($7.19 in chips)
5ac99833: posts small blind $0.02
Hero: posts big blind $0.05
*** HOLE CARDS ***
Dealt to Hero [Kc Kd]
Dealt to c2a488dc 
Dealt to f673cedd 
Dealt to 5ac99833 
c2a488dc: raises $0.1 to $0.15
f673cedd: folds
5ac99833: folds
Hero: raises $0.24 to $0.39
c2a488dc: calls $0.24
*** FLOP *** [5s As Qs]
Hero: bets $0.27
c2a488dc: raises $1.55 to $1.82 and is all-in
Hero: folds
Uncalled bet ($1.55) returned to c2a488dc
*** SHOWDOWN ***
c2a488dc collected $1.28 from pot
*** SUMMARY ***
Total pot $1.34 | Rake $0.06 | Jackpot $0 | Bingo $0 | Fortune $0
Board [5s As Qs]
Seat 1: Hero (big blind) folded on the Flop
Seat 2: c2a488dc won ($1.28)
Seat 4: f673cedd (button) folded before Flop (didn't bet)
Seat 5: 5ac99833 (small blind) folded before Flop


Poker Hand #HD1182905262: Hold'em No Limit  ($0.02/$0.05) - 2023/03/30 21:09:26
Table 'NLHBlue57' 6-max Seat #2 is the button
Seat 1: Hero ($5.7 in chips)
Seat 2: c2a488dc ($2.14 in chips)
Seat 4: f673cedd ($5.09 in chips)
Seat 5: 5ac99833 ($7.24 in chips)
Seat 6: e27f617b ($5.77 in chips)
f673cedd: posts small blind $0.02
5ac99833: posts big blind $0.05
*** HOLE CARDS ***
Dealt to Hero [Jh 5d]
Dealt to c2a488dc 
Dealt to f673cedd 
Dealt to 5ac99833 
Dealt to e27f617b 
e27f617b: folds
Hero: folds
c2a488dc: raises $0.1 to $0.15
f673cedd: folds
5ac99833: folds
Uncalled bet ($0.1) returned to c2a488dc
*** SHOWDOWN ***
c2a488dc collected $0.12 from pot
*** SUMMARY ***
Total pot $0.12 | Rake $0 | Jackpot $0 | Bingo $0 | Fortune $0
Seat 1: Hero folded before Flop (didn't bet)
Seat 2: c2a488dc (button) collected ($0.12)
Seat 4: f673cedd (small blind) folded before Flop
Seat 5: 5ac99833 (big blind) folded before Flop
Seat 6: e27f617b folded before Flop (didn't bet)


Poker Hand #HD1182905186: Hold'em No Limit  ($0.02/$0.05) - 2023/03/30 21:08:56
Table 'NLHBlue57' 6-max Seat #1 is the button
Seat 1: Hero ($5.7 in chips)
Seat 2: c2a488dc ($2.09 in chips)
Seat 4: f673cedd ($5.14 in chips)
Seat 5: 5ac99833 ($7.24 in chips)
Seat 6: e27f617b ($5.77 in chips)
c2a488dc: posts small blind $0.02
f673cedd: posts big blind $0.05
*** HOLE CARDS ***
Dealt to Hero [Jh 8c]
Dealt to c2a488dc 
Dealt to f673cedd 
Dealt to 5ac99833 
Dealt to e27f617b 
5ac99833: folds
e27f617b: folds
Hero: folds
c2a488dc: calls $0.03
f673cedd: checks
*** FLOP *** [9s Tc Ac]
c2a488dc: checks
f673cedd: checks
*** TURN *** [9s Tc Ac] [Kh]
c2a488dc: bets $0.08
f673cedd: folds
Uncalled bet ($0.08) returned to c2a488dc
*** SHOWDOWN ***
c2a488dc collected $0.1 from pot
*** SUMMARY ***
Total pot $0.1 | Rake $0 | Jackpot $0 | Bingo $0 | Fortune $0
Board [9s Tc Ac Kh]
Seat 1: Hero (button) folded before Flop (didn't bet)
Seat 2: c2a488dc (small blind) won ($0.1)
Seat 4: f673cedd (big blind) folded on the Turn
Seat 5: 5ac99833 folded before Flop (didn't bet)
Seat 6: e27f617b folded before Flop (didn't bet)


Poker Hand #HD1182905148: Hold'em No Limit  ($0.02/$0.05) - 2023/03/30 21:08:36
Table 'NLHBlue57' 6-max Seat #6 is the button
Seat 1: Hero ($5.72 in chips)
Seat 2: c2a488dc ($2.14 in chips)
Seat 3: 5259c9db ($5 in chips)
Seat 4: f673cedd ($5.14 in chips)
Seat 5: 5ac99833 ($7.24 in chips)
Seat 6: e27f617b ($5.7 in chips)
Hero: posts small blind $0.02
c2a488dc: posts big blind $0.05
*** HOLE CARDS ***
Dealt to Hero [8h Qc]
Dealt to c2a488dc 
Dealt to 5259c9db 
Dealt to f673cedd 
Dealt to 5ac99833 
Dealt to e27f617b 
5259c9db: folds
f673cedd: folds
5ac99833: folds
e27f617b: raises $0.09 to $0.14
Hero: folds
c2a488dc: folds
Uncalled bet ($0.09) returned to e27f617b
*** SHOWDOWN ***
e27f617b collected $0.12 from pot
*** SUMMARY ***
Total pot $0.12 | Rake $0 | Jackpot $0 | Bingo $0 | Fortune $0
Seat 1: Hero (small blind) folded before Flop
Seat 2: c2a488dc (big blind) folded before Flop
Seat 3: 5259c9db folded before Flop (didn't bet)
Seat 4: f673cedd folded before Flop (didn't bet)
Seat 5: 5ac99833 folded before Flop (didn't bet)
Seat 6: e27f617b (button) collected ($0.12)


Poker Hand #HD1182905042: Hold'em No Limit  ($0.02/$0.05) - 2023/03/30 21:07:49
Table 'NLHBlue57' 6-max Seat #5 is the button
Seat 1: Hero ($5.77 in chips)
Seat 2: c2a488dc ($1.71 in chips)
Seat 3: 5259c9db ($5 in chips)
Seat 4: f673cedd ($5.14 in chips)
Seat 5: 5ac99833 ($7.24 in chips)
Seat 6: e27f617b ($5.72 in chips)
e27f617b: posts small blind $0.02
Hero: posts big blind $0.05
*** HOLE CARDS ***
Dealt to Hero [2h 3d]
Dealt to c2a488dc 
Dealt to 5259c9db 
Dealt to f673cedd 
Dealt to 5ac99833 
Dealt to e27f617b 
c2a488dc: raises $0.05 to $0.1
5259c9db: raises $0.3 to $0.4
f673cedd: folds
5ac99833: folds
e27f617b: folds
Hero: folds
c2a488dc: calls $0.3
*** FLOP *** [Qs Js 5s]
c2a488dc: bets $1.31 and is all-in
5259c9db: folds
Uncalled bet ($1.31) returned to c2a488dc
*** SHOWDOWN ***
c2a488dc collected $0.83 from pot
*** SUMMARY ***
Total pot $0.87 | Rake $0.04 | Jackpot $0 | Bingo $0 | Fortune $0
Board [Qs Js 5s]
Seat 1: Hero (big blind) folded before Flop
Seat 2: c2a488dc won ($0.83)
Seat 3: 5259c9db folded on the Flop
Seat 4: f673cedd folded before Flop (didn't bet)
Seat 5: 5ac99833 (button) folded before Flop (didn't bet)
Seat 6: e27f617b (small blind) folded before Flop


Poker Hand #HD1182905002: Hold'em No Limit  ($0.02/$0.05) - 2023/03/30 21:07:32
Table 'NLHBlue57' 6-max Seat #4 is the button
Seat 1: Hero ($5.77 in chips)
Seat 2: c2a488dc ($1.64 in chips)
Seat 3: 5259c9db ($5 in chips)
Seat 4: f673cedd ($5.14 in chips)
Seat 5: 5ac99833 ($7.26 in chips)
Seat 6: e27f617b ($5.77 in chips)
5ac99833: posts small blind $0.02
e27f617b: posts big blind $0.05
*** HOLE CARDS ***
Dealt to Hero [Kh 8d]
Dealt to c2a488dc 
Dealt to 5259c9db 
Dealt to f673cedd 
Dealt to 5ac99833 
Dealt to e27f617b 
Hero: folds
c2a488dc: raises $0.05 to $0.1
5259c9db: folds
f673cedd: folds
5ac99833: folds
e27f617b: folds
Uncalled bet ($0.05) returned to c2a488dc
*** SHOWDOWN ***
c2a488dc collected $0.12 from pot
*** SUMMARY ***
Total pot $0.12 | Rake $0 | Jackpot $0 | Bingo $0 | Fortune $0
Seat 1: Hero folded before Flop (didn't bet)
Seat 2: c2a488dc collected ($0.12)
Seat 3: 5259c9db folded before Flop (didn't bet)
Seat 4: f673cedd (button) folded before Flop (didn't bet)
Seat 5: 5ac99833 (small blind) folded before Flop
Seat 6: e27f617b (big blind) folded before Flop


Poker Hand #HD1182904884: Hold'em No Limit  ($0.02/$0.05) - 2023/03/30 21:06:40
Table 'NLHBlue57' 6-max Seat #3 is the button
Seat 1: Hero ($5.32 in chips)
Seat 2: c2a488dc ($2.06 in chips)
Seat 3: 5259c9db ($5 in chips)
Seat 4: f673cedd ($5.16 in chips)
Seat 5: 5ac99833 ($7.31 in chips)
Seat 6: e27f617b ($5.77 in chips)
f673cedd: posts small blind $0.02
5ac99833: posts big blind $0.05
*** HOLE CARDS ***
Dealt to Hero [4h 4s]
Dealt to c2a488dc 
Dealt to 5259c9db 
Dealt to f673cedd 
Dealt to 5ac99833 
Dealt to e27f617b 
e27f617b: folds
Hero: raises $0.07 to $0.12
c2a488dc: raises $0.07 to $0.19
5259c9db: folds
f673cedd: folds
5ac99833: folds
Hero: calls $0.07
*** FLOP *** [9d 2c 8s]
Hero: checks
c2a488dc: checks
*** TURN *** [9d 2c 8s] [8c]
Hero: checks
c2a488dc: checks
*** RIVER *** [9d 2c 8s 8c] [8h]
Hero: bets $0.23
c2a488dc: calls $0.23
Hero: shows [4h 4s] (Eights Full over Fours)
c2a488dc: shows [Ah Td] (Three Eights)
*** SHOWDOWN ***
Hero collected $0.87 from pot
*** SUMMARY ***
Total pot $0.91 | Rake $0.04 | Jackpot $0 | Bingo $0 | Fortune $0
Board [9d 2c 8s 8c 8h]
Seat 1: Hero showed [4h 4s] and won ($0.87) with Eights Full over Fours
Seat 2: c2a488dc showed [Ah Td] and lost with Three Eights
Seat 3: 5259c9db (button) folded before Flop (didn't bet)
Seat 4: f673cedd (small blind) folded before Flop
Seat 5: 5ac99833 (big blind) folded before Flop
Seat 6: e27f617b folded before Flop (didn't bet)


Poker Hand #HD1182904770: Hold'em No Limit  ($0.02/$0.05) - 2023/03/30 21:05:40
Table 'NLHBlue57' 6-max Seat #2 is the button
Seat 1: Hero ($5.32 in chips)
Seat 2: c2a488dc ($2.06 in chips)
Seat 3: 5259c9db ($5 in chips)
Seat 4: f673cedd ($5.21 in chips)
Seat 5: 5ac99833 ($7.31 in chips)
Seat 6: e27f617b ($5.59 in chips)
5259c9db: posts small blind $0.02
f673cedd: posts big blind $0.05
*** HOLE CARDS ***
Dealt to Hero [9s 8d]
Dealt to c2a488dc 
Dealt to 5259c9db 
Dealt to f673cedd 
Dealt to 5ac99833 
Dealt to e27f617b 
5ac99833: folds
e27f617b: raises $0.09 to $0.14
Hero: folds
c2a488dc: folds
5259c9db: calls $0.12
f673cedd: folds
*** FLOP *** [8c 4s 6c]
5259c9db: checks
e27f617b: checks
*** TURN *** [8c 4s 6c] [Kc]
5259c9db: checks
e27f617b: checks
*** RIVER *** [8c 4s 6c Kc] [Jc]
5259c9db: checks
e27f617b: bets $0.18
5259c9db: folds
Uncalled bet ($0.18) returned to e27f617b
*** SHOWDOWN ***
e27f617b collected $0.32 from pot
*** SUMMARY ***
Total pot $0.33 | Rake $0.01 | Jackpot $0 | Bingo $0 | Fortune $0
Board [8c 4s 6c Kc Jc]
Seat 1: Hero folded before Flop (didn't bet)
Seat 2: c2a488dc (button) folded before Flop (didn't bet)
Seat 3: 5259c9db (small blind) folded on the River
Seat 4: f673cedd (big blind) folded before Flop
Seat 5: 5ac99833 folded before Flop (didn't bet)
Seat 6: e27f617b won ($0.32)


Poker Hand #HD1182904615: Hold'em No Limit  ($0.02/$0.05) - 2023/03/30 21:04:36
Table 'NLHBlue57' 6-max Seat #1 is the button
Seat 1: Hero ($5.32 in chips)
Seat 2: c2a488dc ($1.43 in chips)
Seat 3: 5259c9db ($5 in chips)
Seat 4: f673cedd ($5.21 in chips)
Seat 5: 5ac99833 ($7.31 in chips)
Seat 6: e27f617b ($6.23 in chips)
c2a488dc: posts small blind $0.02
5259c9db: posts big blind $0.05
*** HOLE CARDS ***
Dealt to Hero [8s Jh]
Dealt to c2a488dc 
Dealt to 5259c9db 
Dealt to f673cedd 
Dealt to 5ac99833 
Dealt to e27f617b 
f673cedd: folds
5ac99833: folds
e27f617b: raises $0.09 to $0.14
Hero: folds
c2a488dc: calls $0.12
5259c9db: folds
*** FLOP *** [Ac 2h Jd]
c2a488dc: checks
e27f617b: bets $0.11
c2a488dc: calls $0.11
*** TURN *** [Ac 2h Jd] [4d]
c2a488dc: bets $0.19
e27f617b: calls $0.19
*** RIVER *** [Ac 2h Jd 4d] [Ts]
c2a488dc: bets $0.2
e27f617b: calls $0.2
c2a488dc: shows [9h As] (Pair of Aces)
e27f617b: shows [5h Ah] (Pair of Aces)
*** SHOWDOWN ***
c2a488dc collected $1.27 from pot
*** SUMMARY ***
Total pot $1.33 | Rake $0.06 | Jackpot $0 | Bingo $0 | Fortune $0
Board [Ac 2h Jd 4d Ts]
Seat 1: Hero (button) folded before Flop (didn't bet)
Seat 2: c2a488dc (small blind) showed [9h As] and won ($1.27) with Pair of Aces
Seat 3: 5259c9db (big blind) folded before Flop
Seat 4: f673cedd folded before Flop (didn't bet)
Seat 5: 5ac99833 folded before Flop (didn't bet)
Seat 6: e27f617b showed [5h Ah] and lost with Pair of Aces


Poker Hand #HD1182904595: Hold'em No Limit  ($0.02/$0.05) - 2023/03/30 21:04:28
Table 'NLHBlue57' 6-max Seat #6 is the button
Seat 1: Hero ($5.34 in chips)
Seat 2: c2a488dc ($1.41 in chips)
Seat 3: 5259c9db ($5 in chips)
Seat 4: f673cedd ($5.21 in chips)
Seat 5: 5ac99833 ($7.31 in chips)
Seat 6: e27f617b ($6.23 in chips)
Hero: posts small blind $0.02
c2a488dc: posts big blind $0.05
*** HOLE CARDS ***
Dealt to Hero [Jd 4c]
Dealt to c2a488dc 
Dealt to 5259c9db 
Dealt to f673cedd 
Dealt to 5ac99833 
Dealt to e27f617b 
5259c9db: folds
f673cedd: folds
5ac99833: folds
e27f617b: folds
Hero: folds
Uncalled bet ($0.03) returned to c2a488dc
*** SHOWDOWN ***
c2a488dc collected $0.04 from pot
*** SUMMARY ***
Total pot $0.04 | Rake $0 | Jackpot $0 | Bingo $0 | Fortune $0
Seat 1: Hero (small blind) folded before Flop
Seat 2: c2a488dc (big blind) collected ($0.04)
Seat 3: 5259c9db folded before Flop (didn't bet)
Seat 4: f673cedd folded before Flop (didn't bet)
Seat 5: 5ac99833 folded before Flop (didn't bet)
Seat 6: e27f617b (button) folded before Flop (didn't bet)


Poker Hand #HD1182904494: Hold'em No Limit  ($0.02/$0.05) - 2023/03/30 21:03:43
Table 'NLHBlue57' 6-max Seat #5 is the button
Seat 1: Hero ($5.48 in chips)
Seat 2: c2a488dc ($1.41 in chips)
Seat 3: 5259c9db ($5 in chips)
Seat 4: f673cedd ($5.21 in chips)
Seat 5: 5ac99833 ($7.31 in chips)
Seat 6: e27f617b ($6.1 in chips)
e27f617b: posts small blind $0.02
Hero: posts big blind $0.05
*** HOLE CARDS ***
Dealt to Hero [Ks Th]
Dealt to c2a488dc 
Dealt to 5259c9db 
Dealt to f673cedd 
Dealt to 5ac99833 
Dealt to e27f617b 
c2a488dc: folds
5259c9db: folds
f673cedd: folds
5ac99833: folds
e27f617b: raises $0.09 to $0.14
Hero: calls $0.09
*** FLOP *** [5d 8d 8h]
e27f617b: checks
Hero: checks
*** TURN *** [5d 8d 8h] [Qc]
e27f617b: bets $0.21
Hero: folds
Uncalled bet ($0.21) returned to e27f617b
*** SHOWDOWN ***
e27f617b collected $0.27 from pot
*** SUMMARY ***
Total pot $0.28 | Rake $0.01 | Jackpot $0 | Bingo $0 | Fortune $0
Board [5d 8d 8h Qc]
Seat 1: Hero (big blind) folded on the Turn
Seat 2: c2a488dc folded before Flop (didn't bet)
Seat 3: 5259c9db folded before Flop (didn't bet)
Seat 4: f673cedd folded before Flop (didn't bet)
Seat 5: 5ac99833 (button) folded before Flop (didn't bet)
Seat 6: e27f617b (small blind) won ($0.27)


Poker Hand #HD1182904417: Hold'em No Limit  ($0.02/$0.05) - 2023/03/30 21:03:11
Table 'NLHBlue57' 6-max Seat #4 is the button
Seat 1: Hero ($5.41 in chips)
Seat 2: c2a488dc ($1.41 in chips)
Seat 3: 5259c9db ($5 in chips)
Seat 4: f673cedd ($5.21 in chips)
Seat 5: 5ac99833 ($7.33 in chips)
Seat 6: e27f617b ($6.15 in chips)
5ac99833: posts small blind $0.02
e27f617b: posts big blind $0.05
*** HOLE CARDS ***
Dealt to Hero [Ah Qh]
Dealt to c2a488dc 
Dealt to 5259c9db 
Dealt to f673cedd 
Dealt to 5ac99833 
Dealt to e27f617b 
Hero: raises $0.07 to $0.12
c2a488dc: folds
5259c9db: folds
f673cedd: folds
5ac99833: folds
e27f617b: folds
Uncalled bet ($0.07) returned to Hero
*** SHOWDOWN ***
Hero collected $0.12 from pot
*** SUMMARY ***
Total pot $0.12 | Rake $0 | Jackpot $0 | Bingo $0 | Fortune $0
Seat 1: Hero collected ($0.12)
Seat 2: c2a488dc folded before Flop (didn't bet)
Seat 3: 5259c9db folded before Flop (didn't bet)
Seat 4: f673cedd (button) folded before Flop (didn't bet)
Seat 5: 5ac99833 (small blind) folded before Flop
Seat 6: e27f617b (big blind) folded before Flop


Poker Hand #HD1182904379: Hold'em No Limit  ($0.02/$0.05) - 2023/03/30 21:02:54
Table 'NLHBlue57' 6-max Seat #3 is the button
Seat 1: Hero ($5.34 in chips)
Seat 2: c2a488dc ($1.41 in chips)
Seat 3: 5259c9db ($5 in chips)
Seat 4: f673cedd ($5.23 in chips)
Seat 5: 5ac99833 ($7.38 in chips)
Seat 6: e27f617b ($6.15 in chips)
f673cedd: posts small blind $0.02
5ac99833: posts big blind $0.05
*** HOLE CARDS ***
Dealt to Hero [Ad 7d]
Dealt to c2a488dc 
Dealt to 5259c9db 
Dealt to f673cedd 
Dealt to 5ac99833 
Dealt to e27f617b 
e27f617b: folds
Hero: raises $0.07 to $0.12
c2a488dc: folds
5259c9db: folds
f673cedd: folds
5ac99833: folds
Uncalled bet ($0.07) returned to Hero
*** SHOWDOWN ***
Hero collected $0.12 from pot
*** SUMMARY ***
Total pot $0.12 | Rake $0 | Jackpot $0 | Bingo $0 | Fortune $0
Seat 1: Hero collected ($0.12)
Seat 2: c2a488dc folded before Flop (didn't bet)
Seat 3: 5259c9db (button) folded before Flop (didn't bet)
Seat 4: f673cedd (small blind) folded before Flop
Seat 5: 5ac99833 (big blind) folded before Flop
Seat 6: e27f617b folded before Flop (didn't bet)


Poker Hand #HD1182904338: Hold'em No Limit  ($0.02/$0.05) - 2023/03/30 21:02:35
Table 'NLHBlue57' 6-max Seat #2 is the button
Seat 1: Hero ($5.34 in chips)
Seat 2: c2a488dc ($1.41 in chips)
Seat 3: 5259c9db ($5 in chips)
Seat 4: f673cedd ($5.21 in chips)
Seat 5: 5ac99833 ($7.38 in chips)
Seat 6: e27f617b ($6.15 in chips)
5259c9db: posts small blind $0.02
f673cedd: posts big blind $0.05
*** HOLE CARDS ***
Dealt to Hero [9d 3d]
Dealt to c2a488dc 
Dealt to 5259c9db 
Dealt to f673cedd 
Dealt to 5ac99833 
Dealt to e27f617b 
5ac99833: folds
e27f617b: folds
Hero: folds
c2a488dc: folds
5259c9db: folds
Uncalled bet ($0.03) returned to f673cedd
*** SHOWDOWN ***
f673cedd collected $0.04 from pot
*** SUMMARY ***
Total pot $0.04 | Rake $0 | Jackpot $0 | Bingo $0 | Fortune $0
Seat 1: Hero folded before Flop (didn't bet)
Seat 2: c2a488dc (button) folded before Flop (didn't bet)
Seat 3: 5259c9db (small blind) folded before Flop
Seat 4: f673cedd (big blind) collected ($0.04)
Seat 5: 5ac99833 folded before Flop (didn't bet)
Seat 6: e27f617b folded before Flop (didn't bet)


Poker Hand #HD1182904281: Hold'em No Limit  ($0.02/$0.05) - 2023/03/30 21:02:16
Table 'NLHBlue57' 6-max Seat #1 is the button
Seat 1: Hero ($5.34 in chips)
Seat 2: c2a488dc ($1.43 in chips)
Seat 3: 5259c9db ($5 in chips)
Seat 4: f673cedd ($5.21 in chips)
Seat 5: 5ac99833 ($7.31 in chips)
Seat 6: e27f617b ($6.15 in chips)
c2a488dc: posts small blind $0.02
5259c9db: posts big blind $0.05
*** HOLE CARDS ***
Dealt to Hero [7d Kc]
Dealt to c2a488dc 
Dealt to 5259c9db 
Dealt to f673cedd 
Dealt to 5ac99833 
Dealt to e27f617b 
f673cedd: folds
5ac99833: raises $0.08 to $0.13
e27f617b: folds
Hero: folds
c2a488dc: folds
5259c9db: folds
Uncalled bet ($0.08) returned to 5ac99833
*** SHOWDOWN ***
5ac99833 collected $0.12 from pot
*** SUMMARY ***
Total pot $0.12 | Rake $0 | Jackpot $0 | Bingo $0 | Fortune $0
Seat 1: Hero (button) folded before Flop (didn't bet)
Seat 2: c2a488dc (small blind) folded before Flop
Seat 3: 5259c9db (big blind) folded before Flop
Seat 4: f673cedd folded before Flop (didn't bet)
Seat 5: 5ac99833 collected ($0.12)
Seat 6: e27f617b folded before Flop (didn't bet)


Poker Hand #HD1182904182: Hold'em No Limit  ($0.02/$0.05) - 2023/03/30 21:01:36
Table 'NLHBlue57' 6-max Seat #6 is the button
Seat 1: Hero ($5.36 in chips)
Seat 2: c2a488dc ($1.48 in chips)
Seat 4: f673cedd ($5.21 in chips)
Seat 5: 5ac99833 ($7.31 in chips)
Seat 6: e27f617b ($6.08 in chips)
Hero: posts small blind $0.02
c2a488dc: posts big blind $0.05
*** HOLE CARDS ***
Dealt to Hero [7c Ac]
Dealt to c2a488dc 
Dealt to f673cedd 
Dealt to 5ac99833 
Dealt to e27f617b 
f673cedd: folds
5ac99833: folds
e27f617b: raises $0.09 to $0.14
Hero: folds
c2a488dc: folds
Uncalled bet ($0.09) returned to e27f617b
*** SHOWDOWN ***
e27f617b collected $0.12 from pot
*** SUMMARY ***
Total pot $0.12 | Rake $0 | Jackpot $0 | Bingo $0 | Fortune $0
Seat 1: Hero (small blind) folded before Flop
Seat 2: c2a488dc (big blind) folded before Flop
Seat 4: f673cedd folded before Flop (didn't bet)
Seat 5: 5ac99833 folded before Flop (didn't bet)
Seat 6: e27f617b (button) collected ($0.12)


Poker Hand #HD1182904100: Hold'em No Limit  ($0.02/$0.05) - 2023/03/30 21:00:51
Table 'NLHBlue57' 6-max Seat #5 is the button
Seat 1: Hero ($5.41 in chips)
Seat 2: c2a488dc ($1.48 in chips)
Seat 4: f673cedd ($5.21 in chips)
Seat 5: 5ac99833 ($7.42 in chips)
Seat 6: e27f617b ($5.93 in chips)
e27f617b: posts small blind $0.02
Hero: posts big blind $0.05
*** HOLE CARDS ***
Dealt to Hero [Qd 8d]
Dealt to c2a488dc 
Dealt to f673cedd 
Dealt to 5ac99833 
Dealt to e27f617b 
c2a488dc: folds
f673cedd: folds
5ac99833: raises $0.06 to $0.11
e27f617b: raises $0.37 to $0.48
Hero: folds
5ac99833: folds
Uncalled bet ($0.37) returned to e27f617b
*** SHOWDOWN ***
e27f617b collected $0.26 from pot
*** SUMMARY ***
Total pot $0.27 | Rake $0.01 | Jackpot $0 | Bingo $0 | Fortune $0
Seat 1: Hero (big blind) folded before Flop
Seat 2: c2a488dc folded before Flop (didn't bet)
Seat 4: f673cedd folded before Flop (didn't bet)
Seat 5: 5ac99833 (button) folded before Flop
Seat 6: e27f617b (small blind) collected ($0.26)


Poker Hand #HD1182904007: Hold'em No Limit  ($0.02/$0.05) - 2023/03/30 21:00:11
Table 'NLHBlue57' 6-max Seat #4 is the button
Seat 1: Hero ($5.41 in chips)
Seat 2: c2a488dc ($1.48 in chips)
Seat 4: f673cedd ($5.05 in chips)
Seat 5: 5ac99833 ($7.44 in chips)
Seat 6: e27f617b ($6.08 in chips)
5ac99833: posts small blind $0.02
e27f617b: posts big blind $0.05
*** HOLE CARDS ***
Dealt to Hero [3s Jh]
Dealt to c2a488dc 
Dealt to f673cedd 
Dealt to 5ac99833 
Dealt to e27f617b 
Hero: folds
c2a488dc: folds
f673cedd: raises $0.1 to $0.15
5ac99833: folds
e27f617b: calls $0.1
*** FLOP *** [2s 3d 4h]
e27f617b: checks
f673cedd: bets $0.16
e27f617b: folds
Uncalled bet ($0.16) returned to f673cedd
*** SHOWDOWN ***
f673cedd collected $0.31 from pot
*** SUMMARY ***
Total pot $0.32 | Rake $0.01 | Jackpot $0 | Bingo $0 | Fortune $0
Board [2s 3d 4h]
Seat 1: Hero folded before Flop (didn't bet)
Seat 2: c2a488dc folded before Flop (didn't bet)
Seat 4: f673cedd (button) won ($0.31)
Seat 5: 5ac99833 (small blind) folded before Flop
Seat 6: e27f617b (big blind) folded on the Flop


Poker Hand #HD1182903962: Hold'em No Limit  ($0.02/$0.05) - 2023/03/30 20:59:49
Table 'NLHBlue57' 6-max Seat #2 is the button
Seat 1: Hero ($5.41 in chips)
Seat 2: c2a488dc ($1.41 in chips)
Seat 4: f673cedd ($5.07 in chips)
Seat 5: 5ac99833 ($7.49 in chips)
Seat 6: e27f617b ($6.08 in chips)
f673cedd: posts small blind $0.02
5ac99833: posts big blind $0.05
*** HOLE CARDS ***
Dealt to Hero [As 4c]
Dealt to c2a488dc 
Dealt to f673cedd 
Dealt to 5ac99833 
Dealt to e27f617b 
e27f617b: folds
Hero: folds
c2a488dc: raises $0.1 to $0.15
f673cedd: folds
5ac99833: folds
Uncalled bet ($0.1) returned to c2a488dc
*** SHOWDOWN ***
c2a488dc collected $0.12 from pot
*** SUMMARY ***
Total pot $0.12 | Rake $0 | Jackpot $0 | Bingo $0 | Fortune $0
Seat 1: Hero folded before Flop (didn't bet)
Seat 2: c2a488dc (button) collected ($0.12)
Seat 4: f673cedd (small blind) folded before Flop
Seat 5: 5ac99833 (big blind) folded before Flop
Seat 6: e27f617b folded before Flop (didn't bet)


Poker Hand #HD1182903918: Hold'em No Limit  ($0.02/$0.05) - 2023/03/30 20:59:28
Table 'NLHBlue57' 6-max Seat #1 is the button
Seat 1: Hero ($5.41 in chips)
Seat 2: c2a488dc ($1.43 in chips)
Seat 3: 9dce3056 ($5.14 in chips)
Seat 4: f673cedd ($5 in chips)
Seat 5: 5ac99833 ($7.49 in chips)
Seat 6: e27f617b ($6.08 in chips)
c2a488dc: posts small blind $0.02
9dce3056: posts big blind $0.05
*** HOLE CARDS ***
Dealt to Hero [3c Qd]
Dealt to c2a488dc 
Dealt to 9dce3056 
Dealt to f673cedd 
Dealt to 5ac99833 
Dealt to e27f617b 
f673cedd: raises $0.1 to $0.15
5ac99833: folds
e27f617b: folds
Hero: folds
c2a488dc: folds
9dce3056: folds
Uncalled bet ($0.1) returned to f673cedd
*** SHOWDOWN ***
f673cedd collected $0.12 from pot
*** SUMMARY ***
Total pot $0.12 | Rake $0 | Jackpot $0 | Bingo $0 | Fortune $0
Seat 1: Hero (button) folded before Flop (didn't bet)
Seat 2: c2a488dc (small blind) folded before Flop
Seat 3: 9dce3056 (big blind) folded before Flop
Seat 4: f673cedd collected ($0.12)
Seat 5: 5ac99833 folded before Flop (didn't bet)
Seat 6: e27f617b folded before Flop (didn't bet)


Poker Hand #HD1182903873: Hold'em No Limit  ($0.02/$0.05) - 2023/03/30 20:59:07
Table 'NLHBlue57' 6-max Seat #6 is the button
Seat 1: Hero ($5.36 in chips)
Seat 2: c2a488dc ($1.48 in chips)
Seat 3: 9dce3056 ($5.14 in chips)
Seat 4: f673cedd ($5 in chips)
Seat 5: 5ac99833 ($7.49 in chips)
Seat 6: e27f617b ($6.08 in chips)
Hero: posts small blind $0.02
c2a488dc: posts big blind $0.05
*** HOLE CARDS ***
Dealt to Hero [Ad Kd]
Dealt to c2a488dc 
Dealt to 9dce3056 
Dealt to f673cedd 
Dealt to 5ac99833 
Dealt to e27f617b 
9dce3056: folds
f673cedd: folds
5ac99833: folds
e27f617b: folds
Hero: raises $0.09 to $0.14
c2a488dc: folds
Uncalled bet ($0.09) returned to Hero
*** SHOWDOWN ***
Hero collected $0.1 from pot
*** SUMMARY ***
Total pot $0.1 | Rake $0 | Jackpot $0 | Bingo $0 | Fortune $0
Seat 1: Hero (small blind) collected ($0.1)
Seat 2: c2a488dc (big blind) folded before Flop
Seat 3: 9dce3056 folded before Flop (didn't bet)
Seat 4: f673cedd folded before Flop (didn't bet)
Seat 5: 5ac99833 folded before Flop (didn't bet)
Seat 6: e27f617b (button) folded before Flop (didn't bet)


Poker Hand #HD1182903841: Hold'em No Limit  ($0.02/$0.05) - 2023/03/30 20:58:54
Table 'NLHBlue57' 6-max Seat #5 is the button
Seat 1: Hero ($5.41 in chips)
Seat 2: c2a488dc ($1.48 in chips)
Seat 3: 9dce3056 ($5.14 in chips)
Seat 4: f673cedd ($5 in chips)
Seat 5: 5ac99833 ($7.49 in chips)
Seat 6: e27f617b ($6.03 in chips)
e27f617b: posts small blind $0.02
Hero: posts big blind $0.05
*** HOLE CARDS ***
Dealt to Hero [5h Qd]
Dealt to c2a488dc 
Dealt to 9dce3056 
Dealt to f673cedd 
Dealt to 5ac99833 
Dealt to e27f617b 
c2a488dc: folds
9dce3056: folds
f673cedd: folds
5ac99833: folds
e27f617b: raises $0.09 to $0.14
Hero: folds
Uncalled bet ($0.09) returned to e27f617b
*** SHOWDOWN ***
e27f617b collected $0.1 from pot
*** SUMMARY ***
Total pot $0.1 | Rake $0 | Jackpot $0 | Bingo $0 | Fortune $0
Seat 1: Hero (big blind) folded before Flop
Seat 2: c2a488dc folded before Flop (didn't bet)
Seat 3: 9dce3056 folded before Flop (didn't bet)
Seat 4: f673cedd folded before Flop (didn't bet)
Seat 5: 5ac99833 (button) folded before Flop (didn't bet)
Seat 6: e27f617b (small blind) collected ($0.1)


Poker Hand #HD1182903728: Hold'em No Limit  ($0.02/$0.05) - 2023/03/30 20:58:00
Table 'NLHBlue57' 6-max Seat #4 is the button
Seat 1: Hero ($5.53 in chips)
Seat 2: c2a488dc ($1.23 in chips)
Seat 3: 9dce3056 ($5.14 in chips)
Seat 4: f673cedd ($5 in chips)
Seat 5: 5ac99833 ($7.51 in chips)
Seat 6: e27f617b ($6.15 in chips)
5ac99833: posts small blind $0.02
e27f617b: posts big blind $0.05
*** HOLE CARDS ***
Dealt to Hero [Ks Ts]
Dealt to c2a488dc 
Dealt to 9dce3056 
Dealt to f673cedd 
Dealt to 5ac99833 
Dealt to e27f617b 
Hero: raises $0.07 to $0.12
c2a488dc: calls $0.12
9dce3056: folds
f673cedd: folds
5ac99833: folds
e27f617b: calls $0.07
*** FLOP *** [Jd 8h 4h]
e27f617b: checks
Hero: checks
c2a488dc: bets $0.19
e27f617b: folds
Hero: folds
Uncalled bet ($0.19) returned to c2a488dc
*** SHOWDOWN ***
c2a488dc collected $0.37 from pot
*** SUMMARY ***
Total pot $0.38 | Rake $0.01 | Jackpot $0 | Bingo $0 | Fortune $0
Board [Jd 8h 4h]
Seat 1: Hero folded on the Flop
Seat 2: c2a488dc won ($0.37)
Seat 3: 9dce3056 folded before Flop (didn't bet)
Seat 4: f673cedd (button) folded before Flop (didn't bet)
Seat 5: 5ac99833 (small blind) folded before Flop
Seat 6: e27f617b (big blind) folded on the Flop


Poker Hand #HD1182903657: Hold'em No Limit  ($0.02/$0.05) - 2023/03/30 20:57:28
Table 'NLHBlue57' 6-max Seat #3 is the button
Seat 1: Hero ($5.53 in chips)
Seat 2: c2a488dc ($1.07 in chips)
Seat 3: 9dce3056 ($5.14 in chips)
Seat 4: f673cedd ($5 in chips)
Seat 5: 5ac99833 ($7.66 in chips)
Seat 6: e27f617b ($6.15 in chips)
f673cedd: posts small blind $0.02
5ac99833: posts big blind $0.05
*** HOLE CARDS ***
Dealt to Hero [Kh 3d]
Dealt to c2a488dc 
Dealt to 9dce3056 
Dealt to f673cedd 
Dealt to 5ac99833 
Dealt to e27f617b 
e27f617b: folds
Hero: folds
c2a488dc: raises $0.1 to $0.15
9dce3056: folds
f673cedd: folds
5ac99833: calls $0.1
*** FLOP *** [7s 5s 9c]
5ac99833: checks
c2a488dc: bets $0.24
5ac99833: folds
Uncalled bet ($0.24) returned to c2a488dc
*** SHOWDOWN ***
c2a488dc collected $0.31 from pot
*** SUMMARY ***
Total pot $0.32 | Rake $0.01 | Jackpot $0 | Bingo $0 | Fortune $0
Board [7s 5s 9c]
Seat 1: Hero folded before Flop (didn't bet)
Seat 2: c2a488dc won ($0.31)
Seat 3: 9dce3056 (button) folded before Flop (didn't bet)
Seat 4: f673cedd (small blind) folded before Flop
Seat 5: 5ac99833 (big blind) folded on the Flop
Seat 6: e27f617b folded before Flop (didn't bet)


Poker Hand #HD1182903598: Hold'em No Limit  ($0.02/$0.05) - 2023/03/30 20:56:58
Table 'NLHBlue57' 6-max Seat #2 is the button
Seat 1: Hero ($5.53 in chips)
Seat 2: c2a488dc ($1.17 in chips)
Seat 3: 9dce3056 ($5 in chips)
Seat 4: f673cedd ($5 in chips)
Seat 5: 5ac99833 ($7.66 in chips)
Seat 6: e27f617b ($6.15 in chips)
9dce3056: posts small blind $0.02
f673cedd: posts big blind $0.05
*** HOLE CARDS ***
Dealt to Hero [Qs Th]
Dealt to c2a488dc 
Dealt to 9dce3056 
Dealt to f673cedd 
Dealt to 5ac99833 
Dealt to e27f617b 
5ac99833: folds
e27f617b: folds
Hero: folds
c2a488dc: raises $0.05 to $0.1
9dce3056: raises $0.3 to $0.4
f673cedd: folds
c2a488dc: folds
Uncalled bet ($0.3) returned to 9dce3056
*** SHOWDOWN ***
9dce3056 collected $0.24 from pot
*** SUMMARY ***
Total pot $0.25 | Rake $0.01 | Jackpot $0 | Bingo $0 | Fortune $0
Seat 1: Hero folded before Flop (didn't bet)
Seat 2: c2a488dc (button) folded before Flop
Seat 3: 9dce3056 (small blind) collected ($0.24)
Seat 4: f673cedd (big blind) folded before Flop
Seat 5: 5ac99833 folded before Flop (didn't bet)
Seat 6: e27f617b folded before Flop (didn't bet)


Poker Hand #HD1182903532: Hold'em No Limit  ($0.02/$0.05) - 2023/03/30 20:56:31
Table 'NLHBlue57' 6-max Seat #1 is the button
Seat 1: Hero ($5.53 in chips)
Seat 2: c2a488dc ($1.08 in chips)
Seat 3: 9dce3056 ($5 in chips)
Seat 4: f673cedd ($5 in chips)
Seat 5: 5ac99833 ($7.66 in chips)
Seat 6: e27f617b ($6.15 in chips)
c2a488dc: posts small blind $0.02
9dce3056: posts big blind $0.05
*** HOLE CARDS ***
Dealt to Hero [7c Qd]
Dealt to c2a488dc 
Dealt to 9dce3056 
Dealt to f673cedd 
Dealt to 5ac99833 
Dealt to e27f617b 
f673cedd: folds
5ac99833: folds
e27f617b: folds
Hero: folds
c2a488dc: raises $0.05 to $0.1
9dce3056: calls $0.05
*** FLOP *** [4c 5c Ts]
c2a488dc: bets $0.1
9dce3056: folds
Uncalled bet ($0.1) returned to c2a488dc
*** SHOWDOWN ***
c2a488dc collected $0.19 from pot
*** SUMMARY ***
Total pot $0.2 | Rake $0.01 | Jackpot $0 | Bingo $0 | Fortune $0
Board [4c 5c Ts]
Seat 1: Hero (button) folded before Flop (didn't bet)
Seat 2: c2a488dc (small blind) won ($0.19)
Seat 3: 9dce3056 (big blind) folded on the Flop
Seat 4: f673cedd folded before Flop (didn't bet)
Seat 5: 5ac99833 folded before Flop (didn't bet)
Seat 6: e27f617b folded before Flop (didn't bet)


Poker Hand #HD1182903506: Hold'em No Limit  ($0.02/$0.05) - 2023/03/30 20:56:21
Table 'NLHBlue57' 6-max Seat #6 is the button
Seat 1: Hero ($5.55 in chips)
Seat 2: c2a488dc ($1.06 in chips)
Seat 3: 9dce3056 ($5 in chips)
Seat 4: f673cedd ($5 in chips)
Seat 5: 5ac99833 ($7.66 in chips)
Seat 6: e27f617b ($6.15 in chips)
Hero: posts small blind $0.02
c2a488dc: posts big blind $0.05
*** HOLE CARDS ***
Dealt to Hero [5h 9h]
Dealt to c2a488dc 
Dealt to 9dce3056 
Dealt to f673cedd 
Dealt to 5ac99833 
Dealt to e27f617b 
9dce3056: folds
f673cedd: folds
5ac99833: folds
e27f617b: folds
Hero: folds
Uncalled bet ($0.03) returned to c2a488dc
*** SHOWDOWN ***
c2a488dc collected $0.04 from pot
*** SUMMARY ***
Total pot $0.04 | Rake $0 | Jackpot $0 | Bingo $0 | Fortune $0
Seat 1: Hero (small blind) folded before Flop
Seat 2: c2a488dc (big blind) collected ($0.04)
Seat 3: 9dce3056 folded before Flop (didn't bet)
Seat 4: f673cedd folded before Flop (didn't bet)
Seat 5: 5ac99833 folded before Flop (didn't bet)
Seat 6: e27f617b (button) folded before Flop (didn't bet)


Poker Hand #HD1182903395: Hold'em No Limit  ($0.02/$0.05) - 2023/03/30 20:55:31
Table 'NLHBlue57' 6-max Seat #5 is the button
Seat 1: Hero ($5.24 in chips)
Seat 2: c2a488dc ($1.06 in chips)
Seat 3: 9dce3056 ($5 in chips)
Seat 4: f673cedd ($5 in chips)
Seat 5: 5ac99833 ($7.66 in chips)
Seat 6: e27f617b ($6.49 in chips)
e27f617b: posts small blind $0.02
Hero: posts big blind $0.05
*** HOLE CARDS ***
Dealt to Hero [As Ks]
Dealt to c2a488dc 
Dealt to 9dce3056 
Dealt to f673cedd 
Dealt to 5ac99833 
Dealt to e27f617b 
c2a488dc: folds
9dce3056: folds
f673cedd: folds
5ac99833: folds
e27f617b: calls $0.03
Hero: raises $0.15 to $0.2
e27f617b: calls $0.15
*** FLOP *** [6s 3s 9s]
e27f617b: checks
Hero: checks
*** TURN *** [6s 3s 9s] [Ts]
e27f617b: bets $0.14
Hero: calls $0.14
*** RIVER *** [6s 3s 9s Ts] [Js]
e27f617b: checks
Hero: bets $1.02
e27f617b: folds
Uncalled bet ($1.02) returned to Hero
*** SHOWDOWN ***
Hero collected $0.65 from pot
*** SUMMARY ***
Total pot $0.68 | Rake $0.03 | Jackpot $0 | Bingo $0 | Fortune $0
Board [6s 3s 9s Ts Js]
Seat 1: Hero (big blind) won ($0.65)
Seat 2: c2a488dc folded before Flop (didn't bet)
Seat 3: 9dce3056 folded before Flop (didn't bet)
Seat 4: f673cedd folded before Flop (didn't bet)
Seat 5: 5ac99833 (button) folded before Flop (didn't bet)
Seat 6: e27f617b (small blind) folded on the River


Poker Hand #HD1182903315: Hold'em No Limit  ($0.02/$0.05) - 2023/03/30 20:54:53
Table 'NLHBlue57' 6-max Seat #4 is the button
Seat 1: Hero ($5.24 in chips)
Seat 2: c2a488dc ($1.06 in chips)
Seat 3: 9dce3056 ($5.29 in chips)
Seat 4: f673cedd ($5 in chips)
Seat 5: 5ac99833 ($7.68 in chips)
Seat 6: e27f617b ($5.96 in chips)
5ac99833: posts small blind $0.02
e27f617b: posts big blind $0.05
*** HOLE CARDS ***
Dealt to Hero [Qc 3c]
Dealt to c2a488dc 
Dealt to 9dce3056 
Dealt to f673cedd 
Dealt to 5ac99833 
Dealt to e27f617b 
Hero: folds
c2a488dc: folds
9dce3056: raises $0.08 to $0.13
f673cedd: folds
5ac99833: folds
e27f617b: raises $0.43 to $0.56
9dce3056: calls $0.43
*** FLOP *** [4c Qs 8d]
e27f617b: bets $0.57
9dce3056: folds
Uncalled bet ($0.57) returned to e27f617b
*** SHOWDOWN ***
e27f617b collected $1.09 from pot
*** SUMMARY ***
Total pot $1.14 | Rake $0.05 | Jackpot $0 | Bingo $0 | Fortune $0
Board [4c Qs 8d]
Seat 1: Hero folded before Flop (didn't bet)
Seat 2: c2a488dc folded before Flop (didn't bet)
Seat 3: 9dce3056 folded on the Flop
Seat 4: f673cedd (button) folded before Flop (didn't bet)
Seat 5: 5ac99833 (small blind) folded before Flop
Seat 6: e27f617b (big blind) won ($1.09)


Poker Hand #HD1182903277: Hold'em No Limit  ($0.02/$0.05) - 2023/03/30 20:54:38
Table 'NLHBlue57' 6-max Seat #3 is the button
Seat 1: Hero ($5.24 in chips)
Seat 2: c2a488dc ($1.06 in chips)
Seat 3: 9dce3056 ($5.22 in chips)
Seat 4: f673cedd ($5 in chips)
Seat 5: 5ac99833 ($7.73 in chips)
Seat 6: e27f617b ($5.96 in chips)
f673cedd: posts small blind $0.02
5ac99833: posts big blind $0.05
*** HOLE CARDS ***
Dealt to Hero [2c Jd]
Dealt to c2a488dc 
Dealt to 9dce3056 
Dealt to f673cedd 
Dealt to 5ac99833 
Dealt to e27f617b 
e27f617b: folds
Hero: folds
c2a488dc: folds
9dce3056: raises $0.1 to $0.15
f673cedd: folds
5ac99833: folds
Uncalled bet ($0.1) returned to 9dce3056
*** SHOWDOWN ***
9dce3056 collected $0.12 from pot
*** SUMMARY ***
Total pot $0.12 | Rake $0 | Jackpot $0 | Bingo $0 | Fortune $0
Seat 1: Hero folded before Flop (didn't bet)
Seat 2: c2a488dc folded before Flop (didn't bet)
Seat 3: 9dce3056 (button) collected ($0.12)
Seat 4: f673cedd (small blind) folded before Flop
Seat 5: 5ac99833 (big blind) folded before Flop
Seat 6: e27f617b folded before Flop (didn't bet)


Poker Hand #HD1182903183: Hold'em No Limit  ($0.02/$0.05) - 2023/03/30 20:53:51
Table 'NLHBlue57' 6-max Seat #2 is the button
Seat 1: Hero ($5.24 in chips)
Seat 2: c2a488dc ($0.85 in chips)
Seat 3: 9dce3056 ($5.24 in chips)
Seat 4: f673cedd ($5 in chips)
Seat 5: 5ac99833 ($7.88 in chips)
Seat 6: e27f617b ($5.96 in chips)
9dce3056: posts small blind $0.02
f673cedd: posts big blind $0.05
*** HOLE CARDS ***
Dealt to Hero [9h Kh]
Dealt to c2a488dc 
Dealt to 9dce3056 
Dealt to f673cedd 
Dealt to 5ac99833 
Dealt to e27f617b 
5ac99833: raises $0.1 to $0.15
e27f617b: folds
Hero: folds
c2a488dc: calls $0.15
9dce3056: folds
f673cedd: folds
*** FLOP *** [9s 6c 7s]
5ac99833: checks
c2a488dc: checks
*** TURN *** [9s 6c 7s] [6d]
5ac99833: checks
c2a488dc: bets $0.15
5ac99833: folds
Uncalled bet ($0.15) returned to c2a488dc
*** SHOWDOWN ***
c2a488dc collected $0.36 from pot
*** SUMMARY ***
Total pot $0.37 | Rake $0.01 | Jackpot $0 | Bingo $0 | Fortune $0
Board [9s 6c 7s 6d]
Seat 1: Hero folded before Flop (didn't bet)
Seat 2: c2a488dc (button) won ($0.36)
Seat 3: 9dce3056 (small blind) folded before Flop
Seat 4: f673cedd (big blind) folded before Flop
Seat 5: 5ac99833 folded on the Turn
Seat 6: e27f617b folded before Flop (didn't bet)


Poker Hand #HD1182903163: Hold'em No Limit  ($0.02/$0.05) - 2023/03/30 20:53:42
Table 'NLHBlue57' 6-max Seat #1 is the button
Seat 1: Hero ($5.24 in chips)
Seat 2: c2a488dc ($0.87 in chips)
Seat 3: 9dce3056 ($5.22 in chips)
Seat 4: f673cedd ($5 in chips)
Seat 5: 5ac99833 ($7.88 in chips)
Seat 6: e27f617b ($5.96 in chips)
c2a488dc: posts small blind $0.02
9dce3056: posts big blind $0.05
*** HOLE CARDS ***
Dealt to Hero [4s Th]
Dealt to c2a488dc 
Dealt to 9dce3056 
Dealt to f673cedd 
Dealt to 5ac99833 
Dealt to e27f617b 
f673cedd: folds
5ac99833: folds
e27f617b: folds
Hero: folds
c2a488dc: folds
Uncalled bet ($0.03) returned to 9dce3056
*** SHOWDOWN ***
9dce3056 collected $0.04 from pot
*** SUMMARY ***
Total pot $0.04 | Rake $0 | Jackpot $0 | Bingo $0 | Fortune $0
Seat 1: Hero (button) folded before Flop (didn't bet)
Seat 2: c2a488dc (small blind) folded before Flop
Seat 3: 9dce3056 (big blind) collected ($0.04)
Seat 4: f673cedd folded before Flop (didn't bet)
Seat 5: 5ac99833 folded before Flop (didn't bet)
Seat 6: e27f617b folded before Flop (didn't bet)


Poker Hand #HD1182903026: Hold'em No Limit  ($0.02/$0.05) - 2023/03/30 20:52:34
Table 'NLHBlue57' 6-max Seat #6 is the button
Seat 1: Hero ($5.26 in chips)
Seat 2: c2a488dc ($1 in chips)
Seat 3: 9dce3056 ($5.22 in chips)
Seat 4: f673cedd ($5 in chips)
Seat 5: 5ac99833 ($8.5 in chips)
Seat 6: e27f617b ($5.26 in chips)
Hero: posts small blind $0.02
c2a488dc: posts big blind $0.05
*** HOLE CARDS ***
Dealt to Hero [8c Qd]
Dealt to c2a488dc 
Dealt to 9dce3056 
Dealt to f673cedd 
Dealt to 5ac99833 
Dealt to e27f617b 
9dce3056: folds
f673cedd: folds
5ac99833: raises $0.08 to $0.13
e27f617b: calls $0.13
Hero: folds
c2a488dc: calls $0.08
*** FLOP *** [Tc 6h 3h]
c2a488dc: checks
5ac99833: checks
e27f617b: bets $0.21
c2a488dc: folds
5ac99833: calls $0.21
*** TURN *** [Tc 6h 3h] [4h]
5ac99833: checks
e27f617b: bets $0.28
5ac99833: calls $0.28
*** RIVER *** [Tc 6h 3h 4h] [Ts]
5ac99833: checks
e27f617b: checks
5ac99833: shows [Kh As] (Pair of Tens)
e27f617b: shows [Js Th] (Three Tens)
*** SHOWDOWN ***
e27f617b collected $1.32 from pot
*** SUMMARY ***
Total pot $1.39 | Rake $0.07 | Jackpot $0 | Bingo $0 | Fortune $0
Board [Tc 6h 3h 4h Ts]
Seat 1: Hero (small blind) folded before Flop
Seat 2: c2a488dc (big blind) folded on the Flop
Seat 3: 9dce3056 folded before Flop (didn't bet)
Seat 4: f673cedd folded before Flop (didn't bet)
Seat 5: 5ac99833 showed [Kh As] and lost with Pair of Tens
Seat 6: e27f617b (button) showed [Js Th] and won ($1.32) with Three Tens


Poker Hand #HD1182902905: Hold'em No Limit  ($0.02/$0.05) - 2023/03/30 20:51:37
Table 'NLHBlue57' 6-max Seat #5 is the button
Seat 1: Hero ($5.1 in chips)
Seat 3: 9dce3056 ($5.22 in chips)
Seat 4: f673cedd ($5 in chips)
Seat 5: 5ac99833 ($8.5 in chips)
Seat 6: e27f617b ($5.43 in chips)
e27f617b: posts small blind $0.02
Hero: posts big blind $0.05
*** HOLE CARDS ***
Dealt to Hero [Jd 6s]
Dealt to 9dce3056 
Dealt to f673cedd 
Dealt to 5ac99833 
Dealt to e27f617b 
9dce3056: folds
f673cedd: folds
5ac99833: folds
e27f617b: calls $0.03
Hero: checks
*** FLOP *** [Jh 4d 9h]
e27f617b: checks
Hero: bets $0.05
e27f617b: raises $0.07 to $0.12
Hero: calls $0.07
*** TURN *** [Jh 4d 9h] [2s]
e27f617b: checks
Hero: bets $0.12
e27f617b: folds
Uncalled bet ($0.12) returned to Hero
*** SHOWDOWN ***
Hero collected $0.33 from pot
*** SUMMARY ***
Total pot $0.34 | Rake $0.01 | Jackpot $0 | Bingo $0 | Fortune $0
Board [Jh 4d 9h 2s]
Seat 1: Hero (big blind) won ($0.33)
Seat 3: 9dce3056 folded before Flop (didn't bet)
Seat 4: f673cedd folded before Flop (didn't bet)
Seat 5: 5ac99833 (button) folded before Flop (didn't bet)
Seat 6: e27f617b (small blind) folded on the Turn


Poker Hand #HD1182902737: Hold'em No Limit  ($0.02/$0.05) - 2023/03/30 20:50:31
Table 'NLHBlue57' 6-max Seat #4 is the button
Seat 1: Hero ($5.1 in chips)
Seat 3: 9dce3056 ($5.22 in chips)
Seat 4: f673cedd ($5.55 in chips)
Seat 5: 5ac99833 ($8.52 in chips)
Seat 6: e27f617b ($4.85 in chips)
5ac99833: posts small blind $0.02
e27f617b: posts big blind $0.05
*** HOLE CARDS ***
Dealt to Hero [2s 4d]
Dealt to 9dce3056 
Dealt to f673cedd 
Dealt to 5ac99833 
Dealt to e27f617b 
Hero: folds
9dce3056: folds
f673cedd: raises $0.1 to $0.15
5ac99833: folds
e27f617b: raises $0.47 to $0.62
f673cedd: calls $0.47
*** FLOP *** [Jd 9s Js]
e27f617b: bets $0.63
f673cedd: folds
Uncalled bet ($0.63) returned to e27f617b
*** SHOWDOWN ***
e27f617b collected $1.2 from pot
*** SUMMARY ***
Total pot $1.26 | Rake $0.06 | Jackpot $0 | Bingo $0 | Fortune $0
Board [Jd 9s Js]
Seat 1: Hero folded before Flop (didn't bet)
Seat 3: 9dce3056 folded before Flop (didn't bet)
Seat 4: f673cedd (button) folded on the Flop
Seat 5: 5ac99833 (small blind) folded before Flop
Seat 6: e27f617b (big blind) won ($1.2)


Poker Hand #HD1182902727: Hold'em No Limit  ($0.02/$0.05) - 2023/03/30 20:50:24
Table 'NLHBlue57' 6-max Seat #3 is the button
Seat 1: Hero ($5.1 in chips)
Seat 3: 9dce3056 ($5.22 in chips)
Seat 4: f673cedd ($5.57 in chips)
Seat 5: 5ac99833 ($8.5 in chips)
Seat 6: e27f617b ($4.85 in chips)
f673cedd: posts small blind $0.02
5ac99833: posts big blind $0.05
*** HOLE CARDS ***
Dealt to Hero [Qh 4d]
Dealt to 9dce3056 
Dealt to f673cedd 
Dealt to 5ac99833 
Dealt to e27f617b 
e27f617b: folds
Hero: folds
9dce3056: folds
f673cedd: folds
Uncalled bet ($0.03) returned to 5ac99833
*** SHOWDOWN ***
5ac99833 collected $0.04 from pot
*** SUMMARY ***
Total pot $0.04 | Rake $0 | Jackpot $0 | Bingo $0 | Fortune $0
Seat 1: Hero folded before Flop (didn't bet)
Seat 3: 9dce3056 (button) folded before Flop (didn't bet)
Seat 4: f673cedd (small blind) folded before Flop
Seat 5: 5ac99833 (big blind) collected ($0.04)
Seat 6: e27f617b folded before Flop (didn't bet)


Poker Hand #HD1182902677: Hold'em No Limit  ($0.02/$0.05) - 2023/03/30 20:50:09
Table 'NLHBlue57' 6-max Seat #1 is the button
Seat 1: Hero ($5.1 in chips)
Seat 3: 9dce3056 ($5.24 in chips)
Seat 4: f673cedd ($5.55 in chips)
Seat 5: 5ac99833 ($8.5 in chips)
Seat 6: e27f617b ($4.85 in chips)
9dce3056: posts small blind $0.02
f673cedd: posts big blind $0.05
*** HOLE CARDS ***
Dealt to Hero [6s 3h]
Dealt to 9dce3056 
Dealt to f673cedd 
Dealt to 5ac99833 
Dealt to e27f617b 
5ac99833: folds
e27f617b: folds
Hero: folds
9dce3056: folds
Uncalled bet ($0.03) returned to f673cedd
*** SHOWDOWN ***
f673cedd collected $0.04 from pot
*** SUMMARY ***
Total pot $0.04 | Rake $0 | Jackpot $0 | Bingo $0 | Fortune $0
Seat 1: Hero (button) folded before Flop (didn't bet)
Seat 3: 9dce3056 (small blind) folded before Flop
Seat 4: f673cedd (big blind) collected ($0.04)
Seat 5: 5ac99833 folded before Flop (didn't bet)
Seat 6: e27f617b folded before Flop (didn't bet)


Poker Hand #HD1182902639: Hold'em No Limit  ($0.02/$0.05) - 2023/03/30 20:49:52
Table 'NLHBlue57' 6-max Seat #6 is the button
Seat 1: Hero ($5.05 in chips)
Seat 3: 9dce3056 ($5.29 in chips)
Seat 4: f673cedd ($5.55 in chips)
Seat 5: 5ac99833 ($8.5 in chips)
Seat 6: e27f617b ($4.85 in chips)
Hero: posts small blind $0.02
9dce3056: posts big blind $0.05
*** HOLE CARDS ***
Dealt to Hero [2d 2s]
Dealt to 9dce3056 
Dealt to f673cedd 
Dealt to 5ac99833 
Dealt to e27f617b 
f673cedd: folds
5ac99833: folds
e27f617b: folds
Hero: raises $0.09 to $0.14
9dce3056: folds
Uncalled bet ($0.09) returned to Hero
*** SHOWDOWN ***
Hero collected $0.1 from pot
*** SUMMARY ***
Total pot $0.1 | Rake $0 | Jackpot $0 | Bingo $0 | Fortune $0
Seat 1: Hero (small blind) collected ($0.1)
Seat 3: 9dce3056 (big blind) folded before Flop
Seat 4: f673cedd folded before Flop (didn't bet)
Seat 5: 5ac99833 folded before Flop (didn't bet)
Seat 6: e27f617b (button) folded before Flop (didn't bet)


Poker Hand #HD1182902594: Hold'em No Limit  ($0.02/$0.05) - 2023/03/30 20:49:31
Table 'NLHBlue57' 6-max Seat #5 is the button
Seat 1: Hero ($5 in chips)
Seat 2: c19baa9 ($9.14 in chips)
Seat 3: 9dce3056 ($5.29 in chips)
Seat 4: f673cedd ($5.55 in chips)
Seat 5: 5ac99833 ($8.5 in chips)
Seat 6: e27f617b ($4.9 in chips)
e27f617b: posts small blind $0.02
Hero: posts big blind $0.05
*** HOLE CARDS ***
Dealt to Hero [Js Ts]
Dealt to c19baa9 
Dealt to 9dce3056 
Dealt to f673cedd 
Dealt to 5ac99833 
Dealt to e27f617b 
c19baa9: folds
9dce3056: folds
f673cedd: folds
5ac99833: folds
e27f617b: calls $0.03
Hero: raises $0.08 to $0.13
e27f617b: folds
Uncalled bet ($0.08) returned to Hero
*** SHOWDOWN ***
Hero collected $0.1 from pot
*** SUMMARY ***
Total pot $0.1 | Rake $0 | Jackpot $0 | Bingo $0 | Fortune $0
Seat 1: Hero (big blind) collected ($0.1)
Seat 2: c19baa9 folded before Flop (didn't bet)
Seat 3: 9dce3056 folded before Flop (didn't bet)
Seat 4: f673cedd folded before Flop (didn't bet)
Seat 5: 5ac99833 (button) folded before Flop (didn't bet)
Seat 6: e27f617b (small blind) folded before Flop


Poker Hand #HD1182902489: Hold'em No Limit  ($0.02/$0.05) - 2023/03/30 20:48:44
Table 'NLHBlue57' 6-max Seat #4 is the button
Seat 1: Hero ($5 in chips)
Seat 2: c19baa9 ($9.14 in chips)
Seat 3: 9dce3056 ($5.18 in chips)
Seat 4: f673cedd ($5.55 in chips)
Seat 5: 5ac99833 ($8.52 in chips)
Seat 6: e27f617b ($5 in chips)
5ac99833: posts small blind $0.02
e27f617b: posts big blind $0.05
*** HOLE CARDS ***
Dealt to Hero [8d Jh]
Dealt to c19baa9 
Dealt to 9dce3056 
Dealt to f673cedd 
Dealt to 5ac99833 
Dealt to e27f617b 
Hero: folds
c19baa9: folds
9dce3056: raises $0.05 to $0.1
f673cedd: folds
5ac99833: folds
e27f617b: calls $0.05
*** FLOP *** [Tc Td 4d]
e27f617b: checks
9dce3056: checks
*** TURN *** [Tc Td 4d] [3d]
e27f617b: checks
9dce3056: checks
*** RIVER *** [Tc Td 4d 3d] [2h]
e27f617b: checks
9dce3056: bets $0.17
e27f617b: folds
Uncalled bet ($0.17) returned to 9dce3056
*** SHOWDOWN ***
9dce3056 collected $0.21 from pot
*** SUMMARY ***
Total pot $0.22 | Rake $0.01 | Jackpot $0 | Bingo $0 | Fortune $0
Board [Tc Td 4d 3d 2h]
Seat 1: Hero folded before Flop (didn't bet)
Seat 2: c19baa9 folded before Flop (didn't bet)
Seat 3: 9dce3056 won ($0.21)
Seat 4: f673cedd (button) folded before Flop (didn't bet)
Seat 5: 5ac99833 (small blind) folded before Flop
Seat 6: e27f617b (big blind) folded on the River


Poker Hand #HD1182902433: Hold'em No Limit  ($0.02/$0.05) - 2023/03/30 20:48:24
Table 'NLHBlue57' 6-max Seat #3 is the button
Seat 1: Hero ($5.11 in chips)
Seat 2: c19baa9 ($9.14 in chips)
Seat 3: 9dce3056 ($5 in chips)
Seat 4: f673cedd ($5.57 in chips)
Seat 5: 5ac99833 ($8.57 in chips)
Seat 6: e27f617b ($5 in chips)
f673cedd: posts small blind $0.02
5ac99833: posts big blind $0.05
*** HOLE CARDS ***
Dealt to Hero [Qd 9d]
Dealt to c19baa9 
Dealt to 9dce3056 
Dealt to f673cedd 
Dealt to 5ac99833 
Dealt to e27f617b 
e27f617b: folds
Hero: raises $0.07 to $0.12
c19baa9: folds
9dce3056: raises $0.23 to $0.35
f673cedd: folds
5ac99833: folds
Hero: folds
Uncalled bet ($0.23) returned to 9dce3056
*** SHOWDOWN ***
9dce3056 collected $0.3 from pot
*** SUMMARY ***
Total pot $0.31 | Rake $0.01 | Jackpot $0 | Bingo $0 | Fortune $0
Seat 1: Hero folded before Flop
Seat 2: c19baa9 folded before Flop (didn't bet)
Seat 3: 9dce3056 (button) collected ($0.3)
Seat 4: f673cedd (small blind) folded before Flop
Seat 5: 5ac99833 (big blind) folded before Flop
Seat 6: e27f617b folded before Flop (didn't bet)


Poker Hand #HD1182902271: Hold'em No Limit  ($0.02/$0.05) - 2023/03/30 20:47:08
Table 'NLHBlue57' 6-max Seat #2 is the button
Seat 1: Hero ($5.11 in chips)
Seat 2: c19baa9 ($6.36 in chips)
Seat 3: 9dce3056 ($5 in chips)
Seat 4: f673cedd ($5.62 in chips)
Seat 5: 5ac99833 ($8.57 in chips)
Seat 6: e27f617b ($6.5 in chips)
9dce3056: posts small blind $0.02
f673cedd: posts big blind $0.05
*** HOLE CARDS ***
Dealt to Hero [Jc 3h]
Dealt to c19baa9 
Dealt to 9dce3056 
Dealt to f673cedd 
Dealt to 5ac99833 
Dealt to e27f617b 
5ac99833: folds
e27f617b: raises $0.09 to $0.14
Hero: folds
c19baa9: raises $0.31 to $0.45
9dce3056: calls $0.43
f673cedd: folds
e27f617b: calls $0.31
*** FLOP *** [7d Tc As]
9dce3056: checks
e27f617b: checks
c19baa9: bets $1.05
9dce3056: calls $1.05
e27f617b: calls $1.05
*** TURN *** [7d Tc As] [7s]
9dce3056: checks
e27f617b: checks
c19baa9: bets $4.86 and is all-in
9dce3056: folds
e27f617b: folds
Uncalled bet ($4.86) returned to c19baa9
*** SHOWDOWN ***
c19baa9 collected $4.28 from pot
*** SUMMARY ***
Total pot $4.55 | Rake $0.22 | Jackpot $0.05 | Bingo $0 | Fortune $0
Board [7d Tc As 7s]
Seat 1: Hero folded before Flop (didn't bet)
Seat 2: c19baa9 (button) won ($4.28)
Seat 3: 9dce3056 (small blind) folded on the Turn
Seat 4: f673cedd (big blind) folded before Flop
Seat 5: 5ac99833 folded before Flop (didn't bet)
Seat 6: e27f617b folded on the Turn


Poker Hand #HD1182902201: Hold'em No Limit  ($0.02/$0.05) - 2023/03/30 20:46:39
Table 'NLHBlue57' 6-max Seat #1 is the button
Seat 1: Hero ($5 in chips)
Seat 2: c19baa9 ($6.38 in chips)
Seat 3: 9dce3056 ($5.07 in chips)
Seat 4: f673cedd ($5.62 in chips)
Seat 5: 5ac99833 ($8.57 in chips)
Seat 6: e27f617b ($6.5 in chips)
c19baa9: posts small blind $0.02
9dce3056: posts big blind $0.05
*** HOLE CARDS ***
Dealt to Hero [Jc Ah]
Dealt to c19baa9 
Dealt to 9dce3056 
Dealt to f673cedd 
Dealt to 5ac99833 
Dealt to e27f617b 
f673cedd: folds
5ac99833: folds
e27f617b: folds
Hero: raises $0.05 to $0.1
c19baa9: folds
9dce3056: calls $0.05
*** FLOP *** [Qh 5h Ac]
9dce3056: checks
Hero: bets $0.11
9dce3056: folds
Uncalled bet ($0.11) returned to Hero
*** SHOWDOWN ***
Hero collected $0.21 from pot
*** SUMMARY ***
Total pot $0.22 | Rake $0.01 | Jackpot $0 | Bingo $0 | Fortune $0
Board [Qh 5h Ac]
Seat 1: Hero (button) won ($0.21)
Seat 2: c19baa9 (small blind) folded before Flop
Seat 3: 9dce3056 (big blind) folded on the Flop
Seat 4: f673cedd folded before Flop (didn't bet)
Seat 5: 5ac99833 folded before Flop (didn't bet)
Seat 6: e27f617b folded before Flop (didn't bet)


Poker Hand #HD1182902167: Hold'em No Limit  ($0.02/$0.05) - 2023/03/30 20:46:23
Table 'NLHBlue57' 6-max Seat #6 is the button
Seat 1: Hero ($5 in chips)
Seat 2: c19baa9 ($6.43 in chips)
Seat 3: 9dce3056 ($5 in chips)
Seat 4: f673cedd ($5.62 in chips)
Seat 5: 5ac99833 ($8.57 in chips)
Seat 6: e27f617b ($6.5 in chips)
Hero: posts small blind $0.02
c19baa9: posts big blind $0.05
*** HOLE CARDS ***
Dealt to Hero [Jc 7h]
Dealt to c19baa9 
Dealt to 9dce3056 
Dealt to f673cedd 
Dealt to 5ac99833 
Dealt to e27f617b 
9dce3056: raises $0.1 to $0.15
f673cedd: folds
5ac99833: folds
e27f617b: folds
Hero: folds
c19baa9: folds
Uncalled bet ($0.1) returned to 9dce3056
*** SHOWDOWN ***
9dce3056 collected $0.12 from pot
*** SUMMARY ***
Total pot $0.12 | Rake $0 | Jackpot $0 | Bingo $0 | Fortune $0
Seat 1: Hero (small blind) folded before Flop
Seat 2: c19baa9 (big blind) folded before Flop
Seat 3: 9dce3056 collected ($0.12)
Seat 4: f673cedd folded before Flop (didn't bet)
Seat 5: 5ac99833 folded before Flop (didn't bet)
Seat 6: e27f617b (button) folded before Flop (didn't bet)


Poker Hand #HD1182902133: Hold'em No Limit  ($0.02/$0.05) - 2023/03/30 20:46:08
Table 'NLHBlue57' 6-max Seat #5 is the button
Seat 1: Hero ($5 in chips)
Seat 2: c19baa9 ($6.43 in chips)
Seat 3: 9dce3056 ($5 in chips)
Seat 4: f673cedd ($5.62 in chips)
Seat 5: 5ac99833 ($8.57 in chips)
Seat 6: e27f617b ($6.45 in chips)
e27f617b: posts small blind $0.02
Hero: posts big blind $0.05
*** HOLE CARDS ***
Dealt to Hero [4d 7s]
Dealt to c19baa9 
Dealt to 9dce3056 
Dealt to f673cedd 
Dealt to 5ac99833 
Dealt to e27f617b 
c19baa9: folds
9dce3056: folds
f673cedd: folds
5ac99833: folds
e27f617b: raises $0.09 to $0.14
Hero: folds
Uncalled bet ($0.09) returned to e27f617b
*** SHOWDOWN ***
e27f617b collected $0.1 from pot
*** SUMMARY ***
Total pot $0.1 | Rake $0 | Jackpot $0 | Bingo $0 | Fortune $0
Seat 1: Hero (big blind) folded before Flop
Seat 2: c19baa9 folded before Flop (didn't bet)
Seat 3: 9dce3056 folded before Flop (didn't bet)
Seat 4: f673cedd folded before Flop (didn't bet)
Seat 5: 5ac99833 (button) folded before Flop (didn't bet)
Seat 6: e27f617b (small blind) collected ($0.1)


