Poker Hand #HD1154708271: Hold'em No Limit  ($0.02/$0.05) - 2023/03/10 22:14:45
Table 'NLHBlue41' 6-max Seat #4 is the button
Seat 2: c0eb5ac7 ($5.34 in chips)
Seat 3: c4662675 ($6.32 in chips)
Seat 4: Hero ($6.32 in chips)
c0eb5ac7: posts small blind $0.02
c4662675: posts big blind $0.05
*** HOLE CARDS ***
Dealt to c0eb5ac7 
Dealt to c4662675 
Dealt to Hero [2h 5s]
Hero: folds
c0eb5ac7: folds
Uncalled bet ($0.03) returned to c4662675
*** SHOWDOWN ***
c4662675 collected $0.04 from pot
*** SUMMARY ***
Total pot $0.04 | Rake $0 | Jackpot $0 | Bingo $0 | Fortune $0
Seat 2: c0eb5ac7 (small blind) folded before Flop
Seat 3: c4662675 (big blind) collected ($0.04)
Seat 4: Hero (button) folded before Flop (didn't bet)


Poker Hand #HD1154708253: Hold'em No Limit  ($0.02/$0.05) - 2023/03/10 22:14:36
Table 'NLHBlue41' 6-max Seat #3 is the button
Seat 2: c0eb5ac7 ($5.32 in chips)
Seat 3: c4662675 ($6.32 in chips)
Seat 4: Hero ($6.34 in chips)
Hero: posts small blind $0.02
c0eb5ac7: posts big blind $0.05
*** HOLE CARDS ***
Dealt to c0eb5ac7 
Dealt to c4662675 
Dealt to Hero [Qd 8h]
c4662675: folds
Hero: folds
Uncalled bet ($0.03) returned to c0eb5ac7
*** SHOWDOWN ***
c0eb5ac7 collected $0.04 from pot
*** SUMMARY ***
Total pot $0.04 | Rake $0 | Jackpot $0 | Bingo $0 | Fortune $0
Seat 2: c0eb5ac7 (big blind) collected ($0.04)
Seat 3: c4662675 (button) folded before Flop (didn't bet)
Seat 4: Hero (small blind) folded before Flop


Poker Hand #HD1154708216: Hold'em No Limit  ($0.02/$0.05) - 2023/03/10 22:14:19
Table 'NLHBlue41' 6-max Seat #2 is the button
Seat 1: a99a9f09 ($6.74 in chips)
Seat 2: c0eb5ac7 ($5.32 in chips)
Seat 3: c4662675 ($6.34 in chips)
Seat 4: Hero ($6.39 in chips)
Seat 6: d4c20aeb ($6.88 in chips)
c4662675: posts small blind $0.02
Hero: posts big blind $0.05
*** HOLE CARDS ***
Dealt to a99a9f09 
Dealt to c0eb5ac7 
Dealt to c4662675 
Dealt to Hero [5d 2s]
Dealt to d4c20aeb 
d4c20aeb: folds
a99a9f09: raises $0.1 to $0.15
c0eb5ac7: folds
c4662675: folds
Hero: folds
Uncalled bet ($0.1) returned to a99a9f09
*** SHOWDOWN ***
a99a9f09 collected $0.12 from pot
*** SUMMARY ***
Total pot $0.12 | Rake $0 | Jackpot $0 | Bingo $0 | Fortune $0
Seat 1: a99a9f09 collected ($0.12)
Seat 2: c0eb5ac7 (button) folded before Flop (didn't bet)
Seat 3: c4662675 (small blind) folded before Flop
Seat 4: Hero (big blind) folded before Flop
Seat 6: d4c20aeb folded before Flop (didn't bet)


Poker Hand #HD1154708186: Hold'em No Limit  ($0.02/$0.05) - 2023/03/10 22:14:06
Table 'NLHBlue41' 6-max Seat #1 is the button
Seat 1: a99a9f09 ($6.74 in chips)
Seat 2: c0eb5ac7 ($5.34 in chips)
Seat 3: c4662675 ($6.32 in chips)
Seat 4: Hero ($6.39 in chips)
Seat 6: d4c20aeb ($6.88 in chips)
c0eb5ac7: posts small blind $0.02
c4662675: posts big blind $0.05
*** HOLE CARDS ***
Dealt to a99a9f09 
Dealt to c0eb5ac7 
Dealt to c4662675 
Dealt to Hero [9d 8c]
Dealt to d4c20aeb 
Hero: folds
d4c20aeb: folds
a99a9f09: folds
c0eb5ac7: folds
Uncalled bet ($0.03) returned to c4662675
*** SHOWDOWN ***
c4662675 collected $0.04 from pot
*** SUMMARY ***
Total pot $0.04 | Rake $0 | Jackpot $0 | Bingo $0 | Fortune $0
Seat 1: a99a9f09 (button) folded before Flop (didn't bet)
Seat 2: c0eb5ac7 (small blind) folded before Flop
Seat 3: c4662675 (big blind) collected ($0.04)
Seat 4: Hero folded before Flop (didn't bet)
Seat 6: d4c20aeb folded before Flop (didn't bet)


Poker Hand #HD1154708150: Hold'em No Limit  ($0.02/$0.05) - 2023/03/10 22:13:49
Table 'NLHBlue41' 6-max Seat #6 is the button
Seat 1: a99a9f09 ($6.76 in chips)
Seat 2: c0eb5ac7 ($5.39 in chips)
Seat 3: c4662675 ($6.32 in chips)
Seat 4: Hero ($6.32 in chips)
Seat 6: d4c20aeb ($6.88 in chips)
a99a9f09: posts small blind $0.02
c0eb5ac7: posts big blind $0.05
*** HOLE CARDS ***
Dealt to a99a9f09 
Dealt to c0eb5ac7 
Dealt to c4662675 
Dealt to Hero [9h 8h]
Dealt to d4c20aeb 
c4662675: folds
Hero: raises $0.07 to $0.12
d4c20aeb: folds
a99a9f09: folds
c0eb5ac7: folds
Uncalled bet ($0.07) returned to Hero
*** SHOWDOWN ***
Hero collected $0.12 from pot
*** SUMMARY ***
Total pot $0.12 | Rake $0 | Jackpot $0 | Bingo $0 | Fortune $0
Seat 1: a99a9f09 (small blind) folded before Flop
Seat 2: c0eb5ac7 (big blind) folded before Flop
Seat 3: c4662675 folded before Flop (didn't bet)
Seat 4: Hero collected ($0.12)
Seat 6: d4c20aeb (button) folded before Flop (didn't bet)


Poker Hand #HD1154707960: Hold'em No Limit  ($0.02/$0.05) - 2023/03/10 22:12:21
Table 'NLHBlue41' 6-max Seat #5 is the button
Seat 1: a99a9f09 ($6.81 in chips)
Seat 2: c0eb5ac7 ($5.39 in chips)
Seat 3: c4662675 ($6.45 in chips)
Seat 4: Hero ($6.32 in chips)
Seat 5: af7ba7e ($1.93 in chips)
Seat 6: d4c20aeb ($5 in chips)
d4c20aeb: posts small blind $0.02
a99a9f09: posts big blind $0.05
*** HOLE CARDS ***
Dealt to a99a9f09 
Dealt to c0eb5ac7 
Dealt to c4662675 
Dealt to Hero [2s 7d]
Dealt to af7ba7e 
Dealt to d4c20aeb 
c0eb5ac7: folds
c4662675: raises $0.08 to $0.13
Hero: folds
af7ba7e: calls $0.13
d4c20aeb: raises $0.43 to $0.56
a99a9f09: folds
c4662675: folds
af7ba7e: calls $0.43
*** FLOP *** [Jd Kd 4h]
d4c20aeb: bets $1.3
af7ba7e: raises $0.07 to $1.37 and is all-in
d4c20aeb: calls $0.07
af7ba7e: shows [Qs Ts] (King-High)
d4c20aeb: shows [Ah Ac] (Pair of Aces)
*** FIRST TURN *** [Jd Kd 4h] [5h]
*** FIRST RIVER *** [Jd Kd 4h 5h] [Ks]
*** SECOND TURN *** [Jd Kd 4h] [3h]
*** SECOND RIVER *** [Jd Kd 4h 3h] [Js]
*** THIRD TURN *** [Jd Kd 4h] [5c]
*** THIRD RIVER *** [Jd Kd 4h 5c] [4c]
*** FIRST SHOWDOWN ***
d4c20aeb collected $1.27 from pot
*** SECOND SHOWDOWN ***
d4c20aeb collected $1.27 from pot
*** THIRD SHOWDOWN ***
d4c20aeb collected $1.27 from pot
*** SUMMARY ***
Total pot $4.04 | Rake $0.18 | Jackpot $0.05 | Bingo $0 | Fortune $0
Hand was run three times
FIRST Board [Jd Kd 4h 5h Ks]
SECOND Board [3h Js]
THIRD Board [5c 4c]
Seat 1: a99a9f09 (big blind) folded before Flop
Seat 2: c0eb5ac7 folded before Flop (didn't bet)
Seat 3: c4662675 folded before Flop
Seat 4: Hero folded before Flop (didn't bet)
Seat 5: af7ba7e (button) showed [Qs Ts] and lost with Pair of Kings, and lost, and lost
Seat 6: d4c20aeb (small blind) showed [Ah Ac] and won ($1.27) with Pair of Aces and Pair of Kings, and won ($1.27), and won ($1.27)


Poker Hand #HD1154707895: Hold'em No Limit  ($0.02/$0.05) - 2023/03/10 22:11:50
Table 'NLHBlue41' 6-max Seat #4 is the button
Seat 1: a99a9f09 ($6.62 in chips)
Seat 2: c0eb5ac7 ($5.39 in chips)
Seat 3: c4662675 ($6.45 in chips)
Seat 4: Hero ($6.32 in chips)
Seat 5: af7ba7e ($2.08 in chips)
Seat 6: d4c20aeb ($5 in chips)
af7ba7e: posts small blind $0.02
d4c20aeb: posts big blind $0.05
*** HOLE CARDS ***
Dealt to a99a9f09 
Dealt to c0eb5ac7 
Dealt to c4662675 
Dealt to Hero [Jh 4d]
Dealt to af7ba7e 
Dealt to d4c20aeb 
a99a9f09: raises $0.1 to $0.15
c0eb5ac7: folds
c4662675: folds
Hero: folds
af7ba7e: calls $0.13
d4c20aeb: folds
*** FLOP *** [6s Qh Kh]
af7ba7e: checks
a99a9f09: bets $0.18
af7ba7e: folds
Uncalled bet ($0.18) returned to a99a9f09
*** SHOWDOWN ***
a99a9f09 collected $0.34 from pot
*** SUMMARY ***
Total pot $0.35 | Rake $0.01 | Jackpot $0 | Bingo $0 | Fortune $0
Board [6s Qh Kh]
Seat 1: a99a9f09 won ($0.34)
Seat 2: c0eb5ac7 folded before Flop (didn't bet)
Seat 3: c4662675 folded before Flop (didn't bet)
Seat 4: Hero (button) folded before Flop (didn't bet)
Seat 5: af7ba7e (small blind) folded on the Flop
Seat 6: d4c20aeb (big blind) folded before Flop


Poker Hand #HD1154707878: Hold'em No Limit  ($0.02/$0.05) - 2023/03/10 22:11:43
Table 'NLHBlue41' 6-max Seat #3 is the button
Seat 1: a99a9f09 ($6.62 in chips)
Seat 2: c0eb5ac7 ($5.39 in chips)
Seat 3: c4662675 ($6.45 in chips)
Seat 4: Hero ($6.34 in chips)
Seat 5: af7ba7e ($2.06 in chips)
Seat 6: d4c20aeb ($5 in chips)
Hero: posts small blind $0.02
af7ba7e: posts big blind $0.05
*** HOLE CARDS ***
Dealt to a99a9f09 
Dealt to c0eb5ac7 
Dealt to c4662675 
Dealt to Hero [Js 7c]
Dealt to af7ba7e 
Dealt to d4c20aeb 
d4c20aeb: folds
a99a9f09: folds
c0eb5ac7: folds
c4662675: folds
Hero: folds
Uncalled bet ($0.03) returned to af7ba7e
*** SHOWDOWN ***
af7ba7e collected $0.04 from pot
*** SUMMARY ***
Total pot $0.04 | Rake $0 | Jackpot $0 | Bingo $0 | Fortune $0
Seat 1: a99a9f09 folded before Flop (didn't bet)
Seat 2: c0eb5ac7 folded before Flop (didn't bet)
Seat 3: c4662675 (button) folded before Flop (didn't bet)
Seat 4: Hero (small blind) folded before Flop
Seat 5: af7ba7e (big blind) collected ($0.04)
Seat 6: d4c20aeb folded before Flop (didn't bet)


Poker Hand #HD1154707728: Hold'em No Limit  ($0.02/$0.05) - 2023/03/10 22:10:28
Table 'NLHBlue41' 6-max Seat #2 is the button
Seat 1: a99a9f09 ($6.62 in chips)
Seat 2: c0eb5ac7 ($5.78 in chips)
Seat 3: c4662675 ($6.47 in chips)
Seat 4: Hero ($5.97 in chips)
Seat 5: af7ba7e ($2.06 in chips)
Seat 6: d4c20aeb ($5 in chips)
c4662675: posts small blind $0.02
Hero: posts big blind $0.05
*** HOLE CARDS ***
Dealt to a99a9f09 
Dealt to c0eb5ac7 
Dealt to c4662675 
Dealt to Hero [8h 9c]
Dealt to af7ba7e 
Dealt to d4c20aeb 
af7ba7e: folds
d4c20aeb: folds
a99a9f09: folds
c0eb5ac7: raises $0.1 to $0.15
c4662675: folds
Hero: calls $0.1
*** FLOP *** [7c Td 2h]
Hero: checks
c0eb5ac7: checks
*** TURN *** [7c Td 2h] [Jd]
Hero: bets $0.24
c0eb5ac7: calls $0.24
*** RIVER *** [7c Td 2h Jd] [3s]
Hero: bets $0.66
c0eb5ac7: folds
Uncalled bet ($0.66) returned to Hero
*** SHOWDOWN ***
Hero collected $0.76 from pot
*** SUMMARY ***
Total pot $0.8 | Rake $0.04 | Jackpot $0 | Bingo $0 | Fortune $0
Board [7c Td 2h Jd 3s]
Seat 1: a99a9f09 folded before Flop (didn't bet)
Seat 2: c0eb5ac7 (button) folded on the River
Seat 3: c4662675 (small blind) folded before Flop
Seat 4: Hero (big blind) won ($0.76)
Seat 5: af7ba7e folded before Flop (didn't bet)
Seat 6: d4c20aeb folded before Flop (didn't bet)


Poker Hand #HD1154707689: Hold'em No Limit  ($0.02/$0.05) - 2023/03/10 22:10:08
Table 'NLHBlue41' 6-max Seat #1 is the button
Seat 1: a99a9f09 ($6.62 in chips)
Seat 2: c0eb5ac7 ($5.8 in chips)
Seat 3: c4662675 ($6.52 in chips)
Seat 4: Hero ($5.97 in chips)
Seat 5: af7ba7e ($1.99 in chips)
Seat 6: d4c20aeb ($5 in chips)
c0eb5ac7: posts small blind $0.02
c4662675: posts big blind $0.05
*** HOLE CARDS ***
Dealt to a99a9f09 
Dealt to c0eb5ac7 
Dealt to c4662675 
Dealt to Hero [2h 5d]
Dealt to af7ba7e 
Dealt to d4c20aeb 
Hero: folds
af7ba7e: raises $0.12 to $0.17
d4c20aeb: folds
a99a9f09: folds
c0eb5ac7: folds
c4662675: folds
Uncalled bet ($0.12) returned to af7ba7e
*** SHOWDOWN ***
af7ba7e collected $0.12 from pot
*** SUMMARY ***
Total pot $0.12 | Rake $0 | Jackpot $0 | Bingo $0 | Fortune $0
Seat 1: a99a9f09 (button) folded before Flop (didn't bet)
Seat 2: c0eb5ac7 (small blind) folded before Flop
Seat 3: c4662675 (big blind) folded before Flop
Seat 4: Hero folded before Flop (didn't bet)
Seat 5: af7ba7e collected ($0.12)
Seat 6: d4c20aeb folded before Flop (didn't bet)


Poker Hand #HD1154707658: Hold'em No Limit  ($0.02/$0.05) - 2023/03/10 22:09:53
Table 'NLHBlue41' 6-max Seat #6 is the button
Seat 1: a99a9f09 ($6.64 in chips)
Seat 2: c0eb5ac7 ($5.85 in chips)
Seat 3: c4662675 ($6.52 in chips)
Seat 4: Hero ($5.97 in chips)
Seat 5: af7ba7e ($1.92 in chips)
Seat 6: d4c20aeb ($5 in chips)
a99a9f09: posts small blind $0.02
c0eb5ac7: posts big blind $0.05
*** HOLE CARDS ***
Dealt to a99a9f09 
Dealt to c0eb5ac7 
Dealt to c4662675 
Dealt to Hero [Qh 7c]
Dealt to af7ba7e 
Dealt to d4c20aeb 
c4662675: folds
Hero: folds
af7ba7e: raises $0.12 to $0.17
d4c20aeb: folds
a99a9f09: folds
c0eb5ac7: folds
Uncalled bet ($0.12) returned to af7ba7e
*** SHOWDOWN ***
af7ba7e collected $0.12 from pot
*** SUMMARY ***
Total pot $0.12 | Rake $0 | Jackpot $0 | Bingo $0 | Fortune $0
Seat 1: a99a9f09 (small blind) folded before Flop
Seat 2: c0eb5ac7 (big blind) folded before Flop
Seat 3: c4662675 folded before Flop (didn't bet)
Seat 4: Hero folded before Flop (didn't bet)
Seat 5: af7ba7e collected ($0.12)
Seat 6: d4c20aeb (button) folded before Flop (didn't bet)


Poker Hand #HD1154707622: Hold'em No Limit  ($0.02/$0.05) - 2023/03/10 22:09:37
Table 'NLHBlue41' 6-max Seat #5 is the button
Seat 1: a99a9f09 ($6.69 in chips)
Seat 2: c0eb5ac7 ($5.85 in chips)
Seat 3: c4662675 ($6.52 in chips)
Seat 4: Hero ($5.97 in chips)
Seat 5: af7ba7e ($1.85 in chips)
Seat 6: d4c20aeb ($5 in chips)
d4c20aeb: posts small blind $0.02
a99a9f09: posts big blind $0.05
*** HOLE CARDS ***
Dealt to a99a9f09 
Dealt to c0eb5ac7 
Dealt to c4662675 
Dealt to Hero [5s 6c]
Dealt to af7ba7e 
Dealt to d4c20aeb 
c0eb5ac7: folds
c4662675: folds
Hero: folds
af7ba7e: raises $0.1 to $0.15
d4c20aeb: folds
a99a9f09: folds
Uncalled bet ($0.1) returned to af7ba7e
*** SHOWDOWN ***
af7ba7e collected $0.12 from pot
*** SUMMARY ***
Total pot $0.12 | Rake $0 | Jackpot $0 | Bingo $0 | Fortune $0
Seat 1: a99a9f09 (big blind) folded before Flop
Seat 2: c0eb5ac7 folded before Flop (didn't bet)
Seat 3: c4662675 folded before Flop (didn't bet)
Seat 4: Hero folded before Flop (didn't bet)
Seat 5: af7ba7e (button) collected ($0.12)
Seat 6: d4c20aeb (small blind) folded before Flop


Poker Hand #HD1154707530: Hold'em No Limit  ($0.02/$0.05) - 2023/03/10 22:08:52
Table 'NLHBlue41' 6-max Seat #4 is the button
Seat 1: a99a9f09 ($6.69 in chips)
Seat 2: c0eb5ac7 ($5.85 in chips)
Seat 3: c4662675 ($6.52 in chips)
Seat 4: Hero ($5.97 in chips)
Seat 5: af7ba7e ($1.28 in chips)
Seat 6: d4c20aeb ($5 in chips)
af7ba7e: posts small blind $0.02
d4c20aeb: posts big blind $0.05
*** HOLE CARDS ***
Dealt to a99a9f09 
Dealt to c0eb5ac7 
Dealt to c4662675 
Dealt to Hero [7h 3h]
Dealt to af7ba7e 
Dealt to d4c20aeb 
a99a9f09: folds
c0eb5ac7: folds
c4662675: folds
Hero: folds
af7ba7e: calls $0.03
d4c20aeb: checks
*** FLOP *** [2d 6d 8c]
af7ba7e: checks
d4c20aeb: bets $0.05
af7ba7e: raises $0.15 to $0.2
d4c20aeb: calls $0.15
*** TURN *** [2d 6d 8c] [4s]
af7ba7e: bets $0.38
d4c20aeb: calls $0.38
*** RIVER *** [2d 6d 8c 4s] [Jc]
af7ba7e: bets $0.65 and is all-in
d4c20aeb: folds
Uncalled bet ($0.65) returned to af7ba7e
*** SHOWDOWN ***
af7ba7e collected $1.2 from pot
*** SUMMARY ***
Total pot $1.26 | Rake $0.06 | Jackpot $0 | Bingo $0 | Fortune $0
Board [2d 6d 8c 4s Jc]
Seat 1: a99a9f09 folded before Flop (didn't bet)
Seat 2: c0eb5ac7 folded before Flop (didn't bet)
Seat 3: c4662675 folded before Flop (didn't bet)
Seat 4: Hero (button) folded before Flop (didn't bet)
Seat 5: af7ba7e (small blind) won ($1.2)
Seat 6: d4c20aeb (big blind) folded on the River


Poker Hand #HD1154707464: Hold'em No Limit  ($0.02/$0.05) - 2023/03/10 22:08:19
Table 'NLHBlue41' 6-max Seat #3 is the button
Seat 1: a99a9f09 ($6.69 in chips)
Seat 2: c0eb5ac7 ($6 in chips)
Seat 3: c4662675 ($6.52 in chips)
Seat 4: Hero ($5.99 in chips)
Seat 5: af7ba7e ($1.12 in chips)
Seat 6: d4c20aeb ($5 in chips)
Hero: posts small blind $0.02
af7ba7e: posts big blind $0.05
*** HOLE CARDS ***
Dealt to a99a9f09 
Dealt to c0eb5ac7 
Dealt to c4662675 
Dealt to Hero [Qh 4c]
Dealt to af7ba7e 
Dealt to d4c20aeb 
d4c20aeb: folds
a99a9f09: folds
c0eb5ac7: raises $0.1 to $0.15
c4662675: folds
Hero: folds
af7ba7e: calls $0.1
*** FLOP *** [8h Ad 2h]
af7ba7e: checks
c0eb5ac7: checks
*** TURN *** [8h Ad 2h] [Th]
af7ba7e: checks
c0eb5ac7: checks
*** RIVER *** [8h Ad 2h Th] [Kh]
af7ba7e: checks
c0eb5ac7: checks
af7ba7e: shows [Ks 9c] (Pair of Kings)
c0eb5ac7: shows [Jd Jc] (Pair of Jacks)
*** SHOWDOWN ***
af7ba7e collected $0.31 from pot
*** SUMMARY ***
Total pot $0.32 | Rake $0.01 | Jackpot $0 | Bingo $0 | Fortune $0
Board [8h Ad 2h Th Kh]
Seat 1: a99a9f09 folded before Flop (didn't bet)
Seat 2: c0eb5ac7 showed [Jd Jc] and lost with Pair of Jacks
Seat 3: c4662675 (button) folded before Flop (didn't bet)
Seat 4: Hero (small blind) folded before Flop
Seat 5: af7ba7e (big blind) showed [Ks 9c] and won ($0.31) with Pair of Kings
Seat 6: d4c20aeb folded before Flop (didn't bet)


Poker Hand #HD1154707413: Hold'em No Limit  ($0.02/$0.05) - 2023/03/10 22:07:57
Table 'NLHBlue41' 6-max Seat #2 is the button
Seat 1: a99a9f09 ($6.69 in chips)
Seat 2: c0eb5ac7 ($6 in chips)
Seat 3: c4662675 ($6.54 in chips)
Seat 4: Hero ($6.04 in chips)
Seat 5: af7ba7e ($1.05 in chips)
Seat 6: d4c20aeb ($5 in chips)
c4662675: posts small blind $0.02
Hero: posts big blind $0.05
*** HOLE CARDS ***
Dealt to a99a9f09 
Dealt to c0eb5ac7 
Dealt to c4662675 
Dealt to Hero [4s Qd]
Dealt to af7ba7e 
Dealt to d4c20aeb 
af7ba7e: calls $0.05
d4c20aeb: folds
a99a9f09: folds
c0eb5ac7: folds
c4662675: folds
Hero: checks
*** FLOP *** [7d Ah 2d]
Hero: checks
af7ba7e: bets $0.06
Hero: folds
Uncalled bet ($0.06) returned to af7ba7e
*** SHOWDOWN ***
af7ba7e collected $0.12 from pot
*** SUMMARY ***
Total pot $0.12 | Rake $0 | Jackpot $0 | Bingo $0 | Fortune $0
Board [7d Ah 2d]
Seat 1: a99a9f09 folded before Flop (didn't bet)
Seat 2: c0eb5ac7 (button) folded before Flop (didn't bet)
Seat 3: c4662675 (small blind) folded before Flop
Seat 4: Hero (big blind) folded on the Flop
Seat 5: af7ba7e won ($0.12)
Seat 6: d4c20aeb folded before Flop (didn't bet)


Poker Hand #HD1154707344: Hold'em No Limit  ($0.02/$0.05) - 2023/03/10 22:07:27
Table 'NLHBlue41' 6-max Seat #1 is the button
Seat 1: a99a9f09 ($6.47 in chips)
Seat 2: c0eb5ac7 ($6.02 in chips)
Seat 3: c4662675 ($6.59 in chips)
Seat 4: Hero ($6.04 in chips)
Seat 5: af7ba7e ($1.22 in chips)
Seat 6: d4c20aeb ($5 in chips)
c0eb5ac7: posts small blind $0.02
c4662675: posts big blind $0.05
*** HOLE CARDS ***
Dealt to a99a9f09 
Dealt to c0eb5ac7 
Dealt to c4662675 
Dealt to Hero [9s 2c]
Dealt to af7ba7e 
Dealt to d4c20aeb 
Hero: folds
af7ba7e: raises $0.12 to $0.17
d4c20aeb: folds
a99a9f09: raises $0.31 to $0.48
c0eb5ac7: folds
c4662675: folds
af7ba7e: folds
Uncalled bet ($0.31) returned to a99a9f09
*** SHOWDOWN ***
a99a9f09 collected $0.39 from pot
*** SUMMARY ***
Total pot $0.41 | Rake $0.02 | Jackpot $0 | Bingo $0 | Fortune $0
Seat 1: a99a9f09 (button) collected ($0.39)
Seat 2: c0eb5ac7 (small blind) folded before Flop
Seat 3: c4662675 (big blind) folded before Flop
Seat 4: Hero folded before Flop (didn't bet)
Seat 5: af7ba7e folded before Flop
Seat 6: d4c20aeb folded before Flop (didn't bet)


Poker Hand #HD1154707297: Hold'em No Limit  ($0.02/$0.05) - 2023/03/10 22:07:04
Table 'NLHBlue41' 6-max Seat #6 is the button
Seat 1: a99a9f09 ($6.49 in chips)
Seat 2: c0eb5ac7 ($6 in chips)
Seat 3: c4662675 ($6.59 in chips)
Seat 4: Hero ($6.04 in chips)
Seat 5: af7ba7e ($1.22 in chips)
Seat 6: d4c20aeb ($5 in chips)
a99a9f09: posts small blind $0.02
c0eb5ac7: posts big blind $0.05
*** HOLE CARDS ***
Dealt to a99a9f09 
Dealt to c0eb5ac7 
Dealt to c4662675 
Dealt to Hero [Tc 7c]
Dealt to af7ba7e 
Dealt to d4c20aeb 
c4662675: folds
Hero: folds
af7ba7e: folds
d4c20aeb: folds
a99a9f09: folds
Uncalled bet ($0.03) returned to c0eb5ac7
*** SHOWDOWN ***
c0eb5ac7 collected $0.04 from pot
*** SUMMARY ***
Total pot $0.04 | Rake $0 | Jackpot $0 | Bingo $0 | Fortune $0
Seat 1: a99a9f09 (small blind) folded before Flop
Seat 2: c0eb5ac7 (big blind) collected ($0.04)
Seat 3: c4662675 folded before Flop (didn't bet)
Seat 4: Hero folded before Flop (didn't bet)
Seat 5: af7ba7e folded before Flop (didn't bet)
Seat 6: d4c20aeb (button) folded before Flop (didn't bet)


Poker Hand #HD1154707253: Hold'em No Limit  ($0.02/$0.05) - 2023/03/10 22:06:47
Table 'NLHBlue41' 6-max Seat #5 is the button
Seat 1: a99a9f09 ($6.54 in chips)
Seat 2: c0eb5ac7 ($6 in chips)
Seat 3: c4662675 ($6.59 in chips)
Seat 4: Hero ($6.04 in chips)
Seat 5: af7ba7e ($1.15 in chips)
Seat 6: d4c20aeb ($5 in chips)
d4c20aeb: posts small blind $0.02
a99a9f09: posts big blind $0.05
*** HOLE CARDS ***
Dealt to a99a9f09 
Dealt to c0eb5ac7 
Dealt to c4662675 
Dealt to Hero [6c 5d]
Dealt to af7ba7e 
Dealt to d4c20aeb 
c0eb5ac7: folds
c4662675: folds
Hero: folds
af7ba7e: raises $0.12 to $0.17
d4c20aeb: folds
a99a9f09: folds
Uncalled bet ($0.12) returned to af7ba7e
*** SHOWDOWN ***
af7ba7e collected $0.12 from pot
*** SUMMARY ***
Total pot $0.12 | Rake $0 | Jackpot $0 | Bingo $0 | Fortune $0
Seat 1: a99a9f09 (big blind) folded before Flop
Seat 2: c0eb5ac7 folded before Flop (didn't bet)
Seat 3: c4662675 folded before Flop (didn't bet)
Seat 4: Hero folded before Flop (didn't bet)
Seat 5: af7ba7e (button) collected ($0.12)
Seat 6: d4c20aeb (small blind) folded before Flop


Poker Hand #HD1154707202: Hold'em No Limit  ($0.02/$0.05) - 2023/03/10 22:06:21
Table 'NLHBlue41' 6-max Seat #4 is the button
Seat 1: a99a9f09 ($6.54 in chips)
Seat 2: c0eb5ac7 ($6 in chips)
Seat 3: c4662675 ($6.59 in chips)
Seat 4: Hero ($5.91 in chips)
Seat 5: af7ba7e ($1.17 in chips)
Seat 6: d4c20aeb ($5 in chips)
af7ba7e: posts small blind $0.02
d4c20aeb: posts big blind $0.05
*** HOLE CARDS ***
Dealt to a99a9f09 
Dealt to c0eb5ac7 
Dealt to c4662675 
Dealt to Hero [3s Qs]
Dealt to af7ba7e 
Dealt to d4c20aeb 
a99a9f09: folds
c0eb5ac7: folds
c4662675: folds
Hero: raises $0.07 to $0.12
af7ba7e: folds
d4c20aeb: calls $0.07
*** FLOP *** [Jh 6s 9s]
d4c20aeb: checks
Hero: bets $0.2
d4c20aeb: folds
Uncalled bet ($0.2) returned to Hero
*** SHOWDOWN ***
Hero collected $0.25 from pot
*** SUMMARY ***
Total pot $0.26 | Rake $0.01 | Jackpot $0 | Bingo $0 | Fortune $0
Board [Jh 6s 9s]
Seat 1: a99a9f09 folded before Flop (didn't bet)
Seat 2: c0eb5ac7 folded before Flop (didn't bet)
Seat 3: c4662675 folded before Flop (didn't bet)
Seat 4: Hero (button) won ($0.25)
Seat 5: af7ba7e (small blind) folded before Flop
Seat 6: d4c20aeb (big blind) folded on the Flop


Poker Hand #HD1154707149: Hold'em No Limit  ($0.02/$0.05) - 2023/03/10 22:05:59
Table 'NLHBlue41' 6-max Seat #3 is the button
Seat 1: a99a9f09 ($6.54 in chips)
Seat 2: c0eb5ac7 ($6 in chips)
Seat 3: c4662675 ($6.59 in chips)
Seat 4: Hero ($6.05 in chips)
Seat 5: af7ba7e ($1.04 in chips)
Hero: posts small blind $0.02
af7ba7e: posts big blind $0.05
*** HOLE CARDS ***
Dealt to a99a9f09 
Dealt to c0eb5ac7 
Dealt to c4662675 
Dealt to Hero [Ac 2c]
Dealt to af7ba7e 
a99a9f09: folds
c0eb5ac7: folds
c4662675: folds
Hero: raises $0.09 to $0.14
af7ba7e: raises $0.9 to $1.04 and is all-in
Hero: folds
Uncalled bet ($0.9) returned to af7ba7e
*** SHOWDOWN ***
af7ba7e collected $0.27 from pot
*** SUMMARY ***
Total pot $0.28 | Rake $0.01 | Jackpot $0 | Bingo $0 | Fortune $0
Seat 1: a99a9f09 folded before Flop (didn't bet)
Seat 2: c0eb5ac7 folded before Flop (didn't bet)
Seat 3: c4662675 (button) folded before Flop (didn't bet)
Seat 4: Hero (small blind) folded before Flop
Seat 5: af7ba7e (big blind) collected ($0.27)


Poker Hand #HD1154707117: Hold'em No Limit  ($0.02/$0.05) - 2023/03/10 22:05:46
Table 'NLHBlue41' 6-max Seat #2 is the button
Seat 1: a99a9f09 ($6.54 in chips)
Seat 2: c0eb5ac7 ($5.93 in chips)
Seat 3: c4662675 ($6.61 in chips)
Seat 4: Hero ($6.1 in chips)
c4662675: posts small blind $0.02
Hero: posts big blind $0.05
*** HOLE CARDS ***
Dealt to a99a9f09 
Dealt to c0eb5ac7 
Dealt to c4662675 
Dealt to Hero [7s 6h]
a99a9f09: folds
c0eb5ac7: raises $0.1 to $0.15
c4662675: folds
Hero: folds
Uncalled bet ($0.1) returned to c0eb5ac7
*** SHOWDOWN ***
c0eb5ac7 collected $0.12 from pot
*** SUMMARY ***
Total pot $0.12 | Rake $0 | Jackpot $0 | Bingo $0 | Fortune $0
Seat 1: a99a9f09 folded before Flop (didn't bet)
Seat 2: c0eb5ac7 (button) collected ($0.12)
Seat 3: c4662675 (small blind) folded before Flop
Seat 4: Hero (big blind) folded before Flop


Poker Hand #HD1154707086: Hold'em No Limit  ($0.02/$0.05) - 2023/03/10 22:05:31
Table 'NLHBlue41' 6-max Seat #1 is the button
Seat 1: a99a9f09 ($6.47 in chips)
Seat 2: c0eb5ac7 ($5.95 in chips)
Seat 3: c4662675 ($6.66 in chips)
Seat 4: Hero ($6.1 in chips)
c0eb5ac7: posts small blind $0.02
c4662675: posts big blind $0.05
*** HOLE CARDS ***
Dealt to a99a9f09 
Dealt to c0eb5ac7 
Dealt to c4662675 
Dealt to Hero [7d 5c]
Hero: folds
a99a9f09: raises $0.1 to $0.15
c0eb5ac7: folds
c4662675: folds
Uncalled bet ($0.1) returned to a99a9f09
*** SHOWDOWN ***
a99a9f09 collected $0.12 from pot
*** SUMMARY ***
Total pot $0.12 | Rake $0 | Jackpot $0 | Bingo $0 | Fortune $0
Seat 1: a99a9f09 (button) collected ($0.12)
Seat 2: c0eb5ac7 (small blind) folded before Flop
Seat 3: c4662675 (big blind) folded before Flop
Seat 4: Hero folded before Flop (didn't bet)


Poker Hand #HD1154707060: Hold'em No Limit  ($0.02/$0.05) - 2023/03/10 22:05:19
Table 'NLHBlue41' 6-max Seat #4 is the button
Seat 1: a99a9f09 ($6.42 in chips)
Seat 2: c0eb5ac7 ($6 in chips)
Seat 3: c4662675 ($6.66 in chips)
Seat 4: Hero ($6.1 in chips)
a99a9f09: posts small blind $0.02
c0eb5ac7: posts big blind $0.05
*** HOLE CARDS ***
Dealt to a99a9f09 
Dealt to c0eb5ac7 
Dealt to c4662675 
Dealt to Hero [4d 9s]
c4662675: folds
Hero: folds
a99a9f09: raises $0.15 to $0.2
c0eb5ac7: folds
Uncalled bet ($0.15) returned to a99a9f09
*** SHOWDOWN ***
a99a9f09 collected $0.1 from pot
*** SUMMARY ***
Total pot $0.1 | Rake $0 | Jackpot $0 | Bingo $0 | Fortune $0
Seat 1: a99a9f09 (small blind) collected ($0.1)
Seat 2: c0eb5ac7 (big blind) folded before Flop
Seat 3: c4662675 folded before Flop (didn't bet)
Seat 4: Hero (button) folded before Flop (didn't bet)


Poker Hand #HD1154706964: Hold'em No Limit  ($0.02/$0.05) - 2023/03/10 22:04:37
Table 'NLHBlue41' 6-max Seat #3 is the button
Seat 1: a99a9f09 ($6.42 in chips)
Seat 2: c0eb5ac7 ($6 in chips)
Seat 3: c4662675 ($6.66 in chips)
Seat 4: Hero ($5.28 in chips)
Seat 5: af7ba7e ($1.62 in chips)
Seat 6: 2d058340 ($5.07 in chips)
Hero: posts small blind $0.02
af7ba7e: posts big blind $0.05
*** HOLE CARDS ***
Dealt to a99a9f09 
Dealt to c0eb5ac7 
Dealt to c4662675 
Dealt to Hero [6s 6h]
Dealt to af7ba7e 
Dealt to 2d058340 
2d058340: folds
a99a9f09: folds
c0eb5ac7: folds
c4662675: folds
Hero: raises $0.09 to $0.14
af7ba7e: calls $0.09
*** FLOP *** [5d 4c 2c]
Hero: bets $0.21
af7ba7e: raises $0.7 to $0.91
Hero: raises $3.15 to $4.06
af7ba7e: calls $0.57 and is all-in
Uncalled bet ($2.58) returned to Hero
Hero: shows [6s 6h] (Pair of Sixes)
af7ba7e: shows [2h 7s] (Pair of Twos)
Hero: Chooses to EV Cashout 
*** TURN *** [5d 4c 2c] [Td]
*** RIVER *** [5d 4c 2c Td] [Qs]
Hero: Pays Cashout Risk ($0.59)
*** SHOWDOWN ***
Hero collected $3.03 from pot
*** SUMMARY ***
Total pot $3.24 | Rake $0.16 | Jackpot $0.05 | Bingo $0 | Fortune $0
Board [5d 4c 2c Td Qs]
Seat 1: a99a9f09 folded before Flop (didn't bet)
Seat 2: c0eb5ac7 folded before Flop (didn't bet)
Seat 3: c4662675 (button) folded before Flop (didn't bet)
Seat 4: Hero (small blind) showed [6s 6h] and won ($3.03) with Pair of Sixes, Cashout Risk ($0.59)
Seat 5: af7ba7e (big blind) showed [2h 7s] and lost with Pair of Twos
Seat 6: 2d058340 folded before Flop (didn't bet)


Poker Hand #HD1154706866: Hold'em No Limit  ($0.02/$0.05) - 2023/03/10 22:03:55
Table 'NLHBlue41' 6-max Seat #2 is the button
Seat 1: a99a9f09 ($6.42 in chips)
Seat 2: c0eb5ac7 ($6 in chips)
Seat 3: c4662675 ($6.68 in chips)
Seat 4: Hero ($5 in chips)
Seat 5: af7ba7e ($1.91 in chips)
Seat 6: 2d058340 ($5.07 in chips)
c4662675: posts small blind $0.02
Hero: posts big blind $0.05
*** HOLE CARDS ***
Dealt to a99a9f09 
Dealt to c0eb5ac7 
Dealt to c4662675 
Dealt to Hero [Jd Kc]
Dealt to af7ba7e 
Dealt to 2d058340 
af7ba7e: raises $0.12 to $0.17
2d058340: folds
a99a9f09: folds
c0eb5ac7: folds
c4662675: folds
Hero: calls $0.12
*** FLOP *** [Ac Jh 2d]
Hero: checks
af7ba7e: bets $0.12
Hero: calls $0.12
*** TURN *** [Ac Jh 2d] [4d]
Hero: checks
af7ba7e: checks
*** RIVER *** [Ac Jh 2d 4d] [9c]
Hero: checks
af7ba7e: checks
Hero: shows [Jd Kc] (Pair of Jacks)
af7ba7e: shows [5s 5h] (Pair of Fives)
*** SHOWDOWN ***
Hero collected $0.57 from pot
*** SUMMARY ***
Total pot $0.6 | Rake $0.03 | Jackpot $0 | Bingo $0 | Fortune $0
Board [Ac Jh 2d 4d 9c]
Seat 1: a99a9f09 folded before Flop (didn't bet)
Seat 2: c0eb5ac7 (button) folded before Flop (didn't bet)
Seat 3: c4662675 (small blind) folded before Flop
Seat 4: Hero (big blind) showed [Jd Kc] and won ($0.57) with Pair of Jacks
Seat 5: af7ba7e showed [5s 5h] and lost with Pair of Fives
Seat 6: 2d058340 folded before Flop (didn't bet)


Poker Hand #HD1154706806: Hold'em No Limit  ($0.02/$0.05) - 2023/03/10 22:03:28
Table 'NLHBlue41' 6-max Seat #1 is the button
Seat 1: a99a9f09 ($6.42 in chips)
Seat 2: c0eb5ac7 ($6.02 in chips)
Seat 3: c4662675 ($6.73 in chips)
Seat 4: Hero ($5 in chips)
Seat 5: af7ba7e ($1.91 in chips)
Seat 6: 2d058340 ($5 in chips)
c0eb5ac7: posts small blind $0.02
c4662675: posts big blind $0.05
*** HOLE CARDS ***
Dealt to a99a9f09 
Dealt to c0eb5ac7 
Dealt to c4662675 
Dealt to Hero [3h 6d]
Dealt to af7ba7e 
Dealt to 2d058340 
Hero: folds
af7ba7e: folds
2d058340: raises $0.1 to $0.15
a99a9f09: folds
c0eb5ac7: folds
c4662675: folds
Uncalled bet ($0.1) returned to 2d058340
*** SHOWDOWN ***
2d058340 collected $0.12 from pot
*** SUMMARY ***
Total pot $0.12 | Rake $0 | Jackpot $0 | Bingo $0 | Fortune $0
Seat 1: a99a9f09 (button) folded before Flop (didn't bet)
Seat 2: c0eb5ac7 (small blind) folded before Flop
Seat 3: c4662675 (big blind) folded before Flop
Seat 4: Hero folded before Flop (didn't bet)
Seat 5: af7ba7e folded before Flop (didn't bet)
Seat 6: 2d058340 collected ($0.12)


Poker Hand #HD1154706724: Hold'em No Limit  ($0.02/$0.05) - 2023/03/10 22:02:55
Table 'NLHBlue41' 6-max Seat #6 is the button
Seat 1: a99a9f09 ($6.37 in chips)
Seat 2: c0eb5ac7 ($6.07 in chips)
Seat 3: c4662675 ($6.73 in chips)
Seat 4: Hero ($5 in chips)
Seat 5: af7ba7e ($1.91 in chips)
Seat 6: 2d058340 ($5 in chips)
a99a9f09: posts small blind $0.02
c0eb5ac7: posts big blind $0.05
*** HOLE CARDS ***
Dealt to a99a9f09 
Dealt to c0eb5ac7 
Dealt to c4662675 
Dealt to Hero [Jd Ts]
Dealt to af7ba7e 
Dealt to 2d058340 
c4662675: folds
Hero: folds
af7ba7e: folds
2d058340: folds
a99a9f09: raises $0.15 to $0.2
c0eb5ac7: folds
Uncalled bet ($0.15) returned to a99a9f09
*** SHOWDOWN ***
a99a9f09 collected $0.1 from pot
*** SUMMARY ***
Total pot $0.1 | Rake $0 | Jackpot $0 | Bingo $0 | Fortune $0
Seat 1: a99a9f09 (small blind) collected ($0.1)
Seat 2: c0eb5ac7 (big blind) folded before Flop
Seat 3: c4662675 folded before Flop (didn't bet)
Seat 4: Hero folded before Flop (didn't bet)
Seat 5: af7ba7e folded before Flop (didn't bet)
Seat 6: 2d058340 (button) folded before Flop (didn't bet)


Poker Hand #HD1154706705: Hold'em No Limit  ($0.02/$0.05) - 2023/03/10 22:02:46
Table 'NLHBlue41' 6-max Seat #5 is the button
Seat 1: a99a9f09 ($6.35 in chips)
Seat 2: c0eb5ac7 ($6.07 in chips)
Seat 3: c4662675 ($6.73 in chips)
Seat 4: Hero ($5 in chips)
Seat 5: af7ba7e ($1.91 in chips)
Seat 6: 2d058340 ($5 in chips)
2d058340: posts small blind $0.02
a99a9f09: posts big blind $0.05
*** HOLE CARDS ***
Dealt to a99a9f09 
Dealt to c0eb5ac7 
Dealt to c4662675 
Dealt to Hero [5h 2d]
Dealt to af7ba7e 
Dealt to 2d058340 
c0eb5ac7: folds
c4662675: folds
Hero: folds
af7ba7e: folds
2d058340: folds
Uncalled bet ($0.03) returned to a99a9f09
*** SHOWDOWN ***
a99a9f09 collected $0.04 from pot
*** SUMMARY ***
Total pot $0.04 | Rake $0 | Jackpot $0 | Bingo $0 | Fortune $0
Seat 1: a99a9f09 (big blind) collected ($0.04)
Seat 2: c0eb5ac7 folded before Flop (didn't bet)
Seat 3: c4662675 folded before Flop (didn't bet)
Seat 4: Hero folded before Flop (didn't bet)
Seat 5: af7ba7e (button) folded before Flop (didn't bet)
Seat 6: 2d058340 (small blind) folded before Flop


Poker Hand #HD1154706657: Hold'em No Limit  ($0.02/$0.05) - 2023/03/10 22:02:24
Table 'NLHBlue41' 6-max Seat #4 is the button
Seat 1: a99a9f09 ($6.35 in chips)
Seat 2: c0eb5ac7 ($6.07 in chips)
Seat 3: c4662675 ($6.73 in chips)
Seat 4: Hero ($5 in chips)
Seat 5: af7ba7e ($1.86 in chips)
Seat 6: 2d058340 ($5 in chips)
af7ba7e: posts small blind $0.02
2d058340: posts big blind $0.05
*** HOLE CARDS ***
Dealt to a99a9f09 
Dealt to c0eb5ac7 
Dealt to c4662675 
Dealt to Hero [8c Kd]
Dealt to af7ba7e 
Dealt to 2d058340 
a99a9f09: folds
c0eb5ac7: folds
c4662675: folds
Hero: folds
af7ba7e: raises $0.1 to $0.15
2d058340: folds
Uncalled bet ($0.1) returned to af7ba7e
*** SHOWDOWN ***
af7ba7e collected $0.1 from pot
*** SUMMARY ***
Total pot $0.1 | Rake $0 | Jackpot $0 | Bingo $0 | Fortune $0
Seat 1: a99a9f09 folded before Flop (didn't bet)
Seat 2: c0eb5ac7 folded before Flop (didn't bet)
Seat 3: c4662675 folded before Flop (didn't bet)
Seat 4: Hero (button) folded before Flop (didn't bet)
Seat 5: af7ba7e (small blind) collected ($0.1)
Seat 6: 2d058340 (big blind) folded before Flop


Poker Hand #HD1154706543: Hold'em No Limit  ($0.02/$0.05) - 2023/03/10 22:01:32
Table 'NLHBlue41' 6-max Seat #3 is the button
Seat 1: a99a9f09 ($6.35 in chips)
Seat 2: c0eb5ac7 ($6.07 in chips)
Seat 3: c4662675 ($6.73 in chips)
Seat 4: Hero ($5 in chips)
Seat 5: af7ba7e ($1 in chips)
Seat 6: 2d058340 ($5 in chips)
Hero: posts small blind $0.02
af7ba7e: posts big blind $0.05
*** HOLE CARDS ***
Dealt to a99a9f09 
Dealt to c0eb5ac7 
Dealt to c4662675 
Dealt to Hero [Ad 5h]
Dealt to af7ba7e 
Dealt to 2d058340 
2d058340: folds
a99a9f09: folds
c0eb5ac7: folds
c4662675: folds
Hero: raises $0.09 to $0.14
af7ba7e: calls $0.09
*** FLOP *** [Qc 5d 4c]
Hero: bets $0.12
af7ba7e: calls $0.12
*** TURN *** [Qc 5d 4c] [Ac]
Hero: bets $0.18
af7ba7e: calls $0.18
*** RIVER *** [Qc 5d 4c Ac] [Kd]
Hero: checks
af7ba7e: bets $0.56 and is all-in
Hero: calls $0.56
af7ba7e: shows [2c 9c] (Ace High Flush)
Hero: shows [Ad 5h] (Pair of Aces and Pair of Fives)
*** SHOWDOWN ***
af7ba7e collected $1.86 from pot
*** SUMMARY ***
Total pot $2 | Rake $0.09 | Jackpot $0.05 | Bingo $0 | Fortune $0
Board [Qc 5d 4c Ac Kd]
Seat 1: a99a9f09 folded before Flop (didn't bet)
Seat 2: c0eb5ac7 folded before Flop (didn't bet)
Seat 3: c4662675 (button) folded before Flop (didn't bet)
Seat 4: Hero (small blind) showed [Ad 5h] and lost with Pair of Aces and Pair of Fives
Seat 5: af7ba7e (big blind) showed [2c 9c] and won ($1.86) with Ace High Flush
Seat 6: 2d058340 folded before Flop (didn't bet)


Poker Hand #HD1154706504: Hold'em No Limit  ($0.02/$0.05) - 2023/03/10 22:01:15
Table 'NLHBlue41' 6-max Seat #2 is the button
Seat 1: a99a9f09 ($6.35 in chips)
Seat 2: c0eb5ac7 ($6 in chips)
Seat 3: c4662675 ($6.75 in chips)
Seat 4: Hero ($5 in chips)
Seat 6: 2d058340 ($5 in chips)
c4662675: posts small blind $0.02
Hero: posts big blind $0.05
*** HOLE CARDS ***
Dealt to a99a9f09 
Dealt to c0eb5ac7 
Dealt to c4662675 
Dealt to Hero [6c Ks]
Dealt to 2d058340 
2d058340: folds
a99a9f09: folds
c0eb5ac7: raises $0.1 to $0.15
c4662675: folds
Hero: folds
Uncalled bet ($0.1) returned to c0eb5ac7
*** SHOWDOWN ***
c0eb5ac7 collected $0.12 from pot
*** SUMMARY ***
Total pot $0.12 | Rake $0 | Jackpot $0 | Bingo $0 | Fortune $0
Seat 1: a99a9f09 folded before Flop (didn't bet)
Seat 2: c0eb5ac7 (button) collected ($0.12)
Seat 3: c4662675 (small blind) folded before Flop
Seat 4: Hero (big blind) folded before Flop
Seat 6: 2d058340 folded before Flop (didn't bet)


