Poker Hand #HD1199338579: Hold'em No Limit  ($0.02/$0.05) - 2023/04/11 22:44:50
Table 'NLHBlue61' 6-max Seat #4 is the button
Seat 1: Hero ($5 in chips)
Seat 2: 8fe5ac2a ($7.25 in chips)
Seat 3: 83873abf ($6.8 in chips)
Seat 4: 6eb302b5 ($2.38 in chips)
Seat 5: b5e6c502 ($2.95 in chips)
Seat 6: 5ee69f1d ($5.59 in chips)
b5e6c502: posts small blind $0.02
5ee69f1d: posts big blind $0.05
*** HOLE CARDS ***
Dealt to Hero [4s 7c]
Dealt to 8fe5ac2a 
Dealt to 83873abf 
Dealt to 6eb302b5 
Dealt to b5e6c502 
Dealt to 5ee69f1d 
Hero: folds
8fe5ac2a: folds
83873abf: folds
6eb302b5: raises $0.08 to $0.13
b5e6c502: folds
5ee69f1d: folds
Uncalled bet ($0.08) returned to 6eb302b5
*** SHOWDOWN ***
6eb302b5 collected $0.12 from pot
*** SUMMARY ***
Total pot $0.12 | Rake $0 | Jackpot $0 | Bingo $0 | Fortune $0
Seat 1: Hero folded before Flop (didn't bet)
Seat 2: 8fe5ac2a folded before Flop (didn't bet)
Seat 3: 83873abf folded before Flop (didn't bet)
Seat 4: 6eb302b5 (button) collected ($0.12)
Seat 5: b5e6c502 (small blind) folded before Flop
Seat 6: 5ee69f1d (big blind) folded before Flop


Poker Hand #HD1199338533: Hold'em No Limit  ($0.02/$0.05) - 2023/04/11 22:44:26
Table 'NLHBlue61' 6-max Seat #3 is the button
Seat 1: Hero ($5 in chips)
Seat 2: 8fe5ac2a ($7.25 in chips)
Seat 3: 83873abf ($6.64 in chips)
Seat 4: 6eb302b5 ($2.5 in chips)
Seat 5: b5e6c502 ($3 in chips)
Seat 6: 5ee69f1d ($5.59 in chips)
6eb302b5: posts small blind $0.02
b5e6c502: posts big blind $0.05
*** HOLE CARDS ***
Dealt to Hero [6c 2d]
Dealt to 8fe5ac2a 
Dealt to 83873abf 
Dealt to 6eb302b5 
Dealt to b5e6c502 
Dealt to 5ee69f1d 
5ee69f1d: folds
Hero: folds
8fe5ac2a: folds
83873abf: raises $0.07 to $0.12
6eb302b5: calls $0.1
b5e6c502: folds
*** FLOP *** [9c 7c Kd]
6eb302b5: checks
83873abf: bets $0.1
6eb302b5: folds
Uncalled bet ($0.1) returned to 83873abf
*** SHOWDOWN ***
83873abf collected $0.28 from pot
*** SUMMARY ***
Total pot $0.29 | Rake $0.01 | Jackpot $0 | Bingo $0 | Fortune $0
Board [9c 7c Kd]
Seat 1: Hero folded before Flop (didn't bet)
Seat 2: 8fe5ac2a folded before Flop (didn't bet)
Seat 3: 83873abf (button) won ($0.28)
Seat 4: 6eb302b5 (small blind) folded on the Flop
Seat 5: b5e6c502 (big blind) folded before Flop
Seat 6: 5ee69f1d folded before Flop (didn't bet)


Poker Hand #HD1199338491: Hold'em No Limit  ($0.02/$0.05) - 2023/04/11 22:44:00
Table 'NLHBlue61' 6-max Seat #2 is the button
Seat 1: Hero ($5 in chips)
Seat 2: 8fe5ac2a ($7.25 in chips)
Seat 3: 83873abf ($6.66 in chips)
Seat 4: 6eb302b5 ($2.48 in chips)
Seat 6: 5ee69f1d ($5.59 in chips)
83873abf: posts small blind $0.02
6eb302b5: posts big blind $0.05
*** HOLE CARDS ***
Dealt to Hero [4d 8h]
Dealt to 8fe5ac2a 
Dealt to 83873abf 
Dealt to 6eb302b5 
Dealt to 5ee69f1d 
5ee69f1d: folds
Hero: folds
8fe5ac2a: folds
83873abf: folds
Uncalled bet ($0.03) returned to 6eb302b5
*** SHOWDOWN ***
6eb302b5 collected $0.04 from pot
*** SUMMARY ***
Total pot $0.04 | Rake $0 | Jackpot $0 | Bingo $0 | Fortune $0
Seat 1: Hero folded before Flop (didn't bet)
Seat 2: 8fe5ac2a (button) folded before Flop (didn't bet)
Seat 3: 83873abf (small blind) folded before Flop
Seat 4: 6eb302b5 (big blind) collected ($0.04)
Seat 6: 5ee69f1d folded before Flop (didn't bet)


Poker Hand #HD1199338425: Hold'em No Limit  ($0.02/$0.05) - 2023/04/11 22:43:16
Table 'NLHBlue61' 6-max Seat #1 is the button
Seat 1: Hero ($5.05 in chips)
Seat 2: 8fe5ac2a ($7.27 in chips)
Seat 3: 83873abf ($5.57 in chips)
Seat 6: 5ee69f1d ($5.59 in chips)
8fe5ac2a: posts small blind $0.02
83873abf: posts big blind $0.05
*** HOLE CARDS ***
Dealt to Hero [Ac Kd]
Dealt to 8fe5ac2a 
Dealt to 83873abf 
Dealt to 5ee69f1d 
5ee69f1d: folds
Hero: raises $0.07 to $0.12
8fe5ac2a: folds
83873abf: raises $0.42 to $0.54
Hero: raises $0.7 to $1.24
83873abf: raises $1.06 to $2.3
Hero: folds
Uncalled bet ($1.06) returned to 83873abf
*** SHOWDOWN ***
83873abf collected $2.33 from pot
*** SUMMARY ***
Total pot $2.5 | Rake $0.12 | Jackpot $0.05 | Bingo $0 | Fortune $0
Seat 1: Hero (button) folded before Flop
Seat 2: 8fe5ac2a (small blind) folded before Flop
Seat 3: 83873abf (big blind) collected ($2.33)
Seat 6: 5ee69f1d folded before Flop (didn't bet)


Poker Hand #HD1199338391: Hold'em No Limit  ($0.02/$0.05) - 2023/04/11 22:42:58
Table 'NLHBlue61' 6-max Seat #6 is the button
Seat 1: Hero ($5 in chips)
Seat 2: 8fe5ac2a ($7.32 in chips)
Seat 3: 83873abf ($5.57 in chips)
Seat 6: 5ee69f1d ($5.59 in chips)
Hero: posts small blind $0.02
8fe5ac2a: posts big blind $0.05
*** HOLE CARDS ***
Dealt to Hero [Jh 8c]
Dealt to 8fe5ac2a 
Dealt to 83873abf 
Dealt to 5ee69f1d 
83873abf: folds
5ee69f1d: folds
Hero: raises $0.09 to $0.14
8fe5ac2a: folds
Uncalled bet ($0.09) returned to Hero
*** SHOWDOWN ***
Hero collected $0.1 from pot
*** SUMMARY ***
Total pot $0.1 | Rake $0 | Jackpot $0 | Bingo $0 | Fortune $0
Seat 1: Hero (small blind) collected ($0.1)
Seat 2: 8fe5ac2a (big blind) folded before Flop
Seat 3: 83873abf folded before Flop (didn't bet)
Seat 6: 5ee69f1d (button) folded before Flop (didn't bet)


Poker Hand #HD1199338325: Hold'em No Limit  ($0.02/$0.05) - 2023/04/11 22:42:13
Table 'NLHBlue61' 6-max Seat #3 is the button
Seat 1: Hero ($5 in chips)
Seat 2: 8fe5ac2a ($7.32 in chips)
Seat 3: 83873abf ($5.69 in chips)
Seat 6: 5ee69f1d ($5.43 in chips)
5ee69f1d: posts small blind $0.02
Hero: posts big blind $0.05
*** HOLE CARDS ***
Dealt to Hero [8c 8h]
Dealt to 8fe5ac2a 
Dealt to 83873abf 
Dealt to 5ee69f1d 
8fe5ac2a: folds
83873abf: raises $0.07 to $0.12
5ee69f1d: raises $0.38 to $0.5
Hero: folds
83873abf: folds
Uncalled bet ($0.38) returned to 5ee69f1d
*** SHOWDOWN ***
5ee69f1d collected $0.28 from pot
*** SUMMARY ***
Total pot $0.29 | Rake $0.01 | Jackpot $0 | Bingo $0 | Fortune $0
Seat 1: Hero (big blind) folded before Flop
Seat 2: 8fe5ac2a folded before Flop (didn't bet)
Seat 3: 83873abf (button) folded before Flop
Seat 6: 5ee69f1d (small blind) collected ($0.28)


Poker Hand #HD1199338277: Hold'em No Limit  ($0.02/$0.05) - 2023/04/11 22:41:44
Table 'NLHBlue61' 6-max Seat #2 is the button
Seat 1: Hero ($5 in chips)
Seat 2: 8fe5ac2a ($7.32 in chips)
Seat 3: 83873abf ($5.71 in chips)
Seat 6: 5ee69f1d ($5.41 in chips)
83873abf: posts small blind $0.02
5ee69f1d: posts big blind $0.05
*** HOLE CARDS ***
Dealt to Hero [3h 9h]
Dealt to 8fe5ac2a 
Dealt to 83873abf 
Dealt to 5ee69f1d 
Hero: folds
8fe5ac2a: folds
83873abf: folds
Uncalled bet ($0.03) returned to 5ee69f1d
*** SHOWDOWN ***
5ee69f1d collected $0.04 from pot
*** SUMMARY ***
Total pot $0.04 | Rake $0 | Jackpot $0 | Bingo $0 | Fortune $0
Seat 1: Hero folded before Flop (didn't bet)
Seat 2: 8fe5ac2a (button) folded before Flop (didn't bet)
Seat 3: 83873abf (small blind) folded before Flop
Seat 6: 5ee69f1d (big blind) collected ($0.04)


Poker Hand #HD1199338247: Hold'em No Limit  ($0.02/$0.05) - 2023/04/11 22:41:22
Table 'NLHBlue61' 6-max Seat #1 is the button
Seat 1: Hero ($5 in chips)
Seat 2: 8fe5ac2a ($7.34 in chips)
Seat 3: 83873abf ($5.69 in chips)
Seat 5: 8bc389b ($2.52 in chips)
Seat 6: 5ee69f1d ($5.41 in chips)
8fe5ac2a: posts small blind $0.02
83873abf: posts big blind $0.05
*** HOLE CARDS ***
Dealt to Hero [7s Tc]
Dealt to 8fe5ac2a 
Dealt to 83873abf 
Dealt to 8bc389b 
Dealt to 5ee69f1d 
8bc389b: folds
5ee69f1d: folds
Hero: folds
8fe5ac2a: folds
Uncalled bet ($0.03) returned to 83873abf
*** SHOWDOWN ***
83873abf collected $0.04 from pot
*** SUMMARY ***
Total pot $0.04 | Rake $0 | Jackpot $0 | Bingo $0 | Fortune $0
Seat 1: Hero (button) folded before Flop (didn't bet)
Seat 2: 8fe5ac2a (small blind) folded before Flop
Seat 3: 83873abf (big blind) collected ($0.04)
Seat 5: 8bc389b folded before Flop (didn't bet)
Seat 6: 5ee69f1d folded before Flop (didn't bet)


Poker Hand #HD1199338109: Hold'em No Limit  ($0.02/$0.05) - 2023/04/11 22:40:10
Table 'NLHBlue61' 6-max Seat #6 is the button
Seat 1: Hero ($5.02 in chips)
Seat 2: 8fe5ac2a ($6.95 in chips)
Seat 3: 83873abf ($5.69 in chips)
Seat 5: 8bc389b ($2.93 in chips)
Seat 6: 5ee69f1d ($5.41 in chips)
Hero: posts small blind $0.02
8fe5ac2a: posts big blind $0.05
*** HOLE CARDS ***
Dealt to Hero [Td 2c]
Dealt to 8fe5ac2a 
Dealt to 83873abf 
Dealt to 8bc389b 
Dealt to 5ee69f1d 
83873abf: folds
8bc389b: calls $0.05
5ee69f1d: folds
Hero: folds
8fe5ac2a: raises $0.15 to $0.2
8bc389b: calls $0.15
*** FLOP *** [3s 4s 5s]
8fe5ac2a: bets $0.21
8bc389b: calls $0.21
*** TURN *** [3s 4s 5s] [4h]
8fe5ac2a: bets $0.63
8bc389b: folds
Uncalled bet ($0.63) returned to 8fe5ac2a
*** SHOWDOWN ***
8fe5ac2a collected $0.8 from pot
*** SUMMARY ***
Total pot $0.84 | Rake $0.04 | Jackpot $0 | Bingo $0 | Fortune $0
Board [3s 4s 5s 4h]
Seat 1: Hero (small blind) folded before Flop
Seat 2: 8fe5ac2a (big blind) won ($0.8)
Seat 3: 83873abf folded before Flop (didn't bet)
Seat 5: 8bc389b folded on the Turn
Seat 6: 5ee69f1d (button) folded before Flop (didn't bet)


Poker Hand #HD1199338064: Hold'em No Limit  ($0.02/$0.05) - 2023/04/11 22:39:44
Table 'NLHBlue61' 6-max Seat #5 is the button
Seat 1: Hero ($5.07 in chips)
Seat 2: 8fe5ac2a ($6.95 in chips)
Seat 3: 83873abf ($5.62 in chips)
Seat 5: 8bc389b ($2.93 in chips)
Seat 6: 5ee69f1d ($5.43 in chips)
5ee69f1d: posts small blind $0.02
Hero: posts big blind $0.05
*** HOLE CARDS ***
Dealt to Hero [Kd 2s]
Dealt to 8fe5ac2a 
Dealt to 83873abf 
Dealt to 8bc389b 
Dealt to 5ee69f1d 
8fe5ac2a: folds
83873abf: raises $0.1 to $0.15
8bc389b: folds
5ee69f1d: folds
Hero: folds
Uncalled bet ($0.1) returned to 83873abf
*** SHOWDOWN ***
83873abf collected $0.12 from pot
*** SUMMARY ***
Total pot $0.12 | Rake $0 | Jackpot $0 | Bingo $0 | Fortune $0
Seat 1: Hero (big blind) folded before Flop
Seat 2: 8fe5ac2a folded before Flop (didn't bet)
Seat 3: 83873abf collected ($0.12)
Seat 5: 8bc389b (button) folded before Flop (didn't bet)
Seat 6: 5ee69f1d (small blind) folded before Flop


Poker Hand #HD1199338009: Hold'em No Limit  ($0.02/$0.05) - 2023/04/11 22:39:13
Table 'NLHBlue61' 6-max Seat #3 is the button
Seat 1: Hero ($5 in chips)
Seat 2: 8fe5ac2a ($6.95 in chips)
Seat 3: 83873abf ($5.62 in chips)
Seat 4: bcd02ce1 ($7 in chips)
Seat 5: 8bc389b ($2.98 in chips)
Seat 6: 5ee69f1d ($5.43 in chips)
bcd02ce1: posts small blind $0.02
8bc389b: posts big blind $0.05
*** HOLE CARDS ***
Dealt to Hero [Jd Kc]
Dealt to 8fe5ac2a 
Dealt to 83873abf 
Dealt to bcd02ce1 
Dealt to 8bc389b 
Dealt to 5ee69f1d 
5ee69f1d: folds
Hero: raises $0.07 to $0.12
8fe5ac2a: folds
83873abf: folds
bcd02ce1: folds
8bc389b: folds
Uncalled bet ($0.07) returned to Hero
*** SHOWDOWN ***
Hero collected $0.12 from pot
*** SUMMARY ***
Total pot $0.12 | Rake $0 | Jackpot $0 | Bingo $0 | Fortune $0
Seat 1: Hero collected ($0.12)
Seat 2: 8fe5ac2a folded before Flop (didn't bet)
Seat 3: 83873abf (button) folded before Flop (didn't bet)
Seat 4: bcd02ce1 (small blind) folded before Flop
Seat 5: 8bc389b (big blind) folded before Flop
Seat 6: 5ee69f1d folded before Flop (didn't bet)


Poker Hand #HD1199337969: Hold'em No Limit  ($0.02/$0.05) - 2023/04/11 22:38:44
Table 'NLHBlue61' 6-max Seat #2 is the button
Seat 1: Hero ($5 in chips)
Seat 2: 8fe5ac2a ($6.95 in chips)
Seat 3: 83873abf ($5.64 in chips)
Seat 4: bcd02ce1 ($6.98 in chips)
Seat 5: 8bc389b ($2.98 in chips)
Seat 6: 5ee69f1d ($5.43 in chips)
83873abf: posts small blind $0.02
bcd02ce1: posts big blind $0.05
*** HOLE CARDS ***
Dealt to Hero [Jh 8h]
Dealt to 8fe5ac2a 
Dealt to 83873abf 
Dealt to bcd02ce1 
Dealt to 8bc389b 
Dealt to 5ee69f1d 
8bc389b: folds
5ee69f1d: folds
Hero: folds
8fe5ac2a: folds
83873abf: folds
Uncalled bet ($0.03) returned to bcd02ce1
*** SHOWDOWN ***
bcd02ce1 collected $0.04 from pot
*** SUMMARY ***
Total pot $0.04 | Rake $0 | Jackpot $0 | Bingo $0 | Fortune $0
Seat 1: Hero folded before Flop (didn't bet)
Seat 2: 8fe5ac2a (button) folded before Flop (didn't bet)
Seat 3: 83873abf (small blind) folded before Flop
Seat 4: bcd02ce1 (big blind) collected ($0.04)
Seat 5: 8bc389b folded before Flop (didn't bet)
Seat 6: 5ee69f1d folded before Flop (didn't bet)


Poker Hand #HD1199337860: Hold'em No Limit  ($0.02/$0.05) - 2023/04/11 22:37:37
Table 'NLHBlue61' 6-max Seat #1 is the button
Seat 1: Hero ($5 in chips)
Seat 2: 8fe5ac2a ($7.5 in chips)
Seat 3: 83873abf ($5 in chips)
Seat 4: bcd02ce1 ($6.98 in chips)
Seat 5: 8bc389b ($2.98 in chips)
Seat 6: 5ee69f1d ($5.58 in chips)
8fe5ac2a: posts small blind $0.02
83873abf: posts big blind $0.05
*** HOLE CARDS ***
Dealt to Hero [Ks Jc]
Dealt to 8fe5ac2a 
Dealt to 83873abf 
Dealt to bcd02ce1 
Dealt to 8bc389b 
Dealt to 5ee69f1d 
bcd02ce1: folds
8bc389b: folds
5ee69f1d: raises $0.1 to $0.15
Hero: folds
8fe5ac2a: raises $0.4 to $0.55
83873abf: raises $0.49 to $1.04
5ee69f1d: folds
8fe5ac2a: folds
Uncalled bet ($0.49) returned to 83873abf
*** SHOWDOWN ***
83873abf collected $1.19 from pot
*** SUMMARY ***
Total pot $1.25 | Rake $0.06 | Jackpot $0 | Bingo $0 | Fortune $0
Seat 1: Hero (button) folded before Flop (didn't bet)
Seat 2: 8fe5ac2a (small blind) folded before Flop
Seat 3: 83873abf (big blind) collected ($1.19)
Seat 4: bcd02ce1 folded before Flop (didn't bet)
Seat 5: 8bc389b folded before Flop (didn't bet)
Seat 6: 5ee69f1d folded before Flop


Poker Hand #HD1199337789: Hold'em No Limit  ($0.02/$0.05) - 2023/04/11 22:36:59
Table 'NLHBlue61' 6-max Seat #6 is the button
Seat 1: Hero ($5.02 in chips)
Seat 2: 8fe5ac2a ($7.55 in chips)
Seat 3: 83873abf ($5 in chips)
Seat 4: bcd02ce1 ($6.98 in chips)
Seat 5: 8bc389b ($2.91 in chips)
Seat 6: 5ee69f1d ($5.58 in chips)
Hero: posts small blind $0.02
8fe5ac2a: posts big blind $0.05
*** HOLE CARDS ***
Dealt to Hero [2h Ad]
Dealt to 8fe5ac2a 
Dealt to 83873abf 
Dealt to bcd02ce1 
Dealt to 8bc389b 
Dealt to 5ee69f1d 
83873abf: folds
bcd02ce1: folds
8bc389b: calls $0.05
5ee69f1d: folds
Hero: folds
8fe5ac2a: checks
*** FLOP *** [6s 6h 5c]
8fe5ac2a: checks
8bc389b: checks
*** TURN *** [6s 6h 5c] [Ah]
8fe5ac2a: checks
8bc389b: bets $0.09
8fe5ac2a: folds
Uncalled bet ($0.09) returned to 8bc389b
*** SHOWDOWN ***
8bc389b collected $0.12 from pot
*** SUMMARY ***
Total pot $0.12 | Rake $0 | Jackpot $0 | Bingo $0 | Fortune $0
Board [6s 6h 5c Ah]
Seat 1: Hero (small blind) folded before Flop
Seat 2: 8fe5ac2a (big blind) folded on the Turn
Seat 3: 83873abf folded before Flop (didn't bet)
Seat 4: bcd02ce1 folded before Flop (didn't bet)
Seat 5: 8bc389b won ($0.12)
Seat 6: 5ee69f1d (button) folded before Flop (didn't bet)


Poker Hand #HD1199337769: Hold'em No Limit  ($0.02/$0.05) - 2023/04/11 22:36:45
Table 'NLHBlue61' 6-max Seat #5 is the button
Seat 1: Hero ($5 in chips)
Seat 2: 8fe5ac2a ($7.55 in chips)
Seat 3: 83873abf ($5 in chips)
Seat 4: bcd02ce1 ($6.98 in chips)
Seat 5: 8bc389b ($2.91 in chips)
Seat 6: 5ee69f1d ($5.6 in chips)
5ee69f1d: posts small blind $0.02
Hero: posts big blind $0.05
*** HOLE CARDS ***
Dealt to Hero [3c 9h]
Dealt to 8fe5ac2a 
Dealt to 83873abf 
Dealt to bcd02ce1 
Dealt to 8bc389b 
Dealt to 5ee69f1d 
8fe5ac2a: folds
83873abf: folds
bcd02ce1: folds
8bc389b: folds
5ee69f1d: folds
Uncalled bet ($0.03) returned to Hero
*** SHOWDOWN ***
Hero collected $0.04 from pot
*** SUMMARY ***
Total pot $0.04 | Rake $0 | Jackpot $0 | Bingo $0 | Fortune $0
Seat 1: Hero (big blind) collected ($0.04)
Seat 2: 8fe5ac2a folded before Flop (didn't bet)
Seat 3: 83873abf folded before Flop (didn't bet)
Seat 4: bcd02ce1 folded before Flop (didn't bet)
Seat 5: 8bc389b (button) folded before Flop (didn't bet)
Seat 6: 5ee69f1d (small blind) folded before Flop


Poker Hand #HD1199337715: Hold'em No Limit  ($0.02/$0.05) - 2023/04/11 22:36:12
Table 'NLHBlue61' 6-max Seat #4 is the button
Seat 1: Hero ($5 in chips)
Seat 2: 8fe5ac2a ($7.55 in chips)
Seat 3: 83873abf ($5 in chips)
Seat 4: bcd02ce1 ($6.98 in chips)
Seat 5: 8bc389b ($2.86 in chips)
Seat 6: 5ee69f1d ($5.65 in chips)
8bc389b: posts small blind $0.02
5ee69f1d: posts big blind $0.05
*** HOLE CARDS ***
Dealt to Hero [2d Tc]
Dealt to 8fe5ac2a 
Dealt to 83873abf 
Dealt to bcd02ce1 
Dealt to 8bc389b 
Dealt to 5ee69f1d 
Hero: folds
8fe5ac2a: folds
83873abf: folds
bcd02ce1: folds
8bc389b: raises $0.05 to $0.1
5ee69f1d: folds
Uncalled bet ($0.05) returned to 8bc389b
*** SHOWDOWN ***
8bc389b collected $0.1 from pot
*** SUMMARY ***
Total pot $0.1 | Rake $0 | Jackpot $0 | Bingo $0 | Fortune $0
Seat 1: Hero folded before Flop (didn't bet)
Seat 2: 8fe5ac2a folded before Flop (didn't bet)
Seat 3: 83873abf folded before Flop (didn't bet)
Seat 4: bcd02ce1 (button) folded before Flop (didn't bet)
Seat 5: 8bc389b (small blind) collected ($0.1)
Seat 6: 5ee69f1d (big blind) folded before Flop


Poker Hand #HD1199337625: Hold'em No Limit  ($0.02/$0.05) - 2023/04/11 22:35:18
Table 'NLHBlue61' 6-max Seat #3 is the button
Seat 1: Hero ($5 in chips)
Seat 2: 8fe5ac2a ($7.55 in chips)
Seat 3: 83873abf ($5 in chips)
Seat 4: bcd02ce1 ($6.82 in chips)
Seat 5: 8bc389b ($2.91 in chips)
Seat 6: 5ee69f1d ($5.65 in chips)
bcd02ce1: posts small blind $0.02
8bc389b: posts big blind $0.05
*** HOLE CARDS ***
Dealt to Hero [Kd 8s]
Dealt to 8fe5ac2a 
Dealt to 83873abf 
Dealt to bcd02ce1 
Dealt to 8bc389b 
Dealt to 5ee69f1d 
5ee69f1d: folds
Hero: folds
8fe5ac2a: folds
83873abf: raises $0.07 to $0.12
bcd02ce1: raises $0.34 to $0.46
8bc389b: folds
83873abf: folds
Uncalled bet ($0.34) returned to bcd02ce1
*** SHOWDOWN ***
bcd02ce1 collected $0.28 from pot
*** SUMMARY ***
Total pot $0.29 | Rake $0.01 | Jackpot $0 | Bingo $0 | Fortune $0
Seat 1: Hero folded before Flop (didn't bet)
Seat 2: 8fe5ac2a folded before Flop (didn't bet)
Seat 3: 83873abf (button) folded before Flop
Seat 4: bcd02ce1 (small blind) collected ($0.28)
Seat 5: 8bc389b (big blind) folded before Flop
Seat 6: 5ee69f1d folded before Flop (didn't bet)


Poker Hand #HD1199337582: Hold'em No Limit  ($0.02/$0.05) - 2023/04/11 22:34:53
Table 'NLHBlue61' 6-max Seat #2 is the button
Seat 1: Hero ($5 in chips)
Seat 2: 8fe5ac2a ($7.55 in chips)
Seat 3: 83873abf ($5 in chips)
Seat 4: bcd02ce1 ($6.8 in chips)
Seat 5: 8bc389b ($2.91 in chips)
Seat 6: 5ee69f1d ($5.65 in chips)
83873abf: posts small blind $0.02
bcd02ce1: posts big blind $0.05
*** HOLE CARDS ***
Dealt to Hero [7c 5d]
Dealt to 8fe5ac2a 
Dealt to 83873abf 
Dealt to bcd02ce1 
Dealt to 8bc389b 
Dealt to 5ee69f1d 
8bc389b: folds
5ee69f1d: folds
Hero: folds
8fe5ac2a: folds
83873abf: folds
Uncalled bet ($0.03) returned to bcd02ce1
*** SHOWDOWN ***
bcd02ce1 collected $0.04 from pot
*** SUMMARY ***
Total pot $0.04 | Rake $0 | Jackpot $0 | Bingo $0 | Fortune $0
Seat 1: Hero folded before Flop (didn't bet)
Seat 2: 8fe5ac2a (button) folded before Flop (didn't bet)
Seat 3: 83873abf (small blind) folded before Flop
Seat 4: bcd02ce1 (big blind) collected ($0.04)
Seat 5: 8bc389b folded before Flop (didn't bet)
Seat 6: 5ee69f1d folded before Flop (didn't bet)


Poker Hand #HD1199337472: Hold'em No Limit  ($0.02/$0.05) - 2023/04/11 22:33:43
Table 'NLHBlue61' 6-max Seat #1 is the button
Seat 1: Hero ($5 in chips)
Seat 2: 8fe5ac2a ($7.57 in chips)
Seat 3: 83873abf ($5.07 in chips)
Seat 4: bcd02ce1 ($6.8 in chips)
Seat 5: 8bc389b ($2.91 in chips)
Seat 6: 5ee69f1d ($5.49 in chips)
8fe5ac2a: posts small blind $0.02
83873abf: posts big blind $0.05
*** HOLE CARDS ***
Dealt to Hero [7c Qh]
Dealt to 8fe5ac2a 
Dealt to 83873abf 
Dealt to bcd02ce1 
Dealt to 8bc389b 
Dealt to 5ee69f1d 
bcd02ce1: folds
8bc389b: folds
5ee69f1d: raises $0.1 to $0.15
Hero: folds
8fe5ac2a: folds
83873abf: calls $0.1
*** FLOP *** [Th 6d 4d]
83873abf: checks
5ee69f1d: bets $0.16
83873abf: folds
Uncalled bet ($0.16) returned to 5ee69f1d
*** SHOWDOWN ***
5ee69f1d collected $0.31 from pot
*** SUMMARY ***
Total pot $0.32 | Rake $0.01 | Jackpot $0 | Bingo $0 | Fortune $0
Board [Th 6d 4d]
Seat 1: Hero (button) folded before Flop (didn't bet)
Seat 2: 8fe5ac2a (small blind) folded before Flop
Seat 3: 83873abf (big blind) folded on the Flop
Seat 4: bcd02ce1 folded before Flop (didn't bet)
Seat 5: 8bc389b folded before Flop (didn't bet)
Seat 6: 5ee69f1d won ($0.31)


Poker Hand #HD1199337402: Hold'em No Limit  ($0.02/$0.05) - 2023/04/11 22:33:01
Table 'NLHBlue61' 6-max Seat #6 is the button
Seat 1: Hero ($5 in chips)
Seat 2: 8fe5ac2a ($7.62 in chips)
Seat 3: 83873abf ($5.07 in chips)
Seat 4: bcd02ce1 ($6.8 in chips)
Seat 5: 8bc389b ($2.84 in chips)
Seat 6: 5ee69f1d ($5.49 in chips)
Hero: posts small blind $0.02
8fe5ac2a: posts big blind $0.05
*** HOLE CARDS ***
Dealt to Hero [4d 6c]
Dealt to 8fe5ac2a 
Dealt to 83873abf 
Dealt to bcd02ce1 
Dealt to 8bc389b 
Dealt to 5ee69f1d 
83873abf: folds
bcd02ce1: folds
8bc389b: raises $0.05 to $0.1
5ee69f1d: folds
Hero: folds
8fe5ac2a: folds
Uncalled bet ($0.05) returned to 8bc389b
*** SHOWDOWN ***
8bc389b collected $0.12 from pot
*** SUMMARY ***
Total pot $0.12 | Rake $0 | Jackpot $0 | Bingo $0 | Fortune $0
Seat 1: Hero (small blind) folded before Flop
Seat 2: 8fe5ac2a (big blind) folded before Flop
Seat 3: 83873abf folded before Flop (didn't bet)
Seat 4: bcd02ce1 folded before Flop (didn't bet)
Seat 5: 8bc389b collected ($0.12)
Seat 6: 5ee69f1d (button) folded before Flop (didn't bet)


Poker Hand #HD1199337378: Hold'em No Limit  ($0.02/$0.05) - 2023/04/11 22:32:45
Table 'NLHBlue61' 6-max Seat #5 is the button
Seat 1: Hero ($5 in chips)
Seat 2: 8fe5ac2a ($7.62 in chips)
Seat 3: 83873abf ($5 in chips)
Seat 4: bcd02ce1 ($6.8 in chips)
Seat 5: 8bc389b ($2.84 in chips)
Seat 6: 5ee69f1d ($5.51 in chips)
5ee69f1d: posts small blind $0.02
Hero: posts big blind $0.05
*** HOLE CARDS ***
Dealt to Hero [4c Jd]
Dealt to 8fe5ac2a 
Dealt to 83873abf 
Dealt to bcd02ce1 
Dealt to 8bc389b 
Dealt to 5ee69f1d 
8fe5ac2a: folds
83873abf: raises $0.1 to $0.15
bcd02ce1: folds
8bc389b: folds
5ee69f1d: folds
Hero: folds
Uncalled bet ($0.1) returned to 83873abf
*** SHOWDOWN ***
83873abf collected $0.12 from pot
*** SUMMARY ***
Total pot $0.12 | Rake $0 | Jackpot $0 | Bingo $0 | Fortune $0
Seat 1: Hero (big blind) folded before Flop
Seat 2: 8fe5ac2a folded before Flop (didn't bet)
Seat 3: 83873abf collected ($0.12)
Seat 4: bcd02ce1 folded before Flop (didn't bet)
Seat 5: 8bc389b (button) folded before Flop (didn't bet)
Seat 6: 5ee69f1d (small blind) folded before Flop


Poker Hand #HD1199337345: Hold'em No Limit  ($0.02/$0.05) - 2023/04/11 22:32:29
Table 'NLHBlue61' 6-max Seat #4 is the button
Seat 1: Hero ($5 in chips)
Seat 2: 8fe5ac2a ($7.62 in chips)
Seat 3: 83873abf ($5 in chips)
Seat 4: bcd02ce1 ($6.8 in chips)
Seat 5: 8bc389b ($2.86 in chips)
Seat 6: 5ee69f1d ($5.49 in chips)
8bc389b: posts small blind $0.02
5ee69f1d: posts big blind $0.05
*** HOLE CARDS ***
Dealt to Hero [Kh 9c]
Dealt to 8fe5ac2a 
Dealt to 83873abf 
Dealt to bcd02ce1 
Dealt to 8bc389b 
Dealt to 5ee69f1d 
Hero: folds
8fe5ac2a: folds
83873abf: folds
bcd02ce1: folds
8bc389b: folds
Uncalled bet ($0.03) returned to 5ee69f1d
*** SHOWDOWN ***
5ee69f1d collected $0.04 from pot
*** SUMMARY ***
Total pot $0.04 | Rake $0 | Jackpot $0 | Bingo $0 | Fortune $0
Seat 1: Hero folded before Flop (didn't bet)
Seat 2: 8fe5ac2a folded before Flop (didn't bet)
Seat 3: 83873abf folded before Flop (didn't bet)
Seat 4: bcd02ce1 (button) folded before Flop (didn't bet)
Seat 5: 8bc389b (small blind) folded before Flop
Seat 6: 5ee69f1d (big blind) collected ($0.04)


Poker Hand #HD1199337290: Hold'em No Limit  ($0.02/$0.05) - 2023/04/11 22:31:55
Table 'NLHBlue61' 6-max Seat #3 is the button
Seat 1: Hero ($5 in chips)
Seat 2: 8fe5ac2a ($7.62 in chips)
Seat 3: 83873abf ($5 in chips)
Seat 4: bcd02ce1 ($6.82 in chips)
Seat 5: 8bc389b ($2.73 in chips)
Seat 6: 5ee69f1d ($5.49 in chips)
bcd02ce1: posts small blind $0.02
8bc389b: posts big blind $0.05
*** HOLE CARDS ***
Dealt to Hero [7h 8h]
Dealt to 8fe5ac2a 
Dealt to 83873abf 
Dealt to bcd02ce1 
Dealt to 8bc389b 
Dealt to 5ee69f1d 
5ee69f1d: folds
Hero: raises $0.07 to $0.12
8fe5ac2a: folds
83873abf: folds
bcd02ce1: folds
8bc389b: raises $2.61 to $2.73 and is all-in
Hero: folds
Uncalled bet ($2.61) returned to 8bc389b
*** SHOWDOWN ***
8bc389b collected $0.25 from pot
*** SUMMARY ***
Total pot $0.26 | Rake $0.01 | Jackpot $0 | Bingo $0 | Fortune $0
Seat 1: Hero folded before Flop
Seat 2: 8fe5ac2a folded before Flop (didn't bet)
Seat 3: 83873abf (button) folded before Flop (didn't bet)
Seat 4: bcd02ce1 (small blind) folded before Flop
Seat 5: 8bc389b (big blind) collected ($0.25)
Seat 6: 5ee69f1d folded before Flop (didn't bet)


Poker Hand #HD1199337269: Hold'em No Limit  ($0.02/$0.05) - 2023/04/11 22:31:40
Table 'NLHBlue61' 6-max Seat #2 is the button
Seat 1: Hero ($5 in chips)
Seat 2: 8fe5ac2a ($7.62 in chips)
Seat 3: 83873abf ($5 in chips)
Seat 4: bcd02ce1 ($6.8 in chips)
Seat 5: 8bc389b ($2.73 in chips)
Seat 6: 5ee69f1d ($5.49 in chips)
83873abf: posts small blind $0.02
bcd02ce1: posts big blind $0.05
*** HOLE CARDS ***
Dealt to Hero [7d 4s]
Dealt to 8fe5ac2a 
Dealt to 83873abf 
Dealt to bcd02ce1 
Dealt to 8bc389b 
Dealt to 5ee69f1d 
8bc389b: folds
5ee69f1d: folds
Hero: folds
8fe5ac2a: folds
83873abf: folds
Uncalled bet ($0.03) returned to bcd02ce1
*** SHOWDOWN ***
bcd02ce1 collected $0.04 from pot
*** SUMMARY ***
Total pot $0.04 | Rake $0 | Jackpot $0 | Bingo $0 | Fortune $0
Seat 1: Hero folded before Flop (didn't bet)
Seat 2: 8fe5ac2a (button) folded before Flop (didn't bet)
Seat 3: 83873abf (small blind) folded before Flop
Seat 4: bcd02ce1 (big blind) collected ($0.04)
Seat 5: 8bc389b folded before Flop (didn't bet)
Seat 6: 5ee69f1d folded before Flop (didn't bet)


Poker Hand #HD1199337113: Hold'em No Limit  ($0.02/$0.05) - 2023/04/11 22:30:05
Table 'NLHBlue61' 6-max Seat #1 is the button
Seat 1: Hero ($5 in chips)
Seat 2: 8fe5ac2a ($7.48 in chips)
Seat 3: 83873abf ($5 in chips)
Seat 4: bcd02ce1 ($6.8 in chips)
Seat 5: 8bc389b ($2.83 in chips)
Seat 6: 5ee69f1d ($5.49 in chips)
8fe5ac2a: posts small blind $0.02
83873abf: posts big blind $0.05
*** HOLE CARDS ***
Dealt to Hero [4d Js]
Dealt to 8fe5ac2a 
Dealt to 83873abf 
Dealt to bcd02ce1 
Dealt to 8bc389b 
Dealt to 5ee69f1d 
bcd02ce1: folds
8bc389b: calls $0.05
5ee69f1d: folds
Hero: folds
8fe5ac2a: calls $0.03
83873abf: checks
*** FLOP *** [Ad 7c 3h]
8fe5ac2a: checks
83873abf: checks
8bc389b: bets $0.05
8fe5ac2a: calls $0.05
83873abf: folds
*** TURN *** [Ad 7c 3h] [Ah]
8fe5ac2a: checks
8bc389b: checks
*** RIVER *** [Ad 7c 3h Ah] [Kh]
8fe5ac2a: bets $0.13
8bc389b: folds
Uncalled bet ($0.13) returned to 8fe5ac2a
*** SHOWDOWN ***
8fe5ac2a collected $0.24 from pot
*** SUMMARY ***
Total pot $0.25 | Rake $0.01 | Jackpot $0 | Bingo $0 | Fortune $0
Board [Ad 7c 3h Ah Kh]
Seat 1: Hero (button) folded before Flop (didn't bet)
Seat 2: 8fe5ac2a (small blind) won ($0.24)
Seat 3: 83873abf (big blind) folded on the Flop
Seat 4: bcd02ce1 folded before Flop (didn't bet)
Seat 5: 8bc389b folded on the River
Seat 6: 5ee69f1d folded before Flop (didn't bet)


Poker Hand #HD1199337040: Hold'em No Limit  ($0.02/$0.05) - 2023/04/11 22:29:22
Table 'NLHBlue61' 6-max Seat #6 is the button
Seat 1: Hero ($5 in chips)
Seat 2: 8fe5ac2a ($7.53 in chips)
Seat 3: 83873abf ($5 in chips)
Seat 4: bcd02ce1 ($6.59 in chips)
Seat 5: 8bc389b ($2.98 in chips)
Seat 6: 5ee69f1d ($5.49 in chips)
Hero: posts small blind $0.02
8fe5ac2a: posts big blind $0.05
*** HOLE CARDS ***
Dealt to Hero [Ks 6s]
Dealt to 8fe5ac2a 
Dealt to 83873abf 
Dealt to bcd02ce1 
Dealt to 8bc389b 
Dealt to 5ee69f1d 
83873abf: folds
bcd02ce1: raises $0.1 to $0.15
8bc389b: calls $0.15
5ee69f1d: folds
Hero: folds
8fe5ac2a: folds
*** FLOP *** [8s 8c 5s]
bcd02ce1: checks
8bc389b: checks
*** TURN *** [8s 8c 5s] [9h]
bcd02ce1: bets $0.28
8bc389b: folds
Uncalled bet ($0.28) returned to bcd02ce1
*** SHOWDOWN ***
bcd02ce1 collected $0.36 from pot
*** SUMMARY ***
Total pot $0.37 | Rake $0.01 | Jackpot $0 | Bingo $0 | Fortune $0
Board [8s 8c 5s 9h]
Seat 1: Hero (small blind) folded before Flop
Seat 2: 8fe5ac2a (big blind) folded before Flop
Seat 3: 83873abf folded before Flop (didn't bet)
Seat 4: bcd02ce1 won ($0.36)
Seat 5: 8bc389b folded on the Turn
Seat 6: 5ee69f1d (button) folded before Flop (didn't bet)


Poker Hand #HD1199337011: Hold'em No Limit  ($0.02/$0.05) - 2023/04/11 22:29:01
Table 'NLHBlue61' 6-max Seat #5 is the button
Seat 1: Hero ($5 in chips)
Seat 2: 8fe5ac2a ($7.46 in chips)
Seat 3: 83873abf ($5 in chips)
Seat 4: bcd02ce1 ($6.59 in chips)
Seat 5: 8bc389b ($2.98 in chips)
Seat 6: 5ee69f1d ($5.51 in chips)
5ee69f1d: posts small blind $0.02
Hero: posts big blind $0.05
*** HOLE CARDS ***
Dealt to Hero [Kd 2c]
Dealt to 8fe5ac2a 
Dealt to 83873abf 
Dealt to bcd02ce1 
Dealt to 8bc389b 
Dealt to 5ee69f1d 
8fe5ac2a: raises $0.05 to $0.1
83873abf: folds
bcd02ce1: folds
8bc389b: folds
5ee69f1d: folds
Hero: folds
Uncalled bet ($0.05) returned to 8fe5ac2a
*** SHOWDOWN ***
8fe5ac2a collected $0.12 from pot
*** SUMMARY ***
Total pot $0.12 | Rake $0 | Jackpot $0 | Bingo $0 | Fortune $0
Seat 1: Hero (big blind) folded before Flop
Seat 2: 8fe5ac2a collected ($0.12)
Seat 3: 83873abf folded before Flop (didn't bet)
Seat 4: bcd02ce1 folded before Flop (didn't bet)
Seat 5: 8bc389b (button) folded before Flop (didn't bet)
Seat 6: 5ee69f1d (small blind) folded before Flop


