Poker Hand #HD1192302585: Hold'em No Limit  ($0.02/$0.05) - 2023/04/06 18:03:20
Table 'NLHBlue9' 6-max Seat #4 is the button
Seat 1: Hero ($5 in chips)
Seat 2: a5a52bdc ($5 in chips)
Seat 3: c8dde630 ($6.94 in chips)
Seat 4: c0e56d36 ($5.79 in chips)
Seat 5: 123ce6b2 ($7.57 in chips)
Seat 6: 47c72de9 ($10.93 in chips)
123ce6b2: posts small blind $0.02
47c72de9: posts big blind $0.05
c8dde630: posts missed blind $0.02
*** HOLE CARDS ***
Dealt to Hero [6c Ts]
Dealt to a5a52bdc 
Dealt to c8dde630 
Dealt to c0e56d36 
Dealt to 123ce6b2 
Dealt to 47c72de9 
Hero: folds
a5a52bdc: folds
c8dde630: raises $0.1 to $0.15
c0e56d36: folds
123ce6b2: folds
47c72de9: folds
Uncalled bet ($0.1) returned to c8dde630
*** SHOWDOWN ***
c8dde630 collected $0.14 from pot
*** SUMMARY ***
Total pot $0.14 | Rake $0 | Jackpot $0 | Bingo $0 | Fortune $0
Seat 1: Hero folded before Flop (didn't bet)
Seat 2: a5a52bdc folded before Flop (didn't bet)
Seat 3: c8dde630 collected ($0.14)
Seat 4: c0e56d36 (button) folded before Flop (didn't bet)
Seat 5: 123ce6b2 (small blind) folded before Flop
Seat 6: 47c72de9 (big blind) folded before Flop


Poker Hand #HD1192302526: Hold'em No Limit  ($0.02/$0.05) - 2023/04/06 18:02:52
Table 'NLHBlue9' 6-max Seat #2 is the button
Seat 1: Hero ($5 in chips)
Seat 2: a5a52bdc ($5 in chips)
Seat 4: c0e56d36 ($5.74 in chips)
Seat 5: 123ce6b2 ($7.62 in chips)
Seat 6: 47c72de9 ($10.93 in chips)
c0e56d36: posts small blind $0.02
123ce6b2: posts big blind $0.05
*** HOLE CARDS ***
Dealt to Hero [Td Ks]
Dealt to a5a52bdc 
Dealt to c0e56d36 
Dealt to 123ce6b2 
Dealt to 47c72de9 
47c72de9: folds
Hero: folds
a5a52bdc: folds
c0e56d36: raises $0.1 to $0.15
123ce6b2: folds
Uncalled bet ($0.1) returned to c0e56d36
*** SHOWDOWN ***
c0e56d36 collected $0.1 from pot
*** SUMMARY ***
Total pot $0.1 | Rake $0 | Jackpot $0 | Bingo $0 | Fortune $0
Seat 1: Hero folded before Flop (didn't bet)
Seat 2: a5a52bdc (button) folded before Flop (didn't bet)
Seat 4: c0e56d36 (small blind) collected ($0.1)
Seat 5: 123ce6b2 (big blind) folded before Flop
Seat 6: 47c72de9 folded before Flop (didn't bet)


Poker Hand #HD1192302482: Hold'em No Limit  ($0.02/$0.05) - 2023/04/06 18:02:24
Table 'NLHBlue9' 6-max Seat #1 is the button
Seat 1: Hero ($5 in chips)
Seat 2: a5a52bdc ($5 in chips)
Seat 3: c8dde630 ($6.99 in chips)
Seat 4: c0e56d36 ($5.74 in chips)
Seat 5: 123ce6b2 ($7.55 in chips)
Seat 6: 47c72de9 ($10.93 in chips)
a5a52bdc: posts small blind $0.02
c8dde630: posts big blind $0.05
*** HOLE CARDS ***
Dealt to Hero [3s 5h]
Dealt to a5a52bdc 
Dealt to c8dde630 
Dealt to c0e56d36 
Dealt to 123ce6b2 
Dealt to 47c72de9 
c0e56d36: folds
123ce6b2: raises $0.08 to $0.13
47c72de9: folds
Hero: folds
a5a52bdc: folds
c8dde630: folds
Uncalled bet ($0.08) returned to 123ce6b2
*** SHOWDOWN ***
123ce6b2 collected $0.12 from pot
*** SUMMARY ***
Total pot $0.12 | Rake $0 | Jackpot $0 | Bingo $0 | Fortune $0
Seat 1: Hero (button) folded before Flop (didn't bet)
Seat 2: a5a52bdc (small blind) folded before Flop
Seat 3: c8dde630 (big blind) folded before Flop
Seat 4: c0e56d36 folded before Flop (didn't bet)
Seat 5: 123ce6b2 collected ($0.12)
Seat 6: 47c72de9 folded before Flop (didn't bet)


Poker Hand #HD1192302440: Hold'em No Limit  ($0.02/$0.05) - 2023/04/06 18:02:04
Table 'NLHBlue9' 6-max Seat #6 is the button
Seat 1: Hero ($5 in chips)
Seat 2: a5a52bdc ($5 in chips)
Seat 3: c8dde630 ($6.99 in chips)
Seat 4: c0e56d36 ($5.67 in chips)
Seat 5: 123ce6b2 ($7.55 in chips)
Seat 6: 47c72de9 ($10.93 in chips)
Hero: posts small blind $0.02
a5a52bdc: posts big blind $0.05
*** HOLE CARDS ***
Dealt to Hero [Ac 6d]
Dealt to a5a52bdc 
Dealt to c8dde630 
Dealt to c0e56d36 
Dealt to 123ce6b2 
Dealt to 47c72de9 
c8dde630: folds
c0e56d36: raises $0.07 to $0.12
123ce6b2: folds
47c72de9: folds
Hero: folds
a5a52bdc: folds
Uncalled bet ($0.07) returned to c0e56d36
*** SHOWDOWN ***
c0e56d36 collected $0.12 from pot
*** SUMMARY ***
Total pot $0.12 | Rake $0 | Jackpot $0 | Bingo $0 | Fortune $0
Seat 1: Hero (small blind) folded before Flop
Seat 2: a5a52bdc (big blind) folded before Flop
Seat 3: c8dde630 folded before Flop (didn't bet)
Seat 4: c0e56d36 collected ($0.12)
Seat 5: 123ce6b2 folded before Flop (didn't bet)
Seat 6: 47c72de9 (button) folded before Flop (didn't bet)


Poker Hand #HD1192302371: Hold'em No Limit  ($0.02/$0.05) - 2023/04/06 18:01:32
Table 'NLHBlue9' 6-max Seat #5 is the button
Seat 1: Hero ($5 in chips)
Seat 3: c8dde630 ($6.78 in chips)
Seat 4: c0e56d36 ($5.82 in chips)
Seat 5: 123ce6b2 ($7.55 in chips)
Seat 6: 47c72de9 ($10.95 in chips)
47c72de9: posts small blind $0.02
Hero: posts big blind $0.05
*** HOLE CARDS ***
Dealt to Hero [6s 5c]
Dealt to c8dde630 
Dealt to c0e56d36 
Dealt to 123ce6b2 
Dealt to 47c72de9 
c8dde630: raises $0.1 to $0.15
c0e56d36: calls $0.15
123ce6b2: folds
47c72de9: folds
Hero: folds
*** FLOP *** [Td Ac 3s]
c8dde630: bets $0.19
c0e56d36: folds
Uncalled bet ($0.19) returned to c8dde630
*** SHOWDOWN ***
c8dde630 collected $0.36 from pot
*** SUMMARY ***
Total pot $0.37 | Rake $0.01 | Jackpot $0 | Bingo $0 | Fortune $0
Board [Td Ac 3s]
Seat 1: Hero (big blind) folded before Flop
Seat 3: c8dde630 won ($0.36)
Seat 4: c0e56d36 folded on the Flop
Seat 5: 123ce6b2 (button) folded before Flop (didn't bet)
Seat 6: 47c72de9 (small blind) folded before Flop


