Poker Hand #HD1140396821: Hold'em No Limit  ($0.02/$0.05) - 2023/02/28 20:46:35
Table 'NLHBlue28' 6-max Seat #3 is the button
Seat 1: d3f27f44 ($3.87 in chips)
Seat 2: 8a23f3c ($5 in chips)
Seat 3: 7f6487d4 ($8.65 in chips)
Seat 4: 940cd9cc ($5 in chips)
Seat 5: 66980eb8 ($6.18 in chips)
Seat 6: Hero ($5.78 in chips)
940cd9cc: posts small blind $0.02
66980eb8: posts big blind $0.05
*** HOLE CARDS ***
Dealt to d3f27f44 
Dealt to 8a23f3c 
Dealt to 7f6487d4 
Dealt to 940cd9cc 
Dealt to 66980eb8 
Dealt to Hero [2d 6d]
Hero: folds
d3f27f44: calls $0.05
8a23f3c: folds
7f6487d4: folds
940cd9cc: folds
66980eb8: checks
*** FLOP *** [7s Kh 3h]
66980eb8: checks
d3f27f44: bets $0.06
66980eb8: folds
Uncalled bet ($0.06) returned to d3f27f44
*** SHOWDOWN ***
d3f27f44 collected $0.12 from pot
*** SUMMARY ***
Total pot $0.12 | Rake $0 | Jackpot $0 | Bingo $0 | Fortune $0
Board [7s Kh 3h]
Seat 1: d3f27f44 won ($0.12)
Seat 2: 8a23f3c folded before Flop (didn't bet)
Seat 3: 7f6487d4 (button) folded before Flop (didn't bet)
Seat 4: 940cd9cc (small blind) folded before Flop
Seat 5: 66980eb8 (big blind) folded on the Flop
Seat 6: Hero folded before Flop (didn't bet)


Poker Hand #HD1140396674: Hold'em No Limit  ($0.02/$0.05) - 2023/02/28 20:45:29
Table 'NLHBlue28' 6-max Seat #2 is the button
Seat 1: d3f27f44 ($3.58 in chips)
Seat 2: 8a23f3c ($5 in chips)
Seat 3: 7f6487d4 ($8.67 in chips)
Seat 4: 940cd9cc ($5 in chips)
Seat 5: 66980eb8 ($6.18 in chips)
Seat 6: Hero ($5.78 in chips)
7f6487d4: posts small blind $0.02
940cd9cc: posts big blind $0.05
*** HOLE CARDS ***
Dealt to d3f27f44 
Dealt to 8a23f3c 
Dealt to 7f6487d4 
Dealt to 940cd9cc 
Dealt to 66980eb8 
Dealt to Hero [Jc 3d]
66980eb8: folds
Hero: folds
d3f27f44: calls $0.05
8a23f3c: raises $0.2 to $0.25
7f6487d4: folds
940cd9cc: folds
d3f27f44: calls $0.2
*** FLOP *** [Qd 4h Jd]
d3f27f44: checks
8a23f3c: checks
*** TURN *** [Qd 4h Jd] [6c]
d3f27f44: bets $0.29
8a23f3c: folds
Uncalled bet ($0.29) returned to d3f27f44
*** SHOWDOWN ***
d3f27f44 collected $0.54 from pot
*** SUMMARY ***
Total pot $0.57 | Rake $0.03 | Jackpot $0 | Bingo $0 | Fortune $0
Board [Qd 4h Jd 6c]
Seat 1: d3f27f44 won ($0.54)
Seat 2: 8a23f3c (button) folded on the Turn
Seat 3: 7f6487d4 (small blind) folded before Flop
Seat 4: 940cd9cc (big blind) folded before Flop
Seat 5: 66980eb8 folded before Flop (didn't bet)
Seat 6: Hero folded before Flop (didn't bet)


Poker Hand #HD1140396605: Hold'em No Limit  ($0.02/$0.05) - 2023/02/28 20:45:02
Table 'NLHBlue28' 6-max Seat #1 is the button
Seat 1: d3f27f44 ($3.58 in chips)
Seat 2: 8a23f3c ($5.02 in chips)
Seat 3: 7f6487d4 ($8.65 in chips)
Seat 4: 940cd9cc ($5 in chips)
Seat 5: 66980eb8 ($6.18 in chips)
Seat 6: Hero ($5.78 in chips)
8a23f3c: posts small blind $0.02
7f6487d4: posts big blind $0.05
*** HOLE CARDS ***
Dealt to d3f27f44 
Dealt to 8a23f3c 
Dealt to 7f6487d4 
Dealt to 940cd9cc 
Dealt to 66980eb8 
Dealt to Hero [4c Tc]
940cd9cc: folds
66980eb8: folds
Hero: folds
d3f27f44: folds
8a23f3c: folds
Uncalled bet ($0.03) returned to 7f6487d4
*** SHOWDOWN ***
7f6487d4 collected $0.04 from pot
*** SUMMARY ***
Total pot $0.04 | Rake $0 | Jackpot $0 | Bingo $0 | Fortune $0
Seat 1: d3f27f44 (button) folded before Flop (didn't bet)
Seat 2: 8a23f3c (small blind) folded before Flop
Seat 3: 7f6487d4 (big blind) collected ($0.04)
Seat 4: 940cd9cc folded before Flop (didn't bet)
Seat 5: 66980eb8 folded before Flop (didn't bet)
Seat 6: Hero folded before Flop (didn't bet)


Poker Hand #HD1140396540: Hold'em No Limit  ($0.02/$0.05) - 2023/02/28 20:44:34
Table 'NLHBlue28' 6-max Seat #6 is the button
Seat 1: d3f27f44 ($3.6 in chips)
Seat 2: 8a23f3c ($5.07 in chips)
Seat 3: 7f6487d4 ($8.58 in chips)
Seat 4: 940cd9cc ($5 in chips)
Seat 5: 66980eb8 ($6.18 in chips)
Seat 6: Hero ($5.78 in chips)
d3f27f44: posts small blind $0.02
8a23f3c: posts big blind $0.05
*** HOLE CARDS ***
Dealt to d3f27f44 
Dealt to 8a23f3c 
Dealt to 7f6487d4 
Dealt to 940cd9cc 
Dealt to 66980eb8 
Dealt to Hero [5h Qc]
7f6487d4: raises $0.06 to $0.11
940cd9cc: folds
66980eb8: folds
Hero: folds
d3f27f44: folds
8a23f3c: folds
Uncalled bet ($0.06) returned to 7f6487d4
*** SHOWDOWN ***
7f6487d4 collected $0.12 from pot
*** SUMMARY ***
Total pot $0.12 | Rake $0 | Jackpot $0 | Bingo $0 | Fortune $0
Seat 1: d3f27f44 (small blind) folded before Flop
Seat 2: 8a23f3c (big blind) folded before Flop
Seat 3: 7f6487d4 collected ($0.12)
Seat 4: 940cd9cc folded before Flop (didn't bet)
Seat 5: 66980eb8 folded before Flop (didn't bet)
Seat 6: Hero (button) folded before Flop (didn't bet)


Poker Hand #HD1140396437: Hold'em No Limit  ($0.02/$0.05) - 2023/02/28 20:43:53
Table 'NLHBlue28' 6-max Seat #5 is the button
Seat 1: d3f27f44 ($3.65 in chips)
Seat 2: 8a23f3c ($5 in chips)
Seat 3: 7f6487d4 ($8.58 in chips)
Seat 4: 940cd9cc ($5 in chips)
Seat 5: 66980eb8 ($6.18 in chips)
Seat 6: Hero ($5.8 in chips)
Hero: posts small blind $0.02
d3f27f44: posts big blind $0.05
*** HOLE CARDS ***
Dealt to d3f27f44 
Dealt to 8a23f3c 
Dealt to 7f6487d4 
Dealt to 940cd9cc 
Dealt to 66980eb8 
Dealt to Hero [Kh 6h]
8a23f3c: raises $0.05 to $0.1
7f6487d4: folds
940cd9cc: folds
66980eb8: folds
Hero: folds
d3f27f44: folds
Uncalled bet ($0.05) returned to 8a23f3c
*** SHOWDOWN ***
8a23f3c collected $0.12 from pot
*** SUMMARY ***
Total pot $0.12 | Rake $0 | Jackpot $0 | Bingo $0 | Fortune $0
Seat 1: d3f27f44 (big blind) folded before Flop
Seat 2: 8a23f3c collected ($0.12)
Seat 3: 7f6487d4 folded before Flop (didn't bet)
Seat 4: 940cd9cc folded before Flop (didn't bet)
Seat 5: 66980eb8 (button) folded before Flop (didn't bet)
Seat 6: Hero (small blind) folded before Flop


Poker Hand #HD1140396363: Hold'em No Limit  ($0.02/$0.05) - 2023/02/28 20:43:26
Table 'NLHBlue28' 6-max Seat #4 is the button
Seat 1: d3f27f44 ($3.65 in chips)
Seat 2: 8a23f3c ($5 in chips)
Seat 3: 7f6487d4 ($8.51 in chips)
Seat 4: 940cd9cc ($5 in chips)
Seat 5: 66980eb8 ($6.2 in chips)
Seat 6: Hero ($5.85 in chips)
66980eb8: posts small blind $0.02
Hero: posts big blind $0.05
*** HOLE CARDS ***
Dealt to d3f27f44 
Dealt to 8a23f3c 
Dealt to 7f6487d4 
Dealt to 940cd9cc 
Dealt to 66980eb8 
Dealt to Hero [7h 9s]
d3f27f44: folds
8a23f3c: folds
7f6487d4: raises $0.08 to $0.13
940cd9cc: folds
66980eb8: folds
Hero: folds
Uncalled bet ($0.08) returned to 7f6487d4
*** SHOWDOWN ***
7f6487d4 collected $0.12 from pot
*** SUMMARY ***
Total pot $0.12 | Rake $0 | Jackpot $0 | Bingo $0 | Fortune $0
Seat 1: d3f27f44 folded before Flop (didn't bet)
Seat 2: 8a23f3c folded before Flop (didn't bet)
Seat 3: 7f6487d4 collected ($0.12)
Seat 4: 940cd9cc (button) folded before Flop (didn't bet)
Seat 5: 66980eb8 (small blind) folded before Flop
Seat 6: Hero (big blind) folded before Flop


Poker Hand #HD1140396300: Hold'em No Limit  ($0.02/$0.05) - 2023/02/28 20:42:58
Table 'NLHBlue28' 6-max Seat #3 is the button
Seat 1: d3f27f44 ($3.65 in chips)
Seat 2: 8a23f3c ($5 in chips)
Seat 3: 7f6487d4 ($8.44 in chips)
Seat 4: 940cd9cc ($5 in chips)
Seat 5: 66980eb8 ($6.25 in chips)
Seat 6: Hero ($5.85 in chips)
940cd9cc: posts small blind $0.02
66980eb8: posts big blind $0.05
*** HOLE CARDS ***
Dealt to d3f27f44 
Dealt to 8a23f3c 
Dealt to 7f6487d4 
Dealt to 940cd9cc 
Dealt to 66980eb8 
Dealt to Hero [6d 4s]
Hero: folds
d3f27f44: folds
8a23f3c: folds
7f6487d4: raises $0.08 to $0.13
940cd9cc: folds
66980eb8: folds
Uncalled bet ($0.08) returned to 7f6487d4
*** SHOWDOWN ***
7f6487d4 collected $0.12 from pot
*** SUMMARY ***
Total pot $0.12 | Rake $0 | Jackpot $0 | Bingo $0 | Fortune $0
Seat 1: d3f27f44 folded before Flop (didn't bet)
Seat 2: 8a23f3c folded before Flop (didn't bet)
Seat 3: 7f6487d4 (button) collected ($0.12)
Seat 4: 940cd9cc (small blind) folded before Flop
Seat 5: 66980eb8 (big blind) folded before Flop
Seat 6: Hero folded before Flop (didn't bet)


Poker Hand #HD1140396239: Hold'em No Limit  ($0.02/$0.05) - 2023/02/28 20:42:33
Table 'NLHBlue28' 6-max Seat #2 is the button
Seat 1: d3f27f44 ($3.65 in chips)
Seat 2: 8a23f3c ($5 in chips)
Seat 3: 7f6487d4 ($8.46 in chips)
Seat 4: 940cd9cc ($5 in chips)
Seat 5: 66980eb8 ($6.25 in chips)
Seat 6: Hero ($5.78 in chips)
7f6487d4: posts small blind $0.02
940cd9cc: posts big blind $0.05
*** HOLE CARDS ***
Dealt to d3f27f44 
Dealt to 8a23f3c 
Dealt to 7f6487d4 
Dealt to 940cd9cc 
Dealt to 66980eb8 
Dealt to Hero [9c 9s]
66980eb8: folds
Hero: raises $0.07 to $0.12
d3f27f44: folds
8a23f3c: folds
7f6487d4: folds
940cd9cc: folds
Uncalled bet ($0.07) returned to Hero
*** SHOWDOWN ***
Hero collected $0.12 from pot
*** SUMMARY ***
Total pot $0.12 | Rake $0 | Jackpot $0 | Bingo $0 | Fortune $0
Seat 1: d3f27f44 folded before Flop (didn't bet)
Seat 2: 8a23f3c (button) folded before Flop (didn't bet)
Seat 3: 7f6487d4 (small blind) folded before Flop
Seat 4: 940cd9cc (big blind) folded before Flop
Seat 5: 66980eb8 folded before Flop (didn't bet)
Seat 6: Hero collected ($0.12)


Poker Hand #HD1140396160: Hold'em No Limit  ($0.02/$0.05) - 2023/02/28 20:42:02
Table 'NLHBlue28' 6-max Seat #1 is the button
Seat 1: d3f27f44 ($3.47 in chips)
Seat 2: 8a23f3c ($5.02 in chips)
Seat 3: 7f6487d4 ($8.51 in chips)
Seat 4: cd2db89c ($5 in chips)
Seat 5: 66980eb8 ($6.25 in chips)
Seat 6: Hero ($5.9 in chips)
8a23f3c: posts small blind $0.02
7f6487d4: posts big blind $0.05
*** HOLE CARDS ***
Dealt to d3f27f44 
Dealt to 8a23f3c 
Dealt to 7f6487d4 
Dealt to cd2db89c 
Dealt to 66980eb8 
Dealt to Hero [5c Ah]
cd2db89c: folds
66980eb8: folds
Hero: raises $0.07 to $0.12
d3f27f44: raises $0.16 to $0.28
8a23f3c: folds
7f6487d4: folds
Hero: folds
Uncalled bet ($0.16) returned to d3f27f44
*** SHOWDOWN ***
d3f27f44 collected $0.3 from pot
*** SUMMARY ***
Total pot $0.31 | Rake $0.01 | Jackpot $0 | Bingo $0 | Fortune $0
Seat 1: d3f27f44 (button) collected ($0.3)
Seat 2: 8a23f3c (small blind) folded before Flop
Seat 3: 7f6487d4 (big blind) folded before Flop
Seat 4: cd2db89c folded before Flop (didn't bet)
Seat 5: 66980eb8 folded before Flop (didn't bet)
Seat 6: Hero folded before Flop


Poker Hand #HD1140396010: Hold'em No Limit  ($0.02/$0.05) - 2023/02/28 20:41:04
Table 'NLHBlue28' 6-max Seat #6 is the button
Seat 1: d3f27f44 ($3.93 in chips)
Seat 2: 8a23f3c ($5.07 in chips)
Seat 3: 7f6487d4 ($8.51 in chips)
Seat 4: cd2db89c ($5 in chips)
Seat 5: 66980eb8 ($6.25 in chips)
Seat 6: Hero ($5 in chips)
d3f27f44: posts small blind $0.02
8a23f3c: posts big blind $0.05
*** HOLE CARDS ***
Dealt to d3f27f44 
Dealt to 8a23f3c 
Dealt to 7f6487d4 
Dealt to cd2db89c 
Dealt to 66980eb8 
Dealt to Hero [8c 8s]
7f6487d4: folds
cd2db89c: raises $0.08 to $0.13
66980eb8: folds
Hero: calls $0.13
d3f27f44: calls $0.11
8a23f3c: folds
*** FLOP *** [As 5c 8d]
d3f27f44: checks
cd2db89c: checks
Hero: bets $0.33
d3f27f44: calls $0.33
cd2db89c: calls $0.33
*** TURN *** [As 5c 8d] [Qs]
d3f27f44: checks
cd2db89c: checks
Hero: bets $1.43
d3f27f44: folds
cd2db89c: folds
Uncalled bet ($1.43) returned to Hero
*** SHOWDOWN ***
Hero collected $1.36 from pot
*** SUMMARY ***
Total pot $1.43 | Rake $0.07 | Jackpot $0 | Bingo $0 | Fortune $0
Board [As 5c 8d Qs]
Seat 1: d3f27f44 (small blind) folded on the Turn
Seat 2: 8a23f3c (big blind) folded before Flop
Seat 3: 7f6487d4 folded before Flop (didn't bet)
Seat 4: cd2db89c folded on the Turn
Seat 5: 66980eb8 folded before Flop (didn't bet)
Seat 6: Hero (button) won ($1.36)


Poker Hand #HD1140395852: Hold'em No Limit  ($0.02/$0.05) - 2023/02/28 20:39:55
Table 'NLHBlue28' 6-max Seat #5 is the button
Seat 1: d3f27f44 ($3.98 in chips)
Seat 2: 8a23f3c ($5.07 in chips)
Seat 3: 7f6487d4 ($8.51 in chips)
Seat 4: cd2db89c ($5 in chips)
Seat 5: 66980eb8 ($5.21 in chips)
Seat 6: Hero ($5.39 in chips)
Hero: posts small blind $0.02
d3f27f44: posts big blind $0.05
*** HOLE CARDS ***
Dealt to d3f27f44 
Dealt to 8a23f3c 
Dealt to 7f6487d4 
Dealt to cd2db89c 
Dealt to 66980eb8 
Dealt to Hero [Qh Qd]
8a23f3c: folds
7f6487d4: folds
cd2db89c: folds
66980eb8: raises $0.19 to $0.24
Hero: raises $0.32 to $0.56
d3f27f44: folds
66980eb8: raises $0.59 to $1.15
Hero: calls $0.59
*** FLOP *** [7h Ad Ac]
Hero: checks
66980eb8: bets $2.35
Hero: folds
Uncalled bet ($2.35) returned to 66980eb8
*** SHOWDOWN ***
66980eb8 collected $2.19 from pot
*** SUMMARY ***
Total pot $2.35 | Rake $0.11 | Jackpot $0.05 | Bingo $0 | Fortune $0
Board [7h Ad Ac]
Seat 1: d3f27f44 (big blind) folded before Flop
Seat 2: 8a23f3c folded before Flop (didn't bet)
Seat 3: 7f6487d4 folded before Flop (didn't bet)
Seat 4: cd2db89c folded before Flop (didn't bet)
Seat 5: 66980eb8 (button) won ($2.19)
Seat 6: Hero (small blind) folded on the Flop


Poker Hand #HD1140395752: Hold'em No Limit  ($0.02/$0.05) - 2023/02/28 20:39:10
Table 'NLHBlue28' 6-max Seat #4 is the button
Seat 1: d3f27f44 ($4.09 in chips)
Seat 2: 8a23f3c ($5.07 in chips)
Seat 3: 7f6487d4 ($8.51 in chips)
Seat 4: cd2db89c ($5 in chips)
Seat 5: 66980eb8 ($5.23 in chips)
Seat 6: Hero ($5.27 in chips)
66980eb8: posts small blind $0.02
Hero: posts big blind $0.05
*** HOLE CARDS ***
Dealt to d3f27f44 
Dealt to 8a23f3c 
Dealt to 7f6487d4 
Dealt to cd2db89c 
Dealt to 66980eb8 
Dealt to Hero [Jd 8d]
d3f27f44: calls $0.05
8a23f3c: folds
7f6487d4: folds
cd2db89c: folds
66980eb8: folds
Hero: checks
*** FLOP *** [6c Jc Ah]
Hero: checks
d3f27f44: checks
*** TURN *** [6c Jc Ah] [9c]
Hero: checks
d3f27f44: bets $0.06
Hero: calls $0.06
*** RIVER *** [6c Jc Ah 9c] [Kd]
Hero: checks
d3f27f44: checks
Hero: shows [Jd 8d] (Pair of Jacks)
d3f27f44: shows [9d Td] (Pair of Nines)
*** SHOWDOWN ***
Hero collected $0.23 from pot
*** SUMMARY ***
Total pot $0.24 | Rake $0.01 | Jackpot $0 | Bingo $0 | Fortune $0
Board [6c Jc Ah 9c Kd]
Seat 1: d3f27f44 showed [9d Td] and lost with Pair of Nines
Seat 2: 8a23f3c folded before Flop (didn't bet)
Seat 3: 7f6487d4 folded before Flop (didn't bet)
Seat 4: cd2db89c (button) folded before Flop (didn't bet)
Seat 5: 66980eb8 (small blind) folded before Flop
Seat 6: Hero (big blind) showed [Jd 8d] and won ($0.23) with Pair of Jacks


Poker Hand #HD1140395685: Hold'em No Limit  ($0.02/$0.05) - 2023/02/28 20:38:45
Table 'NLHBlue28' 6-max Seat #3 is the button
Seat 1: d3f27f44 ($4.09 in chips)
Seat 2: 8a23f3c ($5 in chips)
Seat 3: 7f6487d4 ($8.51 in chips)
Seat 4: cd2db89c ($5 in chips)
Seat 5: 66980eb8 ($5.28 in chips)
Seat 6: Hero ($5.27 in chips)
cd2db89c: posts small blind $0.02
66980eb8: posts big blind $0.05
*** HOLE CARDS ***
Dealt to d3f27f44 
Dealt to 8a23f3c 
Dealt to 7f6487d4 
Dealt to cd2db89c 
Dealt to 66980eb8 
Dealt to Hero [5h Ks]
Hero: folds
d3f27f44: folds
8a23f3c: raises $0.07 to $0.12
7f6487d4: folds
cd2db89c: folds
66980eb8: folds
Uncalled bet ($0.07) returned to 8a23f3c
*** SHOWDOWN ***
8a23f3c collected $0.12 from pot
*** SUMMARY ***
Total pot $0.12 | Rake $0 | Jackpot $0 | Bingo $0 | Fortune $0
Seat 1: d3f27f44 folded before Flop (didn't bet)
Seat 2: 8a23f3c collected ($0.12)
Seat 3: 7f6487d4 (button) folded before Flop (didn't bet)
Seat 4: cd2db89c (small blind) folded before Flop
Seat 5: 66980eb8 (big blind) folded before Flop
Seat 6: Hero folded before Flop (didn't bet)


Poker Hand #HD1140325493: Hold'em No Limit  ($0.02/$0.05) - 2023/02/28 20:37:30
Table 'NLHBlue28' 6-max Seat #2 is the button
Seat 1: d3f27f44 ($2.78 in chips)
Seat 2: 8a23f3c ($5 in chips)
Seat 3: 7f6487d4 ($9.87 in chips)
Seat 4: cd2db89c ($5 in chips)
Seat 5: 66980eb8 ($5.28 in chips)
Seat 6: Hero ($5.39 in chips)
7f6487d4: posts small blind $0.02
cd2db89c: posts big blind $0.05
*** HOLE CARDS ***
Dealt to d3f27f44 
Dealt to 8a23f3c 
Dealt to 7f6487d4 
Dealt to cd2db89c 
Dealt to 66980eb8 
Dealt to Hero [Qc Tc]
66980eb8: folds
Hero: raises $0.07 to $0.12
d3f27f44: calls $0.12
8a23f3c: folds
7f6487d4: raises $0.48 to $0.6
cd2db89c: folds
Hero: folds
d3f27f44: calls $0.48
*** FLOP *** [Ks 5s 6c]
7f6487d4: bets $0.76
d3f27f44: calls $0.76
*** TURN *** [Ks 5s 6c] [7c]
7f6487d4: checks
d3f27f44: checks
*** RIVER *** [Ks 5s 6c 7c] [Qd]
7f6487d4: checks
d3f27f44: checks
7f6487d4: shows [Ah Jh] (Ace-High)
d3f27f44: shows [Ad 6d] (Pair of Sixes)
*** SHOWDOWN ***
d3f27f44 collected $2.67 from pot
*** SUMMARY ***
Total pot $2.89 | Rake $0.17 | Jackpot $0.05 | Bingo $0 | Fortune $0
Board [Ks 5s 6c 7c Qd]
Seat 1: d3f27f44 showed [Ad 6d] and won ($2.67) with Pair of Sixes
Seat 2: 8a23f3c (button) folded before Flop (didn't bet)
Seat 3: 7f6487d4 (small blind) showed [Ah Jh] and lost with Ace-High
Seat 4: cd2db89c (big blind) folded before Flop
Seat 5: 66980eb8 folded before Flop (didn't bet)
Seat 6: Hero folded before Flop


Poker Hand #HD1140325313: Hold'em No Limit  ($0.02/$0.05) - 2023/02/28 20:36:15
Table 'NLHBlue28' 6-max Seat #1 is the button
Seat 1: d3f27f44 ($2.78 in chips)
Seat 2: 8a23f3c ($5 in chips)
Seat 3: 7f6487d4 ($9.73 in chips)
Seat 4: cd2db89c ($5 in chips)
Seat 5: 66980eb8 ($5.28 in chips)
Seat 6: Hero ($5.39 in chips)
8a23f3c: posts small blind $0.02
7f6487d4: posts big blind $0.05
*** HOLE CARDS ***
Dealt to d3f27f44 
Dealt to 8a23f3c 
Dealt to 7f6487d4 
Dealt to cd2db89c 
Dealt to 66980eb8 
Dealt to Hero [7c Kd]
cd2db89c: raises $0.08 to $0.13
66980eb8: folds
Hero: folds
d3f27f44: folds
8a23f3c: folds
7f6487d4: calls $0.08
*** FLOP *** [Jd 2h 8h]
7f6487d4: checks
cd2db89c: checks
*** TURN *** [Jd 2h 8h] [Ts]
7f6487d4: bets $0.16
cd2db89c: folds
Uncalled bet ($0.16) returned to 7f6487d4
*** SHOWDOWN ***
7f6487d4 collected $0.27 from pot
*** SUMMARY ***
Total pot $0.28 | Rake $0.01 | Jackpot $0 | Bingo $0 | Fortune $0
Board [Jd 2h 8h Ts]
Seat 1: d3f27f44 (button) folded before Flop (didn't bet)
Seat 2: 8a23f3c (small blind) folded before Flop
Seat 3: 7f6487d4 (big blind) won ($0.27)
Seat 4: cd2db89c folded on the Turn
Seat 5: 66980eb8 folded before Flop (didn't bet)
Seat 6: Hero folded before Flop (didn't bet)


Poker Hand #HD1140325198: Hold'em No Limit  ($0.02/$0.05) - 2023/02/28 20:35:31
Table 'NLHBlue28' 6-max Seat #6 is the button
Seat 1: d3f27f44 ($3.12 in chips)
Seat 2: 8a23f3c ($5 in chips)
Seat 3: 7f6487d4 ($9.73 in chips)
Seat 4: cd2db89c ($5 in chips)
Seat 5: 66980eb8 ($5.28 in chips)
Seat 6: Hero ($5.03 in chips)
d3f27f44: posts small blind $0.02
8a23f3c: posts big blind $0.05
*** HOLE CARDS ***
Dealt to d3f27f44 
Dealt to 8a23f3c 
Dealt to 7f6487d4 
Dealt to cd2db89c 
Dealt to 66980eb8 
Dealt to Hero [2c 2s]
7f6487d4: folds
cd2db89c: folds
66980eb8: folds
Hero: raises $0.07 to $0.12
d3f27f44: calls $0.1
8a23f3c: folds
*** FLOP *** [2d 6c Ac]
d3f27f44: checks
Hero: bets $0.22
d3f27f44: calls $0.22
*** TURN *** [2d 6c Ac] [Qd]
d3f27f44: checks
Hero: bets $0.55
d3f27f44: folds
Uncalled bet ($0.55) returned to Hero
*** SHOWDOWN ***
Hero collected $0.7 from pot
*** SUMMARY ***
Total pot $0.73 | Rake $0.03 | Jackpot $0 | Bingo $0 | Fortune $0
Board [2d 6c Ac Qd]
Seat 1: d3f27f44 (small blind) folded on the Turn
Seat 2: 8a23f3c (big blind) folded before Flop
Seat 3: 7f6487d4 folded before Flop (didn't bet)
Seat 4: cd2db89c folded before Flop (didn't bet)
Seat 5: 66980eb8 folded before Flop (didn't bet)
Seat 6: Hero (button) won ($0.7)


Poker Hand #HD1140325079: Hold'em No Limit  ($0.02/$0.05) - 2023/02/28 20:34:39
Table 'NLHBlue28' 6-max Seat #5 is the button
Seat 1: d3f27f44 ($3.17 in chips)
Seat 2: 8a23f3c ($5 in chips)
Seat 3: 7f6487d4 ($9.73 in chips)
Seat 4: cd2db89c ($5 in chips)
Seat 5: 66980eb8 ($4.76 in chips)
Seat 6: Hero ($5.05 in chips)
Hero: posts small blind $0.02
d3f27f44: posts big blind $0.05
*** HOLE CARDS ***
Dealt to d3f27f44 
Dealt to 8a23f3c 
Dealt to 7f6487d4 
Dealt to cd2db89c 
Dealt to 66980eb8 
Dealt to Hero [4s Kc]
8a23f3c: raises $0.05 to $0.1
7f6487d4: folds
cd2db89c: folds
66980eb8: calls $0.1
Hero: folds
d3f27f44: folds
*** FLOP *** [9h 5s 9c]
8a23f3c: bets $0.2
66980eb8: raises $0.2 to $0.4
8a23f3c: calls $0.2
*** TURN *** [9h 5s 9c] [7h]
8a23f3c: checks
66980eb8: bets $1.07
8a23f3c: folds
Uncalled bet ($1.07) returned to 66980eb8
*** SHOWDOWN ***
66980eb8 collected $1.02 from pot
*** SUMMARY ***
Total pot $1.07 | Rake $0.05 | Jackpot $0 | Bingo $0 | Fortune $0
Board [9h 5s 9c 7h]
Seat 1: d3f27f44 (big blind) folded before Flop
Seat 2: 8a23f3c folded on the Turn
Seat 3: 7f6487d4 folded before Flop (didn't bet)
Seat 4: cd2db89c folded before Flop (didn't bet)
Seat 5: 66980eb8 (button) won ($1.02)
Seat 6: Hero (small blind) folded before Flop


Poker Hand #HD1140324967: Hold'em No Limit  ($0.02/$0.05) - 2023/02/28 20:33:55
Table 'NLHBlue28' 6-max Seat #4 is the button
Seat 1: d3f27f44 ($3.1 in chips)
Seat 2: 8a23f3c ($5 in chips)
Seat 3: 7f6487d4 ($9.73 in chips)
Seat 4: cd2db89c ($5 in chips)
Seat 5: 66980eb8 ($4.78 in chips)
Seat 6: Hero ($5.1 in chips)
66980eb8: posts small blind $0.02
Hero: posts big blind $0.05
*** HOLE CARDS ***
Dealt to d3f27f44 
Dealt to 8a23f3c 
Dealt to 7f6487d4 
Dealt to cd2db89c 
Dealt to 66980eb8 
Dealt to Hero [7d Qd]
d3f27f44: calls $0.05
8a23f3c: folds
7f6487d4: folds
cd2db89c: folds
66980eb8: folds
Hero: checks
*** FLOP *** [3c Kd 6h]
Hero: checks
d3f27f44: checks
*** TURN *** [3c Kd 6h] [Jh]
Hero: checks
d3f27f44: bets $0.06
Hero: folds
Uncalled bet ($0.06) returned to d3f27f44
*** SHOWDOWN ***
d3f27f44 collected $0.12 from pot
*** SUMMARY ***
Total pot $0.12 | Rake $0 | Jackpot $0 | Bingo $0 | Fortune $0
Board [3c Kd 6h Jh]
Seat 1: d3f27f44 won ($0.12)
Seat 2: 8a23f3c folded before Flop (didn't bet)
Seat 3: 7f6487d4 folded before Flop (didn't bet)
Seat 4: cd2db89c (button) folded before Flop (didn't bet)
Seat 5: 66980eb8 (small blind) folded before Flop
Seat 6: Hero (big blind) folded on the Turn


Poker Hand #HD1140324743: Hold'em No Limit  ($0.02/$0.05) - 2023/02/28 20:32:24
Table 'NLHBlue28' 6-max Seat #3 is the button
Seat 1: d3f27f44 ($6.56 in chips)
Seat 2: 8a23f3c ($5 in chips)
Seat 3: 7f6487d4 ($6.43 in chips)
Seat 4: cd2db89c ($5 in chips)
Seat 5: 66980eb8 ($5 in chips)
Seat 6: Hero ($5.1 in chips)
cd2db89c: posts small blind $0.02
66980eb8: posts big blind $0.05
*** HOLE CARDS ***
Dealt to d3f27f44 
Dealt to 8a23f3c 
Dealt to 7f6487d4 
Dealt to cd2db89c 
Dealt to 66980eb8 
Dealt to Hero [2h Qs]
Hero: folds
d3f27f44: calls $0.05
8a23f3c: folds
7f6487d4: raises $0.17 to $0.22
cd2db89c: folds
66980eb8: calls $0.17
d3f27f44: calls $0.17
*** FLOP *** [Qd 4d Ts]
66980eb8: checks
d3f27f44: checks
7f6487d4: bets $0.23
66980eb8: folds
d3f27f44: calls $0.23
*** TURN *** [Qd 4d Ts] [Td]
d3f27f44: checks
7f6487d4: bets $0.86
d3f27f44: calls $0.86
*** RIVER *** [Qd 4d Ts Td] [7c]
d3f27f44: checks
7f6487d4: bets $2.15
d3f27f44: calls $2.15
7f6487d4: shows [Kd 6d] (King High Flush)
d3f27f44: shows [Js Tc] (Three Tens)
*** SHOWDOWN ***
7f6487d4 collected $6.76 from pot
*** SUMMARY ***
Total pot $7.16 | Rake $0.35 | Jackpot $0.05 | Bingo $0 | Fortune $0
Board [Qd 4d Ts Td 7c]
Seat 1: d3f27f44 showed [Js Tc] and lost with Three Tens
Seat 2: 8a23f3c folded before Flop (didn't bet)
Seat 3: 7f6487d4 (button) showed [Kd 6d] and won ($6.76) with King High Flush
Seat 4: cd2db89c (small blind) folded before Flop
Seat 5: 66980eb8 (big blind) folded on the Flop
Seat 6: Hero folded before Flop (didn't bet)


Poker Hand #HD1140324582: Hold'em No Limit  ($0.02/$0.05) - 2023/02/28 20:31:21
Table 'NLHBlue28' 6-max Seat #2 is the button
Seat 1: d3f27f44 ($5.32 in chips)
Seat 2: 8a23f3c ($5 in chips)
Seat 3: 7f6487d4 ($6.45 in chips)
Seat 4: cd2db89c ($5 in chips)
Seat 5: 66980eb8 ($5 in chips)
Seat 6: Hero ($5.1 in chips)
7f6487d4: posts small blind $0.02
cd2db89c: posts big blind $0.05
*** HOLE CARDS ***
Dealt to d3f27f44 
Dealt to 8a23f3c 
Dealt to 7f6487d4 
Dealt to cd2db89c 
Dealt to 66980eb8 
Dealt to Hero [Ks 9c]
66980eb8: folds
Hero: folds
d3f27f44: calls $0.05
8a23f3c: folds
7f6487d4: folds
cd2db89c: raises $0.2 to $0.25
d3f27f44: calls $0.2
*** FLOP *** [8s 8d 4d]
cd2db89c: checks
d3f27f44: checks
*** TURN *** [8s 8d 4d] [Jd]
cd2db89c: bets $0.32
d3f27f44: calls $0.32
*** RIVER *** [8s 8d 4d Jd] [3c]
cd2db89c: bets $0.87
d3f27f44: calls $0.87
cd2db89c: shows [Jc Qh] (Pair of Jacks and Pair of Eights)
d3f27f44: shows [Td 6d] (Jack High Flush)
*** SHOWDOWN ***
d3f27f44 collected $2.68 from pot
*** SUMMARY ***
Total pot $2.9 | Rake $0.17 | Jackpot $0.05 | Bingo $0 | Fortune $0
Board [8s 8d 4d Jd 3c]
Seat 1: d3f27f44 showed [Td 6d] and won ($2.68) with Jack High Flush
Seat 2: 8a23f3c (button) folded before Flop (didn't bet)
Seat 3: 7f6487d4 (small blind) folded before Flop
Seat 4: cd2db89c (big blind) showed [Jc Qh] and lost with Pair of Jacks and Pair of Eights
Seat 5: 66980eb8 folded before Flop (didn't bet)
Seat 6: Hero folded before Flop (didn't bet)


Poker Hand #HD1140324497: Hold'em No Limit  ($0.02/$0.05) - 2023/02/28 20:30:52
Table 'NLHBlue28' 6-max Seat #1 is the button
Seat 1: d3f27f44 ($5.32 in chips)
Seat 2: 8a23f3c ($5 in chips)
Seat 3: 7f6487d4 ($6.5 in chips)
Seat 5: 66980eb8 ($5 in chips)
Seat 6: Hero ($5.03 in chips)
8a23f3c: posts small blind $0.02
7f6487d4: posts big blind $0.05
*** HOLE CARDS ***
Dealt to d3f27f44 
Dealt to 8a23f3c 
Dealt to 7f6487d4 
Dealt to 66980eb8 
Dealt to Hero [Jd As]
66980eb8: folds
Hero: raises $0.07 to $0.12
d3f27f44: folds
8a23f3c: folds
7f6487d4: folds
Uncalled bet ($0.07) returned to Hero
*** SHOWDOWN ***
Hero collected $0.12 from pot
*** SUMMARY ***
Total pot $0.12 | Rake $0 | Jackpot $0 | Bingo $0 | Fortune $0
Seat 1: d3f27f44 (button) folded before Flop (didn't bet)
Seat 2: 8a23f3c (small blind) folded before Flop
Seat 3: 7f6487d4 (big blind) folded before Flop
Seat 5: 66980eb8 folded before Flop (didn't bet)
Seat 6: Hero collected ($0.12)


Poker Hand #HD1140324097: Hold'em No Limit  ($0.02/$0.05) - 2023/02/28 20:28:10
Table 'NLHBlue28' 6-max Seat #6 is the button
Seat 1: d3f27f44 ($5.34 in chips)
Seat 2: 8a23f3c ($5 in chips)
Seat 3: 7f6487d4 ($5.07 in chips)
Seat 4: d49fbb5d ($7.36 in chips)
Seat 5: 66980eb8 ($4.91 in chips)
Seat 6: Hero ($5.03 in chips)
d3f27f44: posts small blind $0.02
8a23f3c: posts big blind $0.05
*** HOLE CARDS ***
Dealt to d3f27f44 
Dealt to 8a23f3c 
Dealt to 7f6487d4 
Dealt to d49fbb5d 
Dealt to 66980eb8 
Dealt to Hero [3s Qd]
7f6487d4: raises $0.06 to $0.11
d49fbb5d: folds
66980eb8: raises $0.15 to $0.26
Hero: folds
d3f27f44: folds
8a23f3c: folds
7f6487d4: calls $0.15
*** FLOP *** [Kd 8d Ts]
7f6487d4: checks
66980eb8: bets $0.34
7f6487d4: calls $0.34
*** TURN *** [Kd 8d Ts] [Kc]
7f6487d4: checks
66980eb8: bets $0.96
7f6487d4: calls $0.96
*** RIVER *** [Kd 8d Ts Kc] [7c]
7f6487d4: checks
66980eb8: checks
7f6487d4: shows [Jh Kh] (Three Kings)
66980eb8: shows [9s Ac] (Pair of Kings)
*** SHOWDOWN ***
7f6487d4 collected $2.99 from pot
*** SUMMARY ***
Total pot $3.19 | Rake $0.15 | Jackpot $0.05 | Bingo $0 | Fortune $0
Board [Kd 8d Ts Kc 7c]
Seat 1: d3f27f44 (small blind) folded before Flop
Seat 2: 8a23f3c (big blind) folded before Flop
Seat 3: 7f6487d4 showed [Jh Kh] and won ($2.99) with Three Kings
Seat 4: d49fbb5d folded before Flop (didn't bet)
Seat 5: 66980eb8 showed [9s Ac] and lost with Pair of Kings
Seat 6: Hero (button) folded before Flop (didn't bet)


Poker Hand #HD1140324043: Hold'em No Limit  ($0.02/$0.05) - 2023/02/28 20:27:54
Table 'NLHBlue28' 6-max Seat #5 is the button
Seat 1: d3f27f44 ($5.39 in chips)
Seat 2: 8a23f3c ($5 in chips)
Seat 3: 7f6487d4 ($5 in chips)
Seat 4: d49fbb5d ($7.36 in chips)
Seat 5: 66980eb8 ($4.91 in chips)
Seat 6: Hero ($5.05 in chips)
Hero: posts small blind $0.02
d3f27f44: posts big blind $0.05
*** HOLE CARDS ***
Dealt to d3f27f44 
Dealt to 8a23f3c 
Dealt to 7f6487d4 
Dealt to d49fbb5d 
Dealt to 66980eb8 
Dealt to Hero [7s 3d]
8a23f3c: folds
7f6487d4: raises $0.06 to $0.11
d49fbb5d: folds
66980eb8: folds
Hero: folds
d3f27f44: folds
Uncalled bet ($0.06) returned to 7f6487d4
*** SHOWDOWN ***
7f6487d4 collected $0.12 from pot
*** SUMMARY ***
Total pot $0.12 | Rake $0 | Jackpot $0 | Bingo $0 | Fortune $0
Seat 1: d3f27f44 (big blind) folded before Flop
Seat 2: 8a23f3c folded before Flop (didn't bet)
Seat 3: 7f6487d4 collected ($0.12)
Seat 4: d49fbb5d folded before Flop (didn't bet)
Seat 5: 66980eb8 (button) folded before Flop (didn't bet)
Seat 6: Hero (small blind) folded before Flop


Poker Hand #HD1140323998: Hold'em No Limit  ($0.02/$0.05) - 2023/02/28 20:27:34
Table 'NLHBlue28' 6-max Seat #4 is the button
Seat 1: d3f27f44 ($5.39 in chips)
Seat 2: 8a23f3c ($5 in chips)
Seat 3: 7f6487d4 ($5 in chips)
Seat 4: d49fbb5d ($7.29 in chips)
Seat 5: 66980eb8 ($4.93 in chips)
Seat 6: Hero ($5 in chips)
66980eb8: posts small blind $0.02
Hero: posts big blind $0.05
*** HOLE CARDS ***
Dealt to d3f27f44 
Dealt to 8a23f3c 
Dealt to 7f6487d4 
Dealt to d49fbb5d 
Dealt to 66980eb8 
Dealt to Hero [Ks 6c]
d3f27f44: folds
8a23f3c: folds
7f6487d4: folds
d49fbb5d: raises $0.07 to $0.12
66980eb8: folds
Hero: folds
Uncalled bet ($0.07) returned to d49fbb5d
*** SHOWDOWN ***
d49fbb5d collected $0.12 from pot
*** SUMMARY ***
Total pot $0.12 | Rake $0 | Jackpot $0 | Bingo $0 | Fortune $0
Seat 1: d3f27f44 folded before Flop (didn't bet)
Seat 2: 8a23f3c folded before Flop (didn't bet)
Seat 3: 7f6487d4 folded before Flop (didn't bet)
Seat 4: d49fbb5d (button) collected ($0.12)
Seat 5: 66980eb8 (small blind) folded before Flop
Seat 6: Hero (big blind) folded before Flop


Poker Hand #HD1140323858: Hold'em No Limit  ($0.02/$0.05) - 2023/02/28 20:26:39
Table 'NLHBlue28' 6-max Seat #3 is the button
Seat 2: 8a23f3c ($5 in chips)
Seat 3: 7f6487d4 ($5 in chips)
Seat 4: d49fbb5d ($6.01 in chips)
Seat 5: 66980eb8 ($4.98 in chips)
Seat 6: Hero ($5.18 in chips)
d49fbb5d: posts small blind $0.02
66980eb8: posts big blind $0.05
*** HOLE CARDS ***
Dealt to 8a23f3c 
Dealt to 7f6487d4 
Dealt to d49fbb5d 
Dealt to 66980eb8 
Dealt to Hero [Ah Jh]
Hero: raises $0.07 to $0.12
8a23f3c: calls $0.12
7f6487d4: folds
d49fbb5d: calls $0.1
66980eb8: folds
*** FLOP *** [6d 5h Jd]
d49fbb5d: checks
Hero: bets $0.14
8a23f3c: folds
d49fbb5d: calls $0.14
*** TURN *** [6d 5h Jd] [8s]
d49fbb5d: checks
Hero: bets $0.35
d49fbb5d: calls $0.35
*** RIVER *** [6d 5h Jd 8s] [Td]
d49fbb5d: bets $0.68
Hero: calls $0.68
d49fbb5d: shows [Ad 3d] (Ace High Flush)
Hero: shows [Ah Jh] (Pair of Jacks)
*** SHOWDOWN ***
d49fbb5d collected $2.57 from pot
*** SUMMARY ***
Total pot $2.75 | Rake $0.13 | Jackpot $0.05 | Bingo $0 | Fortune $0
Board [6d 5h Jd 8s Td]
Seat 2: 8a23f3c folded on the Flop
Seat 3: 7f6487d4 (button) folded before Flop (didn't bet)
Seat 4: d49fbb5d (small blind) showed [Ad 3d] and won ($2.57) with Ace High Flush
Seat 5: 66980eb8 (big blind) folded before Flop
Seat 6: Hero showed [Ah Jh] and lost with Pair of Jacks


Poker Hand #HD1140323707: Hold'em No Limit  ($0.02/$0.05) - 2023/02/28 20:25:44
Table 'NLHBlue28' 6-max Seat #2 is the button
Seat 1: d3f27f44 ($5.39 in chips)
Seat 2: 8a23f3c ($5 in chips)
Seat 3: 7f6487d4 ($5.02 in chips)
Seat 4: d49fbb5d ($6.06 in chips)
Seat 5: 66980eb8 ($4.91 in chips)
Seat 6: Hero ($5.18 in chips)
7f6487d4: posts small blind $0.02
d49fbb5d: posts big blind $0.05
*** HOLE CARDS ***
Dealt to d3f27f44 
Dealt to 8a23f3c 
Dealt to 7f6487d4 
Dealt to d49fbb5d 
Dealt to 66980eb8 
Dealt to Hero [Qc Kh]
66980eb8: raises $0.07 to $0.12
Hero: folds
d3f27f44: folds
8a23f3c: folds
7f6487d4: folds
d49fbb5d: folds
Uncalled bet ($0.07) returned to 66980eb8
*** SHOWDOWN ***
66980eb8 collected $0.12 from pot
*** SUMMARY ***
Total pot $0.12 | Rake $0 | Jackpot $0 | Bingo $0 | Fortune $0
Seat 1: d3f27f44 folded before Flop (didn't bet)
Seat 2: 8a23f3c (button) folded before Flop (didn't bet)
Seat 3: 7f6487d4 (small blind) folded before Flop
Seat 4: d49fbb5d (big blind) folded before Flop
Seat 5: 66980eb8 collected ($0.12)
Seat 6: Hero folded before Flop (didn't bet)


Poker Hand #HD1140323570: Hold'em No Limit  ($0.02/$0.05) - 2023/02/28 20:24:47
Table 'NLHBlue28' 6-max Seat #1 is the button
Seat 1: d3f27f44 ($5.51 in chips)
Seat 2: 8a23f3c ($5.02 in chips)
Seat 3: 7f6487d4 ($5.07 in chips)
Seat 4: d49fbb5d ($6.06 in chips)
Seat 5: 66980eb8 ($4.91 in chips)
Seat 6: Hero ($5 in chips)
8a23f3c: posts small blind $0.02
7f6487d4: posts big blind $0.05
*** HOLE CARDS ***
Dealt to d3f27f44 
Dealt to 8a23f3c 
Dealt to 7f6487d4 
Dealt to d49fbb5d 
Dealt to 66980eb8 
Dealt to Hero [Th Ts]
d49fbb5d: folds
66980eb8: folds
Hero: raises $0.07 to $0.12
d3f27f44: calls $0.12
8a23f3c: folds
7f6487d4: folds
*** FLOP *** [3h 2d Qd]
Hero: bets $0.16
d3f27f44: folds
Uncalled bet ($0.16) returned to Hero
*** SHOWDOWN ***
Hero collected $0.3 from pot
*** SUMMARY ***
Total pot $0.31 | Rake $0.01 | Jackpot $0 | Bingo $0 | Fortune $0
Board [3h 2d Qd]
Seat 1: d3f27f44 (button) folded on the Flop
Seat 2: 8a23f3c (small blind) folded before Flop
Seat 3: 7f6487d4 (big blind) folded before Flop
Seat 4: d49fbb5d folded before Flop (didn't bet)
Seat 5: 66980eb8 folded before Flop (didn't bet)
Seat 6: Hero won ($0.3)


Poker Hand #HD1140323516: Hold'em No Limit  ($0.02/$0.05) - 2023/02/28 20:24:25
Table 'NLHBlue28' 6-max Seat #6 is the button
Seat 1: d3f27f44 ($5.53 in chips)
Seat 2: 8a23f3c ($5 in chips)
Seat 3: 7f6487d4 ($5.07 in chips)
Seat 4: d49fbb5d ($6.06 in chips)
Seat 5: 66980eb8 ($4.91 in chips)
Seat 6: Hero ($5 in chips)
d3f27f44: posts small blind $0.02
8a23f3c: posts big blind $0.05
*** HOLE CARDS ***
Dealt to d3f27f44 
Dealt to 8a23f3c 
Dealt to 7f6487d4 
Dealt to d49fbb5d 
Dealt to 66980eb8 
Dealt to Hero [5d 8h]
7f6487d4: folds
d49fbb5d: folds
66980eb8: folds
Hero: folds
d3f27f44: folds
Uncalled bet ($0.03) returned to 8a23f3c
*** SHOWDOWN ***
8a23f3c collected $0.04 from pot
*** SUMMARY ***
Total pot $0.04 | Rake $0 | Jackpot $0 | Bingo $0 | Fortune $0
Seat 1: d3f27f44 (small blind) folded before Flop
Seat 2: 8a23f3c (big blind) collected ($0.04)
Seat 3: 7f6487d4 folded before Flop (didn't bet)
Seat 4: d49fbb5d folded before Flop (didn't bet)
Seat 5: 66980eb8 folded before Flop (didn't bet)
Seat 6: Hero (button) folded before Flop (didn't bet)


Poker Hand #HD1140323375: Hold'em No Limit  ($0.02/$0.05) - 2023/02/28 20:23:26
Table 'NLHBlue28' 6-max Seat #5 is the button
Seat 1: d3f27f44 ($4.87 in chips)
Seat 2: 8a23f3c ($5 in chips)
Seat 3: 7f6487d4 ($5.07 in chips)
Seat 4: d49fbb5d ($6.06 in chips)
Seat 5: 66980eb8 ($4.91 in chips)
Seat 6: Hero ($5.02 in chips)
Hero: posts small blind $0.02
d3f27f44: posts big blind $0.05
*** HOLE CARDS ***
Dealt to d3f27f44 
Dealt to 8a23f3c 
Dealt to 7f6487d4 
Dealt to d49fbb5d 
Dealt to 66980eb8 
Dealt to Hero [Ah Qd]
8a23f3c: folds
7f6487d4: folds
d49fbb5d: folds
66980eb8: folds
Hero: raises $0.11 to $0.16
d3f27f44: calls $0.11
*** FLOP *** [2h 5d Ks]
Hero: checks
d3f27f44: bets $0.16
Hero: calls $0.16
*** TURN *** [2h 5d Ks] [6d]
Hero: checks
d3f27f44: checks
*** RIVER *** [2h 5d Ks 6d] [Ac]
Hero: bets $0.48
d3f27f44: calls $0.48
Hero: shows [Ah Qd] (Pair of Aces)
d3f27f44: shows [2s 5s] (Pair of Fives and Pair of Twos)
*** SHOWDOWN ***
d3f27f44 collected $1.46 from pot
*** SUMMARY ***
Total pot $1.6 | Rake $0.09 | Jackpot $0.05 | Bingo $0 | Fortune $0
Board [2h 5d Ks 6d Ac]
Seat 1: d3f27f44 (big blind) showed [2s 5s] and won ($1.46) with Pair of Fives and Pair of Twos
Seat 2: 8a23f3c folded before Flop (didn't bet)
Seat 3: 7f6487d4 folded before Flop (didn't bet)
Seat 4: d49fbb5d folded before Flop (didn't bet)
Seat 5: 66980eb8 (button) folded before Flop (didn't bet)
Seat 6: Hero (small blind) showed [Ah Qd] and lost with Pair of Aces


Poker Hand #HD1140323301: Hold'em No Limit  ($0.02/$0.05) - 2023/02/28 20:23:02
Table 'NLHBlue28' 6-max Seat #4 is the button
Seat 1: d3f27f44 ($4.87 in chips)
Seat 2: 8a23f3c ($5 in chips)
Seat 3: 7f6487d4 ($5.07 in chips)
Seat 4: d49fbb5d ($6.06 in chips)
Seat 5: 66980eb8 ($4.93 in chips)
Seat 6: Hero ($5 in chips)
66980eb8: posts small blind $0.02
Hero: posts big blind $0.05
*** HOLE CARDS ***
Dealt to d3f27f44 
Dealt to 8a23f3c 
Dealt to 7f6487d4 
Dealt to d49fbb5d 
Dealt to 66980eb8 
Dealt to Hero [8h 5s]
d3f27f44: folds
8a23f3c: folds
7f6487d4: folds
d49fbb5d: folds
66980eb8: folds
Uncalled bet ($0.03) returned to Hero
*** SHOWDOWN ***
Hero collected $0.04 from pot
*** SUMMARY ***
Total pot $0.04 | Rake $0 | Jackpot $0 | Bingo $0 | Fortune $0
Seat 1: d3f27f44 folded before Flop (didn't bet)
Seat 2: 8a23f3c folded before Flop (didn't bet)
Seat 3: 7f6487d4 folded before Flop (didn't bet)
Seat 4: d49fbb5d (button) folded before Flop (didn't bet)
Seat 5: 66980eb8 (small blind) folded before Flop
Seat 6: Hero (big blind) collected ($0.04)


Poker Hand #HD1140323220: Hold'em No Limit  ($0.02/$0.05) - 2023/02/28 20:22:27
Table 'NLHBlue28' 6-max Seat #3 is the button
Seat 1: d3f27f44 ($4.87 in chips)
Seat 2: 8a23f3c ($5 in chips)
Seat 3: 7f6487d4 ($5 in chips)
Seat 4: d49fbb5d ($6.08 in chips)
Seat 5: 66980eb8 ($4.98 in chips)
Seat 6: Hero ($5 in chips)
d49fbb5d: posts small blind $0.02
66980eb8: posts big blind $0.05
*** HOLE CARDS ***
Dealt to d3f27f44 
Dealt to 8a23f3c 
Dealt to 7f6487d4 
Dealt to d49fbb5d 
Dealt to 66980eb8 
Dealt to Hero [6d 4c]
Hero: folds
d3f27f44: folds
8a23f3c: folds
7f6487d4: raises $0.08 to $0.13
d49fbb5d: folds
66980eb8: folds
Uncalled bet ($0.08) returned to 7f6487d4
*** SHOWDOWN ***
7f6487d4 collected $0.12 from pot
*** SUMMARY ***
Total pot $0.12 | Rake $0 | Jackpot $0 | Bingo $0 | Fortune $0
Seat 1: d3f27f44 folded before Flop (didn't bet)
Seat 2: 8a23f3c folded before Flop (didn't bet)
Seat 3: 7f6487d4 (button) collected ($0.12)
Seat 4: d49fbb5d (small blind) folded before Flop
Seat 5: 66980eb8 (big blind) folded before Flop
Seat 6: Hero folded before Flop (didn't bet)


Poker Hand #HD1140323051: Hold'em No Limit  ($0.02/$0.05) - 2023/02/28 20:21:16
Table 'NLHBlue28' 6-max Seat #2 is the button
Seat 1: d3f27f44 ($4.42 in chips)
Seat 2: 8a23f3c ($5 in chips)
Seat 3: 7f6487d4 ($5 in chips)
Seat 4: d49fbb5d ($6.13 in chips)
Seat 5: 66980eb8 ($4.98 in chips)
Seat 6: Hero ($5 in chips)
7f6487d4: posts small blind $0.02
d49fbb5d: posts big blind $0.05
*** HOLE CARDS ***
Dealt to d3f27f44 
Dealt to 8a23f3c 
Dealt to 7f6487d4 
Dealt to d49fbb5d 
Dealt to 66980eb8 
Dealt to Hero [3d 5s]
66980eb8: folds
Hero: folds
d3f27f44: calls $0.05
8a23f3c: folds
7f6487d4: raises $0.21 to $0.26
d49fbb5d: folds
d3f27f44: calls $0.21
*** FLOP *** [Ks 8d 2h]
7f6487d4: bets $0.19
d3f27f44: calls $0.19
*** TURN *** [Ks 8d 2h] [5c]
7f6487d4: checks
d3f27f44: bets $0.48
7f6487d4: folds
Uncalled bet ($0.48) returned to d3f27f44
*** SHOWDOWN ***
d3f27f44 collected $0.9 from pot
*** SUMMARY ***
Total pot $0.95 | Rake $0.05 | Jackpot $0 | Bingo $0 | Fortune $0
Board [Ks 8d 2h 5c]
Seat 1: d3f27f44 won ($0.9)
Seat 2: 8a23f3c (button) folded before Flop (didn't bet)
Seat 3: 7f6487d4 (small blind) folded on the Turn
Seat 4: d49fbb5d (big blind) folded before Flop
Seat 5: 66980eb8 folded before Flop (didn't bet)
Seat 6: Hero folded before Flop (didn't bet)


Poker Hand #HD1140322837: Hold'em No Limit  ($0.02/$0.05) - 2023/02/28 20:19:50
Table 'NLHBlue28' 6-max Seat #1 is the button
Seat 1: d3f27f44 ($4.3 in chips)
Seat 2: 8a23f3c ($5.02 in chips)
Seat 3: 7f6487d4 ($5 in chips)
Seat 4: d49fbb5d ($6.13 in chips)
Seat 5: 66980eb8 ($4.98 in chips)
Seat 6: Hero ($5 in chips)
8a23f3c: posts small blind $0.02
7f6487d4: posts big blind $0.05
*** HOLE CARDS ***
Dealt to d3f27f44 
Dealt to 8a23f3c 
Dealt to 7f6487d4 
Dealt to d49fbb5d 
Dealt to 66980eb8 
Dealt to Hero [9s 7h]
d49fbb5d: folds
66980eb8: folds
Hero: folds
d3f27f44: calls $0.05
8a23f3c: folds
7f6487d4: checks
*** FLOP *** [5h Js 8d]
7f6487d4: checks
d3f27f44: checks
*** TURN *** [5h Js 8d] [As]
7f6487d4: checks
d3f27f44: bets $0.06
7f6487d4: calls $0.06
*** RIVER *** [5h Js 8d As] [Kd]
7f6487d4: checks
d3f27f44: bets $0.12
7f6487d4: folds
Uncalled bet ($0.12) returned to d3f27f44
*** SHOWDOWN ***
d3f27f44 collected $0.23 from pot
*** SUMMARY ***
Total pot $0.24 | Rake $0.01 | Jackpot $0 | Bingo $0 | Fortune $0
Board [5h Js 8d As Kd]
Seat 1: d3f27f44 (button) won ($0.23)
Seat 2: 8a23f3c (small blind) folded before Flop
Seat 3: 7f6487d4 (big blind) folded on the River
Seat 4: d49fbb5d folded before Flop (didn't bet)
Seat 5: 66980eb8 folded before Flop (didn't bet)
Seat 6: Hero folded before Flop (didn't bet)


Poker Hand #HD1140322739: Hold'em No Limit  ($0.02/$0.05) - 2023/02/28 20:19:13
Table 'NLHBlue28' 6-max Seat #6 is the button
Seat 1: d3f27f44 ($4.32 in chips)
Seat 2: 8a23f3c ($5.07 in chips)
Seat 3: 7f6487d4 ($5.07 in chips)
Seat 4: d49fbb5d ($5.96 in chips)
Seat 5: 66980eb8 ($4.98 in chips)
Seat 6: Hero ($5 in chips)
d3f27f44: posts small blind $0.02
8a23f3c: posts big blind $0.05
*** HOLE CARDS ***
Dealt to d3f27f44 
Dealt to 8a23f3c 
Dealt to 7f6487d4 
Dealt to d49fbb5d 
Dealt to 66980eb8 
Dealt to Hero [8s 2s]
7f6487d4: raises $0.06 to $0.11
d49fbb5d: raises $0.35 to $0.46
66980eb8: folds
Hero: folds
d3f27f44: folds
8a23f3c: folds
7f6487d4: folds
Uncalled bet ($0.35) returned to d49fbb5d
*** SHOWDOWN ***
d49fbb5d collected $0.28 from pot
*** SUMMARY ***
Total pot $0.29 | Rake $0.01 | Jackpot $0 | Bingo $0 | Fortune $0
Seat 1: d3f27f44 (small blind) folded before Flop
Seat 2: 8a23f3c (big blind) folded before Flop
Seat 3: 7f6487d4 folded before Flop
Seat 4: d49fbb5d collected ($0.28)
Seat 5: 66980eb8 folded before Flop (didn't bet)
Seat 6: Hero (button) folded before Flop (didn't bet)


Poker Hand #HD1140322667: Hold'em No Limit  ($0.02/$0.05) - 2023/02/28 20:18:43
Table 'NLHBlue28' 6-max Seat #5 is the button
Seat 1: d3f27f44 ($4.37 in chips)
Seat 2: 8a23f3c ($5 in chips)
Seat 3: 7f6487d4 ($5.07 in chips)
Seat 4: d49fbb5d ($5.96 in chips)
Seat 5: 66980eb8 ($4.98 in chips)
Seat 6: Hero ($5.02 in chips)
Hero: posts small blind $0.02
d3f27f44: posts big blind $0.05
*** HOLE CARDS ***
Dealt to d3f27f44 
Dealt to 8a23f3c 
Dealt to 7f6487d4 
Dealt to d49fbb5d 
Dealt to 66980eb8 
Dealt to Hero [Js 3c]
8a23f3c: raises $0.05 to $0.1
7f6487d4: folds
d49fbb5d: folds
66980eb8: folds
Hero: folds
d3f27f44: folds
Uncalled bet ($0.05) returned to 8a23f3c
*** SHOWDOWN ***
8a23f3c collected $0.12 from pot
*** SUMMARY ***
Total pot $0.12 | Rake $0 | Jackpot $0 | Bingo $0 | Fortune $0
Seat 1: d3f27f44 (big blind) folded before Flop
Seat 2: 8a23f3c collected ($0.12)
Seat 3: 7f6487d4 folded before Flop (didn't bet)
Seat 4: d49fbb5d folded before Flop (didn't bet)
Seat 5: 66980eb8 (button) folded before Flop (didn't bet)
Seat 6: Hero (small blind) folded before Flop


Poker Hand #HD1140322553: Hold'em No Limit  ($0.02/$0.05) - 2023/02/28 20:17:55
Table 'NLHBlue28' 6-max Seat #4 is the button
Seat 1: d3f27f44 ($4.09 in chips)
Seat 2: 8a23f3c ($5 in chips)
Seat 3: 7f6487d4 ($5.07 in chips)
Seat 4: d49fbb5d ($6.2 in chips)
Seat 5: 66980eb8 ($5 in chips)
Seat 6: Hero ($5.07 in chips)
66980eb8: posts small blind $0.02
Hero: posts big blind $0.05
*** HOLE CARDS ***
Dealt to d3f27f44 
Dealt to 8a23f3c 
Dealt to 7f6487d4 
Dealt to d49fbb5d 
Dealt to 66980eb8 
Dealt to Hero [6d Ts]
d3f27f44: calls $0.05
8a23f3c: folds
7f6487d4: folds
d49fbb5d: raises $0.19 to $0.24
66980eb8: folds
Hero: folds
d3f27f44: calls $0.19
*** FLOP *** [Tc Ad Qs]
d3f27f44: checks
d49fbb5d: checks
*** TURN *** [Tc Ad Qs] [3s]
d3f27f44: bets $0.28
d49fbb5d: folds
Uncalled bet ($0.28) returned to d3f27f44
*** SHOWDOWN ***
d3f27f44 collected $0.52 from pot
*** SUMMARY ***
Total pot $0.55 | Rake $0.03 | Jackpot $0 | Bingo $0 | Fortune $0
Board [Tc Ad Qs 3s]
Seat 1: d3f27f44 won ($0.52)
Seat 2: 8a23f3c folded before Flop (didn't bet)
Seat 3: 7f6487d4 folded before Flop (didn't bet)
Seat 4: d49fbb5d (button) folded on the Turn
Seat 5: 66980eb8 (small blind) folded before Flop
Seat 6: Hero (big blind) folded before Flop


Poker Hand #HD1140322462: Hold'em No Limit  ($0.02/$0.05) - 2023/02/28 20:17:24
Table 'NLHBlue28' 6-max Seat #3 is the button
Seat 1: d3f27f44 ($4.09 in chips)
Seat 2: 8a23f3c ($5 in chips)
Seat 3: 7f6487d4 ($5 in chips)
Seat 4: d49fbb5d ($6.22 in chips)
Seat 5: 66980eb8 ($5.05 in chips)
Seat 6: Hero ($5.07 in chips)
d49fbb5d: posts small blind $0.02
66980eb8: posts big blind $0.05
*** HOLE CARDS ***
Dealt to d3f27f44 
Dealt to 8a23f3c 
Dealt to 7f6487d4 
Dealt to d49fbb5d 
Dealt to 66980eb8 
Dealt to Hero [Th Ks]
Hero: folds
d3f27f44: folds
8a23f3c: folds
7f6487d4: raises $0.08 to $0.13
d49fbb5d: folds
66980eb8: folds
Uncalled bet ($0.08) returned to 7f6487d4
*** SHOWDOWN ***
7f6487d4 collected $0.12 from pot
*** SUMMARY ***
Total pot $0.12 | Rake $0 | Jackpot $0 | Bingo $0 | Fortune $0
Seat 1: d3f27f44 folded before Flop (didn't bet)
Seat 2: 8a23f3c folded before Flop (didn't bet)
Seat 3: 7f6487d4 (button) collected ($0.12)
Seat 4: d49fbb5d (small blind) folded before Flop
Seat 5: 66980eb8 (big blind) folded before Flop
Seat 6: Hero folded before Flop (didn't bet)


Poker Hand #HD1140322292: Hold'em No Limit  ($0.02/$0.05) - 2023/02/28 20:16:14
Table 'NLHBlue28' 6-max Seat #2 is the button
Seat 1: d3f27f44 ($3.87 in chips)
Seat 2: 8a23f3c ($5 in chips)
Seat 3: 7f6487d4 ($5 in chips)
Seat 4: d49fbb5d ($6.27 in chips)
Seat 5: 66980eb8 ($5.05 in chips)
Seat 6: Hero ($5.07 in chips)
7f6487d4: posts small blind $0.02
d49fbb5d: posts big blind $0.05
*** HOLE CARDS ***
Dealt to d3f27f44 
Dealt to 8a23f3c 
Dealt to 7f6487d4 
Dealt to d49fbb5d 
Dealt to 66980eb8 
Dealt to Hero [Kc 2h]
66980eb8: folds
Hero: folds
d3f27f44: calls $0.05
8a23f3c: calls $0.05
7f6487d4: folds
d49fbb5d: checks
*** FLOP *** [Kd 9d 5s]
d49fbb5d: checks
d3f27f44: checks
8a23f3c: bets $0.12
d49fbb5d: folds
d3f27f44: calls $0.12
*** TURN *** [Kd 9d 5s] [4d]
d3f27f44: checks
8a23f3c: checks
*** RIVER *** [Kd 9d 5s 4d] [Js]
d3f27f44: bets $0.14
8a23f3c: folds
Uncalled bet ($0.14) returned to d3f27f44
*** SHOWDOWN ***
d3f27f44 collected $0.39 from pot
*** SUMMARY ***
Total pot $0.41 | Rake $0.02 | Jackpot $0 | Bingo $0 | Fortune $0
Board [Kd 9d 5s 4d Js]
Seat 1: d3f27f44 won ($0.39)
Seat 2: 8a23f3c (button) folded on the River
Seat 3: 7f6487d4 (small blind) folded before Flop
Seat 4: d49fbb5d (big blind) folded on the Flop
Seat 5: 66980eb8 folded before Flop (didn't bet)
Seat 6: Hero folded before Flop (didn't bet)


Poker Hand #HD1140322118: Hold'em No Limit  ($0.02/$0.05) - 2023/02/28 20:15:05
Table 'NLHBlue28' 6-max Seat #1 is the button
Seat 1: d3f27f44 ($4.15 in chips)
Seat 2: 8a23f3c ($5 in chips)
Seat 3: 7f6487d4 ($5 in chips)
Seat 4: d49fbb5d ($5.95 in chips)
Seat 5: 66980eb8 ($5.05 in chips)
Seat 6: Hero ($5.07 in chips)
8a23f3c: posts small blind $0.02
7f6487d4: posts big blind $0.05
*** HOLE CARDS ***
Dealt to d3f27f44 
Dealt to 8a23f3c 
Dealt to 7f6487d4 
Dealt to d49fbb5d 
Dealt to 66980eb8 
Dealt to Hero [8h Qs]
d49fbb5d: raises $0.07 to $0.12
66980eb8: folds
Hero: folds
d3f27f44: calls $0.12
8a23f3c: folds
7f6487d4: folds
*** FLOP *** [7s 8s 4c]
d49fbb5d: checks
d3f27f44: bets $0.16
d49fbb5d: calls $0.16
*** TURN *** [7s 8s 4c] [3h]
d49fbb5d: checks
d3f27f44: checks
*** RIVER *** [7s 8s 4c 3h] [4d]
d49fbb5d: bets $0.44
d3f27f44: folds
Uncalled bet ($0.44) returned to d49fbb5d
*** SHOWDOWN ***
d49fbb5d collected $0.6 from pot
*** SUMMARY ***
Total pot $0.63 | Rake $0.03 | Jackpot $0 | Bingo $0 | Fortune $0
Board [7s 8s 4c 3h 4d]
Seat 1: d3f27f44 (button) folded on the River
Seat 2: 8a23f3c (small blind) folded before Flop
Seat 3: 7f6487d4 (big blind) folded before Flop
Seat 4: d49fbb5d won ($0.6)
Seat 5: 66980eb8 folded before Flop (didn't bet)
Seat 6: Hero folded before Flop (didn't bet)


Poker Hand #HD1140322020: Hold'em No Limit  ($0.02/$0.05) - 2023/02/28 20:14:24
Table 'NLHBlue28' 6-max Seat #6 is the button
Seat 1: d3f27f44 ($4.27 in chips)
Seat 2: 8a23f3c ($5 in chips)
Seat 3: 7f6487d4 ($5 in chips)
Seat 4: d49fbb5d ($5.79 in chips)
Seat 5: 66980eb8 ($5.05 in chips)
Seat 6: Hero ($5.07 in chips)
d3f27f44: posts small blind $0.02
8a23f3c: posts big blind $0.05
*** HOLE CARDS ***
Dealt to d3f27f44 
Dealt to 8a23f3c 
Dealt to 7f6487d4 
Dealt to d49fbb5d 
Dealt to 66980eb8 
Dealt to Hero [5s 4c]
7f6487d4: folds
d49fbb5d: raises $0.07 to $0.12
66980eb8: folds
Hero: folds
d3f27f44: calls $0.1
8a23f3c: folds
*** FLOP *** [6c 3s 9c]
d3f27f44: checks
d49fbb5d: bets $0.16
d3f27f44: folds
Uncalled bet ($0.16) returned to d49fbb5d
*** SHOWDOWN ***
d49fbb5d collected $0.28 from pot
*** SUMMARY ***
Total pot $0.29 | Rake $0.01 | Jackpot $0 | Bingo $0 | Fortune $0
Board [6c 3s 9c]
Seat 1: d3f27f44 (small blind) folded on the Flop
Seat 2: 8a23f3c (big blind) folded before Flop
Seat 3: 7f6487d4 folded before Flop (didn't bet)
Seat 4: d49fbb5d won ($0.28)
Seat 5: 66980eb8 folded before Flop (didn't bet)
Seat 6: Hero (button) folded before Flop (didn't bet)


Poker Hand #HD1140321957: Hold'em No Limit  ($0.02/$0.05) - 2023/02/28 20:13:56
Table 'NLHBlue28' 6-max Seat #5 is the button
Seat 1: d3f27f44 ($4.32 in chips)
Seat 3: 7f6487d4 ($5 in chips)
Seat 4: d49fbb5d ($5.79 in chips)
Seat 5: 66980eb8 ($5.05 in chips)
Seat 6: Hero ($5.02 in chips)
Hero: posts small blind $0.02
d3f27f44: posts big blind $0.05
*** HOLE CARDS ***
Dealt to d3f27f44 
Dealt to 7f6487d4 
Dealt to d49fbb5d 
Dealt to 66980eb8 
Dealt to Hero [5d Kd]
7f6487d4: folds
d49fbb5d: folds
66980eb8: folds
Hero: raises $0.11 to $0.16
d3f27f44: folds
Uncalled bet ($0.11) returned to Hero
*** SHOWDOWN ***
Hero collected $0.1 from pot
*** SUMMARY ***
Total pot $0.1 | Rake $0 | Jackpot $0 | Bingo $0 | Fortune $0
Seat 1: d3f27f44 (big blind) folded before Flop
Seat 3: 7f6487d4 folded before Flop (didn't bet)
Seat 4: d49fbb5d folded before Flop (didn't bet)
Seat 5: 66980eb8 (button) folded before Flop (didn't bet)
Seat 6: Hero (small blind) collected ($0.1)


Poker Hand #HD1140321887: Hold'em No Limit  ($0.02/$0.05) - 2023/02/28 20:13:31
Table 'NLHBlue28' 6-max Seat #4 is the button
Seat 1: d3f27f44 ($4.32 in chips)
Seat 2: f0e735b ($1.71 in chips)
Seat 3: 7f6487d4 ($5 in chips)
Seat 4: d49fbb5d ($5.79 in chips)
Seat 5: 66980eb8 ($5.07 in chips)
Seat 6: Hero ($5 in chips)
66980eb8: posts small blind $0.02
Hero: posts big blind $0.05
*** HOLE CARDS ***
Dealt to d3f27f44 
Dealt to f0e735b 
Dealt to 7f6487d4 
Dealt to d49fbb5d 
Dealt to 66980eb8 
Dealt to Hero [Ac 3c]
d3f27f44: folds
f0e735b: folds
7f6487d4: folds
d49fbb5d: folds
66980eb8: folds
Uncalled bet ($0.03) returned to Hero
*** SHOWDOWN ***
Hero collected $0.04 from pot
*** SUMMARY ***
Total pot $0.04 | Rake $0 | Jackpot $0 | Bingo $0 | Fortune $0
Seat 1: d3f27f44 folded before Flop (didn't bet)
Seat 2: f0e735b folded before Flop (didn't bet)
Seat 3: 7f6487d4 folded before Flop (didn't bet)
Seat 4: d49fbb5d (button) folded before Flop (didn't bet)
Seat 5: 66980eb8 (small blind) folded before Flop
Seat 6: Hero (big blind) collected ($0.04)


Poker Hand #HD1140321793: Hold'em No Limit  ($0.02/$0.05) - 2023/02/28 20:12:48
Table 'NLHBlue28' 6-max Seat #3 is the button
Seat 1: d3f27f44 ($4.32 in chips)
Seat 2: f0e735b ($2.58 in chips)
Seat 3: 7f6487d4 ($5 in chips)
Seat 4: d49fbb5d ($5 in chips)
Seat 5: 66980eb8 ($5.12 in chips)
Seat 6: Hero ($5 in chips)
d49fbb5d: posts small blind $0.02
66980eb8: posts big blind $0.05
*** HOLE CARDS ***
Dealt to d3f27f44 
Dealt to f0e735b 
Dealt to 7f6487d4 
Dealt to d49fbb5d 
Dealt to 66980eb8 
Dealt to Hero [7s Tc]
Hero: folds
d3f27f44: folds
f0e735b: raises $0.1 to $0.15
7f6487d4: folds
d49fbb5d: calls $0.13
66980eb8: folds
*** FLOP *** [Js As 2d]
d49fbb5d: checks
f0e735b: checks
*** TURN *** [Js As 2d] [9h]
d49fbb5d: bets $0.2
f0e735b: calls $0.2
*** RIVER *** [Js As 2d 9h] [5d]
d49fbb5d: bets $0.52
f0e735b: calls $0.52
d49fbb5d: shows [Ac Jc] (Pair of Aces and Pair of Jacks)
f0e735b: shows [6s 2s] (Pair of Twos)
*** SHOWDOWN ***
d49fbb5d collected $1.66 from pot
*** SUMMARY ***
Total pot $1.79 | Rake $0.08 | Jackpot $0.05 | Bingo $0 | Fortune $0
Board [Js As 2d 9h 5d]
Seat 1: d3f27f44 folded before Flop (didn't bet)
Seat 2: f0e735b showed [6s 2s] and lost with Pair of Twos
Seat 3: 7f6487d4 (button) folded before Flop (didn't bet)
Seat 4: d49fbb5d (small blind) showed [Ac Jc] and won ($1.66) with Pair of Aces and Pair of Jacks
Seat 5: 66980eb8 (big blind) folded before Flop
Seat 6: Hero folded before Flop (didn't bet)


Poker Hand #HD1140321680: Hold'em No Limit  ($0.02/$0.05) - 2023/02/28 20:11:57
Table 'NLHBlue28' 6-max Seat #2 is the button
Seat 1: d3f27f44 ($4 in chips)
Seat 2: f0e735b ($2.58 in chips)
Seat 3: 7f6487d4 ($5 in chips)
Seat 4: d49fbb5d ($5 in chips)
Seat 5: 66980eb8 ($5.12 in chips)
Seat 6: Hero ($5.03 in chips)
7f6487d4: posts small blind $0.02
d49fbb5d: posts big blind $0.05
*** HOLE CARDS ***
Dealt to d3f27f44 
Dealt to f0e735b 
Dealt to 7f6487d4 
Dealt to d49fbb5d 
Dealt to 66980eb8 
Dealt to Hero [Jc As]
66980eb8: folds
Hero: raises $0.07 to $0.12
d3f27f44: calls $0.12
f0e735b: folds
7f6487d4: folds
d49fbb5d: folds
*** FLOP *** [6c 5h 3c]
Hero: checks
d3f27f44: checks
*** TURN *** [6c 5h 3c] [Kc]
Hero: bets $0.16
d3f27f44: calls $0.16
*** RIVER *** [6c 5h 3c Kc] [7h]
Hero: checks
d3f27f44: checks
Hero: shows [Jc As] (Ace-High)
d3f27f44: shows [Qd Kd] (Pair of Kings)
*** SHOWDOWN ***
d3f27f44 collected $0.6 from pot
*** SUMMARY ***
Total pot $0.63 | Rake $0.03 | Jackpot $0 | Bingo $0 | Fortune $0
Board [6c 5h 3c Kc 7h]
Seat 1: d3f27f44 showed [Qd Kd] and won ($0.6) with Pair of Kings
Seat 2: f0e735b (button) folded before Flop (didn't bet)
Seat 3: 7f6487d4 (small blind) folded before Flop
Seat 4: d49fbb5d (big blind) folded before Flop
Seat 5: 66980eb8 folded before Flop (didn't bet)
Seat 6: Hero showed [Jc As] and lost with Ace-High


Poker Hand #HD1140321557: Hold'em No Limit  ($0.02/$0.05) - 2023/02/28 20:11:09
Table 'NLHBlue28' 6-max Seat #1 is the button
Seat 1: d3f27f44 ($4 in chips)
Seat 2: f0e735b ($2.73 in chips)
Seat 3: 7f6487d4 ($5 in chips)
Seat 4: d49fbb5d ($5 in chips)
Seat 5: 66980eb8 ($4.93 in chips)
Seat 6: Hero ($5.03 in chips)
f0e735b: posts small blind $0.02
7f6487d4: posts big blind $0.05
*** HOLE CARDS ***
Dealt to d3f27f44 
Dealt to f0e735b 
Dealt to 7f6487d4 
Dealt to d49fbb5d 
Dealt to 66980eb8 
Dealt to Hero [Jd 4c]
d49fbb5d: folds
66980eb8: raises $0.1 to $0.15
Hero: folds
d3f27f44: folds
f0e735b: calls $0.13
7f6487d4: folds
*** FLOP *** [Ts 5h Ac]
f0e735b: checks
66980eb8: bets $0.27
f0e735b: folds
Uncalled bet ($0.27) returned to 66980eb8
*** SHOWDOWN ***
66980eb8 collected $0.34 from pot
*** SUMMARY ***
Total pot $0.35 | Rake $0.01 | Jackpot $0 | Bingo $0 | Fortune $0
Board [Ts 5h Ac]
Seat 1: d3f27f44 (button) folded before Flop (didn't bet)
Seat 2: f0e735b (small blind) folded on the Flop
Seat 3: 7f6487d4 (big blind) folded before Flop
Seat 4: d49fbb5d folded before Flop (didn't bet)
Seat 5: 66980eb8 won ($0.34)
Seat 6: Hero folded before Flop (didn't bet)


Poker Hand #HD1140321460: Hold'em No Limit  ($0.02/$0.05) - 2023/02/28 20:10:29
Table 'NLHBlue28' 6-max Seat #6 is the button
Seat 1: d3f27f44 ($3.73 in chips)
Seat 2: f0e735b ($3.03 in chips)
Seat 4: d49fbb5d ($5 in chips)
Seat 5: 66980eb8 ($4.93 in chips)
Seat 6: Hero ($5.03 in chips)
d3f27f44: posts small blind $0.02
f0e735b: posts big blind $0.05
*** HOLE CARDS ***
Dealt to d3f27f44 
Dealt to f0e735b 
Dealt to d49fbb5d 
Dealt to 66980eb8 
Dealt to Hero [5c Qs]
d49fbb5d: folds
66980eb8: folds
Hero: folds
d3f27f44: raises $0.1 to $0.15
f0e735b: calls $0.1
*** FLOP *** [5s Th 5d]
d3f27f44: bets $0.15
f0e735b: calls $0.15
*** TURN *** [5s Th 5d] [Tc]
d3f27f44: bets $0.3
f0e735b: folds
Uncalled bet ($0.3) returned to d3f27f44
*** SHOWDOWN ***
d3f27f44 collected $0.57 from pot
*** SUMMARY ***
Total pot $0.6 | Rake $0.03 | Jackpot $0 | Bingo $0 | Fortune $0
Board [5s Th 5d Tc]
Seat 1: d3f27f44 (small blind) won ($0.57)
Seat 2: f0e735b (big blind) folded on the Turn
Seat 4: d49fbb5d folded before Flop (didn't bet)
Seat 5: 66980eb8 folded before Flop (didn't bet)
Seat 6: Hero (button) folded before Flop (didn't bet)


Poker Hand #HD1140321321: Hold'em No Limit  ($0.02/$0.05) - 2023/02/28 20:09:36
Table 'NLHBlue28' 6-max Seat #5 is the button
Seat 1: d3f27f44 ($3.78 in chips)
Seat 2: f0e735b ($2.58 in chips)
Seat 4: d49fbb5d ($5 in chips)
Seat 5: 66980eb8 ($4.93 in chips)
Seat 6: Hero ($5.05 in chips)
Hero: posts small blind $0.02
d3f27f44: posts big blind $0.05
*** HOLE CARDS ***
Dealt to d3f27f44 
Dealt to f0e735b 
Dealt to d49fbb5d 
Dealt to 66980eb8 
Dealt to Hero [Ts Jh]
f0e735b: calls $0.05
d49fbb5d: raises $0.19 to $0.24
66980eb8: folds
Hero: folds
d3f27f44: folds
f0e735b: calls $0.19
*** FLOP *** [2h 9s Kd]
f0e735b: checks
d49fbb5d: bets $0.18
f0e735b: calls $0.18
*** TURN *** [2h 9s Kd] [8s]
f0e735b: checks
d49fbb5d: checks
*** RIVER *** [2h 9s Kd 8s] [4s]
f0e735b: bets $0.91
d49fbb5d: folds
Uncalled bet ($0.91) returned to f0e735b
*** SHOWDOWN ***
f0e735b collected $0.87 from pot
*** SUMMARY ***
Total pot $0.91 | Rake $0.04 | Jackpot $0 | Bingo $0 | Fortune $0
Board [2h 9s Kd 8s 4s]
Seat 1: d3f27f44 (big blind) folded before Flop
Seat 2: f0e735b won ($0.87)
Seat 4: d49fbb5d folded on the River
Seat 5: 66980eb8 (button) folded before Flop (didn't bet)
Seat 6: Hero (small blind) folded before Flop


Poker Hand #HD1140321262: Hold'em No Limit  ($0.02/$0.05) - 2023/02/28 20:09:09
Table 'NLHBlue28' 6-max Seat #4 is the button
Seat 1: d3f27f44 ($3.78 in chips)
Seat 2: f0e735b ($2.51 in chips)
Seat 4: d49fbb5d ($5 in chips)
Seat 5: 66980eb8 ($4.95 in chips)
Seat 6: Hero ($5 in chips)
66980eb8: posts small blind $0.02
Hero: posts big blind $0.05
f0e735b: posts big blind $0.05
*** HOLE CARDS ***
Dealt to d3f27f44 
Dealt to f0e735b 
Dealt to d49fbb5d 
Dealt to 66980eb8 
Dealt to Hero [Tc 5d]
d3f27f44: folds
f0e735b: checks
d49fbb5d: folds
66980eb8: folds
Hero: checks
*** FLOP *** [5h 6s 9h]
Hero: checks
f0e735b: checks
*** TURN *** [5h 6s 9h] [Jc]
Hero: checks
f0e735b: bets $0.06
Hero: folds
Uncalled bet ($0.06) returned to f0e735b
*** SHOWDOWN ***
f0e735b collected $0.12 from pot
*** SUMMARY ***
Total pot $0.12 | Rake $0 | Jackpot $0 | Bingo $0 | Fortune $0
Board [5h 6s 9h Jc]
Seat 1: d3f27f44 folded before Flop (didn't bet)
Seat 2: f0e735b won ($0.12)
Seat 4: d49fbb5d (button) folded before Flop (didn't bet)
Seat 5: 66980eb8 (small blind) folded before Flop
Seat 6: Hero (big blind) folded on the Turn


Poker Hand #HD1140321134: Hold'em No Limit  ($0.02/$0.05) - 2023/02/28 20:08:15
Table 'NLHBlue28' 6-max Seat #3 is the button
Seat 1: d3f27f44 ($3.71 in chips)
Seat 3: 2b5b2997 ($19.4 in chips)
Seat 4: d49fbb5d ($5 in chips)
Seat 5: 66980eb8 ($5 in chips)
Seat 6: Hero ($5 in chips)
d49fbb5d: posts small blind $0.02
66980eb8: posts big blind $0.05
*** HOLE CARDS ***
Dealt to d3f27f44 
Dealt to 2b5b2997 
Dealt to d49fbb5d 
Dealt to 66980eb8 
Dealt to Hero [7h 6c]
Hero: folds
d3f27f44: calls $0.05
2b5b2997: folds
d49fbb5d: folds
66980eb8: checks
*** FLOP *** [8h Qd 2d]
66980eb8: checks
d3f27f44: bets $0.06
66980eb8: folds
Uncalled bet ($0.06) returned to d3f27f44
*** SHOWDOWN ***
d3f27f44 collected $0.12 from pot
*** SUMMARY ***
Total pot $0.12 | Rake $0 | Jackpot $0 | Bingo $0 | Fortune $0
Board [8h Qd 2d]
Seat 1: d3f27f44 won ($0.12)
Seat 3: 2b5b2997 (button) folded before Flop (didn't bet)
Seat 4: d49fbb5d (small blind) folded before Flop
Seat 5: 66980eb8 (big blind) folded on the Flop
Seat 6: Hero folded before Flop (didn't bet)


Poker Hand #HD1140321108: Hold'em No Limit  ($0.02/$0.05) - 2023/02/28 20:08:05
Table 'NLHBlue28' 6-max Seat #1 is the button
Seat 1: d3f27f44 ($3.71 in chips)
Seat 3: 2b5b2997 ($19.35 in chips)
Seat 4: d49fbb5d ($5.05 in chips)
Seat 6: Hero ($5 in chips)
2b5b2997: posts small blind $0.02
d49fbb5d: posts big blind $0.05
*** HOLE CARDS ***
Dealt to d3f27f44 
Dealt to 2b5b2997 
Dealt to d49fbb5d 
Dealt to Hero [Ts Kc]
Hero: folds
d3f27f44: folds
2b5b2997: raises $0.1 to $0.15
d49fbb5d: folds
Uncalled bet ($0.1) returned to 2b5b2997
*** SHOWDOWN ***
2b5b2997 collected $0.1 from pot
*** SUMMARY ***
Total pot $0.1 | Rake $0 | Jackpot $0 | Bingo $0 | Fortune $0
Seat 1: d3f27f44 (button) folded before Flop (didn't bet)
Seat 3: 2b5b2997 (small blind) collected ($0.1)
Seat 4: d49fbb5d (big blind) folded before Flop
Seat 6: Hero folded before Flop (didn't bet)


Poker Hand #HD1140321088: Hold'em No Limit  ($0.02/$0.05) - 2023/02/28 20:07:54
Table 'NLHBlue28' 6-max Seat #6 is the button
Seat 1: d3f27f44 ($3.66 in chips)
Seat 3: 2b5b2997 ($19.4 in chips)
Seat 4: d49fbb5d ($5.05 in chips)
Seat 6: Hero ($5 in chips)
d3f27f44: posts small blind $0.02
2b5b2997: posts big blind $0.05
*** HOLE CARDS ***
Dealt to d3f27f44 
Dealt to 2b5b2997 
Dealt to d49fbb5d 
Dealt to Hero [3h 6d]
d49fbb5d: folds
Hero: folds
d3f27f44: raises $0.1 to $0.15
2b5b2997: folds
Uncalled bet ($0.1) returned to d3f27f44
*** SHOWDOWN ***
d3f27f44 collected $0.1 from pot
*** SUMMARY ***
Total pot $0.1 | Rake $0 | Jackpot $0 | Bingo $0 | Fortune $0
Seat 1: d3f27f44 (small blind) collected ($0.1)
Seat 3: 2b5b2997 (big blind) folded before Flop
Seat 4: d49fbb5d folded before Flop (didn't bet)
Seat 6: Hero (button) folded before Flop (didn't bet)


Poker Hand #HD1140320907: Hold'em No Limit  ($0.02/$0.05) - 2023/02/28 20:06:42
Table 'NLHBlue28' 6-max Seat #5 is the button
Seat 1: d3f27f44 ($3.71 in chips)
Seat 2: 4d96eae7 ($5 in chips)
Seat 3: 2b5b2997 ($15.14 in chips)
Seat 4: d49fbb5d ($5.05 in chips)
Seat 5: 5b31dd18 ($5 in chips)
Seat 6: Hero ($5 in chips)
Hero: posts small blind $0.02
d3f27f44: posts big blind $0.05
*** HOLE CARDS ***
Dealt to d3f27f44 
Dealt to 4d96eae7 
Dealt to 2b5b2997 
Dealt to d49fbb5d 
Dealt to 5b31dd18 
Dealt to Hero [5s Jc]
4d96eae7: raises $0.1 to $0.15
2b5b2997: raises $0.3 to $0.45
d49fbb5d: folds
5b31dd18: calls $0.45
Hero: folds
d3f27f44: folds
4d96eae7: calls $0.3
*** FLOP *** [5d Qs 7h]
4d96eae7: checks
2b5b2997: checks
5b31dd18: checks
*** TURN *** [5d Qs 7h] [3d]
4d96eae7: checks
2b5b2997: checks
5b31dd18: bets $1.08
4d96eae7: folds
2b5b2997: calls $1.08
*** RIVER *** [5d Qs 7h 3d] [Th]
2b5b2997: checks
5b31dd18: bets $2.7
2b5b2997: calls $2.7
5b31dd18: shows [Kc 9c] (King-High)
2b5b2997: shows [9s 9h] (Pair of Nines)
*** SHOWDOWN ***
2b5b2997 collected $8.49 from pot
*** SUMMARY ***
Total pot $8.98 | Rake $0.44 | Jackpot $0.05 | Bingo $0 | Fortune $0
Board [5d Qs 7h 3d Th]
Seat 1: d3f27f44 (big blind) folded before Flop
Seat 2: 4d96eae7 folded on the Turn
Seat 3: 2b5b2997 showed [9s 9h] and won ($8.49) with Pair of Nines
Seat 4: d49fbb5d folded before Flop (didn't bet)
Seat 5: 5b31dd18 (button) showed [Kc 9c] and lost with King-High
Seat 6: Hero (small blind) folded before Flop


Poker Hand #HD1140320679: Hold'em No Limit  ($0.02/$0.05) - 2023/02/28 20:05:12
Table 'NLHBlue28' 6-max Seat #4 is the button
Seat 1: d3f27f44 ($3.71 in chips)
Seat 2: 4d96eae7 ($5 in chips)
Seat 3: 2b5b2997 ($9.42 in chips)
Seat 4: d49fbb5d ($5.05 in chips)
Seat 5: 5b31dd18 ($6.14 in chips)
Seat 6: Hero ($5 in chips)
5b31dd18: posts small blind $0.02
Hero: posts big blind $0.05
*** HOLE CARDS ***
Dealt to d3f27f44 
Dealt to 4d96eae7 
Dealt to 2b5b2997 
Dealt to d49fbb5d 
Dealt to 5b31dd18 
Dealt to Hero [8c 5c]
d3f27f44: folds
4d96eae7: folds
2b5b2997: raises $0.08 to $0.13
d49fbb5d: folds
5b31dd18: calls $0.11
Hero: calls $0.08
*** FLOP *** [Jh Td 3d]
5b31dd18: checks
Hero: checks
2b5b2997: bets $0.13
5b31dd18: calls $0.13
Hero: folds
*** TURN *** [Jh Td 3d] [As]
5b31dd18: checks
2b5b2997: bets $0.49
5b31dd18: calls $0.49
*** RIVER *** [Jh Td 3d As] [8h]
5b31dd18: checks
2b5b2997: bets $1.23
5b31dd18: raises $4.09 to $5.32
2b5b2997: raises $3.35 to $8.67 and is all-in
5b31dd18: calls $0.07 and is all-in
Uncalled bet ($3.28) returned to 2b5b2997
2b5b2997: shows [Ks Qh] (Aces-High Straight)
5b31dd18: shows [Ad Ts] (Pair of Aces and Pair of Tens)
*** SHOWDOWN ***
2b5b2997 collected $11.86 from pot
*** SUMMARY ***
Total pot $12.41 | Rake $0.5 | Jackpot $0.05 | Bingo $0 | Fortune $0
Board [Jh Td 3d As 8h]
Seat 1: d3f27f44 folded before Flop (didn't bet)
Seat 2: 4d96eae7 folded before Flop (didn't bet)
Seat 3: 2b5b2997 showed [Ks Qh] and won ($11.86) with Aces-High Straight
Seat 4: d49fbb5d (button) folded before Flop (didn't bet)
Seat 5: 5b31dd18 (small blind) showed [Ad Ts] and lost with Pair of Aces and Pair of Tens
Seat 6: Hero (big blind) folded on the Flop


Poker Hand #HD1140320639: Hold'em No Limit  ($0.02/$0.05) - 2023/02/28 20:04:57
Table 'NLHBlue28' 6-max Seat #3 is the button
Seat 1: d3f27f44 ($3.71 in chips)
Seat 2: 4d96eae7 ($5 in chips)
Seat 3: 2b5b2997 ($9.35 in chips)
Seat 4: d49fbb5d ($5.07 in chips)
Seat 5: 5b31dd18 ($6.19 in chips)
Seat 6: Hero ($5 in chips)
d49fbb5d: posts small blind $0.02
5b31dd18: posts big blind $0.05
*** HOLE CARDS ***
Dealt to d3f27f44 
Dealt to 4d96eae7 
Dealt to 2b5b2997 
Dealt to d49fbb5d 
Dealt to 5b31dd18 
Dealt to Hero [Ks 6c]
Hero: folds
d3f27f44: folds
4d96eae7: folds
2b5b2997: raises $0.08 to $0.13
d49fbb5d: folds
5b31dd18: folds
Uncalled bet ($0.08) returned to 2b5b2997
*** SHOWDOWN ***
2b5b2997 collected $0.12 from pot
*** SUMMARY ***
Total pot $0.12 | Rake $0 | Jackpot $0 | Bingo $0 | Fortune $0
Seat 1: d3f27f44 folded before Flop (didn't bet)
Seat 2: 4d96eae7 folded before Flop (didn't bet)
Seat 3: 2b5b2997 (button) collected ($0.12)
Seat 4: d49fbb5d (small blind) folded before Flop
Seat 5: 5b31dd18 (big blind) folded before Flop
Seat 6: Hero folded before Flop (didn't bet)


Poker Hand #HD1140320484: Hold'em No Limit  ($0.02/$0.05) - 2023/02/28 20:03:54
Table 'NLHBlue28' 6-max Seat #2 is the button
Seat 1: d3f27f44 ($1.97 in chips)
Seat 2: 4d96eae7 ($5 in chips)
Seat 3: 2b5b2997 ($11.32 in chips)
Seat 4: d49fbb5d ($5.12 in chips)
Seat 5: 5b31dd18 ($6.19 in chips)
Seat 6: Hero ($5 in chips)
2b5b2997: posts small blind $0.02
d49fbb5d: posts big blind $0.05
*** HOLE CARDS ***
Dealt to d3f27f44 
Dealt to 4d96eae7 
Dealt to 2b5b2997 
Dealt to d49fbb5d 
Dealt to 5b31dd18 
Dealt to Hero [Ks 8d]
5b31dd18: folds
Hero: folds
d3f27f44: raises $0.1 to $0.15
4d96eae7: folds
2b5b2997: raises $0.45 to $0.6
d49fbb5d: folds
d3f27f44: calls $0.45
*** FLOP *** [4s 3s Ad]
2b5b2997: bets $0.42
d3f27f44: raises $0.95 to $1.37 and is all-in
2b5b2997: calls $0.95
d3f27f44: shows [Kc Kd] (Pair of Kings)
2b5b2997: shows [Jd Jh] (Pair of Jacks)
*** TURN *** [4s 3s Ad] [6c]
*** RIVER *** [4s 3s Ad 6c] [2s]
*** SHOWDOWN ***
d3f27f44 collected $3.71 from pot
*** SUMMARY ***
Total pot $3.99 | Rake $0.23 | Jackpot $0.05 | Bingo $0 | Fortune $0
Board [4s 3s Ad 6c 2s]
Seat 1: d3f27f44 showed [Kc Kd] and won ($3.71) with Pair of Kings
Seat 2: 4d96eae7 (button) folded before Flop (didn't bet)
Seat 3: 2b5b2997 (small blind) showed [Jd Jh] and lost with Pair of Jacks
Seat 4: d49fbb5d (big blind) folded before Flop
Seat 5: 5b31dd18 folded before Flop (didn't bet)
Seat 6: Hero folded before Flop (didn't bet)


Poker Hand #HD1140320443: Hold'em No Limit  ($0.02/$0.05) - 2023/02/28 20:03:38
Table 'NLHBlue28' 6-max Seat #1 is the button
Seat 1: d3f27f44 ($1.97 in chips)
Seat 2: 4d96eae7 ($5 in chips)
Seat 3: 2b5b2997 ($11.3 in chips)
Seat 4: d49fbb5d ($5.12 in chips)
Seat 5: 5b31dd18 ($6.19 in chips)
Seat 6: Hero ($5 in chips)
4d96eae7: posts small blind $0.02
2b5b2997: posts big blind $0.05
*** HOLE CARDS ***
Dealt to d3f27f44 
Dealt to 4d96eae7 
Dealt to 2b5b2997 
Dealt to d49fbb5d 
Dealt to 5b31dd18 
Dealt to Hero [As 7h]
d49fbb5d: folds
5b31dd18: folds
Hero: folds
d3f27f44: folds
4d96eae7: folds
Uncalled bet ($0.03) returned to 2b5b2997
*** SHOWDOWN ***
2b5b2997 collected $0.04 from pot
*** SUMMARY ***
Total pot $0.04 | Rake $0 | Jackpot $0 | Bingo $0 | Fortune $0
Seat 1: d3f27f44 (button) folded before Flop (didn't bet)
Seat 2: 4d96eae7 (small blind) folded before Flop
Seat 3: 2b5b2997 (big blind) collected ($0.04)
Seat 4: d49fbb5d folded before Flop (didn't bet)
Seat 5: 5b31dd18 folded before Flop (didn't bet)
Seat 6: Hero folded before Flop (didn't bet)


Poker Hand #HD1140320317: Hold'em No Limit  ($0.02/$0.05) - 2023/02/28 20:02:47
Table 'NLHBlue28' 6-max Seat #6 is the button
Seat 1: d3f27f44 ($1.07 in chips)
Seat 2: 4d96eae7 ($5 in chips)
Seat 3: 2b5b2997 ($11.3 in chips)
Seat 4: d49fbb5d ($5.12 in chips)
Seat 5: 5b31dd18 ($6.19 in chips)
Seat 6: Hero ($5 in chips)
d3f27f44: posts small blind $0.02
4d96eae7: posts big blind $0.05
*** HOLE CARDS ***
Dealt to d3f27f44 
Dealt to 4d96eae7 
Dealt to 2b5b2997 
Dealt to d49fbb5d 
Dealt to 5b31dd18 
Dealt to Hero [2d 8h]
2b5b2997: folds
d49fbb5d: folds
5b31dd18: folds
Hero: folds
d3f27f44: calls $0.03
4d96eae7: raises $0.17 to $0.22
d3f27f44: calls $0.17
*** FLOP *** [2c Kd 6d]
d3f27f44: checks
4d96eae7: bets $0.15
d3f27f44: calls $0.15
*** TURN *** [2c Kd 6d] [4h]
d3f27f44: checks
4d96eae7: bets $0.72
d3f27f44: calls $0.7 and is all-in
Uncalled bet ($0.02) returned to 4d96eae7
4d96eae7: shows [As Kc] (Pair of Kings)
d3f27f44: shows [6s Ts] (Pair of Sixes)
*** RIVER *** [2c Kd 6d 4h] [Td]
*** SHOWDOWN ***
d3f27f44 collected $1.97 from pot
*** SUMMARY ***
Total pot $2.14 | Rake $0.12 | Jackpot $0.05 | Bingo $0 | Fortune $0
Board [2c Kd 6d 4h Td]
Seat 1: d3f27f44 (small blind) showed [6s Ts] and won ($1.97) with Pair of Tens and Pair of Sixes
Seat 2: 4d96eae7 (big blind) showed [As Kc] and lost with Pair of Kings
Seat 3: 2b5b2997 folded before Flop (didn't bet)
Seat 4: d49fbb5d folded before Flop (didn't bet)
Seat 5: 5b31dd18 folded before Flop (didn't bet)
Seat 6: Hero (button) folded before Flop (didn't bet)


Poker Hand #HD1140320236: Hold'em No Limit  ($0.02/$0.05) - 2023/02/28 20:02:15
Table 'NLHBlue28' 6-max Seat #5 is the button
Seat 1: d3f27f44 ($1.2 in chips)
Seat 2: 4d96eae7 ($5 in chips)
Seat 3: 2b5b2997 ($11.3 in chips)
Seat 4: d49fbb5d ($5.12 in chips)
Seat 5: 5b31dd18 ($6.05 in chips)
Seat 6: Hero ($5 in chips)
Hero: posts small blind $0.02
d3f27f44: posts big blind $0.05
*** HOLE CARDS ***
Dealt to d3f27f44 
Dealt to 4d96eae7 
Dealt to 2b5b2997 
Dealt to d49fbb5d 
Dealt to 5b31dd18 
Dealt to Hero [6s 5c]
4d96eae7: folds
2b5b2997: folds
d49fbb5d: folds
5b31dd18: raises $0.08 to $0.13
Hero: folds
d3f27f44: calls $0.08
*** FLOP *** [Kh 8c Th]
d3f27f44: checks
5b31dd18: bets $0.22
d3f27f44: folds
Uncalled bet ($0.22) returned to 5b31dd18
*** SHOWDOWN ***
5b31dd18 collected $0.27 from pot
*** SUMMARY ***
Total pot $0.28 | Rake $0.01 | Jackpot $0 | Bingo $0 | Fortune $0
Board [Kh 8c Th]
Seat 1: d3f27f44 (big blind) folded on the Flop
Seat 2: 4d96eae7 folded before Flop (didn't bet)
Seat 3: 2b5b2997 folded before Flop (didn't bet)
Seat 4: d49fbb5d folded before Flop (didn't bet)
Seat 5: 5b31dd18 (button) won ($0.27)
Seat 6: Hero (small blind) folded before Flop


Poker Hand #HD1140320075: Hold'em No Limit  ($0.02/$0.05) - 2023/02/28 20:01:12
Table 'NLHBlue28' 6-max Seat #4 is the button
Seat 1: d3f27f44 ($1.2 in chips)
Seat 2: 4d96eae7 ($5 in chips)
Seat 3: 2b5b2997 ($10.33 in chips)
Seat 4: d49fbb5d ($5.12 in chips)
Seat 5: 5b31dd18 ($6.07 in chips)
Seat 6: Hero ($5 in chips)
5b31dd18: posts small blind $0.02
Hero: posts big blind $0.05
*** HOLE CARDS ***
Dealt to d3f27f44 
Dealt to 4d96eae7 
Dealt to 2b5b2997 
Dealt to d49fbb5d 
Dealt to 5b31dd18 
Dealt to Hero [8h 6h]
d3f27f44: folds
4d96eae7: folds
2b5b2997: raises $0.08 to $0.13
d49fbb5d: folds
5b31dd18: folds
Hero: calls $0.08
*** FLOP *** [5d 5c 7h]
Hero: checks
2b5b2997: bets $0.1
Hero: calls $0.1
*** TURN *** [5d 5c 7h] [Jd]
Hero: checks
2b5b2997: bets $0.36
Hero: raises $0.52 to $0.88
2b5b2997: calls $0.52
*** RIVER *** [5d 5c 7h Jd] [Ac]
Hero: checks
2b5b2997: checks
Hero: shows [8h 6h] (Pair of Fives)
2b5b2997: shows [Kd Kc] (Pair of Kings and Pair of Fives)
*** SHOWDOWN ***
2b5b2997 collected $2.08 from pot
*** SUMMARY ***
Total pot $2.24 | Rake $0.11 | Jackpot $0.05 | Bingo $0 | Fortune $0
Board [5d 5c 7h Jd Ac]
Seat 1: d3f27f44 folded before Flop (didn't bet)
Seat 2: 4d96eae7 folded before Flop (didn't bet)
Seat 3: 2b5b2997 showed [Kd Kc] and won ($2.08) with Pair of Kings and Pair of Fives
Seat 4: d49fbb5d (button) folded before Flop (didn't bet)
Seat 5: 5b31dd18 (small blind) folded before Flop
Seat 6: Hero (big blind) showed [8h 6h] and lost with Pair of Fives


Poker Hand #HD1140319933: Hold'em No Limit  ($0.02/$0.05) - 2023/02/28 20:00:14
Table 'NLHBlue28' 6-max Seat #3 is the button
Seat 1: d3f27f44 ($1.2 in chips)
Seat 2: 4d96eae7 ($5 in chips)
Seat 3: 2b5b2997 ($10.33 in chips)
Seat 4: d49fbb5d ($5.14 in chips)
Seat 5: 5b31dd18 ($5.81 in chips)
Seat 6: Hero ($5 in chips)
d49fbb5d: posts small blind $0.02
5b31dd18: posts big blind $0.05
*** HOLE CARDS ***
Dealt to d3f27f44 
Dealt to 4d96eae7 
Dealt to 2b5b2997 
Dealt to d49fbb5d 
Dealt to 5b31dd18 
Dealt to Hero [3d 2c]
Hero: folds
d3f27f44: folds
4d96eae7: raises $0.1 to $0.15
2b5b2997: folds
d49fbb5d: folds
5b31dd18: calls $0.1
*** FLOP *** [Qd 7s Td]
5b31dd18: checks
4d96eae7: bets $0.11
5b31dd18: calls $0.11
*** TURN *** [Qd 7s Td] [3c]
5b31dd18: checks
4d96eae7: checks
*** RIVER *** [Qd 7s Td 3c] [8h]
5b31dd18: checks
4d96eae7: checks
5b31dd18: shows [Ah 7d] (Pair of Sevens)
4d96eae7: shows [5d 5s] (Pair of Fives)
*** SHOWDOWN ***
5b31dd18 collected $0.52 from pot
*** SUMMARY ***
Total pot $0.54 | Rake $0.02 | Jackpot $0 | Bingo $0 | Fortune $0
Board [Qd 7s Td 3c 8h]
Seat 1: d3f27f44 folded before Flop (didn't bet)
Seat 2: 4d96eae7 showed [5d 5s] and lost with Pair of Fives
Seat 3: 2b5b2997 (button) folded before Flop (didn't bet)
Seat 4: d49fbb5d (small blind) folded before Flop
Seat 5: 5b31dd18 (big blind) showed [Ah 7d] and won ($0.52) with Pair of Sevens
Seat 6: Hero folded before Flop (didn't bet)


Poker Hand #HD1140319881: Hold'em No Limit  ($0.02/$0.05) - 2023/02/28 19:59:59
Table 'NLHBlue28' 6-max Seat #2 is the button
Seat 1: d3f27f44 ($1.2 in chips)
Seat 2: 4d96eae7 ($5 in chips)
Seat 3: 2b5b2997 ($10.35 in chips)
Seat 4: d49fbb5d ($5.19 in chips)
Seat 5: 5b31dd18 ($5.74 in chips)
Seat 6: Hero ($5 in chips)
2b5b2997: posts small blind $0.02
d49fbb5d: posts big blind $0.05
*** HOLE CARDS ***
Dealt to d3f27f44 
Dealt to 4d96eae7 
Dealt to 2b5b2997 
Dealt to d49fbb5d 
Dealt to 5b31dd18 
Dealt to Hero [5d Jd]
5b31dd18: raises $0.08 to $0.13
Hero: folds
d3f27f44: folds
4d96eae7: folds
2b5b2997: folds
d49fbb5d: folds
Uncalled bet ($0.08) returned to 5b31dd18
*** SHOWDOWN ***
5b31dd18 collected $0.12 from pot
*** SUMMARY ***
Total pot $0.12 | Rake $0 | Jackpot $0 | Bingo $0 | Fortune $0
Seat 1: d3f27f44 folded before Flop (didn't bet)
Seat 2: 4d96eae7 (button) folded before Flop (didn't bet)
Seat 3: 2b5b2997 (small blind) folded before Flop
Seat 4: d49fbb5d (big blind) folded before Flop
Seat 5: 5b31dd18 collected ($0.12)
Seat 6: Hero folded before Flop (didn't bet)


Poker Hand #HD1140319738: Hold'em No Limit  ($0.02/$0.05) - 2023/02/28 19:59:00
Table 'NLHBlue28' 6-max Seat #1 is the button
Seat 1: d3f27f44 ($1.2 in chips)
Seat 2: 4d96eae7 ($5 in chips)
Seat 3: 2b5b2997 ($10.14 in chips)
Seat 4: d49fbb5d ($5.19 in chips)
Seat 5: 5b31dd18 ($5.74 in chips)
Seat 6: Hero ($5.07 in chips)
4d96eae7: posts small blind $0.02
2b5b2997: posts big blind $0.05
*** HOLE CARDS ***
Dealt to d3f27f44 
Dealt to 4d96eae7 
Dealt to 2b5b2997 
Dealt to d49fbb5d 
Dealt to 5b31dd18 
Dealt to Hero [6h 6d]
d49fbb5d: folds
5b31dd18: folds
Hero: raises $0.07 to $0.12
d3f27f44: folds
4d96eae7: folds
2b5b2997: calls $0.07
*** FLOP *** [Qs 4c 4s]
2b5b2997: checks
Hero: bets $0.09
2b5b2997: calls $0.09
*** TURN *** [Qs 4c 4s] [5c]
2b5b2997: checks
Hero: checks
*** RIVER *** [Qs 4c 4s 5c] [8h]
2b5b2997: checks
Hero: checks
2b5b2997: shows [Kd Qh] (Pair of Queens and Pair of Fours)
Hero: shows [6h 6d] (Pair of Sixes and Pair of Fours)
*** SHOWDOWN ***
2b5b2997 collected $0.42 from pot
*** SUMMARY ***
Total pot $0.44 | Rake $0.02 | Jackpot $0 | Bingo $0 | Fortune $0
Board [Qs 4c 4s 5c 8h]
Seat 1: d3f27f44 (button) folded before Flop (didn't bet)
Seat 2: 4d96eae7 (small blind) folded before Flop
Seat 3: 2b5b2997 (big blind) showed [Kd Qh] and won ($0.42) with Pair of Queens and Pair of Fours
Seat 4: d49fbb5d folded before Flop (didn't bet)
Seat 5: 5b31dd18 folded before Flop (didn't bet)
Seat 6: Hero showed [6h 6d] and lost with Pair of Sixes and Pair of Fours


Poker Hand #HD1140319658: Hold'em No Limit  ($0.02/$0.05) - 2023/02/28 19:58:31
Table 'NLHBlue28' 6-max Seat #6 is the button
Seat 1: d3f27f44 ($0.84 in chips)
Seat 2: 4d96eae7 ($5.02 in chips)
Seat 3: 2b5b2997 ($10.4 in chips)
Seat 4: d49fbb5d ($5.19 in chips)
Seat 5: 5b31dd18 ($5.74 in chips)
Seat 6: Hero ($5.07 in chips)
d3f27f44: posts small blind $0.02
4d96eae7: posts big blind $0.05
*** HOLE CARDS ***
Dealt to d3f27f44 
Dealt to 4d96eae7 
Dealt to 2b5b2997 
Dealt to d49fbb5d 
Dealt to 5b31dd18 
Dealt to Hero [7h 4c]
2b5b2997: raises $0.08 to $0.13
d49fbb5d: folds
5b31dd18: folds
Hero: folds
d3f27f44: calls $0.11
4d96eae7: calls $0.08
*** FLOP *** [2d 9c Ah]
d3f27f44: checks
4d96eae7: checks
2b5b2997: bets $0.13
d3f27f44: raises $0.58 to $0.71 and is all-in
4d96eae7: folds
2b5b2997: folds
Uncalled bet ($0.58) returned to d3f27f44
*** SHOWDOWN ***
d3f27f44 collected $0.62 from pot
*** SUMMARY ***
Total pot $0.65 | Rake $0.03 | Jackpot $0 | Bingo $0 | Fortune $0
Board [2d 9c Ah]
Seat 1: d3f27f44 (small blind) won ($0.62)
Seat 2: 4d96eae7 (big blind) folded on the Flop
Seat 3: 2b5b2997 folded on the Flop
Seat 4: d49fbb5d folded before Flop (didn't bet)
Seat 5: 5b31dd18 folded before Flop (didn't bet)
Seat 6: Hero (button) folded before Flop (didn't bet)


Poker Hand #HD1140319584: Hold'em No Limit  ($0.02/$0.05) - 2023/02/28 19:58:01
Table 'NLHBlue28' 6-max Seat #5 is the button
Seat 1: d3f27f44 ($0.89 in chips)
Seat 2: 4d96eae7 ($5.02 in chips)
Seat 3: 2b5b2997 ($10.53 in chips)
Seat 4: d49fbb5d ($5.19 in chips)
Seat 5: 5b31dd18 ($5.55 in chips)
Seat 6: Hero ($5.09 in chips)
Hero: posts small blind $0.02
d3f27f44: posts big blind $0.05
*** HOLE CARDS ***
Dealt to d3f27f44 
Dealt to 4d96eae7 
Dealt to 2b5b2997 
Dealt to d49fbb5d 
Dealt to 5b31dd18 
Dealt to Hero [Kd 8s]
4d96eae7: folds
2b5b2997: raises $0.08 to $0.13
d49fbb5d: folds
5b31dd18: raises $0.33 to $0.46
Hero: folds
d3f27f44: folds
2b5b2997: folds
Uncalled bet ($0.33) returned to 5b31dd18
*** SHOWDOWN ***
5b31dd18 collected $0.32 from pot
*** SUMMARY ***
Total pot $0.33 | Rake $0.01 | Jackpot $0 | Bingo $0 | Fortune $0
Seat 1: d3f27f44 (big blind) folded before Flop
Seat 2: 4d96eae7 folded before Flop (didn't bet)
Seat 3: 2b5b2997 folded before Flop
Seat 4: d49fbb5d folded before Flop (didn't bet)
Seat 5: 5b31dd18 (button) collected ($0.32)
Seat 6: Hero (small blind) folded before Flop


Poker Hand #HD1140319480: Hold'em No Limit  ($0.02/$0.05) - 2023/02/28 19:57:20
Table 'NLHBlue28' 6-max Seat #4 is the button
Seat 1: d3f27f44 ($0.89 in chips)
Seat 2: 4d96eae7 ($5.02 in chips)
Seat 3: 2b5b2997 ($10.05 in chips)
Seat 4: d49fbb5d ($5.65 in chips)
Seat 5: 5b31dd18 ($5.57 in chips)
Seat 6: Hero ($5.14 in chips)
5b31dd18: posts small blind $0.02
Hero: posts big blind $0.05
*** HOLE CARDS ***
Dealt to d3f27f44 
Dealt to 4d96eae7 
Dealt to 2b5b2997 
Dealt to d49fbb5d 
Dealt to 5b31dd18 
Dealt to Hero [3h 4c]
d3f27f44: folds
4d96eae7: folds
2b5b2997: raises $0.08 to $0.13
d49fbb5d: raises $0.33 to $0.46
5b31dd18: folds
Hero: folds
2b5b2997: raises $0.79 to $1.25
d49fbb5d: folds
Uncalled bet ($0.79) returned to 2b5b2997
*** SHOWDOWN ***
2b5b2997 collected $0.94 from pot
*** SUMMARY ***
Total pot $0.99 | Rake $0.05 | Jackpot $0 | Bingo $0 | Fortune $0
Seat 1: d3f27f44 folded before Flop (didn't bet)
Seat 2: 4d96eae7 folded before Flop (didn't bet)
Seat 3: 2b5b2997 collected ($0.94)
Seat 4: d49fbb5d (button) folded before Flop
Seat 5: 5b31dd18 (small blind) folded before Flop
Seat 6: Hero (big blind) folded before Flop


Poker Hand #HD1140319454: Hold'em No Limit  ($0.02/$0.05) - 2023/02/28 19:57:10
Table 'NLHBlue28' 6-max Seat #3 is the button
Seat 1: d3f27f44 ($0.89 in chips)
Seat 2: 4d96eae7 ($5.02 in chips)
Seat 3: 2b5b2997 ($10.05 in chips)
Seat 4: d49fbb5d ($5.67 in chips)
Seat 5: 5b31dd18 ($5.62 in chips)
Seat 6: Hero ($5.07 in chips)
d49fbb5d: posts small blind $0.02
5b31dd18: posts big blind $0.05
*** HOLE CARDS ***
Dealt to d3f27f44 
Dealt to 4d96eae7 
Dealt to 2b5b2997 
Dealt to d49fbb5d 
Dealt to 5b31dd18 
Dealt to Hero [Ad 5d]
Hero: raises $0.07 to $0.12
d3f27f44: folds
4d96eae7: folds
2b5b2997: folds
d49fbb5d: folds
5b31dd18: folds
Uncalled bet ($0.07) returned to Hero
*** SHOWDOWN ***
Hero collected $0.12 from pot
*** SUMMARY ***
Total pot $0.12 | Rake $0 | Jackpot $0 | Bingo $0 | Fortune $0
Seat 1: d3f27f44 folded before Flop (didn't bet)
Seat 2: 4d96eae7 folded before Flop (didn't bet)
Seat 3: 2b5b2997 (button) folded before Flop (didn't bet)
Seat 4: d49fbb5d (small blind) folded before Flop
Seat 5: 5b31dd18 (big blind) folded before Flop
Seat 6: Hero collected ($0.12)


Poker Hand #HD1140319387: Hold'em No Limit  ($0.02/$0.05) - 2023/02/28 19:56:47
Table 'NLHBlue28' 6-max Seat #2 is the button
Seat 1: d3f27f44 ($0.89 in chips)
Seat 2: 4d96eae7 ($5.02 in chips)
Seat 3: 2b5b2997 ($10.07 in chips)
Seat 4: d49fbb5d ($5.72 in chips)
Seat 5: 5b31dd18 ($5.62 in chips)
Seat 6: Hero ($5 in chips)
2b5b2997: posts small blind $0.02
d49fbb5d: posts big blind $0.05
*** HOLE CARDS ***
Dealt to d3f27f44 
Dealt to 4d96eae7 
Dealt to 2b5b2997 
Dealt to d49fbb5d 
Dealt to 5b31dd18 
Dealt to Hero [4s 4d]
5b31dd18: folds
Hero: raises $0.07 to $0.12
d3f27f44: folds
4d96eae7: folds
2b5b2997: folds
d49fbb5d: folds
Uncalled bet ($0.07) returned to Hero
*** SHOWDOWN ***
Hero collected $0.12 from pot
*** SUMMARY ***
Total pot $0.12 | Rake $0 | Jackpot $0 | Bingo $0 | Fortune $0
Seat 1: d3f27f44 folded before Flop (didn't bet)
Seat 2: 4d96eae7 (button) folded before Flop (didn't bet)
Seat 3: 2b5b2997 (small blind) folded before Flop
Seat 4: d49fbb5d (big blind) folded before Flop
Seat 5: 5b31dd18 folded before Flop (didn't bet)
Seat 6: Hero collected ($0.12)


Poker Hand #HD1140319356: Hold'em No Limit  ($0.02/$0.05) - 2023/02/28 19:56:34
Table 'NLHBlue28' 6-max Seat #1 is the button
Seat 1: d3f27f44 ($0.89 in chips)
Seat 2: 4d96eae7 ($5 in chips)
Seat 3: 2b5b2997 ($10.05 in chips)
Seat 4: d49fbb5d ($5.72 in chips)
Seat 5: 5b31dd18 ($5.62 in chips)
Seat 6: Hero ($5 in chips)
4d96eae7: posts small blind $0.02
2b5b2997: posts big blind $0.05
*** HOLE CARDS ***
Dealt to d3f27f44 
Dealt to 4d96eae7 
Dealt to 2b5b2997 
Dealt to d49fbb5d 
Dealt to 5b31dd18 
Dealt to Hero [4d 5s]
d49fbb5d: folds
5b31dd18: folds
Hero: folds
d3f27f44: folds
4d96eae7: folds
Uncalled bet ($0.03) returned to 2b5b2997
*** SHOWDOWN ***
2b5b2997 collected $0.04 from pot
*** SUMMARY ***
Total pot $0.04 | Rake $0 | Jackpot $0 | Bingo $0 | Fortune $0
Seat 1: d3f27f44 (button) folded before Flop (didn't bet)
Seat 2: 4d96eae7 (small blind) folded before Flop
Seat 3: 2b5b2997 (big blind) collected ($0.04)
Seat 4: d49fbb5d folded before Flop (didn't bet)
Seat 5: 5b31dd18 folded before Flop (didn't bet)
Seat 6: Hero folded before Flop (didn't bet)


Poker Hand #HD1140319258: Hold'em No Limit  ($0.02/$0.05) - 2023/02/28 19:55:53
Table 'NLHBlue28' 6-max Seat #6 is the button
Seat 1: d3f27f44 ($0.47 in chips)
Seat 2: 4d96eae7 ($5.19 in chips)
Seat 3: 2b5b2997 ($10.05 in chips)
Seat 4: d49fbb5d ($5.72 in chips)
Seat 5: 5b31dd18 ($5.62 in chips)
Seat 6: Hero ($5 in chips)
d3f27f44: posts small blind $0.02
4d96eae7: posts big blind $0.05
*** HOLE CARDS ***
Dealt to d3f27f44 
Dealt to 4d96eae7 
Dealt to 2b5b2997 
Dealt to d49fbb5d 
Dealt to 5b31dd18 
Dealt to Hero [2s 9d]
2b5b2997: folds
d49fbb5d: folds
5b31dd18: folds
Hero: folds
d3f27f44: raises $0.42 to $0.47 and is all-in
4d96eae7: calls $0.42
d3f27f44: shows [4c Kc]
4d96eae7: shows [Th 9h]
*** FLOP *** [8d 4h 6c]
*** TURN *** [8d 4h 6c] [8h]
*** RIVER *** [8d 4h 6c 8h] [Qd]
*** SHOWDOWN ***
d3f27f44 collected $0.89 from pot
*** SUMMARY ***
Total pot $0.94 | Rake $0.05 | Jackpot $0 | Bingo $0 | Fortune $0
Board [8d 4h 6c 8h Qd]
Seat 1: d3f27f44 (small blind) showed [4c Kc] and won ($0.89) with Pair of Eights and Pair of Fours
Seat 2: 4d96eae7 (big blind) showed [Th 9h] and lost with Pair of Eights
Seat 3: 2b5b2997 folded before Flop (didn't bet)
Seat 4: d49fbb5d folded before Flop (didn't bet)
Seat 5: 5b31dd18 folded before Flop (didn't bet)
Seat 6: Hero (button) folded before Flop (didn't bet)


Poker Hand #HD1140319223: Hold'em No Limit  ($0.02/$0.05) - 2023/02/28 19:55:41
Table 'NLHBlue28' 6-max Seat #5 is the button
Seat 1: d3f27f44 ($0.52 in chips)
Seat 2: 4d96eae7 ($5.19 in chips)
Seat 3: 2b5b2997 ($9.98 in chips)
Seat 4: d49fbb5d ($5.72 in chips)
Seat 5: 5b31dd18 ($5.62 in chips)
Seat 6: Hero ($5 in chips)
Hero: posts small blind $0.02
d3f27f44: posts big blind $0.05
*** HOLE CARDS ***
Dealt to d3f27f44 
Dealt to 4d96eae7 
Dealt to 2b5b2997 
Dealt to d49fbb5d 
Dealt to 5b31dd18 
Dealt to Hero [6h Ks]
4d96eae7: folds
2b5b2997: raises $0.08 to $0.13
d49fbb5d: folds
5b31dd18: folds
Hero: folds
d3f27f44: folds
Uncalled bet ($0.08) returned to 2b5b2997
*** SHOWDOWN ***
2b5b2997 collected $0.12 from pot
*** SUMMARY ***
Total pot $0.12 | Rake $0 | Jackpot $0 | Bingo $0 | Fortune $0
Seat 1: d3f27f44 (big blind) folded before Flop
Seat 2: 4d96eae7 folded before Flop (didn't bet)
Seat 3: 2b5b2997 collected ($0.12)
Seat 4: d49fbb5d folded before Flop (didn't bet)
Seat 5: 5b31dd18 (button) folded before Flop (didn't bet)
Seat 6: Hero (small blind) folded before Flop


Poker Hand #HD1140319121: Hold'em No Limit  ($0.02/$0.05) - 2023/02/28 19:55:00
Table 'NLHBlue28' 6-max Seat #4 is the button
Seat 1: d3f27f44 ($0.77 in chips)
Seat 2: 4d96eae7 ($5.19 in chips)
Seat 3: 2b5b2997 ($9.22 in chips)
Seat 4: d49fbb5d ($5.72 in chips)
Seat 5: 5b31dd18 ($6.14 in chips)
Seat 6: Hero ($5 in chips)
5b31dd18: posts small blind $0.02
Hero: posts big blind $0.05
*** HOLE CARDS ***
Dealt to d3f27f44 
Dealt to 4d96eae7 
Dealt to 2b5b2997 
Dealt to d49fbb5d 
Dealt to 5b31dd18 
Dealt to Hero [Ts 4c]
d3f27f44: calls $0.05
4d96eae7: folds
2b5b2997: raises $0.2 to $0.25
d49fbb5d: folds
5b31dd18: calls $0.23
Hero: folds
d3f27f44: calls $0.2
*** FLOP *** [2d 4h 5h]
5b31dd18: checks
d3f27f44: checks
2b5b2997: bets $0.27
5b31dd18: calls $0.27
d3f27f44: folds
*** TURN *** [2d 4h 5h] [4s]
5b31dd18: checks
2b5b2997: bets $1.01
5b31dd18: folds
Uncalled bet ($1.01) returned to 2b5b2997
*** SHOWDOWN ***
2b5b2997 collected $1.28 from pot
*** SUMMARY ***
Total pot $1.34 | Rake $0.06 | Jackpot $0 | Bingo $0 | Fortune $0
Board [2d 4h 5h 4s]
Seat 1: d3f27f44 folded on the Flop
Seat 2: 4d96eae7 folded before Flop (didn't bet)
Seat 3: 2b5b2997 won ($1.28)
Seat 4: d49fbb5d (button) folded before Flop (didn't bet)
Seat 5: 5b31dd18 (small blind) folded on the Turn
Seat 6: Hero (big blind) folded before Flop


Poker Hand #HD1140319073: Hold'em No Limit  ($0.02/$0.05) - 2023/02/28 19:54:43
Table 'NLHBlue28' 6-max Seat #3 is the button
Seat 1: d3f27f44 ($0.77 in chips)
Seat 2: 4d96eae7 ($5.19 in chips)
Seat 3: 2b5b2997 ($9.15 in chips)
Seat 4: d49fbb5d ($5.74 in chips)
Seat 5: 5b31dd18 ($6.19 in chips)
Seat 6: Hero ($5 in chips)
d49fbb5d: posts small blind $0.02
5b31dd18: posts big blind $0.05
*** HOLE CARDS ***
Dealt to d3f27f44 
Dealt to 4d96eae7 
Dealt to 2b5b2997 
Dealt to d49fbb5d 
Dealt to 5b31dd18 
Dealt to Hero [Ad 2c]
Hero: folds
d3f27f44: folds
4d96eae7: folds
2b5b2997: raises $0.08 to $0.13
d49fbb5d: folds
5b31dd18: folds
Uncalled bet ($0.08) returned to 2b5b2997
*** SHOWDOWN ***
2b5b2997 collected $0.12 from pot
*** SUMMARY ***
Total pot $0.12 | Rake $0 | Jackpot $0 | Bingo $0 | Fortune $0
Seat 1: d3f27f44 folded before Flop (didn't bet)
Seat 2: 4d96eae7 folded before Flop (didn't bet)
Seat 3: 2b5b2997 (button) collected ($0.12)
Seat 4: d49fbb5d (small blind) folded before Flop
Seat 5: 5b31dd18 (big blind) folded before Flop
Seat 6: Hero folded before Flop (didn't bet)


Poker Hand #HD1140318993: Hold'em No Limit  ($0.02/$0.05) - 2023/02/28 19:54:16
Table 'NLHBlue28' 6-max Seat #2 is the button
Seat 1: d3f27f44 ($1.07 in chips)
Seat 2: 4d96eae7 ($5.24 in chips)
Seat 3: 2b5b2997 ($9.17 in chips)
Seat 4: d49fbb5d ($5.4 in chips)
Seat 5: 5b31dd18 ($6.19 in chips)
Seat 6: Hero ($5 in chips)
2b5b2997: posts small blind $0.02
d49fbb5d: posts big blind $0.05
*** HOLE CARDS ***
Dealt to d3f27f44 
Dealt to 4d96eae7 
Dealt to 2b5b2997 
Dealt to d49fbb5d 
Dealt to 5b31dd18 
Dealt to Hero [Th 6d]
5b31dd18: folds
Hero: folds
d3f27f44: calls $0.05
4d96eae7: calls $0.05
2b5b2997: folds
d49fbb5d: raises $0.25 to $0.3
d3f27f44: calls $0.25
4d96eae7: folds
*** FLOP *** [5d Kh 6c]
d49fbb5d: bets $0.78
d3f27f44: folds
Uncalled bet ($0.78) returned to d49fbb5d
*** SHOWDOWN ***
d49fbb5d collected $0.64 from pot
*** SUMMARY ***
Total pot $0.67 | Rake $0.03 | Jackpot $0 | Bingo $0 | Fortune $0
Board [5d Kh 6c]
Seat 1: d3f27f44 folded on the Flop
Seat 2: 4d96eae7 (button) folded before Flop
Seat 3: 2b5b2997 (small blind) folded before Flop
Seat 4: d49fbb5d (big blind) won ($0.64)
Seat 5: 5b31dd18 folded before Flop (didn't bet)
Seat 6: Hero folded before Flop (didn't bet)


Poker Hand #HD1140318892: Hold'em No Limit  ($0.02/$0.05) - 2023/02/28 19:53:37
Table 'NLHBlue28' 6-max Seat #1 is the button
Seat 1: d3f27f44 ($1.07 in chips)
Seat 2: 4d96eae7 ($5.26 in chips)
Seat 3: 2b5b2997 ($9.31 in chips)
Seat 4: d49fbb5d ($5.25 in chips)
Seat 5: 5b31dd18 ($6.19 in chips)
Seat 6: Hero ($5 in chips)
4d96eae7: posts small blind $0.02
2b5b2997: posts big blind $0.05
*** HOLE CARDS ***
Dealt to d3f27f44 
Dealt to 4d96eae7 
Dealt to 2b5b2997 
Dealt to d49fbb5d 
Dealt to 5b31dd18 
Dealt to Hero [9s As]
d49fbb5d: raises $0.09 to $0.14
5b31dd18: folds
Hero: folds
d3f27f44: folds
4d96eae7: folds
2b5b2997: calls $0.09
*** FLOP *** [7c Jd 5s]
2b5b2997: checks
d49fbb5d: checks
*** TURN *** [7c Jd 5s] [Ks]
2b5b2997: checks
d49fbb5d: bets $0.16
2b5b2997: folds
Uncalled bet ($0.16) returned to d49fbb5d
*** SHOWDOWN ***
d49fbb5d collected $0.29 from pot
*** SUMMARY ***
Total pot $0.3 | Rake $0.01 | Jackpot $0 | Bingo $0 | Fortune $0
Board [7c Jd 5s Ks]
Seat 1: d3f27f44 (button) folded before Flop (didn't bet)
Seat 2: 4d96eae7 (small blind) folded before Flop
Seat 3: 2b5b2997 (big blind) folded on the Turn
Seat 4: d49fbb5d won ($0.29)
Seat 5: 5b31dd18 folded before Flop (didn't bet)
Seat 6: Hero folded before Flop (didn't bet)


Poker Hand #HD1140318837: Hold'em No Limit  ($0.02/$0.05) - 2023/02/28 19:53:15
Table 'NLHBlue28' 6-max Seat #6 is the button
Seat 1: d3f27f44 ($1.02 in chips)
Seat 2: 4d96eae7 ($5.31 in chips)
Seat 3: 2b5b2997 ($9.31 in chips)
Seat 4: d49fbb5d ($5.25 in chips)
Seat 5: 5b31dd18 ($6.19 in chips)
Seat 6: Hero ($5 in chips)
d3f27f44: posts small blind $0.02
4d96eae7: posts big blind $0.05
*** HOLE CARDS ***
Dealt to d3f27f44 
Dealt to 4d96eae7 
Dealt to 2b5b2997 
Dealt to d49fbb5d 
Dealt to 5b31dd18 
Dealt to Hero [2d 9d]
2b5b2997: folds
d49fbb5d: folds
5b31dd18: folds
Hero: folds
d3f27f44: calls $0.03
4d96eae7: checks
*** FLOP *** [Ah Kd 3h]
d3f27f44: checks
4d96eae7: checks
*** TURN *** [Ah Kd 3h] [Tc]
d3f27f44: bets $0.05
4d96eae7: folds
Uncalled bet ($0.05) returned to d3f27f44
*** SHOWDOWN ***
d3f27f44 collected $0.1 from pot
*** SUMMARY ***
Total pot $0.1 | Rake $0 | Jackpot $0 | Bingo $0 | Fortune $0
Board [Ah Kd 3h Tc]
Seat 1: d3f27f44 (small blind) won ($0.1)
Seat 2: 4d96eae7 (big blind) folded on the Turn
Seat 3: 2b5b2997 folded before Flop (didn't bet)
Seat 4: d49fbb5d folded before Flop (didn't bet)
Seat 5: 5b31dd18 folded before Flop (didn't bet)
Seat 6: Hero (button) folded before Flop (didn't bet)


Poker Hand #HD1140318717: Hold'em No Limit  ($0.02/$0.05) - 2023/02/28 19:52:29
Table 'NLHBlue28' 6-max Seat #5 is the button
Seat 1: d3f27f44 ($1.34 in chips)
Seat 2: 4d96eae7 ($5 in chips)
Seat 3: 2b5b2997 ($9.31 in chips)
Seat 4: d49fbb5d ($5.25 in chips)
Seat 5: 5b31dd18 ($6.19 in chips)
Seat 6: Hero ($5 in chips)
Hero: posts small blind $0.02
d3f27f44: posts big blind $0.05
*** HOLE CARDS ***
Dealt to d3f27f44 
Dealt to 4d96eae7 
Dealt to 2b5b2997 
Dealt to d49fbb5d 
Dealt to 5b31dd18 
Dealt to Hero [Qs Th]
4d96eae7: raises $0.1 to $0.15
2b5b2997: folds
d49fbb5d: folds
5b31dd18: folds
Hero: folds
d3f27f44: calls $0.1
*** FLOP *** [Js 8s 6s]
d3f27f44: checks
4d96eae7: bets $0.17
d3f27f44: calls $0.17
*** TURN *** [Js 8s 6s] [3c]
d3f27f44: checks
4d96eae7: bets $1.08
d3f27f44: folds
Uncalled bet ($1.08) returned to 4d96eae7
*** SHOWDOWN ***
4d96eae7 collected $0.63 from pot
*** SUMMARY ***
Total pot $0.66 | Rake $0.03 | Jackpot $0 | Bingo $0 | Fortune $0
Board [Js 8s 6s 3c]
Seat 1: d3f27f44 (big blind) folded on the Turn
Seat 2: 4d96eae7 won ($0.63)
Seat 3: 2b5b2997 folded before Flop (didn't bet)
Seat 4: d49fbb5d folded before Flop (didn't bet)
Seat 5: 5b31dd18 (button) folded before Flop (didn't bet)
Seat 6: Hero (small blind) folded before Flop


Poker Hand #HD1140318607: Hold'em No Limit  ($0.02/$0.05) - 2023/02/28 19:51:42
Table 'NLHBlue28' 6-max Seat #4 is the button
Seat 1: d3f27f44 ($1.34 in chips)
Seat 2: 4d96eae7 ($5 in chips)
Seat 3: 2b5b2997 ($9.31 in chips)
Seat 4: d49fbb5d ($5 in chips)
Seat 5: 5b31dd18 ($6.21 in chips)
Seat 6: Hero ($5 in chips)
5b31dd18: posts small blind $0.02
Hero: posts big blind $0.05
*** HOLE CARDS ***
Dealt to d3f27f44 
Dealt to 4d96eae7 
Dealt to 2b5b2997 
Dealt to d49fbb5d 
Dealt to 5b31dd18 
Dealt to Hero [Ah 4s]
d3f27f44: folds
4d96eae7: folds
2b5b2997: folds
d49fbb5d: raises $0.07 to $0.12
5b31dd18: folds
Hero: calls $0.07
*** FLOP *** [9s Kh 9h]
Hero: checks
d49fbb5d: checks
*** TURN *** [9s Kh 9h] [8h]
Hero: bets $0.13
d49fbb5d: calls $0.13
*** RIVER *** [9s Kh 9h 8h] [2s]
Hero: checks
d49fbb5d: checks
Hero: shows [Ah 4s] (Pair of Nines)
d49fbb5d: shows [5s Ks] (Pair of Kings and Pair of Nines)
*** SHOWDOWN ***
d49fbb5d collected $0.5 from pot
*** SUMMARY ***
Total pot $0.52 | Rake $0.02 | Jackpot $0 | Bingo $0 | Fortune $0
Board [9s Kh 9h 8h 2s]
Seat 1: d3f27f44 folded before Flop (didn't bet)
Seat 2: 4d96eae7 folded before Flop (didn't bet)
Seat 3: 2b5b2997 folded before Flop (didn't bet)
Seat 4: d49fbb5d (button) showed [5s Ks] and won ($0.5) with Pair of Kings and Pair of Nines
Seat 5: 5b31dd18 (small blind) folded before Flop
Seat 6: Hero (big blind) showed [Ah 4s] and lost with Pair of Nines


Poker Hand #HD1140318499: Hold'em No Limit  ($0.02/$0.05) - 2023/02/28 19:50:58
Table 'NLHBlue28' 6-max Seat #3 is the button
Seat 1: d3f27f44 ($1.46 in chips)
Seat 2: 4d96eae7 ($5 in chips)
Seat 3: 2b5b2997 ($9.31 in chips)
Seat 4: d49fbb5d ($5.43 in chips)
Seat 5: 5b31dd18 ($5.07 in chips)
Seat 6: Hero ($5.01 in chips)
d49fbb5d: posts small blind $0.02
5b31dd18: posts big blind $0.05
*** HOLE CARDS ***
Dealt to d3f27f44 
Dealt to 4d96eae7 
Dealt to 2b5b2997 
Dealt to d49fbb5d 
Dealt to 5b31dd18 
Dealt to Hero [Ts Js]
Hero: raises $0.07 to $0.12
d3f27f44: calls $0.12
4d96eae7: folds
2b5b2997: folds
d49fbb5d: raises $0.48 to $0.6
5b31dd18: calls $0.55
Hero: folds
d3f27f44: folds
*** FLOP *** [5c 3h 3c]
d49fbb5d: bets $0.46
5b31dd18: raises $1.18 to $1.64
d49fbb5d: folds
Uncalled bet ($1.18) returned to 5b31dd18
*** SHOWDOWN ***
5b31dd18 collected $2.2 from pot
*** SUMMARY ***
Total pot $2.36 | Rake $0.11 | Jackpot $0.05 | Bingo $0 | Fortune $0
Board [5c 3h 3c]
Seat 1: d3f27f44 folded before Flop
Seat 2: 4d96eae7 folded before Flop (didn't bet)
Seat 3: 2b5b2997 (button) folded before Flop (didn't bet)
Seat 4: d49fbb5d (small blind) folded on the Flop
Seat 5: 5b31dd18 (big blind) won ($2.2)
Seat 6: Hero folded before Flop


Poker Hand #HD1140318439: Hold'em No Limit  ($0.02/$0.05) - 2023/02/28 19:50:38
Table 'NLHBlue28' 6-max Seat #2 is the button
Seat 1: d3f27f44 ($1.39 in chips)
Seat 2: 4d96eae7 ($5 in chips)
Seat 3: 2b5b2997 ($9.33 in chips)
Seat 4: d49fbb5d ($5.48 in chips)
Seat 5: 5b31dd18 ($5.07 in chips)
Seat 6: Hero ($5.01 in chips)
2b5b2997: posts small blind $0.02
d49fbb5d: posts big blind $0.05
*** HOLE CARDS ***
Dealt to d3f27f44 
Dealt to 4d96eae7 
Dealt to 2b5b2997 
Dealt to d49fbb5d 
Dealt to 5b31dd18 
Dealt to Hero [Js 7s]
5b31dd18: folds
Hero: folds
d3f27f44: calls $0.05
4d96eae7: folds
2b5b2997: folds
d49fbb5d: checks
*** FLOP *** [5h 4d Tc]
d49fbb5d: checks
d3f27f44: bets $0.06
d49fbb5d: folds
Uncalled bet ($0.06) returned to d3f27f44
*** SHOWDOWN ***
d3f27f44 collected $0.12 from pot
*** SUMMARY ***
Total pot $0.12 | Rake $0 | Jackpot $0 | Bingo $0 | Fortune $0
Board [5h 4d Tc]
Seat 1: d3f27f44 won ($0.12)
Seat 2: 4d96eae7 (button) folded before Flop (didn't bet)
Seat 3: 2b5b2997 (small blind) folded before Flop
Seat 4: d49fbb5d (big blind) folded on the Flop
Seat 5: 5b31dd18 folded before Flop (didn't bet)
Seat 6: Hero folded before Flop (didn't bet)


Poker Hand #HD1140318314: Hold'em No Limit  ($0.02/$0.05) - 2023/02/28 19:49:48
Table 'NLHBlue28' 6-max Seat #1 is the button
Seat 1: d3f27f44 ($1.39 in chips)
Seat 2: 4d96eae7 ($5.02 in chips)
Seat 3: 2b5b2997 ($9.38 in chips)
Seat 4: d49fbb5d ($5.48 in chips)
Seat 5: 5b31dd18 ($5 in chips)
Seat 6: Hero ($5.01 in chips)
4d96eae7: posts small blind $0.02
2b5b2997: posts big blind $0.05
*** HOLE CARDS ***
Dealt to d3f27f44 
Dealt to 4d96eae7 
Dealt to 2b5b2997 
Dealt to d49fbb5d 
Dealt to 5b31dd18 
Dealt to Hero [9s Ac]
d49fbb5d: folds
5b31dd18: raises $0.1 to $0.15
Hero: folds
d3f27f44: folds
4d96eae7: folds
2b5b2997: folds
Uncalled bet ($0.1) returned to 5b31dd18
*** SHOWDOWN ***
5b31dd18 collected $0.12 from pot
*** SUMMARY ***
Total pot $0.12 | Rake $0 | Jackpot $0 | Bingo $0 | Fortune $0
Seat 1: d3f27f44 (button) folded before Flop (didn't bet)
Seat 2: 4d96eae7 (small blind) folded before Flop
Seat 3: 2b5b2997 (big blind) folded before Flop
Seat 4: d49fbb5d folded before Flop (didn't bet)
Seat 5: 5b31dd18 collected ($0.12)
Seat 6: Hero folded before Flop (didn't bet)


Poker Hand #HD1140318251: Hold'em No Limit  ($0.02/$0.05) - 2023/02/28 19:49:22
Table 'NLHBlue28' 6-max Seat #6 is the button
Seat 1: d3f27f44 ($1.41 in chips)
Seat 2: 4d96eae7 ($5 in chips)
Seat 3: 2b5b2997 ($9.38 in chips)
Seat 4: d49fbb5d ($5.48 in chips)
Seat 5: 5b31dd18 ($5 in chips)
Seat 6: Hero ($5.01 in chips)
d3f27f44: posts small blind $0.02
4d96eae7: posts big blind $0.05
*** HOLE CARDS ***
Dealt to d3f27f44 
Dealt to 4d96eae7 
Dealt to 2b5b2997 
Dealt to d49fbb5d 
Dealt to 5b31dd18 
Dealt to Hero [Qh 4c]
2b5b2997: folds
d49fbb5d: folds
5b31dd18: folds
Hero: folds
d3f27f44: folds
Uncalled bet ($0.03) returned to 4d96eae7
*** SHOWDOWN ***
4d96eae7 collected $0.04 from pot
*** SUMMARY ***
Total pot $0.04 | Rake $0 | Jackpot $0 | Bingo $0 | Fortune $0
Seat 1: d3f27f44 (small blind) folded before Flop
Seat 2: 4d96eae7 (big blind) collected ($0.04)
Seat 3: 2b5b2997 folded before Flop (didn't bet)
Seat 4: d49fbb5d folded before Flop (didn't bet)
Seat 5: 5b31dd18 folded before Flop (didn't bet)
Seat 6: Hero (button) folded before Flop (didn't bet)


Poker Hand #HD1140318182: Hold'em No Limit  ($0.02/$0.05) - 2023/02/28 19:48:58
Table 'NLHBlue28' 6-max Seat #5 is the button
Seat 1: d3f27f44 ($1.39 in chips)
Seat 2: 4d96eae7 ($5 in chips)
Seat 3: 2b5b2997 ($9.38 in chips)
Seat 4: d49fbb5d ($5.48 in chips)
Seat 5: 5b31dd18 ($5 in chips)
Seat 6: Hero ($5.01 in chips)
Hero: posts small blind $0.02
d3f27f44: posts big blind $0.05
*** HOLE CARDS ***
Dealt to d3f27f44 
Dealt to 4d96eae7 
Dealt to 2b5b2997 
Dealt to d49fbb5d 
Dealt to 5b31dd18 
Dealt to Hero [2s 3h]
4d96eae7: folds
2b5b2997: folds
d49fbb5d: folds
5b31dd18: folds
Hero: folds
Uncalled bet ($0.03) returned to d3f27f44
*** SHOWDOWN ***
d3f27f44 collected $0.04 from pot
*** SUMMARY ***
Total pot $0.04 | Rake $0 | Jackpot $0 | Bingo $0 | Fortune $0
Seat 1: d3f27f44 (big blind) collected ($0.04)
Seat 2: 4d96eae7 folded before Flop (didn't bet)
Seat 3: 2b5b2997 folded before Flop (didn't bet)
Seat 4: d49fbb5d folded before Flop (didn't bet)
Seat 5: 5b31dd18 (button) folded before Flop (didn't bet)
Seat 6: Hero (small blind) folded before Flop


Poker Hand #HD1140318102: Hold'em No Limit  ($0.02/$0.05) - 2023/02/28 19:48:26
Table 'NLHBlue28' 6-max Seat #4 is the button
Seat 1: d3f27f44 ($1.38 in chips)
Seat 2: 4d96eae7 ($5 in chips)
Seat 3: 2b5b2997 ($9.38 in chips)
Seat 4: d49fbb5d ($5.48 in chips)
Seat 5: 5b31dd18 ($5 in chips)
Seat 6: Hero ($5 in chips)
5b31dd18: posts small blind $0.02
Hero: posts big blind $0.05
*** HOLE CARDS ***
Dealt to d3f27f44 
Dealt to 4d96eae7 
Dealt to 2b5b2997 
Dealt to d49fbb5d 
Dealt to 5b31dd18 
Dealt to Hero [7h 8d]
d3f27f44: calls $0.05
4d96eae7: folds
2b5b2997: folds
d49fbb5d: folds
5b31dd18: folds
Hero: checks
*** FLOP *** [6s 4s Qs]
Hero: checks
d3f27f44: checks
*** TURN *** [6s 4s Qs] [3s]
Hero: checks
d3f27f44: checks
*** RIVER *** [6s 4s Qs 3s] [5s]
Hero: checks
d3f27f44: checks
Hero: shows [7h 8d] (Queen High Flush)
d3f27f44: shows [Kd Tc] (Queen High Flush)
*** SHOWDOWN ***
Hero collected $0.06 from pot
d3f27f44 collected $0.06 from pot
*** SUMMARY ***
Total pot $0.12 | Rake $0 | Jackpot $0 | Bingo $0 | Fortune $0
Board [6s 4s Qs 3s 5s]
Seat 1: d3f27f44 showed [Kd Tc] and won ($0.06) with Queen High Flush
Seat 2: 4d96eae7 folded before Flop (didn't bet)
Seat 3: 2b5b2997 folded before Flop (didn't bet)
Seat 4: d49fbb5d (button) folded before Flop (didn't bet)
Seat 5: 5b31dd18 (small blind) folded before Flop
Seat 6: Hero (big blind) showed [7h 8d] and won ($0.06) with Queen High Flush


