Poker Hand #HD1151779716: Hold'em No Limit  ($0.02/$0.05) - 2023/03/08 21:04:55
Table 'NLHBlue117' 6-max Seat #5 is the button
Seat 1: c0b28e64 ($7.5 in chips)
Seat 2: Hero ($8.06 in chips)
Seat 3: 2a2b676a ($5.13 in chips)
Seat 4: 905422a8 ($5.5 in chips)
Seat 5: a1e69444 ($6.27 in chips)
Seat 6: 1c1f4c1 ($4.85 in chips)
1c1f4c1: posts small blind $0.02
c0b28e64: posts big blind $0.05
*** HOLE CARDS ***
Dealt to c0b28e64 
Dealt to Hero [Qs 6d]
Dealt to 2a2b676a 
Dealt to 905422a8 
Dealt to a1e69444 
Dealt to 1c1f4c1 
Hero: folds
2a2b676a: folds
905422a8: raises $0.06 to $0.11
a1e69444: folds
1c1f4c1: folds
c0b28e64: calls $0.06
*** FLOP *** [4s Jd 9s]
c0b28e64: checks
905422a8: bets $0.08
c0b28e64: calls $0.08
*** TURN *** [4s Jd 9s] [6h]
c0b28e64: checks
905422a8: checks
*** RIVER *** [4s Jd 9s 6h] [6s]
c0b28e64: checks
905422a8: bets $0.12
c0b28e64: calls $0.12
905422a8: shows [Th Td] (Pair of Tens and Pair of Sixes)
c0b28e64: shows [9c 8h] (Pair of Nines and Pair of Sixes)
*** SHOWDOWN ***
905422a8 collected $0.61 from pot
*** SUMMARY ***
Total pot $0.64 | Rake $0.03 | Jackpot $0 | Bingo $0 | Fortune $0
Board [4s Jd 9s 6h 6s]
Seat 1: c0b28e64 (big blind) showed [9c 8h] and lost with Pair of Nines and Pair of Sixes
Seat 2: Hero folded before Flop (didn't bet)
Seat 3: 2a2b676a folded before Flop (didn't bet)
Seat 4: 905422a8 showed [Th Td] and won ($0.61) with Pair of Tens and Pair of Sixes
Seat 5: a1e69444 (button) folded before Flop (didn't bet)
Seat 6: 1c1f4c1 (small blind) folded before Flop


Poker Hand #HD1151779666: Hold'em No Limit  ($0.02/$0.05) - 2023/03/08 21:04:36
Table 'NLHBlue117' 6-max Seat #4 is the button
Seat 1: c0b28e64 ($7.5 in chips)
Seat 2: Hero ($8.06 in chips)
Seat 3: 2a2b676a ($5.06 in chips)
Seat 4: 905422a8 ($5.5 in chips)
Seat 5: a1e69444 ($6.29 in chips)
Seat 6: 1c1f4c1 ($4.9 in chips)
a1e69444: posts small blind $0.02
1c1f4c1: posts big blind $0.05
*** HOLE CARDS ***
Dealt to c0b28e64 
Dealt to Hero [9c Ah]
Dealt to 2a2b676a 
Dealt to 905422a8 
Dealt to a1e69444 
Dealt to 1c1f4c1 
c0b28e64: folds
Hero: folds
2a2b676a: raises $0.08 to $0.13
905422a8: folds
a1e69444: folds
1c1f4c1: folds
Uncalled bet ($0.08) returned to 2a2b676a
*** SHOWDOWN ***
2a2b676a collected $0.12 from pot
*** SUMMARY ***
Total pot $0.12 | Rake $0 | Jackpot $0 | Bingo $0 | Fortune $0
Seat 1: c0b28e64 folded before Flop (didn't bet)
Seat 2: Hero folded before Flop (didn't bet)
Seat 3: 2a2b676a collected ($0.12)
Seat 4: 905422a8 (button) folded before Flop (didn't bet)
Seat 5: a1e69444 (small blind) folded before Flop
Seat 6: 1c1f4c1 (big blind) folded before Flop


Poker Hand #HD1151779601: Hold'em No Limit  ($0.02/$0.05) - 2023/03/08 21:04:12
Table 'NLHBlue117' 6-max Seat #3 is the button
Seat 1: c0b28e64 ($7.5 in chips)
Seat 2: Hero ($8.06 in chips)
Seat 3: 2a2b676a ($5.06 in chips)
Seat 4: 905422a8 ($5.36 in chips)
Seat 5: a1e69444 ($6.34 in chips)
Seat 6: 1c1f4c1 ($5 in chips)
905422a8: posts small blind $0.02
a1e69444: posts big blind $0.05
*** HOLE CARDS ***
Dealt to c0b28e64 
Dealt to Hero [5s Jc]
Dealt to 2a2b676a 
Dealt to 905422a8 
Dealt to a1e69444 
Dealt to 1c1f4c1 
1c1f4c1: raises $0.05 to $0.1
c0b28e64: folds
Hero: folds
2a2b676a: folds
905422a8: raises $0.34 to $0.44
a1e69444: folds
1c1f4c1: folds
Uncalled bet ($0.34) returned to 905422a8
*** SHOWDOWN ***
905422a8 collected $0.24 from pot
*** SUMMARY ***
Total pot $0.25 | Rake $0.01 | Jackpot $0 | Bingo $0 | Fortune $0
Seat 1: c0b28e64 folded before Flop (didn't bet)
Seat 2: Hero folded before Flop (didn't bet)
Seat 3: 2a2b676a (button) folded before Flop (didn't bet)
Seat 4: 905422a8 (small blind) collected ($0.24)
Seat 5: a1e69444 (big blind) folded before Flop
Seat 6: 1c1f4c1 folded before Flop


Poker Hand #HD1151779579: Hold'em No Limit  ($0.02/$0.05) - 2023/03/08 21:04:00
Table 'NLHBlue117' 6-max Seat #2 is the button
Seat 1: c0b28e64 ($7.5 in chips)
Seat 2: Hero ($8.06 in chips)
Seat 3: 2a2b676a ($5.08 in chips)
Seat 4: 905422a8 ($5.41 in chips)
Seat 5: a1e69444 ($6.27 in chips)
Seat 6: 1c1f4c1 ($5 in chips)
2a2b676a: posts small blind $0.02
905422a8: posts big blind $0.05
*** HOLE CARDS ***
Dealt to c0b28e64 
Dealt to Hero [2h 3s]
Dealt to 2a2b676a 
Dealt to 905422a8 
Dealt to a1e69444 
Dealt to 1c1f4c1 
a1e69444: raises $0.08 to $0.13
1c1f4c1: folds
c0b28e64: folds
Hero: folds
2a2b676a: folds
905422a8: folds
Uncalled bet ($0.08) returned to a1e69444
*** SHOWDOWN ***
a1e69444 collected $0.12 from pot
*** SUMMARY ***
Total pot $0.12 | Rake $0 | Jackpot $0 | Bingo $0 | Fortune $0
Seat 1: c0b28e64 folded before Flop (didn't bet)
Seat 2: Hero (button) folded before Flop (didn't bet)
Seat 3: 2a2b676a (small blind) folded before Flop
Seat 4: 905422a8 (big blind) folded before Flop
Seat 5: a1e69444 collected ($0.12)
Seat 6: 1c1f4c1 folded before Flop (didn't bet)


Poker Hand #HD1151779552: Hold'em No Limit  ($0.02/$0.05) - 2023/03/08 21:03:44
Table 'NLHBlue117' 6-max Seat #1 is the button
Seat 1: c0b28e64 ($7.43 in chips)
Seat 2: Hero ($8.08 in chips)
Seat 3: 2a2b676a ($5.13 in chips)
Seat 4: 905422a8 ($5.41 in chips)
Seat 5: a1e69444 ($6.27 in chips)
Seat 6: 1c1f4c1 ($5 in chips)
Hero: posts small blind $0.02
2a2b676a: posts big blind $0.05
*** HOLE CARDS ***
Dealt to c0b28e64 
Dealt to Hero [4h 5d]
Dealt to 2a2b676a 
Dealt to 905422a8 
Dealt to a1e69444 
Dealt to 1c1f4c1 
905422a8: folds
a1e69444: folds
1c1f4c1: folds
c0b28e64: raises $0.08 to $0.13
Hero: folds
2a2b676a: folds
Uncalled bet ($0.08) returned to c0b28e64
*** SHOWDOWN ***
c0b28e64 collected $0.12 from pot
*** SUMMARY ***
Total pot $0.12 | Rake $0 | Jackpot $0 | Bingo $0 | Fortune $0
Seat 1: c0b28e64 (button) collected ($0.12)
Seat 2: Hero (small blind) folded before Flop
Seat 3: 2a2b676a (big blind) folded before Flop
Seat 4: 905422a8 folded before Flop (didn't bet)
Seat 5: a1e69444 folded before Flop (didn't bet)
Seat 6: 1c1f4c1 folded before Flop (didn't bet)


Poker Hand #HD1151779511: Hold'em No Limit  ($0.02/$0.05) - 2023/03/08 21:03:25
Table 'NLHBlue117' 6-max Seat #6 is the button
Seat 1: c0b28e64 ($7.45 in chips)
Seat 2: Hero ($8.06 in chips)
Seat 3: 2a2b676a ($5.13 in chips)
Seat 4: 905422a8 ($5.41 in chips)
Seat 5: a1e69444 ($6.27 in chips)
Seat 6: 1c1f4c1 ($5 in chips)
c0b28e64: posts small blind $0.02
Hero: posts big blind $0.05
*** HOLE CARDS ***
Dealt to c0b28e64 
Dealt to Hero [5h 7h]
Dealt to 2a2b676a 
Dealt to 905422a8 
Dealt to a1e69444 
Dealt to 1c1f4c1 
2a2b676a: folds
905422a8: folds
a1e69444: folds
1c1f4c1: folds
c0b28e64: folds
Uncalled bet ($0.03) returned to Hero
*** SHOWDOWN ***
Hero collected $0.04 from pot
*** SUMMARY ***
Total pot $0.04 | Rake $0 | Jackpot $0 | Bingo $0 | Fortune $0
Seat 1: c0b28e64 (small blind) folded before Flop
Seat 2: Hero (big blind) collected ($0.04)
Seat 3: 2a2b676a folded before Flop (didn't bet)
Seat 4: 905422a8 folded before Flop (didn't bet)
Seat 5: a1e69444 folded before Flop (didn't bet)
Seat 6: 1c1f4c1 (button) folded before Flop (didn't bet)


Poker Hand #HD1151779438: Hold'em No Limit  ($0.02/$0.05) - 2023/03/08 21:02:51
Table 'NLHBlue117' 6-max Seat #5 is the button
Seat 1: c0b28e64 ($7.32 in chips)
Seat 2: Hero ($8.18 in chips)
Seat 3: 2a2b676a ($5.13 in chips)
Seat 4: 905422a8 ($5.41 in chips)
Seat 5: a1e69444 ($6.27 in chips)
Seat 6: 1c1f4c1 ($5.02 in chips)
1c1f4c1: posts small blind $0.02
c0b28e64: posts big blind $0.05
*** HOLE CARDS ***
Dealt to c0b28e64 
Dealt to Hero [As 9s]
Dealt to 2a2b676a 
Dealt to 905422a8 
Dealt to a1e69444 
Dealt to 1c1f4c1 
Hero: raises $0.07 to $0.12
2a2b676a: folds
905422a8: folds
a1e69444: folds
1c1f4c1: folds
c0b28e64: raises $0.46 to $0.58
Hero: folds
Uncalled bet ($0.46) returned to c0b28e64
*** SHOWDOWN ***
c0b28e64 collected $0.25 from pot
*** SUMMARY ***
Total pot $0.26 | Rake $0.01 | Jackpot $0 | Bingo $0 | Fortune $0
Seat 1: c0b28e64 (big blind) collected ($0.25)
Seat 2: Hero folded before Flop
Seat 3: 2a2b676a folded before Flop (didn't bet)
Seat 4: 905422a8 folded before Flop (didn't bet)
Seat 5: a1e69444 (button) folded before Flop (didn't bet)
Seat 6: 1c1f4c1 (small blind) folded before Flop


Poker Hand #HD1151779376: Hold'em No Limit  ($0.02/$0.05) - 2023/03/08 21:02:26
Table 'NLHBlue117' 6-max Seat #4 is the button
Seat 1: c0b28e64 ($7.32 in chips)
Seat 2: Hero ($8.18 in chips)
Seat 3: 2a2b676a ($5.13 in chips)
Seat 4: 905422a8 ($5.41 in chips)
Seat 5: a1e69444 ($6.29 in chips)
Seat 6: 1c1f4c1 ($5 in chips)
a1e69444: posts small blind $0.02
1c1f4c1: posts big blind $0.05
*** HOLE CARDS ***
Dealt to c0b28e64 
Dealt to Hero [8s 2s]
Dealt to 2a2b676a 
Dealt to 905422a8 
Dealt to a1e69444 
Dealt to 1c1f4c1 
c0b28e64: folds
Hero: folds
2a2b676a: folds
905422a8: folds
a1e69444: folds
Uncalled bet ($0.03) returned to 1c1f4c1
*** SHOWDOWN ***
1c1f4c1 collected $0.04 from pot
*** SUMMARY ***
Total pot $0.04 | Rake $0 | Jackpot $0 | Bingo $0 | Fortune $0
Seat 1: c0b28e64 folded before Flop (didn't bet)
Seat 2: Hero folded before Flop (didn't bet)
Seat 3: 2a2b676a folded before Flop (didn't bet)
Seat 4: 905422a8 (button) folded before Flop (didn't bet)
Seat 5: a1e69444 (small blind) folded before Flop
Seat 6: 1c1f4c1 (big blind) collected ($0.04)


Poker Hand #HD1151779308: Hold'em No Limit  ($0.02/$0.05) - 2023/03/08 21:01:53
Table 'NLHBlue117' 6-max Seat #3 is the button
Seat 1: c0b28e64 ($7.32 in chips)
Seat 2: Hero ($8.18 in chips)
Seat 3: 2a2b676a ($5.13 in chips)
Seat 4: 905422a8 ($5.36 in chips)
Seat 5: a1e69444 ($6.34 in chips)
905422a8: posts small blind $0.02
a1e69444: posts big blind $0.05
*** HOLE CARDS ***
Dealt to c0b28e64 
Dealt to Hero [Kd 4c]
Dealt to 2a2b676a 
Dealt to 905422a8 
Dealt to a1e69444 
c0b28e64: folds
Hero: folds
2a2b676a: folds
905422a8: raises $0.08 to $0.13
a1e69444: folds
Uncalled bet ($0.08) returned to 905422a8
*** SHOWDOWN ***
905422a8 collected $0.1 from pot
*** SUMMARY ***
Total pot $0.1 | Rake $0 | Jackpot $0 | Bingo $0 | Fortune $0
Seat 1: c0b28e64 folded before Flop (didn't bet)
Seat 2: Hero folded before Flop (didn't bet)
Seat 3: 2a2b676a (button) folded before Flop (didn't bet)
Seat 4: 905422a8 (small blind) collected ($0.1)
Seat 5: a1e69444 (big blind) folded before Flop


Poker Hand #HD1151779283: Hold'em No Limit  ($0.02/$0.05) - 2023/03/08 21:01:41
Table 'NLHBlue117' 6-max Seat #2 is the button
Seat 1: c0b28e64 ($7.32 in chips)
Seat 2: Hero ($8.11 in chips)
Seat 3: 2a2b676a ($5.15 in chips)
Seat 4: 905422a8 ($5.41 in chips)
Seat 5: a1e69444 ($6.34 in chips)
2a2b676a: posts small blind $0.02
905422a8: posts big blind $0.05
*** HOLE CARDS ***
Dealt to c0b28e64 
Dealt to Hero [Kc Jh]
Dealt to 2a2b676a 
Dealt to 905422a8 
Dealt to a1e69444 
a1e69444: folds
c0b28e64: folds
Hero: raises $0.07 to $0.12
2a2b676a: folds
905422a8: folds
Uncalled bet ($0.07) returned to Hero
*** SHOWDOWN ***
Hero collected $0.12 from pot
*** SUMMARY ***
Total pot $0.12 | Rake $0 | Jackpot $0 | Bingo $0 | Fortune $0
Seat 1: c0b28e64 folded before Flop (didn't bet)
Seat 2: Hero (button) collected ($0.12)
Seat 3: 2a2b676a (small blind) folded before Flop
Seat 4: 905422a8 (big blind) folded before Flop
Seat 5: a1e69444 folded before Flop (didn't bet)


Poker Hand #HD1151779202: Hold'em No Limit  ($0.02/$0.05) - 2023/03/08 21:01:12
Table 'NLHBlue117' 6-max Seat #1 is the button
Seat 1: c0b28e64 ($7.32 in chips)
Seat 2: Hero ($8.25 in chips)
Seat 3: 2a2b676a ($5.02 in chips)
Seat 4: 905422a8 ($5.41 in chips)
Seat 5: a1e69444 ($6.34 in chips)
Hero: posts small blind $0.02
2a2b676a: posts big blind $0.05
*** HOLE CARDS ***
Dealt to c0b28e64 
Dealt to Hero [Qs 9h]
Dealt to 2a2b676a 
Dealt to 905422a8 
Dealt to a1e69444 
905422a8: folds
a1e69444: folds
c0b28e64: folds
Hero: raises $0.09 to $0.14
2a2b676a: raises $0.37 to $0.51
Hero: folds
Uncalled bet ($0.37) returned to 2a2b676a
*** SHOWDOWN ***
2a2b676a collected $0.27 from pot
*** SUMMARY ***
Total pot $0.28 | Rake $0.01 | Jackpot $0 | Bingo $0 | Fortune $0
Seat 1: c0b28e64 (button) folded before Flop (didn't bet)
Seat 2: Hero (small blind) folded before Flop
Seat 3: 2a2b676a (big blind) collected ($0.27)
Seat 4: 905422a8 folded before Flop (didn't bet)
Seat 5: a1e69444 folded before Flop (didn't bet)


Poker Hand #HD1151779114: Hold'em No Limit  ($0.02/$0.05) - 2023/03/08 21:00:36
Table 'NLHBlue117' 6-max Seat #5 is the button
Seat 1: c0b28e64 ($7.57 in chips)
Seat 2: Hero ($8.02 in chips)
Seat 3: 2a2b676a ($5.02 in chips)
Seat 4: 905422a8 ($5.41 in chips)
Seat 5: a1e69444 ($6.34 in chips)
c0b28e64: posts small blind $0.02
Hero: posts big blind $0.05
*** HOLE CARDS ***
Dealt to c0b28e64 
Dealt to Hero [Qc Jh]
Dealt to 2a2b676a 
Dealt to 905422a8 
Dealt to a1e69444 
2a2b676a: folds
905422a8: folds
a1e69444: folds
c0b28e64: raises $0.1 to $0.15
Hero: calls $0.1
*** FLOP *** [Js 7d 2c]
c0b28e64: bets $0.1
Hero: raises $0.2 to $0.3
c0b28e64: folds
Uncalled bet ($0.2) returned to Hero
*** SHOWDOWN ***
Hero collected $0.48 from pot
*** SUMMARY ***
Total pot $0.5 | Rake $0.02 | Jackpot $0 | Bingo $0 | Fortune $0
Board [Js 7d 2c]
Seat 1: c0b28e64 (small blind) folded on the Flop
Seat 2: Hero (big blind) won ($0.48)
Seat 3: 2a2b676a folded before Flop (didn't bet)
Seat 4: 905422a8 folded before Flop (didn't bet)
Seat 5: a1e69444 (button) folded before Flop (didn't bet)


Poker Hand #HD1151779082: Hold'em No Limit  ($0.02/$0.05) - 2023/03/08 21:00:22
Table 'NLHBlue117' 6-max Seat #4 is the button
Seat 1: c0b28e64 ($7.62 in chips)
Seat 2: Hero ($8.02 in chips)
Seat 3: 2a2b676a ($5.02 in chips)
Seat 4: 905422a8 ($5.41 in chips)
Seat 5: a1e69444 ($6.29 in chips)
a1e69444: posts small blind $0.02
c0b28e64: posts big blind $0.05
*** HOLE CARDS ***
Dealt to c0b28e64 
Dealt to Hero [9h 3d]
Dealt to 2a2b676a 
Dealt to 905422a8 
Dealt to a1e69444 
Hero: folds
2a2b676a: folds
905422a8: folds
a1e69444: raises $0.08 to $0.13
c0b28e64: folds
Uncalled bet ($0.08) returned to a1e69444
*** SHOWDOWN ***
a1e69444 collected $0.1 from pot
*** SUMMARY ***
Total pot $0.1 | Rake $0 | Jackpot $0 | Bingo $0 | Fortune $0
Seat 1: c0b28e64 (big blind) folded before Flop
Seat 2: Hero folded before Flop (didn't bet)
Seat 3: 2a2b676a folded before Flop (didn't bet)
Seat 4: 905422a8 (button) folded before Flop (didn't bet)
Seat 5: a1e69444 (small blind) collected ($0.1)


Poker Hand #HD1151779023: Hold'em No Limit  ($0.02/$0.05) - 2023/03/08 20:59:59
Table 'NLHBlue117' 6-max Seat #3 is the button
Seat 1: c0b28e64 ($7.62 in chips)
Seat 2: Hero ($8.02 in chips)
Seat 3: 2a2b676a ($5.02 in chips)
Seat 4: 905422a8 ($5.43 in chips)
Seat 5: a1e69444 ($6.27 in chips)
Seat 6: 7bcbae20 ($5 in chips)
905422a8: posts small blind $0.02
a1e69444: posts big blind $0.05
*** HOLE CARDS ***
Dealt to c0b28e64 
Dealt to Hero [Qs 4d]
Dealt to 2a2b676a 
Dealt to 905422a8 
Dealt to a1e69444 
Dealt to 7bcbae20 
7bcbae20: folds
c0b28e64: folds
Hero: folds
2a2b676a: folds
905422a8: folds
Uncalled bet ($0.03) returned to a1e69444
*** SHOWDOWN ***
a1e69444 collected $0.04 from pot
*** SUMMARY ***
Total pot $0.04 | Rake $0 | Jackpot $0 | Bingo $0 | Fortune $0
Seat 1: c0b28e64 folded before Flop (didn't bet)
Seat 2: Hero folded before Flop (didn't bet)
Seat 3: 2a2b676a (button) folded before Flop (didn't bet)
Seat 4: 905422a8 (small blind) folded before Flop
Seat 5: a1e69444 (big blind) collected ($0.04)
Seat 6: 7bcbae20 folded before Flop (didn't bet)


Poker Hand #HD1151778986: Hold'em No Limit  ($0.02/$0.05) - 2023/03/08 20:59:45
Table 'NLHBlue117' 6-max Seat #2 is the button
Seat 1: c0b28e64 ($7.62 in chips)
Seat 2: Hero ($8.02 in chips)
Seat 3: 2a2b676a ($5 in chips)
Seat 4: 905422a8 ($5.41 in chips)
Seat 5: a1e69444 ($6.27 in chips)
Seat 6: 7bcbae20 ($5 in chips)
2a2b676a: posts small blind $0.02
905422a8: posts big blind $0.05
*** HOLE CARDS ***
Dealt to c0b28e64 
Dealt to Hero [9c 5d]
Dealt to 2a2b676a 
Dealt to 905422a8 
Dealt to a1e69444 
Dealt to 7bcbae20 
a1e69444: folds
7bcbae20: folds
c0b28e64: folds
Hero: folds
2a2b676a: folds
Uncalled bet ($0.03) returned to 905422a8
*** SHOWDOWN ***
905422a8 collected $0.04 from pot
*** SUMMARY ***
Total pot $0.04 | Rake $0 | Jackpot $0 | Bingo $0 | Fortune $0
Seat 1: c0b28e64 folded before Flop (didn't bet)
Seat 2: Hero (button) folded before Flop (didn't bet)
Seat 3: 2a2b676a (small blind) folded before Flop
Seat 4: 905422a8 (big blind) collected ($0.04)
Seat 5: a1e69444 folded before Flop (didn't bet)
Seat 6: 7bcbae20 folded before Flop (didn't bet)


Poker Hand #HD1151778908: Hold'em No Limit  ($0.02/$0.05) - 2023/03/08 20:59:16
Table 'NLHBlue117' 6-max Seat #1 is the button
Seat 1: c0b28e64 ($7.62 in chips)
Seat 2: Hero ($7.97 in chips)
Seat 3: 2a2b676a ($5 in chips)
Seat 4: 905422a8 ($5.41 in chips)
Seat 5: a1e69444 ($6.27 in chips)
Seat 6: 7bcbae20 ($5 in chips)
Hero: posts small blind $0.02
2a2b676a: posts big blind $0.05
*** HOLE CARDS ***
Dealt to c0b28e64 
Dealt to Hero [8c Js]
Dealt to 2a2b676a 
Dealt to 905422a8 
Dealt to a1e69444 
Dealt to 7bcbae20 
905422a8: folds
a1e69444: folds
7bcbae20: folds
c0b28e64: folds
Hero: raises $0.09 to $0.14
2a2b676a: folds
Uncalled bet ($0.09) returned to Hero
*** SHOWDOWN ***
Hero collected $0.1 from pot
*** SUMMARY ***
Total pot $0.1 | Rake $0 | Jackpot $0 | Bingo $0 | Fortune $0
Seat 1: c0b28e64 (button) folded before Flop (didn't bet)
Seat 2: Hero (small blind) collected ($0.1)
Seat 3: 2a2b676a (big blind) folded before Flop
Seat 4: 905422a8 folded before Flop (didn't bet)
Seat 5: a1e69444 folded before Flop (didn't bet)
Seat 6: 7bcbae20 folded before Flop (didn't bet)


Poker Hand #HD1151778765: Hold'em No Limit  ($0.02/$0.05) - 2023/03/08 20:58:21
Table 'NLHBlue117' 6-max Seat #6 is the button
Seat 1: c0b28e64 ($7.64 in chips)
Seat 2: Hero ($8.02 in chips)
Seat 4: 905422a8 ($5.41 in chips)
Seat 5: a1e69444 ($5.79 in chips)
Seat 6: 7bcbae20 ($5.13 in chips)
c0b28e64: posts small blind $0.02
Hero: posts big blind $0.05
*** HOLE CARDS ***
Dealt to c0b28e64 
Dealt to Hero [4s 9d]
Dealt to 905422a8 
Dealt to a1e69444 
Dealt to 7bcbae20 
905422a8: folds
a1e69444: raises $0.08 to $0.13
7bcbae20: raises $0.32 to $0.45
c0b28e64: folds
Hero: folds
a1e69444: calls $0.32
*** FLOP *** [6d Kh 7d]
a1e69444: checks
7bcbae20: checks
*** TURN *** [6d Kh 7d] [2s]
a1e69444: bets $0.49
7bcbae20: folds
Uncalled bet ($0.49) returned to a1e69444
*** SHOWDOWN ***
a1e69444 collected $0.93 from pot
*** SUMMARY ***
Total pot $0.97 | Rake $0.04 | Jackpot $0 | Bingo $0 | Fortune $0
Board [6d Kh 7d 2s]
Seat 1: c0b28e64 (small blind) folded before Flop
Seat 2: Hero (big blind) folded before Flop
Seat 4: 905422a8 folded before Flop (didn't bet)
Seat 5: a1e69444 won ($0.93)
Seat 6: 7bcbae20 (button) folded on the Turn


Poker Hand #HD1151778640: Hold'em No Limit  ($0.02/$0.05) - 2023/03/08 20:57:29
Table 'NLHBlue117' 6-max Seat #5 is the button
Seat 1: c0b28e64 ($7.69 in chips)
Seat 2: Hero ($8.4 in chips)
Seat 4: 905422a8 ($5 in chips)
Seat 5: a1e69444 ($5.79 in chips)
Seat 6: 7bcbae20 ($5.15 in chips)
7bcbae20: posts small blind $0.02
c0b28e64: posts big blind $0.05
*** HOLE CARDS ***
Dealt to c0b28e64 
Dealt to Hero [As Qs]
Dealt to 905422a8 
Dealt to a1e69444 
Dealt to 7bcbae20 
Hero: raises $0.07 to $0.12
905422a8: raises $0.26 to $0.38
a1e69444: folds
7bcbae20: folds
c0b28e64: folds
Hero: calls $0.26
*** FLOP *** [9c Th 4d]
Hero: checks
905422a8: checks
*** TURN *** [9c Th 4d] [3c]
Hero: checks
905422a8: checks
*** RIVER *** [9c Th 4d 3c] [6c]
Hero: checks
905422a8: checks
Hero: shows [As Qs] (Ace-High)
905422a8: shows [Ad Kh] (Ace-High)
*** SHOWDOWN ***
905422a8 collected $0.79 from pot
*** SUMMARY ***
Total pot $0.83 | Rake $0.04 | Jackpot $0 | Bingo $0 | Fortune $0
Board [9c Th 4d 3c 6c]
Seat 1: c0b28e64 (big blind) folded before Flop
Seat 2: Hero showed [As Qs] and lost with Ace-High
Seat 4: 905422a8 showed [Ad Kh] and won ($0.79) with Ace-High
Seat 5: a1e69444 (button) folded before Flop (didn't bet)
Seat 6: 7bcbae20 (small blind) folded before Flop


Poker Hand #HD1151778597: Hold'em No Limit  ($0.02/$0.05) - 2023/03/08 20:57:07
Table 'NLHBlue117' 6-max Seat #4 is the button
Seat 1: c0b28e64 ($7.69 in chips)
Seat 2: Hero ($8.4 in chips)
Seat 4: 905422a8 ($5 in chips)
Seat 5: a1e69444 ($5.81 in chips)
Seat 6: 7bcbae20 ($5.13 in chips)
a1e69444: posts small blind $0.02
7bcbae20: posts big blind $0.05
*** HOLE CARDS ***
Dealt to c0b28e64 
Dealt to Hero [8d 7h]
Dealt to 905422a8 
Dealt to a1e69444 
Dealt to 7bcbae20 
c0b28e64: folds
Hero: folds
905422a8: folds
a1e69444: folds
Uncalled bet ($0.03) returned to 7bcbae20
*** SHOWDOWN ***
7bcbae20 collected $0.04 from pot
*** SUMMARY ***
Total pot $0.04 | Rake $0 | Jackpot $0 | Bingo $0 | Fortune $0
Seat 1: c0b28e64 folded before Flop (didn't bet)
Seat 2: Hero folded before Flop (didn't bet)
Seat 4: 905422a8 (button) folded before Flop (didn't bet)
Seat 5: a1e69444 (small blind) folded before Flop
Seat 6: 7bcbae20 (big blind) collected ($0.04)


Poker Hand #HD1151778524: Hold'em No Limit  ($0.02/$0.05) - 2023/03/08 20:56:37
Table 'NLHBlue117' 6-max Seat #2 is the button
Seat 1: c0b28e64 ($7.69 in chips)
Seat 2: Hero ($8.4 in chips)
Seat 3: b6163fcf ($5.29 in chips)
Seat 4: 905422a8 ($5 in chips)
Seat 5: a1e69444 ($5.81 in chips)
Seat 6: 7bcbae20 ($5.06 in chips)
b6163fcf: posts small blind $0.02
905422a8: posts big blind $0.05
*** HOLE CARDS ***
Dealt to c0b28e64 
Dealt to Hero [7d 4s]
Dealt to b6163fcf 
Dealt to 905422a8 
Dealt to a1e69444 
Dealt to 7bcbae20 
a1e69444: folds
7bcbae20: raises $0.1 to $0.15
c0b28e64: folds
Hero: folds
b6163fcf: folds
905422a8: folds
Uncalled bet ($0.1) returned to 7bcbae20
*** SHOWDOWN ***
7bcbae20 collected $0.12 from pot
*** SUMMARY ***
Total pot $0.12 | Rake $0 | Jackpot $0 | Bingo $0 | Fortune $0
Seat 1: c0b28e64 folded before Flop (didn't bet)
Seat 2: Hero (button) folded before Flop (didn't bet)
Seat 3: b6163fcf (small blind) folded before Flop
Seat 4: 905422a8 (big blind) folded before Flop
Seat 5: a1e69444 folded before Flop (didn't bet)
Seat 6: 7bcbae20 collected ($0.12)


Poker Hand #HD1151778452: Hold'em No Limit  ($0.02/$0.05) - 2023/03/08 20:56:12
Table 'NLHBlue117' 6-max Seat #1 is the button
Seat 1: c0b28e64 ($7.69 in chips)
Seat 2: Hero ($8.42 in chips)
Seat 3: b6163fcf ($5.13 in chips)
Seat 4: 905422a8 ($5 in chips)
Seat 5: a1e69444 ($5.81 in chips)
Seat 6: 7bcbae20 ($5.21 in chips)
Hero: posts small blind $0.02
b6163fcf: posts big blind $0.05
*** HOLE CARDS ***
Dealt to c0b28e64 
Dealt to Hero [9d As]
Dealt to b6163fcf 
Dealt to 905422a8 
Dealt to a1e69444 
Dealt to 7bcbae20 
905422a8: folds
a1e69444: folds
7bcbae20: raises $0.1 to $0.15
c0b28e64: folds
Hero: folds
b6163fcf: calls $0.1
*** FLOP *** [6d 9h Ks]
b6163fcf: bets $0.1
7bcbae20: folds
Uncalled bet ($0.1) returned to b6163fcf
*** SHOWDOWN ***
b6163fcf collected $0.31 from pot
*** SUMMARY ***
Total pot $0.32 | Rake $0.01 | Jackpot $0 | Bingo $0 | Fortune $0
Board [6d 9h Ks]
Seat 1: c0b28e64 (button) folded before Flop (didn't bet)
Seat 2: Hero (small blind) folded before Flop
Seat 3: b6163fcf (big blind) won ($0.31)
Seat 4: 905422a8 folded before Flop (didn't bet)
Seat 5: a1e69444 folded before Flop (didn't bet)
Seat 6: 7bcbae20 folded on the Flop


Poker Hand #HD1151778306: Hold'em No Limit  ($0.02/$0.05) - 2023/03/08 20:55:07
Table 'NLHBlue117' 6-max Seat #6 is the button
Seat 1: c0b28e64 ($7.71 in chips)
Seat 2: Hero ($8.52 in chips)
Seat 3: b6163fcf ($5.23 in chips)
Seat 4: 905422a8 ($5 in chips)
Seat 5: a1e69444 ($5.81 in chips)
Seat 6: 7bcbae20 ($5 in chips)
c0b28e64: posts small blind $0.02
Hero: posts big blind $0.05
*** HOLE CARDS ***
Dealt to c0b28e64 
Dealt to Hero [Ks Tc]
Dealt to b6163fcf 
Dealt to 905422a8 
Dealt to a1e69444 
Dealt to 7bcbae20 
b6163fcf: raises $0.05 to $0.1
905422a8: folds
a1e69444: folds
7bcbae20: calls $0.1
c0b28e64: folds
Hero: calls $0.05
*** FLOP *** [Ah 2s 6c]
Hero: checks
b6163fcf: checks
7bcbae20: checks
*** TURN *** [Ah 2s 6c] [2h]
Hero: checks
b6163fcf: checks
7bcbae20: checks
*** RIVER *** [Ah 2s 6c 2h] [7h]
Hero: checks
b6163fcf: checks
7bcbae20: checks
Hero: shows [Ks Tc] (Pair of Twos)
b6163fcf: shows [Ts Js] (Pair of Twos)
7bcbae20: shows [Kh Qc] (Pair of Twos)
*** SHOWDOWN ***
7bcbae20 collected $0.31 from pot
*** SUMMARY ***
Total pot $0.32 | Rake $0.01 | Jackpot $0 | Bingo $0 | Fortune $0
Board [Ah 2s 6c 2h 7h]
Seat 1: c0b28e64 (small blind) folded before Flop
Seat 2: Hero (big blind) showed [Ks Tc] and lost with Pair of Twos
Seat 3: b6163fcf showed [Ts Js] and lost with Pair of Twos
Seat 4: 905422a8 folded before Flop (didn't bet)
Seat 5: a1e69444 folded before Flop (didn't bet)
Seat 6: 7bcbae20 (button) showed [Kh Qc] and won ($0.31) with Pair of Twos


Poker Hand #HD1151778261: Hold'em No Limit  ($0.02/$0.05) - 2023/03/08 20:54:51
Table 'NLHBlue117' 6-max Seat #5 is the button
Seat 1: c0b28e64 ($7.69 in chips)
Seat 2: Hero ($8.52 in chips)
Seat 3: b6163fcf ($5.23 in chips)
Seat 4: 905422a8 ($5 in chips)
Seat 5: a1e69444 ($5.81 in chips)
Seat 6: 7bcbae20 ($5 in chips)
7bcbae20: posts small blind $0.02
c0b28e64: posts big blind $0.05
*** HOLE CARDS ***
Dealt to c0b28e64 
Dealt to Hero [As 7d]
Dealt to b6163fcf 
Dealt to 905422a8 
Dealt to a1e69444 
Dealt to 7bcbae20 
Hero: folds
b6163fcf: folds
905422a8: folds
a1e69444: folds
7bcbae20: folds
Uncalled bet ($0.03) returned to c0b28e64
*** SHOWDOWN ***
c0b28e64 collected $0.04 from pot
*** SUMMARY ***
Total pot $0.04 | Rake $0 | Jackpot $0 | Bingo $0 | Fortune $0
Seat 1: c0b28e64 (big blind) collected ($0.04)
Seat 2: Hero folded before Flop (didn't bet)
Seat 3: b6163fcf folded before Flop (didn't bet)
Seat 4: 905422a8 folded before Flop (didn't bet)
Seat 5: a1e69444 (button) folded before Flop (didn't bet)
Seat 6: 7bcbae20 (small blind) folded before Flop


Poker Hand #HD1151778045: Hold'em No Limit  ($0.02/$0.05) - 2023/03/08 20:53:25
Table 'NLHBlue117' 6-max Seat #4 is the button
Seat 1: c0b28e64 ($7.69 in chips)
Seat 2: Hero ($7.29 in chips)
Seat 3: b6163fcf ($5.23 in chips)
Seat 4: 905422a8 ($5.02 in chips)
Seat 5: a1e69444 ($5.83 in chips)
Seat 6: 7bcbae20 ($5.85 in chips)
a1e69444: posts small blind $0.02
7bcbae20: posts big blind $0.05
*** HOLE CARDS ***
Dealt to c0b28e64 
Dealt to Hero [Qd Qc]
Dealt to b6163fcf 
Dealt to 905422a8 
Dealt to a1e69444 
Dealt to 7bcbae20 
c0b28e64: folds
Hero: raises $0.07 to $0.12
b6163fcf: folds
905422a8: calls $0.12
a1e69444: folds
7bcbae20: raises $0.48 to $0.6
Hero: calls $0.48
905422a8: folds
*** FLOP *** [7c Ad Jc]
7bcbae20: bets $0.67
Hero: calls $0.67
*** TURN *** [7c Ad Jc] [7d]
7bcbae20: checks
Hero: checks
*** RIVER *** [7c Ad Jc 7d] [4s]
7bcbae20: checks
Hero: checks
7bcbae20: shows [Kc Qs] (Pair of Sevens)
Hero: shows [Qd Qc] (Pair of Queens and Pair of Sevens)
*** SHOWDOWN ***
Hero collected $2.5 from pot
*** SUMMARY ***
Total pot $2.68 | Rake $0.13 | Jackpot $0.05 | Bingo $0 | Fortune $0
Board [7c Ad Jc 7d 4s]
Seat 1: c0b28e64 folded before Flop (didn't bet)
Seat 2: Hero showed [Qd Qc] and won ($2.5) with Pair of Queens and Pair of Sevens
Seat 3: b6163fcf folded before Flop (didn't bet)
Seat 4: 905422a8 (button) folded before Flop
Seat 5: a1e69444 (small blind) folded before Flop
Seat 6: 7bcbae20 (big blind) showed [Kc Qs] and lost with Pair of Sevens


Poker Hand #HD1151777990: Hold'em No Limit  ($0.02/$0.05) - 2023/03/08 20:52:59
Table 'NLHBlue117' 6-max Seat #3 is the button
Seat 1: c0b28e64 ($7.69 in chips)
Seat 2: Hero ($7.29 in chips)
Seat 3: b6163fcf ($5.23 in chips)
Seat 4: 905422a8 ($5.04 in chips)
Seat 5: a1e69444 ($5.88 in chips)
Seat 6: 7bcbae20 ($5.78 in chips)
905422a8: posts small blind $0.02
a1e69444: posts big blind $0.05
*** HOLE CARDS ***
Dealt to c0b28e64 
Dealt to Hero [2d 4h]
Dealt to b6163fcf 
Dealt to 905422a8 
Dealt to a1e69444 
Dealt to 7bcbae20 
7bcbae20: raises $0.1 to $0.15
c0b28e64: folds
Hero: folds
b6163fcf: folds
905422a8: folds
a1e69444: folds
Uncalled bet ($0.1) returned to 7bcbae20
*** SHOWDOWN ***
7bcbae20 collected $0.12 from pot
*** SUMMARY ***
Total pot $0.12 | Rake $0 | Jackpot $0 | Bingo $0 | Fortune $0
Seat 1: c0b28e64 folded before Flop (didn't bet)
Seat 2: Hero folded before Flop (didn't bet)
Seat 3: b6163fcf (button) folded before Flop (didn't bet)
Seat 4: 905422a8 (small blind) folded before Flop
Seat 5: a1e69444 (big blind) folded before Flop
Seat 6: 7bcbae20 collected ($0.12)


Poker Hand #HD1151777952: Hold'em No Limit  ($0.02/$0.05) - 2023/03/08 20:52:43
Table 'NLHBlue117' 6-max Seat #2 is the button
Seat 1: c0b28e64 ($7.62 in chips)
Seat 2: Hero ($7.29 in chips)
Seat 3: b6163fcf ($5.25 in chips)
Seat 4: 905422a8 ($5.09 in chips)
Seat 5: a1e69444 ($5.88 in chips)
Seat 6: 7bcbae20 ($5.78 in chips)
b6163fcf: posts small blind $0.02
905422a8: posts big blind $0.05
*** HOLE CARDS ***
Dealt to c0b28e64 
Dealt to Hero [6s Jh]
Dealt to b6163fcf 
Dealt to 905422a8 
Dealt to a1e69444 
Dealt to 7bcbae20 
a1e69444: folds
7bcbae20: folds
c0b28e64: raises $0.08 to $0.13
Hero: folds
b6163fcf: folds
905422a8: folds
Uncalled bet ($0.08) returned to c0b28e64
*** SHOWDOWN ***
c0b28e64 collected $0.12 from pot
*** SUMMARY ***
Total pot $0.12 | Rake $0 | Jackpot $0 | Bingo $0 | Fortune $0
Seat 1: c0b28e64 collected ($0.12)
Seat 2: Hero (button) folded before Flop (didn't bet)
Seat 3: b6163fcf (small blind) folded before Flop
Seat 4: 905422a8 (big blind) folded before Flop
Seat 5: a1e69444 folded before Flop (didn't bet)
Seat 6: 7bcbae20 folded before Flop (didn't bet)


Poker Hand #HD1151777795: Hold'em No Limit  ($0.02/$0.05) - 2023/03/08 20:51:35
Table 'NLHBlue117' 6-max Seat #1 is the button
Seat 1: c0b28e64 ($7.75 in chips)
Seat 2: Hero ($7.31 in chips)
Seat 3: b6163fcf ($5.11 in chips)
Seat 4: 905422a8 ($5.09 in chips)
Seat 5: a1e69444 ($5.88 in chips)
Seat 6: 7bcbae20 ($5.78 in chips)
Hero: posts small blind $0.02
b6163fcf: posts big blind $0.05
*** HOLE CARDS ***
Dealt to c0b28e64 
Dealt to Hero [6d Qd]
Dealt to b6163fcf 
Dealt to 905422a8 
Dealt to a1e69444 
Dealt to 7bcbae20 
905422a8: folds
a1e69444: folds
7bcbae20: folds
c0b28e64: raises $0.08 to $0.13
Hero: folds
b6163fcf: calls $0.08
*** FLOP *** [5c Js 4c]
b6163fcf: checks
c0b28e64: checks
*** TURN *** [5c Js 4c] [6h]
b6163fcf: checks
c0b28e64: checks
*** RIVER *** [5c Js 4c 6h] [7h]
b6163fcf: checks
c0b28e64: checks
b6163fcf: shows [Qs 7s] (Pair of Sevens)
c0b28e64: shows [Ad Kc] (Ace-High)
*** SHOWDOWN ***
b6163fcf collected $0.27 from pot
*** SUMMARY ***
Total pot $0.28 | Rake $0.01 | Jackpot $0 | Bingo $0 | Fortune $0
Board [5c Js 4c 6h 7h]
Seat 1: c0b28e64 (button) showed [Ad Kc] and lost with Ace-High
Seat 2: Hero (small blind) folded before Flop
Seat 3: b6163fcf (big blind) showed [Qs 7s] and won ($0.27) with Pair of Sevens
Seat 4: 905422a8 folded before Flop (didn't bet)
Seat 5: a1e69444 folded before Flop (didn't bet)
Seat 6: 7bcbae20 folded before Flop (didn't bet)


Poker Hand #HD1151777739: Hold'em No Limit  ($0.02/$0.05) - 2023/03/08 20:51:14
Table 'NLHBlue117' 6-max Seat #6 is the button
Seat 1: c0b28e64 ($7.7 in chips)
Seat 2: Hero ($7.36 in chips)
Seat 3: b6163fcf ($5.11 in chips)
Seat 4: 905422a8 ($5.09 in chips)
Seat 5: a1e69444 ($5.88 in chips)
Seat 6: 7bcbae20 ($5.78 in chips)
c0b28e64: posts small blind $0.02
Hero: posts big blind $0.05
*** HOLE CARDS ***
Dealt to c0b28e64 
Dealt to Hero [2d 5d]
Dealt to b6163fcf 
Dealt to 905422a8 
Dealt to a1e69444 
Dealt to 7bcbae20 
b6163fcf: folds
905422a8: folds
a1e69444: folds
7bcbae20: folds
c0b28e64: raises $0.1 to $0.15
Hero: folds
Uncalled bet ($0.1) returned to c0b28e64
*** SHOWDOWN ***
c0b28e64 collected $0.1 from pot
*** SUMMARY ***
Total pot $0.1 | Rake $0 | Jackpot $0 | Bingo $0 | Fortune $0
Seat 1: c0b28e64 (small blind) collected ($0.1)
Seat 2: Hero (big blind) folded before Flop
Seat 3: b6163fcf folded before Flop (didn't bet)
Seat 4: 905422a8 folded before Flop (didn't bet)
Seat 5: a1e69444 folded before Flop (didn't bet)
Seat 6: 7bcbae20 (button) folded before Flop (didn't bet)


Poker Hand #HD1151777673: Hold'em No Limit  ($0.02/$0.05) - 2023/03/08 20:50:49
Table 'NLHBlue117' 6-max Seat #5 is the button
Seat 1: c0b28e64 ($7.75 in chips)
Seat 2: Hero ($7.36 in chips)
Seat 3: b6163fcf ($5.11 in chips)
Seat 4: 905422a8 ($5.09 in chips)
Seat 5: a1e69444 ($5.88 in chips)
Seat 6: 7bcbae20 ($5.73 in chips)
7bcbae20: posts small blind $0.02
c0b28e64: posts big blind $0.05
*** HOLE CARDS ***
Dealt to c0b28e64 
Dealt to Hero [Qh 5s]
Dealt to b6163fcf 
Dealt to 905422a8 
Dealt to a1e69444 
Dealt to 7bcbae20 
Hero: folds
b6163fcf: folds
905422a8: folds
a1e69444: folds
7bcbae20: raises $0.05 to $0.1
c0b28e64: folds
Uncalled bet ($0.05) returned to 7bcbae20
*** SHOWDOWN ***
7bcbae20 collected $0.1 from pot
*** SUMMARY ***
Total pot $0.1 | Rake $0 | Jackpot $0 | Bingo $0 | Fortune $0
Seat 1: c0b28e64 (big blind) folded before Flop
Seat 2: Hero folded before Flop (didn't bet)
Seat 3: b6163fcf folded before Flop (didn't bet)
Seat 4: 905422a8 folded before Flop (didn't bet)
Seat 5: a1e69444 (button) folded before Flop (didn't bet)
Seat 6: 7bcbae20 (small blind) collected ($0.1)


Poker Hand #HD1151777607: Hold'em No Limit  ($0.02/$0.05) - 2023/03/08 20:50:16
Table 'NLHBlue117' 6-max Seat #4 is the button
Seat 1: c0b28e64 ($7.75 in chips)
Seat 2: Hero ($7.36 in chips)
Seat 3: b6163fcf ($5 in chips)
Seat 4: 905422a8 ($5.09 in chips)
Seat 5: a1e69444 ($5.9 in chips)
Seat 6: 7bcbae20 ($5.83 in chips)
a1e69444: posts small blind $0.02
7bcbae20: posts big blind $0.05
*** HOLE CARDS ***
Dealt to c0b28e64 
Dealt to Hero [6s 4d]
Dealt to b6163fcf 
Dealt to 905422a8 
Dealt to a1e69444 
Dealt to 7bcbae20 
c0b28e64: folds
Hero: folds
b6163fcf: raises $0.05 to $0.1
905422a8: folds
a1e69444: folds
7bcbae20: calls $0.05
*** FLOP *** [9c Qh Js]
7bcbae20: checks
b6163fcf: bets $0.07
7bcbae20: folds
Uncalled bet ($0.07) returned to b6163fcf
*** SHOWDOWN ***
b6163fcf collected $0.21 from pot
*** SUMMARY ***
Total pot $0.22 | Rake $0.01 | Jackpot $0 | Bingo $0 | Fortune $0
Board [9c Qh Js]
Seat 1: c0b28e64 folded before Flop (didn't bet)
Seat 2: Hero folded before Flop (didn't bet)
Seat 3: b6163fcf won ($0.21)
Seat 4: 905422a8 (button) folded before Flop (didn't bet)
Seat 5: a1e69444 (small blind) folded before Flop
Seat 6: 7bcbae20 (big blind) folded on the Flop


Poker Hand #HD1151777532: Hold'em No Limit  ($0.02/$0.05) - 2023/03/08 20:49:46
Table 'NLHBlue117' 6-max Seat #3 is the button
Seat 1: c0b28e64 ($7.75 in chips)
Seat 2: Hero ($7.18 in chips)
Seat 3: b6163fcf ($5.12 in chips)
Seat 4: 905422a8 ($5.11 in chips)
Seat 5: a1e69444 ($5.95 in chips)
Seat 6: 7bcbae20 ($5.83 in chips)
905422a8: posts small blind $0.02
a1e69444: posts big blind $0.05
*** HOLE CARDS ***
Dealt to c0b28e64 
Dealt to Hero [4s 4h]
Dealt to b6163fcf 
Dealt to 905422a8 
Dealt to a1e69444 
Dealt to 7bcbae20 
7bcbae20: folds
c0b28e64: folds
Hero: raises $0.07 to $0.12
b6163fcf: calls $0.12
905422a8: folds
a1e69444: folds
*** FLOP *** [5s 5h 3h]
Hero: bets $0.16
b6163fcf: folds
Uncalled bet ($0.16) returned to Hero
*** SHOWDOWN ***
Hero collected $0.3 from pot
*** SUMMARY ***
Total pot $0.31 | Rake $0.01 | Jackpot $0 | Bingo $0 | Fortune $0
Board [5s 5h 3h]
Seat 1: c0b28e64 folded before Flop (didn't bet)
Seat 2: Hero won ($0.3)
Seat 3: b6163fcf (button) folded on the Flop
Seat 4: 905422a8 (small blind) folded before Flop
Seat 5: a1e69444 (big blind) folded before Flop
Seat 6: 7bcbae20 folded before Flop (didn't bet)


Poker Hand #HD1151777451: Hold'em No Limit  ($0.02/$0.05) - 2023/03/08 20:49:17
Table 'NLHBlue117' 6-max Seat #2 is the button
Seat 1: c0b28e64 ($7.75 in chips)
Seat 2: Hero ($7.18 in chips)
Seat 3: b6163fcf ($5.14 in chips)
Seat 4: 905422a8 ($5.16 in chips)
Seat 5: a1e69444 ($5.95 in chips)
Seat 6: 7bcbae20 ($5.76 in chips)
b6163fcf: posts small blind $0.02
905422a8: posts big blind $0.05
*** HOLE CARDS ***
Dealt to c0b28e64 
Dealt to Hero [Ts 6d]
Dealt to b6163fcf 
Dealt to 905422a8 
Dealt to a1e69444 
Dealt to 7bcbae20 
a1e69444: folds
7bcbae20: raises $0.1 to $0.15
c0b28e64: folds
Hero: folds
b6163fcf: folds
905422a8: folds
Uncalled bet ($0.1) returned to 7bcbae20
*** SHOWDOWN ***
7bcbae20 collected $0.12 from pot
*** SUMMARY ***
Total pot $0.12 | Rake $0 | Jackpot $0 | Bingo $0 | Fortune $0
Seat 1: c0b28e64 folded before Flop (didn't bet)
Seat 2: Hero (button) folded before Flop (didn't bet)
Seat 3: b6163fcf (small blind) folded before Flop
Seat 4: 905422a8 (big blind) folded before Flop
Seat 5: a1e69444 folded before Flop (didn't bet)
Seat 6: 7bcbae20 collected ($0.12)


Poker Hand #HD1151777354: Hold'em No Limit  ($0.02/$0.05) - 2023/03/08 20:48:33
Table 'NLHBlue117' 6-max Seat #1 is the button
Seat 1: c0b28e64 ($7.75 in chips)
Seat 2: Hero ($7.2 in chips)
Seat 3: b6163fcf ($4.85 in chips)
Seat 4: 905422a8 ($5.46 in chips)
Seat 5: a1e69444 ($5.95 in chips)
Seat 6: 7bcbae20 ($5.76 in chips)
Hero: posts small blind $0.02
b6163fcf: posts big blind $0.05
*** HOLE CARDS ***
Dealt to c0b28e64 
Dealt to Hero [5s 7c]
Dealt to b6163fcf 
Dealt to 905422a8 
Dealt to a1e69444 
Dealt to 7bcbae20 
905422a8: raises $0.05 to $0.1
a1e69444: folds
7bcbae20: folds
c0b28e64: folds
Hero: folds
b6163fcf: raises $0.2 to $0.3
905422a8: calls $0.2
*** FLOP *** [2d 4h Kh]
b6163fcf: bets $0.41
905422a8: folds
Uncalled bet ($0.41) returned to b6163fcf
*** SHOWDOWN ***
b6163fcf collected $0.59 from pot
*** SUMMARY ***
Total pot $0.62 | Rake $0.03 | Jackpot $0 | Bingo $0 | Fortune $0
Board [2d 4h Kh]
Seat 1: c0b28e64 (button) folded before Flop (didn't bet)
Seat 2: Hero (small blind) folded before Flop
Seat 3: b6163fcf (big blind) won ($0.59)
Seat 4: 905422a8 folded on the Flop
Seat 5: a1e69444 folded before Flop (didn't bet)
Seat 6: 7bcbae20 folded before Flop (didn't bet)


Poker Hand #HD1151777265: Hold'em No Limit  ($0.02/$0.05) - 2023/03/08 20:47:59
Table 'NLHBlue117' 6-max Seat #6 is the button
Seat 1: c0b28e64 ($8.39 in chips)
Seat 2: Hero ($7.25 in chips)
Seat 3: b6163fcf ($4.85 in chips)
Seat 4: 905422a8 ($5.46 in chips)
Seat 5: a1e69444 ($5.32 in chips)
Seat 6: 7bcbae20 ($5.76 in chips)
c0b28e64: posts small blind $0.02
Hero: posts big blind $0.05
*** HOLE CARDS ***
Dealt to c0b28e64 
Dealt to Hero [8h 9c]
Dealt to b6163fcf 
Dealt to 905422a8 
Dealt to a1e69444 
Dealt to 7bcbae20 
b6163fcf: folds
905422a8: folds
a1e69444: raises $0.08 to $0.13
7bcbae20: folds
c0b28e64: raises $0.51 to $0.64
Hero: folds
a1e69444: raises $1.21 to $1.85
c0b28e64: folds
Uncalled bet ($1.21) returned to a1e69444
*** SHOWDOWN ***
a1e69444 collected $1.27 from pot
*** SUMMARY ***
Total pot $1.33 | Rake $0.06 | Jackpot $0 | Bingo $0 | Fortune $0
Seat 1: c0b28e64 (small blind) folded before Flop
Seat 2: Hero (big blind) folded before Flop
Seat 3: b6163fcf folded before Flop (didn't bet)
Seat 4: 905422a8 folded before Flop (didn't bet)
Seat 5: a1e69444 collected ($1.27)
Seat 6: 7bcbae20 (button) folded before Flop (didn't bet)


Poker Hand #HD1151777234: Hold'em No Limit  ($0.02/$0.05) - 2023/03/08 20:47:46
Table 'NLHBlue117' 6-max Seat #5 is the button
Seat 1: c0b28e64 ($8.44 in chips)
Seat 2: Hero ($7.25 in chips)
Seat 3: b6163fcf ($4.78 in chips)
Seat 4: 905422a8 ($5.46 in chips)
Seat 5: a1e69444 ($5.32 in chips)
Seat 6: 7bcbae20 ($5.78 in chips)
7bcbae20: posts small blind $0.02
c0b28e64: posts big blind $0.05
*** HOLE CARDS ***
Dealt to c0b28e64 
Dealt to Hero [Ad 3s]
Dealt to b6163fcf 
Dealt to 905422a8 
Dealt to a1e69444 
Dealt to 7bcbae20 
Hero: folds
b6163fcf: raises $0.05 to $0.1
905422a8: folds
a1e69444: folds
7bcbae20: folds
c0b28e64: folds
Uncalled bet ($0.05) returned to b6163fcf
*** SHOWDOWN ***
b6163fcf collected $0.12 from pot
*** SUMMARY ***
Total pot $0.12 | Rake $0 | Jackpot $0 | Bingo $0 | Fortune $0
Seat 1: c0b28e64 (big blind) folded before Flop
Seat 2: Hero folded before Flop (didn't bet)
Seat 3: b6163fcf collected ($0.12)
Seat 4: 905422a8 folded before Flop (didn't bet)
Seat 5: a1e69444 (button) folded before Flop (didn't bet)
Seat 6: 7bcbae20 (small blind) folded before Flop


Poker Hand #HD1151777202: Hold'em No Limit  ($0.02/$0.05) - 2023/03/08 20:47:31
Table 'NLHBlue117' 6-max Seat #4 is the button
Seat 1: c0b28e64 ($8.44 in chips)
Seat 2: Hero ($7.18 in chips)
Seat 3: b6163fcf ($4.78 in chips)
Seat 4: 905422a8 ($5.46 in chips)
Seat 5: a1e69444 ($5.34 in chips)
Seat 6: 7bcbae20 ($5.83 in chips)
a1e69444: posts small blind $0.02
7bcbae20: posts big blind $0.05
*** HOLE CARDS ***
Dealt to c0b28e64 
Dealt to Hero [Tc Th]
Dealt to b6163fcf 
Dealt to 905422a8 
Dealt to a1e69444 
Dealt to 7bcbae20 
c0b28e64: folds
Hero: raises $0.07 to $0.12
b6163fcf: folds
905422a8: folds
a1e69444: folds
7bcbae20: folds
Uncalled bet ($0.07) returned to Hero
*** SHOWDOWN ***
Hero collected $0.12 from pot
*** SUMMARY ***
Total pot $0.12 | Rake $0 | Jackpot $0 | Bingo $0 | Fortune $0
Seat 1: c0b28e64 folded before Flop (didn't bet)
Seat 2: Hero collected ($0.12)
Seat 3: b6163fcf folded before Flop (didn't bet)
Seat 4: 905422a8 (button) folded before Flop (didn't bet)
Seat 5: a1e69444 (small blind) folded before Flop
Seat 6: 7bcbae20 (big blind) folded before Flop


Poker Hand #HD1151777111: Hold'em No Limit  ($0.02/$0.05) - 2023/03/08 20:46:48
Table 'NLHBlue117' 6-max Seat #3 is the button
Seat 1: c0b28e64 ($8.44 in chips)
Seat 2: Hero ($7.18 in chips)
Seat 3: b6163fcf ($4.78 in chips)
Seat 4: 905422a8 ($5.48 in chips)
Seat 5: a1e69444 ($5.65 in chips)
Seat 6: 7bcbae20 ($5.53 in chips)
905422a8: posts small blind $0.02
a1e69444: posts big blind $0.05
*** HOLE CARDS ***
Dealt to c0b28e64 
Dealt to Hero [5h 8s]
Dealt to b6163fcf 
Dealt to 905422a8 
Dealt to a1e69444 
Dealt to 7bcbae20 
7bcbae20: raises $0.1 to $0.15
c0b28e64: folds
Hero: folds
b6163fcf: folds
905422a8: folds
a1e69444: calls $0.1
*** FLOP *** [9d 7d Jd]
a1e69444: checks
7bcbae20: bets $0.16
a1e69444: calls $0.16
*** TURN *** [9d 7d Jd] [Ah]
a1e69444: checks
7bcbae20: bets $0.22
a1e69444: folds
Uncalled bet ($0.22) returned to 7bcbae20
*** SHOWDOWN ***
7bcbae20 collected $0.61 from pot
*** SUMMARY ***
Total pot $0.64 | Rake $0.03 | Jackpot $0 | Bingo $0 | Fortune $0
Board [9d 7d Jd Ah]
Seat 1: c0b28e64 folded before Flop (didn't bet)
Seat 2: Hero folded before Flop (didn't bet)
Seat 3: b6163fcf (button) folded before Flop (didn't bet)
Seat 4: 905422a8 (small blind) folded before Flop
Seat 5: a1e69444 (big blind) folded on the Turn
Seat 6: 7bcbae20 won ($0.61)


Poker Hand #HD1151777080: Hold'em No Limit  ($0.02/$0.05) - 2023/03/08 20:46:37
Table 'NLHBlue117' 6-max Seat #2 is the button
Seat 1: c0b28e64 ($8.44 in chips)
Seat 2: Hero ($7.18 in chips)
Seat 3: b6163fcf ($4.8 in chips)
Seat 4: 905422a8 ($5.46 in chips)
Seat 5: a1e69444 ($5.65 in chips)
Seat 6: 7bcbae20 ($5.53 in chips)
b6163fcf: posts small blind $0.02
905422a8: posts big blind $0.05
*** HOLE CARDS ***
Dealt to c0b28e64 
Dealt to Hero [2s 3d]
Dealt to b6163fcf 
Dealt to 905422a8 
Dealt to a1e69444 
Dealt to 7bcbae20 
a1e69444: folds
7bcbae20: folds
c0b28e64: folds
Hero: folds
b6163fcf: folds
Uncalled bet ($0.03) returned to 905422a8
*** SHOWDOWN ***
905422a8 collected $0.04 from pot
*** SUMMARY ***
Total pot $0.04 | Rake $0 | Jackpot $0 | Bingo $0 | Fortune $0
Seat 1: c0b28e64 folded before Flop (didn't bet)
Seat 2: Hero (button) folded before Flop (didn't bet)
Seat 3: b6163fcf (small blind) folded before Flop
Seat 4: 905422a8 (big blind) collected ($0.04)
Seat 5: a1e69444 folded before Flop (didn't bet)
Seat 6: 7bcbae20 folded before Flop (didn't bet)


Poker Hand #HD1151776998: Hold'em No Limit  ($0.02/$0.05) - 2023/03/08 20:46:04
Table 'NLHBlue117' 6-max Seat #1 is the button
Seat 1: c0b28e64 ($8.44 in chips)
Seat 2: Hero ($7.2 in chips)
Seat 3: b6163fcf ($4.85 in chips)
Seat 4: 905422a8 ($5.46 in chips)
Seat 5: a1e69444 ($5.65 in chips)
Seat 6: 7bcbae20 ($5.46 in chips)
Hero: posts small blind $0.02
b6163fcf: posts big blind $0.05
*** HOLE CARDS ***
Dealt to c0b28e64 
Dealt to Hero [8h 2s]
Dealt to b6163fcf 
Dealt to 905422a8 
Dealt to a1e69444 
Dealt to 7bcbae20 
905422a8: folds
a1e69444: folds
7bcbae20: raises $0.08 to $0.13
c0b28e64: folds
Hero: folds
b6163fcf: folds
Uncalled bet ($0.08) returned to 7bcbae20
*** SHOWDOWN ***
7bcbae20 collected $0.12 from pot
*** SUMMARY ***
Total pot $0.12 | Rake $0 | Jackpot $0 | Bingo $0 | Fortune $0
Seat 1: c0b28e64 (button) folded before Flop (didn't bet)
Seat 2: Hero (small blind) folded before Flop
Seat 3: b6163fcf (big blind) folded before Flop
Seat 4: 905422a8 folded before Flop (didn't bet)
Seat 5: a1e69444 folded before Flop (didn't bet)
Seat 6: 7bcbae20 collected ($0.12)


Poker Hand #HD1151776860: Hold'em No Limit  ($0.02/$0.05) - 2023/03/08 20:45:03
Table 'NLHBlue117' 6-max Seat #6 is the button
Seat 1: c0b28e64 ($8.46 in chips)
Seat 2: Hero ($7.68 in chips)
Seat 3: b6163fcf ($4.85 in chips)
Seat 4: 905422a8 ($5 in chips)
Seat 5: a1e69444 ($5.65 in chips)
Seat 6: 7bcbae20 ($5.46 in chips)
c0b28e64: posts small blind $0.02
Hero: posts big blind $0.05
*** HOLE CARDS ***
Dealt to c0b28e64 
Dealt to Hero [Ks Jd]
Dealt to b6163fcf 
Dealt to 905422a8 
Dealt to a1e69444 
Dealt to 7bcbae20 
b6163fcf: folds
905422a8: raises $0.05 to $0.1
a1e69444: folds
7bcbae20: folds
c0b28e64: folds
Hero: calls $0.05
*** FLOP *** [Qs Qc 6s]
Hero: checks
905422a8: checks
*** TURN *** [Qs Qc 6s] [Jh]
Hero: bets $0.11
905422a8: raises $0.27 to $0.38
Hero: calls $0.27
*** RIVER *** [Qs Qc 6s Jh] [5s]
Hero: checks
905422a8: bets $0.9
Hero: folds
Uncalled bet ($0.9) returned to 905422a8
*** SHOWDOWN ***
905422a8 collected $0.94 from pot
*** SUMMARY ***
Total pot $0.98 | Rake $0.04 | Jackpot $0 | Bingo $0 | Fortune $0
Board [Qs Qc 6s Jh 5s]
Seat 1: c0b28e64 (small blind) folded before Flop
Seat 2: Hero (big blind) folded on the River
Seat 3: b6163fcf folded before Flop (didn't bet)
Seat 4: 905422a8 won ($0.94)
Seat 5: a1e69444 folded before Flop (didn't bet)
Seat 6: 7bcbae20 (button) folded before Flop (didn't bet)


Poker Hand #HD1151776788: Hold'em No Limit  ($0.02/$0.05) - 2023/03/08 20:44:30
Table 'NLHBlue117' 6-max Seat #5 is the button
Seat 1: c0b28e64 ($8.51 in chips)
Seat 2: Hero ($7.68 in chips)
Seat 3: b6163fcf ($4.95 in chips)
Seat 4: 905422a8 ($5 in chips)
Seat 5: a1e69444 ($6 in chips)
Seat 6: 7bcbae20 ($5 in chips)
7bcbae20: posts small blind $0.02
c0b28e64: posts big blind $0.05
*** HOLE CARDS ***
Dealt to c0b28e64 
Dealt to Hero [5h 9h]
Dealt to b6163fcf 
Dealt to 905422a8 
Dealt to a1e69444 
Dealt to 7bcbae20 
Hero: folds
b6163fcf: raises $0.05 to $0.1
905422a8: folds
a1e69444: raises $0.25 to $0.35
7bcbae20: raises $0.9 to $1.25
c0b28e64: folds
b6163fcf: folds
a1e69444: folds
Uncalled bet ($0.9) returned to 7bcbae20
*** SHOWDOWN ***
7bcbae20 collected $0.81 from pot
*** SUMMARY ***
Total pot $0.85 | Rake $0.04 | Jackpot $0 | Bingo $0 | Fortune $0
Seat 1: c0b28e64 (big blind) folded before Flop
Seat 2: Hero folded before Flop (didn't bet)
Seat 3: b6163fcf folded before Flop
Seat 4: 905422a8 folded before Flop (didn't bet)
Seat 5: a1e69444 (button) folded before Flop
Seat 6: 7bcbae20 (small blind) collected ($0.81)


Poker Hand #HD1151776731: Hold'em No Limit  ($0.02/$0.05) - 2023/03/08 20:44:08
Table 'NLHBlue117' 6-max Seat #4 is the button
Seat 1: c0b28e64 ($8.51 in chips)
Seat 2: Hero ($7.68 in chips)
Seat 3: b6163fcf ($4.95 in chips)
Seat 4: 905422a8 ($5 in chips)
Seat 5: a1e69444 ($5.95 in chips)
Seat 6: 7bcbae20 ($5 in chips)
a1e69444: posts small blind $0.02
7bcbae20: posts big blind $0.05
*** HOLE CARDS ***
Dealt to c0b28e64 
Dealt to Hero [9s 3s]
Dealt to b6163fcf 
Dealt to 905422a8 
Dealt to a1e69444 
Dealt to 7bcbae20 
c0b28e64: folds
Hero: folds
b6163fcf: folds
905422a8: folds
a1e69444: raises $0.08 to $0.13
7bcbae20: folds
Uncalled bet ($0.08) returned to a1e69444
*** SHOWDOWN ***
a1e69444 collected $0.1 from pot
*** SUMMARY ***
Total pot $0.1 | Rake $0 | Jackpot $0 | Bingo $0 | Fortune $0
Seat 1: c0b28e64 folded before Flop (didn't bet)
Seat 2: Hero folded before Flop (didn't bet)
Seat 3: b6163fcf folded before Flop (didn't bet)
Seat 4: 905422a8 (button) folded before Flop (didn't bet)
Seat 5: a1e69444 (small blind) collected ($0.1)
Seat 6: 7bcbae20 (big blind) folded before Flop


Poker Hand #HD1151776701: Hold'em No Limit  ($0.02/$0.05) - 2023/03/08 20:43:52
Table 'NLHBlue117' 6-max Seat #3 is the button
Seat 1: c0b28e64 ($8.51 in chips)
Seat 2: Hero ($7.68 in chips)
Seat 3: b6163fcf ($4.88 in chips)
Seat 4: 905422a8 ($5 in chips)
Seat 5: a1e69444 ($6 in chips)
Seat 6: 7bcbae20 ($5 in chips)
905422a8: posts small blind $0.02
a1e69444: posts big blind $0.05
*** HOLE CARDS ***
Dealt to c0b28e64 
Dealt to Hero [4s 2c]
Dealt to b6163fcf 
Dealt to 905422a8 
Dealt to a1e69444 
Dealt to 7bcbae20 
7bcbae20: folds
c0b28e64: folds
Hero: folds
b6163fcf: raises $0.05 to $0.1
905422a8: folds
a1e69444: folds
Uncalled bet ($0.05) returned to b6163fcf
*** SHOWDOWN ***
b6163fcf collected $0.12 from pot
*** SUMMARY ***
Total pot $0.12 | Rake $0 | Jackpot $0 | Bingo $0 | Fortune $0
Seat 1: c0b28e64 folded before Flop (didn't bet)
Seat 2: Hero folded before Flop (didn't bet)
Seat 3: b6163fcf (button) collected ($0.12)
Seat 4: 905422a8 (small blind) folded before Flop
Seat 5: a1e69444 (big blind) folded before Flop
Seat 6: 7bcbae20 folded before Flop (didn't bet)


Poker Hand #HD1151776549: Hold'em No Limit  ($0.02/$0.05) - 2023/03/08 20:42:46
Table 'NLHBlue117' 6-max Seat #2 is the button
Seat 1: c0b28e64 ($8.51 in chips)
Seat 2: Hero ($7.68 in chips)
Seat 3: b6163fcf ($5.95 in chips)
Seat 4: 905422a8 ($5 in chips)
Seat 5: a1e69444 ($5.03 in chips)
Seat 6: 7bcbae20 ($5 in chips)
b6163fcf: posts small blind $0.02
905422a8: posts big blind $0.05
*** HOLE CARDS ***
Dealt to c0b28e64 
Dealt to Hero [3h Tc]
Dealt to b6163fcf 
Dealt to 905422a8 
Dealt to a1e69444 
Dealt to 7bcbae20 
a1e69444: raises $0.08 to $0.13
7bcbae20: folds
c0b28e64: folds
Hero: folds
b6163fcf: calls $0.11
905422a8: folds
*** FLOP *** [3c 3d 4h]
b6163fcf: checks
a1e69444: checks
*** TURN *** [3c 3d 4h] [4d]
b6163fcf: bets $0.21
a1e69444: calls $0.21
*** RIVER *** [3c 3d 4h 4d] [As]
b6163fcf: checks
a1e69444: bets $0.73
b6163fcf: calls $0.73
a1e69444: shows [Ad Kh] (Pair of Aces and Pair of Fours)
b6163fcf: shows [2d 2c] (Pair of Fours and Pair of Treys)
*** SHOWDOWN ***
a1e69444 collected $2.04 from pot
*** SUMMARY ***
Total pot $2.19 | Rake $0.1 | Jackpot $0.05 | Bingo $0 | Fortune $0
Board [3c 3d 4h 4d As]
Seat 1: c0b28e64 folded before Flop (didn't bet)
Seat 2: Hero (button) folded before Flop (didn't bet)
Seat 3: b6163fcf (small blind) showed [2d 2c] and lost with Pair of Fours and Pair of Treys
Seat 4: 905422a8 (big blind) folded before Flop
Seat 5: a1e69444 showed [Ad Kh] and won ($2.04) with Pair of Aces and Pair of Fours
Seat 6: 7bcbae20 folded before Flop (didn't bet)


Poker Hand #HD1151776444: Hold'em No Limit  ($0.02/$0.05) - 2023/03/08 20:42:01
Table 'NLHBlue117' 6-max Seat #1 is the button
Seat 1: c0b28e64 ($8.51 in chips)
Seat 2: Hero ($7.14 in chips)
Seat 3: b6163fcf ($6 in chips)
Seat 4: 905422a8 ($5 in chips)
Seat 5: a1e69444 ($5.03 in chips)
Seat 6: 7bcbae20 ($5 in chips)
Hero: posts small blind $0.02
b6163fcf: posts big blind $0.05
*** HOLE CARDS ***
Dealt to c0b28e64 
Dealt to Hero [9c 9d]
Dealt to b6163fcf 
Dealt to 905422a8 
Dealt to a1e69444 
Dealt to 7bcbae20 
905422a8: raises $0.05 to $0.1
a1e69444: folds
7bcbae20: folds
c0b28e64: folds
Hero: raises $0.44 to $0.54
b6163fcf: folds
905422a8: calls $0.44
*** FLOP *** [4h 2d 4d]
Hero: bets $0.38
905422a8: folds
Uncalled bet ($0.38) returned to Hero
*** SHOWDOWN ***
Hero collected $1.08 from pot
*** SUMMARY ***
Total pot $1.13 | Rake $0.05 | Jackpot $0 | Bingo $0 | Fortune $0
Board [4h 2d 4d]
Seat 1: c0b28e64 (button) folded before Flop (didn't bet)
Seat 2: Hero (small blind) won ($1.08)
Seat 3: b6163fcf (big blind) folded before Flop
Seat 4: 905422a8 folded on the Flop
Seat 5: a1e69444 folded before Flop (didn't bet)
Seat 6: 7bcbae20 folded before Flop (didn't bet)


Poker Hand #HD1151776382: Hold'em No Limit  ($0.02/$0.05) - 2023/03/08 20:41:35
Table 'NLHBlue117' 6-max Seat #6 is the button
Seat 1: c0b28e64 ($8.53 in chips)
Seat 2: Hero ($7.03 in chips)
Seat 3: b6163fcf ($6 in chips)
Seat 4: 905422a8 ($5 in chips)
Seat 5: a1e69444 ($5.03 in chips)
Seat 6: 7bcbae20 ($5 in chips)
c0b28e64: posts small blind $0.02
Hero: posts big blind $0.05
*** HOLE CARDS ***
Dealt to c0b28e64 
Dealt to Hero [5c Ac]
Dealt to b6163fcf 
Dealt to 905422a8 
Dealt to a1e69444 
Dealt to 7bcbae20 
b6163fcf: folds
905422a8: folds
a1e69444: folds
7bcbae20: raises $0.05 to $0.1
c0b28e64: folds
Hero: raises $0.36 to $0.46
7bcbae20: folds
Uncalled bet ($0.36) returned to Hero
*** SHOWDOWN ***
Hero collected $0.21 from pot
*** SUMMARY ***
Total pot $0.22 | Rake $0.01 | Jackpot $0 | Bingo $0 | Fortune $0
Seat 1: c0b28e64 (small blind) folded before Flop
Seat 2: Hero (big blind) collected ($0.21)
Seat 3: b6163fcf folded before Flop (didn't bet)
Seat 4: 905422a8 folded before Flop (didn't bet)
Seat 5: a1e69444 folded before Flop (didn't bet)
Seat 6: 7bcbae20 (button) folded before Flop


Poker Hand #HD1151776318: Hold'em No Limit  ($0.02/$0.05) - 2023/03/08 20:41:14
Table 'NLHBlue117' 6-max Seat #5 is the button
Seat 1: c0b28e64 ($8.51 in chips)
Seat 2: Hero ($7.03 in chips)
Seat 3: b6163fcf ($6 in chips)
Seat 4: 905422a8 ($5 in chips)
Seat 5: a1e69444 ($5.03 in chips)
Seat 6: 7bcbae20 ($5.02 in chips)
7bcbae20: posts small blind $0.02
c0b28e64: posts big blind $0.05
*** HOLE CARDS ***
Dealt to c0b28e64 
Dealt to Hero [2d 4s]
Dealt to b6163fcf 
Dealt to 905422a8 
Dealt to a1e69444 
Dealt to 7bcbae20 
Hero: folds
b6163fcf: folds
905422a8: folds
a1e69444: folds
7bcbae20: folds
Uncalled bet ($0.03) returned to c0b28e64
*** SHOWDOWN ***
c0b28e64 collected $0.04 from pot
*** SUMMARY ***
Total pot $0.04 | Rake $0 | Jackpot $0 | Bingo $0 | Fortune $0
Seat 1: c0b28e64 (big blind) collected ($0.04)
Seat 2: Hero folded before Flop (didn't bet)
Seat 3: b6163fcf folded before Flop (didn't bet)
Seat 4: 905422a8 folded before Flop (didn't bet)
Seat 5: a1e69444 (button) folded before Flop (didn't bet)
Seat 6: 7bcbae20 (small blind) folded before Flop


Poker Hand #HD1151776186: Hold'em No Limit  ($0.02/$0.05) - 2023/03/08 20:40:16
Table 'NLHBlue117' 6-max Seat #4 is the button
Seat 1: c0b28e64 ($8.51 in chips)
Seat 2: Hero ($7.03 in chips)
Seat 3: b6163fcf ($5.93 in chips)
Seat 4: 905422a8 ($5 in chips)
Seat 5: a1e69444 ($5.05 in chips)
Seat 6: 7bcbae20 ($5.07 in chips)
a1e69444: posts small blind $0.02
7bcbae20: posts big blind $0.05
*** HOLE CARDS ***
Dealt to c0b28e64 
Dealt to Hero [Qs 2h]
Dealt to b6163fcf 
Dealt to 905422a8 
Dealt to a1e69444 
Dealt to 7bcbae20 
c0b28e64: folds
Hero: folds
b6163fcf: raises $0.05 to $0.1
905422a8: folds
a1e69444: folds
7bcbae20: folds
Uncalled bet ($0.05) returned to b6163fcf
*** SHOWDOWN ***
b6163fcf collected $0.12 from pot
*** SUMMARY ***
Total pot $0.12 | Rake $0 | Jackpot $0 | Bingo $0 | Fortune $0
Seat 1: c0b28e64 folded before Flop (didn't bet)
Seat 2: Hero folded before Flop (didn't bet)
Seat 3: b6163fcf collected ($0.12)
Seat 4: 905422a8 (button) folded before Flop (didn't bet)
Seat 5: a1e69444 (small blind) folded before Flop
Seat 6: 7bcbae20 (big blind) folded before Flop


Poker Hand #HD1151776104: Hold'em No Limit  ($0.02/$0.05) - 2023/03/08 20:39:40
Table 'NLHBlue117' 6-max Seat #3 is the button
Seat 1: c0b28e64 ($8.51 in chips)
Seat 2: Hero ($7.03 in chips)
Seat 3: b6163fcf ($5.93 in chips)
Seat 4: 905422a8 ($5.02 in chips)
Seat 5: a1e69444 ($5.03 in chips)
905422a8: posts small blind $0.02
a1e69444: posts big blind $0.05
*** HOLE CARDS ***
Dealt to c0b28e64 
Dealt to Hero [Jd 6c]
Dealt to b6163fcf 
Dealt to 905422a8 
Dealt to a1e69444 
c0b28e64: folds
Hero: folds
b6163fcf: folds
905422a8: folds
Uncalled bet ($0.03) returned to a1e69444
*** SHOWDOWN ***
a1e69444 collected $0.04 from pot
*** SUMMARY ***
Total pot $0.04 | Rake $0 | Jackpot $0 | Bingo $0 | Fortune $0
Seat 1: c0b28e64 folded before Flop (didn't bet)
Seat 2: Hero folded before Flop (didn't bet)
Seat 3: b6163fcf (button) folded before Flop (didn't bet)
Seat 4: 905422a8 (small blind) folded before Flop
Seat 5: a1e69444 (big blind) collected ($0.04)


Poker Hand #HD1151776067: Hold'em No Limit  ($0.02/$0.05) - 2023/03/08 20:39:24
Table 'NLHBlue117' 6-max Seat #2 is the button
Seat 1: c0b28e64 ($8.51 in chips)
Seat 2: Hero ($7.03 in chips)
Seat 3: b6163fcf ($5.95 in chips)
Seat 4: 905422a8 ($5 in chips)
Seat 5: a1e69444 ($5.03 in chips)
b6163fcf: posts small blind $0.02
905422a8: posts big blind $0.05
*** HOLE CARDS ***
Dealt to c0b28e64 
Dealt to Hero [9c 4h]
Dealt to b6163fcf 
Dealt to 905422a8 
Dealt to a1e69444 
a1e69444: folds
c0b28e64: folds
Hero: folds
b6163fcf: folds
Uncalled bet ($0.03) returned to 905422a8
*** SHOWDOWN ***
905422a8 collected $0.04 from pot
*** SUMMARY ***
Total pot $0.04 | Rake $0 | Jackpot $0 | Bingo $0 | Fortune $0
Seat 1: c0b28e64 folded before Flop (didn't bet)
Seat 2: Hero (button) folded before Flop (didn't bet)
Seat 3: b6163fcf (small blind) folded before Flop
Seat 4: 905422a8 (big blind) collected ($0.04)
Seat 5: a1e69444 folded before Flop (didn't bet)


Poker Hand #HD1151776036: Hold'em No Limit  ($0.02/$0.05) - 2023/03/08 20:39:14
Table 'NLHBlue117' 6-max Seat #1 is the button
Seat 1: c0b28e64 ($8.51 in chips)
Seat 2: Hero ($7.05 in chips)
Seat 3: b6163fcf ($5.93 in chips)
Seat 4: 905422a8 ($5 in chips)
Seat 5: a1e69444 ($5.03 in chips)
Hero: posts small blind $0.02
b6163fcf: posts big blind $0.05
*** HOLE CARDS ***
Dealt to c0b28e64 
Dealt to Hero [5h Jh]
Dealt to b6163fcf 
Dealt to 905422a8 
Dealt to a1e69444 
905422a8: folds
a1e69444: folds
c0b28e64: folds
Hero: folds
Uncalled bet ($0.03) returned to b6163fcf
*** SHOWDOWN ***
b6163fcf collected $0.04 from pot
*** SUMMARY ***
Total pot $0.04 | Rake $0 | Jackpot $0 | Bingo $0 | Fortune $0
Seat 1: c0b28e64 (button) folded before Flop (didn't bet)
Seat 2: Hero (small blind) folded before Flop
Seat 3: b6163fcf (big blind) collected ($0.04)
Seat 4: 905422a8 folded before Flop (didn't bet)
Seat 5: a1e69444 folded before Flop (didn't bet)


Poker Hand #HD1151775909: Hold'em No Limit  ($0.02/$0.05) - 2023/03/08 20:38:21
Table 'NLHBlue117' 6-max Seat #5 is the button
Seat 1: c0b28e64 ($8.53 in chips)
Seat 2: Hero ($6.93 in chips)
Seat 3: b6163fcf ($5.93 in chips)
Seat 4: 905422a8 ($5 in chips)
Seat 5: a1e69444 ($5.03 in chips)
c0b28e64: posts small blind $0.02
Hero: posts big blind $0.05
*** HOLE CARDS ***
Dealt to c0b28e64 
Dealt to Hero [2h As]
Dealt to b6163fcf 
Dealt to 905422a8 
Dealt to a1e69444 
b6163fcf: folds
905422a8: raises $0.06 to $0.11
a1e69444: folds
c0b28e64: folds
Hero: calls $0.06
*** FLOP *** [3s Qs 7h]
Hero: checks
905422a8: checks
*** TURN *** [3s Qs 7h] [5d]
Hero: checks
905422a8: checks
*** RIVER *** [3s Qs 7h 5d] [Qc]
Hero: checks
905422a8: checks
Hero: shows [2h As] (Pair of Queens)
905422a8: shows [Jh Td] (Pair of Queens)
*** SHOWDOWN ***
Hero collected $0.23 from pot
*** SUMMARY ***
Total pot $0.24 | Rake $0.01 | Jackpot $0 | Bingo $0 | Fortune $0
Board [3s Qs 7h 5d Qc]
Seat 1: c0b28e64 (small blind) folded before Flop
Seat 2: Hero (big blind) showed [2h As] and won ($0.23) with Pair of Queens
Seat 3: b6163fcf folded before Flop (didn't bet)
Seat 4: 905422a8 showed [Jh Td] and lost with Pair of Queens
Seat 5: a1e69444 (button) folded before Flop (didn't bet)


Poker Hand #HD1151775767: Hold'em No Limit  ($0.02/$0.05) - 2023/03/08 20:37:29
Table 'NLHBlue117' 6-max Seat #4 is the button
Seat 1: c0b28e64 ($8.63 in chips)
Seat 2: Hero ($6.93 in chips)
Seat 3: b6163fcf ($5.82 in chips)
Seat 4: 905422a8 ($5 in chips)
Seat 5: a1e69444 ($5.05 in chips)
a1e69444: posts small blind $0.02
c0b28e64: posts big blind $0.05
*** HOLE CARDS ***
Dealt to c0b28e64 
Dealt to Hero [5h 3d]
Dealt to b6163fcf 
Dealt to 905422a8 
Dealt to a1e69444 
Hero: folds
b6163fcf: raises $0.05 to $0.1
905422a8: folds
a1e69444: folds
c0b28e64: calls $0.05
*** FLOP *** [6h 8d 8h]
c0b28e64: checks
b6163fcf: checks
*** TURN *** [6h 8d 8h] [Ah]
c0b28e64: checks
b6163fcf: checks
*** RIVER *** [6h 8d 8h Ah] [3s]
c0b28e64: checks
b6163fcf: checks
c0b28e64: shows [Qc 7s] (Pair of Eights)
b6163fcf: shows [Kh Jc] (Pair of Eights)
*** SHOWDOWN ***
b6163fcf collected $0.21 from pot
*** SUMMARY ***
Total pot $0.22 | Rake $0.01 | Jackpot $0 | Bingo $0 | Fortune $0
Board [6h 8d 8h Ah 3s]
Seat 1: c0b28e64 (big blind) showed [Qc 7s] and lost with Pair of Eights
Seat 2: Hero folded before Flop (didn't bet)
Seat 3: b6163fcf showed [Kh Jc] and won ($0.21) with Pair of Eights
Seat 4: 905422a8 (button) folded before Flop (didn't bet)
Seat 5: a1e69444 (small blind) folded before Flop


Poker Hand #HD1151775699: Hold'em No Limit  ($0.02/$0.05) - 2023/03/08 20:37:04
Table 'NLHBlue117' 6-max Seat #3 is the button
Seat 1: c0b28e64 ($8.63 in chips)
Seat 2: Hero ($6.93 in chips)
Seat 3: b6163fcf ($5.75 in chips)
Seat 4: 905422a8 ($5 in chips)
Seat 5: a1e69444 ($5 in chips)
Seat 6: 7bcbae20 ($5.07 in chips)
905422a8: posts small blind $0.02
a1e69444: posts big blind $0.05
*** HOLE CARDS ***
Dealt to c0b28e64 
Dealt to Hero [Tc 9h]
Dealt to b6163fcf 
Dealt to 905422a8 
Dealt to a1e69444 
Dealt to 7bcbae20 
7bcbae20: folds
c0b28e64: folds
Hero: folds
b6163fcf: raises $0.05 to $0.1
905422a8: folds
a1e69444: folds
Uncalled bet ($0.05) returned to b6163fcf
*** SHOWDOWN ***
b6163fcf collected $0.12 from pot
*** SUMMARY ***
Total pot $0.12 | Rake $0 | Jackpot $0 | Bingo $0 | Fortune $0
Seat 1: c0b28e64 folded before Flop (didn't bet)
Seat 2: Hero folded before Flop (didn't bet)
Seat 3: b6163fcf (button) collected ($0.12)
Seat 4: 905422a8 (small blind) folded before Flop
Seat 5: a1e69444 (big blind) folded before Flop
Seat 6: 7bcbae20 folded before Flop (didn't bet)


Poker Hand #HD1151775651: Hold'em No Limit  ($0.02/$0.05) - 2023/03/08 20:36:46
Table 'NLHBlue117' 6-max Seat #2 is the button
Seat 1: c0b28e64 ($8.63 in chips)
Seat 2: Hero ($6.93 in chips)
Seat 3: b6163fcf ($5.77 in chips)
Seat 4: 905422a8 ($5 in chips)
Seat 5: a1e69444 ($5 in chips)
Seat 6: 7bcbae20 ($5 in chips)
b6163fcf: posts small blind $0.02
905422a8: posts big blind $0.05
*** HOLE CARDS ***
Dealt to c0b28e64 
Dealt to Hero [2c 4h]
Dealt to b6163fcf 
Dealt to 905422a8 
Dealt to a1e69444 
Dealt to 7bcbae20 
a1e69444: folds
7bcbae20: raises $0.1 to $0.15
c0b28e64: folds
Hero: folds
b6163fcf: folds
905422a8: folds
Uncalled bet ($0.1) returned to 7bcbae20
*** SHOWDOWN ***
7bcbae20 collected $0.12 from pot
*** SUMMARY ***
Total pot $0.12 | Rake $0 | Jackpot $0 | Bingo $0 | Fortune $0
Seat 1: c0b28e64 folded before Flop (didn't bet)
Seat 2: Hero (button) folded before Flop (didn't bet)
Seat 3: b6163fcf (small blind) folded before Flop
Seat 4: 905422a8 (big blind) folded before Flop
Seat 5: a1e69444 folded before Flop (didn't bet)
Seat 6: 7bcbae20 collected ($0.12)


Poker Hand #HD1151705566: Hold'em No Limit  ($0.02/$0.05) - 2023/03/08 20:36:09
Table 'NLHBlue117' 6-max Seat #1 is the button
Seat 1: c0b28e64 ($8.49 in chips)
Seat 2: Hero ($6.95 in chips)
Seat 3: b6163fcf ($5.9 in chips)
Seat 4: 905422a8 ($5 in chips)
Seat 5: a1e69444 ($5 in chips)
Hero: posts small blind $0.02
b6163fcf: posts big blind $0.05
*** HOLE CARDS ***
Dealt to c0b28e64 
Dealt to Hero [Qc 2s]
Dealt to b6163fcf 
Dealt to 905422a8 
Dealt to a1e69444 
905422a8: folds
a1e69444: folds
c0b28e64: raises $0.08 to $0.13
Hero: folds
b6163fcf: calls $0.08
*** FLOP *** [Th 4d Kc]
b6163fcf: checks
c0b28e64: bets $0.1
b6163fcf: folds
Uncalled bet ($0.1) returned to c0b28e64
*** SHOWDOWN ***
c0b28e64 collected $0.27 from pot
*** SUMMARY ***
Total pot $0.28 | Rake $0.01 | Jackpot $0 | Bingo $0 | Fortune $0
Board [Th 4d Kc]
Seat 1: c0b28e64 (button) won ($0.27)
Seat 2: Hero (small blind) folded before Flop
Seat 3: b6163fcf (big blind) folded on the Flop
Seat 4: 905422a8 folded before Flop (didn't bet)
Seat 5: a1e69444 folded before Flop (didn't bet)


Poker Hand #HD1151705370: Hold'em No Limit  ($0.02/$0.05) - 2023/03/08 20:34:53
Table 'NLHBlue117' 6-max Seat #6 is the button
Seat 1: c0b28e64 ($8.51 in chips)
Seat 2: Hero ($7.05 in chips)
Seat 3: b6163fcf ($5.69 in chips)
Seat 4: 905422a8 ($5 in chips)
Seat 5: a1e69444 ($5 in chips)
Seat 6: 7bcbae20 ($5 in chips)
c0b28e64: posts small blind $0.02
Hero: posts big blind $0.05
*** HOLE CARDS ***
Dealt to c0b28e64 
Dealt to Hero [4s 8s]
Dealt to b6163fcf 
Dealt to 905422a8 
Dealt to a1e69444 
Dealt to 7bcbae20 
b6163fcf: raises $0.05 to $0.1
905422a8: folds
a1e69444: folds
7bcbae20: calls $0.1
c0b28e64: folds
Hero: calls $0.05
*** FLOP *** [Kc 4c 5c]
Hero: checks
b6163fcf: bets $0.21
7bcbae20: folds
Hero: folds
Uncalled bet ($0.21) returned to b6163fcf
*** SHOWDOWN ***
b6163fcf collected $0.31 from pot
*** SUMMARY ***
Total pot $0.32 | Rake $0.01 | Jackpot $0 | Bingo $0 | Fortune $0
Board [Kc 4c 5c]
Seat 1: c0b28e64 (small blind) folded before Flop
Seat 2: Hero (big blind) folded on the Flop
Seat 3: b6163fcf won ($0.31)
Seat 4: 905422a8 folded before Flop (didn't bet)
Seat 5: a1e69444 folded before Flop (didn't bet)
Seat 6: 7bcbae20 (button) folded on the Flop


Poker Hand #HD1151705341: Hold'em No Limit  ($0.02/$0.05) - 2023/03/08 20:34:43
Table 'NLHBlue117' 6-max Seat #5 is the button
Seat 1: c0b28e64 ($8.49 in chips)
Seat 2: Hero ($7.05 in chips)
Seat 3: b6163fcf ($5.69 in chips)
Seat 4: 905422a8 ($5 in chips)
Seat 5: a1e69444 ($5 in chips)
Seat 6: 7bcbae20 ($5.02 in chips)
7bcbae20: posts small blind $0.02
c0b28e64: posts big blind $0.05
*** HOLE CARDS ***
Dealt to c0b28e64 
Dealt to Hero [7s Ks]
Dealt to b6163fcf 
Dealt to 905422a8 
Dealt to a1e69444 
Dealt to 7bcbae20 
Hero: folds
b6163fcf: folds
905422a8: folds
a1e69444: folds
7bcbae20: folds
Uncalled bet ($0.03) returned to c0b28e64
*** SHOWDOWN ***
c0b28e64 collected $0.04 from pot
*** SUMMARY ***
Total pot $0.04 | Rake $0 | Jackpot $0 | Bingo $0 | Fortune $0
Seat 1: c0b28e64 (big blind) collected ($0.04)
Seat 2: Hero folded before Flop (didn't bet)
Seat 3: b6163fcf folded before Flop (didn't bet)
Seat 4: 905422a8 folded before Flop (didn't bet)
Seat 5: a1e69444 (button) folded before Flop (didn't bet)
Seat 6: 7bcbae20 (small blind) folded before Flop


Poker Hand #HD1151705303: Hold'em No Limit  ($0.02/$0.05) - 2023/03/08 20:34:29
Table 'NLHBlue117' 6-max Seat #4 is the button
Seat 1: c0b28e64 ($8.49 in chips)
Seat 2: Hero ($7.05 in chips)
Seat 3: b6163fcf ($5.69 in chips)
Seat 4: 905422a8 ($5 in chips)
Seat 5: a1e69444 ($5 in chips)
Seat 6: 7bcbae20 ($5 in chips)
a1e69444: posts small blind $0.02
7bcbae20: posts big blind $0.05
*** HOLE CARDS ***
Dealt to c0b28e64 
Dealt to Hero [Kh 9s]
Dealt to b6163fcf 
Dealt to 905422a8 
Dealt to a1e69444 
Dealt to 7bcbae20 
c0b28e64: folds
Hero: folds
b6163fcf: folds
905422a8: folds
a1e69444: folds
Uncalled bet ($0.03) returned to 7bcbae20
*** SHOWDOWN ***
7bcbae20 collected $0.04 from pot
*** SUMMARY ***
Total pot $0.04 | Rake $0 | Jackpot $0 | Bingo $0 | Fortune $0
Seat 1: c0b28e64 folded before Flop (didn't bet)
Seat 2: Hero folded before Flop (didn't bet)
Seat 3: b6163fcf folded before Flop (didn't bet)
Seat 4: 905422a8 (button) folded before Flop (didn't bet)
Seat 5: a1e69444 (small blind) folded before Flop
Seat 6: 7bcbae20 (big blind) collected ($0.04)


Poker Hand #HD1151705169: Hold'em No Limit  ($0.02/$0.05) - 2023/03/08 20:33:40
Table 'NLHBlue117' 6-max Seat #3 is the button
Seat 1: c0b28e64 ($8.19 in chips)
Seat 2: Hero ($7.05 in chips)
Seat 3: b6163fcf ($5.94 in chips)
Seat 4: 905422a8 ($5 in chips)
Seat 5: a1e69444 ($5 in chips)
Seat 6: 7bcbae20 ($5 in chips)
905422a8: posts small blind $0.02
a1e69444: posts big blind $0.05
*** HOLE CARDS ***
Dealt to c0b28e64 
Dealt to Hero [7h 4c]
Dealt to b6163fcf 
Dealt to 905422a8 
Dealt to a1e69444 
Dealt to 7bcbae20 
7bcbae20: folds
c0b28e64: raises $0.08 to $0.13
Hero: folds
b6163fcf: calls $0.13
905422a8: folds
a1e69444: folds
*** FLOP *** [Tc 9c 2s]
c0b28e64: bets $0.12
b6163fcf: calls $0.12
*** TURN *** [Tc 9c 2s] [5d]
c0b28e64: bets $0.44
b6163fcf: folds
Uncalled bet ($0.44) returned to c0b28e64
*** SHOWDOWN ***
c0b28e64 collected $0.55 from pot
*** SUMMARY ***
Total pot $0.57 | Rake $0.02 | Jackpot $0 | Bingo $0 | Fortune $0
Board [Tc 9c 2s 5d]
Seat 1: c0b28e64 won ($0.55)
Seat 2: Hero folded before Flop (didn't bet)
Seat 3: b6163fcf (button) folded on the Turn
Seat 4: 905422a8 (small blind) folded before Flop
Seat 5: a1e69444 (big blind) folded before Flop
Seat 6: 7bcbae20 folded before Flop (didn't bet)


Poker Hand #HD1151705125: Hold'em No Limit  ($0.02/$0.05) - 2023/03/08 20:33:22
Table 'NLHBlue117' 6-max Seat #2 is the button
Seat 1: c0b28e64 ($8.19 in chips)
Seat 2: Hero ($7.05 in chips)
Seat 3: b6163fcf ($5.89 in chips)
Seat 4: 905422a8 ($5 in chips)
Seat 5: a1e69444 ($5 in chips)
Seat 6: 7bcbae20 ($5 in chips)
b6163fcf: posts small blind $0.02
905422a8: posts big blind $0.05
*** HOLE CARDS ***
Dealt to c0b28e64 
Dealt to Hero [2h Ad]
Dealt to b6163fcf 
Dealt to 905422a8 
Dealt to a1e69444 
Dealt to 7bcbae20 
a1e69444: folds
7bcbae20: folds
c0b28e64: folds
Hero: folds
b6163fcf: raises $0.05 to $0.1
905422a8: folds
Uncalled bet ($0.05) returned to b6163fcf
*** SHOWDOWN ***
b6163fcf collected $0.1 from pot
*** SUMMARY ***
Total pot $0.1 | Rake $0 | Jackpot $0 | Bingo $0 | Fortune $0
Seat 1: c0b28e64 folded before Flop (didn't bet)
Seat 2: Hero (button) folded before Flop (didn't bet)
Seat 3: b6163fcf (small blind) collected ($0.1)
Seat 4: 905422a8 (big blind) folded before Flop
Seat 5: a1e69444 folded before Flop (didn't bet)
Seat 6: 7bcbae20 folded before Flop (didn't bet)


Poker Hand #HD1151705032: Hold'em No Limit  ($0.02/$0.05) - 2023/03/08 20:32:48
Table 'NLHBlue117' 6-max Seat #1 is the button
Seat 1: c0b28e64 ($8.05 in chips)
Seat 2: Hero ($7.07 in chips)
Seat 3: b6163fcf ($6.02 in chips)
Seat 4: 905422a8 ($5 in chips)
Seat 5: a1e69444 ($5 in chips)
Seat 6: 7bcbae20 ($5 in chips)
Hero: posts small blind $0.02
b6163fcf: posts big blind $0.05
*** HOLE CARDS ***
Dealt to c0b28e64 
Dealt to Hero [Th Js]
Dealt to b6163fcf 
Dealt to 905422a8 
Dealt to a1e69444 
Dealt to 7bcbae20 
905422a8: folds
a1e69444: folds
7bcbae20: folds
c0b28e64: raises $0.08 to $0.13
Hero: folds
b6163fcf: calls $0.08
*** FLOP *** [Ac 5h 5d]
b6163fcf: checks
c0b28e64: bets $0.1
b6163fcf: folds
Uncalled bet ($0.1) returned to c0b28e64
*** SHOWDOWN ***
c0b28e64 collected $0.27 from pot
*** SUMMARY ***
Total pot $0.28 | Rake $0.01 | Jackpot $0 | Bingo $0 | Fortune $0
Board [Ac 5h 5d]
Seat 1: c0b28e64 (button) won ($0.27)
Seat 2: Hero (small blind) folded before Flop
Seat 3: b6163fcf (big blind) folded on the Flop
Seat 4: 905422a8 folded before Flop (didn't bet)
Seat 5: a1e69444 folded before Flop (didn't bet)
Seat 6: 7bcbae20 folded before Flop (didn't bet)


Poker Hand #HD1151704969: Hold'em No Limit  ($0.02/$0.05) - 2023/03/08 20:32:23
Table 'NLHBlue117' 6-max Seat #6 is the button
Seat 1: c0b28e64 ($8.07 in chips)
Seat 2: Hero ($7.12 in chips)
Seat 3: b6163fcf ($5.95 in chips)
Seat 4: 905422a8 ($5 in chips)
Seat 5: a1e69444 ($5 in chips)
Seat 6: 7bcbae20 ($5 in chips)
c0b28e64: posts small blind $0.02
Hero: posts big blind $0.05
*** HOLE CARDS ***
Dealt to c0b28e64 
Dealt to Hero [2c 5h]
Dealt to b6163fcf 
Dealt to 905422a8 
Dealt to a1e69444 
Dealt to 7bcbae20 
b6163fcf: raises $0.05 to $0.1
905422a8: folds
a1e69444: folds
7bcbae20: folds
c0b28e64: folds
Hero: folds
Uncalled bet ($0.05) returned to b6163fcf
*** SHOWDOWN ***
b6163fcf collected $0.12 from pot
*** SUMMARY ***
Total pot $0.12 | Rake $0 | Jackpot $0 | Bingo $0 | Fortune $0
Seat 1: c0b28e64 (small blind) folded before Flop
Seat 2: Hero (big blind) folded before Flop
Seat 3: b6163fcf collected ($0.12)
Seat 4: 905422a8 folded before Flop (didn't bet)
Seat 5: a1e69444 folded before Flop (didn't bet)
Seat 6: 7bcbae20 (button) folded before Flop (didn't bet)


Poker Hand #HD1151704924: Hold'em No Limit  ($0.02/$0.05) - 2023/03/08 20:32:05
Table 'NLHBlue117' 6-max Seat #5 is the button
Seat 1: c0b28e64 ($8.12 in chips)
Seat 2: Hero ($7.12 in chips)
Seat 3: b6163fcf ($5.88 in chips)
Seat 4: 905422a8 ($5 in chips)
Seat 5: a1e69444 ($5 in chips)
Seat 6: 7bcbae20 ($5 in chips)
7bcbae20: posts small blind $0.02
c0b28e64: posts big blind $0.05
*** HOLE CARDS ***
Dealt to c0b28e64 
Dealt to Hero [5h 9s]
Dealt to b6163fcf 
Dealt to 905422a8 
Dealt to a1e69444 
Dealt to 7bcbae20 
Hero: folds
b6163fcf: raises $0.05 to $0.1
905422a8: folds
a1e69444: folds
7bcbae20: folds
c0b28e64: folds
Uncalled bet ($0.05) returned to b6163fcf
*** SHOWDOWN ***
b6163fcf collected $0.12 from pot
*** SUMMARY ***
Total pot $0.12 | Rake $0 | Jackpot $0 | Bingo $0 | Fortune $0
Seat 1: c0b28e64 (big blind) folded before Flop
Seat 2: Hero folded before Flop (didn't bet)
Seat 3: b6163fcf collected ($0.12)
Seat 4: 905422a8 folded before Flop (didn't bet)
Seat 5: a1e69444 (button) folded before Flop (didn't bet)
Seat 6: 7bcbae20 (small blind) folded before Flop


Poker Hand #HD1151704798: Hold'em No Limit  ($0.02/$0.05) - 2023/03/08 20:31:16
Table 'NLHBlue117' 6-max Seat #4 is the button
Seat 1: c0b28e64 ($8.12 in chips)
Seat 2: Hero ($6.74 in chips)
Seat 3: b6163fcf ($5.88 in chips)
Seat 4: 905422a8 ($5 in chips)
Seat 5: a1e69444 ($5 in chips)
Seat 6: 7bcbae20 ($5.16 in chips)
a1e69444: posts small blind $0.02
7bcbae20: posts big blind $0.05
*** HOLE CARDS ***
Dealt to c0b28e64 
Dealt to Hero [Kc Js]
Dealt to b6163fcf 
Dealt to 905422a8 
Dealt to a1e69444 
Dealt to 7bcbae20 
c0b28e64: folds
Hero: raises $0.07 to $0.12
b6163fcf: folds
905422a8: folds
a1e69444: folds
7bcbae20: calls $0.07
*** FLOP *** [Ks 8d Qd]
7bcbae20: bets $0.13
Hero: calls $0.13
*** TURN *** [Ks 8d Qd] [Tc]
7bcbae20: bets $0.15
Hero: calls $0.15
*** RIVER *** [Ks 8d Qd Tc] [4d]
7bcbae20: checks
Hero: checks
7bcbae20: shows [Ts Ah] (Pair of Tens)
Hero: shows [Kc Js] (Pair of Kings)
*** SHOWDOWN ***
Hero collected $0.78 from pot
*** SUMMARY ***
Total pot $0.82 | Rake $0.04 | Jackpot $0 | Bingo $0 | Fortune $0
Board [Ks 8d Qd Tc 4d]
Seat 1: c0b28e64 folded before Flop (didn't bet)
Seat 2: Hero showed [Kc Js] and won ($0.78) with Pair of Kings
Seat 3: b6163fcf folded before Flop (didn't bet)
Seat 4: 905422a8 (button) folded before Flop (didn't bet)
Seat 5: a1e69444 (small blind) folded before Flop
Seat 6: 7bcbae20 (big blind) showed [Ts Ah] and lost with Pair of Tens


Poker Hand #HD1151704677: Hold'em No Limit  ($0.02/$0.05) - 2023/03/08 20:30:28
Table 'NLHBlue117' 6-max Seat #3 is the button
Seat 1: c0b28e64 ($8.12 in chips)
Seat 2: Hero ($6.61 in chips)
Seat 3: b6163fcf ($5.88 in chips)
Seat 4: 905422a8 ($5 in chips)
Seat 5: a1e69444 ($5 in chips)
Seat 6: 7bcbae20 ($5.16 in chips)
905422a8: posts small blind $0.02
a1e69444: posts big blind $0.05
*** HOLE CARDS ***
Dealt to c0b28e64 
Dealt to Hero [8h 8s]
Dealt to b6163fcf 
Dealt to 905422a8 
Dealt to a1e69444 
Dealt to 7bcbae20 
7bcbae20: folds
c0b28e64: folds
Hero: raises $0.07 to $0.12
b6163fcf: folds
905422a8: folds
a1e69444: calls $0.07
*** FLOP *** [Kc 9c 6c]
a1e69444: checks
Hero: checks
*** TURN *** [Kc 9c 6c] [4s]
a1e69444: checks
Hero: bets $0.09
a1e69444: folds
Uncalled bet ($0.09) returned to Hero
*** SHOWDOWN ***
Hero collected $0.25 from pot
*** SUMMARY ***
Total pot $0.26 | Rake $0.01 | Jackpot $0 | Bingo $0 | Fortune $0
Board [Kc 9c 6c 4s]
Seat 1: c0b28e64 folded before Flop (didn't bet)
Seat 2: Hero won ($0.25)
Seat 3: b6163fcf (button) folded before Flop (didn't bet)
Seat 4: 905422a8 (small blind) folded before Flop
Seat 5: a1e69444 (big blind) folded on the Turn
Seat 6: 7bcbae20 folded before Flop (didn't bet)


Poker Hand #HD1151704563: Hold'em No Limit  ($0.02/$0.05) - 2023/03/08 20:29:45
Table 'NLHBlue117' 6-max Seat #2 is the button
Seat 1: c0b28e64 ($8.12 in chips)
Seat 2: Hero ($6.48 in chips)
Seat 3: b6163fcf ($5.9 in chips)
Seat 4: 905422a8 ($5 in chips)
Seat 6: 7bcbae20 ($5.16 in chips)
b6163fcf: posts small blind $0.02
905422a8: posts big blind $0.05
*** HOLE CARDS ***
Dealt to c0b28e64 
Dealt to Hero [Ad 4d]
Dealt to b6163fcf 
Dealt to 905422a8 
Dealt to 7bcbae20 
7bcbae20: folds
c0b28e64: folds
Hero: raises $0.07 to $0.12
b6163fcf: folds
905422a8: calls $0.07
*** FLOP *** [3c 6d 5d]
905422a8: checks
Hero: bets $0.13
905422a8: folds
Uncalled bet ($0.13) returned to Hero
*** SHOWDOWN ***
Hero collected $0.25 from pot
*** SUMMARY ***
Total pot $0.26 | Rake $0.01 | Jackpot $0 | Bingo $0 | Fortune $0
Board [3c 6d 5d]
Seat 1: c0b28e64 folded before Flop (didn't bet)
Seat 2: Hero (button) won ($0.25)
Seat 3: b6163fcf (small blind) folded before Flop
Seat 4: 905422a8 (big blind) folded on the Flop
Seat 6: 7bcbae20 folded before Flop (didn't bet)


Poker Hand #HD1151704470: Hold'em No Limit  ($0.02/$0.05) - 2023/03/08 20:29:12
Table 'NLHBlue117' 6-max Seat #1 is the button
Seat 1: c0b28e64 ($8.12 in chips)
Seat 2: Hero ($6.5 in chips)
Seat 3: b6163fcf ($6.05 in chips)
Seat 4: 905422a8 ($5 in chips)
Seat 6: 7bcbae20 ($5 in chips)
Hero: posts small blind $0.02
b6163fcf: posts big blind $0.05
*** HOLE CARDS ***
Dealt to c0b28e64 
Dealt to Hero [3s Th]
Dealt to b6163fcf 
Dealt to 905422a8 
Dealt to 7bcbae20 
905422a8: folds
7bcbae20: raises $0.1 to $0.15
c0b28e64: folds
Hero: folds
b6163fcf: calls $0.1
*** FLOP *** [Qd 4d Kc]
b6163fcf: checks
7bcbae20: checks
*** TURN *** [Qd 4d Kc] [4c]
b6163fcf: checks
7bcbae20: checks
*** RIVER *** [Qd 4d Kc 4c] [Jh]
b6163fcf: checks
7bcbae20: checks
b6163fcf: shows [Ah 7d] (Pair of Fours)
7bcbae20: shows [6s 6d] (Pair of Sixes and Pair of Fours)
*** SHOWDOWN ***
7bcbae20 collected $0.31 from pot
*** SUMMARY ***
Total pot $0.32 | Rake $0.01 | Jackpot $0 | Bingo $0 | Fortune $0
Board [Qd 4d Kc 4c Jh]
Seat 1: c0b28e64 (button) folded before Flop (didn't bet)
Seat 2: Hero (small blind) folded before Flop
Seat 3: b6163fcf (big blind) showed [Ah 7d] and lost with Pair of Fours
Seat 4: 905422a8 folded before Flop (didn't bet)
Seat 6: 7bcbae20 showed [6s 6d] and won ($0.31) with Pair of Sixes and Pair of Fours


Poker Hand #HD1151704310: Hold'em No Limit  ($0.02/$0.05) - 2023/03/08 20:28:16
Table 'NLHBlue117' 6-max Seat #6 is the button
Seat 1: c0b28e64 ($8.14 in chips)
Seat 2: Hero ($5 in chips)
Seat 3: b6163fcf ($6.05 in chips)
Seat 4: 905422a8 ($5 in chips)
Seat 6: 7bcbae20 ($6.39 in chips)
c0b28e64: posts small blind $0.02
Hero: posts big blind $0.05
*** HOLE CARDS ***
Dealt to c0b28e64 
Dealt to Hero [6c Jc]
Dealt to b6163fcf 
Dealt to 905422a8 
Dealt to 7bcbae20 
b6163fcf: folds
905422a8: folds
7bcbae20: raises $0.05 to $0.1
c0b28e64: folds
Hero: calls $0.05
*** FLOP *** [3h Kc 9c]
Hero: checks
7bcbae20: bets $0.11
Hero: calls $0.11
*** TURN *** [3h Kc 9c] [4c]
Hero: checks
7bcbae20: bets $0.22
Hero: raises $0.4 to $0.62
7bcbae20: calls $0.4
*** RIVER *** [3h Kc 9c 4c] [Ah]
Hero: bets $0.86
7bcbae20: calls $0.86
Hero: shows [6c Jc] (King High Flush)
7bcbae20: shows [3s Ac] (Pair of Aces and Pair of Treys)
*** SHOWDOWN ***
Hero collected $3.19 from pot
*** SUMMARY ***
Total pot $3.4 | Rake $0.16 | Jackpot $0.05 | Bingo $0 | Fortune $0
Board [3h Kc 9c 4c Ah]
Seat 1: c0b28e64 (small blind) folded before Flop
Seat 2: Hero (big blind) showed [6c Jc] and won ($3.19) with King High Flush
Seat 3: b6163fcf folded before Flop (didn't bet)
Seat 4: 905422a8 folded before Flop (didn't bet)
Seat 6: 7bcbae20 (button) showed [3s Ac] and lost with Pair of Aces and Pair of Treys


