Poker Hand #HD1146227586: Hold'em No Limit  ($0.02/$0.05) - 2023/03/04 22:54:54
Table 'NLHBlue7' 6-max Seat #5 is the button
Seat 1: 334056a2 ($5 in chips)
Seat 2: Hero ($5.29 in chips)
Seat 3: 6821c1bd ($6.83 in chips)
Seat 4: 202ba330 ($17.29 in chips)
Seat 5: 252fb8d7 ($5.05 in chips)
Seat 6: cc1c9b3 ($5 in chips)
cc1c9b3: posts small blind $0.02
334056a2: posts big blind $0.05
*** HOLE CARDS ***
Dealt to 334056a2 
Dealt to Hero [4c Ks]
Dealt to 6821c1bd 
Dealt to 202ba330 
Dealt to 252fb8d7 
Dealt to cc1c9b3 
Hero: folds
6821c1bd: raises $0.1 to $0.15
202ba330: folds
252fb8d7: folds
cc1c9b3: folds
334056a2: folds
Uncalled bet ($0.1) returned to 6821c1bd
*** SHOWDOWN ***
6821c1bd collected $0.12 from pot
*** SUMMARY ***
Total pot $0.12 | Rake $0 | Jackpot $0 | Bingo $0 | Fortune $0
Seat 1: 334056a2 (big blind) folded before Flop
Seat 2: Hero folded before Flop (didn't bet)
Seat 3: 6821c1bd collected ($0.12)
Seat 4: 202ba330 folded before Flop (didn't bet)
Seat 5: 252fb8d7 (button) folded before Flop (didn't bet)
Seat 6: cc1c9b3 (small blind) folded before Flop


Poker Hand #HD1146227542: Hold'em No Limit  ($0.02/$0.05) - 2023/03/04 22:54:33
Table 'NLHBlue7' 6-max Seat #4 is the button
Seat 1: 334056a2 ($5 in chips)
Seat 2: Hero ($5.29 in chips)
Seat 3: 6821c1bd ($6.83 in chips)
Seat 4: 202ba330 ($17.29 in chips)
Seat 5: 252fb8d7 ($5 in chips)
Seat 6: cc1c9b3 ($5 in chips)
252fb8d7: posts small blind $0.02
cc1c9b3: posts big blind $0.05
*** HOLE CARDS ***
Dealt to 334056a2 
Dealt to Hero [2h 9h]
Dealt to 6821c1bd 
Dealt to 202ba330 
Dealt to 252fb8d7 
Dealt to cc1c9b3 
334056a2: folds
Hero: folds
6821c1bd: folds
202ba330: folds
252fb8d7: raises $0.1 to $0.15
cc1c9b3: folds
Uncalled bet ($0.1) returned to 252fb8d7
*** SHOWDOWN ***
252fb8d7 collected $0.1 from pot
*** SUMMARY ***
Total pot $0.1 | Rake $0 | Jackpot $0 | Bingo $0 | Fortune $0
Seat 1: 334056a2 folded before Flop (didn't bet)
Seat 2: Hero folded before Flop (didn't bet)
Seat 3: 6821c1bd folded before Flop (didn't bet)
Seat 4: 202ba330 (button) folded before Flop (didn't bet)
Seat 5: 252fb8d7 (small blind) collected ($0.1)
Seat 6: cc1c9b3 (big blind) folded before Flop


Poker Hand #HD1146227467: Hold'em No Limit  ($0.02/$0.05) - 2023/03/04 22:53:45
Table 'NLHBlue7' 6-max Seat #3 is the button
Seat 1: 334056a2 ($5 in chips)
Seat 2: Hero ($5 in chips)
Seat 3: 6821c1bd ($6.83 in chips)
Seat 4: 202ba330 ($17.56 in chips)
Seat 5: 252fb8d7 ($5 in chips)
202ba330: posts small blind $0.02
252fb8d7: posts big blind $0.05
*** HOLE CARDS ***
Dealt to 334056a2 
Dealt to Hero [Qs Ks]
Dealt to 6821c1bd 
Dealt to 202ba330 
Dealt to 252fb8d7 
334056a2: folds
Hero: raises $0.07 to $0.12
6821c1bd: folds
202ba330: calls $0.1
252fb8d7: folds
*** FLOP *** [4d 9d Qc]
202ba330: checks
Hero: bets $0.15
202ba330: calls $0.15
*** TURN *** [4d 9d Qc] [Jh]
202ba330: checks
Hero: bets $0.45
202ba330: folds
Uncalled bet ($0.45) returned to Hero
*** SHOWDOWN ***
Hero collected $0.56 from pot
*** SUMMARY ***
Total pot $0.59 | Rake $0.03 | Jackpot $0 | Bingo $0 | Fortune $0
Board [4d 9d Qc Jh]
Seat 1: 334056a2 folded before Flop (didn't bet)
Seat 2: Hero won ($0.56)
Seat 3: 6821c1bd (button) folded before Flop (didn't bet)
Seat 4: 202ba330 (small blind) folded on the Turn
Seat 5: 252fb8d7 (big blind) folded before Flop


Poker Hand #HD1146227245: Hold'em No Limit  ($0.02/$0.05) - 2023/03/04 22:51:45
Table 'NLHBlue7' 6-max Seat #2 is the button
Seat 1: 334056a2 ($5 in chips)
Seat 2: Hero ($5 in chips)
Seat 3: 6821c1bd ($7.83 in chips)
Seat 4: 202ba330 ($16.7 in chips)
Seat 5: 252fb8d7 ($5 in chips)
6821c1bd: posts small blind $0.02
202ba330: posts big blind $0.05
*** HOLE CARDS ***
Dealt to 334056a2 
Dealt to Hero [Kc 8d]
Dealt to 6821c1bd 
Dealt to 202ba330 
Dealt to 252fb8d7 
252fb8d7: folds
334056a2: folds
Hero: folds
6821c1bd: raises $0.1 to $0.15
202ba330: raises $0.25 to $0.4
6821c1bd: calls $0.25
*** FLOP *** [6d 2h Ts]
6821c1bd: checks
202ba330: bets $0.6
6821c1bd: calls $0.6
*** TURN *** [6d 2h Ts] [6h]
6821c1bd: checks
202ba330: bets $1.45
6821c1bd: folds
Uncalled bet ($1.45) returned to 202ba330
*** SHOWDOWN ***
202ba330 collected $1.86 from pot
*** SUMMARY ***
Total pot $2 | Rake $0.09 | Jackpot $0.05 | Bingo $0 | Fortune $0
Board [6d 2h Ts 6h]
Seat 1: 334056a2 folded before Flop (didn't bet)
Seat 2: Hero (button) folded before Flop (didn't bet)
Seat 3: 6821c1bd (small blind) folded on the Turn
Seat 4: 202ba330 (big blind) won ($1.86)
Seat 5: 252fb8d7 folded before Flop (didn't bet)


Poker Hand #HD1146227163: Hold'em No Limit  ($0.02/$0.05) - 2023/03/04 22:51:02
Table 'NLHBlue7' 6-max Seat #1 is the button
Seat 1: 334056a2 ($5.18 in chips)
Seat 2: Hero ($5 in chips)
Seat 3: 6821c1bd ($7.88 in chips)
Seat 4: 202ba330 ($16.22 in chips)
Seat 5: 252fb8d7 ($5 in chips)
Hero: posts small blind $0.02
6821c1bd: posts big blind $0.05
*** HOLE CARDS ***
Dealt to 334056a2 
Dealt to Hero [4h 6d]
Dealt to 6821c1bd 
Dealt to 202ba330 
Dealt to 252fb8d7 
202ba330: raises $0.05 to $0.1
252fb8d7: folds
334056a2: calls $0.1
Hero: folds
6821c1bd: folds
*** FLOP *** [Kc 7s As]
202ba330: bets $0.15
334056a2: calls $0.15
*** TURN *** [Kc 7s As] [4d]
202ba330: checks
334056a2: bets $0.2
202ba330: calls $0.2
*** RIVER *** [Kc 7s As 4d] [Jd]
202ba330: checks
334056a2: checks
202ba330: shows [Ac 2c] (Pair of Aces)
334056a2: shows [2d Kd] (Pair of Kings)
*** SHOWDOWN ***
202ba330 collected $0.93 from pot
*** SUMMARY ***
Total pot $0.97 | Rake $0.04 | Jackpot $0 | Bingo $0 | Fortune $0
Board [Kc 7s As 4d Jd]
Seat 1: 334056a2 (button) showed [2d Kd] and lost with Pair of Kings
Seat 2: Hero (small blind) folded before Flop
Seat 3: 6821c1bd (big blind) folded before Flop
Seat 4: 202ba330 showed [Ac 2c] and won ($0.93) with Pair of Aces
Seat 5: 252fb8d7 folded before Flop (didn't bet)


Poker Hand #HD1146227140: Hold'em No Limit  ($0.02/$0.05) - 2023/03/04 22:50:50
Table 'NLHBlue7' 6-max Seat #5 is the button
Seat 1: 334056a2 ($5.2 in chips)
Seat 2: Hero ($5 in chips)
Seat 3: 6821c1bd ($7.88 in chips)
Seat 4: 202ba330 ($16.15 in chips)
Seat 5: 252fb8d7 ($5 in chips)
334056a2: posts small blind $0.02
Hero: posts big blind $0.05
*** HOLE CARDS ***
Dealt to 334056a2 
Dealt to Hero [5d 6s]
Dealt to 6821c1bd 
Dealt to 202ba330 
Dealt to 252fb8d7 
6821c1bd: folds
202ba330: raises $0.05 to $0.1
252fb8d7: folds
334056a2: folds
Hero: folds
Uncalled bet ($0.05) returned to 202ba330
*** SHOWDOWN ***
202ba330 collected $0.12 from pot
*** SUMMARY ***
Total pot $0.12 | Rake $0 | Jackpot $0 | Bingo $0 | Fortune $0
Seat 1: 334056a2 (small blind) folded before Flop
Seat 2: Hero (big blind) folded before Flop
Seat 3: 6821c1bd folded before Flop (didn't bet)
Seat 4: 202ba330 collected ($0.12)
Seat 5: 252fb8d7 (button) folded before Flop (didn't bet)


Poker Hand #HD1146227112: Hold'em No Limit  ($0.02/$0.05) - 2023/03/04 22:50:31
Table 'NLHBlue7' 6-max Seat #4 is the button
Seat 1: 334056a2 ($5.25 in chips)
Seat 2: Hero ($5 in chips)
Seat 3: 6821c1bd ($7.88 in chips)
Seat 4: 202ba330 ($16.08 in chips)
Seat 5: 252fb8d7 ($5 in chips)
252fb8d7: posts small blind $0.02
334056a2: posts big blind $0.05
*** HOLE CARDS ***
Dealt to 334056a2 
Dealt to Hero [Kh Tc]
Dealt to 6821c1bd 
Dealt to 202ba330 
Dealt to 252fb8d7 
Hero: folds
6821c1bd: folds
202ba330: raises $0.1 to $0.15
252fb8d7: folds
334056a2: folds
Uncalled bet ($0.1) returned to 202ba330
*** SHOWDOWN ***
202ba330 collected $0.12 from pot
*** SUMMARY ***
Total pot $0.12 | Rake $0 | Jackpot $0 | Bingo $0 | Fortune $0
Seat 1: 334056a2 (big blind) folded before Flop
Seat 2: Hero folded before Flop (didn't bet)
Seat 3: 6821c1bd folded before Flop (didn't bet)
Seat 4: 202ba330 (button) collected ($0.12)
Seat 5: 252fb8d7 (small blind) folded before Flop


Poker Hand #HD1146227045: Hold'em No Limit  ($0.02/$0.05) - 2023/03/04 22:49:51
Table 'NLHBlue7' 6-max Seat #3 is the button
Seat 1: 334056a2 ($5.45 in chips)
Seat 2: Hero ($5 in chips)
Seat 3: 6821c1bd ($7.88 in chips)
Seat 4: 202ba330 ($15.85 in chips)
Seat 5: 252fb8d7 ($5 in chips)
Seat 6: 507b57a7 ($6.89 in chips)
202ba330: posts small blind $0.02
252fb8d7: posts big blind $0.05
*** HOLE CARDS ***
Dealt to 334056a2 
Dealt to Hero [Qc 5c]
Dealt to 6821c1bd 
Dealt to 202ba330 
Dealt to 252fb8d7 
Dealt to 507b57a7 
507b57a7: folds
334056a2: raises $0.05 to $0.1
Hero: folds
6821c1bd: folds
202ba330: raises $0.1 to $0.2
252fb8d7: folds
334056a2: calls $0.1
*** FLOP *** [8d 9s 5h]
202ba330: bets $0.25
334056a2: folds
Uncalled bet ($0.25) returned to 202ba330
*** SHOWDOWN ***
202ba330 collected $0.43 from pot
*** SUMMARY ***
Total pot $0.45 | Rake $0.02 | Jackpot $0 | Bingo $0 | Fortune $0
Board [8d 9s 5h]
Seat 1: 334056a2 folded on the Flop
Seat 2: Hero folded before Flop (didn't bet)
Seat 3: 6821c1bd (button) folded before Flop (didn't bet)
Seat 4: 202ba330 (small blind) won ($0.43)
Seat 5: 252fb8d7 (big blind) folded before Flop
Seat 6: 507b57a7 folded before Flop (didn't bet)


Poker Hand #HD1146226953: Hold'em No Limit  ($0.02/$0.05) - 2023/03/04 22:49:01
Table 'NLHBlue7' 6-max Seat #2 is the button
Seat 1: 334056a2 ($5.45 in chips)
Seat 2: Hero ($5 in chips)
Seat 3: 6821c1bd ($7.13 in chips)
Seat 4: 202ba330 ($15.9 in chips)
Seat 5: 252fb8d7 ($5 in chips)
Seat 6: 507b57a7 ($7.74 in chips)
6821c1bd: posts small blind $0.02
202ba330: posts big blind $0.05
*** HOLE CARDS ***
Dealt to 334056a2 
Dealt to Hero [9c 8s]
Dealt to 6821c1bd 
Dealt to 202ba330 
Dealt to 252fb8d7 
Dealt to 507b57a7 
252fb8d7: folds
507b57a7: raises $0.1 to $0.15
334056a2: folds
Hero: folds
6821c1bd: raises $0.35 to $0.5
202ba330: folds
507b57a7: calls $0.35
*** FLOP *** [4h 8c 9s]
6821c1bd: bets $0.35
507b57a7: calls $0.35
*** TURN *** [4h 8c 9s] [Qd]
6821c1bd: bets $1.16
507b57a7: folds
Uncalled bet ($1.16) returned to 6821c1bd
*** SHOWDOWN ***
6821c1bd collected $1.6 from pot
*** SUMMARY ***
Total pot $1.75 | Rake $0.1 | Jackpot $0.05 | Bingo $0 | Fortune $0
Board [4h 8c 9s Qd]
Seat 1: 334056a2 folded before Flop (didn't bet)
Seat 2: Hero (button) folded before Flop (didn't bet)
Seat 3: 6821c1bd (small blind) won ($1.6)
Seat 4: 202ba330 (big blind) folded before Flop
Seat 5: 252fb8d7 folded before Flop (didn't bet)
Seat 6: 507b57a7 folded on the Turn


Poker Hand #HD1146226926: Hold'em No Limit  ($0.02/$0.05) - 2023/03/04 22:48:44
Table 'NLHBlue7' 6-max Seat #1 is the button
Seat 1: 334056a2 ($5.45 in chips)
Seat 2: Hero ($5 in chips)
Seat 3: 6821c1bd ($7.11 in chips)
Seat 4: 202ba330 ($15.9 in chips)
Seat 5: 252fb8d7 ($5 in chips)
Seat 6: 507b57a7 ($7.74 in chips)
Hero: posts small blind $0.02
6821c1bd: posts big blind $0.05
*** HOLE CARDS ***
Dealt to 334056a2 
Dealt to Hero [Ts 2d]
Dealt to 6821c1bd 
Dealt to 202ba330 
Dealt to 252fb8d7 
Dealt to 507b57a7 
202ba330: folds
252fb8d7: folds
507b57a7: folds
334056a2: folds
Hero: folds
Uncalled bet ($0.03) returned to 6821c1bd
*** SHOWDOWN ***
6821c1bd collected $0.04 from pot
*** SUMMARY ***
Total pot $0.04 | Rake $0 | Jackpot $0 | Bingo $0 | Fortune $0
Seat 1: 334056a2 (button) folded before Flop (didn't bet)
Seat 2: Hero (small blind) folded before Flop
Seat 3: 6821c1bd (big blind) collected ($0.04)
Seat 4: 202ba330 folded before Flop (didn't bet)
Seat 5: 252fb8d7 folded before Flop (didn't bet)
Seat 6: 507b57a7 folded before Flop (didn't bet)


Poker Hand #HD1146226878: Hold'em No Limit  ($0.02/$0.05) - 2023/03/04 22:48:09
Table 'NLHBlue7' 6-max Seat #6 is the button
Seat 1: 334056a2 ($5.47 in chips)
Seat 2: Hero ($5 in chips)
Seat 3: 6821c1bd ($7.11 in chips)
Seat 4: 202ba330 ($15.9 in chips)
Seat 5: 252fb8d7 ($5 in chips)
Seat 6: 507b57a7 ($7.61 in chips)
334056a2: posts small blind $0.02
Hero: posts big blind $0.05
*** HOLE CARDS ***
Dealt to 334056a2 
Dealt to Hero [8h 4h]
Dealt to 6821c1bd 
Dealt to 202ba330 
Dealt to 252fb8d7 
Dealt to 507b57a7 
6821c1bd: folds
202ba330: folds
252fb8d7: folds
507b57a7: raises $0.07 to $0.12
334056a2: folds
Hero: calls $0.07
*** FLOP *** [Tc Qd Td]
Hero: checks
507b57a7: bets $0.18
Hero: folds
Uncalled bet ($0.18) returned to 507b57a7
*** SHOWDOWN ***
507b57a7 collected $0.25 from pot
*** SUMMARY ***
Total pot $0.26 | Rake $0.01 | Jackpot $0 | Bingo $0 | Fortune $0
Board [Tc Qd Td]
Seat 1: 334056a2 (small blind) folded before Flop
Seat 2: Hero (big blind) folded on the Flop
Seat 3: 6821c1bd folded before Flop (didn't bet)
Seat 4: 202ba330 folded before Flop (didn't bet)
Seat 5: 252fb8d7 folded before Flop (didn't bet)
Seat 6: 507b57a7 (button) won ($0.25)


Poker Hand #HD1146226819: Hold'em No Limit  ($0.02/$0.05) - 2023/03/04 22:47:35
Table 'NLHBlue7' 6-max Seat #5 is the button
Seat 1: 334056a2 ($5.52 in chips)
Seat 2: Hero ($5 in chips)
Seat 3: 6821c1bd ($7.11 in chips)
Seat 4: 202ba330 ($15.9 in chips)
Seat 5: 252fb8d7 ($5.07 in chips)
Seat 6: 507b57a7 ($7.42 in chips)
507b57a7: posts small blind $0.02
334056a2: posts big blind $0.05
*** HOLE CARDS ***
Dealt to 334056a2 
Dealt to Hero [3h Th]
Dealt to 6821c1bd 
Dealt to 202ba330 
Dealt to 252fb8d7 
Dealt to 507b57a7 
Hero: folds
6821c1bd: folds
202ba330: folds
252fb8d7: raises $0.1 to $0.15
507b57a7: raises $0.39 to $0.54
334056a2: folds
252fb8d7: folds
Uncalled bet ($0.39) returned to 507b57a7
*** SHOWDOWN ***
507b57a7 collected $0.34 from pot
*** SUMMARY ***
Total pot $0.35 | Rake $0.01 | Jackpot $0 | Bingo $0 | Fortune $0
Seat 1: 334056a2 (big blind) folded before Flop
Seat 2: Hero folded before Flop (didn't bet)
Seat 3: 6821c1bd folded before Flop (didn't bet)
Seat 4: 202ba330 folded before Flop (didn't bet)
Seat 5: 252fb8d7 (button) folded before Flop
Seat 6: 507b57a7 (small blind) collected ($0.34)


Poker Hand #HD1146226781: Hold'em No Limit  ($0.02/$0.05) - 2023/03/04 22:47:09
Table 'NLHBlue7' 6-max Seat #4 is the button
Seat 1: 334056a2 ($5.62 in chips)
Seat 2: Hero ($5 in chips)
Seat 3: 6821c1bd ($6.95 in chips)
Seat 4: 202ba330 ($15.9 in chips)
Seat 5: 252fb8d7 ($5.09 in chips)
Seat 6: 507b57a7 ($7.47 in chips)
252fb8d7: posts small blind $0.02
507b57a7: posts big blind $0.05
*** HOLE CARDS ***
Dealt to 334056a2 
Dealt to Hero [6h 5c]
Dealt to 6821c1bd 
Dealt to 202ba330 
Dealt to 252fb8d7 
Dealt to 507b57a7 
334056a2: raises $0.05 to $0.1
Hero: folds
6821c1bd: raises $0.3 to $0.4
202ba330: folds
252fb8d7: folds
507b57a7: folds
334056a2: folds
Uncalled bet ($0.3) returned to 6821c1bd
*** SHOWDOWN ***
6821c1bd collected $0.26 from pot
*** SUMMARY ***
Total pot $0.27 | Rake $0.01 | Jackpot $0 | Bingo $0 | Fortune $0
Seat 1: 334056a2 folded before Flop
Seat 2: Hero folded before Flop (didn't bet)
Seat 3: 6821c1bd collected ($0.26)
Seat 4: 202ba330 (button) folded before Flop (didn't bet)
Seat 5: 252fb8d7 (small blind) folded before Flop
Seat 6: 507b57a7 (big blind) folded before Flop


Poker Hand #HD1146226756: Hold'em No Limit  ($0.02/$0.05) - 2023/03/04 22:46:52
Table 'NLHBlue7' 6-max Seat #3 is the button
Seat 1: 334056a2 ($5.55 in chips)
Seat 2: Hero ($5 in chips)
Seat 3: 6821c1bd ($6.95 in chips)
Seat 4: 202ba330 ($15.92 in chips)
Seat 5: 252fb8d7 ($5.14 in chips)
Seat 6: 507b57a7 ($7.47 in chips)
202ba330: posts small blind $0.02
252fb8d7: posts big blind $0.05
*** HOLE CARDS ***
Dealt to 334056a2 
Dealt to Hero [3s 5h]
Dealt to 6821c1bd 
Dealt to 202ba330 
Dealt to 252fb8d7 
Dealt to 507b57a7 
507b57a7: folds
334056a2: raises $0.05 to $0.1
Hero: folds
6821c1bd: folds
202ba330: folds
252fb8d7: folds
Uncalled bet ($0.05) returned to 334056a2
*** SHOWDOWN ***
334056a2 collected $0.12 from pot
*** SUMMARY ***
Total pot $0.12 | Rake $0 | Jackpot $0 | Bingo $0 | Fortune $0
Seat 1: 334056a2 collected ($0.12)
Seat 2: Hero folded before Flop (didn't bet)
Seat 3: 6821c1bd (button) folded before Flop (didn't bet)
Seat 4: 202ba330 (small blind) folded before Flop
Seat 5: 252fb8d7 (big blind) folded before Flop
Seat 6: 507b57a7 folded before Flop (didn't bet)


Poker Hand #HD1146226704: Hold'em No Limit  ($0.02/$0.05) - 2023/03/04 22:46:23
Table 'NLHBlue7' 6-max Seat #2 is the button
Seat 1: 334056a2 ($5.55 in chips)
Seat 2: Hero ($5 in chips)
Seat 3: 6821c1bd ($6.77 in chips)
Seat 4: 202ba330 ($15.97 in chips)
Seat 5: 252fb8d7 ($5.14 in chips)
Seat 6: 507b57a7 ($7.62 in chips)
6821c1bd: posts small blind $0.02
202ba330: posts big blind $0.05
*** HOLE CARDS ***
Dealt to 334056a2 
Dealt to Hero [5s 2d]
Dealt to 6821c1bd 
Dealt to 202ba330 
Dealt to 252fb8d7 
Dealt to 507b57a7 
252fb8d7: folds
507b57a7: raises $0.1 to $0.15
334056a2: folds
Hero: folds
6821c1bd: raises $0.35 to $0.5
202ba330: folds
507b57a7: folds
Uncalled bet ($0.35) returned to 6821c1bd
*** SHOWDOWN ***
6821c1bd collected $0.33 from pot
*** SUMMARY ***
Total pot $0.35 | Rake $0.02 | Jackpot $0 | Bingo $0 | Fortune $0
Seat 1: 334056a2 folded before Flop (didn't bet)
Seat 2: Hero (button) folded before Flop (didn't bet)
Seat 3: 6821c1bd (small blind) collected ($0.33)
Seat 4: 202ba330 (big blind) folded before Flop
Seat 5: 252fb8d7 folded before Flop (didn't bet)
Seat 6: 507b57a7 folded before Flop


Poker Hand #HD1146226677: Hold'em No Limit  ($0.02/$0.05) - 2023/03/04 22:46:07
Table 'NLHBlue7' 6-max Seat #1 is the button
Seat 1: 334056a2 ($5.55 in chips)
Seat 2: Hero ($5 in chips)
Seat 3: 6821c1bd ($6.82 in chips)
Seat 4: 202ba330 ($15.97 in chips)
Seat 5: 252fb8d7 ($5.14 in chips)
Seat 6: 507b57a7 ($7.55 in chips)
Hero: posts small blind $0.02
6821c1bd: posts big blind $0.05
*** HOLE CARDS ***
Dealt to 334056a2 
Dealt to Hero [4s 5d]
Dealt to 6821c1bd 
Dealt to 202ba330 
Dealt to 252fb8d7 
Dealt to 507b57a7 
202ba330: folds
252fb8d7: folds
507b57a7: raises $0.07 to $0.12
334056a2: folds
Hero: folds
6821c1bd: folds
Uncalled bet ($0.07) returned to 507b57a7
*** SHOWDOWN ***
507b57a7 collected $0.12 from pot
*** SUMMARY ***
Total pot $0.12 | Rake $0 | Jackpot $0 | Bingo $0 | Fortune $0
Seat 1: 334056a2 (button) folded before Flop (didn't bet)
Seat 2: Hero (small blind) folded before Flop
Seat 3: 6821c1bd (big blind) folded before Flop
Seat 4: 202ba330 folded before Flop (didn't bet)
Seat 5: 252fb8d7 folded before Flop (didn't bet)
Seat 6: 507b57a7 collected ($0.12)


Poker Hand #HD1146226610: Hold'em No Limit  ($0.02/$0.05) - 2023/03/04 22:45:27
Table 'NLHBlue7' 6-max Seat #6 is the button
Seat 1: 334056a2 ($5.14 in chips)
Seat 2: Hero ($5 in chips)
Seat 3: 6821c1bd ($6.82 in chips)
Seat 4: 202ba330 ($16.37 in chips)
Seat 5: 252fb8d7 ($5.14 in chips)
Seat 6: 507b57a7 ($7.55 in chips)
334056a2: posts small blind $0.02
Hero: posts big blind $0.05
*** HOLE CARDS ***
Dealt to 334056a2 
Dealt to Hero [8d 4s]
Dealt to 6821c1bd 
Dealt to 202ba330 
Dealt to 252fb8d7 
Dealt to 507b57a7 
6821c1bd: folds
202ba330: raises $0.05 to $0.1
252fb8d7: folds
507b57a7: folds
334056a2: calls $0.08
Hero: folds
*** FLOP *** [As 6c 8c]
334056a2: bets $0.1
202ba330: raises $0.2 to $0.3
334056a2: calls $0.2
*** TURN *** [As 6c 8c] [Qc]
334056a2: bets $0.64
202ba330: folds
Uncalled bet ($0.64) returned to 334056a2
*** SHOWDOWN ***
334056a2 collected $0.81 from pot
*** SUMMARY ***
Total pot $0.85 | Rake $0.04 | Jackpot $0 | Bingo $0 | Fortune $0
Board [As 6c 8c Qc]
Seat 1: 334056a2 (small blind) won ($0.81)
Seat 2: Hero (big blind) folded before Flop
Seat 3: 6821c1bd folded before Flop (didn't bet)
Seat 4: 202ba330 folded on the Turn
Seat 5: 252fb8d7 folded before Flop (didn't bet)
Seat 6: 507b57a7 (button) folded before Flop (didn't bet)


Poker Hand #HD1146226534: Hold'em No Limit  ($0.02/$0.05) - 2023/03/04 22:44:42
Table 'NLHBlue7' 6-max Seat #5 is the button
Seat 1: 334056a2 ($5 in chips)
Seat 2: Hero ($5 in chips)
Seat 3: 6821c1bd ($6.82 in chips)
Seat 4: 202ba330 ($16.37 in chips)
Seat 5: 252fb8d7 ($5.14 in chips)
Seat 6: 507b57a7 ($7.7 in chips)
507b57a7: posts small blind $0.02
334056a2: posts big blind $0.05
*** HOLE CARDS ***
Dealt to 334056a2 
Dealt to Hero [Jd 2c]
Dealt to 6821c1bd 
Dealt to 202ba330 
Dealt to 252fb8d7 
Dealt to 507b57a7 
Hero: folds
6821c1bd: folds
202ba330: folds
252fb8d7: folds
507b57a7: raises $0.1 to $0.15
334056a2: calls $0.1
*** FLOP *** [2d 4h 9h]
507b57a7: checks
334056a2: bets $0.16
507b57a7: folds
Uncalled bet ($0.16) returned to 334056a2
*** SHOWDOWN ***
334056a2 collected $0.29 from pot
*** SUMMARY ***
Total pot $0.3 | Rake $0.01 | Jackpot $0 | Bingo $0 | Fortune $0
Board [2d 4h 9h]
Seat 1: 334056a2 (big blind) won ($0.29)
Seat 2: Hero folded before Flop (didn't bet)
Seat 3: 6821c1bd folded before Flop (didn't bet)
Seat 4: 202ba330 folded before Flop (didn't bet)
Seat 5: 252fb8d7 (button) folded before Flop (didn't bet)
Seat 6: 507b57a7 (small blind) folded on the Flop


Poker Hand #HD1146226507: Hold'em No Limit  ($0.02/$0.05) - 2023/03/04 22:44:26
Table 'NLHBlue7' 6-max Seat #4 is the button
Seat 1: 334056a2 ($5 in chips)
Seat 2: Hero ($5 in chips)
Seat 3: 6821c1bd ($6.75 in chips)
Seat 4: 202ba330 ($16.37 in chips)
Seat 5: 252fb8d7 ($5.16 in chips)
Seat 6: 507b57a7 ($7.75 in chips)
252fb8d7: posts small blind $0.02
507b57a7: posts big blind $0.05
*** HOLE CARDS ***
Dealt to 334056a2 
Dealt to Hero [Jc 9h]
Dealt to 6821c1bd 
Dealt to 202ba330 
Dealt to 252fb8d7 
Dealt to 507b57a7 
334056a2: folds
Hero: folds
6821c1bd: raises $0.1 to $0.15
202ba330: folds
252fb8d7: folds
507b57a7: folds
Uncalled bet ($0.1) returned to 6821c1bd
*** SHOWDOWN ***
6821c1bd collected $0.12 from pot
*** SUMMARY ***
Total pot $0.12 | Rake $0 | Jackpot $0 | Bingo $0 | Fortune $0
Seat 1: 334056a2 folded before Flop (didn't bet)
Seat 2: Hero folded before Flop (didn't bet)
Seat 3: 6821c1bd collected ($0.12)
Seat 4: 202ba330 (button) folded before Flop (didn't bet)
Seat 5: 252fb8d7 (small blind) folded before Flop
Seat 6: 507b57a7 (big blind) folded before Flop


Poker Hand #HD1146226437: Hold'em No Limit  ($0.02/$0.05) - 2023/03/04 22:43:39
Table 'NLHBlue7' 6-max Seat #3 is the button
Seat 1: 334056a2 ($5 in chips)
Seat 2: Hero ($5 in chips)
Seat 3: 6821c1bd ($7.09 in chips)
Seat 4: 202ba330 ($16.01 in chips)
Seat 5: 252fb8d7 ($5.21 in chips)
Seat 6: 507b57a7 ($7.75 in chips)
202ba330: posts small blind $0.02
252fb8d7: posts big blind $0.05
*** HOLE CARDS ***
Dealt to 334056a2 
Dealt to Hero [7d 2d]
Dealt to 6821c1bd 
Dealt to 202ba330 
Dealt to 252fb8d7 
Dealt to 507b57a7 
507b57a7: folds
334056a2: folds
Hero: folds
6821c1bd: raises $0.08 to $0.13
202ba330: calls $0.11
252fb8d7: folds
*** FLOP *** [Ts 3s 2h]
202ba330: checks
6821c1bd: bets $0.21
202ba330: calls $0.21
*** TURN *** [Ts 3s 2h] [Kc]
202ba330: checks
6821c1bd: checks
*** RIVER *** [Ts 3s 2h Kc] [Ad]
202ba330: bets $0.5
6821c1bd: folds
Uncalled bet ($0.5) returned to 202ba330
*** SHOWDOWN ***
202ba330 collected $0.7 from pot
*** SUMMARY ***
Total pot $0.73 | Rake $0.03 | Jackpot $0 | Bingo $0 | Fortune $0
Board [Ts 3s 2h Kc Ad]
Seat 1: 334056a2 folded before Flop (didn't bet)
Seat 2: Hero folded before Flop (didn't bet)
Seat 3: 6821c1bd (button) folded on the River
Seat 4: 202ba330 (small blind) won ($0.7)
Seat 5: 252fb8d7 (big blind) folded before Flop
Seat 6: 507b57a7 folded before Flop (didn't bet)


Poker Hand #HD1146226385: Hold'em No Limit  ($0.02/$0.05) - 2023/03/04 22:43:11
Table 'NLHBlue7' 6-max Seat #2 is the button
Seat 1: 334056a2 ($5 in chips)
Seat 2: Hero ($5 in chips)
Seat 3: 6821c1bd ($7.11 in chips)
Seat 4: 202ba330 ($16.06 in chips)
Seat 5: 252fb8d7 ($5 in chips)
Seat 6: 507b57a7 ($7.75 in chips)
6821c1bd: posts small blind $0.02
202ba330: posts big blind $0.05
*** HOLE CARDS ***
Dealt to 334056a2 
Dealt to Hero [6h 2c]
Dealt to 6821c1bd 
Dealt to 202ba330 
Dealt to 252fb8d7 
Dealt to 507b57a7 
252fb8d7: raises $0.1 to $0.15
507b57a7: folds
334056a2: calls $0.15
Hero: folds
6821c1bd: folds
202ba330: folds
*** FLOP *** [2s 5c Jh]
252fb8d7: checks
334056a2: checks
*** TURN *** [2s 5c Jh] [8s]
252fb8d7: bets $0.24
334056a2: folds
Uncalled bet ($0.24) returned to 252fb8d7
*** SHOWDOWN ***
252fb8d7 collected $0.36 from pot
*** SUMMARY ***
Total pot $0.37 | Rake $0.01 | Jackpot $0 | Bingo $0 | Fortune $0
Board [2s 5c Jh 8s]
Seat 1: 334056a2 folded on the Turn
Seat 2: Hero (button) folded before Flop (didn't bet)
Seat 3: 6821c1bd (small blind) folded before Flop
Seat 4: 202ba330 (big blind) folded before Flop
Seat 5: 252fb8d7 won ($0.36)
Seat 6: 507b57a7 folded before Flop (didn't bet)


Poker Hand #HD1146226279: Hold'em No Limit  ($0.02/$0.05) - 2023/03/04 22:42:16
Table 'NLHBlue7' 6-max Seat #1 is the button
Seat 1: 334056a2 ($5 in chips)
Seat 2: Hero ($5.09 in chips)
Seat 3: 6821c1bd ($7.16 in chips)
Seat 4: 202ba330 ($15.75 in chips)
Seat 5: 252fb8d7 ($5 in chips)
Seat 6: 507b57a7 ($7.75 in chips)
Hero: posts small blind $0.02
6821c1bd: posts big blind $0.05
*** HOLE CARDS ***
Dealt to 334056a2 
Dealt to Hero [As 5s]
Dealt to 6821c1bd 
Dealt to 202ba330 
Dealt to 252fb8d7 
Dealt to 507b57a7 
202ba330: raises $0.05 to $0.1
252fb8d7: folds
507b57a7: folds
334056a2: folds
Hero: raises $0.19 to $0.29
6821c1bd: folds
202ba330: calls $0.19
*** FLOP *** [7h Tc 4d]
Hero: checks
202ba330: checks
*** TURN *** [7h Tc 4d] [2s]
Hero: checks
202ba330: bets $0.35
Hero: folds
Uncalled bet ($0.35) returned to 202ba330
*** SHOWDOWN ***
202ba330 collected $0.6 from pot
*** SUMMARY ***
Total pot $0.63 | Rake $0.03 | Jackpot $0 | Bingo $0 | Fortune $0
Board [7h Tc 4d 2s]
Seat 1: 334056a2 (button) folded before Flop (didn't bet)
Seat 2: Hero (small blind) folded on the Turn
Seat 3: 6821c1bd (big blind) folded before Flop
Seat 4: 202ba330 won ($0.6)
Seat 5: 252fb8d7 folded before Flop (didn't bet)
Seat 6: 507b57a7 folded before Flop (didn't bet)


Poker Hand #HD1146226248: Hold'em No Limit  ($0.02/$0.05) - 2023/03/04 22:41:53
Table 'NLHBlue7' 6-max Seat #6 is the button
Seat 1: 334056a2 ($5 in chips)
Seat 2: Hero ($5.07 in chips)
Seat 3: 6821c1bd ($7.16 in chips)
Seat 4: 202ba330 ($15.75 in chips)
Seat 5: 252fb8d7 ($5 in chips)
Seat 6: 507b57a7 ($7.75 in chips)
334056a2: posts small blind $0.02
Hero: posts big blind $0.05
*** HOLE CARDS ***
Dealt to 334056a2 
Dealt to Hero [2s Ks]
Dealt to 6821c1bd 
Dealt to 202ba330 
Dealt to 252fb8d7 
Dealt to 507b57a7 
6821c1bd: folds
202ba330: folds
252fb8d7: folds
507b57a7: folds
334056a2: folds
Uncalled bet ($0.03) returned to Hero
*** SHOWDOWN ***
Hero collected $0.04 from pot
*** SUMMARY ***
Total pot $0.04 | Rake $0 | Jackpot $0 | Bingo $0 | Fortune $0
Seat 1: 334056a2 (small blind) folded before Flop
Seat 2: Hero (big blind) collected ($0.04)
Seat 3: 6821c1bd folded before Flop (didn't bet)
Seat 4: 202ba330 folded before Flop (didn't bet)
Seat 5: 252fb8d7 folded before Flop (didn't bet)
Seat 6: 507b57a7 (button) folded before Flop (didn't bet)


Poker Hand #HD1146226202: Hold'em No Limit  ($0.02/$0.05) - 2023/03/04 22:41:26
Table 'NLHBlue7' 6-max Seat #5 is the button
Seat 1: 334056a2 ($5 in chips)
Seat 2: Hero ($5 in chips)
Seat 3: 6821c1bd ($7.16 in chips)
Seat 4: 202ba330 ($15.75 in chips)
Seat 5: 252fb8d7 ($5 in chips)
Seat 6: 507b57a7 ($7.77 in chips)
507b57a7: posts small blind $0.02
334056a2: posts big blind $0.05
*** HOLE CARDS ***
Dealt to 334056a2 
Dealt to Hero [2s 2d]
Dealt to 6821c1bd 
Dealt to 202ba330 
Dealt to 252fb8d7 
Dealt to 507b57a7 
Hero: raises $0.07 to $0.12
6821c1bd: folds
202ba330: folds
252fb8d7: folds
507b57a7: folds
334056a2: folds
Uncalled bet ($0.07) returned to Hero
*** SHOWDOWN ***
Hero collected $0.12 from pot
*** SUMMARY ***
Total pot $0.12 | Rake $0 | Jackpot $0 | Bingo $0 | Fortune $0
Seat 1: 334056a2 (big blind) folded before Flop
Seat 2: Hero collected ($0.12)
Seat 3: 6821c1bd folded before Flop (didn't bet)
Seat 4: 202ba330 folded before Flop (didn't bet)
Seat 5: 252fb8d7 (button) folded before Flop (didn't bet)
Seat 6: 507b57a7 (small blind) folded before Flop


Poker Hand #HD1146226169: Hold'em No Limit  ($0.02/$0.05) - 2023/03/04 22:41:11
Table 'NLHBlue7' 6-max Seat #4 is the button
Seat 1: 334056a2 ($5 in chips)
Seat 2: Hero ($5 in chips)
Seat 3: 6821c1bd ($7.16 in chips)
Seat 4: 202ba330 ($15.75 in chips)
Seat 5: 252fb8d7 ($5 in chips)
Seat 6: 507b57a7 ($7.75 in chips)
252fb8d7: posts small blind $0.02
507b57a7: posts big blind $0.05
*** HOLE CARDS ***
Dealt to 334056a2 
Dealt to Hero [4c Td]
Dealt to 6821c1bd 
Dealt to 202ba330 
Dealt to 252fb8d7 
Dealt to 507b57a7 
334056a2: folds
Hero: folds
6821c1bd: folds
202ba330: folds
252fb8d7: folds
Uncalled bet ($0.03) returned to 507b57a7
*** SHOWDOWN ***
507b57a7 collected $0.04 from pot
*** SUMMARY ***
Total pot $0.04 | Rake $0 | Jackpot $0 | Bingo $0 | Fortune $0
Seat 1: 334056a2 folded before Flop (didn't bet)
Seat 2: Hero folded before Flop (didn't bet)
Seat 3: 6821c1bd folded before Flop (didn't bet)
Seat 4: 202ba330 (button) folded before Flop (didn't bet)
Seat 5: 252fb8d7 (small blind) folded before Flop
Seat 6: 507b57a7 (big blind) collected ($0.04)


Poker Hand #HD1146226135: Hold'em No Limit  ($0.02/$0.05) - 2023/03/04 22:40:55
Table 'NLHBlue7' 6-max Seat #3 is the button
Seat 1: 334056a2 ($5 in chips)
Seat 2: Hero ($5 in chips)
Seat 3: 6821c1bd ($7.09 in chips)
Seat 4: 202ba330 ($15.77 in chips)
Seat 5: 252fb8d7 ($5 in chips)
Seat 6: 507b57a7 ($7.75 in chips)
202ba330: posts small blind $0.02
252fb8d7: posts big blind $0.05
*** HOLE CARDS ***
Dealt to 334056a2 
Dealt to Hero [Jd 3s]
Dealt to 6821c1bd 
Dealt to 202ba330 
Dealt to 252fb8d7 
Dealt to 507b57a7 
507b57a7: folds
334056a2: folds
Hero: folds
6821c1bd: raises $0.08 to $0.13
202ba330: folds
252fb8d7: folds
Uncalled bet ($0.08) returned to 6821c1bd
*** SHOWDOWN ***
6821c1bd collected $0.12 from pot
*** SUMMARY ***
Total pot $0.12 | Rake $0 | Jackpot $0 | Bingo $0 | Fortune $0
Seat 1: 334056a2 folded before Flop (didn't bet)
Seat 2: Hero folded before Flop (didn't bet)
Seat 3: 6821c1bd (button) collected ($0.12)
Seat 4: 202ba330 (small blind) folded before Flop
Seat 5: 252fb8d7 (big blind) folded before Flop
Seat 6: 507b57a7 folded before Flop (didn't bet)


Poker Hand #HD1146226094: Hold'em No Limit  ($0.02/$0.05) - 2023/03/04 22:40:32
Table 'NLHBlue7' 6-max Seat #2 is the button
Seat 1: 334056a2 ($5.07 in chips)
Seat 2: Hero ($5.03 in chips)
Seat 3: 6821c1bd ($7.11 in chips)
Seat 4: 202ba330 ($15.56 in chips)
Seat 6: 507b57a7 ($7.75 in chips)
6821c1bd: posts small blind $0.02
202ba330: posts big blind $0.05
*** HOLE CARDS ***
Dealt to 334056a2 
Dealt to Hero [5h 4h]
Dealt to 6821c1bd 
Dealt to 202ba330 
Dealt to 507b57a7 
507b57a7: folds
334056a2: raises $0.05 to $0.1
Hero: calls $0.1
6821c1bd: folds
202ba330: raises $0.3 to $0.4
334056a2: folds
Hero: folds
Uncalled bet ($0.3) returned to 202ba330
*** SHOWDOWN ***
202ba330 collected $0.31 from pot
*** SUMMARY ***
Total pot $0.32 | Rake $0.01 | Jackpot $0 | Bingo $0 | Fortune $0
Seat 1: 334056a2 folded before Flop
Seat 2: Hero (button) folded before Flop
Seat 3: 6821c1bd (small blind) folded before Flop
Seat 4: 202ba330 (big blind) collected ($0.31)
Seat 6: 507b57a7 folded before Flop (didn't bet)


Poker Hand #HD1146225986: Hold'em No Limit  ($0.02/$0.05) - 2023/03/04 22:39:31
Table 'NLHBlue7' 6-max Seat #1 is the button
Seat 1: 334056a2 ($5.07 in chips)
Seat 2: Hero ($5.05 in chips)
Seat 3: 6821c1bd ($9.08 in chips)
Seat 4: 202ba330 ($15.56 in chips)
Seat 6: 507b57a7 ($6 in chips)
Hero: posts small blind $0.02
6821c1bd: posts big blind $0.05
*** HOLE CARDS ***
Dealt to 334056a2 
Dealt to Hero [4d 2s]
Dealt to 6821c1bd 
Dealt to 202ba330 
Dealt to 507b57a7 
202ba330: folds
507b57a7: raises $0.07 to $0.12
334056a2: folds
Hero: folds
6821c1bd: raises $0.38 to $0.5
507b57a7: calls $0.38
*** FLOP *** [Ts Jh Qd]
6821c1bd: bets $0.34
507b57a7: calls $0.34
*** TURN *** [Ts Jh Qd] [4c]
6821c1bd: bets $1.13
507b57a7: calls $1.13
*** RIVER *** [Ts Jh Qd 4c] [8h]
6821c1bd: checks
507b57a7: checks
6821c1bd: shows [Kd Js] (Pair of Jacks)
507b57a7: shows [Qh Jc] (Pair of Queens and Pair of Jacks)
*** SHOWDOWN ***
507b57a7 collected $3.72 from pot
*** SUMMARY ***
Total pot $3.96 | Rake $0.19 | Jackpot $0.05 | Bingo $0 | Fortune $0
Board [Ts Jh Qd 4c 8h]
Seat 1: 334056a2 (button) folded before Flop (didn't bet)
Seat 2: Hero (small blind) folded before Flop
Seat 3: 6821c1bd (big blind) showed [Kd Js] and lost with Pair of Jacks
Seat 4: 202ba330 folded before Flop (didn't bet)
Seat 6: 507b57a7 showed [Qh Jc] and won ($3.72) with Pair of Queens and Pair of Jacks


Poker Hand #HD1146225946: Hold'em No Limit  ($0.02/$0.05) - 2023/03/04 22:39:10
Table 'NLHBlue7' 6-max Seat #6 is the button
Seat 1: 334056a2 ($5.02 in chips)
Seat 2: Hero ($5 in chips)
Seat 3: 6821c1bd ($9.08 in chips)
Seat 4: 202ba330 ($15.56 in chips)
Seat 6: 507b57a7 ($6 in chips)
334056a2: posts small blind $0.02
Hero: posts big blind $0.05
*** HOLE CARDS ***
Dealt to 334056a2 
Dealt to Hero [7h Td]
Dealt to 6821c1bd 
Dealt to 202ba330 
Dealt to 507b57a7 
6821c1bd: folds
202ba330: folds
507b57a7: folds
334056a2: raises $0.05 to $0.1
Hero: folds
Uncalled bet ($0.05) returned to 334056a2
*** SHOWDOWN ***
334056a2 collected $0.1 from pot
*** SUMMARY ***
Total pot $0.1 | Rake $0 | Jackpot $0 | Bingo $0 | Fortune $0
Seat 1: 334056a2 (small blind) collected ($0.1)
Seat 2: Hero (big blind) folded before Flop
Seat 3: 6821c1bd folded before Flop (didn't bet)
Seat 4: 202ba330 folded before Flop (didn't bet)
Seat 6: 507b57a7 (button) folded before Flop (didn't bet)


Poker Hand #HD1146225920: Hold'em No Limit  ($0.02/$0.05) - 2023/03/04 22:38:55
Table 'NLHBlue7' 6-max Seat #4 is the button
Seat 1: 334056a2 ($5 in chips)
Seat 2: Hero ($5 in chips)
Seat 3: 6821c1bd ($9.08 in chips)
Seat 4: 202ba330 ($15.56 in chips)
Seat 6: 507b57a7 ($6.02 in chips)
507b57a7: posts small blind $0.02
334056a2: posts big blind $0.05
*** HOLE CARDS ***
Dealt to 334056a2 
Dealt to Hero [8c 6h]
Dealt to 6821c1bd 
Dealt to 202ba330 
Dealt to 507b57a7 
Hero: folds
6821c1bd: folds
202ba330: folds
507b57a7: folds
Uncalled bet ($0.03) returned to 334056a2
*** SHOWDOWN ***
334056a2 collected $0.04 from pot
*** SUMMARY ***
Total pot $0.04 | Rake $0 | Jackpot $0 | Bingo $0 | Fortune $0
Seat 1: 334056a2 (big blind) collected ($0.04)
Seat 2: Hero folded before Flop (didn't bet)
Seat 3: 6821c1bd folded before Flop (didn't bet)
Seat 4: 202ba330 (button) folded before Flop (didn't bet)
Seat 6: 507b57a7 (small blind) folded before Flop


Poker Hand #HD1146225865: Hold'em No Limit  ($0.02/$0.05) - 2023/03/04 22:38:19
Table 'NLHBlue7' 6-max Seat #3 is the button
Seat 1: 334056a2 ($5 in chips)
Seat 2: Hero ($5 in chips)
Seat 3: 6821c1bd ($9.08 in chips)
Seat 4: 202ba330 ($15.47 in chips)
Seat 6: 507b57a7 ($6.12 in chips)
202ba330: posts small blind $0.02
507b57a7: posts big blind $0.05
*** HOLE CARDS ***
Dealt to 334056a2 
Dealt to Hero [6s 4d]
Dealt to 6821c1bd 
Dealt to 202ba330 
Dealt to 507b57a7 
334056a2: folds
Hero: folds
6821c1bd: folds
202ba330: raises $0.05 to $0.1
507b57a7: calls $0.05
*** FLOP *** [Th 2h 5s]
202ba330: bets $0.15
507b57a7: folds
Uncalled bet ($0.15) returned to 202ba330
*** SHOWDOWN ***
202ba330 collected $0.19 from pot
*** SUMMARY ***
Total pot $0.2 | Rake $0.01 | Jackpot $0 | Bingo $0 | Fortune $0
Board [Th 2h 5s]
Seat 1: 334056a2 folded before Flop (didn't bet)
Seat 2: Hero folded before Flop (didn't bet)
Seat 3: 6821c1bd (button) folded before Flop (didn't bet)
Seat 4: 202ba330 (small blind) won ($0.19)
Seat 6: 507b57a7 (big blind) folded on the Flop


Poker Hand #HD1146225763: Hold'em No Limit  ($0.02/$0.05) - 2023/03/04 22:37:14
Table 'NLHBlue7' 6-max Seat #2 is the button
Seat 1: 334056a2 ($5 in chips)
Seat 2: Hero ($5 in chips)
Seat 3: 6821c1bd ($5.1 in chips)
Seat 4: 202ba330 ($15.52 in chips)
Seat 5: 13f99bd6 ($4.52 in chips)
Seat 6: 507b57a7 ($6.12 in chips)
6821c1bd: posts small blind $0.02
202ba330: posts big blind $0.05
*** HOLE CARDS ***
Dealt to 334056a2 
Dealt to Hero [9d Ts]
Dealt to 6821c1bd 
Dealt to 202ba330 
Dealt to 13f99bd6 
Dealt to 507b57a7 
13f99bd6: raises $0.2 to $0.25
507b57a7: folds
334056a2: folds
Hero: folds
6821c1bd: raises $0.5 to $0.75
202ba330: folds
13f99bd6: raises $3.77 to $4.52 and is all-in
6821c1bd: calls $3.77
13f99bd6: shows [Jc Jh]
6821c1bd: shows [Kh Kc]
*** FLOP *** [Qc 5h 4d]
*** TURN *** [Qc 5h 4d] [8d]
*** RIVER *** [Qc 5h 4d 8d] [7d]
*** SHOWDOWN ***
6821c1bd collected $8.5 from pot
*** SUMMARY ***
Total pot $9.09 | Rake $0.54 | Jackpot $0.05 | Bingo $0 | Fortune $0
Board [Qc 5h 4d 8d 7d]
Seat 1: 334056a2 folded before Flop (didn't bet)
Seat 2: Hero (button) folded before Flop (didn't bet)
Seat 3: 6821c1bd (small blind) showed [Kh Kc] and won ($8.5) with Pair of Kings
Seat 4: 202ba330 (big blind) folded before Flop
Seat 5: 13f99bd6 showed [Jc Jh] and lost with Pair of Jacks
Seat 6: 507b57a7 folded before Flop (didn't bet)


Poker Hand #HD1146225703: Hold'em No Limit  ($0.02/$0.05) - 2023/03/04 22:36:40
Table 'NLHBlue7' 6-max Seat #1 is the button
Seat 1: 334056a2 ($5 in chips)
Seat 2: Hero ($5 in chips)
Seat 3: 6821c1bd ($5.15 in chips)
Seat 4: 202ba330 ($15.52 in chips)
Seat 5: 13f99bd6 ($4.74 in chips)
Seat 6: 507b57a7 ($5.85 in chips)
Hero: posts small blind $0.02
6821c1bd: posts big blind $0.05
*** HOLE CARDS ***
Dealt to 334056a2 
Dealt to Hero [7d 4h]
Dealt to 6821c1bd 
Dealt to 202ba330 
Dealt to 13f99bd6 
Dealt to 507b57a7 
202ba330: folds
13f99bd6: calls $0.05
507b57a7: raises $0.17 to $0.22
334056a2: folds
Hero: folds
6821c1bd: folds
13f99bd6: calls $0.17
*** FLOP *** [Kd 9h Kh]
13f99bd6: checks
507b57a7: bets $0.32
13f99bd6: folds
Uncalled bet ($0.32) returned to 507b57a7
*** SHOWDOWN ***
507b57a7 collected $0.49 from pot
*** SUMMARY ***
Total pot $0.51 | Rake $0.02 | Jackpot $0 | Bingo $0 | Fortune $0
Board [Kd 9h Kh]
Seat 1: 334056a2 (button) folded before Flop (didn't bet)
Seat 2: Hero (small blind) folded before Flop
Seat 3: 6821c1bd (big blind) folded before Flop
Seat 4: 202ba330 folded before Flop (didn't bet)
Seat 5: 13f99bd6 folded on the Flop
Seat 6: 507b57a7 won ($0.49)


Poker Hand #HD1146135587: Hold'em No Limit  ($0.02/$0.05) - 2023/03/04 22:35:35
Table 'NLHBlue7' 6-max Seat #6 is the button
Seat 1: 334056a2 ($5 in chips)
Seat 2: Hero ($5 in chips)
Seat 3: 6821c1bd ($5.15 in chips)
Seat 4: 202ba330 ($14.46 in chips)
Seat 5: 13f99bd6 ($4 in chips)
Seat 6: 507b57a7 ($6.11 in chips)
334056a2: posts small blind $0.02
Hero: posts big blind $0.05
*** HOLE CARDS ***
Dealt to 334056a2 
Dealt to Hero [2s Kd]
Dealt to 6821c1bd 
Dealt to 202ba330 
Dealt to 13f99bd6 
Dealt to 507b57a7 
6821c1bd: folds
202ba330: raises $0.05 to $0.1
13f99bd6: calls $0.1
507b57a7: calls $0.1
334056a2: calls $0.08
Hero: folds
*** FLOP *** [3s Ks Qd]
334056a2: bets $0.16
202ba330: calls $0.16
13f99bd6: calls $0.16
507b57a7: calls $0.16
*** TURN *** [3s Ks Qd] [2d]
334056a2: checks
202ba330: checks
13f99bd6: checks
507b57a7: checks
*** RIVER *** [3s Ks Qd 2d] [Qh]
334056a2: bets $0.36
202ba330: calls $0.36
13f99bd6: folds
507b57a7: folds
334056a2: shows [5c 5h] (Pair of Queens and Pair of Fives)
202ba330: shows [Js Qc] (Three Queens)
*** SHOWDOWN ***
202ba330 collected $1.68 from pot
*** SUMMARY ***
Total pot $1.81 | Rake $0.08 | Jackpot $0.05 | Bingo $0 | Fortune $0
Board [3s Ks Qd 2d Qh]
Seat 1: 334056a2 (small blind) showed [5c 5h] and lost with Pair of Queens and Pair of Fives
Seat 2: Hero (big blind) folded before Flop
Seat 3: 6821c1bd folded before Flop (didn't bet)
Seat 4: 202ba330 showed [Js Qc] and won ($1.68) with Three Queens
Seat 5: 13f99bd6 folded on the River
Seat 6: 507b57a7 (button) folded on the River


Poker Hand #HD1146135515: Hold'em No Limit  ($0.02/$0.05) - 2023/03/04 22:34:54
Table 'NLHBlue7' 6-max Seat #5 is the button
Seat 1: 334056a2 ($5 in chips)
Seat 2: Hero ($5 in chips)
Seat 3: 6821c1bd ($5.15 in chips)
Seat 4: 202ba330 ($14.46 in chips)
Seat 5: 13f99bd6 ($5.23 in chips)
Seat 6: 507b57a7 ($5 in chips)
507b57a7: posts small blind $0.02
334056a2: posts big blind $0.05
*** HOLE CARDS ***
Dealt to 334056a2 
Dealt to Hero [Ts 7h]
Dealt to 6821c1bd 
Dealt to 202ba330 
Dealt to 13f99bd6 
Dealt to 507b57a7 
Hero: folds
6821c1bd: folds
202ba330: folds
13f99bd6: calls $0.05
507b57a7: raises $0.15 to $0.2
334056a2: folds
13f99bd6: raises $0.15 to $0.35
507b57a7: calls $0.15
*** FLOP *** [Jc Js Ac]
507b57a7: checks
13f99bd6: bets $0.25
507b57a7: calls $0.25
*** TURN *** [Jc Js Ac] [9d]
507b57a7: checks
13f99bd6: checks
*** RIVER *** [Jc Js Ac 9d] [8s]
507b57a7: bets $0.63
13f99bd6: calls $0.63
507b57a7: shows [As 6s] (Pair of Aces and Pair of Jacks)
13f99bd6: shows [9h 8h] (Pair of Jacks and Pair of Nines)
*** SHOWDOWN ***
507b57a7 collected $2.34 from pot
*** SUMMARY ***
Total pot $2.51 | Rake $0.12 | Jackpot $0.05 | Bingo $0 | Fortune $0
Board [Jc Js Ac 9d 8s]
Seat 1: 334056a2 (big blind) folded before Flop
Seat 2: Hero folded before Flop (didn't bet)
Seat 3: 6821c1bd folded before Flop (didn't bet)
Seat 4: 202ba330 folded before Flop (didn't bet)
Seat 5: 13f99bd6 (button) showed [9h 8h] and lost with Pair of Jacks and Pair of Nines
Seat 6: 507b57a7 (small blind) showed [As 6s] and won ($2.34) with Pair of Aces and Pair of Jacks


Poker Hand #HD1146135422: Hold'em No Limit  ($0.02/$0.05) - 2023/03/04 22:33:43
Table 'NLHBlue7' 6-max Seat #4 is the button
Seat 1: 334056a2 ($5.88 in chips)
Seat 2: Hero ($5 in chips)
Seat 3: 6821c1bd ($5.15 in chips)
Seat 4: 202ba330 ($12.62 in chips)
Seat 5: 13f99bd6 ($5.58 in chips)
Seat 6: 507b57a7 ($5 in chips)
13f99bd6: posts small blind $0.02
507b57a7: posts big blind $0.05
*** HOLE CARDS ***
Dealt to 334056a2 
Dealt to Hero [3d 4c]
Dealt to 6821c1bd 
Dealt to 202ba330 
Dealt to 13f99bd6 
Dealt to 507b57a7 
334056a2: raises $0.05 to $0.1
Hero: folds
6821c1bd: folds
202ba330: raises $0.25 to $0.35
13f99bd6: calls $0.33
507b57a7: folds
334056a2: calls $0.25
*** FLOP *** [Tc 4s Th]
13f99bd6: checks
334056a2: bets $0.38
202ba330: calls $0.38
13f99bd6: folds
*** TURN *** [Tc 4s Th] [7c]
334056a2: bets $0.94
202ba330: calls $0.94
*** RIVER *** [Tc 4s Th 7c] [Ad]
334056a2: checks
202ba330: checks
334056a2: shows [9h 9c] (Pair of Tens and Pair of Nines)
202ba330: shows [Jc Jh] (Pair of Jacks and Pair of Tens)
*** SHOWDOWN ***
202ba330 collected $3.51 from pot
*** SUMMARY ***
Total pot $3.74 | Rake $0.18 | Jackpot $0.05 | Bingo $0 | Fortune $0
Board [Tc 4s Th 7c Ad]
Seat 1: 334056a2 showed [9h 9c] and lost with Pair of Tens and Pair of Nines
Seat 2: Hero folded before Flop (didn't bet)
Seat 3: 6821c1bd folded before Flop (didn't bet)
Seat 4: 202ba330 (button) showed [Jc Jh] and won ($3.51) with Pair of Jacks and Pair of Tens
Seat 5: 13f99bd6 (small blind) folded on the Flop
Seat 6: 507b57a7 (big blind) folded before Flop


Poker Hand #HD1146135286: Hold'em No Limit  ($0.02/$0.05) - 2023/03/04 22:32:19
Table 'NLHBlue7' 6-max Seat #3 is the button
Seat 1: 334056a2 ($5.88 in chips)
Seat 2: Hero ($5 in chips)
Seat 3: 6821c1bd ($5.15 in chips)
Seat 4: 202ba330 ($12.82 in chips)
Seat 5: 13f99bd6 ($5.4 in chips)
Seat 6: 507b57a7 ($5 in chips)
202ba330: posts small blind $0.02
13f99bd6: posts big blind $0.05
*** HOLE CARDS ***
Dealt to 334056a2 
Dealt to Hero [4d 7h]
Dealt to 6821c1bd 
Dealt to 202ba330 
Dealt to 13f99bd6 
Dealt to 507b57a7 
507b57a7: folds
334056a2: folds
Hero: folds
6821c1bd: folds
202ba330: raises $0.05 to $0.1
13f99bd6: calls $0.05
*** FLOP *** [Jh 2s Qh]
202ba330: checks
13f99bd6: checks
*** TURN *** [Jh 2s Qh] [9h]
202ba330: bets $0.1
13f99bd6: calls $0.1
*** RIVER *** [Jh 2s Qh 9h] [4s]
202ba330: checks
13f99bd6: bets $0.3
202ba330: folds
Uncalled bet ($0.3) returned to 13f99bd6
*** SHOWDOWN ***
13f99bd6 collected $0.38 from pot
*** SUMMARY ***
Total pot $0.4 | Rake $0.02 | Jackpot $0 | Bingo $0 | Fortune $0
Board [Jh 2s Qh 9h 4s]
Seat 1: 334056a2 folded before Flop (didn't bet)
Seat 2: Hero folded before Flop (didn't bet)
Seat 3: 6821c1bd (button) folded before Flop (didn't bet)
Seat 4: 202ba330 (small blind) folded on the River
Seat 5: 13f99bd6 (big blind) won ($0.38)
Seat 6: 507b57a7 folded before Flop (didn't bet)


Poker Hand #HD1146135223: Hold'em No Limit  ($0.02/$0.05) - 2023/03/04 22:31:41
Table 'NLHBlue7' 6-max Seat #2 is the button
Seat 1: 334056a2 ($5.54 in chips)
Seat 2: Hero ($5 in chips)
Seat 3: 6821c1bd ($5.17 in chips)
Seat 4: 202ba330 ($12.87 in chips)
Seat 5: 13f99bd6 ($5.4 in chips)
Seat 6: 507b57a7 ($5 in chips)
6821c1bd: posts small blind $0.02
202ba330: posts big blind $0.05
*** HOLE CARDS ***
Dealt to 334056a2 
Dealt to Hero [7c 7d]
Dealt to 6821c1bd 
Dealt to 202ba330 
Dealt to 13f99bd6 
Dealt to 507b57a7 
13f99bd6: folds
507b57a7: folds
334056a2: raises $0.05 to $0.1
Hero: raises $0.2 to $0.3
6821c1bd: folds
202ba330: folds
334056a2: calls $0.2
*** FLOP *** [3d 5d 8d]
334056a2: bets $0.24
Hero: folds
Uncalled bet ($0.24) returned to 334056a2
*** SHOWDOWN ***
334056a2 collected $0.64 from pot
*** SUMMARY ***
Total pot $0.67 | Rake $0.03 | Jackpot $0 | Bingo $0 | Fortune $0
Board [3d 5d 8d]
Seat 1: 334056a2 won ($0.64)
Seat 2: Hero (button) folded on the Flop
Seat 3: 6821c1bd (small blind) folded before Flop
Seat 4: 202ba330 (big blind) folded before Flop
Seat 5: 13f99bd6 folded before Flop (didn't bet)
Seat 6: 507b57a7 folded before Flop (didn't bet)


Poker Hand #HD1146135163: Hold'em No Limit  ($0.02/$0.05) - 2023/03/04 22:31:08
Table 'NLHBlue7' 6-max Seat #1 is the button
Seat 1: 334056a2 ($5.47 in chips)
Seat 2: Hero ($5 in chips)
Seat 3: 6821c1bd ($5.22 in chips)
Seat 4: 202ba330 ($12.87 in chips)
Seat 5: 13f99bd6 ($5.4 in chips)
Seat 6: 507b57a7 ($5 in chips)
Hero: posts small blind $0.02
6821c1bd: posts big blind $0.05
*** HOLE CARDS ***
Dealt to 334056a2 
Dealt to Hero [7s Qs]
Dealt to 6821c1bd 
Dealt to 202ba330 
Dealt to 13f99bd6 
Dealt to 507b57a7 
202ba330: folds
13f99bd6: folds
507b57a7: folds
334056a2: raises $0.05 to $0.1
Hero: folds
6821c1bd: folds
Uncalled bet ($0.05) returned to 334056a2
*** SHOWDOWN ***
334056a2 collected $0.12 from pot
*** SUMMARY ***
Total pot $0.12 | Rake $0 | Jackpot $0 | Bingo $0 | Fortune $0
Seat 1: 334056a2 (button) collected ($0.12)
Seat 2: Hero (small blind) folded before Flop
Seat 3: 6821c1bd (big blind) folded before Flop
Seat 4: 202ba330 folded before Flop (didn't bet)
Seat 5: 13f99bd6 folded before Flop (didn't bet)
Seat 6: 507b57a7 folded before Flop (didn't bet)


Poker Hand #HD1146135096: Hold'em No Limit  ($0.02/$0.05) - 2023/03/04 22:30:24
Table 'NLHBlue7' 6-max Seat #6 is the button
Seat 1: 334056a2 ($5 in chips)
Seat 2: Hero ($5 in chips)
Seat 3: 6821c1bd ($5.22 in chips)
Seat 4: 202ba330 ($12.87 in chips)
Seat 5: 13f99bd6 ($5.4 in chips)
Seat 6: 507b57a7 ($5 in chips)
334056a2: posts small blind $0.02
Hero: posts big blind $0.05
*** HOLE CARDS ***
Dealt to 334056a2 
Dealt to Hero [8d 4h]
Dealt to 6821c1bd 
Dealt to 202ba330 
Dealt to 13f99bd6 
Dealt to 507b57a7 
6821c1bd: folds
202ba330: folds
13f99bd6: folds
507b57a7: raises $0.07 to $0.12
334056a2: calls $0.1
Hero: folds
*** FLOP *** [Th 5d 2c]
334056a2: bets $0.1
507b57a7: raises $0.25 to $0.35
334056a2: calls $0.25
*** TURN *** [Th 5d 2c] [As]
334056a2: bets $0.5
507b57a7: folds
Uncalled bet ($0.5) returned to 334056a2
*** SHOWDOWN ***
334056a2 collected $0.94 from pot
*** SUMMARY ***
Total pot $0.99 | Rake $0.05 | Jackpot $0 | Bingo $0 | Fortune $0
Board [Th 5d 2c As]
Seat 1: 334056a2 (small blind) won ($0.94)
Seat 2: Hero (big blind) folded before Flop
Seat 3: 6821c1bd folded before Flop (didn't bet)
Seat 4: 202ba330 folded before Flop (didn't bet)
Seat 5: 13f99bd6 folded before Flop (didn't bet)
Seat 6: 507b57a7 (button) folded on the Turn


Poker Hand #HD1146135019: Hold'em No Limit  ($0.02/$0.05) - 2023/03/04 22:29:42
Table 'NLHBlue7' 6-max Seat #5 is the button
Seat 1: 334056a2 ($5 in chips)
Seat 2: Hero ($5 in chips)
Seat 3: 6821c1bd ($5.22 in chips)
Seat 4: 202ba330 ($12.12 in chips)
Seat 5: 13f99bd6 ($5.4 in chips)
Seat 6: 507b57a7 ($5 in chips)
507b57a7: posts small blind $0.02
334056a2: posts big blind $0.05
*** HOLE CARDS ***
Dealt to 334056a2 
Dealt to Hero [9c 3c]
Dealt to 6821c1bd 
Dealt to 202ba330 
Dealt to 13f99bd6 
Dealt to 507b57a7 
Hero: folds
6821c1bd: folds
202ba330: raises $0.1 to $0.15
13f99bd6: folds
507b57a7: calls $0.13
334056a2: folds
*** FLOP *** [9h 2h Jh]
507b57a7: checks
202ba330: bets $0.2
507b57a7: raises $0.48 to $0.68
202ba330: calls $0.48
*** TURN *** [9h 2h Jh] [8s]
507b57a7: checks
202ba330: checks
*** RIVER *** [9h 2h Jh 8s] [As]
507b57a7: checks
202ba330: checks
507b57a7: shows [4d 8h] (Pair of Eights)
202ba330: shows [Qd Qs] (Pair of Queens)
*** SHOWDOWN ***
202ba330 collected $1.58 from pot
*** SUMMARY ***
Total pot $1.71 | Rake $0.08 | Jackpot $0.05 | Bingo $0 | Fortune $0
Board [9h 2h Jh 8s As]
Seat 1: 334056a2 (big blind) folded before Flop
Seat 2: Hero folded before Flop (didn't bet)
Seat 3: 6821c1bd folded before Flop (didn't bet)
Seat 4: 202ba330 showed [Qd Qs] and won ($1.58) with Pair of Queens
Seat 5: 13f99bd6 (button) folded before Flop (didn't bet)
Seat 6: 507b57a7 (small blind) showed [4d 8h] and lost with Pair of Eights


Poker Hand #HD1146134857: Hold'em No Limit  ($0.02/$0.05) - 2023/03/04 22:28:15
Table 'NLHBlue7' 6-max Seat #4 is the button
Seat 1: 334056a2 ($5 in chips)
Seat 2: Hero ($5 in chips)
Seat 3: 6821c1bd ($5.22 in chips)
Seat 4: 202ba330 ($5.75 in chips)
Seat 5: 13f99bd6 ($5.42 in chips)
Seat 6: 507b57a7 ($8.77 in chips)
13f99bd6: posts small blind $0.02
507b57a7: posts big blind $0.05
*** HOLE CARDS ***
Dealt to 334056a2 
Dealt to Hero [Ac As]
Dealt to 6821c1bd 
Dealt to 202ba330 
Dealt to 13f99bd6 
Dealt to 507b57a7 
334056a2: folds
Hero: raises $0.07 to $0.12
6821c1bd: folds
202ba330: calls $0.12
13f99bd6: folds
507b57a7: calls $0.07
*** FLOP *** [8h Th 8d]
507b57a7: bets $0.26
Hero: calls $0.26
202ba330: calls $0.26
*** TURN *** [8h Th 8d] [4c]
507b57a7: bets $0.77
Hero: calls $0.77
202ba330: raises $0.82 to $1.59
507b57a7: calls $0.82
Hero: folds
*** RIVER *** [8h Th 8d 4c] [Ks]
507b57a7: checks
202ba330: bets $3.78 and is all-in
507b57a7: calls $3.78
202ba330: shows [4s 4h] (Fours Full over Eights)
507b57a7: shows [8c 5d] (Three Eights)
*** SHOWDOWN ***
202ba330 collected $12.12 from pot
*** SUMMARY ***
Total pot $12.67 | Rake $0.5 | Jackpot $0.05 | Bingo $0 | Fortune $0
Board [8h Th 8d 4c Ks]
Seat 1: 334056a2 folded before Flop (didn't bet)
Seat 2: Hero folded on the Turn
Seat 3: 6821c1bd folded before Flop (didn't bet)
Seat 4: 202ba330 (button) showed [4s 4h] and won ($12.12) with Fours Full over Eights
Seat 5: 13f99bd6 (small blind) folded before Flop
Seat 6: 507b57a7 (big blind) showed [8c 5d] and lost with Three Eights


Poker Hand #HD1146134796: Hold'em No Limit  ($0.02/$0.05) - 2023/03/04 22:27:39
Table 'NLHBlue7' 6-max Seat #3 is the button
Seat 1: 334056a2 ($5 in chips)
Seat 2: Hero ($5 in chips)
Seat 3: 6821c1bd ($5.22 in chips)
Seat 4: 202ba330 ($5.63 in chips)
Seat 5: 13f99bd6 ($5.47 in chips)
Seat 6: 507b57a7 ($8.77 in chips)
202ba330: posts small blind $0.02
13f99bd6: posts big blind $0.05
334056a2: posts big blind $0.05
334056a2: posts missed blind $0.02
*** HOLE CARDS ***
Dealt to 334056a2 
Dealt to Hero [9s 3h]
Dealt to 6821c1bd 
Dealt to 202ba330 
Dealt to 13f99bd6 
Dealt to 507b57a7 
507b57a7: folds
334056a2: checks
Hero: folds
6821c1bd: folds
202ba330: raises $0.1 to $0.15
13f99bd6: folds
334056a2: folds
Uncalled bet ($0.1) returned to 202ba330
*** SHOWDOWN ***
202ba330 collected $0.17 from pot
*** SUMMARY ***
Total pot $0.17 | Rake $0 | Jackpot $0 | Bingo $0 | Fortune $0
Seat 1: 334056a2 folded before Flop
Seat 2: Hero folded before Flop (didn't bet)
Seat 3: 6821c1bd (button) folded before Flop (didn't bet)
Seat 4: 202ba330 (small blind) collected ($0.17)
Seat 5: 13f99bd6 (big blind) folded before Flop
Seat 6: 507b57a7 folded before Flop (didn't bet)


Poker Hand #HD1146134771: Hold'em No Limit  ($0.02/$0.05) - 2023/03/04 22:27:25
Table 'NLHBlue7' 6-max Seat #2 is the button
Seat 2: Hero ($5 in chips)
Seat 3: 6821c1bd ($5.24 in chips)
Seat 4: 202ba330 ($5.61 in chips)
Seat 6: 507b57a7 ($8.77 in chips)
6821c1bd: posts small blind $0.02
202ba330: posts big blind $0.05
*** HOLE CARDS ***
Dealt to Hero [5c Tc]
Dealt to 6821c1bd 
Dealt to 202ba330 
Dealt to 507b57a7 
507b57a7: folds
Hero: folds
6821c1bd: folds
Uncalled bet ($0.03) returned to 202ba330
*** SHOWDOWN ***
202ba330 collected $0.04 from pot
*** SUMMARY ***
Total pot $0.04 | Rake $0 | Jackpot $0 | Bingo $0 | Fortune $0
Seat 2: Hero (button) folded before Flop (didn't bet)
Seat 3: 6821c1bd (small blind) folded before Flop
Seat 4: 202ba330 (big blind) collected ($0.04)
Seat 6: 507b57a7 folded before Flop (didn't bet)


Poker Hand #HD1146134737: Hold'em No Limit  ($0.02/$0.05) - 2023/03/04 22:27:03
Table 'NLHBlue7' 6-max Seat #6 is the button
Seat 2: Hero ($5 in chips)
Seat 3: 6821c1bd ($5.29 in chips)
Seat 4: 202ba330 ($5.61 in chips)
Seat 5: 13f99bd6 ($5.47 in chips)
Seat 6: 507b57a7 ($8.7 in chips)
Hero: posts small blind $0.02
6821c1bd: posts big blind $0.05
*** HOLE CARDS ***
Dealt to Hero [7h Jc]
Dealt to 6821c1bd 
Dealt to 202ba330 
Dealt to 13f99bd6 
Dealt to 507b57a7 
202ba330: folds
13f99bd6: folds
507b57a7: raises $0.07 to $0.12
Hero: folds
6821c1bd: folds
Uncalled bet ($0.07) returned to 507b57a7
*** SHOWDOWN ***
507b57a7 collected $0.12 from pot
*** SUMMARY ***
Total pot $0.12 | Rake $0 | Jackpot $0 | Bingo $0 | Fortune $0
Seat 2: Hero (small blind) folded before Flop
Seat 3: 6821c1bd (big blind) folded before Flop
Seat 4: 202ba330 folded before Flop (didn't bet)
Seat 5: 13f99bd6 folded before Flop (didn't bet)
Seat 6: 507b57a7 (button) collected ($0.12)


Poker Hand #HD1146134703: Hold'em No Limit  ($0.02/$0.05) - 2023/03/04 22:26:42
Table 'NLHBlue7' 6-max Seat #5 is the button
Seat 2: Hero ($5 in chips)
Seat 3: 6821c1bd ($5.22 in chips)
Seat 4: 202ba330 ($5.61 in chips)
Seat 5: 13f99bd6 ($5.47 in chips)
Seat 6: 507b57a7 ($8.72 in chips)
507b57a7: posts small blind $0.02
Hero: posts big blind $0.05
*** HOLE CARDS ***
Dealt to Hero [Th 9s]
Dealt to 6821c1bd 
Dealt to 202ba330 
Dealt to 13f99bd6 
Dealt to 507b57a7 
6821c1bd: raises $0.15 to $0.2
202ba330: folds
13f99bd6: folds
507b57a7: folds
Hero: folds
Uncalled bet ($0.15) returned to 6821c1bd
*** SHOWDOWN ***
6821c1bd collected $0.12 from pot
*** SUMMARY ***
Total pot $0.12 | Rake $0 | Jackpot $0 | Bingo $0 | Fortune $0
Seat 2: Hero (big blind) folded before Flop
Seat 3: 6821c1bd collected ($0.12)
Seat 4: 202ba330 folded before Flop (didn't bet)
Seat 5: 13f99bd6 (button) folded before Flop (didn't bet)
Seat 6: 507b57a7 (small blind) folded before Flop


Poker Hand #HD1146134511: Hold'em No Limit  ($0.02/$0.05) - 2023/03/04 22:24:42
Table 'NLHBlue7' 6-max Seat #4 is the button
Seat 2: Hero ($5 in chips)
Seat 3: 6821c1bd ($5.22 in chips)
Seat 4: 202ba330 ($5.24 in chips)
Seat 5: 13f99bd6 ($5.77 in chips)
Seat 6: 507b57a7 ($8.82 in chips)
13f99bd6: posts small blind $0.02
507b57a7: posts big blind $0.05
*** HOLE CARDS ***
Dealt to Hero [2s 3d]
Dealt to 6821c1bd 
Dealt to 202ba330 
Dealt to 13f99bd6 
Dealt to 507b57a7 
Hero: folds
6821c1bd: folds
202ba330: raises $0.05 to $0.1
13f99bd6: calls $0.08
507b57a7: calls $0.05
*** FLOP *** [8s Jd 9d]
13f99bd6: checks
507b57a7: checks
202ba330: bets $0.2
13f99bd6: calls $0.2
507b57a7: folds
*** TURN *** [8s Jd 9d] [9h]
13f99bd6: checks
202ba330: bets $0.3
13f99bd6: folds
Uncalled bet ($0.3) returned to 202ba330
*** SHOWDOWN ***
202ba330 collected $0.67 from pot
*** SUMMARY ***
Total pot $0.7 | Rake $0.03 | Jackpot $0 | Bingo $0 | Fortune $0
Board [8s Jd 9d 9h]
Seat 2: Hero folded before Flop (didn't bet)
Seat 3: 6821c1bd folded before Flop (didn't bet)
Seat 4: 202ba330 (button) won ($0.67)
Seat 5: 13f99bd6 (small blind) folded on the Turn
Seat 6: 507b57a7 (big blind) folded on the Flop


Poker Hand #HD1146134358: Hold'em No Limit  ($0.02/$0.05) - 2023/03/04 22:23:11
Table 'NLHBlue7' 6-max Seat #3 is the button
Seat 1: 334056a2 ($5 in chips)
Seat 2: Hero ($5 in chips)
Seat 3: 6821c1bd ($5.22 in chips)
Seat 4: 202ba330 ($3.54 in chips)
Seat 5: 13f99bd6 ($5.82 in chips)
Seat 6: 507b57a7 ($8.82 in chips)
202ba330: posts small blind $0.02
13f99bd6: posts big blind $0.05
*** HOLE CARDS ***
Dealt to 334056a2 
Dealt to Hero [Js 9s]
Dealt to 6821c1bd 
Dealt to 202ba330 
Dealt to 13f99bd6 
Dealt to 507b57a7 
507b57a7: folds
334056a2: raises $0.05 to $0.1
Hero: folds
6821c1bd: folds
202ba330: calls $0.08
13f99bd6: folds
*** FLOP *** [2h 8c 8s]
202ba330: checks
334056a2: bets $0.1
202ba330: calls $0.1
*** TURN *** [2h 8c 8s] [Kc]
202ba330: checks
334056a2: bets $0.34
202ba330: raises $0.34 to $0.68
334056a2: calls $0.34
*** RIVER *** [2h 8c 8s Kc] [6h]
202ba330: bets $1
334056a2: calls $1
202ba330: shows [9c 8h] (Three Eights)
334056a2: shows [Ac Ks] (Pair of Kings and Pair of Eights)
*** SHOWDOWN ***
202ba330 collected $3.58 from pot
*** SUMMARY ***
Total pot $3.81 | Rake $0.18 | Jackpot $0.05 | Bingo $0 | Fortune $0
Board [2h 8c 8s Kc 6h]
Seat 1: 334056a2 showed [Ac Ks] and lost with Pair of Kings and Pair of Eights
Seat 2: Hero folded before Flop (didn't bet)
Seat 3: 6821c1bd (button) folded before Flop (didn't bet)
Seat 4: 202ba330 (small blind) showed [9c 8h] and won ($3.58) with Three Eights
Seat 5: 13f99bd6 (big blind) folded before Flop
Seat 6: 507b57a7 folded before Flop (didn't bet)


Poker Hand #HD1146134304: Hold'em No Limit  ($0.02/$0.05) - 2023/03/04 22:22:41
Table 'NLHBlue7' 6-max Seat #2 is the button
Seat 1: 334056a2 ($5 in chips)
Seat 2: Hero ($5 in chips)
Seat 3: 6821c1bd ($5.24 in chips)
Seat 4: 202ba330 ($3.52 in chips)
Seat 5: 13f99bd6 ($5.82 in chips)
Seat 6: 507b57a7 ($8.82 in chips)
6821c1bd: posts small blind $0.02
202ba330: posts big blind $0.05
*** HOLE CARDS ***
Dealt to 334056a2 
Dealt to Hero [8s Jd]
Dealt to 6821c1bd 
Dealt to 202ba330 
Dealt to 13f99bd6 
Dealt to 507b57a7 
13f99bd6: folds
507b57a7: folds
334056a2: folds
Hero: folds
6821c1bd: folds
Uncalled bet ($0.03) returned to 202ba330
*** SHOWDOWN ***
202ba330 collected $0.04 from pot
*** SUMMARY ***
Total pot $0.04 | Rake $0 | Jackpot $0 | Bingo $0 | Fortune $0
Seat 1: 334056a2 folded before Flop (didn't bet)
Seat 2: Hero (button) folded before Flop (didn't bet)
Seat 3: 6821c1bd (small blind) folded before Flop
Seat 4: 202ba330 (big blind) collected ($0.04)
Seat 5: 13f99bd6 folded before Flop (didn't bet)
Seat 6: 507b57a7 folded before Flop (didn't bet)


Poker Hand #HD1146134239: Hold'em No Limit  ($0.02/$0.05) - 2023/03/04 22:22:03
Table 'NLHBlue7' 6-max Seat #1 is the button
Seat 1: 334056a2 ($5.04 in chips)
Seat 2: Hero ($5 in chips)
Seat 3: 6821c1bd ($5 in chips)
Seat 4: 202ba330 ($3.52 in chips)
Seat 5: 13f99bd6 ($5.82 in chips)
Seat 6: 507b57a7 ($8.94 in chips)
Hero: posts small blind $0.02
6821c1bd: posts big blind $0.05
*** HOLE CARDS ***
Dealt to 334056a2 
Dealt to Hero [5d Ks]
Dealt to 6821c1bd 
Dealt to 202ba330 
Dealt to 13f99bd6 
Dealt to 507b57a7 
202ba330: folds
13f99bd6: folds
507b57a7: raises $0.07 to $0.12
334056a2: calls $0.12
Hero: folds
6821c1bd: raises $0.58 to $0.7
507b57a7: folds
334056a2: folds
Uncalled bet ($0.58) returned to 6821c1bd
*** SHOWDOWN ***
6821c1bd collected $0.36 from pot
*** SUMMARY ***
Total pot $0.38 | Rake $0.02 | Jackpot $0 | Bingo $0 | Fortune $0
Seat 1: 334056a2 (button) folded before Flop
Seat 2: Hero (small blind) folded before Flop
Seat 3: 6821c1bd (big blind) collected ($0.36)
Seat 4: 202ba330 folded before Flop (didn't bet)
Seat 5: 13f99bd6 folded before Flop (didn't bet)
Seat 6: 507b57a7 folded before Flop


Poker Hand #HD1146134143: Hold'em No Limit  ($0.02/$0.05) - 2023/03/04 22:21:10
Table 'NLHBlue7' 6-max Seat #6 is the button
Seat 1: 334056a2 ($5.26 in chips)
Seat 2: Hero ($5 in chips)
Seat 4: 202ba330 ($3.52 in chips)
Seat 5: 13f99bd6 ($5.87 in chips)
Seat 6: 507b57a7 ($8.64 in chips)
334056a2: posts small blind $0.02
Hero: posts big blind $0.05
*** HOLE CARDS ***
Dealt to 334056a2 
Dealt to Hero [2c Th]
Dealt to 202ba330 
Dealt to 13f99bd6 
Dealt to 507b57a7 
202ba330: folds
13f99bd6: calls $0.05
507b57a7: raises $0.17 to $0.22
334056a2: calls $0.2
Hero: folds
13f99bd6: folds
*** FLOP *** [4s 2h 2d]
334056a2: checks
507b57a7: checks
*** TURN *** [4s 2h 2d] [8h]
334056a2: checks
507b57a7: bets $0.36
334056a2: folds
Uncalled bet ($0.36) returned to 507b57a7
*** SHOWDOWN ***
507b57a7 collected $0.52 from pot
*** SUMMARY ***
Total pot $0.54 | Rake $0.02 | Jackpot $0 | Bingo $0 | Fortune $0
Board [4s 2h 2d 8h]
Seat 1: 334056a2 (small blind) folded on the Turn
Seat 2: Hero (big blind) folded before Flop
Seat 4: 202ba330 folded before Flop (didn't bet)
Seat 5: 13f99bd6 folded before Flop
Seat 6: 507b57a7 (button) won ($0.52)


Poker Hand #HD1146134082: Hold'em No Limit  ($0.02/$0.05) - 2023/03/04 22:20:36
Table 'NLHBlue7' 6-max Seat #5 is the button
Seat 1: 334056a2 ($5.41 in chips)
Seat 2: Hero ($5 in chips)
Seat 4: 202ba330 ($3.36 in chips)
Seat 5: 13f99bd6 ($5.87 in chips)
Seat 6: 507b57a7 ($8.66 in chips)
507b57a7: posts small blind $0.02
334056a2: posts big blind $0.05
*** HOLE CARDS ***
Dealt to 334056a2 
Dealt to Hero [5c Td]
Dealt to 202ba330 
Dealt to 13f99bd6 
Dealt to 507b57a7 
Hero: folds
202ba330: raises $0.1 to $0.15
13f99bd6: folds
507b57a7: folds
334056a2: calls $0.1
*** FLOP *** [4s 2c 5s]
334056a2: checks
202ba330: bets $0.3
334056a2: folds
Uncalled bet ($0.3) returned to 202ba330
*** SHOWDOWN ***
202ba330 collected $0.31 from pot
*** SUMMARY ***
Total pot $0.32 | Rake $0.01 | Jackpot $0 | Bingo $0 | Fortune $0
Board [4s 2c 5s]
Seat 1: 334056a2 (big blind) folded on the Flop
Seat 2: Hero folded before Flop (didn't bet)
Seat 4: 202ba330 won ($0.31)
Seat 5: 13f99bd6 (button) folded before Flop (didn't bet)
Seat 6: 507b57a7 (small blind) folded before Flop


Poker Hand #HD1146134061: Hold'em No Limit  ($0.02/$0.05) - 2023/03/04 22:20:22
Table 'NLHBlue7' 6-max Seat #4 is the button
Seat 1: 334056a2 ($5.34 in chips)
Seat 2: Hero ($5 in chips)
Seat 4: 202ba330 ($3.36 in chips)
Seat 5: 13f99bd6 ($5.89 in chips)
Seat 6: 507b57a7 ($8.71 in chips)
13f99bd6: posts small blind $0.02
507b57a7: posts big blind $0.05
*** HOLE CARDS ***
Dealt to 334056a2 
Dealt to Hero [4s 9d]
Dealt to 202ba330 
Dealt to 13f99bd6 
Dealt to 507b57a7 
334056a2: raises $0.05 to $0.1
Hero: folds
202ba330: folds
13f99bd6: folds
507b57a7: folds
Uncalled bet ($0.05) returned to 334056a2
*** SHOWDOWN ***
334056a2 collected $0.12 from pot
*** SUMMARY ***
Total pot $0.12 | Rake $0 | Jackpot $0 | Bingo $0 | Fortune $0
Seat 1: 334056a2 collected ($0.12)
Seat 2: Hero folded before Flop (didn't bet)
Seat 4: 202ba330 (button) folded before Flop (didn't bet)
Seat 5: 13f99bd6 (small blind) folded before Flop
Seat 6: 507b57a7 (big blind) folded before Flop


Poker Hand #HD1146134030: Hold'em No Limit  ($0.02/$0.05) - 2023/03/04 22:20:05
Table 'NLHBlue7' 6-max Seat #3 is the button
Seat 1: 334056a2 ($5.34 in chips)
Seat 2: Hero ($5 in chips)
Seat 3: a835b959 ($1 in chips)
Seat 4: 202ba330 ($3.38 in chips)
Seat 5: 13f99bd6 ($5.87 in chips)
Seat 6: 507b57a7 ($8.71 in chips)
202ba330: posts small blind $0.02
13f99bd6: posts big blind $0.05
*** HOLE CARDS ***
Dealt to 334056a2 
Dealt to Hero [6c 2d]
Dealt to a835b959 
Dealt to 202ba330 
Dealt to 13f99bd6 
Dealt to 507b57a7 
507b57a7: folds
334056a2: folds
Hero: folds
a835b959: folds
202ba330: folds
Uncalled bet ($0.03) returned to 13f99bd6
*** SHOWDOWN ***
13f99bd6 collected $0.04 from pot
*** SUMMARY ***
Total pot $0.04 | Rake $0 | Jackpot $0 | Bingo $0 | Fortune $0
Seat 1: 334056a2 folded before Flop (didn't bet)
Seat 2: Hero folded before Flop (didn't bet)
Seat 3: a835b959 (button) folded before Flop (didn't bet)
Seat 4: 202ba330 (small blind) folded before Flop
Seat 5: 13f99bd6 (big blind) collected ($0.04)
Seat 6: 507b57a7 folded before Flop (didn't bet)


Poker Hand #HD1146133946: Hold'em No Limit  ($0.02/$0.05) - 2023/03/04 22:19:19
Table 'NLHBlue7' 6-max Seat #2 is the button
Seat 1: 334056a2 ($5.34 in chips)
Seat 2: Hero ($5 in chips)
Seat 3: a835b959 ($0.15 in chips)
Seat 4: 202ba330 ($3.81 in chips)
Seat 5: 13f99bd6 ($5.87 in chips)
Seat 6: 507b57a7 ($8.17 in chips)
a835b959: posts small blind $0.02
202ba330: posts big blind $0.05
*** HOLE CARDS ***
Dealt to 334056a2 
Dealt to Hero [6d Ks]
Dealt to a835b959 
Dealt to 202ba330 
Dealt to 13f99bd6 
Dealt to 507b57a7 
13f99bd6: folds
507b57a7: raises $0.1 to $0.15
334056a2: folds
Hero: folds
a835b959: calls $0.13 and is all-in
202ba330: calls $0.1
*** FLOP *** [2d Js 2c]
202ba330: checks
507b57a7: bets $0.28
202ba330: calls $0.28
*** TURN *** [2d Js 2c] [As]
202ba330: checks
507b57a7: bets $0.54
202ba330: folds
Uncalled bet ($0.54) returned to 507b57a7
507b57a7: shows [8h 8s] (Pair of Eights and Pair of Twos)
a835b959: shows [5s Ts] (Pair of Twos)
*** RIVER *** [2d Js 2c As] [Kc]
*** SHOWDOWN ***
507b57a7 collected $0.43 from pot
507b57a7 collected $0.54 from pot
*** SUMMARY ***
Total pot $1.01 | Rake $0.04 | Jackpot $0 | Bingo $0 | Fortune $0
Board [2d Js 2c As Kc]
Seat 1: 334056a2 folded before Flop (didn't bet)
Seat 2: Hero (button) folded before Flop (didn't bet)
Seat 3: a835b959 (small blind) showed [5s Ts] and lost with Pair of Twos
Seat 4: 202ba330 (big blind) folded on the Turn
Seat 5: 13f99bd6 folded before Flop (didn't bet)
Seat 6: 507b57a7 showed [8h 8s] and won ($0.97) with Pair of Eights and Pair of Twos


Poker Hand #HD1146133896: Hold'em No Limit  ($0.02/$0.05) - 2023/03/04 22:18:51
Table 'NLHBlue7' 6-max Seat #1 is the button
Seat 1: 334056a2 ($5.34 in chips)
Seat 2: Hero ($5 in chips)
Seat 3: a835b959 ($0.2 in chips)
Seat 4: 202ba330 ($3.81 in chips)
Seat 5: 13f99bd6 ($5.87 in chips)
Seat 6: 507b57a7 ($8.1 in chips)
Hero: posts small blind $0.02
a835b959: posts big blind $0.05
*** HOLE CARDS ***
Dealt to 334056a2 
Dealt to Hero [Qs 6s]
Dealt to a835b959 
Dealt to 202ba330 
Dealt to 13f99bd6 
Dealt to 507b57a7 
202ba330: folds
13f99bd6: folds
507b57a7: raises $0.07 to $0.12
334056a2: folds
Hero: folds
a835b959: folds
Uncalled bet ($0.07) returned to 507b57a7
*** SHOWDOWN ***
507b57a7 collected $0.12 from pot
*** SUMMARY ***
Total pot $0.12 | Rake $0 | Jackpot $0 | Bingo $0 | Fortune $0
Seat 1: 334056a2 (button) folded before Flop (didn't bet)
Seat 2: Hero (small blind) folded before Flop
Seat 3: a835b959 (big blind) folded before Flop
Seat 4: 202ba330 folded before Flop (didn't bet)
Seat 5: 13f99bd6 folded before Flop (didn't bet)
Seat 6: 507b57a7 collected ($0.12)


Poker Hand #HD1146133856: Hold'em No Limit  ($0.02/$0.05) - 2023/03/04 22:18:28
Table 'NLHBlue7' 6-max Seat #6 is the button
Seat 1: 334056a2 ($5.36 in chips)
Seat 2: Hero ($5 in chips)
Seat 3: a835b959 ($0.2 in chips)
Seat 4: 202ba330 ($3.81 in chips)
Seat 5: 13f99bd6 ($5.92 in chips)
Seat 6: 507b57a7 ($7.98 in chips)
334056a2: posts small blind $0.02
Hero: posts big blind $0.05
*** HOLE CARDS ***
Dealt to 334056a2 
Dealt to Hero [2s Qs]
Dealt to a835b959 
Dealt to 202ba330 
Dealt to 13f99bd6 
Dealt to 507b57a7 
a835b959: folds
202ba330: folds
13f99bd6: calls $0.05
507b57a7: raises $0.17 to $0.22
334056a2: folds
Hero: folds
13f99bd6: folds
Uncalled bet ($0.17) returned to 507b57a7
*** SHOWDOWN ***
507b57a7 collected $0.17 from pot
*** SUMMARY ***
Total pot $0.17 | Rake $0 | Jackpot $0 | Bingo $0 | Fortune $0
Seat 1: 334056a2 (small blind) folded before Flop
Seat 2: Hero (big blind) folded before Flop
Seat 3: a835b959 folded before Flop (didn't bet)
Seat 4: 202ba330 folded before Flop (didn't bet)
Seat 5: 13f99bd6 folded before Flop
Seat 6: 507b57a7 (button) collected ($0.17)


Poker Hand #HD1146133773: Hold'em No Limit  ($0.02/$0.05) - 2023/03/04 22:17:39
Table 'NLHBlue7' 6-max Seat #5 is the button
Seat 1: 334056a2 ($5.41 in chips)
Seat 2: Hero ($5 in chips)
Seat 3: a835b959 ($0.35 in chips)
Seat 4: 202ba330 ($4.11 in chips)
Seat 5: 13f99bd6 ($5.44 in chips)
Seat 6: 507b57a7 ($8 in chips)
507b57a7: posts small blind $0.02
334056a2: posts big blind $0.05
*** HOLE CARDS ***
Dealt to 334056a2 
Dealt to Hero [2c 4c]
Dealt to a835b959 
Dealt to 202ba330 
Dealt to 13f99bd6 
Dealt to 507b57a7 
Hero: folds
a835b959: raises $0.05 to $0.1
202ba330: raises $0.05 to $0.15
13f99bd6: calls $0.15
507b57a7: folds
334056a2: folds
a835b959: calls $0.05
*** FLOP *** [Ac 8d 3s]
a835b959: checks
202ba330: bets $0.15
13f99bd6: calls $0.15
a835b959: folds
*** TURN *** [Ac 8d 3s] [8h]
202ba330: checks
13f99bd6: checks
*** RIVER *** [Ac 8d 3s 8h] [Js]
202ba330: checks
13f99bd6: checks
202ba330: shows [Qh Ts] (Pair of Eights)
13f99bd6: shows [5h 5c] (Pair of Eights and Pair of Fives)
*** SHOWDOWN ***
13f99bd6 collected $0.78 from pot
*** SUMMARY ***
Total pot $0.82 | Rake $0.04 | Jackpot $0 | Bingo $0 | Fortune $0
Board [Ac 8d 3s 8h Js]
Seat 1: 334056a2 (big blind) folded before Flop
Seat 2: Hero folded before Flop (didn't bet)
Seat 3: a835b959 folded on the Flop
Seat 4: 202ba330 showed [Qh Ts] and lost with Pair of Eights
Seat 5: 13f99bd6 (button) showed [5h 5c] and won ($0.78) with Pair of Eights and Pair of Fives
Seat 6: 507b57a7 (small blind) folded before Flop


Poker Hand #HD1146133727: Hold'em No Limit  ($0.02/$0.05) - 2023/03/04 22:17:14
Table 'NLHBlue7' 6-max Seat #4 is the button
Seat 1: 334056a2 ($5.3 in chips)
Seat 2: Hero ($5 in chips)
Seat 3: a835b959 ($0.35 in chips)
Seat 4: 202ba330 ($4.11 in chips)
Seat 5: 13f99bd6 ($5.46 in chips)
Seat 6: 507b57a7 ($8.1 in chips)
13f99bd6: posts small blind $0.02
507b57a7: posts big blind $0.05
*** HOLE CARDS ***
Dealt to 334056a2 
Dealt to Hero [4s 6d]
Dealt to a835b959 
Dealt to 202ba330 
Dealt to 13f99bd6 
Dealt to 507b57a7 
334056a2: raises $0.05 to $0.1
Hero: folds
a835b959: folds
202ba330: folds
13f99bd6: folds
507b57a7: calls $0.05
*** FLOP *** [6c 3c 5d]
507b57a7: checks
334056a2: bets $0.18
507b57a7: folds
Uncalled bet ($0.18) returned to 334056a2
*** SHOWDOWN ***
334056a2 collected $0.21 from pot
*** SUMMARY ***
Total pot $0.22 | Rake $0.01 | Jackpot $0 | Bingo $0 | Fortune $0
Board [6c 3c 5d]
Seat 1: 334056a2 won ($0.21)
Seat 2: Hero folded before Flop (didn't bet)
Seat 3: a835b959 folded before Flop (didn't bet)
Seat 4: 202ba330 (button) folded before Flop (didn't bet)
Seat 5: 13f99bd6 (small blind) folded before Flop
Seat 6: 507b57a7 (big blind) folded on the Flop


Poker Hand #HD1146133694: Hold'em No Limit  ($0.02/$0.05) - 2023/03/04 22:16:51
Table 'NLHBlue7' 6-max Seat #3 is the button
Seat 1: 334056a2 ($5.3 in chips)
Seat 2: Hero ($5 in chips)
Seat 3: a835b959 ($0.35 in chips)
Seat 4: 202ba330 ($4.13 in chips)
Seat 5: 13f99bd6 ($5.61 in chips)
Seat 6: 507b57a7 ($7.94 in chips)
202ba330: posts small blind $0.02
13f99bd6: posts big blind $0.05
*** HOLE CARDS ***
Dealt to 334056a2 
Dealt to Hero [8s 2c]
Dealt to a835b959 
Dealt to 202ba330 
Dealt to 13f99bd6 
Dealt to 507b57a7 
507b57a7: raises $0.1 to $0.15
334056a2: folds
Hero: folds
a835b959: folds
202ba330: folds
13f99bd6: calls $0.1
*** FLOP *** [2d Qc Tc]
13f99bd6: checks
507b57a7: bets $0.22
13f99bd6: folds
Uncalled bet ($0.22) returned to 507b57a7
*** SHOWDOWN ***
507b57a7 collected $0.31 from pot
*** SUMMARY ***
Total pot $0.32 | Rake $0.01 | Jackpot $0 | Bingo $0 | Fortune $0
Board [2d Qc Tc]
Seat 1: 334056a2 folded before Flop (didn't bet)
Seat 2: Hero folded before Flop (didn't bet)
Seat 3: a835b959 (button) folded before Flop (didn't bet)
Seat 4: 202ba330 (small blind) folded before Flop
Seat 5: 13f99bd6 (big blind) folded on the Flop
Seat 6: 507b57a7 won ($0.31)


Poker Hand #HD1146133636: Hold'em No Limit  ($0.02/$0.05) - 2023/03/04 22:16:17
Table 'NLHBlue7' 6-max Seat #2 is the button
Seat 1: 334056a2 ($5.3 in chips)
Seat 2: Hero ($5.21 in chips)
Seat 3: a835b959 ($0.37 in chips)
Seat 4: 202ba330 ($3.88 in chips)
Seat 5: 13f99bd6 ($5.61 in chips)
Seat 6: 507b57a7 ($7.94 in chips)
a835b959: posts small blind $0.02
202ba330: posts big blind $0.05
*** HOLE CARDS ***
Dealt to 334056a2 
Dealt to Hero [As Qd]
Dealt to a835b959 
Dealt to 202ba330 
Dealt to 13f99bd6 
Dealt to 507b57a7 
13f99bd6: folds
507b57a7: folds
334056a2: folds
Hero: raises $0.07 to $0.12
a835b959: folds
202ba330: calls $0.07
*** FLOP *** [Kh Th 8s]
202ba330: checks
Hero: bets $0.13
202ba330: raises $0.18 to $0.31
Hero: folds
Uncalled bet ($0.18) returned to 202ba330
*** SHOWDOWN ***
202ba330 collected $0.5 from pot
*** SUMMARY ***
Total pot $0.52 | Rake $0.02 | Jackpot $0 | Bingo $0 | Fortune $0
Board [Kh Th 8s]
Seat 1: 334056a2 folded before Flop (didn't bet)
Seat 2: Hero (button) folded on the Flop
Seat 3: a835b959 (small blind) folded before Flop
Seat 4: 202ba330 (big blind) won ($0.5)
Seat 5: 13f99bd6 folded before Flop (didn't bet)
Seat 6: 507b57a7 folded before Flop (didn't bet)


Poker Hand #HD1146133543: Hold'em No Limit  ($0.02/$0.05) - 2023/03/04 22:15:28
Table 'NLHBlue7' 6-max Seat #1 is the button
Seat 1: 334056a2 ($5.3 in chips)
Seat 2: Hero ($5.23 in chips)
Seat 3: a835b959 ($0.81 in chips)
Seat 4: 202ba330 ($3.88 in chips)
Seat 5: 13f99bd6 ($5.19 in chips)
Seat 6: 507b57a7 ($7.94 in chips)
Hero: posts small blind $0.02
a835b959: posts big blind $0.05
*** HOLE CARDS ***
Dealt to 334056a2 
Dealt to Hero [9c Ad]
Dealt to a835b959 
Dealt to 202ba330 
Dealt to 13f99bd6 
Dealt to 507b57a7 
202ba330: folds
13f99bd6: calls $0.05
507b57a7: folds
334056a2: folds
Hero: folds
a835b959: checks
*** FLOP *** [Th 2s Ks]
a835b959: checks
13f99bd6: bets $0.09
a835b959: calls $0.09
*** TURN *** [Th 2s Ks] [Qs]
a835b959: checks
13f99bd6: checks
*** RIVER *** [Th 2s Ks Qs] [2c]
a835b959: checks
13f99bd6: bets $0.3
a835b959: calls $0.3
13f99bd6: shows [5s 8s] (King High Flush)
a835b959: shows [4d Ts] (Pair of Tens and Pair of Twos)
*** SHOWDOWN ***
13f99bd6 collected $0.86 from pot
*** SUMMARY ***
Total pot $0.9 | Rake $0.04 | Jackpot $0 | Bingo $0 | Fortune $0
Board [Th 2s Ks Qs 2c]
Seat 1: 334056a2 (button) folded before Flop (didn't bet)
Seat 2: Hero (small blind) folded before Flop
Seat 3: a835b959 (big blind) showed [4d Ts] and lost with Pair of Tens and Pair of Twos
Seat 4: 202ba330 folded before Flop (didn't bet)
Seat 5: 13f99bd6 showed [5s 8s] and won ($0.86) with King High Flush
Seat 6: 507b57a7 folded before Flop (didn't bet)


Poker Hand #HD1146133458: Hold'em No Limit  ($0.02/$0.05) - 2023/03/04 22:14:47
Table 'NLHBlue7' 6-max Seat #6 is the button
Seat 1: 334056a2 ($5.32 in chips)
Seat 2: Hero ($5 in chips)
Seat 3: a835b959 ($0.81 in chips)
Seat 4: 202ba330 ($3.98 in chips)
Seat 5: 13f99bd6 ($5.21 in chips)
Seat 6: 507b57a7 ($8.04 in chips)
334056a2: posts small blind $0.02
Hero: posts big blind $0.05
13f99bd6: posts missed blind $0.02
*** HOLE CARDS ***
Dealt to 334056a2 
Dealt to Hero [Qc 8c]
Dealt to a835b959 
Dealt to 202ba330 
Dealt to 13f99bd6 
Dealt to 507b57a7 
a835b959: folds
202ba330: raises $0.05 to $0.1
13f99bd6: folds
507b57a7: calls $0.1
334056a2: folds
Hero: calls $0.05
*** FLOP *** [4c Qd 8s]
Hero: bets $0.26
202ba330: folds
507b57a7: folds
Uncalled bet ($0.26) returned to Hero
*** SHOWDOWN ***
Hero collected $0.33 from pot
*** SUMMARY ***
Total pot $0.34 | Rake $0.01 | Jackpot $0 | Bingo $0 | Fortune $0
Board [4c Qd 8s]
Seat 1: 334056a2 (small blind) folded before Flop
Seat 2: Hero (big blind) won ($0.33)
Seat 3: a835b959 folded before Flop (didn't bet)
Seat 4: 202ba330 folded on the Flop
Seat 5: 13f99bd6 folded before Flop
Seat 6: 507b57a7 (button) folded on the Flop


Poker Hand #HD1146133426: Hold'em No Limit  ($0.02/$0.05) - 2023/03/04 22:14:31
Table 'NLHBlue7' 6-max Seat #4 is the button
Seat 1: 334056a2 ($5.37 in chips)
Seat 2: Hero ($5 in chips)
Seat 3: a835b959 ($0.81 in chips)
Seat 4: 202ba330 ($3.91 in chips)
Seat 6: 507b57a7 ($8.06 in chips)
507b57a7: posts small blind $0.02
334056a2: posts big blind $0.05
*** HOLE CARDS ***
Dealt to 334056a2 
Dealt to Hero [8s 2d]
Dealt to a835b959 
Dealt to 202ba330 
Dealt to 507b57a7 
Hero: folds
a835b959: folds
202ba330: raises $0.05 to $0.1
507b57a7: folds
334056a2: folds
Uncalled bet ($0.05) returned to 202ba330
*** SHOWDOWN ***
202ba330 collected $0.12 from pot
*** SUMMARY ***
Total pot $0.12 | Rake $0 | Jackpot $0 | Bingo $0 | Fortune $0
Seat 1: 334056a2 (big blind) folded before Flop
Seat 2: Hero folded before Flop (didn't bet)
Seat 3: a835b959 folded before Flop (didn't bet)
Seat 4: 202ba330 (button) collected ($0.12)
Seat 6: 507b57a7 (small blind) folded before Flop


Poker Hand #HD1146133355: Hold'em No Limit  ($0.02/$0.05) - 2023/03/04 22:13:54
Table 'NLHBlue7' 6-max Seat #3 is the button
Seat 1: 334056a2 ($5.37 in chips)
Seat 2: Hero ($5 in chips)
Seat 3: a835b959 ($0.81 in chips)
Seat 4: 202ba330 ($3.86 in chips)
Seat 5: 13f99bd6 ($5.26 in chips)
Seat 6: 507b57a7 ($8.06 in chips)
202ba330: posts small blind $0.02
13f99bd6: posts big blind $0.05
*** HOLE CARDS ***
Dealt to 334056a2 
Dealt to Hero [Jh 7c]
Dealt to a835b959 
Dealt to 202ba330 
Dealt to 13f99bd6 
Dealt to 507b57a7 
507b57a7: folds
334056a2: folds
Hero: folds
a835b959: folds
202ba330: raises $0.05 to $0.1
13f99bd6: folds
Uncalled bet ($0.05) returned to 202ba330
*** SHOWDOWN ***
202ba330 collected $0.1 from pot
*** SUMMARY ***
Total pot $0.1 | Rake $0 | Jackpot $0 | Bingo $0 | Fortune $0
Seat 1: 334056a2 folded before Flop (didn't bet)
Seat 2: Hero folded before Flop (didn't bet)
Seat 3: a835b959 (button) folded before Flop (didn't bet)
Seat 4: 202ba330 (small blind) collected ($0.1)
Seat 5: 13f99bd6 (big blind) folded before Flop
Seat 6: 507b57a7 folded before Flop (didn't bet)


Poker Hand #HD1146133277: Hold'em No Limit  ($0.02/$0.05) - 2023/03/04 22:13:11
Table 'NLHBlue7' 6-max Seat #2 is the button
Seat 1: 334056a2 ($5.37 in chips)
Seat 2: Hero ($5 in chips)
Seat 3: a835b959 ($0.95 in chips)
Seat 4: 202ba330 ($4 in chips)
Seat 5: 13f99bd6 ($5 in chips)
Seat 6: 507b57a7 ($8.06 in chips)
a835b959: posts small blind $0.02
202ba330: posts big blind $0.05
13f99bd6: posts big blind $0.05
*** HOLE CARDS ***
Dealt to 334056a2 
Dealt to Hero [2s 5c]
Dealt to a835b959 
Dealt to 202ba330 
Dealt to 13f99bd6 
Dealt to 507b57a7 
13f99bd6: checks
507b57a7: folds
334056a2: folds
Hero: folds
a835b959: raises $0.09 to $0.14
202ba330: calls $0.09
13f99bd6: calls $0.09
*** FLOP *** [Td 8c 4d]
a835b959: checks
202ba330: checks
13f99bd6: bets $0.1
a835b959: folds
202ba330: folds
Uncalled bet ($0.1) returned to 13f99bd6
*** SHOWDOWN ***
13f99bd6 collected $0.4 from pot
*** SUMMARY ***
Total pot $0.42 | Rake $0.02 | Jackpot $0 | Bingo $0 | Fortune $0
Board [Td 8c 4d]
Seat 1: 334056a2 folded before Flop (didn't bet)
Seat 2: Hero (button) folded before Flop (didn't bet)
Seat 3: a835b959 (small blind) folded on the Flop
Seat 4: 202ba330 (big blind) folded on the Flop
Seat 5: 13f99bd6 won ($0.4)
Seat 6: 507b57a7 folded before Flop (didn't bet)


Poker Hand #HD1146133247: Hold'em No Limit  ($0.02/$0.05) - 2023/03/04 22:12:56
Table 'NLHBlue7' 6-max Seat #1 is the button
Seat 1: 334056a2 ($5.3 in chips)
Seat 2: Hero ($5 in chips)
Seat 3: a835b959 ($1 in chips)
Seat 6: 507b57a7 ($8.06 in chips)
Hero: posts small blind $0.02
a835b959: posts big blind $0.05
*** HOLE CARDS ***
Dealt to 334056a2 
Dealt to Hero [2s 2d]
Dealt to a835b959 
Dealt to 507b57a7 
507b57a7: folds
334056a2: raises $0.05 to $0.1
Hero: folds
a835b959: folds
Uncalled bet ($0.05) returned to 334056a2
*** SHOWDOWN ***
334056a2 collected $0.12 from pot
*** SUMMARY ***
Total pot $0.12 | Rake $0 | Jackpot $0 | Bingo $0 | Fortune $0
Seat 1: 334056a2 (button) collected ($0.12)
Seat 2: Hero (small blind) folded before Flop
Seat 3: a835b959 (big blind) folded before Flop
Seat 6: 507b57a7 folded before Flop (didn't bet)


Poker Hand #HD1146133169: Hold'em No Limit  ($0.02/$0.05) - 2023/03/04 22:12:15
Table 'NLHBlue7' 6-max Seat #6 is the button
Seat 1: 334056a2 ($5 in chips)
Seat 2: Hero ($5 in chips)
Seat 3: a835b959 ($1 in chips)
Seat 6: 507b57a7 ($8.34 in chips)
334056a2: posts small blind $0.02
Hero: posts big blind $0.05
*** HOLE CARDS ***
Dealt to 334056a2 
Dealt to Hero [7s Jh]
Dealt to a835b959 
Dealt to 507b57a7 
a835b959: folds
507b57a7: raises $0.07 to $0.12
334056a2: calls $0.1
Hero: folds
*** FLOP *** [Qc 7d 8c]
334056a2: bets $0.16
507b57a7: calls $0.16
*** TURN *** [Qc 7d 8c] [4h]
334056a2: bets $0.46
507b57a7: folds
Uncalled bet ($0.46) returned to 334056a2
*** SHOWDOWN ***
334056a2 collected $0.58 from pot
*** SUMMARY ***
Total pot $0.61 | Rake $0.03 | Jackpot $0 | Bingo $0 | Fortune $0
Board [Qc 7d 8c 4h]
Seat 1: 334056a2 (small blind) won ($0.58)
Seat 2: Hero (big blind) folded before Flop
Seat 3: a835b959 folded before Flop (didn't bet)
Seat 6: 507b57a7 (button) folded on the Turn


