Poker Hand #HD1208530374: Hold'em No Limit  ($0.02/$0.05) - 2023/04/18 22:24:30
Table 'NLHBlue115' 6-max Seat #4 is the button
Seat 1: e2f69f87 ($6.07 in chips)
Seat 4: Hero ($5 in chips)
Seat 5: 7a551ef4 ($9.86 in chips)
7a551ef4: posts small blind $0.02
e2f69f87: posts big blind $0.05
*** HOLE CARDS ***
Dealt to e2f69f87 
Dealt to Hero [Kh 2c]
Dealt to 7a551ef4 
Hero: folds
7a551ef4: folds
Uncalled bet ($0.03) returned to e2f69f87
*** SHOWDOWN ***
e2f69f87 collected $0.04 from pot
*** SUMMARY ***
Total pot $0.04 | Rake $0 | Jackpot $0 | Bingo $0 | Fortune $0
Seat 1: e2f69f87 (big blind) collected ($0.04)
Seat 4: Hero (button) folded before Flop (didn't bet)
Seat 5: 7a551ef4 (small blind) folded before Flop


Poker Hand #HD1208530345: Hold'em No Limit  ($0.02/$0.05) - 2023/04/18 22:24:13
Table 'NLHBlue115' 6-max Seat #1 is the button
Seat 1: e2f69f87 ($6.07 in chips)
Seat 4: Hero ($4.97 in chips)
Seat 5: 7a551ef4 ($9.73 in chips)
Hero: posts small blind $0.02
7a551ef4: posts big blind $0.05
*** HOLE CARDS ***
Dealt to e2f69f87 
Dealt to Hero [Ts Qc]
Dealt to 7a551ef4 
e2f69f87: folds
Hero: raises $0.09 to $0.14
7a551ef4: raises $0.26 to $0.4
Hero: folds
Uncalled bet ($0.26) returned to 7a551ef4
*** SHOWDOWN ***
7a551ef4 collected $0.27 from pot
*** SUMMARY ***
Total pot $0.28 | Rake $0.01 | Jackpot $0 | Bingo $0 | Fortune $0
Seat 1: e2f69f87 (button) folded before Flop (didn't bet)
Seat 4: Hero (small blind) folded before Flop
Seat 5: 7a551ef4 (big blind) collected ($0.27)


Poker Hand #HD1208530318: Hold'em No Limit  ($0.02/$0.05) - 2023/04/18 22:24:00
Table 'NLHBlue115' 6-max Seat #5 is the button
Seat 1: e2f69f87 ($6.02 in chips)
Seat 4: Hero ($5.02 in chips)
Seat 5: 7a551ef4 ($9.73 in chips)
e2f69f87: posts small blind $0.02
Hero: posts big blind $0.05
*** HOLE CARDS ***
Dealt to e2f69f87 
Dealt to Hero [4c Kh]
Dealt to 7a551ef4 
7a551ef4: folds
e2f69f87: raises $0.1 to $0.15
Hero: folds
Uncalled bet ($0.1) returned to e2f69f87
*** SHOWDOWN ***
e2f69f87 collected $0.1 from pot
*** SUMMARY ***
Total pot $0.1 | Rake $0 | Jackpot $0 | Bingo $0 | Fortune $0
Seat 1: e2f69f87 (small blind) collected ($0.1)
Seat 4: Hero (big blind) folded before Flop
Seat 5: 7a551ef4 (button) folded before Flop (didn't bet)


Poker Hand #HD1208530255: Hold'em No Limit  ($0.02/$0.05) - 2023/04/18 22:23:23
Table 'NLHBlue115' 6-max Seat #4 is the button
Seat 1: e2f69f87 ($6 in chips)
Seat 4: Hero ($5.02 in chips)
Seat 5: 7a551ef4 ($9.75 in chips)
7a551ef4: posts small blind $0.02
e2f69f87: posts big blind $0.05
*** HOLE CARDS ***
Dealt to e2f69f87 
Dealt to Hero [3d Td]
Dealt to 7a551ef4 
Hero: folds
7a551ef4: folds
Uncalled bet ($0.03) returned to e2f69f87
*** SHOWDOWN ***
e2f69f87 collected $0.04 from pot
*** SUMMARY ***
Total pot $0.04 | Rake $0 | Jackpot $0 | Bingo $0 | Fortune $0
Seat 1: e2f69f87 (big blind) collected ($0.04)
Seat 4: Hero (button) folded before Flop (didn't bet)
Seat 5: 7a551ef4 (small blind) folded before Flop


Poker Hand #HD1208530217: Hold'em No Limit  ($0.02/$0.05) - 2023/04/18 22:22:59
Table 'NLHBlue115' 6-max Seat #1 is the button
Seat 1: e2f69f87 ($6 in chips)
Seat 4: Hero ($5.16 in chips)
Seat 5: 7a551ef4 ($9.62 in chips)
Hero: posts small blind $0.02
7a551ef4: posts big blind $0.05
*** HOLE CARDS ***
Dealt to e2f69f87 
Dealt to Hero [Ts Qc]
Dealt to 7a551ef4 
e2f69f87: folds
Hero: raises $0.09 to $0.14
7a551ef4: raises $0.4 to $0.54
Hero: folds
Uncalled bet ($0.4) returned to 7a551ef4
*** SHOWDOWN ***
7a551ef4 collected $0.27 from pot
*** SUMMARY ***
Total pot $0.28 | Rake $0.01 | Jackpot $0 | Bingo $0 | Fortune $0
Seat 1: e2f69f87 (button) folded before Flop (didn't bet)
Seat 4: Hero (small blind) folded before Flop
Seat 5: 7a551ef4 (big blind) collected ($0.27)


Poker Hand #HD1208530061: Hold'em No Limit  ($0.02/$0.05) - 2023/04/18 22:21:33
Table 'NLHBlue115' 6-max Seat #5 is the button
Seat 1: e2f69f87 ($5.86 in chips)
Seat 4: Hero ($5.31 in chips)
Seat 5: 7a551ef4 ($9.62 in chips)
e2f69f87: posts small blind $0.02
Hero: posts big blind $0.05
*** HOLE CARDS ***
Dealt to e2f69f87 
Dealt to Hero [Th Qs]
Dealt to 7a551ef4 
7a551ef4: folds
e2f69f87: raises $0.1 to $0.15
Hero: calls $0.1
*** FLOP *** [Ac 4d 4c]
e2f69f87: checks
Hero: checks
*** TURN *** [Ac 4d 4c] [Jh]
e2f69f87: checks
Hero: checks
*** RIVER *** [Ac 4d 4c Jh] [8s]
e2f69f87: checks
Hero: checks
e2f69f87: shows [9h Ks] (Pair of Fours)
Hero: shows [Th Qs] (Pair of Fours)
*** SHOWDOWN ***
e2f69f87 collected $0.29 from pot
*** SUMMARY ***
Total pot $0.3 | Rake $0.01 | Jackpot $0 | Bingo $0 | Fortune $0
Board [Ac 4d 4c Jh 8s]
Seat 1: e2f69f87 (small blind) showed [9h Ks] and won ($0.29) with Pair of Fours
Seat 4: Hero (big blind) showed [Th Qs] and lost with Pair of Fours
Seat 5: 7a551ef4 (button) folded before Flop (didn't bet)


Poker Hand #HD1208529943: Hold'em No Limit  ($0.02/$0.05) - 2023/04/18 22:20:26
Table 'NLHBlue115' 6-max Seat #4 is the button
Seat 1: e2f69f87 ($6.18 in chips)
Seat 4: Hero ($5 in chips)
Seat 5: 7a551ef4 ($9.64 in chips)
7a551ef4: posts small blind $0.02
e2f69f87: posts big blind $0.05
*** HOLE CARDS ***
Dealt to e2f69f87 
Dealt to Hero [9s Ad]
Dealt to 7a551ef4 
Hero: raises $0.07 to $0.12
7a551ef4: folds
e2f69f87: calls $0.07
*** FLOP *** [6s Ks 5c]
e2f69f87: checks
Hero: checks
*** TURN *** [6s Ks 5c] [9d]
e2f69f87: bets $0.2
Hero: calls $0.2
*** RIVER *** [6s Ks 5c 9d] [4d]
e2f69f87: checks
Hero: checks
e2f69f87: shows [Js 7s] (King-High)
Hero: shows [9s Ad] (Pair of Nines)
*** SHOWDOWN ***
Hero collected $0.63 from pot
*** SUMMARY ***
Total pot $0.66 | Rake $0.03 | Jackpot $0 | Bingo $0 | Fortune $0
Board [6s Ks 5c 9d 4d]
Seat 1: e2f69f87 (big blind) showed [Js 7s] and lost with King-High
Seat 4: Hero (button) showed [9s Ad] and won ($0.63) with Pair of Nines
Seat 5: 7a551ef4 (small blind) folded before Flop


Poker Hand #HD1208529930: Hold'em No Limit  ($0.02/$0.05) - 2023/04/18 22:20:18
Table 'NLHBlue115' 6-max Seat #1 is the button
Seat 1: e2f69f87 ($6.11 in chips)
Seat 4: Hero ($5 in chips)
Seat 5: 7a551ef4 ($9.69 in chips)
Hero: posts small blind $0.02
7a551ef4: posts big blind $0.05
*** HOLE CARDS ***
Dealt to e2f69f87 
Dealt to Hero [3s Tc]
Dealt to 7a551ef4 
e2f69f87: raises $0.07 to $0.12
Hero: folds
7a551ef4: folds
Uncalled bet ($0.07) returned to e2f69f87
*** SHOWDOWN ***
e2f69f87 collected $0.12 from pot
*** SUMMARY ***
Total pot $0.12 | Rake $0 | Jackpot $0 | Bingo $0 | Fortune $0
Seat 1: e2f69f87 (button) collected ($0.12)
Seat 4: Hero (small blind) folded before Flop
Seat 5: 7a551ef4 (big blind) folded before Flop


Poker Hand #HD1208529791: Hold'em No Limit  ($0.02/$0.05) - 2023/04/18 22:19:02
Table 'NLHBlue115' 6-max Seat #5 is the button
Seat 1: e2f69f87 ($6.19 in chips)
Seat 4: Hero ($5 in chips)
Seat 5: 7a551ef4 ($9.77 in chips)
e2f69f87: posts small blind $0.02
Hero: posts big blind $0.05
*** HOLE CARDS ***
Dealt to e2f69f87 
Dealt to Hero [9h 4s]
Dealt to 7a551ef4 
7a551ef4: raises $0.09 to $0.14
e2f69f87: raises $0.46 to $0.6
Hero: folds
7a551ef4: calls $0.46
*** FLOP *** [Ah Qd 2d]
e2f69f87: bets $0.47
7a551ef4: calls $0.47
*** TURN *** [Ah Qd 2d] [4c]
e2f69f87: checks
7a551ef4: checks
*** RIVER *** [Ah Qd 2d 4c] [6c]
e2f69f87: checks
7a551ef4: bets $0.71
e2f69f87: calls $0.71
7a551ef4: shows [Ac Kh] (Pair of Aces)
e2f69f87: shows [As Ks] (Pair of Aces)
*** SHOWDOWN ***
e2f69f87 collected $1.7 from pot
7a551ef4 collected $1.7 from pot
*** SUMMARY ***
Total pot $3.61 | Rake $0.16 | Jackpot $0.05 | Bingo $0 | Fortune $0
Board [Ah Qd 2d 4c 6c]
Seat 1: e2f69f87 (small blind) showed [As Ks] and won ($1.7) with Pair of Aces
Seat 4: Hero (big blind) folded before Flop
Seat 5: 7a551ef4 (button) showed [Ac Kh] and won ($1.7) with Pair of Aces


Poker Hand #HD1208529715: Hold'em No Limit  ($0.02/$0.05) - 2023/04/18 22:18:24
Table 'NLHBlue115' 6-max Seat #4 is the button
Seat 1: e2f69f87 ($6.06 in chips)
Seat 4: Hero ($5.07 in chips)
Seat 5: 7a551ef4 ($9.79 in chips)
7a551ef4: posts small blind $0.02
e2f69f87: posts big blind $0.05
*** HOLE CARDS ***
Dealt to e2f69f87 
Dealt to Hero [Qs 5s]
Dealt to 7a551ef4 
Hero: raises $0.07 to $0.12
7a551ef4: folds
e2f69f87: raises $0.43 to $0.55
Hero: folds
Uncalled bet ($0.43) returned to e2f69f87
*** SHOWDOWN ***
e2f69f87 collected $0.25 from pot
*** SUMMARY ***
Total pot $0.26 | Rake $0.01 | Jackpot $0 | Bingo $0 | Fortune $0
Seat 1: e2f69f87 (big blind) collected ($0.25)
Seat 4: Hero (button) folded before Flop
Seat 5: 7a551ef4 (small blind) folded before Flop


Poker Hand #HD1208529696: Hold'em No Limit  ($0.02/$0.05) - 2023/04/18 22:18:15
Table 'NLHBlue115' 6-max Seat #1 is the button
Seat 1: e2f69f87 ($6.06 in chips)
Seat 4: Hero ($5.09 in chips)
Seat 5: 7a551ef4 ($9.77 in chips)
Hero: posts small blind $0.02
7a551ef4: posts big blind $0.05
*** HOLE CARDS ***
Dealt to e2f69f87 
Dealt to Hero [6c 3s]
Dealt to 7a551ef4 
e2f69f87: folds
Hero: folds
Uncalled bet ($0.03) returned to 7a551ef4
*** SHOWDOWN ***
7a551ef4 collected $0.04 from pot
*** SUMMARY ***
Total pot $0.04 | Rake $0 | Jackpot $0 | Bingo $0 | Fortune $0
Seat 1: e2f69f87 (button) folded before Flop (didn't bet)
Seat 4: Hero (small blind) folded before Flop
Seat 5: 7a551ef4 (big blind) collected ($0.04)


Poker Hand #HD1208529675: Hold'em No Limit  ($0.02/$0.05) - 2023/04/18 22:18:04
Table 'NLHBlue115' 6-max Seat #5 is the button
Seat 1: e2f69f87 ($6.08 in chips)
Seat 4: Hero ($5.07 in chips)
Seat 5: 7a551ef4 ($9.77 in chips)
e2f69f87: posts small blind $0.02
Hero: posts big blind $0.05
*** HOLE CARDS ***
Dealt to e2f69f87 
Dealt to Hero [Ts Ad]
Dealt to 7a551ef4 
7a551ef4: folds
e2f69f87: folds
Uncalled bet ($0.03) returned to Hero
*** SHOWDOWN ***
Hero collected $0.04 from pot
*** SUMMARY ***
Total pot $0.04 | Rake $0 | Jackpot $0 | Bingo $0 | Fortune $0
Seat 1: e2f69f87 (small blind) folded before Flop
Seat 4: Hero (big blind) collected ($0.04)
Seat 5: 7a551ef4 (button) folded before Flop (didn't bet)


Poker Hand #HD1208529628: Hold'em No Limit  ($0.02/$0.05) - 2023/04/18 22:17:42
Table 'NLHBlue115' 6-max Seat #4 is the button
Seat 1: e2f69f87 ($6.13 in chips)
Seat 4: Hero ($5 in chips)
Seat 5: 7a551ef4 ($9.79 in chips)
7a551ef4: posts small blind $0.02
e2f69f87: posts big blind $0.05
*** HOLE CARDS ***
Dealt to e2f69f87 
Dealt to Hero [3h 4h]
Dealt to 7a551ef4 
Hero: raises $0.07 to $0.12
7a551ef4: folds
e2f69f87: folds
Uncalled bet ($0.07) returned to Hero
*** SHOWDOWN ***
Hero collected $0.12 from pot
*** SUMMARY ***
Total pot $0.12 | Rake $0 | Jackpot $0 | Bingo $0 | Fortune $0
Seat 1: e2f69f87 (big blind) folded before Flop
Seat 4: Hero (button) collected ($0.12)
Seat 5: 7a551ef4 (small blind) folded before Flop


Poker Hand #HD1208529595: Hold'em No Limit  ($0.02/$0.05) - 2023/04/18 22:17:21
Table 'NLHBlue115' 6-max Seat #1 is the button
Seat 1: e2f69f87 ($6.13 in chips)
Seat 2: e45931a9 ($7 in chips)
Seat 4: Hero ($5.05 in chips)
Seat 5: 7a551ef4 ($9.72 in chips)
e45931a9: posts small blind $0.02
Hero: posts big blind $0.05
*** HOLE CARDS ***
Dealt to e2f69f87 
Dealt to e45931a9 
Dealt to Hero [Ah 4s]
Dealt to 7a551ef4 
7a551ef4: raises $0.15 to $0.2
e2f69f87: folds
e45931a9: folds
Hero: folds
Uncalled bet ($0.15) returned to 7a551ef4
*** SHOWDOWN ***
7a551ef4 collected $0.12 from pot
*** SUMMARY ***
Total pot $0.12 | Rake $0 | Jackpot $0 | Bingo $0 | Fortune $0
Seat 1: e2f69f87 (button) folded before Flop (didn't bet)
Seat 2: e45931a9 (small blind) folded before Flop
Seat 4: Hero (big blind) folded before Flop
Seat 5: 7a551ef4 collected ($0.12)


Poker Hand #HD1208529570: Hold'em No Limit  ($0.02/$0.05) - 2023/04/18 22:17:09
Table 'NLHBlue115' 6-max Seat #5 is the button
Seat 1: e2f69f87 ($6.15 in chips)
Seat 2: e45931a9 ($7.05 in chips)
Seat 4: Hero ($5.05 in chips)
Seat 5: 7a551ef4 ($9.65 in chips)
e2f69f87: posts small blind $0.02
e45931a9: posts big blind $0.05
*** HOLE CARDS ***
Dealt to e2f69f87 
Dealt to e45931a9 
Dealt to Hero [Ts 8c]
Dealt to 7a551ef4 
Hero: folds
7a551ef4: raises $0.1 to $0.15
e2f69f87: folds
e45931a9: folds
Uncalled bet ($0.1) returned to 7a551ef4
*** SHOWDOWN ***
7a551ef4 collected $0.12 from pot
*** SUMMARY ***
Total pot $0.12 | Rake $0 | Jackpot $0 | Bingo $0 | Fortune $0
Seat 1: e2f69f87 (small blind) folded before Flop
Seat 2: e45931a9 (big blind) folded before Flop
Seat 4: Hero folded before Flop (didn't bet)
Seat 5: 7a551ef4 (button) collected ($0.12)


Poker Hand #HD1208529544: Hold'em No Limit  ($0.02/$0.05) - 2023/04/18 22:16:54
Table 'NLHBlue115' 6-max Seat #4 is the button
Seat 1: e2f69f87 ($6.13 in chips)
Seat 2: e45931a9 ($7.05 in chips)
Seat 4: Hero ($5.05 in chips)
Seat 5: 7a551ef4 ($9.67 in chips)
7a551ef4: posts small blind $0.02
e2f69f87: posts big blind $0.05
*** HOLE CARDS ***
Dealt to e2f69f87 
Dealt to e45931a9 
Dealt to Hero [Tc 3h]
Dealt to 7a551ef4 
e45931a9: folds
Hero: folds
7a551ef4: folds
Uncalled bet ($0.03) returned to e2f69f87
*** SHOWDOWN ***
e2f69f87 collected $0.04 from pot
*** SUMMARY ***
Total pot $0.04 | Rake $0 | Jackpot $0 | Bingo $0 | Fortune $0
Seat 1: e2f69f87 (big blind) collected ($0.04)
Seat 2: e45931a9 folded before Flop (didn't bet)
Seat 4: Hero (button) folded before Flop (didn't bet)
Seat 5: 7a551ef4 (small blind) folded before Flop


Poker Hand #HD1208529514: Hold'em No Limit  ($0.02/$0.05) - 2023/04/18 22:16:37
Table 'NLHBlue115' 6-max Seat #2 is the button
Seat 1: e2f69f87 ($6.13 in chips)
Seat 2: e45931a9 ($7.05 in chips)
Seat 4: Hero ($5 in chips)
Seat 5: 7a551ef4 ($9.72 in chips)
Hero: posts small blind $0.02
7a551ef4: posts big blind $0.05
*** HOLE CARDS ***
Dealt to e2f69f87 
Dealt to e45931a9 
Dealt to Hero [5s Js]
Dealt to 7a551ef4 
e2f69f87: folds
e45931a9: folds
Hero: raises $0.09 to $0.14
7a551ef4: folds
Uncalled bet ($0.09) returned to Hero
*** SHOWDOWN ***
Hero collected $0.1 from pot
*** SUMMARY ***
Total pot $0.1 | Rake $0 | Jackpot $0 | Bingo $0 | Fortune $0
Seat 1: e2f69f87 folded before Flop (didn't bet)
Seat 2: e45931a9 (button) folded before Flop (didn't bet)
Seat 4: Hero (small blind) collected ($0.1)
Seat 5: 7a551ef4 (big blind) folded before Flop


Poker Hand #HD1208529311: Hold'em No Limit  ($0.02/$0.05) - 2023/04/18 22:14:43
Table 'NLHBlue115' 6-max Seat #1 is the button
Seat 1: e2f69f87 ($6.13 in chips)
Seat 2: e45931a9 ($7.07 in chips)
Seat 4: Hero ($5 in chips)
Seat 5: 7a551ef4 ($5.86 in chips)
Seat 6: 5fa58d13 ($4.26 in chips)
e45931a9: posts small blind $0.02
Hero: posts big blind $0.05
*** HOLE CARDS ***
Dealt to e2f69f87 
Dealt to e45931a9 
Dealt to Hero [9d 2c]
Dealt to 7a551ef4 
Dealt to 5fa58d13 
7a551ef4: raises $0.13 to $0.18
5fa58d13: raises $0.52 to $0.7
e2f69f87: folds
e45931a9: folds
Hero: folds
7a551ef4: raises $5.16 to $5.86 and is all-in
5fa58d13: calls $3.56 and is all-in
Uncalled bet ($1.6) returned to 7a551ef4
7a551ef4: shows [Kc Ks]
5fa58d13: shows [Qc Ac]
*** FLOP *** [5s 5d 3d]
*** TURN *** [5s 5d 3d] [Td]
*** RIVER *** [5s 5d 3d Td] [3c]
*** SHOWDOWN ***
7a551ef4 collected $8.12 from pot
*** SUMMARY ***
Total pot $8.59 | Rake $0.42 | Jackpot $0.05 | Bingo $0 | Fortune $0
Board [5s 5d 3d Td 3c]
Seat 1: e2f69f87 (button) folded before Flop (didn't bet)
Seat 2: e45931a9 (small blind) folded before Flop
Seat 4: Hero (big blind) folded before Flop
Seat 5: 7a551ef4 showed [Kc Ks] and won ($8.12) with Pair of Kings and Pair of Fives
Seat 6: 5fa58d13 showed [Qc Ac] and lost with Pair of Fives and Pair of Treys


Poker Hand #HD1208529263: Hold'em No Limit  ($0.02/$0.05) - 2023/04/18 22:14:18
Table 'NLHBlue115' 6-max Seat #6 is the button
Seat 1: e2f69f87 ($6.15 in chips)
Seat 2: e45931a9 ($7.12 in chips)
Seat 3: 3980efac ($0.91 in chips)
Seat 4: Hero ($5 in chips)
Seat 5: 7a551ef4 ($5.86 in chips)
Seat 6: 5fa58d13 ($4.1 in chips)
e2f69f87: posts small blind $0.02
e45931a9: posts big blind $0.05
*** HOLE CARDS ***
Dealt to e2f69f87 
Dealt to e45931a9 
Dealt to 3980efac 
Dealt to Hero [Kd Th]
Dealt to 7a551ef4 
Dealt to 5fa58d13 
3980efac: raises $0.05 to $0.1
Hero: folds
7a551ef4: folds
5fa58d13: raises $0.4 to $0.5
e2f69f87: folds
e45931a9: folds
3980efac: folds
Uncalled bet ($0.4) returned to 5fa58d13
*** SHOWDOWN ***
5fa58d13 collected $0.26 from pot
*** SUMMARY ***
Total pot $0.27 | Rake $0.01 | Jackpot $0 | Bingo $0 | Fortune $0
Seat 1: e2f69f87 (small blind) folded before Flop
Seat 2: e45931a9 (big blind) folded before Flop
Seat 3: 3980efac folded before Flop
Seat 4: Hero folded before Flop (didn't bet)
Seat 5: 7a551ef4 folded before Flop (didn't bet)
Seat 6: 5fa58d13 (button) collected ($0.26)


Poker Hand #HD1208529073: Hold'em No Limit  ($0.02/$0.05) - 2023/04/18 22:12:31
Table 'NLHBlue115' 6-max Seat #5 is the button
Seat 1: e2f69f87 ($8.4 in chips)
Seat 2: e45931a9 ($5.12 in chips)
Seat 3: 3980efac ($0.91 in chips)
Seat 4: Hero ($5 in chips)
Seat 5: 7a551ef4 ($5.86 in chips)
Seat 6: 5fa58d13 ($4.12 in chips)
5fa58d13: posts small blind $0.02
e2f69f87: posts big blind $0.05
*** HOLE CARDS ***
Dealt to e2f69f87 
Dealt to e45931a9 
Dealt to 3980efac 
Dealt to Hero [2h 5h]
Dealt to 7a551ef4 
Dealt to 5fa58d13 
e45931a9: raises $0.1 to $0.15
3980efac: folds
Hero: folds
7a551ef4: folds
5fa58d13: folds
e2f69f87: calls $0.1
*** FLOP *** [Tc 3c 9s]
e2f69f87: checks
e45931a9: bets $0.11
e2f69f87: raises $0.31 to $0.42
e45931a9: calls $0.31
*** TURN *** [Tc 3c 9s] [7c]
e2f69f87: bets $0.78
e45931a9: calls $0.78
*** RIVER *** [Tc 3c 9s 7c] [Ad]
e2f69f87: bets $0.9
e45931a9: calls $0.9
e2f69f87: shows [3d 3s] (Three Treys)
e45931a9: shows [9c 9h] (Three Nines)
*** SHOWDOWN ***
e45931a9 collected $4.25 from pot
*** SUMMARY ***
Total pot $4.52 | Rake $0.22 | Jackpot $0.05 | Bingo $0 | Fortune $0
Board [Tc 3c 9s 7c Ad]
Seat 1: e2f69f87 (big blind) showed [3d 3s] and lost with Three Treys
Seat 2: e45931a9 showed [9c 9h] and won ($4.25) with Three Nines
Seat 3: 3980efac folded before Flop (didn't bet)
Seat 4: Hero folded before Flop (didn't bet)
Seat 5: 7a551ef4 (button) folded before Flop (didn't bet)
Seat 6: 5fa58d13 (small blind) folded before Flop


Poker Hand #HD1208529039: Hold'em No Limit  ($0.02/$0.05) - 2023/04/18 22:12:11
Table 'NLHBlue115' 6-max Seat #4 is the button
Seat 1: e2f69f87 ($8.4 in chips)
Seat 2: e45931a9 ($5.12 in chips)
Seat 3: 3980efac ($0.91 in chips)
Seat 4: Hero ($5 in chips)
Seat 5: 7a551ef4 ($5.88 in chips)
Seat 6: 5fa58d13 ($4.1 in chips)
7a551ef4: posts small blind $0.02
5fa58d13: posts big blind $0.05
*** HOLE CARDS ***
Dealt to e2f69f87 
Dealt to e45931a9 
Dealt to 3980efac 
Dealt to Hero [5h Ts]
Dealt to 7a551ef4 
Dealt to 5fa58d13 
e2f69f87: folds
e45931a9: folds
3980efac: folds
Hero: folds
7a551ef4: folds
Uncalled bet ($0.03) returned to 5fa58d13
*** SHOWDOWN ***
5fa58d13 collected $0.04 from pot
*** SUMMARY ***
Total pot $0.04 | Rake $0 | Jackpot $0 | Bingo $0 | Fortune $0
Seat 1: e2f69f87 folded before Flop (didn't bet)
Seat 2: e45931a9 folded before Flop (didn't bet)
Seat 3: 3980efac folded before Flop (didn't bet)
Seat 4: Hero (button) folded before Flop (didn't bet)
Seat 5: 7a551ef4 (small blind) folded before Flop
Seat 6: 5fa58d13 (big blind) collected ($0.04)


Poker Hand #HD1208529007: Hold'em No Limit  ($0.02/$0.05) - 2023/04/18 22:11:51
Table 'NLHBlue115' 6-max Seat #3 is the button
Seat 1: e2f69f87 ($8.4 in chips)
Seat 2: e45931a9 ($5.05 in chips)
Seat 3: 3980efac ($0.91 in chips)
Seat 4: Hero ($5 in chips)
Seat 5: 7a551ef4 ($5.93 in chips)
Seat 6: 5fa58d13 ($4.1 in chips)
Hero: posts small blind $0.02
7a551ef4: posts big blind $0.05
*** HOLE CARDS ***
Dealt to e2f69f87 
Dealt to e45931a9 
Dealt to 3980efac 
Dealt to Hero [Td Kc]
Dealt to 7a551ef4 
Dealt to 5fa58d13 
5fa58d13: folds
e2f69f87: folds
e45931a9: raises $0.1 to $0.15
3980efac: folds
Hero: folds
7a551ef4: folds
Uncalled bet ($0.1) returned to e45931a9
*** SHOWDOWN ***
e45931a9 collected $0.12 from pot
*** SUMMARY ***
Total pot $0.12 | Rake $0 | Jackpot $0 | Bingo $0 | Fortune $0
Seat 1: e2f69f87 folded before Flop (didn't bet)
Seat 2: e45931a9 collected ($0.12)
Seat 3: 3980efac (button) folded before Flop (didn't bet)
Seat 4: Hero (small blind) folded before Flop
Seat 5: 7a551ef4 (big blind) folded before Flop
Seat 6: 5fa58d13 folded before Flop (didn't bet)


Poker Hand #HD1208528959: Hold'em No Limit  ($0.02/$0.05) - 2023/04/18 22:11:25
Table 'NLHBlue115' 6-max Seat #2 is the button
Seat 1: e2f69f87 ($8.4 in chips)
Seat 2: e45931a9 ($5.05 in chips)
Seat 3: 3980efac ($0.93 in chips)
Seat 4: Hero ($5 in chips)
Seat 5: 7a551ef4 ($5.86 in chips)
Seat 6: 5fa58d13 ($4.1 in chips)
3980efac: posts small blind $0.02
Hero: posts big blind $0.05
*** HOLE CARDS ***
Dealt to e2f69f87 
Dealt to e45931a9 
Dealt to 3980efac 
Dealt to Hero [4s 9d]
Dealt to 7a551ef4 
Dealt to 5fa58d13 
7a551ef4: raises $0.09 to $0.14
5fa58d13: folds
e2f69f87: folds
e45931a9: folds
3980efac: folds
Hero: folds
Uncalled bet ($0.09) returned to 7a551ef4
*** SHOWDOWN ***
7a551ef4 collected $0.12 from pot
*** SUMMARY ***
Total pot $0.12 | Rake $0 | Jackpot $0 | Bingo $0 | Fortune $0
Seat 1: e2f69f87 folded before Flop (didn't bet)
Seat 2: e45931a9 (button) folded before Flop (didn't bet)
Seat 3: 3980efac (small blind) folded before Flop
Seat 4: Hero (big blind) folded before Flop
Seat 5: 7a551ef4 collected ($0.12)
Seat 6: 5fa58d13 folded before Flop (didn't bet)


Poker Hand #HD1208528928: Hold'em No Limit  ($0.02/$0.05) - 2023/04/18 22:11:04
Table 'NLHBlue115' 6-max Seat #1 is the button
Seat 1: e2f69f87 ($8.4 in chips)
Seat 2: e45931a9 ($4.95 in chips)
Seat 3: 3980efac ($0.98 in chips)
Seat 4: Hero ($5 in chips)
Seat 5: 7a551ef4 ($5.86 in chips)
Seat 6: 5fa58d13 ($4.1 in chips)
e45931a9: posts small blind $0.02
3980efac: posts big blind $0.05
*** HOLE CARDS ***
Dealt to e2f69f87 
Dealt to e45931a9 
Dealt to 3980efac 
Dealt to Hero [7h Qh]
Dealt to 7a551ef4 
Dealt to 5fa58d13 
Hero: folds
7a551ef4: folds
5fa58d13: folds
e2f69f87: folds
e45931a9: raises $0.1 to $0.15
3980efac: folds
Uncalled bet ($0.1) returned to e45931a9
*** SHOWDOWN ***
e45931a9 collected $0.1 from pot
*** SUMMARY ***
Total pot $0.1 | Rake $0 | Jackpot $0 | Bingo $0 | Fortune $0
Seat 1: e2f69f87 (button) folded before Flop (didn't bet)
Seat 2: e45931a9 (small blind) collected ($0.1)
Seat 3: 3980efac (big blind) folded before Flop
Seat 4: Hero folded before Flop (didn't bet)
Seat 5: 7a551ef4 folded before Flop (didn't bet)
Seat 6: 5fa58d13 folded before Flop (didn't bet)


Poker Hand #HD1208528875: Hold'em No Limit  ($0.02/$0.05) - 2023/04/18 22:10:35
Table 'NLHBlue115' 6-max Seat #6 is the button
Seat 1: e2f69f87 ($8.42 in chips)
Seat 2: e45931a9 ($5 in chips)
Seat 3: 3980efac ($0.91 in chips)
Seat 4: Hero ($5 in chips)
Seat 5: 7a551ef4 ($5.86 in chips)
Seat 6: 5fa58d13 ($4.1 in chips)
e2f69f87: posts small blind $0.02
e45931a9: posts big blind $0.05
*** HOLE CARDS ***
Dealt to e2f69f87 
Dealt to e45931a9 
Dealt to 3980efac 
Dealt to Hero [9c 5h]
Dealt to 7a551ef4 
Dealt to 5fa58d13 
3980efac: raises $0.05 to $0.1
Hero: folds
7a551ef4: folds
5fa58d13: folds
e2f69f87: folds
e45931a9: folds
Uncalled bet ($0.05) returned to 3980efac
*** SHOWDOWN ***
3980efac collected $0.12 from pot
*** SUMMARY ***
Total pot $0.12 | Rake $0 | Jackpot $0 | Bingo $0 | Fortune $0
Seat 1: e2f69f87 (small blind) folded before Flop
Seat 2: e45931a9 (big blind) folded before Flop
Seat 3: 3980efac collected ($0.12)
Seat 4: Hero folded before Flop (didn't bet)
Seat 5: 7a551ef4 folded before Flop (didn't bet)
Seat 6: 5fa58d13 (button) folded before Flop (didn't bet)


Poker Hand #HD1208528847: Hold'em No Limit  ($0.02/$0.05) - 2023/04/18 22:10:22
Table 'NLHBlue115' 6-max Seat #5 is the button
Seat 1: e2f69f87 ($8.4 in chips)
Seat 3: 3980efac ($0.91 in chips)
Seat 4: Hero ($5 in chips)
Seat 5: 7a551ef4 ($5.86 in chips)
Seat 6: 5fa58d13 ($4.12 in chips)
5fa58d13: posts small blind $0.02
e2f69f87: posts big blind $0.05
*** HOLE CARDS ***
Dealt to e2f69f87 
Dealt to 3980efac 
Dealt to Hero [5h Ts]
Dealt to 7a551ef4 
Dealt to 5fa58d13 
3980efac: folds
Hero: folds
7a551ef4: folds
5fa58d13: folds
Uncalled bet ($0.03) returned to e2f69f87
*** SHOWDOWN ***
e2f69f87 collected $0.04 from pot
*** SUMMARY ***
Total pot $0.04 | Rake $0 | Jackpot $0 | Bingo $0 | Fortune $0
Seat 1: e2f69f87 (big blind) collected ($0.04)
Seat 3: 3980efac folded before Flop (didn't bet)
Seat 4: Hero folded before Flop (didn't bet)
Seat 5: 7a551ef4 (button) folded before Flop (didn't bet)
Seat 6: 5fa58d13 (small blind) folded before Flop


Poker Hand #HD1208528808: Hold'em No Limit  ($0.02/$0.05) - 2023/04/18 22:10:00
Table 'NLHBlue115' 6-max Seat #4 is the button
Seat 1: e2f69f87 ($8.4 in chips)
Seat 3: 3980efac ($0.91 in chips)
Seat 4: Hero ($5 in chips)
Seat 5: 7a551ef4 ($5.88 in chips)
Seat 6: 5fa58d13 ($4.1 in chips)
7a551ef4: posts small blind $0.02
5fa58d13: posts big blind $0.05
*** HOLE CARDS ***
Dealt to e2f69f87 
Dealt to 3980efac 
Dealt to Hero [8d 7h]
Dealt to 7a551ef4 
Dealt to 5fa58d13 
e2f69f87: folds
3980efac: folds
Hero: folds
7a551ef4: folds
Uncalled bet ($0.03) returned to 5fa58d13
*** SHOWDOWN ***
5fa58d13 collected $0.04 from pot
*** SUMMARY ***
Total pot $0.04 | Rake $0 | Jackpot $0 | Bingo $0 | Fortune $0
Seat 1: e2f69f87 folded before Flop (didn't bet)
Seat 3: 3980efac folded before Flop (didn't bet)
Seat 4: Hero (button) folded before Flop (didn't bet)
Seat 5: 7a551ef4 (small blind) folded before Flop
Seat 6: 5fa58d13 (big blind) collected ($0.04)


Poker Hand #HD1208528770: Hold'em No Limit  ($0.02/$0.05) - 2023/04/18 22:09:37
Table 'NLHBlue115' 6-max Seat #3 is the button
Seat 1: e2f69f87 ($8.4 in chips)
Seat 3: 3980efac ($0.91 in chips)
Seat 4: Hero ($5.02 in chips)
Seat 5: 7a551ef4 ($5.93 in chips)
Seat 6: 5fa58d13 ($4.03 in chips)
Hero: posts small blind $0.02
7a551ef4: posts big blind $0.05
*** HOLE CARDS ***
Dealt to e2f69f87 
Dealt to 3980efac 
Dealt to Hero [5h 2s]
Dealt to 7a551ef4 
Dealt to 5fa58d13 
5fa58d13: raises $0.08 to $0.13
e2f69f87: folds
3980efac: folds
Hero: folds
7a551ef4: folds
Uncalled bet ($0.08) returned to 5fa58d13
*** SHOWDOWN ***
5fa58d13 collected $0.12 from pot
*** SUMMARY ***
Total pot $0.12 | Rake $0 | Jackpot $0 | Bingo $0 | Fortune $0
Seat 1: e2f69f87 folded before Flop (didn't bet)
Seat 3: 3980efac (button) folded before Flop (didn't bet)
Seat 4: Hero (small blind) folded before Flop
Seat 5: 7a551ef4 (big blind) folded before Flop
Seat 6: 5fa58d13 collected ($0.12)


Poker Hand #HD1208528726: Hold'em No Limit  ($0.02/$0.05) - 2023/04/18 22:09:16
Table 'NLHBlue115' 6-max Seat #2 is the button
Seat 1: e2f69f87 ($8.4 in chips)
Seat 2: 37bcdfb3 ($5.03 in chips)
Seat 3: 3980efac ($0.93 in chips)
Seat 4: Hero ($5 in chips)
Seat 5: 7a551ef4 ($5.93 in chips)
Seat 6: 5fa58d13 ($4.03 in chips)
3980efac: posts small blind $0.02
Hero: posts big blind $0.05
*** HOLE CARDS ***
Dealt to e2f69f87 
Dealt to 37bcdfb3 
Dealt to 3980efac 
Dealt to Hero [Tc 4c]
Dealt to 7a551ef4 
Dealt to 5fa58d13 
7a551ef4: folds
5fa58d13: folds
e2f69f87: folds
37bcdfb3: folds
3980efac: folds
Uncalled bet ($0.03) returned to Hero
*** SHOWDOWN ***
Hero collected $0.04 from pot
*** SUMMARY ***
Total pot $0.04 | Rake $0 | Jackpot $0 | Bingo $0 | Fortune $0
Seat 1: e2f69f87 folded before Flop (didn't bet)
Seat 2: 37bcdfb3 (button) folded before Flop (didn't bet)
Seat 3: 3980efac (small blind) folded before Flop
Seat 4: Hero (big blind) collected ($0.04)
Seat 5: 7a551ef4 folded before Flop (didn't bet)
Seat 6: 5fa58d13 folded before Flop (didn't bet)


