Poker Hand #HD1203377355: Hold'em No Limit  ($0.02/$0.05) - 2023/04/14 22:37:05
Table 'NLHBlue32' 6-max Seat #1 is the button
Seat 1: 3c033b62 ($2.9 in chips)
Seat 2: 2f862729 ($5.78 in chips)
Seat 3: 6edcab3 ($8.46 in chips)
Seat 4: Hero ($5.07 in chips)
Seat 5: 821febcb ($1.69 in chips)
Seat 6: 1d3c88a1 ($5 in chips)
2f862729: posts small blind $0.02
6edcab3: posts big blind $0.05
*** HOLE CARDS ***
Dealt to 3c033b62 
Dealt to 2f862729 
Dealt to 6edcab3 
Dealt to Hero [Jh Tc]
Dealt to 821febcb 
Dealt to 1d3c88a1 
Hero: folds
821febcb: folds
1d3c88a1: folds
3c033b62: folds
2f862729: folds
Uncalled bet ($0.03) returned to 6edcab3
*** SHOWDOWN ***
6edcab3 collected $0.04 from pot
*** SUMMARY ***
Total pot $0.04 | Rake $0 | Jackpot $0 | Bingo $0 | Fortune $0
Seat 1: 3c033b62 (button) folded before Flop (didn't bet)
Seat 2: 2f862729 (small blind) folded before Flop
Seat 3: 6edcab3 (big blind) collected ($0.04)
Seat 4: Hero folded before Flop (didn't bet)
Seat 5: 821febcb folded before Flop (didn't bet)
Seat 6: 1d3c88a1 folded before Flop (didn't bet)


Poker Hand #HD1203377326: Hold'em No Limit  ($0.02/$0.05) - 2023/04/14 22:36:48
Table 'NLHBlue32' 6-max Seat #6 is the button
Seat 1: 3c033b62 ($2.92 in chips)
Seat 2: 2f862729 ($5.83 in chips)
Seat 3: 6edcab3 ($8.46 in chips)
Seat 4: Hero ($5 in chips)
Seat 5: 821febcb ($1.69 in chips)
Seat 6: 1d3c88a1 ($5 in chips)
3c033b62: posts small blind $0.02
2f862729: posts big blind $0.05
*** HOLE CARDS ***
Dealt to 3c033b62 
Dealt to 2f862729 
Dealt to 6edcab3 
Dealt to Hero [Jd Ah]
Dealt to 821febcb 
Dealt to 1d3c88a1 
6edcab3: folds
Hero: raises $0.07 to $0.12
821febcb: folds
1d3c88a1: folds
3c033b62: folds
2f862729: folds
Uncalled bet ($0.07) returned to Hero
*** SHOWDOWN ***
Hero collected $0.12 from pot
*** SUMMARY ***
Total pot $0.12 | Rake $0 | Jackpot $0 | Bingo $0 | Fortune $0
Seat 1: 3c033b62 (small blind) folded before Flop
Seat 2: 2f862729 (big blind) folded before Flop
Seat 3: 6edcab3 folded before Flop (didn't bet)
Seat 4: Hero collected ($0.12)
Seat 5: 821febcb folded before Flop (didn't bet)
Seat 6: 1d3c88a1 (button) folded before Flop (didn't bet)


Poker Hand #HD1203377261: Hold'em No Limit  ($0.02/$0.05) - 2023/04/14 22:36:04
Table 'NLHBlue32' 6-max Seat #5 is the button
Seat 1: 3c033b62 ($2.97 in chips)
Seat 2: 2f862729 ($5.83 in chips)
Seat 3: 6edcab3 ($8.39 in chips)
Seat 4: Hero ($5 in chips)
Seat 5: 821febcb ($1.69 in chips)
Seat 6: 1d3c88a1 ($5 in chips)
1d3c88a1: posts small blind $0.02
3c033b62: posts big blind $0.05
*** HOLE CARDS ***
Dealt to 3c033b62 
Dealt to 2f862729 
Dealt to 6edcab3 
Dealt to Hero [7s Ts]
Dealt to 821febcb 
Dealt to 1d3c88a1 
2f862729: folds
6edcab3: calls $0.05
Hero: folds
821febcb: folds
1d3c88a1: folds
3c033b62: checks
*** FLOP *** [4h Td 3h]
3c033b62: checks
6edcab3: checks
*** TURN *** [4h Td 3h] [6h]
3c033b62: checks
6edcab3: bets $0.06
3c033b62: folds
Uncalled bet ($0.06) returned to 6edcab3
*** SHOWDOWN ***
6edcab3 collected $0.12 from pot
*** SUMMARY ***
Total pot $0.12 | Rake $0 | Jackpot $0 | Bingo $0 | Fortune $0
Board [4h Td 3h 6h]
Seat 1: 3c033b62 (big blind) folded on the Turn
Seat 2: 2f862729 folded before Flop (didn't bet)
Seat 3: 6edcab3 won ($0.12)
Seat 4: Hero folded before Flop (didn't bet)
Seat 5: 821febcb (button) folded before Flop (didn't bet)
Seat 6: 1d3c88a1 (small blind) folded before Flop


Poker Hand #HD1203377178: Hold'em No Limit  ($0.02/$0.05) - 2023/04/14 22:35:16
Table 'NLHBlue32' 6-max Seat #4 is the button
Seat 1: 3c033b62 ($2.97 in chips)
Seat 2: 2f862729 ($5.83 in chips)
Seat 3: 6edcab3 ($8.56 in chips)
Seat 4: Hero ($5 in chips)
Seat 5: 821febcb ($1.37 in chips)
Seat 6: 1d3c88a1 ($5.07 in chips)
821febcb: posts small blind $0.02
1d3c88a1: posts big blind $0.05
*** HOLE CARDS ***
Dealt to 3c033b62 
Dealt to 2f862729 
Dealt to 6edcab3 
Dealt to Hero [8c Jc]
Dealt to 821febcb 
Dealt to 1d3c88a1 
3c033b62: folds
2f862729: folds
6edcab3: calls $0.05
Hero: folds
821febcb: raises $0.12 to $0.17
1d3c88a1: calls $0.12
6edcab3: calls $0.12
*** FLOP *** [Ac 2d 4s]
821febcb: bets $0.39
1d3c88a1: folds
6edcab3: folds
Uncalled bet ($0.39) returned to 821febcb
*** SHOWDOWN ***
821febcb collected $0.49 from pot
*** SUMMARY ***
Total pot $0.51 | Rake $0.02 | Jackpot $0 | Bingo $0 | Fortune $0
Board [Ac 2d 4s]
Seat 1: 3c033b62 folded before Flop (didn't bet)
Seat 2: 2f862729 folded before Flop (didn't bet)
Seat 3: 6edcab3 folded on the Flop
Seat 4: Hero (button) folded before Flop (didn't bet)
Seat 5: 821febcb (small blind) won ($0.49)
Seat 6: 1d3c88a1 (big blind) folded on the Flop


Poker Hand #HD1203377146: Hold'em No Limit  ($0.02/$0.05) - 2023/04/14 22:34:57
Table 'NLHBlue32' 6-max Seat #3 is the button
Seat 1: 3c033b62 ($2.97 in chips)
Seat 2: 2f862729 ($5.83 in chips)
Seat 3: 6edcab3 ($8.56 in chips)
Seat 4: Hero ($5 in chips)
Seat 5: 821febcb ($1.42 in chips)
Seat 6: 1d3c88a1 ($5 in chips)
Hero: posts small blind $0.02
821febcb: posts big blind $0.05
*** HOLE CARDS ***
Dealt to 3c033b62 
Dealt to 2f862729 
Dealt to 6edcab3 
Dealt to Hero [5d Jd]
Dealt to 821febcb 
Dealt to 1d3c88a1 
1d3c88a1: raises $0.08 to $0.13
3c033b62: folds
2f862729: folds
6edcab3: folds
Hero: folds
821febcb: folds
Uncalled bet ($0.08) returned to 1d3c88a1
*** SHOWDOWN ***
1d3c88a1 collected $0.12 from pot
*** SUMMARY ***
Total pot $0.12 | Rake $0 | Jackpot $0 | Bingo $0 | Fortune $0
Seat 1: 3c033b62 folded before Flop (didn't bet)
Seat 2: 2f862729 folded before Flop (didn't bet)
Seat 3: 6edcab3 (button) folded before Flop (didn't bet)
Seat 4: Hero (small blind) folded before Flop
Seat 5: 821febcb (big blind) folded before Flop
Seat 6: 1d3c88a1 collected ($0.12)


Poker Hand #HD1203377046: Hold'em No Limit  ($0.02/$0.05) - 2023/04/14 22:33:54
Table 'NLHBlue32' 6-max Seat #2 is the button
Seat 1: 3c033b62 ($2.97 in chips)
Seat 2: 2f862729 ($5.83 in chips)
Seat 3: 6edcab3 ($8.25 in chips)
Seat 4: Hero ($5.03 in chips)
Seat 5: 821febcb ($1.42 in chips)
Seat 6: 1d3c88a1 ($5 in chips)
6edcab3: posts small blind $0.02
Hero: posts big blind $0.05
*** HOLE CARDS ***
Dealt to 3c033b62 
Dealt to 2f862729 
Dealt to 6edcab3 
Dealt to Hero [2h Qc]
Dealt to 821febcb 
Dealt to 1d3c88a1 
821febcb: folds
1d3c88a1: raises $0.08 to $0.13
3c033b62: folds
2f862729: folds
6edcab3: calls $0.11
Hero: folds
*** FLOP *** [8d Js Kd]
6edcab3: checks
1d3c88a1: checks
*** TURN *** [8d Js Kd] [Tc]
6edcab3: bets $0.16
1d3c88a1: calls $0.16
*** RIVER *** [8d Js Kd Tc] [2d]
6edcab3: bets $0.21
1d3c88a1: folds
Uncalled bet ($0.21) returned to 6edcab3
*** SHOWDOWN ***
6edcab3 collected $0.6 from pot
*** SUMMARY ***
Total pot $0.63 | Rake $0.03 | Jackpot $0 | Bingo $0 | Fortune $0
Board [8d Js Kd Tc 2d]
Seat 1: 3c033b62 folded before Flop (didn't bet)
Seat 2: 2f862729 (button) folded before Flop (didn't bet)
Seat 3: 6edcab3 (small blind) won ($0.6)
Seat 4: Hero (big blind) folded before Flop
Seat 5: 821febcb folded before Flop (didn't bet)
Seat 6: 1d3c88a1 folded on the River


Poker Hand #HD1203377024: Hold'em No Limit  ($0.02/$0.05) - 2023/04/14 22:33:41
Table 'NLHBlue32' 6-max Seat #1 is the button
Seat 1: 3c033b62 ($2.97 in chips)
Seat 2: 2f862729 ($5.85 in chips)
Seat 3: 6edcab3 ($8.23 in chips)
Seat 4: Hero ($5.03 in chips)
Seat 5: 821febcb ($1.42 in chips)
Seat 6: 1d3c88a1 ($5 in chips)
2f862729: posts small blind $0.02
6edcab3: posts big blind $0.05
*** HOLE CARDS ***
Dealt to 3c033b62 
Dealt to 2f862729 
Dealt to 6edcab3 
Dealt to Hero [Jd 8c]
Dealt to 821febcb 
Dealt to 1d3c88a1 
Hero: folds
821febcb: folds
1d3c88a1: folds
3c033b62: folds
2f862729: folds
Uncalled bet ($0.03) returned to 6edcab3
*** SHOWDOWN ***
6edcab3 collected $0.04 from pot
*** SUMMARY ***
Total pot $0.04 | Rake $0 | Jackpot $0 | Bingo $0 | Fortune $0
Seat 1: 3c033b62 (button) folded before Flop (didn't bet)
Seat 2: 2f862729 (small blind) folded before Flop
Seat 3: 6edcab3 (big blind) collected ($0.04)
Seat 4: Hero folded before Flop (didn't bet)
Seat 5: 821febcb folded before Flop (didn't bet)
Seat 6: 1d3c88a1 folded before Flop (didn't bet)


Poker Hand #HD1203376959: Hold'em No Limit  ($0.02/$0.05) - 2023/04/14 22:33:02
Table 'NLHBlue32' 6-max Seat #6 is the button
Seat 1: 3c033b62 ($2.99 in chips)
Seat 2: 2f862729 ($5.9 in chips)
Seat 3: 6edcab3 ($8.16 in chips)
Seat 4: Hero ($5.03 in chips)
Seat 5: 821febcb ($1.42 in chips)
Seat 6: 1d3c88a1 ($5 in chips)
3c033b62: posts small blind $0.02
2f862729: posts big blind $0.05
*** HOLE CARDS ***
Dealt to 3c033b62 
Dealt to 2f862729 
Dealt to 6edcab3 
Dealt to Hero [Jd Ts]
Dealt to 821febcb 
Dealt to 1d3c88a1 
6edcab3: calls $0.05
Hero: folds
821febcb: folds
1d3c88a1: folds
3c033b62: folds
2f862729: checks
*** FLOP *** [5h 9h 9s]
2f862729: checks
6edcab3: checks
*** TURN *** [5h 9h 9s] [7c]
2f862729: checks
6edcab3: bets $0.06
2f862729: folds
Uncalled bet ($0.06) returned to 6edcab3
*** SHOWDOWN ***
6edcab3 collected $0.12 from pot
*** SUMMARY ***
Total pot $0.12 | Rake $0 | Jackpot $0 | Bingo $0 | Fortune $0
Board [5h 9h 9s 7c]
Seat 1: 3c033b62 (small blind) folded before Flop
Seat 2: 2f862729 (big blind) folded on the Turn
Seat 3: 6edcab3 won ($0.12)
Seat 4: Hero folded before Flop (didn't bet)
Seat 5: 821febcb folded before Flop (didn't bet)
Seat 6: 1d3c88a1 (button) folded before Flop (didn't bet)


Poker Hand #HD1203376928: Hold'em No Limit  ($0.02/$0.05) - 2023/04/14 22:32:44
Table 'NLHBlue32' 6-max Seat #5 is the button
Seat 1: 3c033b62 ($3.04 in chips)
Seat 2: 2f862729 ($5.9 in chips)
Seat 3: 6edcab3 ($8.16 in chips)
Seat 4: Hero ($5.03 in chips)
Seat 5: 821febcb ($1.35 in chips)
Seat 6: 1d3c88a1 ($5 in chips)
1d3c88a1: posts small blind $0.02
3c033b62: posts big blind $0.05
*** HOLE CARDS ***
Dealt to 3c033b62 
Dealt to 2f862729 
Dealt to 6edcab3 
Dealt to Hero [7s 3c]
Dealt to 821febcb 
Dealt to 1d3c88a1 
2f862729: folds
6edcab3: folds
Hero: folds
821febcb: raises $0.08 to $0.13
1d3c88a1: folds
3c033b62: folds
Uncalled bet ($0.08) returned to 821febcb
*** SHOWDOWN ***
821febcb collected $0.12 from pot
*** SUMMARY ***
Total pot $0.12 | Rake $0 | Jackpot $0 | Bingo $0 | Fortune $0
Seat 1: 3c033b62 (big blind) folded before Flop
Seat 2: 2f862729 folded before Flop (didn't bet)
Seat 3: 6edcab3 folded before Flop (didn't bet)
Seat 4: Hero folded before Flop (didn't bet)
Seat 5: 821febcb (button) collected ($0.12)
Seat 6: 1d3c88a1 (small blind) folded before Flop


Poker Hand #HD1203376822: Hold'em No Limit  ($0.02/$0.05) - 2023/04/14 22:31:45
Table 'NLHBlue32' 6-max Seat #4 is the button
Seat 1: 3c033b62 ($3.04 in chips)
Seat 2: 2f862729 ($5.9 in chips)
Seat 3: 6edcab3 ($7.32 in chips)
Seat 4: Hero ($5.94 in chips)
Seat 5: 821febcb ($1.37 in chips)
Seat 6: 1d3c88a1 ($5 in chips)
821febcb: posts small blind $0.02
1d3c88a1: posts big blind $0.05
*** HOLE CARDS ***
Dealt to 3c033b62 
Dealt to 2f862729 
Dealt to 6edcab3 
Dealt to Hero [9s 9d]
Dealt to 821febcb 
Dealt to 1d3c88a1 
3c033b62: folds
2f862729: folds
6edcab3: calls $0.05
Hero: raises $0.25 to $0.3
821febcb: folds
1d3c88a1: folds
6edcab3: calls $0.25
*** FLOP *** [7c 2d Jh]
6edcab3: bets $0.23
Hero: calls $0.23
*** TURN *** [7c 2d Jh] [7s]
6edcab3: bets $0.38
Hero: calls $0.38
*** RIVER *** [7c 2d Jh 7s] [Qh]
6edcab3: bets $0.63
Hero: folds
Uncalled bet ($0.63) returned to 6edcab3
*** SHOWDOWN ***
6edcab3 collected $1.75 from pot
*** SUMMARY ***
Total pot $1.89 | Rake $0.09 | Jackpot $0.05 | Bingo $0 | Fortune $0
Board [7c 2d Jh 7s Qh]
Seat 1: 3c033b62 folded before Flop (didn't bet)
Seat 2: 2f862729 folded before Flop (didn't bet)
Seat 3: 6edcab3 won ($1.75)
Seat 4: Hero (button) folded on the River
Seat 5: 821febcb (small blind) folded before Flop
Seat 6: 1d3c88a1 (big blind) folded before Flop


Poker Hand #HD1203376753: Hold'em No Limit  ($0.02/$0.05) - 2023/04/14 22:31:02
Table 'NLHBlue32' 6-max Seat #3 is the button
Seat 1: 3c033b62 ($2.93 in chips)
Seat 2: 2f862729 ($5.9 in chips)
Seat 3: 6edcab3 ($7.32 in chips)
Seat 4: Hero ($5.96 in chips)
Seat 5: 821febcb ($1.47 in chips)
Seat 6: 1d3c88a1 ($5 in chips)
Hero: posts small blind $0.02
821febcb: posts big blind $0.05
*** HOLE CARDS ***
Dealt to 3c033b62 
Dealt to 2f862729 
Dealt to 6edcab3 
Dealt to Hero [3d Ts]
Dealt to 821febcb 
Dealt to 1d3c88a1 
1d3c88a1: folds
3c033b62: raises $0.05 to $0.1
2f862729: folds
6edcab3: folds
Hero: folds
821febcb: calls $0.05
*** FLOP *** [4s As 9h]
821febcb: checks
3c033b62: bets $0.1
821febcb: folds
Uncalled bet ($0.1) returned to 3c033b62
*** SHOWDOWN ***
3c033b62 collected $0.21 from pot
*** SUMMARY ***
Total pot $0.22 | Rake $0.01 | Jackpot $0 | Bingo $0 | Fortune $0
Board [4s As 9h]
Seat 1: 3c033b62 won ($0.21)
Seat 2: 2f862729 folded before Flop (didn't bet)
Seat 3: 6edcab3 (button) folded before Flop (didn't bet)
Seat 4: Hero (small blind) folded before Flop
Seat 5: 821febcb (big blind) folded on the Flop
Seat 6: 1d3c88a1 folded before Flop (didn't bet)


Poker Hand #HD1203376654: Hold'em No Limit  ($0.02/$0.05) - 2023/04/14 22:30:02
Table 'NLHBlue32' 6-max Seat #2 is the button
Seat 1: 3c033b62 ($2.93 in chips)
Seat 2: 2f862729 ($5.9 in chips)
Seat 3: 6edcab3 ($7.34 in chips)
Seat 4: Hero ($5.69 in chips)
Seat 5: 821febcb ($1.47 in chips)
Seat 6: 1d3c88a1 ($5 in chips)
6edcab3: posts small blind $0.02
Hero: posts big blind $0.05
*** HOLE CARDS ***
Dealt to 3c033b62 
Dealt to 2f862729 
Dealt to 6edcab3 
Dealt to Hero [Ah 5s]
Dealt to 821febcb 
Dealt to 1d3c88a1 
821febcb: folds
1d3c88a1: raises $0.08 to $0.13
3c033b62: folds
2f862729: folds
6edcab3: folds
Hero: calls $0.08
*** FLOP *** [9d Kh 3d]
Hero: checks
1d3c88a1: checks
*** TURN *** [9d Kh 3d] [Ad]
Hero: bets $0.14
1d3c88a1: calls $0.14
*** RIVER *** [9d Kh 3d Ad] [Ac]
Hero: checks
1d3c88a1: checks
Hero: shows [Ah 5s] (Three Aces)
1d3c88a1: shows [Kd Ts] (Pair of Aces and Pair of Kings)
*** SHOWDOWN ***
Hero collected $0.54 from pot
*** SUMMARY ***
Total pot $0.56 | Rake $0.02 | Jackpot $0 | Bingo $0 | Fortune $0
Board [9d Kh 3d Ad Ac]
Seat 1: 3c033b62 folded before Flop (didn't bet)
Seat 2: 2f862729 (button) folded before Flop (didn't bet)
Seat 3: 6edcab3 (small blind) folded before Flop
Seat 4: Hero (big blind) showed [Ah 5s] and won ($0.54) with Three Aces
Seat 5: 821febcb folded before Flop (didn't bet)
Seat 6: 1d3c88a1 showed [Kd Ts] and lost with Pair of Aces and Pair of Kings


Poker Hand #HD1203376628: Hold'em No Limit  ($0.02/$0.05) - 2023/04/14 22:29:46
Table 'NLHBlue32' 6-max Seat #1 is the button
Seat 1: 3c033b62 ($2.93 in chips)
Seat 2: 2f862729 ($5.92 in chips)
Seat 3: 6edcab3 ($7.32 in chips)
Seat 4: Hero ($5.69 in chips)
Seat 5: 821febcb ($1.47 in chips)
Seat 6: 1d3c88a1 ($5 in chips)
2f862729: posts small blind $0.02
6edcab3: posts big blind $0.05
*** HOLE CARDS ***
Dealt to 3c033b62 
Dealt to 2f862729 
Dealt to 6edcab3 
Dealt to Hero [Ah 5s]
Dealt to 821febcb 
Dealt to 1d3c88a1 
Hero: folds
821febcb: folds
1d3c88a1: folds
3c033b62: folds
2f862729: folds
Uncalled bet ($0.03) returned to 6edcab3
*** SHOWDOWN ***
6edcab3 collected $0.04 from pot
*** SUMMARY ***
Total pot $0.04 | Rake $0 | Jackpot $0 | Bingo $0 | Fortune $0
Seat 1: 3c033b62 (button) folded before Flop (didn't bet)
Seat 2: 2f862729 (small blind) folded before Flop
Seat 3: 6edcab3 (big blind) collected ($0.04)
Seat 4: Hero folded before Flop (didn't bet)
Seat 5: 821febcb folded before Flop (didn't bet)
Seat 6: 1d3c88a1 folded before Flop (didn't bet)


Poker Hand #HD1203376555: Hold'em No Limit  ($0.02/$0.05) - 2023/04/14 22:28:57
Table 'NLHBlue32' 6-max Seat #6 is the button
Seat 1: 3c033b62 ($2.95 in chips)
Seat 2: 2f862729 ($5.97 in chips)
Seat 3: 6edcab3 ($6.64 in chips)
Seat 4: Hero ($5.69 in chips)
Seat 5: 821febcb ($1.47 in chips)
Seat 6: 1d3c88a1 ($5.07 in chips)
3c033b62: posts small blind $0.02
2f862729: posts big blind $0.05
*** HOLE CARDS ***
Dealt to 3c033b62 
Dealt to 2f862729 
Dealt to 6edcab3 
Dealt to Hero [5c 7s]
Dealt to 821febcb 
Dealt to 1d3c88a1 
6edcab3: calls $0.05
Hero: folds
821febcb: folds
1d3c88a1: raises $0.17 to $0.22
3c033b62: folds
2f862729: folds
6edcab3: calls $0.17
*** FLOP *** [Qh 3h 6c]
6edcab3: bets $0.17
1d3c88a1: calls $0.17
*** TURN *** [Qh 3h 6c] [Jc]
6edcab3: bets $0.29
1d3c88a1: calls $0.29
*** RIVER *** [Qh 3h 6c Jc] [6d]
6edcab3: bets $0.48
1d3c88a1: folds
Uncalled bet ($0.48) returned to 6edcab3
*** SHOWDOWN ***
6edcab3 collected $1.36 from pot
*** SUMMARY ***
Total pot $1.43 | Rake $0.07 | Jackpot $0 | Bingo $0 | Fortune $0
Board [Qh 3h 6c Jc 6d]
Seat 1: 3c033b62 (small blind) folded before Flop
Seat 2: 2f862729 (big blind) folded before Flop
Seat 3: 6edcab3 won ($1.36)
Seat 4: Hero folded before Flop (didn't bet)
Seat 5: 821febcb folded before Flop (didn't bet)
Seat 6: 1d3c88a1 (button) folded on the River


Poker Hand #HD1203376480: Hold'em No Limit  ($0.02/$0.05) - 2023/04/14 22:28:11
Table 'NLHBlue32' 6-max Seat #5 is the button
Seat 1: 3c033b62 ($3 in chips)
Seat 2: 2f862729 ($5.97 in chips)
Seat 3: 6edcab3 ($6.31 in chips)
Seat 4: Hero ($5.69 in chips)
Seat 5: 821febcb ($1.62 in chips)
Seat 6: 1d3c88a1 ($5.22 in chips)
1d3c88a1: posts small blind $0.02
3c033b62: posts big blind $0.05
*** HOLE CARDS ***
Dealt to 3c033b62 
Dealt to 2f862729 
Dealt to 6edcab3 
Dealt to Hero [8h 6h]
Dealt to 821febcb 
Dealt to 1d3c88a1 
2f862729: folds
6edcab3: calls $0.05
Hero: folds
821febcb: raises $0.1 to $0.15
1d3c88a1: calls $0.13
3c033b62: folds
6edcab3: calls $0.1
*** FLOP *** [3c 2h 3d]
1d3c88a1: checks
6edcab3: checks
821febcb: checks
*** TURN *** [3c 2h 3d] [Ks]
1d3c88a1: checks
6edcab3: bets $0.17
821febcb: folds
1d3c88a1: folds
Uncalled bet ($0.17) returned to 6edcab3
*** SHOWDOWN ***
6edcab3 collected $0.48 from pot
*** SUMMARY ***
Total pot $0.5 | Rake $0.02 | Jackpot $0 | Bingo $0 | Fortune $0
Board [3c 2h 3d Ks]
Seat 1: 3c033b62 (big blind) folded before Flop
Seat 2: 2f862729 folded before Flop (didn't bet)
Seat 3: 6edcab3 won ($0.48)
Seat 4: Hero folded before Flop (didn't bet)
Seat 5: 821febcb (button) folded on the Turn
Seat 6: 1d3c88a1 (small blind) folded on the Turn


Poker Hand #HD1203376352: Hold'em No Limit  ($0.02/$0.05) - 2023/04/14 22:26:56
Table 'NLHBlue32' 6-max Seat #4 is the button
Seat 1: 3c033b62 ($3 in chips)
Seat 2: 2f862729 ($5.97 in chips)
Seat 3: 6edcab3 ($6.31 in chips)
Seat 4: Hero ($5.69 in chips)
Seat 5: 821febcb ($1.87 in chips)
Seat 6: 1d3c88a1 ($5 in chips)
821febcb: posts small blind $0.02
1d3c88a1: posts big blind $0.05
*** HOLE CARDS ***
Dealt to 3c033b62 
Dealt to 2f862729 
Dealt to 6edcab3 
Dealt to Hero [Kh 6d]
Dealt to 821febcb 
Dealt to 1d3c88a1 
3c033b62: folds
2f862729: folds
6edcab3: folds
Hero: folds
821febcb: raises $0.05 to $0.1
1d3c88a1: calls $0.05
*** FLOP *** [2s 5s Jd]
821febcb: bets $0.15
1d3c88a1: calls $0.15
*** TURN *** [2s 5s Jd] [4c]
821febcb: checks
1d3c88a1: checks
*** RIVER *** [2s 5s Jd 4c] [Qs]
821febcb: checks
1d3c88a1: checks
821febcb: shows [Tc 5c] (Pair of Fives)
1d3c88a1: shows [9h Jh] (Pair of Jacks)
*** SHOWDOWN ***
1d3c88a1 collected $0.47 from pot
*** SUMMARY ***
Total pot $0.5 | Rake $0.03 | Jackpot $0 | Bingo $0 | Fortune $0
Board [2s 5s Jd 4c Qs]
Seat 1: 3c033b62 folded before Flop (didn't bet)
Seat 2: 2f862729 folded before Flop (didn't bet)
Seat 3: 6edcab3 folded before Flop (didn't bet)
Seat 4: Hero (button) folded before Flop (didn't bet)
Seat 5: 821febcb (small blind) showed [Tc 5c] and lost with Pair of Fives
Seat 6: 1d3c88a1 (big blind) showed [9h Jh] and won ($0.47) with Pair of Jacks


Poker Hand #HD1203376310: Hold'em No Limit  ($0.02/$0.05) - 2023/04/14 22:26:25
Table 'NLHBlue32' 6-max Seat #3 is the button
Seat 1: 3c033b62 ($3.1 in chips)
Seat 2: 2f862729 ($5.97 in chips)
Seat 3: 6edcab3 ($6.31 in chips)
Seat 4: Hero ($5.55 in chips)
Seat 5: 821febcb ($1.92 in chips)
Seat 6: 1d3c88a1 ($5 in chips)
Hero: posts small blind $0.02
821febcb: posts big blind $0.05
*** HOLE CARDS ***
Dealt to 3c033b62 
Dealt to 2f862729 
Dealt to 6edcab3 
Dealt to Hero [9h 9s]
Dealt to 821febcb 
Dealt to 1d3c88a1 
1d3c88a1: folds
3c033b62: raises $0.05 to $0.1
2f862729: folds
6edcab3: folds
Hero: raises $0.38 to $0.48
821febcb: folds
3c033b62: folds
Uncalled bet ($0.38) returned to Hero
*** SHOWDOWN ***
Hero collected $0.24 from pot
*** SUMMARY ***
Total pot $0.25 | Rake $0.01 | Jackpot $0 | Bingo $0 | Fortune $0
Seat 1: 3c033b62 folded before Flop
Seat 2: 2f862729 folded before Flop (didn't bet)
Seat 3: 6edcab3 (button) folded before Flop (didn't bet)
Seat 4: Hero (small blind) collected ($0.24)
Seat 5: 821febcb (big blind) folded before Flop
Seat 6: 1d3c88a1 folded before Flop (didn't bet)


Poker Hand #HD1203376227: Hold'em No Limit  ($0.02/$0.05) - 2023/04/14 22:25:34
Table 'NLHBlue32' 6-max Seat #2 is the button
Seat 1: 3c033b62 ($3.1 in chips)
Seat 2: 2f862729 ($5.97 in chips)
Seat 3: 6edcab3 ($6 in chips)
Seat 4: Hero ($5.6 in chips)
Seat 5: 821febcb ($2.21 in chips)
Seat 6: 1d3c88a1 ($5 in chips)
6edcab3: posts small blind $0.02
Hero: posts big blind $0.05
*** HOLE CARDS ***
Dealt to 3c033b62 
Dealt to 2f862729 
Dealt to 6edcab3 
Dealt to Hero [3c 5d]
Dealt to 821febcb 
Dealt to 1d3c88a1 
821febcb: raises $0.08 to $0.13
1d3c88a1: folds
3c033b62: folds
2f862729: folds
6edcab3: calls $0.11
Hero: folds
*** FLOP *** [6c Ad Kh]
6edcab3: checks
821febcb: bets $0.16
6edcab3: calls $0.16
*** TURN *** [6c Ad Kh] [4s]
6edcab3: checks
821febcb: checks
*** RIVER *** [6c Ad Kh 4s] [9s]
6edcab3: bets $0.32
821febcb: folds
Uncalled bet ($0.32) returned to 6edcab3
*** SHOWDOWN ***
6edcab3 collected $0.6 from pot
*** SUMMARY ***
Total pot $0.63 | Rake $0.03 | Jackpot $0 | Bingo $0 | Fortune $0
Board [6c Ad Kh 4s 9s]
Seat 1: 3c033b62 folded before Flop (didn't bet)
Seat 2: 2f862729 (button) folded before Flop (didn't bet)
Seat 3: 6edcab3 (small blind) won ($0.6)
Seat 4: Hero (big blind) folded before Flop
Seat 5: 821febcb folded on the River
Seat 6: 1d3c88a1 folded before Flop (didn't bet)


Poker Hand #HD1203376214: Hold'em No Limit  ($0.02/$0.05) - 2023/04/14 22:25:24
Table 'NLHBlue32' 6-max Seat #1 is the button
Seat 1: 3c033b62 ($3.1 in chips)
Seat 2: 2f862729 ($5.99 in chips)
Seat 3: 6edcab3 ($5.98 in chips)
Seat 4: Hero ($5.6 in chips)
Seat 5: 821febcb ($2.21 in chips)
Seat 6: 1d3c88a1 ($5 in chips)
2f862729: posts small blind $0.02
6edcab3: posts big blind $0.05
*** HOLE CARDS ***
Dealt to 3c033b62 
Dealt to 2f862729 
Dealt to 6edcab3 
Dealt to Hero [Jh 6d]
Dealt to 821febcb 
Dealt to 1d3c88a1 
Hero: folds
821febcb: folds
1d3c88a1: folds
3c033b62: folds
2f862729: folds
Uncalled bet ($0.03) returned to 6edcab3
*** SHOWDOWN ***
6edcab3 collected $0.04 from pot
*** SUMMARY ***
Total pot $0.04 | Rake $0 | Jackpot $0 | Bingo $0 | Fortune $0
Seat 1: 3c033b62 (button) folded before Flop (didn't bet)
Seat 2: 2f862729 (small blind) folded before Flop
Seat 3: 6edcab3 (big blind) collected ($0.04)
Seat 4: Hero folded before Flop (didn't bet)
Seat 5: 821febcb folded before Flop (didn't bet)
Seat 6: 1d3c88a1 folded before Flop (didn't bet)


Poker Hand #HD1203376065: Hold'em No Limit  ($0.02/$0.05) - 2023/04/14 22:24:01
Table 'NLHBlue32' 6-max Seat #6 is the button
Seat 1: 3c033b62 ($3.12 in chips)
Seat 2: 2f862729 ($5 in chips)
Seat 3: 6edcab3 ($6.21 in chips)
Seat 4: Hero ($5.6 in chips)
Seat 5: 821febcb ($3.09 in chips)
Seat 6: 1d3c88a1 ($5 in chips)
3c033b62: posts small blind $0.02
2f862729: posts big blind $0.05
*** HOLE CARDS ***
Dealt to 3c033b62 
Dealt to 2f862729 
Dealt to 6edcab3 
Dealt to Hero [7h 8s]
Dealt to 821febcb 
Dealt to 1d3c88a1 
6edcab3: calls $0.05
Hero: folds
821febcb: raises $0.18 to $0.23
1d3c88a1: folds
3c033b62: folds
2f862729: calls $0.18
6edcab3: calls $0.18
*** FLOP *** [5s 7s 4d]
2f862729: checks
6edcab3: checks
821febcb: bets $0.65
2f862729: calls $0.65
6edcab3: folds
*** TURN *** [5s 7s 4d] [6s]
2f862729: checks
821febcb: checks
*** RIVER *** [5s 7s 4d 6s] [Qs]
2f862729: checks
821febcb: checks
2f862729: shows [6c 6h] (Three Sixes)
821febcb: shows [Kh Kd] (Pair of Kings)
*** SHOWDOWN ***
2f862729 collected $1.87 from pot
*** SUMMARY ***
Total pot $2.01 | Rake $0.09 | Jackpot $0.05 | Bingo $0 | Fortune $0
Board [5s 7s 4d 6s Qs]
Seat 1: 3c033b62 (small blind) folded before Flop
Seat 2: 2f862729 (big blind) showed [6c 6h] and won ($1.87) with Three Sixes
Seat 3: 6edcab3 folded on the Flop
Seat 4: Hero folded before Flop (didn't bet)
Seat 5: 821febcb showed [Kh Kd] and lost with Pair of Kings
Seat 6: 1d3c88a1 (button) folded before Flop (didn't bet)


Poker Hand #HD1203376001: Hold'em No Limit  ($0.02/$0.05) - 2023/04/14 22:23:19
Table 'NLHBlue32' 6-max Seat #5 is the button
Seat 1: 3c033b62 ($3.25 in chips)
Seat 2: 2f862729 ($5 in chips)
Seat 3: 6edcab3 ($6.21 in chips)
Seat 4: Hero ($5.6 in chips)
Seat 5: 821febcb ($2.83 in chips)
Seat 6: 1d3c88a1 ($5 in chips)
1d3c88a1: posts small blind $0.02
3c033b62: posts big blind $0.05
*** HOLE CARDS ***
Dealt to 3c033b62 
Dealt to 2f862729 
Dealt to 6edcab3 
Dealt to Hero [Qd 3c]
Dealt to 821febcb 
Dealt to 1d3c88a1 
2f862729: raises $0.08 to $0.13
6edcab3: folds
Hero: folds
821febcb: calls $0.13
1d3c88a1: folds
3c033b62: calls $0.08
*** FLOP *** [Ts Qh 8d]
3c033b62: checks
2f862729: checks
821febcb: bets $0.31
3c033b62: folds
2f862729: folds
Uncalled bet ($0.31) returned to 821febcb
*** SHOWDOWN ***
821febcb collected $0.39 from pot
*** SUMMARY ***
Total pot $0.41 | Rake $0.02 | Jackpot $0 | Bingo $0 | Fortune $0
Board [Ts Qh 8d]
Seat 1: 3c033b62 (big blind) folded on the Flop
Seat 2: 2f862729 folded on the Flop
Seat 3: 6edcab3 folded before Flop (didn't bet)
Seat 4: Hero folded before Flop (didn't bet)
Seat 5: 821febcb (button) won ($0.39)
Seat 6: 1d3c88a1 (small blind) folded before Flop


Poker Hand #HD1203375841: Hold'em No Limit  ($0.02/$0.05) - 2023/04/14 22:21:53
Table 'NLHBlue32' 6-max Seat #4 is the button
Seat 1: 3c033b62 ($3.25 in chips)
Seat 2: 2f862729 ($5 in chips)
Seat 3: 6edcab3 ($5.74 in chips)
Seat 4: Hero ($5.84 in chips)
Seat 5: 821febcb ($2.85 in chips)
Seat 6: 1d3c88a1 ($5.02 in chips)
821febcb: posts small blind $0.02
1d3c88a1: posts big blind $0.05
*** HOLE CARDS ***
Dealt to 3c033b62 
Dealt to 2f862729 
Dealt to 6edcab3 
Dealt to Hero [9h 9d]
Dealt to 821febcb 
Dealt to 1d3c88a1 
3c033b62: folds
2f862729: folds
6edcab3: calls $0.05
Hero: raises $0.19 to $0.24
821febcb: folds
1d3c88a1: calls $0.19
6edcab3: calls $0.19
*** FLOP *** [Tc Jc 5h]
1d3c88a1: checks
6edcab3: checks
Hero: checks
*** TURN *** [Tc Jc 5h] [2d]
1d3c88a1: checks
6edcab3: checks
Hero: checks
*** RIVER *** [Tc Jc 5h 2d] [6s]
1d3c88a1: checks
6edcab3: bets $0.37
Hero: folds
1d3c88a1: folds
Uncalled bet ($0.37) returned to 6edcab3
*** SHOWDOWN ***
6edcab3 collected $0.71 from pot
*** SUMMARY ***
Total pot $0.74 | Rake $0.03 | Jackpot $0 | Bingo $0 | Fortune $0
Board [Tc Jc 5h 2d 6s]
Seat 1: 3c033b62 folded before Flop (didn't bet)
Seat 2: 2f862729 folded before Flop (didn't bet)
Seat 3: 6edcab3 won ($0.71)
Seat 4: Hero (button) folded on the River
Seat 5: 821febcb (small blind) folded before Flop
Seat 6: 1d3c88a1 (big blind) folded on the River


Poker Hand #HD1203375786: Hold'em No Limit  ($0.02/$0.05) - 2023/04/14 22:21:19
Table 'NLHBlue32' 6-max Seat #3 is the button
Seat 1: 3c033b62 ($3.25 in chips)
Seat 2: 2f862729 ($5 in chips)
Seat 3: 6edcab3 ($5.67 in chips)
Seat 4: Hero ($5.86 in chips)
Seat 5: 821febcb ($2.9 in chips)
Seat 6: 1d3c88a1 ($5.02 in chips)
Hero: posts small blind $0.02
821febcb: posts big blind $0.05
*** HOLE CARDS ***
Dealt to 3c033b62 
Dealt to 2f862729 
Dealt to 6edcab3 
Dealt to Hero [4h Th]
Dealt to 821febcb 
Dealt to 1d3c88a1 
1d3c88a1: folds
3c033b62: folds
2f862729: folds
6edcab3: calls $0.05
Hero: folds
821febcb: checks
*** FLOP *** [Jh As 8d]
821febcb: checks
6edcab3: checks
*** TURN *** [Jh As 8d] [Js]
821febcb: checks
6edcab3: bets $0.09
821febcb: folds
Uncalled bet ($0.09) returned to 6edcab3
*** SHOWDOWN ***
6edcab3 collected $0.12 from pot
*** SUMMARY ***
Total pot $0.12 | Rake $0 | Jackpot $0 | Bingo $0 | Fortune $0
Board [Jh As 8d Js]
Seat 1: 3c033b62 folded before Flop (didn't bet)
Seat 2: 2f862729 folded before Flop (didn't bet)
Seat 3: 6edcab3 (button) won ($0.12)
Seat 4: Hero (small blind) folded before Flop
Seat 5: 821febcb (big blind) folded on the Turn
Seat 6: 1d3c88a1 folded before Flop (didn't bet)


Poker Hand #HD1203375683: Hold'em No Limit  ($0.02/$0.05) - 2023/04/14 22:20:09
Table 'NLHBlue32' 6-max Seat #2 is the button
Seat 1: 3c033b62 ($3.25 in chips)
Seat 2: 2f862729 ($5 in chips)
Seat 3: 6edcab3 ($4.31 in chips)
Seat 4: Hero ($6.19 in chips)
Seat 5: 821febcb ($2.9 in chips)
Seat 6: 1d3c88a1 ($6.23 in chips)
6edcab3: posts small blind $0.02
Hero: posts big blind $0.05
*** HOLE CARDS ***
Dealt to 3c033b62 
Dealt to 2f862729 
Dealt to 6edcab3 
Dealt to Hero [5h 4h]
Dealt to 821febcb 
Dealt to 1d3c88a1 
821febcb: folds
1d3c88a1: raises $0.08 to $0.13
3c033b62: folds
2f862729: folds
6edcab3: calls $0.11
Hero: calls $0.08
*** FLOP *** [Ks 7h 8c]
6edcab3: checks
Hero: checks
1d3c88a1: bets $0.2
6edcab3: calls $0.2
Hero: calls $0.2
*** TURN *** [Ks 7h 8c] [Js]
6edcab3: bets $0.33
Hero: folds
1d3c88a1: calls $0.33
*** RIVER *** [Ks 7h 8c Js] [2d]
6edcab3: bets $0.55
1d3c88a1: calls $0.55
6edcab3: shows [Qs Kh] (Pair of Kings)
1d3c88a1: shows [Qc Qd] (Pair of Queens)
*** SHOWDOWN ***
6edcab3 collected $2.57 from pot
*** SUMMARY ***
Total pot $2.75 | Rake $0.13 | Jackpot $0.05 | Bingo $0 | Fortune $0
Board [Ks 7h 8c Js 2d]
Seat 1: 3c033b62 folded before Flop (didn't bet)
Seat 2: 2f862729 (button) folded before Flop (didn't bet)
Seat 3: 6edcab3 (small blind) showed [Qs Kh] and won ($2.57) with Pair of Kings
Seat 4: Hero (big blind) folded on the Turn
Seat 5: 821febcb folded before Flop (didn't bet)
Seat 6: 1d3c88a1 showed [Qc Qd] and lost with Pair of Queens


Poker Hand #HD1203285623: Hold'em No Limit  ($0.02/$0.05) - 2023/04/14 22:19:32
Table 'NLHBlue32' 6-max Seat #1 is the button
Seat 1: 3c033b62 ($3.25 in chips)
Seat 2: 2f862729 ($5 in chips)
Seat 3: 6edcab3 ($4.19 in chips)
Seat 4: Hero ($6.19 in chips)
Seat 5: 821febcb ($2.9 in chips)
Seat 6: 1d3c88a1 ($6.23 in chips)
2f862729: posts small blind $0.02
6edcab3: posts big blind $0.05
*** HOLE CARDS ***
Dealt to 3c033b62 
Dealt to 2f862729 
Dealt to 6edcab3 
Dealt to Hero [7d 3h]
Dealt to 821febcb 
Dealt to 1d3c88a1 
Hero: folds
821febcb: folds
1d3c88a1: folds
3c033b62: folds
2f862729: raises $0.08 to $0.13
6edcab3: calls $0.08
*** FLOP *** [3c 8c 4c]
2f862729: checks
6edcab3: bets $0.13
2f862729: folds
Uncalled bet ($0.13) returned to 6edcab3
*** SHOWDOWN ***
6edcab3 collected $0.25 from pot
*** SUMMARY ***
Total pot $0.26 | Rake $0.01 | Jackpot $0 | Bingo $0 | Fortune $0
Board [3c 8c 4c]
Seat 1: 3c033b62 (button) folded before Flop (didn't bet)
Seat 2: 2f862729 (small blind) folded on the Flop
Seat 3: 6edcab3 (big blind) won ($0.25)
Seat 4: Hero folded before Flop (didn't bet)
Seat 5: 821febcb folded before Flop (didn't bet)
Seat 6: 1d3c88a1 folded before Flop (didn't bet)


Poker Hand #HD1203285564: Hold'em No Limit  ($0.02/$0.05) - 2023/04/14 22:18:48
Table 'NLHBlue32' 6-max Seat #6 is the button
Seat 1: 3c033b62 ($3.27 in chips)
Seat 2: 2f862729 ($5 in chips)
Seat 3: 6edcab3 ($4.39 in chips)
Seat 4: Hero ($5.94 in chips)
Seat 5: 821febcb ($2.9 in chips)
Seat 6: 1d3c88a1 ($6.23 in chips)
3c033b62: posts small blind $0.02
2f862729: posts big blind $0.05
*** HOLE CARDS ***
Dealt to 3c033b62 
Dealt to 2f862729 
Dealt to 6edcab3 
Dealt to Hero [Qh Ad]
Dealt to 821febcb 
Dealt to 1d3c88a1 
6edcab3: calls $0.05
Hero: raises $0.15 to $0.2
821febcb: folds
1d3c88a1: folds
3c033b62: folds
2f862729: folds
6edcab3: calls $0.15
*** FLOP *** [8d Qd Th]
6edcab3: checks
Hero: bets $0.36
6edcab3: folds
Uncalled bet ($0.36) returned to Hero
*** SHOWDOWN ***
Hero collected $0.45 from pot
*** SUMMARY ***
Total pot $0.47 | Rake $0.02 | Jackpot $0 | Bingo $0 | Fortune $0
Board [8d Qd Th]
Seat 1: 3c033b62 (small blind) folded before Flop
Seat 2: 2f862729 (big blind) folded before Flop
Seat 3: 6edcab3 folded on the Flop
Seat 4: Hero won ($0.45)
Seat 5: 821febcb folded before Flop (didn't bet)
Seat 6: 1d3c88a1 (button) folded before Flop (didn't bet)


Poker Hand #HD1203285495: Hold'em No Limit  ($0.02/$0.05) - 2023/04/14 22:18:04
Table 'NLHBlue32' 6-max Seat #5 is the button
Seat 1: 3c033b62 ($3.32 in chips)
Seat 2: 2f862729 ($5 in chips)
Seat 3: 6edcab3 ($4.44 in chips)
Seat 4: Hero ($5.94 in chips)
Seat 5: 821febcb ($2.67 in chips)
Seat 6: 1d3c88a1 ($6.37 in chips)
1d3c88a1: posts small blind $0.02
3c033b62: posts big blind $0.05
*** HOLE CARDS ***
Dealt to 3c033b62 
Dealt to 2f862729 
Dealt to 6edcab3 
Dealt to Hero [2h 5c]
Dealt to 821febcb 
Dealt to 1d3c88a1 
2f862729: folds
6edcab3: calls $0.05
Hero: folds
821febcb: raises $0.09 to $0.14
1d3c88a1: calls $0.12
3c033b62: folds
6edcab3: folds
*** FLOP *** [9h Qs Jh]
1d3c88a1: checks
821febcb: bets $0.34
1d3c88a1: folds
Uncalled bet ($0.34) returned to 821febcb
*** SHOWDOWN ***
821febcb collected $0.37 from pot
*** SUMMARY ***
Total pot $0.38 | Rake $0.01 | Jackpot $0 | Bingo $0 | Fortune $0
Board [9h Qs Jh]
Seat 1: 3c033b62 (big blind) folded before Flop
Seat 2: 2f862729 folded before Flop (didn't bet)
Seat 3: 6edcab3 folded before Flop
Seat 4: Hero folded before Flop (didn't bet)
Seat 5: 821febcb (button) won ($0.37)
Seat 6: 1d3c88a1 (small blind) folded on the Flop


Poker Hand #HD1203285428: Hold'em No Limit  ($0.02/$0.05) - 2023/04/14 22:17:14
Table 'NLHBlue32' 6-max Seat #4 is the button
Seat 1: 3c033b62 ($2.91 in chips)
Seat 2: 2f862729 ($5 in chips)
Seat 3: 6edcab3 ($4.49 in chips)
Seat 4: Hero ($5.94 in chips)
Seat 5: 821febcb ($3.02 in chips)
Seat 6: 1d3c88a1 ($6.42 in chips)
821febcb: posts small blind $0.02
1d3c88a1: posts big blind $0.05
*** HOLE CARDS ***
Dealt to 3c033b62 
Dealt to 2f862729 
Dealt to 6edcab3 
Dealt to Hero [3d 6c]
Dealt to 821febcb 
Dealt to 1d3c88a1 
3c033b62: calls $0.05
2f862729: folds
6edcab3: calls $0.05
Hero: folds
821febcb: raises $0.3 to $0.35
1d3c88a1: folds
3c033b62: raises $2.56 to $2.91 and is all-in
6edcab3: folds
821febcb: folds
Uncalled bet ($2.56) returned to 3c033b62
*** SHOWDOWN ***
3c033b62 collected $0.76 from pot
*** SUMMARY ***
Total pot $0.8 | Rake $0.04 | Jackpot $0 | Bingo $0 | Fortune $0
Seat 1: 3c033b62 collected ($0.76)
Seat 2: 2f862729 folded before Flop (didn't bet)
Seat 3: 6edcab3 folded before Flop
Seat 4: Hero (button) folded before Flop (didn't bet)
Seat 5: 821febcb (small blind) folded before Flop
Seat 6: 1d3c88a1 (big blind) folded before Flop


Poker Hand #HD1203285410: Hold'em No Limit  ($0.02/$0.05) - 2023/04/14 22:17:04
Table 'NLHBlue32' 6-max Seat #3 is the button
Seat 1: 3c033b62 ($2.91 in chips)
Seat 2: 2f862729 ($5 in chips)
Seat 3: 6edcab3 ($4.49 in chips)
Seat 4: Hero ($5.96 in chips)
Seat 5: 821febcb ($3 in chips)
Seat 6: 1d3c88a1 ($6.42 in chips)
Hero: posts small blind $0.02
821febcb: posts big blind $0.05
*** HOLE CARDS ***
Dealt to 3c033b62 
Dealt to 2f862729 
Dealt to 6edcab3 
Dealt to Hero [9c Jd]
Dealt to 821febcb 
Dealt to 1d3c88a1 
1d3c88a1: folds
3c033b62: folds
2f862729: folds
6edcab3: folds
Hero: folds
Uncalled bet ($0.03) returned to 821febcb
*** SHOWDOWN ***
821febcb collected $0.04 from pot
*** SUMMARY ***
Total pot $0.04 | Rake $0 | Jackpot $0 | Bingo $0 | Fortune $0
Seat 1: 3c033b62 folded before Flop (didn't bet)
Seat 2: 2f862729 folded before Flop (didn't bet)
Seat 3: 6edcab3 (button) folded before Flop (didn't bet)
Seat 4: Hero (small blind) folded before Flop
Seat 5: 821febcb (big blind) collected ($0.04)
Seat 6: 1d3c88a1 folded before Flop (didn't bet)


Poker Hand #HD1203285357: Hold'em No Limit  ($0.02/$0.05) - 2023/04/14 22:16:33
Table 'NLHBlue32' 6-max Seat #2 is the button
Seat 1: 3c033b62 ($2.72 in chips)
Seat 2: 2f862729 ($5 in chips)
Seat 3: 6edcab3 ($4.59 in chips)
Seat 4: Hero ($6.06 in chips)
Seat 5: 821febcb ($3 in chips)
Seat 6: 1d3c88a1 ($6.42 in chips)
6edcab3: posts small blind $0.02
Hero: posts big blind $0.05
*** HOLE CARDS ***
Dealt to 3c033b62 
Dealt to 2f862729 
Dealt to 6edcab3 
Dealt to Hero [3s Ad]
Dealt to 821febcb 
Dealt to 1d3c88a1 
821febcb: folds
1d3c88a1: folds
3c033b62: raises $0.05 to $0.1
2f862729: folds
6edcab3: calls $0.08
Hero: calls $0.05
*** FLOP *** [6s 4s 6h]
6edcab3: checks
Hero: checks
3c033b62: bets $0.2
6edcab3: folds
Hero: folds
Uncalled bet ($0.2) returned to 3c033b62
*** SHOWDOWN ***
3c033b62 collected $0.29 from pot
*** SUMMARY ***
Total pot $0.3 | Rake $0.01 | Jackpot $0 | Bingo $0 | Fortune $0
Board [6s 4s 6h]
Seat 1: 3c033b62 won ($0.29)
Seat 2: 2f862729 (button) folded before Flop (didn't bet)
Seat 3: 6edcab3 (small blind) folded on the Flop
Seat 4: Hero (big blind) folded on the Flop
Seat 5: 821febcb folded before Flop (didn't bet)
Seat 6: 1d3c88a1 folded before Flop (didn't bet)


Poker Hand #HD1203285341: Hold'em No Limit  ($0.02/$0.05) - 2023/04/14 22:16:23
Table 'NLHBlue32' 6-max Seat #1 is the button
Seat 1: 3c033b62 ($2.72 in chips)
Seat 2: 2f862729 ($5 in chips)
Seat 3: 6edcab3 ($4.57 in chips)
Seat 4: Hero ($6.06 in chips)
Seat 5: 821febcb ($3 in chips)
Seat 6: 1d3c88a1 ($6.42 in chips)
2f862729: posts small blind $0.02
6edcab3: posts big blind $0.05
*** HOLE CARDS ***
Dealt to 3c033b62 
Dealt to 2f862729 
Dealt to 6edcab3 
Dealt to Hero [As 3c]
Dealt to 821febcb 
Dealt to 1d3c88a1 
Hero: folds
821febcb: folds
1d3c88a1: folds
3c033b62: folds
2f862729: folds
Uncalled bet ($0.03) returned to 6edcab3
*** SHOWDOWN ***
6edcab3 collected $0.04 from pot
*** SUMMARY ***
Total pot $0.04 | Rake $0 | Jackpot $0 | Bingo $0 | Fortune $0
Seat 1: 3c033b62 (button) folded before Flop (didn't bet)
Seat 2: 2f862729 (small blind) folded before Flop
Seat 3: 6edcab3 (big blind) collected ($0.04)
Seat 4: Hero folded before Flop (didn't bet)
Seat 5: 821febcb folded before Flop (didn't bet)
Seat 6: 1d3c88a1 folded before Flop (didn't bet)


Poker Hand #HD1203285292: Hold'em No Limit  ($0.02/$0.05) - 2023/04/14 22:15:50
Table 'NLHBlue32' 6-max Seat #6 is the button
Seat 1: 3c033b62 ($2.74 in chips)
Seat 2: 2f862729 ($5 in chips)
Seat 3: 6edcab3 ($4.5 in chips)
Seat 4: Hero ($6.06 in chips)
Seat 5: 821febcb ($3 in chips)
Seat 6: 1d3c88a1 ($6.42 in chips)
3c033b62: posts small blind $0.02
2f862729: posts big blind $0.05
*** HOLE CARDS ***
Dealt to 3c033b62 
Dealt to 2f862729 
Dealt to 6edcab3 
Dealt to Hero [6c Th]
Dealt to 821febcb 
Dealt to 1d3c88a1 
6edcab3: calls $0.05
Hero: folds
821febcb: folds
1d3c88a1: folds
3c033b62: folds
2f862729: checks
*** FLOP *** [9d 6h 4d]
2f862729: checks
6edcab3: bets $0.06
2f862729: folds
Uncalled bet ($0.06) returned to 6edcab3
*** SHOWDOWN ***
6edcab3 collected $0.12 from pot
*** SUMMARY ***
Total pot $0.12 | Rake $0 | Jackpot $0 | Bingo $0 | Fortune $0
Board [9d 6h 4d]
Seat 1: 3c033b62 (small blind) folded before Flop
Seat 2: 2f862729 (big blind) folded on the Flop
Seat 3: 6edcab3 won ($0.12)
Seat 4: Hero folded before Flop (didn't bet)
Seat 5: 821febcb folded before Flop (didn't bet)
Seat 6: 1d3c88a1 (button) folded before Flop (didn't bet)


Poker Hand #HD1203285265: Hold'em No Limit  ($0.02/$0.05) - 2023/04/14 22:15:34
Table 'NLHBlue32' 6-max Seat #5 is the button
Seat 1: 3c033b62 ($2.79 in chips)
Seat 2: 2f862729 ($5 in chips)
Seat 3: 6edcab3 ($4.5 in chips)
Seat 4: Hero ($6.06 in chips)
Seat 5: 821febcb ($2.93 in chips)
Seat 6: 1d3c88a1 ($6.44 in chips)
1d3c88a1: posts small blind $0.02
3c033b62: posts big blind $0.05
*** HOLE CARDS ***
Dealt to 3c033b62 
Dealt to 2f862729 
Dealt to 6edcab3 
Dealt to Hero [Qc 4d]
Dealt to 821febcb 
Dealt to 1d3c88a1 
2f862729: folds
6edcab3: folds
Hero: folds
821febcb: raises $0.08 to $0.13
1d3c88a1: folds
3c033b62: folds
Uncalled bet ($0.08) returned to 821febcb
*** SHOWDOWN ***
821febcb collected $0.12 from pot
*** SUMMARY ***
Total pot $0.12 | Rake $0 | Jackpot $0 | Bingo $0 | Fortune $0
Seat 1: 3c033b62 (big blind) folded before Flop
Seat 2: 2f862729 folded before Flop (didn't bet)
Seat 3: 6edcab3 folded before Flop (didn't bet)
Seat 4: Hero folded before Flop (didn't bet)
Seat 5: 821febcb (button) collected ($0.12)
Seat 6: 1d3c88a1 (small blind) folded before Flop


Poker Hand #HD1203285215: Hold'em No Limit  ($0.02/$0.05) - 2023/04/14 22:15:04
Table 'NLHBlue32' 6-max Seat #4 is the button
Seat 1: 3c033b62 ($2.79 in chips)
Seat 2: 2f862729 ($5 in chips)
Seat 3: 6edcab3 ($4.5 in chips)
Seat 4: Hero ($5.87 in chips)
Seat 5: 821febcb ($2.95 in chips)
Seat 6: 1d3c88a1 ($6.49 in chips)
821febcb: posts small blind $0.02
1d3c88a1: posts big blind $0.05
*** HOLE CARDS ***
Dealt to 3c033b62 
Dealt to 2f862729 
Dealt to 6edcab3 
Dealt to Hero [Kh Kc]
Dealt to 821febcb 
Dealt to 1d3c88a1 
3c033b62: folds
2f862729: raises $0.08 to $0.13
6edcab3: folds
Hero: raises $0.29 to $0.42
821febcb: folds
1d3c88a1: folds
2f862729: folds
Uncalled bet ($0.29) returned to Hero
*** SHOWDOWN ***
Hero collected $0.32 from pot
*** SUMMARY ***
Total pot $0.33 | Rake $0.01 | Jackpot $0 | Bingo $0 | Fortune $0
Seat 1: 3c033b62 folded before Flop (didn't bet)
Seat 2: 2f862729 folded before Flop
Seat 3: 6edcab3 folded before Flop (didn't bet)
Seat 4: Hero (button) collected ($0.32)
Seat 5: 821febcb (small blind) folded before Flop
Seat 6: 1d3c88a1 (big blind) folded before Flop


Poker Hand #HD1203285158: Hold'em No Limit  ($0.02/$0.05) - 2023/04/14 22:14:36
Table 'NLHBlue32' 6-max Seat #3 is the button
Seat 1: 3c033b62 ($2.79 in chips)
Seat 2: 2f862729 ($5 in chips)
Seat 3: 6edcab3 ($4.55 in chips)
Seat 4: Hero ($5.89 in chips)
Seat 5: 821febcb ($2.88 in chips)
Seat 6: 1d3c88a1 ($6.49 in chips)
Hero: posts small blind $0.02
821febcb: posts big blind $0.05
*** HOLE CARDS ***
Dealt to 3c033b62 
Dealt to 2f862729 
Dealt to 6edcab3 
Dealt to Hero [Kh 3d]
Dealt to 821febcb 
Dealt to 1d3c88a1 
1d3c88a1: folds
3c033b62: folds
2f862729: folds
6edcab3: calls $0.05
Hero: folds
821febcb: checks
*** FLOP *** [2d Ah 2s]
821febcb: checks
6edcab3: checks
*** TURN *** [2d Ah 2s] [Qd]
821febcb: bets $0.1
6edcab3: folds
Uncalled bet ($0.1) returned to 821febcb
*** SHOWDOWN ***
821febcb collected $0.12 from pot
*** SUMMARY ***
Total pot $0.12 | Rake $0 | Jackpot $0 | Bingo $0 | Fortune $0
Board [2d Ah 2s Qd]
Seat 1: 3c033b62 folded before Flop (didn't bet)
Seat 2: 2f862729 folded before Flop (didn't bet)
Seat 3: 6edcab3 (button) folded on the Turn
Seat 4: Hero (small blind) folded before Flop
Seat 5: 821febcb (big blind) won ($0.12)
Seat 6: 1d3c88a1 folded before Flop (didn't bet)


Poker Hand #HD1203285104: Hold'em No Limit  ($0.02/$0.05) - 2023/04/14 22:14:02
Table 'NLHBlue32' 6-max Seat #2 is the button
Seat 1: 3c033b62 ($2.79 in chips)
Seat 2: 2f862729 ($5 in chips)
Seat 3: 6edcab3 ($4.68 in chips)
Seat 4: Hero ($6.02 in chips)
Seat 5: 821febcb ($2.88 in chips)
Seat 6: 1d3c88a1 ($6.25 in chips)
6edcab3: posts small blind $0.02
Hero: posts big blind $0.05
*** HOLE CARDS ***
Dealt to 3c033b62 
Dealt to 2f862729 
Dealt to 6edcab3 
Dealt to Hero [Qs Ts]
Dealt to 821febcb 
Dealt to 1d3c88a1 
821febcb: folds
1d3c88a1: raises $0.08 to $0.13
3c033b62: folds
2f862729: folds
6edcab3: calls $0.11
Hero: calls $0.08
*** FLOP *** [6c 8c 3c]
6edcab3: checks
Hero: checks
1d3c88a1: bets $0.2
6edcab3: folds
Hero: folds
Uncalled bet ($0.2) returned to 1d3c88a1
*** SHOWDOWN ***
1d3c88a1 collected $0.37 from pot
*** SUMMARY ***
Total pot $0.39 | Rake $0.02 | Jackpot $0 | Bingo $0 | Fortune $0
Board [6c 8c 3c]
Seat 1: 3c033b62 folded before Flop (didn't bet)
Seat 2: 2f862729 (button) folded before Flop (didn't bet)
Seat 3: 6edcab3 (small blind) folded on the Flop
Seat 4: Hero (big blind) folded on the Flop
Seat 5: 821febcb folded before Flop (didn't bet)
Seat 6: 1d3c88a1 won ($0.37)


Poker Hand #HD1203285090: Hold'em No Limit  ($0.02/$0.05) - 2023/04/14 22:13:52
Table 'NLHBlue32' 6-max Seat #1 is the button
Seat 1: 3c033b62 ($2.79 in chips)
Seat 2: 2f862729 ($5 in chips)
Seat 3: 6edcab3 ($4.73 in chips)
Seat 4: Hero ($6.02 in chips)
Seat 5: 821febcb ($2.81 in chips)
Seat 6: 1d3c88a1 ($6.25 in chips)
2f862729: posts small blind $0.02
6edcab3: posts big blind $0.05
*** HOLE CARDS ***
Dealt to 3c033b62 
Dealt to 2f862729 
Dealt to 6edcab3 
Dealt to Hero [Td 4c]
Dealt to 821febcb 
Dealt to 1d3c88a1 
Hero: folds
821febcb: raises $0.08 to $0.13
1d3c88a1: folds
3c033b62: folds
2f862729: folds
6edcab3: folds
Uncalled bet ($0.08) returned to 821febcb
*** SHOWDOWN ***
821febcb collected $0.12 from pot
*** SUMMARY ***
Total pot $0.12 | Rake $0 | Jackpot $0 | Bingo $0 | Fortune $0
Seat 1: 3c033b62 (button) folded before Flop (didn't bet)
Seat 2: 2f862729 (small blind) folded before Flop
Seat 3: 6edcab3 (big blind) folded before Flop
Seat 4: Hero folded before Flop (didn't bet)
Seat 5: 821febcb collected ($0.12)
Seat 6: 1d3c88a1 folded before Flop (didn't bet)


Poker Hand #HD1203285029: Hold'em No Limit  ($0.02/$0.05) - 2023/04/14 22:13:23
Table 'NLHBlue32' 6-max Seat #6 is the button
Seat 1: 3c033b62 ($2.81 in chips)
Seat 2: 2f862729 ($5 in chips)
Seat 3: 6edcab3 ($4.66 in chips)
Seat 4: Hero ($6.02 in chips)
Seat 5: 821febcb ($2.81 in chips)
Seat 6: 1d3c88a1 ($6.25 in chips)
3c033b62: posts small blind $0.02
2f862729: posts big blind $0.05
*** HOLE CARDS ***
Dealt to 3c033b62 
Dealt to 2f862729 
Dealt to 6edcab3 
Dealt to Hero [Td 2c]
Dealt to 821febcb 
Dealt to 1d3c88a1 
6edcab3: calls $0.05
Hero: folds
821febcb: folds
1d3c88a1: folds
3c033b62: folds
2f862729: checks
*** FLOP *** [8c Qs 2h]
2f862729: checks
6edcab3: bets $0.06
2f862729: folds
Uncalled bet ($0.06) returned to 6edcab3
*** SHOWDOWN ***
6edcab3 collected $0.12 from pot
*** SUMMARY ***
Total pot $0.12 | Rake $0 | Jackpot $0 | Bingo $0 | Fortune $0
Board [8c Qs 2h]
Seat 1: 3c033b62 (small blind) folded before Flop
Seat 2: 2f862729 (big blind) folded on the Flop
Seat 3: 6edcab3 won ($0.12)
Seat 4: Hero folded before Flop (didn't bet)
Seat 5: 821febcb folded before Flop (didn't bet)
Seat 6: 1d3c88a1 (button) folded before Flop (didn't bet)


Poker Hand #HD1203284913: Hold'em No Limit  ($0.02/$0.05) - 2023/04/14 22:12:13
Table 'NLHBlue32' 6-max Seat #5 is the button
Seat 1: 3c033b62 ($2.86 in chips)
Seat 2: 2f862729 ($5 in chips)
Seat 3: 6edcab3 ($4.56 in chips)
Seat 4: Hero ($6.02 in chips)
Seat 5: 821febcb ($2.81 in chips)
Seat 6: 1d3c88a1 ($6.3 in chips)
1d3c88a1: posts small blind $0.02
3c033b62: posts big blind $0.05
*** HOLE CARDS ***
Dealt to 3c033b62 
Dealt to 2f862729 
Dealt to 6edcab3 
Dealt to Hero [4h 9d]
Dealt to 821febcb 
Dealt to 1d3c88a1 
2f862729: folds
6edcab3: calls $0.05
Hero: folds
821febcb: folds
1d3c88a1: calls $0.03
3c033b62: checks
*** FLOP *** [2h 4c 7h]
1d3c88a1: checks
3c033b62: checks
6edcab3: checks
*** TURN *** [2h 4c 7h] [3s]
1d3c88a1: checks
3c033b62: checks
6edcab3: bets $0.05
1d3c88a1: folds
3c033b62: folds
Uncalled bet ($0.05) returned to 6edcab3
*** SHOWDOWN ***
6edcab3 collected $0.15 from pot
*** SUMMARY ***
Total pot $0.15 | Rake $0 | Jackpot $0 | Bingo $0 | Fortune $0
Board [2h 4c 7h 3s]
Seat 1: 3c033b62 (big blind) folded on the Turn
Seat 2: 2f862729 folded before Flop (didn't bet)
Seat 3: 6edcab3 won ($0.15)
Seat 4: Hero folded before Flop (didn't bet)
Seat 5: 821febcb (button) folded before Flop (didn't bet)
Seat 6: 1d3c88a1 (small blind) folded on the Turn


Poker Hand #HD1203284857: Hold'em No Limit  ($0.02/$0.05) - 2023/04/14 22:11:38
Table 'NLHBlue32' 6-max Seat #4 is the button
Seat 1: 3c033b62 ($2.86 in chips)
Seat 2: 2f862729 ($5 in chips)
Seat 3: 6edcab3 ($4.56 in chips)
Seat 4: Hero ($5.83 in chips)
Seat 5: 821febcb ($2.83 in chips)
Seat 6: 1d3c88a1 ($6.35 in chips)
821febcb: posts small blind $0.02
1d3c88a1: posts big blind $0.05
*** HOLE CARDS ***
Dealt to 3c033b62 
Dealt to 2f862729 
Dealt to 6edcab3 
Dealt to Hero [Jh Jc]
Dealt to 821febcb 
Dealt to 1d3c88a1 
3c033b62: folds
2f862729: raises $0.08 to $0.13
6edcab3: folds
Hero: raises $0.25 to $0.38
821febcb: folds
1d3c88a1: folds
2f862729: folds
Uncalled bet ($0.25) returned to Hero
*** SHOWDOWN ***
Hero collected $0.32 from pot
*** SUMMARY ***
Total pot $0.33 | Rake $0.01 | Jackpot $0 | Bingo $0 | Fortune $0
Seat 1: 3c033b62 folded before Flop (didn't bet)
Seat 2: 2f862729 folded before Flop
Seat 3: 6edcab3 folded before Flop (didn't bet)
Seat 4: Hero (button) collected ($0.32)
Seat 5: 821febcb (small blind) folded before Flop
Seat 6: 1d3c88a1 (big blind) folded before Flop


Poker Hand #HD1203284746: Hold'em No Limit  ($0.02/$0.05) - 2023/04/14 22:10:29
Table 'NLHBlue32' 6-max Seat #3 is the button
Seat 1: 3c033b62 ($2.86 in chips)
Seat 2: 2f862729 ($5 in chips)
Seat 3: 6edcab3 ($5.46 in chips)
Seat 4: Hero ($5.02 in chips)
Seat 5: 821febcb ($2.88 in chips)
Seat 6: 1d3c88a1 ($6.35 in chips)
Hero: posts small blind $0.02
821febcb: posts big blind $0.05
*** HOLE CARDS ***
Dealt to 3c033b62 
Dealt to 2f862729 
Dealt to 6edcab3 
Dealt to Hero [Qs 9s]
Dealt to 821febcb 
Dealt to 1d3c88a1 
1d3c88a1: folds
3c033b62: folds
2f862729: folds
6edcab3: calls $0.05
Hero: raises $0.15 to $0.2
821febcb: folds
6edcab3: calls $0.15
*** FLOP *** [Jd Ah 5s]
Hero: bets $0.2
6edcab3: calls $0.2
*** TURN *** [Jd Ah 5s] [As]
Hero: bets $0.5
6edcab3: calls $0.5
*** RIVER *** [Jd Ah 5s As] [Qc]
Hero: checks
6edcab3: checks
Hero: shows [Qs 9s] (Pair of Aces and Pair of Queens)
6edcab3: shows [Td Ts] (Pair of Aces and Pair of Tens)
*** SHOWDOWN ***
Hero collected $1.71 from pot
*** SUMMARY ***
Total pot $1.85 | Rake $0.09 | Jackpot $0.05 | Bingo $0 | Fortune $0
Board [Jd Ah 5s As Qc]
Seat 1: 3c033b62 folded before Flop (didn't bet)
Seat 2: 2f862729 folded before Flop (didn't bet)
Seat 3: 6edcab3 (button) showed [Td Ts] and lost with Pair of Aces and Pair of Tens
Seat 4: Hero (small blind) showed [Qs 9s] and won ($1.71) with Pair of Aces and Pair of Queens
Seat 5: 821febcb (big blind) folded before Flop
Seat 6: 1d3c88a1 folded before Flop (didn't bet)


Poker Hand #HD1203284732: Hold'em No Limit  ($0.02/$0.05) - 2023/04/14 22:10:18
Table 'NLHBlue32' 6-max Seat #2 is the button
Seat 1: 3c033b62 ($2.86 in chips)
Seat 2: 2f862729 ($5 in chips)
Seat 3: 6edcab3 ($5.48 in chips)
Seat 4: Hero ($5 in chips)
Seat 5: 821febcb ($2.88 in chips)
Seat 6: 1d3c88a1 ($6.35 in chips)
6edcab3: posts small blind $0.02
Hero: posts big blind $0.05
*** HOLE CARDS ***
Dealt to 3c033b62 
Dealt to 2f862729 
Dealt to 6edcab3 
Dealt to Hero [7s 6h]
Dealt to 821febcb 
Dealt to 1d3c88a1 
821febcb: folds
1d3c88a1: folds
3c033b62: folds
2f862729: folds
6edcab3: folds
Uncalled bet ($0.03) returned to Hero
*** SHOWDOWN ***
Hero collected $0.04 from pot
*** SUMMARY ***
Total pot $0.04 | Rake $0 | Jackpot $0 | Bingo $0 | Fortune $0
Seat 1: 3c033b62 folded before Flop (didn't bet)
Seat 2: 2f862729 (button) folded before Flop (didn't bet)
Seat 3: 6edcab3 (small blind) folded before Flop
Seat 4: Hero (big blind) collected ($0.04)
Seat 5: 821febcb folded before Flop (didn't bet)
Seat 6: 1d3c88a1 folded before Flop (didn't bet)


Poker Hand #HD1203284665: Hold'em No Limit  ($0.02/$0.05) - 2023/04/14 22:09:33
Table 'NLHBlue32' 6-max Seat #1 is the button
Seat 1: 3c033b62 ($2.6 in chips)
Seat 2: 2f862729 ($5 in chips)
Seat 3: 6edcab3 ($5.61 in chips)
Seat 4: Hero ($5 in chips)
Seat 5: 821febcb ($2.88 in chips)
Seat 6: 1d3c88a1 ($6.48 in chips)
2f862729: posts small blind $0.02
6edcab3: posts big blind $0.05
*** HOLE CARDS ***
Dealt to 3c033b62 
Dealt to 2f862729 
Dealt to 6edcab3 
Dealt to Hero [Ac 4d]
Dealt to 821febcb 
Dealt to 1d3c88a1 
Hero: folds
821febcb: folds
1d3c88a1: raises $0.08 to $0.13
3c033b62: calls $0.13
2f862729: folds
6edcab3: calls $0.08
*** FLOP *** [Tc 2c Ts]
6edcab3: checks
1d3c88a1: checks
3c033b62: bets $0.2
6edcab3: folds
1d3c88a1: folds
Uncalled bet ($0.2) returned to 3c033b62
*** SHOWDOWN ***
3c033b62 collected $0.39 from pot
*** SUMMARY ***
Total pot $0.41 | Rake $0.02 | Jackpot $0 | Bingo $0 | Fortune $0
Board [Tc 2c Ts]
Seat 1: 3c033b62 (button) won ($0.39)
Seat 2: 2f862729 (small blind) folded before Flop
Seat 3: 6edcab3 (big blind) folded on the Flop
Seat 4: Hero folded before Flop (didn't bet)
Seat 5: 821febcb folded before Flop (didn't bet)
Seat 6: 1d3c88a1 folded on the Flop


Poker Hand #HD1203284606: Hold'em No Limit  ($0.02/$0.05) - 2023/04/14 22:09:00
Table 'NLHBlue32' 6-max Seat #6 is the button
Seat 1: 3c033b62 ($2.65 in chips)
Seat 2: 2f862729 ($5 in chips)
Seat 3: 6edcab3 ($5.51 in chips)
Seat 4: Hero ($5 in chips)
Seat 5: 821febcb ($2.88 in chips)
Seat 6: 1d3c88a1 ($6.48 in chips)
3c033b62: posts small blind $0.02
2f862729: posts big blind $0.05
*** HOLE CARDS ***
Dealt to 3c033b62 
Dealt to 2f862729 
Dealt to 6edcab3 
Dealt to Hero [Ad Tc]
Dealt to 821febcb 
Dealt to 1d3c88a1 
6edcab3: calls $0.05
Hero: folds
821febcb: folds
1d3c88a1: folds
3c033b62: calls $0.03
2f862729: checks
*** FLOP *** [Ah Qh 6s]
3c033b62: checks
2f862729: checks
6edcab3: bets $0.08
3c033b62: folds
2f862729: folds
Uncalled bet ($0.08) returned to 6edcab3
*** SHOWDOWN ***
6edcab3 collected $0.15 from pot
*** SUMMARY ***
Total pot $0.15 | Rake $0 | Jackpot $0 | Bingo $0 | Fortune $0
Board [Ah Qh 6s]
Seat 1: 3c033b62 (small blind) folded on the Flop
Seat 2: 2f862729 (big blind) folded on the Flop
Seat 3: 6edcab3 won ($0.15)
Seat 4: Hero folded before Flop (didn't bet)
Seat 5: 821febcb folded before Flop (didn't bet)
Seat 6: 1d3c88a1 (button) folded before Flop (didn't bet)


Poker Hand #HD1203284576: Hold'em No Limit  ($0.02/$0.05) - 2023/04/14 22:08:35
Table 'NLHBlue32' 6-max Seat #5 is the button
Seat 1: 3c033b62 ($2.53 in chips)
Seat 2: 2f862729 ($5 in chips)
Seat 3: 6edcab3 ($5.51 in chips)
Seat 4: Hero ($5 in chips)
Seat 5: 821febcb ($2.88 in chips)
Seat 6: 1d3c88a1 ($6.61 in chips)
1d3c88a1: posts small blind $0.02
3c033b62: posts big blind $0.05
*** HOLE CARDS ***
Dealt to 3c033b62 
Dealt to 2f862729 
Dealt to 6edcab3 
Dealt to Hero [2s 5d]
Dealt to 821febcb 
Dealt to 1d3c88a1 
2f862729: folds
6edcab3: folds
Hero: folds
821febcb: folds
1d3c88a1: raises $0.08 to $0.13
3c033b62: raises $2.4 to $2.53 and is all-in
1d3c88a1: folds
Uncalled bet ($2.4) returned to 3c033b62
*** SHOWDOWN ***
3c033b62 collected $0.25 from pot
*** SUMMARY ***
Total pot $0.26 | Rake $0.01 | Jackpot $0 | Bingo $0 | Fortune $0
Seat 1: 3c033b62 (big blind) collected ($0.25)
Seat 2: 2f862729 folded before Flop (didn't bet)
Seat 3: 6edcab3 folded before Flop (didn't bet)
Seat 4: Hero folded before Flop (didn't bet)
Seat 5: 821febcb (button) folded before Flop (didn't bet)
Seat 6: 1d3c88a1 (small blind) folded before Flop


Poker Hand #HD1203284553: Hold'em No Limit  ($0.02/$0.05) - 2023/04/14 22:08:21
Table 'NLHBlue32' 6-max Seat #4 is the button
Seat 1: 3c033b62 ($2.53 in chips)
Seat 2: 2f862729 ($5 in chips)
Seat 3: 6edcab3 ($5.51 in chips)
Seat 4: Hero ($5 in chips)
Seat 5: 821febcb ($2.9 in chips)
Seat 6: 1d3c88a1 ($6.59 in chips)
821febcb: posts small blind $0.02
1d3c88a1: posts big blind $0.05
*** HOLE CARDS ***
Dealt to 3c033b62 
Dealt to 2f862729 
Dealt to 6edcab3 
Dealt to Hero [2h Qs]
Dealt to 821febcb 
Dealt to 1d3c88a1 
3c033b62: folds
2f862729: folds
6edcab3: folds
Hero: folds
821febcb: folds
Uncalled bet ($0.03) returned to 1d3c88a1
*** SHOWDOWN ***
1d3c88a1 collected $0.04 from pot
*** SUMMARY ***
Total pot $0.04 | Rake $0 | Jackpot $0 | Bingo $0 | Fortune $0
Seat 1: 3c033b62 folded before Flop (didn't bet)
Seat 2: 2f862729 folded before Flop (didn't bet)
Seat 3: 6edcab3 folded before Flop (didn't bet)
Seat 4: Hero (button) folded before Flop (didn't bet)
Seat 5: 821febcb (small blind) folded before Flop
Seat 6: 1d3c88a1 (big blind) collected ($0.04)


Poker Hand #HD1203284477: Hold'em No Limit  ($0.02/$0.05) - 2023/04/14 22:07:28
Table 'NLHBlue32' 6-max Seat #3 is the button
Seat 1: 3c033b62 ($2.53 in chips)
Seat 2: 2f862729 ($5 in chips)
Seat 3: 6edcab3 ($5.56 in chips)
Seat 4: Hero ($5.52 in chips)
Seat 5: 821febcb ($2.22 in chips)
Seat 6: 1d3c88a1 ($6.59 in chips)
Hero: posts small blind $0.02
821febcb: posts big blind $0.05
*** HOLE CARDS ***
Dealt to 3c033b62 
Dealt to 2f862729 
Dealt to 6edcab3 
Dealt to Hero [Th 9h]
Dealt to 821febcb 
Dealt to 1d3c88a1 
1d3c88a1: folds
3c033b62: folds
2f862729: folds
6edcab3: calls $0.05
Hero: raises $0.21 to $0.26
821febcb: raises $0.49 to $0.75
6edcab3: folds
Hero: calls $0.49
*** FLOP *** [5d 8s Kd]
Hero: checks
821febcb: bets $0.45
Hero: folds
Uncalled bet ($0.45) returned to 821febcb
*** SHOWDOWN ***
821febcb collected $1.43 from pot
*** SUMMARY ***
Total pot $1.55 | Rake $0.07 | Jackpot $0.05 | Bingo $0 | Fortune $0
Board [5d 8s Kd]
Seat 1: 3c033b62 folded before Flop (didn't bet)
Seat 2: 2f862729 folded before Flop (didn't bet)
Seat 3: 6edcab3 (button) folded before Flop
Seat 4: Hero (small blind) folded on the Flop
Seat 5: 821febcb (big blind) won ($1.43)
Seat 6: 1d3c88a1 folded before Flop (didn't bet)


Poker Hand #HD1203284441: Hold'em No Limit  ($0.02/$0.05) - 2023/04/14 22:07:04
Table 'NLHBlue32' 6-max Seat #2 is the button
Seat 1: 3c033b62 ($2.53 in chips)
Seat 2: 2f862729 ($5 in chips)
Seat 3: 6edcab3 ($5.58 in chips)
Seat 4: Hero ($5.57 in chips)
Seat 5: 821febcb ($2.15 in chips)
Seat 6: 1d3c88a1 ($6.59 in chips)
6edcab3: posts small blind $0.02
Hero: posts big blind $0.05
*** HOLE CARDS ***
Dealt to 3c033b62 
Dealt to 2f862729 
Dealt to 6edcab3 
Dealt to Hero [9s 5h]
Dealt to 821febcb 
Dealt to 1d3c88a1 
821febcb: raises $0.1 to $0.15
1d3c88a1: folds
3c033b62: folds
2f862729: folds
6edcab3: folds
Hero: folds
Uncalled bet ($0.1) returned to 821febcb
*** SHOWDOWN ***
821febcb collected $0.12 from pot
*** SUMMARY ***
Total pot $0.12 | Rake $0 | Jackpot $0 | Bingo $0 | Fortune $0
Seat 1: 3c033b62 folded before Flop (didn't bet)
Seat 2: 2f862729 (button) folded before Flop (didn't bet)
Seat 3: 6edcab3 (small blind) folded before Flop
Seat 4: Hero (big blind) folded before Flop
Seat 5: 821febcb collected ($0.12)
Seat 6: 1d3c88a1 folded before Flop (didn't bet)


Poker Hand #HD1203284393: Hold'em No Limit  ($0.02/$0.05) - 2023/04/14 22:06:30
Table 'NLHBlue32' 6-max Seat #1 is the button
Seat 1: 3c033b62 ($2.53 in chips)
Seat 2: 2f862729 ($5.02 in chips)
Seat 3: 6edcab3 ($5.45 in chips)
Seat 4: Hero ($5.69 in chips)
Seat 5: 821febcb ($2.15 in chips)
Seat 6: 1d3c88a1 ($6.59 in chips)
2f862729: posts small blind $0.02
6edcab3: posts big blind $0.05
*** HOLE CARDS ***
Dealt to 3c033b62 
Dealt to 2f862729 
Dealt to 6edcab3 
Dealt to Hero [6d 7d]
Dealt to 821febcb 
Dealt to 1d3c88a1 
Hero: raises $0.07 to $0.12
821febcb: folds
1d3c88a1: folds
3c033b62: folds
2f862729: folds
6edcab3: calls $0.07
*** FLOP *** [Qh Qs Kh]
6edcab3: bets $0.09
Hero: folds
Uncalled bet ($0.09) returned to 6edcab3
*** SHOWDOWN ***
6edcab3 collected $0.25 from pot
*** SUMMARY ***
Total pot $0.26 | Rake $0.01 | Jackpot $0 | Bingo $0 | Fortune $0
Board [Qh Qs Kh]
Seat 1: 3c033b62 (button) folded before Flop (didn't bet)
Seat 2: 2f862729 (small blind) folded before Flop
Seat 3: 6edcab3 (big blind) won ($0.25)
Seat 4: Hero folded on the Flop
Seat 5: 821febcb folded before Flop (didn't bet)
Seat 6: 1d3c88a1 folded before Flop (didn't bet)


Poker Hand #HD1203284310: Hold'em No Limit  ($0.02/$0.05) - 2023/04/14 22:05:38
Table 'NLHBlue32' 6-max Seat #6 is the button
Seat 1: 3c033b62 ($2.36 in chips)
Seat 2: 2f862729 ($5.07 in chips)
Seat 3: 6edcab3 ($5.45 in chips)
Seat 4: Hero ($5.69 in chips)
Seat 5: 821febcb ($2.28 in chips)
Seat 6: 1d3c88a1 ($6.59 in chips)
3c033b62: posts small blind $0.02
2f862729: posts big blind $0.05
*** HOLE CARDS ***
Dealt to 3c033b62 
Dealt to 2f862729 
Dealt to 6edcab3 
Dealt to Hero [9s 7c]
Dealt to 821febcb 
Dealt to 1d3c88a1 
6edcab3: folds
Hero: folds
821febcb: raises $0.08 to $0.13
1d3c88a1: folds
3c033b62: calls $0.11
2f862729: folds
*** FLOP *** [8h 4c Ac]
3c033b62: checks
821febcb: checks
*** TURN *** [8h 4c Ac] [5d]
3c033b62: bets $0.1
821febcb: folds
Uncalled bet ($0.1) returned to 3c033b62
*** SHOWDOWN ***
3c033b62 collected $0.3 from pot
*** SUMMARY ***
Total pot $0.31 | Rake $0.01 | Jackpot $0 | Bingo $0 | Fortune $0
Board [8h 4c Ac 5d]
Seat 1: 3c033b62 (small blind) won ($0.3)
Seat 2: 2f862729 (big blind) folded before Flop
Seat 3: 6edcab3 folded before Flop (didn't bet)
Seat 4: Hero folded before Flop (didn't bet)
Seat 5: 821febcb folded on the Turn
Seat 6: 1d3c88a1 (button) folded before Flop (didn't bet)


Poker Hand #HD1203284276: Hold'em No Limit  ($0.02/$0.05) - 2023/04/14 22:05:14
Table 'NLHBlue32' 6-max Seat #5 is the button
Seat 1: 3c033b62 ($2.41 in chips)
Seat 2: 2f862729 ($5 in chips)
Seat 3: 6edcab3 ($5.45 in chips)
Seat 4: Hero ($5.69 in chips)
Seat 5: 821febcb ($2.28 in chips)
Seat 6: 1d3c88a1 ($6.61 in chips)
1d3c88a1: posts small blind $0.02
3c033b62: posts big blind $0.05
*** HOLE CARDS ***
Dealt to 3c033b62 
Dealt to 2f862729 
Dealt to 6edcab3 
Dealt to Hero [7d 8h]
Dealt to 821febcb 
Dealt to 1d3c88a1 
2f862729: raises $0.08 to $0.13
6edcab3: folds
Hero: folds
821febcb: folds
1d3c88a1: folds
3c033b62: folds
Uncalled bet ($0.08) returned to 2f862729
*** SHOWDOWN ***
2f862729 collected $0.12 from pot
*** SUMMARY ***
Total pot $0.12 | Rake $0 | Jackpot $0 | Bingo $0 | Fortune $0
Seat 1: 3c033b62 (big blind) folded before Flop
Seat 2: 2f862729 collected ($0.12)
Seat 3: 6edcab3 folded before Flop (didn't bet)
Seat 4: Hero folded before Flop (didn't bet)
Seat 5: 821febcb (button) folded before Flop (didn't bet)
Seat 6: 1d3c88a1 (small blind) folded before Flop


Poker Hand #HD1203284235: Hold'em No Limit  ($0.02/$0.05) - 2023/04/14 22:04:51
Table 'NLHBlue32' 6-max Seat #4 is the button
Seat 1: 3c033b62 ($2.41 in chips)
Seat 2: 2f862729 ($5 in chips)
Seat 3: 6edcab3 ($5.45 in chips)
Seat 4: Hero ($5.69 in chips)
Seat 5: 821febcb ($2.23 in chips)
Seat 6: 1d3c88a1 ($6.66 in chips)
821febcb: posts small blind $0.02
1d3c88a1: posts big blind $0.05
*** HOLE CARDS ***
Dealt to 3c033b62 
Dealt to 2f862729 
Dealt to 6edcab3 
Dealt to Hero [Kc 6h]
Dealt to 821febcb 
Dealt to 1d3c88a1 
3c033b62: folds
2f862729: folds
6edcab3: folds
Hero: folds
821febcb: raises $0.08 to $0.13
1d3c88a1: folds
Uncalled bet ($0.08) returned to 821febcb
*** SHOWDOWN ***
821febcb collected $0.1 from pot
*** SUMMARY ***
Total pot $0.1 | Rake $0 | Jackpot $0 | Bingo $0 | Fortune $0
Seat 1: 3c033b62 folded before Flop (didn't bet)
Seat 2: 2f862729 folded before Flop (didn't bet)
Seat 3: 6edcab3 folded before Flop (didn't bet)
Seat 4: Hero (button) folded before Flop (didn't bet)
Seat 5: 821febcb (small blind) collected ($0.1)
Seat 6: 1d3c88a1 (big blind) folded before Flop


Poker Hand #HD1203284189: Hold'em No Limit  ($0.02/$0.05) - 2023/04/14 22:04:23
Table 'NLHBlue32' 6-max Seat #3 is the button
Seat 1: 3c033b62 ($2.41 in chips)
Seat 2: 2f862729 ($5 in chips)
Seat 3: 6edcab3 ($5.45 in chips)
Seat 4: Hero ($5.64 in chips)
Seat 5: 821febcb ($2.28 in chips)
Seat 6: 1d3c88a1 ($6.66 in chips)
Hero: posts small blind $0.02
821febcb: posts big blind $0.05
*** HOLE CARDS ***
Dealt to 3c033b62 
Dealt to 2f862729 
Dealt to 6edcab3 
Dealt to Hero [Ad Ah]
Dealt to 821febcb 
Dealt to 1d3c88a1 
1d3c88a1: folds
3c033b62: folds
2f862729: folds
6edcab3: folds
Hero: raises $0.09 to $0.14
821febcb: folds
Uncalled bet ($0.09) returned to Hero
*** SHOWDOWN ***
Hero collected $0.1 from pot
*** SUMMARY ***
Total pot $0.1 | Rake $0 | Jackpot $0 | Bingo $0 | Fortune $0
Seat 1: 3c033b62 folded before Flop (didn't bet)
Seat 2: 2f862729 folded before Flop (didn't bet)
Seat 3: 6edcab3 (button) folded before Flop (didn't bet)
Seat 4: Hero (small blind) collected ($0.1)
Seat 5: 821febcb (big blind) folded before Flop
Seat 6: 1d3c88a1 folded before Flop (didn't bet)


Poker Hand #HD1203284125: Hold'em No Limit  ($0.02/$0.05) - 2023/04/14 22:03:42
Table 'NLHBlue32' 6-max Seat #2 is the button
Seat 1: 3c033b62 ($2.41 in chips)
Seat 2: 2f862729 ($5 in chips)
Seat 3: 6edcab3 ($5.65 in chips)
Seat 4: Hero ($5.46 in chips)
Seat 5: 821febcb ($2.28 in chips)
Seat 6: 1d3c88a1 ($6.66 in chips)
6edcab3: posts small blind $0.02
Hero: posts big blind $0.05
*** HOLE CARDS ***
Dealt to 3c033b62 
Dealt to 2f862729 
Dealt to 6edcab3 
Dealt to Hero [Js Ad]
Dealt to 821febcb 
Dealt to 1d3c88a1 
821febcb: folds
1d3c88a1: folds
3c033b62: folds
2f862729: folds
6edcab3: calls $0.03
Hero: raises $0.15 to $0.2
6edcab3: calls $0.15
*** FLOP *** [3c Jh Ks]
6edcab3: checks
Hero: bets $0.15
6edcab3: folds
Uncalled bet ($0.15) returned to Hero
*** SHOWDOWN ***
Hero collected $0.38 from pot
*** SUMMARY ***
Total pot $0.4 | Rake $0.02 | Jackpot $0 | Bingo $0 | Fortune $0
Board [3c Jh Ks]
Seat 1: 3c033b62 folded before Flop (didn't bet)
Seat 2: 2f862729 (button) folded before Flop (didn't bet)
Seat 3: 6edcab3 (small blind) folded on the Flop
Seat 4: Hero (big blind) won ($0.38)
Seat 5: 821febcb folded before Flop (didn't bet)
Seat 6: 1d3c88a1 folded before Flop (didn't bet)


Poker Hand #HD1203284087: Hold'em No Limit  ($0.02/$0.05) - 2023/04/14 22:03:17
Table 'NLHBlue32' 6-max Seat #1 is the button
Seat 1: 3c033b62 ($2.41 in chips)
Seat 2: 2f862729 ($5 in chips)
Seat 3: 6edcab3 ($5.78 in chips)
Seat 4: Hero ($5.46 in chips)
Seat 5: 821febcb ($2.14 in chips)
Seat 6: 1d3c88a1 ($6.66 in chips)
2f862729: posts small blind $0.02
6edcab3: posts big blind $0.05
*** HOLE CARDS ***
Dealt to 3c033b62 
Dealt to 2f862729 
Dealt to 6edcab3 
Dealt to Hero [5h 2c]
Dealt to 821febcb 
Dealt to 1d3c88a1 
Hero: folds
821febcb: raises $0.08 to $0.13
1d3c88a1: folds
3c033b62: folds
2f862729: folds
6edcab3: calls $0.08
*** FLOP *** [6c Qs Ad]
6edcab3: checks
821febcb: bets $0.21
6edcab3: folds
Uncalled bet ($0.21) returned to 821febcb
*** SHOWDOWN ***
821febcb collected $0.27 from pot
*** SUMMARY ***
Total pot $0.28 | Rake $0.01 | Jackpot $0 | Bingo $0 | Fortune $0
Board [6c Qs Ad]
Seat 1: 3c033b62 (button) folded before Flop (didn't bet)
Seat 2: 2f862729 (small blind) folded before Flop
Seat 3: 6edcab3 (big blind) folded on the Flop
Seat 4: Hero folded before Flop (didn't bet)
Seat 5: 821febcb won ($0.27)
Seat 6: 1d3c88a1 folded before Flop (didn't bet)


Poker Hand #HD1203283973: Hold'em No Limit  ($0.02/$0.05) - 2023/04/14 22:02:09
Table 'NLHBlue32' 6-max Seat #6 is the button
Seat 1: 3c033b62 ($3.26 in chips)
Seat 2: 2f862729 ($5 in chips)
Seat 3: 6edcab3 ($4.96 in chips)
Seat 4: Hero ($5.46 in chips)
Seat 5: 821febcb ($2.14 in chips)
Seat 6: 1d3c88a1 ($6.71 in chips)
3c033b62: posts small blind $0.02
2f862729: posts big blind $0.05
*** HOLE CARDS ***
Dealt to 3c033b62 
Dealt to 2f862729 
Dealt to 6edcab3 
Dealt to Hero [7d 3s]
Dealt to 821febcb 
Dealt to 1d3c88a1 
6edcab3: calls $0.05
Hero: folds
821febcb: folds
1d3c88a1: calls $0.05
3c033b62: calls $0.03
2f862729: checks
*** FLOP *** [4c 2c Ks]
3c033b62: checks
2f862729: checks
6edcab3: checks
1d3c88a1: checks
*** TURN *** [4c 2c Ks] [Jc]
3c033b62: bets $0.2
2f862729: folds
6edcab3: calls $0.2
1d3c88a1: folds
*** RIVER *** [4c 2c Ks Jc] [Qh]
3c033b62: checks
6edcab3: bets $0.6
3c033b62: calls $0.6
6edcab3: shows [Ac 9c] (Ace High Flush)
3c033b62: shows [2s 2d] (Three Twos)
*** SHOWDOWN ***
6edcab3 collected $1.67 from pot
*** SUMMARY ***
Total pot $1.8 | Rake $0.08 | Jackpot $0.05 | Bingo $0 | Fortune $0
Board [4c 2c Ks Jc Qh]
Seat 1: 3c033b62 (small blind) showed [2s 2d] and lost with Three Twos
Seat 2: 2f862729 (big blind) folded on the Turn
Seat 3: 6edcab3 showed [Ac 9c] and won ($1.67) with Ace High Flush
Seat 4: Hero folded before Flop (didn't bet)
Seat 5: 821febcb folded before Flop (didn't bet)
Seat 6: 1d3c88a1 (button) folded on the Turn


Poker Hand #HD1203283871: Hold'em No Limit  ($0.02/$0.05) - 2023/04/14 22:01:14
Table 'NLHBlue32' 6-max Seat #5 is the button
Seat 1: 3c033b62 ($4.89 in chips)
Seat 2: 2f862729 ($5 in chips)
Seat 3: 6edcab3 ($4.96 in chips)
Seat 4: Hero ($5.46 in chips)
Seat 5: 821febcb ($2.14 in chips)
Seat 6: 1d3c88a1 ($5.32 in chips)
1d3c88a1: posts small blind $0.02
3c033b62: posts big blind $0.05
*** HOLE CARDS ***
Dealt to 3c033b62 
Dealt to 2f862729 
Dealt to 6edcab3 
Dealt to Hero [3h 7d]
Dealt to 821febcb 
Dealt to 1d3c88a1 
2f862729: folds
6edcab3: folds
Hero: folds
821febcb: folds
1d3c88a1: raises $0.08 to $0.13
3c033b62: calls $0.08
*** FLOP *** [Qh Ts Kd]
1d3c88a1: bets $0.13
3c033b62: calls $0.13
*** TURN *** [Qh Ts Kd] [6h]
1d3c88a1: bets $0.39
3c033b62: calls $0.39
*** RIVER *** [Qh Ts Kd 6h] [5h]
1d3c88a1: bets $0.98
3c033b62: calls $0.98
1d3c88a1: shows [Ah Jh] (Ace High Flush)
3c033b62: shows [Kc Qs] (Pair of Kings and Pair of Queens)
*** SHOWDOWN ***
1d3c88a1 collected $3.02 from pot
*** SUMMARY ***
Total pot $3.26 | Rake $0.19 | Jackpot $0.05 | Bingo $0 | Fortune $0
Board [Qh Ts Kd 6h 5h]
Seat 1: 3c033b62 (big blind) showed [Kc Qs] and lost with Pair of Kings and Pair of Queens
Seat 2: 2f862729 folded before Flop (didn't bet)
Seat 3: 6edcab3 folded before Flop (didn't bet)
Seat 4: Hero folded before Flop (didn't bet)
Seat 5: 821febcb (button) folded before Flop (didn't bet)
Seat 6: 1d3c88a1 (small blind) showed [Ah Jh] and won ($3.02) with Ace High Flush


Poker Hand #HD1203283800: Hold'em No Limit  ($0.02/$0.05) - 2023/04/14 22:00:33
Table 'NLHBlue32' 6-max Seat #4 is the button
Seat 1: 3c033b62 ($4.89 in chips)
Seat 2: 2f862729 ($5.07 in chips)
Seat 3: 6edcab3 ($4.96 in chips)
Seat 4: Hero ($5.46 in chips)
Seat 5: 821febcb ($2.16 in chips)
Seat 6: 1d3c88a1 ($5.18 in chips)
821febcb: posts small blind $0.02
1d3c88a1: posts big blind $0.05
*** HOLE CARDS ***
Dealt to 3c033b62 
Dealt to 2f862729 
Dealt to 6edcab3 
Dealt to Hero [Td 7s]
Dealt to 821febcb 
Dealt to 1d3c88a1 
3c033b62: folds
2f862729: raises $0.08 to $0.13
6edcab3: folds
Hero: folds
821febcb: folds
1d3c88a1: calls $0.08
*** FLOP *** [As Ac 6d]
1d3c88a1: checks
2f862729: checks
*** TURN *** [As Ac 6d] [3c]
1d3c88a1: bets $0.14
2f862729: folds
Uncalled bet ($0.14) returned to 1d3c88a1
*** SHOWDOWN ***
1d3c88a1 collected $0.27 from pot
*** SUMMARY ***
Total pot $0.28 | Rake $0.01 | Jackpot $0 | Bingo $0 | Fortune $0
Board [As Ac 6d 3c]
Seat 1: 3c033b62 folded before Flop (didn't bet)
Seat 2: 2f862729 folded on the Turn
Seat 3: 6edcab3 folded before Flop (didn't bet)
Seat 4: Hero (button) folded before Flop (didn't bet)
Seat 5: 821febcb (small blind) folded before Flop
Seat 6: 1d3c88a1 (big blind) won ($0.27)


Poker Hand #HD1203283747: Hold'em No Limit  ($0.02/$0.05) - 2023/04/14 21:59:58
Table 'NLHBlue32' 6-max Seat #3 is the button
Seat 1: 3c033b62 ($4.89 in chips)
Seat 2: 2f862729 ($5.07 in chips)
Seat 3: 6edcab3 ($4.89 in chips)
Seat 4: Hero ($5.48 in chips)
Seat 5: 821febcb ($2.21 in chips)
Seat 6: 1d3c88a1 ($5.18 in chips)
Hero: posts small blind $0.02
821febcb: posts big blind $0.05
*** HOLE CARDS ***
Dealt to 3c033b62 
Dealt to 2f862729 
Dealt to 6edcab3 
Dealt to Hero [7d 4s]
Dealt to 821febcb 
Dealt to 1d3c88a1 
1d3c88a1: folds
3c033b62: folds
2f862729: folds
6edcab3: calls $0.05
Hero: folds
821febcb: checks
*** FLOP *** [4d Qc 8h]
821febcb: checks
6edcab3: checks
*** TURN *** [4d Qc 8h] [3h]
821febcb: checks
6edcab3: checks
*** RIVER *** [4d Qc 8h 3h] [7c]
821febcb: checks
6edcab3: bets $0.06
821febcb: folds
Uncalled bet ($0.06) returned to 6edcab3
*** SHOWDOWN ***
6edcab3 collected $0.12 from pot
*** SUMMARY ***
Total pot $0.12 | Rake $0 | Jackpot $0 | Bingo $0 | Fortune $0
Board [4d Qc 8h 3h 7c]
Seat 1: 3c033b62 folded before Flop (didn't bet)
Seat 2: 2f862729 folded before Flop (didn't bet)
Seat 3: 6edcab3 (button) won ($0.12)
Seat 4: Hero (small blind) folded before Flop
Seat 5: 821febcb (big blind) folded on the River
Seat 6: 1d3c88a1 folded before Flop (didn't bet)


Poker Hand #HD1203283716: Hold'em No Limit  ($0.02/$0.05) - 2023/04/14 21:59:41
Table 'NLHBlue32' 6-max Seat #2 is the button
Seat 1: 3c033b62 ($4.89 in chips)
Seat 2: 2f862729 ($5 in chips)
Seat 3: 6edcab3 ($4.91 in chips)
Seat 4: Hero ($5.53 in chips)
Seat 5: 821febcb ($2.21 in chips)
Seat 6: 1d3c88a1 ($5.18 in chips)
6edcab3: posts small blind $0.02
Hero: posts big blind $0.05
*** HOLE CARDS ***
Dealt to 3c033b62 
Dealt to 2f862729 
Dealt to 6edcab3 
Dealt to Hero [4s 6c]
Dealt to 821febcb 
Dealt to 1d3c88a1 
821febcb: folds
1d3c88a1: folds
3c033b62: folds
2f862729: raises $0.08 to $0.13
6edcab3: folds
Hero: folds
Uncalled bet ($0.08) returned to 2f862729
*** SHOWDOWN ***
2f862729 collected $0.12 from pot
*** SUMMARY ***
Total pot $0.12 | Rake $0 | Jackpot $0 | Bingo $0 | Fortune $0
Seat 1: 3c033b62 folded before Flop (didn't bet)
Seat 2: 2f862729 (button) collected ($0.12)
Seat 3: 6edcab3 (small blind) folded before Flop
Seat 4: Hero (big blind) folded before Flop
Seat 5: 821febcb folded before Flop (didn't bet)
Seat 6: 1d3c88a1 folded before Flop (didn't bet)


Poker Hand #HD1203283649: Hold'em No Limit  ($0.02/$0.05) - 2023/04/14 21:59:03
Table 'NLHBlue32' 6-max Seat #1 is the button
Seat 1: 3c033b62 ($4.77 in chips)
Seat 2: 2f862729 ($5 in chips)
Seat 3: 6edcab3 ($5.02 in chips)
Seat 4: Hero ($5.53 in chips)
Seat 5: 821febcb ($2.21 in chips)
Seat 6: 1d3c88a1 ($5.18 in chips)
2f862729: posts small blind $0.02
6edcab3: posts big blind $0.05
*** HOLE CARDS ***
Dealt to 3c033b62 
Dealt to 2f862729 
Dealt to 6edcab3 
Dealt to Hero [2s 8h]
Dealt to 821febcb 
Dealt to 1d3c88a1 
Hero: folds
821febcb: folds
1d3c88a1: folds
3c033b62: calls $0.05
2f862729: folds
6edcab3: checks
*** FLOP *** [Ac Qs 2h]
6edcab3: checks
3c033b62: checks
*** TURN *** [Ac Qs 2h] [7c]
6edcab3: checks
3c033b62: checks
*** RIVER *** [Ac Qs 2h 7c] [As]
6edcab3: bets $0.06
3c033b62: calls $0.06
6edcab3: shows [4c Th] (Pair of Aces)
3c033b62: shows [6c 6h] (Pair of Aces and Pair of Sixes)
*** SHOWDOWN ***
3c033b62 collected $0.23 from pot
*** SUMMARY ***
Total pot $0.24 | Rake $0.01 | Jackpot $0 | Bingo $0 | Fortune $0
Board [Ac Qs 2h 7c As]
Seat 1: 3c033b62 (button) showed [6c 6h] and won ($0.23) with Pair of Aces and Pair of Sixes
Seat 2: 2f862729 (small blind) folded before Flop
Seat 3: 6edcab3 (big blind) showed [4c Th] and lost with Pair of Aces
Seat 4: Hero folded before Flop (didn't bet)
Seat 5: 821febcb folded before Flop (didn't bet)
Seat 6: 1d3c88a1 folded before Flop (didn't bet)


Poker Hand #HD1203283585: Hold'em No Limit  ($0.02/$0.05) - 2023/04/14 21:58:30
Table 'NLHBlue32' 6-max Seat #6 is the button
Seat 1: 3c033b62 ($4.79 in chips)
Seat 2: 2f862729 ($5 in chips)
Seat 3: 6edcab3 ($4.95 in chips)
Seat 4: Hero ($5.53 in chips)
Seat 5: 821febcb ($2.21 in chips)
Seat 6: 1d3c88a1 ($5.18 in chips)
3c033b62: posts small blind $0.02
2f862729: posts big blind $0.05
*** HOLE CARDS ***
Dealt to 3c033b62 
Dealt to 2f862729 
Dealt to 6edcab3 
Dealt to Hero [4d Tc]
Dealt to 821febcb 
Dealt to 1d3c88a1 
6edcab3: calls $0.05
Hero: folds
821febcb: folds
1d3c88a1: folds
3c033b62: folds
2f862729: checks
*** FLOP *** [As Ts 2d]
2f862729: checks
6edcab3: checks
*** TURN *** [As Ts 2d] [6c]
2f862729: checks
6edcab3: bets $0.06
2f862729: folds
Uncalled bet ($0.06) returned to 6edcab3
*** SHOWDOWN ***
6edcab3 collected $0.12 from pot
*** SUMMARY ***
Total pot $0.12 | Rake $0 | Jackpot $0 | Bingo $0 | Fortune $0
Board [As Ts 2d 6c]
Seat 1: 3c033b62 (small blind) folded before Flop
Seat 2: 2f862729 (big blind) folded on the Turn
Seat 3: 6edcab3 won ($0.12)
Seat 4: Hero folded before Flop (didn't bet)
Seat 5: 821febcb folded before Flop (didn't bet)
Seat 6: 1d3c88a1 (button) folded before Flop (didn't bet)


Poker Hand #HD1203283548: Hold'em No Limit  ($0.02/$0.05) - 2023/04/14 21:58:13
Table 'NLHBlue32' 6-max Seat #5 is the button
Seat 1: 3c033b62 ($4.84 in chips)
Seat 2: 2f862729 ($5 in chips)
Seat 4: Hero ($5.53 in chips)
Seat 5: 821febcb ($2.14 in chips)
Seat 6: 1d3c88a1 ($5.2 in chips)
1d3c88a1: posts small blind $0.02
3c033b62: posts big blind $0.05
*** HOLE CARDS ***
Dealt to 3c033b62 
Dealt to 2f862729 
Dealt to Hero [9c Qs]
Dealt to 821febcb 
Dealt to 1d3c88a1 
2f862729: folds
Hero: folds
821febcb: raises $0.05 to $0.1
1d3c88a1: folds
3c033b62: folds
Uncalled bet ($0.05) returned to 821febcb
*** SHOWDOWN ***
821febcb collected $0.12 from pot
*** SUMMARY ***
Total pot $0.12 | Rake $0 | Jackpot $0 | Bingo $0 | Fortune $0
Seat 1: 3c033b62 (big blind) folded before Flop
Seat 2: 2f862729 folded before Flop (didn't bet)
Seat 4: Hero folded before Flop (didn't bet)
Seat 5: 821febcb (button) collected ($0.12)
Seat 6: 1d3c88a1 (small blind) folded before Flop


Poker Hand #HD1203283512: Hold'em No Limit  ($0.02/$0.05) - 2023/04/14 21:57:52
Table 'NLHBlue32' 6-max Seat #4 is the button
Seat 1: 3c033b62 ($4.84 in chips)
Seat 2: 2f862729 ($5 in chips)
Seat 4: Hero ($5.53 in chips)
Seat 5: 821febcb ($2.16 in chips)
Seat 6: 1d3c88a1 ($5.18 in chips)
821febcb: posts small blind $0.02
1d3c88a1: posts big blind $0.05
*** HOLE CARDS ***
Dealt to 3c033b62 
Dealt to 2f862729 
Dealt to Hero [2s 3s]
Dealt to 821febcb 
Dealt to 1d3c88a1 
3c033b62: folds
2f862729: folds
Hero: folds
821febcb: folds
Uncalled bet ($0.03) returned to 1d3c88a1
*** SHOWDOWN ***
1d3c88a1 collected $0.04 from pot
*** SUMMARY ***
Total pot $0.04 | Rake $0 | Jackpot $0 | Bingo $0 | Fortune $0
Seat 1: 3c033b62 folded before Flop (didn't bet)
Seat 2: 2f862729 folded before Flop (didn't bet)
Seat 4: Hero (button) folded before Flop (didn't bet)
Seat 5: 821febcb (small blind) folded before Flop
Seat 6: 1d3c88a1 (big blind) collected ($0.04)


Poker Hand #HD1203283463: Hold'em No Limit  ($0.02/$0.05) - 2023/04/14 21:57:22
Table 'NLHBlue32' 6-max Seat #2 is the button
Seat 1: 3c033b62 ($4.84 in chips)
Seat 2: 2f862729 ($5 in chips)
Seat 3: 6edcab3 ($4.97 in chips)
Seat 4: Hero ($5.51 in chips)
Seat 5: 821febcb ($2.16 in chips)
Seat 6: 1d3c88a1 ($5.18 in chips)
6edcab3: posts small blind $0.02
Hero: posts big blind $0.05
*** HOLE CARDS ***
Dealt to 3c033b62 
Dealt to 2f862729 
Dealt to 6edcab3 
Dealt to Hero [3d 5c]
Dealt to 821febcb 
Dealt to 1d3c88a1 
821febcb: folds
1d3c88a1: folds
3c033b62: folds
2f862729: folds
6edcab3: folds
Uncalled bet ($0.03) returned to Hero
*** SHOWDOWN ***
Hero collected $0.04 from pot
*** SUMMARY ***
Total pot $0.04 | Rake $0 | Jackpot $0 | Bingo $0 | Fortune $0
Seat 1: 3c033b62 folded before Flop (didn't bet)
Seat 2: 2f862729 (button) folded before Flop (didn't bet)
Seat 3: 6edcab3 (small blind) folded before Flop
Seat 4: Hero (big blind) collected ($0.04)
Seat 5: 821febcb folded before Flop (didn't bet)
Seat 6: 1d3c88a1 folded before Flop (didn't bet)


Poker Hand #HD1203283427: Hold'em No Limit  ($0.02/$0.05) - 2023/04/14 21:56:57
Table 'NLHBlue32' 6-max Seat #1 is the button
Seat 1: 3c033b62 ($4.84 in chips)
Seat 2: 2f862729 ($5 in chips)
Seat 3: 6edcab3 ($5.02 in chips)
Seat 4: Hero ($5.63 in chips)
Seat 5: 821febcb ($2.16 in chips)
Seat 6: 1d3c88a1 ($5 in chips)
2f862729: posts small blind $0.02
6edcab3: posts big blind $0.05
*** HOLE CARDS ***
Dealt to 3c033b62 
Dealt to 2f862729 
Dealt to 6edcab3 
Dealt to Hero [6s 7s]
Dealt to 821febcb 
Dealt to 1d3c88a1 
Hero: raises $0.07 to $0.12
821febcb: folds
1d3c88a1: raises $0.31 to $0.43
3c033b62: folds
2f862729: folds
6edcab3: folds
Hero: folds
Uncalled bet ($0.31) returned to 1d3c88a1
*** SHOWDOWN ***
1d3c88a1 collected $0.3 from pot
*** SUMMARY ***
Total pot $0.31 | Rake $0.01 | Jackpot $0 | Bingo $0 | Fortune $0
Seat 1: 3c033b62 (button) folded before Flop (didn't bet)
Seat 2: 2f862729 (small blind) folded before Flop
Seat 3: 6edcab3 (big blind) folded before Flop
Seat 4: Hero folded before Flop
Seat 5: 821febcb folded before Flop (didn't bet)
Seat 6: 1d3c88a1 collected ($0.3)


Poker Hand #HD1203283401: Hold'em No Limit  ($0.02/$0.05) - 2023/04/14 21:56:41
Table 'NLHBlue32' 6-max Seat #6 is the button
Seat 1: 3c033b62 ($4.86 in chips)
Seat 2: 2f862729 ($5 in chips)
Seat 3: 6edcab3 ($5.02 in chips)
Seat 4: Hero ($5.63 in chips)
Seat 5: 821febcb ($2.09 in chips)
Seat 6: 1d3c88a1 ($5 in chips)
3c033b62: posts small blind $0.02
2f862729: posts big blind $0.05
*** HOLE CARDS ***
Dealt to 3c033b62 
Dealt to 2f862729 
Dealt to 6edcab3 
Dealt to Hero [Jh 5d]
Dealt to 821febcb 
Dealt to 1d3c88a1 
6edcab3: folds
Hero: folds
821febcb: raises $0.1 to $0.15
1d3c88a1: folds
3c033b62: folds
2f862729: folds
Uncalled bet ($0.1) returned to 821febcb
*** SHOWDOWN ***
821febcb collected $0.12 from pot
*** SUMMARY ***
Total pot $0.12 | Rake $0 | Jackpot $0 | Bingo $0 | Fortune $0
Seat 1: 3c033b62 (small blind) folded before Flop
Seat 2: 2f862729 (big blind) folded before Flop
Seat 3: 6edcab3 folded before Flop (didn't bet)
Seat 4: Hero folded before Flop (didn't bet)
Seat 5: 821febcb collected ($0.12)
Seat 6: 1d3c88a1 (button) folded before Flop (didn't bet)


Poker Hand #HD1203283309: Hold'em No Limit  ($0.02/$0.05) - 2023/04/14 21:55:46
Table 'NLHBlue32' 6-max Seat #5 is the button
Seat 1: 3c033b62 ($4.76 in chips)
Seat 2: 2f862729 ($5 in chips)
Seat 3: 6edcab3 ($5.07 in chips)
Seat 4: Hero ($5.63 in chips)
Seat 5: 821febcb ($2.09 in chips)
Seat 6: 1d3c88a1 ($5 in chips)
1d3c88a1: posts small blind $0.02
3c033b62: posts big blind $0.05
*** HOLE CARDS ***
Dealt to 3c033b62 
Dealt to 2f862729 
Dealt to 6edcab3 
Dealt to Hero [7c 3h]
Dealt to 821febcb 
Dealt to 1d3c88a1 
2f862729: folds
6edcab3: calls $0.05
Hero: folds
821febcb: folds
1d3c88a1: calls $0.03
3c033b62: checks
*** FLOP *** [Jd 8d 5d]
1d3c88a1: checks
3c033b62: checks
6edcab3: checks
*** TURN *** [Jd 8d 5d] [Jh]
1d3c88a1: checks
3c033b62: checks
6edcab3: checks
*** RIVER *** [Jd 8d 5d Jh] [6c]
1d3c88a1: checks
3c033b62: checks
6edcab3: checks
1d3c88a1: shows [7h As] (Pair of Jacks)
3c033b62: shows [8s 2h] (Pair of Jacks and Pair of Eights)
6edcab3: shows [Kd Tc] (Pair of Jacks)
*** SHOWDOWN ***
3c033b62 collected $0.15 from pot
*** SUMMARY ***
Total pot $0.15 | Rake $0 | Jackpot $0 | Bingo $0 | Fortune $0
Board [Jd 8d 5d Jh 6c]
Seat 1: 3c033b62 (big blind) showed [8s 2h] and won ($0.15) with Pair of Jacks and Pair of Eights
Seat 2: 2f862729 folded before Flop (didn't bet)
Seat 3: 6edcab3 showed [Kd Tc] and lost with Pair of Jacks
Seat 4: Hero folded before Flop (didn't bet)
Seat 5: 821febcb (button) folded before Flop (didn't bet)
Seat 6: 1d3c88a1 (small blind) showed [7h As] and lost with Pair of Jacks


Poker Hand #HD1203283134: Hold'em No Limit  ($0.02/$0.05) - 2023/04/14 21:54:06
Table 'NLHBlue32' 6-max Seat #4 is the button
Seat 1: 3c033b62 ($4.41 in chips)
Seat 2: 2f862729 ($5.07 in chips)
Seat 3: 6edcab3 ($5.22 in chips)
Seat 4: Hero ($5.63 in chips)
Seat 5: 821febcb ($2.11 in chips)
Seat 6: 1d3c88a1 ($5 in chips)
821febcb: posts small blind $0.02
1d3c88a1: posts big blind $0.05
*** HOLE CARDS ***
Dealt to 3c033b62 
Dealt to 2f862729 
Dealt to 6edcab3 
Dealt to Hero [Ks 5c]
Dealt to 821febcb 
Dealt to 1d3c88a1 
3c033b62: calls $0.05
2f862729: raises $0.1 to $0.15
6edcab3: calls $0.15
Hero: folds
821febcb: folds
1d3c88a1: folds
3c033b62: calls $0.1
*** FLOP *** [7s 9d Kc]
3c033b62: checks
2f862729: checks
6edcab3: checks
*** TURN *** [7s 9d Kc] [Qd]
3c033b62: checks
2f862729: checks
6edcab3: checks
*** RIVER *** [7s 9d Kc Qd] [Tc]
3c033b62: checks
2f862729: checks
6edcab3: checks
3c033b62: shows [As 9s] (Pair of Nines)
2f862729: shows [6h 6d] (Pair of Sixes)
6edcab3: shows [3d 3h] (Pair of Treys)
*** SHOWDOWN ***
3c033b62 collected $0.5 from pot
*** SUMMARY ***
Total pot $0.52 | Rake $0.02 | Jackpot $0 | Bingo $0 | Fortune $0
Board [7s 9d Kc Qd Tc]
Seat 1: 3c033b62 showed [As 9s] and won ($0.5) with Pair of Nines
Seat 2: 2f862729 showed [6h 6d] and lost with Pair of Sixes
Seat 3: 6edcab3 showed [3d 3h] and lost with Pair of Treys
Seat 4: Hero (button) folded before Flop (didn't bet)
Seat 5: 821febcb (small blind) folded before Flop
Seat 6: 1d3c88a1 (big blind) folded before Flop


Poker Hand #HD1203283087: Hold'em No Limit  ($0.02/$0.05) - 2023/04/14 21:53:44
Table 'NLHBlue32' 6-max Seat #3 is the button
Seat 1: 3c033b62 ($4.41 in chips)
Seat 2: 2f862729 ($5 in chips)
Seat 3: 6edcab3 ($5.22 in chips)
Seat 4: Hero ($5.65 in chips)
Seat 5: 821febcb ($2.16 in chips)
Hero: posts small blind $0.02
821febcb: posts big blind $0.05
*** HOLE CARDS ***
Dealt to 3c033b62 
Dealt to 2f862729 
Dealt to 6edcab3 
Dealt to Hero [3d 2h]
Dealt to 821febcb 
3c033b62: folds
2f862729: raises $0.08 to $0.13
6edcab3: folds
Hero: folds
821febcb: folds
Uncalled bet ($0.08) returned to 2f862729
*** SHOWDOWN ***
2f862729 collected $0.12 from pot
*** SUMMARY ***
Total pot $0.12 | Rake $0 | Jackpot $0 | Bingo $0 | Fortune $0
Seat 1: 3c033b62 folded before Flop (didn't bet)
Seat 2: 2f862729 collected ($0.12)
Seat 3: 6edcab3 (button) folded before Flop (didn't bet)
Seat 4: Hero (small blind) folded before Flop
Seat 5: 821febcb (big blind) folded before Flop


Poker Hand #HD1203283005: Hold'em No Limit  ($0.02/$0.05) - 2023/04/14 21:52:50
Table 'NLHBlue32' 6-max Seat #2 is the button
Seat 1: 3c033b62 ($4.41 in chips)
Seat 2: 2f862729 ($5 in chips)
Seat 3: 6edcab3 ($5.24 in chips)
Seat 4: Hero ($5.37 in chips)
Seat 5: 821febcb ($2.44 in chips)
6edcab3: posts small blind $0.02
Hero: posts big blind $0.05
*** HOLE CARDS ***
Dealt to 3c033b62 
Dealt to 2f862729 
Dealt to 6edcab3 
Dealt to Hero [Js Ad]
Dealt to 821febcb 
821febcb: raises $0.08 to $0.13
3c033b62: folds
2f862729: folds
6edcab3: folds
Hero: calls $0.08
*** FLOP *** [3s 8d Td]
Hero: checks
821febcb: bets $0.15
Hero: calls $0.15
*** TURN *** [3s 8d Td] [7s]
Hero: checks
821febcb: checks
*** RIVER *** [3s 8d Td 7s] [Tc]
Hero: checks
821febcb: checks
Hero: shows [Js Ad] (Pair of Tens)
821febcb: shows [Kd Qs] (Pair of Tens)
*** SHOWDOWN ***
Hero collected $0.56 from pot
*** SUMMARY ***
Total pot $0.58 | Rake $0.02 | Jackpot $0 | Bingo $0 | Fortune $0
Board [3s 8d Td 7s Tc]
Seat 1: 3c033b62 folded before Flop (didn't bet)
Seat 2: 2f862729 (button) folded before Flop (didn't bet)
Seat 3: 6edcab3 (small blind) folded before Flop
Seat 4: Hero (big blind) showed [Js Ad] and won ($0.56) with Pair of Tens
Seat 5: 821febcb showed [Kd Qs] and lost with Pair of Tens


Poker Hand #HD1203282907: Hold'em No Limit  ($0.02/$0.05) - 2023/04/14 21:51:56
Table 'NLHBlue32' 6-max Seat #1 is the button
Seat 1: 3c033b62 ($4.41 in chips)
Seat 2: 2f862729 ($4.95 in chips)
Seat 3: 6edcab3 ($5 in chips)
Seat 4: Hero ($5.37 in chips)
Seat 5: 821febcb ($2.44 in chips)
2f862729: posts small blind $0.02
6edcab3: posts big blind $0.05
*** HOLE CARDS ***
Dealt to 3c033b62 
Dealt to 2f862729 
Dealt to 6edcab3 
Dealt to Hero [4d 7s]
Dealt to 821febcb 
Hero: folds
821febcb: folds
3c033b62: folds
2f862729: raises $0.08 to $0.13
6edcab3: calls $0.08
*** FLOP *** [3d 5d 7c]
2f862729: checks
6edcab3: bets $0.13
2f862729: calls $0.13
*** TURN *** [3d 5d 7c] [5s]
2f862729: checks
6edcab3: bets $0.18
2f862729: folds
Uncalled bet ($0.18) returned to 6edcab3
*** SHOWDOWN ***
6edcab3 collected $0.5 from pot
*** SUMMARY ***
Total pot $0.52 | Rake $0.02 | Jackpot $0 | Bingo $0 | Fortune $0
Board [3d 5d 7c 5s]
Seat 1: 3c033b62 (button) folded before Flop (didn't bet)
Seat 2: 2f862729 (small blind) folded on the Turn
Seat 3: 6edcab3 (big blind) won ($0.5)
Seat 4: Hero folded before Flop (didn't bet)
Seat 5: 821febcb folded before Flop (didn't bet)


Poker Hand #HD1203282877: Hold'em No Limit  ($0.02/$0.05) - 2023/04/14 21:51:40
Table 'NLHBlue32' 6-max Seat #5 is the button
Seat 1: 3c033b62 ($4.43 in chips)
Seat 2: 2f862729 ($5 in chips)
Seat 4: Hero ($5.37 in chips)
Seat 5: 821febcb ($2.37 in chips)
3c033b62: posts small blind $0.02
2f862729: posts big blind $0.05
*** HOLE CARDS ***
Dealt to 3c033b62 
Dealt to 2f862729 
Dealt to Hero [5c Qs]
Dealt to 821febcb 
Hero: folds
821febcb: raises $0.05 to $0.1
3c033b62: folds
2f862729: folds
Uncalled bet ($0.05) returned to 821febcb
*** SHOWDOWN ***
821febcb collected $0.12 from pot
*** SUMMARY ***
Total pot $0.12 | Rake $0 | Jackpot $0 | Bingo $0 | Fortune $0
Seat 1: 3c033b62 (small blind) folded before Flop
Seat 2: 2f862729 (big blind) folded before Flop
Seat 4: Hero folded before Flop (didn't bet)
Seat 5: 821febcb (button) collected ($0.12)


Poker Hand #HD1203282855: Hold'em No Limit  ($0.02/$0.05) - 2023/04/14 21:51:27
Table 'NLHBlue32' 6-max Seat #4 is the button
Seat 1: 3c033b62 ($4.41 in chips)
Seat 2: 2f862729 ($5 in chips)
Seat 4: Hero ($5.37 in chips)
Seat 5: 821febcb ($2.39 in chips)
821febcb: posts small blind $0.02
3c033b62: posts big blind $0.05
*** HOLE CARDS ***
Dealt to 3c033b62 
Dealt to 2f862729 
Dealt to Hero [2c 4c]
Dealt to 821febcb 
2f862729: folds
Hero: folds
821febcb: folds
Uncalled bet ($0.03) returned to 3c033b62
*** SHOWDOWN ***
3c033b62 collected $0.04 from pot
*** SUMMARY ***
Total pot $0.04 | Rake $0 | Jackpot $0 | Bingo $0 | Fortune $0
Seat 1: 3c033b62 (big blind) collected ($0.04)
Seat 2: 2f862729 folded before Flop (didn't bet)
Seat 4: Hero (button) folded before Flop (didn't bet)
Seat 5: 821febcb (small blind) folded before Flop


Poker Hand #HD1203282826: Hold'em No Limit  ($0.02/$0.05) - 2023/04/14 21:51:14
Table 'NLHBlue32' 6-max Seat #2 is the button
Seat 1: 3c033b62 ($4.41 in chips)
Seat 2: 2f862729 ($5 in chips)
Seat 4: Hero ($5.39 in chips)
Seat 5: 821febcb ($2.37 in chips)
Seat 6: e69dc716 ($9.61 in chips)
Hero: posts small blind $0.02
821febcb: posts big blind $0.05
*** HOLE CARDS ***
Dealt to 3c033b62 
Dealt to 2f862729 
Dealt to Hero [Th 4h]
Dealt to 821febcb 
Dealt to e69dc716 
e69dc716: folds
3c033b62: folds
2f862729: folds
Hero: folds
Uncalled bet ($0.03) returned to 821febcb
*** SHOWDOWN ***
821febcb collected $0.04 from pot
*** SUMMARY ***
Total pot $0.04 | Rake $0 | Jackpot $0 | Bingo $0 | Fortune $0
Seat 1: 3c033b62 folded before Flop (didn't bet)
Seat 2: 2f862729 (button) folded before Flop (didn't bet)
Seat 4: Hero (small blind) folded before Flop
Seat 5: 821febcb (big blind) collected ($0.04)
Seat 6: e69dc716 folded before Flop (didn't bet)


Poker Hand #HD1203282693: Hold'em No Limit  ($0.02/$0.05) - 2023/04/14 21:49:51
Table 'NLHBlue32' 6-max Seat #1 is the button
Seat 1: 3c033b62 ($4.92 in chips)
Seat 2: 2f862729 ($5 in chips)
Seat 3: 6edcab3 ($2.5 in chips)
Seat 4: Hero ($5.39 in chips)
Seat 5: 821febcb ($2.37 in chips)
Seat 6: e69dc716 ($6.9 in chips)
2f862729: posts small blind $0.02
6edcab3: posts big blind $0.05
*** HOLE CARDS ***
Dealt to 3c033b62 
Dealt to 2f862729 
Dealt to 6edcab3 
Dealt to Hero [Jd 5h]
Dealt to 821febcb 
Dealt to e69dc716 
Hero: folds
821febcb: folds
e69dc716: raises $0.1 to $0.15
3c033b62: calls $0.15
2f862729: folds
6edcab3: calls $0.1
*** FLOP *** [7s Ts Jh]
6edcab3: checks
e69dc716: bets $0.36
3c033b62: calls $0.36
6edcab3: calls $0.36
*** TURN *** [7s Ts Jh] [8h]
6edcab3: checks
e69dc716: checks
3c033b62: checks
*** RIVER *** [7s Ts Jh 8h] [Td]
6edcab3: bets $1.55
e69dc716: raises $4.84 to $6.39 and is all-in
3c033b62: folds
6edcab3: calls $0.44 and is all-in
Uncalled bet ($4.4) returned to e69dc716
e69dc716: shows [7h 7c] (Sevens Full over Tens)
6edcab3: shows [Qd 9d] (Queens-High Straight)
*** SHOWDOWN ***
e69dc716 collected $5.21 from pot
*** SUMMARY ***
Total pot $5.53 | Rake $0.27 | Jackpot $0.05 | Bingo $0 | Fortune $0
Board [7s Ts Jh 8h Td]
Seat 1: 3c033b62 (button) folded on the River
Seat 2: 2f862729 (small blind) folded before Flop
Seat 3: 6edcab3 (big blind) showed [Qd 9d] and lost with Queens-High Straight
Seat 4: Hero folded before Flop (didn't bet)
Seat 5: 821febcb folded before Flop (didn't bet)
Seat 6: e69dc716 showed [7h 7c] and won ($5.21) with Sevens Full over Tens


Poker Hand #HD1203282542: Hold'em No Limit  ($0.02/$0.05) - 2023/04/14 21:48:39
Table 'NLHBlue32' 6-max Seat #6 is the button
Seat 1: 3c033b62 ($4.94 in chips)
Seat 2: 2f862729 ($5 in chips)
Seat 3: 6edcab3 ($2.2 in chips)
Seat 4: Hero ($5.39 in chips)
Seat 5: 821febcb ($2.37 in chips)
Seat 6: e69dc716 ($6.9 in chips)
3c033b62: posts small blind $0.02
2f862729: posts big blind $0.05
*** HOLE CARDS ***
Dealt to 3c033b62 
Dealt to 2f862729 
Dealt to 6edcab3 
Dealt to Hero [Jc 2h]
Dealt to 821febcb 
Dealt to e69dc716 
6edcab3: calls $0.05
Hero: folds
821febcb: folds
e69dc716: folds
3c033b62: folds
2f862729: raises $0.1 to $0.15
6edcab3: calls $0.1
*** FLOP *** [Th Qh 9s]
2f862729: bets $0.16
6edcab3: calls $0.16
*** TURN *** [Th Qh 9s] [8d]
2f862729: checks
6edcab3: checks
*** RIVER *** [Th Qh 9s 8d] [9d]
2f862729: checks
6edcab3: bets $0.64
2f862729: folds
Uncalled bet ($0.64) returned to 6edcab3
*** SHOWDOWN ***
6edcab3 collected $0.61 from pot
*** SUMMARY ***
Total pot $0.64 | Rake $0.03 | Jackpot $0 | Bingo $0 | Fortune $0
Board [Th Qh 9s 8d 9d]
Seat 1: 3c033b62 (small blind) folded before Flop
Seat 2: 2f862729 (big blind) folded on the River
Seat 3: 6edcab3 won ($0.61)
Seat 4: Hero folded before Flop (didn't bet)
Seat 5: 821febcb folded before Flop (didn't bet)
Seat 6: e69dc716 (button) folded before Flop (didn't bet)


Poker Hand #HD1203282511: Hold'em No Limit  ($0.02/$0.05) - 2023/04/14 21:48:21
Table 'NLHBlue32' 6-max Seat #5 is the button
Seat 1: 3c033b62 ($4.99 in chips)
Seat 2: 2f862729 ($5 in chips)
Seat 3: 6edcab3 ($2.2 in chips)
Seat 4: Hero ($5.32 in chips)
Seat 5: 821febcb ($2.37 in chips)
Seat 6: e69dc716 ($6.92 in chips)
e69dc716: posts small blind $0.02
3c033b62: posts big blind $0.05
*** HOLE CARDS ***
Dealt to 3c033b62 
Dealt to 2f862729 
Dealt to 6edcab3 
Dealt to Hero [Jd Ad]
Dealt to 821febcb 
Dealt to e69dc716 
2f862729: folds
6edcab3: folds
Hero: raises $0.07 to $0.12
821febcb: folds
e69dc716: folds
3c033b62: folds
Uncalled bet ($0.07) returned to Hero
*** SHOWDOWN ***
Hero collected $0.12 from pot
*** SUMMARY ***
Total pot $0.12 | Rake $0 | Jackpot $0 | Bingo $0 | Fortune $0
Seat 1: 3c033b62 (big blind) folded before Flop
Seat 2: 2f862729 folded before Flop (didn't bet)
Seat 3: 6edcab3 folded before Flop (didn't bet)
Seat 4: Hero collected ($0.12)
Seat 5: 821febcb (button) folded before Flop (didn't bet)
Seat 6: e69dc716 (small blind) folded before Flop


Poker Hand #HD1203282445: Hold'em No Limit  ($0.02/$0.05) - 2023/04/14 21:47:47
Table 'NLHBlue32' 6-max Seat #4 is the button
Seat 1: 3c033b62 ($4.78 in chips)
Seat 2: 2f862729 ($5 in chips)
Seat 3: 6edcab3 ($2.2 in chips)
Seat 4: Hero ($5.32 in chips)
Seat 5: 821febcb ($2.39 in chips)
Seat 6: e69dc716 ($6.97 in chips)
821febcb: posts small blind $0.02
e69dc716: posts big blind $0.05
*** HOLE CARDS ***
Dealt to 3c033b62 
Dealt to 2f862729 
Dealt to 6edcab3 
Dealt to Hero [Ad 8c]
Dealt to 821febcb 
Dealt to e69dc716 
3c033b62: raises $0.1 to $0.15
2f862729: calls $0.15
6edcab3: folds
Hero: folds
821febcb: folds
e69dc716: folds
*** FLOP *** [7c 5h 4s]
3c033b62: checks
2f862729: checks
*** TURN *** [7c 5h 4s] [Qd]
3c033b62: bets $0.15
2f862729: folds
Uncalled bet ($0.15) returned to 3c033b62
*** SHOWDOWN ***
3c033b62 collected $0.36 from pot
*** SUMMARY ***
Total pot $0.37 | Rake $0.01 | Jackpot $0 | Bingo $0 | Fortune $0
Board [7c 5h 4s Qd]
Seat 1: 3c033b62 won ($0.36)
Seat 2: 2f862729 folded on the Turn
Seat 3: 6edcab3 folded before Flop (didn't bet)
Seat 4: Hero (button) folded before Flop (didn't bet)
Seat 5: 821febcb (small blind) folded before Flop
Seat 6: e69dc716 (big blind) folded before Flop


Poker Hand #HD1203282397: Hold'em No Limit  ($0.02/$0.05) - 2023/04/14 21:47:17
Table 'NLHBlue32' 6-max Seat #3 is the button
Seat 1: 3c033b62 ($4.78 in chips)
Seat 2: 2f862729 ($5 in chips)
Seat 3: 6edcab3 ($2.13 in chips)
Seat 4: Hero ($5.34 in chips)
Seat 5: 821febcb ($2.44 in chips)
Seat 6: e69dc716 ($6.97 in chips)
Hero: posts small blind $0.02
821febcb: posts big blind $0.05
*** HOLE CARDS ***
Dealt to 3c033b62 
Dealt to 2f862729 
Dealt to 6edcab3 
Dealt to Hero [6d 7c]
Dealt to 821febcb 
Dealt to e69dc716 
e69dc716: folds
3c033b62: folds
2f862729: folds
6edcab3: calls $0.05
Hero: folds
821febcb: checks
*** FLOP *** [4c Qh 2s]
821febcb: checks
6edcab3: bets $0.06
821febcb: folds
Uncalled bet ($0.06) returned to 6edcab3
*** SHOWDOWN ***
6edcab3 collected $0.12 from pot
*** SUMMARY ***
Total pot $0.12 | Rake $0 | Jackpot $0 | Bingo $0 | Fortune $0
Board [4c Qh 2s]
Seat 1: 3c033b62 folded before Flop (didn't bet)
Seat 2: 2f862729 folded before Flop (didn't bet)
Seat 3: 6edcab3 (button) won ($0.12)
Seat 4: Hero (small blind) folded before Flop
Seat 5: 821febcb (big blind) folded on the Flop
Seat 6: e69dc716 folded before Flop (didn't bet)


Poker Hand #HD1203282342: Hold'em No Limit  ($0.02/$0.05) - 2023/04/14 21:46:45
Table 'NLHBlue32' 6-max Seat #2 is the button
Seat 1: 3c033b62 ($4.93 in chips)
Seat 2: 2f862729 ($5 in chips)
Seat 3: 6edcab3 ($2.28 in chips)
Seat 4: Hero ($5.39 in chips)
Seat 5: 821febcb ($2.44 in chips)
Seat 6: e69dc716 ($6.64 in chips)
6edcab3: posts small blind $0.02
Hero: posts big blind $0.05
*** HOLE CARDS ***
Dealt to 3c033b62 
Dealt to 2f862729 
Dealt to 6edcab3 
Dealt to Hero [3s 9d]
Dealt to 821febcb 
Dealt to e69dc716 
821febcb: folds
e69dc716: raises $0.1 to $0.15
3c033b62: calls $0.15
2f862729: folds
6edcab3: calls $0.13
Hero: folds
*** FLOP *** [2s 7d 3d]
6edcab3: checks
e69dc716: bets $0.38
3c033b62: folds
6edcab3: folds
Uncalled bet ($0.38) returned to e69dc716
*** SHOWDOWN ***
e69dc716 collected $0.48 from pot
*** SUMMARY ***
Total pot $0.5 | Rake $0.02 | Jackpot $0 | Bingo $0 | Fortune $0
Board [2s 7d 3d]
Seat 1: 3c033b62 folded on the Flop
Seat 2: 2f862729 (button) folded before Flop (didn't bet)
Seat 3: 6edcab3 (small blind) folded on the Flop
Seat 4: Hero (big blind) folded before Flop
Seat 5: 821febcb folded before Flop (didn't bet)
Seat 6: e69dc716 won ($0.48)


Poker Hand #HD1203282235: Hold'em No Limit  ($0.02/$0.05) - 2023/04/14 21:45:41
Table 'NLHBlue32' 6-max Seat #1 is the button
Seat 1: 3c033b62 ($4.93 in chips)
Seat 2: 2f862729 ($5.15 in chips)
Seat 3: 6edcab3 ($2.43 in chips)
Seat 4: Hero ($5.39 in chips)
Seat 5: 821febcb ($2.44 in chips)
Seat 6: e69dc716 ($6.36 in chips)
2f862729: posts small blind $0.02
6edcab3: posts big blind $0.05
*** HOLE CARDS ***
Dealt to 3c033b62 
Dealt to 2f862729 
Dealt to 6edcab3 
Dealt to Hero [9h 2s]
Dealt to 821febcb 
Dealt to e69dc716 
Hero: folds
821febcb: folds
e69dc716: raises $0.1 to $0.15
3c033b62: folds
2f862729: calls $0.13
6edcab3: calls $0.1
*** FLOP *** [5s 8h 4s]
2f862729: checks
6edcab3: checks
e69dc716: bets $0.34
2f862729: folds
6edcab3: folds
Uncalled bet ($0.34) returned to e69dc716
*** SHOWDOWN ***
e69dc716 collected $0.43 from pot
*** SUMMARY ***
Total pot $0.45 | Rake $0.02 | Jackpot $0 | Bingo $0 | Fortune $0
Board [5s 8h 4s]
Seat 1: 3c033b62 (button) folded before Flop (didn't bet)
Seat 2: 2f862729 (small blind) folded on the Flop
Seat 3: 6edcab3 (big blind) folded on the Flop
Seat 4: Hero folded before Flop (didn't bet)
Seat 5: 821febcb folded before Flop (didn't bet)
Seat 6: e69dc716 won ($0.43)


Poker Hand #HD1203282144: Hold'em No Limit  ($0.02/$0.05) - 2023/04/14 21:44:44
Table 'NLHBlue32' 6-max Seat #6 is the button
Seat 1: 3c033b62 ($5.03 in chips)
Seat 2: 2f862729 ($5.2 in chips)
Seat 3: 6edcab3 ($2.29 in chips)
Seat 4: Hero ($5.39 in chips)
Seat 5: 821febcb ($2.44 in chips)
Seat 6: e69dc716 ($6.36 in chips)
3c033b62: posts small blind $0.02
2f862729: posts big blind $0.05
*** HOLE CARDS ***
Dealt to 3c033b62 
Dealt to 2f862729 
Dealt to 6edcab3 
Dealt to Hero [4s Kh]
Dealt to 821febcb 
Dealt to e69dc716 
6edcab3: calls $0.05
Hero: folds
821febcb: folds
e69dc716: folds
3c033b62: calls $0.03
2f862729: checks
*** FLOP *** [8h 2c 7c]
3c033b62: checks
2f862729: checks
6edcab3: checks
*** TURN *** [8h 2c 7c] [9h]
3c033b62: checks
2f862729: checks
6edcab3: bets $0.05
3c033b62: calls $0.05
2f862729: folds
*** RIVER *** [8h 2c 7c 9h] [7d]
3c033b62: checks
6edcab3: bets $0.13
3c033b62: folds
Uncalled bet ($0.13) returned to 6edcab3
*** SHOWDOWN ***
6edcab3 collected $0.24 from pot
*** SUMMARY ***
Total pot $0.25 | Rake $0.01 | Jackpot $0 | Bingo $0 | Fortune $0
Board [8h 2c 7c 9h 7d]
Seat 1: 3c033b62 (small blind) folded on the River
Seat 2: 2f862729 (big blind) folded on the Turn
Seat 3: 6edcab3 won ($0.24)
Seat 4: Hero folded before Flop (didn't bet)
Seat 5: 821febcb folded before Flop (didn't bet)
Seat 6: e69dc716 (button) folded before Flop (didn't bet)


Poker Hand #HD1203282048: Hold'em No Limit  ($0.02/$0.05) - 2023/04/14 21:43:49
Table 'NLHBlue32' 6-max Seat #5 is the button
Seat 1: 3c033b62 ($5.17 in chips)
Seat 2: 2f862729 ($5.2 in chips)
Seat 3: 6edcab3 ($2.76 in chips)
Seat 4: Hero ($5.39 in chips)
Seat 5: 821febcb ($1.86 in chips)
Seat 6: e69dc716 ($6.38 in chips)
e69dc716: posts small blind $0.02
3c033b62: posts big blind $0.05
*** HOLE CARDS ***
Dealt to 3c033b62 
Dealt to 2f862729 
Dealt to 6edcab3 
Dealt to Hero [Qd 9s]
Dealt to 821febcb 
Dealt to e69dc716 
2f862729: folds
6edcab3: calls $0.05
Hero: folds
821febcb: raises $0.09 to $0.14
e69dc716: folds
3c033b62: calls $0.09
6edcab3: calls $0.09
*** FLOP *** [4h Kh 8d]
3c033b62: checks
6edcab3: checks
821febcb: bets $0.33
3c033b62: folds
6edcab3: calls $0.33
*** TURN *** [4h Kh 8d] [Kc]
6edcab3: checks
821febcb: bets $0.83
6edcab3: folds
Uncalled bet ($0.83) returned to 821febcb
*** SHOWDOWN ***
821febcb collected $1.05 from pot
*** SUMMARY ***
Total pot $1.1 | Rake $0.05 | Jackpot $0 | Bingo $0 | Fortune $0
Board [4h Kh 8d Kc]
Seat 1: 3c033b62 (big blind) folded on the Flop
Seat 2: 2f862729 folded before Flop (didn't bet)
Seat 3: 6edcab3 folded on the Turn
Seat 4: Hero folded before Flop (didn't bet)
Seat 5: 821febcb (button) won ($1.05)
Seat 6: e69dc716 (small blind) folded before Flop


Poker Hand #HD1203281981: Hold'em No Limit  ($0.02/$0.05) - 2023/04/14 21:43:03
Table 'NLHBlue32' 6-max Seat #4 is the button
Seat 1: 3c033b62 ($5.17 in chips)
Seat 2: 2f862729 ($5.2 in chips)
Seat 3: 6edcab3 ($2.69 in chips)
Seat 4: Hero ($5.39 in chips)
Seat 5: 821febcb ($1.88 in chips)
Seat 6: e69dc716 ($6.43 in chips)
821febcb: posts small blind $0.02
e69dc716: posts big blind $0.05
*** HOLE CARDS ***
Dealt to 3c033b62 
Dealt to 2f862729 
Dealt to 6edcab3 
Dealt to Hero [6c As]
Dealt to 821febcb 
Dealt to e69dc716 
3c033b62: folds
2f862729: folds
6edcab3: calls $0.05
Hero: folds
821febcb: folds
e69dc716: checks
*** FLOP *** [9c 4c Ad]
e69dc716: checks
6edcab3: checks
*** TURN *** [9c 4c Ad] [3d]
e69dc716: checks
6edcab3: bets $0.06
e69dc716: folds
Uncalled bet ($0.06) returned to 6edcab3
*** SHOWDOWN ***
6edcab3 collected $0.12 from pot
*** SUMMARY ***
Total pot $0.12 | Rake $0 | Jackpot $0 | Bingo $0 | Fortune $0
Board [9c 4c Ad 3d]
Seat 1: 3c033b62 folded before Flop (didn't bet)
Seat 2: 2f862729 folded before Flop (didn't bet)
Seat 3: 6edcab3 won ($0.12)
Seat 4: Hero (button) folded before Flop (didn't bet)
Seat 5: 821febcb (small blind) folded before Flop
Seat 6: e69dc716 (big blind) folded on the Turn


Poker Hand #HD1203281945: Hold'em No Limit  ($0.02/$0.05) - 2023/04/14 21:42:42
Table 'NLHBlue32' 6-max Seat #3 is the button
Seat 1: 3c033b62 ($5.17 in chips)
Seat 2: 2f862729 ($5.2 in chips)
Seat 3: 6edcab3 ($2.69 in chips)
Seat 4: Hero ($5.34 in chips)
Seat 5: 821febcb ($1.93 in chips)
Seat 6: e69dc716 ($6.43 in chips)
Hero: posts small blind $0.02
821febcb: posts big blind $0.05
*** HOLE CARDS ***
Dealt to 3c033b62 
Dealt to 2f862729 
Dealt to 6edcab3 
Dealt to Hero [Js 8s]
Dealt to 821febcb 
Dealt to e69dc716 
e69dc716: folds
3c033b62: folds
2f862729: folds
6edcab3: folds
Hero: raises $0.07 to $0.12
821febcb: folds
Uncalled bet ($0.07) returned to Hero
*** SHOWDOWN ***
Hero collected $0.1 from pot
*** SUMMARY ***
Total pot $0.1 | Rake $0 | Jackpot $0 | Bingo $0 | Fortune $0
Seat 1: 3c033b62 folded before Flop (didn't bet)
Seat 2: 2f862729 folded before Flop (didn't bet)
Seat 3: 6edcab3 (button) folded before Flop (didn't bet)
Seat 4: Hero (small blind) collected ($0.1)
Seat 5: 821febcb (big blind) folded before Flop
Seat 6: e69dc716 folded before Flop (didn't bet)


Poker Hand #HD1203281899: Hold'em No Limit  ($0.02/$0.05) - 2023/04/14 21:42:16
Table 'NLHBlue32' 6-max Seat #2 is the button
Seat 1: 3c033b62 ($5.17 in chips)
Seat 2: 2f862729 ($5.2 in chips)
Seat 3: 6edcab3 ($2.82 in chips)
Seat 4: Hero ($5.39 in chips)
Seat 5: 821febcb ($1.76 in chips)
Seat 6: e69dc716 ($6.43 in chips)
6edcab3: posts small blind $0.02
Hero: posts big blind $0.05
*** HOLE CARDS ***
Dealt to 3c033b62 
Dealt to 2f862729 
Dealt to 6edcab3 
Dealt to Hero [5s 7c]
Dealt to 821febcb 
Dealt to e69dc716 
821febcb: raises $0.08 to $0.13
e69dc716: folds
3c033b62: folds
2f862729: folds
6edcab3: calls $0.11
Hero: folds
*** FLOP *** [Kd Qs 3h]
6edcab3: checks
821febcb: bets $0.2
6edcab3: folds
Uncalled bet ($0.2) returned to 821febcb
*** SHOWDOWN ***
821febcb collected $0.3 from pot
*** SUMMARY ***
Total pot $0.31 | Rake $0.01 | Jackpot $0 | Bingo $0 | Fortune $0
Board [Kd Qs 3h]
Seat 1: 3c033b62 folded before Flop (didn't bet)
Seat 2: 2f862729 (button) folded before Flop (didn't bet)
Seat 3: 6edcab3 (small blind) folded on the Flop
Seat 4: Hero (big blind) folded before Flop
Seat 5: 821febcb won ($0.3)
Seat 6: e69dc716 folded before Flop (didn't bet)


Poker Hand #HD1203281805: Hold'em No Limit  ($0.02/$0.05) - 2023/04/14 21:41:21
Table 'NLHBlue32' 6-max Seat #1 is the button
Seat 1: 3c033b62 ($4.91 in chips)
Seat 2: 2f862729 ($5.22 in chips)
Seat 3: 6edcab3 ($2.95 in chips)
Seat 4: Hero ($5.39 in chips)
Seat 5: 821febcb ($1.89 in chips)
Seat 6: e69dc716 ($6.43 in chips)
2f862729: posts small blind $0.02
6edcab3: posts big blind $0.05
*** HOLE CARDS ***
Dealt to 3c033b62 
Dealt to 2f862729 
Dealt to 6edcab3 
Dealt to Hero [Qd 3c]
Dealt to 821febcb 
Dealt to e69dc716 
Hero: folds
821febcb: raises $0.08 to $0.13
e69dc716: folds
3c033b62: calls $0.13
2f862729: folds
6edcab3: calls $0.08
*** FLOP *** [Td 8s 8d]
6edcab3: checks
821febcb: checks
3c033b62: bets $0.15
6edcab3: folds
821febcb: folds
Uncalled bet ($0.15) returned to 3c033b62
*** SHOWDOWN ***
3c033b62 collected $0.39 from pot
*** SUMMARY ***
Total pot $0.41 | Rake $0.02 | Jackpot $0 | Bingo $0 | Fortune $0
Board [Td 8s 8d]
Seat 1: 3c033b62 (button) won ($0.39)
Seat 2: 2f862729 (small blind) folded before Flop
Seat 3: 6edcab3 (big blind) folded on the Flop
Seat 4: Hero folded before Flop (didn't bet)
Seat 5: 821febcb folded on the Flop
Seat 6: e69dc716 folded before Flop (didn't bet)


Poker Hand #HD1203281750: Hold'em No Limit  ($0.02/$0.05) - 2023/04/14 21:40:48
Table 'NLHBlue32' 6-max Seat #6 is the button
Seat 1: 3c033b62 ($4.93 in chips)
Seat 2: 2f862729 ($5.27 in chips)
Seat 3: 6edcab3 ($3.31 in chips)
Seat 4: Hero ($5 in chips)
Seat 5: 821febcb ($1.89 in chips)
Seat 6: e69dc716 ($6.43 in chips)
3c033b62: posts small blind $0.02
2f862729: posts big blind $0.05
*** HOLE CARDS ***
Dealt to 3c033b62 
Dealt to 2f862729 
Dealt to 6edcab3 
Dealt to Hero [Ah Js]
Dealt to 821febcb 
Dealt to e69dc716 
6edcab3: calls $0.05
Hero: raises $0.15 to $0.2
821febcb: folds
e69dc716: folds
3c033b62: folds
2f862729: folds
6edcab3: calls $0.15
*** FLOP *** [7d 7c 6s]
6edcab3: bets $0.16
Hero: calls $0.16
*** TURN *** [7d 7c 6s] [Ad]
6edcab3: checks
Hero: bets $0.4
6edcab3: folds
Uncalled bet ($0.4) returned to Hero
*** SHOWDOWN ***
Hero collected $0.75 from pot
*** SUMMARY ***
Total pot $0.79 | Rake $0.04 | Jackpot $0 | Bingo $0 | Fortune $0
Board [7d 7c 6s Ad]
Seat 1: 3c033b62 (small blind) folded before Flop
Seat 2: 2f862729 (big blind) folded before Flop
Seat 3: 6edcab3 folded on the Turn
Seat 4: Hero won ($0.75)
Seat 5: 821febcb folded before Flop (didn't bet)
Seat 6: e69dc716 (button) folded before Flop (didn't bet)


Poker Hand #HD1203281711: Hold'em No Limit  ($0.02/$0.05) - 2023/04/14 21:40:25
Table 'NLHBlue32' 6-max Seat #5 is the button
Seat 1: 3c033b62 ($4.98 in chips)
Seat 2: 2f862729 ($5.27 in chips)
Seat 3: 6edcab3 ($3.31 in chips)
Seat 4: Hero ($5 in chips)
Seat 5: 821febcb ($1.89 in chips)
Seat 6: e69dc716 ($6.38 in chips)
e69dc716: posts small blind $0.02
3c033b62: posts big blind $0.05
*** HOLE CARDS ***
Dealt to 3c033b62 
Dealt to 2f862729 
Dealt to 6edcab3 
Dealt to Hero [3c Ah]
Dealt to 821febcb 
Dealt to e69dc716 
2f862729: folds
6edcab3: folds
Hero: folds
821febcb: folds
e69dc716: raises $0.1 to $0.15
3c033b62: folds
Uncalled bet ($0.1) returned to e69dc716
*** SHOWDOWN ***
e69dc716 collected $0.1 from pot
*** SUMMARY ***
Total pot $0.1 | Rake $0 | Jackpot $0 | Bingo $0 | Fortune $0
Seat 1: 3c033b62 (big blind) folded before Flop
Seat 2: 2f862729 folded before Flop (didn't bet)
Seat 3: 6edcab3 folded before Flop (didn't bet)
Seat 4: Hero folded before Flop (didn't bet)
Seat 5: 821febcb (button) folded before Flop (didn't bet)
Seat 6: e69dc716 (small blind) collected ($0.1)


Poker Hand #HD1203281685: Hold'em No Limit  ($0.02/$0.05) - 2023/04/14 21:40:11
Table 'NLHBlue32' 6-max Seat #4 is the button
Seat 1: 3c033b62 ($4.98 in chips)
Seat 2: 2f862729 ($5.27 in chips)
Seat 3: 6edcab3 ($3.31 in chips)
Seat 4: Hero ($5 in chips)
Seat 5: 821febcb ($1.91 in chips)
Seat 6: e69dc716 ($6.36 in chips)
821febcb: posts small blind $0.02
e69dc716: posts big blind $0.05
*** HOLE CARDS ***
Dealt to 3c033b62 
Dealt to 2f862729 
Dealt to 6edcab3 
Dealt to Hero [4c 2d]
Dealt to 821febcb 
Dealt to e69dc716 
3c033b62: folds
2f862729: folds
6edcab3: folds
Hero: folds
821febcb: folds
Uncalled bet ($0.03) returned to e69dc716
*** SHOWDOWN ***
e69dc716 collected $0.04 from pot
*** SUMMARY ***
Total pot $0.04 | Rake $0 | Jackpot $0 | Bingo $0 | Fortune $0
Seat 1: 3c033b62 folded before Flop (didn't bet)
Seat 2: 2f862729 folded before Flop (didn't bet)
Seat 3: 6edcab3 folded before Flop (didn't bet)
Seat 4: Hero (button) folded before Flop (didn't bet)
Seat 5: 821febcb (small blind) folded before Flop
Seat 6: e69dc716 (big blind) collected ($0.04)


Poker Hand #HD1203281651: Hold'em No Limit  ($0.02/$0.05) - 2023/04/14 21:39:48
Table 'NLHBlue32' 6-max Seat #3 is the button
Seat 1: 3c033b62 ($4.98 in chips)
Seat 2: 2f862729 ($5.27 in chips)
Seat 3: 6edcab3 ($3.36 in chips)
Seat 4: Hero ($5.02 in chips)
Seat 5: 821febcb ($1.84 in chips)
Seat 6: e69dc716 ($6.36 in chips)
Hero: posts small blind $0.02
821febcb: posts big blind $0.05
*** HOLE CARDS ***
Dealt to 3c033b62 
Dealt to 2f862729 
Dealt to 6edcab3 
Dealt to Hero [2h 6s]
Dealt to 821febcb 
Dealt to e69dc716 
e69dc716: folds
3c033b62: folds
2f862729: folds
6edcab3: calls $0.05
Hero: folds
821febcb: raises $0.2 to $0.25
6edcab3: folds
Uncalled bet ($0.2) returned to 821febcb
*** SHOWDOWN ***
821febcb collected $0.12 from pot
*** SUMMARY ***
Total pot $0.12 | Rake $0 | Jackpot $0 | Bingo $0 | Fortune $0
Seat 1: 3c033b62 folded before Flop (didn't bet)
Seat 2: 2f862729 folded before Flop (didn't bet)
Seat 3: 6edcab3 (button) folded before Flop
Seat 4: Hero (small blind) folded before Flop
Seat 5: 821febcb (big blind) collected ($0.12)
Seat 6: e69dc716 folded before Flop (didn't bet)


Poker Hand #HD1203281574: Hold'em No Limit  ($0.02/$0.05) - 2023/04/14 21:39:06
Table 'NLHBlue32' 6-max Seat #2 is the button
Seat 1: 3c033b62 ($4.98 in chips)
Seat 2: 2f862729 ($5 in chips)
Seat 3: 6edcab3 ($3.6 in chips)
Seat 4: Hero ($5.07 in chips)
Seat 5: 821febcb ($1.84 in chips)
Seat 6: e69dc716 ($6.36 in chips)
6edcab3: posts small blind $0.02
Hero: posts big blind $0.05
*** HOLE CARDS ***
Dealt to 3c033b62 
Dealt to 2f862729 
Dealt to 6edcab3 
Dealt to Hero [2s Jd]
Dealt to 821febcb 
Dealt to e69dc716 
821febcb: folds
e69dc716: folds
3c033b62: folds
2f862729: raises $0.08 to $0.13
6edcab3: calls $0.11
Hero: folds
*** FLOP *** [Qd Td 9c]
6edcab3: checks
2f862729: checks
*** TURN *** [Qd Td 9c] [Th]
6edcab3: checks
2f862729: checks
*** RIVER *** [Qd Td 9c Th] [9d]
6edcab3: bets $0.11
2f862729: raises $0.21 to $0.32
6edcab3: folds
Uncalled bet ($0.21) returned to 2f862729
*** SHOWDOWN ***
2f862729 collected $0.51 from pot
*** SUMMARY ***
Total pot $0.53 | Rake $0.02 | Jackpot $0 | Bingo $0 | Fortune $0
Board [Qd Td 9c Th 9d]
Seat 1: 3c033b62 folded before Flop (didn't bet)
Seat 2: 2f862729 (button) won ($0.51)
Seat 3: 6edcab3 (small blind) folded on the River
Seat 4: Hero (big blind) folded before Flop
Seat 5: 821febcb folded before Flop (didn't bet)
Seat 6: e69dc716 folded before Flop (didn't bet)


Poker Hand #HD1203281536: Hold'em No Limit  ($0.02/$0.05) - 2023/04/14 21:38:43
Table 'NLHBlue32' 6-max Seat #1 is the button
Seat 1: 3c033b62 ($4.98 in chips)
Seat 2: 2f862729 ($5.02 in chips)
Seat 3: 6edcab3 ($3.58 in chips)
Seat 4: Hero ($5.07 in chips)
Seat 5: 821febcb ($1.84 in chips)
Seat 6: e69dc716 ($6.36 in chips)
2f862729: posts small blind $0.02
6edcab3: posts big blind $0.05
*** HOLE CARDS ***
Dealt to 3c033b62 
Dealt to 2f862729 
Dealt to 6edcab3 
Dealt to Hero [Qs 5h]
Dealt to 821febcb 
Dealt to e69dc716 
Hero: folds
821febcb: folds
e69dc716: folds
3c033b62: folds
2f862729: folds
Uncalled bet ($0.03) returned to 6edcab3
*** SHOWDOWN ***
6edcab3 collected $0.04 from pot
*** SUMMARY ***
Total pot $0.04 | Rake $0 | Jackpot $0 | Bingo $0 | Fortune $0
Seat 1: 3c033b62 (button) folded before Flop (didn't bet)
Seat 2: 2f862729 (small blind) folded before Flop
Seat 3: 6edcab3 (big blind) collected ($0.04)
Seat 4: Hero folded before Flop (didn't bet)
Seat 5: 821febcb folded before Flop (didn't bet)
Seat 6: e69dc716 folded before Flop (didn't bet)


Poker Hand #HD1203281479: Hold'em No Limit  ($0.02/$0.05) - 2023/04/14 21:38:08
Table 'NLHBlue32' 6-max Seat #6 is the button
Seat 1: 3c033b62 ($5 in chips)
Seat 2: 2f862729 ($5.07 in chips)
Seat 3: 6edcab3 ($3.78 in chips)
Seat 4: Hero ($5.07 in chips)
Seat 5: 821febcb ($1.84 in chips)
Seat 6: e69dc716 ($6.11 in chips)
3c033b62: posts small blind $0.02
2f862729: posts big blind $0.05
*** HOLE CARDS ***
Dealt to 3c033b62 
Dealt to 2f862729 
Dealt to 6edcab3 
Dealt to Hero [9h 6d]
Dealt to 821febcb 
Dealt to e69dc716 
6edcab3: calls $0.05
Hero: folds
821febcb: folds
e69dc716: raises $0.15 to $0.2
3c033b62: folds
2f862729: folds
6edcab3: calls $0.15
*** FLOP *** [Ts 8c 4c]
6edcab3: checks
e69dc716: bets $0.36
6edcab3: folds
Uncalled bet ($0.36) returned to e69dc716
*** SHOWDOWN ***
e69dc716 collected $0.45 from pot
*** SUMMARY ***
Total pot $0.47 | Rake $0.02 | Jackpot $0 | Bingo $0 | Fortune $0
Board [Ts 8c 4c]
Seat 1: 3c033b62 (small blind) folded before Flop
Seat 2: 2f862729 (big blind) folded before Flop
Seat 3: 6edcab3 folded on the Flop
Seat 4: Hero folded before Flop (didn't bet)
Seat 5: 821febcb folded before Flop (didn't bet)
Seat 6: e69dc716 (button) won ($0.45)


Poker Hand #HD1203281402: Hold'em No Limit  ($0.02/$0.05) - 2023/04/14 21:37:24
Table 'NLHBlue32' 6-max Seat #5 is the button
Seat 1: 3c033b62 ($5.05 in chips)
Seat 2: 2f862729 ($5.07 in chips)
Seat 3: 6edcab3 ($3.71 in chips)
Seat 4: Hero ($5.07 in chips)
Seat 5: 821febcb ($1.84 in chips)
Seat 6: e69dc716 ($6.13 in chips)
e69dc716: posts small blind $0.02
3c033b62: posts big blind $0.05
*** HOLE CARDS ***
Dealt to 3c033b62 
Dealt to 2f862729 
Dealt to 6edcab3 
Dealt to Hero [6h Jh]
Dealt to 821febcb 
Dealt to e69dc716 
2f862729: folds
6edcab3: calls $0.05
Hero: folds
821febcb: folds
e69dc716: folds
3c033b62: checks
*** FLOP *** [Ts 3h Ah]
3c033b62: checks
6edcab3: checks
*** TURN *** [Ts 3h Ah] [2s]
3c033b62: checks
6edcab3: checks
*** RIVER *** [Ts 3h Ah 2s] [5d]
3c033b62: checks
6edcab3: bets $0.12
3c033b62: folds
Uncalled bet ($0.12) returned to 6edcab3
*** SHOWDOWN ***
6edcab3 collected $0.12 from pot
*** SUMMARY ***
Total pot $0.12 | Rake $0 | Jackpot $0 | Bingo $0 | Fortune $0
Board [Ts 3h Ah 2s 5d]
Seat 1: 3c033b62 (big blind) folded on the River
Seat 2: 2f862729 folded before Flop (didn't bet)
Seat 3: 6edcab3 won ($0.12)
Seat 4: Hero folded before Flop (didn't bet)
Seat 5: 821febcb (button) folded before Flop (didn't bet)
Seat 6: e69dc716 (small blind) folded before Flop


Poker Hand #HD1203281367: Hold'em No Limit  ($0.02/$0.05) - 2023/04/14 21:37:05
Table 'NLHBlue32' 6-max Seat #4 is the button
Seat 1: 3c033b62 ($5.05 in chips)
Seat 2: 2f862729 ($5.07 in chips)
Seat 3: 6edcab3 ($3.71 in chips)
Seat 4: Hero ($5 in chips)
Seat 5: 821febcb ($1.86 in chips)
Seat 6: e69dc716 ($6.18 in chips)
821febcb: posts small blind $0.02
e69dc716: posts big blind $0.05
*** HOLE CARDS ***
Dealt to 3c033b62 
Dealt to 2f862729 
Dealt to 6edcab3 
Dealt to Hero [Jd Td]
Dealt to 821febcb 
Dealt to e69dc716 
3c033b62: folds
2f862729: folds
6edcab3: folds
Hero: raises $0.07 to $0.12
821febcb: folds
e69dc716: folds
Uncalled bet ($0.07) returned to Hero
*** SHOWDOWN ***
Hero collected $0.12 from pot
*** SUMMARY ***
Total pot $0.12 | Rake $0 | Jackpot $0 | Bingo $0 | Fortune $0
Seat 1: 3c033b62 folded before Flop (didn't bet)
Seat 2: 2f862729 folded before Flop (didn't bet)
Seat 3: 6edcab3 folded before Flop (didn't bet)
Seat 4: Hero (button) collected ($0.12)
Seat 5: 821febcb (small blind) folded before Flop
Seat 6: e69dc716 (big blind) folded before Flop


Poker Hand #HD1203281271: Hold'em No Limit  ($0.02/$0.05) - 2023/04/14 21:36:13
Table 'NLHBlue32' 6-max Seat #3 is the button
Seat 1: 3c033b62 ($5.05 in chips)
Seat 2: 2f862729 ($5.07 in chips)
Seat 3: 6edcab3 ($3.34 in chips)
Seat 4: Hero ($5 in chips)
Seat 5: 821febcb ($2.25 in chips)
Seat 6: e69dc716 ($6.18 in chips)
Hero: posts small blind $0.02
821febcb: posts big blind $0.05
*** HOLE CARDS ***
Dealt to 3c033b62 
Dealt to 2f862729 
Dealt to 6edcab3 
Dealt to Hero [8d 7h]
Dealt to 821febcb 
Dealt to e69dc716 
e69dc716: folds
3c033b62: folds
2f862729: folds
6edcab3: calls $0.05
Hero: folds
821febcb: raises $0.14 to $0.19
6edcab3: calls $0.14
*** FLOP *** [Kh 7d Tc]
821febcb: bets $0.2
6edcab3: calls $0.2
*** TURN *** [Kh 7d Tc] [8h]
821febcb: checks
6edcab3: bets $0.4
821febcb: folds
Uncalled bet ($0.4) returned to 6edcab3
*** SHOWDOWN ***
6edcab3 collected $0.76 from pot
*** SUMMARY ***
Total pot $0.8 | Rake $0.04 | Jackpot $0 | Bingo $0 | Fortune $0
Board [Kh 7d Tc 8h]
Seat 1: 3c033b62 folded before Flop (didn't bet)
Seat 2: 2f862729 folded before Flop (didn't bet)
Seat 3: 6edcab3 (button) won ($0.76)
Seat 4: Hero (small blind) folded before Flop
Seat 5: 821febcb (big blind) folded on the Turn
Seat 6: e69dc716 folded before Flop (didn't bet)


Poker Hand #HD1203281234: Hold'em No Limit  ($0.02/$0.05) - 2023/04/14 21:35:45
Table 'NLHBlue32' 6-max Seat #2 is the button
Seat 1: 3c033b62 ($5.05 in chips)
Seat 2: 2f862729 ($5 in chips)
Seat 3: 6edcab3 ($3.36 in chips)
Seat 4: Hero ($5 in chips)
Seat 5: 821febcb ($2.25 in chips)
Seat 6: e69dc716 ($6.18 in chips)
6edcab3: posts small blind $0.02
Hero: posts big blind $0.05
*** HOLE CARDS ***
Dealt to 3c033b62 
Dealt to 2f862729 
Dealt to 6edcab3 
Dealt to Hero [2s 5h]
Dealt to 821febcb 
Dealt to e69dc716 
821febcb: folds
e69dc716: folds
3c033b62: folds
2f862729: raises $0.08 to $0.13
6edcab3: folds
Hero: folds
Uncalled bet ($0.08) returned to 2f862729
*** SHOWDOWN ***
2f862729 collected $0.12 from pot
*** SUMMARY ***
Total pot $0.12 | Rake $0 | Jackpot $0 | Bingo $0 | Fortune $0
Seat 1: 3c033b62 folded before Flop (didn't bet)
Seat 2: 2f862729 (button) collected ($0.12)
Seat 3: 6edcab3 (small blind) folded before Flop
Seat 4: Hero (big blind) folded before Flop
Seat 5: 821febcb folded before Flop (didn't bet)
Seat 6: e69dc716 folded before Flop (didn't bet)


Poker Hand #HD1203281158: Hold'em No Limit  ($0.02/$0.05) - 2023/04/14 21:35:00
Table 'NLHBlue32' 6-max Seat #1 is the button
Seat 1: 3c033b62 ($4.93 in chips)
Seat 2: 2f862729 ($5 in chips)
Seat 3: 6edcab3 ($3.47 in chips)
Seat 4: Hero ($5 in chips)
Seat 5: 821febcb ($2.25 in chips)
Seat 6: e69dc716 ($6.18 in chips)
2f862729: posts small blind $0.02
6edcab3: posts big blind $0.05
*** HOLE CARDS ***
Dealt to 3c033b62 
Dealt to 2f862729 
Dealt to 6edcab3 
Dealt to Hero [2d 5c]
Dealt to 821febcb 
Dealt to e69dc716 
Hero: folds
821febcb: folds
e69dc716: folds
3c033b62: calls $0.05
2f862729: folds
6edcab3: checks
*** FLOP *** [9s 5d 9c]
6edcab3: checks
3c033b62: checks
*** TURN *** [9s 5d 9c] [Ac]
6edcab3: bets $0.06
3c033b62: calls $0.06
*** RIVER *** [9s 5d 9c Ac] [Ad]
6edcab3: checks
3c033b62: checks
6edcab3: shows [8c Qd] (Pair of Aces and Pair of Nines)
3c033b62: shows [Ts Td] (Pair of Aces and Pair of Tens)
*** SHOWDOWN ***
3c033b62 collected $0.23 from pot
*** SUMMARY ***
Total pot $0.24 | Rake $0.01 | Jackpot $0 | Bingo $0 | Fortune $0
Board [9s 5d 9c Ac Ad]
Seat 1: 3c033b62 (button) showed [Ts Td] and won ($0.23) with Pair of Aces and Pair of Tens
Seat 2: 2f862729 (small blind) folded before Flop
Seat 3: 6edcab3 (big blind) showed [8c Qd] and lost with Pair of Aces and Pair of Nines
Seat 4: Hero folded before Flop (didn't bet)
Seat 5: 821febcb folded before Flop (didn't bet)
Seat 6: e69dc716 folded before Flop (didn't bet)


Poker Hand #HD1203281093: Hold'em No Limit  ($0.02/$0.05) - 2023/04/14 21:34:27
Table 'NLHBlue32' 6-max Seat #6 is the button
Seat 1: 3c033b62 ($4.95 in chips)
Seat 2: 2f862729 ($5.05 in chips)
Seat 3: 6edcab3 ($3.47 in chips)
Seat 4: Hero ($5 in chips)
Seat 5: 821febcb ($2.25 in chips)
Seat 6: e69dc716 ($6.11 in chips)
3c033b62: posts small blind $0.02
2f862729: posts big blind $0.05
*** HOLE CARDS ***
Dealt to 3c033b62 
Dealt to 2f862729 
Dealt to 6edcab3 
Dealt to Hero [Kd 4d]
Dealt to 821febcb 
Dealt to e69dc716 
6edcab3: folds
Hero: folds
821febcb: folds
e69dc716: raises $0.1 to $0.15
3c033b62: folds
2f862729: folds
Uncalled bet ($0.1) returned to e69dc716
*** SHOWDOWN ***
e69dc716 collected $0.12 from pot
*** SUMMARY ***
Total pot $0.12 | Rake $0 | Jackpot $0 | Bingo $0 | Fortune $0
Seat 1: 3c033b62 (small blind) folded before Flop
Seat 2: 2f862729 (big blind) folded before Flop
Seat 3: 6edcab3 folded before Flop (didn't bet)
Seat 4: Hero folded before Flop (didn't bet)
Seat 5: 821febcb folded before Flop (didn't bet)
Seat 6: e69dc716 (button) collected ($0.12)


Poker Hand #HD1203281065: Hold'em No Limit  ($0.02/$0.05) - 2023/04/14 21:34:09
Table 'NLHBlue32' 6-max Seat #5 is the button
Seat 1: 3c033b62 ($5 in chips)
Seat 2: 2f862729 ($5.05 in chips)
Seat 3: 6edcab3 ($3.47 in chips)
Seat 4: Hero ($5 in chips)
Seat 5: 821febcb ($2.18 in chips)
Seat 6: e69dc716 ($6.13 in chips)
e69dc716: posts small blind $0.02
3c033b62: posts big blind $0.05
*** HOLE CARDS ***
Dealt to 3c033b62 
Dealt to 2f862729 
Dealt to 6edcab3 
Dealt to Hero [Qd 4c]
Dealt to 821febcb 
Dealt to e69dc716 
2f862729: folds
6edcab3: folds
Hero: folds
821febcb: raises $0.05 to $0.1
e69dc716: folds
3c033b62: folds
Uncalled bet ($0.05) returned to 821febcb
*** SHOWDOWN ***
821febcb collected $0.12 from pot
*** SUMMARY ***
Total pot $0.12 | Rake $0 | Jackpot $0 | Bingo $0 | Fortune $0
Seat 1: 3c033b62 (big blind) folded before Flop
Seat 2: 2f862729 folded before Flop (didn't bet)
Seat 3: 6edcab3 folded before Flop (didn't bet)
Seat 4: Hero folded before Flop (didn't bet)
Seat 5: 821febcb (button) collected ($0.12)
Seat 6: e69dc716 (small blind) folded before Flop


Poker Hand #HD1203280974: Hold'em No Limit  ($0.02/$0.05) - 2023/04/14 21:33:10
Table 'NLHBlue32' 6-max Seat #4 is the button
Seat 2: 2f862729 ($5.05 in chips)
Seat 3: 6edcab3 ($3.57 in chips)
Seat 4: Hero ($5 in chips)
Seat 5: 821febcb ($1.95 in chips)
Seat 6: e69dc716 ($6.28 in chips)
821febcb: posts small blind $0.02
e69dc716: posts big blind $0.05
*** HOLE CARDS ***
Dealt to 2f862729 
Dealt to 6edcab3 
Dealt to Hero [4s Kc]
Dealt to 821febcb 
Dealt to e69dc716 
2f862729: folds
6edcab3: calls $0.05
Hero: folds
821febcb: calls $0.03
e69dc716: checks
*** FLOP *** [Ks 7h 6h]
821febcb: checks
e69dc716: checks
6edcab3: bets $0.05
821febcb: calls $0.05
e69dc716: calls $0.05
*** TURN *** [Ks 7h 6h] [Ad]
821febcb: checks
e69dc716: checks
6edcab3: checks
*** RIVER *** [Ks 7h 6h Ad] [As]
821febcb: bets $0.05
e69dc716: calls $0.05
6edcab3: folds
821febcb: shows [Kd 3d] (Pair of Aces and Pair of Kings)
e69dc716: shows [7s 2c] (Pair of Aces and Pair of Sevens)
*** SHOWDOWN ***
821febcb collected $0.38 from pot
*** SUMMARY ***
Total pot $0.4 | Rake $0.02 | Jackpot $0 | Bingo $0 | Fortune $0
Board [Ks 7h 6h Ad As]
Seat 2: 2f862729 folded before Flop (didn't bet)
Seat 3: 6edcab3 folded on the River
Seat 4: Hero (button) folded before Flop (didn't bet)
Seat 5: 821febcb (small blind) showed [Kd 3d] and won ($0.38) with Pair of Aces and Pair of Kings
Seat 6: e69dc716 (big blind) showed [7s 2c] and lost with Pair of Aces and Pair of Sevens


Poker Hand #HD1203280921: Hold'em No Limit  ($0.02/$0.05) - 2023/04/14 21:32:42
Table 'NLHBlue32' 6-max Seat #3 is the button
Seat 2: 2f862729 ($5.05 in chips)
Seat 3: 6edcab3 ($3.5 in chips)
Seat 4: Hero ($5 in chips)
Seat 5: 821febcb ($2 in chips)
Seat 6: e69dc716 ($6.28 in chips)
Hero: posts small blind $0.02
821febcb: posts big blind $0.05
*** HOLE CARDS ***
Dealt to 2f862729 
Dealt to 6edcab3 
Dealt to Hero [7h 3s]
Dealt to 821febcb 
Dealt to e69dc716 
e69dc716: folds
2f862729: folds
6edcab3: calls $0.05
Hero: folds
821febcb: checks
*** FLOP *** [Jd 3c Ad]
821febcb: checks
6edcab3: checks
*** TURN *** [Jd 3c Ad] [2c]
821febcb: checks
6edcab3: bets $0.06
821febcb: folds
Uncalled bet ($0.06) returned to 6edcab3
*** SHOWDOWN ***
6edcab3 collected $0.12 from pot
*** SUMMARY ***
Total pot $0.12 | Rake $0 | Jackpot $0 | Bingo $0 | Fortune $0
Board [Jd 3c Ad 2c]
Seat 2: 2f862729 folded before Flop (didn't bet)
Seat 3: 6edcab3 (button) won ($0.12)
Seat 4: Hero (small blind) folded before Flop
Seat 5: 821febcb (big blind) folded on the Turn
Seat 6: e69dc716 folded before Flop (didn't bet)


Poker Hand #HD1203280895: Hold'em No Limit  ($0.02/$0.05) - 2023/04/14 21:32:27
Table 'NLHBlue32' 6-max Seat #2 is the button
Seat 2: 2f862729 ($5.05 in chips)
Seat 3: 6edcab3 ($3.45 in chips)
Seat 4: Hero ($5 in chips)
Seat 6: e69dc716 ($6.28 in chips)
6edcab3: posts small blind $0.02
Hero: posts big blind $0.05
*** HOLE CARDS ***
Dealt to 2f862729 
Dealt to 6edcab3 
Dealt to Hero [Jd 3c]
Dealt to e69dc716 
e69dc716: folds
2f862729: folds
6edcab3: calls $0.03
Hero: checks
*** FLOP *** [5s 3s Qs]
6edcab3: bets $0.05
Hero: folds
Uncalled bet ($0.05) returned to 6edcab3
*** SHOWDOWN ***
6edcab3 collected $0.1 from pot
*** SUMMARY ***
Total pot $0.1 | Rake $0 | Jackpot $0 | Bingo $0 | Fortune $0
Board [5s 3s Qs]
Seat 2: 2f862729 (button) folded before Flop (didn't bet)
Seat 3: 6edcab3 (small blind) won ($0.1)
Seat 4: Hero (big blind) folded on the Flop
Seat 6: e69dc716 folded before Flop (didn't bet)


Poker Hand #HD1203280873: Hold'em No Limit  ($0.02/$0.05) - 2023/04/14 21:32:13
Table 'NLHBlue32' 6-max Seat #1 is the button
Seat 1: aabf3d92 ($7.95 in chips)
Seat 2: 2f862729 ($5 in chips)
Seat 3: 6edcab3 ($3.5 in chips)
Seat 4: Hero ($5 in chips)
Seat 6: e69dc716 ($6.28 in chips)
2f862729: posts small blind $0.02
6edcab3: posts big blind $0.05
*** HOLE CARDS ***
Dealt to aabf3d92 
Dealt to 2f862729 
Dealt to 6edcab3 
Dealt to Hero [3d Td]
Dealt to e69dc716 
Hero: folds
e69dc716: folds
aabf3d92: folds
2f862729: raises $0.05 to $0.1
6edcab3: folds
Uncalled bet ($0.05) returned to 2f862729
*** SHOWDOWN ***
2f862729 collected $0.1 from pot
*** SUMMARY ***
Total pot $0.1 | Rake $0 | Jackpot $0 | Bingo $0 | Fortune $0
Seat 1: aabf3d92 (button) folded before Flop (didn't bet)
Seat 2: 2f862729 (small blind) collected ($0.1)
Seat 3: 6edcab3 (big blind) folded before Flop
Seat 4: Hero folded before Flop (didn't bet)
Seat 6: e69dc716 folded before Flop (didn't bet)


Poker Hand #HD1203280776: Hold'em No Limit  ($0.02/$0.05) - 2023/04/14 21:31:25
Table 'NLHBlue32' 6-max Seat #6 is the button
Seat 1: aabf3d92 ($8.64 in chips)
Seat 2: 2f862729 ($5 in chips)
Seat 3: 6edcab3 ($3.5 in chips)
Seat 4: Hero ($5 in chips)
Seat 6: e69dc716 ($5.61 in chips)
aabf3d92: posts small blind $0.02
2f862729: posts big blind $0.05
*** HOLE CARDS ***
Dealt to aabf3d92 
Dealt to 2f862729 
Dealt to 6edcab3 
Dealt to Hero [7s Ts]
Dealt to e69dc716 
6edcab3: folds
Hero: folds
e69dc716: raises $0.1 to $0.15
aabf3d92: calls $0.13
2f862729: folds
*** FLOP *** [Ad Ah Th]
aabf3d92: checks
e69dc716: bets $0.18
aabf3d92: calls $0.18
*** TURN *** [Ad Ah Th] [4c]
aabf3d92: checks
e69dc716: bets $0.36
aabf3d92: calls $0.36
*** RIVER *** [Ad Ah Th 4c] [2d]
aabf3d92: checks
e69dc716: bets $1.08
aabf3d92: folds
Uncalled bet ($1.08) returned to e69dc716
*** SHOWDOWN ***
e69dc716 collected $1.36 from pot
*** SUMMARY ***
Total pot $1.43 | Rake $0.07 | Jackpot $0 | Bingo $0 | Fortune $0
Board [Ad Ah Th 4c 2d]
Seat 1: aabf3d92 (small blind) folded on the River
Seat 2: 2f862729 (big blind) folded before Flop
Seat 3: 6edcab3 folded before Flop (didn't bet)
Seat 4: Hero folded before Flop (didn't bet)
Seat 6: e69dc716 (button) won ($1.36)


Poker Hand #HD1203280672: Hold'em No Limit  ($0.02/$0.05) - 2023/04/14 21:30:19
Table 'NLHBlue32' 6-max Seat #4 is the button
Seat 1: aabf3d92 ($9.07 in chips)
Seat 2: 2f862729 ($5 in chips)
Seat 3: 6edcab3 ($1.64 in chips)
Seat 4: Hero ($5.38 in chips)
Seat 6: e69dc716 ($5.63 in chips)
e69dc716: posts small blind $0.02
aabf3d92: posts big blind $0.05
*** HOLE CARDS ***
Dealt to aabf3d92 
Dealt to 2f862729 
Dealt to 6edcab3 
Dealt to Hero [As Td]
Dealt to e69dc716 
2f862729: folds
6edcab3: calls $0.05
Hero: raises $0.15 to $0.2
e69dc716: folds
aabf3d92: calls $0.15
6edcab3: calls $0.15
*** FLOP *** [Ad Ks 5h]
aabf3d92: checks
6edcab3: checks
Hero: bets $0.23
aabf3d92: calls $0.23
6edcab3: calls $0.23
*** TURN *** [Ad Ks 5h] [4h]
aabf3d92: checks
6edcab3: checks
Hero: bets $0.48
aabf3d92: folds
6edcab3: calls $0.48
*** RIVER *** [Ad Ks 5h 4h] [Qc]
6edcab3: bets $0.73 and is all-in
Hero: calls $0.73
6edcab3: shows [Th Js] (Aces-High Straight)
Hero: shows [As Td] (Pair of Aces)
*** SHOWDOWN ***
6edcab3 collected $3.5 from pot
*** SUMMARY ***
Total pot $3.73 | Rake $0.18 | Jackpot $0.05 | Bingo $0 | Fortune $0
Board [Ad Ks 5h 4h Qc]
Seat 1: aabf3d92 (big blind) folded on the Turn
Seat 2: 2f862729 folded before Flop (didn't bet)
Seat 3: 6edcab3 showed [Th Js] and won ($3.5) with Aces-High Straight
Seat 4: Hero (button) showed [As Td] and lost with Pair of Aces
Seat 6: e69dc716 (small blind) folded before Flop


Poker Hand #HD1203280655: Hold'em No Limit  ($0.02/$0.05) - 2023/04/14 21:30:05
Table 'NLHBlue32' 6-max Seat #3 is the button
Seat 1: aabf3d92 ($9.07 in chips)
Seat 2: 2f862729 ($5 in chips)
Seat 3: 6edcab3 ($1.64 in chips)
Seat 4: Hero ($5.33 in chips)
Seat 6: e69dc716 ($5.68 in chips)
Hero: posts small blind $0.02
e69dc716: posts big blind $0.05
*** HOLE CARDS ***
Dealt to aabf3d92 
Dealt to 2f862729 
Dealt to 6edcab3 
Dealt to Hero [9d Jh]
Dealt to e69dc716 
aabf3d92: folds
2f862729: folds
6edcab3: folds
Hero: raises $0.09 to $0.14
e69dc716: folds
Uncalled bet ($0.09) returned to Hero
*** SHOWDOWN ***
Hero collected $0.1 from pot
*** SUMMARY ***
Total pot $0.1 | Rake $0 | Jackpot $0 | Bingo $0 | Fortune $0
Seat 1: aabf3d92 folded before Flop (didn't bet)
Seat 2: 2f862729 folded before Flop (didn't bet)
Seat 3: 6edcab3 (button) folded before Flop (didn't bet)
Seat 4: Hero (small blind) collected ($0.1)
Seat 6: e69dc716 (big blind) folded before Flop


Poker Hand #HD1203280572: Hold'em No Limit  ($0.02/$0.05) - 2023/04/14 21:29:24
Table 'NLHBlue32' 6-max Seat #2 is the button
Seat 1: aabf3d92 ($9.07 in chips)
Seat 2: 2f862729 ($5 in chips)
Seat 3: 6edcab3 ($1.78 in chips)
Seat 4: Hero ($5.2 in chips)
Seat 5: 5ae199b5 ($5.4 in chips)
Seat 6: e69dc716 ($5.68 in chips)
6edcab3: posts small blind $0.02
Hero: posts big blind $0.05
*** HOLE CARDS ***
Dealt to aabf3d92 
Dealt to 2f862729 
Dealt to 6edcab3 
Dealt to Hero [Qd Ks]
Dealt to 5ae199b5 
Dealt to e69dc716 
5ae199b5: folds
e69dc716: folds
aabf3d92: folds
2f862729: folds
6edcab3: calls $0.03
Hero: raises $0.09 to $0.14
6edcab3: calls $0.09
*** FLOP *** [7s As 4s]
6edcab3: checks
Hero: bets $0.21
6edcab3: folds
Uncalled bet ($0.21) returned to Hero
*** SHOWDOWN ***
Hero collected $0.27 from pot
*** SUMMARY ***
Total pot $0.28 | Rake $0.01 | Jackpot $0 | Bingo $0 | Fortune $0
Board [7s As 4s]
Seat 1: aabf3d92 folded before Flop (didn't bet)
Seat 2: 2f862729 (button) folded before Flop (didn't bet)
Seat 3: 6edcab3 (small blind) folded on the Flop
Seat 4: Hero (big blind) won ($0.27)
Seat 5: 5ae199b5 folded before Flop (didn't bet)
Seat 6: e69dc716 folded before Flop (didn't bet)


Poker Hand #HD1203280497: Hold'em No Limit  ($0.02/$0.05) - 2023/04/14 21:28:35
Table 'NLHBlue32' 6-max Seat #1 is the button
Seat 1: aabf3d92 ($9.36 in chips)
Seat 2: 2f862729 ($5 in chips)
Seat 3: 6edcab3 ($1.5 in chips)
Seat 4: Hero ($5.2 in chips)
Seat 5: 5ae199b5 ($5.4 in chips)
Seat 6: e69dc716 ($5.68 in chips)
2f862729: posts small blind $0.02
6edcab3: posts big blind $0.05
*** HOLE CARDS ***
Dealt to aabf3d92 
Dealt to 2f862729 
Dealt to 6edcab3 
Dealt to Hero [8c 4s]
Dealt to 5ae199b5 
Dealt to e69dc716 
Hero: folds
5ae199b5: folds
e69dc716: folds
aabf3d92: calls $0.05
2f862729: folds
6edcab3: checks
*** FLOP *** [2h 5h 2c]
6edcab3: checks
aabf3d92: bets $0.12
6edcab3: calls $0.12
*** TURN *** [2h 5h 2c] [As]
6edcab3: checks
aabf3d92: bets $0.12
6edcab3: calls $0.12
*** RIVER *** [2h 5h 2c As] [7d]
6edcab3: checks
aabf3d92: checks
6edcab3: shows [Jh 2d] (Three Twos)
aabf3d92: shows [Td 5d] (Pair of Fives and Pair of Twos)
*** SHOWDOWN ***
6edcab3 collected $0.57 from pot
*** SUMMARY ***
Total pot $0.6 | Rake $0.03 | Jackpot $0 | Bingo $0 | Fortune $0
Board [2h 5h 2c As 7d]
Seat 1: aabf3d92 (button) showed [Td 5d] and lost with Pair of Fives and Pair of Twos
Seat 2: 2f862729 (small blind) folded before Flop
Seat 3: 6edcab3 (big blind) showed [Jh 2d] and won ($0.57) with Three Twos
Seat 4: Hero folded before Flop (didn't bet)
Seat 5: 5ae199b5 folded before Flop (didn't bet)
Seat 6: e69dc716 folded before Flop (didn't bet)


Poker Hand #HD1203280426: Hold'em No Limit  ($0.02/$0.05) - 2023/04/14 21:27:54
Table 'NLHBlue32' 6-max Seat #6 is the button
Seat 1: aabf3d92 ($9.38 in chips)
Seat 2: 2f862729 ($5 in chips)
Seat 3: 6edcab3 ($2.17 in chips)
Seat 4: Hero ($5.2 in chips)
Seat 5: 5ae199b5 ($4.73 in chips)
Seat 6: e69dc716 ($5.68 in chips)
aabf3d92: posts small blind $0.02
2f862729: posts big blind $0.05
*** HOLE CARDS ***
Dealt to aabf3d92 
Dealt to 2f862729 
Dealt to 6edcab3 
Dealt to Hero [Ah Ts]
Dealt to 5ae199b5 
Dealt to e69dc716 
6edcab3: calls $0.05
Hero: folds
5ae199b5: raises $0.15 to $0.2
e69dc716: folds
aabf3d92: folds
2f862729: folds
6edcab3: calls $0.15
*** FLOP *** [6c 9c 9s]
6edcab3: checks
5ae199b5: bets $0.47
6edcab3: calls $0.47
*** TURN *** [6c 9c 9s] [3d]
6edcab3: checks
5ae199b5: bets $4.06 and is all-in
6edcab3: folds
Uncalled bet ($4.06) returned to 5ae199b5
*** SHOWDOWN ***
5ae199b5 collected $1.34 from pot
*** SUMMARY ***
Total pot $1.41 | Rake $0.07 | Jackpot $0 | Bingo $0 | Fortune $0
Board [6c 9c 9s 3d]
Seat 1: aabf3d92 (small blind) folded before Flop
Seat 2: 2f862729 (big blind) folded before Flop
Seat 3: 6edcab3 folded on the Turn
Seat 4: Hero folded before Flop (didn't bet)
Seat 5: 5ae199b5 won ($1.34)
Seat 6: e69dc716 (button) folded before Flop (didn't bet)


Poker Hand #HD1203280397: Hold'em No Limit  ($0.02/$0.05) - 2023/04/14 21:27:39
Table 'NLHBlue32' 6-max Seat #5 is the button
Seat 1: aabf3d92 ($9.43 in chips)
Seat 2: 2f862729 ($5 in chips)
Seat 3: 6edcab3 ($2.17 in chips)
Seat 4: Hero ($5.13 in chips)
Seat 5: 5ae199b5 ($4.73 in chips)
Seat 6: e69dc716 ($5.7 in chips)
e69dc716: posts small blind $0.02
aabf3d92: posts big blind $0.05
*** HOLE CARDS ***
Dealt to aabf3d92 
Dealt to 2f862729 
Dealt to 6edcab3 
Dealt to Hero [4c Ac]
Dealt to 5ae199b5 
Dealt to e69dc716 
2f862729: folds
6edcab3: folds
Hero: raises $0.07 to $0.12
5ae199b5: folds
e69dc716: folds
aabf3d92: folds
Uncalled bet ($0.07) returned to Hero
*** SHOWDOWN ***
Hero collected $0.12 from pot
*** SUMMARY ***
Total pot $0.12 | Rake $0 | Jackpot $0 | Bingo $0 | Fortune $0
Seat 1: aabf3d92 (big blind) folded before Flop
Seat 2: 2f862729 folded before Flop (didn't bet)
Seat 3: 6edcab3 folded before Flop (didn't bet)
Seat 4: Hero collected ($0.12)
Seat 5: 5ae199b5 (button) folded before Flop (didn't bet)
Seat 6: e69dc716 (small blind) folded before Flop


Poker Hand #HD1203280319: Hold'em No Limit  ($0.02/$0.05) - 2023/04/14 21:26:57
Table 'NLHBlue32' 6-max Seat #4 is the button
Seat 1: aabf3d92 ($9.43 in chips)
Seat 2: 2f862729 ($5 in chips)
Seat 3: 6edcab3 ($2.17 in chips)
Seat 4: Hero ($5.13 in chips)
Seat 5: 5ae199b5 ($4.64 in chips)
Seat 6: e69dc716 ($5.8 in chips)
5ae199b5: posts small blind $0.02
e69dc716: posts big blind $0.05
*** HOLE CARDS ***
Dealt to aabf3d92 
Dealt to 2f862729 
Dealt to 6edcab3 
Dealt to Hero [3d 6d]
Dealt to 5ae199b5 
Dealt to e69dc716 
aabf3d92: folds
2f862729: folds
6edcab3: folds
Hero: folds
5ae199b5: calls $0.03
e69dc716: checks
*** FLOP *** [Qc Jc Th]
5ae199b5: bets $0.05
e69dc716: calls $0.05
*** TURN *** [Qc Jc Th] [Ad]
5ae199b5: bets $0.2
e69dc716: folds
Uncalled bet ($0.2) returned to 5ae199b5
*** SHOWDOWN ***
5ae199b5 collected $0.19 from pot
*** SUMMARY ***
Total pot $0.2 | Rake $0.01 | Jackpot $0 | Bingo $0 | Fortune $0
Board [Qc Jc Th Ad]
Seat 1: aabf3d92 folded before Flop (didn't bet)
Seat 2: 2f862729 folded before Flop (didn't bet)
Seat 3: 6edcab3 folded before Flop (didn't bet)
Seat 4: Hero (button) folded before Flop (didn't bet)
Seat 5: 5ae199b5 (small blind) won ($0.19)
Seat 6: e69dc716 (big blind) folded on the Turn


Poker Hand #HD1203280293: Hold'em No Limit  ($0.02/$0.05) - 2023/04/14 21:26:37
Table 'NLHBlue32' 6-max Seat #3 is the button
Seat 1: aabf3d92 ($9.43 in chips)
Seat 2: 2f862729 ($5 in chips)
Seat 3: 6edcab3 ($2.1 in chips)
Seat 4: Hero ($5.15 in chips)
Seat 5: 5ae199b5 ($4.69 in chips)
Seat 6: e69dc716 ($5.8 in chips)
Hero: posts small blind $0.02
5ae199b5: posts big blind $0.05
*** HOLE CARDS ***
Dealt to aabf3d92 
Dealt to 2f862729 
Dealt to 6edcab3 
Dealt to Hero [7s 3c]
Dealt to 5ae199b5 
Dealt to e69dc716 
e69dc716: folds
aabf3d92: folds
2f862729: folds
6edcab3: calls $0.05
Hero: folds
5ae199b5: checks
*** FLOP *** [3s 6d Kc]
5ae199b5: checks
6edcab3: checks
*** TURN *** [3s 6d Kc] [7d]
5ae199b5: checks
6edcab3: bets $0.09
5ae199b5: folds
Uncalled bet ($0.09) returned to 6edcab3
*** SHOWDOWN ***
6edcab3 collected $0.12 from pot
*** SUMMARY ***
Total pot $0.12 | Rake $0 | Jackpot $0 | Bingo $0 | Fortune $0
Board [3s 6d Kc 7d]
Seat 1: aabf3d92 folded before Flop (didn't bet)
Seat 2: 2f862729 folded before Flop (didn't bet)
Seat 3: 6edcab3 (button) won ($0.12)
Seat 4: Hero (small blind) folded before Flop
Seat 5: 5ae199b5 (big blind) folded on the Turn
Seat 6: e69dc716 folded before Flop (didn't bet)


Poker Hand #HD1203280219: Hold'em No Limit  ($0.02/$0.05) - 2023/04/14 21:25:52
Table 'NLHBlue32' 6-max Seat #2 is the button
Seat 1: aabf3d92 ($8.58 in chips)
Seat 2: 2f862729 ($5 in chips)
Seat 3: 6edcab3 ($2.12 in chips)
Seat 4: Hero ($5.2 in chips)
Seat 5: 5ae199b5 ($4.69 in chips)
Seat 6: e69dc716 ($5.8 in chips)
6edcab3: posts small blind $0.02
Hero: posts big blind $0.05
*** HOLE CARDS ***
Dealt to aabf3d92 
Dealt to 2f862729 
Dealt to 6edcab3 
Dealt to Hero [3s 5d]
Dealt to 5ae199b5 
Dealt to e69dc716 
5ae199b5: folds
e69dc716: folds
aabf3d92: calls $0.05
2f862729: raises $0.15 to $0.2
6edcab3: folds
Hero: folds
aabf3d92: calls $0.15
*** FLOP *** [Jd 9s 5h]
aabf3d92: bets $0.24
2f862729: calls $0.24
*** TURN *** [Jd 9s 5h] [6h]
aabf3d92: bets $0.48
2f862729: calls $0.48
*** RIVER *** [Jd 9s 5h 6h] [2s]
aabf3d92: bets $0.96
2f862729: folds
Uncalled bet ($0.96) returned to aabf3d92
*** SHOWDOWN ***
aabf3d92 collected $1.77 from pot
*** SUMMARY ***
Total pot $1.91 | Rake $0.09 | Jackpot $0.05 | Bingo $0 | Fortune $0
Board [Jd 9s 5h 6h 2s]
Seat 1: aabf3d92 won ($1.77)
Seat 2: 2f862729 (button) folded on the River
Seat 3: 6edcab3 (small blind) folded before Flop
Seat 4: Hero (big blind) folded before Flop
Seat 5: 5ae199b5 folded before Flop (didn't bet)
Seat 6: e69dc716 folded before Flop (didn't bet)


Poker Hand #HD1203280188: Hold'em No Limit  ($0.02/$0.05) - 2023/04/14 21:25:31
Table 'NLHBlue32' 6-max Seat #1 is the button
Seat 1: aabf3d92 ($8.58 in chips)
Seat 2: 2f862729 ($5 in chips)
Seat 3: 6edcab3 ($2.05 in chips)
Seat 4: Hero ($5.2 in chips)
Seat 5: 5ae199b5 ($4.74 in chips)
Seat 6: e69dc716 ($5.8 in chips)
2f862729: posts small blind $0.02
6edcab3: posts big blind $0.05
*** HOLE CARDS ***
Dealt to aabf3d92 
Dealt to 2f862729 
Dealt to 6edcab3 
Dealt to Hero [5c Tc]
Dealt to 5ae199b5 
Dealt to e69dc716 
Hero: folds
5ae199b5: calls $0.05
e69dc716: folds
aabf3d92: folds
2f862729: folds
6edcab3: checks
*** FLOP *** [Jc 9h 4h]
6edcab3: checks
5ae199b5: checks
*** TURN *** [Jc 9h 4h] [8h]
6edcab3: bets $0.06
5ae199b5: folds
Uncalled bet ($0.06) returned to 6edcab3
*** SHOWDOWN ***
6edcab3 collected $0.12 from pot
*** SUMMARY ***
Total pot $0.12 | Rake $0 | Jackpot $0 | Bingo $0 | Fortune $0
Board [Jc 9h 4h 8h]
Seat 1: aabf3d92 (button) folded before Flop (didn't bet)
Seat 2: 2f862729 (small blind) folded before Flop
Seat 3: 6edcab3 (big blind) won ($0.12)
Seat 4: Hero folded before Flop (didn't bet)
Seat 5: 5ae199b5 folded on the Turn
Seat 6: e69dc716 folded before Flop (didn't bet)


Poker Hand #HD1203280164: Hold'em No Limit  ($0.02/$0.05) - 2023/04/14 21:25:15
Table 'NLHBlue32' 6-max Seat #6 is the button
Seat 1: aabf3d92 ($8.6 in chips)
Seat 2: 2f862729 ($5 in chips)
Seat 3: 6edcab3 ($2.05 in chips)
Seat 4: Hero ($5.2 in chips)
Seat 5: 5ae199b5 ($4.67 in chips)
Seat 6: e69dc716 ($5.8 in chips)
aabf3d92: posts small blind $0.02
2f862729: posts big blind $0.05
*** HOLE CARDS ***
Dealt to aabf3d92 
Dealt to 2f862729 
Dealt to 6edcab3 
Dealt to Hero [4d Qh]
Dealt to 5ae199b5 
Dealt to e69dc716 
6edcab3: folds
Hero: folds
5ae199b5: raises $0.1 to $0.15
e69dc716: folds
aabf3d92: folds
2f862729: folds
Uncalled bet ($0.1) returned to 5ae199b5
*** SHOWDOWN ***
5ae199b5 collected $0.12 from pot
*** SUMMARY ***
Total pot $0.12 | Rake $0 | Jackpot $0 | Bingo $0 | Fortune $0
Seat 1: aabf3d92 (small blind) folded before Flop
Seat 2: 2f862729 (big blind) folded before Flop
Seat 3: 6edcab3 folded before Flop (didn't bet)
Seat 4: Hero folded before Flop (didn't bet)
Seat 5: 5ae199b5 collected ($0.12)
Seat 6: e69dc716 (button) folded before Flop (didn't bet)


Poker Hand #HD1203280088: Hold'em No Limit  ($0.02/$0.05) - 2023/04/14 21:24:34
Table 'NLHBlue32' 6-max Seat #5 is the button
Seat 1: aabf3d92 ($8.65 in chips)
Seat 3: 6edcab3 ($2.88 in chips)
Seat 4: Hero ($5.2 in chips)
Seat 5: 5ae199b5 ($4.72 in chips)
Seat 6: e69dc716 ($5 in chips)
e69dc716: posts small blind $0.02
aabf3d92: posts big blind $0.05
*** HOLE CARDS ***
Dealt to aabf3d92 
Dealt to 6edcab3 
Dealt to Hero [Qc 4d]
Dealt to 5ae199b5 
Dealt to e69dc716 
6edcab3: calls $0.05
Hero: folds
5ae199b5: calls $0.05
e69dc716: raises $0.25 to $0.3
aabf3d92: folds
6edcab3: calls $0.25
5ae199b5: folds
*** FLOP *** [As 9s 5s]
e69dc716: bets $0.53
6edcab3: calls $0.53
*** TURN *** [As 9s 5s] [4h]
e69dc716: bets $1.32
6edcab3: folds
Uncalled bet ($1.32) returned to e69dc716
*** SHOWDOWN ***
e69dc716 collected $1.63 from pot
*** SUMMARY ***
Total pot $1.76 | Rake $0.08 | Jackpot $0.05 | Bingo $0 | Fortune $0
Board [As 9s 5s 4h]
Seat 1: aabf3d92 (big blind) folded before Flop
Seat 3: 6edcab3 folded on the Turn
Seat 4: Hero folded before Flop (didn't bet)
Seat 5: 5ae199b5 (button) folded before Flop
Seat 6: e69dc716 (small blind) won ($1.63)


Poker Hand #HD1203280060: Hold'em No Limit  ($0.02/$0.05) - 2023/04/14 21:24:20
Table 'NLHBlue32' 6-max Seat #4 is the button
Seat 1: aabf3d92 ($8.58 in chips)
Seat 3: 6edcab3 ($2.88 in chips)
Seat 4: Hero ($5.2 in chips)
Seat 5: 5ae199b5 ($4.74 in chips)
Seat 6: e69dc716 ($5 in chips)
5ae199b5: posts small blind $0.02
e69dc716: posts big blind $0.05
*** HOLE CARDS ***
Dealt to aabf3d92 
Dealt to 6edcab3 
Dealt to Hero [Ac 2s]
Dealt to 5ae199b5 
Dealt to e69dc716 
aabf3d92: raises $0.05 to $0.1
6edcab3: folds
Hero: folds
5ae199b5: folds
e69dc716: folds
Uncalled bet ($0.05) returned to aabf3d92
*** SHOWDOWN ***
aabf3d92 collected $0.12 from pot
*** SUMMARY ***
Total pot $0.12 | Rake $0 | Jackpot $0 | Bingo $0 | Fortune $0
Seat 1: aabf3d92 collected ($0.12)
Seat 3: 6edcab3 folded before Flop (didn't bet)
Seat 4: Hero (button) folded before Flop (didn't bet)
Seat 5: 5ae199b5 (small blind) folded before Flop
Seat 6: e69dc716 (big blind) folded before Flop


Poker Hand #HD1203279989: Hold'em No Limit  ($0.02/$0.05) - 2023/04/14 21:23:40
Table 'NLHBlue32' 6-max Seat #3 is the button
Seat 1: aabf3d92 ($8.58 in chips)
Seat 3: 6edcab3 ($2.76 in chips)
Seat 4: Hero ($5.22 in chips)
Seat 5: 5ae199b5 ($4.85 in chips)
Hero: posts small blind $0.02
5ae199b5: posts big blind $0.05
*** HOLE CARDS ***
Dealt to aabf3d92 
Dealt to 6edcab3 
Dealt to Hero [2h Kh]
Dealt to 5ae199b5 
aabf3d92: folds
6edcab3: calls $0.05
Hero: folds
5ae199b5: checks
*** FLOP *** [2d 9h Ad]
5ae199b5: checks
6edcab3: checks
*** TURN *** [2d 9h Ad] [8c]
5ae199b5: bets $0.06
6edcab3: calls $0.06
*** RIVER *** [2d 9h Ad 8c] [9c]
5ae199b5: checks
6edcab3: bets $0.24
5ae199b5: folds
Uncalled bet ($0.24) returned to 6edcab3
*** SHOWDOWN ***
6edcab3 collected $0.23 from pot
*** SUMMARY ***
Total pot $0.24 | Rake $0.01 | Jackpot $0 | Bingo $0 | Fortune $0
Board [2d 9h Ad 8c 9c]
Seat 1: aabf3d92 folded before Flop (didn't bet)
Seat 3: 6edcab3 (button) won ($0.23)
Seat 4: Hero (small blind) folded before Flop
Seat 5: 5ae199b5 (big blind) folded on the River


Poker Hand #HD1203279922: Hold'em No Limit  ($0.02/$0.05) - 2023/04/14 21:22:58
Table 'NLHBlue32' 6-max Seat #1 is the button
Seat 1: aabf3d92 ($7.15 in chips)
Seat 3: 6edcab3 ($2.78 in chips)
Seat 4: Hero ($5.27 in chips)
Seat 5: 5ae199b5 ($6.41 in chips)
6edcab3: posts small blind $0.02
Hero: posts big blind $0.05
*** HOLE CARDS ***
Dealt to aabf3d92 
Dealt to 6edcab3 
Dealt to Hero [Th 5s]
Dealt to 5ae199b5 
5ae199b5: raises $0.15 to $0.2
aabf3d92: raises $0.16 to $0.36
6edcab3: folds
Hero: folds
5ae199b5: calls $0.16
*** FLOP *** [8h 4d 6s]
5ae199b5: checks
aabf3d92: bets $0.4
5ae199b5: raises $0.8 to $1.2
aabf3d92: calls $0.8
*** TURN *** [8h 4d 6s] [6d]
5ae199b5: checks
aabf3d92: checks
*** RIVER *** [8h 4d 6s 6d] [Tc]
5ae199b5: checks
aabf3d92: bets $3.19
5ae199b5: folds
Uncalled bet ($3.19) returned to aabf3d92
*** SHOWDOWN ***
aabf3d92 collected $2.99 from pot
*** SUMMARY ***
Total pot $3.19 | Rake $0.15 | Jackpot $0.05 | Bingo $0 | Fortune $0
Board [8h 4d 6s 6d Tc]
Seat 1: aabf3d92 (button) won ($2.99)
Seat 3: 6edcab3 (small blind) folded before Flop
Seat 4: Hero (big blind) folded before Flop
Seat 5: 5ae199b5 folded on the River


Poker Hand #HD1203279906: Hold'em No Limit  ($0.02/$0.05) - 2023/04/14 21:22:47
Table 'NLHBlue32' 6-max Seat #5 is the button
Seat 1: aabf3d92 ($7.17 in chips)
Seat 3: 6edcab3 ($2.76 in chips)
Seat 4: Hero ($5.27 in chips)
Seat 5: 5ae199b5 ($6.41 in chips)
aabf3d92: posts small blind $0.02
6edcab3: posts big blind $0.05
*** HOLE CARDS ***
Dealt to aabf3d92 
Dealt to 6edcab3 
Dealt to Hero [5d Ah]
Dealt to 5ae199b5 
Hero: folds
5ae199b5: folds
aabf3d92: folds
Uncalled bet ($0.03) returned to 6edcab3
*** SHOWDOWN ***
6edcab3 collected $0.04 from pot
*** SUMMARY ***
Total pot $0.04 | Rake $0 | Jackpot $0 | Bingo $0 | Fortune $0
Seat 1: aabf3d92 (small blind) folded before Flop
Seat 3: 6edcab3 (big blind) collected ($0.04)
Seat 4: Hero folded before Flop (didn't bet)
Seat 5: 5ae199b5 (button) folded before Flop (didn't bet)


Poker Hand #HD1203279827: Hold'em No Limit  ($0.02/$0.05) - 2023/04/14 21:22:01
Table 'NLHBlue32' 6-max Seat #4 is the button
Seat 1: aabf3d92 ($7.22 in chips)
Seat 2: cd384cd ($6.65 in chips)
Seat 3: 6edcab3 ($2.98 in chips)
Seat 4: Hero ($5 in chips)
Seat 5: 5ae199b5 ($6.43 in chips)
5ae199b5: posts small blind $0.02
aabf3d92: posts big blind $0.05
*** HOLE CARDS ***
Dealt to aabf3d92 
Dealt to cd384cd 
Dealt to 6edcab3 
Dealt to Hero [5d 5s]
Dealt to 5ae199b5 
cd384cd: folds
6edcab3: calls $0.05
Hero: raises $0.17 to $0.22
5ae199b5: folds
aabf3d92: folds
6edcab3: calls $0.17
*** FLOP *** [8h 9c 4c]
6edcab3: checks
Hero: bets $0.3
6edcab3: folds
Uncalled bet ($0.3) returned to Hero
*** SHOWDOWN ***
Hero collected $0.49 from pot
*** SUMMARY ***
Total pot $0.51 | Rake $0.02 | Jackpot $0 | Bingo $0 | Fortune $0
Board [8h 9c 4c]
Seat 1: aabf3d92 (big blind) folded before Flop
Seat 2: cd384cd folded before Flop (didn't bet)
Seat 3: 6edcab3 folded on the Flop
Seat 4: Hero (button) won ($0.49)
Seat 5: 5ae199b5 (small blind) folded before Flop


Poker Hand #HD1203279740: Hold'em No Limit  ($0.02/$0.05) - 2023/04/14 21:21:07
Table 'NLHBlue32' 6-max Seat #3 is the button
Seat 1: aabf3d92 ($7.32 in chips)
Seat 2: cd384cd ($6.65 in chips)
Seat 3: 6edcab3 ($2.23 in chips)
Seat 4: Hero ($5 in chips)
Seat 5: 5ae199b5 ($7.18 in chips)
Seat 6: 1800eaa ($5.2 in chips)
Hero: posts small blind $0.02
5ae199b5: posts big blind $0.05
*** HOLE CARDS ***
Dealt to aabf3d92 
Dealt to cd384cd 
Dealt to 6edcab3 
Dealt to Hero [7s Js]
Dealt to 5ae199b5 
Dealt to 1800eaa 
1800eaa: folds
aabf3d92: raises $0.05 to $0.1
cd384cd: folds
6edcab3: calls $0.1
Hero: folds
5ae199b5: calls $0.05
*** FLOP *** [Qh 5d Kd]
5ae199b5: checks
aabf3d92: checks
6edcab3: checks
*** TURN *** [Qh 5d Kd] [6s]
5ae199b5: bets $0.11
aabf3d92: folds
6edcab3: calls $0.11
*** RIVER *** [Qh 5d Kd 6s] [4s]
5ae199b5: bets $0.54
6edcab3: raises $1.48 to $2.02 and is all-in
5ae199b5: folds
Uncalled bet ($1.48) returned to 6edcab3
*** SHOWDOWN ***
6edcab3 collected $1.5 from pot
*** SUMMARY ***
Total pot $1.62 | Rake $0.07 | Jackpot $0.05 | Bingo $0 | Fortune $0
Board [Qh 5d Kd 6s 4s]
Seat 1: aabf3d92 folded on the Turn
Seat 2: cd384cd folded before Flop (didn't bet)
Seat 3: 6edcab3 (button) won ($1.5)
Seat 4: Hero (small blind) folded before Flop
Seat 5: 5ae199b5 (big blind) folded on the River
Seat 6: 1800eaa folded before Flop (didn't bet)


Poker Hand #HD1203279684: Hold'em No Limit  ($0.02/$0.05) - 2023/04/14 21:20:37
Table 'NLHBlue32' 6-max Seat #2 is the button
Seat 1: aabf3d92 ($7.08 in chips)
Seat 2: cd384cd ($6.65 in chips)
Seat 3: 6edcab3 ($2.25 in chips)
Seat 4: Hero ($5 in chips)
Seat 5: 5ae199b5 ($7.37 in chips)
Seat 6: 1800eaa ($5.2 in chips)
6edcab3: posts small blind $0.02
Hero: posts big blind $0.05
*** HOLE CARDS ***
Dealt to aabf3d92 
Dealt to cd384cd 
Dealt to 6edcab3 
Dealt to Hero [8h 9d]
Dealt to 5ae199b5 
Dealt to 1800eaa 
5ae199b5: raises $0.05 to $0.1
1800eaa: folds
aabf3d92: calls $0.1
cd384cd: folds
6edcab3: folds
Hero: folds
*** FLOP *** [Ah 2s Jd]
5ae199b5: bets $0.09
aabf3d92: calls $0.09
*** TURN *** [Ah 2s Jd] [2d]
5ae199b5: checks
aabf3d92: bets $0.15
5ae199b5: folds
Uncalled bet ($0.15) returned to aabf3d92
*** SHOWDOWN ***
aabf3d92 collected $0.43 from pot
*** SUMMARY ***
Total pot $0.45 | Rake $0.02 | Jackpot $0 | Bingo $0 | Fortune $0
Board [Ah 2s Jd 2d]
Seat 1: aabf3d92 won ($0.43)
Seat 2: cd384cd (button) folded before Flop (didn't bet)
Seat 3: 6edcab3 (small blind) folded before Flop
Seat 4: Hero (big blind) folded before Flop
Seat 5: 5ae199b5 folded on the Turn
Seat 6: 1800eaa folded before Flop (didn't bet)


Poker Hand #HD1203279653: Hold'em No Limit  ($0.02/$0.05) - 2023/04/14 21:20:21
Table 'NLHBlue32' 6-max Seat #1 is the button
Seat 1: aabf3d92 ($7.08 in chips)
Seat 2: cd384cd ($6.67 in chips)
Seat 3: 6edcab3 ($2.3 in chips)
Seat 4: Hero ($5 in chips)
Seat 5: 5ae199b5 ($7.3 in chips)
Seat 6: 1800eaa ($5.2 in chips)
cd384cd: posts small blind $0.02
6edcab3: posts big blind $0.05
*** HOLE CARDS ***
Dealt to aabf3d92 
Dealt to cd384cd 
Dealt to 6edcab3 
Dealt to Hero [Qh Tc]
Dealt to 5ae199b5 
Dealt to 1800eaa 
Hero: folds
5ae199b5: raises $0.1 to $0.15
1800eaa: folds
aabf3d92: folds
cd384cd: folds
6edcab3: folds
Uncalled bet ($0.1) returned to 5ae199b5
*** SHOWDOWN ***
5ae199b5 collected $0.12 from pot
*** SUMMARY ***
Total pot $0.12 | Rake $0 | Jackpot $0 | Bingo $0 | Fortune $0
Seat 1: aabf3d92 (button) folded before Flop (didn't bet)
Seat 2: cd384cd (small blind) folded before Flop
Seat 3: 6edcab3 (big blind) folded before Flop
Seat 4: Hero folded before Flop (didn't bet)
Seat 5: 5ae199b5 collected ($0.12)
Seat 6: 1800eaa folded before Flop (didn't bet)


Poker Hand #HD1203279574: Hold'em No Limit  ($0.02/$0.05) - 2023/04/14 21:19:34
Table 'NLHBlue32' 6-max Seat #6 is the button
Seat 1: aabf3d92 ($7.1 in chips)
Seat 2: cd384cd ($6.72 in chips)
Seat 3: 6edcab3 ($2.23 in chips)
Seat 4: Hero ($5 in chips)
Seat 5: 5ae199b5 ($7.3 in chips)
Seat 6: 1800eaa ($5.2 in chips)
aabf3d92: posts small blind $0.02
cd384cd: posts big blind $0.05
*** HOLE CARDS ***
Dealt to aabf3d92 
Dealt to cd384cd 
Dealt to 6edcab3 
Dealt to Hero [9c 5d]
Dealt to 5ae199b5 
Dealt to 1800eaa 
6edcab3: calls $0.05
Hero: folds
5ae199b5: folds
1800eaa: folds
aabf3d92: folds
cd384cd: checks
*** FLOP *** [Js 6c 7d]
cd384cd: checks
6edcab3: bets $0.06
cd384cd: folds
Uncalled bet ($0.06) returned to 6edcab3
*** SHOWDOWN ***
6edcab3 collected $0.12 from pot
*** SUMMARY ***
Total pot $0.12 | Rake $0 | Jackpot $0 | Bingo $0 | Fortune $0
Board [Js 6c 7d]
Seat 1: aabf3d92 (small blind) folded before Flop
Seat 2: cd384cd (big blind) folded on the Flop
Seat 3: 6edcab3 won ($0.12)
Seat 4: Hero folded before Flop (didn't bet)
Seat 5: 5ae199b5 folded before Flop (didn't bet)
Seat 6: 1800eaa (button) folded before Flop (didn't bet)


Poker Hand #HD1203279460: Hold'em No Limit  ($0.02/$0.05) - 2023/04/14 21:18:29
Table 'NLHBlue32' 6-max Seat #5 is the button
Seat 1: aabf3d92 ($7.15 in chips)
Seat 2: cd384cd ($5.68 in chips)
Seat 3: 6edcab3 ($3.36 in chips)
Seat 4: Hero ($5 in chips)
Seat 5: 5ae199b5 ($7.3 in chips)
Seat 6: 1800eaa ($5.22 in chips)
1800eaa: posts small blind $0.02
aabf3d92: posts big blind $0.05
*** HOLE CARDS ***
Dealt to aabf3d92 
Dealt to cd384cd 
Dealt to 6edcab3 
Dealt to Hero [Kc 6s]
Dealt to 5ae199b5 
Dealt to 1800eaa 
cd384cd: raises $0.1 to $0.15
6edcab3: calls $0.15
Hero: folds
5ae199b5: folds
1800eaa: folds
aabf3d92: folds
*** FLOP *** [7h Qc Ah]
cd384cd: bets $0.28
6edcab3: calls $0.28
*** TURN *** [7h Qc Ah] [Jd]
cd384cd: bets $0.7
6edcab3: calls $0.7
*** RIVER *** [7h Qc Ah Jd] [2h]
cd384cd: bets $2.33
6edcab3: folds
Uncalled bet ($2.33) returned to cd384cd
*** SHOWDOWN ***
cd384cd collected $2.17 from pot
*** SUMMARY ***
Total pot $2.33 | Rake $0.11 | Jackpot $0.05 | Bingo $0 | Fortune $0
Board [7h Qc Ah Jd 2h]
Seat 1: aabf3d92 (big blind) folded before Flop
Seat 2: cd384cd won ($2.17)
Seat 3: 6edcab3 folded on the River
Seat 4: Hero folded before Flop (didn't bet)
Seat 5: 5ae199b5 (button) folded before Flop (didn't bet)
Seat 6: 1800eaa (small blind) folded before Flop


Poker Hand #HD1203279393: Hold'em No Limit  ($0.02/$0.05) - 2023/04/14 21:17:44
Table 'NLHBlue32' 6-max Seat #4 is the button
Seat 1: aabf3d92 ($7.15 in chips)
Seat 2: cd384cd ($5.68 in chips)
Seat 3: 6edcab3 ($3.41 in chips)
Seat 4: Hero ($5 in chips)
Seat 5: 5ae199b5 ($7.49 in chips)
Seat 6: 1800eaa ($5 in chips)
5ae199b5: posts small blind $0.02
1800eaa: posts big blind $0.05
*** HOLE CARDS ***
Dealt to aabf3d92 
Dealt to cd384cd 
Dealt to 6edcab3 
Dealt to Hero [5d 4c]
Dealt to 5ae199b5 
Dealt to 1800eaa 
aabf3d92: folds
cd384cd: folds
6edcab3: calls $0.05
Hero: folds
5ae199b5: raises $0.05 to $0.1
1800eaa: calls $0.05
6edcab3: folds
*** FLOP *** [8d Ad Ks]
5ae199b5: checks
1800eaa: checks
*** TURN *** [8d Ad Ks] [Th]
5ae199b5: bets $0.09
1800eaa: calls $0.09
*** RIVER *** [8d Ad Ks Th] [3h]
5ae199b5: checks
1800eaa: checks
5ae199b5: shows [4h 5h] (Ace-High)
1800eaa: shows [Tc 9s] (Pair of Tens)
*** SHOWDOWN ***
1800eaa collected $0.41 from pot
*** SUMMARY ***
Total pot $0.43 | Rake $0.02 | Jackpot $0 | Bingo $0 | Fortune $0
Board [8d Ad Ks Th 3h]
Seat 1: aabf3d92 folded before Flop (didn't bet)
Seat 2: cd384cd folded before Flop (didn't bet)
Seat 3: 6edcab3 folded before Flop
Seat 4: Hero (button) folded before Flop (didn't bet)
Seat 5: 5ae199b5 (small blind) showed [4h 5h] and lost with Ace-High
Seat 6: 1800eaa (big blind) showed [Tc 9s] and won ($0.41) with Pair of Tens


Poker Hand #HD1203279309: Hold'em No Limit  ($0.02/$0.05) - 2023/04/14 21:16:55
Table 'NLHBlue32' 6-max Seat #3 is the button
Seat 1: aabf3d92 ($7.15 in chips)
Seat 2: cd384cd ($5.68 in chips)
Seat 3: 6edcab3 ($3.29 in chips)
Seat 4: Hero ($5 in chips)
Seat 5: 5ae199b5 ($7.6 in chips)
Seat 6: 1800eaa ($5 in chips)
Hero: posts small blind $0.02
5ae199b5: posts big blind $0.05
*** HOLE CARDS ***
Dealt to aabf3d92 
Dealt to cd384cd 
Dealt to 6edcab3 
Dealt to Hero [Jc 2d]
Dealt to 5ae199b5 
Dealt to 1800eaa 
1800eaa: folds
aabf3d92: folds
cd384cd: folds
6edcab3: calls $0.05
Hero: folds
5ae199b5: checks
*** FLOP *** [Kh Td 9d]
5ae199b5: checks
6edcab3: checks
*** TURN *** [Kh Td 9d] [6s]
5ae199b5: bets $0.06
6edcab3: calls $0.06
*** RIVER *** [Kh Td 9d 6s] [6h]
5ae199b5: checks
6edcab3: bets $0.08
5ae199b5: folds
Uncalled bet ($0.08) returned to 6edcab3
*** SHOWDOWN ***
6edcab3 collected $0.23 from pot
*** SUMMARY ***
Total pot $0.24 | Rake $0.01 | Jackpot $0 | Bingo $0 | Fortune $0
Board [Kh Td 9d 6s 6h]
Seat 1: aabf3d92 folded before Flop (didn't bet)
Seat 2: cd384cd folded before Flop (didn't bet)
Seat 3: 6edcab3 (button) won ($0.23)
Seat 4: Hero (small blind) folded before Flop
Seat 5: 5ae199b5 (big blind) folded on the River
Seat 6: 1800eaa folded before Flop (didn't bet)


Poker Hand #HD1203279279: Hold'em No Limit  ($0.02/$0.05) - 2023/04/14 21:16:38
Table 'NLHBlue32' 6-max Seat #2 is the button
Seat 1: aabf3d92 ($7.15 in chips)
Seat 2: cd384cd ($5.68 in chips)
Seat 3: 6edcab3 ($3.24 in chips)
Seat 4: Hero ($5 in chips)
Seat 5: 5ae199b5 ($7.6 in chips)
Seat 6: 1800eaa ($5 in chips)
6edcab3: posts small blind $0.02
Hero: posts big blind $0.05
*** HOLE CARDS ***
Dealt to aabf3d92 
Dealt to cd384cd 
Dealt to 6edcab3 
Dealt to Hero [9c Jh]
Dealt to 5ae199b5 
Dealt to 1800eaa 
5ae199b5: folds
1800eaa: folds
aabf3d92: folds
cd384cd: folds
6edcab3: calls $0.03
Hero: checks
*** FLOP *** [Ah 3s 5h]
6edcab3: bets $0.05
Hero: folds
Uncalled bet ($0.05) returned to 6edcab3
*** SHOWDOWN ***
6edcab3 collected $0.1 from pot
*** SUMMARY ***
Total pot $0.1 | Rake $0 | Jackpot $0 | Bingo $0 | Fortune $0
Board [Ah 3s 5h]
Seat 1: aabf3d92 folded before Flop (didn't bet)
Seat 2: cd384cd (button) folded before Flop (didn't bet)
Seat 3: 6edcab3 (small blind) won ($0.1)
Seat 4: Hero (big blind) folded on the Flop
Seat 5: 5ae199b5 folded before Flop (didn't bet)
Seat 6: 1800eaa folded before Flop (didn't bet)


Poker Hand #HD1203279206: Hold'em No Limit  ($0.02/$0.05) - 2023/04/14 21:15:49
Table 'NLHBlue32' 6-max Seat #1 is the button
Seat 1: aabf3d92 ($6.48 in chips)
Seat 2: cd384cd ($5.7 in chips)
Seat 3: 6edcab3 ($3.29 in chips)
Seat 4: Hero ($5 in chips)
Seat 5: 5ae199b5 ($7.6 in chips)
Seat 6: 1800eaa ($5 in chips)
cd384cd: posts small blind $0.02
6edcab3: posts big blind $0.05
*** HOLE CARDS ***
Dealt to aabf3d92 
Dealt to cd384cd 
Dealt to 6edcab3 
Dealt to Hero [8s 3c]
Dealt to 5ae199b5 
Dealt to 1800eaa 
Hero: folds
5ae199b5: folds
1800eaa: raises $0.1 to $0.15
aabf3d92: calls $0.15
cd384cd: folds
6edcab3: folds
*** FLOP *** [6h Th 9d]
1800eaa: bets $0.19
aabf3d92: calls $0.19
*** TURN *** [6h Th 9d] [7s]
1800eaa: bets $0.38
aabf3d92: calls $0.38
*** RIVER *** [6h Th 9d 7s] [7h]
1800eaa: checks
aabf3d92: bets $1.14
1800eaa: folds
Uncalled bet ($1.14) returned to aabf3d92
*** SHOWDOWN ***
aabf3d92 collected $1.39 from pot
*** SUMMARY ***
Total pot $1.51 | Rake $0.07 | Jackpot $0.05 | Bingo $0 | Fortune $0
Board [6h Th 9d 7s 7h]
Seat 1: aabf3d92 (button) won ($1.39)
Seat 2: cd384cd (small blind) folded before Flop
Seat 3: 6edcab3 (big blind) folded before Flop
Seat 4: Hero folded before Flop (didn't bet)
Seat 5: 5ae199b5 folded before Flop (didn't bet)
Seat 6: 1800eaa folded on the River


Poker Hand #HD1203279147: Hold'em No Limit  ($0.02/$0.05) - 2023/04/14 21:15:15
Table 'NLHBlue32' 6-max Seat #6 is the button
Seat 1: aabf3d92 ($6.34 in chips)
Seat 2: cd384cd ($5.75 in chips)
Seat 3: 6edcab3 ($3.39 in chips)
Seat 4: Hero ($5 in chips)
Seat 5: 5ae199b5 ($7.6 in chips)
Seat 6: 1800eaa ($5 in chips)
aabf3d92: posts small blind $0.02
cd384cd: posts big blind $0.05
*** HOLE CARDS ***
Dealt to aabf3d92 
Dealt to cd384cd 
Dealt to 6edcab3 
Dealt to Hero [4d 9c]
Dealt to 5ae199b5 
Dealt to 1800eaa 
6edcab3: calls $0.05
Hero: folds
5ae199b5: folds
1800eaa: folds
aabf3d92: raises $0.05 to $0.1
cd384cd: folds
6edcab3: calls $0.05
*** FLOP *** [7d 8d 5h]
aabf3d92: bets $0.13
6edcab3: folds
Uncalled bet ($0.13) returned to aabf3d92
*** SHOWDOWN ***
aabf3d92 collected $0.24 from pot
*** SUMMARY ***
Total pot $0.25 | Rake $0.01 | Jackpot $0 | Bingo $0 | Fortune $0
Board [7d 8d 5h]
Seat 1: aabf3d92 (small blind) won ($0.24)
Seat 2: cd384cd (big blind) folded before Flop
Seat 3: 6edcab3 folded on the Flop
Seat 4: Hero folded before Flop (didn't bet)
Seat 5: 5ae199b5 folded before Flop (didn't bet)
Seat 6: 1800eaa (button) folded before Flop (didn't bet)


Poker Hand #HD1203279060: Hold'em No Limit  ($0.02/$0.05) - 2023/04/14 21:14:20
Table 'NLHBlue32' 6-max Seat #5 is the button
Seat 1: aabf3d92 ($6.45 in chips)
Seat 2: cd384cd ($5.75 in chips)
Seat 3: 6edcab3 ($3.39 in chips)
Seat 4: Hero ($5 in chips)
Seat 5: 5ae199b5 ($7.48 in chips)
Seat 6: 1800eaa ($5 in chips)
1800eaa: posts small blind $0.02
aabf3d92: posts big blind $0.05
*** HOLE CARDS ***
Dealt to aabf3d92 
Dealt to cd384cd 
Dealt to 6edcab3 
Dealt to Hero [2s Ah]
Dealt to 5ae199b5 
Dealt to 1800eaa 
cd384cd: folds
6edcab3: folds
Hero: folds
5ae199b5: calls $0.05
1800eaa: folds
aabf3d92: checks
*** FLOP *** [2d 4h Th]
aabf3d92: checks
5ae199b5: checks
*** TURN *** [2d 4h Th] [7s]
aabf3d92: checks
5ae199b5: bets $0.06
aabf3d92: calls $0.06
*** RIVER *** [2d 4h Th 7s] [8c]
aabf3d92: checks
5ae199b5: bets $0.18
aabf3d92: folds
Uncalled bet ($0.18) returned to 5ae199b5
*** SHOWDOWN ***
5ae199b5 collected $0.23 from pot
*** SUMMARY ***
Total pot $0.24 | Rake $0.01 | Jackpot $0 | Bingo $0 | Fortune $0
Board [2d 4h Th 7s 8c]
Seat 1: aabf3d92 (big blind) folded on the River
Seat 2: cd384cd folded before Flop (didn't bet)
Seat 3: 6edcab3 folded before Flop (didn't bet)
Seat 4: Hero folded before Flop (didn't bet)
Seat 5: 5ae199b5 (button) won ($0.23)
Seat 6: 1800eaa (small blind) folded before Flop


Poker Hand #HD1203279033: Hold'em No Limit  ($0.02/$0.05) - 2023/04/14 21:14:05
Table 'NLHBlue32' 6-max Seat #4 is the button
Seat 1: aabf3d92 ($6.45 in chips)
Seat 2: cd384cd ($5.75 in chips)
Seat 3: 6edcab3 ($3.39 in chips)
Seat 4: Hero ($5 in chips)
Seat 5: 5ae199b5 ($7.43 in chips)
Seat 6: 1800eaa ($5 in chips)
5ae199b5: posts small blind $0.02
1800eaa: posts big blind $0.05
*** HOLE CARDS ***
Dealt to aabf3d92 
Dealt to cd384cd 
Dealt to 6edcab3 
Dealt to Hero [6h 8c]
Dealt to 5ae199b5 
Dealt to 1800eaa 
aabf3d92: folds
cd384cd: folds
6edcab3: folds
Hero: folds
5ae199b5: raises $0.05 to $0.1
1800eaa: folds
Uncalled bet ($0.05) returned to 5ae199b5
*** SHOWDOWN ***
5ae199b5 collected $0.1 from pot
*** SUMMARY ***
Total pot $0.1 | Rake $0 | Jackpot $0 | Bingo $0 | Fortune $0
Seat 1: aabf3d92 folded before Flop (didn't bet)
Seat 2: cd384cd folded before Flop (didn't bet)
Seat 3: 6edcab3 folded before Flop (didn't bet)
Seat 4: Hero (button) folded before Flop (didn't bet)
Seat 5: 5ae199b5 (small blind) collected ($0.1)
Seat 6: 1800eaa (big blind) folded before Flop


Poker Hand #HD1203278967: Hold'em No Limit  ($0.02/$0.05) - 2023/04/14 21:13:23
Table 'NLHBlue32' 6-max Seat #3 is the button
Seat 1: aabf3d92 ($6.45 in chips)
Seat 2: cd384cd ($5.75 in chips)
Seat 3: 6edcab3 ($3.39 in chips)
Seat 4: Hero ($5 in chips)
Seat 5: 5ae199b5 ($6.8 in chips)
Seat 6: 1800eaa ($5 in chips)
Hero: posts small blind $0.02
5ae199b5: posts big blind $0.05
*** HOLE CARDS ***
Dealt to aabf3d92 
Dealt to cd384cd 
Dealt to 6edcab3 
Dealt to Hero [Kd 5d]
Dealt to 5ae199b5 
Dealt to 1800eaa 
1800eaa: folds
aabf3d92: folds
cd384cd: folds
6edcab3: folds
Hero: raises $0.09 to $0.14
5ae199b5: raises $0.21 to $0.35
Hero: calls $0.21
*** FLOP *** [5s Ts Td]
Hero: checks
5ae199b5: bets $0.35
Hero: calls $0.35
*** TURN *** [5s Ts Td] [Js]
Hero: checks
5ae199b5: bets $1.4
Hero: folds
Uncalled bet ($1.4) returned to 5ae199b5
*** SHOWDOWN ***
5ae199b5 collected $1.33 from pot
*** SUMMARY ***
Total pot $1.4 | Rake $0.07 | Jackpot $0 | Bingo $0 | Fortune $0
Board [5s Ts Td Js]
Seat 1: aabf3d92 folded before Flop (didn't bet)
Seat 2: cd384cd folded before Flop (didn't bet)
Seat 3: 6edcab3 (button) folded before Flop (didn't bet)
Seat 4: Hero (small blind) folded on the Turn
Seat 5: 5ae199b5 (big blind) won ($1.33)
Seat 6: 1800eaa folded before Flop (didn't bet)


Poker Hand #HD1203278888: Hold'em No Limit  ($0.02/$0.05) - 2023/04/14 21:12:37
Table 'NLHBlue32' 6-max Seat #2 is the button
Seat 1: aabf3d92 ($6.94 in chips)
Seat 2: cd384cd ($4.88 in chips)
Seat 3: 6edcab3 ($3.59 in chips)
Seat 4: Hero ($5 in chips)
Seat 5: 5ae199b5 ($7 in chips)
Seat 6: 1800eaa ($5 in chips)
6edcab3: posts small blind $0.02
Hero: posts big blind $0.05
*** HOLE CARDS ***
Dealt to aabf3d92 
Dealt to cd384cd 
Dealt to 6edcab3 
Dealt to Hero [2h Ad]
Dealt to 5ae199b5 
Dealt to 1800eaa 
5ae199b5: raises $0.15 to $0.2
1800eaa: folds
aabf3d92: calls $0.2
cd384cd: calls $0.2
6edcab3: calls $0.18
Hero: folds
*** FLOP *** [Jc Ts 7h]
6edcab3: checks
5ae199b5: checks
aabf3d92: bets $0.29
cd384cd: raises $1.43 to $1.72
6edcab3: folds
5ae199b5: folds
aabf3d92: folds
Uncalled bet ($1.43) returned to cd384cd
*** SHOWDOWN ***
cd384cd collected $1.36 from pot
*** SUMMARY ***
Total pot $1.43 | Rake $0.07 | Jackpot $0 | Bingo $0 | Fortune $0
Board [Jc Ts 7h]
Seat 1: aabf3d92 folded on the Flop
Seat 2: cd384cd (button) won ($1.36)
Seat 3: 6edcab3 (small blind) folded on the Flop
Seat 4: Hero (big blind) folded before Flop
Seat 5: 5ae199b5 folded on the Flop
Seat 6: 1800eaa folded before Flop (didn't bet)


Poker Hand #HD1203278869: Hold'em No Limit  ($0.02/$0.05) - 2023/04/14 21:12:23
Table 'NLHBlue32' 6-max Seat #1 is the button
Seat 1: aabf3d92 ($6.94 in chips)
Seat 2: cd384cd ($4.9 in chips)
Seat 3: 6edcab3 ($3.57 in chips)
Seat 4: Hero ($5 in chips)
Seat 5: 5ae199b5 ($7 in chips)
Seat 6: 1800eaa ($5 in chips)
cd384cd: posts small blind $0.02
6edcab3: posts big blind $0.05
*** HOLE CARDS ***
Dealt to aabf3d92 
Dealt to cd384cd 
Dealt to 6edcab3 
Dealt to Hero [8h 7c]
Dealt to 5ae199b5 
Dealt to 1800eaa 
Hero: folds
5ae199b5: folds
1800eaa: folds
aabf3d92: folds
cd384cd: folds
Uncalled bet ($0.03) returned to 6edcab3
*** SHOWDOWN ***
6edcab3 collected $0.04 from pot
*** SUMMARY ***
Total pot $0.04 | Rake $0 | Jackpot $0 | Bingo $0 | Fortune $0
Seat 1: aabf3d92 (button) folded before Flop (didn't bet)
Seat 2: cd384cd (small blind) folded before Flop
Seat 3: 6edcab3 (big blind) collected ($0.04)
Seat 4: Hero folded before Flop (didn't bet)
Seat 5: 5ae199b5 folded before Flop (didn't bet)
Seat 6: 1800eaa folded before Flop (didn't bet)


Poker Hand #HD1203278800: Hold'em No Limit  ($0.02/$0.05) - 2023/04/14 21:11:41
Table 'NLHBlue32' 6-max Seat #6 is the button
Seat 1: aabf3d92 ($6.96 in chips)
Seat 2: cd384cd ($5 in chips)
Seat 3: 6edcab3 ($3.57 in chips)
Seat 4: Hero ($5 in chips)
Seat 5: 5ae199b5 ($6.89 in chips)
Seat 6: 1800eaa ($5 in chips)
aabf3d92: posts small blind $0.02
cd384cd: posts big blind $0.05
*** HOLE CARDS ***
Dealt to aabf3d92 
Dealt to cd384cd 
Dealt to 6edcab3 
Dealt to Hero [Tc 7d]
Dealt to 5ae199b5 
Dealt to 1800eaa 
6edcab3: folds
Hero: folds
5ae199b5: raises $0.05 to $0.1
1800eaa: folds
aabf3d92: folds
cd384cd: calls $0.05
*** FLOP *** [As Kd 5c]
cd384cd: checks
5ae199b5: bets $0.11
cd384cd: folds
Uncalled bet ($0.11) returned to 5ae199b5
*** SHOWDOWN ***
5ae199b5 collected $0.21 from pot
*** SUMMARY ***
Total pot $0.22 | Rake $0.01 | Jackpot $0 | Bingo $0 | Fortune $0
Board [As Kd 5c]
Seat 1: aabf3d92 (small blind) folded before Flop
Seat 2: cd384cd (big blind) folded on the Flop
Seat 3: 6edcab3 folded before Flop (didn't bet)
Seat 4: Hero folded before Flop (didn't bet)
Seat 5: 5ae199b5 won ($0.21)
Seat 6: 1800eaa (button) folded before Flop (didn't bet)


Poker Hand #HD1203278691: Hold'em No Limit  ($0.02/$0.05) - 2023/04/14 21:10:38
Table 'NLHBlue32' 6-max Seat #5 is the button
Seat 1: aabf3d92 ($7.01 in chips)
Seat 3: 6edcab3 ($2.9 in chips)
Seat 4: Hero ($5 in chips)
Seat 5: 5ae199b5 ($6.89 in chips)
Seat 6: 1800eaa ($5 in chips)
1800eaa: posts small blind $0.02
aabf3d92: posts big blind $0.05
*** HOLE CARDS ***
Dealt to aabf3d92 
Dealt to 6edcab3 
Dealt to Hero [8d Qd]
Dealt to 5ae199b5 
Dealt to 1800eaa 
6edcab3: calls $0.05
Hero: folds
5ae199b5: folds
1800eaa: raises $0.15 to $0.2
aabf3d92: folds
6edcab3: calls $0.15
*** FLOP *** [Qh 5s 7s]
1800eaa: bets $0.23
6edcab3: calls $0.23
*** TURN *** [Qh 5s 7s] [4c]
1800eaa: bets $0.31
6edcab3: calls $0.31
*** RIVER *** [Qh 5s 7s 4c] [3c]
1800eaa: checks
6edcab3: bets $1.53
1800eaa: folds
Uncalled bet ($1.53) returned to 6edcab3
*** SHOWDOWN ***
6edcab3 collected $1.41 from pot
*** SUMMARY ***
Total pot $1.53 | Rake $0.07 | Jackpot $0.05 | Bingo $0 | Fortune $0
Board [Qh 5s 7s 4c 3c]
Seat 1: aabf3d92 (big blind) folded before Flop
Seat 3: 6edcab3 won ($1.41)
Seat 4: Hero folded before Flop (didn't bet)
Seat 5: 5ae199b5 (button) folded before Flop (didn't bet)
Seat 6: 1800eaa (small blind) folded on the River


Poker Hand #HD1203278624: Hold'em No Limit  ($0.02/$0.05) - 2023/04/14 21:10:00
Table 'NLHBlue32' 6-max Seat #4 is the button
Seat 1: aabf3d92 ($6.85 in chips)
Seat 3: 6edcab3 ($3 in chips)
Seat 4: Hero ($5 in chips)
Seat 5: 5ae199b5 ($6.91 in chips)
Seat 6: 1800eaa ($5 in chips)
5ae199b5: posts small blind $0.02
1800eaa: posts big blind $0.05
*** HOLE CARDS ***
Dealt to aabf3d92 
Dealt to 6edcab3 
Dealt to Hero [6d Kd]
Dealt to 5ae199b5 
Dealt to 1800eaa 
aabf3d92: raises $0.05 to $0.1
6edcab3: calls $0.1
Hero: folds
5ae199b5: folds
1800eaa: folds
*** FLOP *** [Ah Ad Th]
aabf3d92: bets $0.21
6edcab3: folds
Uncalled bet ($0.21) returned to aabf3d92
*** SHOWDOWN ***
aabf3d92 collected $0.26 from pot
*** SUMMARY ***
Total pot $0.27 | Rake $0.01 | Jackpot $0 | Bingo $0 | Fortune $0
Board [Ah Ad Th]
Seat 1: aabf3d92 won ($0.26)
Seat 3: 6edcab3 folded on the Flop
Seat 4: Hero (button) folded before Flop (didn't bet)
Seat 5: 5ae199b5 (small blind) folded before Flop
Seat 6: 1800eaa (big blind) folded before Flop


Poker Hand #HD1203278535: Hold'em No Limit  ($0.02/$0.05) - 2023/04/14 21:09:11
Table 'NLHBlue32' 6-max Seat #3 is the button
Seat 1: aabf3d92 ($5 in chips)
Seat 3: 6edcab3 ($4.98 in chips)
Seat 4: Hero ($5.02 in chips)
Seat 5: 5ae199b5 ($7.01 in chips)
Hero: posts small blind $0.02
5ae199b5: posts big blind $0.05
*** HOLE CARDS ***
Dealt to aabf3d92 
Dealt to 6edcab3 
Dealt to Hero [6h 9s]
Dealt to 5ae199b5 
aabf3d92: raises $0.05 to $0.1
6edcab3: calls $0.1
Hero: folds
5ae199b5: calls $0.05
*** FLOP *** [Qc Td 8s]
5ae199b5: checks
aabf3d92: bets $0.11
6edcab3: calls $0.11
5ae199b5: folds
*** TURN *** [Qc Td 8s] [Kc]
aabf3d92: bets $0.41
6edcab3: calls $0.41
*** RIVER *** [Qc Td 8s Kc] [2s]
aabf3d92: bets $1.36
6edcab3: calls $1.36
aabf3d92: shows [Ac Jd] (Aces-High Straight)
6edcab3: shows [Ad Qh] (Pair of Queens)
*** SHOWDOWN ***
aabf3d92 collected $3.83 from pot
*** SUMMARY ***
Total pot $4.08 | Rake $0.2 | Jackpot $0.05 | Bingo $0 | Fortune $0
Board [Qc Td 8s Kc 2s]
Seat 1: aabf3d92 showed [Ac Jd] and won ($3.83) with Aces-High Straight
Seat 3: 6edcab3 (button) showed [Ad Qh] and lost with Pair of Queens
Seat 4: Hero (small blind) folded before Flop
Seat 5: 5ae199b5 (big blind) folded on the Flop


Poker Hand #HD1203278519: Hold'em No Limit  ($0.02/$0.05) - 2023/04/14 21:09:01
Table 'NLHBlue32' 6-max Seat #1 is the button
Seat 1: aabf3d92 ($5 in chips)
Seat 3: 6edcab3 ($5 in chips)
Seat 4: Hero ($5 in chips)
Seat 5: 5ae199b5 ($7.01 in chips)
6edcab3: posts small blind $0.02
Hero: posts big blind $0.05
*** HOLE CARDS ***
Dealt to aabf3d92 
Dealt to 6edcab3 
Dealt to Hero [Qc 6c]
Dealt to 5ae199b5 
5ae199b5: folds
aabf3d92: folds
6edcab3: folds
Uncalled bet ($0.03) returned to Hero
*** SHOWDOWN ***
Hero collected $0.04 from pot
*** SUMMARY ***
Total pot $0.04 | Rake $0 | Jackpot $0 | Bingo $0 | Fortune $0
Seat 1: aabf3d92 (button) folded before Flop (didn't bet)
Seat 3: 6edcab3 (small blind) folded before Flop
Seat 4: Hero (big blind) collected ($0.04)
Seat 5: 5ae199b5 folded before Flop (didn't bet)


