Poker Hand #HD1592132709: Hold'em No Limit ($0.05/$0.1) - 2024/01/17 13:00:09
Table 'NLHRed59' 6-max Seat #1 is the button
Seat 1: Hero ($10.15 in chips)
Seat 4: 1f7002 ($10.12 in chips)
Hero: posts small blind $0.05
1f7002: posts big blind $0.1
*** HOLE CARDS ***
Dealt to Hero [8d 2h]
Dealt to 1f7002 
Hero: folds
Uncalled bet ($0.05) returned to 1f7002
*** SHOWDOWN ***
1f7002 collected $0.1 from pot
*** SUMMARY ***
Total pot $0.1 | Rake $0 | Jackpot $0 | Bingo $0 | Fortune $0 | Tax $0
Seat 1: Hero (small blind) folded before Flop
Seat 4: 1f7002 (big blind) collected ($0.1)


Poker Hand #HD1592132696: Hold'em No Limit ($0.05/$0.1) - 2024/01/17 13:00:03
Table 'NLHRed59' 6-max Seat #4 is the button
Seat 1: Hero ($10.1 in chips)
Seat 4: 1f7002 ($10.17 in chips)
1f7002: posts small blind $0.05
Hero: posts big blind $0.1
*** HOLE CARDS ***
Dealt to Hero [Jc 7s]
Dealt to 1f7002 
1f7002: folds
Uncalled bet ($0.05) returned to Hero
*** SHOWDOWN ***
Hero collected $0.1 from pot
*** SUMMARY ***
Total pot $0.1 | Rake $0 | Jackpot $0 | Bingo $0 | Fortune $0 | Tax $0
Seat 1: Hero (big blind) collected ($0.1)
Seat 4: 1f7002 (small blind) folded before Flop


Poker Hand #HD1592132680: Hold'em No Limit ($0.05/$0.1) - 2024/01/17 12:59:55
Table 'NLHRed59' 6-max Seat #1 is the button
Seat 1: Hero ($10 in chips)
Seat 4: 1f7002 ($10.27 in chips)
Hero: posts small blind $0.05
1f7002: posts big blind $0.1
*** HOLE CARDS ***
Dealt to Hero [Qh Jd]
Dealt to 1f7002 
Hero: raises $0.2 to $0.3
1f7002: folds
Uncalled bet ($0.2) returned to Hero
*** SHOWDOWN ***
Hero collected $0.2 from pot
*** SUMMARY ***
Total pot $0.2 | Rake $0 | Jackpot $0 | Bingo $0 | Fortune $0 | Tax $0
Seat 1: Hero (small blind) collected ($0.2)
Seat 4: 1f7002 (big blind) folded before Flop


Poker Hand #HD1592132632: Hold'em No Limit ($0.05/$0.1) - 2024/01/17 12:59:32
Table 'NLHRed59' 6-max Seat #6 is the button
Seat 1: Hero ($10.05 in chips)
Seat 4: 1f7002 ($10 in chips)
Seat 6: 5ef631f0 ($22.82 in chips)
Hero: posts small blind $0.05
1f7002: posts big blind $0.1
*** HOLE CARDS ***
Dealt to Hero [3s Ah]
Dealt to 1f7002 
Dealt to 5ef631f0 
5ef631f0: folds
Hero: raises $0.2 to $0.3
1f7002: calls $0.2
*** FLOP *** [Th 9s 9h]
Hero: checks
1f7002: bets $0.4
Hero: folds
Uncalled bet ($0.4) returned to 1f7002
*** SHOWDOWN ***
1f7002 collected $0.57 from pot
*** SUMMARY ***
Total pot $0.6 | Rake $0.03 | Jackpot $0 | Bingo $0 | Fortune $0 | Tax $0
Board [Th 9s 9h]
Seat 1: Hero (small blind) folded on the Flop
Seat 4: 1f7002 (big blind) won ($0.57)
Seat 6: 5ef631f0 (button) folded before Flop (didn't bet)


Poker Hand #HD1592132616: Hold'em No Limit ($0.05/$0.1) - 2024/01/17 12:59:24
Table 'NLHRed59' 6-max Seat #4 is the button
Seat 1: Hero ($10 in chips)
Seat 4: 1f7002 ($10 in chips)
Seat 6: 5ef631f0 ($22.87 in chips)
5ef631f0: posts small blind $0.05
Hero: posts big blind $0.1
*** HOLE CARDS ***
Dealt to Hero [Ah 3d]
Dealt to 1f7002 
Dealt to 5ef631f0 
1f7002: folds
5ef631f0: folds
Uncalled bet ($0.05) returned to Hero
*** SHOWDOWN ***
Hero collected $0.1 from pot
*** SUMMARY ***
Total pot $0.1 | Rake $0 | Jackpot $0 | Bingo $0 | Fortune $0 | Tax $0
Seat 1: Hero (big blind) collected ($0.1)
Seat 4: 1f7002 (button) folded before Flop (didn't bet)
Seat 6: 5ef631f0 (small blind) folded before Flop


Poker Hand #HD1592132590: Hold'em No Limit ($0.05/$0.1) - 2024/01/17 12:59:07
Table 'NLHRed59' 6-max Seat #1 is the button
Seat 1: Hero ($10 in chips)
Seat 4: 1f7002 ($10.05 in chips)
Seat 6: 5ef631f0 ($22.77 in chips)
1f7002: posts small blind $0.05
5ef631f0: posts big blind $0.1
*** HOLE CARDS ***
Dealt to Hero [6c 4h]
Dealt to 1f7002 
Dealt to 5ef631f0 
Hero: folds
1f7002: calls $0.05
5ef631f0: raises $0.4 to $0.5
1f7002: folds
Uncalled bet ($0.4) returned to 5ef631f0
*** SHOWDOWN ***
5ef631f0 collected $0.2 from pot
*** SUMMARY ***
Total pot $0.2 | Rake $0 | Jackpot $0 | Bingo $0 | Fortune $0 | Tax $0
Seat 1: Hero (button) folded before Flop (didn't bet)
Seat 4: 1f7002 (small blind) folded before Flop
Seat 6: 5ef631f0 (big blind) collected ($0.2)


Poker Hand #HD1592132568: Hold'em No Limit ($0.05/$0.1) - 2024/01/17 12:58:59
Table 'NLHRed59' 6-max Seat #6 is the button
Seat 1: Hero ($10.05 in chips)
Seat 4: 1f7002 ($10 in chips)
Seat 6: 5ef631f0 ($22.77 in chips)
Hero: posts small blind $0.05
1f7002: posts big blind $0.1
*** HOLE CARDS ***
Dealt to Hero [8d 5c]
Dealt to 1f7002 
Dealt to 5ef631f0 
5ef631f0: folds
Hero: folds
Uncalled bet ($0.05) returned to 1f7002
*** SHOWDOWN ***
1f7002 collected $0.1 from pot
*** SUMMARY ***
Total pot $0.1 | Rake $0 | Jackpot $0 | Bingo $0 | Fortune $0 | Tax $0
Seat 1: Hero (small blind) folded before Flop
Seat 4: 1f7002 (big blind) collected ($0.1)
Seat 6: 5ef631f0 (button) folded before Flop (didn't bet)


Poker Hand #HD1592132553: Hold'em No Limit ($0.05/$0.1) - 2024/01/17 12:58:49
Table 'NLHRed59' 6-max Seat #4 is the button
Seat 1: Hero ($10 in chips)
Seat 2: 3d36b893 ($10.79 in chips)
Seat 4: 1f7002 ($10 in chips)
Seat 6: 5ef631f0 ($22.82 in chips)
5ef631f0: posts small blind $0.05
Hero: posts big blind $0.1
*** HOLE CARDS ***
Dealt to Hero [Jc 3s]
Dealt to 3d36b893 
Dealt to 1f7002 
Dealt to 5ef631f0 
3d36b893: folds
1f7002: folds
5ef631f0: folds
Uncalled bet ($0.05) returned to Hero
*** SHOWDOWN ***
Hero collected $0.1 from pot
*** SUMMARY ***
Total pot $0.1 | Rake $0 | Jackpot $0 | Bingo $0 | Fortune $0 | Tax $0
Seat 1: Hero (big blind) collected ($0.1)
Seat 2: 3d36b893 folded before Flop (didn't bet)
Seat 4: 1f7002 (button) folded before Flop (didn't bet)
Seat 6: 5ef631f0 (small blind) folded before Flop


