Poker Hand #HD1168563876: Hold'em No Limit  ($0.02/$0.05) - 2023/03/20 19:43:12
Table 'NLHBlue81' 6-max Seat #6 is the button
Seat 1: dd0e08e9 ($5.14 in chips)
Seat 2: 5dae8d98 ($5.21 in chips)
Seat 3: Hero ($7.57 in chips)
Seat 4: f1129360 ($5.03 in chips)
Seat 5: 307404b7 ($14.04 in chips)
Seat 6: 97835c43 ($5.4 in chips)
dd0e08e9: posts small blind $0.02
5dae8d98: posts big blind $0.05
*** HOLE CARDS ***
Dealt to dd0e08e9 
Dealt to 5dae8d98 
Dealt to Hero [7d Kc]
Dealt to f1129360 
Dealt to 307404b7 
Dealt to 97835c43 
Hero: folds
f1129360: folds
307404b7: folds
97835c43: raises $0.05 to $0.1
dd0e08e9: folds
5dae8d98: folds
Uncalled bet ($0.05) returned to 97835c43
*** SHOWDOWN ***
97835c43 collected $0.12 from pot
*** SUMMARY ***
Total pot $0.12 | Rake $0 | Jackpot $0 | Bingo $0 | Fortune $0
Seat 1: dd0e08e9 (small blind) folded before Flop
Seat 2: 5dae8d98 (big blind) folded before Flop
Seat 3: Hero folded before Flop (didn't bet)
Seat 4: f1129360 folded before Flop (didn't bet)
Seat 5: 307404b7 folded before Flop (didn't bet)
Seat 6: 97835c43 (button) collected ($0.12)


Poker Hand #HD1168563745: Hold'em No Limit  ($0.02/$0.05) - 2023/03/20 19:42:20
Table 'NLHBlue81' 6-max Seat #5 is the button
Seat 1: dd0e08e9 ($5.19 in chips)
Seat 2: 5dae8d98 ($5.21 in chips)
Seat 3: Hero ($7.41 in chips)
Seat 4: f1129360 ($5.03 in chips)
Seat 5: 307404b7 ($14.04 in chips)
Seat 6: 97835c43 ($5.52 in chips)
97835c43: posts small blind $0.02
dd0e08e9: posts big blind $0.05
*** HOLE CARDS ***
Dealt to dd0e08e9 
Dealt to 5dae8d98 
Dealt to Hero [Qc Th]
Dealt to f1129360 
Dealt to 307404b7 
Dealt to 97835c43 
5dae8d98: folds
Hero: raises $0.07 to $0.12
f1129360: folds
307404b7: folds
97835c43: calls $0.1
dd0e08e9: folds
*** FLOP *** [5h Ts Ad]
97835c43: checks
Hero: bets $0.1
97835c43: folds
Uncalled bet ($0.1) returned to Hero
*** SHOWDOWN ***
Hero collected $0.28 from pot
*** SUMMARY ***
Total pot $0.29 | Rake $0.01 | Jackpot $0 | Bingo $0 | Fortune $0
Board [5h Ts Ad]
Seat 1: dd0e08e9 (big blind) folded before Flop
Seat 2: 5dae8d98 folded before Flop (didn't bet)
Seat 3: Hero won ($0.28)
Seat 4: f1129360 folded before Flop (didn't bet)
Seat 5: 307404b7 (button) folded before Flop (didn't bet)
Seat 6: 97835c43 (small blind) folded on the Flop


Poker Hand #HD1168563709: Hold'em No Limit  ($0.02/$0.05) - 2023/03/20 19:42:05
Table 'NLHBlue81' 6-max Seat #4 is the button
Seat 1: dd0e08e9 ($5.19 in chips)
Seat 2: 5dae8d98 ($5.21 in chips)
Seat 3: Hero ($7.41 in chips)
Seat 4: f1129360 ($5.03 in chips)
Seat 5: 307404b7 ($14.06 in chips)
Seat 6: 97835c43 ($5.5 in chips)
307404b7: posts small blind $0.02
97835c43: posts big blind $0.05
*** HOLE CARDS ***
Dealt to dd0e08e9 
Dealt to 5dae8d98 
Dealt to Hero [3c Kh]
Dealt to f1129360 
Dealt to 307404b7 
Dealt to 97835c43 
dd0e08e9: folds
5dae8d98: folds
Hero: folds
f1129360: folds
307404b7: folds
Uncalled bet ($0.03) returned to 97835c43
*** SHOWDOWN ***
97835c43 collected $0.04 from pot
*** SUMMARY ***
Total pot $0.04 | Rake $0 | Jackpot $0 | Bingo $0 | Fortune $0
Seat 1: dd0e08e9 folded before Flop (didn't bet)
Seat 2: 5dae8d98 folded before Flop (didn't bet)
Seat 3: Hero folded before Flop (didn't bet)
Seat 4: f1129360 (button) folded before Flop (didn't bet)
Seat 5: 307404b7 (small blind) folded before Flop
Seat 6: 97835c43 (big blind) collected ($0.04)


Poker Hand #HD1168563664: Hold'em No Limit  ($0.02/$0.05) - 2023/03/20 19:41:41
Table 'NLHBlue81' 6-max Seat #3 is the button
Seat 1: dd0e08e9 ($5.19 in chips)
Seat 2: 5dae8d98 ($5.14 in chips)
Seat 3: Hero ($7.41 in chips)
Seat 4: f1129360 ($5.05 in chips)
Seat 5: 307404b7 ($14.11 in chips)
Seat 6: 97835c43 ($5.5 in chips)
f1129360: posts small blind $0.02
307404b7: posts big blind $0.05
*** HOLE CARDS ***
Dealt to dd0e08e9 
Dealt to 5dae8d98 
Dealt to Hero [Js 5c]
Dealt to f1129360 
Dealt to 307404b7 
Dealt to 97835c43 
97835c43: folds
dd0e08e9: folds
5dae8d98: raises $0.08 to $0.13
Hero: folds
f1129360: folds
307404b7: folds
Uncalled bet ($0.08) returned to 5dae8d98
*** SHOWDOWN ***
5dae8d98 collected $0.12 from pot
*** SUMMARY ***
Total pot $0.12 | Rake $0 | Jackpot $0 | Bingo $0 | Fortune $0
Seat 1: dd0e08e9 folded before Flop (didn't bet)
Seat 2: 5dae8d98 collected ($0.12)
Seat 3: Hero (button) folded before Flop (didn't bet)
Seat 4: f1129360 (small blind) folded before Flop
Seat 5: 307404b7 (big blind) folded before Flop
Seat 6: 97835c43 folded before Flop (didn't bet)


Poker Hand #HD1168563612: Hold'em No Limit  ($0.02/$0.05) - 2023/03/20 19:41:16
Table 'NLHBlue81' 6-max Seat #2 is the button
Seat 1: dd0e08e9 ($5.19 in chips)
Seat 2: 5dae8d98 ($5.14 in chips)
Seat 3: Hero ($7.36 in chips)
Seat 4: f1129360 ($5 in chips)
Seat 5: 307404b7 ($14.11 in chips)
Seat 6: 97835c43 ($5.5 in chips)
Hero: posts small blind $0.02
f1129360: posts big blind $0.05
*** HOLE CARDS ***
Dealt to dd0e08e9 
Dealt to 5dae8d98 
Dealt to Hero [Kc 8c]
Dealt to f1129360 
Dealt to 307404b7 
Dealt to 97835c43 
307404b7: folds
97835c43: folds
dd0e08e9: folds
5dae8d98: folds
Hero: raises $0.09 to $0.14
f1129360: folds
Uncalled bet ($0.09) returned to Hero
*** SHOWDOWN ***
Hero collected $0.1 from pot
*** SUMMARY ***
Total pot $0.1 | Rake $0 | Jackpot $0 | Bingo $0 | Fortune $0
Seat 1: dd0e08e9 folded before Flop (didn't bet)
Seat 2: 5dae8d98 (button) folded before Flop (didn't bet)
Seat 3: Hero (small blind) collected ($0.1)
Seat 4: f1129360 (big blind) folded before Flop
Seat 5: 307404b7 folded before Flop (didn't bet)
Seat 6: 97835c43 folded before Flop (didn't bet)


Poker Hand #HD1168563504: Hold'em No Limit  ($0.02/$0.05) - 2023/03/20 19:40:29
Table 'NLHBlue81' 6-max Seat #1 is the button
Seat 1: dd0e08e9 ($5.19 in chips)
Seat 2: 5dae8d98 ($5.16 in chips)
Seat 3: Hero ($7.41 in chips)
Seat 4: f1129360 ($5 in chips)
Seat 5: 307404b7 ($14.04 in chips)
Seat 6: 97835c43 ($5.5 in chips)
5dae8d98: posts small blind $0.02
Hero: posts big blind $0.05
*** HOLE CARDS ***
Dealt to dd0e08e9 
Dealt to 5dae8d98 
Dealt to Hero [3d Ks]
Dealt to f1129360 
Dealt to 307404b7 
Dealt to 97835c43 
f1129360: folds
307404b7: raises $0.05 to $0.1
97835c43: folds
dd0e08e9: folds
5dae8d98: folds
Hero: folds
Uncalled bet ($0.05) returned to 307404b7
*** SHOWDOWN ***
307404b7 collected $0.12 from pot
*** SUMMARY ***
Total pot $0.12 | Rake $0 | Jackpot $0 | Bingo $0 | Fortune $0
Seat 1: dd0e08e9 (button) folded before Flop (didn't bet)
Seat 2: 5dae8d98 (small blind) folded before Flop
Seat 3: Hero (big blind) folded before Flop
Seat 4: f1129360 folded before Flop (didn't bet)
Seat 5: 307404b7 collected ($0.12)
Seat 6: 97835c43 folded before Flop (didn't bet)


Poker Hand #HD1168563464: Hold'em No Limit  ($0.02/$0.05) - 2023/03/20 19:40:12
Table 'NLHBlue81' 6-max Seat #6 is the button
Seat 1: dd0e08e9 ($5.21 in chips)
Seat 2: 5dae8d98 ($5.14 in chips)
Seat 3: Hero ($7.41 in chips)
Seat 4: f1129360 ($5 in chips)
Seat 5: 307404b7 ($14.04 in chips)
Seat 6: 97835c43 ($5.5 in chips)
dd0e08e9: posts small blind $0.02
5dae8d98: posts big blind $0.05
*** HOLE CARDS ***
Dealt to dd0e08e9 
Dealt to 5dae8d98 
Dealt to Hero [Qh 2d]
Dealt to f1129360 
Dealt to 307404b7 
Dealt to 97835c43 
Hero: folds
f1129360: folds
307404b7: folds
97835c43: folds
dd0e08e9: folds
Uncalled bet ($0.03) returned to 5dae8d98
*** SHOWDOWN ***
5dae8d98 collected $0.04 from pot
*** SUMMARY ***
Total pot $0.04 | Rake $0 | Jackpot $0 | Bingo $0 | Fortune $0
Seat 1: dd0e08e9 (small blind) folded before Flop
Seat 2: 5dae8d98 (big blind) collected ($0.04)
Seat 3: Hero folded before Flop (didn't bet)
Seat 4: f1129360 folded before Flop (didn't bet)
Seat 5: 307404b7 folded before Flop (didn't bet)
Seat 6: 97835c43 (button) folded before Flop (didn't bet)


Poker Hand #HD1168563353: Hold'em No Limit  ($0.02/$0.05) - 2023/03/20 19:39:23
Table 'NLHBlue81' 6-max Seat #5 is the button
Seat 1: dd0e08e9 ($5.07 in chips)
Seat 2: 5dae8d98 ($5.14 in chips)
Seat 3: Hero ($7.41 in chips)
Seat 4: f1129360 ($5.07 in chips)
Seat 5: 307404b7 ($14.04 in chips)
Seat 6: 97835c43 ($5.52 in chips)
97835c43: posts small blind $0.02
dd0e08e9: posts big blind $0.05
*** HOLE CARDS ***
Dealt to dd0e08e9 
Dealt to 5dae8d98 
Dealt to Hero [4d 5c]
Dealt to f1129360 
Dealt to 307404b7 
Dealt to 97835c43 
5dae8d98: folds
Hero: folds
f1129360: raises $0.08 to $0.13
307404b7: folds
97835c43: folds
dd0e08e9: calls $0.08
*** FLOP *** [4h 5h 9s]
dd0e08e9: checks
f1129360: checks
*** TURN *** [4h 5h 9s] [5s]
dd0e08e9: bets $0.21
f1129360: folds
Uncalled bet ($0.21) returned to dd0e08e9
*** SHOWDOWN ***
dd0e08e9 collected $0.27 from pot
*** SUMMARY ***
Total pot $0.28 | Rake $0.01 | Jackpot $0 | Bingo $0 | Fortune $0
Board [4h 5h 9s 5s]
Seat 1: dd0e08e9 (big blind) won ($0.27)
Seat 2: 5dae8d98 folded before Flop (didn't bet)
Seat 3: Hero folded before Flop (didn't bet)
Seat 4: f1129360 folded on the Turn
Seat 5: 307404b7 (button) folded before Flop (didn't bet)
Seat 6: 97835c43 (small blind) folded before Flop


Poker Hand #HD1168563294: Hold'em No Limit  ($0.02/$0.05) - 2023/03/20 19:38:56
Table 'NLHBlue81' 6-max Seat #4 is the button
Seat 1: dd0e08e9 ($5 in chips)
Seat 2: 5dae8d98 ($5.14 in chips)
Seat 3: Hero ($7.41 in chips)
Seat 4: f1129360 ($5.07 in chips)
Seat 5: 307404b7 ($14.06 in chips)
Seat 6: 97835c43 ($5.57 in chips)
307404b7: posts small blind $0.02
97835c43: posts big blind $0.05
*** HOLE CARDS ***
Dealt to dd0e08e9 
Dealt to 5dae8d98 
Dealt to Hero [3c 8d]
Dealt to f1129360 
Dealt to 307404b7 
Dealt to 97835c43 
dd0e08e9: raises $0.07 to $0.12
5dae8d98: folds
Hero: folds
f1129360: folds
307404b7: folds
97835c43: folds
Uncalled bet ($0.07) returned to dd0e08e9
*** SHOWDOWN ***
dd0e08e9 collected $0.12 from pot
*** SUMMARY ***
Total pot $0.12 | Rake $0 | Jackpot $0 | Bingo $0 | Fortune $0
Seat 1: dd0e08e9 collected ($0.12)
Seat 2: 5dae8d98 folded before Flop (didn't bet)
Seat 3: Hero folded before Flop (didn't bet)
Seat 4: f1129360 (button) folded before Flop (didn't bet)
Seat 5: 307404b7 (small blind) folded before Flop
Seat 6: 97835c43 (big blind) folded before Flop


Poker Hand #HD1168563190: Hold'em No Limit  ($0.02/$0.05) - 2023/03/20 19:38:14
Table 'NLHBlue81' 6-max Seat #3 is the button
Seat 1: dd0e08e9 ($5 in chips)
Seat 2: 5dae8d98 ($5.14 in chips)
Seat 3: Hero ($7.41 in chips)
Seat 4: f1129360 ($5.09 in chips)
Seat 5: 307404b7 ($13.75 in chips)
Seat 6: 97835c43 ($5.57 in chips)
f1129360: posts small blind $0.02
307404b7: posts big blind $0.05
*** HOLE CARDS ***
Dealt to dd0e08e9 
Dealt to 5dae8d98 
Dealt to Hero [Qh 2s]
Dealt to f1129360 
Dealt to 307404b7 
Dealt to 97835c43 
97835c43: folds
dd0e08e9: raises $0.07 to $0.12
5dae8d98: folds
Hero: folds
f1129360: folds
307404b7: calls $0.07
*** FLOP *** [4c Qd 3c]
307404b7: checks
dd0e08e9: bets $0.2
307404b7: calls $0.2
*** TURN *** [4c Qd 3c] [Td]
307404b7: checks
dd0e08e9: checks
*** RIVER *** [4c Qd 3c Td] [9h]
307404b7: checks
dd0e08e9: checks
307404b7: shows [Qc Jd] (Pair of Queens)
dd0e08e9: shows [2c 2d] (Pair of Twos)
*** SHOWDOWN ***
307404b7 collected $0.63 from pot
*** SUMMARY ***
Total pot $0.66 | Rake $0.03 | Jackpot $0 | Bingo $0 | Fortune $0
Board [4c Qd 3c Td 9h]
Seat 1: dd0e08e9 showed [2c 2d] and lost with Pair of Twos
Seat 2: 5dae8d98 folded before Flop (didn't bet)
Seat 3: Hero (button) folded before Flop (didn't bet)
Seat 4: f1129360 (small blind) folded before Flop
Seat 5: 307404b7 (big blind) showed [Qc Jd] and won ($0.63) with Pair of Queens
Seat 6: 97835c43 folded before Flop (didn't bet)


Poker Hand #HD1168563021: Hold'em No Limit  ($0.02/$0.05) - 2023/03/20 19:37:03
Table 'NLHBlue81' 6-max Seat #2 is the button
Seat 1: dd0e08e9 ($5 in chips)
Seat 2: 5dae8d98 ($5.14 in chips)
Seat 3: Hero ($7.43 in chips)
Seat 4: f1129360 ($5.14 in chips)
Seat 5: 307404b7 ($13.75 in chips)
Seat 6: 97835c43 ($4.93 in chips)
Hero: posts small blind $0.02
f1129360: posts big blind $0.05
*** HOLE CARDS ***
Dealt to dd0e08e9 
Dealt to 5dae8d98 
Dealt to Hero [3c 6c]
Dealt to f1129360 
Dealt to 307404b7 
Dealt to 97835c43 
307404b7: folds
97835c43: raises $0.05 to $0.1
dd0e08e9: raises $0.27 to $0.37
5dae8d98: folds
Hero: folds
f1129360: folds
97835c43: calls $0.27
*** FLOP *** [Ad Th 7d]
97835c43: checks
dd0e08e9: bets $0.26
97835c43: calls $0.26
*** TURN *** [Ad Th 7d] [Tc]
97835c43: checks
dd0e08e9: checks
*** RIVER *** [Ad Th 7d Tc] [3s]
97835c43: checks
dd0e08e9: checks
97835c43: shows [Td Jd] (Three Tens)
dd0e08e9: shows [As 5s] (Pair of Aces and Pair of Tens)
*** SHOWDOWN ***
97835c43 collected $1.27 from pot
*** SUMMARY ***
Total pot $1.33 | Rake $0.06 | Jackpot $0 | Bingo $0 | Fortune $0
Board [Ad Th 7d Tc 3s]
Seat 1: dd0e08e9 showed [As 5s] and lost with Pair of Aces and Pair of Tens
Seat 2: 5dae8d98 (button) folded before Flop (didn't bet)
Seat 3: Hero (small blind) folded before Flop
Seat 4: f1129360 (big blind) folded before Flop
Seat 5: 307404b7 folded before Flop (didn't bet)
Seat 6: 97835c43 showed [Td Jd] and won ($1.27) with Three Tens


Poker Hand #HD1168562992: Hold'em No Limit  ($0.02/$0.05) - 2023/03/20 19:36:50
Table 'NLHBlue81' 6-max Seat #1 is the button
Seat 1: dd0e08e9 ($5 in chips)
Seat 2: 5dae8d98 ($5.16 in chips)
Seat 3: Hero ($7.48 in chips)
Seat 4: f1129360 ($5.07 in chips)
Seat 5: 307404b7 ($13.75 in chips)
Seat 6: 97835c43 ($4.93 in chips)
5dae8d98: posts small blind $0.02
Hero: posts big blind $0.05
*** HOLE CARDS ***
Dealt to dd0e08e9 
Dealt to 5dae8d98 
Dealt to Hero [2s 4h]
Dealt to f1129360 
Dealt to 307404b7 
Dealt to 97835c43 
f1129360: raises $0.1 to $0.15
307404b7: folds
97835c43: folds
dd0e08e9: folds
5dae8d98: folds
Hero: folds
Uncalled bet ($0.1) returned to f1129360
*** SHOWDOWN ***
f1129360 collected $0.12 from pot
*** SUMMARY ***
Total pot $0.12 | Rake $0 | Jackpot $0 | Bingo $0 | Fortune $0
Seat 1: dd0e08e9 (button) folded before Flop (didn't bet)
Seat 2: 5dae8d98 (small blind) folded before Flop
Seat 3: Hero (big blind) folded before Flop
Seat 4: f1129360 collected ($0.12)
Seat 5: 307404b7 folded before Flop (didn't bet)
Seat 6: 97835c43 folded before Flop (didn't bet)


Poker Hand #HD1168562951: Hold'em No Limit  ($0.02/$0.05) - 2023/03/20 19:36:30
Table 'NLHBlue81' 6-max Seat #6 is the button
Seat 1: dd0e08e9 ($5.02 in chips)
Seat 2: 5dae8d98 ($5.21 in chips)
Seat 3: Hero ($7.41 in chips)
Seat 4: f1129360 ($5.07 in chips)
Seat 5: 307404b7 ($13.75 in chips)
Seat 6: 97835c43 ($4.93 in chips)
dd0e08e9: posts small blind $0.02
5dae8d98: posts big blind $0.05
*** HOLE CARDS ***
Dealt to dd0e08e9 
Dealt to 5dae8d98 
Dealt to Hero [5s 5c]
Dealt to f1129360 
Dealt to 307404b7 
Dealt to 97835c43 
Hero: raises $0.07 to $0.12
f1129360: folds
307404b7: folds
97835c43: folds
dd0e08e9: folds
5dae8d98: folds
Uncalled bet ($0.07) returned to Hero
*** SHOWDOWN ***
Hero collected $0.12 from pot
*** SUMMARY ***
Total pot $0.12 | Rake $0 | Jackpot $0 | Bingo $0 | Fortune $0
Seat 1: dd0e08e9 (small blind) folded before Flop
Seat 2: 5dae8d98 (big blind) folded before Flop
Seat 3: Hero collected ($0.12)
Seat 4: f1129360 folded before Flop (didn't bet)
Seat 5: 307404b7 folded before Flop (didn't bet)
Seat 6: 97835c43 (button) folded before Flop (didn't bet)


Poker Hand #HD1168562919: Hold'em No Limit  ($0.02/$0.05) - 2023/03/20 19:36:18
Table 'NLHBlue81' 6-max Seat #5 is the button
Seat 1: dd0e08e9 ($5 in chips)
Seat 2: 5dae8d98 ($5.21 in chips)
Seat 3: Hero ($7.41 in chips)
Seat 4: f1129360 ($5.07 in chips)
Seat 5: 307404b7 ($13.75 in chips)
Seat 6: 97835c43 ($4.95 in chips)
97835c43: posts small blind $0.02
dd0e08e9: posts big blind $0.05
*** HOLE CARDS ***
Dealt to dd0e08e9 
Dealt to 5dae8d98 
Dealt to Hero [7h Jc]
Dealt to f1129360 
Dealt to 307404b7 
Dealt to 97835c43 
5dae8d98: folds
Hero: folds
f1129360: folds
307404b7: folds
97835c43: folds
Uncalled bet ($0.03) returned to dd0e08e9
*** SHOWDOWN ***
dd0e08e9 collected $0.04 from pot
*** SUMMARY ***
Total pot $0.04 | Rake $0 | Jackpot $0 | Bingo $0 | Fortune $0
Seat 1: dd0e08e9 (big blind) collected ($0.04)
Seat 2: 5dae8d98 folded before Flop (didn't bet)
Seat 3: Hero folded before Flop (didn't bet)
Seat 4: f1129360 folded before Flop (didn't bet)
Seat 5: 307404b7 (button) folded before Flop (didn't bet)
Seat 6: 97835c43 (small blind) folded before Flop


Poker Hand #HD1168562892: Hold'em No Limit  ($0.02/$0.05) - 2023/03/20 19:36:06
Table 'NLHBlue81' 6-max Seat #4 is the button
Seat 2: 5dae8d98 ($5.21 in chips)
Seat 3: Hero ($7.41 in chips)
Seat 4: f1129360 ($5.07 in chips)
Seat 5: 307404b7 ($13.7 in chips)
Seat 6: 97835c43 ($5 in chips)
307404b7: posts small blind $0.02
97835c43: posts big blind $0.05
*** HOLE CARDS ***
Dealt to 5dae8d98 
Dealt to Hero [9h 3s]
Dealt to f1129360 
Dealt to 307404b7 
Dealt to 97835c43 
5dae8d98: folds
Hero: folds
f1129360: folds
307404b7: raises $0.1 to $0.15
97835c43: folds
Uncalled bet ($0.1) returned to 307404b7
*** SHOWDOWN ***
307404b7 collected $0.1 from pot
*** SUMMARY ***
Total pot $0.1 | Rake $0 | Jackpot $0 | Bingo $0 | Fortune $0
Seat 2: 5dae8d98 folded before Flop (didn't bet)
Seat 3: Hero folded before Flop (didn't bet)
Seat 4: f1129360 (button) folded before Flop (didn't bet)
Seat 5: 307404b7 (small blind) collected ($0.1)
Seat 6: 97835c43 (big blind) folded before Flop


Poker Hand #HD1168562848: Hold'em No Limit  ($0.02/$0.05) - 2023/03/20 19:35:50
Table 'NLHBlue81' 6-max Seat #3 is the button
Seat 2: 5dae8d98 ($5.21 in chips)
Seat 3: Hero ($7.41 in chips)
Seat 4: f1129360 ($5.09 in chips)
Seat 5: 307404b7 ($13.68 in chips)
Seat 6: 188abe33 ($7.99 in chips)
f1129360: posts small blind $0.02
307404b7: posts big blind $0.05
*** HOLE CARDS ***
Dealt to 5dae8d98 
Dealt to Hero [Jh 5d]
Dealt to f1129360 
Dealt to 307404b7 
Dealt to 188abe33 
188abe33: folds
5dae8d98: folds
Hero: folds
f1129360: folds
Uncalled bet ($0.03) returned to 307404b7
*** SHOWDOWN ***
307404b7 collected $0.04 from pot
*** SUMMARY ***
Total pot $0.04 | Rake $0 | Jackpot $0 | Bingo $0 | Fortune $0
Seat 2: 5dae8d98 folded before Flop (didn't bet)
Seat 3: Hero (button) folded before Flop (didn't bet)
Seat 4: f1129360 (small blind) folded before Flop
Seat 5: 307404b7 (big blind) collected ($0.04)
Seat 6: 188abe33 folded before Flop (didn't bet)


Poker Hand #HD1168562806: Hold'em No Limit  ($0.02/$0.05) - 2023/03/20 19:35:27
Table 'NLHBlue81' 6-max Seat #2 is the button
Seat 2: 5dae8d98 ($5.21 in chips)
Seat 3: Hero ($7.43 in chips)
Seat 4: f1129360 ($5.14 in chips)
Seat 5: 307404b7 ($13.68 in chips)
Seat 6: 188abe33 ($7.92 in chips)
Hero: posts small blind $0.02
f1129360: posts big blind $0.05
*** HOLE CARDS ***
Dealt to 5dae8d98 
Dealt to Hero [4c Jh]
Dealt to f1129360 
Dealt to 307404b7 
Dealt to 188abe33 
307404b7: folds
188abe33: raises $0.1 to $0.15
5dae8d98: folds
Hero: folds
f1129360: folds
Uncalled bet ($0.1) returned to 188abe33
*** SHOWDOWN ***
188abe33 collected $0.12 from pot
*** SUMMARY ***
Total pot $0.12 | Rake $0 | Jackpot $0 | Bingo $0 | Fortune $0
Seat 2: 5dae8d98 (button) folded before Flop (didn't bet)
Seat 3: Hero (small blind) folded before Flop
Seat 4: f1129360 (big blind) folded before Flop
Seat 5: 307404b7 folded before Flop (didn't bet)
Seat 6: 188abe33 collected ($0.12)


Poker Hand #HD1168562771: Hold'em No Limit  ($0.02/$0.05) - 2023/03/20 19:35:14
Table 'NLHBlue81' 6-max Seat #6 is the button
Seat 2: 5dae8d98 ($5.23 in chips)
Seat 3: Hero ($7.48 in chips)
Seat 4: f1129360 ($5.07 in chips)
Seat 5: 307404b7 ($13.68 in chips)
Seat 6: 188abe33 ($7.92 in chips)
5dae8d98: posts small blind $0.02
Hero: posts big blind $0.05
*** HOLE CARDS ***
Dealt to 5dae8d98 
Dealt to Hero [Js 2d]
Dealt to f1129360 
Dealt to 307404b7 
Dealt to 188abe33 
f1129360: raises $0.1 to $0.15
307404b7: folds
188abe33: folds
5dae8d98: folds
Hero: folds
Uncalled bet ($0.1) returned to f1129360
*** SHOWDOWN ***
f1129360 collected $0.12 from pot
*** SUMMARY ***
Total pot $0.12 | Rake $0 | Jackpot $0 | Bingo $0 | Fortune $0
Seat 2: 5dae8d98 (small blind) folded before Flop
Seat 3: Hero (big blind) folded before Flop
Seat 4: f1129360 collected ($0.12)
Seat 5: 307404b7 folded before Flop (didn't bet)
Seat 6: 188abe33 (button) folded before Flop (didn't bet)


Poker Hand #HD1168562502: Hold'em No Limit  ($0.02/$0.05) - 2023/03/20 19:33:18
Table 'NLHBlue81' 6-max Seat #5 is the button
Seat 1: e512eafd ($5.68 in chips)
Seat 2: 5dae8d98 ($5.23 in chips)
Seat 3: Hero ($7.48 in chips)
Seat 4: f1129360 ($5.07 in chips)
Seat 5: 307404b7 ($8.53 in chips)
Seat 6: 188abe33 ($7.94 in chips)
188abe33: posts small blind $0.02
e512eafd: posts big blind $0.05
*** HOLE CARDS ***
Dealt to e512eafd 
Dealt to 5dae8d98 
Dealt to Hero [Ad 8c]
Dealt to f1129360 
Dealt to 307404b7 
Dealt to 188abe33 
5dae8d98: folds
Hero: folds
f1129360: folds
307404b7: raises $0.08 to $0.13
188abe33: folds
e512eafd: raises $0.28 to $0.41
307404b7: calls $0.28
*** FLOP *** [2d 5c 8d]
e512eafd: bets $0.42
307404b7: raises $0.73 to $1.15
e512eafd: calls $0.73
*** TURN *** [2d 5c 8d] [6h]
e512eafd: checks
307404b7: bets $1.4
e512eafd: calls $1.4
*** RIVER *** [2d 5c 8d 6h] [Qd]
e512eafd: bets $2.72 and is all-in
307404b7: calls $2.72
e512eafd: shows [Ac Kd] (Ace-High)
307404b7: shows [2s 2h] (Three Twos)
*** SHOWDOWN ***
307404b7 collected $10.83 from pot
*** SUMMARY ***
Total pot $11.38 | Rake $0.5 | Jackpot $0.05 | Bingo $0 | Fortune $0
Board [2d 5c 8d 6h Qd]
Seat 1: e512eafd (big blind) showed [Ac Kd] and lost with Ace-High
Seat 2: 5dae8d98 folded before Flop (didn't bet)
Seat 3: Hero folded before Flop (didn't bet)
Seat 4: f1129360 folded before Flop (didn't bet)
Seat 5: 307404b7 (button) showed [2s 2h] and won ($10.83) with Three Twos
Seat 6: 188abe33 (small blind) folded before Flop


Poker Hand #HD1168562461: Hold'em No Limit  ($0.02/$0.05) - 2023/03/20 19:32:59
Table 'NLHBlue81' 6-max Seat #4 is the button
Seat 1: e512eafd ($5.68 in chips)
Seat 2: 5dae8d98 ($5.23 in chips)
Seat 3: Hero ($7.48 in chips)
Seat 4: f1129360 ($5 in chips)
Seat 5: 307404b7 ($8.55 in chips)
Seat 6: 188abe33 ($7.99 in chips)
307404b7: posts small blind $0.02
188abe33: posts big blind $0.05
*** HOLE CARDS ***
Dealt to e512eafd 
Dealt to 5dae8d98 
Dealt to Hero [Ks 2c]
Dealt to f1129360 
Dealt to 307404b7 
Dealt to 188abe33 
e512eafd: folds
5dae8d98: folds
Hero: folds
f1129360: raises $0.08 to $0.13
307404b7: folds
188abe33: folds
Uncalled bet ($0.08) returned to f1129360
*** SHOWDOWN ***
f1129360 collected $0.12 from pot
*** SUMMARY ***
Total pot $0.12 | Rake $0 | Jackpot $0 | Bingo $0 | Fortune $0
Seat 1: e512eafd folded before Flop (didn't bet)
Seat 2: 5dae8d98 folded before Flop (didn't bet)
Seat 3: Hero folded before Flop (didn't bet)
Seat 4: f1129360 (button) collected ($0.12)
Seat 5: 307404b7 (small blind) folded before Flop
Seat 6: 188abe33 (big blind) folded before Flop


Poker Hand #HD1168562311: Hold'em No Limit  ($0.02/$0.05) - 2023/03/20 19:31:57
Table 'NLHBlue81' 6-max Seat #3 is the button
Seat 1: e512eafd ($5.68 in chips)
Seat 2: 5dae8d98 ($5.23 in chips)
Seat 3: Hero ($7.35 in chips)
Seat 4: f1129360 ($5.02 in chips)
Seat 5: 307404b7 ($8.67 in chips)
Seat 6: 188abe33 ($7.99 in chips)
f1129360: posts small blind $0.02
307404b7: posts big blind $0.05
*** HOLE CARDS ***
Dealt to e512eafd 
Dealt to 5dae8d98 
Dealt to Hero [As 7h]
Dealt to f1129360 
Dealt to 307404b7 
Dealt to 188abe33 
188abe33: folds
e512eafd: folds
5dae8d98: folds
Hero: raises $0.07 to $0.12
f1129360: folds
307404b7: calls $0.07
*** FLOP *** [9d Ts Jh]
307404b7: checks
Hero: checks
*** TURN *** [9d Ts Jh] [8s]
307404b7: checks
Hero: bets $0.13
307404b7: folds
Uncalled bet ($0.13) returned to Hero
*** SHOWDOWN ***
Hero collected $0.25 from pot
*** SUMMARY ***
Total pot $0.26 | Rake $0.01 | Jackpot $0 | Bingo $0 | Fortune $0
Board [9d Ts Jh 8s]
Seat 1: e512eafd folded before Flop (didn't bet)
Seat 2: 5dae8d98 folded before Flop (didn't bet)
Seat 3: Hero (button) won ($0.25)
Seat 4: f1129360 (small blind) folded before Flop
Seat 5: 307404b7 (big blind) folded on the Turn
Seat 6: 188abe33 folded before Flop (didn't bet)


Poker Hand #HD1168562261: Hold'em No Limit  ($0.02/$0.05) - 2023/03/20 19:31:35
Table 'NLHBlue81' 6-max Seat #2 is the button
Seat 1: e512eafd ($5.68 in chips)
Seat 2: 5dae8d98 ($5.23 in chips)
Seat 3: Hero ($7.37 in chips)
Seat 4: f1129360 ($5 in chips)
Seat 5: 307404b7 ($8.67 in chips)
Seat 6: 188abe33 ($7.99 in chips)
Hero: posts small blind $0.02
f1129360: posts big blind $0.05
*** HOLE CARDS ***
Dealt to e512eafd 
Dealt to 5dae8d98 
Dealt to Hero [5c 4s]
Dealt to f1129360 
Dealt to 307404b7 
Dealt to 188abe33 
307404b7: folds
188abe33: folds
e512eafd: folds
5dae8d98: folds
Hero: folds
Uncalled bet ($0.03) returned to f1129360
*** SHOWDOWN ***
f1129360 collected $0.04 from pot
*** SUMMARY ***
Total pot $0.04 | Rake $0 | Jackpot $0 | Bingo $0 | Fortune $0
Seat 1: e512eafd folded before Flop (didn't bet)
Seat 2: 5dae8d98 (button) folded before Flop (didn't bet)
Seat 3: Hero (small blind) folded before Flop
Seat 4: f1129360 (big blind) collected ($0.04)
Seat 5: 307404b7 folded before Flop (didn't bet)
Seat 6: 188abe33 folded before Flop (didn't bet)


Poker Hand #HD1168562216: Hold'em No Limit  ($0.02/$0.05) - 2023/03/20 19:31:17
Table 'NLHBlue81' 6-max Seat #1 is the button
Seat 1: e512eafd ($5.68 in chips)
Seat 2: 5dae8d98 ($5.18 in chips)
Seat 3: Hero ($7.42 in chips)
Seat 4: f1129360 ($5 in chips)
Seat 5: 307404b7 ($8.67 in chips)
Seat 6: 188abe33 ($7.99 in chips)
5dae8d98: posts small blind $0.02
Hero: posts big blind $0.05
*** HOLE CARDS ***
Dealt to e512eafd 
Dealt to 5dae8d98 
Dealt to Hero [6h 4s]
Dealt to f1129360 
Dealt to 307404b7 
Dealt to 188abe33 
f1129360: folds
307404b7: folds
188abe33: folds
e512eafd: folds
5dae8d98: raises $0.1 to $0.15
Hero: folds
Uncalled bet ($0.1) returned to 5dae8d98
*** SHOWDOWN ***
5dae8d98 collected $0.1 from pot
*** SUMMARY ***
Total pot $0.1 | Rake $0 | Jackpot $0 | Bingo $0 | Fortune $0
Seat 1: e512eafd (button) folded before Flop (didn't bet)
Seat 2: 5dae8d98 (small blind) collected ($0.1)
Seat 3: Hero (big blind) folded before Flop
Seat 4: f1129360 folded before Flop (didn't bet)
Seat 5: 307404b7 folded before Flop (didn't bet)
Seat 6: 188abe33 folded before Flop (didn't bet)


Poker Hand #HD1168562156: Hold'em No Limit  ($0.02/$0.05) - 2023/03/20 19:30:56
Table 'NLHBlue81' 6-max Seat #6 is the button
Seat 1: e512eafd ($5.7 in chips)
Seat 2: 5dae8d98 ($5.16 in chips)
Seat 3: Hero ($7.42 in chips)
Seat 4: f1129360 ($5 in chips)
Seat 5: 307404b7 ($8.67 in chips)
Seat 6: 188abe33 ($7.99 in chips)
e512eafd: posts small blind $0.02
5dae8d98: posts big blind $0.05
*** HOLE CARDS ***
Dealt to e512eafd 
Dealt to 5dae8d98 
Dealt to Hero [Td 7s]
Dealt to f1129360 
Dealt to 307404b7 
Dealt to 188abe33 
Hero: folds
f1129360: folds
307404b7: folds
188abe33: folds
e512eafd: folds
Uncalled bet ($0.03) returned to 5dae8d98
*** SHOWDOWN ***
5dae8d98 collected $0.04 from pot
*** SUMMARY ***
Total pot $0.04 | Rake $0 | Jackpot $0 | Bingo $0 | Fortune $0
Seat 1: e512eafd (small blind) folded before Flop
Seat 2: 5dae8d98 (big blind) collected ($0.04)
Seat 3: Hero folded before Flop (didn't bet)
Seat 4: f1129360 folded before Flop (didn't bet)
Seat 5: 307404b7 folded before Flop (didn't bet)
Seat 6: 188abe33 (button) folded before Flop (didn't bet)


Poker Hand #HD1168561894: Hold'em No Limit  ($0.02/$0.05) - 2023/03/20 19:29:04
Table 'NLHBlue81' 6-max Seat #5 is the button
Seat 1: e512eafd ($5 in chips)
Seat 2: 5dae8d98 ($5.16 in chips)
Seat 3: Hero ($7.42 in chips)
Seat 4: f1129360 ($5.16 in chips)
Seat 5: 307404b7 ($8.67 in chips)
Seat 6: 188abe33 ($8.01 in chips)
188abe33: posts small blind $0.02
e512eafd: posts big blind $0.05
*** HOLE CARDS ***
Dealt to e512eafd 
Dealt to 5dae8d98 
Dealt to Hero [3c 5d]
Dealt to f1129360 
Dealt to 307404b7 
Dealt to 188abe33 
5dae8d98: folds
Hero: folds
f1129360: raises $0.08 to $0.13
307404b7: folds
188abe33: folds
e512eafd: raises $0.27 to $0.4
f1129360: calls $0.27
*** FLOP *** [7c Ac Jc]
e512eafd: bets $0.41
f1129360: calls $0.41
*** TURN *** [7c Ac Jc] [7s]
e512eafd: bets $4.19 and is all-in
f1129360: folds
Uncalled bet ($4.19) returned to e512eafd
e512eafd: shows [Ad] (Pair of Aces and Pair of Sevens)
*** SHOWDOWN ***
e512eafd collected $1.51 from pot
*** SUMMARY ***
Total pot $1.64 | Rake $0.08 | Jackpot $0.05 | Bingo $0 | Fortune $0
Board [7c Ac Jc 7s]
Seat 1: e512eafd (big blind) showed [Ad Tc] and won ($1.51) with Pair of Aces and Pair of Sevens
Seat 2: 5dae8d98 folded before Flop (didn't bet)
Seat 3: Hero folded before Flop (didn't bet)
Seat 4: f1129360 folded on the Turn
Seat 5: 307404b7 (button) folded before Flop (didn't bet)
Seat 6: 188abe33 (small blind) folded before Flop


Poker Hand #HD1168561839: Hold'em No Limit  ($0.02/$0.05) - 2023/03/20 19:28:42
Table 'NLHBlue81' 6-max Seat #4 is the button
Seat 2: 5dae8d98 ($5.16 in chips)
Seat 3: Hero ($7.42 in chips)
Seat 4: f1129360 ($5.16 in chips)
Seat 5: 307404b7 ($8.69 in chips)
Seat 6: 188abe33 ($7.99 in chips)
307404b7: posts small blind $0.02
188abe33: posts big blind $0.05
*** HOLE CARDS ***
Dealt to 5dae8d98 
Dealt to Hero [Ts 5h]
Dealt to f1129360 
Dealt to 307404b7 
Dealt to 188abe33 
5dae8d98: folds
Hero: folds
f1129360: folds
307404b7: folds
Uncalled bet ($0.03) returned to 188abe33
*** SHOWDOWN ***
188abe33 collected $0.04 from pot
*** SUMMARY ***
Total pot $0.04 | Rake $0 | Jackpot $0 | Bingo $0 | Fortune $0
Seat 2: 5dae8d98 folded before Flop (didn't bet)
Seat 3: Hero folded before Flop (didn't bet)
Seat 4: f1129360 (button) folded before Flop (didn't bet)
Seat 5: 307404b7 (small blind) folded before Flop
Seat 6: 188abe33 (big blind) collected ($0.04)


Poker Hand #HD1168561765: Hold'em No Limit  ($0.02/$0.05) - 2023/03/20 19:28:15
Table 'NLHBlue81' 6-max Seat #3 is the button
Seat 2: 5dae8d98 ($5.16 in chips)
Seat 3: Hero ($7.54 in chips)
Seat 4: f1129360 ($5 in chips)
Seat 5: 307404b7 ($8.74 in chips)
Seat 6: 188abe33 ($7.99 in chips)
f1129360: posts small blind $0.02
307404b7: posts big blind $0.05
*** HOLE CARDS ***
Dealt to 5dae8d98 
Dealt to Hero [Qh Kc]
Dealt to f1129360 
Dealt to 307404b7 
Dealt to 188abe33 
188abe33: folds
5dae8d98: folds
Hero: raises $0.07 to $0.12
f1129360: raises $0.41 to $0.53
307404b7: folds
Hero: folds
Uncalled bet ($0.41) returned to f1129360
*** SHOWDOWN ***
f1129360 collected $0.28 from pot
*** SUMMARY ***
Total pot $0.29 | Rake $0.01 | Jackpot $0 | Bingo $0 | Fortune $0
Seat 2: 5dae8d98 folded before Flop (didn't bet)
Seat 3: Hero (button) folded before Flop
Seat 4: f1129360 (small blind) collected ($0.28)
Seat 5: 307404b7 (big blind) folded before Flop
Seat 6: 188abe33 folded before Flop (didn't bet)


Poker Hand #HD1168561597: Hold'em No Limit  ($0.02/$0.05) - 2023/03/20 19:27:01
Table 'NLHBlue81' 6-max Seat #2 is the button
Seat 2: 5dae8d98 ($5.16 in chips)
Seat 3: Hero ($7 in chips)
Seat 4: f1129360 ($5.24 in chips)
Seat 5: 307404b7 ($8.74 in chips)
Seat 6: 188abe33 ($7.99 in chips)
Hero: posts small blind $0.02
f1129360: posts big blind $0.05
*** HOLE CARDS ***
Dealt to 5dae8d98 
Dealt to Hero [5c Ah]
Dealt to f1129360 
Dealt to 307404b7 
Dealt to 188abe33 
307404b7: folds
188abe33: folds
5dae8d98: folds
Hero: raises $0.09 to $0.14
f1129360: calls $0.09
*** FLOP *** [5d 6c 2c]
Hero: bets $0.1
f1129360: calls $0.1
*** TURN *** [5d 6c 2c] [Kd]
Hero: checks
f1129360: checks
*** RIVER *** [5d 6c 2c Kd] [Ad]
Hero: bets $0.36
f1129360: calls $0.36
Hero: shows [5c Ah] (Pair of Aces and Pair of Fives)
f1129360: shows [2d Ac] (Pair of Aces and Pair of Twos)
*** SHOWDOWN ***
Hero collected $1.14 from pot
*** SUMMARY ***
Total pot $1.2 | Rake $0.06 | Jackpot $0 | Bingo $0 | Fortune $0
Board [5d 6c 2c Kd Ad]
Seat 2: 5dae8d98 (button) folded before Flop (didn't bet)
Seat 3: Hero (small blind) showed [5c Ah] and won ($1.14) with Pair of Aces and Pair of Fives
Seat 4: f1129360 (big blind) showed [2d Ac] and lost with Pair of Aces and Pair of Twos
Seat 5: 307404b7 folded before Flop (didn't bet)
Seat 6: 188abe33 folded before Flop (didn't bet)


Poker Hand #HD1168561342: Hold'em No Limit  ($0.02/$0.05) - 2023/03/20 19:25:22
Table 'NLHBlue81' 6-max Seat #6 is the button
Seat 1: 50fda69 ($3.32 in chips)
Seat 2: 5dae8d98 ($5.21 in chips)
Seat 3: Hero ($7 in chips)
Seat 4: f1129360 ($5.24 in chips)
Seat 5: 307404b7 ($8.74 in chips)
Seat 6: 188abe33 ($5 in chips)
50fda69: posts small blind $0.02
5dae8d98: posts big blind $0.05
*** HOLE CARDS ***
Dealt to 50fda69 
Dealt to 5dae8d98 
Dealt to Hero [7c 6d]
Dealt to f1129360 
Dealt to 307404b7 
Dealt to 188abe33 
Hero: folds
f1129360: folds
307404b7: folds
188abe33: raises $0.08 to $0.13
50fda69: raises $0.28 to $0.41
5dae8d98: folds
188abe33: raises $0.67 to $1.08
50fda69: raises $2.24 to $3.32 and is all-in
188abe33: calls $2.24
50fda69: shows [Ts 8s]
188abe33: shows [Ks As]
*** FLOP *** [5c 9s Ad]
*** TURN *** [5c 9s Ad] [6s]
*** RIVER *** [5c 9s Ad 6s] [8d]
*** SHOWDOWN ***
188abe33 collected $6.31 from pot
*** SUMMARY ***
Total pot $6.69 | Rake $0.33 | Jackpot $0.05 | Bingo $0 | Fortune $0
Board [5c 9s Ad 6s 8d]
Seat 1: 50fda69 (small blind) showed [Ts 8s] and lost with Pair of Eights
Seat 2: 5dae8d98 (big blind) folded before Flop
Seat 3: Hero folded before Flop (didn't bet)
Seat 4: f1129360 folded before Flop (didn't bet)
Seat 5: 307404b7 folded before Flop (didn't bet)
Seat 6: 188abe33 (button) showed [Ks As] and won ($6.31) with Pair of Aces


Poker Hand #HD1168560935: Hold'em No Limit  ($0.02/$0.05) - 2023/03/20 19:22:34
Table 'NLHBlue81' 6-max Seat #5 is the button
Seat 1: 50fda69 ($3.45 in chips)
Seat 2: 5dae8d98 ($5.21 in chips)
Seat 3: Hero ($7 in chips)
Seat 4: f1129360 ($5.24 in chips)
Seat 5: 307404b7 ($5.07 in chips)
Seat 6: 188abe33 ($8.22 in chips)
188abe33: posts small blind $0.02
50fda69: posts big blind $0.05
*** HOLE CARDS ***
Dealt to 50fda69 
Dealt to 5dae8d98 
Dealt to Hero [4c 7d]
Dealt to f1129360 
Dealt to 307404b7 
Dealt to 188abe33 
5dae8d98: folds
Hero: folds
f1129360: folds
307404b7: raises $0.08 to $0.13
188abe33: calls $0.11
50fda69: calls $0.08
*** FLOP *** [7h 2d Ts]
188abe33: checks
50fda69: checks
307404b7: bets $0.2
188abe33: calls $0.2
50fda69: folds
*** TURN *** [7h 2d Ts] [Qh]
188abe33: checks
307404b7: bets $0.6
188abe33: raises $1.26 to $1.86
307404b7: calls $1.26
*** RIVER *** [7h 2d Ts Qh] [Ah]
188abe33: checks
307404b7: bets $1.8
188abe33: calls $1.8
307404b7: shows [8h 9h] (Ace High Flush)
188abe33: shows [Qc Tc] (Pair of Queens and Pair of Tens)
*** SHOWDOWN ***
307404b7 collected $7.66 from pot
*** SUMMARY ***
Total pot $8.11 | Rake $0.4 | Jackpot $0.05 | Bingo $0 | Fortune $0
Board [7h 2d Ts Qh Ah]
Seat 1: 50fda69 (big blind) folded on the Flop
Seat 2: 5dae8d98 folded before Flop (didn't bet)
Seat 3: Hero folded before Flop (didn't bet)
Seat 4: f1129360 folded before Flop (didn't bet)
Seat 5: 307404b7 (button) showed [8h 9h] and won ($7.66) with Ace High Flush
Seat 6: 188abe33 (small blind) showed [Qc Tc] and lost with Pair of Queens and Pair of Tens


Poker Hand #HD1168560882: Hold'em No Limit  ($0.02/$0.05) - 2023/03/20 19:22:11
Table 'NLHBlue81' 6-max Seat #4 is the button
Seat 2: 5dae8d98 ($5.21 in chips)
Seat 3: Hero ($7 in chips)
Seat 4: f1129360 ($5.24 in chips)
Seat 5: 307404b7 ($5.02 in chips)
Seat 6: 188abe33 ($8.27 in chips)
307404b7: posts small blind $0.02
188abe33: posts big blind $0.05
*** HOLE CARDS ***
Dealt to 5dae8d98 
Dealt to Hero [6h 8s]
Dealt to f1129360 
Dealt to 307404b7 
Dealt to 188abe33 
5dae8d98: folds
Hero: folds
f1129360: folds
307404b7: raises $0.1 to $0.15
188abe33: folds
Uncalled bet ($0.1) returned to 307404b7
*** SHOWDOWN ***
307404b7 collected $0.1 from pot
*** SUMMARY ***
Total pot $0.1 | Rake $0 | Jackpot $0 | Bingo $0 | Fortune $0
Seat 2: 5dae8d98 folded before Flop (didn't bet)
Seat 3: Hero folded before Flop (didn't bet)
Seat 4: f1129360 (button) folded before Flop (didn't bet)
Seat 5: 307404b7 (small blind) collected ($0.1)
Seat 6: 188abe33 (big blind) folded before Flop


Poker Hand #HD1168560796: Hold'em No Limit  ($0.02/$0.05) - 2023/03/20 19:21:34
Table 'NLHBlue81' 6-max Seat #3 is the button
Seat 2: 5dae8d98 ($5.14 in chips)
Seat 3: Hero ($7 in chips)
Seat 4: f1129360 ($5.26 in chips)
Seat 5: 307404b7 ($5.03 in chips)
Seat 6: 188abe33 ($8.27 in chips)
f1129360: posts small blind $0.02
307404b7: posts big blind $0.05
*** HOLE CARDS ***
Dealt to 5dae8d98 
Dealt to Hero [3d Jh]
Dealt to f1129360 
Dealt to 307404b7 
Dealt to 188abe33 
188abe33: folds
5dae8d98: raises $0.08 to $0.13
Hero: folds
f1129360: folds
307404b7: folds
Uncalled bet ($0.08) returned to 5dae8d98
*** SHOWDOWN ***
5dae8d98 collected $0.12 from pot
*** SUMMARY ***
Total pot $0.12 | Rake $0 | Jackpot $0 | Bingo $0 | Fortune $0
Seat 2: 5dae8d98 collected ($0.12)
Seat 3: Hero (button) folded before Flop (didn't bet)
Seat 4: f1129360 (small blind) folded before Flop
Seat 5: 307404b7 (big blind) folded before Flop
Seat 6: 188abe33 folded before Flop (didn't bet)


Poker Hand #HD1168560719: Hold'em No Limit  ($0.02/$0.05) - 2023/03/20 19:20:59
Table 'NLHBlue81' 6-max Seat #2 is the button
Seat 2: 5dae8d98 ($5.14 in chips)
Seat 3: Hero ($6.95 in chips)
Seat 4: f1129360 ($5.31 in chips)
Seat 5: 307404b7 ($5.03 in chips)
Seat 6: 188abe33 ($8.27 in chips)
Hero: posts small blind $0.02
f1129360: posts big blind $0.05
*** HOLE CARDS ***
Dealt to 5dae8d98 
Dealt to Hero [9d 6d]
Dealt to f1129360 
Dealt to 307404b7 
Dealt to 188abe33 
307404b7: folds
188abe33: folds
5dae8d98: folds
Hero: raises $0.09 to $0.14
f1129360: folds
Uncalled bet ($0.09) returned to Hero
*** SHOWDOWN ***
Hero collected $0.1 from pot
*** SUMMARY ***
Total pot $0.1 | Rake $0 | Jackpot $0 | Bingo $0 | Fortune $0
Seat 2: 5dae8d98 (button) folded before Flop (didn't bet)
Seat 3: Hero (small blind) collected ($0.1)
Seat 4: f1129360 (big blind) folded before Flop
Seat 5: 307404b7 folded before Flop (didn't bet)
Seat 6: 188abe33 folded before Flop (didn't bet)


Poker Hand #HD1168560608: Hold'em No Limit  ($0.02/$0.05) - 2023/03/20 19:20:14
Table 'NLHBlue81' 6-max Seat #6 is the button
Seat 2: 5dae8d98 ($5.16 in chips)
Seat 3: Hero ($7 in chips)
Seat 4: f1129360 ($5.31 in chips)
Seat 5: 307404b7 ($5.03 in chips)
Seat 6: 188abe33 ($8.2 in chips)
5dae8d98: posts small blind $0.02
Hero: posts big blind $0.05
*** HOLE CARDS ***
Dealt to 5dae8d98 
Dealt to Hero [Jd 2s]
Dealt to f1129360 
Dealt to 307404b7 
Dealt to 188abe33 
f1129360: folds
307404b7: folds
188abe33: raises $0.08 to $0.13
5dae8d98: folds
Hero: folds
Uncalled bet ($0.08) returned to 188abe33
*** SHOWDOWN ***
188abe33 collected $0.12 from pot
*** SUMMARY ***
Total pot $0.12 | Rake $0 | Jackpot $0 | Bingo $0 | Fortune $0
Seat 2: 5dae8d98 (small blind) folded before Flop
Seat 3: Hero (big blind) folded before Flop
Seat 4: f1129360 folded before Flop (didn't bet)
Seat 5: 307404b7 folded before Flop (didn't bet)
Seat 6: 188abe33 (button) collected ($0.12)


Poker Hand #HD1168560538: Hold'em No Limit  ($0.02/$0.05) - 2023/03/20 19:19:43
Table 'NLHBlue81' 6-max Seat #5 is the button
Seat 1: 50fda69 ($3.5 in chips)
Seat 2: 5dae8d98 ($5.16 in chips)
Seat 3: Hero ($6.93 in chips)
Seat 4: f1129360 ($5.31 in chips)
Seat 5: 307404b7 ($5.03 in chips)
Seat 6: 188abe33 ($8.22 in chips)
188abe33: posts small blind $0.02
50fda69: posts big blind $0.05
*** HOLE CARDS ***
Dealt to 50fda69 
Dealt to 5dae8d98 
Dealt to Hero [Ah Jh]
Dealt to f1129360 
Dealt to 307404b7 
Dealt to 188abe33 
5dae8d98: folds
Hero: raises $0.07 to $0.12
f1129360: folds
307404b7: folds
188abe33: folds
50fda69: folds
Uncalled bet ($0.07) returned to Hero
*** SHOWDOWN ***
Hero collected $0.12 from pot
*** SUMMARY ***
Total pot $0.12 | Rake $0 | Jackpot $0 | Bingo $0 | Fortune $0
Seat 1: 50fda69 (big blind) folded before Flop
Seat 2: 5dae8d98 folded before Flop (didn't bet)
Seat 3: Hero collected ($0.12)
Seat 4: f1129360 folded before Flop (didn't bet)
Seat 5: 307404b7 (button) folded before Flop (didn't bet)
Seat 6: 188abe33 (small blind) folded before Flop


Poker Hand #HD1168560392: Hold'em No Limit  ($0.02/$0.05) - 2023/03/20 19:18:44
Table 'NLHBlue81' 6-max Seat #4 is the button
Seat 1: 50fda69 ($3.5 in chips)
Seat 2: 5dae8d98 ($5.16 in chips)
Seat 3: Hero ($6.52 in chips)
Seat 4: f1129360 ($5.31 in chips)
Seat 5: 307404b7 ($5.05 in chips)
Seat 6: 188abe33 ($8.65 in chips)
307404b7: posts small blind $0.02
188abe33: posts big blind $0.05
*** HOLE CARDS ***
Dealt to 50fda69 
Dealt to 5dae8d98 
Dealt to Hero [Qd Ks]
Dealt to f1129360 
Dealt to 307404b7 
Dealt to 188abe33 
50fda69: folds
5dae8d98: folds
Hero: raises $0.07 to $0.12
f1129360: folds
307404b7: folds
188abe33: calls $0.07
*** FLOP *** [Tc Ac Qc]
188abe33: checks
Hero: bets $0.09
188abe33: calls $0.09
*** TURN *** [Tc Ac Qc] [Jd]
188abe33: checks
Hero: bets $0.22
188abe33: calls $0.22
*** RIVER *** [Tc Ac Qc Jd] [9d]
188abe33: checks
Hero: bets $0.44
188abe33: folds
Uncalled bet ($0.44) returned to Hero
*** SHOWDOWN ***
Hero collected $0.84 from pot
*** SUMMARY ***
Total pot $0.88 | Rake $0.04 | Jackpot $0 | Bingo $0 | Fortune $0
Board [Tc Ac Qc Jd 9d]
Seat 1: 50fda69 folded before Flop (didn't bet)
Seat 2: 5dae8d98 folded before Flop (didn't bet)
Seat 3: Hero won ($0.84)
Seat 4: f1129360 (button) folded before Flop (didn't bet)
Seat 5: 307404b7 (small blind) folded before Flop
Seat 6: 188abe33 (big blind) folded on the River


Poker Hand #HD1168560345: Hold'em No Limit  ($0.02/$0.05) - 2023/03/20 19:18:20
Table 'NLHBlue81' 6-max Seat #3 is the button
Seat 1: 50fda69 ($3.5 in chips)
Seat 2: 5dae8d98 ($5.09 in chips)
Seat 3: Hero ($6.52 in chips)
Seat 4: f1129360 ($5.33 in chips)
Seat 5: 307404b7 ($5 in chips)
Seat 6: 188abe33 ($8.65 in chips)
f1129360: posts small blind $0.02
307404b7: posts big blind $0.05
*** HOLE CARDS ***
Dealt to 50fda69 
Dealt to 5dae8d98 
Dealt to Hero [6h 5h]
Dealt to f1129360 
Dealt to 307404b7 
Dealt to 188abe33 
188abe33: folds
50fda69: folds
5dae8d98: raises $0.08 to $0.13
Hero: folds
f1129360: folds
307404b7: folds
Uncalled bet ($0.08) returned to 5dae8d98
*** SHOWDOWN ***
5dae8d98 collected $0.12 from pot
*** SUMMARY ***
Total pot $0.12 | Rake $0 | Jackpot $0 | Bingo $0 | Fortune $0
Seat 1: 50fda69 folded before Flop (didn't bet)
Seat 2: 5dae8d98 collected ($0.12)
Seat 3: Hero (button) folded before Flop (didn't bet)
Seat 4: f1129360 (small blind) folded before Flop
Seat 5: 307404b7 (big blind) folded before Flop
Seat 6: 188abe33 folded before Flop (didn't bet)


Poker Hand #HD1168560149: Hold'em No Limit  ($0.02/$0.05) - 2023/03/20 19:17:01
Table 'NLHBlue81' 6-max Seat #2 is the button
Seat 1: 50fda69 ($3.13 in chips)
Seat 2: 5dae8d98 ($5.09 in chips)
Seat 3: Hero ($6.87 in chips)
Seat 4: f1129360 ($5.38 in chips)
Seat 5: 307404b7 ($5 in chips)
Seat 6: 188abe33 ($8.65 in chips)
Hero: posts small blind $0.02
f1129360: posts big blind $0.05
*** HOLE CARDS ***
Dealt to 50fda69 
Dealt to 5dae8d98 
Dealt to Hero [4c 4d]
Dealt to f1129360 
Dealt to 307404b7 
Dealt to 188abe33 
307404b7: folds
188abe33: folds
50fda69: calls $0.05
5dae8d98: folds
Hero: raises $0.15 to $0.2
f1129360: folds
50fda69: calls $0.15
*** FLOP *** [Kd Qs Ad]
Hero: bets $0.15
50fda69: calls $0.15
*** TURN *** [Kd Qs Ad] [8d]
Hero: checks
50fda69: checks
*** RIVER *** [Kd Qs Ad 8d] [8c]
Hero: checks
50fda69: bets $0.25
Hero: folds
Uncalled bet ($0.25) returned to 50fda69
*** SHOWDOWN ***
50fda69 collected $0.72 from pot
*** SUMMARY ***
Total pot $0.75 | Rake $0.03 | Jackpot $0 | Bingo $0 | Fortune $0
Board [Kd Qs Ad 8d 8c]
Seat 1: 50fda69 won ($0.72)
Seat 2: 5dae8d98 (button) folded before Flop (didn't bet)
Seat 3: Hero (small blind) folded on the River
Seat 4: f1129360 (big blind) folded before Flop
Seat 5: 307404b7 folded before Flop (didn't bet)
Seat 6: 188abe33 folded before Flop (didn't bet)


Poker Hand #HD1168560080: Hold'em No Limit  ($0.02/$0.05) - 2023/03/20 19:16:33
Table 'NLHBlue81' 6-max Seat #1 is the button
Seat 1: 50fda69 ($3.13 in chips)
Seat 2: 5dae8d98 ($5.04 in chips)
Seat 3: Hero ($6.92 in chips)
Seat 4: f1129360 ($5.38 in chips)
Seat 5: 307404b7 ($5 in chips)
Seat 6: 188abe33 ($8.65 in chips)
5dae8d98: posts small blind $0.02
Hero: posts big blind $0.05
*** HOLE CARDS ***
Dealt to 50fda69 
Dealt to 5dae8d98 
Dealt to Hero [5s 6c]
Dealt to f1129360 
Dealt to 307404b7 
Dealt to 188abe33 
f1129360: folds
307404b7: folds
188abe33: folds
50fda69: folds
5dae8d98: raises $0.1 to $0.15
Hero: folds
Uncalled bet ($0.1) returned to 5dae8d98
*** SHOWDOWN ***
5dae8d98 collected $0.1 from pot
*** SUMMARY ***
Total pot $0.1 | Rake $0 | Jackpot $0 | Bingo $0 | Fortune $0
Seat 1: 50fda69 (button) folded before Flop (didn't bet)
Seat 2: 5dae8d98 (small blind) collected ($0.1)
Seat 3: Hero (big blind) folded before Flop
Seat 4: f1129360 folded before Flop (didn't bet)
Seat 5: 307404b7 folded before Flop (didn't bet)
Seat 6: 188abe33 folded before Flop (didn't bet)


Poker Hand #HD1168559734: Hold'em No Limit  ($0.02/$0.05) - 2023/03/20 19:14:02
Table 'NLHBlue81' 6-max Seat #6 is the button
Seat 1: 50fda69 ($5.47 in chips)
Seat 2: 5dae8d98 ($5.09 in chips)
Seat 3: Hero ($6.92 in chips)
Seat 4: f1129360 ($5.38 in chips)
Seat 5: 307404b7 ($5 in chips)
Seat 6: 188abe33 ($6.54 in chips)
50fda69: posts small blind $0.02
5dae8d98: posts big blind $0.05
*** HOLE CARDS ***
Dealt to 50fda69 
Dealt to 5dae8d98 
Dealt to Hero [8h 5c]
Dealt to f1129360 
Dealt to 307404b7 
Dealt to 188abe33 
Hero: folds
f1129360: folds
307404b7: folds
188abe33: raises $0.08 to $0.13
50fda69: calls $0.11
5dae8d98: folds
*** FLOP *** [6s 2d 5d]
50fda69: checks
188abe33: checks
*** TURN *** [6s 2d 5d] [Ts]
50fda69: checks
188abe33: bets $0.2
50fda69: raises $0.71 to $0.91
188abe33: calls $0.71
*** RIVER *** [6s 2d 5d Ts] [8s]
50fda69: bets $1.3
188abe33: raises $1.62 to $2.92
50fda69: folds
Uncalled bet ($1.62) returned to 188abe33
*** SHOWDOWN ***
188abe33 collected $4.45 from pot
*** SUMMARY ***
Total pot $4.73 | Rake $0.23 | Jackpot $0.05 | Bingo $0 | Fortune $0
Board [6s 2d 5d Ts 8s]
Seat 1: 50fda69 (small blind) folded on the River
Seat 2: 5dae8d98 (big blind) folded before Flop
Seat 3: Hero folded before Flop (didn't bet)
Seat 4: f1129360 folded before Flop (didn't bet)
Seat 5: 307404b7 folded before Flop (didn't bet)
Seat 6: 188abe33 (button) won ($4.45)


Poker Hand #HD1168559656: Hold'em No Limit  ($0.02/$0.05) - 2023/03/20 19:13:25
Table 'NLHBlue81' 6-max Seat #5 is the button
Seat 1: 50fda69 ($5.45 in chips)
Seat 2: 5dae8d98 ($5.09 in chips)
Seat 3: Hero ($6.92 in chips)
Seat 4: f1129360 ($5.38 in chips)
Seat 5: 307404b7 ($5 in chips)
Seat 6: 188abe33 ($6.56 in chips)
188abe33: posts small blind $0.02
50fda69: posts big blind $0.05
*** HOLE CARDS ***
Dealt to 50fda69 
Dealt to 5dae8d98 
Dealt to Hero [3s 2s]
Dealt to f1129360 
Dealt to 307404b7 
Dealt to 188abe33 
5dae8d98: folds
Hero: folds
f1129360: folds
307404b7: folds
188abe33: folds
Uncalled bet ($0.03) returned to 50fda69
*** SHOWDOWN ***
50fda69 collected $0.04 from pot
*** SUMMARY ***
Total pot $0.04 | Rake $0 | Jackpot $0 | Bingo $0 | Fortune $0
Seat 1: 50fda69 (big blind) collected ($0.04)
Seat 2: 5dae8d98 folded before Flop (didn't bet)
Seat 3: Hero folded before Flop (didn't bet)
Seat 4: f1129360 folded before Flop (didn't bet)
Seat 5: 307404b7 (button) folded before Flop (didn't bet)
Seat 6: 188abe33 (small blind) folded before Flop


Poker Hand #HD1168559527: Hold'em No Limit  ($0.02/$0.05) - 2023/03/20 19:12:32
Table 'NLHBlue81' 6-max Seat #4 is the button
Seat 1: 50fda69 ($5.45 in chips)
Seat 2: 5dae8d98 ($5.09 in chips)
Seat 3: Hero ($6.92 in chips)
Seat 4: f1129360 ($5.38 in chips)
Seat 5: 307404b7 ($5.02 in chips)
Seat 6: 188abe33 ($6.54 in chips)
307404b7: posts small blind $0.02
188abe33: posts big blind $0.05
*** HOLE CARDS ***
Dealt to 50fda69 
Dealt to 5dae8d98 
Dealt to Hero [7h 4s]
Dealt to f1129360 
Dealt to 307404b7 
Dealt to 188abe33 
50fda69: folds
5dae8d98: folds
Hero: folds
f1129360: folds
307404b7: folds
Uncalled bet ($0.03) returned to 188abe33
*** SHOWDOWN ***
188abe33 collected $0.04 from pot
*** SUMMARY ***
Total pot $0.04 | Rake $0 | Jackpot $0 | Bingo $0 | Fortune $0
Seat 1: 50fda69 folded before Flop (didn't bet)
Seat 2: 5dae8d98 folded before Flop (didn't bet)
Seat 3: Hero folded before Flop (didn't bet)
Seat 4: f1129360 (button) folded before Flop (didn't bet)
Seat 5: 307404b7 (small blind) folded before Flop
Seat 6: 188abe33 (big blind) collected ($0.04)


Poker Hand #HD1168559346: Hold'em No Limit  ($0.02/$0.05) - 2023/03/20 19:11:11
Table 'NLHBlue81' 6-max Seat #3 is the button
Seat 1: 50fda69 ($5.38 in chips)
Seat 2: 5dae8d98 ($5.09 in chips)
Seat 3: Hero ($6.92 in chips)
Seat 4: f1129360 ($5.4 in chips)
Seat 5: 307404b7 ($5.07 in chips)
Seat 6: 188abe33 ($6.54 in chips)
f1129360: posts small blind $0.02
307404b7: posts big blind $0.05
*** HOLE CARDS ***
Dealt to 50fda69 
Dealt to 5dae8d98 
Dealt to Hero [Qd 6s]
Dealt to f1129360 
Dealt to 307404b7 
Dealt to 188abe33 
188abe33: folds
50fda69: calls $0.05
5dae8d98: folds
Hero: folds
f1129360: folds
307404b7: checks
*** FLOP *** [Ac 6d 4c]
307404b7: checks
50fda69: checks
*** TURN *** [Ac 6d 4c] [9d]
307404b7: checks
50fda69: bets $0.1
307404b7: folds
Uncalled bet ($0.1) returned to 50fda69
*** SHOWDOWN ***
50fda69 collected $0.12 from pot
*** SUMMARY ***
Total pot $0.12 | Rake $0 | Jackpot $0 | Bingo $0 | Fortune $0
Board [Ac 6d 4c 9d]
Seat 1: 50fda69 won ($0.12)
Seat 2: 5dae8d98 folded before Flop (didn't bet)
Seat 3: Hero (button) folded before Flop (didn't bet)
Seat 4: f1129360 (small blind) folded before Flop
Seat 5: 307404b7 (big blind) folded on the Turn
Seat 6: 188abe33 folded before Flop (didn't bet)


Poker Hand #HD1168559199: Hold'em No Limit  ($0.02/$0.05) - 2023/03/20 19:10:12
Table 'NLHBlue81' 6-max Seat #2 is the button
Seat 2: 5dae8d98 ($5.22 in chips)
Seat 3: Hero ($6.94 in chips)
Seat 4: f1129360 ($5.26 in chips)
Seat 6: 188abe33 ($6.54 in chips)
Hero: posts small blind $0.02
f1129360: posts big blind $0.05
*** HOLE CARDS ***
Dealt to 5dae8d98 
Dealt to Hero [2c 7d]
Dealt to f1129360 
Dealt to 188abe33 
188abe33: folds
5dae8d98: raises $0.08 to $0.13
Hero: folds
f1129360: calls $0.08
*** FLOP *** [Ts Qs 5c]
f1129360: checks
5dae8d98: checks
*** TURN *** [Ts Qs 5c] [Tc]
f1129360: bets $0.18
5dae8d98: folds
Uncalled bet ($0.18) returned to f1129360
*** SHOWDOWN ***
f1129360 collected $0.27 from pot
*** SUMMARY ***
Total pot $0.28 | Rake $0.01 | Jackpot $0 | Bingo $0 | Fortune $0
Board [Ts Qs 5c Tc]
Seat 2: 5dae8d98 (button) folded on the Turn
Seat 3: Hero (small blind) folded before Flop
Seat 4: f1129360 (big blind) won ($0.27)
Seat 6: 188abe33 folded before Flop (didn't bet)


Poker Hand #HD1168559153: Hold'em No Limit  ($0.02/$0.05) - 2023/03/20 19:09:52
Table 'NLHBlue81' 6-max Seat #1 is the button
Seat 1: 50fda69 ($5.38 in chips)
Seat 2: 5dae8d98 ($5.24 in chips)
Seat 3: Hero ($6.92 in chips)
Seat 4: f1129360 ($5.26 in chips)
Seat 6: 188abe33 ($6.54 in chips)
5dae8d98: posts small blind $0.02
Hero: posts big blind $0.05
*** HOLE CARDS ***
Dealt to 50fda69 
Dealt to 5dae8d98 
Dealt to Hero [7c Qh]
Dealt to f1129360 
Dealt to 188abe33 
f1129360: folds
188abe33: folds
50fda69: folds
5dae8d98: folds
Uncalled bet ($0.03) returned to Hero
*** SHOWDOWN ***
Hero collected $0.04 from pot
*** SUMMARY ***
Total pot $0.04 | Rake $0 | Jackpot $0 | Bingo $0 | Fortune $0
Seat 1: 50fda69 (button) folded before Flop (didn't bet)
Seat 2: 5dae8d98 (small blind) folded before Flop
Seat 3: Hero (big blind) collected ($0.04)
Seat 4: f1129360 folded before Flop (didn't bet)
Seat 6: 188abe33 folded before Flop (didn't bet)


Poker Hand #HD1168559025: Hold'em No Limit  ($0.02/$0.05) - 2023/03/20 19:09:04
Table 'NLHBlue81' 6-max Seat #6 is the button
Seat 1: 50fda69 ($5.51 in chips)
Seat 2: 5dae8d98 ($5 in chips)
Seat 3: Hero ($6.92 in chips)
Seat 4: f1129360 ($5.26 in chips)
Seat 6: 188abe33 ($6.67 in chips)
50fda69: posts small blind $0.02
5dae8d98: posts big blind $0.05
*** HOLE CARDS ***
Dealt to 50fda69 
Dealt to 5dae8d98 
Dealt to Hero [Kd 2c]
Dealt to f1129360 
Dealt to 188abe33 
Hero: folds
f1129360: folds
188abe33: raises $0.08 to $0.13
50fda69: calls $0.11
5dae8d98: raises $0.57 to $0.7
188abe33: folds
50fda69: folds
Uncalled bet ($0.57) returned to 5dae8d98
*** SHOWDOWN ***
5dae8d98 collected $0.37 from pot
*** SUMMARY ***
Total pot $0.39 | Rake $0.02 | Jackpot $0 | Bingo $0 | Fortune $0
Seat 1: 50fda69 (small blind) folded before Flop
Seat 2: 5dae8d98 (big blind) collected ($0.37)
Seat 3: Hero folded before Flop (didn't bet)
Seat 4: f1129360 folded before Flop (didn't bet)
Seat 6: 188abe33 (button) folded before Flop


Poker Hand #HD1168558979: Hold'em No Limit  ($0.02/$0.05) - 2023/03/20 19:08:47
Table 'NLHBlue81' 6-max Seat #4 is the button
Seat 1: 50fda69 ($5.49 in chips)
Seat 2: 5dae8d98 ($5 in chips)
Seat 3: Hero ($6.92 in chips)
Seat 4: f1129360 ($5.26 in chips)
Seat 6: 188abe33 ($6.69 in chips)
188abe33: posts small blind $0.02
50fda69: posts big blind $0.05
*** HOLE CARDS ***
Dealt to 50fda69 
Dealt to 5dae8d98 
Dealt to Hero [9h Qc]
Dealt to f1129360 
Dealt to 188abe33 
5dae8d98: folds
Hero: folds
f1129360: folds
188abe33: folds
Uncalled bet ($0.03) returned to 50fda69
*** SHOWDOWN ***
50fda69 collected $0.04 from pot
*** SUMMARY ***
Total pot $0.04 | Rake $0 | Jackpot $0 | Bingo $0 | Fortune $0
Seat 1: 50fda69 (big blind) collected ($0.04)
Seat 2: 5dae8d98 folded before Flop (didn't bet)
Seat 3: Hero folded before Flop (didn't bet)
Seat 4: f1129360 (button) folded before Flop (didn't bet)
Seat 6: 188abe33 (small blind) folded before Flop


Poker Hand #HD1168558908: Hold'em No Limit  ($0.02/$0.05) - 2023/03/20 19:08:21
Table 'NLHBlue81' 6-max Seat #3 is the button
Seat 1: 50fda69 ($5.49 in chips)
Seat 2: 5dae8d98 ($5 in chips)
Seat 3: Hero ($6.92 in chips)
Seat 4: f1129360 ($5.28 in chips)
Seat 6: 188abe33 ($6.67 in chips)
f1129360: posts small blind $0.02
188abe33: posts big blind $0.05
*** HOLE CARDS ***
Dealt to 50fda69 
Dealt to 5dae8d98 
Dealt to Hero [8c 5h]
Dealt to f1129360 
Dealt to 188abe33 
50fda69: folds
5dae8d98: folds
Hero: folds
f1129360: folds
Uncalled bet ($0.03) returned to 188abe33
*** SHOWDOWN ***
188abe33 collected $0.04 from pot
*** SUMMARY ***
Total pot $0.04 | Rake $0 | Jackpot $0 | Bingo $0 | Fortune $0
Seat 1: 50fda69 folded before Flop (didn't bet)
Seat 2: 5dae8d98 folded before Flop (didn't bet)
Seat 3: Hero (button) folded before Flop (didn't bet)
Seat 4: f1129360 (small blind) folded before Flop
Seat 6: 188abe33 (big blind) collected ($0.04)


Poker Hand #HD1168558788: Hold'em No Limit  ($0.02/$0.05) - 2023/03/20 19:07:33
Table 'NLHBlue81' 6-max Seat #2 is the button
Seat 1: 50fda69 ($5.42 in chips)
Seat 2: 5dae8d98 ($5 in chips)
Seat 3: Hero ($6.94 in chips)
Seat 4: f1129360 ($5.33 in chips)
Seat 6: 188abe33 ($6.67 in chips)
Hero: posts small blind $0.02
f1129360: posts big blind $0.05
*** HOLE CARDS ***
Dealt to 50fda69 
Dealt to 5dae8d98 
Dealt to Hero [Ks 3c]
Dealt to f1129360 
Dealt to 188abe33 
188abe33: folds
50fda69: calls $0.05
5dae8d98: folds
Hero: folds
f1129360: checks
*** FLOP *** [Ac Ad 6h]
f1129360: checks
50fda69: checks
*** TURN *** [Ac Ad 6h] [8c]
f1129360: checks
50fda69: bets $0.12
f1129360: folds
Uncalled bet ($0.12) returned to 50fda69
*** SHOWDOWN ***
50fda69 collected $0.12 from pot
*** SUMMARY ***
Total pot $0.12 | Rake $0 | Jackpot $0 | Bingo $0 | Fortune $0
Board [Ac Ad 6h 8c]
Seat 1: 50fda69 won ($0.12)
Seat 2: 5dae8d98 (button) folded before Flop (didn't bet)
Seat 3: Hero (small blind) folded before Flop
Seat 4: f1129360 (big blind) folded on the Turn
Seat 6: 188abe33 folded before Flop (didn't bet)


Poker Hand #HD1168558659: Hold'em No Limit  ($0.02/$0.05) - 2023/03/20 19:06:38
Table 'NLHBlue81' 6-max Seat #1 is the button
Seat 1: 50fda69 ($5.57 in chips)
Seat 2: 5dae8d98 ($5 in chips)
Seat 3: Hero ($7.09 in chips)
Seat 4: f1129360 ($5.03 in chips)
Seat 6: 188abe33 ($6.67 in chips)
5dae8d98: posts small blind $0.02
Hero: posts big blind $0.05
*** HOLE CARDS ***
Dealt to 50fda69 
Dealt to 5dae8d98 
Dealt to Hero [Td Ks]
Dealt to f1129360 
Dealt to 188abe33 
f1129360: raises $0.1 to $0.15
188abe33: folds
50fda69: calls $0.15
5dae8d98: folds
Hero: calls $0.1
*** FLOP *** [5d 7h 7c]
Hero: checks
f1129360: bets $0.24
50fda69: folds
Hero: folds
Uncalled bet ($0.24) returned to f1129360
*** SHOWDOWN ***
f1129360 collected $0.45 from pot
*** SUMMARY ***
Total pot $0.47 | Rake $0.02 | Jackpot $0 | Bingo $0 | Fortune $0
Board [5d 7h 7c]
Seat 1: 50fda69 (button) folded on the Flop
Seat 2: 5dae8d98 (small blind) folded before Flop
Seat 3: Hero (big blind) folded on the Flop
Seat 4: f1129360 won ($0.45)
Seat 6: 188abe33 folded before Flop (didn't bet)


Poker Hand #HD1168558525: Hold'em No Limit  ($0.02/$0.05) - 2023/03/20 19:05:46
Table 'NLHBlue81' 6-max Seat #6 is the button
Seat 1: 50fda69 ($5.69 in chips)
Seat 2: 5dae8d98 ($5 in chips)
Seat 3: Hero ($6.93 in chips)
Seat 4: f1129360 ($5.03 in chips)
Seat 6: 188abe33 ($6.67 in chips)
50fda69: posts small blind $0.02
5dae8d98: posts big blind $0.05
*** HOLE CARDS ***
Dealt to 50fda69 
Dealt to 5dae8d98 
Dealt to Hero [Ts Js]
Dealt to f1129360 
Dealt to 188abe33 
Hero: raises $0.07 to $0.12
f1129360: folds
188abe33: folds
50fda69: calls $0.1
5dae8d98: folds
*** FLOP *** [9h Jc 9c]
50fda69: checks
Hero: bets $0.15
50fda69: folds
Uncalled bet ($0.15) returned to Hero
*** SHOWDOWN ***
Hero collected $0.28 from pot
*** SUMMARY ***
Total pot $0.29 | Rake $0.01 | Jackpot $0 | Bingo $0 | Fortune $0
Board [9h Jc 9c]
Seat 1: 50fda69 (small blind) folded on the Flop
Seat 2: 5dae8d98 (big blind) folded before Flop
Seat 3: Hero won ($0.28)
Seat 4: f1129360 folded before Flop (didn't bet)
Seat 6: 188abe33 (button) folded before Flop (didn't bet)


Poker Hand #HD1168558297: Hold'em No Limit  ($0.02/$0.05) - 2023/03/20 19:04:14
Table 'NLHBlue81' 6-max Seat #4 is the button
Seat 1: 50fda69 ($5 in chips)
Seat 2: 5dae8d98 ($5.17 in chips)
Seat 3: Hero ($6.93 in chips)
Seat 4: f1129360 ($5.03 in chips)
Seat 6: 188abe33 ($6.69 in chips)
188abe33: posts small blind $0.02
50fda69: posts big blind $0.05
*** HOLE CARDS ***
Dealt to 50fda69 
Dealt to 5dae8d98 
Dealt to Hero [Qd 5c]
Dealt to f1129360 
Dealt to 188abe33 
5dae8d98: raises $0.08 to $0.13
Hero: folds
f1129360: folds
188abe33: folds
50fda69: calls $0.08
*** FLOP *** [6h Jd 5d]
50fda69: bets $0.21
5dae8d98: calls $0.21
*** TURN *** [6h Jd 5d] [3h]
50fda69: bets $0.45
5dae8d98: calls $0.45
*** RIVER *** [6h Jd 5d 3h] [2s]
50fda69: bets $1.15
5dae8d98: folds
Uncalled bet ($1.15) returned to 50fda69
*** SHOWDOWN ***
50fda69 collected $1.48 from pot
*** SUMMARY ***
Total pot $1.6 | Rake $0.07 | Jackpot $0.05 | Bingo $0 | Fortune $0
Board [6h Jd 5d 3h 2s]
Seat 1: 50fda69 (big blind) won ($1.48)
Seat 2: 5dae8d98 folded on the River
Seat 3: Hero folded before Flop (didn't bet)
Seat 4: f1129360 (button) folded before Flop (didn't bet)
Seat 6: 188abe33 (small blind) folded before Flop


Poker Hand #HD1168558248: Hold'em No Limit  ($0.02/$0.05) - 2023/03/20 19:03:51
Table 'NLHBlue81' 6-max Seat #3 is the button
Seat 2: 5dae8d98 ($5.17 in chips)
Seat 3: Hero ($6.86 in chips)
Seat 4: f1129360 ($5.05 in chips)
Seat 6: 188abe33 ($6.74 in chips)
f1129360: posts small blind $0.02
188abe33: posts big blind $0.05
*** HOLE CARDS ***
Dealt to 5dae8d98 
Dealt to Hero [9d Kc]
Dealt to f1129360 
Dealt to 188abe33 
5dae8d98: folds
Hero: raises $0.07 to $0.12
f1129360: folds
188abe33: folds
Uncalled bet ($0.07) returned to Hero
*** SHOWDOWN ***
Hero collected $0.12 from pot
*** SUMMARY ***
Total pot $0.12 | Rake $0 | Jackpot $0 | Bingo $0 | Fortune $0
Seat 2: 5dae8d98 folded before Flop (didn't bet)
Seat 3: Hero (button) collected ($0.12)
Seat 4: f1129360 (small blind) folded before Flop
Seat 6: 188abe33 (big blind) folded before Flop


Poker Hand #HD1168558177: Hold'em No Limit  ($0.02/$0.05) - 2023/03/20 19:03:22
Table 'NLHBlue81' 6-max Seat #2 is the button
Seat 2: 5dae8d98 ($5.17 in chips)
Seat 3: Hero ($6.81 in chips)
Seat 4: f1129360 ($5 in chips)
Seat 5: 307404b7 ($5.07 in chips)
Seat 6: 188abe33 ($6.74 in chips)
Hero: posts small blind $0.02
f1129360: posts big blind $0.05
*** HOLE CARDS ***
Dealt to 5dae8d98 
Dealt to Hero [5d 5c]
Dealt to f1129360 
Dealt to 307404b7 
Dealt to 188abe33 
307404b7: folds
188abe33: folds
5dae8d98: folds
Hero: raises $0.09 to $0.14
f1129360: folds
Uncalled bet ($0.09) returned to Hero
*** SHOWDOWN ***
Hero collected $0.1 from pot
*** SUMMARY ***
Total pot $0.1 | Rake $0 | Jackpot $0 | Bingo $0 | Fortune $0
Seat 2: 5dae8d98 (button) folded before Flop (didn't bet)
Seat 3: Hero (small blind) collected ($0.1)
Seat 4: f1129360 (big blind) folded before Flop
Seat 5: 307404b7 folded before Flop (didn't bet)
Seat 6: 188abe33 folded before Flop (didn't bet)


Poker Hand #HD1168558133: Hold'em No Limit  ($0.02/$0.05) - 2023/03/20 19:03:03
Table 'NLHBlue81' 6-max Seat #6 is the button
Seat 2: 5dae8d98 ($5.19 in chips)
Seat 3: Hero ($6.79 in chips)
Seat 4: f1129360 ($5 in chips)
Seat 5: 307404b7 ($5.07 in chips)
Seat 6: 188abe33 ($6.74 in chips)
5dae8d98: posts small blind $0.02
Hero: posts big blind $0.05
*** HOLE CARDS ***
Dealt to 5dae8d98 
Dealt to Hero [3s Ts]
Dealt to f1129360 
Dealt to 307404b7 
Dealt to 188abe33 
f1129360: folds
307404b7: folds
188abe33: folds
5dae8d98: folds
Uncalled bet ($0.03) returned to Hero
*** SHOWDOWN ***
Hero collected $0.04 from pot
*** SUMMARY ***
Total pot $0.04 | Rake $0 | Jackpot $0 | Bingo $0 | Fortune $0
Seat 2: 5dae8d98 (small blind) folded before Flop
Seat 3: Hero (big blind) collected ($0.04)
Seat 4: f1129360 folded before Flop (didn't bet)
Seat 5: 307404b7 folded before Flop (didn't bet)
Seat 6: 188abe33 (button) folded before Flop (didn't bet)


Poker Hand #HD1168558084: Hold'em No Limit  ($0.02/$0.05) - 2023/03/20 19:02:46
Table 'NLHBlue81' 6-max Seat #5 is the button
Seat 2: 5dae8d98 ($5.24 in chips)
Seat 3: Hero ($6.79 in chips)
Seat 4: f1129360 ($5 in chips)
Seat 5: 307404b7 ($5 in chips)
Seat 6: 188abe33 ($6.76 in chips)
188abe33: posts small blind $0.02
5dae8d98: posts big blind $0.05
*** HOLE CARDS ***
Dealt to 5dae8d98 
Dealt to Hero [Qc 3s]
Dealt to f1129360 
Dealt to 307404b7 
Dealt to 188abe33 
Hero: folds
f1129360: folds
307404b7: raises $0.08 to $0.13
188abe33: folds
5dae8d98: folds
Uncalled bet ($0.08) returned to 307404b7
*** SHOWDOWN ***
307404b7 collected $0.12 from pot
*** SUMMARY ***
Total pot $0.12 | Rake $0 | Jackpot $0 | Bingo $0 | Fortune $0
Seat 2: 5dae8d98 (big blind) folded before Flop
Seat 3: Hero folded before Flop (didn't bet)
Seat 4: f1129360 folded before Flop (didn't bet)
Seat 5: 307404b7 (button) collected ($0.12)
Seat 6: 188abe33 (small blind) folded before Flop


Poker Hand #HD1168558007: Hold'em No Limit  ($0.02/$0.05) - 2023/03/20 19:02:15
Table 'NLHBlue81' 6-max Seat #4 is the button
Seat 2: 5dae8d98 ($5.24 in chips)
Seat 3: Hero ($6.72 in chips)
Seat 4: f1129360 ($5 in chips)
Seat 5: 307404b7 ($5 in chips)
Seat 6: 188abe33 ($6.81 in chips)
307404b7: posts small blind $0.02
188abe33: posts big blind $0.05
*** HOLE CARDS ***
Dealt to 5dae8d98 
Dealt to Hero [Kh 8h]
Dealt to f1129360 
Dealt to 307404b7 
Dealt to 188abe33 
5dae8d98: folds
Hero: raises $0.07 to $0.12
f1129360: folds
307404b7: folds
188abe33: folds
Uncalled bet ($0.07) returned to Hero
*** SHOWDOWN ***
Hero collected $0.12 from pot
*** SUMMARY ***
Total pot $0.12 | Rake $0 | Jackpot $0 | Bingo $0 | Fortune $0
Seat 2: 5dae8d98 folded before Flop (didn't bet)
Seat 3: Hero collected ($0.12)
Seat 4: f1129360 (button) folded before Flop (didn't bet)
Seat 5: 307404b7 (small blind) folded before Flop
Seat 6: 188abe33 (big blind) folded before Flop


Poker Hand #HD1168557771: Hold'em No Limit  ($0.02/$0.05) - 2023/03/20 19:00:41
Table 'NLHBlue81' 6-max Seat #3 is the button
Seat 1: bf42a1e ($0.34 in chips)
Seat 2: 5dae8d98 ($5.24 in chips)
Seat 3: Hero ($5.81 in chips)
Seat 4: f1129360 ($5 in chips)
Seat 5: 307404b7 ($5 in chips)
Seat 6: 188abe33 ($6.81 in chips)
f1129360: posts small blind $0.02
307404b7: posts big blind $0.05
*** HOLE CARDS ***
Dealt to bf42a1e 
Dealt to 5dae8d98 
Dealt to Hero [As Kc]
Dealt to f1129360 
Dealt to 307404b7 
Dealt to 188abe33 
188abe33: folds
bf42a1e: calls $0.05
5dae8d98: folds
Hero: raises $0.15 to $0.2
f1129360: raises $0.45 to $0.65
307404b7: folds
bf42a1e: calls $0.29 and is all-in
Hero: raises $5.16 to $5.81 and is all-in
f1129360: folds
Uncalled bet ($5.16) returned to Hero
Hero: shows [As Kc]
bf42a1e: shows [Td Qh]
*** FLOP *** [Ac 8c 9s]
*** TURN *** [Ac 8c 9s] [8d]
*** RIVER *** [Ac 8c 9s 8d] [7c]
*** SHOWDOWN ***
Hero collected $0.97 from pot
Hero collected $0.59 from pot
*** SUMMARY ***
Total pot $1.69 | Rake $0.08 | Jackpot $0.05 | Bingo $0 | Fortune $0
Board [Ac 8c 9s 8d 7c]
Seat 1: bf42a1e showed [Td Qh] and lost with Pair of Eights
Seat 2: 5dae8d98 folded before Flop (didn't bet)
Seat 3: Hero (button) showed [As Kc] and won ($1.56) with Pair of Aces and Pair of Eights
Seat 4: f1129360 (small blind) folded before Flop
Seat 5: 307404b7 (big blind) folded before Flop
Seat 6: 188abe33 folded before Flop (didn't bet)


Poker Hand #HD1168557607: Hold'em No Limit  ($0.02/$0.05) - 2023/03/20 18:59:33
Table 'NLHBlue81' 6-max Seat #2 is the button
Seat 1: bf42a1e ($0.93 in chips)
Seat 2: 5dae8d98 ($5.24 in chips)
Seat 3: Hero ($5.23 in chips)
Seat 4: f1129360 ($5 in chips)
Seat 5: 307404b7 ($5 in chips)
Seat 6: 188abe33 ($6.81 in chips)
Hero: posts small blind $0.02
f1129360: posts big blind $0.05
*** HOLE CARDS ***
Dealt to bf42a1e 
Dealt to 5dae8d98 
Dealt to Hero [Ad 5d]
Dealt to f1129360 
Dealt to 307404b7 
Dealt to 188abe33 
307404b7: folds
188abe33: folds
bf42a1e: calls $0.05
5dae8d98: folds
Hero: raises $0.23 to $0.28
f1129360: folds
bf42a1e: calls $0.23
*** FLOP *** [Tc 4s Ac]
Hero: bets $0.31
bf42a1e: calls $0.31
*** TURN *** [Tc 4s Ac] [7d]
Hero: checks
bf42a1e: checks
*** RIVER *** [Tc 4s Ac 7d] [9d]
Hero: checks
bf42a1e: checks
Hero: shows [Ad 5d] (Pair of Aces)
bf42a1e: shows [Kc Kh] (Pair of Kings)
*** SHOWDOWN ***
Hero collected $1.17 from pot
*** SUMMARY ***
Total pot $1.23 | Rake $0.06 | Jackpot $0 | Bingo $0 | Fortune $0
Board [Tc 4s Ac 7d 9d]
Seat 1: bf42a1e showed [Kc Kh] and lost with Pair of Kings
Seat 2: 5dae8d98 (button) folded before Flop (didn't bet)
Seat 3: Hero (small blind) showed [Ad 5d] and won ($1.17) with Pair of Aces
Seat 4: f1129360 (big blind) folded before Flop
Seat 5: 307404b7 folded before Flop (didn't bet)
Seat 6: 188abe33 folded before Flop (didn't bet)


Poker Hand #HD1168557512: Hold'em No Limit  ($0.02/$0.05) - 2023/03/20 18:59:00
Table 'NLHBlue81' 6-max Seat #1 is the button
Seat 1: bf42a1e ($0.93 in chips)
Seat 2: 5dae8d98 ($5.05 in chips)
Seat 3: Hero ($5.28 in chips)
Seat 4: f1129360 ($5.07 in chips)
Seat 5: 307404b7 ($5 in chips)
Seat 6: 188abe33 ($6.81 in chips)
5dae8d98: posts small blind $0.02
Hero: posts big blind $0.05
*** HOLE CARDS ***
Dealt to bf42a1e 
Dealt to 5dae8d98 
Dealt to Hero [6h 8s]
Dealt to f1129360 
Dealt to 307404b7 
Dealt to 188abe33 
f1129360: raises $0.1 to $0.15
307404b7: folds
188abe33: folds
bf42a1e: folds
5dae8d98: raises $0.45 to $0.6
Hero: folds
f1129360: folds
Uncalled bet ($0.45) returned to 5dae8d98
*** SHOWDOWN ***
5dae8d98 collected $0.34 from pot
*** SUMMARY ***
Total pot $0.35 | Rake $0.01 | Jackpot $0 | Bingo $0 | Fortune $0
Seat 1: bf42a1e (button) folded before Flop (didn't bet)
Seat 2: 5dae8d98 (small blind) collected ($0.34)
Seat 3: Hero (big blind) folded before Flop
Seat 4: f1129360 folded before Flop
Seat 5: 307404b7 folded before Flop (didn't bet)
Seat 6: 188abe33 folded before Flop (didn't bet)


Poker Hand #HD1168557447: Hold'em No Limit  ($0.02/$0.05) - 2023/03/20 18:58:30
Table 'NLHBlue81' 6-max Seat #6 is the button
Seat 1: bf42a1e ($0.95 in chips)
Seat 2: 5dae8d98 ($5 in chips)
Seat 3: Hero ($5.28 in chips)
Seat 4: f1129360 ($5 in chips)
Seat 5: 307404b7 ($5 in chips)
Seat 6: 188abe33 ($6.81 in chips)
bf42a1e: posts small blind $0.02
5dae8d98: posts big blind $0.05
*** HOLE CARDS ***
Dealt to bf42a1e 
Dealt to 5dae8d98 
Dealt to Hero [7h 8c]
Dealt to f1129360 
Dealt to 307404b7 
Dealt to 188abe33 
Hero: folds
f1129360: raises $0.1 to $0.15
307404b7: folds
188abe33: folds
bf42a1e: folds
5dae8d98: folds
Uncalled bet ($0.1) returned to f1129360
*** SHOWDOWN ***
f1129360 collected $0.12 from pot
*** SUMMARY ***
Total pot $0.12 | Rake $0 | Jackpot $0 | Bingo $0 | Fortune $0
Seat 1: bf42a1e (small blind) folded before Flop
Seat 2: 5dae8d98 (big blind) folded before Flop
Seat 3: Hero folded before Flop (didn't bet)
Seat 4: f1129360 collected ($0.12)
Seat 5: 307404b7 folded before Flop (didn't bet)
Seat 6: 188abe33 (button) folded before Flop (didn't bet)


Poker Hand #HD1168557264: Hold'em No Limit  ($0.02/$0.05) - 2023/03/20 18:57:20
Table 'NLHBlue81' 6-max Seat #5 is the button
Seat 1: bf42a1e ($1 in chips)
Seat 3: Hero ($5.28 in chips)
Seat 4: f1129360 ($5.11 in chips)
Seat 5: 307404b7 ($5 in chips)
Seat 6: 188abe33 ($7.06 in chips)
188abe33: posts small blind $0.02
bf42a1e: posts big blind $0.05
*** HOLE CARDS ***
Dealt to bf42a1e 
Dealt to Hero [9d Qc]
Dealt to f1129360 
Dealt to 307404b7 
Dealt to 188abe33 
Hero: folds
f1129360: raises $0.08 to $0.13
307404b7: folds
188abe33: raises $0.31 to $0.44
bf42a1e: folds
f1129360: raises $0.7 to $1.14
188abe33: raises $5.92 to $7.06 and is all-in
f1129360: calls $3.97 and is all-in
Uncalled bet ($1.95) returned to 188abe33
188abe33: shows [As Ks]
f1129360: shows [Kh Ad]
*** FLOP *** [Td 5c 3s]
*** TURN *** [Td 5c 3s] [7c]
*** RIVER *** [Td 5c 3s 7c] [Js]
*** SHOWDOWN ***
f1129360 collected $4.86 from pot
188abe33 collected $4.86 from pot
*** SUMMARY ***
Total pot $10.27 | Rake $0.5 | Jackpot $0.05 | Bingo $0 | Fortune $0
Board [Td 5c 3s 7c Js]
Seat 1: bf42a1e (big blind) folded before Flop
Seat 3: Hero folded before Flop (didn't bet)
Seat 4: f1129360 showed [Kh Ad] and won ($4.86) with Ace-High
Seat 5: 307404b7 (button) folded before Flop (didn't bet)
Seat 6: 188abe33 (small blind) showed [As Ks] and won ($4.86) with Ace-High


Poker Hand #HD1168557175: Hold'em No Limit  ($0.02/$0.05) - 2023/03/20 18:56:48
Table 'NLHBlue81' 6-max Seat #4 is the button
Seat 3: Hero ($5.21 in chips)
Seat 4: f1129360 ($5.11 in chips)
Seat 5: 307404b7 ($5 in chips)
Seat 6: 188abe33 ($7.11 in chips)
307404b7: posts small blind $0.02
188abe33: posts big blind $0.05
*** HOLE CARDS ***
Dealt to Hero [Qc 8c]
Dealt to f1129360 
Dealt to 307404b7 
Dealt to 188abe33 
Hero: raises $0.07 to $0.12
f1129360: folds
307404b7: folds
188abe33: folds
Uncalled bet ($0.07) returned to Hero
*** SHOWDOWN ***
Hero collected $0.12 from pot
*** SUMMARY ***
Total pot $0.12 | Rake $0 | Jackpot $0 | Bingo $0 | Fortune $0
Seat 3: Hero collected ($0.12)
Seat 4: f1129360 (button) folded before Flop (didn't bet)
Seat 5: 307404b7 (small blind) folded before Flop
Seat 6: 188abe33 (big blind) folded before Flop


Poker Hand #HD1168557135: Hold'em No Limit  ($0.02/$0.05) - 2023/03/20 18:56:30
Table 'NLHBlue81' 6-max Seat #3 is the button
Seat 3: Hero ($5.21 in chips)
Seat 4: f1129360 ($5.13 in chips)
Seat 5: 307404b7 ($5 in chips)
Seat 6: 188abe33 ($7.04 in chips)
f1129360: posts small blind $0.02
307404b7: posts big blind $0.05
*** HOLE CARDS ***
Dealt to Hero [2s Js]
Dealt to f1129360 
Dealt to 307404b7 
Dealt to 188abe33 
188abe33: raises $0.1 to $0.15
Hero: folds
f1129360: folds
307404b7: folds
Uncalled bet ($0.1) returned to 188abe33
*** SHOWDOWN ***
188abe33 collected $0.12 from pot
*** SUMMARY ***
Total pot $0.12 | Rake $0 | Jackpot $0 | Bingo $0 | Fortune $0
Seat 3: Hero (button) folded before Flop (didn't bet)
Seat 4: f1129360 (small blind) folded before Flop
Seat 5: 307404b7 (big blind) folded before Flop
Seat 6: 188abe33 collected ($0.12)


Poker Hand #HD1168557064: Hold'em No Limit  ($0.02/$0.05) - 2023/03/20 18:56:06
Table 'NLHBlue81' 6-max Seat #6 is the button
Seat 3: Hero ($5.35 in chips)
Seat 4: f1129360 ($5 in chips)
Seat 6: 188abe33 ($7.04 in chips)
Hero: posts small blind $0.02
f1129360: posts big blind $0.05
*** HOLE CARDS ***
Dealt to Hero [7d Ac]
Dealt to f1129360 
Dealt to 188abe33 
188abe33: folds
Hero: raises $0.09 to $0.14
f1129360: raises $0.28 to $0.42
Hero: folds
Uncalled bet ($0.28) returned to f1129360
*** SHOWDOWN ***
f1129360 collected $0.27 from pot
*** SUMMARY ***
Total pot $0.28 | Rake $0.01 | Jackpot $0 | Bingo $0 | Fortune $0
Seat 3: Hero (small blind) folded before Flop
Seat 4: f1129360 (big blind) collected ($0.27)
Seat 6: 188abe33 (button) folded before Flop (didn't bet)


Poker Hand #HD1168557010: Hold'em No Limit  ($0.02/$0.05) - 2023/03/20 18:55:44
Table 'NLHBlue81' 6-max Seat #4 is the button
Seat 3: Hero ($5.2 in chips)
Seat 4: f1129360 ($5 in chips)
Seat 6: 188abe33 ($7.2 in chips)
188abe33: posts small blind $0.02
Hero: posts big blind $0.05
*** HOLE CARDS ***
Dealt to Hero [Ks Kh]
Dealt to f1129360 
Dealt to 188abe33 
f1129360: folds
188abe33: raises $0.11 to $0.16
Hero: raises $0.34 to $0.5
188abe33: folds
Uncalled bet ($0.34) returned to Hero
*** SHOWDOWN ***
Hero collected $0.31 from pot
*** SUMMARY ***
Total pot $0.32 | Rake $0.01 | Jackpot $0 | Bingo $0 | Fortune $0
Seat 3: Hero (big blind) collected ($0.31)
Seat 4: f1129360 (button) folded before Flop (didn't bet)
Seat 6: 188abe33 (small blind) folded before Flop


Poker Hand #HD1168556856: Hold'em No Limit  ($0.02/$0.05) - 2023/03/20 18:54:35
Table 'NLHBlue81' 6-max Seat #3 is the button
Seat 2: a892ea76 ($1.07 in chips)
Seat 3: Hero ($5.32 in chips)
Seat 4: f1129360 ($5 in chips)
Seat 6: 188abe33 ($7.07 in chips)
f1129360: posts small blind $0.02
188abe33: posts big blind $0.05
*** HOLE CARDS ***
Dealt to a892ea76 
Dealt to Hero [2d Ah]
Dealt to f1129360 
Dealt to 188abe33 
a892ea76: folds
Hero: raises $0.07 to $0.12
f1129360: folds
188abe33: calls $0.07
*** FLOP *** [4h 5s 7s]
188abe33: checks
Hero: checks
*** TURN *** [4h 5s 7s] [2c]
188abe33: checks
Hero: checks
*** RIVER *** [4h 5s 7s 2c] [6h]
188abe33: bets $0.17
Hero: folds
Uncalled bet ($0.17) returned to 188abe33
*** SHOWDOWN ***
188abe33 collected $0.25 from pot
*** SUMMARY ***
Total pot $0.26 | Rake $0.01 | Jackpot $0 | Bingo $0 | Fortune $0
Board [4h 5s 7s 2c 6h]
Seat 2: a892ea76 folded before Flop (didn't bet)
Seat 3: Hero (button) folded on the River
Seat 4: f1129360 (small blind) folded before Flop
Seat 6: 188abe33 (big blind) won ($0.25)


Poker Hand #HD1168556757: Hold'em No Limit  ($0.02/$0.05) - 2023/03/20 18:53:55
Table 'NLHBlue81' 6-max Seat #2 is the button
Seat 2: a892ea76 ($1.07 in chips)
Seat 3: Hero ($5 in chips)
Seat 4: f1129360 ($5.21 in chips)
Seat 5: 45c753ea ($5.29 in chips)
Seat 6: 188abe33 ($7.07 in chips)
Hero: posts small blind $0.02
f1129360: posts big blind $0.05
*** HOLE CARDS ***
Dealt to a892ea76 
Dealt to Hero [Kd Kh]
Dealt to f1129360 
Dealt to 45c753ea 
Dealt to 188abe33 
45c753ea: folds
188abe33: folds
a892ea76: folds
Hero: raises $0.09 to $0.14
f1129360: calls $0.09
*** FLOP *** [3h Qs 8h]
Hero: bets $0.21
f1129360: calls $0.21
*** TURN *** [3h Qs 8h] [Ad]
Hero: bets $0.4
f1129360: folds
Uncalled bet ($0.4) returned to Hero
*** SHOWDOWN ***
Hero collected $0.67 from pot
*** SUMMARY ***
Total pot $0.7 | Rake $0.03 | Jackpot $0 | Bingo $0 | Fortune $0
Board [3h Qs 8h Ad]
Seat 2: a892ea76 (button) folded before Flop (didn't bet)
Seat 3: Hero (small blind) won ($0.67)
Seat 4: f1129360 (big blind) folded on the Turn
Seat 5: 45c753ea folded before Flop (didn't bet)
Seat 6: 188abe33 folded before Flop (didn't bet)


Poker Hand #HD1168556627: Hold'em No Limit  ($0.02/$0.05) - 2023/03/20 18:53:03
Table 'NLHBlue81' 6-max Seat #6 is the button
Seat 2: a892ea76 ($1.09 in chips)
Seat 3: Hero ($5.03 in chips)
Seat 4: f1129360 ($5.21 in chips)
Seat 5: 45c753ea ($5.29 in chips)
Seat 6: 188abe33 ($6.93 in chips)
a892ea76: posts small blind $0.02
Hero: posts big blind $0.05
*** HOLE CARDS ***
Dealt to a892ea76 
Dealt to Hero [Ad 5d]
Dealt to f1129360 
Dealt to 45c753ea 
Dealt to 188abe33 
f1129360: folds
45c753ea: folds
188abe33: raises $0.08 to $0.13
a892ea76: folds
Hero: calls $0.08
*** FLOP *** [7h Jd 6c]
Hero: checks
188abe33: bets $0.18
Hero: folds
Uncalled bet ($0.18) returned to 188abe33
*** SHOWDOWN ***
188abe33 collected $0.27 from pot
*** SUMMARY ***
Total pot $0.28 | Rake $0.01 | Jackpot $0 | Bingo $0 | Fortune $0
Board [7h Jd 6c]
Seat 2: a892ea76 (small blind) folded before Flop
Seat 3: Hero (big blind) folded on the Flop
Seat 4: f1129360 folded before Flop (didn't bet)
Seat 5: 45c753ea folded before Flop (didn't bet)
Seat 6: 188abe33 (button) won ($0.27)


Poker Hand #HD1168556596: Hold'em No Limit  ($0.02/$0.05) - 2023/03/20 18:52:48
Table 'NLHBlue81' 6-max Seat #5 is the button
Seat 2: a892ea76 ($1.14 in chips)
Seat 3: Hero ($5.03 in chips)
Seat 4: f1129360 ($5.14 in chips)
Seat 5: 45c753ea ($5.29 in chips)
Seat 6: 188abe33 ($6.95 in chips)
188abe33: posts small blind $0.02
a892ea76: posts big blind $0.05
*** HOLE CARDS ***
Dealt to a892ea76 
Dealt to Hero [7c 6d]
Dealt to f1129360 
Dealt to 45c753ea 
Dealt to 188abe33 
Hero: folds
f1129360: raises $0.08 to $0.13
45c753ea: folds
188abe33: folds
a892ea76: folds
Uncalled bet ($0.08) returned to f1129360
*** SHOWDOWN ***
f1129360 collected $0.12 from pot
*** SUMMARY ***
Total pot $0.12 | Rake $0 | Jackpot $0 | Bingo $0 | Fortune $0
Seat 2: a892ea76 (big blind) folded before Flop
Seat 3: Hero folded before Flop (didn't bet)
Seat 4: f1129360 collected ($0.12)
Seat 5: 45c753ea (button) folded before Flop (didn't bet)
Seat 6: 188abe33 (small blind) folded before Flop


Poker Hand #HD1168556465: Hold'em No Limit  ($0.02/$0.05) - 2023/03/20 18:51:58
Table 'NLHBlue81' 6-max Seat #4 is the button
Seat 2: a892ea76 ($1.14 in chips)
Seat 3: Hero ($5.03 in chips)
Seat 4: f1129360 ($5.07 in chips)
Seat 5: 45c753ea ($5.31 in chips)
Seat 6: 188abe33 ($7 in chips)
45c753ea: posts small blind $0.02
188abe33: posts big blind $0.05
*** HOLE CARDS ***
Dealt to a892ea76 
Dealt to Hero [9d Tc]
Dealt to f1129360 
Dealt to 45c753ea 
Dealt to 188abe33 
a892ea76: folds
Hero: folds
f1129360: raises $0.08 to $0.13
45c753ea: folds
188abe33: folds
Uncalled bet ($0.08) returned to f1129360
*** SHOWDOWN ***
f1129360 collected $0.12 from pot
*** SUMMARY ***
Total pot $0.12 | Rake $0 | Jackpot $0 | Bingo $0 | Fortune $0
Seat 2: a892ea76 folded before Flop (didn't bet)
Seat 3: Hero folded before Flop (didn't bet)
Seat 4: f1129360 (button) collected ($0.12)
Seat 5: 45c753ea (small blind) folded before Flop
Seat 6: 188abe33 (big blind) folded before Flop


Poker Hand #HD1168556395: Hold'em No Limit  ($0.02/$0.05) - 2023/03/20 18:51:29
Table 'NLHBlue81' 6-max Seat #3 is the button
Seat 2: a892ea76 ($1.14 in chips)
Seat 3: Hero ($5.03 in chips)
Seat 4: f1129360 ($5.02 in chips)
Seat 5: 45c753ea ($5.36 in chips)
Seat 6: 188abe33 ($7 in chips)
f1129360: posts small blind $0.02
45c753ea: posts big blind $0.05
*** HOLE CARDS ***
Dealt to a892ea76 
Dealt to Hero [5h 7c]
Dealt to f1129360 
Dealt to 45c753ea 
Dealt to 188abe33 
188abe33: folds
a892ea76: folds
Hero: folds
f1129360: raises $0.1 to $0.15
45c753ea: folds
Uncalled bet ($0.1) returned to f1129360
*** SHOWDOWN ***
f1129360 collected $0.1 from pot
*** SUMMARY ***
Total pot $0.1 | Rake $0 | Jackpot $0 | Bingo $0 | Fortune $0
Seat 2: a892ea76 folded before Flop (didn't bet)
Seat 3: Hero (button) folded before Flop (didn't bet)
Seat 4: f1129360 (small blind) collected ($0.1)
Seat 5: 45c753ea (big blind) folded before Flop
Seat 6: 188abe33 folded before Flop (didn't bet)


Poker Hand #HD1168556366: Hold'em No Limit  ($0.02/$0.05) - 2023/03/20 18:51:17
Table 'NLHBlue81' 6-max Seat #2 is the button
Seat 2: a892ea76 ($1.14 in chips)
Seat 3: Hero ($5.05 in chips)
Seat 4: f1129360 ($5 in chips)
Seat 5: 45c753ea ($5.36 in chips)
Seat 6: 188abe33 ($7 in chips)
Hero: posts small blind $0.02
f1129360: posts big blind $0.05
*** HOLE CARDS ***
Dealt to a892ea76 
Dealt to Hero [Th 5s]
Dealt to f1129360 
Dealt to 45c753ea 
Dealt to 188abe33 
45c753ea: folds
188abe33: folds
a892ea76: folds
Hero: folds
Uncalled bet ($0.03) returned to f1129360
*** SHOWDOWN ***
f1129360 collected $0.04 from pot
*** SUMMARY ***
Total pot $0.04 | Rake $0 | Jackpot $0 | Bingo $0 | Fortune $0
Seat 2: a892ea76 (button) folded before Flop (didn't bet)
Seat 3: Hero (small blind) folded before Flop
Seat 4: f1129360 (big blind) collected ($0.04)
Seat 5: 45c753ea folded before Flop (didn't bet)
Seat 6: 188abe33 folded before Flop (didn't bet)


Poker Hand #HD1168556289: Hold'em No Limit  ($0.02/$0.05) - 2023/03/20 18:50:41
Table 'NLHBlue81' 6-max Seat #6 is the button
Seat 2: a892ea76 ($1.16 in chips)
Seat 3: Hero ($5.18 in chips)
Seat 5: 45c753ea ($5.36 in chips)
Seat 6: 188abe33 ($6.86 in chips)
a892ea76: posts small blind $0.02
Hero: posts big blind $0.05
*** HOLE CARDS ***
Dealt to a892ea76 
Dealt to Hero [5c 5h]
Dealt to 45c753ea 
Dealt to 188abe33 
45c753ea: folds
188abe33: raises $0.08 to $0.13
a892ea76: folds
Hero: calls $0.08
*** FLOP *** [9c As 2s]
Hero: checks
188abe33: bets $0.18
Hero: folds
Uncalled bet ($0.18) returned to 188abe33
*** SHOWDOWN ***
188abe33 collected $0.27 from pot
*** SUMMARY ***
Total pot $0.28 | Rake $0.01 | Jackpot $0 | Bingo $0 | Fortune $0
Board [9c As 2s]
Seat 2: a892ea76 (small blind) folded before Flop
Seat 3: Hero (big blind) folded on the Flop
Seat 5: 45c753ea folded before Flop (didn't bet)
Seat 6: 188abe33 (button) won ($0.27)


Poker Hand #HD1168556143: Hold'em No Limit  ($0.02/$0.05) - 2023/03/20 18:49:45
Table 'NLHBlue81' 6-max Seat #5 is the button
Seat 2: a892ea76 ($1.21 in chips)
Seat 3: Hero ($5.18 in chips)
Seat 5: 45c753ea ($5.36 in chips)
Seat 6: 188abe33 ($6.81 in chips)
188abe33: posts small blind $0.02
a892ea76: posts big blind $0.05
*** HOLE CARDS ***
Dealt to a892ea76 
Dealt to Hero [9c 8s]
Dealt to 45c753ea 
Dealt to 188abe33 
Hero: folds
45c753ea: folds
188abe33: raises $0.11 to $0.16
a892ea76: folds
Uncalled bet ($0.11) returned to 188abe33
*** SHOWDOWN ***
188abe33 collected $0.1 from pot
*** SUMMARY ***
Total pot $0.1 | Rake $0 | Jackpot $0 | Bingo $0 | Fortune $0
Seat 2: a892ea76 (big blind) folded before Flop
Seat 3: Hero folded before Flop (didn't bet)
Seat 5: 45c753ea (button) folded before Flop (didn't bet)
Seat 6: 188abe33 (small blind) collected ($0.1)


Poker Hand #HD1168556057: Hold'em No Limit  ($0.02/$0.05) - 2023/03/20 18:49:07
Table 'NLHBlue81' 6-max Seat #3 is the button
Seat 1: 9db3a488 ($8.23 in chips)
Seat 2: a892ea76 ($1.21 in chips)
Seat 3: Hero ($5.18 in chips)
Seat 5: 45c753ea ($5.38 in chips)
Seat 6: 188abe33 ($6.79 in chips)
45c753ea: posts small blind $0.02
188abe33: posts big blind $0.05
*** HOLE CARDS ***
Dealt to 9db3a488 
Dealt to a892ea76 
Dealt to Hero [Qh 8c]
Dealt to 45c753ea 
Dealt to 188abe33 
9db3a488: folds
a892ea76: folds
Hero: folds
45c753ea: folds
Uncalled bet ($0.03) returned to 188abe33
*** SHOWDOWN ***
188abe33 collected $0.04 from pot
*** SUMMARY ***
Total pot $0.04 | Rake $0 | Jackpot $0 | Bingo $0 | Fortune $0
Seat 1: 9db3a488 folded before Flop (didn't bet)
Seat 2: a892ea76 folded before Flop (didn't bet)
Seat 3: Hero (button) folded before Flop (didn't bet)
Seat 5: 45c753ea (small blind) folded before Flop
Seat 6: 188abe33 (big blind) collected ($0.04)


Poker Hand #HD1168555985: Hold'em No Limit  ($0.02/$0.05) - 2023/03/20 18:48:40
Table 'NLHBlue81' 6-max Seat #2 is the button
Seat 1: 9db3a488 ($8.23 in chips)
Seat 2: a892ea76 ($1.14 in chips)
Seat 3: Hero ($5.2 in chips)
Seat 5: 45c753ea ($5.43 in chips)
Seat 6: 188abe33 ($6.79 in chips)
Hero: posts small blind $0.02
45c753ea: posts big blind $0.05
*** HOLE CARDS ***
Dealt to 9db3a488 
Dealt to a892ea76 
Dealt to Hero [8s Js]
Dealt to 45c753ea 
Dealt to 188abe33 
188abe33: folds
9db3a488: folds
a892ea76: raises $0.15 to $0.2
Hero: folds
45c753ea: folds
Uncalled bet ($0.15) returned to a892ea76
*** SHOWDOWN ***
a892ea76 collected $0.12 from pot
*** SUMMARY ***
Total pot $0.12 | Rake $0 | Jackpot $0 | Bingo $0 | Fortune $0
Seat 1: 9db3a488 folded before Flop (didn't bet)
Seat 2: a892ea76 (button) collected ($0.12)
Seat 3: Hero (small blind) folded before Flop
Seat 5: 45c753ea (big blind) folded before Flop
Seat 6: 188abe33 folded before Flop (didn't bet)


Poker Hand #HD1168555933: Hold'em No Limit  ($0.02/$0.05) - 2023/03/20 18:48:21
Table 'NLHBlue81' 6-max Seat #1 is the button
Seat 1: 9db3a488 ($8.23 in chips)
Seat 2: a892ea76 ($1.16 in chips)
Seat 3: Hero ($5.25 in chips)
Seat 4: 26a23e32 ($12.26 in chips)
Seat 5: 45c753ea ($5.36 in chips)
Seat 6: 188abe33 ($6.79 in chips)
a892ea76: posts small blind $0.02
Hero: posts big blind $0.05
*** HOLE CARDS ***
Dealt to 9db3a488 
Dealt to a892ea76 
Dealt to Hero [Ks 6c]
Dealt to 26a23e32 
Dealt to 45c753ea 
Dealt to 188abe33 
26a23e32: folds
45c753ea: raises $0.07 to $0.12
188abe33: folds
9db3a488: folds
a892ea76: folds
Hero: folds
Uncalled bet ($0.07) returned to 45c753ea
*** SHOWDOWN ***
45c753ea collected $0.12 from pot
*** SUMMARY ***
Total pot $0.12 | Rake $0 | Jackpot $0 | Bingo $0 | Fortune $0
Seat 1: 9db3a488 (button) folded before Flop (didn't bet)
Seat 2: a892ea76 (small blind) folded before Flop
Seat 3: Hero (big blind) folded before Flop
Seat 4: 26a23e32 folded before Flop (didn't bet)
Seat 5: 45c753ea collected ($0.12)
Seat 6: 188abe33 folded before Flop (didn't bet)


Poker Hand #HD1168555867: Hold'em No Limit  ($0.02/$0.05) - 2023/03/20 18:47:54
Table 'NLHBlue81' 6-max Seat #6 is the button
Seat 1: 9db3a488 ($8.25 in chips)
Seat 2: a892ea76 ($1.21 in chips)
Seat 3: Hero ($5.25 in chips)
Seat 4: 26a23e32 ($12.19 in chips)
Seat 5: 45c753ea ($5.36 in chips)
Seat 6: 188abe33 ($6.79 in chips)
9db3a488: posts small blind $0.02
a892ea76: posts big blind $0.05
*** HOLE CARDS ***
Dealt to 9db3a488 
Dealt to a892ea76 
Dealt to Hero [4h Th]
Dealt to 26a23e32 
Dealt to 45c753ea 
Dealt to 188abe33 
Hero: folds
26a23e32: raises $0.1 to $0.15
45c753ea: folds
188abe33: folds
9db3a488: folds
a892ea76: folds
Uncalled bet ($0.1) returned to 26a23e32
*** SHOWDOWN ***
26a23e32 collected $0.12 from pot
*** SUMMARY ***
Total pot $0.12 | Rake $0 | Jackpot $0 | Bingo $0 | Fortune $0
Seat 1: 9db3a488 (small blind) folded before Flop
Seat 2: a892ea76 (big blind) folded before Flop
Seat 3: Hero folded before Flop (didn't bet)
Seat 4: 26a23e32 collected ($0.12)
Seat 5: 45c753ea folded before Flop (didn't bet)
Seat 6: 188abe33 (button) folded before Flop (didn't bet)


Poker Hand #HD1168555728: Hold'em No Limit  ($0.02/$0.05) - 2023/03/20 18:46:59
Table 'NLHBlue81' 6-max Seat #5 is the button
Seat 1: 9db3a488 ($8.12 in chips)
Seat 2: a892ea76 ($1.21 in chips)
Seat 3: Hero ($5.25 in chips)
Seat 4: 26a23e32 ($12.19 in chips)
Seat 5: 45c753ea ($5.48 in chips)
Seat 6: 188abe33 ($6.81 in chips)
188abe33: posts small blind $0.02
9db3a488: posts big blind $0.05
*** HOLE CARDS ***
Dealt to 9db3a488 
Dealt to a892ea76 
Dealt to Hero [3s 6d]
Dealt to 26a23e32 
Dealt to 45c753ea 
Dealt to 188abe33 
a892ea76: folds
Hero: folds
26a23e32: folds
45c753ea: raises $0.07 to $0.12
188abe33: folds
9db3a488: raises $0.46 to $0.58
45c753ea: folds
Uncalled bet ($0.46) returned to 9db3a488
*** SHOWDOWN ***
9db3a488 collected $0.25 from pot
*** SUMMARY ***
Total pot $0.26 | Rake $0.01 | Jackpot $0 | Bingo $0 | Fortune $0
Seat 1: 9db3a488 (big blind) collected ($0.25)
Seat 2: a892ea76 folded before Flop (didn't bet)
Seat 3: Hero folded before Flop (didn't bet)
Seat 4: 26a23e32 folded before Flop (didn't bet)
Seat 5: 45c753ea (button) folded before Flop
Seat 6: 188abe33 (small blind) folded before Flop


Poker Hand #HD1168555687: Hold'em No Limit  ($0.02/$0.05) - 2023/03/20 18:46:42
Table 'NLHBlue81' 6-max Seat #4 is the button
Seat 1: 9db3a488 ($8.05 in chips)
Seat 2: a892ea76 ($1.21 in chips)
Seat 3: Hero ($5.25 in chips)
Seat 4: 26a23e32 ($12.19 in chips)
Seat 5: 45c753ea ($5.5 in chips)
Seat 6: 188abe33 ($6.86 in chips)
45c753ea: posts small blind $0.02
188abe33: posts big blind $0.05
*** HOLE CARDS ***
Dealt to 9db3a488 
Dealt to a892ea76 
Dealt to Hero [3s 2d]
Dealt to 26a23e32 
Dealt to 45c753ea 
Dealt to 188abe33 
9db3a488: raises $0.06 to $0.11
a892ea76: folds
Hero: folds
26a23e32: folds
45c753ea: folds
188abe33: folds
Uncalled bet ($0.06) returned to 9db3a488
*** SHOWDOWN ***
9db3a488 collected $0.12 from pot
*** SUMMARY ***
Total pot $0.12 | Rake $0 | Jackpot $0 | Bingo $0 | Fortune $0
Seat 1: 9db3a488 collected ($0.12)
Seat 2: a892ea76 folded before Flop (didn't bet)
Seat 3: Hero folded before Flop (didn't bet)
Seat 4: 26a23e32 (button) folded before Flop (didn't bet)
Seat 5: 45c753ea (small blind) folded before Flop
Seat 6: 188abe33 (big blind) folded before Flop


Poker Hand #HD1168485580: Hold'em No Limit  ($0.02/$0.05) - 2023/03/20 18:45:58
Table 'NLHBlue81' 6-max Seat #3 is the button
Seat 1: 9db3a488 ($8.05 in chips)
Seat 2: a892ea76 ($1.21 in chips)
Seat 3: Hero ($5.12 in chips)
Seat 4: 26a23e32 ($12.21 in chips)
Seat 5: 45c753ea ($5.62 in chips)
Seat 6: 188abe33 ($6.86 in chips)
26a23e32: posts small blind $0.02
45c753ea: posts big blind $0.05
*** HOLE CARDS ***
Dealt to 9db3a488 
Dealt to a892ea76 
Dealt to Hero [8d Kd]
Dealt to 26a23e32 
Dealt to 45c753ea 
Dealt to 188abe33 
188abe33: folds
9db3a488: folds
a892ea76: folds
Hero: raises $0.07 to $0.12
26a23e32: folds
45c753ea: calls $0.07
*** FLOP *** [9d Tc Ts]
45c753ea: checks
Hero: checks
*** TURN *** [9d Tc Ts] [Td]
45c753ea: checks
Hero: bets $0.13
45c753ea: folds
Uncalled bet ($0.13) returned to Hero
*** SHOWDOWN ***
Hero collected $0.25 from pot
*** SUMMARY ***
Total pot $0.26 | Rake $0.01 | Jackpot $0 | Bingo $0 | Fortune $0
Board [9d Tc Ts Td]
Seat 1: 9db3a488 folded before Flop (didn't bet)
Seat 2: a892ea76 folded before Flop (didn't bet)
Seat 3: Hero (button) won ($0.25)
Seat 4: 26a23e32 (small blind) folded before Flop
Seat 5: 45c753ea (big blind) folded on the Turn
Seat 6: 188abe33 folded before Flop (didn't bet)


Poker Hand #HD1168485533: Hold'em No Limit  ($0.02/$0.05) - 2023/03/20 18:45:37
Table 'NLHBlue81' 6-max Seat #2 is the button
Seat 1: 9db3a488 ($8.05 in chips)
Seat 2: a892ea76 ($1.21 in chips)
Seat 3: Hero ($5.14 in chips)
Seat 4: 26a23e32 ($12.19 in chips)
Seat 5: 45c753ea ($5.62 in chips)
Seat 6: 188abe33 ($6.86 in chips)
Hero: posts small blind $0.02
26a23e32: posts big blind $0.05
*** HOLE CARDS ***
Dealt to 9db3a488 
Dealt to a892ea76 
Dealt to Hero [7s Jh]
Dealt to 26a23e32 
Dealt to 45c753ea 
Dealt to 188abe33 
45c753ea: folds
188abe33: folds
9db3a488: folds
a892ea76: folds
Hero: folds
Uncalled bet ($0.03) returned to 26a23e32
*** SHOWDOWN ***
26a23e32 collected $0.04 from pot
*** SUMMARY ***
Total pot $0.04 | Rake $0 | Jackpot $0 | Bingo $0 | Fortune $0
Seat 1: 9db3a488 folded before Flop (didn't bet)
Seat 2: a892ea76 (button) folded before Flop (didn't bet)
Seat 3: Hero (small blind) folded before Flop
Seat 4: 26a23e32 (big blind) collected ($0.04)
Seat 5: 45c753ea folded before Flop (didn't bet)
Seat 6: 188abe33 folded before Flop (didn't bet)


Poker Hand #HD1168485430: Hold'em No Limit  ($0.02/$0.05) - 2023/03/20 18:44:55
Table 'NLHBlue81' 6-max Seat #1 is the button
Seat 1: 9db3a488 ($8.05 in chips)
Seat 2: a892ea76 ($1.36 in chips)
Seat 3: Hero ($5.19 in chips)
Seat 4: 26a23e32 ($12 in chips)
Seat 5: 45c753ea ($5.62 in chips)
Seat 6: 188abe33 ($6.86 in chips)
a892ea76: posts small blind $0.02
Hero: posts big blind $0.05
*** HOLE CARDS ***
Dealt to 9db3a488 
Dealt to a892ea76 
Dealt to Hero [5s 6d]
Dealt to 26a23e32 
Dealt to 45c753ea 
Dealt to 188abe33 
26a23e32: raises $0.1 to $0.15
45c753ea: folds
188abe33: folds
9db3a488: folds
a892ea76: calls $0.13
Hero: folds
*** FLOP *** [8s 9d 8c]
a892ea76: checks
26a23e32: bets $0.17
a892ea76: folds
Uncalled bet ($0.17) returned to 26a23e32
*** SHOWDOWN ***
26a23e32 collected $0.34 from pot
*** SUMMARY ***
Total pot $0.35 | Rake $0.01 | Jackpot $0 | Bingo $0 | Fortune $0
Board [8s 9d 8c]
Seat 1: 9db3a488 (button) folded before Flop (didn't bet)
Seat 2: a892ea76 (small blind) folded on the Flop
Seat 3: Hero (big blind) folded before Flop
Seat 4: 26a23e32 won ($0.34)
Seat 5: 45c753ea folded before Flop (didn't bet)
Seat 6: 188abe33 folded before Flop (didn't bet)


Poker Hand #HD1168485242: Hold'em No Limit  ($0.02/$0.05) - 2023/03/20 18:43:44
Table 'NLHBlue81' 6-max Seat #6 is the button
Seat 1: 9db3a488 ($9.24 in chips)
Seat 2: a892ea76 ($1.41 in chips)
Seat 3: Hero ($5.19 in chips)
Seat 4: 26a23e32 ($12 in chips)
Seat 5: 45c753ea ($5.62 in chips)
Seat 6: 188abe33 ($5.78 in chips)
9db3a488: posts small blind $0.02
a892ea76: posts big blind $0.05
*** HOLE CARDS ***
Dealt to 9db3a488 
Dealt to a892ea76 
Dealt to Hero [7h 3h]
Dealt to 26a23e32 
Dealt to 45c753ea 
Dealt to 188abe33 
Hero: folds
26a23e32: folds
45c753ea: folds
188abe33: raises $0.08 to $0.13
9db3a488: raises $0.45 to $0.58
a892ea76: folds
188abe33: calls $0.45
*** FLOP *** [4d 9d 9s]
9db3a488: bets $0.61
188abe33: calls $0.61
*** TURN *** [4d 9d 9s] [6c]
9db3a488: checks
188abe33: checks
*** RIVER *** [4d 9d 9s 6c] [6d]
9db3a488: checks
188abe33: bets $1.48
9db3a488: folds
Uncalled bet ($1.48) returned to 188abe33
188abe33: shows [4h] (Pair of Nines and Pair of Sixes)
*** SHOWDOWN ***
188abe33 collected $2.27 from pot
*** SUMMARY ***
Total pot $2.43 | Rake $0.11 | Jackpot $0.05 | Bingo $0 | Fortune $0
Board [4d 9d 9s 6c 6d]
Seat 1: 9db3a488 (small blind) folded on the River
Seat 2: a892ea76 (big blind) folded before Flop
Seat 3: Hero folded before Flop (didn't bet)
Seat 4: 26a23e32 folded before Flop (didn't bet)
Seat 5: 45c753ea folded before Flop (didn't bet)
Seat 6: 188abe33 (button) showed [5h 4h] and won ($2.27) with Pair of Nines and Pair of Sixes


Poker Hand #HD1168485165: Hold'em No Limit  ($0.02/$0.05) - 2023/03/20 18:43:10
Table 'NLHBlue81' 6-max Seat #5 is the button
Seat 1: 9db3a488 ($9.29 in chips)
Seat 2: a892ea76 ($1.41 in chips)
Seat 3: Hero ($5.12 in chips)
Seat 4: 26a23e32 ($12 in chips)
Seat 5: 45c753ea ($5.62 in chips)
Seat 6: 188abe33 ($5.8 in chips)
188abe33: posts small blind $0.02
9db3a488: posts big blind $0.05
*** HOLE CARDS ***
Dealt to 9db3a488 
Dealt to a892ea76 
Dealt to Hero [6c 6s]
Dealt to 26a23e32 
Dealt to 45c753ea 
Dealt to 188abe33 
a892ea76: folds
Hero: raises $0.07 to $0.12
26a23e32: folds
45c753ea: folds
188abe33: folds
9db3a488: folds
Uncalled bet ($0.07) returned to Hero
*** SHOWDOWN ***
Hero collected $0.12 from pot
*** SUMMARY ***
Total pot $0.12 | Rake $0 | Jackpot $0 | Bingo $0 | Fortune $0
Seat 1: 9db3a488 (big blind) folded before Flop
Seat 2: a892ea76 folded before Flop (didn't bet)
Seat 3: Hero collected ($0.12)
Seat 4: 26a23e32 folded before Flop (didn't bet)
Seat 5: 45c753ea (button) folded before Flop (didn't bet)
Seat 6: 188abe33 (small blind) folded before Flop


Poker Hand #HD1168484987: Hold'em No Limit  ($0.02/$0.05) - 2023/03/20 18:41:57
Table 'NLHBlue81' 6-max Seat #4 is the button
Seat 1: 9db3a488 ($9.29 in chips)
Seat 2: a892ea76 ($1.41 in chips)
Seat 3: Hero ($5.12 in chips)
Seat 4: 26a23e32 ($11.74 in chips)
Seat 5: 45c753ea ($5.64 in chips)
Seat 6: 188abe33 ($6.06 in chips)
45c753ea: posts small blind $0.02
188abe33: posts big blind $0.05
*** HOLE CARDS ***
Dealt to 9db3a488 
Dealt to a892ea76 
Dealt to Hero [Jd 7c]
Dealt to 26a23e32 
Dealt to 45c753ea 
Dealt to 188abe33 
9db3a488: folds
a892ea76: folds
Hero: folds
26a23e32: raises $0.1 to $0.15
45c753ea: folds
188abe33: calls $0.1
*** FLOP *** [Qd 2s 7h]
188abe33: checks
26a23e32: checks
*** TURN *** [Qd 2s 7h] [8h]
188abe33: checks
26a23e32: bets $0.11
188abe33: calls $0.11
*** RIVER *** [Qd 2s 7h 8h] [Th]
188abe33: checks
26a23e32: bets $0.18
188abe33: folds
Uncalled bet ($0.18) returned to 26a23e32
*** SHOWDOWN ***
26a23e32 collected $0.52 from pot
*** SUMMARY ***
Total pot $0.54 | Rake $0.02 | Jackpot $0 | Bingo $0 | Fortune $0
Board [Qd 2s 7h 8h Th]
Seat 1: 9db3a488 folded before Flop (didn't bet)
Seat 2: a892ea76 folded before Flop (didn't bet)
Seat 3: Hero folded before Flop (didn't bet)
Seat 4: 26a23e32 (button) won ($0.52)
Seat 5: 45c753ea (small blind) folded before Flop
Seat 6: 188abe33 (big blind) folded on the River


Poker Hand #HD1168484880: Hold'em No Limit  ($0.02/$0.05) - 2023/03/20 18:41:16
Table 'NLHBlue81' 6-max Seat #3 is the button
Seat 1: 9db3a488 ($9.29 in chips)
Seat 2: a892ea76 ($1.41 in chips)
Seat 3: Hero ($5.05 in chips)
Seat 4: 26a23e32 ($11.76 in chips)
Seat 5: 45c753ea ($5.69 in chips)
Seat 6: 188abe33 ($6.06 in chips)
26a23e32: posts small blind $0.02
45c753ea: posts big blind $0.05
*** HOLE CARDS ***
Dealt to 9db3a488 
Dealt to a892ea76 
Dealt to Hero [Kh Js]
Dealt to 26a23e32 
Dealt to 45c753ea 
Dealt to 188abe33 
188abe33: folds
9db3a488: folds
a892ea76: folds
Hero: raises $0.07 to $0.12
26a23e32: folds
45c753ea: folds
Uncalled bet ($0.07) returned to Hero
*** SHOWDOWN ***
Hero collected $0.12 from pot
*** SUMMARY ***
Total pot $0.12 | Rake $0 | Jackpot $0 | Bingo $0 | Fortune $0
Seat 1: 9db3a488 folded before Flop (didn't bet)
Seat 2: a892ea76 folded before Flop (didn't bet)
Seat 3: Hero (button) collected ($0.12)
Seat 4: 26a23e32 (small blind) folded before Flop
Seat 5: 45c753ea (big blind) folded before Flop
Seat 6: 188abe33 folded before Flop (didn't bet)


Poker Hand #HD1168484835: Hold'em No Limit  ($0.02/$0.05) - 2023/03/20 18:40:59
Table 'NLHBlue81' 6-max Seat #2 is the button
Seat 1: 9db3a488 ($9.29 in chips)
Seat 2: a892ea76 ($1.41 in chips)
Seat 3: Hero ($5 in chips)
Seat 4: 26a23e32 ($11.81 in chips)
Seat 5: 45c753ea ($5.69 in chips)
Seat 6: 188abe33 ($6.06 in chips)
Hero: posts small blind $0.02
26a23e32: posts big blind $0.05
*** HOLE CARDS ***
Dealt to 9db3a488 
Dealt to a892ea76 
Dealt to Hero [As 7c]
Dealt to 26a23e32 
Dealt to 45c753ea 
Dealt to 188abe33 
45c753ea: folds
188abe33: folds
9db3a488: folds
a892ea76: folds
Hero: raises $0.09 to $0.14
26a23e32: folds
Uncalled bet ($0.09) returned to Hero
*** SHOWDOWN ***
Hero collected $0.1 from pot
*** SUMMARY ***
Total pot $0.1 | Rake $0 | Jackpot $0 | Bingo $0 | Fortune $0
Seat 1: 9db3a488 folded before Flop (didn't bet)
Seat 2: a892ea76 (button) folded before Flop (didn't bet)
Seat 3: Hero (small blind) collected ($0.1)
Seat 4: 26a23e32 (big blind) folded before Flop
Seat 5: 45c753ea folded before Flop (didn't bet)
Seat 6: 188abe33 folded before Flop (didn't bet)


Poker Hand #HD1168484667: Hold'em No Limit  ($0.02/$0.05) - 2023/03/20 18:39:51
Table 'NLHBlue81' 6-max Seat #1 is the button
Seat 1: 9db3a488 ($9.29 in chips)
Seat 2: a892ea76 ($1.43 in chips)
Seat 3: Hero ($5.24 in chips)
Seat 4: 26a23e32 ($11.44 in chips)
Seat 5: 45c753ea ($5.69 in chips)
Seat 6: 188abe33 ($6.06 in chips)
a892ea76: posts small blind $0.02
Hero: posts big blind $0.05
*** HOLE CARDS ***
Dealt to 9db3a488 
Dealt to a892ea76 
Dealt to Hero [7s 6s]
Dealt to 26a23e32 
Dealt to 45c753ea 
Dealt to 188abe33 
26a23e32: raises $0.1 to $0.15
45c753ea: folds
188abe33: folds
9db3a488: folds
a892ea76: folds
Hero: calls $0.1
*** FLOP *** [Kh 9s 4s]
Hero: checks
26a23e32: checks
*** TURN *** [Kh 9s 4s] [Jh]
Hero: checks
26a23e32: bets $0.24
Hero: calls $0.24
*** RIVER *** [Kh 9s 4s Jh] [8d]
Hero: checks
26a23e32: checks
Hero: shows [7s 6s] (King-High)
26a23e32: shows [Ad Ts] (Ace-High)
*** SHOWDOWN ***
26a23e32 collected $0.76 from pot
*** SUMMARY ***
Total pot $0.8 | Rake $0.04 | Jackpot $0 | Bingo $0 | Fortune $0
Board [Kh 9s 4s Jh 8d]
Seat 1: 9db3a488 (button) folded before Flop (didn't bet)
Seat 2: a892ea76 (small blind) folded before Flop
Seat 3: Hero (big blind) showed [7s 6s] and lost with King-High
Seat 4: 26a23e32 showed [Ad Ts] and won ($0.76) with Ace-High
Seat 5: 45c753ea folded before Flop (didn't bet)
Seat 6: 188abe33 folded before Flop (didn't bet)


Poker Hand #HD1168484574: Hold'em No Limit  ($0.02/$0.05) - 2023/03/20 18:39:12
Table 'NLHBlue81' 6-max Seat #6 is the button
Seat 1: 9db3a488 ($9.31 in chips)
Seat 2: a892ea76 ($1.58 in chips)
Seat 3: Hero ($5.24 in chips)
Seat 4: 26a23e32 ($11.28 in chips)
Seat 5: 45c753ea ($5.69 in chips)
Seat 6: 188abe33 ($6.06 in chips)
9db3a488: posts small blind $0.02
a892ea76: posts big blind $0.05
*** HOLE CARDS ***
Dealt to 9db3a488 
Dealt to a892ea76 
Dealt to Hero [3c As]
Dealt to 26a23e32 
Dealt to 45c753ea 
Dealt to 188abe33 
Hero: folds
26a23e32: raises $0.1 to $0.15
45c753ea: folds
188abe33: folds
9db3a488: folds
a892ea76: calls $0.1
*** FLOP *** [3s 6h Kc]
a892ea76: checks
26a23e32: bets $0.11
a892ea76: folds
Uncalled bet ($0.11) returned to 26a23e32
*** SHOWDOWN ***
26a23e32 collected $0.31 from pot
*** SUMMARY ***
Total pot $0.32 | Rake $0.01 | Jackpot $0 | Bingo $0 | Fortune $0
Board [3s 6h Kc]
Seat 1: 9db3a488 (small blind) folded before Flop
Seat 2: a892ea76 (big blind) folded on the Flop
Seat 3: Hero folded before Flop (didn't bet)
Seat 4: 26a23e32 won ($0.31)
Seat 5: 45c753ea folded before Flop (didn't bet)
Seat 6: 188abe33 (button) folded before Flop (didn't bet)


Poker Hand #HD1168484463: Hold'em No Limit  ($0.02/$0.05) - 2023/03/20 18:38:28
Table 'NLHBlue81' 6-max Seat #5 is the button
Seat 1: 9db3a488 ($9.36 in chips)
Seat 2: a892ea76 ($1.58 in chips)
Seat 3: Hero ($5.24 in chips)
Seat 4: 26a23e32 ($11.43 in chips)
Seat 5: 45c753ea ($5.69 in chips)
Seat 6: 188abe33 ($5.87 in chips)
188abe33: posts small blind $0.02
9db3a488: posts big blind $0.05
*** HOLE CARDS ***
Dealt to 9db3a488 
Dealt to a892ea76 
Dealt to Hero [Qc 3d]
Dealt to 26a23e32 
Dealt to 45c753ea 
Dealt to 188abe33 
a892ea76: folds
Hero: folds
26a23e32: raises $0.1 to $0.15
45c753ea: folds
188abe33: raises $0.41 to $0.56
9db3a488: folds
26a23e32: folds
Uncalled bet ($0.41) returned to 188abe33
*** SHOWDOWN ***
188abe33 collected $0.34 from pot
*** SUMMARY ***
Total pot $0.35 | Rake $0.01 | Jackpot $0 | Bingo $0 | Fortune $0
Seat 1: 9db3a488 (big blind) folded before Flop
Seat 2: a892ea76 folded before Flop (didn't bet)
Seat 3: Hero folded before Flop (didn't bet)
Seat 4: 26a23e32 folded before Flop
Seat 5: 45c753ea (button) folded before Flop (didn't bet)
Seat 6: 188abe33 (small blind) collected ($0.34)


Poker Hand #HD1168484399: Hold'em No Limit  ($0.02/$0.05) - 2023/03/20 18:38:02
Table 'NLHBlue81' 6-max Seat #4 is the button
Seat 1: 9db3a488 ($9.36 in chips)
Seat 2: a892ea76 ($1.58 in chips)
Seat 3: Hero ($5.24 in chips)
Seat 4: 26a23e32 ($11.43 in chips)
Seat 5: 45c753ea ($5.64 in chips)
Seat 6: 188abe33 ($5.92 in chips)
45c753ea: posts small blind $0.02
188abe33: posts big blind $0.05
*** HOLE CARDS ***
Dealt to 9db3a488 
Dealt to a892ea76 
Dealt to Hero [Ts 6h]
Dealt to 26a23e32 
Dealt to 45c753ea 
Dealt to 188abe33 
9db3a488: folds
a892ea76: folds
Hero: folds
26a23e32: folds
45c753ea: raises $0.1 to $0.15
188abe33: folds
Uncalled bet ($0.1) returned to 45c753ea
*** SHOWDOWN ***
45c753ea collected $0.1 from pot
*** SUMMARY ***
Total pot $0.1 | Rake $0 | Jackpot $0 | Bingo $0 | Fortune $0
Seat 1: 9db3a488 folded before Flop (didn't bet)
Seat 2: a892ea76 folded before Flop (didn't bet)
Seat 3: Hero folded before Flop (didn't bet)
Seat 4: 26a23e32 (button) folded before Flop (didn't bet)
Seat 5: 45c753ea (small blind) collected ($0.1)
Seat 6: 188abe33 (big blind) folded before Flop


Poker Hand #HD1168484373: Hold'em No Limit  ($0.02/$0.05) - 2023/03/20 18:37:49
Table 'NLHBlue81' 6-max Seat #3 is the button
Seat 1: 9db3a488 ($9.36 in chips)
Seat 2: a892ea76 ($1.58 in chips)
Seat 3: Hero ($5.17 in chips)
Seat 4: 26a23e32 ($11.45 in chips)
Seat 5: 45c753ea ($5.69 in chips)
Seat 6: 188abe33 ($5.92 in chips)
26a23e32: posts small blind $0.02
45c753ea: posts big blind $0.05
*** HOLE CARDS ***
Dealt to 9db3a488 
Dealt to a892ea76 
Dealt to Hero [Jc Qs]
Dealt to 26a23e32 
Dealt to 45c753ea 
Dealt to 188abe33 
188abe33: folds
9db3a488: folds
a892ea76: folds
Hero: raises $0.07 to $0.12
26a23e32: folds
45c753ea: folds
Uncalled bet ($0.07) returned to Hero
*** SHOWDOWN ***
Hero collected $0.12 from pot
*** SUMMARY ***
Total pot $0.12 | Rake $0 | Jackpot $0 | Bingo $0 | Fortune $0
Seat 1: 9db3a488 folded before Flop (didn't bet)
Seat 2: a892ea76 folded before Flop (didn't bet)
Seat 3: Hero (button) collected ($0.12)
Seat 4: 26a23e32 (small blind) folded before Flop
Seat 5: 45c753ea (big blind) folded before Flop
Seat 6: 188abe33 folded before Flop (didn't bet)


Poker Hand #HD1168484305: Hold'em No Limit  ($0.02/$0.05) - 2023/03/20 18:37:21
Table 'NLHBlue81' 6-max Seat #2 is the button
Seat 1: 9db3a488 ($9.29 in chips)
Seat 2: a892ea76 ($1.58 in chips)
Seat 3: Hero ($5.19 in chips)
Seat 4: 26a23e32 ($11.5 in chips)
Seat 5: 45c753ea ($5.69 in chips)
Seat 6: 188abe33 ($5.92 in chips)
Hero: posts small blind $0.02
26a23e32: posts big blind $0.05
*** HOLE CARDS ***
Dealt to 9db3a488 
Dealt to a892ea76 
Dealt to Hero [4d 9h]
Dealt to 26a23e32 
Dealt to 45c753ea 
Dealt to 188abe33 
45c753ea: folds
188abe33: folds
9db3a488: raises $0.06 to $0.11
a892ea76: folds
Hero: folds
26a23e32: folds
Uncalled bet ($0.06) returned to 9db3a488
*** SHOWDOWN ***
9db3a488 collected $0.12 from pot
*** SUMMARY ***
Total pot $0.12 | Rake $0 | Jackpot $0 | Bingo $0 | Fortune $0
Seat 1: 9db3a488 collected ($0.12)
Seat 2: a892ea76 (button) folded before Flop (didn't bet)
Seat 3: Hero (small blind) folded before Flop
Seat 4: 26a23e32 (big blind) folded before Flop
Seat 5: 45c753ea folded before Flop (didn't bet)
Seat 6: 188abe33 folded before Flop (didn't bet)


Poker Hand #HD1168484273: Hold'em No Limit  ($0.02/$0.05) - 2023/03/20 18:37:09
Table 'NLHBlue81' 6-max Seat #1 is the button
Seat 1: 9db3a488 ($9.29 in chips)
Seat 2: a892ea76 ($1.6 in chips)
Seat 3: Hero ($5.17 in chips)
Seat 4: 26a23e32 ($11.5 in chips)
Seat 5: 45c753ea ($5.69 in chips)
Seat 6: 188abe33 ($5.92 in chips)
a892ea76: posts small blind $0.02
Hero: posts big blind $0.05
*** HOLE CARDS ***
Dealt to 9db3a488 
Dealt to a892ea76 
Dealt to Hero [5c 6c]
Dealt to 26a23e32 
Dealt to 45c753ea 
Dealt to 188abe33 
26a23e32: folds
45c753ea: folds
188abe33: folds
9db3a488: folds
a892ea76: folds
Uncalled bet ($0.03) returned to Hero
*** SHOWDOWN ***
Hero collected $0.04 from pot
*** SUMMARY ***
Total pot $0.04 | Rake $0 | Jackpot $0 | Bingo $0 | Fortune $0
Seat 1: 9db3a488 (button) folded before Flop (didn't bet)
Seat 2: a892ea76 (small blind) folded before Flop
Seat 3: Hero (big blind) collected ($0.04)
Seat 4: 26a23e32 folded before Flop (didn't bet)
Seat 5: 45c753ea folded before Flop (didn't bet)
Seat 6: 188abe33 folded before Flop (didn't bet)


Poker Hand #HD1168484122: Hold'em No Limit  ($0.02/$0.05) - 2023/03/20 18:36:14
Table 'NLHBlue81' 6-max Seat #6 is the button
Seat 1: 9db3a488 ($9.31 in chips)
Seat 2: a892ea76 ($1.65 in chips)
Seat 3: Hero ($5.17 in chips)
Seat 4: 26a23e32 ($11.5 in chips)
Seat 5: 45c753ea ($5.69 in chips)
Seat 6: 188abe33 ($5.85 in chips)
9db3a488: posts small blind $0.02
a892ea76: posts big blind $0.05
*** HOLE CARDS ***
Dealt to 9db3a488 
Dealt to a892ea76 
Dealt to Hero [3d Ac]
Dealt to 26a23e32 
Dealt to 45c753ea 
Dealt to 188abe33 
Hero: folds
26a23e32: folds
45c753ea: folds
188abe33: raises $0.05 to $0.1
9db3a488: folds
a892ea76: folds
Uncalled bet ($0.05) returned to 188abe33
*** SHOWDOWN ***
188abe33 collected $0.12 from pot
*** SUMMARY ***
Total pot $0.12 | Rake $0 | Jackpot $0 | Bingo $0 | Fortune $0
Seat 1: 9db3a488 (small blind) folded before Flop
Seat 2: a892ea76 (big blind) folded before Flop
Seat 3: Hero folded before Flop (didn't bet)
Seat 4: 26a23e32 folded before Flop (didn't bet)
Seat 5: 45c753ea folded before Flop (didn't bet)
Seat 6: 188abe33 (button) collected ($0.12)


Poker Hand #HD1168484021: Hold'em No Limit  ($0.02/$0.05) - 2023/03/20 18:35:29
Table 'NLHBlue81' 6-max Seat #5 is the button
Seat 1: 9db3a488 ($9.36 in chips)
Seat 2: a892ea76 ($1.8 in chips)
Seat 3: Hero ($5.17 in chips)
Seat 4: 26a23e32 ($11.5 in chips)
Seat 5: 45c753ea ($5.69 in chips)
Seat 6: 188abe33 ($5.66 in chips)
188abe33: posts small blind $0.02
9db3a488: posts big blind $0.05
*** HOLE CARDS ***
Dealt to 9db3a488 
Dealt to a892ea76 
Dealt to Hero [3h 8c]
Dealt to 26a23e32 
Dealt to 45c753ea 
Dealt to 188abe33 
a892ea76: raises $0.1 to $0.15
Hero: folds
26a23e32: folds
45c753ea: folds
188abe33: calls $0.13
9db3a488: folds
*** FLOP *** [6c 4s 3d]
188abe33: checks
a892ea76: checks
*** TURN *** [6c 4s 3d] [Ts]
188abe33: checks
a892ea76: checks
*** RIVER *** [6c 4s 3d Ts] [Th]
188abe33: checks
a892ea76: checks
188abe33: shows [Ac 4c] (Pair of Tens and Pair of Fours)
a892ea76: shows [As Jd] (Pair of Tens)
*** SHOWDOWN ***
188abe33 collected $0.34 from pot
*** SUMMARY ***
Total pot $0.35 | Rake $0.01 | Jackpot $0 | Bingo $0 | Fortune $0
Board [6c 4s 3d Ts Th]
Seat 1: 9db3a488 (big blind) folded before Flop
Seat 2: a892ea76 showed [As Jd] and lost with Pair of Tens
Seat 3: Hero folded before Flop (didn't bet)
Seat 4: 26a23e32 folded before Flop (didn't bet)
Seat 5: 45c753ea (button) folded before Flop (didn't bet)
Seat 6: 188abe33 (small blind) showed [Ac 4c] and won ($0.34) with Pair of Tens and Pair of Fours


Poker Hand #HD1168483728: Hold'em No Limit  ($0.02/$0.05) - 2023/03/20 18:33:30
Table 'NLHBlue81' 6-max Seat #4 is the button
Seat 1: 9db3a488 ($9.36 in chips)
Seat 2: a892ea76 ($1.8 in chips)
Seat 3: Hero ($5.17 in chips)
Seat 4: 26a23e32 ($12.16 in chips)
Seat 5: 45c753ea ($5.71 in chips)
Seat 6: 188abe33 ($5.04 in chips)
45c753ea: posts small blind $0.02
188abe33: posts big blind $0.05
*** HOLE CARDS ***
Dealt to 9db3a488 
Dealt to a892ea76 
Dealt to Hero [3d 7c]
Dealt to 26a23e32 
Dealt to 45c753ea 
Dealt to 188abe33 
9db3a488: folds
a892ea76: folds
Hero: folds
26a23e32: raises $0.1 to $0.15
45c753ea: folds
188abe33: calls $0.1
*** FLOP *** [Kc Ts Th]
188abe33: checks
26a23e32: checks
*** TURN *** [Kc Ts Th] [5c]
188abe33: checks
26a23e32: bets $0.24
188abe33: calls $0.24
*** RIVER *** [Kc Ts Th 5c] [4c]
188abe33: checks
26a23e32: bets $0.27
188abe33: calls $0.27
26a23e32: shows [Jc Qd] (Pair of Tens)
188abe33: shows [9c Ks] (Pair of Kings and Pair of Tens)
*** SHOWDOWN ***
188abe33 collected $1.28 from pot
*** SUMMARY ***
Total pot $1.34 | Rake $0.06 | Jackpot $0 | Bingo $0 | Fortune $0
Board [Kc Ts Th 5c 4c]
Seat 1: 9db3a488 folded before Flop (didn't bet)
Seat 2: a892ea76 folded before Flop (didn't bet)
Seat 3: Hero folded before Flop (didn't bet)
Seat 4: 26a23e32 (button) showed [Jc Qd] and lost with Pair of Tens
Seat 5: 45c753ea (small blind) folded before Flop
Seat 6: 188abe33 (big blind) showed [9c Ks] and won ($1.28) with Pair of Kings and Pair of Tens


Poker Hand #HD1168483663: Hold'em No Limit  ($0.02/$0.05) - 2023/03/20 18:33:07
Table 'NLHBlue81' 6-max Seat #3 is the button
Seat 1: 9db3a488 ($9.36 in chips)
Seat 2: a892ea76 ($1.8 in chips)
Seat 3: Hero ($5.17 in chips)
Seat 4: 26a23e32 ($12.18 in chips)
Seat 5: 45c753ea ($5.69 in chips)
Seat 6: 188abe33 ($5.04 in chips)
26a23e32: posts small blind $0.02
45c753ea: posts big blind $0.05
*** HOLE CARDS ***
Dealt to 9db3a488 
Dealt to a892ea76 
Dealt to Hero [4s Jc]
Dealt to 26a23e32 
Dealt to 45c753ea 
Dealt to 188abe33 
188abe33: folds
9db3a488: folds
a892ea76: folds
Hero: folds
26a23e32: folds
Uncalled bet ($0.03) returned to 45c753ea
*** SHOWDOWN ***
45c753ea collected $0.04 from pot
*** SUMMARY ***
Total pot $0.04 | Rake $0 | Jackpot $0 | Bingo $0 | Fortune $0
Seat 1: 9db3a488 folded before Flop (didn't bet)
Seat 2: a892ea76 folded before Flop (didn't bet)
Seat 3: Hero (button) folded before Flop (didn't bet)
Seat 4: 26a23e32 (small blind) folded before Flop
Seat 5: 45c753ea (big blind) collected ($0.04)
Seat 6: 188abe33 folded before Flop (didn't bet)


Poker Hand #HD1168483584: Hold'em No Limit  ($0.02/$0.05) - 2023/03/20 18:32:33
Table 'NLHBlue81' 6-max Seat #2 is the button
Seat 1: 9db3a488 ($9.47 in chips)
Seat 2: a892ea76 ($1.8 in chips)
Seat 3: Hero ($5.02 in chips)
Seat 4: 26a23e32 ($12.23 in chips)
Seat 5: 45c753ea ($5.69 in chips)
Seat 6: 188abe33 ($5.04 in chips)
Hero: posts small blind $0.02
26a23e32: posts big blind $0.05
*** HOLE CARDS ***
Dealt to 9db3a488 
Dealt to a892ea76 
Dealt to Hero [As Jc]
Dealt to 26a23e32 
Dealt to 45c753ea 
Dealt to 188abe33 
45c753ea: folds
188abe33: folds
9db3a488: raises $0.06 to $0.11
a892ea76: folds
Hero: raises $0.41 to $0.52
26a23e32: folds
9db3a488: folds
Uncalled bet ($0.41) returned to Hero
*** SHOWDOWN ***
Hero collected $0.26 from pot
*** SUMMARY ***
Total pot $0.27 | Rake $0.01 | Jackpot $0 | Bingo $0 | Fortune $0
Seat 1: 9db3a488 folded before Flop
Seat 2: a892ea76 (button) folded before Flop (didn't bet)
Seat 3: Hero (small blind) collected ($0.26)
Seat 4: 26a23e32 (big blind) folded before Flop
Seat 5: 45c753ea folded before Flop (didn't bet)
Seat 6: 188abe33 folded before Flop (didn't bet)


Poker Hand #HD1168483354: Hold'em No Limit  ($0.02/$0.05) - 2023/03/20 18:31:05
Table 'NLHBlue81' 6-max Seat #1 is the button
Seat 1: 9db3a488 ($8.23 in chips)
Seat 2: a892ea76 ($1.37 in chips)
Seat 3: Hero ($5.07 in chips)
Seat 4: 26a23e32 ($12.23 in chips)
Seat 5: 45c753ea ($5.69 in chips)
Seat 6: 188abe33 ($5.04 in chips)
a892ea76: posts small blind $0.02
Hero: posts big blind $0.05
*** HOLE CARDS ***
Dealt to 9db3a488 
Dealt to a892ea76 
Dealt to Hero [7h Ac]
Dealt to 26a23e32 
Dealt to 45c753ea 
Dealt to 188abe33 
26a23e32: folds
45c753ea: folds
188abe33: folds
9db3a488: raises $0.08 to $0.13
a892ea76: raises $0.31 to $0.44
Hero: folds
9db3a488: raises $0.98 to $1.42
a892ea76: calls $0.93 and is all-in
Uncalled bet ($0.05) returned to 9db3a488
9db3a488: shows [Ks Ad]
a892ea76: shows [Jc Jh]
*** FLOP *** [2s 8s 5d]
*** TURN *** [2s 8s 5d] [Ah]
*** RIVER *** [2s 8s 5d Ah] [9d]
a892ea76: Receives Cashout ($1.8)
*** SHOWDOWN ***
9db3a488 collected $2.61 from pot
*** SUMMARY ***
Total pot $2.79 | Rake $0.13 | Jackpot $0.05 | Bingo $0 | Fortune $0
Board [2s 8s 5d Ah 9d]
Seat 1: 9db3a488 (button) showed [Ks Ad] and won ($2.61) with Pair of Aces
Seat 2: a892ea76 (small blind) showed [Jc Jh] and lost with Pair of Jacks, EV Cashout ($1.8)
Seat 3: Hero (big blind) folded before Flop
Seat 4: 26a23e32 folded before Flop (didn't bet)
Seat 5: 45c753ea folded before Flop (didn't bet)
Seat 6: 188abe33 folded before Flop (didn't bet)


Poker Hand #HD1168483291: Hold'em No Limit  ($0.02/$0.05) - 2023/03/20 18:30:42
Table 'NLHBlue81' 6-max Seat #6 is the button
Seat 1: 9db3a488 ($8.25 in chips)
Seat 2: a892ea76 ($1.42 in chips)
Seat 3: Hero ($5 in chips)
Seat 4: 26a23e32 ($12.23 in chips)
Seat 5: 45c753ea ($5.69 in chips)
Seat 6: 188abe33 ($5.04 in chips)
9db3a488: posts small blind $0.02
a892ea76: posts big blind $0.05
*** HOLE CARDS ***
Dealt to 9db3a488 
Dealt to a892ea76 
Dealt to Hero [Jd Kc]
Dealt to 26a23e32 
Dealt to 45c753ea 
Dealt to 188abe33 
Hero: raises $0.07 to $0.12
26a23e32: folds
45c753ea: folds
188abe33: folds
9db3a488: folds
a892ea76: folds
Uncalled bet ($0.07) returned to Hero
*** SHOWDOWN ***
Hero collected $0.12 from pot
*** SUMMARY ***
Total pot $0.12 | Rake $0 | Jackpot $0 | Bingo $0 | Fortune $0
Seat 1: 9db3a488 (small blind) folded before Flop
Seat 2: a892ea76 (big blind) folded before Flop
Seat 3: Hero collected ($0.12)
Seat 4: 26a23e32 folded before Flop (didn't bet)
Seat 5: 45c753ea folded before Flop (didn't bet)
Seat 6: 188abe33 (button) folded before Flop (didn't bet)


Poker Hand #HD1168483155: Hold'em No Limit  ($0.02/$0.05) - 2023/03/20 18:29:48
Table 'NLHBlue81' 6-max Seat #5 is the button
Seat 1: 9db3a488 ($8.3 in chips)
Seat 2: a892ea76 ($1.42 in chips)
Seat 3: Hero ($5 in chips)
Seat 4: 26a23e32 ($12.04 in chips)
Seat 5: 45c753ea ($5.69 in chips)
Seat 6: 188abe33 ($5.19 in chips)
188abe33: posts small blind $0.02
9db3a488: posts big blind $0.05
*** HOLE CARDS ***
Dealt to 9db3a488 
Dealt to a892ea76 
Dealt to Hero [7d 8c]
Dealt to 26a23e32 
Dealt to 45c753ea 
Dealt to 188abe33 
a892ea76: folds
Hero: folds
26a23e32: raises $0.1 to $0.15
45c753ea: folds
188abe33: calls $0.13
9db3a488: folds
*** FLOP *** [5h 4s Ac]
188abe33: checks
26a23e32: checks
*** TURN *** [5h 4s Ac] [2d]
188abe33: checks
26a23e32: checks
*** RIVER *** [5h 4s Ac 2d] [7c]
188abe33: checks
26a23e32: checks
188abe33: shows [Th Jc] (Ace-High)
26a23e32: shows [8d Kd] (Ace-High)
*** SHOWDOWN ***
26a23e32 collected $0.34 from pot
*** SUMMARY ***
Total pot $0.35 | Rake $0.01 | Jackpot $0 | Bingo $0 | Fortune $0
Board [5h 4s Ac 2d 7c]
Seat 1: 9db3a488 (big blind) folded before Flop
Seat 2: a892ea76 folded before Flop (didn't bet)
Seat 3: Hero folded before Flop (didn't bet)
Seat 4: 26a23e32 showed [8d Kd] and won ($0.34) with Ace-High
Seat 5: 45c753ea (button) folded before Flop (didn't bet)
Seat 6: 188abe33 (small blind) showed [Th Jc] and lost with Ace-High


Poker Hand #HD1168483110: Hold'em No Limit  ($0.02/$0.05) - 2023/03/20 18:29:30
Table 'NLHBlue81' 6-max Seat #4 is the button
Seat 1: 9db3a488 ($8.3 in chips)
Seat 2: a892ea76 ($1.35 in chips)
Seat 3: Hero ($5 in chips)
Seat 4: 26a23e32 ($12.04 in chips)
Seat 5: 45c753ea ($5.71 in chips)
Seat 6: 188abe33 ($5.24 in chips)
45c753ea: posts small blind $0.02
188abe33: posts big blind $0.05
*** HOLE CARDS ***
Dealt to 9db3a488 
Dealt to a892ea76 
Dealt to Hero [Td 7s]
Dealt to 26a23e32 
Dealt to 45c753ea 
Dealt to 188abe33 
9db3a488: folds
a892ea76: raises $0.1 to $0.15
Hero: folds
26a23e32: folds
45c753ea: folds
188abe33: folds
Uncalled bet ($0.1) returned to a892ea76
*** SHOWDOWN ***
a892ea76 collected $0.12 from pot
*** SUMMARY ***
Total pot $0.12 | Rake $0 | Jackpot $0 | Bingo $0 | Fortune $0
Seat 1: 9db3a488 folded before Flop (didn't bet)
Seat 2: a892ea76 collected ($0.12)
Seat 3: Hero folded before Flop (didn't bet)
Seat 4: 26a23e32 (button) folded before Flop (didn't bet)
Seat 5: 45c753ea (small blind) folded before Flop
Seat 6: 188abe33 (big blind) folded before Flop


Poker Hand #HD1168483064: Hold'em No Limit  ($0.02/$0.05) - 2023/03/20 18:29:15
Table 'NLHBlue81' 6-max Seat #3 is the button
Seat 1: 9db3a488 ($8.3 in chips)
Seat 2: a892ea76 ($1.35 in chips)
Seat 3: Hero ($5 in chips)
Seat 4: 26a23e32 ($11.99 in chips)
Seat 5: 45c753ea ($5.76 in chips)
Seat 6: 188abe33 ($5.24 in chips)
26a23e32: posts small blind $0.02
45c753ea: posts big blind $0.05
*** HOLE CARDS ***
Dealt to 9db3a488 
Dealt to a892ea76 
Dealt to Hero [4d Tc]
Dealt to 26a23e32 
Dealt to 45c753ea 
Dealt to 188abe33 
188abe33: folds
9db3a488: folds
a892ea76: folds
Hero: folds
26a23e32: raises $0.13 to $0.18
45c753ea: folds
Uncalled bet ($0.13) returned to 26a23e32
*** SHOWDOWN ***
26a23e32 collected $0.1 from pot
*** SUMMARY ***
Total pot $0.1 | Rake $0 | Jackpot $0 | Bingo $0 | Fortune $0
Seat 1: 9db3a488 folded before Flop (didn't bet)
Seat 2: a892ea76 folded before Flop (didn't bet)
Seat 3: Hero (button) folded before Flop (didn't bet)
Seat 4: 26a23e32 (small blind) collected ($0.1)
Seat 5: 45c753ea (big blind) folded before Flop
Seat 6: 188abe33 folded before Flop (didn't bet)


Poker Hand #HD1168482970: Hold'em No Limit  ($0.02/$0.05) - 2023/03/20 18:28:41
Table 'NLHBlue81' 6-max Seat #2 is the button
Seat 1: 9db3a488 ($8.41 in chips)
Seat 2: a892ea76 ($1.35 in chips)
Seat 3: Hero ($5.02 in chips)
Seat 4: 26a23e32 ($11.87 in chips)
Seat 5: 45c753ea ($5.76 in chips)
Seat 6: 188abe33 ($5.24 in chips)
Hero: posts small blind $0.02
26a23e32: posts big blind $0.05
*** HOLE CARDS ***
Dealt to 9db3a488 
Dealt to a892ea76 
Dealt to Hero [5d 2h]
Dealt to 26a23e32 
Dealt to 45c753ea 
Dealt to 188abe33 
45c753ea: folds
188abe33: folds
9db3a488: raises $0.06 to $0.11
a892ea76: folds
Hero: folds
26a23e32: raises $0.49 to $0.6
9db3a488: folds
Uncalled bet ($0.49) returned to 26a23e32
26a23e32: shows [7s]
*** SHOWDOWN ***
26a23e32 collected $0.23 from pot
*** SUMMARY ***
Total pot $0.24 | Rake $0.01 | Jackpot $0 | Bingo $0 | Fortune $0
Seat 1: 9db3a488 folded before Flop
Seat 2: a892ea76 (button) folded before Flop (didn't bet)
Seat 3: Hero (small blind) folded before Flop
Seat 4: 26a23e32 (big blind) showed [Ks 7s] and collected ($0.23)
Seat 5: 45c753ea folded before Flop (didn't bet)
Seat 6: 188abe33 folded before Flop (didn't bet)


Poker Hand #HD1168482907: Hold'em No Limit  ($0.02/$0.05) - 2023/03/20 18:28:16
Table 'NLHBlue81' 6-max Seat #1 is the button
Seat 1: 9db3a488 ($8.34 in chips)
Seat 2: a892ea76 ($1.37 in chips)
Seat 3: Hero ($5.07 in chips)
Seat 4: 26a23e32 ($11.87 in chips)
Seat 5: 45c753ea ($5.76 in chips)
Seat 6: 188abe33 ($5.24 in chips)
a892ea76: posts small blind $0.02
Hero: posts big blind $0.05
*** HOLE CARDS ***
Dealt to 9db3a488 
Dealt to a892ea76 
Dealt to Hero [2c Ks]
Dealt to 26a23e32 
Dealt to 45c753ea 
Dealt to 188abe33 
26a23e32: folds
45c753ea: folds
188abe33: folds
9db3a488: raises $0.08 to $0.13
a892ea76: folds
Hero: folds
Uncalled bet ($0.08) returned to 9db3a488
*** SHOWDOWN ***
9db3a488 collected $0.12 from pot
*** SUMMARY ***
Total pot $0.12 | Rake $0 | Jackpot $0 | Bingo $0 | Fortune $0
Seat 1: 9db3a488 (button) collected ($0.12)
Seat 2: a892ea76 (small blind) folded before Flop
Seat 3: Hero (big blind) folded before Flop
Seat 4: 26a23e32 folded before Flop (didn't bet)
Seat 5: 45c753ea folded before Flop (didn't bet)
Seat 6: 188abe33 folded before Flop (didn't bet)


Poker Hand #HD1168482817: Hold'em No Limit  ($0.02/$0.05) - 2023/03/20 18:27:42
Table 'NLHBlue81' 6-max Seat #6 is the button
Seat 1: 9db3a488 ($8.29 in chips)
Seat 2: a892ea76 ($1.42 in chips)
Seat 3: Hero ($5.07 in chips)
Seat 4: 26a23e32 ($11.87 in chips)
Seat 5: 45c753ea ($5.76 in chips)
Seat 6: 188abe33 ($5.24 in chips)
9db3a488: posts small blind $0.02
a892ea76: posts big blind $0.05
*** HOLE CARDS ***
Dealt to 9db3a488 
Dealt to a892ea76 
Dealt to Hero [6c 3h]
Dealt to 26a23e32 
Dealt to 45c753ea 
Dealt to 188abe33 
Hero: folds
26a23e32: folds
45c753ea: folds
188abe33: folds
9db3a488: raises $0.1 to $0.15
a892ea76: folds
Uncalled bet ($0.1) returned to 9db3a488
*** SHOWDOWN ***
9db3a488 collected $0.1 from pot
*** SUMMARY ***
Total pot $0.1 | Rake $0 | Jackpot $0 | Bingo $0 | Fortune $0
Seat 1: 9db3a488 (small blind) collected ($0.1)
Seat 2: a892ea76 (big blind) folded before Flop
Seat 3: Hero folded before Flop (didn't bet)
Seat 4: 26a23e32 folded before Flop (didn't bet)
Seat 5: 45c753ea folded before Flop (didn't bet)
Seat 6: 188abe33 (button) folded before Flop (didn't bet)


Poker Hand #HD1168482643: Hold'em No Limit  ($0.02/$0.05) - 2023/03/20 18:26:36
Table 'NLHBlue81' 6-max Seat #5 is the button
Seat 1: 9db3a488 ($7.7 in chips)
Seat 2: a892ea76 ($1.91 in chips)
Seat 3: Hero ($5.07 in chips)
Seat 4: 26a23e32 ($11.87 in chips)
Seat 5: 45c753ea ($5.76 in chips)
Seat 6: 188abe33 ($5.39 in chips)
188abe33: posts small blind $0.02
9db3a488: posts big blind $0.05
*** HOLE CARDS ***
Dealt to 9db3a488 
Dealt to a892ea76 
Dealt to Hero [Ad 7h]
Dealt to 26a23e32 
Dealt to 45c753ea 
Dealt to 188abe33 
a892ea76: raises $0.1 to $0.15
Hero: folds
26a23e32: folds
45c753ea: folds
188abe33: calls $0.13
9db3a488: calls $0.1
*** FLOP *** [6c Jc Kc]
188abe33: checks
9db3a488: checks
a892ea76: bets $0.34
188abe33: folds
9db3a488: calls $0.34
*** TURN *** [6c Jc Kc] [Td]
9db3a488: checks
a892ea76: checks
*** RIVER *** [6c Jc Kc Td] [4s]
9db3a488: bets $0.38
a892ea76: folds
Uncalled bet ($0.38) returned to 9db3a488
*** SHOWDOWN ***
9db3a488 collected $1.08 from pot
*** SUMMARY ***
Total pot $1.13 | Rake $0.05 | Jackpot $0 | Bingo $0 | Fortune $0
Board [6c Jc Kc Td 4s]
Seat 1: 9db3a488 (big blind) won ($1.08)
Seat 2: a892ea76 folded on the River
Seat 3: Hero folded before Flop (didn't bet)
Seat 4: 26a23e32 folded before Flop (didn't bet)
Seat 5: 45c753ea (button) folded before Flop (didn't bet)
Seat 6: 188abe33 (small blind) folded on the Flop


Poker Hand #HD1168482565: Hold'em No Limit  ($0.02/$0.05) - 2023/03/20 18:26:03
Table 'NLHBlue81' 6-max Seat #4 is the button
Seat 1: 9db3a488 ($7.7 in chips)
Seat 2: a892ea76 ($1.91 in chips)
Seat 3: Hero ($5 in chips)
Seat 4: 26a23e32 ($11.87 in chips)
Seat 5: 45c753ea ($5.78 in chips)
Seat 6: 188abe33 ($5.44 in chips)
45c753ea: posts small blind $0.02
188abe33: posts big blind $0.05
*** HOLE CARDS ***
Dealt to 9db3a488 
Dealt to a892ea76 
Dealt to Hero [Td As]
Dealt to 26a23e32 
Dealt to 45c753ea 
Dealt to 188abe33 
9db3a488: folds
a892ea76: folds
Hero: raises $0.07 to $0.12
26a23e32: folds
45c753ea: folds
188abe33: folds
Uncalled bet ($0.07) returned to Hero
*** SHOWDOWN ***
Hero collected $0.12 from pot
*** SUMMARY ***
Total pot $0.12 | Rake $0 | Jackpot $0 | Bingo $0 | Fortune $0
Seat 1: 9db3a488 folded before Flop (didn't bet)
Seat 2: a892ea76 folded before Flop (didn't bet)
Seat 3: Hero collected ($0.12)
Seat 4: 26a23e32 (button) folded before Flop (didn't bet)
Seat 5: 45c753ea (small blind) folded before Flop
Seat 6: 188abe33 (big blind) folded before Flop


Poker Hand #HD1168482487: Hold'em No Limit  ($0.02/$0.05) - 2023/03/20 18:25:33
Table 'NLHBlue81' 6-max Seat #3 is the button
Seat 1: 9db3a488 ($7.58 in chips)
Seat 2: a892ea76 ($1.96 in chips)
Seat 3: Hero ($5 in chips)
Seat 4: 26a23e32 ($11.89 in chips)
Seat 5: 45c753ea ($5.83 in chips)
Seat 6: 188abe33 ($5.44 in chips)
26a23e32: posts small blind $0.02
45c753ea: posts big blind $0.05
a892ea76: posts big blind $0.05
*** HOLE CARDS ***
Dealt to 9db3a488 
Dealt to a892ea76 
Dealt to Hero [5d 6c]
Dealt to 26a23e32 
Dealt to 45c753ea 
Dealt to 188abe33 
188abe33: folds
9db3a488: raises $0.13 to $0.18
a892ea76: folds
Hero: folds
26a23e32: folds
45c753ea: folds
Uncalled bet ($0.13) returned to 9db3a488
*** SHOWDOWN ***
9db3a488 collected $0.17 from pot
*** SUMMARY ***
Total pot $0.17 | Rake $0 | Jackpot $0 | Bingo $0 | Fortune $0
Seat 1: 9db3a488 collected ($0.17)
Seat 2: a892ea76 folded before Flop
Seat 3: Hero (button) folded before Flop (didn't bet)
Seat 4: 26a23e32 (small blind) folded before Flop
Seat 5: 45c753ea (big blind) folded before Flop
Seat 6: 188abe33 folded before Flop (didn't bet)


Poker Hand #HD1168482272: Hold'em No Limit  ($0.02/$0.05) - 2023/03/20 18:24:06
Table 'NLHBlue81' 6-max Seat #1 is the button
Seat 1: 9db3a488 ($7.02 in chips)
Seat 3: Hero ($5 in chips)
Seat 4: 26a23e32 ($12.49 in chips)
Seat 5: 45c753ea ($5.83 in chips)
Seat 6: 188abe33 ($5.44 in chips)
Hero: posts small blind $0.02
26a23e32: posts big blind $0.05
*** HOLE CARDS ***
Dealt to 9db3a488 
Dealt to Hero [6h Th]
Dealt to 26a23e32 
Dealt to 45c753ea 
Dealt to 188abe33 
45c753ea: folds
188abe33: folds
9db3a488: raises $0.08 to $0.13
Hero: folds
26a23e32: raises $0.47 to $0.6
9db3a488: raises $0.74 to $1.34
26a23e32: folds
Uncalled bet ($0.74) returned to 9db3a488
*** SHOWDOWN ***
9db3a488 collected $1.16 from pot
*** SUMMARY ***
Total pot $1.22 | Rake $0.06 | Jackpot $0 | Bingo $0 | Fortune $0
Seat 1: 9db3a488 (button) collected ($1.16)
Seat 3: Hero (small blind) folded before Flop
Seat 4: 26a23e32 (big blind) folded before Flop
Seat 5: 45c753ea folded before Flop (didn't bet)
Seat 6: 188abe33 folded before Flop (didn't bet)


Poker Hand #HD1168482194: Hold'em No Limit  ($0.02/$0.05) - 2023/03/20 18:23:37
Table 'NLHBlue81' 6-max Seat #6 is the button
Seat 1: 9db3a488 ($6.97 in chips)
Seat 3: Hero ($5 in chips)
Seat 4: 26a23e32 ($12.49 in chips)
Seat 5: 45c753ea ($5.83 in chips)
Seat 6: 188abe33 ($5.44 in chips)
9db3a488: posts small blind $0.02
Hero: posts big blind $0.05
*** HOLE CARDS ***
Dealt to 9db3a488 
Dealt to Hero [2d 3s]
Dealt to 26a23e32 
Dealt to 45c753ea 
Dealt to 188abe33 
26a23e32: folds
45c753ea: folds
188abe33: folds
9db3a488: raises $0.1 to $0.15
Hero: folds
Uncalled bet ($0.1) returned to 9db3a488
*** SHOWDOWN ***
9db3a488 collected $0.1 from pot
*** SUMMARY ***
Total pot $0.1 | Rake $0 | Jackpot $0 | Bingo $0 | Fortune $0
Seat 1: 9db3a488 (small blind) collected ($0.1)
Seat 3: Hero (big blind) folded before Flop
Seat 4: 26a23e32 folded before Flop (didn't bet)
Seat 5: 45c753ea folded before Flop (didn't bet)
Seat 6: 188abe33 (button) folded before Flop (didn't bet)


