Poker Hand #HD1145766736: Hold'em No Limit  ($0.02/$0.05) - 2023/03/04 16:07:14
Table 'NLHBlue91' 6-max Seat #3 is the button
Seat 1: 4ea5dea2 ($10.35 in chips)
Seat 2: 603c1382 ($5.45 in chips)
Seat 3: 696957f4 ($6.61 in chips)
Seat 4: 1b4c4cd6 ($6.58 in chips)
Seat 5: acb3151b ($0.5 in chips)
Seat 6: Hero ($6.79 in chips)
1b4c4cd6: posts small blind $0.02
acb3151b: posts big blind $0.05
*** HOLE CARDS ***
Dealt to 4ea5dea2 
Dealt to 603c1382 
Dealt to 696957f4 
Dealt to 1b4c4cd6 
Dealt to acb3151b 
Dealt to Hero [Jc 8c]
Hero: folds
4ea5dea2: folds
603c1382: raises $0.1 to $0.15
696957f4: folds
1b4c4cd6: folds
acb3151b: calls $0.1
*** FLOP *** [4h 7s Kd]
acb3151b: checks
603c1382: checks
*** TURN *** [4h 7s Kd] [8h]
acb3151b: checks
603c1382: checks
*** RIVER *** [4h 7s Kd 8h] [Qd]
acb3151b: bets $0.05
603c1382: folds
Uncalled bet ($0.05) returned to acb3151b
*** SHOWDOWN ***
acb3151b collected $0.31 from pot
*** SUMMARY ***
Total pot $0.32 | Rake $0.01 | Jackpot $0 | Bingo $0 | Fortune $0
Board [4h 7s Kd 8h Qd]
Seat 1: 4ea5dea2 folded before Flop (didn't bet)
Seat 2: 603c1382 folded on the River
Seat 3: 696957f4 (button) folded before Flop (didn't bet)
Seat 4: 1b4c4cd6 (small blind) folded before Flop
Seat 5: acb3151b (big blind) won ($0.31)
Seat 6: Hero folded before Flop (didn't bet)


Poker Hand #HD1145766564: Hold'em No Limit  ($0.02/$0.05) - 2023/03/04 16:06:20
Table 'NLHBlue91' 6-max Seat #2 is the button
Seat 1: 4ea5dea2 ($10.35 in chips)
Seat 2: 603c1382 ($5.45 in chips)
Seat 3: 696957f4 ($6.47 in chips)
Seat 4: 1b4c4cd6 ($6.73 in chips)
Seat 5: acb3151b ($0.5 in chips)
Seat 6: Hero ($6.79 in chips)
696957f4: posts small blind $0.02
1b4c4cd6: posts big blind $0.05
*** HOLE CARDS ***
Dealt to 4ea5dea2 
Dealt to 603c1382 
Dealt to 696957f4 
Dealt to 1b4c4cd6 
Dealt to acb3151b 
Dealt to Hero [4h Ts]
acb3151b: folds
Hero: folds
4ea5dea2: folds
603c1382: folds
696957f4: raises $0.1 to $0.15
1b4c4cd6: calls $0.1
*** FLOP *** [5d 8c 6d]
696957f4: bets $0.2
1b4c4cd6: folds
Uncalled bet ($0.2) returned to 696957f4
*** SHOWDOWN ***
696957f4 collected $0.29 from pot
*** SUMMARY ***
Total pot $0.3 | Rake $0.01 | Jackpot $0 | Bingo $0 | Fortune $0
Board [5d 8c 6d]
Seat 1: 4ea5dea2 folded before Flop (didn't bet)
Seat 2: 603c1382 (button) folded before Flop (didn't bet)
Seat 3: 696957f4 (small blind) won ($0.29)
Seat 4: 1b4c4cd6 (big blind) folded on the Flop
Seat 5: acb3151b folded before Flop (didn't bet)
Seat 6: Hero folded before Flop (didn't bet)


Poker Hand #HD1145766390: Hold'em No Limit  ($0.02/$0.05) - 2023/03/04 16:05:15
Table 'NLHBlue91' 6-max Seat #1 is the button
Seat 1: 4ea5dea2 ($10.35 in chips)
Seat 2: 603c1382 ($5.47 in chips)
Seat 3: 696957f4 ($6.31 in chips)
Seat 4: 1b4c4cd6 ($6.73 in chips)
Seat 5: acb3151b ($0.65 in chips)
Seat 6: Hero ($6.79 in chips)
603c1382: posts small blind $0.02
696957f4: posts big blind $0.05
*** HOLE CARDS ***
Dealt to 4ea5dea2 
Dealt to 603c1382 
Dealt to 696957f4 
Dealt to 1b4c4cd6 
Dealt to acb3151b 
Dealt to Hero [Qs 4c]
1b4c4cd6: folds
acb3151b: calls $0.05
Hero: folds
4ea5dea2: folds
603c1382: folds
696957f4: checks
*** FLOP *** [6c 9h Qh]
696957f4: checks
acb3151b: checks
*** TURN *** [6c 9h Qh] [Tc]
696957f4: checks
acb3151b: checks
*** RIVER *** [6c 9h Qh Tc] [Jd]
696957f4: bets $0.1
acb3151b: calls $0.1
696957f4: shows [Td 8h] (Queens-High Straight)
acb3151b: shows [5s Js] (Pair of Jacks)
*** SHOWDOWN ***
696957f4 collected $0.31 from pot
*** SUMMARY ***
Total pot $0.32 | Rake $0.01 | Jackpot $0 | Bingo $0 | Fortune $0
Board [6c 9h Qh Tc Jd]
Seat 1: 4ea5dea2 (button) folded before Flop (didn't bet)
Seat 2: 603c1382 (small blind) folded before Flop
Seat 3: 696957f4 (big blind) showed [Td 8h] and won ($0.31) with Queens-High Straight
Seat 4: 1b4c4cd6 folded before Flop (didn't bet)
Seat 5: acb3151b showed [5s Js] and lost with Pair of Jacks
Seat 6: Hero folded before Flop (didn't bet)


Poker Hand #HD1145766324: Hold'em No Limit  ($0.02/$0.05) - 2023/03/04 16:04:57
Table 'NLHBlue91' 6-max Seat #6 is the button
Seat 1: 4ea5dea2 ($10.37 in chips)
Seat 2: 603c1382 ($5.45 in chips)
Seat 3: 696957f4 ($6.31 in chips)
Seat 4: 1b4c4cd6 ($6.73 in chips)
Seat 5: acb3151b ($0.65 in chips)
Seat 6: Hero ($6.79 in chips)
4ea5dea2: posts small blind $0.02
603c1382: posts big blind $0.05
*** HOLE CARDS ***
Dealt to 4ea5dea2 
Dealt to 603c1382 
Dealt to 696957f4 
Dealt to 1b4c4cd6 
Dealt to acb3151b 
Dealt to Hero [8s 5c]
696957f4: folds
1b4c4cd6: folds
acb3151b: folds
Hero: folds
4ea5dea2: folds
Uncalled bet ($0.03) returned to 603c1382
*** SHOWDOWN ***
603c1382 collected $0.04 from pot
*** SUMMARY ***
Total pot $0.04 | Rake $0 | Jackpot $0 | Bingo $0 | Fortune $0
Seat 1: 4ea5dea2 (small blind) folded before Flop
Seat 2: 603c1382 (big blind) collected ($0.04)
Seat 3: 696957f4 folded before Flop (didn't bet)
Seat 4: 1b4c4cd6 folded before Flop (didn't bet)
Seat 5: acb3151b folded before Flop (didn't bet)
Seat 6: Hero (button) folded before Flop (didn't bet)


Poker Hand #HD1145766245: Hold'em No Limit  ($0.02/$0.05) - 2023/03/04 16:04:29
Table 'NLHBlue91' 6-max Seat #5 is the button
Seat 1: 4ea5dea2 ($10.42 in chips)
Seat 2: 603c1382 ($5.45 in chips)
Seat 3: 696957f4 ($6.31 in chips)
Seat 4: 1b4c4cd6 ($6.66 in chips)
Seat 5: acb3151b ($0.65 in chips)
Seat 6: Hero ($6.81 in chips)
Hero: posts small blind $0.02
4ea5dea2: posts big blind $0.05
*** HOLE CARDS ***
Dealt to 4ea5dea2 
Dealt to 603c1382 
Dealt to 696957f4 
Dealt to 1b4c4cd6 
Dealt to acb3151b 
Dealt to Hero [5c 3c]
603c1382: folds
696957f4: folds
1b4c4cd6: raises $0.08 to $0.13
acb3151b: folds
Hero: folds
4ea5dea2: folds
Uncalled bet ($0.08) returned to 1b4c4cd6
*** SHOWDOWN ***
1b4c4cd6 collected $0.12 from pot
*** SUMMARY ***
Total pot $0.12 | Rake $0 | Jackpot $0 | Bingo $0 | Fortune $0
Seat 1: 4ea5dea2 (big blind) folded before Flop
Seat 2: 603c1382 folded before Flop (didn't bet)
Seat 3: 696957f4 folded before Flop (didn't bet)
Seat 4: 1b4c4cd6 collected ($0.12)
Seat 5: acb3151b (button) folded before Flop (didn't bet)
Seat 6: Hero (small blind) folded before Flop


Poker Hand #HD1145766170: Hold'em No Limit  ($0.02/$0.05) - 2023/03/04 16:04:07
Table 'NLHBlue91' 6-max Seat #4 is the button
Seat 1: 4ea5dea2 ($10.42 in chips)
Seat 2: 603c1382 ($5.45 in chips)
Seat 3: 696957f4 ($6.31 in chips)
Seat 4: 1b4c4cd6 ($6.66 in chips)
Seat 5: acb3151b ($0.67 in chips)
Seat 6: Hero ($6.79 in chips)
acb3151b: posts small blind $0.02
Hero: posts big blind $0.05
*** HOLE CARDS ***
Dealt to 4ea5dea2 
Dealt to 603c1382 
Dealt to 696957f4 
Dealt to 1b4c4cd6 
Dealt to acb3151b 
Dealt to Hero [3s Ac]
4ea5dea2: folds
603c1382: folds
696957f4: folds
1b4c4cd6: folds
acb3151b: folds
Uncalled bet ($0.03) returned to Hero
*** SHOWDOWN ***
Hero collected $0.04 from pot
*** SUMMARY ***
Total pot $0.04 | Rake $0 | Jackpot $0 | Bingo $0 | Fortune $0
Seat 1: 4ea5dea2 folded before Flop (didn't bet)
Seat 2: 603c1382 folded before Flop (didn't bet)
Seat 3: 696957f4 folded before Flop (didn't bet)
Seat 4: 1b4c4cd6 (button) folded before Flop (didn't bet)
Seat 5: acb3151b (small blind) folded before Flop
Seat 6: Hero (big blind) collected ($0.04)


Poker Hand #HD1145765989: Hold'em No Limit  ($0.02/$0.05) - 2023/03/04 16:03:08
Table 'NLHBlue91' 6-max Seat #3 is the button
Seat 1: 4ea5dea2 ($10.19 in chips)
Seat 2: 603c1382 ($5.56 in chips)
Seat 3: 696957f4 ($6.31 in chips)
Seat 4: 1b4c4cd6 ($6.68 in chips)
Seat 5: acb3151b ($0.78 in chips)
Seat 6: Hero ($6.79 in chips)
1b4c4cd6: posts small blind $0.02
acb3151b: posts big blind $0.05
*** HOLE CARDS ***
Dealt to 4ea5dea2 
Dealt to 603c1382 
Dealt to 696957f4 
Dealt to 1b4c4cd6 
Dealt to acb3151b 
Dealt to Hero [3s 6d]
Hero: folds
4ea5dea2: raises $0.06 to $0.11
603c1382: calls $0.11
696957f4: folds
1b4c4cd6: folds
acb3151b: calls $0.06
*** FLOP *** [7c 2h 7d]
acb3151b: checks
4ea5dea2: checks
603c1382: checks
*** TURN *** [7c 2h 7d] [Ks]
acb3151b: checks
4ea5dea2: bets $0.12
603c1382: folds
acb3151b: folds
Uncalled bet ($0.12) returned to 4ea5dea2
*** SHOWDOWN ***
4ea5dea2 collected $0.34 from pot
*** SUMMARY ***
Total pot $0.35 | Rake $0.01 | Jackpot $0 | Bingo $0 | Fortune $0
Board [7c 2h 7d Ks]
Seat 1: 4ea5dea2 won ($0.34)
Seat 2: 603c1382 folded on the Turn
Seat 3: 696957f4 (button) folded before Flop (didn't bet)
Seat 4: 1b4c4cd6 (small blind) folded before Flop
Seat 5: acb3151b (big blind) folded on the Turn
Seat 6: Hero folded before Flop (didn't bet)


Poker Hand #HD1145765882: Hold'em No Limit  ($0.02/$0.05) - 2023/03/04 16:02:29
Table 'NLHBlue91' 6-max Seat #2 is the button
Seat 1: 4ea5dea2 ($10.19 in chips)
Seat 2: 603c1382 ($5.29 in chips)
Seat 3: 696957f4 ($6.33 in chips)
Seat 4: 1b4c4cd6 ($6.73 in chips)
Seat 5: acb3151b ($1 in chips)
Seat 6: Hero ($6.79 in chips)
696957f4: posts small blind $0.02
1b4c4cd6: posts big blind $0.05
acb3151b: posts big blind $0.05
*** HOLE CARDS ***
Dealt to 4ea5dea2 
Dealt to 603c1382 
Dealt to 696957f4 
Dealt to 1b4c4cd6 
Dealt to acb3151b 
Dealt to Hero [Qd 7h]
acb3151b: checks
Hero: folds
4ea5dea2: folds
603c1382: raises $0.17 to $0.22
696957f4: folds
1b4c4cd6: folds
acb3151b: calls $0.17
*** FLOP *** [Td 3d 2h]
acb3151b: checks
603c1382: bets $0.17
acb3151b: folds
Uncalled bet ($0.17) returned to 603c1382
*** SHOWDOWN ***
603c1382 collected $0.49 from pot
*** SUMMARY ***
Total pot $0.51 | Rake $0.02 | Jackpot $0 | Bingo $0 | Fortune $0
Board [Td 3d 2h]
Seat 1: 4ea5dea2 folded before Flop (didn't bet)
Seat 2: 603c1382 (button) won ($0.49)
Seat 3: 696957f4 (small blind) folded before Flop
Seat 4: 1b4c4cd6 (big blind) folded before Flop
Seat 5: acb3151b folded on the Flop
Seat 6: Hero folded before Flop (didn't bet)


Poker Hand #HD1145765800: Hold'em No Limit  ($0.02/$0.05) - 2023/03/04 16:02:03
Table 'NLHBlue91' 6-max Seat #1 is the button
Seat 1: 4ea5dea2 ($10.19 in chips)
Seat 2: 603c1382 ($5.13 in chips)
Seat 3: 696957f4 ($6.38 in chips)
Seat 4: 1b4c4cd6 ($6.73 in chips)
Seat 6: Hero ($6.91 in chips)
603c1382: posts small blind $0.02
696957f4: posts big blind $0.05
*** HOLE CARDS ***
Dealt to 4ea5dea2 
Dealt to 603c1382 
Dealt to 696957f4 
Dealt to 1b4c4cd6 
Dealt to Hero [Qc Ts]
1b4c4cd6: folds
Hero: raises $0.07 to $0.12
4ea5dea2: folds
603c1382: raises $0.33 to $0.45
696957f4: folds
Hero: folds
Uncalled bet ($0.33) returned to 603c1382
*** SHOWDOWN ***
603c1382 collected $0.28 from pot
*** SUMMARY ***
Total pot $0.29 | Rake $0.01 | Jackpot $0 | Bingo $0 | Fortune $0
Seat 1: 4ea5dea2 (button) folded before Flop (didn't bet)
Seat 2: 603c1382 (small blind) collected ($0.28)
Seat 3: 696957f4 (big blind) folded before Flop
Seat 4: 1b4c4cd6 folded before Flop (didn't bet)
Seat 6: Hero folded before Flop


Poker Hand #HD1145765682: Hold'em No Limit  ($0.02/$0.05) - 2023/03/04 16:01:24
Table 'NLHBlue91' 6-max Seat #6 is the button
Seat 1: 4ea5dea2 ($10.21 in chips)
Seat 2: 603c1382 ($5 in chips)
Seat 3: 696957f4 ($6.38 in chips)
Seat 4: 1b4c4cd6 ($6.73 in chips)
Seat 6: Hero ($7.03 in chips)
4ea5dea2: posts small blind $0.02
603c1382: posts big blind $0.05
*** HOLE CARDS ***
Dealt to 4ea5dea2 
Dealt to 603c1382 
Dealt to 696957f4 
Dealt to 1b4c4cd6 
Dealt to Hero [6s 8s]
696957f4: folds
1b4c4cd6: folds
Hero: raises $0.07 to $0.12
4ea5dea2: folds
603c1382: raises $0.33 to $0.45
Hero: folds
Uncalled bet ($0.33) returned to 603c1382
*** SHOWDOWN ***
603c1382 collected $0.25 from pot
*** SUMMARY ***
Total pot $0.26 | Rake $0.01 | Jackpot $0 | Bingo $0 | Fortune $0
Seat 1: 4ea5dea2 (small blind) folded before Flop
Seat 2: 603c1382 (big blind) collected ($0.25)
Seat 3: 696957f4 folded before Flop (didn't bet)
Seat 4: 1b4c4cd6 folded before Flop (didn't bet)
Seat 6: Hero (button) folded before Flop


Poker Hand #HD1145765660: Hold'em No Limit  ($0.02/$0.05) - 2023/03/04 16:01:17
Table 'NLHBlue91' 6-max Seat #4 is the button
Seat 1: 4ea5dea2 ($10.19 in chips)
Seat 2: 603c1382 ($5 in chips)
Seat 3: 696957f4 ($6.38 in chips)
Seat 4: 1b4c4cd6 ($6.73 in chips)
Seat 6: Hero ($7.05 in chips)
Hero: posts small blind $0.02
4ea5dea2: posts big blind $0.05
*** HOLE CARDS ***
Dealt to 4ea5dea2 
Dealt to 603c1382 
Dealt to 696957f4 
Dealt to 1b4c4cd6 
Dealt to Hero [2s Th]
603c1382: folds
696957f4: folds
1b4c4cd6: folds
Hero: folds
Uncalled bet ($0.03) returned to 4ea5dea2
*** SHOWDOWN ***
4ea5dea2 collected $0.04 from pot
*** SUMMARY ***
Total pot $0.04 | Rake $0 | Jackpot $0 | Bingo $0 | Fortune $0
Seat 1: 4ea5dea2 (big blind) collected ($0.04)
Seat 2: 603c1382 folded before Flop (didn't bet)
Seat 3: 696957f4 folded before Flop (didn't bet)
Seat 4: 1b4c4cd6 (button) folded before Flop (didn't bet)
Seat 6: Hero (small blind) folded before Flop


Poker Hand #HD1145695508: Hold'em No Limit  ($0.02/$0.05) - 2023/03/04 16:00:26
Table 'NLHBlue91' 6-max Seat #3 is the button
Seat 1: 4ea5dea2 ($10.19 in chips)
Seat 2: 603c1382 ($5.67 in chips)
Seat 3: 696957f4 ($6.38 in chips)
Seat 4: 1b4c4cd6 ($6.75 in chips)
Seat 5: c9f353f1 ($5 in chips)
Seat 6: Hero ($5.6 in chips)
1b4c4cd6: posts small blind $0.02
c9f353f1: posts big blind $0.05
*** HOLE CARDS ***
Dealt to 4ea5dea2 
Dealt to 603c1382 
Dealt to 696957f4 
Dealt to 1b4c4cd6 
Dealt to c9f353f1 
Dealt to Hero [Jc Qc]
Hero: raises $0.07 to $0.12
4ea5dea2: folds
603c1382: raises $0.33 to $0.45
696957f4: folds
1b4c4cd6: folds
c9f353f1: folds
Hero: calls $0.33
*** FLOP *** [Qs 9c 6d]
Hero: bets $0.49
603c1382: calls $0.49
*** TURN *** [Qs 9c 6d] [5s]
Hero: bets $0.65
603c1382: calls $0.65
*** RIVER *** [Qs 9c 6d 5s] [2d]
Hero: checks
603c1382: checks
Hero: shows [Jc Qc] (Pair of Queens)
603c1382: shows [Td Ts] (Pair of Tens)
*** SHOWDOWN ***
Hero collected $3.04 from pot
*** SUMMARY ***
Total pot $3.25 | Rake $0.16 | Jackpot $0.05 | Bingo $0 | Fortune $0
Board [Qs 9c 6d 5s 2d]
Seat 1: 4ea5dea2 folded before Flop (didn't bet)
Seat 2: 603c1382 showed [Td Ts] and lost with Pair of Tens
Seat 3: 696957f4 (button) folded before Flop (didn't bet)
Seat 4: 1b4c4cd6 (small blind) folded before Flop
Seat 5: c9f353f1 (big blind) folded before Flop
Seat 6: Hero showed [Jc Qc] and won ($3.04) with Pair of Queens


Poker Hand #HD1145695459: Hold'em No Limit  ($0.02/$0.05) - 2023/03/04 16:00:08
Table 'NLHBlue91' 6-max Seat #2 is the button
Seat 1: 4ea5dea2 ($10.12 in chips)
Seat 2: 603c1382 ($5.67 in chips)
Seat 3: 696957f4 ($6.4 in chips)
Seat 4: 1b4c4cd6 ($6.8 in chips)
Seat 6: Hero ($5.6 in chips)
696957f4: posts small blind $0.02
1b4c4cd6: posts big blind $0.05
*** HOLE CARDS ***
Dealt to 4ea5dea2 
Dealt to 603c1382 
Dealt to 696957f4 
Dealt to 1b4c4cd6 
Dealt to Hero [3s Ac]
Hero: folds
4ea5dea2: raises $0.07 to $0.12
603c1382: folds
696957f4: folds
1b4c4cd6: folds
Uncalled bet ($0.07) returned to 4ea5dea2
*** SHOWDOWN ***
4ea5dea2 collected $0.12 from pot
*** SUMMARY ***
Total pot $0.12 | Rake $0 | Jackpot $0 | Bingo $0 | Fortune $0
Seat 1: 4ea5dea2 collected ($0.12)
Seat 2: 603c1382 (button) folded before Flop (didn't bet)
Seat 3: 696957f4 (small blind) folded before Flop
Seat 4: 1b4c4cd6 (big blind) folded before Flop
Seat 6: Hero folded before Flop (didn't bet)


Poker Hand #HD1145695401: Hold'em No Limit  ($0.02/$0.05) - 2023/03/04 15:59:47
Table 'NLHBlue91' 6-max Seat #1 is the button
Seat 1: 4ea5dea2 ($10.05 in chips)
Seat 2: 603c1382 ($5.69 in chips)
Seat 3: 696957f4 ($6.45 in chips)
Seat 4: 1b4c4cd6 ($6.8 in chips)
Seat 6: Hero ($5.6 in chips)
603c1382: posts small blind $0.02
696957f4: posts big blind $0.05
*** HOLE CARDS ***
Dealt to 4ea5dea2 
Dealt to 603c1382 
Dealt to 696957f4 
Dealt to 1b4c4cd6 
Dealt to Hero [8d 3c]
1b4c4cd6: folds
Hero: folds
4ea5dea2: raises $0.08 to $0.13
603c1382: folds
696957f4: folds
Uncalled bet ($0.08) returned to 4ea5dea2
*** SHOWDOWN ***
4ea5dea2 collected $0.12 from pot
*** SUMMARY ***
Total pot $0.12 | Rake $0 | Jackpot $0 | Bingo $0 | Fortune $0
Seat 1: 4ea5dea2 (button) collected ($0.12)
Seat 2: 603c1382 (small blind) folded before Flop
Seat 3: 696957f4 (big blind) folded before Flop
Seat 4: 1b4c4cd6 folded before Flop (didn't bet)
Seat 6: Hero folded before Flop (didn't bet)


Poker Hand #HD1145695178: Hold'em No Limit  ($0.02/$0.05) - 2023/03/04 15:58:33
Table 'NLHBlue91' 6-max Seat #6 is the button
Seat 1: 4ea5dea2 ($10.07 in chips)
Seat 2: 603c1382 ($6.2 in chips)
Seat 3: 696957f4 ($6.45 in chips)
Seat 4: 1b4c4cd6 ($6.8 in chips)
Seat 6: Hero ($5.12 in chips)
4ea5dea2: posts small blind $0.02
603c1382: posts big blind $0.05
*** HOLE CARDS ***
Dealt to 4ea5dea2 
Dealt to 603c1382 
Dealt to 696957f4 
Dealt to 1b4c4cd6 
Dealt to Hero [Jc Ad]
696957f4: folds
1b4c4cd6: folds
Hero: raises $0.07 to $0.12
4ea5dea2: folds
603c1382: calls $0.07
*** FLOP *** [As 3h 9s]
603c1382: checks
Hero: bets $0.13
603c1382: calls $0.13
*** TURN *** [As 3h 9s] [5h]
603c1382: checks
Hero: bets $0.26
603c1382: calls $0.26
*** RIVER *** [As 3h 9s 5h] [2s]
603c1382: checks
Hero: checks
603c1382: shows [Ah 7c] (Pair of Aces)
Hero: shows [Jc Ad] (Pair of Aces)
*** SHOWDOWN ***
Hero collected $0.99 from pot
*** SUMMARY ***
Total pot $1.04 | Rake $0.05 | Jackpot $0 | Bingo $0 | Fortune $0
Board [As 3h 9s 5h 2s]
Seat 1: 4ea5dea2 (small blind) folded before Flop
Seat 2: 603c1382 (big blind) showed [Ah 7c] and lost with Pair of Aces
Seat 3: 696957f4 folded before Flop (didn't bet)
Seat 4: 1b4c4cd6 folded before Flop (didn't bet)
Seat 6: Hero (button) showed [Jc Ad] and won ($0.99) with Pair of Aces


Poker Hand #HD1145695028: Hold'em No Limit  ($0.02/$0.05) - 2023/03/04 15:57:38
Table 'NLHBlue91' 6-max Seat #4 is the button
Seat 1: 4ea5dea2 ($9.88 in chips)
Seat 2: 603c1382 ($6.2 in chips)
Seat 3: 696957f4 ($6.63 in chips)
Seat 4: 1b4c4cd6 ($6.8 in chips)
Seat 6: Hero ($5.14 in chips)
Hero: posts small blind $0.02
4ea5dea2: posts big blind $0.05
*** HOLE CARDS ***
Dealt to 4ea5dea2 
Dealt to 603c1382 
Dealt to 696957f4 
Dealt to 1b4c4cd6 
Dealt to Hero [7d 6h]
603c1382: folds
696957f4: raises $0.05 to $0.1
1b4c4cd6: folds
Hero: folds
4ea5dea2: calls $0.05
*** FLOP *** [4s 7s Kd]
4ea5dea2: checks
696957f4: checks
*** TURN *** [4s 7s Kd] [Js]
4ea5dea2: checks
696957f4: checks
*** RIVER *** [4s 7s Kd Js] [3h]
4ea5dea2: bets $0.08
696957f4: calls $0.08
4ea5dea2: shows [Kh Jd] (Pair of Kings and Pair of Jacks)
696957f4: shows [9h 9d] (Pair of Nines)
*** SHOWDOWN ***
4ea5dea2 collected $0.37 from pot
*** SUMMARY ***
Total pot $0.38 | Rake $0.01 | Jackpot $0 | Bingo $0 | Fortune $0
Board [4s 7s Kd Js 3h]
Seat 1: 4ea5dea2 (big blind) showed [Kh Jd] and won ($0.37) with Pair of Kings and Pair of Jacks
Seat 2: 603c1382 folded before Flop (didn't bet)
Seat 3: 696957f4 showed [9h 9d] and lost with Pair of Nines
Seat 4: 1b4c4cd6 (button) folded before Flop (didn't bet)
Seat 6: Hero (small blind) folded before Flop


Poker Hand #HD1145694948: Hold'em No Limit  ($0.02/$0.05) - 2023/03/04 15:57:09
Table 'NLHBlue91' 6-max Seat #3 is the button
Seat 1: 4ea5dea2 ($9.88 in chips)
Seat 2: 603c1382 ($6.2 in chips)
Seat 3: 696957f4 ($6.76 in chips)
Seat 4: 1b4c4cd6 ($6.82 in chips)
Seat 6: Hero ($5 in chips)
1b4c4cd6: posts small blind $0.02
Hero: posts big blind $0.05
*** HOLE CARDS ***
Dealt to 4ea5dea2 
Dealt to 603c1382 
Dealt to 696957f4 
Dealt to 1b4c4cd6 
Dealt to Hero [Jc Ac]
4ea5dea2: folds
603c1382: folds
696957f4: raises $0.08 to $0.13
1b4c4cd6: folds
Hero: raises $0.33 to $0.46
696957f4: folds
Uncalled bet ($0.33) returned to Hero
*** SHOWDOWN ***
Hero collected $0.27 from pot
*** SUMMARY ***
Total pot $0.28 | Rake $0.01 | Jackpot $0 | Bingo $0 | Fortune $0
Seat 1: 4ea5dea2 folded before Flop (didn't bet)
Seat 2: 603c1382 folded before Flop (didn't bet)
Seat 3: 696957f4 (button) folded before Flop
Seat 4: 1b4c4cd6 (small blind) folded before Flop
Seat 6: Hero (big blind) collected ($0.27)


Poker Hand #HD1145694794: Hold'em No Limit  ($0.02/$0.05) - 2023/03/04 15:56:18
Table 'NLHBlue91' 6-max Seat #2 is the button
Seat 1: 4ea5dea2 ($9.88 in chips)
Seat 2: 603c1382 ($6.2 in chips)
Seat 3: 696957f4 ($6.78 in chips)
Seat 4: 1b4c4cd6 ($6.34 in chips)
Seat 5: b1614c68 ($5 in chips)
Seat 6: Hero ($5 in chips)
696957f4: posts small blind $0.02
1b4c4cd6: posts big blind $0.05
*** HOLE CARDS ***
Dealt to 4ea5dea2 
Dealt to 603c1382 
Dealt to 696957f4 
Dealt to 1b4c4cd6 
Dealt to b1614c68 
Dealt to Hero [Ac Qc]
b1614c68: folds
Hero: raises $0.07 to $0.12
4ea5dea2: folds
603c1382: folds
696957f4: folds
1b4c4cd6: calls $0.07
*** FLOP *** [Tc Ts Kd]
1b4c4cd6: checks
Hero: bets $0.13
1b4c4cd6: calls $0.13
*** TURN *** [Tc Ts Kd] [4h]
1b4c4cd6: checks
Hero: checks
*** RIVER *** [Tc Ts Kd 4h] [5s]
1b4c4cd6: bets $0.26
Hero: calls $0.26
1b4c4cd6: shows [Jc Kc] (Pair of Kings and Pair of Tens)
Hero: shows [Ac Qc] (Pair of Tens)
*** SHOWDOWN ***
1b4c4cd6 collected $0.99 from pot
*** SUMMARY ***
Total pot $1.04 | Rake $0.05 | Jackpot $0 | Bingo $0 | Fortune $0
Board [Tc Ts Kd 4h 5s]
Seat 1: 4ea5dea2 folded before Flop (didn't bet)
Seat 2: 603c1382 (button) folded before Flop (didn't bet)
Seat 3: 696957f4 (small blind) folded before Flop
Seat 4: 1b4c4cd6 (big blind) showed [Jc Kc] and won ($0.99) with Pair of Kings and Pair of Tens
Seat 5: b1614c68 folded before Flop (didn't bet)
Seat 6: Hero showed [Ac Qc] and lost with Pair of Tens


Poker Hand #HD1145694620: Hold'em No Limit  ($0.02/$0.05) - 2023/03/04 15:55:21
Table 'NLHBlue91' 6-max Seat #1 is the button
Seat 1: 4ea5dea2 ($9.56 in chips)
Seat 2: 603c1382 ($6.22 in chips)
Seat 3: 696957f4 ($6.83 in chips)
Seat 4: 1b4c4cd6 ($6.34 in chips)
Seat 5: b1614c68 ($5 in chips)
Seat 6: Hero ($5 in chips)
603c1382: posts small blind $0.02
696957f4: posts big blind $0.05
*** HOLE CARDS ***
Dealt to 4ea5dea2 
Dealt to 603c1382 
Dealt to 696957f4 
Dealt to 1b4c4cd6 
Dealt to b1614c68 
Dealt to Hero [Td Ad]
1b4c4cd6: folds
b1614c68: folds
Hero: raises $0.07 to $0.12
4ea5dea2: calls $0.12
603c1382: folds
696957f4: folds
*** FLOP *** [2d 9s Js]
Hero: bets $0.16
4ea5dea2: calls $0.16
*** TURN *** [2d 9s Js] [5s]
Hero: checks
4ea5dea2: bets $0.32
Hero: folds
Uncalled bet ($0.32) returned to 4ea5dea2
*** SHOWDOWN ***
4ea5dea2 collected $0.6 from pot
*** SUMMARY ***
Total pot $0.63 | Rake $0.03 | Jackpot $0 | Bingo $0 | Fortune $0
Board [2d 9s Js 5s]
Seat 1: 4ea5dea2 (button) won ($0.6)
Seat 2: 603c1382 (small blind) folded before Flop
Seat 3: 696957f4 (big blind) folded before Flop
Seat 4: 1b4c4cd6 folded before Flop (didn't bet)
Seat 5: b1614c68 folded before Flop (didn't bet)
Seat 6: Hero folded on the Turn


Poker Hand #HD1145694565: Hold'em No Limit  ($0.02/$0.05) - 2023/03/04 15:55:00
Table 'NLHBlue91' 6-max Seat #6 is the button
Seat 1: 4ea5dea2 ($9.58 in chips)
Seat 2: 603c1382 ($6.27 in chips)
Seat 3: 696957f4 ($6.83 in chips)
Seat 4: 1b4c4cd6 ($6.27 in chips)
Seat 5: b1614c68 ($5 in chips)
Seat 6: Hero ($5 in chips)
4ea5dea2: posts small blind $0.02
603c1382: posts big blind $0.05
*** HOLE CARDS ***
Dealt to 4ea5dea2 
Dealt to 603c1382 
Dealt to 696957f4 
Dealt to 1b4c4cd6 
Dealt to b1614c68 
Dealt to Hero [7d Td]
696957f4: folds
1b4c4cd6: raises $0.08 to $0.13
b1614c68: folds
Hero: folds
4ea5dea2: folds
603c1382: folds
Uncalled bet ($0.08) returned to 1b4c4cd6
*** SHOWDOWN ***
1b4c4cd6 collected $0.12 from pot
*** SUMMARY ***
Total pot $0.12 | Rake $0 | Jackpot $0 | Bingo $0 | Fortune $0
Seat 1: 4ea5dea2 (small blind) folded before Flop
Seat 2: 603c1382 (big blind) folded before Flop
Seat 3: 696957f4 folded before Flop (didn't bet)
Seat 4: 1b4c4cd6 collected ($0.12)
Seat 5: b1614c68 folded before Flop (didn't bet)
Seat 6: Hero (button) folded before Flop (didn't bet)


Poker Hand #HD1145694497: Hold'em No Limit  ($0.02/$0.05) - 2023/03/04 15:54:40
Table 'NLHBlue91' 6-max Seat #5 is the button
Seat 1: 4ea5dea2 ($9.63 in chips)
Seat 2: 603c1382 ($6.2 in chips)
Seat 3: 696957f4 ($6.83 in chips)
Seat 4: 1b4c4cd6 ($6.27 in chips)
Seat 5: b1614c68 ($5 in chips)
Seat 6: Hero ($5 in chips)
Hero: posts small blind $0.02
4ea5dea2: posts big blind $0.05
*** HOLE CARDS ***
Dealt to 4ea5dea2 
Dealt to 603c1382 
Dealt to 696957f4 
Dealt to 1b4c4cd6 
Dealt to b1614c68 
Dealt to Hero [Jh Kc]
603c1382: raises $0.1 to $0.15
696957f4: folds
1b4c4cd6: folds
b1614c68: folds
Hero: folds
4ea5dea2: folds
Uncalled bet ($0.1) returned to 603c1382
*** SHOWDOWN ***
603c1382 collected $0.12 from pot
*** SUMMARY ***
Total pot $0.12 | Rake $0 | Jackpot $0 | Bingo $0 | Fortune $0
Seat 1: 4ea5dea2 (big blind) folded before Flop
Seat 2: 603c1382 collected ($0.12)
Seat 3: 696957f4 folded before Flop (didn't bet)
Seat 4: 1b4c4cd6 folded before Flop (didn't bet)
Seat 5: b1614c68 (button) folded before Flop (didn't bet)
Seat 6: Hero (small blind) folded before Flop


Poker Hand #HD1145694322: Hold'em No Limit  ($0.02/$0.05) - 2023/03/04 15:53:39
Table 'NLHBlue91' 6-max Seat #4 is the button
Seat 1: 4ea5dea2 ($9.11 in chips)
Seat 2: 603c1382 ($6.2 in chips)
Seat 3: 696957f4 ($6.83 in chips)
Seat 4: 1b4c4cd6 ($6.27 in chips)
Seat 5: b1614c68 ($5.02 in chips)
Seat 6: Hero ($5.28 in chips)
b1614c68: posts small blind $0.02
Hero: posts big blind $0.05
*** HOLE CARDS ***
Dealt to 4ea5dea2 
Dealt to 603c1382 
Dealt to 696957f4 
Dealt to 1b4c4cd6 
Dealt to b1614c68 
Dealt to Hero [Jh Ac]
4ea5dea2: raises $0.05 to $0.1
603c1382: folds
696957f4: folds
1b4c4cd6: folds
b1614c68: folds
Hero: calls $0.05
*** FLOP *** [Js 4s Ad]
Hero: bets $0.17
4ea5dea2: calls $0.17
*** TURN *** [Js 4s Ad] [Qc]
Hero: bets $0.28
4ea5dea2: calls $0.28
*** RIVER *** [Js 4s Ad Qc] [Ks]
Hero: checks
4ea5dea2: bets $0.95
Hero: folds
Uncalled bet ($0.95) returned to 4ea5dea2
*** SHOWDOWN ***
4ea5dea2 collected $1.07 from pot
*** SUMMARY ***
Total pot $1.12 | Rake $0.05 | Jackpot $0 | Bingo $0 | Fortune $0
Board [Js 4s Ad Qc Ks]
Seat 1: 4ea5dea2 won ($1.07)
Seat 2: 603c1382 folded before Flop (didn't bet)
Seat 3: 696957f4 folded before Flop (didn't bet)
Seat 4: 1b4c4cd6 (button) folded before Flop (didn't bet)
Seat 5: b1614c68 (small blind) folded before Flop
Seat 6: Hero (big blind) folded on the River


Poker Hand #HD1145694275: Hold'em No Limit  ($0.02/$0.05) - 2023/03/04 15:53:20
Table 'NLHBlue91' 6-max Seat #3 is the button
Seat 1: 4ea5dea2 ($9.11 in chips)
Seat 2: 603c1382 ($6.2 in chips)
Seat 3: 696957f4 ($6.83 in chips)
Seat 4: 1b4c4cd6 ($6.29 in chips)
Seat 5: b1614c68 ($5 in chips)
Seat 6: Hero ($5.28 in chips)
1b4c4cd6: posts small blind $0.02
b1614c68: posts big blind $0.05
*** HOLE CARDS ***
Dealt to 4ea5dea2 
Dealt to 603c1382 
Dealt to 696957f4 
Dealt to 1b4c4cd6 
Dealt to b1614c68 
Dealt to Hero [3c 6d]
Hero: folds
4ea5dea2: folds
603c1382: folds
696957f4: folds
1b4c4cd6: folds
Uncalled bet ($0.03) returned to b1614c68
*** SHOWDOWN ***
b1614c68 collected $0.04 from pot
*** SUMMARY ***
Total pot $0.04 | Rake $0 | Jackpot $0 | Bingo $0 | Fortune $0
Seat 1: 4ea5dea2 folded before Flop (didn't bet)
Seat 2: 603c1382 folded before Flop (didn't bet)
Seat 3: 696957f4 (button) folded before Flop (didn't bet)
Seat 4: 1b4c4cd6 (small blind) folded before Flop
Seat 5: b1614c68 (big blind) collected ($0.04)
Seat 6: Hero folded before Flop (didn't bet)


Poker Hand #HD1145694215: Hold'em No Limit  ($0.02/$0.05) - 2023/03/04 15:53:03
Table 'NLHBlue91' 6-max Seat #2 is the button
Seat 1: 4ea5dea2 ($9.11 in chips)
Seat 2: 603c1382 ($6.2 in chips)
Seat 3: 696957f4 ($6.78 in chips)
Seat 4: 1b4c4cd6 ($6.34 in chips)
Seat 5: b1614c68 ($5 in chips)
Seat 6: Hero ($5.28 in chips)
696957f4: posts small blind $0.02
1b4c4cd6: posts big blind $0.05
*** HOLE CARDS ***
Dealt to 4ea5dea2 
Dealt to 603c1382 
Dealt to 696957f4 
Dealt to 1b4c4cd6 
Dealt to b1614c68 
Dealt to Hero [Ks 2s]
b1614c68: folds
Hero: folds
4ea5dea2: folds
603c1382: folds
696957f4: raises $0.1 to $0.15
1b4c4cd6: folds
Uncalled bet ($0.1) returned to 696957f4
*** SHOWDOWN ***
696957f4 collected $0.1 from pot
*** SUMMARY ***
Total pot $0.1 | Rake $0 | Jackpot $0 | Bingo $0 | Fortune $0
Seat 1: 4ea5dea2 folded before Flop (didn't bet)
Seat 2: 603c1382 (button) folded before Flop (didn't bet)
Seat 3: 696957f4 (small blind) collected ($0.1)
Seat 4: 1b4c4cd6 (big blind) folded before Flop
Seat 5: b1614c68 folded before Flop (didn't bet)
Seat 6: Hero folded before Flop (didn't bet)


Poker Hand #HD1145694074: Hold'em No Limit  ($0.02/$0.05) - 2023/03/04 15:52:15
Table 'NLHBlue91' 6-max Seat #1 is the button
Seat 1: 4ea5dea2 ($9.11 in chips)
Seat 2: 603c1382 ($6.38 in chips)
Seat 3: 696957f4 ($6.61 in chips)
Seat 4: 1b4c4cd6 ($6.34 in chips)
Seat 5: b1614c68 ($5 in chips)
Seat 6: Hero ($5.28 in chips)
603c1382: posts small blind $0.02
696957f4: posts big blind $0.05
*** HOLE CARDS ***
Dealt to 4ea5dea2 
Dealt to 603c1382 
Dealt to 696957f4 
Dealt to 1b4c4cd6 
Dealt to b1614c68 
Dealt to Hero [2d 9h]
1b4c4cd6: folds
b1614c68: folds
Hero: folds
4ea5dea2: folds
603c1382: raises $0.13 to $0.18
696957f4: calls $0.13
*** FLOP *** [4h Ac As]
603c1382: checks
696957f4: bets $0.11
603c1382: folds
Uncalled bet ($0.11) returned to 696957f4
*** SHOWDOWN ***
696957f4 collected $0.35 from pot
*** SUMMARY ***
Total pot $0.36 | Rake $0.01 | Jackpot $0 | Bingo $0 | Fortune $0
Board [4h Ac As]
Seat 1: 4ea5dea2 (button) folded before Flop (didn't bet)
Seat 2: 603c1382 (small blind) folded on the Flop
Seat 3: 696957f4 (big blind) won ($0.35)
Seat 4: 1b4c4cd6 folded before Flop (didn't bet)
Seat 5: b1614c68 folded before Flop (didn't bet)
Seat 6: Hero folded before Flop (didn't bet)


Poker Hand #HD1145693981: Hold'em No Limit  ($0.02/$0.05) - 2023/03/04 15:51:40
Table 'NLHBlue91' 6-max Seat #6 is the button
Seat 1: 4ea5dea2 ($9.13 in chips)
Seat 2: 603c1382 ($6.48 in chips)
Seat 3: 696957f4 ($6.5 in chips)
Seat 4: 1b4c4cd6 ($6.34 in chips)
Seat 5: b1614c68 ($5 in chips)
Seat 6: Hero ($5.28 in chips)
4ea5dea2: posts small blind $0.02
603c1382: posts big blind $0.05
*** HOLE CARDS ***
Dealt to 4ea5dea2 
Dealt to 603c1382 
Dealt to 696957f4 
Dealt to 1b4c4cd6 
Dealt to b1614c68 
Dealt to Hero [Ks 3s]
696957f4: raises $0.05 to $0.1
1b4c4cd6: folds
b1614c68: folds
Hero: folds
4ea5dea2: folds
603c1382: calls $0.05
*** FLOP *** [4d Ac 2s]
603c1382: checks
696957f4: bets $0.14
603c1382: folds
Uncalled bet ($0.14) returned to 696957f4
*** SHOWDOWN ***
696957f4 collected $0.21 from pot
*** SUMMARY ***
Total pot $0.22 | Rake $0.01 | Jackpot $0 | Bingo $0 | Fortune $0
Board [4d Ac 2s]
Seat 1: 4ea5dea2 (small blind) folded before Flop
Seat 2: 603c1382 (big blind) folded on the Flop
Seat 3: 696957f4 won ($0.21)
Seat 4: 1b4c4cd6 folded before Flop (didn't bet)
Seat 5: b1614c68 folded before Flop (didn't bet)
Seat 6: Hero (button) folded before Flop (didn't bet)


Poker Hand #HD1145693908: Hold'em No Limit  ($0.02/$0.05) - 2023/03/04 15:51:14
Table 'NLHBlue91' 6-max Seat #5 is the button
Seat 1: 4ea5dea2 ($9.18 in chips)
Seat 2: 603c1382 ($6.48 in chips)
Seat 3: 696957f4 ($6.5 in chips)
Seat 4: 1b4c4cd6 ($6.34 in chips)
Seat 5: b1614c68 ($5.07 in chips)
Seat 6: Hero ($5.11 in chips)
Hero: posts small blind $0.02
4ea5dea2: posts big blind $0.05
*** HOLE CARDS ***
Dealt to 4ea5dea2 
Dealt to 603c1382 
Dealt to 696957f4 
Dealt to 1b4c4cd6 
Dealt to b1614c68 
Dealt to Hero [Qc Jc]
603c1382: folds
696957f4: folds
1b4c4cd6: folds
b1614c68: raises $0.08 to $0.13
Hero: raises $0.41 to $0.54
4ea5dea2: folds
b1614c68: folds
Uncalled bet ($0.41) returned to Hero
*** SHOWDOWN ***
Hero collected $0.3 from pot
*** SUMMARY ***
Total pot $0.31 | Rake $0.01 | Jackpot $0 | Bingo $0 | Fortune $0
Seat 1: 4ea5dea2 (big blind) folded before Flop
Seat 2: 603c1382 folded before Flop (didn't bet)
Seat 3: 696957f4 folded before Flop (didn't bet)
Seat 4: 1b4c4cd6 folded before Flop (didn't bet)
Seat 5: b1614c68 (button) folded before Flop
Seat 6: Hero (small blind) collected ($0.3)


Poker Hand #HD1145693848: Hold'em No Limit  ($0.02/$0.05) - 2023/03/04 15:50:56
Table 'NLHBlue91' 6-max Seat #4 is the button
Seat 1: 4ea5dea2 ($9.18 in chips)
Seat 2: 603c1382 ($6.48 in chips)
Seat 3: 696957f4 ($6.5 in chips)
Seat 4: 1b4c4cd6 ($6.34 in chips)
Seat 5: b1614c68 ($5.02 in chips)
Seat 6: Hero ($5.16 in chips)
b1614c68: posts small blind $0.02
Hero: posts big blind $0.05
*** HOLE CARDS ***
Dealt to 4ea5dea2 
Dealt to 603c1382 
Dealt to 696957f4 
Dealt to 1b4c4cd6 
Dealt to b1614c68 
Dealt to Hero [4d Jc]
4ea5dea2: folds
603c1382: folds
696957f4: folds
1b4c4cd6: folds
b1614c68: raises $0.08 to $0.13
Hero: folds
Uncalled bet ($0.08) returned to b1614c68
*** SHOWDOWN ***
b1614c68 collected $0.1 from pot
*** SUMMARY ***
Total pot $0.1 | Rake $0 | Jackpot $0 | Bingo $0 | Fortune $0
Seat 1: 4ea5dea2 folded before Flop (didn't bet)
Seat 2: 603c1382 folded before Flop (didn't bet)
Seat 3: 696957f4 folded before Flop (didn't bet)
Seat 4: 1b4c4cd6 (button) folded before Flop (didn't bet)
Seat 5: b1614c68 (small blind) collected ($0.1)
Seat 6: Hero (big blind) folded before Flop


Poker Hand #HD1145693773: Hold'em No Limit  ($0.02/$0.05) - 2023/03/04 15:50:34
Table 'NLHBlue91' 6-max Seat #3 is the button
Seat 1: 4ea5dea2 ($9.18 in chips)
Seat 2: 603c1382 ($6.48 in chips)
Seat 3: 696957f4 ($6.5 in chips)
Seat 4: 1b4c4cd6 ($6.36 in chips)
Seat 5: b1614c68 ($5 in chips)
Seat 6: Hero ($5.16 in chips)
1b4c4cd6: posts small blind $0.02
b1614c68: posts big blind $0.05
*** HOLE CARDS ***
Dealt to 4ea5dea2 
Dealt to 603c1382 
Dealt to 696957f4 
Dealt to 1b4c4cd6 
Dealt to b1614c68 
Dealt to Hero [8h Jh]
Hero: folds
4ea5dea2: folds
603c1382: folds
696957f4: folds
1b4c4cd6: folds
Uncalled bet ($0.03) returned to b1614c68
*** SHOWDOWN ***
b1614c68 collected $0.04 from pot
*** SUMMARY ***
Total pot $0.04 | Rake $0 | Jackpot $0 | Bingo $0 | Fortune $0
Seat 1: 4ea5dea2 folded before Flop (didn't bet)
Seat 2: 603c1382 folded before Flop (didn't bet)
Seat 3: 696957f4 (button) folded before Flop (didn't bet)
Seat 4: 1b4c4cd6 (small blind) folded before Flop
Seat 5: b1614c68 (big blind) collected ($0.04)
Seat 6: Hero folded before Flop (didn't bet)


Poker Hand #HD1145693697: Hold'em No Limit  ($0.02/$0.05) - 2023/03/04 15:50:07
Table 'NLHBlue91' 6-max Seat #2 is the button
Seat 1: 4ea5dea2 ($9.11 in chips)
Seat 2: 603c1382 ($6.48 in chips)
Seat 3: 696957f4 ($6.52 in chips)
Seat 4: 1b4c4cd6 ($6.41 in chips)
Seat 5: b1614c68 ($5 in chips)
Seat 6: Hero ($5.16 in chips)
696957f4: posts small blind $0.02
1b4c4cd6: posts big blind $0.05
*** HOLE CARDS ***
Dealt to 4ea5dea2 
Dealt to 603c1382 
Dealt to 696957f4 
Dealt to 1b4c4cd6 
Dealt to b1614c68 
Dealt to Hero [Jh Qs]
b1614c68: folds
Hero: folds
4ea5dea2: raises $0.07 to $0.12
603c1382: folds
696957f4: folds
1b4c4cd6: folds
Uncalled bet ($0.07) returned to 4ea5dea2
*** SHOWDOWN ***
4ea5dea2 collected $0.12 from pot
*** SUMMARY ***
Total pot $0.12 | Rake $0 | Jackpot $0 | Bingo $0 | Fortune $0
Seat 1: 4ea5dea2 collected ($0.12)
Seat 2: 603c1382 (button) folded before Flop (didn't bet)
Seat 3: 696957f4 (small blind) folded before Flop
Seat 4: 1b4c4cd6 (big blind) folded before Flop
Seat 5: b1614c68 folded before Flop (didn't bet)
Seat 6: Hero folded before Flop (didn't bet)


Poker Hand #HD1145693592: Hold'em No Limit  ($0.02/$0.05) - 2023/03/04 15:49:27
Table 'NLHBlue91' 6-max Seat #1 is the button
Seat 1: 4ea5dea2 ($9.11 in chips)
Seat 2: 603c1382 ($6.5 in chips)
Seat 3: 696957f4 ($5.95 in chips)
Seat 4: 1b4c4cd6 ($7.02 in chips)
Seat 5: b1614c68 ($5 in chips)
Seat 6: Hero ($5.16 in chips)
603c1382: posts small blind $0.02
696957f4: posts big blind $0.05
*** HOLE CARDS ***
Dealt to 4ea5dea2 
Dealt to 603c1382 
Dealt to 696957f4 
Dealt to 1b4c4cd6 
Dealt to b1614c68 
Dealt to Hero [Td 8h]
1b4c4cd6: raises $0.1 to $0.15
b1614c68: folds
Hero: folds
4ea5dea2: folds
603c1382: folds
696957f4: raises $0.46 to $0.61
1b4c4cd6: calls $0.46
*** FLOP *** [3d 7h Jc]
696957f4: bets $0.88
1b4c4cd6: folds
Uncalled bet ($0.88) returned to 696957f4
*** SHOWDOWN ***
696957f4 collected $1.18 from pot
*** SUMMARY ***
Total pot $1.24 | Rake $0.06 | Jackpot $0 | Bingo $0 | Fortune $0
Board [3d 7h Jc]
Seat 1: 4ea5dea2 (button) folded before Flop (didn't bet)
Seat 2: 603c1382 (small blind) folded before Flop
Seat 3: 696957f4 (big blind) won ($1.18)
Seat 4: 1b4c4cd6 folded on the Flop
Seat 5: b1614c68 folded before Flop (didn't bet)
Seat 6: Hero folded before Flop (didn't bet)


Poker Hand #HD1145693425: Hold'em No Limit  ($0.02/$0.05) - 2023/03/04 15:48:29
Table 'NLHBlue91' 6-max Seat #6 is the button
Seat 1: 4ea5dea2 ($9.23 in chips)
Seat 2: 603c1382 ($6.55 in chips)
Seat 3: 696957f4 ($5.95 in chips)
Seat 4: 1b4c4cd6 ($7.02 in chips)
Seat 5: b1614c68 ($5 in chips)
Seat 6: Hero ($5 in chips)
4ea5dea2: posts small blind $0.02
603c1382: posts big blind $0.05
*** HOLE CARDS ***
Dealt to 4ea5dea2 
Dealt to 603c1382 
Dealt to 696957f4 
Dealt to 1b4c4cd6 
Dealt to b1614c68 
Dealt to Hero [7d 9d]
696957f4: folds
1b4c4cd6: folds
b1614c68: folds
Hero: raises $0.07 to $0.12
4ea5dea2: calls $0.1
603c1382: folds
*** FLOP *** [Ks 3c 6s]
4ea5dea2: checks
Hero: bets $0.12
4ea5dea2: folds
Uncalled bet ($0.12) returned to Hero
*** SHOWDOWN ***
Hero collected $0.28 from pot
*** SUMMARY ***
Total pot $0.29 | Rake $0.01 | Jackpot $0 | Bingo $0 | Fortune $0
Board [Ks 3c 6s]
Seat 1: 4ea5dea2 (small blind) folded on the Flop
Seat 2: 603c1382 (big blind) folded before Flop
Seat 3: 696957f4 folded before Flop (didn't bet)
Seat 4: 1b4c4cd6 folded before Flop (didn't bet)
Seat 5: b1614c68 folded before Flop (didn't bet)
Seat 6: Hero (button) won ($0.28)


Poker Hand #HD1145693386: Hold'em No Limit  ($0.02/$0.05) - 2023/03/04 15:48:16
Table 'NLHBlue91' 6-max Seat #5 is the button
Seat 1: 4ea5dea2 ($9.21 in chips)
Seat 2: 603c1382 ($6.55 in chips)
Seat 3: 696957f4 ($5.95 in chips)
Seat 4: 1b4c4cd6 ($7.02 in chips)
Seat 5: b1614c68 ($5 in chips)
Seat 6: Hero ($5.02 in chips)
Hero: posts small blind $0.02
4ea5dea2: posts big blind $0.05
*** HOLE CARDS ***
Dealt to 4ea5dea2 
Dealt to 603c1382 
Dealt to 696957f4 
Dealt to 1b4c4cd6 
Dealt to b1614c68 
Dealt to Hero [4c Kh]
603c1382: folds
696957f4: folds
1b4c4cd6: folds
b1614c68: folds
Hero: folds
Uncalled bet ($0.03) returned to 4ea5dea2
*** SHOWDOWN ***
4ea5dea2 collected $0.04 from pot
*** SUMMARY ***
Total pot $0.04 | Rake $0 | Jackpot $0 | Bingo $0 | Fortune $0
Seat 1: 4ea5dea2 (big blind) collected ($0.04)
Seat 2: 603c1382 folded before Flop (didn't bet)
Seat 3: 696957f4 folded before Flop (didn't bet)
Seat 4: 1b4c4cd6 folded before Flop (didn't bet)
Seat 5: b1614c68 (button) folded before Flop (didn't bet)
Seat 6: Hero (small blind) folded before Flop


Poker Hand #HD1145693343: Hold'em No Limit  ($0.02/$0.05) - 2023/03/04 15:47:59
Table 'NLHBlue91' 6-max Seat #4 is the button
Seat 1: 4ea5dea2 ($9.21 in chips)
Seat 2: 603c1382 ($6.55 in chips)
Seat 3: 696957f4 ($5.95 in chips)
Seat 4: 1b4c4cd6 ($7.02 in chips)
Seat 5: b1614c68 ($5.02 in chips)
Seat 6: Hero ($5 in chips)
b1614c68: posts small blind $0.02
Hero: posts big blind $0.05
*** HOLE CARDS ***
Dealt to 4ea5dea2 
Dealt to 603c1382 
Dealt to 696957f4 
Dealt to 1b4c4cd6 
Dealt to b1614c68 
Dealt to Hero [Ad 8c]
4ea5dea2: folds
603c1382: folds
696957f4: folds
1b4c4cd6: folds
b1614c68: folds
Uncalled bet ($0.03) returned to Hero
*** SHOWDOWN ***
Hero collected $0.04 from pot
*** SUMMARY ***
Total pot $0.04 | Rake $0 | Jackpot $0 | Bingo $0 | Fortune $0
Seat 1: 4ea5dea2 folded before Flop (didn't bet)
Seat 2: 603c1382 folded before Flop (didn't bet)
Seat 3: 696957f4 folded before Flop (didn't bet)
Seat 4: 1b4c4cd6 (button) folded before Flop (didn't bet)
Seat 5: b1614c68 (small blind) folded before Flop
Seat 6: Hero (big blind) collected ($0.04)


Poker Hand #HD1145693312: Hold'em No Limit  ($0.02/$0.05) - 2023/03/04 15:47:47
Table 'NLHBlue91' 6-max Seat #3 is the button
Seat 1: 4ea5dea2 ($9.21 in chips)
Seat 2: 603c1382 ($6.55 in chips)
Seat 3: 696957f4 ($5.95 in chips)
Seat 4: 1b4c4cd6 ($7.04 in chips)
Seat 5: b1614c68 ($5 in chips)
Seat 6: Hero ($5 in chips)
1b4c4cd6: posts small blind $0.02
b1614c68: posts big blind $0.05
*** HOLE CARDS ***
Dealt to 4ea5dea2 
Dealt to 603c1382 
Dealt to 696957f4 
Dealt to 1b4c4cd6 
Dealt to b1614c68 
Dealt to Hero [5c Tc]
Hero: folds
4ea5dea2: folds
603c1382: folds
696957f4: folds
1b4c4cd6: folds
Uncalled bet ($0.03) returned to b1614c68
*** SHOWDOWN ***
b1614c68 collected $0.04 from pot
*** SUMMARY ***
Total pot $0.04 | Rake $0 | Jackpot $0 | Bingo $0 | Fortune $0
Seat 1: 4ea5dea2 folded before Flop (didn't bet)
Seat 2: 603c1382 folded before Flop (didn't bet)
Seat 3: 696957f4 (button) folded before Flop (didn't bet)
Seat 4: 1b4c4cd6 (small blind) folded before Flop
Seat 5: b1614c68 (big blind) collected ($0.04)
Seat 6: Hero folded before Flop (didn't bet)


Poker Hand #HD1145693283: Hold'em No Limit  ($0.02/$0.05) - 2023/03/04 15:47:36
Table 'NLHBlue91' 6-max Seat #2 is the button
Seat 1: 4ea5dea2 ($9.21 in chips)
Seat 2: 603c1382 ($6.55 in chips)
Seat 3: 696957f4 ($5.97 in chips)
Seat 4: 1b4c4cd6 ($7.02 in chips)
Seat 5: b1614c68 ($5 in chips)
Seat 6: Hero ($5 in chips)
696957f4: posts small blind $0.02
1b4c4cd6: posts big blind $0.05
*** HOLE CARDS ***
Dealt to 4ea5dea2 
Dealt to 603c1382 
Dealt to 696957f4 
Dealt to 1b4c4cd6 
Dealt to b1614c68 
Dealt to Hero [7c 4h]
b1614c68: folds
Hero: folds
4ea5dea2: folds
603c1382: folds
696957f4: folds
Uncalled bet ($0.03) returned to 1b4c4cd6
*** SHOWDOWN ***
1b4c4cd6 collected $0.04 from pot
*** SUMMARY ***
Total pot $0.04 | Rake $0 | Jackpot $0 | Bingo $0 | Fortune $0
Seat 1: 4ea5dea2 folded before Flop (didn't bet)
Seat 2: 603c1382 (button) folded before Flop (didn't bet)
Seat 3: 696957f4 (small blind) folded before Flop
Seat 4: 1b4c4cd6 (big blind) collected ($0.04)
Seat 5: b1614c68 folded before Flop (didn't bet)
Seat 6: Hero folded before Flop (didn't bet)


Poker Hand #HD1145693237: Hold'em No Limit  ($0.02/$0.05) - 2023/03/04 15:47:22
Table 'NLHBlue91' 6-max Seat #1 is the button
Seat 1: 4ea5dea2 ($9.21 in chips)
Seat 2: 603c1382 ($6.5 in chips)
Seat 3: 696957f4 ($6.02 in chips)
Seat 4: 1b4c4cd6 ($7.02 in chips)
Seat 5: b1614c68 ($5 in chips)
Seat 6: Hero ($5 in chips)
603c1382: posts small blind $0.02
696957f4: posts big blind $0.05
*** HOLE CARDS ***
Dealt to 4ea5dea2 
Dealt to 603c1382 
Dealt to 696957f4 
Dealt to 1b4c4cd6 
Dealt to b1614c68 
Dealt to Hero [5h Kd]
1b4c4cd6: folds
b1614c68: folds
Hero: folds
4ea5dea2: folds
603c1382: raises $0.13 to $0.18
696957f4: folds
Uncalled bet ($0.13) returned to 603c1382
*** SHOWDOWN ***
603c1382 collected $0.1 from pot
*** SUMMARY ***
Total pot $0.1 | Rake $0 | Jackpot $0 | Bingo $0 | Fortune $0
Seat 1: 4ea5dea2 (button) folded before Flop (didn't bet)
Seat 2: 603c1382 (small blind) collected ($0.1)
Seat 3: 696957f4 (big blind) folded before Flop
Seat 4: 1b4c4cd6 folded before Flop (didn't bet)
Seat 5: b1614c68 folded before Flop (didn't bet)
Seat 6: Hero folded before Flop (didn't bet)


Poker Hand #HD1145693212: Hold'em No Limit  ($0.02/$0.05) - 2023/03/04 15:47:12
Table 'NLHBlue91' 6-max Seat #6 is the button
Seat 1: 4ea5dea2 ($9.23 in chips)
Seat 2: 603c1382 ($6.48 in chips)
Seat 3: 696957f4 ($6.02 in chips)
Seat 4: 1b4c4cd6 ($7.02 in chips)
Seat 5: b1614c68 ($5 in chips)
Seat 6: Hero ($5 in chips)
4ea5dea2: posts small blind $0.02
603c1382: posts big blind $0.05
*** HOLE CARDS ***
Dealt to 4ea5dea2 
Dealt to 603c1382 
Dealt to 696957f4 
Dealt to 1b4c4cd6 
Dealt to b1614c68 
Dealt to Hero [7d 6h]
696957f4: folds
1b4c4cd6: folds
b1614c68: folds
Hero: folds
4ea5dea2: folds
Uncalled bet ($0.03) returned to 603c1382
*** SHOWDOWN ***
603c1382 collected $0.04 from pot
*** SUMMARY ***
Total pot $0.04 | Rake $0 | Jackpot $0 | Bingo $0 | Fortune $0
Seat 1: 4ea5dea2 (small blind) folded before Flop
Seat 2: 603c1382 (big blind) collected ($0.04)
Seat 3: 696957f4 folded before Flop (didn't bet)
Seat 4: 1b4c4cd6 folded before Flop (didn't bet)
Seat 5: b1614c68 folded before Flop (didn't bet)
Seat 6: Hero (button) folded before Flop (didn't bet)


Poker Hand #HD1145693186: Hold'em No Limit  ($0.02/$0.05) - 2023/03/04 15:47:02
Table 'NLHBlue91' 6-max Seat #5 is the button
Seat 1: 4ea5dea2 ($9.28 in chips)
Seat 2: 603c1382 ($6.48 in chips)
Seat 3: 696957f4 ($5.95 in chips)
Seat 4: 1b4c4cd6 ($7.02 in chips)
Seat 5: b1614c68 ($5 in chips)
Seat 6: Hero ($5 in chips)
Hero: posts small blind $0.02
4ea5dea2: posts big blind $0.05
*** HOLE CARDS ***
Dealt to 4ea5dea2 
Dealt to 603c1382 
Dealt to 696957f4 
Dealt to 1b4c4cd6 
Dealt to b1614c68 
Dealt to Hero [Js 4d]
603c1382: folds
696957f4: raises $0.05 to $0.1
1b4c4cd6: folds
b1614c68: folds
Hero: folds
4ea5dea2: folds
Uncalled bet ($0.05) returned to 696957f4
*** SHOWDOWN ***
696957f4 collected $0.12 from pot
*** SUMMARY ***
Total pot $0.12 | Rake $0 | Jackpot $0 | Bingo $0 | Fortune $0
Seat 1: 4ea5dea2 (big blind) folded before Flop
Seat 2: 603c1382 folded before Flop (didn't bet)
Seat 3: 696957f4 collected ($0.12)
Seat 4: 1b4c4cd6 folded before Flop (didn't bet)
Seat 5: b1614c68 (button) folded before Flop (didn't bet)
Seat 6: Hero (small blind) folded before Flop


Poker Hand #HD1145692876: Hold'em No Limit  ($0.02/$0.05) - 2023/03/04 15:45:19
Table 'NLHBlue91' 6-max Seat #4 is the button
Seat 1: 4ea5dea2 ($7.27 in chips)
Seat 2: 603c1382 ($6.58 in chips)
Seat 3: 696957f4 ($5.95 in chips)
Seat 4: 1b4c4cd6 ($7.02 in chips)
Seat 5: b1614c68 ($5.09 in chips)
Seat 6: Hero ($5 in chips)
b1614c68: posts small blind $0.02
Hero: posts big blind $0.05
*** HOLE CARDS ***
Dealt to 4ea5dea2 
Dealt to 603c1382 
Dealt to 696957f4 
Dealt to 1b4c4cd6 
Dealt to b1614c68 
Dealt to Hero [4s 4c]
4ea5dea2: raises $0.05 to $0.1
603c1382: calls $0.1
696957f4: folds
1b4c4cd6: folds
b1614c68: raises $0.35 to $0.45
Hero: folds
4ea5dea2: calls $0.35
603c1382: folds
*** FLOP *** [2d Ac 2s]
b1614c68: bets $0.35
4ea5dea2: calls $0.35
*** TURN *** [2d Ac 2s] [9c]
b1614c68: checks
4ea5dea2: bets $1.32
b1614c68: calls $1.32
*** RIVER *** [2d Ac 2s 9c] [3s]
b1614c68: checks
4ea5dea2: bets $2.2
b1614c68: folds
Uncalled bet ($2.2) returned to 4ea5dea2
*** SHOWDOWN ***
4ea5dea2 collected $4.13 from pot
*** SUMMARY ***
Total pot $4.39 | Rake $0.21 | Jackpot $0.05 | Bingo $0 | Fortune $0
Board [2d Ac 2s 9c 3s]
Seat 1: 4ea5dea2 won ($4.13)
Seat 2: 603c1382 folded before Flop
Seat 3: 696957f4 folded before Flop (didn't bet)
Seat 4: 1b4c4cd6 (button) folded before Flop (didn't bet)
Seat 5: b1614c68 (small blind) folded on the River
Seat 6: Hero (big blind) folded before Flop


Poker Hand #HD1145692714: Hold'em No Limit  ($0.02/$0.05) - 2023/03/04 15:44:23
Table 'NLHBlue91' 6-max Seat #3 is the button
Seat 1: 4ea5dea2 ($7.27 in chips)
Seat 2: 603c1382 ($6.58 in chips)
Seat 3: 696957f4 ($5.5 in chips)
Seat 4: 1b4c4cd6 ($7.46 in chips)
Seat 5: b1614c68 ($5.14 in chips)
Seat 6: Hero ($5 in chips)
1b4c4cd6: posts small blind $0.02
b1614c68: posts big blind $0.05
*** HOLE CARDS ***
Dealt to 4ea5dea2 
Dealt to 603c1382 
Dealt to 696957f4 
Dealt to 1b4c4cd6 
Dealt to b1614c68 
Dealt to Hero [7h 5h]
Hero: folds
4ea5dea2: folds
603c1382: folds
696957f4: raises $0.08 to $0.13
1b4c4cd6: raises $0.31 to $0.44
b1614c68: folds
696957f4: calls $0.31
*** FLOP *** [2s 5s 7s]
1b4c4cd6: checks
696957f4: checks
*** TURN *** [2s 5s 7s] [8h]
1b4c4cd6: checks
696957f4: bets $0.73
1b4c4cd6: folds
Uncalled bet ($0.73) returned to 696957f4
*** SHOWDOWN ***
696957f4 collected $0.89 from pot
*** SUMMARY ***
Total pot $0.93 | Rake $0.04 | Jackpot $0 | Bingo $0 | Fortune $0
Board [2s 5s 7s 8h]
Seat 1: 4ea5dea2 folded before Flop (didn't bet)
Seat 2: 603c1382 folded before Flop (didn't bet)
Seat 3: 696957f4 (button) won ($0.89)
Seat 4: 1b4c4cd6 (small blind) folded on the Turn
Seat 5: b1614c68 (big blind) folded before Flop
Seat 6: Hero folded before Flop (didn't bet)


Poker Hand #HD1145692584: Hold'em No Limit  ($0.02/$0.05) - 2023/03/04 15:43:35
Table 'NLHBlue91' 6-max Seat #2 is the button
Seat 1: 4ea5dea2 ($7.39 in chips)
Seat 2: 603c1382 ($6.4 in chips)
Seat 3: 696957f4 ($5.52 in chips)
Seat 4: 1b4c4cd6 ($7.51 in chips)
Seat 5: b1614c68 ($5.14 in chips)
Seat 6: Hero ($5 in chips)
696957f4: posts small blind $0.02
1b4c4cd6: posts big blind $0.05
*** HOLE CARDS ***
Dealt to 4ea5dea2 
Dealt to 603c1382 
Dealt to 696957f4 
Dealt to 1b4c4cd6 
Dealt to b1614c68 
Dealt to Hero [Qc 7c]
b1614c68: folds
Hero: folds
4ea5dea2: raises $0.07 to $0.12
603c1382: calls $0.12
696957f4: folds
1b4c4cd6: folds
*** FLOP *** [Ks 3s 6s]
4ea5dea2: checks
603c1382: checks
*** TURN *** [Ks 3s 6s] [9c]
4ea5dea2: checks
603c1382: bets $0.21
4ea5dea2: folds
Uncalled bet ($0.21) returned to 603c1382
*** SHOWDOWN ***
603c1382 collected $0.3 from pot
*** SUMMARY ***
Total pot $0.31 | Rake $0.01 | Jackpot $0 | Bingo $0 | Fortune $0
Board [Ks 3s 6s 9c]
Seat 1: 4ea5dea2 folded on the Turn
Seat 2: 603c1382 (button) won ($0.3)
Seat 3: 696957f4 (small blind) folded before Flop
Seat 4: 1b4c4cd6 (big blind) folded before Flop
Seat 5: b1614c68 folded before Flop (didn't bet)
Seat 6: Hero folded before Flop (didn't bet)


Poker Hand #HD1145692534: Hold'em No Limit  ($0.02/$0.05) - 2023/03/04 15:43:18
Table 'NLHBlue91' 6-max Seat #1 is the button
Seat 1: 4ea5dea2 ($7.32 in chips)
Seat 2: 603c1382 ($6.42 in chips)
Seat 3: 696957f4 ($5.57 in chips)
Seat 4: 1b4c4cd6 ($7.51 in chips)
Seat 5: b1614c68 ($5.14 in chips)
Seat 6: Hero ($5 in chips)
603c1382: posts small blind $0.02
696957f4: posts big blind $0.05
*** HOLE CARDS ***
Dealt to 4ea5dea2 
Dealt to 603c1382 
Dealt to 696957f4 
Dealt to 1b4c4cd6 
Dealt to b1614c68 
Dealt to Hero [9c 8d]
1b4c4cd6: folds
b1614c68: folds
Hero: folds
4ea5dea2: raises $0.08 to $0.13
603c1382: folds
696957f4: folds
Uncalled bet ($0.08) returned to 4ea5dea2
*** SHOWDOWN ***
4ea5dea2 collected $0.12 from pot
*** SUMMARY ***
Total pot $0.12 | Rake $0 | Jackpot $0 | Bingo $0 | Fortune $0
Seat 1: 4ea5dea2 (button) collected ($0.12)
Seat 2: 603c1382 (small blind) folded before Flop
Seat 3: 696957f4 (big blind) folded before Flop
Seat 4: 1b4c4cd6 folded before Flop (didn't bet)
Seat 5: b1614c68 folded before Flop (didn't bet)
Seat 6: Hero folded before Flop (didn't bet)


Poker Hand #HD1145692435: Hold'em No Limit  ($0.02/$0.05) - 2023/03/04 15:42:42
Table 'NLHBlue91' 6-max Seat #6 is the button
Seat 1: 4ea5dea2 ($7.34 in chips)
Seat 2: 603c1382 ($6.29 in chips)
Seat 3: 696957f4 ($5.57 in chips)
Seat 4: 1b4c4cd6 ($7.51 in chips)
Seat 5: b1614c68 ($5.14 in chips)
Seat 6: Hero ($5 in chips)
4ea5dea2: posts small blind $0.02
603c1382: posts big blind $0.05
*** HOLE CARDS ***
Dealt to 4ea5dea2 
Dealt to 603c1382 
Dealt to 696957f4 
Dealt to 1b4c4cd6 
Dealt to b1614c68 
Dealt to Hero [Kc 5c]
696957f4: folds
1b4c4cd6: folds
b1614c68: folds
Hero: raises $0.07 to $0.12
4ea5dea2: folds
603c1382: calls $0.07
*** FLOP *** [Ac Jh Js]
603c1382: checks
Hero: checks
*** TURN *** [Ac Jh Js] [5s]
603c1382: bets $0.18
Hero: folds
Uncalled bet ($0.18) returned to 603c1382
*** SHOWDOWN ***
603c1382 collected $0.25 from pot
*** SUMMARY ***
Total pot $0.26 | Rake $0.01 | Jackpot $0 | Bingo $0 | Fortune $0
Board [Ac Jh Js 5s]
Seat 1: 4ea5dea2 (small blind) folded before Flop
Seat 2: 603c1382 (big blind) won ($0.25)
Seat 3: 696957f4 folded before Flop (didn't bet)
Seat 4: 1b4c4cd6 folded before Flop (didn't bet)
Seat 5: b1614c68 folded before Flop (didn't bet)
Seat 6: Hero (button) folded on the Turn


Poker Hand #HD1145692291: Hold'em No Limit  ($0.02/$0.05) - 2023/03/04 15:41:47
Table 'NLHBlue91' 6-max Seat #5 is the button
Seat 1: 4ea5dea2 ($7.47 in chips)
Seat 2: 603c1382 ($6.29 in chips)
Seat 3: 696957f4 ($5.57 in chips)
Seat 4: 1b4c4cd6 ($7.51 in chips)
Seat 5: b1614c68 ($5 in chips)
Seat 6: Hero ($5 in chips)
Hero: posts small blind $0.02
4ea5dea2: posts big blind $0.05
*** HOLE CARDS ***
Dealt to 4ea5dea2 
Dealt to 603c1382 
Dealt to 696957f4 
Dealt to 1b4c4cd6 
Dealt to b1614c68 
Dealt to Hero [Jh 7s]
603c1382: folds
696957f4: folds
1b4c4cd6: folds
b1614c68: raises $0.08 to $0.13
Hero: folds
4ea5dea2: calls $0.08
*** FLOP *** [6h 5c Th]
4ea5dea2: checks
b1614c68: bets $0.14
4ea5dea2: folds
Uncalled bet ($0.14) returned to b1614c68
*** SHOWDOWN ***
b1614c68 collected $0.27 from pot
*** SUMMARY ***
Total pot $0.28 | Rake $0.01 | Jackpot $0 | Bingo $0 | Fortune $0
Board [6h 5c Th]
Seat 1: 4ea5dea2 (big blind) folded on the Flop
Seat 2: 603c1382 folded before Flop (didn't bet)
Seat 3: 696957f4 folded before Flop (didn't bet)
Seat 4: 1b4c4cd6 folded before Flop (didn't bet)
Seat 5: b1614c68 (button) won ($0.27)
Seat 6: Hero (small blind) folded before Flop


Poker Hand #HD1145692212: Hold'em No Limit  ($0.02/$0.05) - 2023/03/04 15:41:20
Table 'NLHBlue91' 6-max Seat #4 is the button
Seat 1: 4ea5dea2 ($7.92 in chips)
Seat 2: 603c1382 ($5.81 in chips)
Seat 3: 696957f4 ($5.57 in chips)
Seat 4: 1b4c4cd6 ($7.51 in chips)
Seat 5: b1614c68 ($5 in chips)
Seat 6: Hero ($5.05 in chips)
b1614c68: posts small blind $0.02
Hero: posts big blind $0.05
*** HOLE CARDS ***
Dealt to 4ea5dea2 
Dealt to 603c1382 
Dealt to 696957f4 
Dealt to 1b4c4cd6 
Dealt to b1614c68 
Dealt to Hero [6s 5c]
4ea5dea2: raises $0.05 to $0.1
603c1382: raises $0.35 to $0.45
696957f4: folds
1b4c4cd6: folds
b1614c68: folds
Hero: folds
4ea5dea2: calls $0.35
*** FLOP *** [Js Qs 5s]
4ea5dea2: checks
603c1382: bets $0.33
4ea5dea2: folds
Uncalled bet ($0.33) returned to 603c1382
*** SHOWDOWN ***
603c1382 collected $0.93 from pot
*** SUMMARY ***
Total pot $0.97 | Rake $0.04 | Jackpot $0 | Bingo $0 | Fortune $0
Board [Js Qs 5s]
Seat 1: 4ea5dea2 folded on the Flop
Seat 2: 603c1382 won ($0.93)
Seat 3: 696957f4 folded before Flop (didn't bet)
Seat 4: 1b4c4cd6 (button) folded before Flop (didn't bet)
Seat 5: b1614c68 (small blind) folded before Flop
Seat 6: Hero (big blind) folded before Flop


Poker Hand #HD1145692028: Hold'em No Limit  ($0.02/$0.05) - 2023/03/04 15:40:17
Table 'NLHBlue91' 6-max Seat #3 is the button
Seat 1: 4ea5dea2 ($7.49 in chips)
Seat 2: 603c1382 ($5.81 in chips)
Seat 3: 696957f4 ($5.57 in chips)
Seat 4: 1b4c4cd6 ($7.93 in chips)
Seat 5: b1614c68 ($5 in chips)
Seat 6: Hero ($5.05 in chips)
1b4c4cd6: posts small blind $0.02
b1614c68: posts big blind $0.05
*** HOLE CARDS ***
Dealt to 4ea5dea2 
Dealt to 603c1382 
Dealt to 696957f4 
Dealt to 1b4c4cd6 
Dealt to b1614c68 
Dealt to Hero [Qc 3d]
Hero: folds
4ea5dea2: raises $0.06 to $0.11
603c1382: folds
696957f4: folds
1b4c4cd6: raises $0.31 to $0.42
b1614c68: folds
4ea5dea2: calls $0.31
*** FLOP *** [2c Jh 5d]
1b4c4cd6: checks
4ea5dea2: bets $0.46
1b4c4cd6: folds
Uncalled bet ($0.46) returned to 4ea5dea2
*** SHOWDOWN ***
4ea5dea2 collected $0.85 from pot
*** SUMMARY ***
Total pot $0.89 | Rake $0.04 | Jackpot $0 | Bingo $0 | Fortune $0
Board [2c Jh 5d]
Seat 1: 4ea5dea2 won ($0.85)
Seat 2: 603c1382 folded before Flop (didn't bet)
Seat 3: 696957f4 (button) folded before Flop (didn't bet)
Seat 4: 1b4c4cd6 (small blind) folded on the Flop
Seat 5: b1614c68 (big blind) folded before Flop
Seat 6: Hero folded before Flop (didn't bet)


Poker Hand #HD1145691880: Hold'em No Limit  ($0.02/$0.05) - 2023/03/04 15:39:25
Table 'NLHBlue91' 6-max Seat #2 is the button
Seat 1: 4ea5dea2 ($7.61 in chips)
Seat 2: 603c1382 ($5.81 in chips)
Seat 3: 696957f4 ($5.41 in chips)
Seat 4: 1b4c4cd6 ($7.98 in chips)
Seat 5: b1614c68 ($5 in chips)
Seat 6: Hero ($5.05 in chips)
696957f4: posts small blind $0.02
1b4c4cd6: posts big blind $0.05
*** HOLE CARDS ***
Dealt to 4ea5dea2 
Dealt to 603c1382 
Dealt to 696957f4 
Dealt to 1b4c4cd6 
Dealt to b1614c68 
Dealt to Hero [Qc 7s]
b1614c68: folds
Hero: folds
4ea5dea2: raises $0.07 to $0.12
603c1382: folds
696957f4: raises $0.42 to $0.54
1b4c4cd6: folds
4ea5dea2: folds
Uncalled bet ($0.42) returned to 696957f4
*** SHOWDOWN ***
696957f4 collected $0.28 from pot
*** SUMMARY ***
Total pot $0.29 | Rake $0.01 | Jackpot $0 | Bingo $0 | Fortune $0
Seat 1: 4ea5dea2 folded before Flop
Seat 2: 603c1382 (button) folded before Flop (didn't bet)
Seat 3: 696957f4 (small blind) collected ($0.28)
Seat 4: 1b4c4cd6 (big blind) folded before Flop
Seat 5: b1614c68 folded before Flop (didn't bet)
Seat 6: Hero folded before Flop (didn't bet)


Poker Hand #HD1145691805: Hold'em No Limit  ($0.02/$0.05) - 2023/03/04 15:38:58
Table 'NLHBlue91' 6-max Seat #1 is the button
Seat 1: 4ea5dea2 ($7.61 in chips)
Seat 2: 603c1382 ($5.76 in chips)
Seat 3: 696957f4 ($5.46 in chips)
Seat 4: 1b4c4cd6 ($7.98 in chips)
Seat 5: b1614c68 ($5 in chips)
Seat 6: Hero ($5.05 in chips)
603c1382: posts small blind $0.02
696957f4: posts big blind $0.05
*** HOLE CARDS ***
Dealt to 4ea5dea2 
Dealt to 603c1382 
Dealt to 696957f4 
Dealt to 1b4c4cd6 
Dealt to b1614c68 
Dealt to Hero [8h Td]
1b4c4cd6: folds
b1614c68: folds
Hero: folds
4ea5dea2: folds
603c1382: raises $0.13 to $0.18
696957f4: folds
Uncalled bet ($0.13) returned to 603c1382
*** SHOWDOWN ***
603c1382 collected $0.1 from pot
*** SUMMARY ***
Total pot $0.1 | Rake $0 | Jackpot $0 | Bingo $0 | Fortune $0
Seat 1: 4ea5dea2 (button) folded before Flop (didn't bet)
Seat 2: 603c1382 (small blind) collected ($0.1)
Seat 3: 696957f4 (big blind) folded before Flop
Seat 4: 1b4c4cd6 folded before Flop (didn't bet)
Seat 5: b1614c68 folded before Flop (didn't bet)
Seat 6: Hero folded before Flop (didn't bet)


Poker Hand #HD1145691676: Hold'em No Limit  ($0.02/$0.05) - 2023/03/04 15:38:16
Table 'NLHBlue91' 6-max Seat #6 is the button
Seat 1: 4ea5dea2 ($7.63 in chips)
Seat 2: 603c1382 ($5.81 in chips)
Seat 3: 696957f4 ($5.46 in chips)
Seat 4: 1b4c4cd6 ($7.91 in chips)
Seat 5: b1614c68 ($5 in chips)
Seat 6: Hero ($5.05 in chips)
4ea5dea2: posts small blind $0.02
603c1382: posts big blind $0.05
*** HOLE CARDS ***
Dealt to 4ea5dea2 
Dealt to 603c1382 
Dealt to 696957f4 
Dealt to 1b4c4cd6 
Dealt to b1614c68 
Dealt to Hero [6h 3c]
696957f4: folds
1b4c4cd6: raises $0.08 to $0.13
b1614c68: folds
Hero: folds
4ea5dea2: folds
603c1382: folds
Uncalled bet ($0.08) returned to 1b4c4cd6
*** SHOWDOWN ***
1b4c4cd6 collected $0.12 from pot
*** SUMMARY ***
Total pot $0.12 | Rake $0 | Jackpot $0 | Bingo $0 | Fortune $0
Seat 1: 4ea5dea2 (small blind) folded before Flop
Seat 2: 603c1382 (big blind) folded before Flop
Seat 3: 696957f4 folded before Flop (didn't bet)
Seat 4: 1b4c4cd6 collected ($0.12)
Seat 5: b1614c68 folded before Flop (didn't bet)
Seat 6: Hero (button) folded before Flop (didn't bet)


Poker Hand #HD1145691644: Hold'em No Limit  ($0.02/$0.05) - 2023/03/04 15:38:03
Table 'NLHBlue91' 6-max Seat #5 is the button
Seat 1: 4ea5dea2 ($7.68 in chips)
Seat 2: 603c1382 ($5.74 in chips)
Seat 3: 696957f4 ($5.46 in chips)
Seat 4: 1b4c4cd6 ($7.91 in chips)
Seat 5: b1614c68 ($5 in chips)
Seat 6: Hero ($5.07 in chips)
Hero: posts small blind $0.02
4ea5dea2: posts big blind $0.05
*** HOLE CARDS ***
Dealt to 4ea5dea2 
Dealt to 603c1382 
Dealt to 696957f4 
Dealt to 1b4c4cd6 
Dealt to b1614c68 
Dealt to Hero [6h 2s]
603c1382: raises $0.1 to $0.15
696957f4: folds
1b4c4cd6: folds
b1614c68: folds
Hero: folds
4ea5dea2: folds
Uncalled bet ($0.1) returned to 603c1382
*** SHOWDOWN ***
603c1382 collected $0.12 from pot
*** SUMMARY ***
Total pot $0.12 | Rake $0 | Jackpot $0 | Bingo $0 | Fortune $0
Seat 1: 4ea5dea2 (big blind) folded before Flop
Seat 2: 603c1382 collected ($0.12)
Seat 3: 696957f4 folded before Flop (didn't bet)
Seat 4: 1b4c4cd6 folded before Flop (didn't bet)
Seat 5: b1614c68 (button) folded before Flop (didn't bet)
Seat 6: Hero (small blind) folded before Flop


Poker Hand #HD1145691554: Hold'em No Limit  ($0.02/$0.05) - 2023/03/04 15:37:34
Table 'NLHBlue91' 6-max Seat #4 is the button
Seat 1: 4ea5dea2 ($7.61 in chips)
Seat 2: 603c1382 ($5.74 in chips)
Seat 3: 696957f4 ($5.46 in chips)
Seat 4: 1b4c4cd6 ($7.91 in chips)
Seat 5: b1614c68 ($5 in chips)
Seat 6: Hero ($5.12 in chips)
b1614c68: posts small blind $0.02
Hero: posts big blind $0.05
*** HOLE CARDS ***
Dealt to 4ea5dea2 
Dealt to 603c1382 
Dealt to 696957f4 
Dealt to 1b4c4cd6 
Dealt to b1614c68 
Dealt to Hero [3s Ad]
4ea5dea2: raises $0.05 to $0.1
603c1382: folds
696957f4: folds
1b4c4cd6: folds
b1614c68: folds
Hero: folds
Uncalled bet ($0.05) returned to 4ea5dea2
*** SHOWDOWN ***
4ea5dea2 collected $0.12 from pot
*** SUMMARY ***
Total pot $0.12 | Rake $0 | Jackpot $0 | Bingo $0 | Fortune $0
Seat 1: 4ea5dea2 collected ($0.12)
Seat 2: 603c1382 folded before Flop (didn't bet)
Seat 3: 696957f4 folded before Flop (didn't bet)
Seat 4: 1b4c4cd6 (button) folded before Flop (didn't bet)
Seat 5: b1614c68 (small blind) folded before Flop
Seat 6: Hero (big blind) folded before Flop


Poker Hand #HD1145691520: Hold'em No Limit  ($0.02/$0.05) - 2023/03/04 15:37:18
Table 'NLHBlue91' 6-max Seat #3 is the button
Seat 1: 4ea5dea2 ($7.61 in chips)
Seat 2: 603c1382 ($5.67 in chips)
Seat 3: 696957f4 ($5.46 in chips)
Seat 4: 1b4c4cd6 ($7.93 in chips)
Seat 5: b1614c68 ($5 in chips)
Seat 6: Hero ($5.12 in chips)
1b4c4cd6: posts small blind $0.02
b1614c68: posts big blind $0.05
*** HOLE CARDS ***
Dealt to 4ea5dea2 
Dealt to 603c1382 
Dealt to 696957f4 
Dealt to 1b4c4cd6 
Dealt to b1614c68 
Dealt to Hero [Qc 3c]
Hero: folds
4ea5dea2: folds
603c1382: raises $0.1 to $0.15
696957f4: folds
1b4c4cd6: folds
b1614c68: folds
Uncalled bet ($0.1) returned to 603c1382
*** SHOWDOWN ***
603c1382 collected $0.12 from pot
*** SUMMARY ***
Total pot $0.12 | Rake $0 | Jackpot $0 | Bingo $0 | Fortune $0
Seat 1: 4ea5dea2 folded before Flop (didn't bet)
Seat 2: 603c1382 collected ($0.12)
Seat 3: 696957f4 (button) folded before Flop (didn't bet)
Seat 4: 1b4c4cd6 (small blind) folded before Flop
Seat 5: b1614c68 (big blind) folded before Flop
Seat 6: Hero folded before Flop (didn't bet)


Poker Hand #HD1145691466: Hold'em No Limit  ($0.02/$0.05) - 2023/03/04 15:37:00
Table 'NLHBlue91' 6-max Seat #2 is the button
Seat 1: 4ea5dea2 ($7.61 in chips)
Seat 2: 603c1382 ($5.6 in chips)
Seat 3: 696957f4 ($5.48 in chips)
Seat 4: 1b4c4cd6 ($7.98 in chips)
Seat 5: b1614c68 ($5 in chips)
Seat 6: Hero ($5.12 in chips)
696957f4: posts small blind $0.02
1b4c4cd6: posts big blind $0.05
*** HOLE CARDS ***
Dealt to 4ea5dea2 
Dealt to 603c1382 
Dealt to 696957f4 
Dealt to 1b4c4cd6 
Dealt to b1614c68 
Dealt to Hero [7c Qd]
b1614c68: folds
Hero: folds
4ea5dea2: folds
603c1382: raises $0.1 to $0.15
696957f4: folds
1b4c4cd6: folds
Uncalled bet ($0.1) returned to 603c1382
*** SHOWDOWN ***
603c1382 collected $0.12 from pot
*** SUMMARY ***
Total pot $0.12 | Rake $0 | Jackpot $0 | Bingo $0 | Fortune $0
Seat 1: 4ea5dea2 folded before Flop (didn't bet)
Seat 2: 603c1382 (button) collected ($0.12)
Seat 3: 696957f4 (small blind) folded before Flop
Seat 4: 1b4c4cd6 (big blind) folded before Flop
Seat 5: b1614c68 folded before Flop (didn't bet)
Seat 6: Hero folded before Flop (didn't bet)


Poker Hand #HD1145691396: Hold'em No Limit  ($0.02/$0.05) - 2023/03/04 15:36:38
Table 'NLHBlue91' 6-max Seat #1 is the button
Seat 1: 4ea5dea2 ($7.61 in chips)
Seat 2: 603c1382 ($5.62 in chips)
Seat 3: 696957f4 ($5.46 in chips)
Seat 4: 1b4c4cd6 ($7.98 in chips)
Seat 5: b1614c68 ($5 in chips)
Seat 6: Hero ($5.12 in chips)
603c1382: posts small blind $0.02
696957f4: posts big blind $0.05
*** HOLE CARDS ***
Dealt to 4ea5dea2 
Dealt to 603c1382 
Dealt to 696957f4 
Dealt to 1b4c4cd6 
Dealt to b1614c68 
Dealt to Hero [Ah 7d]
1b4c4cd6: folds
b1614c68: folds
Hero: folds
4ea5dea2: folds
603c1382: folds
Uncalled bet ($0.03) returned to 696957f4
*** SHOWDOWN ***
696957f4 collected $0.04 from pot
*** SUMMARY ***
Total pot $0.04 | Rake $0 | Jackpot $0 | Bingo $0 | Fortune $0
Seat 1: 4ea5dea2 (button) folded before Flop (didn't bet)
Seat 2: 603c1382 (small blind) folded before Flop
Seat 3: 696957f4 (big blind) collected ($0.04)
Seat 4: 1b4c4cd6 folded before Flop (didn't bet)
Seat 5: b1614c68 folded before Flop (didn't bet)
Seat 6: Hero folded before Flop (didn't bet)


Poker Hand #HD1145691244: Hold'em No Limit  ($0.02/$0.05) - 2023/03/04 15:35:42
Table 'NLHBlue91' 6-max Seat #6 is the button
Seat 1: 4ea5dea2 ($7.63 in chips)
Seat 2: 603c1382 ($5.12 in chips)
Seat 3: 696957f4 ($5.46 in chips)
Seat 4: 1b4c4cd6 ($7.98 in chips)
Seat 5: b1614c68 ($5.31 in chips)
Seat 6: Hero ($5.12 in chips)
4ea5dea2: posts small blind $0.02
603c1382: posts big blind $0.05
*** HOLE CARDS ***
Dealt to 4ea5dea2 
Dealt to 603c1382 
Dealt to 696957f4 
Dealt to 1b4c4cd6 
Dealt to b1614c68 
Dealt to Hero [8h Td]
696957f4: folds
1b4c4cd6: folds
b1614c68: raises $0.1 to $0.15
Hero: folds
4ea5dea2: folds
603c1382: calls $0.1
*** FLOP *** [2d 2c 6s]
603c1382: checks
b1614c68: checks
*** TURN *** [2d 2c 6s] [Qc]
603c1382: bets $0.16
b1614c68: calls $0.16
*** RIVER *** [2d 2c 6s Qc] [2h]
603c1382: bets $0.22
b1614c68: calls $0.22
603c1382: shows [Qs Jc] (Twos Full over Queens)
b1614c68: shows [5c Ac] (Three Twos)
*** SHOWDOWN ***
603c1382 collected $1.03 from pot
*** SUMMARY ***
Total pot $1.08 | Rake $0.05 | Jackpot $0 | Bingo $0 | Fortune $0
Board [2d 2c 6s Qc 2h]
Seat 1: 4ea5dea2 (small blind) folded before Flop
Seat 2: 603c1382 (big blind) showed [Qs Jc] and won ($1.03) with Twos Full over Queens
Seat 3: 696957f4 folded before Flop (didn't bet)
Seat 4: 1b4c4cd6 folded before Flop (didn't bet)
Seat 5: b1614c68 showed [5c Ac] and lost with Three Twos
Seat 6: Hero (button) folded before Flop (didn't bet)


Poker Hand #HD1145691175: Hold'em No Limit  ($0.02/$0.05) - 2023/03/04 15:35:13
Table 'NLHBlue91' 6-max Seat #5 is the button
Seat 1: 4ea5dea2 ($7.68 in chips)
Seat 2: 603c1382 ($5.12 in chips)
Seat 3: 696957f4 ($5.39 in chips)
Seat 4: 1b4c4cd6 ($7.98 in chips)
Seat 5: b1614c68 ($5.31 in chips)
Seat 6: Hero ($5.14 in chips)
Hero: posts small blind $0.02
4ea5dea2: posts big blind $0.05
*** HOLE CARDS ***
Dealt to 4ea5dea2 
Dealt to 603c1382 
Dealt to 696957f4 
Dealt to 1b4c4cd6 
Dealt to b1614c68 
Dealt to Hero [Th 6h]
603c1382: folds
696957f4: raises $0.05 to $0.1
1b4c4cd6: folds
b1614c68: folds
Hero: folds
4ea5dea2: folds
Uncalled bet ($0.05) returned to 696957f4
*** SHOWDOWN ***
696957f4 collected $0.12 from pot
*** SUMMARY ***
Total pot $0.12 | Rake $0 | Jackpot $0 | Bingo $0 | Fortune $0
Seat 1: 4ea5dea2 (big blind) folded before Flop
Seat 2: 603c1382 folded before Flop (didn't bet)
Seat 3: 696957f4 collected ($0.12)
Seat 4: 1b4c4cd6 folded before Flop (didn't bet)
Seat 5: b1614c68 (button) folded before Flop (didn't bet)
Seat 6: Hero (small blind) folded before Flop


Poker Hand #HD1145691141: Hold'em No Limit  ($0.02/$0.05) - 2023/03/04 15:35:00
Table 'NLHBlue91' 6-max Seat #4 is the button
Seat 1: 4ea5dea2 ($7.68 in chips)
Seat 2: 603c1382 ($5.12 in chips)
Seat 3: 696957f4 ($5.39 in chips)
Seat 4: 1b4c4cd6 ($7.98 in chips)
Seat 5: b1614c68 ($5.33 in chips)
Seat 6: Hero ($5.12 in chips)
b1614c68: posts small blind $0.02
Hero: posts big blind $0.05
*** HOLE CARDS ***
Dealt to 4ea5dea2 
Dealt to 603c1382 
Dealt to 696957f4 
Dealt to 1b4c4cd6 
Dealt to b1614c68 
Dealt to Hero [7d Td]
4ea5dea2: folds
603c1382: folds
696957f4: folds
1b4c4cd6: folds
b1614c68: folds
Uncalled bet ($0.03) returned to Hero
*** SHOWDOWN ***
Hero collected $0.04 from pot
*** SUMMARY ***
Total pot $0.04 | Rake $0 | Jackpot $0 | Bingo $0 | Fortune $0
Seat 1: 4ea5dea2 folded before Flop (didn't bet)
Seat 2: 603c1382 folded before Flop (didn't bet)
Seat 3: 696957f4 folded before Flop (didn't bet)
Seat 4: 1b4c4cd6 (button) folded before Flop (didn't bet)
Seat 5: b1614c68 (small blind) folded before Flop
Seat 6: Hero (big blind) collected ($0.04)


Poker Hand #HD1145691096: Hold'em No Limit  ($0.02/$0.05) - 2023/03/04 15:34:44
Table 'NLHBlue91' 6-max Seat #3 is the button
Seat 1: 4ea5dea2 ($7.68 in chips)
Seat 2: 603c1382 ($5.12 in chips)
Seat 3: 696957f4 ($5.39 in chips)
Seat 4: 1b4c4cd6 ($8 in chips)
Seat 5: b1614c68 ($5.31 in chips)
Seat 6: Hero ($5.12 in chips)
1b4c4cd6: posts small blind $0.02
b1614c68: posts big blind $0.05
*** HOLE CARDS ***
Dealt to 4ea5dea2 
Dealt to 603c1382 
Dealt to 696957f4 
Dealt to 1b4c4cd6 
Dealt to b1614c68 
Dealt to Hero [Th Kd]
Hero: folds
4ea5dea2: folds
603c1382: folds
696957f4: folds
1b4c4cd6: folds
Uncalled bet ($0.03) returned to b1614c68
*** SHOWDOWN ***
b1614c68 collected $0.04 from pot
*** SUMMARY ***
Total pot $0.04 | Rake $0 | Jackpot $0 | Bingo $0 | Fortune $0
Seat 1: 4ea5dea2 folded before Flop (didn't bet)
Seat 2: 603c1382 folded before Flop (didn't bet)
Seat 3: 696957f4 (button) folded before Flop (didn't bet)
Seat 4: 1b4c4cd6 (small blind) folded before Flop
Seat 5: b1614c68 (big blind) collected ($0.04)
Seat 6: Hero folded before Flop (didn't bet)


Poker Hand #HD1145691005: Hold'em No Limit  ($0.02/$0.05) - 2023/03/04 15:34:11
Table 'NLHBlue91' 6-max Seat #2 is the button
Seat 1: 4ea5dea2 ($7.68 in chips)
Seat 2: 603c1382 ($5.12 in chips)
Seat 3: 696957f4 ($5.34 in chips)
Seat 4: 1b4c4cd6 ($8.05 in chips)
Seat 5: b1614c68 ($5.31 in chips)
Seat 6: Hero ($5.12 in chips)
696957f4: posts small blind $0.02
1b4c4cd6: posts big blind $0.05
*** HOLE CARDS ***
Dealt to 4ea5dea2 
Dealt to 603c1382 
Dealt to 696957f4 
Dealt to 1b4c4cd6 
Dealt to b1614c68 
Dealt to Hero [Js 2s]
b1614c68: folds
Hero: folds
4ea5dea2: folds
603c1382: folds
696957f4: raises $0.1 to $0.15
1b4c4cd6: folds
Uncalled bet ($0.1) returned to 696957f4
*** SHOWDOWN ***
696957f4 collected $0.1 from pot
*** SUMMARY ***
Total pot $0.1 | Rake $0 | Jackpot $0 | Bingo $0 | Fortune $0
Seat 1: 4ea5dea2 folded before Flop (didn't bet)
Seat 2: 603c1382 (button) folded before Flop (didn't bet)
Seat 3: 696957f4 (small blind) collected ($0.1)
Seat 4: 1b4c4cd6 (big blind) folded before Flop
Seat 5: b1614c68 folded before Flop (didn't bet)
Seat 6: Hero folded before Flop (didn't bet)


Poker Hand #HD1145690915: Hold'em No Limit  ($0.02/$0.05) - 2023/03/04 15:33:39
Table 'NLHBlue91' 6-max Seat #1 is the button
Seat 1: 4ea5dea2 ($7.61 in chips)
Seat 2: 603c1382 ($5.14 in chips)
Seat 3: 696957f4 ($5.39 in chips)
Seat 4: 1b4c4cd6 ($8.05 in chips)
Seat 5: b1614c68 ($5.31 in chips)
Seat 6: Hero ($5.12 in chips)
603c1382: posts small blind $0.02
696957f4: posts big blind $0.05
*** HOLE CARDS ***
Dealt to 4ea5dea2 
Dealt to 603c1382 
Dealt to 696957f4 
Dealt to 1b4c4cd6 
Dealt to b1614c68 
Dealt to Hero [3d 9d]
1b4c4cd6: folds
b1614c68: folds
Hero: folds
4ea5dea2: raises $0.08 to $0.13
603c1382: folds
696957f4: folds
Uncalled bet ($0.08) returned to 4ea5dea2
*** SHOWDOWN ***
4ea5dea2 collected $0.12 from pot
*** SUMMARY ***
Total pot $0.12 | Rake $0 | Jackpot $0 | Bingo $0 | Fortune $0
Seat 1: 4ea5dea2 (button) collected ($0.12)
Seat 2: 603c1382 (small blind) folded before Flop
Seat 3: 696957f4 (big blind) folded before Flop
Seat 4: 1b4c4cd6 folded before Flop (didn't bet)
Seat 5: b1614c68 folded before Flop (didn't bet)
Seat 6: Hero folded before Flop (didn't bet)


Poker Hand #HD1145690703: Hold'em No Limit  ($0.02/$0.05) - 2023/03/04 15:32:24
Table 'NLHBlue91' 6-max Seat #6 is the button
Seat 1: 4ea5dea2 ($7.63 in chips)
Seat 2: 603c1382 ($5 in chips)
Seat 3: 696957f4 ($5.39 in chips)
Seat 4: 1b4c4cd6 ($8.18 in chips)
Seat 5: b1614c68 ($5.31 in chips)
Seat 6: Hero ($5.12 in chips)
4ea5dea2: posts small blind $0.02
603c1382: posts big blind $0.05
*** HOLE CARDS ***
Dealt to 4ea5dea2 
Dealt to 603c1382 
Dealt to 696957f4 
Dealt to 1b4c4cd6 
Dealt to b1614c68 
Dealt to Hero [4s 2c]
696957f4: folds
1b4c4cd6: raises $0.08 to $0.13
b1614c68: folds
Hero: folds
4ea5dea2: folds
603c1382: calls $0.08
*** FLOP *** [7d 6h 3s]
603c1382: checks
1b4c4cd6: checks
*** TURN *** [7d 6h 3s] [4c]
603c1382: bets $0.14
1b4c4cd6: folds
Uncalled bet ($0.14) returned to 603c1382
*** SHOWDOWN ***
603c1382 collected $0.27 from pot
*** SUMMARY ***
Total pot $0.28 | Rake $0.01 | Jackpot $0 | Bingo $0 | Fortune $0
Board [7d 6h 3s 4c]
Seat 1: 4ea5dea2 (small blind) folded before Flop
Seat 2: 603c1382 (big blind) won ($0.27)
Seat 3: 696957f4 folded before Flop (didn't bet)
Seat 4: 1b4c4cd6 folded on the Turn
Seat 5: b1614c68 folded before Flop (didn't bet)
Seat 6: Hero (button) folded before Flop (didn't bet)


Poker Hand #HD1145690585: Hold'em No Limit  ($0.02/$0.05) - 2023/03/04 15:31:46
Table 'NLHBlue91' 6-max Seat #5 is the button
Seat 1: 4ea5dea2 ($7.8 in chips)
Seat 2: 603c1382 ($5 in chips)
Seat 3: 696957f4 ($5.21 in chips)
Seat 4: 1b4c4cd6 ($8.18 in chips)
Seat 5: b1614c68 ($5.31 in chips)
Seat 6: Hero ($5.14 in chips)
Hero: posts small blind $0.02
4ea5dea2: posts big blind $0.05
*** HOLE CARDS ***
Dealt to 4ea5dea2 
Dealt to 603c1382 
Dealt to 696957f4 
Dealt to 1b4c4cd6 
Dealt to b1614c68 
Dealt to Hero [4s Tc]
603c1382: folds
696957f4: raises $0.05 to $0.1
1b4c4cd6: folds
b1614c68: folds
Hero: folds
4ea5dea2: calls $0.05
*** FLOP *** [8c 8s 9h]
4ea5dea2: checks
696957f4: bets $0.07
4ea5dea2: calls $0.07
*** TURN *** [8c 8s 9h] [Jc]
4ea5dea2: checks
696957f4: bets $0.29
4ea5dea2: folds
Uncalled bet ($0.29) returned to 696957f4
*** SHOWDOWN ***
696957f4 collected $0.35 from pot
*** SUMMARY ***
Total pot $0.36 | Rake $0.01 | Jackpot $0 | Bingo $0 | Fortune $0
Board [8c 8s 9h Jc]
Seat 1: 4ea5dea2 (big blind) folded on the Turn
Seat 2: 603c1382 folded before Flop (didn't bet)
Seat 3: 696957f4 won ($0.35)
Seat 4: 1b4c4cd6 folded before Flop (didn't bet)
Seat 5: b1614c68 (button) folded before Flop (didn't bet)
Seat 6: Hero (small blind) folded before Flop


Poker Hand #HD1145690479: Hold'em No Limit  ($0.02/$0.05) - 2023/03/04 15:31:09
Table 'NLHBlue91' 6-max Seat #4 is the button
Seat 1: 4ea5dea2 ($7.8 in chips)
Seat 2: 603c1382 ($5 in chips)
Seat 3: 696957f4 ($5.21 in chips)
Seat 4: 1b4c4cd6 ($8.28 in chips)
Seat 5: b1614c68 ($5.17 in chips)
Seat 6: Hero ($5.19 in chips)
b1614c68: posts small blind $0.02
Hero: posts big blind $0.05
*** HOLE CARDS ***
Dealt to 4ea5dea2 
Dealt to 603c1382 
Dealt to 696957f4 
Dealt to 1b4c4cd6 
Dealt to b1614c68 
Dealt to Hero [9d 4s]
4ea5dea2: folds
603c1382: folds
696957f4: folds
1b4c4cd6: raises $0.05 to $0.1
b1614c68: calls $0.08
Hero: folds
*** FLOP *** [4h 5d Jd]
b1614c68: checks
1b4c4cd6: checks
*** TURN *** [4h 5d Jd] [4d]
b1614c68: bets $0.13
1b4c4cd6: folds
Uncalled bet ($0.13) returned to b1614c68
*** SHOWDOWN ***
b1614c68 collected $0.24 from pot
*** SUMMARY ***
Total pot $0.25 | Rake $0.01 | Jackpot $0 | Bingo $0 | Fortune $0
Board [4h 5d Jd 4d]
Seat 1: 4ea5dea2 folded before Flop (didn't bet)
Seat 2: 603c1382 folded before Flop (didn't bet)
Seat 3: 696957f4 folded before Flop (didn't bet)
Seat 4: 1b4c4cd6 (button) folded on the Turn
Seat 5: b1614c68 (small blind) won ($0.24)
Seat 6: Hero (big blind) folded before Flop


Poker Hand #HD1145690317: Hold'em No Limit  ($0.02/$0.05) - 2023/03/04 15:30:12
Table 'NLHBlue91' 6-max Seat #3 is the button
Seat 1: 4ea5dea2 ($7.8 in chips)
Seat 2: 603c1382 ($5 in chips)
Seat 3: 696957f4 ($5 in chips)
Seat 4: 1b4c4cd6 ($8.3 in chips)
Seat 5: b1614c68 ($5.22 in chips)
Seat 6: Hero ($5.19 in chips)
1b4c4cd6: posts small blind $0.02
b1614c68: posts big blind $0.05
*** HOLE CARDS ***
Dealt to 4ea5dea2 
Dealt to 603c1382 
Dealt to 696957f4 
Dealt to 1b4c4cd6 
Dealt to b1614c68 
Dealt to Hero [9d 4c]
Hero: folds
4ea5dea2: folds
603c1382: raises $0.1 to $0.15
696957f4: raises $0.29 to $0.44
1b4c4cd6: folds
b1614c68: folds
603c1382: folds
Uncalled bet ($0.29) returned to 696957f4
*** SHOWDOWN ***
696957f4 collected $0.36 from pot
*** SUMMARY ***
Total pot $0.37 | Rake $0.01 | Jackpot $0 | Bingo $0 | Fortune $0
Seat 1: 4ea5dea2 folded before Flop (didn't bet)
Seat 2: 603c1382 folded before Flop
Seat 3: 696957f4 (button) collected ($0.36)
Seat 4: 1b4c4cd6 (small blind) folded before Flop
Seat 5: b1614c68 (big blind) folded before Flop
Seat 6: Hero folded before Flop (didn't bet)


Poker Hand #HD1145690150: Hold'em No Limit  ($0.02/$0.05) - 2023/03/04 15:29:13
Table 'NLHBlue91' 6-max Seat #2 is the button
Seat 1: 4ea5dea2 ($6.55 in chips)
Seat 2: 603c1382 ($5 in chips)
Seat 3: 696957f4 ($6.15 in chips)
Seat 4: 1b4c4cd6 ($8.35 in chips)
Seat 5: b1614c68 ($5.22 in chips)
Seat 6: Hero ($5.19 in chips)
696957f4: posts small blind $0.02
1b4c4cd6: posts big blind $0.05
*** HOLE CARDS ***
Dealt to 4ea5dea2 
Dealt to 603c1382 
Dealt to 696957f4 
Dealt to 1b4c4cd6 
Dealt to b1614c68 
Dealt to Hero [9d 3s]
b1614c68: folds
Hero: folds
4ea5dea2: raises $0.07 to $0.12
603c1382: calls $0.12
696957f4: raises $0.5 to $0.62
1b4c4cd6: folds
4ea5dea2: calls $0.5
603c1382: folds
*** FLOP *** [Kh Qh 9s]
696957f4: bets $0.64
4ea5dea2: calls $0.64
*** TURN *** [Kh Qh 9s] [6h]
696957f4: checks
4ea5dea2: bets $0.82
696957f4: folds
Uncalled bet ($0.82) returned to 4ea5dea2
*** SHOWDOWN ***
4ea5dea2 collected $2.51 from pot
*** SUMMARY ***
Total pot $2.69 | Rake $0.13 | Jackpot $0.05 | Bingo $0 | Fortune $0
Board [Kh Qh 9s 6h]
Seat 1: 4ea5dea2 won ($2.51)
Seat 2: 603c1382 (button) folded before Flop
Seat 3: 696957f4 (small blind) folded on the Turn
Seat 4: 1b4c4cd6 (big blind) folded before Flop
Seat 5: b1614c68 folded before Flop (didn't bet)
Seat 6: Hero folded before Flop (didn't bet)


Poker Hand #HD1145689988: Hold'em No Limit  ($0.02/$0.05) - 2023/03/04 15:28:13
Table 'NLHBlue91' 6-max Seat #1 is the button
Seat 1: 4ea5dea2 ($6.68 in chips)
Seat 2: 603c1382 ($5.02 in chips)
Seat 3: 696957f4 ($5.91 in chips)
Seat 4: 1b4c4cd6 ($8.35 in chips)
Seat 5: b1614c68 ($5.22 in chips)
Seat 6: Hero ($5.19 in chips)
603c1382: posts small blind $0.02
696957f4: posts big blind $0.05
*** HOLE CARDS ***
Dealt to 4ea5dea2 
Dealt to 603c1382 
Dealt to 696957f4 
Dealt to 1b4c4cd6 
Dealt to b1614c68 
Dealt to Hero [Kd Ts]
1b4c4cd6: folds
b1614c68: folds
Hero: folds
4ea5dea2: raises $0.08 to $0.13
603c1382: calls $0.11
696957f4: calls $0.08
*** FLOP *** [2h Th 4d]
603c1382: checks
696957f4: checks
4ea5dea2: checks
*** TURN *** [2h Th 4d] [5c]
603c1382: checks
696957f4: bets $0.2
4ea5dea2: folds
603c1382: folds
Uncalled bet ($0.2) returned to 696957f4
*** SHOWDOWN ***
696957f4 collected $0.37 from pot
*** SUMMARY ***
Total pot $0.39 | Rake $0.02 | Jackpot $0 | Bingo $0 | Fortune $0
Board [2h Th 4d 5c]
Seat 1: 4ea5dea2 (button) folded on the Turn
Seat 2: 603c1382 (small blind) folded on the Turn
Seat 3: 696957f4 (big blind) won ($0.37)
Seat 4: 1b4c4cd6 folded before Flop (didn't bet)
Seat 5: b1614c68 folded before Flop (didn't bet)
Seat 6: Hero folded before Flop (didn't bet)


Poker Hand #HD1145689960: Hold'em No Limit  ($0.02/$0.05) - 2023/03/04 15:28:00
Table 'NLHBlue91' 6-max Seat #6 is the button
Seat 1: 4ea5dea2 ($6.7 in chips)
Seat 2: 603c1382 ($5 in chips)
Seat 3: 696957f4 ($5.91 in chips)
Seat 4: 1b4c4cd6 ($8.35 in chips)
Seat 5: b1614c68 ($5.22 in chips)
Seat 6: Hero ($5.19 in chips)
4ea5dea2: posts small blind $0.02
603c1382: posts big blind $0.05
*** HOLE CARDS ***
Dealt to 4ea5dea2 
Dealt to 603c1382 
Dealt to 696957f4 
Dealt to 1b4c4cd6 
Dealt to b1614c68 
Dealt to Hero [6s Qc]
696957f4: folds
1b4c4cd6: folds
b1614c68: folds
Hero: folds
4ea5dea2: folds
Uncalled bet ($0.03) returned to 603c1382
*** SHOWDOWN ***
603c1382 collected $0.04 from pot
*** SUMMARY ***
Total pot $0.04 | Rake $0 | Jackpot $0 | Bingo $0 | Fortune $0
Seat 1: 4ea5dea2 (small blind) folded before Flop
Seat 2: 603c1382 (big blind) collected ($0.04)
Seat 3: 696957f4 folded before Flop (didn't bet)
Seat 4: 1b4c4cd6 folded before Flop (didn't bet)
Seat 5: b1614c68 folded before Flop (didn't bet)
Seat 6: Hero (button) folded before Flop (didn't bet)


Poker Hand #HD1145689764: Hold'em No Limit  ($0.02/$0.05) - 2023/03/04 15:26:54
Table 'NLHBlue91' 6-max Seat #5 is the button
Seat 1: 4ea5dea2 ($6.75 in chips)
Seat 2: 603c1382 ($5 in chips)
Seat 3: 696957f4 ($5.91 in chips)
Seat 4: 1b4c4cd6 ($8.35 in chips)
Seat 5: b1614c68 ($5.35 in chips)
Seat 6: Hero ($5.02 in chips)
Hero: posts small blind $0.02
4ea5dea2: posts big blind $0.05
*** HOLE CARDS ***
Dealt to 4ea5dea2 
Dealt to 603c1382 
Dealt to 696957f4 
Dealt to 1b4c4cd6 
Dealt to b1614c68 
Dealt to Hero [Qd Qc]
603c1382: folds
696957f4: folds
1b4c4cd6: folds
b1614c68: raises $0.08 to $0.13
Hero: raises $0.39 to $0.52
4ea5dea2: folds
b1614c68: folds
Uncalled bet ($0.39) returned to Hero
*** SHOWDOWN ***
Hero collected $0.3 from pot
*** SUMMARY ***
Total pot $0.31 | Rake $0.01 | Jackpot $0 | Bingo $0 | Fortune $0
Seat 1: 4ea5dea2 (big blind) folded before Flop
Seat 2: 603c1382 folded before Flop (didn't bet)
Seat 3: 696957f4 folded before Flop (didn't bet)
Seat 4: 1b4c4cd6 folded before Flop (didn't bet)
Seat 5: b1614c68 (button) folded before Flop
Seat 6: Hero (small blind) collected ($0.3)


Poker Hand #HD1145689732: Hold'em No Limit  ($0.02/$0.05) - 2023/03/04 15:26:42
Table 'NLHBlue91' 6-max Seat #4 is the button
Seat 1: 4ea5dea2 ($6.75 in chips)
Seat 2: 603c1382 ($5 in chips)
Seat 3: 696957f4 ($5.91 in chips)
Seat 4: 1b4c4cd6 ($8.28 in chips)
Seat 5: b1614c68 ($5.37 in chips)
Seat 6: Hero ($5.07 in chips)
b1614c68: posts small blind $0.02
Hero: posts big blind $0.05
*** HOLE CARDS ***
Dealt to 4ea5dea2 
Dealt to 603c1382 
Dealt to 696957f4 
Dealt to 1b4c4cd6 
Dealt to b1614c68 
Dealt to Hero [Qh 2d]
4ea5dea2: folds
603c1382: folds
696957f4: folds
1b4c4cd6: raises $0.05 to $0.1
b1614c68: folds
Hero: folds
Uncalled bet ($0.05) returned to 1b4c4cd6
*** SHOWDOWN ***
1b4c4cd6 collected $0.12 from pot
*** SUMMARY ***
Total pot $0.12 | Rake $0 | Jackpot $0 | Bingo $0 | Fortune $0
Seat 1: 4ea5dea2 folded before Flop (didn't bet)
Seat 2: 603c1382 folded before Flop (didn't bet)
Seat 3: 696957f4 folded before Flop (didn't bet)
Seat 4: 1b4c4cd6 (button) collected ($0.12)
Seat 5: b1614c68 (small blind) folded before Flop
Seat 6: Hero (big blind) folded before Flop


Poker Hand #HD1145689650: Hold'em No Limit  ($0.02/$0.05) - 2023/03/04 15:26:07
Table 'NLHBlue91' 6-max Seat #3 is the button
Seat 1: 4ea5dea2 ($6.75 in chips)
Seat 2: 603c1382 ($5 in chips)
Seat 3: 696957f4 ($6.04 in chips)
Seat 4: 1b4c4cd6 ($8.3 in chips)
Seat 5: b1614c68 ($5.23 in chips)
Seat 6: Hero ($5.07 in chips)
1b4c4cd6: posts small blind $0.02
b1614c68: posts big blind $0.05
*** HOLE CARDS ***
Dealt to 4ea5dea2 
Dealt to 603c1382 
Dealt to 696957f4 
Dealt to 1b4c4cd6 
Dealt to b1614c68 
Dealt to Hero [6h Jc]
Hero: folds
4ea5dea2: folds
603c1382: folds
696957f4: raises $0.08 to $0.13
1b4c4cd6: folds
b1614c68: raises $0.28 to $0.41
696957f4: folds
Uncalled bet ($0.28) returned to b1614c68
*** SHOWDOWN ***
b1614c68 collected $0.27 from pot
*** SUMMARY ***
Total pot $0.28 | Rake $0.01 | Jackpot $0 | Bingo $0 | Fortune $0
Seat 1: 4ea5dea2 folded before Flop (didn't bet)
Seat 2: 603c1382 folded before Flop (didn't bet)
Seat 3: 696957f4 (button) folded before Flop
Seat 4: 1b4c4cd6 (small blind) folded before Flop
Seat 5: b1614c68 (big blind) collected ($0.27)
Seat 6: Hero folded before Flop (didn't bet)


Poker Hand #HD1145689602: Hold'em No Limit  ($0.02/$0.05) - 2023/03/04 15:25:53
Table 'NLHBlue91' 6-max Seat #2 is the button
Seat 1: 4ea5dea2 ($6.75 in chips)
Seat 2: 603c1382 ($5 in chips)
Seat 3: 696957f4 ($6.06 in chips)
Seat 4: 1b4c4cd6 ($8.35 in chips)
Seat 5: b1614c68 ($5.23 in chips)
Seat 6: Hero ($5 in chips)
696957f4: posts small blind $0.02
1b4c4cd6: posts big blind $0.05
*** HOLE CARDS ***
Dealt to 4ea5dea2 
Dealt to 603c1382 
Dealt to 696957f4 
Dealt to 1b4c4cd6 
Dealt to b1614c68 
Dealt to Hero [As Kd]
b1614c68: folds
Hero: raises $0.07 to $0.12
4ea5dea2: folds
603c1382: folds
696957f4: folds
1b4c4cd6: folds
Uncalled bet ($0.07) returned to Hero
*** SHOWDOWN ***
Hero collected $0.12 from pot
*** SUMMARY ***
Total pot $0.12 | Rake $0 | Jackpot $0 | Bingo $0 | Fortune $0
Seat 1: 4ea5dea2 folded before Flop (didn't bet)
Seat 2: 603c1382 (button) folded before Flop (didn't bet)
Seat 3: 696957f4 (small blind) folded before Flop
Seat 4: 1b4c4cd6 (big blind) folded before Flop
Seat 5: b1614c68 folded before Flop (didn't bet)
Seat 6: Hero collected ($0.12)


Poker Hand #HD1145689548: Hold'em No Limit  ($0.02/$0.05) - 2023/03/04 15:25:32
Table 'NLHBlue91' 6-max Seat #1 is the button
Seat 1: 4ea5dea2 ($6.75 in chips)
Seat 2: 603c1382 ($5 in chips)
Seat 3: 696957f4 ($6.04 in chips)
Seat 4: 1b4c4cd6 ($8.35 in chips)
Seat 5: b1614c68 ($5.23 in chips)
Seat 6: Hero ($5 in chips)
603c1382: posts small blind $0.02
696957f4: posts big blind $0.05
*** HOLE CARDS ***
Dealt to 4ea5dea2 
Dealt to 603c1382 
Dealt to 696957f4 
Dealt to 1b4c4cd6 
Dealt to b1614c68 
Dealt to Hero [Ad 9s]
1b4c4cd6: folds
b1614c68: folds
Hero: folds
4ea5dea2: folds
603c1382: folds
Uncalled bet ($0.03) returned to 696957f4
*** SHOWDOWN ***
696957f4 collected $0.04 from pot
*** SUMMARY ***
Total pot $0.04 | Rake $0 | Jackpot $0 | Bingo $0 | Fortune $0
Seat 1: 4ea5dea2 (button) folded before Flop (didn't bet)
Seat 2: 603c1382 (small blind) folded before Flop
Seat 3: 696957f4 (big blind) collected ($0.04)
Seat 4: 1b4c4cd6 folded before Flop (didn't bet)
Seat 5: b1614c68 folded before Flop (didn't bet)
Seat 6: Hero folded before Flop (didn't bet)


Poker Hand #HD1145689282: Hold'em No Limit  ($0.02/$0.05) - 2023/03/04 15:23:50
Table 'NLHBlue91' 6-max Seat #6 is the button
Seat 1: 4ea5dea2 ($6.88 in chips)
Seat 2: 603c1382 ($5.38 in chips)
Seat 3: 696957f4 ($6.04 in chips)
Seat 4: 1b4c4cd6 ($7.36 in chips)
Seat 5: b1614c68 ($5.23 in chips)
Seat 6: Hero ($5 in chips)
4ea5dea2: posts small blind $0.02
603c1382: posts big blind $0.05
*** HOLE CARDS ***
Dealt to 4ea5dea2 
Dealt to 603c1382 
Dealt to 696957f4 
Dealt to 1b4c4cd6 
Dealt to b1614c68 
Dealt to Hero [6h 5h]
696957f4: folds
1b4c4cd6: raises $0.08 to $0.13
b1614c68: folds
Hero: calls $0.13
4ea5dea2: calls $0.11
603c1382: calls $0.08
*** FLOP *** [9h 4h Ad]
4ea5dea2: checks
603c1382: checks
1b4c4cd6: bets $0.36
Hero: calls $0.36
4ea5dea2: folds
603c1382: calls $0.36
*** TURN *** [9h 4h Ad] [9d]
603c1382: checks
1b4c4cd6: bets $0.7
Hero: folds
603c1382: folds
Uncalled bet ($0.7) returned to 1b4c4cd6
*** SHOWDOWN ***
1b4c4cd6 collected $1.48 from pot
*** SUMMARY ***
Total pot $1.6 | Rake $0.07 | Jackpot $0.05 | Bingo $0 | Fortune $0
Board [9h 4h Ad 9d]
Seat 1: 4ea5dea2 (small blind) folded on the Flop
Seat 2: 603c1382 (big blind) folded on the Turn
Seat 3: 696957f4 folded before Flop (didn't bet)
Seat 4: 1b4c4cd6 won ($1.48)
Seat 5: b1614c68 folded before Flop (didn't bet)
Seat 6: Hero (button) folded on the Turn


Poker Hand #HD1145689189: Hold'em No Limit  ($0.02/$0.05) - 2023/03/04 15:23:12
Table 'NLHBlue91' 6-max Seat #5 is the button
Seat 1: 4ea5dea2 ($7.01 in chips)
Seat 2: 603c1382 ($5.38 in chips)
Seat 3: 696957f4 ($6.04 in chips)
Seat 4: 1b4c4cd6 ($7.22 in chips)
Seat 5: b1614c68 ($5.23 in chips)
Seat 6: Hero ($5 in chips)
Hero: posts small blind $0.02
4ea5dea2: posts big blind $0.05
*** HOLE CARDS ***
Dealt to 4ea5dea2 
Dealt to 603c1382 
Dealt to 696957f4 
Dealt to 1b4c4cd6 
Dealt to b1614c68 
Dealt to Hero [3s 7c]
603c1382: folds
696957f4: folds
1b4c4cd6: raises $0.08 to $0.13
b1614c68: folds
Hero: folds
4ea5dea2: calls $0.08
*** FLOP *** [6d 7d Qc]
4ea5dea2: checks
1b4c4cd6: bets $0.21
4ea5dea2: folds
Uncalled bet ($0.21) returned to 1b4c4cd6
*** SHOWDOWN ***
1b4c4cd6 collected $0.27 from pot
*** SUMMARY ***
Total pot $0.28 | Rake $0.01 | Jackpot $0 | Bingo $0 | Fortune $0
Board [6d 7d Qc]
Seat 1: 4ea5dea2 (big blind) folded on the Flop
Seat 2: 603c1382 folded before Flop (didn't bet)
Seat 3: 696957f4 folded before Flop (didn't bet)
Seat 4: 1b4c4cd6 won ($0.27)
Seat 5: b1614c68 (button) folded before Flop (didn't bet)
Seat 6: Hero (small blind) folded before Flop


Poker Hand #HD1145689104: Hold'em No Limit  ($0.02/$0.05) - 2023/03/04 15:22:43
Table 'NLHBlue91' 6-max Seat #4 is the button
Seat 1: 4ea5dea2 ($7.01 in chips)
Seat 2: 603c1382 ($5.38 in chips)
Seat 3: 696957f4 ($6.14 in chips)
Seat 4: 1b4c4cd6 ($7.22 in chips)
Seat 5: b1614c68 ($5.09 in chips)
Seat 6: Hero ($5 in chips)
b1614c68: posts small blind $0.02
Hero: posts big blind $0.05
*** HOLE CARDS ***
Dealt to 4ea5dea2 
Dealt to 603c1382 
Dealt to 696957f4 
Dealt to 1b4c4cd6 
Dealt to b1614c68 
Dealt to Hero [2h Qc]
4ea5dea2: folds
603c1382: folds
696957f4: raises $0.05 to $0.1
1b4c4cd6: folds
b1614c68: raises $0.25 to $0.35
Hero: folds
696957f4: folds
Uncalled bet ($0.25) returned to b1614c68
*** SHOWDOWN ***
b1614c68 collected $0.24 from pot
*** SUMMARY ***
Total pot $0.25 | Rake $0.01 | Jackpot $0 | Bingo $0 | Fortune $0
Seat 1: 4ea5dea2 folded before Flop (didn't bet)
Seat 2: 603c1382 folded before Flop (didn't bet)
Seat 3: 696957f4 folded before Flop
Seat 4: 1b4c4cd6 (button) folded before Flop (didn't bet)
Seat 5: b1614c68 (small blind) collected ($0.24)
Seat 6: Hero (big blind) folded before Flop


Poker Hand #HD1145689027: Hold'em No Limit  ($0.02/$0.05) - 2023/03/04 15:22:19
Table 'NLHBlue91' 6-max Seat #3 is the button
Seat 1: 4ea5dea2 ($6.94 in chips)
Seat 2: 603c1382 ($5.38 in chips)
Seat 3: 696957f4 ($6.14 in chips)
Seat 4: 1b4c4cd6 ($7.24 in chips)
Seat 5: b1614c68 ($5.14 in chips)
Seat 6: Hero ($5 in chips)
1b4c4cd6: posts small blind $0.02
b1614c68: posts big blind $0.05
*** HOLE CARDS ***
Dealt to 4ea5dea2 
Dealt to 603c1382 
Dealt to 696957f4 
Dealt to 1b4c4cd6 
Dealt to b1614c68 
Dealt to Hero [Tc Qh]
Hero: folds
4ea5dea2: raises $0.06 to $0.11
603c1382: folds
696957f4: folds
1b4c4cd6: folds
b1614c68: folds
Uncalled bet ($0.06) returned to 4ea5dea2
*** SHOWDOWN ***
4ea5dea2 collected $0.12 from pot
*** SUMMARY ***
Total pot $0.12 | Rake $0 | Jackpot $0 | Bingo $0 | Fortune $0
Seat 1: 4ea5dea2 collected ($0.12)
Seat 2: 603c1382 folded before Flop (didn't bet)
Seat 3: 696957f4 (button) folded before Flop (didn't bet)
Seat 4: 1b4c4cd6 (small blind) folded before Flop
Seat 5: b1614c68 (big blind) folded before Flop
Seat 6: Hero folded before Flop (didn't bet)


Poker Hand #HD1145688985: Hold'em No Limit  ($0.02/$0.05) - 2023/03/04 15:22:04
Table 'NLHBlue91' 6-max Seat #2 is the button
Seat 1: 4ea5dea2 ($6.87 in chips)
Seat 2: 603c1382 ($5.38 in chips)
Seat 3: 696957f4 ($6.16 in chips)
Seat 4: 1b4c4cd6 ($7.29 in chips)
Seat 5: b1614c68 ($5.14 in chips)
Seat 6: Hero ($5 in chips)
696957f4: posts small blind $0.02
1b4c4cd6: posts big blind $0.05
*** HOLE CARDS ***
Dealt to 4ea5dea2 
Dealt to 603c1382 
Dealt to 696957f4 
Dealt to 1b4c4cd6 
Dealt to b1614c68 
Dealt to Hero [Jh 3h]
b1614c68: folds
Hero: folds
4ea5dea2: raises $0.07 to $0.12
603c1382: folds
696957f4: folds
1b4c4cd6: folds
Uncalled bet ($0.07) returned to 4ea5dea2
*** SHOWDOWN ***
4ea5dea2 collected $0.12 from pot
*** SUMMARY ***
Total pot $0.12 | Rake $0 | Jackpot $0 | Bingo $0 | Fortune $0
Seat 1: 4ea5dea2 collected ($0.12)
Seat 2: 603c1382 (button) folded before Flop (didn't bet)
Seat 3: 696957f4 (small blind) folded before Flop
Seat 4: 1b4c4cd6 (big blind) folded before Flop
Seat 5: b1614c68 folded before Flop (didn't bet)
Seat 6: Hero folded before Flop (didn't bet)


Poker Hand #HD1145688929: Hold'em No Limit  ($0.02/$0.05) - 2023/03/04 15:21:43
Table 'NLHBlue91' 6-max Seat #1 is the button
Seat 1: 4ea5dea2 ($6.87 in chips)
Seat 2: 603c1382 ($5.4 in chips)
Seat 3: 696957f4 ($6.14 in chips)
Seat 4: 1b4c4cd6 ($7.29 in chips)
Seat 5: b1614c68 ($5.14 in chips)
Seat 6: Hero ($5 in chips)
603c1382: posts small blind $0.02
696957f4: posts big blind $0.05
*** HOLE CARDS ***
Dealt to 4ea5dea2 
Dealt to 603c1382 
Dealt to 696957f4 
Dealt to 1b4c4cd6 
Dealt to b1614c68 
Dealt to Hero [3h Js]
1b4c4cd6: folds
b1614c68: folds
Hero: folds
4ea5dea2: folds
603c1382: folds
Uncalled bet ($0.03) returned to 696957f4
*** SHOWDOWN ***
696957f4 collected $0.04 from pot
*** SUMMARY ***
Total pot $0.04 | Rake $0 | Jackpot $0 | Bingo $0 | Fortune $0
Seat 1: 4ea5dea2 (button) folded before Flop (didn't bet)
Seat 2: 603c1382 (small blind) folded before Flop
Seat 3: 696957f4 (big blind) collected ($0.04)
Seat 4: 1b4c4cd6 folded before Flop (didn't bet)
Seat 5: b1614c68 folded before Flop (didn't bet)
Seat 6: Hero folded before Flop (didn't bet)


Poker Hand #HD1145688901: Hold'em No Limit  ($0.02/$0.05) - 2023/03/04 15:21:34
Table 'NLHBlue91' 6-max Seat #6 is the button
Seat 1: 4ea5dea2 ($6.89 in chips)
Seat 2: 603c1382 ($5.38 in chips)
Seat 3: 696957f4 ($6.14 in chips)
Seat 4: 1b4c4cd6 ($7.29 in chips)
Seat 5: b1614c68 ($5.14 in chips)
Seat 6: Hero ($5 in chips)
4ea5dea2: posts small blind $0.02
603c1382: posts big blind $0.05
*** HOLE CARDS ***
Dealt to 4ea5dea2 
Dealt to 603c1382 
Dealt to 696957f4 
Dealt to 1b4c4cd6 
Dealt to b1614c68 
Dealt to Hero [7c 6d]
696957f4: folds
1b4c4cd6: folds
b1614c68: folds
Hero: folds
4ea5dea2: folds
Uncalled bet ($0.03) returned to 603c1382
*** SHOWDOWN ***
603c1382 collected $0.04 from pot
*** SUMMARY ***
Total pot $0.04 | Rake $0 | Jackpot $0 | Bingo $0 | Fortune $0
Seat 1: 4ea5dea2 (small blind) folded before Flop
Seat 2: 603c1382 (big blind) collected ($0.04)
Seat 3: 696957f4 folded before Flop (didn't bet)
Seat 4: 1b4c4cd6 folded before Flop (didn't bet)
Seat 5: b1614c68 folded before Flop (didn't bet)
Seat 6: Hero (button) folded before Flop (didn't bet)


Poker Hand #HD1145688718: Hold'em No Limit  ($0.02/$0.05) - 2023/03/04 15:20:32
Table 'NLHBlue91' 6-max Seat #5 is the button
Seat 1: 4ea5dea2 ($5.97 in chips)
Seat 2: 603c1382 ($5.38 in chips)
Seat 3: 696957f4 ($6.14 in chips)
Seat 4: 1b4c4cd6 ($7.29 in chips)
Seat 5: b1614c68 ($5.14 in chips)
Seat 6: Hero ($5.54 in chips)
Hero: posts small blind $0.02
4ea5dea2: posts big blind $0.05
*** HOLE CARDS ***
Dealt to 4ea5dea2 
Dealt to 603c1382 
Dealt to 696957f4 
Dealt to 1b4c4cd6 
Dealt to b1614c68 
Dealt to Hero [8d 8s]
603c1382: folds
696957f4: folds
1b4c4cd6: folds
b1614c68: folds
Hero: raises $0.11 to $0.16
4ea5dea2: calls $0.11
*** FLOP *** [6c Qs 5c]
Hero: bets $0.16
4ea5dea2: calls $0.16
*** TURN *** [6c Qs 5c] [6d]
Hero: bets $0.32
4ea5dea2: raises $0.43 to $0.75
Hero: calls $0.43
*** RIVER *** [6c Qs 5c 6d] [3s]
Hero: checks
4ea5dea2: bets $1.4
Hero: folds
Uncalled bet ($1.4) returned to 4ea5dea2
*** SHOWDOWN ***
4ea5dea2 collected $1.99 from pot
*** SUMMARY ***
Total pot $2.14 | Rake $0.1 | Jackpot $0.05 | Bingo $0 | Fortune $0
Board [6c Qs 5c 6d 3s]
Seat 1: 4ea5dea2 (big blind) won ($1.99)
Seat 2: 603c1382 folded before Flop (didn't bet)
Seat 3: 696957f4 folded before Flop (didn't bet)
Seat 4: 1b4c4cd6 folded before Flop (didn't bet)
Seat 5: b1614c68 (button) folded before Flop (didn't bet)
Seat 6: Hero (small blind) folded on the River


Poker Hand #HD1145688688: Hold'em No Limit  ($0.02/$0.05) - 2023/03/04 15:20:22
Table 'NLHBlue91' 6-max Seat #4 is the button
Seat 1: 4ea5dea2 ($5.97 in chips)
Seat 2: 603c1382 ($5.38 in chips)
Seat 3: 696957f4 ($6.14 in chips)
Seat 4: 1b4c4cd6 ($7.29 in chips)
Seat 5: b1614c68 ($5.16 in chips)
Seat 6: Hero ($5.52 in chips)
b1614c68: posts small blind $0.02
Hero: posts big blind $0.05
*** HOLE CARDS ***
Dealt to 4ea5dea2 
Dealt to 603c1382 
Dealt to 696957f4 
Dealt to 1b4c4cd6 
Dealt to b1614c68 
Dealt to Hero [Ks 4c]
4ea5dea2: folds
603c1382: folds
696957f4: folds
1b4c4cd6: folds
b1614c68: folds
Uncalled bet ($0.03) returned to Hero
*** SHOWDOWN ***
Hero collected $0.04 from pot
*** SUMMARY ***
Total pot $0.04 | Rake $0 | Jackpot $0 | Bingo $0 | Fortune $0
Seat 1: 4ea5dea2 folded before Flop (didn't bet)
Seat 2: 603c1382 folded before Flop (didn't bet)
Seat 3: 696957f4 folded before Flop (didn't bet)
Seat 4: 1b4c4cd6 (button) folded before Flop (didn't bet)
Seat 5: b1614c68 (small blind) folded before Flop
Seat 6: Hero (big blind) collected ($0.04)


Poker Hand #HD1145688598: Hold'em No Limit  ($0.02/$0.05) - 2023/03/04 15:19:52
Table 'NLHBlue91' 6-max Seat #3 is the button
Seat 1: 4ea5dea2 ($5.97 in chips)
Seat 2: 603c1382 ($5.53 in chips)
Seat 3: 696957f4 ($6.14 in chips)
Seat 4: 1b4c4cd6 ($7.1 in chips)
Seat 5: b1614c68 ($5.21 in chips)
Seat 6: Hero ($5.52 in chips)
1b4c4cd6: posts small blind $0.02
b1614c68: posts big blind $0.05
*** HOLE CARDS ***
Dealt to 4ea5dea2 
Dealt to 603c1382 
Dealt to 696957f4 
Dealt to 1b4c4cd6 
Dealt to b1614c68 
Dealt to Hero [6s Kd]
Hero: folds
4ea5dea2: folds
603c1382: raises $0.1 to $0.15
696957f4: folds
1b4c4cd6: raises $0.37 to $0.52
b1614c68: folds
603c1382: folds
Uncalled bet ($0.37) returned to 1b4c4cd6
*** SHOWDOWN ***
1b4c4cd6 collected $0.34 from pot
*** SUMMARY ***
Total pot $0.35 | Rake $0.01 | Jackpot $0 | Bingo $0 | Fortune $0
Seat 1: 4ea5dea2 folded before Flop (didn't bet)
Seat 2: 603c1382 folded before Flop
Seat 3: 696957f4 (button) folded before Flop (didn't bet)
Seat 4: 1b4c4cd6 (small blind) collected ($0.34)
Seat 5: b1614c68 (big blind) folded before Flop
Seat 6: Hero folded before Flop (didn't bet)


Poker Hand #HD1145688530: Hold'em No Limit  ($0.02/$0.05) - 2023/03/04 15:19:30
Table 'NLHBlue91' 6-max Seat #2 is the button
Seat 1: 4ea5dea2 ($5.97 in chips)
Seat 2: 603c1382 ($5.53 in chips)
Seat 3: 696957f4 ($6.16 in chips)
Seat 4: 1b4c4cd6 ($7.08 in chips)
Seat 5: b1614c68 ($5.21 in chips)
Seat 6: Hero ($5.52 in chips)
696957f4: posts small blind $0.02
1b4c4cd6: posts big blind $0.05
*** HOLE CARDS ***
Dealt to 4ea5dea2 
Dealt to 603c1382 
Dealt to 696957f4 
Dealt to 1b4c4cd6 
Dealt to b1614c68 
Dealt to Hero [Th 3h]
b1614c68: folds
Hero: folds
4ea5dea2: folds
603c1382: folds
696957f4: folds
Uncalled bet ($0.03) returned to 1b4c4cd6
*** SHOWDOWN ***
1b4c4cd6 collected $0.04 from pot
*** SUMMARY ***
Total pot $0.04 | Rake $0 | Jackpot $0 | Bingo $0 | Fortune $0
Seat 1: 4ea5dea2 folded before Flop (didn't bet)
Seat 2: 603c1382 (button) folded before Flop (didn't bet)
Seat 3: 696957f4 (small blind) folded before Flop
Seat 4: 1b4c4cd6 (big blind) collected ($0.04)
Seat 5: b1614c68 folded before Flop (didn't bet)
Seat 6: Hero folded before Flop (didn't bet)


Poker Hand #HD1145688446: Hold'em No Limit  ($0.02/$0.05) - 2023/03/04 15:18:56
Table 'NLHBlue91' 6-max Seat #1 is the button
Seat 1: 4ea5dea2 ($5.97 in chips)
Seat 2: 603c1382 ($5.55 in chips)
Seat 3: 696957f4 ($6.21 in chips)
Seat 4: 1b4c4cd6 ($7.08 in chips)
Seat 5: b1614c68 ($5.14 in chips)
Seat 6: Hero ($5.52 in chips)
603c1382: posts small blind $0.02
696957f4: posts big blind $0.05
*** HOLE CARDS ***
Dealt to 4ea5dea2 
Dealt to 603c1382 
Dealt to 696957f4 
Dealt to 1b4c4cd6 
Dealt to b1614c68 
Dealt to Hero [Jc 2s]
1b4c4cd6: folds
b1614c68: raises $0.1 to $0.15
Hero: folds
4ea5dea2: folds
603c1382: folds
696957f4: folds
Uncalled bet ($0.1) returned to b1614c68
*** SHOWDOWN ***
b1614c68 collected $0.12 from pot
*** SUMMARY ***
Total pot $0.12 | Rake $0 | Jackpot $0 | Bingo $0 | Fortune $0
Seat 1: 4ea5dea2 (button) folded before Flop (didn't bet)
Seat 2: 603c1382 (small blind) folded before Flop
Seat 3: 696957f4 (big blind) folded before Flop
Seat 4: 1b4c4cd6 folded before Flop (didn't bet)
Seat 5: b1614c68 collected ($0.12)
Seat 6: Hero folded before Flop (didn't bet)


Poker Hand #HD1145688354: Hold'em No Limit  ($0.02/$0.05) - 2023/03/04 15:18:28
Table 'NLHBlue91' 6-max Seat #6 is the button
Seat 1: 4ea5dea2 ($5.83 in chips)
Seat 2: 603c1382 ($5.6 in chips)
Seat 3: 696957f4 ($6.31 in chips)
Seat 4: 1b4c4cd6 ($7.08 in chips)
Seat 5: b1614c68 ($5.14 in chips)
Seat 6: Hero ($5.52 in chips)
4ea5dea2: posts small blind $0.02
603c1382: posts big blind $0.05
*** HOLE CARDS ***
Dealt to 4ea5dea2 
Dealt to 603c1382 
Dealt to 696957f4 
Dealt to 1b4c4cd6 
Dealt to b1614c68 
Dealt to Hero [8s Ad]
696957f4: raises $0.05 to $0.1
1b4c4cd6: folds
b1614c68: folds
Hero: folds
4ea5dea2: raises $0.4 to $0.5
603c1382: folds
696957f4: folds
Uncalled bet ($0.4) returned to 4ea5dea2
*** SHOWDOWN ***
4ea5dea2 collected $0.24 from pot
*** SUMMARY ***
Total pot $0.25 | Rake $0.01 | Jackpot $0 | Bingo $0 | Fortune $0
Seat 1: 4ea5dea2 (small blind) collected ($0.24)
Seat 2: 603c1382 (big blind) folded before Flop
Seat 3: 696957f4 folded before Flop
Seat 4: 1b4c4cd6 folded before Flop (didn't bet)
Seat 5: b1614c68 folded before Flop (didn't bet)
Seat 6: Hero (button) folded before Flop (didn't bet)


Poker Hand #HD1145688250: Hold'em No Limit  ($0.02/$0.05) - 2023/03/04 15:17:46
Table 'NLHBlue91' 6-max Seat #5 is the button
Seat 1: 4ea5dea2 ($5.96 in chips)
Seat 2: 603c1382 ($5.6 in chips)
Seat 3: 696957f4 ($6.31 in chips)
Seat 4: 1b4c4cd6 ($7.08 in chips)
Seat 5: b1614c68 ($5 in chips)
Seat 6: Hero ($5.54 in chips)
Hero: posts small blind $0.02
4ea5dea2: posts big blind $0.05
*** HOLE CARDS ***
Dealt to 4ea5dea2 
Dealt to 603c1382 
Dealt to 696957f4 
Dealt to 1b4c4cd6 
Dealt to b1614c68 
Dealt to Hero [2h 2d]
603c1382: folds
696957f4: folds
1b4c4cd6: folds
b1614c68: raises $0.08 to $0.13
Hero: folds
4ea5dea2: calls $0.08
*** FLOP *** [3h Kd Ks]
4ea5dea2: checks
b1614c68: bets $0.1
4ea5dea2: folds
Uncalled bet ($0.1) returned to b1614c68
*** SHOWDOWN ***
b1614c68 collected $0.27 from pot
*** SUMMARY ***
Total pot $0.28 | Rake $0.01 | Jackpot $0 | Bingo $0 | Fortune $0
Board [3h Kd Ks]
Seat 1: 4ea5dea2 (big blind) folded on the Flop
Seat 2: 603c1382 folded before Flop (didn't bet)
Seat 3: 696957f4 folded before Flop (didn't bet)
Seat 4: 1b4c4cd6 folded before Flop (didn't bet)
Seat 5: b1614c68 (button) won ($0.27)
Seat 6: Hero (small blind) folded before Flop


Poker Hand #HD1145688035: Hold'em No Limit  ($0.02/$0.05) - 2023/03/04 15:16:29
Table 'NLHBlue91' 6-max Seat #4 is the button
Seat 1: 4ea5dea2 ($6.36 in chips)
Seat 2: 603c1382 ($5.6 in chips)
Seat 3: 696957f4 ($6.31 in chips)
Seat 4: 1b4c4cd6 ($7.08 in chips)
Seat 5: b1614c68 ($5.02 in chips)
Seat 6: Hero ($5.16 in chips)
b1614c68: posts small blind $0.02
Hero: posts big blind $0.05
*** HOLE CARDS ***
Dealt to 4ea5dea2 
Dealt to 603c1382 
Dealt to 696957f4 
Dealt to 1b4c4cd6 
Dealt to b1614c68 
Dealt to Hero [Ad Qd]
4ea5dea2: raises $0.05 to $0.1
603c1382: folds
696957f4: folds
1b4c4cd6: folds
b1614c68: folds
Hero: raises $0.3 to $0.4
4ea5dea2: calls $0.3
*** FLOP *** [8h Tc 3c]
Hero: checks
4ea5dea2: checks
*** TURN *** [8h Tc 3c] [7d]
Hero: checks
4ea5dea2: checks
*** RIVER *** [8h Tc 3c 7d] [Ts]
Hero: checks
4ea5dea2: checks
Hero: shows [Ad Qd] (Pair of Tens)
4ea5dea2: shows [9h Kh] (Pair of Tens)
*** SHOWDOWN ***
Hero collected $0.78 from pot
*** SUMMARY ***
Total pot $0.82 | Rake $0.04 | Jackpot $0 | Bingo $0 | Fortune $0
Board [8h Tc 3c 7d Ts]
Seat 1: 4ea5dea2 showed [9h Kh] and lost with Pair of Tens
Seat 2: 603c1382 folded before Flop (didn't bet)
Seat 3: 696957f4 folded before Flop (didn't bet)
Seat 4: 1b4c4cd6 (button) folded before Flop (didn't bet)
Seat 5: b1614c68 (small blind) folded before Flop
Seat 6: Hero (big blind) showed [Ad Qd] and won ($0.78) with Pair of Tens


Poker Hand #HD1145687981: Hold'em No Limit  ($0.02/$0.05) - 2023/03/04 15:16:07
Table 'NLHBlue91' 6-max Seat #3 is the button
Seat 1: 4ea5dea2 ($6.36 in chips)
Seat 2: 603c1382 ($5.6 in chips)
Seat 3: 696957f4 ($6.31 in chips)
Seat 4: 1b4c4cd6 ($7.03 in chips)
Seat 5: b1614c68 ($5.07 in chips)
Seat 6: Hero ($5.16 in chips)
1b4c4cd6: posts small blind $0.02
b1614c68: posts big blind $0.05
*** HOLE CARDS ***
Dealt to 4ea5dea2 
Dealt to 603c1382 
Dealt to 696957f4 
Dealt to 1b4c4cd6 
Dealt to b1614c68 
Dealt to Hero [9h 5d]
Hero: folds
4ea5dea2: folds
603c1382: folds
696957f4: folds
1b4c4cd6: raises $0.13 to $0.18
b1614c68: folds
Uncalled bet ($0.13) returned to 1b4c4cd6
*** SHOWDOWN ***
1b4c4cd6 collected $0.1 from pot
*** SUMMARY ***
Total pot $0.1 | Rake $0 | Jackpot $0 | Bingo $0 | Fortune $0
Seat 1: 4ea5dea2 folded before Flop (didn't bet)
Seat 2: 603c1382 folded before Flop (didn't bet)
Seat 3: 696957f4 (button) folded before Flop (didn't bet)
Seat 4: 1b4c4cd6 (small blind) collected ($0.1)
Seat 5: b1614c68 (big blind) folded before Flop
Seat 6: Hero folded before Flop (didn't bet)


Poker Hand #HD1145687912: Hold'em No Limit  ($0.02/$0.05) - 2023/03/04 15:15:40
Table 'NLHBlue91' 6-max Seat #2 is the button
Seat 1: 4ea5dea2 ($6.36 in chips)
Seat 2: 603c1382 ($5.6 in chips)
Seat 3: 696957f4 ($6.26 in chips)
Seat 4: 1b4c4cd6 ($7.08 in chips)
Seat 5: b1614c68 ($5.07 in chips)
Seat 6: Hero ($5.16 in chips)
696957f4: posts small blind $0.02
1b4c4cd6: posts big blind $0.05
*** HOLE CARDS ***
Dealt to 4ea5dea2 
Dealt to 603c1382 
Dealt to 696957f4 
Dealt to 1b4c4cd6 
Dealt to b1614c68 
Dealt to Hero [5d Ts]
b1614c68: folds
Hero: folds
4ea5dea2: folds
603c1382: folds
696957f4: raises $0.1 to $0.15
1b4c4cd6: folds
Uncalled bet ($0.1) returned to 696957f4
*** SHOWDOWN ***
696957f4 collected $0.1 from pot
*** SUMMARY ***
Total pot $0.1 | Rake $0 | Jackpot $0 | Bingo $0 | Fortune $0
Seat 1: 4ea5dea2 folded before Flop (didn't bet)
Seat 2: 603c1382 (button) folded before Flop (didn't bet)
Seat 3: 696957f4 (small blind) collected ($0.1)
Seat 4: 1b4c4cd6 (big blind) folded before Flop
Seat 5: b1614c68 folded before Flop (didn't bet)
Seat 6: Hero folded before Flop (didn't bet)


Poker Hand #HD1145687861: Hold'em No Limit  ($0.02/$0.05) - 2023/03/04 15:15:25
Table 'NLHBlue91' 6-max Seat #1 is the button
Seat 1: 4ea5dea2 ($6.36 in chips)
Seat 2: 603c1382 ($5.55 in chips)
Seat 3: 696957f4 ($6.31 in chips)
Seat 4: 1b4c4cd6 ($7.08 in chips)
Seat 5: b1614c68 ($5.07 in chips)
Seat 6: Hero ($5.16 in chips)
603c1382: posts small blind $0.02
696957f4: posts big blind $0.05
*** HOLE CARDS ***
Dealt to 4ea5dea2 
Dealt to 603c1382 
Dealt to 696957f4 
Dealt to 1b4c4cd6 
Dealt to b1614c68 
Dealt to Hero [4s Kd]
1b4c4cd6: folds
b1614c68: folds
Hero: folds
4ea5dea2: folds
603c1382: raises $0.13 to $0.18
696957f4: folds
Uncalled bet ($0.13) returned to 603c1382
*** SHOWDOWN ***
603c1382 collected $0.1 from pot
*** SUMMARY ***
Total pot $0.1 | Rake $0 | Jackpot $0 | Bingo $0 | Fortune $0
Seat 1: 4ea5dea2 (button) folded before Flop (didn't bet)
Seat 2: 603c1382 (small blind) collected ($0.1)
Seat 3: 696957f4 (big blind) folded before Flop
Seat 4: 1b4c4cd6 folded before Flop (didn't bet)
Seat 5: b1614c68 folded before Flop (didn't bet)
Seat 6: Hero folded before Flop (didn't bet)


Poker Hand #HD1145687758: Hold'em No Limit  ($0.02/$0.05) - 2023/03/04 15:14:45
Table 'NLHBlue91' 6-max Seat #6 is the button
Seat 1: 4ea5dea2 ($6.38 in chips)
Seat 2: 603c1382 ($5.6 in chips)
Seat 3: 696957f4 ($6.41 in chips)
Seat 4: 1b4c4cd6 ($7.08 in chips)
Seat 5: b1614c68 ($5.07 in chips)
Seat 6: Hero ($5 in chips)
4ea5dea2: posts small blind $0.02
603c1382: posts big blind $0.05
*** HOLE CARDS ***
Dealt to 4ea5dea2 
Dealt to 603c1382 
Dealt to 696957f4 
Dealt to 1b4c4cd6 
Dealt to b1614c68 
Dealt to Hero [5d 4d]
696957f4: raises $0.05 to $0.1
1b4c4cd6: folds
b1614c68: folds
Hero: raises $0.2 to $0.3
4ea5dea2: folds
603c1382: folds
696957f4: folds
Uncalled bet ($0.2) returned to Hero
*** SHOWDOWN ***
Hero collected $0.26 from pot
*** SUMMARY ***
Total pot $0.27 | Rake $0.01 | Jackpot $0 | Bingo $0 | Fortune $0
Seat 1: 4ea5dea2 (small blind) folded before Flop
Seat 2: 603c1382 (big blind) folded before Flop
Seat 3: 696957f4 folded before Flop
Seat 4: 1b4c4cd6 folded before Flop (didn't bet)
Seat 5: b1614c68 folded before Flop (didn't bet)
Seat 6: Hero (button) collected ($0.26)


Poker Hand #HD1145687703: Hold'em No Limit  ($0.02/$0.05) - 2023/03/04 15:14:22
Table 'NLHBlue91' 6-max Seat #5 is the button
Seat 1: 4ea5dea2 ($6.43 in chips)
Seat 2: 603c1382 ($5.6 in chips)
Seat 3: 696957f4 ($6.41 in chips)
Seat 4: 1b4c4cd6 ($7.08 in chips)
Seat 5: b1614c68 ($5 in chips)
Seat 6: Hero ($5.02 in chips)
Hero: posts small blind $0.02
4ea5dea2: posts big blind $0.05
*** HOLE CARDS ***
Dealt to 4ea5dea2 
Dealt to 603c1382 
Dealt to 696957f4 
Dealt to 1b4c4cd6 
Dealt to b1614c68 
Dealt to Hero [5d 3c]
603c1382: folds
696957f4: folds
1b4c4cd6: folds
b1614c68: raises $0.08 to $0.13
Hero: folds
4ea5dea2: folds
Uncalled bet ($0.08) returned to b1614c68
*** SHOWDOWN ***
b1614c68 collected $0.12 from pot
*** SUMMARY ***
Total pot $0.12 | Rake $0 | Jackpot $0 | Bingo $0 | Fortune $0
Seat 1: 4ea5dea2 (big blind) folded before Flop
Seat 2: 603c1382 folded before Flop (didn't bet)
Seat 3: 696957f4 folded before Flop (didn't bet)
Seat 4: 1b4c4cd6 folded before Flop (didn't bet)
Seat 5: b1614c68 (button) collected ($0.12)
Seat 6: Hero (small blind) folded before Flop


Poker Hand #HD1145687616: Hold'em No Limit  ($0.02/$0.05) - 2023/03/04 15:13:48
Table 'NLHBlue91' 6-max Seat #4 is the button
Seat 1: 4ea5dea2 ($6.43 in chips)
Seat 2: 603c1382 ($5.6 in chips)
Seat 3: 696957f4 ($6.41 in chips)
Seat 4: 1b4c4cd6 ($7.08 in chips)
Seat 5: b1614c68 ($5 in chips)
Seat 6: Hero ($5 in chips)
b1614c68: posts small blind $0.02
Hero: posts big blind $0.05
*** HOLE CARDS ***
Dealt to 4ea5dea2 
Dealt to 603c1382 
Dealt to 696957f4 
Dealt to 1b4c4cd6 
Dealt to b1614c68 
Dealt to Hero [Qs 3c]
4ea5dea2: folds
603c1382: folds
696957f4: folds
1b4c4cd6: folds
b1614c68: folds
Uncalled bet ($0.03) returned to Hero
*** SHOWDOWN ***
Hero collected $0.04 from pot
*** SUMMARY ***
Total pot $0.04 | Rake $0 | Jackpot $0 | Bingo $0 | Fortune $0
Seat 1: 4ea5dea2 folded before Flop (didn't bet)
Seat 2: 603c1382 folded before Flop (didn't bet)
Seat 3: 696957f4 folded before Flop (didn't bet)
Seat 4: 1b4c4cd6 (button) folded before Flop (didn't bet)
Seat 5: b1614c68 (small blind) folded before Flop
Seat 6: Hero (big blind) collected ($0.04)


Poker Hand #HD1145687280: Hold'em No Limit  ($0.02/$0.05) - 2023/03/04 15:11:57
Table 'NLHBlue91' 6-max Seat #3 is the button
Seat 1: 4ea5dea2 ($5 in chips)
Seat 2: 603c1382 ($5.6 in chips)
Seat 3: 696957f4 ($6.41 in chips)
Seat 4: 1b4c4cd6 ($7.1 in chips)
Seat 5: b1614c68 ($5 in chips)
Seat 6: Hero ($5 in chips)
1b4c4cd6: posts small blind $0.02
b1614c68: posts big blind $0.05
*** HOLE CARDS ***
Dealt to 4ea5dea2 
Dealt to 603c1382 
Dealt to 696957f4 
Dealt to 1b4c4cd6 
Dealt to b1614c68 
Dealt to Hero [Ah Qh]
Hero: raises $0.07 to $0.12
4ea5dea2: raises $0.24 to $0.36
603c1382: folds
696957f4: folds
1b4c4cd6: folds
b1614c68: folds
Hero: calls $0.24
*** FLOP *** [3c 8h Tc]
Hero: checks
4ea5dea2: bets $0.4
Hero: calls $0.4
*** TURN *** [3c 8h Tc] [Td]
Hero: checks
4ea5dea2: checks
*** RIVER *** [3c 8h Tc Td] [9s]
Hero: bets $0.8
4ea5dea2: calls $0.8
Hero: shows [Ah Qh] (Pair of Tens)
4ea5dea2: shows [Js Jc] (Pair of Jacks and Pair of Tens)
*** SHOWDOWN ***
4ea5dea2 collected $2.99 from pot
*** SUMMARY ***
Total pot $3.19 | Rake $0.15 | Jackpot $0.05 | Bingo $0 | Fortune $0
Board [3c 8h Tc Td 9s]
Seat 1: 4ea5dea2 showed [Js Jc] and won ($2.99) with Pair of Jacks and Pair of Tens
Seat 2: 603c1382 folded before Flop (didn't bet)
Seat 3: 696957f4 (button) folded before Flop (didn't bet)
Seat 4: 1b4c4cd6 (small blind) folded before Flop
Seat 5: b1614c68 (big blind) folded before Flop
Seat 6: Hero showed [Ah Qh] and lost with Pair of Tens


Poker Hand #HD1145687202: Hold'em No Limit  ($0.02/$0.05) - 2023/03/04 15:11:23
Table 'NLHBlue91' 6-max Seat #2 is the button
Seat 1: 4ea5dea2 ($5 in chips)
Seat 2: 603c1382 ($5.6 in chips)
Seat 3: 696957f4 ($6.43 in chips)
Seat 4: 1b4c4cd6 ($7.08 in chips)
Seat 5: b1614c68 ($5 in chips)
Seat 6: Hero ($5 in chips)
696957f4: posts small blind $0.02
1b4c4cd6: posts big blind $0.05
*** HOLE CARDS ***
Dealt to 4ea5dea2 
Dealt to 603c1382 
Dealt to 696957f4 
Dealt to 1b4c4cd6 
Dealt to b1614c68 
Dealt to Hero [5s Qh]
b1614c68: folds
Hero: folds
4ea5dea2: folds
603c1382: folds
696957f4: folds
Uncalled bet ($0.03) returned to 1b4c4cd6
*** SHOWDOWN ***
1b4c4cd6 collected $0.04 from pot
*** SUMMARY ***
Total pot $0.04 | Rake $0 | Jackpot $0 | Bingo $0 | Fortune $0
Seat 1: 4ea5dea2 folded before Flop (didn't bet)
Seat 2: 603c1382 (button) folded before Flop (didn't bet)
Seat 3: 696957f4 (small blind) folded before Flop
Seat 4: 1b4c4cd6 (big blind) collected ($0.04)
Seat 5: b1614c68 folded before Flop (didn't bet)
Seat 6: Hero folded before Flop (didn't bet)


Poker Hand #HD1145687132: Hold'em No Limit  ($0.02/$0.05) - 2023/03/04 15:10:56
Table 'NLHBlue91' 6-max Seat #1 is the button
Seat 1: 4ea5dea2 ($5 in chips)
Seat 2: 603c1382 ($5.55 in chips)
Seat 3: 696957f4 ($6.48 in chips)
Seat 4: 1b4c4cd6 ($7.08 in chips)
Seat 5: b1614c68 ($5 in chips)
Seat 6: Hero ($5 in chips)
603c1382: posts small blind $0.02
696957f4: posts big blind $0.05
*** HOLE CARDS ***
Dealt to 4ea5dea2 
Dealt to 603c1382 
Dealt to 696957f4 
Dealt to 1b4c4cd6 
Dealt to b1614c68 
Dealt to Hero [9d Ts]
1b4c4cd6: folds
b1614c68: folds
Hero: folds
4ea5dea2: folds
603c1382: raises $0.13 to $0.18
696957f4: folds
Uncalled bet ($0.13) returned to 603c1382
*** SHOWDOWN ***
603c1382 collected $0.1 from pot
*** SUMMARY ***
Total pot $0.1 | Rake $0 | Jackpot $0 | Bingo $0 | Fortune $0
Seat 1: 4ea5dea2 (button) folded before Flop (didn't bet)
Seat 2: 603c1382 (small blind) collected ($0.1)
Seat 3: 696957f4 (big blind) folded before Flop
Seat 4: 1b4c4cd6 folded before Flop (didn't bet)
Seat 5: b1614c68 folded before Flop (didn't bet)
Seat 6: Hero folded before Flop (didn't bet)


Poker Hand #HD1145687076: Hold'em No Limit  ($0.02/$0.05) - 2023/03/04 15:10:36
Table 'NLHBlue91' 6-max Seat #6 is the button
Seat 1: 4ea5dea2 ($5.02 in chips)
Seat 2: 603c1382 ($5.53 in chips)
Seat 3: 696957f4 ($6.48 in chips)
Seat 4: 1b4c4cd6 ($7.08 in chips)
Seat 5: b1614c68 ($5 in chips)
Seat 6: Hero ($5 in chips)
4ea5dea2: posts small blind $0.02
603c1382: posts big blind $0.05
*** HOLE CARDS ***
Dealt to 4ea5dea2 
Dealt to 603c1382 
Dealt to 696957f4 
Dealt to 1b4c4cd6 
Dealt to b1614c68 
Dealt to Hero [Kh 4d]
696957f4: folds
1b4c4cd6: folds
b1614c68: folds
Hero: folds
4ea5dea2: folds
Uncalled bet ($0.03) returned to 603c1382
*** SHOWDOWN ***
603c1382 collected $0.04 from pot
*** SUMMARY ***
Total pot $0.04 | Rake $0 | Jackpot $0 | Bingo $0 | Fortune $0
Seat 1: 4ea5dea2 (small blind) folded before Flop
Seat 2: 603c1382 (big blind) collected ($0.04)
Seat 3: 696957f4 folded before Flop (didn't bet)
Seat 4: 1b4c4cd6 folded before Flop (didn't bet)
Seat 5: b1614c68 folded before Flop (didn't bet)
Seat 6: Hero (button) folded before Flop (didn't bet)


Poker Hand #HD1145687054: Hold'em No Limit  ($0.02/$0.05) - 2023/03/04 15:10:24
Table 'NLHBlue91' 6-max Seat #5 is the button
Seat 1: 4ea5dea2 ($5 in chips)
Seat 2: 603c1382 ($5.53 in chips)
Seat 3: 696957f4 ($6.48 in chips)
Seat 4: 1b4c4cd6 ($7.08 in chips)
Seat 5: b1614c68 ($5 in chips)
Seat 6: Hero ($5.02 in chips)
Hero: posts small blind $0.02
4ea5dea2: posts big blind $0.05
*** HOLE CARDS ***
Dealt to 4ea5dea2 
Dealt to 603c1382 
Dealt to 696957f4 
Dealt to 1b4c4cd6 
Dealt to b1614c68 
Dealt to Hero [4h 9h]
603c1382: folds
696957f4: folds
1b4c4cd6: folds
b1614c68: folds
Hero: folds
Uncalled bet ($0.03) returned to 4ea5dea2
*** SHOWDOWN ***
4ea5dea2 collected $0.04 from pot
*** SUMMARY ***
Total pot $0.04 | Rake $0 | Jackpot $0 | Bingo $0 | Fortune $0
Seat 1: 4ea5dea2 (big blind) collected ($0.04)
Seat 2: 603c1382 folded before Flop (didn't bet)
Seat 3: 696957f4 folded before Flop (didn't bet)
Seat 4: 1b4c4cd6 folded before Flop (didn't bet)
Seat 5: b1614c68 (button) folded before Flop (didn't bet)
Seat 6: Hero (small blind) folded before Flop


Poker Hand #HD1145686992: Hold'em No Limit  ($0.02/$0.05) - 2023/03/04 15:10:05
Table 'NLHBlue91' 6-max Seat #4 is the button
Seat 2: 603c1382 ($5.53 in chips)
Seat 3: 696957f4 ($6.48 in chips)
Seat 4: 1b4c4cd6 ($7.08 in chips)
Seat 5: b1614c68 ($5 in chips)
Seat 6: Hero ($5 in chips)
b1614c68: posts small blind $0.02
Hero: posts big blind $0.05
*** HOLE CARDS ***
Dealt to 603c1382 
Dealt to 696957f4 
Dealt to 1b4c4cd6 
Dealt to b1614c68 
Dealt to Hero [4c 7d]
603c1382: folds
696957f4: folds
1b4c4cd6: folds
b1614c68: folds
Uncalled bet ($0.03) returned to Hero
*** SHOWDOWN ***
Hero collected $0.04 from pot
*** SUMMARY ***
Total pot $0.04 | Rake $0 | Jackpot $0 | Bingo $0 | Fortune $0
Seat 2: 603c1382 folded before Flop (didn't bet)
Seat 3: 696957f4 folded before Flop (didn't bet)
Seat 4: 1b4c4cd6 (button) folded before Flop (didn't bet)
Seat 5: b1614c68 (small blind) folded before Flop
Seat 6: Hero (big blind) collected ($0.04)


Poker Hand #HD1145686925: Hold'em No Limit  ($0.02/$0.05) - 2023/03/04 15:09:37
Table 'NLHBlue91' 6-max Seat #3 is the button
Seat 2: 603c1382 ($5.53 in chips)
Seat 3: 696957f4 ($6.41 in chips)
Seat 4: 1b4c4cd6 ($7.1 in chips)
Seat 5: b1614c68 ($5 in chips)
Seat 6: Hero ($5 in chips)
1b4c4cd6: posts small blind $0.02
b1614c68: posts big blind $0.05
*** HOLE CARDS ***
Dealt to 603c1382 
Dealt to 696957f4 
Dealt to 1b4c4cd6 
Dealt to b1614c68 
Dealt to Hero [8c 4s]
Hero: folds
603c1382: folds
696957f4: raises $0.08 to $0.13
1b4c4cd6: folds
b1614c68: folds
Uncalled bet ($0.08) returned to 696957f4
*** SHOWDOWN ***
696957f4 collected $0.12 from pot
*** SUMMARY ***
Total pot $0.12 | Rake $0 | Jackpot $0 | Bingo $0 | Fortune $0
Seat 2: 603c1382 folded before Flop (didn't bet)
Seat 3: 696957f4 (button) collected ($0.12)
Seat 4: 1b4c4cd6 (small blind) folded before Flop
Seat 5: b1614c68 (big blind) folded before Flop
Seat 6: Hero folded before Flop (didn't bet)


Poker Hand #HD1145686795: Hold'em No Limit  ($0.02/$0.05) - 2023/03/04 15:08:47
Table 'NLHBlue91' 6-max Seat #2 is the button
Seat 2: 603c1382 ($5.53 in chips)
Seat 3: 696957f4 ($5.91 in chips)
Seat 4: 1b4c4cd6 ($7.15 in chips)
Seat 6: Hero ($5 in chips)
696957f4: posts small blind $0.02
1b4c4cd6: posts big blind $0.05
*** HOLE CARDS ***
Dealt to 603c1382 
Dealt to 696957f4 
Dealt to 1b4c4cd6 
Dealt to Hero [Kh Qh]
Hero: raises $0.07 to $0.12
603c1382: folds
696957f4: raises $0.38 to $0.5
1b4c4cd6: folds
Hero: calls $0.38
*** FLOP *** [3s 9c Ah]
696957f4: checks
Hero: checks
*** TURN *** [3s 9c Ah] [3d]
696957f4: bets $0.52
Hero: folds
Uncalled bet ($0.52) returned to 696957f4
*** SHOWDOWN ***
696957f4 collected $1 from pot
*** SUMMARY ***
Total pot $1.05 | Rake $0.05 | Jackpot $0 | Bingo $0 | Fortune $0
Board [3s 9c Ah 3d]
Seat 2: 603c1382 (button) folded before Flop (didn't bet)
Seat 3: 696957f4 (small blind) won ($1)
Seat 4: 1b4c4cd6 (big blind) folded before Flop
Seat 6: Hero folded on the Turn


Poker Hand #HD1145686624: Hold'em No Limit  ($0.02/$0.05) - 2023/03/04 15:07:42
Table 'NLHBlue91' 6-max Seat #6 is the button
Seat 2: 603c1382 ($5.3 in chips)
Seat 3: 696957f4 ($6.03 in chips)
Seat 4: 1b4c4cd6 ($7.15 in chips)
Seat 6: Hero ($5 in chips)
603c1382: posts small blind $0.02
696957f4: posts big blind $0.05
*** HOLE CARDS ***
Dealt to 603c1382 
Dealt to 696957f4 
Dealt to 1b4c4cd6 
Dealt to Hero [Qs 6s]
1b4c4cd6: folds
Hero: raises $0.07 to $0.12
603c1382: calls $0.1
696957f4: calls $0.07
*** FLOP *** [Jc 5d As]
603c1382: checks
696957f4: checks
Hero: checks
*** TURN *** [Jc 5d As] [7d]
603c1382: bets $0.25
696957f4: folds
Hero: folds
Uncalled bet ($0.25) returned to 603c1382
*** SHOWDOWN ***
603c1382 collected $0.35 from pot
*** SUMMARY ***
Total pot $0.36 | Rake $0.01 | Jackpot $0 | Bingo $0 | Fortune $0
Board [Jc 5d As 7d]
Seat 2: 603c1382 (small blind) won ($0.35)
Seat 3: 696957f4 (big blind) folded on the Turn
Seat 4: 1b4c4cd6 folded before Flop (didn't bet)
Seat 6: Hero (button) folded on the Turn


Poker Hand #HD1145686591: Hold'em No Limit  ($0.02/$0.05) - 2023/03/04 15:07:30
Table 'NLHBlue91' 6-max Seat #4 is the button
Seat 2: 603c1382 ($5.28 in chips)
Seat 3: 696957f4 ($6.03 in chips)
Seat 4: 1b4c4cd6 ($7.15 in chips)
Seat 6: Hero ($5.02 in chips)
Hero: posts small blind $0.02
603c1382: posts big blind $0.05
*** HOLE CARDS ***
Dealt to 603c1382 
Dealt to 696957f4 
Dealt to 1b4c4cd6 
Dealt to Hero [6h 7s]
696957f4: folds
1b4c4cd6: folds
Hero: folds
Uncalled bet ($0.03) returned to 603c1382
*** SHOWDOWN ***
603c1382 collected $0.04 from pot
*** SUMMARY ***
Total pot $0.04 | Rake $0 | Jackpot $0 | Bingo $0 | Fortune $0
Seat 2: 603c1382 (big blind) collected ($0.04)
Seat 3: 696957f4 folded before Flop (didn't bet)
Seat 4: 1b4c4cd6 (button) folded before Flop (didn't bet)
Seat 6: Hero (small blind) folded before Flop


Poker Hand #HD1145686531: Hold'em No Limit  ($0.02/$0.05) - 2023/03/04 15:07:07
Table 'NLHBlue91' 6-max Seat #3 is the button
Seat 2: 603c1382 ($5.21 in chips)
Seat 3: 696957f4 ($6.03 in chips)
Seat 4: 1b4c4cd6 ($7.17 in chips)
Seat 6: Hero ($5.07 in chips)
1b4c4cd6: posts small blind $0.02
Hero: posts big blind $0.05
*** HOLE CARDS ***
Dealt to 603c1382 
Dealt to 696957f4 
Dealt to 1b4c4cd6 
Dealt to Hero [7d Jh]
603c1382: raises $0.1 to $0.15
696957f4: folds
1b4c4cd6: folds
Hero: folds
Uncalled bet ($0.1) returned to 603c1382
*** SHOWDOWN ***
603c1382 collected $0.12 from pot
*** SUMMARY ***
Total pot $0.12 | Rake $0 | Jackpot $0 | Bingo $0 | Fortune $0
Seat 2: 603c1382 collected ($0.12)
Seat 3: 696957f4 (button) folded before Flop (didn't bet)
Seat 4: 1b4c4cd6 (small blind) folded before Flop
Seat 6: Hero (big blind) folded before Flop


Poker Hand #HD1145686486: Hold'em No Limit  ($0.02/$0.05) - 2023/03/04 15:06:50
Table 'NLHBlue91' 6-max Seat #2 is the button
Seat 2: 603c1382 ($5.14 in chips)
Seat 3: 696957f4 ($6.05 in chips)
Seat 4: 1b4c4cd6 ($7.22 in chips)
Seat 6: Hero ($5.07 in chips)
696957f4: posts small blind $0.02
1b4c4cd6: posts big blind $0.05
*** HOLE CARDS ***
Dealt to 603c1382 
Dealt to 696957f4 
Dealt to 1b4c4cd6 
Dealt to Hero [3s Kc]
Hero: folds
603c1382: raises $0.1 to $0.15
696957f4: folds
1b4c4cd6: folds
Uncalled bet ($0.1) returned to 603c1382
*** SHOWDOWN ***
603c1382 collected $0.12 from pot
*** SUMMARY ***
Total pot $0.12 | Rake $0 | Jackpot $0 | Bingo $0 | Fortune $0
Seat 2: 603c1382 (button) collected ($0.12)
Seat 3: 696957f4 (small blind) folded before Flop
Seat 4: 1b4c4cd6 (big blind) folded before Flop
Seat 6: Hero folded before Flop (didn't bet)


Poker Hand #HD1145686440: Hold'em No Limit  ($0.02/$0.05) - 2023/03/04 15:06:28
Table 'NLHBlue91' 6-max Seat #6 is the button
Seat 2: 603c1382 ($5.16 in chips)
Seat 3: 696957f4 ($6.1 in chips)
Seat 4: 1b4c4cd6 ($7.22 in chips)
Seat 6: Hero ($5 in chips)
603c1382: posts small blind $0.02
696957f4: posts big blind $0.05
*** HOLE CARDS ***
Dealt to 603c1382 
Dealt to 696957f4 
Dealt to 1b4c4cd6 
Dealt to Hero [Td 6d]
1b4c4cd6: folds
Hero: raises $0.07 to $0.12
603c1382: folds
696957f4: folds
Uncalled bet ($0.07) returned to Hero
*** SHOWDOWN ***
Hero collected $0.12 from pot
*** SUMMARY ***
Total pot $0.12 | Rake $0 | Jackpot $0 | Bingo $0 | Fortune $0
Seat 2: 603c1382 (small blind) folded before Flop
Seat 3: 696957f4 (big blind) folded before Flop
Seat 4: 1b4c4cd6 folded before Flop (didn't bet)
Seat 6: Hero (button) collected ($0.12)


Poker Hand #HD1145686372: Hold'em No Limit  ($0.02/$0.05) - 2023/03/04 15:05:59
Table 'NLHBlue91' 6-max Seat #4 is the button
Seat 2: 603c1382 ($5.21 in chips)
Seat 3: 696957f4 ($6.03 in chips)
Seat 4: 1b4c4cd6 ($7.22 in chips)
Seat 6: Hero ($5.02 in chips)
Hero: posts small blind $0.02
603c1382: posts big blind $0.05
*** HOLE CARDS ***
Dealt to 603c1382 
Dealt to 696957f4 
Dealt to 1b4c4cd6 
Dealt to Hero [3h As]
696957f4: raises $0.05 to $0.1
1b4c4cd6: folds
Hero: folds
603c1382: folds
Uncalled bet ($0.05) returned to 696957f4
*** SHOWDOWN ***
696957f4 collected $0.12 from pot
*** SUMMARY ***
Total pot $0.12 | Rake $0 | Jackpot $0 | Bingo $0 | Fortune $0
Seat 2: 603c1382 (big blind) folded before Flop
Seat 3: 696957f4 collected ($0.12)
Seat 4: 1b4c4cd6 (button) folded before Flop (didn't bet)
Seat 6: Hero (small blind) folded before Flop


Poker Hand #HD1145686336: Hold'em No Limit  ($0.02/$0.05) - 2023/03/04 15:05:44
Table 'NLHBlue91' 6-max Seat #3 is the button
Seat 2: 603c1382 ($5.21 in chips)
Seat 3: 696957f4 ($6.03 in chips)
Seat 4: 1b4c4cd6 ($7.17 in chips)
Seat 6: Hero ($5.07 in chips)
1b4c4cd6: posts small blind $0.02
Hero: posts big blind $0.05
*** HOLE CARDS ***
Dealt to 603c1382 
Dealt to 696957f4 
Dealt to 1b4c4cd6 
Dealt to Hero [2d 8c]
603c1382: folds
696957f4: folds
1b4c4cd6: raises $0.13 to $0.18
Hero: folds
Uncalled bet ($0.13) returned to 1b4c4cd6
*** SHOWDOWN ***
1b4c4cd6 collected $0.1 from pot
*** SUMMARY ***
Total pot $0.1 | Rake $0 | Jackpot $0 | Bingo $0 | Fortune $0
Seat 2: 603c1382 folded before Flop (didn't bet)
Seat 3: 696957f4 (button) folded before Flop (didn't bet)
Seat 4: 1b4c4cd6 (small blind) collected ($0.1)
Seat 6: Hero (big blind) folded before Flop


Poker Hand #HD1145686287: Hold'em No Limit  ($0.02/$0.05) - 2023/03/04 15:05:29
Table 'NLHBlue91' 6-max Seat #2 is the button
Seat 2: 603c1382 ($5.21 in chips)
Seat 3: 696957f4 ($6.05 in chips)
Seat 4: 1b4c4cd6 ($7.22 in chips)
Seat 6: Hero ($5 in chips)
696957f4: posts small blind $0.02
1b4c4cd6: posts big blind $0.05
*** HOLE CARDS ***
Dealt to 603c1382 
Dealt to 696957f4 
Dealt to 1b4c4cd6 
Dealt to Hero [Qd Td]
Hero: raises $0.07 to $0.12
603c1382: folds
696957f4: folds
1b4c4cd6: folds
Uncalled bet ($0.07) returned to Hero
*** SHOWDOWN ***
Hero collected $0.12 from pot
*** SUMMARY ***
Total pot $0.12 | Rake $0 | Jackpot $0 | Bingo $0 | Fortune $0
Seat 2: 603c1382 (button) folded before Flop (didn't bet)
Seat 3: 696957f4 (small blind) folded before Flop
Seat 4: 1b4c4cd6 (big blind) folded before Flop
Seat 6: Hero collected ($0.12)


Poker Hand #HD1145686214: Hold'em No Limit  ($0.02/$0.05) - 2023/03/04 15:04:58
Table 'NLHBlue91' 6-max Seat #6 is the button
Seat 2: 603c1382 ($5.16 in chips)
Seat 3: 696957f4 ($6.1 in chips)
Seat 4: 1b4c4cd6 ($7.22 in chips)
Seat 6: Hero ($5 in chips)
603c1382: posts small blind $0.02
696957f4: posts big blind $0.05
*** HOLE CARDS ***
Dealt to 603c1382 
Dealt to 696957f4 
Dealt to 1b4c4cd6 
Dealt to Hero [2s 6d]
1b4c4cd6: folds
Hero: folds
603c1382: raises $0.13 to $0.18
696957f4: folds
Uncalled bet ($0.13) returned to 603c1382
*** SHOWDOWN ***
603c1382 collected $0.1 from pot
*** SUMMARY ***
Total pot $0.1 | Rake $0 | Jackpot $0 | Bingo $0 | Fortune $0
Seat 2: 603c1382 (small blind) collected ($0.1)
Seat 3: 696957f4 (big blind) folded before Flop
Seat 4: 1b4c4cd6 folded before Flop (didn't bet)
Seat 6: Hero (button) folded before Flop (didn't bet)


Poker Hand #HD1145686198: Hold'em No Limit  ($0.02/$0.05) - 2023/03/04 15:04:50
Table 'NLHBlue91' 6-max Seat #4 is the button
Seat 2: 603c1382 ($5.14 in chips)
Seat 3: 696957f4 ($6.1 in chips)
Seat 4: 1b4c4cd6 ($7.22 in chips)
Seat 6: Hero ($5 in chips)
Hero: posts small blind $0.02
603c1382: posts big blind $0.05
*** HOLE CARDS ***
Dealt to 603c1382 
Dealt to 696957f4 
Dealt to 1b4c4cd6 
Dealt to Hero [5d Qh]
696957f4: folds
1b4c4cd6: folds
Hero: folds
Uncalled bet ($0.03) returned to 603c1382
*** SHOWDOWN ***
603c1382 collected $0.04 from pot
*** SUMMARY ***
Total pot $0.04 | Rake $0 | Jackpot $0 | Bingo $0 | Fortune $0
Seat 2: 603c1382 (big blind) collected ($0.04)
Seat 3: 696957f4 folded before Flop (didn't bet)
Seat 4: 1b4c4cd6 (button) folded before Flop (didn't bet)
Seat 6: Hero (small blind) folded before Flop


Poker Hand #HD1145685982: Hold'em No Limit  ($0.02/$0.05) - 2023/03/04 15:03:31
Table 'NLHBlue91' 6-max Seat #3 is the button
Seat 1: 73448e16 ($0.62 in chips)
Seat 2: 603c1382 ($5.14 in chips)
Seat 3: 696957f4 ($6.42 in chips)
Seat 4: 1b4c4cd6 ($6.34 in chips)
Seat 6: Hero ($5.05 in chips)
1b4c4cd6: posts small blind $0.02
Hero: posts big blind $0.05
*** HOLE CARDS ***
Dealt to 73448e16 
Dealt to 603c1382 
Dealt to 696957f4 
Dealt to 1b4c4cd6 
Dealt to Hero [2c 2h]
73448e16: raises $0.05 to $0.1
603c1382: folds
696957f4: raises $0.22 to $0.32
1b4c4cd6: raises $0.63 to $0.95
Hero: folds
73448e16: calls $0.52 and is all-in
696957f4: folds
Uncalled bet ($0.33) returned to 1b4c4cd6
1b4c4cd6: shows [Jh Jd]
73448e16: shows [6c 6d]
*** FIRST FLOP *** [2s 8s As]
*** FIRST TURN *** [2s 8s As] [Qd]
*** FIRST RIVER *** [2s 8s As Qd] [Ah]
*** SECOND FLOP *** [9s Kc 8h]
*** SECOND TURN *** [9s Kc 8h] [Ac]
*** SECOND RIVER *** [9s Kc 8h Ac] [Qc]
*** FIRST SHOWDOWN ***
1b4c4cd6 collected $0.75 from pot
*** SECOND SHOWDOWN ***
1b4c4cd6 collected $0.75 from pot
*** SUMMARY ***
Total pot $1.61 | Rake $0.06 | Jackpot $0.05 | Bingo $0 | Fortune $0
Hand was run two times
FIRST Board [2s 8s As Qd Ah]
SECOND Board [9s Kc 8h Ac Qc]
Seat 1: 73448e16 showed [6c 6d] and lost with Pair of Aces and Pair of Sixes, and lost with Pair of Sixes
Seat 2: 603c1382 folded before Flop (didn't bet)
Seat 3: 696957f4 (button) folded before Flop
Seat 4: 1b4c4cd6 (small blind) showed [Jh Jd] and won ($0.75) with Pair of Aces and Pair of Jacks, and won ($0.75) with Pair of Jacks
Seat 6: Hero (big blind) folded before Flop


Poker Hand #HD1145685900: Hold'em No Limit  ($0.02/$0.05) - 2023/03/04 15:03:03
Table 'NLHBlue91' 6-max Seat #2 is the button
Seat 1: 73448e16 ($0.62 in chips)
Seat 2: 603c1382 ($5.07 in chips)
Seat 3: 696957f4 ($6.44 in chips)
Seat 4: 1b4c4cd6 ($6.39 in chips)
Seat 6: Hero ($5.05 in chips)
696957f4: posts small blind $0.02
1b4c4cd6: posts big blind $0.05
*** HOLE CARDS ***
Dealt to 73448e16 
Dealt to 603c1382 
Dealt to 696957f4 
Dealt to 1b4c4cd6 
Dealt to Hero [2c 5s]
Hero: folds
73448e16: folds
603c1382: raises $0.1 to $0.15
696957f4: folds
1b4c4cd6: folds
Uncalled bet ($0.1) returned to 603c1382
*** SHOWDOWN ***
603c1382 collected $0.12 from pot
*** SUMMARY ***
Total pot $0.12 | Rake $0 | Jackpot $0 | Bingo $0 | Fortune $0
Seat 1: 73448e16 folded before Flop (didn't bet)
Seat 2: 603c1382 (button) collected ($0.12)
Seat 3: 696957f4 (small blind) folded before Flop
Seat 4: 1b4c4cd6 (big blind) folded before Flop
Seat 6: Hero folded before Flop (didn't bet)


Poker Hand #HD1145685861: Hold'em No Limit  ($0.02/$0.05) - 2023/03/04 15:02:48
Table 'NLHBlue91' 6-max Seat #1 is the button
Seat 1: 73448e16 ($0.62 in chips)
Seat 2: 603c1382 ($5.09 in chips)
Seat 3: 696957f4 ($6.42 in chips)
Seat 4: 1b4c4cd6 ($6.39 in chips)
Seat 6: Hero ($5.05 in chips)
603c1382: posts small blind $0.02
696957f4: posts big blind $0.05
*** HOLE CARDS ***
Dealt to 73448e16 
Dealt to 603c1382 
Dealt to 696957f4 
Dealt to 1b4c4cd6 
Dealt to Hero [Js 9d]
1b4c4cd6: folds
Hero: folds
73448e16: folds
603c1382: folds
Uncalled bet ($0.03) returned to 696957f4
*** SHOWDOWN ***
696957f4 collected $0.04 from pot
*** SUMMARY ***
Total pot $0.04 | Rake $0 | Jackpot $0 | Bingo $0 | Fortune $0
Seat 1: 73448e16 (button) folded before Flop (didn't bet)
Seat 2: 603c1382 (small blind) folded before Flop
Seat 3: 696957f4 (big blind) collected ($0.04)
Seat 4: 1b4c4cd6 folded before Flop (didn't bet)
Seat 6: Hero folded before Flop (didn't bet)


Poker Hand #HD1145685833: Hold'em No Limit  ($0.02/$0.05) - 2023/03/04 15:02:37
Table 'NLHBlue91' 6-max Seat #6 is the button
Seat 1: 73448e16 ($0.64 in chips)
Seat 2: 603c1382 ($5.07 in chips)
Seat 3: 696957f4 ($6.42 in chips)
Seat 4: 1b4c4cd6 ($6.39 in chips)
Seat 6: Hero ($5.05 in chips)
73448e16: posts small blind $0.02
603c1382: posts big blind $0.05
*** HOLE CARDS ***
Dealt to 73448e16 
Dealt to 603c1382 
Dealt to 696957f4 
Dealt to 1b4c4cd6 
Dealt to Hero [2h Kh]
696957f4: folds
1b4c4cd6: folds
Hero: folds
73448e16: folds
Uncalled bet ($0.03) returned to 603c1382
*** SHOWDOWN ***
603c1382 collected $0.04 from pot
*** SUMMARY ***
Total pot $0.04 | Rake $0 | Jackpot $0 | Bingo $0 | Fortune $0
Seat 1: 73448e16 (small blind) folded before Flop
Seat 2: 603c1382 (big blind) collected ($0.04)
Seat 3: 696957f4 folded before Flop (didn't bet)
Seat 4: 1b4c4cd6 folded before Flop (didn't bet)
Seat 6: Hero (button) folded before Flop (didn't bet)


Poker Hand #HD1145685793: Hold'em No Limit  ($0.02/$0.05) - 2023/03/04 15:02:22
Table 'NLHBlue91' 6-max Seat #4 is the button
Seat 1: 73448e16 ($0.69 in chips)
Seat 2: 603c1382 ($5 in chips)
Seat 3: 696957f4 ($6.42 in chips)
Seat 4: 1b4c4cd6 ($6.39 in chips)
Seat 6: Hero ($5.07 in chips)
Hero: posts small blind $0.02
73448e16: posts big blind $0.05
*** HOLE CARDS ***
Dealt to 73448e16 
Dealt to 603c1382 
Dealt to 696957f4 
Dealt to 1b4c4cd6 
Dealt to Hero [8c 6h]
603c1382: raises $0.1 to $0.15
696957f4: folds
1b4c4cd6: folds
Hero: folds
73448e16: folds
Uncalled bet ($0.1) returned to 603c1382
*** SHOWDOWN ***
603c1382 collected $0.12 from pot
*** SUMMARY ***
Total pot $0.12 | Rake $0 | Jackpot $0 | Bingo $0 | Fortune $0
Seat 1: 73448e16 (big blind) folded before Flop
Seat 2: 603c1382 collected ($0.12)
Seat 3: 696957f4 folded before Flop (didn't bet)
Seat 4: 1b4c4cd6 (button) folded before Flop (didn't bet)
Seat 6: Hero (small blind) folded before Flop


Poker Hand #HD1145615626: Hold'em No Limit  ($0.02/$0.05) - 2023/03/04 15:01:16
Table 'NLHBlue91' 6-max Seat #3 is the button
Seat 1: 73448e16 ($0.69 in chips)
Seat 2: 603c1382 ($5.26 in chips)
Seat 3: 696957f4 ($6.42 in chips)
Seat 4: 1b4c4cd6 ($5.79 in chips)
Seat 5: f57c057a ($14.67 in chips)
Seat 6: Hero ($5.07 in chips)
1b4c4cd6: posts small blind $0.02
f57c057a: posts big blind $0.05
*** HOLE CARDS ***
Dealt to 73448e16 
Dealt to 603c1382 
Dealt to 696957f4 
Dealt to 1b4c4cd6 
Dealt to f57c057a 
Dealt to Hero [9h 5d]
Hero: folds
73448e16: folds
603c1382: raises $0.1 to $0.15
696957f4: folds
1b4c4cd6: calls $0.13
f57c057a: folds
*** FLOP *** [2c 5h 3d]
1b4c4cd6: checks
603c1382: bets $0.18
1b4c4cd6: raises $0.28 to $0.46
603c1382: calls $0.28
*** TURN *** [2c 5h 3d] [As]
1b4c4cd6: checks
603c1382: checks
*** RIVER *** [2c 5h 3d As] [Ts]
1b4c4cd6: checks
603c1382: checks
1b4c4cd6: shows [7s 7d] (Pair of Sevens)
603c1382: shows [7c 6c] (Ace-High)
*** SHOWDOWN ***
1b4c4cd6 collected $1.21 from pot
*** SUMMARY ***
Total pot $1.27 | Rake $0.06 | Jackpot $0 | Bingo $0 | Fortune $0
Board [2c 5h 3d As Ts]
Seat 1: 73448e16 folded before Flop (didn't bet)
Seat 2: 603c1382 showed [7c 6c] and lost with Ace-High
Seat 3: 696957f4 (button) folded before Flop (didn't bet)
Seat 4: 1b4c4cd6 (small blind) showed [7s 7d] and won ($1.21) with Pair of Sevens
Seat 5: f57c057a (big blind) folded before Flop
Seat 6: Hero folded before Flop (didn't bet)


Poker Hand #HD1145615523: Hold'em No Limit  ($0.02/$0.05) - 2023/03/04 15:00:38
Table 'NLHBlue91' 6-max Seat #2 is the button
Seat 1: 73448e16 ($0.69 in chips)
Seat 2: 603c1382 ($5.26 in chips)
Seat 3: 696957f4 ($6.28 in chips)
Seat 4: 1b4c4cd6 ($5.94 in chips)
Seat 5: f57c057a ($14.67 in chips)
Seat 6: Hero ($5.07 in chips)
696957f4: posts small blind $0.02
1b4c4cd6: posts big blind $0.05
*** HOLE CARDS ***
Dealt to 73448e16 
Dealt to 603c1382 
Dealt to 696957f4 
Dealt to 1b4c4cd6 
Dealt to f57c057a 
Dealt to Hero [Th 7d]
f57c057a: folds
Hero: folds
73448e16: folds
603c1382: folds
696957f4: raises $0.1 to $0.15
1b4c4cd6: calls $0.1
*** FLOP *** [Kc Kd Ad]
696957f4: checks
1b4c4cd6: checks
*** TURN *** [Kc Kd Ad] [2s]
696957f4: bets $0.15
1b4c4cd6: folds
Uncalled bet ($0.15) returned to 696957f4
*** SHOWDOWN ***
696957f4 collected $0.29 from pot
*** SUMMARY ***
Total pot $0.3 | Rake $0.01 | Jackpot $0 | Bingo $0 | Fortune $0
Board [Kc Kd Ad 2s]
Seat 1: 73448e16 folded before Flop (didn't bet)
Seat 2: 603c1382 (button) folded before Flop (didn't bet)
Seat 3: 696957f4 (small blind) won ($0.29)
Seat 4: 1b4c4cd6 (big blind) folded on the Turn
Seat 5: f57c057a folded before Flop (didn't bet)
Seat 6: Hero folded before Flop (didn't bet)


Poker Hand #HD1145615460: Hold'em No Limit  ($0.02/$0.05) - 2023/03/04 15:00:12
Table 'NLHBlue91' 6-max Seat #1 is the button
Seat 1: 73448e16 ($0.69 in chips)
Seat 2: 603c1382 ($5.28 in chips)
Seat 3: 696957f4 ($6.33 in chips)
Seat 4: 1b4c4cd6 ($5.94 in chips)
Seat 5: f57c057a ($14.67 in chips)
Seat 6: Hero ($5 in chips)
603c1382: posts small blind $0.02
696957f4: posts big blind $0.05
*** HOLE CARDS ***
Dealt to 73448e16 
Dealt to 603c1382 
Dealt to 696957f4 
Dealt to 1b4c4cd6 
Dealt to f57c057a 
Dealt to Hero [Kd Qc]
1b4c4cd6: folds
f57c057a: folds
Hero: raises $0.07 to $0.12
73448e16: folds
603c1382: folds
696957f4: folds
Uncalled bet ($0.07) returned to Hero
*** SHOWDOWN ***
Hero collected $0.12 from pot
*** SUMMARY ***
Total pot $0.12 | Rake $0 | Jackpot $0 | Bingo $0 | Fortune $0
Seat 1: 73448e16 (button) folded before Flop (didn't bet)
Seat 2: 603c1382 (small blind) folded before Flop
Seat 3: 696957f4 (big blind) folded before Flop
Seat 4: 1b4c4cd6 folded before Flop (didn't bet)
Seat 5: f57c057a folded before Flop (didn't bet)
Seat 6: Hero collected ($0.12)


Poker Hand #HD1145615426: Hold'em No Limit  ($0.02/$0.05) - 2023/03/04 15:00:00
Table 'NLHBlue91' 6-max Seat #6 is the button
Seat 1: 73448e16 ($0.71 in chips)
Seat 2: 603c1382 ($5.26 in chips)
Seat 3: 696957f4 ($6.33 in chips)
Seat 4: 1b4c4cd6 ($5.94 in chips)
Seat 5: f57c057a ($14.67 in chips)
Seat 6: Hero ($5 in chips)
73448e16: posts small blind $0.02
603c1382: posts big blind $0.05
*** HOLE CARDS ***
Dealt to 73448e16 
Dealt to 603c1382 
Dealt to 696957f4 
Dealt to 1b4c4cd6 
Dealt to f57c057a 
Dealt to Hero [2s 6h]
696957f4: folds
1b4c4cd6: folds
f57c057a: folds
Hero: folds
73448e16: folds
Uncalled bet ($0.03) returned to 603c1382
*** SHOWDOWN ***
603c1382 collected $0.04 from pot
*** SUMMARY ***
Total pot $0.04 | Rake $0 | Jackpot $0 | Bingo $0 | Fortune $0
Seat 1: 73448e16 (small blind) folded before Flop
Seat 2: 603c1382 (big blind) collected ($0.04)
Seat 3: 696957f4 folded before Flop (didn't bet)
Seat 4: 1b4c4cd6 folded before Flop (didn't bet)
Seat 5: f57c057a folded before Flop (didn't bet)
Seat 6: Hero (button) folded before Flop (didn't bet)


Poker Hand #HD1145615388: Hold'em No Limit  ($0.02/$0.05) - 2023/03/04 14:59:47
Table 'NLHBlue91' 6-max Seat #5 is the button
Seat 1: 73448e16 ($0.76 in chips)
Seat 2: 603c1382 ($5.19 in chips)
Seat 3: 696957f4 ($6.33 in chips)
Seat 4: 1b4c4cd6 ($5.94 in chips)
Seat 5: f57c057a ($14.67 in chips)
Seat 6: Hero ($5.02 in chips)
Hero: posts small blind $0.02
73448e16: posts big blind $0.05
*** HOLE CARDS ***
Dealt to 73448e16 
Dealt to 603c1382 
Dealt to 696957f4 
Dealt to 1b4c4cd6 
Dealt to f57c057a 
Dealt to Hero [6h 4c]
603c1382: raises $0.1 to $0.15
696957f4: folds
1b4c4cd6: folds
f57c057a: folds
Hero: folds
73448e16: folds
Uncalled bet ($0.1) returned to 603c1382
*** SHOWDOWN ***
603c1382 collected $0.12 from pot
*** SUMMARY ***
Total pot $0.12 | Rake $0 | Jackpot $0 | Bingo $0 | Fortune $0
Seat 1: 73448e16 (big blind) folded before Flop
Seat 2: 603c1382 collected ($0.12)
Seat 3: 696957f4 folded before Flop (didn't bet)
Seat 4: 1b4c4cd6 folded before Flop (didn't bet)
Seat 5: f57c057a (button) folded before Flop (didn't bet)
Seat 6: Hero (small blind) folded before Flop


Poker Hand #HD1145615354: Hold'em No Limit  ($0.02/$0.05) - 2023/03/04 14:59:35
Table 'NLHBlue91' 6-max Seat #4 is the button
Seat 1: 73448e16 ($0.76 in chips)
Seat 2: 603c1382 ($5.19 in chips)
Seat 3: 696957f4 ($6.33 in chips)
Seat 4: 1b4c4cd6 ($5.94 in chips)
Seat 5: f57c057a ($14.69 in chips)
Seat 6: Hero ($5 in chips)
f57c057a: posts small blind $0.02
Hero: posts big blind $0.05
*** HOLE CARDS ***
Dealt to 73448e16 
Dealt to 603c1382 
Dealt to 696957f4 
Dealt to 1b4c4cd6 
Dealt to f57c057a 
Dealt to Hero [Ac 6h]
73448e16: folds
603c1382: folds
696957f4: folds
1b4c4cd6: folds
f57c057a: folds
Uncalled bet ($0.03) returned to Hero
*** SHOWDOWN ***
Hero collected $0.04 from pot
*** SUMMARY ***
Total pot $0.04 | Rake $0 | Jackpot $0 | Bingo $0 | Fortune $0
Seat 1: 73448e16 folded before Flop (didn't bet)
Seat 2: 603c1382 folded before Flop (didn't bet)
Seat 3: 696957f4 folded before Flop (didn't bet)
Seat 4: 1b4c4cd6 (button) folded before Flop (didn't bet)
Seat 5: f57c057a (small blind) folded before Flop
Seat 6: Hero (big blind) collected ($0.04)


