Poker Hand #HD1212448314: Hold'em No Limit  ($0.02/$0.05) - 2023/04/21 21:27:20
Table 'NLHBlue81' 6-max Seat #5 is the button
Seat 1: 6522ba85 ($5.97 in chips)
Seat 2: Hero ($5 in chips)
Seat 3: 3b61062e ($4.93 in chips)
Seat 5: 49e7b1a1 ($9.21 in chips)
Seat 6: e8ae0e5c ($5.73 in chips)
e8ae0e5c: posts small blind $0.02
6522ba85: posts big blind $0.05
*** HOLE CARDS ***
Dealt to 6522ba85 
Dealt to Hero [8d Ts]
Dealt to 3b61062e 
Dealt to 49e7b1a1 
Dealt to e8ae0e5c 
Hero: folds
3b61062e: folds
49e7b1a1: raises $0.06 to $0.11
e8ae0e5c: folds
6522ba85: folds
Uncalled bet ($0.06) returned to 49e7b1a1
*** SHOWDOWN ***
49e7b1a1 collected $0.12 from pot
*** SUMMARY ***
Total pot $0.12 | Rake $0 | Jackpot $0 | Bingo $0 | Fortune $0
Seat 1: 6522ba85 (big blind) folded before Flop
Seat 2: Hero folded before Flop (didn't bet)
Seat 3: 3b61062e folded before Flop (didn't bet)
Seat 5: 49e7b1a1 (button) collected ($0.12)
Seat 6: e8ae0e5c (small blind) folded before Flop


Poker Hand #HD1212448266: Hold'em No Limit  ($0.02/$0.05) - 2023/04/21 21:26:51
Table 'NLHBlue81' 6-max Seat #4 is the button
Seat 1: 6522ba85 ($5.97 in chips)
Seat 2: Hero ($5 in chips)
Seat 3: 3b61062e ($4.93 in chips)
Seat 4: 6c172246 ($9.36 in chips)
Seat 5: 49e7b1a1 ($9.23 in chips)
Seat 6: e8ae0e5c ($5.71 in chips)
49e7b1a1: posts small blind $0.02
e8ae0e5c: posts big blind $0.05
*** HOLE CARDS ***
Dealt to 6522ba85 
Dealt to Hero [As 7c]
Dealt to 3b61062e 
Dealt to 6c172246 
Dealt to 49e7b1a1 
Dealt to e8ae0e5c 
6522ba85: folds
Hero: folds
3b61062e: folds
6c172246: folds
49e7b1a1: folds
Uncalled bet ($0.03) returned to e8ae0e5c
*** SHOWDOWN ***
e8ae0e5c collected $0.04 from pot
*** SUMMARY ***
Total pot $0.04 | Rake $0 | Jackpot $0 | Bingo $0 | Fortune $0
Seat 1: 6522ba85 folded before Flop (didn't bet)
Seat 2: Hero folded before Flop (didn't bet)
Seat 3: 3b61062e folded before Flop (didn't bet)
Seat 4: 6c172246 (button) folded before Flop (didn't bet)
Seat 5: 49e7b1a1 (small blind) folded before Flop
Seat 6: e8ae0e5c (big blind) collected ($0.04)


Poker Hand #HD1212448172: Hold'em No Limit  ($0.02/$0.05) - 2023/04/21 21:25:48
Table 'NLHBlue81' 6-max Seat #3 is the button
Seat 1: 6522ba85 ($5.97 in chips)
Seat 2: Hero ($5.07 in chips)
Seat 3: 3b61062e ($4.93 in chips)
Seat 4: 6c172246 ($9.38 in chips)
Seat 5: 49e7b1a1 ($8.15 in chips)
Seat 6: e8ae0e5c ($5.71 in chips)
6c172246: posts small blind $0.02
49e7b1a1: posts big blind $0.05
*** HOLE CARDS ***
Dealt to 6522ba85 
Dealt to Hero [Ac Ad]
Dealt to 3b61062e 
Dealt to 6c172246 
Dealt to 49e7b1a1 
Dealt to e8ae0e5c 
e8ae0e5c: folds
6522ba85: folds
Hero: raises $0.07 to $0.12
3b61062e: folds
6c172246: folds
49e7b1a1: calls $0.07
*** FLOP *** [Kc Qc Kd]
49e7b1a1: checks
Hero: bets $0.13
49e7b1a1: calls $0.13
*** TURN *** [Kc Qc Kd] [3s]
49e7b1a1: checks
Hero: bets $0.32
49e7b1a1: calls $0.32
*** RIVER *** [Kc Qc Kd 3s] [7s]
49e7b1a1: checks
Hero: bets $0.66
49e7b1a1: calls $0.66
Hero: shows [Ac Ad] (Pair of Aces and Pair of Kings)
49e7b1a1: shows [Kh Ts] (Three Kings)
*** SHOWDOWN ***
49e7b1a1 collected $2.31 from pot
*** SUMMARY ***
Total pot $2.48 | Rake $0.12 | Jackpot $0.05 | Bingo $0 | Fortune $0
Board [Kc Qc Kd 3s 7s]
Seat 1: 6522ba85 folded before Flop (didn't bet)
Seat 2: Hero showed [Ac Ad] and lost with Pair of Aces and Pair of Kings
Seat 3: 3b61062e (button) folded before Flop (didn't bet)
Seat 4: 6c172246 (small blind) folded before Flop
Seat 5: 49e7b1a1 (big blind) showed [Kh Ts] and won ($2.31) with Three Kings
Seat 6: e8ae0e5c folded before Flop (didn't bet)


Poker Hand #HD1212448127: Hold'em No Limit  ($0.02/$0.05) - 2023/04/21 21:25:18
Table 'NLHBlue81' 6-max Seat #2 is the button
Seat 1: 6522ba85 ($5.97 in chips)
Seat 2: Hero ($5 in chips)
Seat 3: 3b61062e ($4.95 in chips)
Seat 4: 6c172246 ($9.43 in chips)
Seat 5: 49e7b1a1 ($8.15 in chips)
Seat 6: e8ae0e5c ($5.71 in chips)
3b61062e: posts small blind $0.02
6c172246: posts big blind $0.05
*** HOLE CARDS ***
Dealt to 6522ba85 
Dealt to Hero [Jh 8s]
Dealt to 3b61062e 
Dealt to 6c172246 
Dealt to 49e7b1a1 
Dealt to e8ae0e5c 
49e7b1a1: folds
e8ae0e5c: folds
6522ba85: folds
Hero: raises $0.07 to $0.12
3b61062e: folds
6c172246: folds
Uncalled bet ($0.07) returned to Hero
*** SHOWDOWN ***
Hero collected $0.12 from pot
*** SUMMARY ***
Total pot $0.12 | Rake $0 | Jackpot $0 | Bingo $0 | Fortune $0
Seat 1: 6522ba85 folded before Flop (didn't bet)
Seat 2: Hero (button) collected ($0.12)
Seat 3: 3b61062e (small blind) folded before Flop
Seat 4: 6c172246 (big blind) folded before Flop
Seat 5: 49e7b1a1 folded before Flop (didn't bet)
Seat 6: e8ae0e5c folded before Flop (didn't bet)


Poker Hand #HD1212448101: Hold'em No Limit  ($0.02/$0.05) - 2023/04/21 21:24:58
Table 'NLHBlue81' 6-max Seat #1 is the button
Seat 1: 6522ba85 ($5.9 in chips)
Seat 2: Hero ($5 in chips)
Seat 3: 3b61062e ($5 in chips)
Seat 4: 6c172246 ($9.43 in chips)
Seat 5: 49e7b1a1 ($8.15 in chips)
Seat 6: e8ae0e5c ($5.71 in chips)
Hero: posts small blind $0.02
3b61062e: posts big blind $0.05
*** HOLE CARDS ***
Dealt to 6522ba85 
Dealt to Hero [9d 7d]
Dealt to 3b61062e 
Dealt to 6c172246 
Dealt to 49e7b1a1 
Dealt to e8ae0e5c 
6c172246: folds
49e7b1a1: folds
e8ae0e5c: folds
6522ba85: raises $0.07 to $0.12
Hero: folds
3b61062e: folds
Uncalled bet ($0.07) returned to 6522ba85
*** SHOWDOWN ***
6522ba85 collected $0.12 from pot
*** SUMMARY ***
Total pot $0.12 | Rake $0 | Jackpot $0 | Bingo $0 | Fortune $0
Seat 1: 6522ba85 (button) collected ($0.12)
Seat 2: Hero (small blind) folded before Flop
Seat 3: 3b61062e (big blind) folded before Flop
Seat 4: 6c172246 folded before Flop (didn't bet)
Seat 5: 49e7b1a1 folded before Flop (didn't bet)
Seat 6: e8ae0e5c folded before Flop (didn't bet)


Poker Hand #HD1212448016: Hold'em No Limit  ($0.02/$0.05) - 2023/04/21 21:24:06
Table 'NLHBlue81' 6-max Seat #6 is the button
Seat 1: 6522ba85 ($6.03 in chips)
Seat 2: Hero ($5 in chips)
Seat 3: 3b61062e ($4.44 in chips)
Seat 4: 6c172246 ($9.43 in chips)
Seat 5: 49e7b1a1 ($8.15 in chips)
Seat 6: e8ae0e5c ($5.71 in chips)
6522ba85: posts small blind $0.02
Hero: posts big blind $0.05
*** HOLE CARDS ***
Dealt to 6522ba85 
Dealt to Hero [4s Ah]
Dealt to 3b61062e 
Dealt to 6c172246 
Dealt to 49e7b1a1 
Dealt to e8ae0e5c 
3b61062e: raises $0.08 to $0.13
6c172246: folds
49e7b1a1: folds
e8ae0e5c: folds
6522ba85: calls $0.11
Hero: folds
*** FLOP *** [Kd 3d Td]
6522ba85: checks
3b61062e: checks
*** TURN *** [Kd 3d Td] [Jh]
6522ba85: checks
3b61062e: bets $0.14
6522ba85: folds
Uncalled bet ($0.14) returned to 3b61062e
*** SHOWDOWN ***
3b61062e collected $0.3 from pot
*** SUMMARY ***
Total pot $0.31 | Rake $0.01 | Jackpot $0 | Bingo $0 | Fortune $0
Board [Kd 3d Td Jh]
Seat 1: 6522ba85 (small blind) folded on the Turn
Seat 2: Hero (big blind) folded before Flop
Seat 3: 3b61062e won ($0.3)
Seat 4: 6c172246 folded before Flop (didn't bet)
Seat 5: 49e7b1a1 folded before Flop (didn't bet)
Seat 6: e8ae0e5c (button) folded before Flop (didn't bet)


