Poker Hand #HD1146246018: Hold'em No Limit  ($0.02/$0.05) - 2023/03/04 22:54:37
Table 'NLHBlue89' 6-max Seat #3 is the button
Seat 3: Hero ($6.66 in chips)
Seat 5: adaef143 ($7.08 in chips)
Seat 6: ac08f7b1 ($8.1 in chips)
adaef143: posts small blind $0.02
ac08f7b1: posts big blind $0.05
*** HOLE CARDS ***
Dealt to Hero [6d Ah]
Dealt to adaef143 
Dealt to ac08f7b1 
Hero: folds
adaef143: raises $0.08 to $0.13
ac08f7b1: calls $0.08
*** FLOP *** [5d Kd Ac]
adaef143: checks
ac08f7b1: checks
*** TURN *** [5d Kd Ac] [Td]
adaef143: checks
ac08f7b1: bets $0.13
adaef143: folds
Uncalled bet ($0.13) returned to ac08f7b1
*** SHOWDOWN ***
ac08f7b1 collected $0.25 from pot
*** SUMMARY ***
Total pot $0.26 | Rake $0.01 | Jackpot $0 | Bingo $0 | Fortune $0
Board [5d Kd Ac Td]
Seat 3: Hero (button) folded before Flop (didn't bet)
Seat 5: adaef143 (small blind) folded on the Turn
Seat 6: ac08f7b1 (big blind) won ($0.25)


Poker Hand #HD1146246004: Hold'em No Limit  ($0.02/$0.05) - 2023/03/04 22:54:28
Table 'NLHBlue89' 6-max Seat #6 is the button
Seat 3: Hero ($6.61 in chips)
Seat 5: adaef143 ($7.13 in chips)
Seat 6: ac08f7b1 ($8.1 in chips)
Hero: posts small blind $0.02
adaef143: posts big blind $0.05
*** HOLE CARDS ***
Dealt to Hero [2s Ad]
Dealt to adaef143 
Dealt to ac08f7b1 
ac08f7b1: folds
Hero: raises $0.09 to $0.14
adaef143: folds
Uncalled bet ($0.09) returned to Hero
*** SHOWDOWN ***
Hero collected $0.1 from pot
*** SUMMARY ***
Total pot $0.1 | Rake $0 | Jackpot $0 | Bingo $0 | Fortune $0
Seat 3: Hero (small blind) collected ($0.1)
Seat 5: adaef143 (big blind) folded before Flop
Seat 6: ac08f7b1 (button) folded before Flop (didn't bet)


Poker Hand #HD1146245905: Hold'em No Limit  ($0.02/$0.05) - 2023/03/04 22:53:31
Table 'NLHBlue89' 6-max Seat #5 is the button
Seat 3: Hero ($6.47 in chips)
Seat 5: adaef143 ($7.26 in chips)
Seat 6: ac08f7b1 ($8.12 in chips)
ac08f7b1: posts small blind $0.02
Hero: posts big blind $0.05
*** HOLE CARDS ***
Dealt to Hero [4s 4h]
Dealt to adaef143 
Dealt to ac08f7b1 
adaef143: raises $0.08 to $0.13
ac08f7b1: folds
Hero: calls $0.08
*** FLOP *** [3c 8c 7s]
Hero: checks
adaef143: checks
*** TURN *** [3c 8c 7s] [Tc]
Hero: checks
adaef143: checks
*** RIVER *** [3c 8c 7s Tc] [6d]
Hero: checks
adaef143: checks
Hero: shows [4s 4h] (Pair of Fours)
adaef143: shows [Ah Jh] (Ace-High)
*** SHOWDOWN ***
Hero collected $0.27 from pot
*** SUMMARY ***
Total pot $0.28 | Rake $0.01 | Jackpot $0 | Bingo $0 | Fortune $0
Board [3c 8c 7s Tc 6d]
Seat 3: Hero (big blind) showed [4s 4h] and won ($0.27) with Pair of Fours
Seat 5: adaef143 (button) showed [Ah Jh] and lost with Ace-High
Seat 6: ac08f7b1 (small blind) folded before Flop


Poker Hand #HD1146245865: Hold'em No Limit  ($0.02/$0.05) - 2023/03/04 22:53:05
Table 'NLHBlue89' 6-max Seat #3 is the button
Seat 3: Hero ($6.59 in chips)
Seat 5: adaef143 ($7.1 in chips)
Seat 6: ac08f7b1 ($8.17 in chips)
adaef143: posts small blind $0.02
ac08f7b1: posts big blind $0.05
*** HOLE CARDS ***
Dealt to Hero [2c As]
Dealt to adaef143 
Dealt to ac08f7b1 
Hero: raises $0.07 to $0.12
adaef143: raises $0.33 to $0.45
ac08f7b1: folds
Hero: folds
Uncalled bet ($0.33) returned to adaef143
*** SHOWDOWN ***
adaef143 collected $0.28 from pot
*** SUMMARY ***
Total pot $0.29 | Rake $0.01 | Jackpot $0 | Bingo $0 | Fortune $0
Seat 3: Hero (button) folded before Flop
Seat 5: adaef143 (small blind) collected ($0.28)
Seat 6: ac08f7b1 (big blind) folded before Flop


Poker Hand #HD1146245829: Hold'em No Limit  ($0.02/$0.05) - 2023/03/04 22:52:50
Table 'NLHBlue89' 6-max Seat #6 is the button
Seat 3: Hero ($6.61 in chips)
Seat 5: adaef143 ($7.08 in chips)
Seat 6: ac08f7b1 ($8.17 in chips)
Hero: posts small blind $0.02
adaef143: posts big blind $0.05
*** HOLE CARDS ***
Dealt to Hero [5h 4d]
Dealt to adaef143 
Dealt to ac08f7b1 
ac08f7b1: folds
Hero: folds
Uncalled bet ($0.03) returned to adaef143
*** SHOWDOWN ***
adaef143 collected $0.04 from pot
*** SUMMARY ***
Total pot $0.04 | Rake $0 | Jackpot $0 | Bingo $0 | Fortune $0
Seat 3: Hero (small blind) folded before Flop
Seat 5: adaef143 (big blind) collected ($0.04)
Seat 6: ac08f7b1 (button) folded before Flop (didn't bet)


Poker Hand #HD1146245728: Hold'em No Limit  ($0.02/$0.05) - 2023/03/04 22:51:51
Table 'NLHBlue89' 6-max Seat #5 is the button
Seat 2: fe6062e ($1.64 in chips)
Seat 3: Hero ($6.61 in chips)
Seat 5: adaef143 ($5.63 in chips)
Seat 6: ac08f7b1 ($8.19 in chips)
ac08f7b1: posts small blind $0.02
fe6062e: posts big blind $0.05
*** HOLE CARDS ***
Dealt to fe6062e 
Dealt to Hero [Qd 7c]
Dealt to adaef143 
Dealt to ac08f7b1 
Hero: folds
adaef143: raises $0.08 to $0.13
ac08f7b1: folds
fe6062e: calls $0.08
*** FLOP *** [Jh 7d 9c]
fe6062e: checks
adaef143: bets $0.21
fe6062e: raises $0.53 to $0.74
adaef143: raises $4.76 to $5.5 and is all-in
fe6062e: calls $0.77 and is all-in
Uncalled bet ($3.99) returned to adaef143
adaef143: shows [Jc Ac] (Pair of Jacks)
fe6062e: shows [Td 8h] (Jacks-High Straight)
*** TURN *** [Jh 7d 9c] [Tc]
*** RIVER *** [Jh 7d 9c Tc] [Qc]
*** SHOWDOWN ***
adaef143 collected $3.09 from pot
*** SUMMARY ***
Total pot $3.3 | Rake $0.16 | Jackpot $0.05 | Bingo $0 | Fortune $0
Board [Jh 7d 9c Tc Qc]
Seat 2: fe6062e (big blind) showed [Td 8h] and lost with Queens-High Straight
Seat 3: Hero folded before Flop (didn't bet)
Seat 5: adaef143 (button) showed [Jc Ac] and won ($3.09) with Ace High Flush
Seat 6: ac08f7b1 (small blind) folded before Flop


Poker Hand #HD1146165625: Hold'em No Limit  ($0.02/$0.05) - 2023/03/04 22:50:58
Table 'NLHBlue89' 6-max Seat #3 is the button
Seat 2: fe6062e ($1.84 in chips)
Seat 3: Hero ($6.61 in chips)
Seat 5: adaef143 ($5.26 in chips)
Seat 6: ac08f7b1 ($8.39 in chips)
adaef143: posts small blind $0.02
ac08f7b1: posts big blind $0.05
*** HOLE CARDS ***
Dealt to fe6062e 
Dealt to Hero [6c Qh]
Dealt to adaef143 
Dealt to ac08f7b1 
fe6062e: calls $0.05
Hero: folds
adaef143: raises $0.15 to $0.2
ac08f7b1: calls $0.15
fe6062e: calls $0.15
*** FLOP *** [6d Ts 3d]
adaef143: bets $0.45
ac08f7b1: folds
fe6062e: folds
Uncalled bet ($0.45) returned to adaef143
*** SHOWDOWN ***
adaef143 collected $0.57 from pot
*** SUMMARY ***
Total pot $0.6 | Rake $0.03 | Jackpot $0 | Bingo $0 | Fortune $0
Board [6d Ts 3d]
Seat 2: fe6062e folded on the Flop
Seat 3: Hero (button) folded before Flop (didn't bet)
Seat 5: adaef143 (small blind) won ($0.57)
Seat 6: ac08f7b1 (big blind) folded on the Flop


Poker Hand #HD1146165596: Hold'em No Limit  ($0.02/$0.05) - 2023/03/04 22:50:46
Table 'NLHBlue89' 6-max Seat #2 is the button
Seat 2: fe6062e ($1.84 in chips)
Seat 3: Hero ($6.63 in chips)
Seat 5: adaef143 ($5.24 in chips)
Seat 6: ac08f7b1 ($8.39 in chips)
Hero: posts small blind $0.02
adaef143: posts big blind $0.05
*** HOLE CARDS ***
Dealt to fe6062e 
Dealt to Hero [3d Kh]
Dealt to adaef143 
Dealt to ac08f7b1 
ac08f7b1: folds
fe6062e: folds
Hero: folds
Uncalled bet ($0.03) returned to adaef143
*** SHOWDOWN ***
adaef143 collected $0.04 from pot
*** SUMMARY ***
Total pot $0.04 | Rake $0 | Jackpot $0 | Bingo $0 | Fortune $0
Seat 2: fe6062e (button) folded before Flop (didn't bet)
Seat 3: Hero (small blind) folded before Flop
Seat 5: adaef143 (big blind) collected ($0.04)
Seat 6: ac08f7b1 folded before Flop (didn't bet)


Poker Hand #HD1146165481: Hold'em No Limit  ($0.02/$0.05) - 2023/03/04 22:49:38
Table 'NLHBlue89' 6-max Seat #6 is the button
Seat 2: fe6062e ($1.75 in chips)
Seat 3: Hero ($6.73 in chips)
Seat 4: 9cf2746f ($5 in chips)
Seat 5: adaef143 ($5.24 in chips)
Seat 6: ac08f7b1 ($8.39 in chips)
fe6062e: posts small blind $0.02
Hero: posts big blind $0.05
*** HOLE CARDS ***
Dealt to fe6062e 
Dealt to Hero [3c 3d]
Dealt to 9cf2746f 
Dealt to adaef143 
Dealt to ac08f7b1 
9cf2746f: folds
adaef143: folds
ac08f7b1: folds
fe6062e: calls $0.03
Hero: checks
*** FLOP *** [9s Tc Ks]
fe6062e: bets $0.05
Hero: calls $0.05
*** TURN *** [9s Tc Ks] [Td]
fe6062e: checks
Hero: checks
*** RIVER *** [9s Tc Ks Td] [5s]
fe6062e: checks
Hero: checks
fe6062e: shows [7s Kh] (Pair of Kings and Pair of Tens)
Hero: shows [3c 3d] (Pair of Tens and Pair of Treys)
*** SHOWDOWN ***
fe6062e collected $0.19 from pot
*** SUMMARY ***
Total pot $0.2 | Rake $0.01 | Jackpot $0 | Bingo $0 | Fortune $0
Board [9s Tc Ks Td 5s]
Seat 2: fe6062e (small blind) showed [7s Kh] and won ($0.19) with Pair of Kings and Pair of Tens
Seat 3: Hero (big blind) showed [3c 3d] and lost with Pair of Tens and Pair of Treys
Seat 4: 9cf2746f folded before Flop (didn't bet)
Seat 5: adaef143 folded before Flop (didn't bet)
Seat 6: ac08f7b1 (button) folded before Flop (didn't bet)


Poker Hand #HD1146165452: Hold'em No Limit  ($0.02/$0.05) - 2023/03/04 22:49:20
Table 'NLHBlue89' 6-max Seat #5 is the button
Seat 2: fe6062e ($1.73 in chips)
Seat 3: Hero ($6.73 in chips)
Seat 4: 9cf2746f ($5 in chips)
Seat 5: adaef143 ($5.24 in chips)
Seat 6: ac08f7b1 ($8.41 in chips)
ac08f7b1: posts small blind $0.02
fe6062e: posts big blind $0.05
*** HOLE CARDS ***
Dealt to fe6062e 
Dealt to Hero [5d 4s]
Dealt to 9cf2746f 
Dealt to adaef143 
Dealt to ac08f7b1 
Hero: folds
9cf2746f: folds
adaef143: folds
ac08f7b1: folds
Uncalled bet ($0.03) returned to fe6062e
*** SHOWDOWN ***
fe6062e collected $0.04 from pot
*** SUMMARY ***
Total pot $0.04 | Rake $0 | Jackpot $0 | Bingo $0 | Fortune $0
Seat 2: fe6062e (big blind) collected ($0.04)
Seat 3: Hero folded before Flop (didn't bet)
Seat 4: 9cf2746f folded before Flop (didn't bet)
Seat 5: adaef143 (button) folded before Flop (didn't bet)
Seat 6: ac08f7b1 (small blind) folded before Flop


Poker Hand #HD1146165372: Hold'em No Limit  ($0.02/$0.05) - 2023/03/04 22:48:34
Table 'NLHBlue89' 6-max Seat #4 is the button
Seat 1: 8a875ab ($5.18 in chips)
Seat 2: fe6062e ($1.73 in chips)
Seat 3: Hero ($6.73 in chips)
Seat 4: 9cf2746f ($5 in chips)
Seat 5: adaef143 ($5 in chips)
Seat 6: ac08f7b1 ($8.46 in chips)
adaef143: posts small blind $0.02
ac08f7b1: posts big blind $0.05
*** HOLE CARDS ***
Dealt to 8a875ab 
Dealt to fe6062e 
Dealt to Hero [5d Jd]
Dealt to 9cf2746f 
Dealt to adaef143 
Dealt to ac08f7b1 
8a875ab: raises $0.05 to $0.1
fe6062e: folds
Hero: folds
9cf2746f: calls $0.1
adaef143: calls $0.08
ac08f7b1: folds
*** FLOP *** [Ah 3s Ad]
adaef143: checks
8a875ab: checks
9cf2746f: checks
*** TURN *** [Ah 3s Ad] [Ks]
adaef143: checks
8a875ab: checks
9cf2746f: checks
*** RIVER *** [Ah 3s Ad Ks] [4d]
adaef143: checks
8a875ab: checks
9cf2746f: checks
adaef143: shows [Kc 4c] (Pair of Aces and Pair of Kings)
8a875ab: shows [9h 7h] (Pair of Aces)
9cf2746f: shows [Tc Js] (Pair of Aces)
*** SHOWDOWN ***
adaef143 collected $0.34 from pot
*** SUMMARY ***
Total pot $0.35 | Rake $0.01 | Jackpot $0 | Bingo $0 | Fortune $0
Board [Ah 3s Ad Ks 4d]
Seat 1: 8a875ab showed [9h 7h] and lost with Pair of Aces
Seat 2: fe6062e folded before Flop (didn't bet)
Seat 3: Hero folded before Flop (didn't bet)
Seat 4: 9cf2746f (button) showed [Tc Js] and lost with Pair of Aces
Seat 5: adaef143 (small blind) showed [Kc 4c] and won ($0.34) with Pair of Aces and Pair of Kings
Seat 6: ac08f7b1 (big blind) folded before Flop


Poker Hand #HD1146165245: Hold'em No Limit  ($0.02/$0.05) - 2023/03/04 22:47:17
Table 'NLHBlue89' 6-max Seat #3 is the button
Seat 1: 8a875ab ($5.18 in chips)
Seat 2: fe6062e ($1.98 in chips)
Seat 3: Hero ($6.73 in chips)
Seat 4: 9cf2746f ($5.44 in chips)
Seat 5: adaef143 ($5 in chips)
Seat 6: ac08f7b1 ($7.6 in chips)
9cf2746f: posts small blind $0.02
adaef143: posts big blind $0.05
*** HOLE CARDS ***
Dealt to 8a875ab 
Dealt to fe6062e 
Dealt to Hero [2h Ac]
Dealt to 9cf2746f 
Dealt to adaef143 
Dealt to ac08f7b1 
ac08f7b1: calls $0.05
8a875ab: folds
fe6062e: calls $0.05
Hero: folds
9cf2746f: raises $0.2 to $0.25
adaef143: folds
ac08f7b1: calls $0.2
fe6062e: calls $0.2
*** FLOP *** [7d Js 2c]
9cf2746f: bets $0.44
ac08f7b1: calls $0.44
fe6062e: folds
*** TURN *** [7d Js 2c] [6c]
9cf2746f: checks
ac08f7b1: bets $1.68
9cf2746f: folds
Uncalled bet ($1.68) returned to ac08f7b1
*** SHOWDOWN ***
ac08f7b1 collected $1.55 from pot
*** SUMMARY ***
Total pot $1.68 | Rake $0.08 | Jackpot $0.05 | Bingo $0 | Fortune $0
Board [7d Js 2c 6c]
Seat 1: 8a875ab folded before Flop (didn't bet)
Seat 2: fe6062e folded on the Flop
Seat 3: Hero (button) folded before Flop (didn't bet)
Seat 4: 9cf2746f (small blind) folded on the Turn
Seat 5: adaef143 (big blind) folded before Flop
Seat 6: ac08f7b1 won ($1.55)


Poker Hand #HD1146165188: Hold'em No Limit  ($0.02/$0.05) - 2023/03/04 22:46:43
Table 'NLHBlue89' 6-max Seat #2 is the button
Seat 1: 8a875ab ($5.18 in chips)
Seat 2: fe6062e ($2.44 in chips)
Seat 3: Hero ($6.75 in chips)
Seat 4: 9cf2746f ($5 in chips)
Seat 6: ac08f7b1 ($7.6 in chips)
Hero: posts small blind $0.02
9cf2746f: posts big blind $0.05
*** HOLE CARDS ***
Dealt to 8a875ab 
Dealt to fe6062e 
Dealt to Hero [As 2h]
Dealt to 9cf2746f 
Dealt to ac08f7b1 
ac08f7b1: folds
8a875ab: folds
fe6062e: calls $0.05
Hero: folds
9cf2746f: raises $0.17 to $0.22
fe6062e: calls $0.17
*** FLOP *** [Qc Ks Qs]
9cf2746f: bets $0.24
fe6062e: calls $0.24
*** TURN *** [Qc Ks Qs] [Ac]
9cf2746f: bets $0.68
fe6062e: folds
Uncalled bet ($0.68) returned to 9cf2746f
*** SHOWDOWN ***
9cf2746f collected $0.9 from pot
*** SUMMARY ***
Total pot $0.94 | Rake $0.04 | Jackpot $0 | Bingo $0 | Fortune $0
Board [Qc Ks Qs Ac]
Seat 1: 8a875ab folded before Flop (didn't bet)
Seat 2: fe6062e (button) folded on the Turn
Seat 3: Hero (small blind) folded before Flop
Seat 4: 9cf2746f (big blind) won ($0.9)
Seat 6: ac08f7b1 folded before Flop (didn't bet)


Poker Hand #HD1146165100: Hold'em No Limit  ($0.02/$0.05) - 2023/03/04 22:46:04
Table 'NLHBlue89' 6-max Seat #1 is the button
Seat 1: 8a875ab ($4.88 in chips)
Seat 2: fe6062e ($2.46 in chips)
Seat 3: Hero ($6.8 in chips)
Seat 4: 9cf2746f ($5 in chips)
Seat 6: ac08f7b1 ($7.6 in chips)
fe6062e: posts small blind $0.02
Hero: posts big blind $0.05
*** HOLE CARDS ***
Dealt to 8a875ab 
Dealt to fe6062e 
Dealt to Hero [5c 3d]
Dealt to 9cf2746f 
Dealt to ac08f7b1 
9cf2746f: raises $0.1 to $0.15
ac08f7b1: folds
8a875ab: raises $0.1 to $0.25
fe6062e: folds
Hero: folds
9cf2746f: calls $0.1
*** FLOP *** [As Js 7s]
9cf2746f: checks
8a875ab: checks
*** TURN *** [As Js 7s] [2c]
9cf2746f: checks
8a875ab: checks
*** RIVER *** [As Js 7s 2c] [3c]
9cf2746f: checks
8a875ab: checks
9cf2746f: shows [8h 7h] (Pair of Sevens)
8a875ab: shows [9s 9d] (Pair of Nines)
*** SHOWDOWN ***
8a875ab collected $0.55 from pot
*** SUMMARY ***
Total pot $0.57 | Rake $0.02 | Jackpot $0 | Bingo $0 | Fortune $0
Board [As Js 7s 2c 3c]
Seat 1: 8a875ab (button) showed [9s 9d] and won ($0.55) with Pair of Nines
Seat 2: fe6062e (small blind) folded before Flop
Seat 3: Hero (big blind) folded before Flop
Seat 4: 9cf2746f showed [8h 7h] and lost with Pair of Sevens
Seat 6: ac08f7b1 folded before Flop (didn't bet)


Poker Hand #HD1146165049: Hold'em No Limit  ($0.02/$0.05) - 2023/03/04 22:45:36
Table 'NLHBlue89' 6-max Seat #6 is the button
Seat 1: 8a875ab ($4.83 in chips)
Seat 2: fe6062e ($2.51 in chips)
Seat 3: Hero ($6.8 in chips)
Seat 4: 9cf2746f ($5 in chips)
Seat 6: ac08f7b1 ($7.6 in chips)
8a875ab: posts small blind $0.02
fe6062e: posts big blind $0.05
*** HOLE CARDS ***
Dealt to 8a875ab 
Dealt to fe6062e 
Dealt to Hero [Kd 4d]
Dealt to 9cf2746f 
Dealt to ac08f7b1 
Hero: folds
9cf2746f: folds
ac08f7b1: folds
8a875ab: raises $0.05 to $0.1
fe6062e: folds
Uncalled bet ($0.05) returned to 8a875ab
*** SHOWDOWN ***
8a875ab collected $0.1 from pot
*** SUMMARY ***
Total pot $0.1 | Rake $0 | Jackpot $0 | Bingo $0 | Fortune $0
Seat 1: 8a875ab (small blind) collected ($0.1)
Seat 2: fe6062e (big blind) folded before Flop
Seat 3: Hero folded before Flop (didn't bet)
Seat 4: 9cf2746f folded before Flop (didn't bet)
Seat 6: ac08f7b1 (button) folded before Flop (didn't bet)


Poker Hand #HD1146164925: Hold'em No Limit  ($0.02/$0.05) - 2023/03/04 22:44:22
Table 'NLHBlue89' 6-max Seat #4 is the button
Seat 1: 8a875ab ($4.83 in chips)
Seat 2: fe6062e ($2.51 in chips)
Seat 3: Hero ($6.8 in chips)
Seat 4: 9cf2746f ($5.13 in chips)
Seat 6: ac08f7b1 ($7.59 in chips)
ac08f7b1: posts small blind $0.02
8a875ab: posts big blind $0.05
*** HOLE CARDS ***
Dealt to 8a875ab 
Dealt to fe6062e 
Dealt to Hero [8h 7h]
Dealt to 9cf2746f 
Dealt to ac08f7b1 
fe6062e: raises $0.1 to $0.15
Hero: folds
9cf2746f: calls $0.15
ac08f7b1: calls $0.13
8a875ab: calls $0.1
*** FLOP *** [2d 2s 5h]
ac08f7b1: checks
8a875ab: checks
fe6062e: checks
9cf2746f: checks
*** TURN *** [2d 2s 5h] [4h]
ac08f7b1: checks
8a875ab: checks
fe6062e: checks
9cf2746f: checks
*** RIVER *** [2d 2s 5h 4h] [3d]
ac08f7b1: bets $0.6
8a875ab: calls $0.6
fe6062e: calls $0.6
9cf2746f: folds
ac08f7b1: shows [Ac 8s] (Fives-High Straight)
8a875ab: shows [Ah Jh] (Fives-High Straight)
fe6062e: shows [Qd Ad] (Fives-High Straight)
*** SHOWDOWN ***
8a875ab collected $0.75 from pot
fe6062e collected $0.75 from pot
ac08f7b1 collected $0.76 from pot
*** SUMMARY ***
Total pot $2.4 | Rake $0.09 | Jackpot $0.05 | Bingo $0 | Fortune $0
Board [2d 2s 5h 4h 3d]
Seat 1: 8a875ab (big blind) showed [Ah Jh] and won ($0.75) with Fives-High Straight
Seat 2: fe6062e showed [Qd Ad] and won ($0.75) with Fives-High Straight
Seat 3: Hero folded before Flop (didn't bet)
Seat 4: 9cf2746f (button) folded on the River
Seat 6: ac08f7b1 (small blind) showed [Ac 8s] and won ($0.76) with Fives-High Straight


Poker Hand #HD1146164905: Hold'em No Limit  ($0.02/$0.05) - 2023/03/04 22:44:09
Table 'NLHBlue89' 6-max Seat #3 is the button
Seat 1: 8a875ab ($4.76 in chips)
Seat 2: fe6062e ($2.51 in chips)
Seat 3: Hero ($6.8 in chips)
Seat 4: 9cf2746f ($5.15 in chips)
Seat 6: ac08f7b1 ($7.64 in chips)
9cf2746f: posts small blind $0.02
ac08f7b1: posts big blind $0.05
*** HOLE CARDS ***
Dealt to 8a875ab 
Dealt to fe6062e 
Dealt to Hero [Ah Ts]
Dealt to 9cf2746f 
Dealt to ac08f7b1 
8a875ab: raises $0.15 to $0.2
fe6062e: folds
Hero: folds
9cf2746f: folds
ac08f7b1: folds
Uncalled bet ($0.15) returned to 8a875ab
*** SHOWDOWN ***
8a875ab collected $0.12 from pot
*** SUMMARY ***
Total pot $0.12 | Rake $0 | Jackpot $0 | Bingo $0 | Fortune $0
Seat 1: 8a875ab collected ($0.12)
Seat 2: fe6062e folded before Flop (didn't bet)
Seat 3: Hero (button) folded before Flop (didn't bet)
Seat 4: 9cf2746f (small blind) folded before Flop
Seat 6: ac08f7b1 (big blind) folded before Flop


Poker Hand #HD1146164808: Hold'em No Limit  ($0.02/$0.05) - 2023/03/04 22:43:15
Table 'NLHBlue89' 6-max Seat #2 is the button
Seat 1: 8a875ab ($4.76 in chips)
Seat 2: fe6062e ($3.11 in chips)
Seat 3: Hero ($6.03 in chips)
Seat 4: 9cf2746f ($5.39 in chips)
Seat 5: 2bd73027 ($6.46 in chips)
Seat 6: ac08f7b1 ($7.64 in chips)
Hero: posts small blind $0.02
9cf2746f: posts big blind $0.05
*** HOLE CARDS ***
Dealt to 8a875ab 
Dealt to fe6062e 
Dealt to Hero [Qs 9s]
Dealt to 9cf2746f 
Dealt to 2bd73027 
Dealt to ac08f7b1 
2bd73027: folds
ac08f7b1: folds
8a875ab: folds
fe6062e: calls $0.05
Hero: raises $0.19 to $0.24
9cf2746f: calls $0.19
fe6062e: calls $0.19
*** FLOP *** [2h Jh Ts]
Hero: checks
9cf2746f: checks
fe6062e: checks
*** TURN *** [2h Jh Ts] [Jd]
Hero: bets $0.36
9cf2746f: folds
fe6062e: calls $0.36
*** RIVER *** [2h Jh Ts Jd] [8s]
Hero: bets $1.44
fe6062e: folds
Uncalled bet ($1.44) returned to Hero
*** SHOWDOWN ***
Hero collected $1.37 from pot
*** SUMMARY ***
Total pot $1.44 | Rake $0.07 | Jackpot $0 | Bingo $0 | Fortune $0
Board [2h Jh Ts Jd 8s]
Seat 1: 8a875ab folded before Flop (didn't bet)
Seat 2: fe6062e (button) folded on the River
Seat 3: Hero (small blind) won ($1.37)
Seat 4: 9cf2746f (big blind) folded on the Turn
Seat 5: 2bd73027 folded before Flop (didn't bet)
Seat 6: ac08f7b1 folded before Flop (didn't bet)


Poker Hand #HD1146164717: Hold'em No Limit  ($0.02/$0.05) - 2023/03/04 22:42:24
Table 'NLHBlue89' 6-max Seat #1 is the button
Seat 1: 8a875ab ($4.76 in chips)
Seat 2: fe6062e ($3.13 in chips)
Seat 3: Hero ($6.08 in chips)
Seat 4: 9cf2746f ($5.39 in chips)
Seat 5: 2bd73027 ($6.14 in chips)
Seat 6: ac08f7b1 ($7.92 in chips)
fe6062e: posts small blind $0.02
Hero: posts big blind $0.05
*** HOLE CARDS ***
Dealt to 8a875ab 
Dealt to fe6062e 
Dealt to Hero [9s Qc]
Dealt to 9cf2746f 
Dealt to 2bd73027 
Dealt to ac08f7b1 
9cf2746f: folds
2bd73027: raises $0.1 to $0.15
ac08f7b1: calls $0.15
8a875ab: folds
fe6062e: folds
Hero: folds
*** FLOP *** [7d As 2s]
2bd73027: bets $0.13
ac08f7b1: calls $0.13
*** TURN *** [7d As 2s] [5h]
2bd73027: bets $0.48
ac08f7b1: folds
Uncalled bet ($0.48) returned to 2bd73027
*** SHOWDOWN ***
2bd73027 collected $0.6 from pot
*** SUMMARY ***
Total pot $0.63 | Rake $0.03 | Jackpot $0 | Bingo $0 | Fortune $0
Board [7d As 2s 5h]
Seat 1: 8a875ab (button) folded before Flop (didn't bet)
Seat 2: fe6062e (small blind) folded before Flop
Seat 3: Hero (big blind) folded before Flop
Seat 4: 9cf2746f folded before Flop (didn't bet)
Seat 5: 2bd73027 won ($0.6)
Seat 6: ac08f7b1 folded on the Turn


Poker Hand #HD1146164659: Hold'em No Limit  ($0.02/$0.05) - 2023/03/04 22:41:53
Table 'NLHBlue89' 6-max Seat #6 is the button
Seat 1: 8a875ab ($4.78 in chips)
Seat 2: fe6062e ($3.18 in chips)
Seat 3: Hero ($6.22 in chips)
Seat 4: 9cf2746f ($5.19 in chips)
Seat 5: 2bd73027 ($6.14 in chips)
Seat 6: ac08f7b1 ($7.92 in chips)
8a875ab: posts small blind $0.02
fe6062e: posts big blind $0.05
*** HOLE CARDS ***
Dealt to 8a875ab 
Dealt to fe6062e 
Dealt to Hero [2c 2s]
Dealt to 9cf2746f 
Dealt to 2bd73027 
Dealt to ac08f7b1 
Hero: raises $0.09 to $0.14
9cf2746f: calls $0.14
2bd73027: folds
ac08f7b1: folds
8a875ab: folds
fe6062e: folds
*** FLOP *** [8h As 9h]
Hero: checks
9cf2746f: bets $0.24
Hero: folds
Uncalled bet ($0.24) returned to 9cf2746f
*** SHOWDOWN ***
9cf2746f collected $0.34 from pot
*** SUMMARY ***
Total pot $0.35 | Rake $0.01 | Jackpot $0 | Bingo $0 | Fortune $0
Board [8h As 9h]
Seat 1: 8a875ab (small blind) folded before Flop
Seat 2: fe6062e (big blind) folded before Flop
Seat 3: Hero folded on the Flop
Seat 4: 9cf2746f won ($0.34)
Seat 5: 2bd73027 folded before Flop (didn't bet)
Seat 6: ac08f7b1 (button) folded before Flop (didn't bet)


Poker Hand #HD1146164542: Hold'em No Limit  ($0.02/$0.05) - 2023/03/04 22:40:47
Table 'NLHBlue89' 6-max Seat #5 is the button
Seat 1: 8a875ab ($4.83 in chips)
Seat 2: fe6062e ($3.18 in chips)
Seat 3: Hero ($6.22 in chips)
Seat 4: 9cf2746f ($5.51 in chips)
Seat 5: 2bd73027 ($6.14 in chips)
Seat 6: ac08f7b1 ($7.58 in chips)
ac08f7b1: posts small blind $0.02
8a875ab: posts big blind $0.05
*** HOLE CARDS ***
Dealt to 8a875ab 
Dealt to fe6062e 
Dealt to Hero [2d Kc]
Dealt to 9cf2746f 
Dealt to 2bd73027 
Dealt to ac08f7b1 
fe6062e: folds
Hero: folds
9cf2746f: raises $0.07 to $0.12
2bd73027: folds
ac08f7b1: calls $0.1
8a875ab: folds
*** FLOP *** [Qd 9h 6d]
ac08f7b1: checks
9cf2746f: bets $0.2
ac08f7b1: calls $0.2
*** TURN *** [Qd 9h 6d] [9c]
ac08f7b1: checks
9cf2746f: checks
*** RIVER *** [Qd 9h 6d 9c] [Jc]
ac08f7b1: bets $0.69
9cf2746f: folds
Uncalled bet ($0.69) returned to ac08f7b1
*** SHOWDOWN ***
ac08f7b1 collected $0.66 from pot
*** SUMMARY ***
Total pot $0.69 | Rake $0.03 | Jackpot $0 | Bingo $0 | Fortune $0
Board [Qd 9h 6d 9c Jc]
Seat 1: 8a875ab (big blind) folded before Flop
Seat 2: fe6062e folded before Flop (didn't bet)
Seat 3: Hero folded before Flop (didn't bet)
Seat 4: 9cf2746f folded on the River
Seat 5: 2bd73027 (button) folded before Flop (didn't bet)
Seat 6: ac08f7b1 (small blind) won ($0.66)


Poker Hand #HD1146164438: Hold'em No Limit  ($0.02/$0.05) - 2023/03/04 22:39:52
Table 'NLHBlue89' 6-max Seat #4 is the button
Seat 1: 8a875ab ($4.83 in chips)
Seat 2: fe6062e ($3.38 in chips)
Seat 3: Hero ($6.22 in chips)
Seat 4: 9cf2746f ($5.51 in chips)
Seat 5: 2bd73027 ($6.16 in chips)
Seat 6: ac08f7b1 ($7.38 in chips)
2bd73027: posts small blind $0.02
ac08f7b1: posts big blind $0.05
*** HOLE CARDS ***
Dealt to 8a875ab 
Dealt to fe6062e 
Dealt to Hero [5d 4h]
Dealt to 9cf2746f 
Dealt to 2bd73027 
Dealt to ac08f7b1 
8a875ab: folds
fe6062e: calls $0.05
Hero: folds
9cf2746f: folds
2bd73027: folds
ac08f7b1: raises $0.15 to $0.2
fe6062e: calls $0.15
*** FLOP *** [2c 5s 8c]
ac08f7b1: checks
fe6062e: checks
*** TURN *** [2c 5s 8c] [4s]
ac08f7b1: bets $0.32
fe6062e: folds
Uncalled bet ($0.32) returned to ac08f7b1
*** SHOWDOWN ***
ac08f7b1 collected $0.4 from pot
*** SUMMARY ***
Total pot $0.42 | Rake $0.02 | Jackpot $0 | Bingo $0 | Fortune $0
Board [2c 5s 8c 4s]
Seat 1: 8a875ab folded before Flop (didn't bet)
Seat 2: fe6062e folded on the Turn
Seat 3: Hero folded before Flop (didn't bet)
Seat 4: 9cf2746f (button) folded before Flop (didn't bet)
Seat 5: 2bd73027 (small blind) folded before Flop
Seat 6: ac08f7b1 (big blind) won ($0.4)


Poker Hand #HD1146164303: Hold'em No Limit  ($0.02/$0.05) - 2023/03/04 22:38:38
Table 'NLHBlue89' 6-max Seat #3 is the button
Seat 1: 8a875ab ($4.83 in chips)
Seat 2: fe6062e ($3.58 in chips)
Seat 3: Hero ($6.22 in chips)
Seat 4: 9cf2746f ($5.53 in chips)
Seat 5: 2bd73027 ($5.96 in chips)
Seat 6: ac08f7b1 ($7.38 in chips)
9cf2746f: posts small blind $0.02
2bd73027: posts big blind $0.05
*** HOLE CARDS ***
Dealt to 8a875ab 
Dealt to fe6062e 
Dealt to Hero [5s 6h]
Dealt to 9cf2746f 
Dealt to 2bd73027 
Dealt to ac08f7b1 
ac08f7b1: folds
8a875ab: folds
fe6062e: calls $0.05
Hero: folds
9cf2746f: folds
2bd73027: raises $0.15 to $0.2
fe6062e: calls $0.15
*** FLOP *** [Ts 3d 8s]
2bd73027: checks
fe6062e: checks
*** TURN *** [Ts 3d 8s] [4s]
2bd73027: checks
fe6062e: checks
*** RIVER *** [Ts 3d 8s 4s] [3s]
2bd73027: checks
fe6062e: checks
2bd73027: shows [Jh Ad] (Pair of Treys)
fe6062e: shows [Kc Jc] (Pair of Treys)
*** SHOWDOWN ***
2bd73027 collected $0.4 from pot
*** SUMMARY ***
Total pot $0.42 | Rake $0.02 | Jackpot $0 | Bingo $0 | Fortune $0
Board [Ts 3d 8s 4s 3s]
Seat 1: 8a875ab folded before Flop (didn't bet)
Seat 2: fe6062e showed [Kc Jc] and lost with Pair of Treys
Seat 3: Hero (button) folded before Flop (didn't bet)
Seat 4: 9cf2746f (small blind) folded before Flop
Seat 5: 2bd73027 (big blind) showed [Jh Ad] and won ($0.4) with Pair of Treys
Seat 6: ac08f7b1 folded before Flop (didn't bet)


Poker Hand #HD1146164243: Hold'em No Limit  ($0.02/$0.05) - 2023/03/04 22:38:01
Table 'NLHBlue89' 6-max Seat #2 is the button
Seat 1: 8a875ab ($4.83 in chips)
Seat 2: fe6062e ($4.06 in chips)
Seat 3: Hero ($6.24 in chips)
Seat 4: 9cf2746f ($5.07 in chips)
Seat 5: 2bd73027 ($5.96 in chips)
Seat 6: ac08f7b1 ($7.38 in chips)
Hero: posts small blind $0.02
9cf2746f: posts big blind $0.05
*** HOLE CARDS ***
Dealt to 8a875ab 
Dealt to fe6062e 
Dealt to Hero [Qc 5c]
Dealt to 9cf2746f 
Dealt to 2bd73027 
Dealt to ac08f7b1 
2bd73027: folds
ac08f7b1: folds
8a875ab: folds
fe6062e: calls $0.05
Hero: folds
9cf2746f: raises $0.15 to $0.2
fe6062e: calls $0.15
*** FLOP *** [Qd 6h 7h]
9cf2746f: bets $0.28
fe6062e: calls $0.28
*** TURN *** [Qd 6h 7h] [6c]
9cf2746f: bets $0.74
fe6062e: folds
Uncalled bet ($0.74) returned to 9cf2746f
*** SHOWDOWN ***
9cf2746f collected $0.94 from pot
*** SUMMARY ***
Total pot $0.98 | Rake $0.04 | Jackpot $0 | Bingo $0 | Fortune $0
Board [Qd 6h 7h 6c]
Seat 1: 8a875ab folded before Flop (didn't bet)
Seat 2: fe6062e (button) folded on the Turn
Seat 3: Hero (small blind) folded before Flop
Seat 4: 9cf2746f (big blind) won ($0.94)
Seat 5: 2bd73027 folded before Flop (didn't bet)
Seat 6: ac08f7b1 folded before Flop (didn't bet)


Poker Hand #HD1146164175: Hold'em No Limit  ($0.02/$0.05) - 2023/03/04 22:37:19
Table 'NLHBlue89' 6-max Seat #1 is the button
Seat 1: 8a875ab ($4.83 in chips)
Seat 2: fe6062e ($3.88 in chips)
Seat 3: Hero ($6.44 in chips)
Seat 4: 9cf2746f ($5.07 in chips)
Seat 5: 2bd73027 ($5.96 in chips)
Seat 6: ac08f7b1 ($7.38 in chips)
fe6062e: posts small blind $0.02
Hero: posts big blind $0.05
*** HOLE CARDS ***
Dealt to 8a875ab 
Dealt to fe6062e 
Dealt to Hero [9s Kh]
Dealt to 9cf2746f 
Dealt to 2bd73027 
Dealt to ac08f7b1 
9cf2746f: folds
2bd73027: folds
ac08f7b1: folds
8a875ab: folds
fe6062e: calls $0.03
Hero: checks
*** FLOP *** [8h 7s 5h]
fe6062e: checks
Hero: bets $0.05
fe6062e: calls $0.05
*** TURN *** [8h 7s 5h] [Qc]
fe6062e: checks
Hero: bets $0.1
fe6062e: calls $0.1
*** RIVER *** [8h 7s 5h Qc] [9h]
fe6062e: checks
Hero: checks
fe6062e: shows [Ad 9c] (Pair of Nines)
Hero: shows [9s Kh] (Pair of Nines)
*** SHOWDOWN ***
fe6062e collected $0.38 from pot
*** SUMMARY ***
Total pot $0.4 | Rake $0.02 | Jackpot $0 | Bingo $0 | Fortune $0
Board [8h 7s 5h Qc 9h]
Seat 1: 8a875ab (button) folded before Flop (didn't bet)
Seat 2: fe6062e (small blind) showed [Ad 9c] and won ($0.38) with Pair of Nines
Seat 3: Hero (big blind) showed [9s Kh] and lost with Pair of Nines
Seat 4: 9cf2746f folded before Flop (didn't bet)
Seat 5: 2bd73027 folded before Flop (didn't bet)
Seat 6: ac08f7b1 folded before Flop (didn't bet)


Poker Hand #HD1146164137: Hold'em No Limit  ($0.02/$0.05) - 2023/03/04 22:37:00
Table 'NLHBlue89' 6-max Seat #6 is the button
Seat 1: 8a875ab ($4.85 in chips)
Seat 2: fe6062e ($3.93 in chips)
Seat 3: Hero ($6.44 in chips)
Seat 4: 9cf2746f ($5 in chips)
Seat 5: 2bd73027 ($5.96 in chips)
Seat 6: ac08f7b1 ($7.38 in chips)
8a875ab: posts small blind $0.02
fe6062e: posts big blind $0.05
*** HOLE CARDS ***
Dealt to 8a875ab 
Dealt to fe6062e 
Dealt to Hero [7s 9s]
Dealt to 9cf2746f 
Dealt to 2bd73027 
Dealt to ac08f7b1 
Hero: folds
9cf2746f: raises $0.1 to $0.15
2bd73027: folds
ac08f7b1: folds
8a875ab: folds
fe6062e: folds
Uncalled bet ($0.1) returned to 9cf2746f
*** SHOWDOWN ***
9cf2746f collected $0.12 from pot
*** SUMMARY ***
Total pot $0.12 | Rake $0 | Jackpot $0 | Bingo $0 | Fortune $0
Seat 1: 8a875ab (small blind) folded before Flop
Seat 2: fe6062e (big blind) folded before Flop
Seat 3: Hero folded before Flop (didn't bet)
Seat 4: 9cf2746f collected ($0.12)
Seat 5: 2bd73027 folded before Flop (didn't bet)
Seat 6: ac08f7b1 (button) folded before Flop (didn't bet)


Poker Hand #HD1146164109: Hold'em No Limit  ($0.02/$0.05) - 2023/03/04 22:36:39
Table 'NLHBlue89' 6-max Seat #5 is the button
Seat 1: 8a875ab ($4.9 in chips)
Seat 2: fe6062e ($3.93 in chips)
Seat 3: Hero ($6.44 in chips)
Seat 4: 9cf2746f ($5 in chips)
Seat 5: 2bd73027 ($5.89 in chips)
Seat 6: ac08f7b1 ($7.4 in chips)
ac08f7b1: posts small blind $0.02
8a875ab: posts big blind $0.05
*** HOLE CARDS ***
Dealt to 8a875ab 
Dealt to fe6062e 
Dealt to Hero [Kh 4s]
Dealt to 9cf2746f 
Dealt to 2bd73027 
Dealt to ac08f7b1 
fe6062e: folds
Hero: folds
9cf2746f: folds
2bd73027: raises $0.1 to $0.15
ac08f7b1: folds
8a875ab: folds
Uncalled bet ($0.1) returned to 2bd73027
*** SHOWDOWN ***
2bd73027 collected $0.12 from pot
*** SUMMARY ***
Total pot $0.12 | Rake $0 | Jackpot $0 | Bingo $0 | Fortune $0
Seat 1: 8a875ab (big blind) folded before Flop
Seat 2: fe6062e folded before Flop (didn't bet)
Seat 3: Hero folded before Flop (didn't bet)
Seat 4: 9cf2746f folded before Flop (didn't bet)
Seat 5: 2bd73027 (button) collected ($0.12)
Seat 6: ac08f7b1 (small blind) folded before Flop


Poker Hand #HD1146163976: Hold'em No Limit  ($0.02/$0.05) - 2023/03/04 22:35:32
Table 'NLHBlue89' 6-max Seat #4 is the button
Seat 1: 8a875ab ($5 in chips)
Seat 2: fe6062e ($3.58 in chips)
Seat 3: Hero ($6.44 in chips)
Seat 4: 9cf2746f ($5 in chips)
Seat 5: 2bd73027 ($5.91 in chips)
Seat 6: ac08f7b1 ($7.66 in chips)
2bd73027: posts small blind $0.02
ac08f7b1: posts big blind $0.05
*** HOLE CARDS ***
Dealt to 8a875ab 
Dealt to fe6062e 
Dealt to Hero [9c 7c]
Dealt to 9cf2746f 
Dealt to 2bd73027 
Dealt to ac08f7b1 
8a875ab: raises $0.05 to $0.1
fe6062e: calls $0.1
Hero: folds
9cf2746f: folds
2bd73027: folds
ac08f7b1: calls $0.05
*** FLOP *** [Kh Qc Jh]
ac08f7b1: checks
8a875ab: checks
fe6062e: checks
*** TURN *** [Kh Qc Jh] [Tc]
ac08f7b1: checks
8a875ab: checks
fe6062e: bets $0.16
ac08f7b1: calls $0.16
8a875ab: folds
*** RIVER *** [Kh Qc Jh Tc] [7s]
ac08f7b1: checks
fe6062e: bets $3.32 and is all-in
ac08f7b1: folds
Uncalled bet ($3.32) returned to fe6062e
*** SHOWDOWN ***
fe6062e collected $0.61 from pot
*** SUMMARY ***
Total pot $0.64 | Rake $0.03 | Jackpot $0 | Bingo $0 | Fortune $0
Board [Kh Qc Jh Tc 7s]
Seat 1: 8a875ab folded on the Turn
Seat 2: fe6062e won ($0.61)
Seat 3: Hero folded before Flop (didn't bet)
Seat 4: 9cf2746f (button) folded before Flop (didn't bet)
Seat 5: 2bd73027 (small blind) folded before Flop
Seat 6: ac08f7b1 (big blind) folded on the River


Poker Hand #HD1146163861: Hold'em No Limit  ($0.02/$0.05) - 2023/03/04 22:34:24
Table 'NLHBlue89' 6-max Seat #3 is the button
Seat 1: 8a875ab ($5 in chips)
Seat 2: fe6062e ($3.58 in chips)
Seat 3: Hero ($6.44 in chips)
Seat 4: 9cf2746f ($5 in chips)
Seat 5: 2bd73027 ($5.96 in chips)
Seat 6: ac08f7b1 ($7.16 in chips)
9cf2746f: posts small blind $0.02
2bd73027: posts big blind $0.05
*** HOLE CARDS ***
Dealt to 8a875ab 
Dealt to fe6062e 
Dealt to Hero [9s Kd]
Dealt to 9cf2746f 
Dealt to 2bd73027 
Dealt to ac08f7b1 
ac08f7b1: calls $0.05
8a875ab: folds
fe6062e: folds
Hero: folds
9cf2746f: raises $0.15 to $0.2
2bd73027: folds
ac08f7b1: calls $0.15
*** FLOP *** [Ac 6h 8s]
9cf2746f: checks
ac08f7b1: checks
*** TURN *** [Ac 6h 8s] [4h]
9cf2746f: bets $0.3
ac08f7b1: calls $0.3
*** RIVER *** [Ac 6h 8s 4h] [Js]
9cf2746f: checks
ac08f7b1: bets $0.53
9cf2746f: folds
Uncalled bet ($0.53) returned to ac08f7b1
*** SHOWDOWN ***
ac08f7b1 collected $1 from pot
*** SUMMARY ***
Total pot $1.05 | Rake $0.05 | Jackpot $0 | Bingo $0 | Fortune $0
Board [Ac 6h 8s 4h Js]
Seat 1: 8a875ab folded before Flop (didn't bet)
Seat 2: fe6062e folded before Flop (didn't bet)
Seat 3: Hero (button) folded before Flop (didn't bet)
Seat 4: 9cf2746f (small blind) folded on the River
Seat 5: 2bd73027 (big blind) folded before Flop
Seat 6: ac08f7b1 won ($1)


Poker Hand #HD1146163734: Hold'em No Limit  ($0.02/$0.05) - 2023/03/04 22:33:14
Table 'NLHBlue89' 6-max Seat #2 is the button
Seat 1: 8a875ab ($5 in chips)
Seat 2: fe6062e ($3.58 in chips)
Seat 3: Hero ($5.97 in chips)
Seat 4: 9cf2746f ($5 in chips)
Seat 5: 2bd73027 ($5.96 in chips)
Seat 6: ac08f7b1 ($7.63 in chips)
Hero: posts small blind $0.02
9cf2746f: posts big blind $0.05
*** HOLE CARDS ***
Dealt to 8a875ab 
Dealt to fe6062e 
Dealt to Hero [Ad 9d]
Dealt to 9cf2746f 
Dealt to 2bd73027 
Dealt to ac08f7b1 
2bd73027: folds
ac08f7b1: raises $0.12 to $0.17
8a875ab: folds
fe6062e: folds
Hero: calls $0.15
9cf2746f: folds
*** FLOP *** [Ks 9s 4d]
Hero: checks
ac08f7b1: bets $0.3
Hero: calls $0.3
*** TURN *** [Ks 9s 4d] [2h]
Hero: checks
ac08f7b1: checks
*** RIVER *** [Ks 9s 4d 2h] [7c]
Hero: checks
ac08f7b1: checks
Hero: shows [Ad 9d] (Pair of Nines)
ac08f7b1: shows [Ac 2c] (Pair of Twos)
*** SHOWDOWN ***
Hero collected $0.94 from pot
*** SUMMARY ***
Total pot $0.99 | Rake $0.05 | Jackpot $0 | Bingo $0 | Fortune $0
Board [Ks 9s 4d 2h 7c]
Seat 1: 8a875ab folded before Flop (didn't bet)
Seat 2: fe6062e (button) folded before Flop (didn't bet)
Seat 3: Hero (small blind) showed [Ad 9d] and won ($0.94) with Pair of Nines
Seat 4: 9cf2746f (big blind) folded before Flop
Seat 5: 2bd73027 folded before Flop (didn't bet)
Seat 6: ac08f7b1 showed [Ac 2c] and lost with Pair of Twos


Poker Hand #HD1146163670: Hold'em No Limit  ($0.02/$0.05) - 2023/03/04 22:32:40
Table 'NLHBlue89' 6-max Seat #1 is the button
Seat 1: 8a875ab ($3.17 in chips)
Seat 2: fe6062e ($3.6 in chips)
Seat 3: Hero ($6.02 in chips)
Seat 4: 9cf2746f ($5 in chips)
Seat 5: 2bd73027 ($5.96 in chips)
Seat 6: ac08f7b1 ($7.63 in chips)
fe6062e: posts small blind $0.02
Hero: posts big blind $0.05
*** HOLE CARDS ***
Dealt to 8a875ab 
Dealt to fe6062e 
Dealt to Hero [5h 6s]
Dealt to 9cf2746f 
Dealt to 2bd73027 
Dealt to ac08f7b1 
9cf2746f: raises $0.1 to $0.15
2bd73027: folds
ac08f7b1: folds
8a875ab: raises $0.1 to $0.25
fe6062e: folds
Hero: folds
9cf2746f: calls $0.1
*** FLOP *** [Qd 7c 3d]
9cf2746f: checks
8a875ab: checks
*** TURN *** [Qd 7c 3d] [4s]
9cf2746f: checks
8a875ab: bets $0.57
9cf2746f: folds
Uncalled bet ($0.57) returned to 8a875ab
*** SHOWDOWN ***
8a875ab collected $0.55 from pot
*** SUMMARY ***
Total pot $0.57 | Rake $0.02 | Jackpot $0 | Bingo $0 | Fortune $0
Board [Qd 7c 3d 4s]
Seat 1: 8a875ab (button) won ($0.55)
Seat 2: fe6062e (small blind) folded before Flop
Seat 3: Hero (big blind) folded before Flop
Seat 4: 9cf2746f folded on the Turn
Seat 5: 2bd73027 folded before Flop (didn't bet)
Seat 6: ac08f7b1 folded before Flop (didn't bet)


Poker Hand #HD1146163538: Hold'em No Limit  ($0.02/$0.05) - 2023/03/04 22:31:26
Table 'NLHBlue89' 6-max Seat #6 is the button
Seat 1: 8a875ab ($5.09 in chips)
Seat 2: fe6062e ($1.92 in chips)
Seat 3: Hero ($6.02 in chips)
Seat 4: 9cf2746f ($5 in chips)
Seat 5: 2bd73027 ($5.96 in chips)
Seat 6: ac08f7b1 ($7.63 in chips)
8a875ab: posts small blind $0.02
fe6062e: posts big blind $0.05
*** HOLE CARDS ***
Dealt to 8a875ab 
Dealt to fe6062e 
Dealt to Hero [5d 9s]
Dealt to 9cf2746f 
Dealt to 2bd73027 
Dealt to ac08f7b1 
Hero: folds
9cf2746f: folds
2bd73027: folds
ac08f7b1: folds
8a875ab: raises $0.15 to $0.2
fe6062e: calls $0.15
*** FLOP *** [3c Td 8s]
8a875ab: bets $0.4
fe6062e: raises $1.32 to $1.72 and is all-in
8a875ab: calls $1.32
fe6062e: shows [8c Tc] (Pair of Tens and Pair of Eights)
8a875ab: shows [Jc Js] (Pair of Jacks)
*** TURN *** [3c Td 8s] [Ac]
*** RIVER *** [3c Td 8s Ac] [5h]
*** SHOWDOWN ***
fe6062e collected $3.6 from pot
*** SUMMARY ***
Total pot $3.84 | Rake $0.19 | Jackpot $0.05 | Bingo $0 | Fortune $0
Board [3c Td 8s Ac 5h]
Seat 1: 8a875ab (small blind) showed [Jc Js] and lost with Pair of Jacks
Seat 2: fe6062e (big blind) showed [8c Tc] and won ($3.6) with Pair of Tens and Pair of Eights
Seat 3: Hero folded before Flop (didn't bet)
Seat 4: 9cf2746f folded before Flop (didn't bet)
Seat 5: 2bd73027 folded before Flop (didn't bet)
Seat 6: ac08f7b1 (button) folded before Flop (didn't bet)


Poker Hand #HD1146163494: Hold'em No Limit  ($0.02/$0.05) - 2023/03/04 22:31:00
Table 'NLHBlue89' 6-max Seat #5 is the button
Seat 1: 8a875ab ($5.14 in chips)
Seat 2: fe6062e ($1.92 in chips)
Seat 3: Hero ($6.02 in chips)
Seat 4: 9cf2746f ($5 in chips)
Seat 5: 2bd73027 ($5.78 in chips)
Seat 6: ac08f7b1 ($7.65 in chips)
ac08f7b1: posts small blind $0.02
8a875ab: posts big blind $0.05
*** HOLE CARDS ***
Dealt to 8a875ab 
Dealt to fe6062e 
Dealt to Hero [Qs 9c]
Dealt to 9cf2746f 
Dealt to 2bd73027 
Dealt to ac08f7b1 
fe6062e: folds
Hero: folds
9cf2746f: raises $0.07 to $0.12
2bd73027: raises $0.32 to $0.44
ac08f7b1: folds
8a875ab: folds
9cf2746f: folds
Uncalled bet ($0.32) returned to 2bd73027
*** SHOWDOWN ***
2bd73027 collected $0.3 from pot
*** SUMMARY ***
Total pot $0.31 | Rake $0.01 | Jackpot $0 | Bingo $0 | Fortune $0
Seat 1: 8a875ab (big blind) folded before Flop
Seat 2: fe6062e folded before Flop (didn't bet)
Seat 3: Hero folded before Flop (didn't bet)
Seat 4: 9cf2746f folded before Flop
Seat 5: 2bd73027 (button) collected ($0.3)
Seat 6: ac08f7b1 (small blind) folded before Flop


Poker Hand #HD1146163443: Hold'em No Limit  ($0.02/$0.05) - 2023/03/04 22:30:34
Table 'NLHBlue89' 6-max Seat #4 is the button
Seat 1: 8a875ab ($5.14 in chips)
Seat 2: fe6062e ($1.85 in chips)
Seat 3: Hero ($6.02 in chips)
Seat 4: 9cf2746f ($5 in chips)
Seat 5: 2bd73027 ($5.8 in chips)
Seat 6: ac08f7b1 ($7.7 in chips)
2bd73027: posts small blind $0.02
ac08f7b1: posts big blind $0.05
*** HOLE CARDS ***
Dealt to 8a875ab 
Dealt to fe6062e 
Dealt to Hero [2h Qd]
Dealt to 9cf2746f 
Dealt to 2bd73027 
Dealt to ac08f7b1 
8a875ab: folds
fe6062e: raises $0.05 to $0.1
Hero: folds
9cf2746f: folds
2bd73027: folds
ac08f7b1: folds
Uncalled bet ($0.05) returned to fe6062e
*** SHOWDOWN ***
fe6062e collected $0.12 from pot
*** SUMMARY ***
Total pot $0.12 | Rake $0 | Jackpot $0 | Bingo $0 | Fortune $0
Seat 1: 8a875ab folded before Flop (didn't bet)
Seat 2: fe6062e collected ($0.12)
Seat 3: Hero folded before Flop (didn't bet)
Seat 4: 9cf2746f (button) folded before Flop (didn't bet)
Seat 5: 2bd73027 (small blind) folded before Flop
Seat 6: ac08f7b1 (big blind) folded before Flop


Poker Hand #HD1146163346: Hold'em No Limit  ($0.02/$0.05) - 2023/03/04 22:29:39
Table 'NLHBlue89' 6-max Seat #3 is the button
Seat 1: 8a875ab ($5.14 in chips)
Seat 2: fe6062e ($1.85 in chips)
Seat 3: Hero ($6.02 in chips)
Seat 4: 9cf2746f ($5.02 in chips)
Seat 5: 2bd73027 ($5.85 in chips)
Seat 6: ac08f7b1 ($7.26 in chips)
9cf2746f: posts small blind $0.02
2bd73027: posts big blind $0.05
*** HOLE CARDS ***
Dealt to 8a875ab 
Dealt to fe6062e 
Dealt to Hero [6c Js]
Dealt to 9cf2746f 
Dealt to 2bd73027 
Dealt to ac08f7b1 
ac08f7b1: raises $0.12 to $0.17
8a875ab: folds
fe6062e: folds
Hero: folds
9cf2746f: calls $0.15
2bd73027: folds
*** FLOP *** [As 9h 3s]
9cf2746f: bets $0.26
ac08f7b1: calls $0.26
*** TURN *** [As 9h 3s] [Kd]
9cf2746f: checks
ac08f7b1: bets $0.91
9cf2746f: folds
Uncalled bet ($0.91) returned to ac08f7b1
*** SHOWDOWN ***
ac08f7b1 collected $0.87 from pot
*** SUMMARY ***
Total pot $0.91 | Rake $0.04 | Jackpot $0 | Bingo $0 | Fortune $0
Board [As 9h 3s Kd]
Seat 1: 8a875ab folded before Flop (didn't bet)
Seat 2: fe6062e folded before Flop (didn't bet)
Seat 3: Hero (button) folded before Flop (didn't bet)
Seat 4: 9cf2746f (small blind) folded on the Turn
Seat 5: 2bd73027 (big blind) folded before Flop
Seat 6: ac08f7b1 won ($0.87)


Poker Hand #HD1146163309: Hold'em No Limit  ($0.02/$0.05) - 2023/03/04 22:29:19
Table 'NLHBlue89' 6-max Seat #2 is the button
Seat 1: 8a875ab ($5.14 in chips)
Seat 2: fe6062e ($1.85 in chips)
Seat 3: Hero ($6.04 in chips)
Seat 4: 9cf2746f ($5 in chips)
Seat 5: 2bd73027 ($5.85 in chips)
Seat 6: ac08f7b1 ($7.26 in chips)
Hero: posts small blind $0.02
9cf2746f: posts big blind $0.05
*** HOLE CARDS ***
Dealt to 8a875ab 
Dealt to fe6062e 
Dealt to Hero [6s Ac]
Dealt to 9cf2746f 
Dealt to 2bd73027 
Dealt to ac08f7b1 
2bd73027: folds
ac08f7b1: folds
8a875ab: folds
fe6062e: folds
Hero: folds
Uncalled bet ($0.03) returned to 9cf2746f
*** SHOWDOWN ***
9cf2746f collected $0.04 from pot
*** SUMMARY ***
Total pot $0.04 | Rake $0 | Jackpot $0 | Bingo $0 | Fortune $0
Seat 1: 8a875ab folded before Flop (didn't bet)
Seat 2: fe6062e (button) folded before Flop (didn't bet)
Seat 3: Hero (small blind) folded before Flop
Seat 4: 9cf2746f (big blind) collected ($0.04)
Seat 5: 2bd73027 folded before Flop (didn't bet)
Seat 6: ac08f7b1 folded before Flop (didn't bet)


Poker Hand #HD1146163258: Hold'em No Limit  ($0.02/$0.05) - 2023/03/04 22:28:47
Table 'NLHBlue89' 6-max Seat #1 is the button
Seat 1: 8a875ab ($5.14 in chips)
Seat 2: fe6062e ($1.87 in chips)
Seat 3: Hero ($6.09 in chips)
Seat 4: 9cf2746f ($5 in chips)
Seat 5: 2bd73027 ($5.85 in chips)
Seat 6: ac08f7b1 ($7.19 in chips)
fe6062e: posts small blind $0.02
Hero: posts big blind $0.05
*** HOLE CARDS ***
Dealt to 8a875ab 
Dealt to fe6062e 
Dealt to Hero [Qh 7s]
Dealt to 9cf2746f 
Dealt to 2bd73027 
Dealt to ac08f7b1 
9cf2746f: folds
2bd73027: folds
ac08f7b1: raises $0.12 to $0.17
8a875ab: folds
fe6062e: folds
Hero: folds
Uncalled bet ($0.12) returned to ac08f7b1
*** SHOWDOWN ***
ac08f7b1 collected $0.12 from pot
*** SUMMARY ***
Total pot $0.12 | Rake $0 | Jackpot $0 | Bingo $0 | Fortune $0
Seat 1: 8a875ab (button) folded before Flop (didn't bet)
Seat 2: fe6062e (small blind) folded before Flop
Seat 3: Hero (big blind) folded before Flop
Seat 4: 9cf2746f folded before Flop (didn't bet)
Seat 5: 2bd73027 folded before Flop (didn't bet)
Seat 6: ac08f7b1 collected ($0.12)


Poker Hand #HD1146163174: Hold'em No Limit  ($0.02/$0.05) - 2023/03/04 22:28:01
Table 'NLHBlue89' 6-max Seat #6 is the button
Seat 1: 8a875ab ($5.29 in chips)
Seat 2: fe6062e ($0.93 in chips)
Seat 3: Hero ($6.09 in chips)
Seat 4: 9cf2746f ($5.12 in chips)
Seat 5: 2bd73027 ($5.85 in chips)
Seat 6: ac08f7b1 ($7.19 in chips)
8a875ab: posts small blind $0.02
fe6062e: posts big blind $0.05
*** HOLE CARDS ***
Dealt to 8a875ab 
Dealt to fe6062e 
Dealt to Hero [As 2c]
Dealt to 9cf2746f 
Dealt to 2bd73027 
Dealt to ac08f7b1 
Hero: folds
9cf2746f: raises $0.1 to $0.15
2bd73027: folds
ac08f7b1: folds
8a875ab: calls $0.13
fe6062e: calls $0.1
*** FLOP *** [Td 8c Ts]
8a875ab: checks
fe6062e: checks
9cf2746f: bets $0.24
8a875ab: folds
fe6062e: calls $0.24
*** TURN *** [Td 8c Ts] [6d]
fe6062e: checks
9cf2746f: bets $0.52
fe6062e: calls $0.52
*** RIVER *** [Td 8c Ts 6d] [2s]
fe6062e: bets $0.02 and is all-in
9cf2746f: calls $0.02
fe6062e: shows [Ah Js] (Pair of Tens)
9cf2746f: shows [Ad 9d] (Pair of Tens)
*** SHOWDOWN ***
fe6062e collected $1.87 from pot
*** SUMMARY ***
Total pot $2.01 | Rake $0.09 | Jackpot $0.05 | Bingo $0 | Fortune $0
Board [Td 8c Ts 6d 2s]
Seat 1: 8a875ab (small blind) folded on the Flop
Seat 2: fe6062e (big blind) showed [Ah Js] and won ($1.87) with Pair of Tens
Seat 3: Hero folded before Flop (didn't bet)
Seat 4: 9cf2746f showed [Ad 9d] and lost with Pair of Tens
Seat 5: 2bd73027 folded before Flop (didn't bet)
Seat 6: ac08f7b1 (button) folded before Flop (didn't bet)


Poker Hand #HD1146163022: Hold'em No Limit  ($0.02/$0.05) - 2023/03/04 22:26:28
Table 'NLHBlue89' 6-max Seat #5 is the button
Seat 1: 8a875ab ($5.44 in chips)
Seat 2: fe6062e ($0.93 in chips)
Seat 3: Hero ($6.09 in chips)
Seat 4: 9cf2746f ($5.12 in chips)
Seat 5: 2bd73027 ($6 in chips)
Seat 6: ac08f7b1 ($6.91 in chips)
ac08f7b1: posts small blind $0.02
8a875ab: posts big blind $0.05
*** HOLE CARDS ***
Dealt to 8a875ab 
Dealt to fe6062e 
Dealt to Hero [3s Ac]
Dealt to 9cf2746f 
Dealt to 2bd73027 
Dealt to ac08f7b1 
fe6062e: folds
Hero: folds
9cf2746f: folds
2bd73027: raises $0.1 to $0.15
ac08f7b1: calls $0.13
8a875ab: calls $0.1
*** FLOP *** [6s Kh Tc]
ac08f7b1: checks
8a875ab: checks
2bd73027: checks
*** TURN *** [6s Kh Tc] [5s]
ac08f7b1: bets $0.45
8a875ab: folds
2bd73027: folds
Uncalled bet ($0.45) returned to ac08f7b1
*** SHOWDOWN ***
ac08f7b1 collected $0.43 from pot
*** SUMMARY ***
Total pot $0.45 | Rake $0.02 | Jackpot $0 | Bingo $0 | Fortune $0
Board [6s Kh Tc 5s]
Seat 1: 8a875ab (big blind) folded on the Turn
Seat 2: fe6062e folded before Flop (didn't bet)
Seat 3: Hero folded before Flop (didn't bet)
Seat 4: 9cf2746f folded before Flop (didn't bet)
Seat 5: 2bd73027 (button) folded on the Turn
Seat 6: ac08f7b1 (small blind) won ($0.43)


Poker Hand #HD1146162990: Hold'em No Limit  ($0.02/$0.05) - 2023/03/04 22:26:11
Table 'NLHBlue89' 6-max Seat #4 is the button
Seat 1: 8a875ab ($5.44 in chips)
Seat 2: fe6062e ($0.93 in chips)
Seat 3: Hero ($6.09 in chips)
Seat 4: 9cf2746f ($5.05 in chips)
Seat 5: 2bd73027 ($6.02 in chips)
Seat 6: ac08f7b1 ($6.96 in chips)
2bd73027: posts small blind $0.02
ac08f7b1: posts big blind $0.05
*** HOLE CARDS ***
Dealt to 8a875ab 
Dealt to fe6062e 
Dealt to Hero [5s Qh]
Dealt to 9cf2746f 
Dealt to 2bd73027 
Dealt to ac08f7b1 
8a875ab: folds
fe6062e: folds
Hero: folds
9cf2746f: raises $0.07 to $0.12
2bd73027: folds
ac08f7b1: folds
Uncalled bet ($0.07) returned to 9cf2746f
*** SHOWDOWN ***
9cf2746f collected $0.12 from pot
*** SUMMARY ***
Total pot $0.12 | Rake $0 | Jackpot $0 | Bingo $0 | Fortune $0
Seat 1: 8a875ab folded before Flop (didn't bet)
Seat 2: fe6062e folded before Flop (didn't bet)
Seat 3: Hero folded before Flop (didn't bet)
Seat 4: 9cf2746f (button) collected ($0.12)
Seat 5: 2bd73027 (small blind) folded before Flop
Seat 6: ac08f7b1 (big blind) folded before Flop


Poker Hand #HD1146162873: Hold'em No Limit  ($0.02/$0.05) - 2023/03/04 22:25:02
Table 'NLHBlue89' 6-max Seat #3 is the button
Seat 1: 8a875ab ($5.44 in chips)
Seat 2: fe6062e ($1 in chips)
Seat 3: Hero ($6.09 in chips)
Seat 4: 9cf2746f ($5.53 in chips)
Seat 5: 2bd73027 ($5.52 in chips)
Seat 6: ac08f7b1 ($6.96 in chips)
9cf2746f: posts small blind $0.02
2bd73027: posts big blind $0.05
fe6062e: posts big blind $0.05
fe6062e: posts missed blind $0.02
*** HOLE CARDS ***
Dealt to 8a875ab 
Dealt to fe6062e 
Dealt to Hero [Js 6c]
Dealt to 9cf2746f 
Dealt to 2bd73027 
Dealt to ac08f7b1 
ac08f7b1: folds
8a875ab: folds
fe6062e: checks
Hero: folds
9cf2746f: raises $0.15 to $0.2
2bd73027: calls $0.15
fe6062e: folds
*** FLOP *** [5h 7d Jd]
9cf2746f: bets $0.28
2bd73027: calls $0.28
*** TURN *** [5h 7d Jd] [5c]
9cf2746f: checks
2bd73027: bets $0.52
9cf2746f: folds
Uncalled bet ($0.52) returned to 2bd73027
*** SHOWDOWN ***
2bd73027 collected $0.98 from pot
*** SUMMARY ***
Total pot $1.03 | Rake $0.05 | Jackpot $0 | Bingo $0 | Fortune $0
Board [5h 7d Jd 5c]
Seat 1: 8a875ab folded before Flop (didn't bet)
Seat 2: fe6062e folded before Flop
Seat 3: Hero (button) folded before Flop (didn't bet)
Seat 4: 9cf2746f (small blind) folded on the Turn
Seat 5: 2bd73027 (big blind) won ($0.98)
Seat 6: ac08f7b1 folded before Flop (didn't bet)


Poker Hand #HD1146162847: Hold'em No Limit  ($0.02/$0.05) - 2023/03/04 22:24:46
Table 'NLHBlue89' 6-max Seat #1 is the button
Seat 1: 8a875ab ($5.44 in chips)
Seat 3: Hero ($6.11 in chips)
Seat 4: 9cf2746f ($5.51 in chips)
Seat 5: 2bd73027 ($5.52 in chips)
Seat 6: ac08f7b1 ($6.96 in chips)
Hero: posts small blind $0.02
9cf2746f: posts big blind $0.05
*** HOLE CARDS ***
Dealt to 8a875ab 
Dealt to Hero [4s 6h]
Dealt to 9cf2746f 
Dealt to 2bd73027 
Dealt to ac08f7b1 
2bd73027: folds
ac08f7b1: folds
8a875ab: folds
Hero: folds
Uncalled bet ($0.03) returned to 9cf2746f
*** SHOWDOWN ***
9cf2746f collected $0.04 from pot
*** SUMMARY ***
Total pot $0.04 | Rake $0 | Jackpot $0 | Bingo $0 | Fortune $0
Seat 1: 8a875ab (button) folded before Flop (didn't bet)
Seat 3: Hero (small blind) folded before Flop
Seat 4: 9cf2746f (big blind) collected ($0.04)
Seat 5: 2bd73027 folded before Flop (didn't bet)
Seat 6: ac08f7b1 folded before Flop (didn't bet)


Poker Hand #HD1146162821: Hold'em No Limit  ($0.02/$0.05) - 2023/03/04 22:24:29
Table 'NLHBlue89' 6-max Seat #6 is the button
Seat 1: 8a875ab ($5.46 in chips)
Seat 3: Hero ($6.09 in chips)
Seat 4: 9cf2746f ($5.51 in chips)
Seat 5: 2bd73027 ($5.52 in chips)
Seat 6: ac08f7b1 ($6.96 in chips)
8a875ab: posts small blind $0.02
Hero: posts big blind $0.05
*** HOLE CARDS ***
Dealt to 8a875ab 
Dealt to Hero [9c Tc]
Dealt to 9cf2746f 
Dealt to 2bd73027 
Dealt to ac08f7b1 
9cf2746f: folds
2bd73027: folds
ac08f7b1: folds
8a875ab: folds
Uncalled bet ($0.03) returned to Hero
*** SHOWDOWN ***
Hero collected $0.04 from pot
*** SUMMARY ***
Total pot $0.04 | Rake $0 | Jackpot $0 | Bingo $0 | Fortune $0
Seat 1: 8a875ab (small blind) folded before Flop
Seat 3: Hero (big blind) collected ($0.04)
Seat 4: 9cf2746f folded before Flop (didn't bet)
Seat 5: 2bd73027 folded before Flop (didn't bet)
Seat 6: ac08f7b1 (button) folded before Flop (didn't bet)


Poker Hand #HD1146162697: Hold'em No Limit  ($0.02/$0.05) - 2023/03/04 22:23:18
Table 'NLHBlue89' 6-max Seat #5 is the button
Seat 1: 8a875ab ($5.51 in chips)
Seat 2: fe6062e ($2.22 in chips)
Seat 3: Hero ($6.49 in chips)
Seat 4: 9cf2746f ($5.51 in chips)
Seat 5: 2bd73027 ($5.52 in chips)
Seat 6: ac08f7b1 ($4.84 in chips)
ac08f7b1: posts small blind $0.02
8a875ab: posts big blind $0.05
*** HOLE CARDS ***
Dealt to 8a875ab 
Dealt to fe6062e 
Dealt to Hero [Kd Jd]
Dealt to 9cf2746f 
Dealt to 2bd73027 
Dealt to ac08f7b1 
fe6062e: raises $0.1 to $0.15
Hero: raises $0.25 to $0.4
9cf2746f: folds
2bd73027: folds
ac08f7b1: calls $0.38
8a875ab: folds
fe6062e: raises $1.82 to $2.22 and is all-in
Hero: folds
ac08f7b1: calls $1.82
fe6062e: shows [Ah As]
ac08f7b1: shows [Qs Qc]
*** FLOP *** [2d 3d Qd]
*** TURN *** [2d 3d Qd] [Ts]
ac08f7b1: Chooses to EV Cashout 
*** RIVER *** [2d 3d Qd Ts] [6c]
ac08f7b1: Pays Cashout Risk ($0.26)
Hero: shows [Kd Jd] (King High Flush)
*** SHOWDOWN ***
ac08f7b1 collected $4.6 from pot
*** SUMMARY ***
Total pot $4.89 | Rake $0.24 | Jackpot $0.05 | Bingo $0 | Fortune $0
Board [2d 3d Qd Ts 6c]
Seat 1: 8a875ab (big blind) folded before Flop
Seat 2: fe6062e showed [Ah As] and lost with Pair of Aces
Seat 3: Hero folded before Flop
Seat 4: 9cf2746f folded before Flop (didn't bet)
Seat 5: 2bd73027 (button) folded before Flop (didn't bet)
Seat 6: ac08f7b1 (small blind) showed [Qs Qc] and won ($4.6) with Three Queens, Cashout Risk ($0.26)


Poker Hand #HD1146162582: Hold'em No Limit  ($0.02/$0.05) - 2023/03/04 22:22:19
Table 'NLHBlue89' 6-max Seat #4 is the button
Seat 1: 8a875ab ($5.51 in chips)
Seat 2: fe6062e ($2.1 in chips)
Seat 3: Hero ($6.49 in chips)
Seat 4: 9cf2746f ($5.51 in chips)
Seat 5: 2bd73027 ($5.54 in chips)
Seat 6: ac08f7b1 ($4.95 in chips)
2bd73027: posts small blind $0.02
ac08f7b1: posts big blind $0.05
*** HOLE CARDS ***
Dealt to 8a875ab 
Dealt to fe6062e 
Dealt to Hero [Ac Td]
Dealt to 9cf2746f 
Dealt to 2bd73027 
Dealt to ac08f7b1 
8a875ab: folds
fe6062e: calls $0.05
Hero: folds
9cf2746f: folds
2bd73027: folds
ac08f7b1: checks
*** FLOP *** [5h Jc 5s]
ac08f7b1: checks
fe6062e: bets $0.06
ac08f7b1: calls $0.06
*** TURN *** [5h Jc 5s] [6d]
ac08f7b1: checks
fe6062e: bets $0.24
ac08f7b1: folds
Uncalled bet ($0.24) returned to fe6062e
*** SHOWDOWN ***
fe6062e collected $0.23 from pot
*** SUMMARY ***
Total pot $0.24 | Rake $0.01 | Jackpot $0 | Bingo $0 | Fortune $0
Board [5h Jc 5s 6d]
Seat 1: 8a875ab folded before Flop (didn't bet)
Seat 2: fe6062e won ($0.23)
Seat 3: Hero folded before Flop (didn't bet)
Seat 4: 9cf2746f (button) folded before Flop (didn't bet)
Seat 5: 2bd73027 (small blind) folded before Flop
Seat 6: ac08f7b1 (big blind) folded on the Turn


Poker Hand #HD1146162556: Hold'em No Limit  ($0.02/$0.05) - 2023/03/04 22:22:04
Table 'NLHBlue89' 6-max Seat #3 is the button
Seat 1: 8a875ab ($5.51 in chips)
Seat 2: fe6062e ($2.1 in chips)
Seat 3: Hero ($6.49 in chips)
Seat 4: 9cf2746f ($5.53 in chips)
Seat 5: 2bd73027 ($5.52 in chips)
Seat 6: ac08f7b1 ($4.95 in chips)
9cf2746f: posts small blind $0.02
2bd73027: posts big blind $0.05
*** HOLE CARDS ***
Dealt to 8a875ab 
Dealt to fe6062e 
Dealt to Hero [Jd 8c]
Dealt to 9cf2746f 
Dealt to 2bd73027 
Dealt to ac08f7b1 
ac08f7b1: folds
8a875ab: folds
fe6062e: folds
Hero: folds
9cf2746f: folds
Uncalled bet ($0.03) returned to 2bd73027
*** SHOWDOWN ***
2bd73027 collected $0.04 from pot
*** SUMMARY ***
Total pot $0.04 | Rake $0 | Jackpot $0 | Bingo $0 | Fortune $0
Seat 1: 8a875ab folded before Flop (didn't bet)
Seat 2: fe6062e folded before Flop (didn't bet)
Seat 3: Hero (button) folded before Flop (didn't bet)
Seat 4: 9cf2746f (small blind) folded before Flop
Seat 5: 2bd73027 (big blind) collected ($0.04)
Seat 6: ac08f7b1 folded before Flop (didn't bet)


Poker Hand #HD1146162457: Hold'em No Limit  ($0.02/$0.05) - 2023/03/04 22:21:16
Table 'NLHBlue89' 6-max Seat #2 is the button
Seat 1: 8a875ab ($5.51 in chips)
Seat 2: fe6062e ($2.1 in chips)
Seat 3: Hero ($5.9 in chips)
Seat 4: 9cf2746f ($6.18 in chips)
Seat 5: 2bd73027 ($5.52 in chips)
Seat 6: ac08f7b1 ($4.95 in chips)
Hero: posts small blind $0.02
9cf2746f: posts big blind $0.05
*** HOLE CARDS ***
Dealt to 8a875ab 
Dealt to fe6062e 
Dealt to Hero [Tc 8c]
Dealt to 9cf2746f 
Dealt to 2bd73027 
Dealt to ac08f7b1 
2bd73027: folds
ac08f7b1: folds
8a875ab: folds
fe6062e: folds
Hero: raises $0.09 to $0.14
9cf2746f: calls $0.09
*** FLOP *** [3c 6c 2c]
Hero: bets $0.14
9cf2746f: calls $0.14
*** TURN *** [3c 6c 2c] [5h]
Hero: checks
9cf2746f: bets $0.37
Hero: calls $0.37
*** RIVER *** [3c 6c 2c 5h] [Qc]
Hero: checks
9cf2746f: checks
Hero: shows [Tc 8c] (Queen High Flush)
9cf2746f: shows [8h 6d] (Pair of Sixes)
*** SHOWDOWN ***
Hero collected $1.24 from pot
*** SUMMARY ***
Total pot $1.3 | Rake $0.06 | Jackpot $0 | Bingo $0 | Fortune $0
Board [3c 6c 2c 5h Qc]
Seat 1: 8a875ab folded before Flop (didn't bet)
Seat 2: fe6062e (button) folded before Flop (didn't bet)
Seat 3: Hero (small blind) showed [Tc 8c] and won ($1.24) with Queen High Flush
Seat 4: 9cf2746f (big blind) showed [8h 6d] and lost with Pair of Sixes
Seat 5: 2bd73027 folded before Flop (didn't bet)
Seat 6: ac08f7b1 folded before Flop (didn't bet)


Poker Hand #HD1146162392: Hold'em No Limit  ($0.02/$0.05) - 2023/03/04 22:20:42
Table 'NLHBlue89' 6-max Seat #1 is the button
Seat 1: 8a875ab ($5.51 in chips)
Seat 2: fe6062e ($1.82 in chips)
Seat 3: Hero ($5.95 in chips)
Seat 4: 9cf2746f ($6.18 in chips)
Seat 5: 2bd73027 ($5.72 in chips)
Seat 6: ac08f7b1 ($5 in chips)
fe6062e: posts small blind $0.02
Hero: posts big blind $0.05
ac08f7b1: posts big blind $0.05
*** HOLE CARDS ***
Dealt to 8a875ab 
Dealt to fe6062e 
Dealt to Hero [5d 8c]
Dealt to 9cf2746f 
Dealt to 2bd73027 
Dealt to ac08f7b1 
9cf2746f: folds
2bd73027: raises $0.15 to $0.2
ac08f7b1: folds
8a875ab: folds
fe6062e: calls $0.18
Hero: folds
*** FLOP *** [3c 7h Js]
fe6062e: bets $0.17
2bd73027: folds
Uncalled bet ($0.17) returned to fe6062e
*** SHOWDOWN ***
fe6062e collected $0.48 from pot
*** SUMMARY ***
Total pot $0.5 | Rake $0.02 | Jackpot $0 | Bingo $0 | Fortune $0
Board [3c 7h Js]
Seat 1: 8a875ab (button) folded before Flop (didn't bet)
Seat 2: fe6062e (small blind) won ($0.48)
Seat 3: Hero (big blind) folded before Flop
Seat 4: 9cf2746f folded before Flop (didn't bet)
Seat 5: 2bd73027 folded on the Flop
Seat 6: ac08f7b1 folded before Flop


Poker Hand #HD1146162372: Hold'em No Limit  ($0.02/$0.05) - 2023/03/04 22:20:32
Table 'NLHBlue89' 6-max Seat #5 is the button
Seat 1: 8a875ab ($5.53 in chips)
Seat 2: fe6062e ($1.8 in chips)
Seat 3: Hero ($5.95 in chips)
Seat 4: 9cf2746f ($6.18 in chips)
Seat 5: 2bd73027 ($5.72 in chips)
8a875ab: posts small blind $0.02
fe6062e: posts big blind $0.05
*** HOLE CARDS ***
Dealt to 8a875ab 
Dealt to fe6062e 
Dealt to Hero [Tc 6c]
Dealt to 9cf2746f 
Dealt to 2bd73027 
Hero: folds
9cf2746f: folds
2bd73027: folds
8a875ab: folds
Uncalled bet ($0.03) returned to fe6062e
*** SHOWDOWN ***
fe6062e collected $0.04 from pot
*** SUMMARY ***
Total pot $0.04 | Rake $0 | Jackpot $0 | Bingo $0 | Fortune $0
Seat 1: 8a875ab (small blind) folded before Flop
Seat 2: fe6062e (big blind) collected ($0.04)
Seat 3: Hero folded before Flop (didn't bet)
Seat 4: 9cf2746f folded before Flop (didn't bet)
Seat 5: 2bd73027 (button) folded before Flop (didn't bet)


Poker Hand #HD1146162256: Hold'em No Limit  ($0.02/$0.05) - 2023/03/04 22:19:26
Table 'NLHBlue89' 6-max Seat #4 is the button
Seat 1: 8a875ab ($5.58 in chips)
Seat 2: fe6062e ($1.83 in chips)
Seat 3: Hero ($5.95 in chips)
Seat 4: 9cf2746f ($6.18 in chips)
Seat 5: 2bd73027 ($5.75 in chips)
2bd73027: posts small blind $0.02
8a875ab: posts big blind $0.05
*** HOLE CARDS ***
Dealt to 8a875ab 
Dealt to fe6062e 
Dealt to Hero [7h Js]
Dealt to 9cf2746f 
Dealt to 2bd73027 
fe6062e: calls $0.05
Hero: folds
9cf2746f: folds
2bd73027: raises $0.15 to $0.2
8a875ab: folds
fe6062e: calls $0.15
*** FLOP *** [Qd 9h As]
2bd73027: bets $0.15
fe6062e: calls $0.15
*** TURN *** [Qd 9h As] [Td]
2bd73027: checks
fe6062e: checks
*** RIVER *** [Qd 9h As Td] [5c]
2bd73027: checks
fe6062e: bets $0.38
2bd73027: calls $0.38
fe6062e: shows [Ad 6s] (Pair of Aces)
2bd73027: shows [Ah 8c] (Pair of Aces)
*** SHOWDOWN ***
2bd73027 collected $0.7 from pot
fe6062e collected $0.7 from pot
*** SUMMARY ***
Total pot $1.51 | Rake $0.06 | Jackpot $0.05 | Bingo $0 | Fortune $0
Board [Qd 9h As Td 5c]
Seat 1: 8a875ab (big blind) folded before Flop
Seat 2: fe6062e showed [Ad 6s] and won ($0.7) with Pair of Aces
Seat 3: Hero folded before Flop (didn't bet)
Seat 4: 9cf2746f (button) folded before Flop (didn't bet)
Seat 5: 2bd73027 (small blind) showed [Ah 8c] and won ($0.7) with Pair of Aces


Poker Hand #HD1146162168: Hold'em No Limit  ($0.02/$0.05) - 2023/03/04 22:18:41
Table 'NLHBlue89' 6-max Seat #3 is the button
Seat 1: 8a875ab ($5.58 in chips)
Seat 2: fe6062e ($1.6 in chips)
Seat 3: Hero ($5.95 in chips)
Seat 4: 9cf2746f ($6.38 in chips)
Seat 5: 2bd73027 ($5.8 in chips)
Seat 6: bced4860 ($4.35 in chips)
9cf2746f: posts small blind $0.02
2bd73027: posts big blind $0.05
fe6062e: posts big blind $0.05
*** HOLE CARDS ***
Dealt to 8a875ab 
Dealt to fe6062e 
Dealt to Hero [Ks 3c]
Dealt to 9cf2746f 
Dealt to 2bd73027 
Dealt to bced4860 
bced4860: folds
8a875ab: folds
fe6062e: checks
Hero: folds
9cf2746f: raises $0.15 to $0.2
2bd73027: folds
fe6062e: calls $0.15
*** FLOP *** [3d 9s 5c]
9cf2746f: checks
fe6062e: checks
*** TURN *** [3d 9s 5c] [6s]
9cf2746f: checks
fe6062e: bets $0.23
9cf2746f: folds
Uncalled bet ($0.23) returned to fe6062e
*** SHOWDOWN ***
fe6062e collected $0.43 from pot
*** SUMMARY ***
Total pot $0.45 | Rake $0.02 | Jackpot $0 | Bingo $0 | Fortune $0
Board [3d 9s 5c 6s]
Seat 1: 8a875ab folded before Flop (didn't bet)
Seat 2: fe6062e won ($0.43)
Seat 3: Hero (button) folded before Flop (didn't bet)
Seat 4: 9cf2746f (small blind) folded on the Turn
Seat 5: 2bd73027 (big blind) folded before Flop
Seat 6: bced4860 folded before Flop (didn't bet)


Poker Hand #HD1146162039: Hold'em No Limit  ($0.02/$0.05) - 2023/03/04 22:17:32
Table 'NLHBlue89' 6-max Seat #1 is the button
Seat 1: 8a875ab ($5.97 in chips)
Seat 3: Hero ($5.97 in chips)
Seat 4: 9cf2746f ($7.56 in chips)
Seat 5: 2bd73027 ($5.8 in chips)
Seat 6: bced4860 ($2.94 in chips)
Hero: posts small blind $0.02
9cf2746f: posts big blind $0.05
*** HOLE CARDS ***
Dealt to 8a875ab 
Dealt to Hero [5d 3d]
Dealt to 9cf2746f 
Dealt to 2bd73027 
Dealt to bced4860 
2bd73027: folds
bced4860: raises $0.1 to $0.15
8a875ab: calls $0.15
Hero: folds
9cf2746f: calls $0.1
*** FLOP *** [2h Qs Kc]
9cf2746f: checks
bced4860: bets $0.24
8a875ab: calls $0.24
9cf2746f: calls $0.24
*** TURN *** [2h Qs Kc] [8h]
9cf2746f: checks
bced4860: checks
8a875ab: checks
*** RIVER *** [2h Qs Kc 8h] [Th]
9cf2746f: bets $0.79
bced4860: calls $0.79
8a875ab: folds
9cf2746f: shows [Jd 9d] (Kings-High Straight)
bced4860: shows [As Jc] (Aces-High Straight)
*** SHOWDOWN ***
bced4860 collected $2.59 from pot
*** SUMMARY ***
Total pot $2.77 | Rake $0.13 | Jackpot $0.05 | Bingo $0 | Fortune $0
Board [2h Qs Kc 8h Th]
Seat 1: 8a875ab (button) folded on the River
Seat 3: Hero (small blind) folded before Flop
Seat 4: 9cf2746f (big blind) showed [Jd 9d] and lost with Kings-High Straight
Seat 5: 2bd73027 folded before Flop (didn't bet)
Seat 6: bced4860 showed [As Jc] and won ($2.59) with Aces-High Straight


Poker Hand #HD1146162018: Hold'em No Limit  ($0.02/$0.05) - 2023/03/04 22:17:21
Table 'NLHBlue89' 6-max Seat #6 is the button
Seat 1: 8a875ab ($5.99 in chips)
Seat 3: Hero ($5.95 in chips)
Seat 4: 9cf2746f ($7.56 in chips)
Seat 5: 2bd73027 ($5.8 in chips)
Seat 6: bced4860 ($2.94 in chips)
8a875ab: posts small blind $0.02
Hero: posts big blind $0.05
*** HOLE CARDS ***
Dealt to 8a875ab 
Dealt to Hero [Qc Ad]
Dealt to 9cf2746f 
Dealt to 2bd73027 
Dealt to bced4860 
9cf2746f: folds
2bd73027: folds
bced4860: folds
8a875ab: folds
Uncalled bet ($0.03) returned to Hero
*** SHOWDOWN ***
Hero collected $0.04 from pot
*** SUMMARY ***
Total pot $0.04 | Rake $0 | Jackpot $0 | Bingo $0 | Fortune $0
Seat 1: 8a875ab (small blind) folded before Flop
Seat 3: Hero (big blind) collected ($0.04)
Seat 4: 9cf2746f folded before Flop (didn't bet)
Seat 5: 2bd73027 folded before Flop (didn't bet)
Seat 6: bced4860 (button) folded before Flop (didn't bet)


Poker Hand #HD1146161995: Hold'em No Limit  ($0.02/$0.05) - 2023/03/04 22:17:08
Table 'NLHBlue89' 6-max Seat #5 is the button
Seat 1: 8a875ab ($6.04 in chips)
Seat 3: Hero ($5.88 in chips)
Seat 4: 9cf2746f ($7.56 in chips)
Seat 5: 2bd73027 ($5.8 in chips)
Seat 6: bced4860 ($2.96 in chips)
bced4860: posts small blind $0.02
8a875ab: posts big blind $0.05
*** HOLE CARDS ***
Dealt to 8a875ab 
Dealt to Hero [Ah Kh]
Dealt to 9cf2746f 
Dealt to 2bd73027 
Dealt to bced4860 
Hero: raises $0.07 to $0.12
9cf2746f: folds
2bd73027: folds
bced4860: folds
8a875ab: folds
Uncalled bet ($0.07) returned to Hero
*** SHOWDOWN ***
Hero collected $0.12 from pot
*** SUMMARY ***
Total pot $0.12 | Rake $0 | Jackpot $0 | Bingo $0 | Fortune $0
Seat 1: 8a875ab (big blind) folded before Flop
Seat 3: Hero collected ($0.12)
Seat 4: 9cf2746f folded before Flop (didn't bet)
Seat 5: 2bd73027 (button) folded before Flop (didn't bet)
Seat 6: bced4860 (small blind) folded before Flop


Poker Hand #HD1146161945: Hold'em No Limit  ($0.02/$0.05) - 2023/03/04 22:16:37
Table 'NLHBlue89' 6-max Seat #4 is the button
Seat 1: 8a875ab ($6.04 in chips)
Seat 3: Hero ($6 in chips)
Seat 4: 9cf2746f ($7.56 in chips)
Seat 5: 2bd73027 ($5.64 in chips)
Seat 6: bced4860 ($3.01 in chips)
2bd73027: posts small blind $0.02
bced4860: posts big blind $0.05
*** HOLE CARDS ***
Dealt to 8a875ab 
Dealt to Hero [4s 5s]
Dealt to 9cf2746f 
Dealt to 2bd73027 
Dealt to bced4860 
8a875ab: folds
Hero: raises $0.07 to $0.12
9cf2746f: folds
2bd73027: raises $0.38 to $0.5
bced4860: folds
Hero: folds
Uncalled bet ($0.38) returned to 2bd73027
*** SHOWDOWN ***
2bd73027 collected $0.28 from pot
*** SUMMARY ***
Total pot $0.29 | Rake $0.01 | Jackpot $0 | Bingo $0 | Fortune $0
Seat 1: 8a875ab folded before Flop (didn't bet)
Seat 3: Hero folded before Flop
Seat 4: 9cf2746f (button) folded before Flop (didn't bet)
Seat 5: 2bd73027 (small blind) collected ($0.28)
Seat 6: bced4860 (big blind) folded before Flop


Poker Hand #HD1146161841: Hold'em No Limit  ($0.02/$0.05) - 2023/03/04 22:15:41
Table 'NLHBlue89' 6-max Seat #3 is the button
Seat 1: 8a875ab ($6.04 in chips)
Seat 3: Hero ($6 in chips)
Seat 4: 9cf2746f ($8.01 in chips)
Seat 5: 2bd73027 ($5.23 in chips)
Seat 6: bced4860 ($3.01 in chips)
9cf2746f: posts small blind $0.02
2bd73027: posts big blind $0.05
*** HOLE CARDS ***
Dealt to 8a875ab 
Dealt to Hero [Ac 2d]
Dealt to 9cf2746f 
Dealt to 2bd73027 
Dealt to bced4860 
bced4860: folds
8a875ab: folds
Hero: folds
9cf2746f: raises $0.1 to $0.15
2bd73027: raises $0.3 to $0.45
9cf2746f: calls $0.3
*** FLOP *** [Ks Kd 2c]
9cf2746f: checks
2bd73027: checks
*** TURN *** [Ks Kd 2c] [3d]
9cf2746f: checks
2bd73027: bets $0.3
9cf2746f: folds
Uncalled bet ($0.3) returned to 2bd73027
*** SHOWDOWN ***
2bd73027 collected $0.86 from pot
*** SUMMARY ***
Total pot $0.9 | Rake $0.04 | Jackpot $0 | Bingo $0 | Fortune $0
Board [Ks Kd 2c 3d]
Seat 1: 8a875ab folded before Flop (didn't bet)
Seat 3: Hero (button) folded before Flop (didn't bet)
Seat 4: 9cf2746f (small blind) folded on the Turn
Seat 5: 2bd73027 (big blind) won ($0.86)
Seat 6: bced4860 folded before Flop (didn't bet)


Poker Hand #HD1146161811: Hold'em No Limit  ($0.02/$0.05) - 2023/03/04 22:15:25
Table 'NLHBlue89' 6-max Seat #1 is the button
Seat 1: 8a875ab ($6.04 in chips)
Seat 3: Hero ($6.02 in chips)
Seat 4: 9cf2746f ($8.06 in chips)
Seat 5: 2bd73027 ($5.16 in chips)
Seat 6: bced4860 ($3.01 in chips)
Hero: posts small blind $0.02
9cf2746f: posts big blind $0.05
*** HOLE CARDS ***
Dealt to 8a875ab 
Dealt to Hero [7d 2d]
Dealt to 9cf2746f 
Dealt to 2bd73027 
Dealt to bced4860 
2bd73027: raises $0.1 to $0.15
bced4860: folds
8a875ab: folds
Hero: folds
9cf2746f: folds
Uncalled bet ($0.1) returned to 2bd73027
*** SHOWDOWN ***
2bd73027 collected $0.12 from pot
*** SUMMARY ***
Total pot $0.12 | Rake $0 | Jackpot $0 | Bingo $0 | Fortune $0
Seat 1: 8a875ab (button) folded before Flop (didn't bet)
Seat 3: Hero (small blind) folded before Flop
Seat 4: 9cf2746f (big blind) folded before Flop
Seat 5: 2bd73027 collected ($0.12)
Seat 6: bced4860 folded before Flop (didn't bet)


Poker Hand #HD1146161661: Hold'em No Limit  ($0.02/$0.05) - 2023/03/04 22:14:12
Table 'NLHBlue89' 6-max Seat #6 is the button
Seat 1: 8a875ab ($6.06 in chips)
Seat 3: Hero ($5.52 in chips)
Seat 4: 9cf2746f ($8.06 in chips)
Seat 5: 2bd73027 ($5.69 in chips)
Seat 6: bced4860 ($3.01 in chips)
8a875ab: posts small blind $0.02
Hero: posts big blind $0.05
*** HOLE CARDS ***
Dealt to 8a875ab 
Dealt to Hero [Ac 3c]
Dealt to 9cf2746f 
Dealt to 2bd73027 
Dealt to bced4860 
9cf2746f: folds
2bd73027: raises $0.1 to $0.15
bced4860: folds
8a875ab: folds
Hero: calls $0.1
*** FLOP *** [9h Js Ad]
Hero: checks
2bd73027: bets $0.11
Hero: calls $0.11
*** TURN *** [9h Js Ad] [8d]
Hero: bets $0.27
2bd73027: calls $0.27
*** RIVER *** [9h Js Ad 8d] [5s]
Hero: checks
2bd73027: checks
Hero: shows [Ac 3c] (Pair of Aces)
2bd73027: shows [6d Kd] (Ace-High)
*** SHOWDOWN ***
Hero collected $1.03 from pot
*** SUMMARY ***
Total pot $1.08 | Rake $0.05 | Jackpot $0 | Bingo $0 | Fortune $0
Board [9h Js Ad 8d 5s]
Seat 1: 8a875ab (small blind) folded before Flop
Seat 3: Hero (big blind) showed [Ac 3c] and won ($1.03) with Pair of Aces
Seat 4: 9cf2746f folded before Flop (didn't bet)
Seat 5: 2bd73027 showed [6d Kd] and lost with Ace-High
Seat 6: bced4860 (button) folded before Flop (didn't bet)


Poker Hand #HD1146161565: Hold'em No Limit  ($0.02/$0.05) - 2023/03/04 22:13:18
Table 'NLHBlue89' 6-max Seat #5 is the button
Seat 1: 8a875ab ($6.11 in chips)
Seat 3: Hero ($5 in chips)
Seat 4: 9cf2746f ($8.06 in chips)
Seat 5: 2bd73027 ($6.19 in chips)
Seat 6: bced4860 ($3.03 in chips)
bced4860: posts small blind $0.02
8a875ab: posts big blind $0.05
*** HOLE CARDS ***
Dealt to 8a875ab 
Dealt to Hero [Qc As]
Dealt to 9cf2746f 
Dealt to 2bd73027 
Dealt to bced4860 
Hero: raises $0.07 to $0.12
9cf2746f: folds
2bd73027: calls $0.12
bced4860: folds
8a875ab: folds
*** FLOP *** [6c Qd 3h]
Hero: bets $0.11
2bd73027: calls $0.11
*** TURN *** [6c Qd 3h] [6s]
Hero: bets $0.27
2bd73027: calls $0.27
*** RIVER *** [6c Qd 3h 6s] [4h]
Hero: bets $0.54
2bd73027: folds
Uncalled bet ($0.54) returned to Hero
*** SHOWDOWN ***
Hero collected $1.02 from pot
*** SUMMARY ***
Total pot $1.07 | Rake $0.05 | Jackpot $0 | Bingo $0 | Fortune $0
Board [6c Qd 3h 6s 4h]
Seat 1: 8a875ab (big blind) folded before Flop
Seat 3: Hero won ($1.02)
Seat 4: 9cf2746f folded before Flop (didn't bet)
Seat 5: 2bd73027 (button) folded on the River
Seat 6: bced4860 (small blind) folded before Flop


Poker Hand #HD1146161541: Hold'em No Limit  ($0.02/$0.05) - 2023/03/04 22:13:03
Table 'NLHBlue89' 6-max Seat #4 is the button
Seat 1: 8a875ab ($6.11 in chips)
Seat 3: Hero ($5 in chips)
Seat 4: 9cf2746f ($7.99 in chips)
Seat 5: 2bd73027 ($6.21 in chips)
Seat 6: bced4860 ($3.08 in chips)
2bd73027: posts small blind $0.02
bced4860: posts big blind $0.05
*** HOLE CARDS ***
Dealt to 8a875ab 
Dealt to Hero [6c Ks]
Dealt to 9cf2746f 
Dealt to 2bd73027 
Dealt to bced4860 
8a875ab: folds
Hero: folds
9cf2746f: raises $0.07 to $0.12
2bd73027: folds
bced4860: folds
Uncalled bet ($0.07) returned to 9cf2746f
*** SHOWDOWN ***
9cf2746f collected $0.12 from pot
*** SUMMARY ***
Total pot $0.12 | Rake $0 | Jackpot $0 | Bingo $0 | Fortune $0
Seat 1: 8a875ab folded before Flop (didn't bet)
Seat 3: Hero folded before Flop (didn't bet)
Seat 4: 9cf2746f (button) collected ($0.12)
Seat 5: 2bd73027 (small blind) folded before Flop
Seat 6: bced4860 (big blind) folded before Flop


Poker Hand #HD1146161502: Hold'em No Limit  ($0.02/$0.05) - 2023/03/04 22:12:42
Table 'NLHBlue89' 6-max Seat #3 is the button
Seat 1: 8a875ab ($6.11 in chips)
Seat 3: Hero ($5 in chips)
Seat 4: 9cf2746f ($8.01 in chips)
Seat 5: 2bd73027 ($6.19 in chips)
Seat 6: bced4860 ($3.08 in chips)
9cf2746f: posts small blind $0.02
2bd73027: posts big blind $0.05
*** HOLE CARDS ***
Dealt to 8a875ab 
Dealt to Hero [5s 3h]
Dealt to 9cf2746f 
Dealt to 2bd73027 
Dealt to bced4860 
bced4860: folds
8a875ab: folds
Hero: folds
9cf2746f: folds
Uncalled bet ($0.03) returned to 2bd73027
*** SHOWDOWN ***
2bd73027 collected $0.04 from pot
*** SUMMARY ***
Total pot $0.04 | Rake $0 | Jackpot $0 | Bingo $0 | Fortune $0
Seat 1: 8a875ab folded before Flop (didn't bet)
Seat 3: Hero (button) folded before Flop (didn't bet)
Seat 4: 9cf2746f (small blind) folded before Flop
Seat 5: 2bd73027 (big blind) collected ($0.04)
Seat 6: bced4860 folded before Flop (didn't bet)


Poker Hand #HD1146161471: Hold'em No Limit  ($0.02/$0.05) - 2023/03/04 22:12:32
Table 'NLHBlue89' 6-max Seat #1 is the button
Seat 1: 8a875ab ($6.11 in chips)
Seat 3: Hero ($5 in chips)
Seat 4: 9cf2746f ($7.99 in chips)
Seat 5: 2bd73027 ($6.19 in chips)
Seat 6: bced4860 ($3.08 in chips)
Hero: posts small blind $0.02
9cf2746f: posts big blind $0.05
*** HOLE CARDS ***
Dealt to 8a875ab 
Dealt to Hero [Qs 7h]
Dealt to 9cf2746f 
Dealt to 2bd73027 
Dealt to bced4860 
2bd73027: folds
bced4860: folds
8a875ab: folds
Hero: folds
Uncalled bet ($0.03) returned to 9cf2746f
*** SHOWDOWN ***
9cf2746f collected $0.04 from pot
*** SUMMARY ***
Total pot $0.04 | Rake $0 | Jackpot $0 | Bingo $0 | Fortune $0
Seat 1: 8a875ab (button) folded before Flop (didn't bet)
Seat 3: Hero (small blind) folded before Flop
Seat 4: 9cf2746f (big blind) collected ($0.04)
Seat 5: 2bd73027 folded before Flop (didn't bet)
Seat 6: bced4860 folded before Flop (didn't bet)


Poker Hand #HD1146161444: Hold'em No Limit  ($0.02/$0.05) - 2023/03/04 22:12:18
Table 'NLHBlue89' 6-max Seat #6 is the button
Seat 1: 8a875ab ($6.13 in chips)
Seat 3: Hero ($5 in chips)
Seat 4: 9cf2746f ($7.92 in chips)
Seat 5: 2bd73027 ($6.19 in chips)
Seat 6: bced4860 ($3.08 in chips)
8a875ab: posts small blind $0.02
Hero: posts big blind $0.05
*** HOLE CARDS ***
Dealt to 8a875ab 
Dealt to Hero [Jh 6c]
Dealt to 9cf2746f 
Dealt to 2bd73027 
Dealt to bced4860 
9cf2746f: raises $0.1 to $0.15
2bd73027: folds
bced4860: folds
8a875ab: folds
Hero: folds
Uncalled bet ($0.1) returned to 9cf2746f
*** SHOWDOWN ***
9cf2746f collected $0.12 from pot
*** SUMMARY ***
Total pot $0.12 | Rake $0 | Jackpot $0 | Bingo $0 | Fortune $0
Seat 1: 8a875ab (small blind) folded before Flop
Seat 3: Hero (big blind) folded before Flop
Seat 4: 9cf2746f collected ($0.12)
Seat 5: 2bd73027 folded before Flop (didn't bet)
Seat 6: bced4860 (button) folded before Flop (didn't bet)


