Poker Hand #HD1151800131: Hold'em No Limit  ($0.02/$0.05) - 2023/03/08 21:41:37
Table 'NLHBlue124' 6-max Seat #1 is the button
Seat 1: 19b1af03 ($5 in chips)
Seat 2: b9d2db06 ($5.23 in chips)
Seat 4: 2ed4eb4f ($2.5 in chips)
Seat 5: Hero ($5.4 in chips)
Seat 6: e7b4028c ($5.42 in chips)
b9d2db06: posts small blind $0.02
2ed4eb4f: posts big blind $0.05
*** HOLE CARDS ***
Dealt to 19b1af03 
Dealt to b9d2db06 
Dealt to 2ed4eb4f 
Dealt to Hero [6d 3c]
Dealt to e7b4028c 
Hero: folds
e7b4028c: raises $0.07 to $0.12
19b1af03: folds
b9d2db06: folds
2ed4eb4f: folds
Uncalled bet ($0.07) returned to e7b4028c
*** SHOWDOWN ***
e7b4028c collected $0.12 from pot
*** SUMMARY ***
Total pot $0.12 | Rake $0 | Jackpot $0 | Bingo $0 | Fortune $0
Seat 1: 19b1af03 (button) folded before Flop (didn't bet)
Seat 2: b9d2db06 (small blind) folded before Flop
Seat 4: 2ed4eb4f (big blind) folded before Flop
Seat 5: Hero folded before Flop (didn't bet)
Seat 6: e7b4028c collected ($0.12)


Poker Hand #HD1151800059: Hold'em No Limit  ($0.02/$0.05) - 2023/03/08 21:41:02
Table 'NLHBlue124' 6-max Seat #6 is the button
Seat 1: 19b1af03 ($5.02 in chips)
Seat 2: b9d2db06 ($5 in chips)
Seat 4: 2ed4eb4f ($2.5 in chips)
Seat 5: Hero ($5.52 in chips)
Seat 6: e7b4028c ($5.42 in chips)
19b1af03: posts small blind $0.02
b9d2db06: posts big blind $0.05
*** HOLE CARDS ***
Dealt to 19b1af03 
Dealt to b9d2db06 
Dealt to 2ed4eb4f 
Dealt to Hero [6d Kd]
Dealt to e7b4028c 
2ed4eb4f: folds
Hero: raises $0.07 to $0.12
e7b4028c: folds
19b1af03: calls $0.1
b9d2db06: raises $0.58 to $0.7
Hero: folds
19b1af03: folds
Uncalled bet ($0.58) returned to b9d2db06
*** SHOWDOWN ***
b9d2db06 collected $0.35 from pot
*** SUMMARY ***
Total pot $0.36 | Rake $0.01 | Jackpot $0 | Bingo $0 | Fortune $0
Seat 1: 19b1af03 (small blind) folded before Flop
Seat 2: b9d2db06 (big blind) collected ($0.35)
Seat 4: 2ed4eb4f folded before Flop (didn't bet)
Seat 5: Hero folded before Flop
Seat 6: e7b4028c (button) folded before Flop (didn't bet)


Poker Hand #HD1151800012: Hold'em No Limit  ($0.02/$0.05) - 2023/03/08 21:40:32
Table 'NLHBlue124' 6-max Seat #5 is the button
Seat 1: 19b1af03 ($5.03 in chips)
Seat 2: b9d2db06 ($5 in chips)
Seat 4: 2ed4eb4f ($2.5 in chips)
Seat 5: Hero ($5.45 in chips)
Seat 6: e7b4028c ($5.44 in chips)
e7b4028c: posts small blind $0.02
19b1af03: posts big blind $0.05
*** HOLE CARDS ***
Dealt to 19b1af03 
Dealt to b9d2db06 
Dealt to 2ed4eb4f 
Dealt to Hero [9d Td]
Dealt to e7b4028c 
b9d2db06: folds
2ed4eb4f: folds
Hero: raises $0.07 to $0.12
e7b4028c: folds
19b1af03: folds
Uncalled bet ($0.07) returned to Hero
*** SHOWDOWN ***
Hero collected $0.12 from pot
*** SUMMARY ***
Total pot $0.12 | Rake $0 | Jackpot $0 | Bingo $0 | Fortune $0
Seat 1: 19b1af03 (big blind) folded before Flop
Seat 2: b9d2db06 folded before Flop (didn't bet)
Seat 4: 2ed4eb4f folded before Flop (didn't bet)
Seat 5: Hero (button) collected ($0.12)
Seat 6: e7b4028c (small blind) folded before Flop


Poker Hand #HD1151799911: Hold'em No Limit  ($0.02/$0.05) - 2023/03/08 21:39:37
Table 'NLHBlue124' 6-max Seat #4 is the button
Seat 1: 19b1af03 ($5.03 in chips)
Seat 2: b9d2db06 ($5.07 in chips)
Seat 4: 2ed4eb4f ($2.53 in chips)
Seat 5: Hero ($5.18 in chips)
Seat 6: e7b4028c ($5.49 in chips)
Hero: posts small blind $0.02
e7b4028c: posts big blind $0.05
*** HOLE CARDS ***
Dealt to 19b1af03 
Dealt to b9d2db06 
Dealt to 2ed4eb4f 
Dealt to Hero [5d Ad]
Dealt to e7b4028c 
19b1af03: folds
b9d2db06: raises $0.07 to $0.12
2ed4eb4f: calls $0.12
Hero: raises $0.64 to $0.76
e7b4028c: folds
b9d2db06: folds
2ed4eb4f: folds
Uncalled bet ($0.64) returned to Hero
*** SHOWDOWN ***
Hero collected $0.39 from pot
*** SUMMARY ***
Total pot $0.41 | Rake $0.02 | Jackpot $0 | Bingo $0 | Fortune $0
Seat 1: 19b1af03 folded before Flop (didn't bet)
Seat 2: b9d2db06 folded before Flop
Seat 4: 2ed4eb4f (button) folded before Flop
Seat 5: Hero (small blind) collected ($0.39)
Seat 6: e7b4028c (big blind) folded before Flop


Poker Hand #HD1151799867: Hold'em No Limit  ($0.02/$0.05) - 2023/03/08 21:39:15
Table 'NLHBlue124' 6-max Seat #2 is the button
Seat 1: 19b1af03 ($5.03 in chips)
Seat 2: b9d2db06 ($5.07 in chips)
Seat 4: 2ed4eb4f ($2.55 in chips)
Seat 5: Hero ($5.23 in chips)
Seat 6: e7b4028c ($5.42 in chips)
2ed4eb4f: posts small blind $0.02
Hero: posts big blind $0.05
*** HOLE CARDS ***
Dealt to 19b1af03 
Dealt to b9d2db06 
Dealt to 2ed4eb4f 
Dealt to Hero [Th 3h]
Dealt to e7b4028c 
e7b4028c: raises $0.07 to $0.12
19b1af03: folds
b9d2db06: folds
2ed4eb4f: folds
Hero: folds
Uncalled bet ($0.07) returned to e7b4028c
*** SHOWDOWN ***
e7b4028c collected $0.12 from pot
*** SUMMARY ***
Total pot $0.12 | Rake $0 | Jackpot $0 | Bingo $0 | Fortune $0
Seat 1: 19b1af03 folded before Flop (didn't bet)
Seat 2: b9d2db06 (button) folded before Flop (didn't bet)
Seat 4: 2ed4eb4f (small blind) folded before Flop
Seat 5: Hero (big blind) folded before Flop
Seat 6: e7b4028c collected ($0.12)


Poker Hand #HD1151799817: Hold'em No Limit  ($0.02/$0.05) - 2023/03/08 21:38:46
Table 'NLHBlue124' 6-max Seat #1 is the button
Seat 1: 19b1af03 ($5.03 in chips)
Seat 2: b9d2db06 ($5.02 in chips)
Seat 4: 2ed4eb4f ($2.5 in chips)
Seat 5: Hero ($5.23 in chips)
Seat 6: e7b4028c ($5.42 in chips)
b9d2db06: posts small blind $0.02
2ed4eb4f: posts big blind $0.05
*** HOLE CARDS ***
Dealt to 19b1af03 
Dealt to b9d2db06 
Dealt to 2ed4eb4f 
Dealt to Hero [3c 5s]
Dealt to e7b4028c 
Hero: folds
e7b4028c: folds
19b1af03: folds
b9d2db06: raises $0.1 to $0.15
2ed4eb4f: folds
Uncalled bet ($0.1) returned to b9d2db06
*** SHOWDOWN ***
b9d2db06 collected $0.1 from pot
*** SUMMARY ***
Total pot $0.1 | Rake $0 | Jackpot $0 | Bingo $0 | Fortune $0
Seat 1: 19b1af03 (button) folded before Flop (didn't bet)
Seat 2: b9d2db06 (small blind) collected ($0.1)
Seat 4: 2ed4eb4f (big blind) folded before Flop
Seat 5: Hero folded before Flop (didn't bet)
Seat 6: e7b4028c folded before Flop (didn't bet)


Poker Hand #HD1151799791: Hold'em No Limit  ($0.02/$0.05) - 2023/03/08 21:38:33
Table 'NLHBlue124' 6-max Seat #6 is the button
Seat 1: 19b1af03 ($5.05 in chips)
Seat 2: b9d2db06 ($5 in chips)
Seat 5: Hero ($5.23 in chips)
Seat 6: e7b4028c ($5.42 in chips)
19b1af03: posts small blind $0.02
b9d2db06: posts big blind $0.05
*** HOLE CARDS ***
Dealt to 19b1af03 
Dealt to b9d2db06 
Dealt to Hero [9h Kd]
Dealt to e7b4028c 
Hero: folds
e7b4028c: folds
19b1af03: folds
Uncalled bet ($0.03) returned to b9d2db06
*** SHOWDOWN ***
b9d2db06 collected $0.04 from pot
*** SUMMARY ***
Total pot $0.04 | Rake $0 | Jackpot $0 | Bingo $0 | Fortune $0
Seat 1: 19b1af03 (small blind) folded before Flop
Seat 2: b9d2db06 (big blind) collected ($0.04)
Seat 5: Hero folded before Flop (didn't bet)
Seat 6: e7b4028c (button) folded before Flop (didn't bet)


Poker Hand #HD1151799762: Hold'em No Limit  ($0.02/$0.05) - 2023/03/08 21:38:18
Table 'NLHBlue124' 6-max Seat #5 is the button
Seat 1: 19b1af03 ($5 in chips)
Seat 2: b9d2db06 ($5 in chips)
Seat 5: Hero ($5.16 in chips)
Seat 6: e7b4028c ($5.44 in chips)
e7b4028c: posts small blind $0.02
19b1af03: posts big blind $0.05
*** HOLE CARDS ***
Dealt to 19b1af03 
Dealt to b9d2db06 
Dealt to Hero [4d Kd]
Dealt to e7b4028c 
b9d2db06: folds
Hero: raises $0.07 to $0.12
e7b4028c: folds
19b1af03: folds
Uncalled bet ($0.07) returned to Hero
*** SHOWDOWN ***
Hero collected $0.12 from pot
*** SUMMARY ***
Total pot $0.12 | Rake $0 | Jackpot $0 | Bingo $0 | Fortune $0
Seat 1: 19b1af03 (big blind) folded before Flop
Seat 2: b9d2db06 folded before Flop (didn't bet)
Seat 5: Hero (button) collected ($0.12)
Seat 6: e7b4028c (small blind) folded before Flop


Poker Hand #HD1151799704: Hold'em No Limit  ($0.02/$0.05) - 2023/03/08 21:37:44
Table 'NLHBlue124' 6-max Seat #2 is the button
Seat 1: 19b1af03 ($5 in chips)
Seat 2: b9d2db06 ($5 in chips)
Seat 3: 6eb69f95 ($8.63 in chips)
Seat 5: Hero ($5.05 in chips)
Seat 6: e7b4028c ($5.44 in chips)
6eb69f95: posts small blind $0.02
Hero: posts big blind $0.05
*** HOLE CARDS ***
Dealt to 19b1af03 
Dealt to b9d2db06 
Dealt to 6eb69f95 
Dealt to Hero [Qs Qd]
Dealt to e7b4028c 
e7b4028c: folds
19b1af03: raises $0.05 to $0.1
b9d2db06: folds
6eb69f95: folds
Hero: raises $0.38 to $0.48
19b1af03: folds
Uncalled bet ($0.38) returned to Hero
*** SHOWDOWN ***
Hero collected $0.21 from pot
*** SUMMARY ***
Total pot $0.22 | Rake $0.01 | Jackpot $0 | Bingo $0 | Fortune $0
Seat 1: 19b1af03 folded before Flop
Seat 2: b9d2db06 (button) folded before Flop (didn't bet)
Seat 3: 6eb69f95 (small blind) folded before Flop
Seat 5: Hero (big blind) collected ($0.21)
Seat 6: e7b4028c folded before Flop (didn't bet)


Poker Hand #HD1151799626: Hold'em No Limit  ($0.02/$0.05) - 2023/03/08 21:37:04
Table 'NLHBlue124' 6-max Seat #1 is the button
Seat 1: 19b1af03 ($5 in chips)
Seat 2: b9d2db06 ($5.02 in chips)
Seat 3: 6eb69f95 ($8.61 in chips)
Seat 4: 7c5d5ca6 ($2.37 in chips)
Seat 5: Hero ($5.05 in chips)
Seat 6: e7b4028c ($5.44 in chips)
b9d2db06: posts small blind $0.02
6eb69f95: posts big blind $0.05
*** HOLE CARDS ***
Dealt to 19b1af03 
Dealt to b9d2db06 
Dealt to 6eb69f95 
Dealt to 7c5d5ca6 
Dealt to Hero [5d 7h]
Dealt to e7b4028c 
7c5d5ca6: folds
Hero: folds
e7b4028c: folds
19b1af03: folds
b9d2db06: folds
Uncalled bet ($0.03) returned to 6eb69f95
*** SHOWDOWN ***
6eb69f95 collected $0.04 from pot
*** SUMMARY ***
Total pot $0.04 | Rake $0 | Jackpot $0 | Bingo $0 | Fortune $0
Seat 1: 19b1af03 (button) folded before Flop (didn't bet)
Seat 2: b9d2db06 (small blind) folded before Flop
Seat 3: 6eb69f95 (big blind) collected ($0.04)
Seat 4: 7c5d5ca6 folded before Flop (didn't bet)
Seat 5: Hero folded before Flop (didn't bet)
Seat 6: e7b4028c folded before Flop (didn't bet)


Poker Hand #HD1151799606: Hold'em No Limit  ($0.02/$0.05) - 2023/03/08 21:36:53
Table 'NLHBlue124' 6-max Seat #6 is the button
Seat 1: 19b1af03 ($5 in chips)
Seat 2: b9d2db06 ($5 in chips)
Seat 3: 6eb69f95 ($8.61 in chips)
Seat 4: 7c5d5ca6 ($2.37 in chips)
Seat 5: Hero ($5.05 in chips)
Seat 6: e7b4028c ($5.44 in chips)
19b1af03: posts small blind $0.02
b9d2db06: posts big blind $0.05
*** HOLE CARDS ***
Dealt to 19b1af03 
Dealt to b9d2db06 
Dealt to 6eb69f95 
Dealt to 7c5d5ca6 
Dealt to Hero [6d Ks]
Dealt to e7b4028c 
6eb69f95: folds
7c5d5ca6: folds
Hero: folds
e7b4028c: folds
19b1af03: folds
Uncalled bet ($0.03) returned to b9d2db06
*** SHOWDOWN ***
b9d2db06 collected $0.04 from pot
*** SUMMARY ***
Total pot $0.04 | Rake $0 | Jackpot $0 | Bingo $0 | Fortune $0
Seat 1: 19b1af03 (small blind) folded before Flop
Seat 2: b9d2db06 (big blind) collected ($0.04)
Seat 3: 6eb69f95 folded before Flop (didn't bet)
Seat 4: 7c5d5ca6 folded before Flop (didn't bet)
Seat 5: Hero folded before Flop (didn't bet)
Seat 6: e7b4028c (button) folded before Flop (didn't bet)


Poker Hand #HD1151799442: Hold'em No Limit  ($0.02/$0.05) - 2023/03/08 21:35:10
Table 'NLHBlue124' 6-max Seat #5 is the button
Seat 1: 19b1af03 ($6.36 in chips)
Seat 3: 6eb69f95 ($4.75 in chips)
Seat 4: 7c5d5ca6 ($2.37 in chips)
Seat 5: Hero ($5.05 in chips)
Seat 6: e7b4028c ($5.46 in chips)
e7b4028c: posts small blind $0.02
19b1af03: posts big blind $0.05
*** HOLE CARDS ***
Dealt to 19b1af03 
Dealt to 6eb69f95 
Dealt to 7c5d5ca6 
Dealt to Hero [5s 3h]
Dealt to e7b4028c 
6eb69f95: raises $0.08 to $0.13
7c5d5ca6: folds
Hero: folds
e7b4028c: folds
19b1af03: calls $0.08
*** FLOP *** [6d Jc 4d]
19b1af03: checks
6eb69f95: bets $0.19
19b1af03: calls $0.19
*** TURN *** [6d Jc 4d] [2d]
19b1af03: bets $0.5
6eb69f95: calls $0.5
*** RIVER *** [6d Jc 4d 2d] [Tc]
19b1af03: bets $1.66
6eb69f95: raises $1.84 to $3.5
19b1af03: calls $1.84
6eb69f95: shows [Ad Kd] (Ace High Flush)
19b1af03: shows [6s 6h] (Three Sixes)
*** SHOWDOWN ***
6eb69f95 collected $8.18 from pot
*** SUMMARY ***
Total pot $8.66 | Rake $0.43 | Jackpot $0.05 | Bingo $0 | Fortune $0
Board [6d Jc 4d 2d Tc]
Seat 1: 19b1af03 (big blind) showed [6s 6h] and lost with Three Sixes
Seat 3: 6eb69f95 showed [Ad Kd] and won ($8.18) with Ace High Flush
Seat 4: 7c5d5ca6 folded before Flop (didn't bet)
Seat 5: Hero (button) folded before Flop (didn't bet)
Seat 6: e7b4028c (small blind) folded before Flop


Poker Hand #HD1151799413: Hold'em No Limit  ($0.02/$0.05) - 2023/03/08 21:34:56
Table 'NLHBlue124' 6-max Seat #4 is the button
Seat 1: 19b1af03 ($6.36 in chips)
Seat 3: 6eb69f95 ($4.75 in chips)
Seat 4: 7c5d5ca6 ($2.37 in chips)
Seat 5: Hero ($5 in chips)
Seat 6: e7b4028c ($5.51 in chips)
Hero: posts small blind $0.02
e7b4028c: posts big blind $0.05
*** HOLE CARDS ***
Dealt to 19b1af03 
Dealt to 6eb69f95 
Dealt to 7c5d5ca6 
Dealt to Hero [Tc Ks]
Dealt to e7b4028c 
19b1af03: folds
6eb69f95: folds
7c5d5ca6: folds
Hero: raises $0.09 to $0.14
e7b4028c: folds
Uncalled bet ($0.09) returned to Hero
*** SHOWDOWN ***
Hero collected $0.1 from pot
*** SUMMARY ***
Total pot $0.1 | Rake $0 | Jackpot $0 | Bingo $0 | Fortune $0
Seat 1: 19b1af03 folded before Flop (didn't bet)
Seat 3: 6eb69f95 folded before Flop (didn't bet)
Seat 4: 7c5d5ca6 (button) folded before Flop (didn't bet)
Seat 5: Hero (small blind) collected ($0.1)
Seat 6: e7b4028c (big blind) folded before Flop


Poker Hand #HD1151799299: Hold'em No Limit  ($0.02/$0.05) - 2023/03/08 21:33:47
Table 'NLHBlue124' 6-max Seat #3 is the button
Seat 1: 19b1af03 ($6.36 in chips)
Seat 3: 6eb69f95 ($5.28 in chips)
Seat 4: 7c5d5ca6 ($1.84 in chips)
Seat 5: Hero ($5.03 in chips)
Seat 6: e7b4028c ($5.51 in chips)
7c5d5ca6: posts small blind $0.02
Hero: posts big blind $0.05
*** HOLE CARDS ***
Dealt to 19b1af03 
Dealt to 6eb69f95 
Dealt to 7c5d5ca6 
Dealt to Hero [9h Kc]
Dealt to e7b4028c 
e7b4028c: folds
19b1af03: folds
6eb69f95: raises $0.08 to $0.13
7c5d5ca6: raises $0.08 to $0.21
Hero: folds
6eb69f95: calls $0.08
*** FLOP *** [2c Jh Qh]
7c5d5ca6: checks
6eb69f95: checks
*** TURN *** [2c Jh Qh] [Qs]
7c5d5ca6: checks
6eb69f95: bets $0.32
7c5d5ca6: calls $0.32
*** RIVER *** [2c Jh Qh Qs] [6s]
7c5d5ca6: bets $0.56
6eb69f95: folds
Uncalled bet ($0.56) returned to 7c5d5ca6
*** SHOWDOWN ***
7c5d5ca6 collected $1.06 from pot
*** SUMMARY ***
Total pot $1.11 | Rake $0.05 | Jackpot $0 | Bingo $0 | Fortune $0
Board [2c Jh Qh Qs 6s]
Seat 1: 19b1af03 folded before Flop (didn't bet)
Seat 3: 6eb69f95 (button) folded on the River
Seat 4: 7c5d5ca6 (small blind) won ($1.06)
Seat 5: Hero (big blind) folded before Flop
Seat 6: e7b4028c folded before Flop (didn't bet)


Poker Hand #HD1151799251: Hold'em No Limit  ($0.02/$0.05) - 2023/03/08 21:33:21
Table 'NLHBlue124' 6-max Seat #1 is the button
Seat 1: 19b1af03 ($6.46 in chips)
Seat 3: 6eb69f95 ($5.14 in chips)
Seat 4: 7c5d5ca6 ($1.89 in chips)
Seat 5: Hero ($5.03 in chips)
Seat 6: e7b4028c ($5.51 in chips)
6eb69f95: posts small blind $0.02
7c5d5ca6: posts big blind $0.05
*** HOLE CARDS ***
Dealt to 19b1af03 
Dealt to 6eb69f95 
Dealt to 7c5d5ca6 
Dealt to Hero [Ks 3d]
Dealt to e7b4028c 
Hero: folds
e7b4028c: folds
19b1af03: raises $0.05 to $0.1
6eb69f95: raises $0.2 to $0.3
7c5d5ca6: folds
19b1af03: folds
Uncalled bet ($0.2) returned to 6eb69f95
*** SHOWDOWN ***
6eb69f95 collected $0.24 from pot
*** SUMMARY ***
Total pot $0.25 | Rake $0.01 | Jackpot $0 | Bingo $0 | Fortune $0
Seat 1: 19b1af03 (button) folded before Flop
Seat 3: 6eb69f95 (small blind) collected ($0.24)
Seat 4: 7c5d5ca6 (big blind) folded before Flop
Seat 5: Hero folded before Flop (didn't bet)
Seat 6: e7b4028c folded before Flop (didn't bet)


Poker Hand #HD1151799223: Hold'em No Limit  ($0.02/$0.05) - 2023/03/08 21:33:05
Table 'NLHBlue124' 6-max Seat #6 is the button
Seat 1: 19b1af03 ($6.48 in chips)
Seat 3: 6eb69f95 ($5.12 in chips)
Seat 4: 7c5d5ca6 ($1.89 in chips)
Seat 5: Hero ($5.03 in chips)
Seat 6: e7b4028c ($5.51 in chips)
19b1af03: posts small blind $0.02
6eb69f95: posts big blind $0.05
*** HOLE CARDS ***
Dealt to 19b1af03 
Dealt to 6eb69f95 
Dealt to 7c5d5ca6 
Dealt to Hero [5d 3s]
Dealt to e7b4028c 
7c5d5ca6: folds
Hero: folds
e7b4028c: folds
19b1af03: folds
Uncalled bet ($0.03) returned to 6eb69f95
*** SHOWDOWN ***
6eb69f95 collected $0.04 from pot
*** SUMMARY ***
Total pot $0.04 | Rake $0 | Jackpot $0 | Bingo $0 | Fortune $0
Seat 1: 19b1af03 (small blind) folded before Flop
Seat 3: 6eb69f95 (big blind) collected ($0.04)
Seat 4: 7c5d5ca6 folded before Flop (didn't bet)
Seat 5: Hero folded before Flop (didn't bet)
Seat 6: e7b4028c (button) folded before Flop (didn't bet)


Poker Hand #HD1151799208: Hold'em No Limit  ($0.02/$0.05) - 2023/03/08 21:32:58
Table 'NLHBlue124' 6-max Seat #5 is the button
Seat 1: 19b1af03 ($6.46 in chips)
Seat 3: 6eb69f95 ($5.12 in chips)
Seat 4: 7c5d5ca6 ($1.89 in chips)
Seat 5: Hero ($5.03 in chips)
Seat 6: e7b4028c ($5.53 in chips)
e7b4028c: posts small blind $0.02
19b1af03: posts big blind $0.05
*** HOLE CARDS ***
Dealt to 19b1af03 
Dealt to 6eb69f95 
Dealt to 7c5d5ca6 
Dealt to Hero [Kc 8h]
Dealt to e7b4028c 
6eb69f95: folds
7c5d5ca6: folds
Hero: folds
e7b4028c: folds
Uncalled bet ($0.03) returned to 19b1af03
*** SHOWDOWN ***
19b1af03 collected $0.04 from pot
*** SUMMARY ***
Total pot $0.04 | Rake $0 | Jackpot $0 | Bingo $0 | Fortune $0
Seat 1: 19b1af03 (big blind) collected ($0.04)
Seat 3: 6eb69f95 folded before Flop (didn't bet)
Seat 4: 7c5d5ca6 folded before Flop (didn't bet)
Seat 5: Hero (button) folded before Flop (didn't bet)
Seat 6: e7b4028c (small blind) folded before Flop


Poker Hand #HD1151799103: Hold'em No Limit  ($0.02/$0.05) - 2023/03/08 21:31:56
Table 'NLHBlue124' 6-max Seat #4 is the button
Seat 1: 19b1af03 ($6.46 in chips)
Seat 3: 6eb69f95 ($4.93 in chips)
Seat 4: 7c5d5ca6 ($2.02 in chips)
Seat 5: Hero ($5.05 in chips)
Seat 6: e7b4028c ($5.58 in chips)
Hero: posts small blind $0.02
e7b4028c: posts big blind $0.05
*** HOLE CARDS ***
Dealt to 19b1af03 
Dealt to 6eb69f95 
Dealt to 7c5d5ca6 
Dealt to Hero [Ks 4s]
Dealt to e7b4028c 
19b1af03: folds
6eb69f95: raises $0.08 to $0.13
7c5d5ca6: calls $0.13
Hero: folds
e7b4028c: folds
*** FLOP *** [7d 2h 8d]
6eb69f95: checks
7c5d5ca6: checks
*** TURN *** [7d 2h 8d] [8c]
6eb69f95: bets $0.1
7c5d5ca6: folds
Uncalled bet ($0.1) returned to 6eb69f95
*** SHOWDOWN ***
6eb69f95 collected $0.32 from pot
*** SUMMARY ***
Total pot $0.33 | Rake $0.01 | Jackpot $0 | Bingo $0 | Fortune $0
Board [7d 2h 8d 8c]
Seat 1: 19b1af03 folded before Flop (didn't bet)
Seat 3: 6eb69f95 won ($0.32)
Seat 4: 7c5d5ca6 (button) folded on the Turn
Seat 5: Hero (small blind) folded before Flop
Seat 6: e7b4028c (big blind) folded before Flop


Poker Hand #HD1151799077: Hold'em No Limit  ($0.02/$0.05) - 2023/03/08 21:31:43
Table 'NLHBlue124' 6-max Seat #3 is the button
Seat 1: 19b1af03 ($6.46 in chips)
Seat 3: 6eb69f95 ($4.93 in chips)
Seat 4: 7c5d5ca6 ($2.04 in chips)
Seat 5: Hero ($5.03 in chips)
Seat 6: e7b4028c ($5.58 in chips)
7c5d5ca6: posts small blind $0.02
Hero: posts big blind $0.05
*** HOLE CARDS ***
Dealt to 19b1af03 
Dealt to 6eb69f95 
Dealt to 7c5d5ca6 
Dealt to Hero [7c 5d]
Dealt to e7b4028c 
e7b4028c: folds
19b1af03: folds
6eb69f95: folds
7c5d5ca6: folds
Uncalled bet ($0.03) returned to Hero
*** SHOWDOWN ***
Hero collected $0.04 from pot
*** SUMMARY ***
Total pot $0.04 | Rake $0 | Jackpot $0 | Bingo $0 | Fortune $0
Seat 1: 19b1af03 folded before Flop (didn't bet)
Seat 3: 6eb69f95 (button) folded before Flop (didn't bet)
Seat 4: 7c5d5ca6 (small blind) folded before Flop
Seat 5: Hero (big blind) collected ($0.04)
Seat 6: e7b4028c folded before Flop (didn't bet)


Poker Hand #HD1151798992: Hold'em No Limit  ($0.02/$0.05) - 2023/03/08 21:30:55
Table 'NLHBlue124' 6-max Seat #1 is the button
Seat 1: 19b1af03 ($6.56 in chips)
Seat 3: 6eb69f95 ($4.95 in chips)
Seat 4: 7c5d5ca6 ($2.1 in chips)
Seat 5: Hero ($5.1 in chips)
Seat 6: e7b4028c ($5.58 in chips)
6eb69f95: posts small blind $0.02
7c5d5ca6: posts big blind $0.05
*** HOLE CARDS ***
Dealt to 19b1af03 
Dealt to 6eb69f95 
Dealt to 7c5d5ca6 
Dealt to Hero [Qd Qh]
Dealt to e7b4028c 
Hero: raises $0.05 to $0.1
e7b4028c: folds
19b1af03: calls $0.1
6eb69f95: folds
7c5d5ca6: raises $2 to $2.1 and is all-in
Hero: raises $3 to $5.1 and is all-in
19b1af03: folds
Uncalled bet ($3) returned to Hero
Hero: shows [Qd Qh]
7c5d5ca6: shows [Kd As]
*** FIRST FLOP *** [5c 7d 6c]
*** FIRST TURN *** [5c 7d 6c] [9c]
*** FIRST RIVER *** [5c 7d 6c 9c] [9d]
*** SECOND FLOP *** [2h 7s 2d]
*** SECOND TURN *** [2h 7s 2d] [8c]
*** SECOND RIVER *** [2h 7s 2d 8c] [Kc]
*** FIRST SHOWDOWN ***
Hero collected $2.03 from pot
*** SECOND SHOWDOWN ***
7c5d5ca6 collected $2.04 from pot
*** SUMMARY ***
Total pot $4.32 | Rake $0.2 | Jackpot $0.05 | Bingo $0 | Fortune $0
Hand was run two times
FIRST Board [5c 7d 6c 9c 9d]
SECOND Board [2h 7s 2d 8c Kc]
Seat 1: 19b1af03 (button) folded before Flop
Seat 3: 6eb69f95 (small blind) folded before Flop
Seat 4: 7c5d5ca6 (big blind) showed [Kd As] and lost with Pair of Nines, and won ($2.04) with Pair of Kings and Pair of Twos
Seat 5: Hero showed [Qd Qh] and won ($2.03) with Pair of Queens and Pair of Nines, and lost with Pair of Queens and Pair of Twos
Seat 6: e7b4028c folded before Flop (didn't bet)


Poker Hand #HD1151798972: Hold'em No Limit  ($0.02/$0.05) - 2023/03/08 21:30:45
Table 'NLHBlue124' 6-max Seat #6 is the button
Seat 1: 19b1af03 ($6.58 in chips)
Seat 3: 6eb69f95 ($4.93 in chips)
Seat 4: 7c5d5ca6 ($2.1 in chips)
Seat 5: Hero ($5.1 in chips)
Seat 6: e7b4028c ($5.58 in chips)
19b1af03: posts small blind $0.02
6eb69f95: posts big blind $0.05
*** HOLE CARDS ***
Dealt to 19b1af03 
Dealt to 6eb69f95 
Dealt to 7c5d5ca6 
Dealt to Hero [Jd 9c]
Dealt to e7b4028c 
7c5d5ca6: folds
Hero: folds
e7b4028c: folds
19b1af03: folds
Uncalled bet ($0.03) returned to 6eb69f95
*** SHOWDOWN ***
6eb69f95 collected $0.04 from pot
*** SUMMARY ***
Total pot $0.04 | Rake $0 | Jackpot $0 | Bingo $0 | Fortune $0
Seat 1: 19b1af03 (small blind) folded before Flop
Seat 3: 6eb69f95 (big blind) collected ($0.04)
Seat 4: 7c5d5ca6 folded before Flop (didn't bet)
Seat 5: Hero folded before Flop (didn't bet)
Seat 6: e7b4028c (button) folded before Flop (didn't bet)


Poker Hand #HD1151798942: Hold'em No Limit  ($0.02/$0.05) - 2023/03/08 21:30:28
Table 'NLHBlue124' 6-max Seat #5 is the button
Seat 1: 19b1af03 ($6.63 in chips)
Seat 2: bd2086d0 ($6.34 in chips)
Seat 3: 6eb69f95 ($4.93 in chips)
Seat 4: 7c5d5ca6 ($2.1 in chips)
Seat 5: Hero ($5.03 in chips)
Seat 6: e7b4028c ($5.6 in chips)
e7b4028c: posts small blind $0.02
19b1af03: posts big blind $0.05
*** HOLE CARDS ***
Dealt to 19b1af03 
Dealt to bd2086d0 
Dealt to 6eb69f95 
Dealt to 7c5d5ca6 
Dealt to Hero [9h Ts]
Dealt to e7b4028c 
bd2086d0: folds
6eb69f95: folds
7c5d5ca6: folds
Hero: raises $0.07 to $0.12
e7b4028c: folds
19b1af03: folds
Uncalled bet ($0.07) returned to Hero
*** SHOWDOWN ***
Hero collected $0.12 from pot
*** SUMMARY ***
Total pot $0.12 | Rake $0 | Jackpot $0 | Bingo $0 | Fortune $0
Seat 1: 19b1af03 (big blind) folded before Flop
Seat 2: bd2086d0 folded before Flop (didn't bet)
Seat 3: 6eb69f95 folded before Flop (didn't bet)
Seat 4: 7c5d5ca6 folded before Flop (didn't bet)
Seat 5: Hero (button) collected ($0.12)
Seat 6: e7b4028c (small blind) folded before Flop


Poker Hand #HD1151798761: Hold'em No Limit  ($0.02/$0.05) - 2023/03/08 21:28:54
Table 'NLHBlue124' 6-max Seat #4 is the button
Seat 1: 19b1af03 ($6.63 in chips)
Seat 2: bd2086d0 ($6.64 in chips)
Seat 3: 6eb69f95 ($4.93 in chips)
Seat 4: 7c5d5ca6 ($1.76 in chips)
Seat 5: Hero ($5.05 in chips)
Seat 6: e7b4028c ($5.65 in chips)
Hero: posts small blind $0.02
e7b4028c: posts big blind $0.05
*** HOLE CARDS ***
Dealt to 19b1af03 
Dealt to bd2086d0 
Dealt to 6eb69f95 
Dealt to 7c5d5ca6 
Dealt to Hero [2c 3c]
Dealt to e7b4028c 
19b1af03: folds
bd2086d0: raises $0.08 to $0.13
6eb69f95: folds
7c5d5ca6: calls $0.13
Hero: folds
e7b4028c: folds
*** FLOP *** [Qd 7h 3h]
bd2086d0: bets $0.17
7c5d5ca6: calls $0.17
*** TURN *** [Qd 7h 3h] [Jh]
bd2086d0: checks
7c5d5ca6: bets $0.34
bd2086d0: folds
Uncalled bet ($0.34) returned to 7c5d5ca6
*** SHOWDOWN ***
7c5d5ca6 collected $0.64 from pot
*** SUMMARY ***
Total pot $0.67 | Rake $0.03 | Jackpot $0 | Bingo $0 | Fortune $0
Board [Qd 7h 3h Jh]
Seat 1: 19b1af03 folded before Flop (didn't bet)
Seat 2: bd2086d0 folded on the Turn
Seat 3: 6eb69f95 folded before Flop (didn't bet)
Seat 4: 7c5d5ca6 (button) won ($0.64)
Seat 5: Hero (small blind) folded before Flop
Seat 6: e7b4028c (big blind) folded before Flop


Poker Hand #HD1151798672: Hold'em No Limit  ($0.02/$0.05) - 2023/03/08 21:28:10
Table 'NLHBlue124' 6-max Seat #3 is the button
Seat 1: 19b1af03 ($6.63 in chips)
Seat 2: bd2086d0 ($6.5 in chips)
Seat 3: 6eb69f95 ($4.93 in chips)
Seat 4: 7c5d5ca6 ($1.78 in chips)
Seat 5: Hero ($5.18 in chips)
Seat 6: e7b4028c ($5.65 in chips)
7c5d5ca6: posts small blind $0.02
Hero: posts big blind $0.05
*** HOLE CARDS ***
Dealt to 19b1af03 
Dealt to bd2086d0 
Dealt to 6eb69f95 
Dealt to 7c5d5ca6 
Dealt to Hero [9s Kc]
Dealt to e7b4028c 
e7b4028c: folds
19b1af03: folds
bd2086d0: raises $0.08 to $0.13
6eb69f95: folds
7c5d5ca6: folds
Hero: calls $0.08
*** FLOP *** [5c Th 4d]
Hero: checks
bd2086d0: bets $0.19
Hero: folds
Uncalled bet ($0.19) returned to bd2086d0
*** SHOWDOWN ***
bd2086d0 collected $0.27 from pot
*** SUMMARY ***
Total pot $0.28 | Rake $0.01 | Jackpot $0 | Bingo $0 | Fortune $0
Board [5c Th 4d]
Seat 1: 19b1af03 folded before Flop (didn't bet)
Seat 2: bd2086d0 won ($0.27)
Seat 3: 6eb69f95 (button) folded before Flop (didn't bet)
Seat 4: 7c5d5ca6 (small blind) folded before Flop
Seat 5: Hero (big blind) folded on the Flop
Seat 6: e7b4028c folded before Flop (didn't bet)


Poker Hand #HD1151798649: Hold'em No Limit  ($0.02/$0.05) - 2023/03/08 21:27:58
Table 'NLHBlue124' 6-max Seat #2 is the button
Seat 1: 19b1af03 ($6.63 in chips)
Seat 2: bd2086d0 ($6.5 in chips)
Seat 3: 6eb69f95 ($4.95 in chips)
Seat 4: 7c5d5ca6 ($1.76 in chips)
Seat 5: Hero ($5.18 in chips)
Seat 6: e7b4028c ($5.65 in chips)
6eb69f95: posts small blind $0.02
7c5d5ca6: posts big blind $0.05
*** HOLE CARDS ***
Dealt to 19b1af03 
Dealt to bd2086d0 
Dealt to 6eb69f95 
Dealt to 7c5d5ca6 
Dealt to Hero [4h Td]
Dealt to e7b4028c 
Hero: folds
e7b4028c: folds
19b1af03: folds
bd2086d0: folds
6eb69f95: folds
Uncalled bet ($0.03) returned to 7c5d5ca6
*** SHOWDOWN ***
7c5d5ca6 collected $0.04 from pot
*** SUMMARY ***
Total pot $0.04 | Rake $0 | Jackpot $0 | Bingo $0 | Fortune $0
Seat 1: 19b1af03 folded before Flop (didn't bet)
Seat 2: bd2086d0 (button) folded before Flop (didn't bet)
Seat 3: 6eb69f95 (small blind) folded before Flop
Seat 4: 7c5d5ca6 (big blind) collected ($0.04)
Seat 5: Hero folded before Flop (didn't bet)
Seat 6: e7b4028c folded before Flop (didn't bet)


Poker Hand #HD1151798605: Hold'em No Limit  ($0.02/$0.05) - 2023/03/08 21:27:39
Table 'NLHBlue124' 6-max Seat #1 is the button
Seat 1: 19b1af03 ($6.63 in chips)
Seat 2: bd2086d0 ($6.52 in chips)
Seat 3: 6eb69f95 ($5 in chips)
Seat 4: 7c5d5ca6 ($1.69 in chips)
Seat 5: Hero ($5.18 in chips)
Seat 6: e7b4028c ($5.65 in chips)
bd2086d0: posts small blind $0.02
6eb69f95: posts big blind $0.05
*** HOLE CARDS ***
Dealt to 19b1af03 
Dealt to bd2086d0 
Dealt to 6eb69f95 
Dealt to 7c5d5ca6 
Dealt to Hero [5c 6h]
Dealt to e7b4028c 
7c5d5ca6: raises $0.05 to $0.1
Hero: folds
e7b4028c: folds
19b1af03: folds
bd2086d0: folds
6eb69f95: folds
Uncalled bet ($0.05) returned to 7c5d5ca6
*** SHOWDOWN ***
7c5d5ca6 collected $0.12 from pot
*** SUMMARY ***
Total pot $0.12 | Rake $0 | Jackpot $0 | Bingo $0 | Fortune $0
Seat 1: 19b1af03 (button) folded before Flop (didn't bet)
Seat 2: bd2086d0 (small blind) folded before Flop
Seat 3: 6eb69f95 (big blind) folded before Flop
Seat 4: 7c5d5ca6 collected ($0.12)
Seat 5: Hero folded before Flop (didn't bet)
Seat 6: e7b4028c folded before Flop (didn't bet)


Poker Hand #HD1151798579: Hold'em No Limit  ($0.02/$0.05) - 2023/03/08 21:27:23
Table 'NLHBlue124' 6-max Seat #6 is the button
Seat 1: 19b1af03 ($6.65 in chips)
Seat 2: bd2086d0 ($6.57 in chips)
Seat 4: 7c5d5ca6 ($1.62 in chips)
Seat 5: Hero ($5.18 in chips)
Seat 6: e7b4028c ($5.65 in chips)
19b1af03: posts small blind $0.02
bd2086d0: posts big blind $0.05
*** HOLE CARDS ***
Dealt to 19b1af03 
Dealt to bd2086d0 
Dealt to 7c5d5ca6 
Dealt to Hero [3h 9d]
Dealt to e7b4028c 
7c5d5ca6: raises $0.05 to $0.1
Hero: folds
e7b4028c: folds
19b1af03: folds
bd2086d0: folds
Uncalled bet ($0.05) returned to 7c5d5ca6
*** SHOWDOWN ***
7c5d5ca6 collected $0.12 from pot
*** SUMMARY ***
Total pot $0.12 | Rake $0 | Jackpot $0 | Bingo $0 | Fortune $0
Seat 1: 19b1af03 (small blind) folded before Flop
Seat 2: bd2086d0 (big blind) folded before Flop
Seat 4: 7c5d5ca6 collected ($0.12)
Seat 5: Hero folded before Flop (didn't bet)
Seat 6: e7b4028c (button) folded before Flop (didn't bet)


Poker Hand #HD1151798395: Hold'em No Limit  ($0.02/$0.05) - 2023/03/08 21:25:38
Table 'NLHBlue124' 6-max Seat #5 is the button
Seat 1: 19b1af03 ($5.71 in chips)
Seat 2: bd2086d0 ($6.57 in chips)
Seat 4: 7c5d5ca6 ($2.69 in chips)
Seat 5: Hero ($5.18 in chips)
Seat 6: e7b4028c ($5.67 in chips)
e7b4028c: posts small blind $0.02
19b1af03: posts big blind $0.05
*** HOLE CARDS ***
Dealt to 19b1af03 
Dealt to bd2086d0 
Dealt to 7c5d5ca6 
Dealt to Hero [8h 5s]
Dealt to e7b4028c 
bd2086d0: folds
7c5d5ca6: raises $0.12 to $0.17
Hero: folds
e7b4028c: folds
19b1af03: calls $0.12
*** FLOP *** [Th Qh 4s]
19b1af03: checks
7c5d5ca6: bets $0.18
19b1af03: calls $0.18
*** TURN *** [Th Qh 4s] [2d]
19b1af03: bets $0.36
7c5d5ca6: raises $0.36 to $0.72
19b1af03: calls $0.36
*** RIVER *** [Th Qh 4s 2d] [9h]
19b1af03: bets $1.62
7c5d5ca6: folds
Uncalled bet ($1.62) returned to 19b1af03
*** SHOWDOWN ***
19b1af03 collected $2.01 from pot
*** SUMMARY ***
Total pot $2.16 | Rake $0.1 | Jackpot $0.05 | Bingo $0 | Fortune $0
Board [Th Qh 4s 2d 9h]
Seat 1: 19b1af03 (big blind) won ($2.01)
Seat 2: bd2086d0 folded before Flop (didn't bet)
Seat 4: 7c5d5ca6 folded on the River
Seat 5: Hero (button) folded before Flop (didn't bet)
Seat 6: e7b4028c (small blind) folded before Flop


Poker Hand #HD1151798342: Hold'em No Limit  ($0.02/$0.05) - 2023/03/08 21:25:06
Table 'NLHBlue124' 6-max Seat #4 is the button
Seat 1: 19b1af03 ($5.71 in chips)
Seat 2: bd2086d0 ($6.57 in chips)
Seat 4: 7c5d5ca6 ($2.62 in chips)
Seat 5: Hero ($5.2 in chips)
Seat 6: e7b4028c ($5.72 in chips)
Hero: posts small blind $0.02
e7b4028c: posts big blind $0.05
*** HOLE CARDS ***
Dealt to 19b1af03 
Dealt to bd2086d0 
Dealt to 7c5d5ca6 
Dealt to Hero [Kh Ts]
Dealt to e7b4028c 
19b1af03: folds
bd2086d0: folds
7c5d5ca6: raises $0.05 to $0.1
Hero: folds
e7b4028c: folds
Uncalled bet ($0.05) returned to 7c5d5ca6
*** SHOWDOWN ***
7c5d5ca6 collected $0.12 from pot
*** SUMMARY ***
Total pot $0.12 | Rake $0 | Jackpot $0 | Bingo $0 | Fortune $0
Seat 1: 19b1af03 folded before Flop (didn't bet)
Seat 2: bd2086d0 folded before Flop (didn't bet)
Seat 4: 7c5d5ca6 (button) collected ($0.12)
Seat 5: Hero (small blind) folded before Flop
Seat 6: e7b4028c (big blind) folded before Flop


Poker Hand #HD1151798223: Hold'em No Limit  ($0.02/$0.05) - 2023/03/08 21:24:03
Table 'NLHBlue124' 6-max Seat #2 is the button
Seat 1: 19b1af03 ($5.07 in chips)
Seat 2: bd2086d0 ($6.57 in chips)
Seat 4: 7c5d5ca6 ($3.27 in chips)
Seat 5: Hero ($5.25 in chips)
Seat 6: e7b4028c ($5.72 in chips)
7c5d5ca6: posts small blind $0.02
Hero: posts big blind $0.05
*** HOLE CARDS ***
Dealt to 19b1af03 
Dealt to bd2086d0 
Dealt to 7c5d5ca6 
Dealt to Hero [Th 4s]
Dealt to e7b4028c 
e7b4028c: folds
19b1af03: raises $0.05 to $0.1
bd2086d0: folds
7c5d5ca6: calls $0.08
Hero: folds
*** FLOP *** [Qh 6s 4h]
7c5d5ca6: checks
19b1af03: bets $0.1
7c5d5ca6: calls $0.1
*** TURN *** [Qh 6s 4h] [Qc]
7c5d5ca6: checks
19b1af03: checks
*** RIVER *** [Qh 6s 4h Qc] [Qd]
7c5d5ca6: bets $0.45
19b1af03: calls $0.45
7c5d5ca6: shows [9h Kc] (Three Queens)
19b1af03: shows [As 8s] (Three Queens)
*** SHOWDOWN ***
19b1af03 collected $1.29 from pot
*** SUMMARY ***
Total pot $1.35 | Rake $0.06 | Jackpot $0 | Bingo $0 | Fortune $0
Board [Qh 6s 4h Qc Qd]
Seat 1: 19b1af03 showed [As 8s] and won ($1.29) with Three Queens
Seat 2: bd2086d0 (button) folded before Flop (didn't bet)
Seat 4: 7c5d5ca6 (small blind) showed [9h Kc] and lost with Three Queens
Seat 5: Hero (big blind) folded before Flop
Seat 6: e7b4028c folded before Flop (didn't bet)


Poker Hand #HD1151798114: Hold'em No Limit  ($0.02/$0.05) - 2023/03/08 21:23:04
Table 'NLHBlue124' 6-max Seat #1 is the button
Seat 1: 19b1af03 ($5.07 in chips)
Seat 2: bd2086d0 ($6.59 in chips)
Seat 4: 7c5d5ca6 ($3.52 in chips)
Seat 5: Hero ($5 in chips)
Seat 6: e7b4028c ($5.72 in chips)
bd2086d0: posts small blind $0.02
7c5d5ca6: posts big blind $0.05
*** HOLE CARDS ***
Dealt to 19b1af03 
Dealt to bd2086d0 
Dealt to 7c5d5ca6 
Dealt to Hero [7d 7s]
Dealt to e7b4028c 
Hero: raises $0.07 to $0.12
e7b4028c: folds
19b1af03: folds
bd2086d0: folds
7c5d5ca6: calls $0.07
*** FLOP *** [Td 2s Qd]
7c5d5ca6: checks
Hero: bets $0.13
7c5d5ca6: calls $0.13
*** TURN *** [Td 2s Qd] [Th]
7c5d5ca6: checks
Hero: bets $0.26
7c5d5ca6: folds
Uncalled bet ($0.26) returned to Hero
*** SHOWDOWN ***
Hero collected $0.5 from pot
*** SUMMARY ***
Total pot $0.52 | Rake $0.02 | Jackpot $0 | Bingo $0 | Fortune $0
Board [Td 2s Qd Th]
Seat 1: 19b1af03 (button) folded before Flop (didn't bet)
Seat 2: bd2086d0 (small blind) folded before Flop
Seat 4: 7c5d5ca6 (big blind) folded on the Turn
Seat 5: Hero won ($0.5)
Seat 6: e7b4028c folded before Flop (didn't bet)


Poker Hand #HD1151798100: Hold'em No Limit  ($0.02/$0.05) - 2023/03/08 21:22:52
Table 'NLHBlue124' 6-max Seat #6 is the button
Seat 1: 19b1af03 ($5.09 in chips)
Seat 2: bd2086d0 ($6.57 in chips)
Seat 4: 7c5d5ca6 ($3.52 in chips)
Seat 5: Hero ($5 in chips)
Seat 6: e7b4028c ($5.72 in chips)
19b1af03: posts small blind $0.02
bd2086d0: posts big blind $0.05
*** HOLE CARDS ***
Dealt to 19b1af03 
Dealt to bd2086d0 
Dealt to 7c5d5ca6 
Dealt to Hero [8c 4c]
Dealt to e7b4028c 
7c5d5ca6: folds
Hero: folds
e7b4028c: folds
19b1af03: folds
Uncalled bet ($0.03) returned to bd2086d0
*** SHOWDOWN ***
bd2086d0 collected $0.04 from pot
*** SUMMARY ***
Total pot $0.04 | Rake $0 | Jackpot $0 | Bingo $0 | Fortune $0
Seat 1: 19b1af03 (small blind) folded before Flop
Seat 2: bd2086d0 (big blind) collected ($0.04)
Seat 4: 7c5d5ca6 folded before Flop (didn't bet)
Seat 5: Hero folded before Flop (didn't bet)
Seat 6: e7b4028c (button) folded before Flop (didn't bet)


Poker Hand #HD1151798083: Hold'em No Limit  ($0.02/$0.05) - 2023/03/08 21:22:43
Table 'NLHBlue124' 6-max Seat #5 is the button
Seat 1: 19b1af03 ($5.07 in chips)
Seat 2: bd2086d0 ($6.57 in chips)
Seat 4: 7c5d5ca6 ($3.52 in chips)
Seat 5: Hero ($5 in chips)
Seat 6: e7b4028c ($5.74 in chips)
e7b4028c: posts small blind $0.02
19b1af03: posts big blind $0.05
*** HOLE CARDS ***
Dealt to 19b1af03 
Dealt to bd2086d0 
Dealt to 7c5d5ca6 
Dealt to Hero [3d 2c]
Dealt to e7b4028c 
bd2086d0: folds
7c5d5ca6: folds
Hero: folds
e7b4028c: folds
Uncalled bet ($0.03) returned to 19b1af03
*** SHOWDOWN ***
19b1af03 collected $0.04 from pot
*** SUMMARY ***
Total pot $0.04 | Rake $0 | Jackpot $0 | Bingo $0 | Fortune $0
Seat 1: 19b1af03 (big blind) collected ($0.04)
Seat 2: bd2086d0 folded before Flop (didn't bet)
Seat 4: 7c5d5ca6 folded before Flop (didn't bet)
Seat 5: Hero (button) folded before Flop (didn't bet)
Seat 6: e7b4028c (small blind) folded before Flop


Poker Hand #HD1151798049: Hold'em No Limit  ($0.02/$0.05) - 2023/03/08 21:22:22
Table 'NLHBlue124' 6-max Seat #4 is the button
Seat 1: 19b1af03 ($5 in chips)
Seat 2: bd2086d0 ($6.57 in chips)
Seat 4: 7c5d5ca6 ($3.52 in chips)
Seat 5: Hero ($5 in chips)
Seat 6: e7b4028c ($5.79 in chips)
Hero: posts small blind $0.02
e7b4028c: posts big blind $0.05
19b1af03: posts big blind $0.05
*** HOLE CARDS ***
Dealt to 19b1af03 
Dealt to bd2086d0 
Dealt to 7c5d5ca6 
Dealt to Hero [5s 8d]
Dealt to e7b4028c 
19b1af03: raises $0.05 to $0.1
bd2086d0: folds
7c5d5ca6: folds
Hero: folds
e7b4028c: folds
Uncalled bet ($0.05) returned to 19b1af03
*** SHOWDOWN ***
19b1af03 collected $0.12 from pot
*** SUMMARY ***
Total pot $0.12 | Rake $0 | Jackpot $0 | Bingo $0 | Fortune $0
Seat 1: 19b1af03 collected ($0.12)
Seat 2: bd2086d0 folded before Flop (didn't bet)
Seat 4: 7c5d5ca6 (button) folded before Flop (didn't bet)
Seat 5: Hero (small blind) folded before Flop
Seat 6: e7b4028c (big blind) folded before Flop


Poker Hand #HD1151797922: Hold'em No Limit  ($0.02/$0.05) - 2023/03/08 21:21:14
Table 'NLHBlue124' 6-max Seat #2 is the button
Seat 2: bd2086d0 ($6.57 in chips)
Seat 4: 7c5d5ca6 ($3.02 in chips)
Seat 5: Hero ($5.16 in chips)
Seat 6: e7b4028c ($5.79 in chips)
7c5d5ca6: posts small blind $0.02
Hero: posts big blind $0.05
*** HOLE CARDS ***
Dealt to bd2086d0 
Dealt to 7c5d5ca6 
Dealt to Hero [6d 9c]
Dealt to e7b4028c 
e7b4028c: folds
bd2086d0: folds
7c5d5ca6: calls $0.03
Hero: checks
*** FLOP *** [2d 3h 4c]
7c5d5ca6: checks
Hero: checks
*** TURN *** [2d 3h 4c] [7d]
7c5d5ca6: checks
Hero: checks
*** RIVER *** [2d 3h 4c 7d] [5d]
7c5d5ca6: bets $0.5
Hero: calls $0.5
7c5d5ca6: shows [Td 8d] (Ten High Flush)
Hero: shows [6d 9c] (Sevens-High Straight)
*** SHOWDOWN ***
7c5d5ca6 collected $1.05 from pot
*** SUMMARY ***
Total pot $1.1 | Rake $0.05 | Jackpot $0 | Bingo $0 | Fortune $0
Board [2d 3h 4c 7d 5d]
Seat 2: bd2086d0 (button) folded before Flop (didn't bet)
Seat 4: 7c5d5ca6 (small blind) showed [Td 8d] and won ($1.05) with Ten High Flush
Seat 5: Hero (big blind) showed [6d 9c] and lost with Sevens-High Straight
Seat 6: e7b4028c folded before Flop (didn't bet)


Poker Hand #HD1151797839: Hold'em No Limit  ($0.02/$0.05) - 2023/03/08 21:20:24
Table 'NLHBlue124' 6-max Seat #6 is the button
Seat 2: bd2086d0 ($6.59 in chips)
Seat 4: 7c5d5ca6 ($3.45 in chips)
Seat 5: Hero ($5.16 in chips)
Seat 6: e7b4028c ($5.38 in chips)
bd2086d0: posts small blind $0.02
7c5d5ca6: posts big blind $0.05
*** HOLE CARDS ***
Dealt to bd2086d0 
Dealt to 7c5d5ca6 
Dealt to Hero [Ts 3d]
Dealt to e7b4028c 
Hero: folds
e7b4028c: raises $0.07 to $0.12
bd2086d0: folds
7c5d5ca6: calls $0.07
*** FLOP *** [7c 4d Ah]
7c5d5ca6: bets $0.09
e7b4028c: calls $0.09
*** TURN *** [7c 4d Ah] [Js]
7c5d5ca6: bets $0.22
e7b4028c: raises $0.44 to $0.66
7c5d5ca6: folds
Uncalled bet ($0.44) returned to e7b4028c
*** SHOWDOWN ***
e7b4028c collected $0.84 from pot
*** SUMMARY ***
Total pot $0.88 | Rake $0.04 | Jackpot $0 | Bingo $0 | Fortune $0
Board [7c 4d Ah Js]
Seat 2: bd2086d0 (small blind) folded before Flop
Seat 4: 7c5d5ca6 (big blind) folded on the Turn
Seat 5: Hero folded before Flop (didn't bet)
Seat 6: e7b4028c (button) won ($0.84)


Poker Hand #HD1151797728: Hold'em No Limit  ($0.02/$0.05) - 2023/03/08 21:19:20
Table 'NLHBlue124' 6-max Seat #5 is the button
Seat 2: bd2086d0 ($6.52 in chips)
Seat 3: 2a07fb20 ($5.41 in chips)
Seat 4: 7c5d5ca6 ($3.5 in chips)
Seat 5: Hero ($5.16 in chips)
Seat 6: e7b4028c ($5.4 in chips)
e7b4028c: posts small blind $0.02
bd2086d0: posts big blind $0.05
*** HOLE CARDS ***
Dealt to bd2086d0 
Dealt to 2a07fb20 
Dealt to 7c5d5ca6 
Dealt to Hero [7s Kc]
Dealt to e7b4028c 
2a07fb20: folds
7c5d5ca6: calls $0.05
Hero: folds
e7b4028c: folds
bd2086d0: checks
*** FLOP *** [8h Qs Kd]
bd2086d0: checks
7c5d5ca6: checks
*** TURN *** [8h Qs Kd] [2s]
bd2086d0: bets $0.09
7c5d5ca6: folds
Uncalled bet ($0.09) returned to bd2086d0
*** SHOWDOWN ***
bd2086d0 collected $0.12 from pot
*** SUMMARY ***
Total pot $0.12 | Rake $0 | Jackpot $0 | Bingo $0 | Fortune $0
Board [8h Qs Kd 2s]
Seat 2: bd2086d0 (big blind) won ($0.12)
Seat 3: 2a07fb20 folded before Flop (didn't bet)
Seat 4: 7c5d5ca6 folded on the Turn
Seat 5: Hero (button) folded before Flop (didn't bet)
Seat 6: e7b4028c (small blind) folded before Flop


Poker Hand #HD1151797715: Hold'em No Limit  ($0.02/$0.05) - 2023/03/08 21:19:09
Table 'NLHBlue124' 6-max Seat #4 is the button
Seat 2: bd2086d0 ($6.45 in chips)
Seat 3: 2a07fb20 ($5.41 in chips)
Seat 4: 7c5d5ca6 ($3.5 in chips)
Seat 5: Hero ($5.18 in chips)
Seat 6: e7b4028c ($5.45 in chips)
Hero: posts small blind $0.02
e7b4028c: posts big blind $0.05
*** HOLE CARDS ***
Dealt to bd2086d0 
Dealt to 2a07fb20 
Dealt to 7c5d5ca6 
Dealt to Hero [5s 4h]
Dealt to e7b4028c 
bd2086d0: raises $0.08 to $0.13
2a07fb20: folds
7c5d5ca6: folds
Hero: folds
e7b4028c: folds
Uncalled bet ($0.08) returned to bd2086d0
*** SHOWDOWN ***
bd2086d0 collected $0.12 from pot
*** SUMMARY ***
Total pot $0.12 | Rake $0 | Jackpot $0 | Bingo $0 | Fortune $0
Seat 2: bd2086d0 collected ($0.12)
Seat 3: 2a07fb20 folded before Flop (didn't bet)
Seat 4: 7c5d5ca6 (button) folded before Flop (didn't bet)
Seat 5: Hero (small blind) folded before Flop
Seat 6: e7b4028c (big blind) folded before Flop


Poker Hand #HD1151797627: Hold'em No Limit  ($0.02/$0.05) - 2023/03/08 21:18:21
Table 'NLHBlue124' 6-max Seat #3 is the button
Seat 1: aea3d28d ($5.01 in chips)
Seat 2: bd2086d0 ($6.45 in chips)
Seat 3: 2a07fb20 ($5.41 in chips)
Seat 4: 7c5d5ca6 ($3.7 in chips)
Seat 5: Hero ($5 in chips)
Seat 6: e7b4028c ($5.45 in chips)
7c5d5ca6: posts small blind $0.02
Hero: posts big blind $0.05
*** HOLE CARDS ***
Dealt to aea3d28d 
Dealt to bd2086d0 
Dealt to 2a07fb20 
Dealt to 7c5d5ca6 
Dealt to Hero [Th Qh]
Dealt to e7b4028c 
e7b4028c: folds
aea3d28d: folds
bd2086d0: folds
2a07fb20: folds
7c5d5ca6: calls $0.03
Hero: raises $0.15 to $0.2
7c5d5ca6: calls $0.15
*** FLOP *** [8h As 4h]
7c5d5ca6: checks
Hero: bets $0.22
7c5d5ca6: folds
Uncalled bet ($0.22) returned to Hero
*** SHOWDOWN ***
Hero collected $0.38 from pot
*** SUMMARY ***
Total pot $0.4 | Rake $0.02 | Jackpot $0 | Bingo $0 | Fortune $0
Board [8h As 4h]
Seat 1: aea3d28d folded before Flop (didn't bet)
Seat 2: bd2086d0 folded before Flop (didn't bet)
Seat 3: 2a07fb20 (button) folded before Flop (didn't bet)
Seat 4: 7c5d5ca6 (small blind) folded on the Flop
Seat 5: Hero (big blind) won ($0.38)
Seat 6: e7b4028c folded before Flop (didn't bet)


Poker Hand #HD1151797574: Hold'em No Limit  ($0.02/$0.05) - 2023/03/08 21:17:56
Table 'NLHBlue124' 6-max Seat #2 is the button
Seat 1: aea3d28d ($5.01 in chips)
Seat 2: bd2086d0 ($6.45 in chips)
Seat 3: 2a07fb20 ($5.36 in chips)
Seat 4: 7c5d5ca6 ($3.75 in chips)
Seat 5: Hero ($5 in chips)
Seat 6: e7b4028c ($5.45 in chips)
2a07fb20: posts small blind $0.02
7c5d5ca6: posts big blind $0.05
*** HOLE CARDS ***
Dealt to aea3d28d 
Dealt to bd2086d0 
Dealt to 2a07fb20 
Dealt to 7c5d5ca6 
Dealt to Hero [3c 5c]
Dealt to e7b4028c 
Hero: folds
e7b4028c: folds
aea3d28d: folds
bd2086d0: folds
2a07fb20: raises $0.07 to $0.12
7c5d5ca6: folds
Uncalled bet ($0.07) returned to 2a07fb20
*** SHOWDOWN ***
2a07fb20 collected $0.1 from pot
*** SUMMARY ***
Total pot $0.1 | Rake $0 | Jackpot $0 | Bingo $0 | Fortune $0
Seat 1: aea3d28d folded before Flop (didn't bet)
Seat 2: bd2086d0 (button) folded before Flop (didn't bet)
Seat 3: 2a07fb20 (small blind) collected ($0.1)
Seat 4: 7c5d5ca6 (big blind) folded before Flop
Seat 5: Hero folded before Flop (didn't bet)
Seat 6: e7b4028c folded before Flop (didn't bet)


Poker Hand #HD1151797528: Hold'em No Limit  ($0.02/$0.05) - 2023/03/08 21:17:29
Table 'NLHBlue124' 6-max Seat #1 is the button
Seat 1: aea3d28d ($5.14 in chips)
Seat 2: bd2086d0 ($6.28 in chips)
Seat 3: 2a07fb20 ($5.41 in chips)
Seat 5: Hero ($5 in chips)
Seat 6: e7b4028c ($5.45 in chips)
bd2086d0: posts small blind $0.02
2a07fb20: posts big blind $0.05
*** HOLE CARDS ***
Dealt to aea3d28d 
Dealt to bd2086d0 
Dealt to 2a07fb20 
Dealt to Hero [5h 7d]
Dealt to e7b4028c 
Hero: folds
e7b4028c: folds
aea3d28d: raises $0.08 to $0.13
bd2086d0: raises $0.46 to $0.59
2a07fb20: folds
aea3d28d: folds
Uncalled bet ($0.46) returned to bd2086d0
*** SHOWDOWN ***
bd2086d0 collected $0.3 from pot
*** SUMMARY ***
Total pot $0.31 | Rake $0.01 | Jackpot $0 | Bingo $0 | Fortune $0
Seat 1: aea3d28d (button) folded before Flop
Seat 2: bd2086d0 (small blind) collected ($0.3)
Seat 3: 2a07fb20 (big blind) folded before Flop
Seat 5: Hero folded before Flop (didn't bet)
Seat 6: e7b4028c folded before Flop (didn't bet)


Poker Hand #HD1151797500: Hold'em No Limit  ($0.02/$0.05) - 2023/03/08 21:17:14
Table 'NLHBlue124' 6-max Seat #6 is the button
Seat 1: aea3d28d ($5.09 in chips)
Seat 2: bd2086d0 ($6.33 in chips)
Seat 3: 2a07fb20 ($5.41 in chips)
Seat 5: Hero ($5 in chips)
Seat 6: e7b4028c ($5.45 in chips)
aea3d28d: posts small blind $0.02
bd2086d0: posts big blind $0.05
*** HOLE CARDS ***
Dealt to aea3d28d 
Dealt to bd2086d0 
Dealt to 2a07fb20 
Dealt to Hero [Qh 4s]
Dealt to e7b4028c 
2a07fb20: folds
Hero: folds
e7b4028c: folds
aea3d28d: raises $0.08 to $0.13
bd2086d0: folds
Uncalled bet ($0.08) returned to aea3d28d
*** SHOWDOWN ***
aea3d28d collected $0.1 from pot
*** SUMMARY ***
Total pot $0.1 | Rake $0 | Jackpot $0 | Bingo $0 | Fortune $0
Seat 1: aea3d28d (small blind) collected ($0.1)
Seat 2: bd2086d0 (big blind) folded before Flop
Seat 3: 2a07fb20 folded before Flop (didn't bet)
Seat 5: Hero folded before Flop (didn't bet)
Seat 6: e7b4028c (button) folded before Flop (didn't bet)


Poker Hand #HD1151797460: Hold'em No Limit  ($0.02/$0.05) - 2023/03/08 21:16:47
Table 'NLHBlue124' 6-max Seat #5 is the button
Seat 1: aea3d28d ($5.14 in chips)
Seat 2: bd2086d0 ($6.33 in chips)
Seat 3: 2a07fb20 ($5.41 in chips)
Seat 5: Hero ($5 in chips)
Seat 6: e7b4028c ($5.4 in chips)
e7b4028c: posts small blind $0.02
aea3d28d: posts big blind $0.05
*** HOLE CARDS ***
Dealt to aea3d28d 
Dealt to bd2086d0 
Dealt to 2a07fb20 
Dealt to Hero [Js 5h]
Dealt to e7b4028c 
bd2086d0: folds
2a07fb20: folds
Hero: folds
e7b4028c: raises $0.1 to $0.15
aea3d28d: folds
Uncalled bet ($0.1) returned to e7b4028c
*** SHOWDOWN ***
e7b4028c collected $0.1 from pot
*** SUMMARY ***
Total pot $0.1 | Rake $0 | Jackpot $0 | Bingo $0 | Fortune $0
Seat 1: aea3d28d (big blind) folded before Flop
Seat 2: bd2086d0 folded before Flop (didn't bet)
Seat 3: 2a07fb20 folded before Flop (didn't bet)
Seat 5: Hero (button) folded before Flop (didn't bet)
Seat 6: e7b4028c (small blind) collected ($0.1)


Poker Hand #HD1151797349: Hold'em No Limit  ($0.02/$0.05) - 2023/03/08 21:15:47
Table 'NLHBlue124' 6-max Seat #3 is the button
Seat 1: aea3d28d ($5.14 in chips)
Seat 2: bd2086d0 ($5.87 in chips)
Seat 3: 2a07fb20 ($5.41 in chips)
Seat 4: 78bc119a ($5.28 in chips)
Seat 5: Hero ($5 in chips)
Seat 6: e7b4028c ($5.4 in chips)
78bc119a: posts small blind $0.02
Hero: posts big blind $0.05
*** HOLE CARDS ***
Dealt to aea3d28d 
Dealt to bd2086d0 
Dealt to 2a07fb20 
Dealt to 78bc119a 
Dealt to Hero [6d 8d]
Dealt to e7b4028c 
e7b4028c: folds
aea3d28d: folds
bd2086d0: raises $0.08 to $0.13
2a07fb20: folds
78bc119a: folds
Hero: calls $0.08
*** FLOP *** [8s 3h 3s]
Hero: bets $0.1
bd2086d0: raises $0.26 to $0.36
Hero: calls $0.26
*** TURN *** [8s 3h 3s] [Ah]
Hero: checks
bd2086d0: bets $0.5
Hero: folds
Uncalled bet ($0.5) returned to bd2086d0
*** SHOWDOWN ***
bd2086d0 collected $0.95 from pot
*** SUMMARY ***
Total pot $1 | Rake $0.05 | Jackpot $0 | Bingo $0 | Fortune $0
Board [8s 3h 3s Ah]
Seat 1: aea3d28d folded before Flop (didn't bet)
Seat 2: bd2086d0 won ($0.95)
Seat 3: 2a07fb20 (button) folded before Flop (didn't bet)
Seat 4: 78bc119a (small blind) folded before Flop
Seat 5: Hero (big blind) folded on the Turn
Seat 6: e7b4028c folded before Flop (didn't bet)


Poker Hand #HD1151797279: Hold'em No Limit  ($0.02/$0.05) - 2023/03/08 21:15:14
Table 'NLHBlue124' 6-max Seat #2 is the button
Seat 1: aea3d28d ($5 in chips)
Seat 2: bd2086d0 ($5.87 in chips)
Seat 3: 2a07fb20 ($5.43 in chips)
Seat 4: 78bc119a ($5.41 in chips)
Seat 5: Hero ($5 in chips)
Seat 6: e7b4028c ($5.4 in chips)
2a07fb20: posts small blind $0.02
78bc119a: posts big blind $0.05
*** HOLE CARDS ***
Dealt to aea3d28d 
Dealt to bd2086d0 
Dealt to 2a07fb20 
Dealt to 78bc119a 
Dealt to Hero [3h 9d]
Dealt to e7b4028c 
Hero: folds
e7b4028c: folds
aea3d28d: raises $0.08 to $0.13
bd2086d0: folds
2a07fb20: folds
78bc119a: calls $0.08
*** FLOP *** [5h Qd 4c]
78bc119a: checks
aea3d28d: bets $0.1
78bc119a: folds
Uncalled bet ($0.1) returned to aea3d28d
*** SHOWDOWN ***
aea3d28d collected $0.27 from pot
*** SUMMARY ***
Total pot $0.28 | Rake $0.01 | Jackpot $0 | Bingo $0 | Fortune $0
Board [5h Qd 4c]
Seat 1: aea3d28d won ($0.27)
Seat 2: bd2086d0 (button) folded before Flop (didn't bet)
Seat 3: 2a07fb20 (small blind) folded before Flop
Seat 4: 78bc119a (big blind) folded on the Flop
Seat 5: Hero folded before Flop (didn't bet)
Seat 6: e7b4028c folded before Flop (didn't bet)


Poker Hand #HD1151797189: Hold'em No Limit  ($0.02/$0.05) - 2023/03/08 21:14:29
Table 'NLHBlue124' 6-max Seat #1 is the button
Seat 1: aea3d28d ($5 in chips)
Seat 2: bd2086d0 ($5.89 in chips)
Seat 3: 2a07fb20 ($5 in chips)
Seat 4: 78bc119a ($5.86 in chips)
Seat 5: Hero ($5 in chips)
Seat 6: e7b4028c ($5.4 in chips)
bd2086d0: posts small blind $0.02
2a07fb20: posts big blind $0.05
*** HOLE CARDS ***
Dealt to aea3d28d 
Dealt to bd2086d0 
Dealt to 2a07fb20 
Dealt to 78bc119a 
Dealt to Hero [8h 9h]
Dealt to e7b4028c 
78bc119a: raises $0.1 to $0.15
Hero: folds
e7b4028c: folds
aea3d28d: folds
bd2086d0: folds
2a07fb20: raises $0.3 to $0.45
78bc119a: calls $0.3
*** FLOP *** [2c 6s 2h]
2a07fb20: bets $0.46
78bc119a: folds
Uncalled bet ($0.46) returned to 2a07fb20
*** SHOWDOWN ***
2a07fb20 collected $0.88 from pot
*** SUMMARY ***
Total pot $0.92 | Rake $0.04 | Jackpot $0 | Bingo $0 | Fortune $0
Board [2c 6s 2h]
Seat 1: aea3d28d (button) folded before Flop (didn't bet)
Seat 2: bd2086d0 (small blind) folded before Flop
Seat 3: 2a07fb20 (big blind) won ($0.88)
Seat 4: 78bc119a folded on the Flop
Seat 5: Hero folded before Flop (didn't bet)
Seat 6: e7b4028c folded before Flop (didn't bet)


Poker Hand #HD1151797102: Hold'em No Limit  ($0.02/$0.05) - 2023/03/08 21:13:39
Table 'NLHBlue124' 6-max Seat #6 is the button
Seat 1: aea3d28d ($5.02 in chips)
Seat 2: bd2086d0 ($5.27 in chips)
Seat 4: 78bc119a ($5.91 in chips)
Seat 5: Hero ($5.03 in chips)
Seat 6: e7b4028c ($5.4 in chips)
aea3d28d: posts small blind $0.02
bd2086d0: posts big blind $0.05
*** HOLE CARDS ***
Dealt to aea3d28d 
Dealt to bd2086d0 
Dealt to 78bc119a 
Dealt to Hero [Jh Th]
Dealt to e7b4028c 
78bc119a: calls $0.05
Hero: raises $0.15 to $0.2
e7b4028c: folds
aea3d28d: folds
bd2086d0: raises $0.41 to $0.61
78bc119a: folds
Hero: calls $0.41
*** FLOP *** [As 4c 2h]
bd2086d0: bets $0.43
Hero: folds
Uncalled bet ($0.43) returned to bd2086d0
78bc119a: shows [Ac]
*** SHOWDOWN ***
bd2086d0 collected $1.23 from pot
*** SUMMARY ***
Total pot $1.29 | Rake $0.06 | Jackpot $0 | Bingo $0 | Fortune $0
Board [As 4c 2h]
Seat 1: aea3d28d (small blind) folded before Flop
Seat 2: bd2086d0 (big blind) won ($1.23)
Seat 4: 78bc119a folded before Flop
Seat 5: Hero folded on the Flop
Seat 6: e7b4028c (button) folded before Flop (didn't bet)


Poker Hand #HD1151797073: Hold'em No Limit  ($0.02/$0.05) - 2023/03/08 21:13:18
Table 'NLHBlue124' 6-max Seat #5 is the button
Seat 1: aea3d28d ($5.07 in chips)
Seat 2: bd2086d0 ($5.27 in chips)
Seat 4: 78bc119a ($5.84 in chips)
Seat 5: Hero ($5.03 in chips)
Seat 6: e7b4028c ($5.42 in chips)
e7b4028c: posts small blind $0.02
aea3d28d: posts big blind $0.05
*** HOLE CARDS ***
Dealt to aea3d28d 
Dealt to bd2086d0 
Dealt to 78bc119a 
Dealt to Hero [7c 3c]
Dealt to e7b4028c 
bd2086d0: folds
78bc119a: raises $0.1 to $0.15
Hero: folds
e7b4028c: folds
aea3d28d: folds
Uncalled bet ($0.1) returned to 78bc119a
*** SHOWDOWN ***
78bc119a collected $0.12 from pot
*** SUMMARY ***
Total pot $0.12 | Rake $0 | Jackpot $0 | Bingo $0 | Fortune $0
Seat 1: aea3d28d (big blind) folded before Flop
Seat 2: bd2086d0 folded before Flop (didn't bet)
Seat 4: 78bc119a collected ($0.12)
Seat 5: Hero (button) folded before Flop (didn't bet)
Seat 6: e7b4028c (small blind) folded before Flop


Poker Hand #HD1151796959: Hold'em No Limit  ($0.02/$0.05) - 2023/03/08 21:12:18
Table 'NLHBlue124' 6-max Seat #4 is the button
Seat 1: aea3d28d ($5.07 in chips)
Seat 2: bd2086d0 ($5.27 in chips)
Seat 4: 78bc119a ($5.68 in chips)
Seat 5: Hero ($5.05 in chips)
Seat 6: e7b4028c ($5.57 in chips)
Hero: posts small blind $0.02
e7b4028c: posts big blind $0.05
*** HOLE CARDS ***
Dealt to aea3d28d 
Dealt to bd2086d0 
Dealt to 78bc119a 
Dealt to Hero [Td 5c]
Dealt to e7b4028c 
aea3d28d: folds
bd2086d0: folds
78bc119a: raises $0.1 to $0.15
Hero: folds
e7b4028c: calls $0.1
*** FLOP *** [Ks 6d 4d]
e7b4028c: checks
78bc119a: checks
*** TURN *** [Ks 6d 4d] [Ad]
e7b4028c: checks
78bc119a: bets $0.24
e7b4028c: folds
Uncalled bet ($0.24) returned to 78bc119a
78bc119a: shows [As] (Pair of Aces)
*** SHOWDOWN ***
78bc119a collected $0.31 from pot
*** SUMMARY ***
Total pot $0.32 | Rake $0.01 | Jackpot $0 | Bingo $0 | Fortune $0
Board [Ks 6d 4d Ad]
Seat 1: aea3d28d folded before Flop (didn't bet)
Seat 2: bd2086d0 folded before Flop (didn't bet)
Seat 4: 78bc119a (button) showed [As 9d] and won ($0.31) with Pair of Aces
Seat 5: Hero (small blind) folded before Flop
Seat 6: e7b4028c (big blind) folded on the Turn


Poker Hand #HD1151796887: Hold'em No Limit  ($0.02/$0.05) - 2023/03/08 21:11:42
Table 'NLHBlue124' 6-max Seat #2 is the button
Seat 1: aea3d28d ($5.07 in chips)
Seat 2: bd2086d0 ($5.27 in chips)
Seat 4: 78bc119a ($5.63 in chips)
Seat 5: Hero ($5.1 in chips)
Seat 6: e7b4028c ($5.57 in chips)
78bc119a: posts small blind $0.02
Hero: posts big blind $0.05
*** HOLE CARDS ***
Dealt to aea3d28d 
Dealt to bd2086d0 
Dealt to 78bc119a 
Dealt to Hero [7d 2h]
Dealt to e7b4028c 
e7b4028c: folds
aea3d28d: folds
bd2086d0: folds
78bc119a: calls $0.03
Hero: checks
*** FLOP *** [4d 9s 2d]
78bc119a: checks
Hero: checks
*** TURN *** [4d 9s 2d] [Kd]
78bc119a: checks
Hero: checks
*** RIVER *** [4d 9s 2d Kd] [9c]
78bc119a: checks
Hero: checks
78bc119a: shows [4c 4s] (Fours Full over Nines)
Hero: shows [7d 2h] (Pair of Nines and Pair of Twos)
*** SHOWDOWN ***
78bc119a collected $0.1 from pot
*** SUMMARY ***
Total pot $0.1 | Rake $0 | Jackpot $0 | Bingo $0 | Fortune $0
Board [4d 9s 2d Kd 9c]
Seat 1: aea3d28d folded before Flop (didn't bet)
Seat 2: bd2086d0 (button) folded before Flop (didn't bet)
Seat 4: 78bc119a (small blind) showed [4c 4s] and won ($0.1) with Fours Full over Nines
Seat 5: Hero (big blind) showed [7d 2h] and lost with Pair of Nines and Pair of Twos
Seat 6: e7b4028c folded before Flop (didn't bet)


Poker Hand #HD1151796856: Hold'em No Limit  ($0.02/$0.05) - 2023/03/08 21:11:26
Table 'NLHBlue124' 6-max Seat #1 is the button
Seat 1: aea3d28d ($5 in chips)
Seat 2: bd2086d0 ($5.29 in chips)
Seat 4: 78bc119a ($5.68 in chips)
Seat 5: Hero ($5.1 in chips)
Seat 6: e7b4028c ($5.57 in chips)
bd2086d0: posts small blind $0.02
78bc119a: posts big blind $0.05
*** HOLE CARDS ***
Dealt to aea3d28d 
Dealt to bd2086d0 
Dealt to 78bc119a 
Dealt to Hero [Ad 3s]
Dealt to e7b4028c 
Hero: folds
e7b4028c: folds
aea3d28d: raises $0.08 to $0.13
bd2086d0: folds
78bc119a: folds
Uncalled bet ($0.08) returned to aea3d28d
*** SHOWDOWN ***
aea3d28d collected $0.12 from pot
*** SUMMARY ***
Total pot $0.12 | Rake $0 | Jackpot $0 | Bingo $0 | Fortune $0
Seat 1: aea3d28d (button) collected ($0.12)
Seat 2: bd2086d0 (small blind) folded before Flop
Seat 4: 78bc119a (big blind) folded before Flop
Seat 5: Hero folded before Flop (didn't bet)
Seat 6: e7b4028c folded before Flop (didn't bet)


Poker Hand #HD1151796744: Hold'em No Limit  ($0.02/$0.05) - 2023/03/08 21:10:17
Table 'NLHBlue124' 6-max Seat #6 is the button
Seat 1: aea3d28d ($5 in chips)
Seat 2: bd2086d0 ($5.34 in chips)
Seat 4: 78bc119a ($5.58 in chips)
Seat 5: Hero ($5.1 in chips)
Seat 6: e7b4028c ($5.57 in chips)
aea3d28d: posts small blind $0.02
bd2086d0: posts big blind $0.05
*** HOLE CARDS ***
Dealt to aea3d28d 
Dealt to bd2086d0 
Dealt to 78bc119a 
Dealt to Hero [9s 8c]
Dealt to e7b4028c 
78bc119a: calls $0.05
Hero: folds
e7b4028c: folds
aea3d28d: calls $0.03
bd2086d0: checks
*** FLOP *** [4d Qs 7d]
aea3d28d: checks
bd2086d0: checks
78bc119a: checks
*** TURN *** [4d Qs 7d] [Jd]
aea3d28d: checks
bd2086d0: checks
78bc119a: checks
*** RIVER *** [4d Qs 7d Jd] [As]
aea3d28d: checks
bd2086d0: checks
78bc119a: bets $0.15
aea3d28d: folds
bd2086d0: folds
Uncalled bet ($0.15) returned to 78bc119a
78bc119a: shows [Ah] (Pair of Aces)
*** SHOWDOWN ***
78bc119a collected $0.15 from pot
*** SUMMARY ***
Total pot $0.15 | Rake $0 | Jackpot $0 | Bingo $0 | Fortune $0
Board [4d Qs 7d Jd As]
Seat 1: aea3d28d (small blind) folded on the River
Seat 2: bd2086d0 (big blind) folded on the River
Seat 4: 78bc119a showed [2h Ah] and won ($0.15) with Pair of Aces
Seat 5: Hero folded before Flop (didn't bet)
Seat 6: e7b4028c (button) folded before Flop (didn't bet)


Poker Hand #HD1151796698: Hold'em No Limit  ($0.02/$0.05) - 2023/03/08 21:09:53
Table 'NLHBlue124' 6-max Seat #5 is the button
Seat 1: aea3d28d ($5.05 in chips)
Seat 2: bd2086d0 ($5.34 in chips)
Seat 4: 78bc119a ($5.51 in chips)
Seat 5: Hero ($5.1 in chips)
Seat 6: e7b4028c ($5.59 in chips)
e7b4028c: posts small blind $0.02
aea3d28d: posts big blind $0.05
*** HOLE CARDS ***
Dealt to aea3d28d 
Dealt to bd2086d0 
Dealt to 78bc119a 
Dealt to Hero [Ac Th]
Dealt to e7b4028c 
bd2086d0: folds
78bc119a: raises $0.12 to $0.17
Hero: folds
e7b4028c: folds
aea3d28d: folds
Uncalled bet ($0.12) returned to 78bc119a
*** SHOWDOWN ***
78bc119a collected $0.12 from pot
*** SUMMARY ***
Total pot $0.12 | Rake $0 | Jackpot $0 | Bingo $0 | Fortune $0
Seat 1: aea3d28d (big blind) folded before Flop
Seat 2: bd2086d0 folded before Flop (didn't bet)
Seat 4: 78bc119a collected ($0.12)
Seat 5: Hero (button) folded before Flop (didn't bet)
Seat 6: e7b4028c (small blind) folded before Flop


Poker Hand #HD1151796662: Hold'em No Limit  ($0.02/$0.05) - 2023/03/08 21:09:32
Table 'NLHBlue124' 6-max Seat #4 is the button
Seat 1: aea3d28d ($5.05 in chips)
Seat 2: bd2086d0 ($5.34 in chips)
Seat 4: 78bc119a ($5.44 in chips)
Seat 5: Hero ($5.12 in chips)
Seat 6: e7b4028c ($5.64 in chips)
Hero: posts small blind $0.02
e7b4028c: posts big blind $0.05
*** HOLE CARDS ***
Dealt to aea3d28d 
Dealt to bd2086d0 
Dealt to 78bc119a 
Dealt to Hero [6h Qd]
Dealt to e7b4028c 
aea3d28d: folds
bd2086d0: folds
78bc119a: raises $0.1 to $0.15
Hero: folds
e7b4028c: folds
Uncalled bet ($0.1) returned to 78bc119a
*** SHOWDOWN ***
78bc119a collected $0.12 from pot
*** SUMMARY ***
Total pot $0.12 | Rake $0 | Jackpot $0 | Bingo $0 | Fortune $0
Seat 1: aea3d28d folded before Flop (didn't bet)
Seat 2: bd2086d0 folded before Flop (didn't bet)
Seat 4: 78bc119a (button) collected ($0.12)
Seat 5: Hero (small blind) folded before Flop
Seat 6: e7b4028c (big blind) folded before Flop


Poker Hand #HD1151796613: Hold'em No Limit  ($0.02/$0.05) - 2023/03/08 21:09:01
Table 'NLHBlue124' 6-max Seat #2 is the button
Seat 1: aea3d28d ($5.05 in chips)
Seat 2: bd2086d0 ($5.34 in chips)
Seat 4: 78bc119a ($5.49 in chips)
Seat 5: Hero ($5.07 in chips)
Seat 6: e7b4028c ($5.64 in chips)
78bc119a: posts small blind $0.02
Hero: posts big blind $0.05
*** HOLE CARDS ***
Dealt to aea3d28d 
Dealt to bd2086d0 
Dealt to 78bc119a 
Dealt to Hero [9s Ah]
Dealt to e7b4028c 
e7b4028c: folds
aea3d28d: folds
bd2086d0: folds
78bc119a: calls $0.03
Hero: checks
*** FLOP *** [6d 9c 9d]
78bc119a: checks
Hero: bets $0.08
78bc119a: folds
Uncalled bet ($0.08) returned to Hero
*** SHOWDOWN ***
Hero collected $0.1 from pot
*** SUMMARY ***
Total pot $0.1 | Rake $0 | Jackpot $0 | Bingo $0 | Fortune $0
Board [6d 9c 9d]
Seat 1: aea3d28d folded before Flop (didn't bet)
Seat 2: bd2086d0 (button) folded before Flop (didn't bet)
Seat 4: 78bc119a (small blind) folded on the Flop
Seat 5: Hero (big blind) won ($0.1)
Seat 6: e7b4028c folded before Flop (didn't bet)


Poker Hand #HD1151796440: Hold'em No Limit  ($0.02/$0.05) - 2023/03/08 21:07:21
Table 'NLHBlue124' 6-max Seat #1 is the button
Seat 1: aea3d28d ($5.05 in chips)
Seat 2: bd2086d0 ($5.36 in chips)
Seat 3: 6f8151da ($5.78 in chips)
Seat 4: 78bc119a ($5.33 in chips)
Seat 5: Hero ($5.07 in chips)
Seat 6: e7b4028c ($5.64 in chips)
bd2086d0: posts small blind $0.02
6f8151da: posts big blind $0.05
*** HOLE CARDS ***
Dealt to aea3d28d 
Dealt to bd2086d0 
Dealt to 6f8151da 
Dealt to 78bc119a 
Dealt to Hero [9s 4c]
Dealt to e7b4028c 
78bc119a: raises $0.1 to $0.15
Hero: folds
e7b4028c: folds
aea3d28d: folds
bd2086d0: folds
6f8151da: calls $0.1
*** FLOP *** [4s 2c 6s]
6f8151da: checks
78bc119a: checks
*** TURN *** [4s 2c 6s] [Ah]
6f8151da: checks
78bc119a: bets $0.32
6f8151da: folds
Uncalled bet ($0.32) returned to 78bc119a
78bc119a: shows [Jc Ac] (Pair of Aces)
*** SHOWDOWN ***
78bc119a collected $0.31 from pot
*** SUMMARY ***
Total pot $0.32 | Rake $0.01 | Jackpot $0 | Bingo $0 | Fortune $0
Board [4s 2c 6s Ah]
Seat 1: aea3d28d (button) folded before Flop (didn't bet)
Seat 2: bd2086d0 (small blind) folded before Flop
Seat 3: 6f8151da (big blind) folded on the Turn
Seat 4: 78bc119a showed [Jc Ac] and won ($0.31) with Pair of Aces
Seat 5: Hero folded before Flop (didn't bet)
Seat 6: e7b4028c folded before Flop (didn't bet)


Poker Hand #HD1151796407: Hold'em No Limit  ($0.02/$0.05) - 2023/03/08 21:07:06
Table 'NLHBlue124' 6-max Seat #6 is the button
Seat 1: aea3d28d ($5 in chips)
Seat 2: bd2086d0 ($5.41 in chips)
Seat 3: 6f8151da ($5.78 in chips)
Seat 4: 78bc119a ($5.33 in chips)
Seat 5: Hero ($5.07 in chips)
Seat 6: e7b4028c ($5.64 in chips)
aea3d28d: posts small blind $0.02
bd2086d0: posts big blind $0.05
*** HOLE CARDS ***
Dealt to aea3d28d 
Dealt to bd2086d0 
Dealt to 6f8151da 
Dealt to 78bc119a 
Dealt to Hero [2d 5s]
Dealt to e7b4028c 
6f8151da: folds
78bc119a: folds
Hero: folds
e7b4028c: folds
aea3d28d: raises $0.08 to $0.13
bd2086d0: folds
Uncalled bet ($0.08) returned to aea3d28d
*** SHOWDOWN ***
aea3d28d collected $0.1 from pot
*** SUMMARY ***
Total pot $0.1 | Rake $0 | Jackpot $0 | Bingo $0 | Fortune $0
Seat 1: aea3d28d (small blind) collected ($0.1)
Seat 2: bd2086d0 (big blind) folded before Flop
Seat 3: 6f8151da folded before Flop (didn't bet)
Seat 4: 78bc119a folded before Flop (didn't bet)
Seat 5: Hero folded before Flop (didn't bet)
Seat 6: e7b4028c (button) folded before Flop (didn't bet)


Poker Hand #HD1151796386: Hold'em No Limit  ($0.02/$0.05) - 2023/03/08 21:06:53
Table 'NLHBlue124' 6-max Seat #5 is the button
Seat 1: aea3d28d ($5 in chips)
Seat 2: bd2086d0 ($5.41 in chips)
Seat 3: 6f8151da ($5.78 in chips)
Seat 4: 78bc119a ($5.33 in chips)
Seat 5: Hero ($5 in chips)
Seat 6: e7b4028c ($5.66 in chips)
e7b4028c: posts small blind $0.02
aea3d28d: posts big blind $0.05
*** HOLE CARDS ***
Dealt to aea3d28d 
Dealt to bd2086d0 
Dealt to 6f8151da 
Dealt to 78bc119a 
Dealt to Hero [9h Jc]
Dealt to e7b4028c 
bd2086d0: folds
6f8151da: folds
78bc119a: folds
Hero: raises $0.07 to $0.12
e7b4028c: folds
aea3d28d: folds
Uncalled bet ($0.07) returned to Hero
*** SHOWDOWN ***
Hero collected $0.12 from pot
*** SUMMARY ***
Total pot $0.12 | Rake $0 | Jackpot $0 | Bingo $0 | Fortune $0
Seat 1: aea3d28d (big blind) folded before Flop
Seat 2: bd2086d0 folded before Flop (didn't bet)
Seat 3: 6f8151da folded before Flop (didn't bet)
Seat 4: 78bc119a folded before Flop (didn't bet)
Seat 5: Hero (button) collected ($0.12)
Seat 6: e7b4028c (small blind) folded before Flop


Poker Hand #HD1151796312: Hold'em No Limit  ($0.02/$0.05) - 2023/03/08 21:06:12
Table 'NLHBlue124' 6-max Seat #4 is the button
Seat 1: aea3d28d ($5 in chips)
Seat 2: bd2086d0 ($5.41 in chips)
Seat 3: 6f8151da ($5.85 in chips)
Seat 4: 78bc119a ($5.2 in chips)
Seat 5: Hero ($5 in chips)
Seat 6: e7b4028c ($5.71 in chips)
Hero: posts small blind $0.02
e7b4028c: posts big blind $0.05
6f8151da: posts big blind $0.05
6f8151da: posts missed blind $0.02
*** HOLE CARDS ***
Dealt to aea3d28d 
Dealt to bd2086d0 
Dealt to 6f8151da 
Dealt to 78bc119a 
Dealt to Hero [7h 3s]
Dealt to e7b4028c 
aea3d28d: folds
bd2086d0: folds
6f8151da: checks
78bc119a: raises $0.1 to $0.15
Hero: folds
e7b4028c: folds
6f8151da: folds
Uncalled bet ($0.1) returned to 78bc119a
*** SHOWDOWN ***
78bc119a collected $0.18 from pot
*** SUMMARY ***
Total pot $0.19 | Rake $0.01 | Jackpot $0 | Bingo $0 | Fortune $0
Seat 1: aea3d28d folded before Flop (didn't bet)
Seat 2: bd2086d0 folded before Flop (didn't bet)
Seat 3: 6f8151da folded before Flop
Seat 4: 78bc119a (button) collected ($0.18)
Seat 5: Hero (small blind) folded before Flop
Seat 6: e7b4028c (big blind) folded before Flop


Poker Hand #HD1151796177: Hold'em No Limit  ($0.02/$0.05) - 2023/03/08 21:04:46
Table 'NLHBlue124' 6-max Seat #2 is the button
Seat 1: aea3d28d ($5 in chips)
Seat 2: bd2086d0 ($5.14 in chips)
Seat 4: 78bc119a ($5.32 in chips)
Seat 5: Hero ($5 in chips)
Seat 6: e7b4028c ($5.83 in chips)
78bc119a: posts small blind $0.02
Hero: posts big blind $0.05
*** HOLE CARDS ***
Dealt to aea3d28d 
Dealt to bd2086d0 
Dealt to 78bc119a 
Dealt to Hero [Th 6c]
Dealt to e7b4028c 
e7b4028c: raises $0.07 to $0.12
aea3d28d: folds
bd2086d0: calls $0.12
78bc119a: calls $0.1
Hero: folds
*** FLOP *** [4h 5c Kc]
78bc119a: checks
e7b4028c: checks
bd2086d0: checks
*** TURN *** [4h 5c Kc] [Qc]
78bc119a: checks
e7b4028c: checks
bd2086d0: checks
*** RIVER *** [4h 5c Kc Qc] [Js]
78bc119a: checks
e7b4028c: checks
bd2086d0: checks
78bc119a: shows [6d 8d] (King-High)
e7b4028c: shows [Ah 9h] (Ace-High)
bd2086d0: shows [6s 6h] (Pair of Sixes)
*** SHOWDOWN ***
bd2086d0 collected $0.39 from pot
*** SUMMARY ***
Total pot $0.41 | Rake $0.02 | Jackpot $0 | Bingo $0 | Fortune $0
Board [4h 5c Kc Qc Js]
Seat 1: aea3d28d folded before Flop (didn't bet)
Seat 2: bd2086d0 (button) showed [6s 6h] and won ($0.39) with Pair of Sixes
Seat 4: 78bc119a (small blind) showed [6d 8d] and lost with King-High
Seat 5: Hero (big blind) folded before Flop
Seat 6: e7b4028c showed [Ah 9h] and lost with Ace-High


Poker Hand #HD1151796113: Hold'em No Limit  ($0.02/$0.05) - 2023/03/08 21:04:14
Table 'NLHBlue124' 6-max Seat #1 is the button
Seat 1: aea3d28d ($5 in chips)
Seat 2: bd2086d0 ($5 in chips)
Seat 4: 78bc119a ($5.47 in chips)
Seat 5: Hero ($5 in chips)
Seat 6: e7b4028c ($5.83 in chips)
bd2086d0: posts small blind $0.02
78bc119a: posts big blind $0.05
*** HOLE CARDS ***
Dealt to aea3d28d 
Dealt to bd2086d0 
Dealt to 78bc119a 
Dealt to Hero [7c Kc]
Dealt to e7b4028c 
Hero: folds
e7b4028c: folds
aea3d28d: folds
bd2086d0: raises $0.1 to $0.15
78bc119a: calls $0.1
*** FLOP *** [Ks 2h Jd]
bd2086d0: bets $0.1
78bc119a: folds
Uncalled bet ($0.1) returned to bd2086d0
*** SHOWDOWN ***
bd2086d0 collected $0.29 from pot
*** SUMMARY ***
Total pot $0.3 | Rake $0.01 | Jackpot $0 | Bingo $0 | Fortune $0
Board [Ks 2h Jd]
Seat 1: aea3d28d (button) folded before Flop (didn't bet)
Seat 2: bd2086d0 (small blind) won ($0.29)
Seat 4: 78bc119a (big blind) folded on the Flop
Seat 5: Hero folded before Flop (didn't bet)
Seat 6: e7b4028c folded before Flop (didn't bet)


Poker Hand #HD1151796061: Hold'em No Limit  ($0.02/$0.05) - 2023/03/08 21:03:41
Table 'NLHBlue124' 6-max Seat #6 is the button
Seat 1: aea3d28d ($5 in chips)
Seat 2: bd2086d0 ($5.05 in chips)
Seat 3: 6f8151da ($5.95 in chips)
Seat 4: 78bc119a ($5.31 in chips)
Seat 5: Hero ($5 in chips)
Seat 6: e7b4028c ($5.83 in chips)
aea3d28d: posts small blind $0.02
bd2086d0: posts big blind $0.05
*** HOLE CARDS ***
Dealt to aea3d28d 
Dealt to bd2086d0 
Dealt to 6f8151da 
Dealt to 78bc119a 
Dealt to Hero [Qs 7c]
Dealt to e7b4028c 
6f8151da: raises $0.05 to $0.1
78bc119a: calls $0.1
Hero: folds
e7b4028c: folds
aea3d28d: folds
bd2086d0: folds
*** FLOP *** [5d 6d 7s]
6f8151da: checks
78bc119a: bets $0.27
6f8151da: folds
Uncalled bet ($0.27) returned to 78bc119a
78bc119a: shows [7h]
*** SHOWDOWN ***
78bc119a collected $0.26 from pot
*** SUMMARY ***
Total pot $0.27 | Rake $0.01 | Jackpot $0 | Bingo $0 | Fortune $0
Board [5d 6d 7s]
Seat 1: aea3d28d (small blind) folded before Flop
Seat 2: bd2086d0 (big blind) folded before Flop
Seat 3: 6f8151da folded on the Flop
Seat 4: 78bc119a showed [9c 7h] and won ($0.26) with Pair of Sevens
Seat 5: Hero folded before Flop (didn't bet)
Seat 6: e7b4028c (button) folded before Flop (didn't bet)


Poker Hand #HD1151795949: Hold'em No Limit  ($0.02/$0.05) - 2023/03/08 21:02:36
Table 'NLHBlue124' 6-max Seat #5 is the button
Seat 1: aea3d28d ($5.03 in chips)
Seat 2: bd2086d0 ($5.05 in chips)
Seat 3: 6f8151da ($5.3 in chips)
Seat 4: 78bc119a ($5.31 in chips)
Seat 5: Hero ($5.41 in chips)
Seat 6: e7b4028c ($5.85 in chips)
e7b4028c: posts small blind $0.02
aea3d28d: posts big blind $0.05
*** HOLE CARDS ***
Dealt to aea3d28d 
Dealt to bd2086d0 
Dealt to 6f8151da 
Dealt to 78bc119a 
Dealt to Hero [8d 8h]
Dealt to e7b4028c 
bd2086d0: folds
6f8151da: raises $0.08 to $0.13
78bc119a: folds
Hero: raises $0.17 to $0.3
e7b4028c: folds
aea3d28d: folds
6f8151da: calls $0.17
*** FLOP *** [4h 2h 2s]
6f8151da: checks
Hero: bets $0.34
6f8151da: calls $0.34
*** TURN *** [4h 2h 2s] [Th]
6f8151da: checks
Hero: checks
*** RIVER *** [4h 2h 2s Th] [Jc]
6f8151da: bets $0.45
Hero: folds
Uncalled bet ($0.45) returned to 6f8151da
*** SHOWDOWN ***
6f8151da collected $1.29 from pot
*** SUMMARY ***
Total pot $1.35 | Rake $0.06 | Jackpot $0 | Bingo $0 | Fortune $0
Board [4h 2h 2s Th Jc]
Seat 1: aea3d28d (big blind) folded before Flop
Seat 2: bd2086d0 folded before Flop (didn't bet)
Seat 3: 6f8151da won ($1.29)
Seat 4: 78bc119a folded before Flop (didn't bet)
Seat 5: Hero (button) folded on the River
Seat 6: e7b4028c (small blind) folded before Flop


Poker Hand #HD1151795869: Hold'em No Limit  ($0.02/$0.05) - 2023/03/08 21:01:51
Table 'NLHBlue124' 6-max Seat #4 is the button
Seat 1: aea3d28d ($5.03 in chips)
Seat 2: bd2086d0 ($5.05 in chips)
Seat 3: 6f8151da ($5.14 in chips)
Seat 4: 78bc119a ($5.31 in chips)
Seat 5: Hero ($5.43 in chips)
Seat 6: e7b4028c ($6 in chips)
Hero: posts small blind $0.02
e7b4028c: posts big blind $0.05
*** HOLE CARDS ***
Dealt to aea3d28d 
Dealt to bd2086d0 
Dealt to 6f8151da 
Dealt to 78bc119a 
Dealt to Hero [4c 3s]
Dealt to e7b4028c 
aea3d28d: folds
bd2086d0: folds
6f8151da: raises $0.1 to $0.15
78bc119a: folds
Hero: folds
e7b4028c: calls $0.1
*** FLOP *** [2d Kd 5c]
e7b4028c: checks
6f8151da: bets $0.15
e7b4028c: folds
Uncalled bet ($0.15) returned to 6f8151da
78bc119a: shows [Ks 2c] (Pair of Kings and Pair of Twos)
*** SHOWDOWN ***
6f8151da collected $0.31 from pot
*** SUMMARY ***
Total pot $0.32 | Rake $0.01 | Jackpot $0 | Bingo $0 | Fortune $0
Board [2d Kd 5c]
Seat 1: aea3d28d folded before Flop (didn't bet)
Seat 2: bd2086d0 folded before Flop (didn't bet)
Seat 3: 6f8151da won ($0.31)
Seat 4: 78bc119a (button) folded before Flop (didn't bet)
Seat 5: Hero (small blind) folded before Flop
Seat 6: e7b4028c (big blind) folded on the Flop


Poker Hand #HD1151795835: Hold'em No Limit  ($0.02/$0.05) - 2023/03/08 21:01:33
Table 'NLHBlue124' 6-max Seat #3 is the button
Seat 1: aea3d28d ($5.03 in chips)
Seat 2: bd2086d0 ($5.05 in chips)
Seat 3: 6f8151da ($5.14 in chips)
Seat 4: 78bc119a ($5.26 in chips)
Seat 5: Hero ($5.48 in chips)
Seat 6: e7b4028c ($6 in chips)
78bc119a: posts small blind $0.02
Hero: posts big blind $0.05
*** HOLE CARDS ***
Dealt to aea3d28d 
Dealt to bd2086d0 
Dealt to 6f8151da 
Dealt to 78bc119a 
Dealt to Hero [2h Js]
Dealt to e7b4028c 
e7b4028c: folds
aea3d28d: folds
bd2086d0: folds
6f8151da: folds
78bc119a: raises $0.1 to $0.15
Hero: folds
Uncalled bet ($0.1) returned to 78bc119a
*** SHOWDOWN ***
78bc119a collected $0.1 from pot
*** SUMMARY ***
Total pot $0.1 | Rake $0 | Jackpot $0 | Bingo $0 | Fortune $0
Seat 1: aea3d28d folded before Flop (didn't bet)
Seat 2: bd2086d0 folded before Flop (didn't bet)
Seat 3: 6f8151da (button) folded before Flop (didn't bet)
Seat 4: 78bc119a (small blind) collected ($0.1)
Seat 5: Hero (big blind) folded before Flop
Seat 6: e7b4028c folded before Flop (didn't bet)


Poker Hand #HD1151795795: Hold'em No Limit  ($0.02/$0.05) - 2023/03/08 21:01:12
Table 'NLHBlue124' 6-max Seat #2 is the button
Seat 1: aea3d28d ($5.03 in chips)
Seat 2: bd2086d0 ($5.05 in chips)
Seat 3: 6f8151da ($5.09 in chips)
Seat 4: 78bc119a ($5.31 in chips)
Seat 5: Hero ($5.48 in chips)
Seat 6: e7b4028c ($6 in chips)
6f8151da: posts small blind $0.02
78bc119a: posts big blind $0.05
*** HOLE CARDS ***
Dealt to aea3d28d 
Dealt to bd2086d0 
Dealt to 6f8151da 
Dealt to 78bc119a 
Dealt to Hero [9c 5h]
Dealt to e7b4028c 
Hero: folds
e7b4028c: folds
aea3d28d: folds
bd2086d0: folds
6f8151da: raises $0.05 to $0.1
78bc119a: folds
Uncalled bet ($0.05) returned to 6f8151da
*** SHOWDOWN ***
6f8151da collected $0.1 from pot
*** SUMMARY ***
Total pot $0.1 | Rake $0 | Jackpot $0 | Bingo $0 | Fortune $0
Seat 1: aea3d28d folded before Flop (didn't bet)
Seat 2: bd2086d0 (button) folded before Flop (didn't bet)
Seat 3: 6f8151da (small blind) collected ($0.1)
Seat 4: 78bc119a (big blind) folded before Flop
Seat 5: Hero folded before Flop (didn't bet)
Seat 6: e7b4028c folded before Flop (didn't bet)


Poker Hand #HD1151795778: Hold'em No Limit  ($0.02/$0.05) - 2023/03/08 21:01:02
Table 'NLHBlue124' 6-max Seat #1 is the button
Seat 1: aea3d28d ($5.03 in chips)
Seat 2: bd2086d0 ($5.07 in chips)
Seat 3: 6f8151da ($5.07 in chips)
Seat 4: 78bc119a ($5.31 in chips)
Seat 5: Hero ($5.48 in chips)
Seat 6: e7b4028c ($6 in chips)
bd2086d0: posts small blind $0.02
6f8151da: posts big blind $0.05
*** HOLE CARDS ***
Dealt to aea3d28d 
Dealt to bd2086d0 
Dealt to 6f8151da 
Dealt to 78bc119a 
Dealt to Hero [Jd Ts]
Dealt to e7b4028c 
78bc119a: folds
Hero: folds
e7b4028c: folds
aea3d28d: folds
bd2086d0: folds
Uncalled bet ($0.03) returned to 6f8151da
*** SHOWDOWN ***
6f8151da collected $0.04 from pot
*** SUMMARY ***
Total pot $0.04 | Rake $0 | Jackpot $0 | Bingo $0 | Fortune $0
Seat 1: aea3d28d (button) folded before Flop (didn't bet)
Seat 2: bd2086d0 (small blind) folded before Flop
Seat 3: 6f8151da (big blind) collected ($0.04)
Seat 4: 78bc119a folded before Flop (didn't bet)
Seat 5: Hero folded before Flop (didn't bet)
Seat 6: e7b4028c folded before Flop (didn't bet)


Poker Hand #HD1151795725: Hold'em No Limit  ($0.02/$0.05) - 2023/03/08 21:00:39
Table 'NLHBlue124' 6-max Seat #6 is the button
Seat 1: aea3d28d ($5.05 in chips)
Seat 2: bd2086d0 ($5 in chips)
Seat 3: 6f8151da ($5.07 in chips)
Seat 4: 78bc119a ($5.36 in chips)
Seat 5: Hero ($5.48 in chips)
Seat 6: e7b4028c ($6 in chips)
aea3d28d: posts small blind $0.02
bd2086d0: posts big blind $0.05
*** HOLE CARDS ***
Dealt to aea3d28d 
Dealt to bd2086d0 
Dealt to 6f8151da 
Dealt to 78bc119a 
Dealt to Hero [2c 5c]
Dealt to e7b4028c 
6f8151da: folds
78bc119a: calls $0.05
Hero: folds
e7b4028c: folds
aea3d28d: folds
bd2086d0: raises $0.22 to $0.27
78bc119a: folds
Uncalled bet ($0.22) returned to bd2086d0
*** SHOWDOWN ***
bd2086d0 collected $0.12 from pot
*** SUMMARY ***
Total pot $0.12 | Rake $0 | Jackpot $0 | Bingo $0 | Fortune $0
Seat 1: aea3d28d (small blind) folded before Flop
Seat 2: bd2086d0 (big blind) collected ($0.12)
Seat 3: 6f8151da folded before Flop (didn't bet)
Seat 4: 78bc119a folded before Flop
Seat 5: Hero folded before Flop (didn't bet)
Seat 6: e7b4028c (button) folded before Flop (didn't bet)


Poker Hand #HD1151795693: Hold'em No Limit  ($0.02/$0.05) - 2023/03/08 21:00:19
Table 'NLHBlue124' 6-max Seat #5 is the button
Seat 1: aea3d28d ($5.1 in chips)
Seat 2: bd2086d0 ($5 in chips)
Seat 3: 6f8151da ($5 in chips)
Seat 4: 78bc119a ($5.36 in chips)
Seat 5: Hero ($5.48 in chips)
Seat 6: e7b4028c ($6.02 in chips)
e7b4028c: posts small blind $0.02
aea3d28d: posts big blind $0.05
*** HOLE CARDS ***
Dealt to aea3d28d 
Dealt to bd2086d0 
Dealt to 6f8151da 
Dealt to 78bc119a 
Dealt to Hero [3h 4h]
Dealt to e7b4028c 
bd2086d0: folds
6f8151da: raises $0.1 to $0.15
78bc119a: folds
Hero: folds
e7b4028c: folds
aea3d28d: folds
Uncalled bet ($0.1) returned to 6f8151da
*** SHOWDOWN ***
6f8151da collected $0.12 from pot
*** SUMMARY ***
Total pot $0.12 | Rake $0 | Jackpot $0 | Bingo $0 | Fortune $0
Seat 1: aea3d28d (big blind) folded before Flop
Seat 2: bd2086d0 folded before Flop (didn't bet)
Seat 3: 6f8151da collected ($0.12)
Seat 4: 78bc119a folded before Flop (didn't bet)
Seat 5: Hero (button) folded before Flop (didn't bet)
Seat 6: e7b4028c (small blind) folded before Flop


Poker Hand #HD1151795662: Hold'em No Limit  ($0.02/$0.05) - 2023/03/08 21:00:01
Table 'NLHBlue124' 6-max Seat #4 is the button
Seat 1: aea3d28d ($5.1 in chips)
Seat 2: bd2086d0 ($5 in chips)
Seat 3: 6f8151da ($5 in chips)
Seat 4: 78bc119a ($5.36 in chips)
Seat 5: Hero ($5.43 in chips)
Seat 6: e7b4028c ($6.07 in chips)
Hero: posts small blind $0.02
e7b4028c: posts big blind $0.05
*** HOLE CARDS ***
Dealt to aea3d28d 
Dealt to bd2086d0 
Dealt to 6f8151da 
Dealt to 78bc119a 
Dealt to Hero [4c 7c]
Dealt to e7b4028c 
aea3d28d: folds
bd2086d0: folds
6f8151da: folds
78bc119a: folds
Hero: raises $0.09 to $0.14
e7b4028c: folds
Uncalled bet ($0.09) returned to Hero
*** SHOWDOWN ***
Hero collected $0.1 from pot
*** SUMMARY ***
Total pot $0.1 | Rake $0 | Jackpot $0 | Bingo $0 | Fortune $0
Seat 1: aea3d28d folded before Flop (didn't bet)
Seat 2: bd2086d0 folded before Flop (didn't bet)
Seat 3: 6f8151da folded before Flop (didn't bet)
Seat 4: 78bc119a (button) folded before Flop (didn't bet)
Seat 5: Hero (small blind) collected ($0.1)
Seat 6: e7b4028c (big blind) folded before Flop


Poker Hand #HD1151715554: Hold'em No Limit  ($0.02/$0.05) - 2023/03/08 20:59:06
Table 'NLHBlue124' 6-max Seat #3 is the button
Seat 1: aea3d28d ($5.1 in chips)
Seat 2: bd2086d0 ($5 in chips)
Seat 3: 6f8151da ($5 in chips)
Seat 4: 78bc119a ($5.41 in chips)
Seat 5: Hero ($5.38 in chips)
Seat 6: e7b4028c ($6.07 in chips)
78bc119a: posts small blind $0.02
Hero: posts big blind $0.05
*** HOLE CARDS ***
Dealt to aea3d28d 
Dealt to bd2086d0 
Dealt to 6f8151da 
Dealt to 78bc119a 
Dealt to Hero [8h Js]
Dealt to e7b4028c 
e7b4028c: folds
aea3d28d: folds
bd2086d0: folds
6f8151da: folds
78bc119a: calls $0.03
Hero: checks
*** FLOP *** [3c 9h Kh]
78bc119a: checks
Hero: checks
*** TURN *** [3c 9h Kh] [5d]
78bc119a: checks
Hero: checks
*** RIVER *** [3c 9h Kh 5d] [2c]
78bc119a: checks
Hero: checks
78bc119a: shows [6h 7h] (King-High)
Hero: shows [8h Js] (King-High)
*** SHOWDOWN ***
Hero collected $0.1 from pot
*** SUMMARY ***
Total pot $0.1 | Rake $0 | Jackpot $0 | Bingo $0 | Fortune $0
Board [3c 9h Kh 5d 2c]
Seat 1: aea3d28d folded before Flop (didn't bet)
Seat 2: bd2086d0 folded before Flop (didn't bet)
Seat 3: 6f8151da (button) folded before Flop (didn't bet)
Seat 4: 78bc119a (small blind) showed [6h 7h] and lost with King-High
Seat 5: Hero (big blind) showed [8h Js] and won ($0.1) with King-High
Seat 6: e7b4028c folded before Flop (didn't bet)


Poker Hand #HD1151715531: Hold'em No Limit  ($0.02/$0.05) - 2023/03/08 20:58:54
Table 'NLHBlue124' 6-max Seat #2 is the button
Seat 1: aea3d28d ($5.1 in chips)
Seat 2: bd2086d0 ($5 in chips)
Seat 3: 6f8151da ($5 in chips)
Seat 4: 78bc119a ($5.39 in chips)
Seat 5: Hero ($5.38 in chips)
Seat 6: e7b4028c ($6.07 in chips)
6f8151da: posts small blind $0.02
78bc119a: posts big blind $0.05
*** HOLE CARDS ***
Dealt to aea3d28d 
Dealt to bd2086d0 
Dealt to 6f8151da 
Dealt to 78bc119a 
Dealt to Hero [6h 3h]
Dealt to e7b4028c 
Hero: folds
e7b4028c: folds
aea3d28d: folds
bd2086d0: folds
6f8151da: folds
Uncalled bet ($0.03) returned to 78bc119a
*** SHOWDOWN ***
78bc119a collected $0.04 from pot
*** SUMMARY ***
Total pot $0.04 | Rake $0 | Jackpot $0 | Bingo $0 | Fortune $0
Seat 1: aea3d28d folded before Flop (didn't bet)
Seat 2: bd2086d0 (button) folded before Flop (didn't bet)
Seat 3: 6f8151da (small blind) folded before Flop
Seat 4: 78bc119a (big blind) collected ($0.04)
Seat 5: Hero folded before Flop (didn't bet)
Seat 6: e7b4028c folded before Flop (didn't bet)


Poker Hand #HD1151715420: Hold'em No Limit  ($0.02/$0.05) - 2023/03/08 20:58:02
Table 'NLHBlue124' 6-max Seat #1 is the button
Seat 1: aea3d28d ($5.1 in chips)
Seat 2: bd2086d0 ($5 in chips)
Seat 3: 6f8151da ($5.52 in chips)
Seat 4: 78bc119a ($2.85 in chips)
Seat 5: Hero ($5.38 in chips)
Seat 6: e7b4028c ($6.07 in chips)
bd2086d0: posts small blind $0.02
6f8151da: posts big blind $0.05
*** HOLE CARDS ***
Dealt to aea3d28d 
Dealt to bd2086d0 
Dealt to 6f8151da 
Dealt to 78bc119a 
Dealt to Hero [Ks Jd]
Dealt to e7b4028c 
78bc119a: raises $0.15 to $0.2
Hero: folds
e7b4028c: folds
aea3d28d: folds
bd2086d0: folds
6f8151da: calls $0.15
*** FLOP *** [Tc Qd 8h]
6f8151da: checks
78bc119a: bets $0.42
6f8151da: raises $0.78 to $1.2
78bc119a: raises $1.45 to $2.65 and is all-in
6f8151da: calls $1.45
78bc119a: shows [Kc Kd] (Pair of Kings)
6f8151da: shows [Qc As] (Pair of Queens)
*** FIRST TURN *** [Tc Qd 8h] [9h]
*** FIRST RIVER *** [Tc Qd 8h 9h] [Jh]
*** SECOND TURN *** [Tc Qd 8h] [8s]
*** SECOND RIVER *** [Tc Qd 8h 8s] [7c]
*** FIRST SHOWDOWN ***
78bc119a collected $2.7 from pot
*** SECOND SHOWDOWN ***
78bc119a collected $2.69 from pot
*** SUMMARY ***
Total pot $5.72 | Rake $0.28 | Jackpot $0.05 | Bingo $0 | Fortune $0
Hand was run two times
FIRST Board [Tc Qd 8h 9h Jh]
SECOND Board [8s 7c]
Seat 1: aea3d28d (button) folded before Flop (didn't bet)
Seat 2: bd2086d0 (small blind) folded before Flop
Seat 3: 6f8151da (big blind) showed [Qc As] and lost with Queens-High Straight, and lost
Seat 4: 78bc119a showed [Kc Kd] and won ($2.7) with Kings-High Straight, and won ($2.69)
Seat 5: Hero folded before Flop (didn't bet)
Seat 6: e7b4028c folded before Flop (didn't bet)


Poker Hand #HD1151715336: Hold'em No Limit  ($0.02/$0.05) - 2023/03/08 20:57:20
Table 'NLHBlue124' 6-max Seat #6 is the button
Seat 1: aea3d28d ($5 in chips)
Seat 2: bd2086d0 ($5.04 in chips)
Seat 3: 6f8151da ($5.52 in chips)
Seat 4: 78bc119a ($2.9 in chips)
Seat 5: Hero ($5.38 in chips)
Seat 6: e7b4028c ($6.07 in chips)
aea3d28d: posts small blind $0.02
bd2086d0: posts big blind $0.05
*** HOLE CARDS ***
Dealt to aea3d28d 
Dealt to bd2086d0 
Dealt to 6f8151da 
Dealt to 78bc119a 
Dealt to Hero [Kh 7c]
Dealt to e7b4028c 
6f8151da: folds
78bc119a: calls $0.05
Hero: folds
e7b4028c: folds
aea3d28d: calls $0.03
bd2086d0: checks
*** FLOP *** [8c Tc Qc]
aea3d28d: bets $0.08
bd2086d0: folds
78bc119a: folds
Uncalled bet ($0.08) returned to aea3d28d
*** SHOWDOWN ***
aea3d28d collected $0.15 from pot
*** SUMMARY ***
Total pot $0.15 | Rake $0 | Jackpot $0 | Bingo $0 | Fortune $0
Board [8c Tc Qc]
Seat 1: aea3d28d (small blind) won ($0.15)
Seat 2: bd2086d0 (big blind) folded on the Flop
Seat 3: 6f8151da folded before Flop (didn't bet)
Seat 4: 78bc119a folded on the Flop
Seat 5: Hero folded before Flop (didn't bet)
Seat 6: e7b4028c (button) folded before Flop (didn't bet)


Poker Hand #HD1151715152: Hold'em No Limit  ($0.02/$0.05) - 2023/03/08 20:55:54
Table 'NLHBlue124' 6-max Seat #5 is the button
Seat 1: aea3d28d ($5 in chips)
Seat 2: bd2086d0 ($5.38 in chips)
Seat 3: 6f8151da ($5.52 in chips)
Seat 4: 78bc119a ($2.9 in chips)
Seat 5: Hero ($5 in chips)
Seat 6: e7b4028c ($6.09 in chips)
e7b4028c: posts small blind $0.02
aea3d28d: posts big blind $0.05
*** HOLE CARDS ***
Dealt to aea3d28d 
Dealt to bd2086d0 
Dealt to 6f8151da 
Dealt to 78bc119a 
Dealt to Hero [Qd Qc]
Dealt to e7b4028c 
bd2086d0: raises $0.08 to $0.13
6f8151da: folds
78bc119a: folds
Hero: raises $0.21 to $0.34
e7b4028c: folds
aea3d28d: folds
bd2086d0: calls $0.21
*** FLOP *** [6c Ad 6s]
bd2086d0: checks
Hero: checks
*** TURN *** [6c Ad 6s] [2c]
bd2086d0: checks
Hero: bets $0.38
bd2086d0: folds
Uncalled bet ($0.38) returned to Hero
78bc119a: shows [6h] (Three Sixes)
*** SHOWDOWN ***
Hero collected $0.72 from pot
*** SUMMARY ***
Total pot $0.75 | Rake $0.03 | Jackpot $0 | Bingo $0 | Fortune $0
Board [6c Ad 6s 2c]
Seat 1: aea3d28d (big blind) folded before Flop
Seat 2: bd2086d0 folded on the Turn
Seat 3: 6f8151da folded before Flop (didn't bet)
Seat 4: 78bc119a folded before Flop (didn't bet)
Seat 5: Hero (button) won ($0.72)
Seat 6: e7b4028c (small blind) folded before Flop


Poker Hand #HD1151714974: Hold'em No Limit  ($0.02/$0.05) - 2023/03/08 20:54:19
Table 'NLHBlue124' 6-max Seat #4 is the button
Seat 1: 2e7f23ea ($1.42 in chips)
Seat 2: bd2086d0 ($5.51 in chips)
Seat 3: 6f8151da ($5.52 in chips)
Seat 4: 78bc119a ($2.13 in chips)
Seat 5: Hero ($5.35 in chips)
Seat 6: e7b4028c ($6.14 in chips)
Hero: posts small blind $0.02
e7b4028c: posts big blind $0.05
*** HOLE CARDS ***
Dealt to 2e7f23ea 
Dealt to bd2086d0 
Dealt to 6f8151da 
Dealt to 78bc119a 
Dealt to Hero [Kd Jc]
Dealt to e7b4028c 
2e7f23ea: folds
bd2086d0: raises $0.08 to $0.13
6f8151da: folds
78bc119a: calls $0.13
Hero: calls $0.11
e7b4028c: folds
*** FLOP *** [As 2h 5s]
Hero: checks
bd2086d0: checks
78bc119a: checks
*** TURN *** [As 2h 5s] [Kc]
Hero: bets $0.1
bd2086d0: folds
78bc119a: calls $0.1
*** RIVER *** [As 2h 5s Kc] [6h]
Hero: checks
78bc119a: bets $0.48
Hero: calls $0.48
78bc119a: shows [Ad 2s] (Pair of Aces and Pair of Twos)
Hero: shows [Kd Jc] (Pair of Kings)
*** SHOWDOWN ***
78bc119a collected $1.48 from pot
*** SUMMARY ***
Total pot $1.6 | Rake $0.07 | Jackpot $0.05 | Bingo $0 | Fortune $0
Board [As 2h 5s Kc 6h]
Seat 1: 2e7f23ea folded before Flop (didn't bet)
Seat 2: bd2086d0 folded on the Turn
Seat 3: 6f8151da folded before Flop (didn't bet)
Seat 4: 78bc119a (button) showed [Ad 2s] and won ($1.48) with Pair of Aces and Pair of Twos
Seat 5: Hero (small blind) showed [Kd Jc] and lost with Pair of Kings
Seat 6: e7b4028c (big blind) folded before Flop


Poker Hand #HD1151714886: Hold'em No Limit  ($0.02/$0.05) - 2023/03/08 20:53:32
Table 'NLHBlue124' 6-max Seat #3 is the button
Seat 1: 2e7f23ea ($1.69 in chips)
Seat 2: bd2086d0 ($5.51 in chips)
Seat 3: 6f8151da ($5.52 in chips)
Seat 4: 78bc119a ($2.15 in chips)
Seat 5: Hero ($5.08 in chips)
Seat 6: e7b4028c ($6.14 in chips)
78bc119a: posts small blind $0.02
Hero: posts big blind $0.05
*** HOLE CARDS ***
Dealt to 2e7f23ea 
Dealt to bd2086d0 
Dealt to 6f8151da 
Dealt to 78bc119a 
Dealt to Hero [Ks 5h]
Dealt to e7b4028c 
e7b4028c: folds
2e7f23ea: calls $0.05
bd2086d0: folds
6f8151da: folds
78bc119a: folds
Hero: checks
*** FLOP *** [4d 3d 2h]
Hero: bets $0.05
2e7f23ea: calls $0.05
*** TURN *** [4d 3d 2h] [6s]
Hero: bets $0.17
2e7f23ea: calls $0.17
*** RIVER *** [4d 3d 2h 6s] [2s]
Hero: bets $0.42
2e7f23ea: folds
Uncalled bet ($0.42) returned to Hero
*** SHOWDOWN ***
Hero collected $0.54 from pot
*** SUMMARY ***
Total pot $0.56 | Rake $0.02 | Jackpot $0 | Bingo $0 | Fortune $0
Board [4d 3d 2h 6s 2s]
Seat 1: 2e7f23ea folded on the River
Seat 2: bd2086d0 folded before Flop (didn't bet)
Seat 3: 6f8151da (button) folded before Flop (didn't bet)
Seat 4: 78bc119a (small blind) folded before Flop
Seat 5: Hero (big blind) won ($0.54)
Seat 6: e7b4028c folded before Flop (didn't bet)


Poker Hand #HD1151714699: Hold'em No Limit  ($0.02/$0.05) - 2023/03/08 20:51:50
Table 'NLHBlue124' 6-max Seat #2 is the button
Seat 1: 2e7f23ea ($1.35 in chips)
Seat 2: bd2086d0 ($5.51 in chips)
Seat 3: 6f8151da ($5.64 in chips)
Seat 4: 78bc119a ($2.27 in chips)
Seat 5: Hero ($5.08 in chips)
Seat 6: e7b4028c ($6.26 in chips)
6f8151da: posts small blind $0.02
78bc119a: posts big blind $0.05
*** HOLE CARDS ***
Dealt to 2e7f23ea 
Dealt to bd2086d0 
Dealt to 6f8151da 
Dealt to 78bc119a 
Dealt to Hero [3s Ts]
Dealt to e7b4028c 
Hero: folds
e7b4028c: raises $0.07 to $0.12
2e7f23ea: calls $0.12
bd2086d0: folds
6f8151da: calls $0.1
78bc119a: calls $0.07
*** FLOP *** [8s 2h Kh]
6f8151da: checks
78bc119a: checks
e7b4028c: checks
2e7f23ea: checks
*** TURN *** [8s 2h Kh] [8h]
6f8151da: checks
78bc119a: checks
e7b4028c: checks
2e7f23ea: checks
*** RIVER *** [8s 2h Kh 8h] [9h]
6f8151da: checks
78bc119a: checks
e7b4028c: checks
2e7f23ea: bets $0.65
6f8151da: folds
78bc119a: folds
e7b4028c: folds
Uncalled bet ($0.65) returned to 2e7f23ea
*** SHOWDOWN ***
2e7f23ea collected $0.46 from pot
*** SUMMARY ***
Total pot $0.48 | Rake $0.02 | Jackpot $0 | Bingo $0 | Fortune $0
Board [8s 2h Kh 8h 9h]
Seat 1: 2e7f23ea won ($0.46)
Seat 2: bd2086d0 (button) folded before Flop (didn't bet)
Seat 3: 6f8151da (small blind) folded on the River
Seat 4: 78bc119a (big blind) folded on the River
Seat 5: Hero folded before Flop (didn't bet)
Seat 6: e7b4028c folded on the River


Poker Hand #HD1151714535: Hold'em No Limit  ($0.02/$0.05) - 2023/03/08 20:50:24
Table 'NLHBlue124' 6-max Seat #1 is the button
Seat 1: 2e7f23ea ($1.35 in chips)
Seat 2: bd2086d0 ($5.53 in chips)
Seat 3: 6f8151da ($5.48 in chips)
Seat 4: 78bc119a ($2.42 in chips)
Seat 5: Hero ($5.08 in chips)
Seat 6: e7b4028c ($6.26 in chips)
bd2086d0: posts small blind $0.02
6f8151da: posts big blind $0.05
*** HOLE CARDS ***
Dealt to 2e7f23ea 
Dealt to bd2086d0 
Dealt to 6f8151da 
Dealt to 78bc119a 
Dealt to Hero [Td Qc]
Dealt to e7b4028c 
78bc119a: raises $0.1 to $0.15
Hero: folds
e7b4028c: folds
2e7f23ea: folds
bd2086d0: folds
6f8151da: calls $0.1
*** FLOP *** [6s 7h 2s]
6f8151da: checks
78bc119a: checks
*** TURN *** [6s 7h 2s] [7c]
6f8151da: bets $0.16
78bc119a: folds
Uncalled bet ($0.16) returned to 6f8151da
6f8151da: shows [Kc Js] (Pair of Sevens)
*** SHOWDOWN ***
6f8151da collected $0.31 from pot
*** SUMMARY ***
Total pot $0.32 | Rake $0.01 | Jackpot $0 | Bingo $0 | Fortune $0
Board [6s 7h 2s 7c]
Seat 1: 2e7f23ea (button) folded before Flop (didn't bet)
Seat 2: bd2086d0 (small blind) folded before Flop
Seat 3: 6f8151da (big blind) showed [Kc Js] and won ($0.31) with Pair of Sevens
Seat 4: 78bc119a folded on the Turn
Seat 5: Hero folded before Flop (didn't bet)
Seat 6: e7b4028c folded before Flop (didn't bet)


Poker Hand #HD1151714436: Hold'em No Limit  ($0.02/$0.05) - 2023/03/08 20:49:34
Table 'NLHBlue124' 6-max Seat #6 is the button
Seat 1: 2e7f23ea ($1.37 in chips)
Seat 2: bd2086d0 ($5.58 in chips)
Seat 3: 6f8151da ($5.91 in chips)
Seat 4: 78bc119a ($1.96 in chips)
Seat 5: Hero ($5.08 in chips)
Seat 6: e7b4028c ($6.26 in chips)
2e7f23ea: posts small blind $0.02
bd2086d0: posts big blind $0.05
*** HOLE CARDS ***
Dealt to 2e7f23ea 
Dealt to bd2086d0 
Dealt to 6f8151da 
Dealt to 78bc119a 
Dealt to Hero [9d 8h]
Dealt to e7b4028c 
6f8151da: raises $0.05 to $0.1
78bc119a: raises $0.14 to $0.24
Hero: folds
e7b4028c: folds
2e7f23ea: folds
bd2086d0: folds
6f8151da: calls $0.14
*** FLOP *** [Jd Qh 3c]
6f8151da: bets $0.19
78bc119a: raises $1.53 to $1.72 and is all-in
6f8151da: folds
Uncalled bet ($1.53) returned to 78bc119a
*** SHOWDOWN ***
78bc119a collected $0.89 from pot
*** SUMMARY ***
Total pot $0.93 | Rake $0.04 | Jackpot $0 | Bingo $0 | Fortune $0
Board [Jd Qh 3c]
Seat 1: 2e7f23ea (small blind) folded before Flop
Seat 2: bd2086d0 (big blind) folded before Flop
Seat 3: 6f8151da folded on the Flop
Seat 4: 78bc119a won ($0.89)
Seat 5: Hero folded before Flop (didn't bet)
Seat 6: e7b4028c (button) folded before Flop (didn't bet)


Poker Hand #HD1151714416: Hold'em No Limit  ($0.02/$0.05) - 2023/03/08 20:49:20
Table 'NLHBlue124' 6-max Seat #5 is the button
Seat 1: 2e7f23ea ($1.35 in chips)
Seat 2: bd2086d0 ($5.58 in chips)
Seat 3: 6f8151da ($5.91 in chips)
Seat 4: 78bc119a ($1.96 in chips)
Seat 5: Hero ($5.08 in chips)
Seat 6: e7b4028c ($6.28 in chips)
e7b4028c: posts small blind $0.02
2e7f23ea: posts big blind $0.05
*** HOLE CARDS ***
Dealt to 2e7f23ea 
Dealt to bd2086d0 
Dealt to 6f8151da 
Dealt to 78bc119a 
Dealt to Hero [9c 2s]
Dealt to e7b4028c 
bd2086d0: folds
6f8151da: folds
78bc119a: folds
Hero: folds
e7b4028c: folds
Uncalled bet ($0.03) returned to 2e7f23ea
*** SHOWDOWN ***
2e7f23ea collected $0.04 from pot
*** SUMMARY ***
Total pot $0.04 | Rake $0 | Jackpot $0 | Bingo $0 | Fortune $0
Seat 1: 2e7f23ea (big blind) collected ($0.04)
Seat 2: bd2086d0 folded before Flop (didn't bet)
Seat 3: 6f8151da folded before Flop (didn't bet)
Seat 4: 78bc119a folded before Flop (didn't bet)
Seat 5: Hero (button) folded before Flop (didn't bet)
Seat 6: e7b4028c (small blind) folded before Flop


Poker Hand #HD1151714252: Hold'em No Limit  ($0.02/$0.05) - 2023/03/08 20:47:54
Table 'NLHBlue124' 6-max Seat #4 is the button
Seat 1: 2e7f23ea ($1.35 in chips)
Seat 2: bd2086d0 ($5.58 in chips)
Seat 3: 6f8151da ($6.58 in chips)
Seat 4: 78bc119a ($1.96 in chips)
Seat 5: Hero ($5.1 in chips)
Seat 6: e7b4028c ($5.65 in chips)
Hero: posts small blind $0.02
e7b4028c: posts big blind $0.05
*** HOLE CARDS ***
Dealt to 2e7f23ea 
Dealt to bd2086d0 
Dealt to 6f8151da 
Dealt to 78bc119a 
Dealt to Hero [8c Ad]
Dealt to e7b4028c 
2e7f23ea: folds
bd2086d0: folds
6f8151da: raises $0.1 to $0.15
78bc119a: folds
Hero: folds
e7b4028c: calls $0.1
*** FLOP *** [2h 8s Jh]
e7b4028c: bets $0.16
6f8151da: calls $0.16
*** TURN *** [2h 8s Jh] [Qh]
e7b4028c: checks
6f8151da: checks
*** RIVER *** [2h 8s Jh Qh] [Qs]
e7b4028c: bets $0.36
6f8151da: calls $0.36
e7b4028c: shows [Qc Kc] (Three Queens)
6f8151da: shows [Th Tc] (Pair of Queens and Pair of Tens)
*** SHOWDOWN ***
e7b4028c collected $1.3 from pot
*** SUMMARY ***
Total pot $1.36 | Rake $0.06 | Jackpot $0 | Bingo $0 | Fortune $0
Board [2h 8s Jh Qh Qs]
Seat 1: 2e7f23ea folded before Flop (didn't bet)
Seat 2: bd2086d0 folded before Flop (didn't bet)
Seat 3: 6f8151da showed [Th Tc] and lost with Pair of Queens and Pair of Tens
Seat 4: 78bc119a (button) folded before Flop (didn't bet)
Seat 5: Hero (small blind) folded before Flop
Seat 6: e7b4028c (big blind) showed [Qc Kc] and won ($1.3) with Three Queens


Poker Hand #HD1151714219: Hold'em No Limit  ($0.02/$0.05) - 2023/03/08 20:47:34
Table 'NLHBlue124' 6-max Seat #3 is the button
Seat 1: 2e7f23ea ($1.4 in chips)
Seat 2: bd2086d0 ($5.58 in chips)
Seat 3: 6f8151da ($6.58 in chips)
Seat 4: 78bc119a ($2.01 in chips)
Seat 5: Hero ($5 in chips)
Seat 6: e7b4028c ($5.65 in chips)
78bc119a: posts small blind $0.02
Hero: posts big blind $0.05
*** HOLE CARDS ***
Dealt to 2e7f23ea 
Dealt to bd2086d0 
Dealt to 6f8151da 
Dealt to 78bc119a 
Dealt to Hero [Js Jd]
Dealt to e7b4028c 
e7b4028c: folds
2e7f23ea: calls $0.05
bd2086d0: folds
6f8151da: folds
78bc119a: calls $0.03
Hero: raises $0.23 to $0.28
2e7f23ea: folds
78bc119a: folds
Uncalled bet ($0.23) returned to Hero
*** SHOWDOWN ***
Hero collected $0.15 from pot
*** SUMMARY ***
Total pot $0.15 | Rake $0 | Jackpot $0 | Bingo $0 | Fortune $0
Seat 1: 2e7f23ea folded before Flop
Seat 2: bd2086d0 folded before Flop (didn't bet)
Seat 3: 6f8151da (button) folded before Flop (didn't bet)
Seat 4: 78bc119a (small blind) folded before Flop
Seat 5: Hero (big blind) collected ($0.15)
Seat 6: e7b4028c folded before Flop (didn't bet)


Poker Hand #HD1151714165: Hold'em No Limit  ($0.02/$0.05) - 2023/03/08 20:47:05
Table 'NLHBlue124' 6-max Seat #2 is the button
Seat 1: 2e7f23ea ($1.5 in chips)
Seat 2: bd2086d0 ($5.58 in chips)
Seat 3: 6f8151da ($6.6 in chips)
Seat 4: 78bc119a ($1.9 in chips)
Seat 5: Hero ($5 in chips)
Seat 6: e7b4028c ($5.65 in chips)
6f8151da: posts small blind $0.02
78bc119a: posts big blind $0.05
*** HOLE CARDS ***
Dealt to 2e7f23ea 
Dealt to bd2086d0 
Dealt to 6f8151da 
Dealt to 78bc119a 
Dealt to Hero [8d 3h]
Dealt to e7b4028c 
Hero: folds
e7b4028c: folds
2e7f23ea: calls $0.05
bd2086d0: folds
6f8151da: folds
78bc119a: checks
*** FLOP *** [6c 7h Tc]
78bc119a: checks
2e7f23ea: bets $0.05
78bc119a: calls $0.05
*** TURN *** [6c 7h Tc] [Ah]
78bc119a: bets $0.11
2e7f23ea: folds
Uncalled bet ($0.11) returned to 78bc119a
*** SHOWDOWN ***
78bc119a collected $0.21 from pot
*** SUMMARY ***
Total pot $0.22 | Rake $0.01 | Jackpot $0 | Bingo $0 | Fortune $0
Board [6c 7h Tc Ah]
Seat 1: 2e7f23ea folded on the Turn
Seat 2: bd2086d0 (button) folded before Flop (didn't bet)
Seat 3: 6f8151da (small blind) folded before Flop
Seat 4: 78bc119a (big blind) won ($0.21)
Seat 5: Hero folded before Flop (didn't bet)
Seat 6: e7b4028c folded before Flop (didn't bet)


Poker Hand #HD1151714055: Hold'em No Limit  ($0.02/$0.05) - 2023/03/08 20:46:07
Table 'NLHBlue124' 6-max Seat #1 is the button
Seat 1: 2e7f23ea ($1.25 in chips)
Seat 2: bd2086d0 ($5.6 in chips)
Seat 3: 6f8151da ($6.72 in chips)
Seat 4: 78bc119a ($1.9 in chips)
Seat 5: Hero ($5 in chips)
Seat 6: e7b4028c ($5.65 in chips)
bd2086d0: posts small blind $0.02
6f8151da: posts big blind $0.05
*** HOLE CARDS ***
Dealt to 2e7f23ea 
Dealt to bd2086d0 
Dealt to 6f8151da 
Dealt to 78bc119a 
Dealt to Hero [Ah 9h]
Dealt to e7b4028c 
78bc119a: folds
Hero: raises $0.07 to $0.12
e7b4028c: folds
2e7f23ea: calls $0.12
bd2086d0: folds
6f8151da: calls $0.07
*** FLOP *** [6s Jd 4h]
6f8151da: checks
Hero: checks
2e7f23ea: checks
*** TURN *** [6s Jd 4h] [4c]
6f8151da: checks
Hero: checks
2e7f23ea: bets $0.1
6f8151da: folds
Hero: folds
Uncalled bet ($0.1) returned to 2e7f23ea
*** SHOWDOWN ***
2e7f23ea collected $0.37 from pot
*** SUMMARY ***
Total pot $0.38 | Rake $0.01 | Jackpot $0 | Bingo $0 | Fortune $0
Board [6s Jd 4h 4c]
Seat 1: 2e7f23ea (button) won ($0.37)
Seat 2: bd2086d0 (small blind) folded before Flop
Seat 3: 6f8151da (big blind) folded on the Turn
Seat 4: 78bc119a folded before Flop (didn't bet)
Seat 5: Hero folded on the Turn
Seat 6: e7b4028c folded before Flop (didn't bet)


Poker Hand #HD1151713985: Hold'em No Limit  ($0.02/$0.05) - 2023/03/08 20:45:37
Table 'NLHBlue124' 6-max Seat #6 is the button
Seat 1: 2e7f23ea ($1.27 in chips)
Seat 2: bd2086d0 ($5.65 in chips)
Seat 3: 6f8151da ($6.65 in chips)
Seat 4: 78bc119a ($1.9 in chips)
Seat 5: Hero ($5 in chips)
Seat 6: e7b4028c ($5.65 in chips)
2e7f23ea: posts small blind $0.02
bd2086d0: posts big blind $0.05
*** HOLE CARDS ***
Dealt to 2e7f23ea 
Dealt to bd2086d0 
Dealt to 6f8151da 
Dealt to 78bc119a 
Dealt to Hero [As Jd]
Dealt to e7b4028c 
6f8151da: raises $0.08 to $0.13
78bc119a: folds
Hero: folds
e7b4028c: folds
2e7f23ea: folds
bd2086d0: folds
Uncalled bet ($0.08) returned to 6f8151da
*** SHOWDOWN ***
6f8151da collected $0.12 from pot
*** SUMMARY ***
Total pot $0.12 | Rake $0 | Jackpot $0 | Bingo $0 | Fortune $0
Seat 1: 2e7f23ea (small blind) folded before Flop
Seat 2: bd2086d0 (big blind) folded before Flop
Seat 3: 6f8151da collected ($0.12)
Seat 4: 78bc119a folded before Flop (didn't bet)
Seat 5: Hero folded before Flop (didn't bet)
Seat 6: e7b4028c (button) folded before Flop (didn't bet)


Poker Hand #HD1151713857: Hold'em No Limit  ($0.02/$0.05) - 2023/03/08 20:44:31
Table 'NLHBlue124' 6-max Seat #5 is the button
Seat 1: 2e7f23ea ($1.11 in chips)
Seat 2: bd2086d0 ($5.65 in chips)
Seat 3: 6f8151da ($7.12 in chips)
Seat 4: 78bc119a ($1.74 in chips)
Seat 5: Hero ($5 in chips)
Seat 6: e7b4028c ($5.67 in chips)
e7b4028c: posts small blind $0.02
2e7f23ea: posts big blind $0.05
*** HOLE CARDS ***
Dealt to 2e7f23ea 
Dealt to bd2086d0 
Dealt to 6f8151da 
Dealt to 78bc119a 
Dealt to Hero [Qh Jd]
Dealt to e7b4028c 
bd2086d0: folds
6f8151da: raises $0.08 to $0.13
78bc119a: calls $0.13
Hero: folds
e7b4028c: folds
2e7f23ea: calls $0.08
*** FLOP *** [As Tc 5d]
2e7f23ea: checks
6f8151da: bets $0.14
78bc119a: calls $0.14
2e7f23ea: calls $0.14
*** TURN *** [As Tc 5d] [Th]
2e7f23ea: checks
6f8151da: bets $0.2
78bc119a: calls $0.2
2e7f23ea: calls $0.2
*** RIVER *** [As Tc 5d Th] [8d]
2e7f23ea: checks
6f8151da: checks
78bc119a: bets $1.27 and is all-in
2e7f23ea: calls $0.64 and is all-in
6f8151da: folds
Uncalled bet ($0.63) returned to 78bc119a
78bc119a: shows [7c Ac] (Pair of Aces and Pair of Tens)
2e7f23ea: shows [8h Ad] (Pair of Aces and Pair of Tens)
6f8151da: shows [8c Ah] (Pair of Aces and Pair of Tens)
*** SHOWDOWN ***
2e7f23ea collected $1.27 from pot
78bc119a collected $1.27 from pot
*** SUMMARY ***
Total pot $2.71 | Rake $0.12 | Jackpot $0.05 | Bingo $0 | Fortune $0
Board [As Tc 5d Th 8d]
Seat 1: 2e7f23ea (big blind) showed [8h Ad] and won ($1.27) with Pair of Aces and Pair of Tens
Seat 2: bd2086d0 folded before Flop (didn't bet)
Seat 3: 6f8151da folded on the River
Seat 4: 78bc119a showed [7c Ac] and won ($1.27) with Pair of Aces and Pair of Tens
Seat 5: Hero (button) folded before Flop (didn't bet)
Seat 6: e7b4028c (small blind) folded before Flop


Poker Hand #HD1151713735: Hold'em No Limit  ($0.02/$0.05) - 2023/03/08 20:43:17
Table 'NLHBlue124' 6-max Seat #4 is the button
Seat 1: 2e7f23ea ($1.11 in chips)
Seat 2: bd2086d0 ($5.65 in chips)
Seat 3: 6f8151da ($7.12 in chips)
Seat 4: 78bc119a ($1.78 in chips)
Seat 5: Hero ($5.07 in chips)
Seat 6: e7b4028c ($5.71 in chips)
Hero: posts small blind $0.02
e7b4028c: posts big blind $0.05
*** HOLE CARDS ***
Dealt to 2e7f23ea 
Dealt to bd2086d0 
Dealt to 6f8151da 
Dealt to 78bc119a 
Dealt to Hero [Ks Qc]
Dealt to e7b4028c 
2e7f23ea: folds
bd2086d0: folds
6f8151da: folds
78bc119a: raises $0.1 to $0.15
Hero: calls $0.13
e7b4028c: calls $0.1
*** FLOP *** [8s 2h 9h]
Hero: checks
e7b4028c: checks
78bc119a: bets $0.23
Hero: folds
e7b4028c: calls $0.23
*** TURN *** [8s 2h 9h] [Js]
e7b4028c: checks
78bc119a: bets $0.91
e7b4028c: calls $0.91
*** RIVER *** [8s 2h 9h Js] [6h]
e7b4028c: checks
78bc119a: bets $0.49 and is all-in
e7b4028c: calls $0.49
78bc119a: shows [Jh Qs] (Pair of Jacks)
e7b4028c: shows [Qd Jc] (Pair of Jacks)
*** SHOWDOWN ***
e7b4028c collected $1.74 from pot
78bc119a collected $1.74 from pot
*** SUMMARY ***
Total pot $3.71 | Rake $0.18 | Jackpot $0.05 | Bingo $0 | Fortune $0
Board [8s 2h 9h Js 6h]
Seat 1: 2e7f23ea folded before Flop (didn't bet)
Seat 2: bd2086d0 folded before Flop (didn't bet)
Seat 3: 6f8151da folded before Flop (didn't bet)
Seat 4: 78bc119a (button) showed [Jh Qs] and won ($1.74) with Pair of Jacks
Seat 5: Hero (small blind) folded on the Flop
Seat 6: e7b4028c (big blind) showed [Qd Jc] and won ($1.74) with Pair of Jacks


Poker Hand #HD1151713670: Hold'em No Limit  ($0.02/$0.05) - 2023/03/08 20:42:46
Table 'NLHBlue124' 6-max Seat #3 is the button
Seat 1: 2e7f23ea ($1.16 in chips)
Seat 2: bd2086d0 ($5.65 in chips)
Seat 3: 6f8151da ($7 in chips)
Seat 4: 78bc119a ($1.8 in chips)
Seat 5: Hero ($5.12 in chips)
Seat 6: e7b4028c ($5.71 in chips)
78bc119a: posts small blind $0.02
Hero: posts big blind $0.05
*** HOLE CARDS ***
Dealt to 2e7f23ea 
Dealt to bd2086d0 
Dealt to 6f8151da 
Dealt to 78bc119a 
Dealt to Hero [6s 5c]
Dealt to e7b4028c 
e7b4028c: folds
2e7f23ea: calls $0.05
bd2086d0: folds
6f8151da: raises $0.1 to $0.15
78bc119a: folds
Hero: folds
2e7f23ea: folds
Uncalled bet ($0.1) returned to 6f8151da
*** SHOWDOWN ***
6f8151da collected $0.17 from pot
*** SUMMARY ***
Total pot $0.17 | Rake $0 | Jackpot $0 | Bingo $0 | Fortune $0
Seat 1: 2e7f23ea folded before Flop
Seat 2: bd2086d0 folded before Flop (didn't bet)
Seat 3: 6f8151da (button) collected ($0.17)
Seat 4: 78bc119a (small blind) folded before Flop
Seat 5: Hero (big blind) folded before Flop
Seat 6: e7b4028c folded before Flop (didn't bet)


Poker Hand #HD1151713606: Hold'em No Limit  ($0.02/$0.05) - 2023/03/08 20:42:12
Table 'NLHBlue124' 6-max Seat #2 is the button
Seat 1: 2e7f23ea ($1.16 in chips)
Seat 2: bd2086d0 ($5.65 in chips)
Seat 3: 6f8151da ($6.95 in chips)
Seat 4: 78bc119a ($1.85 in chips)
Seat 5: Hero ($5.12 in chips)
Seat 6: e7b4028c ($5.71 in chips)
6f8151da: posts small blind $0.02
78bc119a: posts big blind $0.05
*** HOLE CARDS ***
Dealt to 2e7f23ea 
Dealt to bd2086d0 
Dealt to 6f8151da 
Dealt to 78bc119a 
Dealt to Hero [9d Qs]
Dealt to e7b4028c 
Hero: folds
e7b4028c: folds
2e7f23ea: folds
bd2086d0: folds
6f8151da: calls $0.03
78bc119a: checks
*** FLOP *** [Th Ts Jd]
6f8151da: checks
78bc119a: checks
*** TURN *** [Th Ts Jd] [Ad]
6f8151da: checks
78bc119a: checks
*** RIVER *** [Th Ts Jd Ad] [5h]
6f8151da: checks
78bc119a: checks
6f8151da: shows [7c 8s] (Pair of Tens)
78bc119a: shows [7h 3s] (Pair of Tens)
*** SHOWDOWN ***
6f8151da collected $0.1 from pot
*** SUMMARY ***
Total pot $0.1 | Rake $0 | Jackpot $0 | Bingo $0 | Fortune $0
Board [Th Ts Jd Ad 5h]
Seat 1: 2e7f23ea folded before Flop (didn't bet)
Seat 2: bd2086d0 (button) folded before Flop (didn't bet)
Seat 3: 6f8151da (small blind) showed [7c 8s] and won ($0.1) with Pair of Tens
Seat 4: 78bc119a (big blind) showed [7h 3s] and lost with Pair of Tens
Seat 5: Hero folded before Flop (didn't bet)
Seat 6: e7b4028c folded before Flop (didn't bet)


Poker Hand #HD1151713566: Hold'em No Limit  ($0.02/$0.05) - 2023/03/08 20:41:53
Table 'NLHBlue124' 6-max Seat #1 is the button
Seat 1: 2e7f23ea ($1.09 in chips)
Seat 2: bd2086d0 ($5.67 in chips)
Seat 3: 6f8151da ($7 in chips)
Seat 4: 78bc119a ($1.85 in chips)
Seat 5: Hero ($5.12 in chips)
Seat 6: e7b4028c ($5.71 in chips)
bd2086d0: posts small blind $0.02
6f8151da: posts big blind $0.05
*** HOLE CARDS ***
Dealt to 2e7f23ea 
Dealt to bd2086d0 
Dealt to 6f8151da 
Dealt to 78bc119a 
Dealt to Hero [Jh 9d]
Dealt to e7b4028c 
78bc119a: folds
Hero: folds
e7b4028c: folds
2e7f23ea: raises $0.1 to $0.15
bd2086d0: folds
6f8151da: folds
Uncalled bet ($0.1) returned to 2e7f23ea
*** SHOWDOWN ***
2e7f23ea collected $0.12 from pot
*** SUMMARY ***
Total pot $0.12 | Rake $0 | Jackpot $0 | Bingo $0 | Fortune $0
Seat 1: 2e7f23ea (button) collected ($0.12)
Seat 2: bd2086d0 (small blind) folded before Flop
Seat 3: 6f8151da (big blind) folded before Flop
Seat 4: 78bc119a folded before Flop (didn't bet)
Seat 5: Hero folded before Flop (didn't bet)
Seat 6: e7b4028c folded before Flop (didn't bet)


Poker Hand #HD1151713525: Hold'em No Limit  ($0.02/$0.05) - 2023/03/08 20:41:32
Table 'NLHBlue124' 6-max Seat #6 is the button
Seat 1: 2e7f23ea ($1.11 in chips)
Seat 2: bd2086d0 ($5.72 in chips)
Seat 3: 6f8151da ($7 in chips)
Seat 4: 78bc119a ($1.85 in chips)
Seat 5: Hero ($5.05 in chips)
Seat 6: e7b4028c ($5.71 in chips)
2e7f23ea: posts small blind $0.02
bd2086d0: posts big blind $0.05
*** HOLE CARDS ***
Dealt to 2e7f23ea 
Dealt to bd2086d0 
Dealt to 6f8151da 
Dealt to 78bc119a 
Dealt to Hero [Qc 9c]
Dealt to e7b4028c 
6f8151da: folds
78bc119a: folds
Hero: raises $0.07 to $0.12
e7b4028c: folds
2e7f23ea: folds
bd2086d0: folds
Uncalled bet ($0.07) returned to Hero
*** SHOWDOWN ***
Hero collected $0.12 from pot
*** SUMMARY ***
Total pot $0.12 | Rake $0 | Jackpot $0 | Bingo $0 | Fortune $0
Seat 1: 2e7f23ea (small blind) folded before Flop
Seat 2: bd2086d0 (big blind) folded before Flop
Seat 3: 6f8151da folded before Flop (didn't bet)
Seat 4: 78bc119a folded before Flop (didn't bet)
Seat 5: Hero collected ($0.12)
Seat 6: e7b4028c (button) folded before Flop (didn't bet)


Poker Hand #HD1151713447: Hold'em No Limit  ($0.02/$0.05) - 2023/03/08 20:40:49
Table 'NLHBlue124' 6-max Seat #5 is the button
Seat 1: 2e7f23ea ($1 in chips)
Seat 3: 6f8151da ($7 in chips)
Seat 4: 78bc119a ($1.95 in chips)
Seat 5: Hero ($5.05 in chips)
Seat 6: e7b4028c ($5.73 in chips)
e7b4028c: posts small blind $0.02
2e7f23ea: posts big blind $0.05
*** HOLE CARDS ***
Dealt to 2e7f23ea 
Dealt to 6f8151da 
Dealt to 78bc119a 
Dealt to Hero [Qc 7c]
Dealt to e7b4028c 
6f8151da: folds
78bc119a: calls $0.05
Hero: folds
e7b4028c: folds
2e7f23ea: checks
*** FLOP *** [9s 7h Tc]
2e7f23ea: checks
78bc119a: checks
*** TURN *** [9s 7h Tc] [Kd]
2e7f23ea: bets $0.05
78bc119a: calls $0.05
*** RIVER *** [9s 7h Tc Kd] [Jd]
2e7f23ea: checks
78bc119a: checks
2e7f23ea: shows [7s 2s] (Pair of Sevens)
78bc119a: shows [6s 5s] (King-High)
*** SHOWDOWN ***
2e7f23ea collected $0.21 from pot
*** SUMMARY ***
Total pot $0.22 | Rake $0.01 | Jackpot $0 | Bingo $0 | Fortune $0
Board [9s 7h Tc Kd Jd]
Seat 1: 2e7f23ea (big blind) showed [7s 2s] and won ($0.21) with Pair of Sevens
Seat 3: 6f8151da folded before Flop (didn't bet)
Seat 4: 78bc119a showed [6s 5s] and lost with King-High
Seat 5: Hero (button) folded before Flop (didn't bet)
Seat 6: e7b4028c (small blind) folded before Flop


Poker Hand #HD1151713264: Hold'em No Limit  ($0.02/$0.05) - 2023/03/08 20:39:06
Table 'NLHBlue124' 6-max Seat #4 is the button
Seat 1: 2e7f23ea ($1 in chips)
Seat 3: 6f8151da ($5.67 in chips)
Seat 4: 78bc119a ($3.4 in chips)
Seat 5: Hero ($5.07 in chips)
Seat 6: e7b4028c ($5.78 in chips)
Hero: posts small blind $0.02
e7b4028c: posts big blind $0.05
*** HOLE CARDS ***
Dealt to 2e7f23ea 
Dealt to 6f8151da 
Dealt to 78bc119a 
Dealt to Hero [9s 2s]
Dealt to e7b4028c 
2e7f23ea: folds
6f8151da: raises $0.08 to $0.13
78bc119a: calls $0.13
Hero: folds
e7b4028c: folds
*** FLOP *** [9d 7h 9h]
6f8151da: checks
78bc119a: bets $0.33
6f8151da: calls $0.33
*** TURN *** [9d 7h 9h] [8h]
6f8151da: checks
78bc119a: bets $0.99
6f8151da: raises $2.23 to $3.22
78bc119a: folds
Uncalled bet ($2.23) returned to 6f8151da
*** SHOWDOWN ***
6f8151da collected $2.78 from pot
*** SUMMARY ***
Total pot $2.97 | Rake $0.14 | Jackpot $0.05 | Bingo $0 | Fortune $0
Board [9d 7h 9h 8h]
Seat 1: 2e7f23ea folded before Flop (didn't bet)
Seat 3: 6f8151da won ($2.78)
Seat 4: 78bc119a (button) folded on the Turn
Seat 5: Hero (small blind) folded before Flop
Seat 6: e7b4028c (big blind) folded before Flop


Poker Hand #HD1151713215: Hold'em No Limit  ($0.02/$0.05) - 2023/03/08 20:38:40
Table 'NLHBlue124' 6-max Seat #3 is the button
Seat 1: 2e7f23ea ($1.05 in chips)
Seat 3: 6f8151da ($5.67 in chips)
Seat 4: 78bc119a ($3.42 in chips)
Seat 5: Hero ($5 in chips)
Seat 6: e7b4028c ($5.78 in chips)
78bc119a: posts small blind $0.02
Hero: posts big blind $0.05
2e7f23ea: posts big blind $0.05
*** HOLE CARDS ***
Dealt to 2e7f23ea 
Dealt to 6f8151da 
Dealt to 78bc119a 
Dealt to Hero [Ts Ah]
Dealt to e7b4028c 
e7b4028c: folds
2e7f23ea: checks
6f8151da: folds
78bc119a: folds
Hero: raises $0.13 to $0.18
2e7f23ea: folds
Uncalled bet ($0.13) returned to Hero
*** SHOWDOWN ***
Hero collected $0.12 from pot
*** SUMMARY ***
Total pot $0.12 | Rake $0 | Jackpot $0 | Bingo $0 | Fortune $0
Seat 1: 2e7f23ea folded before Flop
Seat 3: 6f8151da (button) folded before Flop (didn't bet)
Seat 4: 78bc119a (small blind) folded before Flop
Seat 5: Hero (big blind) collected ($0.12)
Seat 6: e7b4028c folded before Flop (didn't bet)


