Poker Hand #HD1205679416: Hold'em No Limit  ($0.02/$0.05) - 2023/04/16 19:32:53
Table 'NLHBlue33' 6-max Seat #4 is the button
Seat 2: Hero ($5 in chips)
Seat 3: 66aa54f6 ($5 in chips)
Seat 4: 97331d29 ($5.11 in chips)
Seat 5: 9537ffe6 ($3.7 in chips)
Seat 6: 28bcfe79 ($11.12 in chips)
9537ffe6: posts small blind $0.02
28bcfe79: posts big blind $0.05
*** HOLE CARDS ***
Dealt to Hero [3d 8h]
Dealt to 66aa54f6 
Dealt to 97331d29 
Dealt to 9537ffe6 
Dealt to 28bcfe79 
Hero: folds
66aa54f6: raises $0.1 to $0.15
97331d29: folds
9537ffe6: folds
28bcfe79: folds
Uncalled bet ($0.1) returned to 66aa54f6
*** SHOWDOWN ***
66aa54f6 collected $0.12 from pot
*** SUMMARY ***
Total pot $0.12 | Rake $0 | Jackpot $0 | Bingo $0 | Fortune $0
Seat 2: Hero folded before Flop (didn't bet)
Seat 3: 66aa54f6 collected ($0.12)
Seat 4: 97331d29 (button) folded before Flop (didn't bet)
Seat 5: 9537ffe6 (small blind) folded before Flop
Seat 6: 28bcfe79 (big blind) folded before Flop


Poker Hand #HD1205679389: Hold'em No Limit  ($0.02/$0.05) - 2023/04/16 19:32:37
Table 'NLHBlue33' 6-max Seat #3 is the button
Seat 2: Hero ($5 in chips)
Seat 3: 66aa54f6 ($5 in chips)
Seat 4: 97331d29 ($5.13 in chips)
Seat 5: 9537ffe6 ($3.75 in chips)
Seat 6: 28bcfe79 ($11.05 in chips)
97331d29: posts small blind $0.02
9537ffe6: posts big blind $0.05
*** HOLE CARDS ***
Dealt to Hero [5h 6s]
Dealt to 66aa54f6 
Dealt to 97331d29 
Dealt to 9537ffe6 
Dealt to 28bcfe79 
28bcfe79: raises $0.05 to $0.1
Hero: folds
66aa54f6: folds
97331d29: folds
9537ffe6: folds
Uncalled bet ($0.05) returned to 28bcfe79
*** SHOWDOWN ***
28bcfe79 collected $0.12 from pot
*** SUMMARY ***
Total pot $0.12 | Rake $0 | Jackpot $0 | Bingo $0 | Fortune $0
Seat 2: Hero folded before Flop (didn't bet)
Seat 3: 66aa54f6 (button) folded before Flop (didn't bet)
Seat 4: 97331d29 (small blind) folded before Flop
Seat 5: 9537ffe6 (big blind) folded before Flop
Seat 6: 28bcfe79 collected ($0.12)


Poker Hand #HD1205679345: Hold'em No Limit  ($0.02/$0.05) - 2023/04/16 19:32:18
Table 'NLHBlue33' 6-max Seat #2 is the button
Seat 2: Hero ($5 in chips)
Seat 3: 66aa54f6 ($5 in chips)
Seat 4: 97331d29 ($5 in chips)
Seat 5: 9537ffe6 ($3.75 in chips)
Seat 6: 28bcfe79 ($11.05 in chips)
66aa54f6: posts small blind $0.02
97331d29: posts big blind $0.05
*** HOLE CARDS ***
Dealt to Hero [9h Td]
Dealt to 66aa54f6 
Dealt to 97331d29 
Dealt to 9537ffe6 
Dealt to 28bcfe79 
9537ffe6: folds
28bcfe79: folds
Hero: raises $0.07 to $0.12
66aa54f6: folds
97331d29: raises $0.38 to $0.5
Hero: folds
Uncalled bet ($0.38) returned to 97331d29
*** SHOWDOWN ***
97331d29 collected $0.25 from pot
*** SUMMARY ***
Total pot $0.26 | Rake $0.01 | Jackpot $0 | Bingo $0 | Fortune $0
Seat 2: Hero (button) folded before Flop
Seat 3: 66aa54f6 (small blind) folded before Flop
Seat 4: 97331d29 (big blind) collected ($0.25)
Seat 5: 9537ffe6 folded before Flop (didn't bet)
Seat 6: 28bcfe79 folded before Flop (didn't bet)


Poker Hand #HD1205679314: Hold'em No Limit  ($0.02/$0.05) - 2023/04/16 19:31:56
Table 'NLHBlue33' 6-max Seat #6 is the button
Seat 2: Hero ($5 in chips)
Seat 3: 66aa54f6 ($5.05 in chips)
Seat 5: 9537ffe6 ($3.68 in chips)
Seat 6: 28bcfe79 ($11.05 in chips)
Hero: posts small blind $0.02
66aa54f6: posts big blind $0.05
*** HOLE CARDS ***
Dealt to Hero [5h 9c]
Dealt to 66aa54f6 
Dealt to 9537ffe6 
Dealt to 28bcfe79 
9537ffe6: raises $0.08 to $0.13
28bcfe79: folds
Hero: folds
66aa54f6: folds
Uncalled bet ($0.08) returned to 9537ffe6
*** SHOWDOWN ***
9537ffe6 collected $0.12 from pot
*** SUMMARY ***
Total pot $0.12 | Rake $0 | Jackpot $0 | Bingo $0 | Fortune $0
Seat 2: Hero (small blind) folded before Flop
Seat 3: 66aa54f6 (big blind) folded before Flop
Seat 5: 9537ffe6 collected ($0.12)
Seat 6: 28bcfe79 (button) folded before Flop (didn't bet)


Poker Hand #HD1205679217: Hold'em No Limit  ($0.02/$0.05) - 2023/04/16 19:31:02
Table 'NLHBlue33' 6-max Seat #5 is the button
Seat 2: Hero ($5.24 in chips)
Seat 3: 66aa54f6 ($5.05 in chips)
Seat 5: 9537ffe6 ($3.68 in chips)
Seat 6: 28bcfe79 ($11.32 in chips)
28bcfe79: posts small blind $0.02
Hero: posts big blind $0.05
*** HOLE CARDS ***
Dealt to Hero [Kd Ad]
Dealt to 66aa54f6 
Dealt to 9537ffe6 
Dealt to 28bcfe79 
66aa54f6: folds
9537ffe6: folds
28bcfe79: raises $0.1 to $0.15
Hero: raises $0.29 to $0.44
28bcfe79: raises $0.66 to $1.1
Hero: raises $4.14 to $5.24 and is all-in
28bcfe79: calls $4.14
Hero: shows [Kd Ad]
28bcfe79: shows [Kc Ac]
*** FLOP *** [6s Kh 8h]
*** TURN *** [6s Kh 8h] [Jc]
*** RIVER *** [6s Kh 8h Jc] [4c]
*** SHOWDOWN ***
28bcfe79 collected $4.97 from pot
Hero collected $4.96 from pot
*** SUMMARY ***
Total pot $10.48 | Rake $0.5 | Jackpot $0.05 | Bingo $0 | Fortune $0
Board [6s Kh 8h Jc 4c]
Seat 2: Hero (big blind) showed [Kd Ad] and won ($4.96) with Pair of Kings
Seat 3: 66aa54f6 folded before Flop (didn't bet)
Seat 5: 9537ffe6 (button) folded before Flop (didn't bet)
Seat 6: 28bcfe79 (small blind) showed [Kc Ac] and won ($4.97) with Pair of Kings


Poker Hand #HD1205679196: Hold'em No Limit  ($0.02/$0.05) - 2023/04/16 19:30:49
Table 'NLHBlue33' 6-max Seat #3 is the button
Seat 2: Hero ($5.17 in chips)
Seat 3: 66aa54f6 ($5.05 in chips)
Seat 5: 9537ffe6 ($3.7 in chips)
Seat 6: 28bcfe79 ($11.37 in chips)
9537ffe6: posts small blind $0.02
28bcfe79: posts big blind $0.05
*** HOLE CARDS ***
Dealt to Hero [Qh 9h]
Dealt to 66aa54f6 
Dealt to 9537ffe6 
Dealt to 28bcfe79 
Hero: raises $0.07 to $0.12
66aa54f6: folds
9537ffe6: folds
28bcfe79: folds
Uncalled bet ($0.07) returned to Hero
*** SHOWDOWN ***
Hero collected $0.12 from pot
*** SUMMARY ***
Total pot $0.12 | Rake $0 | Jackpot $0 | Bingo $0 | Fortune $0
Seat 2: Hero collected ($0.12)
Seat 3: 66aa54f6 (button) folded before Flop (didn't bet)
Seat 5: 9537ffe6 (small blind) folded before Flop
Seat 6: 28bcfe79 (big blind) folded before Flop


Poker Hand #HD1205679164: Hold'em No Limit  ($0.02/$0.05) - 2023/04/16 19:30:27
Table 'NLHBlue33' 6-max Seat #2 is the button
Seat 2: Hero ($5.17 in chips)
Seat 3: 66aa54f6 ($5 in chips)
Seat 5: 9537ffe6 ($3.75 in chips)
Seat 6: 28bcfe79 ($11.37 in chips)
66aa54f6: posts small blind $0.02
9537ffe6: posts big blind $0.05
*** HOLE CARDS ***
Dealt to Hero [5d Kc]
Dealt to 66aa54f6 
Dealt to 9537ffe6 
Dealt to 28bcfe79 
28bcfe79: folds
Hero: folds
66aa54f6: raises $0.1 to $0.15
9537ffe6: folds
Uncalled bet ($0.1) returned to 66aa54f6
*** SHOWDOWN ***
66aa54f6 collected $0.1 from pot
*** SUMMARY ***
Total pot $0.1 | Rake $0 | Jackpot $0 | Bingo $0 | Fortune $0
Seat 2: Hero (button) folded before Flop (didn't bet)
Seat 3: 66aa54f6 (small blind) collected ($0.1)
Seat 5: 9537ffe6 (big blind) folded before Flop
Seat 6: 28bcfe79 folded before Flop (didn't bet)


Poker Hand #HD1205679067: Hold'em No Limit  ($0.02/$0.05) - 2023/04/16 19:29:31
Table 'NLHBlue33' 6-max Seat #6 is the button
Seat 2: Hero ($5.19 in chips)
Seat 3: 66aa54f6 ($5.07 in chips)
Seat 5: 9537ffe6 ($3.75 in chips)
Seat 6: 28bcfe79 ($11.23 in chips)
Hero: posts small blind $0.02
66aa54f6: posts big blind $0.05
*** HOLE CARDS ***
Dealt to Hero [4c Kh]
Dealt to 66aa54f6 
Dealt to 9537ffe6 
Dealt to 28bcfe79 
9537ffe6: folds
28bcfe79: raises $0.08 to $0.13
Hero: folds
66aa54f6: calls $0.08
*** FLOP *** [Th 9c 4h]
66aa54f6: checks
28bcfe79: checks
*** TURN *** [Th 9c 4h] [Ts]
66aa54f6: checks
28bcfe79: bets $0.14
66aa54f6: folds
Uncalled bet ($0.14) returned to 28bcfe79
*** SHOWDOWN ***
28bcfe79 collected $0.27 from pot
*** SUMMARY ***
Total pot $0.28 | Rake $0.01 | Jackpot $0 | Bingo $0 | Fortune $0
Board [Th 9c 4h Ts]
Seat 2: Hero (small blind) folded before Flop
Seat 3: 66aa54f6 (big blind) folded on the Turn
Seat 5: 9537ffe6 folded before Flop (didn't bet)
Seat 6: 28bcfe79 (button) won ($0.27)


Poker Hand #HD1205679045: Hold'em No Limit  ($0.02/$0.05) - 2023/04/16 19:29:16
Table 'NLHBlue33' 6-max Seat #5 is the button
Seat 2: Hero ($5.24 in chips)
Seat 3: 66aa54f6 ($5.07 in chips)
Seat 5: 9537ffe6 ($3.75 in chips)
Seat 6: 28bcfe79 ($11.18 in chips)
28bcfe79: posts small blind $0.02
Hero: posts big blind $0.05
*** HOLE CARDS ***
Dealt to Hero [7c 6d]
Dealt to 66aa54f6 
Dealt to 9537ffe6 
Dealt to 28bcfe79 
66aa54f6: folds
9537ffe6: folds
28bcfe79: raises $0.1 to $0.15
Hero: folds
Uncalled bet ($0.1) returned to 28bcfe79
*** SHOWDOWN ***
28bcfe79 collected $0.1 from pot
*** SUMMARY ***
Total pot $0.1 | Rake $0 | Jackpot $0 | Bingo $0 | Fortune $0
Seat 2: Hero (big blind) folded before Flop
Seat 3: 66aa54f6 folded before Flop (didn't bet)
Seat 5: 9537ffe6 (button) folded before Flop (didn't bet)
Seat 6: 28bcfe79 (small blind) collected ($0.1)


Poker Hand #HD1205678950: Hold'em No Limit  ($0.02/$0.05) - 2023/04/16 19:28:23
Table 'NLHBlue33' 6-max Seat #3 is the button
Seat 1: 896f0e19 ($5.14 in chips)
Seat 2: Hero ($5.36 in chips)
Seat 3: 66aa54f6 ($5.07 in chips)
Seat 5: 9537ffe6 ($4.82 in chips)
Seat 6: 28bcfe79 ($10.15 in chips)
9537ffe6: posts small blind $0.02
28bcfe79: posts big blind $0.05
*** HOLE CARDS ***
Dealt to 896f0e19 
Dealt to Hero [7s Ts]
Dealt to 66aa54f6 
Dealt to 9537ffe6 
Dealt to 28bcfe79 
896f0e19: folds
Hero: raises $0.07 to $0.12
66aa54f6: folds
9537ffe6: calls $0.1
28bcfe79: calls $0.07
*** FLOP *** [Kh 6d Ac]
9537ffe6: checks
28bcfe79: checks
Hero: checks
*** TURN *** [Kh 6d Ac] [3h]
9537ffe6: checks
28bcfe79: bets $0.27
Hero: folds
9537ffe6: calls $0.27
*** RIVER *** [Kh 6d Ac 3h] [7c]
9537ffe6: checks
28bcfe79: bets $0.68
9537ffe6: calls $0.68
28bcfe79: shows [6s 6h] (Three Sixes)
9537ffe6: shows [9h As] (Pair of Aces)
*** SHOWDOWN ***
28bcfe79 collected $2.1 from pot
*** SUMMARY ***
Total pot $2.26 | Rake $0.11 | Jackpot $0.05 | Bingo $0 | Fortune $0
Board [Kh 6d Ac 3h 7c]
Seat 1: 896f0e19 folded before Flop (didn't bet)
Seat 2: Hero folded on the Turn
Seat 3: 66aa54f6 (button) folded before Flop (didn't bet)
Seat 5: 9537ffe6 (small blind) showed [9h As] and lost with Pair of Aces
Seat 6: 28bcfe79 (big blind) showed [6s 6h] and won ($2.1) with Three Sixes


Poker Hand #HD1205678926: Hold'em No Limit  ($0.02/$0.05) - 2023/04/16 19:28:07
Table 'NLHBlue33' 6-max Seat #2 is the button
Seat 1: 896f0e19 ($5.14 in chips)
Seat 2: Hero ($5.36 in chips)
Seat 3: 66aa54f6 ($5.02 in chips)
Seat 5: 9537ffe6 ($4.87 in chips)
Seat 6: 28bcfe79 ($10.15 in chips)
66aa54f6: posts small blind $0.02
9537ffe6: posts big blind $0.05
*** HOLE CARDS ***
Dealt to 896f0e19 
Dealt to Hero [6c 2d]
Dealt to 66aa54f6 
Dealt to 9537ffe6 
Dealt to 28bcfe79 
28bcfe79: folds
896f0e19: folds
Hero: folds
66aa54f6: raises $0.1 to $0.15
9537ffe6: folds
Uncalled bet ($0.1) returned to 66aa54f6
*** SHOWDOWN ***
66aa54f6 collected $0.1 from pot
*** SUMMARY ***
Total pot $0.1 | Rake $0 | Jackpot $0 | Bingo $0 | Fortune $0
Seat 1: 896f0e19 folded before Flop (didn't bet)
Seat 2: Hero (button) folded before Flop (didn't bet)
Seat 3: 66aa54f6 (small blind) collected ($0.1)
Seat 5: 9537ffe6 (big blind) folded before Flop
Seat 6: 28bcfe79 folded before Flop (didn't bet)


Poker Hand #HD1205678909: Hold'em No Limit  ($0.02/$0.05) - 2023/04/16 19:27:59
Table 'NLHBlue33' 6-max Seat #1 is the button
Seat 1: 896f0e19 ($5.14 in chips)
Seat 2: Hero ($5.38 in chips)
Seat 3: 66aa54f6 ($5 in chips)
Seat 5: 9537ffe6 ($4.87 in chips)
Seat 6: 28bcfe79 ($10.15 in chips)
Hero: posts small blind $0.02
66aa54f6: posts big blind $0.05
*** HOLE CARDS ***
Dealt to 896f0e19 
Dealt to Hero [5s Ts]
Dealt to 66aa54f6 
Dealt to 9537ffe6 
Dealt to 28bcfe79 
9537ffe6: folds
28bcfe79: folds
896f0e19: folds
Hero: folds
Uncalled bet ($0.03) returned to 66aa54f6
*** SHOWDOWN ***
66aa54f6 collected $0.04 from pot
*** SUMMARY ***
Total pot $0.04 | Rake $0 | Jackpot $0 | Bingo $0 | Fortune $0
Seat 1: 896f0e19 (button) folded before Flop (didn't bet)
Seat 2: Hero (small blind) folded before Flop
Seat 3: 66aa54f6 (big blind) collected ($0.04)
Seat 5: 9537ffe6 folded before Flop (didn't bet)
Seat 6: 28bcfe79 folded before Flop (didn't bet)


Poker Hand #HD1205678859: Hold'em No Limit  ($0.02/$0.05) - 2023/04/16 19:27:31
Table 'NLHBlue33' 6-max Seat #6 is the button
Seat 1: 896f0e19 ($5.19 in chips)
Seat 2: Hero ($5.33 in chips)
Seat 3: 66aa54f6 ($5 in chips)
Seat 5: 9537ffe6 ($4.87 in chips)
Seat 6: 28bcfe79 ($10.15 in chips)
896f0e19: posts small blind $0.02
Hero: posts big blind $0.05
*** HOLE CARDS ***
Dealt to 896f0e19 
Dealt to Hero [8c 3c]
Dealt to 66aa54f6 
Dealt to 9537ffe6 
Dealt to 28bcfe79 
66aa54f6: folds
9537ffe6: folds
28bcfe79: folds
896f0e19: calls $0.03
Hero: checks
*** FLOP *** [5s 8h 5d]
896f0e19: checks
Hero: bets $0.05
896f0e19: folds
Uncalled bet ($0.05) returned to Hero
*** SHOWDOWN ***
Hero collected $0.1 from pot
*** SUMMARY ***
Total pot $0.1 | Rake $0 | Jackpot $0 | Bingo $0 | Fortune $0
Board [5s 8h 5d]
Seat 1: 896f0e19 (small blind) folded on the Flop
Seat 2: Hero (big blind) won ($0.1)
Seat 3: 66aa54f6 folded before Flop (didn't bet)
Seat 5: 9537ffe6 folded before Flop (didn't bet)
Seat 6: 28bcfe79 (button) folded before Flop (didn't bet)


Poker Hand #HD1205678823: Hold'em No Limit  ($0.02/$0.05) - 2023/04/16 19:27:11
Table 'NLHBlue33' 6-max Seat #5 is the button
Seat 1: 896f0e19 ($5.24 in chips)
Seat 2: Hero ($5.33 in chips)
Seat 3: 66aa54f6 ($5 in chips)
Seat 5: 9537ffe6 ($4.87 in chips)
Seat 6: 28bcfe79 ($10.1 in chips)
28bcfe79: posts small blind $0.02
896f0e19: posts big blind $0.05
*** HOLE CARDS ***
Dealt to 896f0e19 
Dealt to Hero [7c Th]
Dealt to 66aa54f6 
Dealt to 9537ffe6 
Dealt to 28bcfe79 
Hero: folds
66aa54f6: folds
9537ffe6: folds
28bcfe79: raises $0.1 to $0.15
896f0e19: folds
Uncalled bet ($0.1) returned to 28bcfe79
*** SHOWDOWN ***
28bcfe79 collected $0.1 from pot
*** SUMMARY ***
Total pot $0.1 | Rake $0 | Jackpot $0 | Bingo $0 | Fortune $0
Seat 1: 896f0e19 (big blind) folded before Flop
Seat 2: Hero folded before Flop (didn't bet)
Seat 3: 66aa54f6 folded before Flop (didn't bet)
Seat 5: 9537ffe6 (button) folded before Flop (didn't bet)
Seat 6: 28bcfe79 (small blind) collected ($0.1)


Poker Hand #HD1205678794: Hold'em No Limit  ($0.02/$0.05) - 2023/04/16 19:26:57
Table 'NLHBlue33' 6-max Seat #3 is the button
Seat 1: 896f0e19 ($5.24 in chips)
Seat 2: Hero ($5.26 in chips)
Seat 3: 66aa54f6 ($5 in chips)
Seat 5: 9537ffe6 ($4.89 in chips)
Seat 6: 28bcfe79 ($10.15 in chips)
9537ffe6: posts small blind $0.02
28bcfe79: posts big blind $0.05
*** HOLE CARDS ***
Dealt to 896f0e19 
Dealt to Hero [Kc Qc]
Dealt to 66aa54f6 
Dealt to 9537ffe6 
Dealt to 28bcfe79 
896f0e19: folds
Hero: raises $0.07 to $0.12
66aa54f6: folds
9537ffe6: folds
28bcfe79: folds
Uncalled bet ($0.07) returned to Hero
*** SHOWDOWN ***
Hero collected $0.12 from pot
*** SUMMARY ***
Total pot $0.12 | Rake $0 | Jackpot $0 | Bingo $0 | Fortune $0
Seat 1: 896f0e19 folded before Flop (didn't bet)
Seat 2: Hero collected ($0.12)
Seat 3: 66aa54f6 (button) folded before Flop (didn't bet)
Seat 5: 9537ffe6 (small blind) folded before Flop
Seat 6: 28bcfe79 (big blind) folded before Flop


Poker Hand #HD1205678709: Hold'em No Limit  ($0.02/$0.05) - 2023/04/16 19:26:09
Table 'NLHBlue33' 6-max Seat #2 is the button
Seat 1: 896f0e19 ($5.12 in chips)
Seat 2: Hero ($5.26 in chips)
Seat 3: 66aa54f6 ($5 in chips)
Seat 5: 9537ffe6 ($5 in chips)
Seat 6: 28bcfe79 ($10.15 in chips)
66aa54f6: posts small blind $0.02
9537ffe6: posts big blind $0.05
*** HOLE CARDS ***
Dealt to 896f0e19 
Dealt to Hero [3h 5h]
Dealt to 66aa54f6 
Dealt to 9537ffe6 
Dealt to 28bcfe79 
28bcfe79: folds
896f0e19: calls $0.05
Hero: folds
66aa54f6: folds
9537ffe6: checks
*** FLOP *** [7s Qc 6d]
9537ffe6: checks
896f0e19: bets $0.06
9537ffe6: calls $0.06
*** TURN *** [7s Qc 6d] [2s]
9537ffe6: checks
896f0e19: bets $0.12
9537ffe6: folds
Uncalled bet ($0.12) returned to 896f0e19
*** SHOWDOWN ***
896f0e19 collected $0.23 from pot
*** SUMMARY ***
Total pot $0.24 | Rake $0.01 | Jackpot $0 | Bingo $0 | Fortune $0
Board [7s Qc 6d 2s]
Seat 1: 896f0e19 won ($0.23)
Seat 2: Hero (button) folded before Flop (didn't bet)
Seat 3: 66aa54f6 (small blind) folded before Flop
Seat 5: 9537ffe6 (big blind) folded on the Turn
Seat 6: 28bcfe79 folded before Flop (didn't bet)


Poker Hand #HD1205678681: Hold'em No Limit  ($0.02/$0.05) - 2023/04/16 19:25:53
Table 'NLHBlue33' 6-max Seat #1 is the button
Seat 1: 896f0e19 ($5.12 in chips)
Seat 2: Hero ($5.21 in chips)
Seat 3: 66aa54f6 ($5 in chips)
Seat 4: 9c45bc7c ($6.02 in chips)
Seat 6: 28bcfe79 ($10.15 in chips)
Hero: posts small blind $0.02
66aa54f6: posts big blind $0.05
*** HOLE CARDS ***
Dealt to 896f0e19 
Dealt to Hero [5s 6s]
Dealt to 66aa54f6 
Dealt to 9c45bc7c 
Dealt to 28bcfe79 
9c45bc7c: folds
28bcfe79: folds
896f0e19: folds
Hero: raises $0.09 to $0.14
66aa54f6: folds
Uncalled bet ($0.09) returned to Hero
*** SHOWDOWN ***
Hero collected $0.1 from pot
*** SUMMARY ***
Total pot $0.1 | Rake $0 | Jackpot $0 | Bingo $0 | Fortune $0
Seat 1: 896f0e19 (button) folded before Flop (didn't bet)
Seat 2: Hero (small blind) collected ($0.1)
Seat 3: 66aa54f6 (big blind) folded before Flop
Seat 4: 9c45bc7c folded before Flop (didn't bet)
Seat 6: 28bcfe79 folded before Flop (didn't bet)


Poker Hand #HD1205678632: Hold'em No Limit  ($0.02/$0.05) - 2023/04/16 19:25:26
Table 'NLHBlue33' 6-max Seat #6 is the button
Seat 1: 896f0e19 ($5.14 in chips)
Seat 2: Hero ($5.36 in chips)
Seat 3: 66aa54f6 ($5 in chips)
Seat 4: 9c45bc7c ($5.86 in chips)
Seat 6: 28bcfe79 ($10.15 in chips)
896f0e19: posts small blind $0.02
Hero: posts big blind $0.05
*** HOLE CARDS ***
Dealt to 896f0e19 
Dealt to Hero [3h Ad]
Dealt to 66aa54f6 
Dealt to 9c45bc7c 
Dealt to 28bcfe79 
66aa54f6: folds
9c45bc7c: raises $0.1 to $0.15
28bcfe79: folds
896f0e19: folds
Hero: calls $0.1
*** FLOP *** [9h 9d Tc]
Hero: checks
9c45bc7c: bets $0.22
Hero: folds
Uncalled bet ($0.22) returned to 9c45bc7c
*** SHOWDOWN ***
9c45bc7c collected $0.31 from pot
*** SUMMARY ***
Total pot $0.32 | Rake $0.01 | Jackpot $0 | Bingo $0 | Fortune $0
Board [9h 9d Tc]
Seat 1: 896f0e19 (small blind) folded before Flop
Seat 2: Hero (big blind) folded on the Flop
Seat 3: 66aa54f6 folded before Flop (didn't bet)
Seat 4: 9c45bc7c won ($0.31)
Seat 6: 28bcfe79 (button) folded before Flop (didn't bet)


Poker Hand #HD1205678576: Hold'em No Limit  ($0.02/$0.05) - 2023/04/16 19:24:56
Table 'NLHBlue33' 6-max Seat #5 is the button
Seat 1: 896f0e19 ($5 in chips)
Seat 2: Hero ($5.36 in chips)
Seat 3: 66aa54f6 ($5 in chips)
Seat 4: 9c45bc7c ($5.86 in chips)
Seat 5: 2318d20a ($5.59 in chips)
Seat 6: 28bcfe79 ($10.3 in chips)
28bcfe79: posts small blind $0.02
896f0e19: posts big blind $0.05
*** HOLE CARDS ***
Dealt to 896f0e19 
Dealt to Hero [6c Ts]
Dealt to 66aa54f6 
Dealt to 9c45bc7c 
Dealt to 2318d20a 
Dealt to 28bcfe79 
Hero: folds
66aa54f6: folds
9c45bc7c: folds
2318d20a: folds
28bcfe79: raises $0.1 to $0.15
896f0e19: calls $0.1
*** FLOP *** [4s 8d 6h]
28bcfe79: checks
896f0e19: bets $0.15
28bcfe79: folds
Uncalled bet ($0.15) returned to 896f0e19
*** SHOWDOWN ***
896f0e19 collected $0.29 from pot
*** SUMMARY ***
Total pot $0.3 | Rake $0.01 | Jackpot $0 | Bingo $0 | Fortune $0
Board [4s 8d 6h]
Seat 1: 896f0e19 (big blind) won ($0.29)
Seat 2: Hero folded before Flop (didn't bet)
Seat 3: 66aa54f6 folded before Flop (didn't bet)
Seat 4: 9c45bc7c folded before Flop (didn't bet)
Seat 5: 2318d20a (button) folded before Flop (didn't bet)
Seat 6: 28bcfe79 (small blind) folded on the Flop


Poker Hand #HD1205678526: Hold'em No Limit  ($0.02/$0.05) - 2023/04/16 19:24:24
Table 'NLHBlue33' 6-max Seat #4 is the button
Seat 1: 896f0e19 ($5 in chips)
Seat 2: Hero ($5.36 in chips)
Seat 3: 66aa54f6 ($5 in chips)
Seat 4: 9c45bc7c ($5.65 in chips)
Seat 5: 2318d20a ($5.61 in chips)
Seat 6: 28bcfe79 ($10.35 in chips)
2318d20a: posts small blind $0.02
28bcfe79: posts big blind $0.05
*** HOLE CARDS ***
Dealt to 896f0e19 
Dealt to Hero [Qc 6c]
Dealt to 66aa54f6 
Dealt to 9c45bc7c 
Dealt to 2318d20a 
Dealt to 28bcfe79 
896f0e19: folds
Hero: folds
66aa54f6: raises $0.1 to $0.15
9c45bc7c: calls $0.15
2318d20a: folds
28bcfe79: folds
*** FLOP *** [4d 9d Th]
66aa54f6: checks
9c45bc7c: bets $0.25
66aa54f6: folds
Uncalled bet ($0.25) returned to 9c45bc7c
*** SHOWDOWN ***
9c45bc7c collected $0.36 from pot
*** SUMMARY ***
Total pot $0.37 | Rake $0.01 | Jackpot $0 | Bingo $0 | Fortune $0
Board [4d 9d Th]
Seat 1: 896f0e19 folded before Flop (didn't bet)
Seat 2: Hero folded before Flop (didn't bet)
Seat 3: 66aa54f6 folded on the Flop
Seat 4: 9c45bc7c (button) won ($0.36)
Seat 5: 2318d20a (small blind) folded before Flop
Seat 6: 28bcfe79 (big blind) folded before Flop


Poker Hand #HD1205678469: Hold'em No Limit  ($0.02/$0.05) - 2023/04/16 19:23:49
Table 'NLHBlue33' 6-max Seat #3 is the button
Seat 1: 896f0e19 ($5 in chips)
Seat 2: Hero ($5.36 in chips)
Seat 3: 66aa54f6 ($5 in chips)
Seat 4: 9c45bc7c ($5.8 in chips)
Seat 5: 2318d20a ($5.47 in chips)
Seat 6: 28bcfe79 ($10.35 in chips)
9c45bc7c: posts small blind $0.02
2318d20a: posts big blind $0.05
*** HOLE CARDS ***
Dealt to 896f0e19 
Dealt to Hero [2c 8c]
Dealt to 66aa54f6 
Dealt to 9c45bc7c 
Dealt to 2318d20a 
Dealt to 28bcfe79 
28bcfe79: folds
896f0e19: folds
Hero: folds
66aa54f6: folds
9c45bc7c: raises $0.1 to $0.15
2318d20a: calls $0.1
*** FLOP *** [Ah Ks Jd]
9c45bc7c: checks
2318d20a: checks
*** TURN *** [Ah Ks Jd] [7s]
9c45bc7c: checks
2318d20a: checks
*** RIVER *** [Ah Ks Jd 7s] [3d]
9c45bc7c: checks
2318d20a: checks
9c45bc7c: shows [Tc 9c] (Ace-High)
2318d20a: shows [Kd 6d] (Pair of Kings)
*** SHOWDOWN ***
2318d20a collected $0.29 from pot
*** SUMMARY ***
Total pot $0.3 | Rake $0.01 | Jackpot $0 | Bingo $0 | Fortune $0
Board [Ah Ks Jd 7s 3d]
Seat 1: 896f0e19 folded before Flop (didn't bet)
Seat 2: Hero folded before Flop (didn't bet)
Seat 3: 66aa54f6 (button) folded before Flop (didn't bet)
Seat 4: 9c45bc7c (small blind) showed [Tc 9c] and lost with Ace-High
Seat 5: 2318d20a (big blind) showed [Kd 6d] and won ($0.29) with Pair of Kings
Seat 6: 28bcfe79 folded before Flop (didn't bet)


Poker Hand #HD1205678445: Hold'em No Limit  ($0.02/$0.05) - 2023/04/16 19:23:37
Table 'NLHBlue33' 6-max Seat #2 is the button
Seat 1: 896f0e19 ($5 in chips)
Seat 2: Hero ($5.29 in chips)
Seat 3: 66aa54f6 ($5 in chips)
Seat 4: 9c45bc7c ($5.85 in chips)
Seat 5: 2318d20a ($5.47 in chips)
Seat 6: 28bcfe79 ($10.35 in chips)
66aa54f6: posts small blind $0.02
9c45bc7c: posts big blind $0.05
*** HOLE CARDS ***
Dealt to 896f0e19 
Dealt to Hero [Js Ad]
Dealt to 66aa54f6 
Dealt to 9c45bc7c 
Dealt to 2318d20a 
Dealt to 28bcfe79 
2318d20a: folds
28bcfe79: folds
896f0e19: folds
Hero: raises $0.07 to $0.12
66aa54f6: folds
9c45bc7c: folds
Uncalled bet ($0.07) returned to Hero
*** SHOWDOWN ***
Hero collected $0.12 from pot
*** SUMMARY ***
Total pot $0.12 | Rake $0 | Jackpot $0 | Bingo $0 | Fortune $0
Seat 1: 896f0e19 folded before Flop (didn't bet)
Seat 2: Hero (button) collected ($0.12)
Seat 3: 66aa54f6 (small blind) folded before Flop
Seat 4: 9c45bc7c (big blind) folded before Flop
Seat 5: 2318d20a folded before Flop (didn't bet)
Seat 6: 28bcfe79 folded before Flop (didn't bet)


Poker Hand #HD1205678407: Hold'em No Limit  ($0.02/$0.05) - 2023/04/16 19:23:19
Table 'NLHBlue33' 6-max Seat #1 is the button
Seat 1: 896f0e19 ($5 in chips)
Seat 2: Hero ($5.24 in chips)
Seat 3: 66aa54f6 ($5 in chips)
Seat 4: 9c45bc7c ($5.85 in chips)
Seat 5: 2318d20a ($5.47 in chips)
Seat 6: 28bcfe79 ($10.35 in chips)
Hero: posts small blind $0.02
66aa54f6: posts big blind $0.05
*** HOLE CARDS ***
Dealt to 896f0e19 
Dealt to Hero [Jc Ks]
Dealt to 66aa54f6 
Dealt to 9c45bc7c 
Dealt to 2318d20a 
Dealt to 28bcfe79 
9c45bc7c: folds
2318d20a: folds
28bcfe79: folds
896f0e19: folds
Hero: raises $0.09 to $0.14
66aa54f6: folds
Uncalled bet ($0.09) returned to Hero
*** SHOWDOWN ***
Hero collected $0.1 from pot
*** SUMMARY ***
Total pot $0.1 | Rake $0 | Jackpot $0 | Bingo $0 | Fortune $0
Seat 1: 896f0e19 (button) folded before Flop (didn't bet)
Seat 2: Hero (small blind) collected ($0.1)
Seat 3: 66aa54f6 (big blind) folded before Flop
Seat 4: 9c45bc7c folded before Flop (didn't bet)
Seat 5: 2318d20a folded before Flop (didn't bet)
Seat 6: 28bcfe79 folded before Flop (didn't bet)


Poker Hand #HD1205678391: Hold'em No Limit  ($0.02/$0.05) - 2023/04/16 19:23:08
Table 'NLHBlue33' 6-max Seat #6 is the button
Seat 1: 896f0e19 ($5 in chips)
Seat 2: Hero ($5.22 in chips)
Seat 3: 66aa54f6 ($5 in chips)
Seat 4: 9c45bc7c ($5.85 in chips)
Seat 5: 2318d20a ($5.47 in chips)
Seat 6: 28bcfe79 ($10.35 in chips)
896f0e19: posts small blind $0.02
Hero: posts big blind $0.05
*** HOLE CARDS ***
Dealt to 896f0e19 
Dealt to Hero [Kh 8c]
Dealt to 66aa54f6 
Dealt to 9c45bc7c 
Dealt to 2318d20a 
Dealt to 28bcfe79 
66aa54f6: folds
9c45bc7c: folds
2318d20a: folds
28bcfe79: folds
896f0e19: folds
Uncalled bet ($0.03) returned to Hero
*** SHOWDOWN ***
Hero collected $0.04 from pot
*** SUMMARY ***
Total pot $0.04 | Rake $0 | Jackpot $0 | Bingo $0 | Fortune $0
Seat 1: 896f0e19 (small blind) folded before Flop
Seat 2: Hero (big blind) collected ($0.04)
Seat 3: 66aa54f6 folded before Flop (didn't bet)
Seat 4: 9c45bc7c folded before Flop (didn't bet)
Seat 5: 2318d20a folded before Flop (didn't bet)
Seat 6: 28bcfe79 (button) folded before Flop (didn't bet)


Poker Hand #HD1205678357: Hold'em No Limit  ($0.02/$0.05) - 2023/04/16 19:22:50
Table 'NLHBlue33' 6-max Seat #5 is the button
Seat 1: 896f0e19 ($5 in chips)
Seat 2: Hero ($5.22 in chips)
Seat 3: 66aa54f6 ($5 in chips)
Seat 4: 9c45bc7c ($5.78 in chips)
Seat 5: 2318d20a ($5.47 in chips)
Seat 6: 28bcfe79 ($10.37 in chips)
28bcfe79: posts small blind $0.02
896f0e19: posts big blind $0.05
*** HOLE CARDS ***
Dealt to 896f0e19 
Dealt to Hero [Qs 5d]
Dealt to 66aa54f6 
Dealt to 9c45bc7c 
Dealt to 2318d20a 
Dealt to 28bcfe79 
Hero: folds
66aa54f6: folds
9c45bc7c: raises $0.1 to $0.15
2318d20a: folds
28bcfe79: folds
896f0e19: folds
Uncalled bet ($0.1) returned to 9c45bc7c
*** SHOWDOWN ***
9c45bc7c collected $0.12 from pot
*** SUMMARY ***
Total pot $0.12 | Rake $0 | Jackpot $0 | Bingo $0 | Fortune $0
Seat 1: 896f0e19 (big blind) folded before Flop
Seat 2: Hero folded before Flop (didn't bet)
Seat 3: 66aa54f6 folded before Flop (didn't bet)
Seat 4: 9c45bc7c collected ($0.12)
Seat 5: 2318d20a (button) folded before Flop (didn't bet)
Seat 6: 28bcfe79 (small blind) folded before Flop


Poker Hand #HD1205678314: Hold'em No Limit  ($0.02/$0.05) - 2023/04/16 19:22:24
Table 'NLHBlue33' 6-max Seat #4 is the button
Seat 2: Hero ($5.22 in chips)
Seat 3: 66aa54f6 ($5 in chips)
Seat 4: 9c45bc7c ($5.78 in chips)
Seat 5: 2318d20a ($5.3 in chips)
Seat 6: 28bcfe79 ($10.55 in chips)
2318d20a: posts small blind $0.02
28bcfe79: posts big blind $0.05
*** HOLE CARDS ***
Dealt to Hero [5c Ah]
Dealt to 66aa54f6 
Dealt to 9c45bc7c 
Dealt to 2318d20a 
Dealt to 28bcfe79 
Hero: folds
66aa54f6: folds
9c45bc7c: folds
2318d20a: raises $0.13 to $0.18
28bcfe79: calls $0.13
*** FLOP *** [2s Qd Ts]
2318d20a: checks
28bcfe79: checks
*** TURN *** [2s Qd Ts] [8h]
2318d20a: bets $0.18
28bcfe79: folds
Uncalled bet ($0.18) returned to 2318d20a
*** SHOWDOWN ***
2318d20a collected $0.35 from pot
*** SUMMARY ***
Total pot $0.36 | Rake $0.01 | Jackpot $0 | Bingo $0 | Fortune $0
Board [2s Qd Ts 8h]
Seat 2: Hero folded before Flop (didn't bet)
Seat 3: 66aa54f6 folded before Flop (didn't bet)
Seat 4: 9c45bc7c (button) folded before Flop (didn't bet)
Seat 5: 2318d20a (small blind) won ($0.35)
Seat 6: 28bcfe79 (big blind) folded on the Turn


Poker Hand #HD1205678296: Hold'em No Limit  ($0.02/$0.05) - 2023/04/16 19:22:11
Table 'NLHBlue33' 6-max Seat #3 is the button
Seat 2: Hero ($5.22 in chips)
Seat 3: 66aa54f6 ($5 in chips)
Seat 4: 9c45bc7c ($5.73 in chips)
Seat 5: 2318d20a ($5.35 in chips)
Seat 6: 28bcfe79 ($10.55 in chips)
9c45bc7c: posts small blind $0.02
2318d20a: posts big blind $0.05
*** HOLE CARDS ***
Dealt to Hero [2h 7c]
Dealt to 66aa54f6 
Dealt to 9c45bc7c 
Dealt to 2318d20a 
Dealt to 28bcfe79 
28bcfe79: folds
Hero: folds
66aa54f6: folds
9c45bc7c: raises $0.1 to $0.15
2318d20a: folds
Uncalled bet ($0.1) returned to 9c45bc7c
*** SHOWDOWN ***
9c45bc7c collected $0.1 from pot
*** SUMMARY ***
Total pot $0.1 | Rake $0 | Jackpot $0 | Bingo $0 | Fortune $0
Seat 2: Hero folded before Flop (didn't bet)
Seat 3: 66aa54f6 (button) folded before Flop (didn't bet)
Seat 4: 9c45bc7c (small blind) collected ($0.1)
Seat 5: 2318d20a (big blind) folded before Flop
Seat 6: 28bcfe79 folded before Flop (didn't bet)


Poker Hand #HD1205678284: Hold'em No Limit  ($0.02/$0.05) - 2023/04/16 19:22:02
Table 'NLHBlue33' 6-max Seat #2 is the button
Seat 2: Hero ($5.22 in chips)
Seat 3: 66aa54f6 ($5 in chips)
Seat 4: 9c45bc7c ($5.71 in chips)
Seat 5: 2318d20a ($5.35 in chips)
Seat 6: 28bcfe79 ($10.55 in chips)
66aa54f6: posts small blind $0.02
9c45bc7c: posts big blind $0.05
*** HOLE CARDS ***
Dealt to Hero [5d 9c]
Dealt to 66aa54f6 
Dealt to 9c45bc7c 
Dealt to 2318d20a 
Dealt to 28bcfe79 
2318d20a: folds
28bcfe79: folds
Hero: folds
66aa54f6: folds
Uncalled bet ($0.03) returned to 9c45bc7c
*** SHOWDOWN ***
9c45bc7c collected $0.04 from pot
*** SUMMARY ***
Total pot $0.04 | Rake $0 | Jackpot $0 | Bingo $0 | Fortune $0
Seat 2: Hero (button) folded before Flop (didn't bet)
Seat 3: 66aa54f6 (small blind) folded before Flop
Seat 4: 9c45bc7c (big blind) collected ($0.04)
Seat 5: 2318d20a folded before Flop (didn't bet)
Seat 6: 28bcfe79 folded before Flop (didn't bet)


Poker Hand #HD1205678168: Hold'em No Limit  ($0.02/$0.05) - 2023/04/16 19:21:02
Table 'NLHBlue33' 6-max Seat #6 is the button
Seat 1: 97f15a8e ($9.64 in chips)
Seat 2: Hero ($5.27 in chips)
Seat 3: 66aa54f6 ($5.14 in chips)
Seat 4: 9c45bc7c ($5.71 in chips)
Seat 5: 2318d20a ($5.35 in chips)
Seat 6: 28bcfe79 ($10.23 in chips)
97f15a8e: posts small blind $0.02
Hero: posts big blind $0.05
*** HOLE CARDS ***
Dealt to 97f15a8e 
Dealt to Hero [3c 9d]
Dealt to 66aa54f6 
Dealt to 9c45bc7c 
Dealt to 2318d20a 
Dealt to 28bcfe79 
66aa54f6: raises $0.1 to $0.15
9c45bc7c: folds
2318d20a: folds
28bcfe79: raises $0.13 to $0.28
97f15a8e: folds
Hero: folds
66aa54f6: calls $0.13
*** FLOP *** [2d 6h 9h]
66aa54f6: checks
28bcfe79: checks
*** TURN *** [2d 6h 9h] [5d]
66aa54f6: checks
28bcfe79: checks
*** RIVER *** [2d 6h 9h 5d] [Qh]
66aa54f6: checks
28bcfe79: bets $0.32
66aa54f6: folds
Uncalled bet ($0.32) returned to 28bcfe79
*** SHOWDOWN ***
28bcfe79 collected $0.6 from pot
*** SUMMARY ***
Total pot $0.63 | Rake $0.03 | Jackpot $0 | Bingo $0 | Fortune $0
Board [2d 6h 9h 5d Qh]
Seat 1: 97f15a8e (small blind) folded before Flop
Seat 2: Hero (big blind) folded before Flop
Seat 3: 66aa54f6 folded on the River
Seat 4: 9c45bc7c folded before Flop (didn't bet)
Seat 5: 2318d20a folded before Flop (didn't bet)
Seat 6: 28bcfe79 (button) won ($0.6)


Poker Hand #HD1205678144: Hold'em No Limit  ($0.02/$0.05) - 2023/04/16 19:20:45
Table 'NLHBlue33' 6-max Seat #5 is the button
Seat 1: 97f15a8e ($9.69 in chips)
Seat 2: Hero ($5.27 in chips)
Seat 3: 66aa54f6 ($5.07 in chips)
Seat 4: 9c45bc7c ($5.71 in chips)
Seat 5: 2318d20a ($5.35 in chips)
Seat 6: 28bcfe79 ($10.25 in chips)
28bcfe79: posts small blind $0.02
97f15a8e: posts big blind $0.05
*** HOLE CARDS ***
Dealt to 97f15a8e 
Dealt to Hero [4c 2d]
Dealt to 66aa54f6 
Dealt to 9c45bc7c 
Dealt to 2318d20a 
Dealt to 28bcfe79 
Hero: folds
66aa54f6: raises $0.1 to $0.15
9c45bc7c: folds
2318d20a: folds
28bcfe79: folds
97f15a8e: folds
Uncalled bet ($0.1) returned to 66aa54f6
*** SHOWDOWN ***
66aa54f6 collected $0.12 from pot
*** SUMMARY ***
Total pot $0.12 | Rake $0 | Jackpot $0 | Bingo $0 | Fortune $0
Seat 1: 97f15a8e (big blind) folded before Flop
Seat 2: Hero folded before Flop (didn't bet)
Seat 3: 66aa54f6 collected ($0.12)
Seat 4: 9c45bc7c folded before Flop (didn't bet)
Seat 5: 2318d20a (button) folded before Flop (didn't bet)
Seat 6: 28bcfe79 (small blind) folded before Flop


Poker Hand #HD1205678120: Hold'em No Limit  ($0.02/$0.05) - 2023/04/16 19:20:30
Table 'NLHBlue33' 6-max Seat #4 is the button
Seat 1: 97f15a8e ($9.62 in chips)
Seat 2: Hero ($5.27 in chips)
Seat 3: 66aa54f6 ($5.07 in chips)
Seat 4: 9c45bc7c ($5.71 in chips)
Seat 5: 2318d20a ($5.37 in chips)
Seat 6: 28bcfe79 ($10.3 in chips)
2318d20a: posts small blind $0.02
28bcfe79: posts big blind $0.05
*** HOLE CARDS ***
Dealt to 97f15a8e 
Dealt to Hero [Kh Tc]
Dealt to 66aa54f6 
Dealt to 9c45bc7c 
Dealt to 2318d20a 
Dealt to 28bcfe79 
97f15a8e: raises $0.05 to $0.1
Hero: folds
66aa54f6: folds
9c45bc7c: folds
2318d20a: folds
28bcfe79: folds
Uncalled bet ($0.05) returned to 97f15a8e
*** SHOWDOWN ***
97f15a8e collected $0.12 from pot
*** SUMMARY ***
Total pot $0.12 | Rake $0 | Jackpot $0 | Bingo $0 | Fortune $0
Seat 1: 97f15a8e collected ($0.12)
Seat 2: Hero folded before Flop (didn't bet)
Seat 3: 66aa54f6 folded before Flop (didn't bet)
Seat 4: 9c45bc7c (button) folded before Flop (didn't bet)
Seat 5: 2318d20a (small blind) folded before Flop
Seat 6: 28bcfe79 (big blind) folded before Flop


Poker Hand #HD1205678107: Hold'em No Limit  ($0.02/$0.05) - 2023/04/16 19:20:21
Table 'NLHBlue33' 6-max Seat #3 is the button
Seat 1: 97f15a8e ($9.62 in chips)
Seat 2: Hero ($5.27 in chips)
Seat 3: 66aa54f6 ($5.07 in chips)
Seat 4: 9c45bc7c ($5.73 in chips)
Seat 5: 2318d20a ($5.35 in chips)
Seat 6: 28bcfe79 ($10.3 in chips)
9c45bc7c: posts small blind $0.02
2318d20a: posts big blind $0.05
*** HOLE CARDS ***
Dealt to 97f15a8e 
Dealt to Hero [Ac 3d]
Dealt to 66aa54f6 
Dealt to 9c45bc7c 
Dealt to 2318d20a 
Dealt to 28bcfe79 
28bcfe79: folds
97f15a8e: folds
Hero: folds
66aa54f6: folds
9c45bc7c: folds
Uncalled bet ($0.03) returned to 2318d20a
*** SHOWDOWN ***
2318d20a collected $0.04 from pot
*** SUMMARY ***
Total pot $0.04 | Rake $0 | Jackpot $0 | Bingo $0 | Fortune $0
Seat 1: 97f15a8e folded before Flop (didn't bet)
Seat 2: Hero folded before Flop (didn't bet)
Seat 3: 66aa54f6 (button) folded before Flop (didn't bet)
Seat 4: 9c45bc7c (small blind) folded before Flop
Seat 5: 2318d20a (big blind) collected ($0.04)
Seat 6: 28bcfe79 folded before Flop (didn't bet)


Poker Hand #HD1205678081: Hold'em No Limit  ($0.02/$0.05) - 2023/04/16 19:20:06
Table 'NLHBlue33' 6-max Seat #2 is the button
Seat 1: 97f15a8e ($9.62 in chips)
Seat 2: Hero ($5.27 in chips)
Seat 3: 66aa54f6 ($5.02 in chips)
Seat 4: 9c45bc7c ($5.78 in chips)
Seat 6: 28bcfe79 ($10.3 in chips)
66aa54f6: posts small blind $0.02
9c45bc7c: posts big blind $0.05
*** HOLE CARDS ***
Dealt to 97f15a8e 
Dealt to Hero [Kh 2h]
Dealt to 66aa54f6 
Dealt to 9c45bc7c 
Dealt to 28bcfe79 
28bcfe79: folds
97f15a8e: folds
Hero: folds
66aa54f6: raises $0.1 to $0.15
9c45bc7c: folds
Uncalled bet ($0.1) returned to 66aa54f6
*** SHOWDOWN ***
66aa54f6 collected $0.1 from pot
*** SUMMARY ***
Total pot $0.1 | Rake $0 | Jackpot $0 | Bingo $0 | Fortune $0
Seat 1: 97f15a8e folded before Flop (didn't bet)
Seat 2: Hero (button) folded before Flop (didn't bet)
Seat 3: 66aa54f6 (small blind) collected ($0.1)
Seat 4: 9c45bc7c (big blind) folded before Flop
Seat 6: 28bcfe79 folded before Flop (didn't bet)


Poker Hand #HD1205678059: Hold'em No Limit  ($0.02/$0.05) - 2023/04/16 19:19:56
Table 'NLHBlue33' 6-max Seat #1 is the button
Seat 1: 97f15a8e ($9.62 in chips)
Seat 2: Hero ($5.29 in chips)
Seat 3: 66aa54f6 ($5 in chips)
Seat 4: 9c45bc7c ($5.78 in chips)
Seat 6: 28bcfe79 ($10.3 in chips)
Hero: posts small blind $0.02
66aa54f6: posts big blind $0.05
*** HOLE CARDS ***
Dealt to 97f15a8e 
Dealt to Hero [7c 9s]
Dealt to 66aa54f6 
Dealt to 9c45bc7c 
Dealt to 28bcfe79 
9c45bc7c: folds
28bcfe79: folds
97f15a8e: folds
Hero: folds
Uncalled bet ($0.03) returned to 66aa54f6
*** SHOWDOWN ***
66aa54f6 collected $0.04 from pot
*** SUMMARY ***
Total pot $0.04 | Rake $0 | Jackpot $0 | Bingo $0 | Fortune $0
Seat 1: 97f15a8e (button) folded before Flop (didn't bet)
Seat 2: Hero (small blind) folded before Flop
Seat 3: 66aa54f6 (big blind) collected ($0.04)
Seat 4: 9c45bc7c folded before Flop (didn't bet)
Seat 6: 28bcfe79 folded before Flop (didn't bet)


Poker Hand #HD1205677978: Hold'em No Limit  ($0.02/$0.05) - 2023/04/16 19:19:00
Table 'NLHBlue33' 6-max Seat #6 is the button
Seat 1: 97f15a8e ($5.21 in chips)
Seat 2: Hero ($5.34 in chips)
Seat 3: 66aa54f6 ($5.21 in chips)
Seat 4: 9c45bc7c ($5.78 in chips)
Seat 6: 28bcfe79 ($10.3 in chips)
97f15a8e: posts small blind $0.02
Hero: posts big blind $0.05
*** HOLE CARDS ***
Dealt to 97f15a8e 
Dealt to Hero [4s 3h]
Dealt to 66aa54f6 
Dealt to 9c45bc7c 
Dealt to 28bcfe79 
66aa54f6: raises $0.1 to $0.15
9c45bc7c: folds
28bcfe79: folds
97f15a8e: raises $5.06 to $5.21 and is all-in
Hero: folds
66aa54f6: calls $5.06 and is all-in
97f15a8e: shows [As Ad]
66aa54f6: shows [Kd Ah]
*** FLOP *** [Tc 9d 9s]
97f15a8e: Chooses to EV Cashout 
*** TURN *** [Tc 9d 9s] [Ac]
*** RIVER *** [Tc 9d 9s Ac] [Jd]
97f15a8e: Pays Cashout Risk ($0.3)
*** SHOWDOWN ***
97f15a8e collected $9.92 from pot
*** SUMMARY ***
Total pot $10.47 | Rake $0.5 | Jackpot $0.05 | Bingo $0 | Fortune $0
Board [Tc 9d 9s Ac Jd]
Seat 1: 97f15a8e (small blind) showed [As Ad] and won ($9.92) with Aces Full over Nines, Cashout Risk ($0.3)
Seat 2: Hero (big blind) folded before Flop
Seat 3: 66aa54f6 showed [Kd Ah] and lost with Pair of Aces and Pair of Nines
Seat 4: 9c45bc7c folded before Flop (didn't bet)
Seat 6: 28bcfe79 (button) folded before Flop (didn't bet)


Poker Hand #HD1205677871: Hold'em No Limit  ($0.02/$0.05) - 2023/04/16 19:17:57
Table 'NLHBlue33' 6-max Seat #4 is the button
Seat 1: 97f15a8e ($5.26 in chips)
Seat 2: Hero ($5.34 in chips)
Seat 3: 66aa54f6 ($5.36 in chips)
Seat 4: 9c45bc7c ($5.57 in chips)
Seat 6: 28bcfe79 ($10.32 in chips)
28bcfe79: posts small blind $0.02
97f15a8e: posts big blind $0.05
*** HOLE CARDS ***
Dealt to 97f15a8e 
Dealt to Hero [2c 6s]
Dealt to 66aa54f6 
Dealt to 9c45bc7c 
Dealt to 28bcfe79 
Hero: folds
66aa54f6: raises $0.1 to $0.15
9c45bc7c: calls $0.15
28bcfe79: folds
97f15a8e: folds
*** FLOP *** [7c 9d Jh]
66aa54f6: checks
9c45bc7c: checks
*** TURN *** [7c 9d Jh] [6c]
66aa54f6: checks
9c45bc7c: checks
*** RIVER *** [7c 9d Jh 6c] [Qh]
66aa54f6: checks
9c45bc7c: bets $0.25
66aa54f6: folds
Uncalled bet ($0.25) returned to 9c45bc7c
*** SHOWDOWN ***
9c45bc7c collected $0.36 from pot
*** SUMMARY ***
Total pot $0.37 | Rake $0.01 | Jackpot $0 | Bingo $0 | Fortune $0
Board [7c 9d Jh 6c Qh]
Seat 1: 97f15a8e (big blind) folded before Flop
Seat 2: Hero folded before Flop (didn't bet)
Seat 3: 66aa54f6 folded on the River
Seat 4: 9c45bc7c (button) won ($0.36)
Seat 6: 28bcfe79 (small blind) folded before Flop


Poker Hand #HD1205677848: Hold'em No Limit  ($0.02/$0.05) - 2023/04/16 19:17:47
Table 'NLHBlue33' 6-max Seat #3 is the button
Seat 1: 97f15a8e ($5.19 in chips)
Seat 2: Hero ($5.34 in chips)
Seat 3: 66aa54f6 ($5.36 in chips)
Seat 4: 9c45bc7c ($5.59 in chips)
Seat 6: 28bcfe79 ($10.37 in chips)
9c45bc7c: posts small blind $0.02
28bcfe79: posts big blind $0.05
*** HOLE CARDS ***
Dealt to 97f15a8e 
Dealt to Hero [4c 7s]
Dealt to 66aa54f6 
Dealt to 9c45bc7c 
Dealt to 28bcfe79 
97f15a8e: raises $0.05 to $0.1
Hero: folds
66aa54f6: folds
9c45bc7c: folds
28bcfe79: folds
Uncalled bet ($0.05) returned to 97f15a8e
*** SHOWDOWN ***
97f15a8e collected $0.12 from pot
*** SUMMARY ***
Total pot $0.12 | Rake $0 | Jackpot $0 | Bingo $0 | Fortune $0
Seat 1: 97f15a8e collected ($0.12)
Seat 2: Hero folded before Flop (didn't bet)
Seat 3: 66aa54f6 (button) folded before Flop (didn't bet)
Seat 4: 9c45bc7c (small blind) folded before Flop
Seat 6: 28bcfe79 (big blind) folded before Flop


Poker Hand #HD1205677815: Hold'em No Limit  ($0.02/$0.05) - 2023/04/16 19:17:31
Table 'NLHBlue33' 6-max Seat #2 is the button
Seat 1: 97f15a8e ($5.19 in chips)
Seat 2: Hero ($5.34 in chips)
Seat 3: 66aa54f6 ($5.31 in chips)
Seat 4: 9c45bc7c ($5.64 in chips)
Seat 6: 28bcfe79 ($10.37 in chips)
66aa54f6: posts small blind $0.02
9c45bc7c: posts big blind $0.05
*** HOLE CARDS ***
Dealt to 97f15a8e 
Dealt to Hero [3c 6h]
Dealt to 66aa54f6 
Dealt to 9c45bc7c 
Dealt to 28bcfe79 
28bcfe79: folds
97f15a8e: folds
Hero: folds
66aa54f6: raises $0.1 to $0.15
9c45bc7c: folds
Uncalled bet ($0.1) returned to 66aa54f6
*** SHOWDOWN ***
66aa54f6 collected $0.1 from pot
*** SUMMARY ***
Total pot $0.1 | Rake $0 | Jackpot $0 | Bingo $0 | Fortune $0
Seat 1: 97f15a8e folded before Flop (didn't bet)
Seat 2: Hero (button) folded before Flop (didn't bet)
Seat 3: 66aa54f6 (small blind) collected ($0.1)
Seat 4: 9c45bc7c (big blind) folded before Flop
Seat 6: 28bcfe79 folded before Flop (didn't bet)


Poker Hand #HD1205677802: Hold'em No Limit  ($0.02/$0.05) - 2023/04/16 19:17:21
Table 'NLHBlue33' 6-max Seat #1 is the button
Seat 1: 97f15a8e ($5.12 in chips)
Seat 2: Hero ($5.36 in chips)
Seat 3: 66aa54f6 ($5.36 in chips)
Seat 4: 9c45bc7c ($5.64 in chips)
Seat 6: 28bcfe79 ($10.37 in chips)
Hero: posts small blind $0.02
66aa54f6: posts big blind $0.05
*** HOLE CARDS ***
Dealt to 97f15a8e 
Dealt to Hero [Kd 9c]
Dealt to 66aa54f6 
Dealt to 9c45bc7c 
Dealt to 28bcfe79 
9c45bc7c: folds
28bcfe79: folds
97f15a8e: raises $0.05 to $0.1
Hero: folds
66aa54f6: folds
Uncalled bet ($0.05) returned to 97f15a8e
*** SHOWDOWN ***
97f15a8e collected $0.12 from pot
*** SUMMARY ***
Total pot $0.12 | Rake $0 | Jackpot $0 | Bingo $0 | Fortune $0
Seat 1: 97f15a8e (button) collected ($0.12)
Seat 2: Hero (small blind) folded before Flop
Seat 3: 66aa54f6 (big blind) folded before Flop
Seat 4: 9c45bc7c folded before Flop (didn't bet)
Seat 6: 28bcfe79 folded before Flop (didn't bet)


Poker Hand #HD1205677780: Hold'em No Limit  ($0.02/$0.05) - 2023/04/16 19:17:11
Table 'NLHBlue33' 6-max Seat #6 is the button
Seat 1: 97f15a8e ($5.14 in chips)
Seat 2: Hero ($5.41 in chips)
Seat 3: 66aa54f6 ($5.29 in chips)
Seat 4: 9c45bc7c ($5.64 in chips)
Seat 6: 28bcfe79 ($10.37 in chips)
97f15a8e: posts small blind $0.02
Hero: posts big blind $0.05
*** HOLE CARDS ***
Dealt to 97f15a8e 
Dealt to Hero [9c 4s]
Dealt to 66aa54f6 
Dealt to 9c45bc7c 
Dealt to 28bcfe79 
66aa54f6: raises $0.1 to $0.15
9c45bc7c: folds
28bcfe79: folds
97f15a8e: folds
Hero: folds
Uncalled bet ($0.1) returned to 66aa54f6
*** SHOWDOWN ***
66aa54f6 collected $0.12 from pot
*** SUMMARY ***
Total pot $0.12 | Rake $0 | Jackpot $0 | Bingo $0 | Fortune $0
Seat 1: 97f15a8e (small blind) folded before Flop
Seat 2: Hero (big blind) folded before Flop
Seat 3: 66aa54f6 collected ($0.12)
Seat 4: 9c45bc7c folded before Flop (didn't bet)
Seat 6: 28bcfe79 (button) folded before Flop (didn't bet)


Poker Hand #HD1205677686: Hold'em No Limit  ($0.02/$0.05) - 2023/04/16 19:16:16
Table 'NLHBlue33' 6-max Seat #4 is the button
Seat 1: 97f15a8e ($5.19 in chips)
Seat 2: Hero ($5.53 in chips)
Seat 3: 66aa54f6 ($5 in chips)
Seat 4: 9c45bc7c ($5.76 in chips)
Seat 6: 28bcfe79 ($10.39 in chips)
28bcfe79: posts small blind $0.02
97f15a8e: posts big blind $0.05
*** HOLE CARDS ***
Dealt to 97f15a8e 
Dealt to Hero [8c 7c]
Dealt to 66aa54f6 
Dealt to 9c45bc7c 
Dealt to 28bcfe79 
Hero: raises $0.07 to $0.12
66aa54f6: calls $0.12
9c45bc7c: calls $0.12
28bcfe79: folds
97f15a8e: folds
*** FLOP *** [Jh 8s Qd]
Hero: checks
66aa54f6: checks
9c45bc7c: checks
*** TURN *** [Jh 8s Qd] [5c]
Hero: checks
66aa54f6: checks
9c45bc7c: checks
*** RIVER *** [Jh 8s Qd 5c] [Ac]
Hero: checks
66aa54f6: checks
9c45bc7c: checks
Hero: shows [8c 7c] (Pair of Eights)
66aa54f6: shows [3d Ad] (Pair of Aces)
9c45bc7c: shows [7d Td] (Ace-High)
*** SHOWDOWN ***
66aa54f6 collected $0.41 from pot
*** SUMMARY ***
Total pot $0.43 | Rake $0.02 | Jackpot $0 | Bingo $0 | Fortune $0
Board [Jh 8s Qd 5c Ac]
Seat 1: 97f15a8e (big blind) folded before Flop
Seat 2: Hero showed [8c 7c] and lost with Pair of Eights
Seat 3: 66aa54f6 showed [3d Ad] and won ($0.41) with Pair of Aces
Seat 4: 9c45bc7c (button) showed [7d Td] and lost with Ace-High
Seat 6: 28bcfe79 (small blind) folded before Flop


Poker Hand #HD1205677595: Hold'em No Limit  ($0.02/$0.05) - 2023/04/16 19:15:26
Table 'NLHBlue33' 6-max Seat #3 is the button
Seat 1: 97f15a8e ($5.49 in chips)
Seat 2: Hero ($5.19 in chips)
Seat 3: 66aa54f6 ($5 in chips)
Seat 4: 9c45bc7c ($5.78 in chips)
Seat 5: 2318d20a ($5.4 in chips)
Seat 6: 28bcfe79 ($10.39 in chips)
9c45bc7c: posts small blind $0.02
2318d20a: posts big blind $0.05
*** HOLE CARDS ***
Dealt to 97f15a8e 
Dealt to Hero [9c Tc]
Dealt to 66aa54f6 
Dealt to 9c45bc7c 
Dealt to 2318d20a 
Dealt to 28bcfe79 
28bcfe79: folds
97f15a8e: raises $0.05 to $0.1
Hero: raises $0.2 to $0.3
66aa54f6: folds
9c45bc7c: folds
2318d20a: folds
97f15a8e: calls $0.2
*** FLOP *** [Kd Kc 2c]
97f15a8e: checks
Hero: checks
*** TURN *** [Kd Kc 2c] [8h]
97f15a8e: checks
Hero: bets $0.25
97f15a8e: folds
Uncalled bet ($0.25) returned to Hero
*** SHOWDOWN ***
Hero collected $0.64 from pot
*** SUMMARY ***
Total pot $0.67 | Rake $0.03 | Jackpot $0 | Bingo $0 | Fortune $0
Board [Kd Kc 2c 8h]
Seat 1: 97f15a8e folded on the Turn
Seat 2: Hero won ($0.64)
Seat 3: 66aa54f6 (button) folded before Flop (didn't bet)
Seat 4: 9c45bc7c (small blind) folded before Flop
Seat 5: 2318d20a (big blind) folded before Flop
Seat 6: 28bcfe79 folded before Flop (didn't bet)


Poker Hand #HD1205677572: Hold'em No Limit  ($0.02/$0.05) - 2023/04/16 19:15:17
Table 'NLHBlue33' 6-max Seat #2 is the button
Seat 1: 97f15a8e ($5.49 in chips)
Seat 2: Hero ($5.19 in chips)
Seat 3: 66aa54f6 ($5 in chips)
Seat 4: 9c45bc7c ($5.76 in chips)
Seat 5: 2318d20a ($5.4 in chips)
Seat 6: 28bcfe79 ($10.39 in chips)
66aa54f6: posts small blind $0.02
9c45bc7c: posts big blind $0.05
*** HOLE CARDS ***
Dealt to 97f15a8e 
Dealt to Hero [Kc 8d]
Dealt to 66aa54f6 
Dealt to 9c45bc7c 
Dealt to 2318d20a 
Dealt to 28bcfe79 
2318d20a: folds
28bcfe79: folds
97f15a8e: folds
Hero: folds
66aa54f6: folds
Uncalled bet ($0.03) returned to 9c45bc7c
*** SHOWDOWN ***
9c45bc7c collected $0.04 from pot
*** SUMMARY ***
Total pot $0.04 | Rake $0 | Jackpot $0 | Bingo $0 | Fortune $0
Seat 1: 97f15a8e folded before Flop (didn't bet)
Seat 2: Hero (button) folded before Flop (didn't bet)
Seat 3: 66aa54f6 (small blind) folded before Flop
Seat 4: 9c45bc7c (big blind) collected ($0.04)
Seat 5: 2318d20a folded before Flop (didn't bet)
Seat 6: 28bcfe79 folded before Flop (didn't bet)


Poker Hand #HD1205677549: Hold'em No Limit  ($0.02/$0.05) - 2023/04/16 19:15:03
Table 'NLHBlue33' 6-max Seat #1 is the button
Seat 1: 97f15a8e ($5.49 in chips)
Seat 2: Hero ($5.21 in chips)
Seat 3: 66aa54f6 ($5 in chips)
Seat 4: 9c45bc7c ($5.69 in chips)
Seat 5: 2318d20a ($5.4 in chips)
Seat 6: 28bcfe79 ($10.39 in chips)
Hero: posts small blind $0.02
66aa54f6: posts big blind $0.05
*** HOLE CARDS ***
Dealt to 97f15a8e 
Dealt to Hero [7c Qs]
Dealt to 66aa54f6 
Dealt to 9c45bc7c 
Dealt to 2318d20a 
Dealt to 28bcfe79 
9c45bc7c: raises $0.1 to $0.15
2318d20a: folds
28bcfe79: folds
97f15a8e: folds
Hero: folds
66aa54f6: folds
Uncalled bet ($0.1) returned to 9c45bc7c
*** SHOWDOWN ***
9c45bc7c collected $0.12 from pot
*** SUMMARY ***
Total pot $0.12 | Rake $0 | Jackpot $0 | Bingo $0 | Fortune $0
Seat 1: 97f15a8e (button) folded before Flop (didn't bet)
Seat 2: Hero (small blind) folded before Flop
Seat 3: 66aa54f6 (big blind) folded before Flop
Seat 4: 9c45bc7c collected ($0.12)
Seat 5: 2318d20a folded before Flop (didn't bet)
Seat 6: 28bcfe79 folded before Flop (didn't bet)


Poker Hand #HD1205677521: Hold'em No Limit  ($0.02/$0.05) - 2023/04/16 19:14:47
Table 'NLHBlue33' 6-max Seat #6 is the button
Seat 1: 97f15a8e ($5.51 in chips)
Seat 2: Hero ($5.26 in chips)
Seat 3: 66aa54f6 ($5 in chips)
Seat 4: 9c45bc7c ($5.62 in chips)
Seat 5: 2318d20a ($5.4 in chips)
Seat 6: 28bcfe79 ($10.39 in chips)
97f15a8e: posts small blind $0.02
Hero: posts big blind $0.05
*** HOLE CARDS ***
Dealt to 97f15a8e 
Dealt to Hero [3s 7d]
Dealt to 66aa54f6 
Dealt to 9c45bc7c 
Dealt to 2318d20a 
Dealt to 28bcfe79 
66aa54f6: folds
9c45bc7c: raises $0.1 to $0.15
2318d20a: folds
28bcfe79: folds
97f15a8e: folds
Hero: folds
Uncalled bet ($0.1) returned to 9c45bc7c
*** SHOWDOWN ***
9c45bc7c collected $0.12 from pot
*** SUMMARY ***
Total pot $0.12 | Rake $0 | Jackpot $0 | Bingo $0 | Fortune $0
Seat 1: 97f15a8e (small blind) folded before Flop
Seat 2: Hero (big blind) folded before Flop
Seat 3: 66aa54f6 folded before Flop (didn't bet)
Seat 4: 9c45bc7c collected ($0.12)
Seat 5: 2318d20a folded before Flop (didn't bet)
Seat 6: 28bcfe79 (button) folded before Flop (didn't bet)


Poker Hand #HD1205677491: Hold'em No Limit  ($0.02/$0.05) - 2023/04/16 19:14:35
Table 'NLHBlue33' 6-max Seat #5 is the button
Seat 1: 97f15a8e ($5.56 in chips)
Seat 2: Hero ($5.19 in chips)
Seat 3: 66aa54f6 ($5 in chips)
Seat 4: 9c45bc7c ($5.62 in chips)
Seat 5: 2318d20a ($5.4 in chips)
Seat 6: 28bcfe79 ($10.41 in chips)
28bcfe79: posts small blind $0.02
97f15a8e: posts big blind $0.05
*** HOLE CARDS ***
Dealt to 97f15a8e 
Dealt to Hero [Tc Td]
Dealt to 66aa54f6 
Dealt to 9c45bc7c 
Dealt to 2318d20a 
Dealt to 28bcfe79 
Hero: raises $0.07 to $0.12
66aa54f6: folds
9c45bc7c: folds
2318d20a: folds
28bcfe79: folds
97f15a8e: folds
Uncalled bet ($0.07) returned to Hero
*** SHOWDOWN ***
Hero collected $0.12 from pot
*** SUMMARY ***
Total pot $0.12 | Rake $0 | Jackpot $0 | Bingo $0 | Fortune $0
Seat 1: 97f15a8e (big blind) folded before Flop
Seat 2: Hero collected ($0.12)
Seat 3: 66aa54f6 folded before Flop (didn't bet)
Seat 4: 9c45bc7c folded before Flop (didn't bet)
Seat 5: 2318d20a (button) folded before Flop (didn't bet)
Seat 6: 28bcfe79 (small blind) folded before Flop


Poker Hand #HD1205677469: Hold'em No Limit  ($0.02/$0.05) - 2023/04/16 19:14:22
Table 'NLHBlue33' 6-max Seat #4 is the button
Seat 1: 97f15a8e ($5.56 in chips)
Seat 2: Hero ($5.19 in chips)
Seat 3: 66aa54f6 ($5 in chips)
Seat 4: 9c45bc7c ($5.62 in chips)
Seat 5: 2318d20a ($5.35 in chips)
Seat 6: 28bcfe79 ($10.46 in chips)
2318d20a: posts small blind $0.02
28bcfe79: posts big blind $0.05
*** HOLE CARDS ***
Dealt to 97f15a8e 
Dealt to Hero [Ac 6d]
Dealt to 66aa54f6 
Dealt to 9c45bc7c 
Dealt to 2318d20a 
Dealt to 28bcfe79 
97f15a8e: folds
Hero: folds
66aa54f6: folds
9c45bc7c: folds
2318d20a: raises $0.13 to $0.18
28bcfe79: folds
Uncalled bet ($0.13) returned to 2318d20a
*** SHOWDOWN ***
2318d20a collected $0.1 from pot
*** SUMMARY ***
Total pot $0.1 | Rake $0 | Jackpot $0 | Bingo $0 | Fortune $0
Seat 1: 97f15a8e folded before Flop (didn't bet)
Seat 2: Hero folded before Flop (didn't bet)
Seat 3: 66aa54f6 folded before Flop (didn't bet)
Seat 4: 9c45bc7c (button) folded before Flop (didn't bet)
Seat 5: 2318d20a (small blind) collected ($0.1)
Seat 6: 28bcfe79 (big blind) folded before Flop


Poker Hand #HD1205677359: Hold'em No Limit  ($0.02/$0.05) - 2023/04/16 19:13:21
Table 'NLHBlue33' 6-max Seat #3 is the button
Seat 1: 97f15a8e ($5.4 in chips)
Seat 2: Hero ($5.19 in chips)
Seat 3: 66aa54f6 ($5 in chips)
Seat 4: 9c45bc7c ($5.64 in chips)
Seat 5: 2318d20a ($5.4 in chips)
Seat 6: 28bcfe79 ($10.46 in chips)
9c45bc7c: posts small blind $0.02
2318d20a: posts big blind $0.05
*** HOLE CARDS ***
Dealt to 97f15a8e 
Dealt to Hero [9s 4d]
Dealt to 66aa54f6 
Dealt to 9c45bc7c 
Dealt to 2318d20a 
Dealt to 28bcfe79 
28bcfe79: folds
97f15a8e: raises $0.05 to $0.1
Hero: folds
66aa54f6: calls $0.1
9c45bc7c: folds
2318d20a: folds
*** FLOP *** [5s Ac Th]
97f15a8e: checks
66aa54f6: checks
*** TURN *** [5s Ac Th] [8d]
97f15a8e: checks
66aa54f6: checks
*** RIVER *** [5s Ac Th 8d] [9c]
97f15a8e: checks
66aa54f6: checks
97f15a8e: shows [7h 9h] (Pair of Nines)
66aa54f6: shows [Kh Js] (Ace-High)
*** SHOWDOWN ***
97f15a8e collected $0.26 from pot
*** SUMMARY ***
Total pot $0.27 | Rake $0.01 | Jackpot $0 | Bingo $0 | Fortune $0
Board [5s Ac Th 8d 9c]
Seat 1: 97f15a8e showed [7h 9h] and won ($0.26) with Pair of Nines
Seat 2: Hero folded before Flop (didn't bet)
Seat 3: 66aa54f6 (button) showed [Kh Js] and lost with Ace-High
Seat 4: 9c45bc7c (small blind) folded before Flop
Seat 5: 2318d20a (big blind) folded before Flop
Seat 6: 28bcfe79 folded before Flop (didn't bet)


Poker Hand #HD1205677314: Hold'em No Limit  ($0.02/$0.05) - 2023/04/16 19:12:55
Table 'NLHBlue33' 6-max Seat #2 is the button
Seat 1: 97f15a8e ($5.4 in chips)
Seat 2: Hero ($5.19 in chips)
Seat 3: 66aa54f6 ($5 in chips)
Seat 4: 9c45bc7c ($5.69 in chips)
Seat 5: 2318d20a ($5.4 in chips)
Seat 6: 28bcfe79 ($10.39 in chips)
66aa54f6: posts small blind $0.02
9c45bc7c: posts big blind $0.05
*** HOLE CARDS ***
Dealt to 97f15a8e 
Dealt to Hero [Ad Th]
Dealt to 66aa54f6 
Dealt to 9c45bc7c 
Dealt to 2318d20a 
Dealt to 28bcfe79 
2318d20a: folds
28bcfe79: raises $0.05 to $0.1
97f15a8e: folds
Hero: folds
66aa54f6: folds
9c45bc7c: folds
Uncalled bet ($0.05) returned to 28bcfe79
*** SHOWDOWN ***
28bcfe79 collected $0.12 from pot
*** SUMMARY ***
Total pot $0.12 | Rake $0 | Jackpot $0 | Bingo $0 | Fortune $0
Seat 1: 97f15a8e folded before Flop (didn't bet)
Seat 2: Hero (button) folded before Flop (didn't bet)
Seat 3: 66aa54f6 (small blind) folded before Flop
Seat 4: 9c45bc7c (big blind) folded before Flop
Seat 5: 2318d20a folded before Flop (didn't bet)
Seat 6: 28bcfe79 collected ($0.12)


Poker Hand #HD1205677225: Hold'em No Limit  ($0.02/$0.05) - 2023/04/16 19:12:01
Table 'NLHBlue33' 6-max Seat #1 is the button
Seat 1: 97f15a8e ($5.4 in chips)
Seat 2: Hero ($5.21 in chips)
Seat 3: 66aa54f6 ($5 in chips)
Seat 4: 9c45bc7c ($5 in chips)
Seat 5: 2318d20a ($5.4 in chips)
Seat 6: 28bcfe79 ($10.39 in chips)
Hero: posts small blind $0.02
66aa54f6: posts big blind $0.05
*** HOLE CARDS ***
Dealt to 97f15a8e 
Dealt to Hero [2d 7c]
Dealt to 66aa54f6 
Dealt to 9c45bc7c 
Dealt to 2318d20a 
Dealt to 28bcfe79 
9c45bc7c: raises $0.1 to $0.15
2318d20a: folds
28bcfe79: folds
97f15a8e: folds
Hero: folds
66aa54f6: calls $0.1
*** FLOP *** [Jh 3h 6s]
66aa54f6: checks
9c45bc7c: checks
*** TURN *** [Jh 3h 6s] [7s]
66aa54f6: bets $0.24
9c45bc7c: calls $0.24
*** RIVER *** [Jh 3h 6s 7s] [4s]
66aa54f6: checks
9c45bc7c: bets $0.4
66aa54f6: calls $0.4
9c45bc7c: shows [9s Ks] (King High Flush)
66aa54f6: shows [Jd Ad] (Pair of Jacks)
*** SHOWDOWN ***
9c45bc7c collected $1.48 from pot
*** SUMMARY ***
Total pot $1.6 | Rake $0.07 | Jackpot $0.05 | Bingo $0 | Fortune $0
Board [Jh 3h 6s 7s 4s]
Seat 1: 97f15a8e (button) folded before Flop (didn't bet)
Seat 2: Hero (small blind) folded before Flop
Seat 3: 66aa54f6 (big blind) showed [Jd Ad] and lost with Pair of Jacks
Seat 4: 9c45bc7c showed [9s Ks] and won ($1.48) with King High Flush
Seat 5: 2318d20a folded before Flop (didn't bet)
Seat 6: 28bcfe79 folded before Flop (didn't bet)


Poker Hand #HD1205677164: Hold'em No Limit  ($0.02/$0.05) - 2023/04/16 19:11:27
Table 'NLHBlue33' 6-max Seat #6 is the button
Seat 1: 97f15a8e ($5.42 in chips)
Seat 2: Hero ($5.07 in chips)
Seat 4: 9c45bc7c ($5 in chips)
Seat 5: 2318d20a ($5.4 in chips)
Seat 6: 28bcfe79 ($10.52 in chips)
97f15a8e: posts small blind $0.02
Hero: posts big blind $0.05
*** HOLE CARDS ***
Dealt to 97f15a8e 
Dealt to Hero [Jd Ts]
Dealt to 9c45bc7c 
Dealt to 2318d20a 
Dealt to 28bcfe79 
9c45bc7c: folds
2318d20a: folds
28bcfe79: raises $0.08 to $0.13
97f15a8e: folds
Hero: calls $0.08
*** FLOP *** [Kh 8d 9c]
Hero: checks
28bcfe79: checks
*** TURN *** [Kh 8d 9c] [Kc]
Hero: bets $0.14
28bcfe79: folds
Uncalled bet ($0.14) returned to Hero
*** SHOWDOWN ***
Hero collected $0.27 from pot
*** SUMMARY ***
Total pot $0.28 | Rake $0.01 | Jackpot $0 | Bingo $0 | Fortune $0
Board [Kh 8d 9c Kc]
Seat 1: 97f15a8e (small blind) folded before Flop
Seat 2: Hero (big blind) won ($0.27)
Seat 4: 9c45bc7c folded before Flop (didn't bet)
Seat 5: 2318d20a folded before Flop (didn't bet)
Seat 6: 28bcfe79 (button) folded on the Turn


Poker Hand #HD1205677139: Hold'em No Limit  ($0.02/$0.05) - 2023/04/16 19:11:12
Table 'NLHBlue33' 6-max Seat #5 is the button
Seat 1: 97f15a8e ($5.47 in chips)
Seat 2: Hero ($5 in chips)
Seat 4: 9c45bc7c ($5 in chips)
Seat 5: 2318d20a ($5.4 in chips)
Seat 6: 28bcfe79 ($10.54 in chips)
28bcfe79: posts small blind $0.02
97f15a8e: posts big blind $0.05
*** HOLE CARDS ***
Dealt to 97f15a8e 
Dealt to Hero [Qh Kd]
Dealt to 9c45bc7c 
Dealt to 2318d20a 
Dealt to 28bcfe79 
Hero: raises $0.07 to $0.12
9c45bc7c: folds
2318d20a: folds
28bcfe79: folds
97f15a8e: folds
Uncalled bet ($0.07) returned to Hero
*** SHOWDOWN ***
Hero collected $0.12 from pot
*** SUMMARY ***
Total pot $0.12 | Rake $0 | Jackpot $0 | Bingo $0 | Fortune $0
Seat 1: 97f15a8e (big blind) folded before Flop
Seat 2: Hero collected ($0.12)
Seat 4: 9c45bc7c folded before Flop (didn't bet)
Seat 5: 2318d20a (button) folded before Flop (didn't bet)
Seat 6: 28bcfe79 (small blind) folded before Flop


Poker Hand #HD1205677089: Hold'em No Limit  ($0.02/$0.05) - 2023/04/16 19:10:47
Table 'NLHBlue33' 6-max Seat #4 is the button
Seat 1: 97f15a8e ($5.47 in chips)
Seat 2: Hero ($5 in chips)
Seat 4: 9c45bc7c ($5 in chips)
Seat 5: 2318d20a ($5.35 in chips)
Seat 6: 28bcfe79 ($10.59 in chips)
2318d20a: posts small blind $0.02
28bcfe79: posts big blind $0.05
*** HOLE CARDS ***
Dealt to 97f15a8e 
Dealt to Hero [6d 3s]
Dealt to 9c45bc7c 
Dealt to 2318d20a 
Dealt to 28bcfe79 
97f15a8e: folds
Hero: folds
9c45bc7c: folds
2318d20a: raises $0.13 to $0.18
28bcfe79: folds
Uncalled bet ($0.13) returned to 2318d20a
*** SHOWDOWN ***
2318d20a collected $0.1 from pot
*** SUMMARY ***
Total pot $0.1 | Rake $0 | Jackpot $0 | Bingo $0 | Fortune $0
Seat 1: 97f15a8e folded before Flop (didn't bet)
Seat 2: Hero folded before Flop (didn't bet)
Seat 4: 9c45bc7c (button) folded before Flop (didn't bet)
Seat 5: 2318d20a (small blind) collected ($0.1)
Seat 6: 28bcfe79 (big blind) folded before Flop


Poker Hand #HD1205677039: Hold'em No Limit  ($0.02/$0.05) - 2023/04/16 19:10:19
Table 'NLHBlue33' 6-max Seat #3 is the button
Seat 1: 97f15a8e ($5.47 in chips)
Seat 2: Hero ($5 in chips)
Seat 3: cd7497f5 ($5.17 in chips)
Seat 4: 9c45bc7c ($5 in chips)
Seat 5: 2318d20a ($5.22 in chips)
Seat 6: 28bcfe79 ($10.59 in chips)
9c45bc7c: posts small blind $0.02
2318d20a: posts big blind $0.05
*** HOLE CARDS ***
Dealt to 97f15a8e 
Dealt to Hero [8d 7d]
Dealt to cd7497f5 
Dealt to 9c45bc7c 
Dealt to 2318d20a 
Dealt to 28bcfe79 
28bcfe79: folds
97f15a8e: folds
Hero: raises $0.07 to $0.12
cd7497f5: folds
9c45bc7c: folds
2318d20a: raises $0.26 to $0.38
Hero: folds
Uncalled bet ($0.26) returned to 2318d20a
*** SHOWDOWN ***
2318d20a collected $0.25 from pot
*** SUMMARY ***
Total pot $0.26 | Rake $0.01 | Jackpot $0 | Bingo $0 | Fortune $0
Seat 1: 97f15a8e folded before Flop (didn't bet)
Seat 2: Hero folded before Flop
Seat 3: cd7497f5 (button) folded before Flop (didn't bet)
Seat 4: 9c45bc7c (small blind) folded before Flop
Seat 5: 2318d20a (big blind) collected ($0.25)
Seat 6: 28bcfe79 folded before Flop (didn't bet)


Poker Hand #HD1205677013: Hold'em No Limit  ($0.02/$0.05) - 2023/04/16 19:10:01
Table 'NLHBlue33' 6-max Seat #2 is the button
Seat 1: 97f15a8e ($5.47 in chips)
Seat 2: Hero ($5 in chips)
Seat 3: cd7497f5 ($5.19 in chips)
Seat 4: 9c45bc7c ($5 in chips)
Seat 5: 2318d20a ($5.22 in chips)
Seat 6: 28bcfe79 ($10.52 in chips)
cd7497f5: posts small blind $0.02
9c45bc7c: posts big blind $0.05
*** HOLE CARDS ***
Dealt to 97f15a8e 
Dealt to Hero [7s 2c]
Dealt to cd7497f5 
Dealt to 9c45bc7c 
Dealt to 2318d20a 
Dealt to 28bcfe79 
2318d20a: folds
28bcfe79: raises $0.08 to $0.13
97f15a8e: folds
Hero: folds
cd7497f5: folds
9c45bc7c: folds
Uncalled bet ($0.08) returned to 28bcfe79
*** SHOWDOWN ***
28bcfe79 collected $0.12 from pot
*** SUMMARY ***
Total pot $0.12 | Rake $0 | Jackpot $0 | Bingo $0 | Fortune $0
Seat 1: 97f15a8e folded before Flop (didn't bet)
Seat 2: Hero (button) folded before Flop (didn't bet)
Seat 3: cd7497f5 (small blind) folded before Flop
Seat 4: 9c45bc7c (big blind) folded before Flop
Seat 5: 2318d20a folded before Flop (didn't bet)
Seat 6: 28bcfe79 collected ($0.12)


Poker Hand #HD1205676940: Hold'em No Limit  ($0.02/$0.05) - 2023/04/16 19:09:20
Table 'NLHBlue33' 6-max Seat #1 is the button
Seat 1: 97f15a8e ($5.47 in chips)
Seat 2: Hero ($5 in chips)
Seat 3: cd7497f5 ($5.06 in chips)
Seat 5: 2318d20a ($5.22 in chips)
Seat 6: 28bcfe79 ($10.52 in chips)
Hero: posts small blind $0.02
cd7497f5: posts big blind $0.05
*** HOLE CARDS ***
Dealt to 97f15a8e 
Dealt to Hero [Qs 5s]
Dealt to cd7497f5 
Dealt to 2318d20a 
Dealt to 28bcfe79 
2318d20a: folds
28bcfe79: folds
97f15a8e: folds
Hero: raises $0.09 to $0.14
cd7497f5: calls $0.09
*** FLOP *** [Ac 8h 8c]
Hero: checks
cd7497f5: checks
*** TURN *** [Ac 8h 8c] [Ad]
Hero: checks
cd7497f5: bets $0.14
Hero: folds
Uncalled bet ($0.14) returned to cd7497f5
*** SHOWDOWN ***
cd7497f5 collected $0.27 from pot
*** SUMMARY ***
Total pot $0.28 | Rake $0.01 | Jackpot $0 | Bingo $0 | Fortune $0
Board [Ac 8h 8c Ad]
Seat 1: 97f15a8e (button) folded before Flop (didn't bet)
Seat 2: Hero (small blind) folded on the Turn
Seat 3: cd7497f5 (big blind) won ($0.27)
Seat 5: 2318d20a folded before Flop (didn't bet)
Seat 6: 28bcfe79 folded before Flop (didn't bet)


Poker Hand #HD1205676918: Hold'em No Limit  ($0.02/$0.05) - 2023/04/16 19:09:05
Table 'NLHBlue33' 6-max Seat #6 is the button
Seat 1: 97f15a8e ($5.42 in chips)
Seat 2: Hero ($5 in chips)
Seat 3: cd7497f5 ($5.06 in chips)
Seat 5: 2318d20a ($5.22 in chips)
Seat 6: 28bcfe79 ($10.52 in chips)
97f15a8e: posts small blind $0.02
Hero: posts big blind $0.05
*** HOLE CARDS ***
Dealt to 97f15a8e 
Dealt to Hero [Ts 6d]
Dealt to cd7497f5 
Dealt to 2318d20a 
Dealt to 28bcfe79 
cd7497f5: folds
2318d20a: folds
28bcfe79: folds
97f15a8e: raises $0.05 to $0.1
Hero: folds
Uncalled bet ($0.05) returned to 97f15a8e
*** SHOWDOWN ***
97f15a8e collected $0.1 from pot
*** SUMMARY ***
Total pot $0.1 | Rake $0 | Jackpot $0 | Bingo $0 | Fortune $0
Seat 1: 97f15a8e (small blind) collected ($0.1)
Seat 2: Hero (big blind) folded before Flop
Seat 3: cd7497f5 folded before Flop (didn't bet)
Seat 5: 2318d20a folded before Flop (didn't bet)
Seat 6: 28bcfe79 (button) folded before Flop (didn't bet)


