Poker Hand #HD1148695099: Hold'em No Limit  ($0.02/$0.05) - 2023/03/06 18:19:30
Table 'NLHBlue29' 6-max Seat #6 is the button
Seat 1: 4e61e849 ($5.72 in chips)
Seat 2: d990865d ($5.07 in chips)
Seat 3: 237f6ed7 ($5.07 in chips)
Seat 4: d28d522f ($6.02 in chips)
Seat 5: 27527111 ($5.47 in chips)
Seat 6: Hero ($6.29 in chips)
4e61e849: posts small blind $0.02
d990865d: posts big blind $0.05
*** HOLE CARDS ***
Dealt to 4e61e849 
Dealt to d990865d 
Dealt to 237f6ed7 
Dealt to d28d522f 
Dealt to 27527111 
Dealt to Hero [8c 9h]
237f6ed7: folds
d28d522f: raises $0.05 to $0.1
27527111: folds
Hero: folds
4e61e849: folds
d990865d: folds
Uncalled bet ($0.05) returned to d28d522f
*** SHOWDOWN ***
d28d522f collected $0.12 from pot
*** SUMMARY ***
Total pot $0.12 | Rake $0 | Jackpot $0 | Bingo $0 | Fortune $0
Seat 1: 4e61e849 (small blind) folded before Flop
Seat 2: d990865d (big blind) folded before Flop
Seat 3: 237f6ed7 folded before Flop (didn't bet)
Seat 4: d28d522f collected ($0.12)
Seat 5: 27527111 folded before Flop (didn't bet)
Seat 6: Hero (button) folded before Flop (didn't bet)


Poker Hand #HD1148694998: Hold'em No Limit  ($0.02/$0.05) - 2023/03/06 18:18:53
Table 'NLHBlue29' 6-max Seat #5 is the button
Seat 1: 4e61e849 ($5.77 in chips)
Seat 2: d990865d ($5.17 in chips)
Seat 3: 237f6ed7 ($5.07 in chips)
Seat 4: d28d522f ($6.02 in chips)
Seat 5: 27527111 ($5.31 in chips)
Seat 6: Hero ($6.31 in chips)
Hero: posts small blind $0.02
4e61e849: posts big blind $0.05
*** HOLE CARDS ***
Dealt to 4e61e849 
Dealt to d990865d 
Dealt to 237f6ed7 
Dealt to d28d522f 
Dealt to 27527111 
Dealt to Hero [As 7c]
d990865d: raises $0.05 to $0.1
237f6ed7: folds
d28d522f: folds
27527111: raises $0.25 to $0.35
Hero: folds
4e61e849: folds
d990865d: folds
Uncalled bet ($0.25) returned to 27527111
*** SHOWDOWN ***
27527111 collected $0.26 from pot
*** SUMMARY ***
Total pot $0.27 | Rake $0.01 | Jackpot $0 | Bingo $0 | Fortune $0
Seat 1: 4e61e849 (big blind) folded before Flop
Seat 2: d990865d folded before Flop
Seat 3: 237f6ed7 folded before Flop (didn't bet)
Seat 4: d28d522f folded before Flop (didn't bet)
Seat 5: 27527111 (button) collected ($0.26)
Seat 6: Hero (small blind) folded before Flop


Poker Hand #HD1148694882: Hold'em No Limit  ($0.02/$0.05) - 2023/03/06 18:18:10
Table 'NLHBlue29' 6-max Seat #4 is the button
Seat 1: 4e61e849 ($5.77 in chips)
Seat 2: d990865d ($5.27 in chips)
Seat 3: 237f6ed7 ($5.07 in chips)
Seat 4: d28d522f ($6.02 in chips)
Seat 5: 27527111 ($5.33 in chips)
Seat 6: Hero ($6.2 in chips)
27527111: posts small blind $0.02
Hero: posts big blind $0.05
*** HOLE CARDS ***
Dealt to 4e61e849 
Dealt to d990865d 
Dealt to 237f6ed7 
Dealt to d28d522f 
Dealt to 27527111 
Dealt to Hero [3c Ah]
4e61e849: folds
d990865d: raises $0.05 to $0.1
237f6ed7: folds
d28d522f: folds
27527111: folds
Hero: calls $0.05
*** FLOP *** [Js 5s 2h]
Hero: checks
d990865d: checks
*** TURN *** [Js 5s 2h] [4h]
Hero: bets $0.17
d990865d: folds
Uncalled bet ($0.17) returned to Hero
*** SHOWDOWN ***
Hero collected $0.21 from pot
*** SUMMARY ***
Total pot $0.22 | Rake $0.01 | Jackpot $0 | Bingo $0 | Fortune $0
Board [Js 5s 2h 4h]
Seat 1: 4e61e849 folded before Flop (didn't bet)
Seat 2: d990865d folded on the Turn
Seat 3: 237f6ed7 folded before Flop (didn't bet)
Seat 4: d28d522f (button) folded before Flop (didn't bet)
Seat 5: 27527111 (small blind) folded before Flop
Seat 6: Hero (big blind) won ($0.21)


Poker Hand #HD1148694761: Hold'em No Limit  ($0.02/$0.05) - 2023/03/06 18:17:28
Table 'NLHBlue29' 6-max Seat #3 is the button
Seat 1: 4e61e849 ($5.89 in chips)
Seat 2: d990865d ($5 in chips)
Seat 3: 237f6ed7 ($5.07 in chips)
Seat 4: d28d522f ($6.14 in chips)
Seat 5: 27527111 ($5.38 in chips)
Seat 6: Hero ($6.2 in chips)
d28d522f: posts small blind $0.02
27527111: posts big blind $0.05
*** HOLE CARDS ***
Dealt to 4e61e849 
Dealt to d990865d 
Dealt to 237f6ed7 
Dealt to d28d522f 
Dealt to 27527111 
Dealt to Hero [5h 7c]
Hero: folds
4e61e849: raises $0.07 to $0.12
d990865d: calls $0.12
237f6ed7: folds
d28d522f: calls $0.1
27527111: folds
*** FLOP *** [Qh 9c 2d]
d28d522f: checks
4e61e849: checks
d990865d: bets $0.17
d28d522f: folds
4e61e849: folds
Uncalled bet ($0.17) returned to d990865d
*** SHOWDOWN ***
d990865d collected $0.39 from pot
*** SUMMARY ***
Total pot $0.41 | Rake $0.02 | Jackpot $0 | Bingo $0 | Fortune $0
Board [Qh 9c 2d]
Seat 1: 4e61e849 folded on the Flop
Seat 2: d990865d won ($0.39)
Seat 3: 237f6ed7 (button) folded before Flop (didn't bet)
Seat 4: d28d522f (small blind) folded on the Flop
Seat 5: 27527111 (big blind) folded before Flop
Seat 6: Hero folded before Flop (didn't bet)


Poker Hand #HD1148694700: Hold'em No Limit  ($0.02/$0.05) - 2023/03/06 18:17:05
Table 'NLHBlue29' 6-max Seat #2 is the button
Seat 1: 4e61e849 ($5.89 in chips)
Seat 2: d990865d ($5 in chips)
Seat 3: 237f6ed7 ($5.09 in chips)
Seat 4: d28d522f ($6.12 in chips)
Seat 5: 27527111 ($5.38 in chips)
Seat 6: Hero ($6.2 in chips)
237f6ed7: posts small blind $0.02
d28d522f: posts big blind $0.05
*** HOLE CARDS ***
Dealt to 4e61e849 
Dealt to d990865d 
Dealt to 237f6ed7 
Dealt to d28d522f 
Dealt to 27527111 
Dealt to Hero [5h Jh]
27527111: folds
Hero: folds
4e61e849: folds
d990865d: folds
237f6ed7: folds
Uncalled bet ($0.03) returned to d28d522f
*** SHOWDOWN ***
d28d522f collected $0.04 from pot
*** SUMMARY ***
Total pot $0.04 | Rake $0 | Jackpot $0 | Bingo $0 | Fortune $0
Seat 1: 4e61e849 folded before Flop (didn't bet)
Seat 2: d990865d (button) folded before Flop (didn't bet)
Seat 3: 237f6ed7 (small blind) folded before Flop
Seat 4: d28d522f (big blind) collected ($0.04)
Seat 5: 27527111 folded before Flop (didn't bet)
Seat 6: Hero folded before Flop (didn't bet)


Poker Hand #HD1148694628: Hold'em No Limit  ($0.02/$0.05) - 2023/03/06 18:16:39
Table 'NLHBlue29' 6-max Seat #1 is the button
Seat 1: 4e61e849 ($5.89 in chips)
Seat 2: d990865d ($5.02 in chips)
Seat 3: 237f6ed7 ($5.07 in chips)
Seat 4: d28d522f ($6.12 in chips)
Seat 5: 27527111 ($5.38 in chips)
Seat 6: Hero ($6.2 in chips)
d990865d: posts small blind $0.02
237f6ed7: posts big blind $0.05
*** HOLE CARDS ***
Dealt to 4e61e849 
Dealt to d990865d 
Dealt to 237f6ed7 
Dealt to d28d522f 
Dealt to 27527111 
Dealt to Hero [5c 9c]
d28d522f: folds
27527111: folds
Hero: folds
4e61e849: folds
d990865d: folds
Uncalled bet ($0.03) returned to 237f6ed7
*** SHOWDOWN ***
237f6ed7 collected $0.04 from pot
*** SUMMARY ***
Total pot $0.04 | Rake $0 | Jackpot $0 | Bingo $0 | Fortune $0
Seat 1: 4e61e849 (button) folded before Flop (didn't bet)
Seat 2: d990865d (small blind) folded before Flop
Seat 3: 237f6ed7 (big blind) collected ($0.04)
Seat 4: d28d522f folded before Flop (didn't bet)
Seat 5: 27527111 folded before Flop (didn't bet)
Seat 6: Hero folded before Flop (didn't bet)


Poker Hand #HD1148694569: Hold'em No Limit  ($0.02/$0.05) - 2023/03/06 18:16:17
Table 'NLHBlue29' 6-max Seat #6 is the button
Seat 1: 4e61e849 ($5.91 in chips)
Seat 2: d990865d ($5 in chips)
Seat 3: 237f6ed7 ($5.07 in chips)
Seat 4: d28d522f ($6.12 in chips)
Seat 5: 27527111 ($5.38 in chips)
Seat 6: Hero ($6.2 in chips)
4e61e849: posts small blind $0.02
d990865d: posts big blind $0.05
*** HOLE CARDS ***
Dealt to 4e61e849 
Dealt to d990865d 
Dealt to 237f6ed7 
Dealt to d28d522f 
Dealt to 27527111 
Dealt to Hero [6s 2d]
237f6ed7: folds
d28d522f: folds
27527111: folds
Hero: folds
4e61e849: folds
Uncalled bet ($0.03) returned to d990865d
*** SHOWDOWN ***
d990865d collected $0.04 from pot
*** SUMMARY ***
Total pot $0.04 | Rake $0 | Jackpot $0 | Bingo $0 | Fortune $0
Seat 1: 4e61e849 (small blind) folded before Flop
Seat 2: d990865d (big blind) collected ($0.04)
Seat 3: 237f6ed7 folded before Flop (didn't bet)
Seat 4: d28d522f folded before Flop (didn't bet)
Seat 5: 27527111 folded before Flop (didn't bet)
Seat 6: Hero (button) folded before Flop (didn't bet)


Poker Hand #HD1148694521: Hold'em No Limit  ($0.02/$0.05) - 2023/03/06 18:16:02
Table 'NLHBlue29' 6-max Seat #5 is the button
Seat 1: 4e61e849 ($5.96 in chips)
Seat 2: d990865d ($5 in chips)
Seat 3: 237f6ed7 ($5 in chips)
Seat 4: d28d522f ($6.12 in chips)
Seat 5: 27527111 ($5.38 in chips)
Seat 6: Hero ($6.22 in chips)
Hero: posts small blind $0.02
4e61e849: posts big blind $0.05
*** HOLE CARDS ***
Dealt to 4e61e849 
Dealt to d990865d 
Dealt to 237f6ed7 
Dealt to d28d522f 
Dealt to 27527111 
Dealt to Hero [5c Th]
d990865d: folds
237f6ed7: raises $0.08 to $0.13
d28d522f: folds
27527111: folds
Hero: folds
4e61e849: folds
Uncalled bet ($0.08) returned to 237f6ed7
*** SHOWDOWN ***
237f6ed7 collected $0.12 from pot
*** SUMMARY ***
Total pot $0.12 | Rake $0 | Jackpot $0 | Bingo $0 | Fortune $0
Seat 1: 4e61e849 (big blind) folded before Flop
Seat 2: d990865d folded before Flop (didn't bet)
Seat 3: 237f6ed7 collected ($0.12)
Seat 4: d28d522f folded before Flop (didn't bet)
Seat 5: 27527111 (button) folded before Flop (didn't bet)
Seat 6: Hero (small blind) folded before Flop


Poker Hand #HD1148694350: Hold'em No Limit  ($0.02/$0.05) - 2023/03/06 18:15:03
Table 'NLHBlue29' 6-max Seat #4 is the button
Seat 1: 4e61e849 ($5.96 in chips)
Seat 2: d990865d ($5 in chips)
Seat 3: 237f6ed7 ($5 in chips)
Seat 4: d28d522f ($5.57 in chips)
Seat 5: 27527111 ($5.93 in chips)
Seat 6: Hero ($6.27 in chips)
27527111: posts small blind $0.02
Hero: posts big blind $0.05
*** HOLE CARDS ***
Dealt to 4e61e849 
Dealt to d990865d 
Dealt to 237f6ed7 
Dealt to d28d522f 
Dealt to 27527111 
Dealt to Hero [7d 9c]
4e61e849: folds
d990865d: folds
237f6ed7: folds
d28d522f: raises $0.08 to $0.13
27527111: raises $0.42 to $0.55
Hero: folds
d28d522f: raises $0.63 to $1.18
27527111: folds
Uncalled bet ($0.63) returned to d28d522f
*** SHOWDOWN ***
d28d522f collected $1.1 from pot
*** SUMMARY ***
Total pot $1.15 | Rake $0.05 | Jackpot $0 | Bingo $0 | Fortune $0
Seat 1: 4e61e849 folded before Flop (didn't bet)
Seat 2: d990865d folded before Flop (didn't bet)
Seat 3: 237f6ed7 folded before Flop (didn't bet)
Seat 4: d28d522f (button) collected ($1.1)
Seat 5: 27527111 (small blind) folded before Flop
Seat 6: Hero (big blind) folded before Flop


Poker Hand #HD1148694205: Hold'em No Limit  ($0.02/$0.05) - 2023/03/06 18:14:11
Table 'NLHBlue29' 6-max Seat #3 is the button
Seat 1: 4e61e849 ($5.83 in chips)
Seat 2: d990865d ($5 in chips)
Seat 3: 237f6ed7 ($5 in chips)
Seat 4: d28d522f ($5.59 in chips)
Seat 5: 27527111 ($6.05 in chips)
Seat 6: Hero ($6.27 in chips)
d28d522f: posts small blind $0.02
27527111: posts big blind $0.05
*** HOLE CARDS ***
Dealt to 4e61e849 
Dealt to d990865d 
Dealt to 237f6ed7 
Dealt to d28d522f 
Dealt to 27527111 
Dealt to Hero [3s 4h]
Hero: folds
4e61e849: raises $0.07 to $0.12
d990865d: folds
237f6ed7: folds
d28d522f: folds
27527111: calls $0.07
*** FLOP *** [Ks 2h 2s]
27527111: checks
4e61e849: bets $0.14
27527111: folds
Uncalled bet ($0.14) returned to 4e61e849
*** SHOWDOWN ***
4e61e849 collected $0.25 from pot
*** SUMMARY ***
Total pot $0.26 | Rake $0.01 | Jackpot $0 | Bingo $0 | Fortune $0
Board [Ks 2h 2s]
Seat 1: 4e61e849 won ($0.25)
Seat 2: d990865d folded before Flop (didn't bet)
Seat 3: 237f6ed7 (button) folded before Flop (didn't bet)
Seat 4: d28d522f (small blind) folded before Flop
Seat 5: 27527111 (big blind) folded on the Flop
Seat 6: Hero folded before Flop (didn't bet)


Poker Hand #HD1148694157: Hold'em No Limit  ($0.02/$0.05) - 2023/03/06 18:13:53
Table 'NLHBlue29' 6-max Seat #2 is the button
Seat 1: 4e61e849 ($5.83 in chips)
Seat 2: d990865d ($5 in chips)
Seat 3: 237f6ed7 ($5 in chips)
Seat 4: d28d522f ($5.64 in chips)
Seat 5: 27527111 ($6.05 in chips)
Seat 6: Hero ($6.2 in chips)
237f6ed7: posts small blind $0.02
d28d522f: posts big blind $0.05
*** HOLE CARDS ***
Dealt to 4e61e849 
Dealt to d990865d 
Dealt to 237f6ed7 
Dealt to d28d522f 
Dealt to 27527111 
Dealt to Hero [8d 8h]
27527111: folds
Hero: raises $0.07 to $0.12
4e61e849: folds
d990865d: folds
237f6ed7: folds
d28d522f: folds
Uncalled bet ($0.07) returned to Hero
*** SHOWDOWN ***
Hero collected $0.12 from pot
*** SUMMARY ***
Total pot $0.12 | Rake $0 | Jackpot $0 | Bingo $0 | Fortune $0
Seat 1: 4e61e849 folded before Flop (didn't bet)
Seat 2: d990865d (button) folded before Flop (didn't bet)
Seat 3: 237f6ed7 (small blind) folded before Flop
Seat 4: d28d522f (big blind) folded before Flop
Seat 5: 27527111 folded before Flop (didn't bet)
Seat 6: Hero collected ($0.12)


Poker Hand #HD1148694079: Hold'em No Limit  ($0.02/$0.05) - 2023/03/06 18:13:24
Table 'NLHBlue29' 6-max Seat #1 is the button
Seat 1: 4e61e849 ($5.83 in chips)
Seat 2: d990865d ($5.02 in chips)
Seat 3: 237f6ed7 ($5 in chips)
Seat 4: d28d522f ($5.64 in chips)
Seat 5: 27527111 ($6.05 in chips)
Seat 6: Hero ($6.13 in chips)
d990865d: posts small blind $0.02
237f6ed7: posts big blind $0.05
*** HOLE CARDS ***
Dealt to 4e61e849 
Dealt to d990865d 
Dealt to 237f6ed7 
Dealt to d28d522f 
Dealt to 27527111 
Dealt to Hero [Qc Kd]
d28d522f: folds
27527111: folds
Hero: raises $0.07 to $0.12
4e61e849: folds
d990865d: folds
237f6ed7: folds
Uncalled bet ($0.07) returned to Hero
*** SHOWDOWN ***
Hero collected $0.12 from pot
*** SUMMARY ***
Total pot $0.12 | Rake $0 | Jackpot $0 | Bingo $0 | Fortune $0
Seat 1: 4e61e849 (button) folded before Flop (didn't bet)
Seat 2: d990865d (small blind) folded before Flop
Seat 3: 237f6ed7 (big blind) folded before Flop
Seat 4: d28d522f folded before Flop (didn't bet)
Seat 5: 27527111 folded before Flop (didn't bet)
Seat 6: Hero collected ($0.12)


Poker Hand #HD1148694006: Hold'em No Limit  ($0.02/$0.05) - 2023/03/06 18:13:01
Table 'NLHBlue29' 6-max Seat #6 is the button
Seat 1: 4e61e849 ($5.85 in chips)
Seat 2: d990865d ($5 in chips)
Seat 3: 237f6ed7 ($5 in chips)
Seat 4: d28d522f ($5.64 in chips)
Seat 5: 27527111 ($6.05 in chips)
Seat 6: Hero ($6.13 in chips)
4e61e849: posts small blind $0.02
d990865d: posts big blind $0.05
*** HOLE CARDS ***
Dealt to 4e61e849 
Dealt to d990865d 
Dealt to 237f6ed7 
Dealt to d28d522f 
Dealt to 27527111 
Dealt to Hero [7d Jc]
237f6ed7: folds
d28d522f: folds
27527111: folds
Hero: folds
4e61e849: folds
Uncalled bet ($0.03) returned to d990865d
*** SHOWDOWN ***
d990865d collected $0.04 from pot
*** SUMMARY ***
Total pot $0.04 | Rake $0 | Jackpot $0 | Bingo $0 | Fortune $0
Seat 1: 4e61e849 (small blind) folded before Flop
Seat 2: d990865d (big blind) collected ($0.04)
Seat 3: 237f6ed7 folded before Flop (didn't bet)
Seat 4: d28d522f folded before Flop (didn't bet)
Seat 5: 27527111 folded before Flop (didn't bet)
Seat 6: Hero (button) folded before Flop (didn't bet)


Poker Hand #HD1148693965: Hold'em No Limit  ($0.02/$0.05) - 2023/03/06 18:12:47
Table 'NLHBlue29' 6-max Seat #5 is the button
Seat 1: 4e61e849 ($5.9 in chips)
Seat 3: 237f6ed7 ($5 in chips)
Seat 4: d28d522f ($5.64 in chips)
Seat 5: 27527111 ($5.98 in chips)
Seat 6: Hero ($6.15 in chips)
Hero: posts small blind $0.02
4e61e849: posts big blind $0.05
*** HOLE CARDS ***
Dealt to 4e61e849 
Dealt to 237f6ed7 
Dealt to d28d522f 
Dealt to 27527111 
Dealt to Hero [Tc 3h]
237f6ed7: folds
d28d522f: folds
27527111: raises $0.1 to $0.15
Hero: folds
4e61e849: folds
Uncalled bet ($0.1) returned to 27527111
*** SHOWDOWN ***
27527111 collected $0.12 from pot
*** SUMMARY ***
Total pot $0.12 | Rake $0 | Jackpot $0 | Bingo $0 | Fortune $0
Seat 1: 4e61e849 (big blind) folded before Flop
Seat 3: 237f6ed7 folded before Flop (didn't bet)
Seat 4: d28d522f folded before Flop (didn't bet)
Seat 5: 27527111 (button) collected ($0.12)
Seat 6: Hero (small blind) folded before Flop


Poker Hand #HD1148693922: Hold'em No Limit  ($0.02/$0.05) - 2023/03/06 18:12:32
Table 'NLHBlue29' 6-max Seat #4 is the button
Seat 1: 4e61e849 ($5.9 in chips)
Seat 3: 237f6ed7 ($5 in chips)
Seat 4: d28d522f ($5.57 in chips)
Seat 5: 27527111 ($6 in chips)
Seat 6: Hero ($6.2 in chips)
27527111: posts small blind $0.02
Hero: posts big blind $0.05
*** HOLE CARDS ***
Dealt to 4e61e849 
Dealt to 237f6ed7 
Dealt to d28d522f 
Dealt to 27527111 
Dealt to Hero [7c Qh]
4e61e849: folds
237f6ed7: folds
d28d522f: raises $0.08 to $0.13
27527111: folds
Hero: folds
Uncalled bet ($0.08) returned to d28d522f
*** SHOWDOWN ***
d28d522f collected $0.12 from pot
*** SUMMARY ***
Total pot $0.12 | Rake $0 | Jackpot $0 | Bingo $0 | Fortune $0
Seat 1: 4e61e849 folded before Flop (didn't bet)
Seat 3: 237f6ed7 folded before Flop (didn't bet)
Seat 4: d28d522f (button) collected ($0.12)
Seat 5: 27527111 (small blind) folded before Flop
Seat 6: Hero (big blind) folded before Flop


Poker Hand #HD1148693879: Hold'em No Limit  ($0.02/$0.05) - 2023/03/06 18:12:16
Table 'NLHBlue29' 6-max Seat #3 is the button
Seat 1: 4e61e849 ($5.9 in chips)
Seat 3: 237f6ed7 ($5 in chips)
Seat 4: d28d522f ($5.59 in chips)
Seat 5: 27527111 ($5.98 in chips)
Seat 6: Hero ($6.2 in chips)
d28d522f: posts small blind $0.02
27527111: posts big blind $0.05
*** HOLE CARDS ***
Dealt to 4e61e849 
Dealt to 237f6ed7 
Dealt to d28d522f 
Dealt to 27527111 
Dealt to Hero [2h 9h]
Hero: folds
4e61e849: folds
237f6ed7: folds
d28d522f: folds
Uncalled bet ($0.03) returned to 27527111
*** SHOWDOWN ***
27527111 collected $0.04 from pot
*** SUMMARY ***
Total pot $0.04 | Rake $0 | Jackpot $0 | Bingo $0 | Fortune $0
Seat 1: 4e61e849 folded before Flop (didn't bet)
Seat 3: 237f6ed7 (button) folded before Flop (didn't bet)
Seat 4: d28d522f (small blind) folded before Flop
Seat 5: 27527111 (big blind) collected ($0.04)
Seat 6: Hero folded before Flop (didn't bet)


Poker Hand #HD1148693815: Hold'em No Limit  ($0.02/$0.05) - 2023/03/06 18:11:49
Table 'NLHBlue29' 6-max Seat #1 is the button
Seat 1: 4e61e849 ($5.9 in chips)
Seat 3: 237f6ed7 ($5 in chips)
Seat 4: d28d522f ($5.64 in chips)
Seat 5: 27527111 ($5.98 in chips)
Seat 6: Hero ($6.13 in chips)
237f6ed7: posts small blind $0.02
d28d522f: posts big blind $0.05
*** HOLE CARDS ***
Dealt to 4e61e849 
Dealt to 237f6ed7 
Dealt to d28d522f 
Dealt to 27527111 
Dealt to Hero [Jc Td]
27527111: folds
Hero: raises $0.07 to $0.12
4e61e849: folds
237f6ed7: folds
d28d522f: folds
Uncalled bet ($0.07) returned to Hero
*** SHOWDOWN ***
Hero collected $0.12 from pot
*** SUMMARY ***
Total pot $0.12 | Rake $0 | Jackpot $0 | Bingo $0 | Fortune $0
Seat 1: 4e61e849 (button) folded before Flop (didn't bet)
Seat 3: 237f6ed7 (small blind) folded before Flop
Seat 4: d28d522f (big blind) folded before Flop
Seat 5: 27527111 folded before Flop (didn't bet)
Seat 6: Hero collected ($0.12)


Poker Hand #HD1148693755: Hold'em No Limit  ($0.02/$0.05) - 2023/03/06 18:11:27
Table 'NLHBlue29' 6-max Seat #6 is the button
Seat 1: 4e61e849 ($5.92 in chips)
Seat 3: 237f6ed7 ($5 in chips)
Seat 4: d28d522f ($5.64 in chips)
Seat 5: 27527111 ($5.98 in chips)
Seat 6: Hero ($6.06 in chips)
4e61e849: posts small blind $0.02
237f6ed7: posts big blind $0.05
*** HOLE CARDS ***
Dealt to 4e61e849 
Dealt to 237f6ed7 
Dealt to d28d522f 
Dealt to 27527111 
Dealt to Hero [6c Ah]
d28d522f: folds
27527111: folds
Hero: raises $0.07 to $0.12
4e61e849: folds
237f6ed7: folds
Uncalled bet ($0.07) returned to Hero
*** SHOWDOWN ***
Hero collected $0.12 from pot
*** SUMMARY ***
Total pot $0.12 | Rake $0 | Jackpot $0 | Bingo $0 | Fortune $0
Seat 1: 4e61e849 (small blind) folded before Flop
Seat 3: 237f6ed7 (big blind) folded before Flop
Seat 4: d28d522f folded before Flop (didn't bet)
Seat 5: 27527111 folded before Flop (didn't bet)
Seat 6: Hero (button) collected ($0.12)


Poker Hand #HD1148693609: Hold'em No Limit  ($0.02/$0.05) - 2023/03/06 18:10:36
Table 'NLHBlue29' 6-max Seat #5 is the button
Seat 1: 4e61e849 ($5.97 in chips)
Seat 2: 50312d42 ($6.41 in chips)
Seat 4: d28d522f ($5.64 in chips)
Seat 5: 27527111 ($5.79 in chips)
Seat 6: Hero ($6.21 in chips)
Hero: posts small blind $0.02
4e61e849: posts big blind $0.05
*** HOLE CARDS ***
Dealt to 4e61e849 
Dealt to 50312d42 
Dealt to d28d522f 
Dealt to 27527111 
Dealt to Hero [8d 8h]
50312d42: folds
d28d522f: folds
27527111: raises $0.1 to $0.15
Hero: calls $0.13
4e61e849: folds
*** FLOP *** [7d As 7s]
Hero: checks
27527111: checks
*** TURN *** [7d As 7s] [Kd]
Hero: checks
27527111: bets $0.2
Hero: folds
Uncalled bet ($0.2) returned to 27527111
*** SHOWDOWN ***
27527111 collected $0.34 from pot
*** SUMMARY ***
Total pot $0.35 | Rake $0.01 | Jackpot $0 | Bingo $0 | Fortune $0
Board [7d As 7s Kd]
Seat 1: 4e61e849 (big blind) folded before Flop
Seat 2: 50312d42 folded before Flop (didn't bet)
Seat 4: d28d522f folded before Flop (didn't bet)
Seat 5: 27527111 (button) won ($0.34)
Seat 6: Hero (small blind) folded on the Turn


Poker Hand #HD1148693527: Hold'em No Limit  ($0.02/$0.05) - 2023/03/06 18:10:09
Table 'NLHBlue29' 6-max Seat #4 is the button
Seat 1: 4e61e849 ($5.97 in chips)
Seat 2: 50312d42 ($6.27 in chips)
Seat 3: b44f88bd ($3.2 in chips)
Seat 4: d28d522f ($5.64 in chips)
Seat 5: 27527111 ($5.81 in chips)
Seat 6: Hero ($6.34 in chips)
27527111: posts small blind $0.02
Hero: posts big blind $0.05
*** HOLE CARDS ***
Dealt to 4e61e849 
Dealt to 50312d42 
Dealt to b44f88bd 
Dealt to d28d522f 
Dealt to 27527111 
Dealt to Hero [Td 5d]
4e61e849: folds
50312d42: raises $0.08 to $0.13
b44f88bd: folds
d28d522f: folds
27527111: folds
Hero: calls $0.08
*** FLOP *** [As 3h 7h]
Hero: checks
50312d42: bets $0.1
Hero: folds
Uncalled bet ($0.1) returned to 50312d42
*** SHOWDOWN ***
50312d42 collected $0.27 from pot
*** SUMMARY ***
Total pot $0.28 | Rake $0.01 | Jackpot $0 | Bingo $0 | Fortune $0
Board [As 3h 7h]
Seat 1: 4e61e849 folded before Flop (didn't bet)
Seat 2: 50312d42 won ($0.27)
Seat 3: b44f88bd folded before Flop (didn't bet)
Seat 4: d28d522f (button) folded before Flop (didn't bet)
Seat 5: 27527111 (small blind) folded before Flop
Seat 6: Hero (big blind) folded on the Flop


Poker Hand #HD1148693258: Hold'em No Limit  ($0.02/$0.05) - 2023/03/06 18:08:25
Table 'NLHBlue29' 6-max Seat #3 is the button
Seat 1: 4e61e849 ($5.97 in chips)
Seat 2: 50312d42 ($6.6 in chips)
Seat 3: b44f88bd ($2.84 in chips)
Seat 4: d28d522f ($5.66 in chips)
Seat 5: 27527111 ($5.86 in chips)
Seat 6: Hero ($6.34 in chips)
d28d522f: posts small blind $0.02
27527111: posts big blind $0.05
*** HOLE CARDS ***
Dealt to 4e61e849 
Dealt to 50312d42 
Dealt to b44f88bd 
Dealt to d28d522f 
Dealt to 27527111 
Dealt to Hero [2s 6c]
Hero: folds
4e61e849: folds
50312d42: raises $0.08 to $0.13
b44f88bd: calls $0.13
d28d522f: folds
27527111: folds
*** FLOP *** [Qh 8h Jd]
50312d42: checks
b44f88bd: checks
*** TURN *** [Qh 8h Jd] [6h]
50312d42: bets $0.2
b44f88bd: calls $0.2
*** RIVER *** [Qh 8h Jd 6h] [Th]
50312d42: checks
b44f88bd: bets $2.51 and is all-in
50312d42: folds
Uncalled bet ($2.51) returned to b44f88bd
*** SHOWDOWN ***
b44f88bd collected $0.69 from pot
*** SUMMARY ***
Total pot $0.73 | Rake $0.04 | Jackpot $0 | Bingo $0 | Fortune $0
Board [Qh 8h Jd 6h Th]
Seat 1: 4e61e849 folded before Flop (didn't bet)
Seat 2: 50312d42 folded on the River
Seat 3: b44f88bd (button) won ($0.69)
Seat 4: d28d522f (small blind) folded before Flop
Seat 5: 27527111 (big blind) folded before Flop
Seat 6: Hero folded before Flop (didn't bet)


Poker Hand #HD1148693218: Hold'em No Limit  ($0.02/$0.05) - 2023/03/06 18:08:13
Table 'NLHBlue29' 6-max Seat #2 is the button
Seat 1: 4e61e849 ($5.97 in chips)
Seat 2: 50312d42 ($6.6 in chips)
Seat 3: b44f88bd ($2.86 in chips)
Seat 4: d28d522f ($5.64 in chips)
Seat 5: 27527111 ($5.86 in chips)
Seat 6: Hero ($6.34 in chips)
b44f88bd: posts small blind $0.02
d28d522f: posts big blind $0.05
*** HOLE CARDS ***
Dealt to 4e61e849 
Dealt to 50312d42 
Dealt to b44f88bd 
Dealt to d28d522f 
Dealt to 27527111 
Dealt to Hero [5d 3h]
27527111: folds
Hero: folds
4e61e849: folds
50312d42: folds
b44f88bd: folds
Uncalled bet ($0.03) returned to d28d522f
*** SHOWDOWN ***
d28d522f collected $0.04 from pot
*** SUMMARY ***
Total pot $0.04 | Rake $0 | Jackpot $0 | Bingo $0 | Fortune $0
Seat 1: 4e61e849 folded before Flop (didn't bet)
Seat 2: 50312d42 (button) folded before Flop (didn't bet)
Seat 3: b44f88bd (small blind) folded before Flop
Seat 4: d28d522f (big blind) collected ($0.04)
Seat 5: 27527111 folded before Flop (didn't bet)
Seat 6: Hero folded before Flop (didn't bet)


Poker Hand #HD1148693141: Hold'em No Limit  ($0.02/$0.05) - 2023/03/06 18:07:49
Table 'NLHBlue29' 6-max Seat #1 is the button
Seat 1: 4e61e849 ($5.97 in chips)
Seat 2: 50312d42 ($6.62 in chips)
Seat 3: b44f88bd ($2.84 in chips)
Seat 4: d28d522f ($5.64 in chips)
Seat 5: 27527111 ($5.86 in chips)
Seat 6: Hero ($6.34 in chips)
50312d42: posts small blind $0.02
b44f88bd: posts big blind $0.05
*** HOLE CARDS ***
Dealt to 4e61e849 
Dealt to 50312d42 
Dealt to b44f88bd 
Dealt to d28d522f 
Dealt to 27527111 
Dealt to Hero [9h As]
d28d522f: folds
27527111: folds
Hero: folds
4e61e849: folds
50312d42: folds
Uncalled bet ($0.03) returned to b44f88bd
*** SHOWDOWN ***
b44f88bd collected $0.04 from pot
*** SUMMARY ***
Total pot $0.04 | Rake $0 | Jackpot $0 | Bingo $0 | Fortune $0
Seat 1: 4e61e849 (button) folded before Flop (didn't bet)
Seat 2: 50312d42 (small blind) folded before Flop
Seat 3: b44f88bd (big blind) collected ($0.04)
Seat 4: d28d522f folded before Flop (didn't bet)
Seat 5: 27527111 folded before Flop (didn't bet)
Seat 6: Hero folded before Flop (didn't bet)


Poker Hand #HD1148693050: Hold'em No Limit  ($0.02/$0.05) - 2023/03/06 18:07:13
Table 'NLHBlue29' 6-max Seat #6 is the button
Seat 1: 4e61e849 ($5.99 in chips)
Seat 2: 50312d42 ($6.67 in chips)
Seat 3: b44f88bd ($2.84 in chips)
Seat 4: d28d522f ($5.74 in chips)
Seat 5: 27527111 ($5.86 in chips)
Seat 6: Hero ($6.18 in chips)
4e61e849: posts small blind $0.02
50312d42: posts big blind $0.05
*** HOLE CARDS ***
Dealt to 4e61e849 
Dealt to 50312d42 
Dealt to b44f88bd 
Dealt to d28d522f 
Dealt to 27527111 
Dealt to Hero [8s 8c]
b44f88bd: folds
d28d522f: raises $0.05 to $0.1
27527111: folds
Hero: raises $0.26 to $0.36
4e61e849: folds
50312d42: folds
d28d522f: folds
Uncalled bet ($0.26) returned to Hero
*** SHOWDOWN ***
Hero collected $0.26 from pot
*** SUMMARY ***
Total pot $0.27 | Rake $0.01 | Jackpot $0 | Bingo $0 | Fortune $0
Seat 1: 4e61e849 (small blind) folded before Flop
Seat 2: 50312d42 (big blind) folded before Flop
Seat 3: b44f88bd folded before Flop (didn't bet)
Seat 4: d28d522f folded before Flop
Seat 5: 27527111 folded before Flop (didn't bet)
Seat 6: Hero (button) collected ($0.26)


Poker Hand #HD1148692959: Hold'em No Limit  ($0.02/$0.05) - 2023/03/06 18:06:43
Table 'NLHBlue29' 6-max Seat #5 is the button
Seat 1: 4e61e849 ($6.04 in chips)
Seat 2: 50312d42 ($6.6 in chips)
Seat 3: b44f88bd ($2.84 in chips)
Seat 4: d28d522f ($5.74 in chips)
Seat 5: 27527111 ($5.86 in chips)
Seat 6: Hero ($6.2 in chips)
Hero: posts small blind $0.02
4e61e849: posts big blind $0.05
*** HOLE CARDS ***
Dealt to 4e61e849 
Dealt to 50312d42 
Dealt to b44f88bd 
Dealt to d28d522f 
Dealt to 27527111 
Dealt to Hero [Kd 7c]
50312d42: raises $0.08 to $0.13
b44f88bd: folds
d28d522f: folds
27527111: folds
Hero: folds
4e61e849: folds
Uncalled bet ($0.08) returned to 50312d42
*** SHOWDOWN ***
50312d42 collected $0.12 from pot
*** SUMMARY ***
Total pot $0.12 | Rake $0 | Jackpot $0 | Bingo $0 | Fortune $0
Seat 1: 4e61e849 (big blind) folded before Flop
Seat 2: 50312d42 collected ($0.12)
Seat 3: b44f88bd folded before Flop (didn't bet)
Seat 4: d28d522f folded before Flop (didn't bet)
Seat 5: 27527111 (button) folded before Flop (didn't bet)
Seat 6: Hero (small blind) folded before Flop


Poker Hand #HD1148692754: Hold'em No Limit  ($0.02/$0.05) - 2023/03/06 18:05:39
Table 'NLHBlue29' 6-max Seat #4 is the button
Seat 1: 4e61e849 ($6.23 in chips)
Seat 2: 50312d42 ($6.6 in chips)
Seat 3: b44f88bd ($2.3 in chips)
Seat 4: d28d522f ($5.74 in chips)
Seat 5: 27527111 ($5.88 in chips)
Seat 6: Hero ($6.59 in chips)
27527111: posts small blind $0.02
Hero: posts big blind $0.05
*** HOLE CARDS ***
Dealt to 4e61e849 
Dealt to 50312d42 
Dealt to b44f88bd 
Dealt to d28d522f 
Dealt to 27527111 
Dealt to Hero [Jh Th]
4e61e849: raises $0.07 to $0.12
50312d42: folds
b44f88bd: raises $0.07 to $0.19
d28d522f: folds
27527111: folds
Hero: calls $0.14
4e61e849: calls $0.07
*** FLOP *** [4c 9d 3h]
Hero: checks
4e61e849: checks
b44f88bd: bets $0.2
Hero: calls $0.2
4e61e849: folds
*** TURN *** [4c 9d 3h] [6d]
Hero: checks
b44f88bd: bets $1.91 and is all-in
Hero: folds
Uncalled bet ($1.91) returned to b44f88bd
*** SHOWDOWN ***
b44f88bd collected $0.93 from pot
*** SUMMARY ***
Total pot $0.99 | Rake $0.06 | Jackpot $0 | Bingo $0 | Fortune $0
Board [4c 9d 3h 6d]
Seat 1: 4e61e849 folded on the Flop
Seat 2: 50312d42 folded before Flop (didn't bet)
Seat 3: b44f88bd won ($0.93)
Seat 4: d28d522f (button) folded before Flop (didn't bet)
Seat 5: 27527111 (small blind) folded before Flop
Seat 6: Hero (big blind) folded on the Turn


Poker Hand #HD1148692661: Hold'em No Limit  ($0.02/$0.05) - 2023/03/06 18:05:06
Table 'NLHBlue29' 6-max Seat #3 is the button
Seat 1: 4e61e849 ($6.23 in chips)
Seat 2: 50312d42 ($6.73 in chips)
Seat 3: b44f88bd ($2.43 in chips)
Seat 4: d28d522f ($5.76 in chips)
Seat 5: 27527111 ($5.62 in chips)
Seat 6: Hero ($6.59 in chips)
d28d522f: posts small blind $0.02
27527111: posts big blind $0.05
*** HOLE CARDS ***
Dealt to 4e61e849 
Dealt to 50312d42 
Dealt to b44f88bd 
Dealt to d28d522f 
Dealt to 27527111 
Dealt to Hero [Jh 6h]
Hero: folds
4e61e849: folds
50312d42: raises $0.08 to $0.13
b44f88bd: calls $0.13
d28d522f: folds
27527111: raises $0.52 to $0.65
50312d42: folds
b44f88bd: folds
Uncalled bet ($0.52) returned to 27527111
*** SHOWDOWN ***
27527111 collected $0.39 from pot
*** SUMMARY ***
Total pot $0.41 | Rake $0.02 | Jackpot $0 | Bingo $0 | Fortune $0
Seat 1: 4e61e849 folded before Flop (didn't bet)
Seat 2: 50312d42 folded before Flop
Seat 3: b44f88bd (button) folded before Flop
Seat 4: d28d522f (small blind) folded before Flop
Seat 5: 27527111 (big blind) collected ($0.39)
Seat 6: Hero folded before Flop (didn't bet)


Poker Hand #HD1148692434: Hold'em No Limit  ($0.02/$0.05) - 2023/03/06 18:03:37
Table 'NLHBlue29' 6-max Seat #2 is the button
Seat 1: 4e61e849 ($6.23 in chips)
Seat 2: 50312d42 ($6.94 in chips)
Seat 3: b44f88bd ($2.84 in chips)
Seat 4: d28d522f ($5.81 in chips)
Seat 5: 27527111 ($5 in chips)
Seat 6: Hero ($6.59 in chips)
b44f88bd: posts small blind $0.02
d28d522f: posts big blind $0.05
*** HOLE CARDS ***
Dealt to 4e61e849 
Dealt to 50312d42 
Dealt to b44f88bd 
Dealt to d28d522f 
Dealt to 27527111 
Dealt to Hero [4c 9d]
27527111: raises $0.08 to $0.13
Hero: folds
4e61e849: folds
50312d42: calls $0.13
b44f88bd: raises $0.08 to $0.21
d28d522f: folds
27527111: calls $0.08
50312d42: calls $0.08
*** FLOP *** [2s 4h 4d]
b44f88bd: bets $0.2
27527111: calls $0.2
50312d42: folds
*** TURN *** [2s 4h 4d] [7s]
b44f88bd: checks
27527111: checks
*** RIVER *** [2s 4h 4d 7s] [5c]
b44f88bd: checks
27527111: checks
b44f88bd: shows [Kc Js] (Pair of Fours)
27527111: shows [Ad Td] (Pair of Fours)
*** SHOWDOWN ***
27527111 collected $1.03 from pot
*** SUMMARY ***
Total pot $1.08 | Rake $0.05 | Jackpot $0 | Bingo $0 | Fortune $0
Board [2s 4h 4d 7s 5c]
Seat 1: 4e61e849 folded before Flop (didn't bet)
Seat 2: 50312d42 (button) folded on the Flop
Seat 3: b44f88bd (small blind) showed [Kc Js] and lost with Pair of Fours
Seat 4: d28d522f (big blind) folded before Flop
Seat 5: 27527111 showed [Ad Td] and won ($1.03) with Pair of Fours
Seat 6: Hero folded before Flop (didn't bet)


Poker Hand #HD1148692341: Hold'em No Limit  ($0.02/$0.05) - 2023/03/06 18:03:07
Table 'NLHBlue29' 6-max Seat #1 is the button
Seat 1: 4e61e849 ($6.35 in chips)
Seat 2: 50312d42 ($6.78 in chips)
Seat 3: b44f88bd ($2.89 in chips)
Seat 4: d28d522f ($5.81 in chips)
Seat 5: 27527111 ($5 in chips)
Seat 6: Hero ($6.59 in chips)
50312d42: posts small blind $0.02
b44f88bd: posts big blind $0.05
*** HOLE CARDS ***
Dealt to 4e61e849 
Dealt to 50312d42 
Dealt to b44f88bd 
Dealt to d28d522f 
Dealt to 27527111 
Dealt to Hero [9d 8s]
d28d522f: folds
27527111: folds
Hero: folds
4e61e849: raises $0.07 to $0.12
50312d42: raises $0.43 to $0.55
b44f88bd: folds
4e61e849: folds
Uncalled bet ($0.43) returned to 50312d42
*** SHOWDOWN ***
50312d42 collected $0.28 from pot
*** SUMMARY ***
Total pot $0.29 | Rake $0.01 | Jackpot $0 | Bingo $0 | Fortune $0
Seat 1: 4e61e849 (button) folded before Flop
Seat 2: 50312d42 (small blind) collected ($0.28)
Seat 3: b44f88bd (big blind) folded before Flop
Seat 4: d28d522f folded before Flop (didn't bet)
Seat 5: 27527111 folded before Flop (didn't bet)
Seat 6: Hero folded before Flop (didn't bet)


Poker Hand #HD1148692214: Hold'em No Limit  ($0.02/$0.05) - 2023/03/06 18:02:18
Table 'NLHBlue29' 6-max Seat #6 is the button
Seat 1: 4e61e849 ($6.37 in chips)
Seat 2: 50312d42 ($6.88 in chips)
Seat 3: b44f88bd ($2.99 in chips)
Seat 4: d28d522f ($5.81 in chips)
Seat 5: 27527111 ($5 in chips)
Seat 6: Hero ($6.38 in chips)
4e61e849: posts small blind $0.02
50312d42: posts big blind $0.05
*** HOLE CARDS ***
Dealt to 4e61e849 
Dealt to 50312d42 
Dealt to b44f88bd 
Dealt to d28d522f 
Dealt to 27527111 
Dealt to Hero [8c Jc]
b44f88bd: raises $0.05 to $0.1
d28d522f: folds
27527111: folds
Hero: calls $0.1
4e61e849: folds
50312d42: calls $0.05
*** FLOP *** [4h 7c Td]
50312d42: checks
b44f88bd: checks
Hero: bets $0.16
50312d42: folds
b44f88bd: folds
Uncalled bet ($0.16) returned to Hero
*** SHOWDOWN ***
Hero collected $0.31 from pot
*** SUMMARY ***
Total pot $0.32 | Rake $0.01 | Jackpot $0 | Bingo $0 | Fortune $0
Board [4h 7c Td]
Seat 1: 4e61e849 (small blind) folded before Flop
Seat 2: 50312d42 (big blind) folded on the Flop
Seat 3: b44f88bd folded on the Flop
Seat 4: d28d522f folded before Flop (didn't bet)
Seat 5: 27527111 folded before Flop (didn't bet)
Seat 6: Hero (button) won ($0.31)


Poker Hand #HD1148692024: Hold'em No Limit  ($0.02/$0.05) - 2023/03/06 18:01:10
Table 'NLHBlue29' 6-max Seat #5 is the button
Seat 1: 4e61e849 ($6.42 in chips)
Seat 2: 50312d42 ($6.88 in chips)
Seat 3: b44f88bd ($2.99 in chips)
Seat 4: d28d522f ($5.47 in chips)
Seat 5: 27527111 ($5 in chips)
Seat 6: Hero ($6.4 in chips)
Hero: posts small blind $0.02
4e61e849: posts big blind $0.05
*** HOLE CARDS ***
Dealt to 4e61e849 
Dealt to 50312d42 
Dealt to b44f88bd 
Dealt to d28d522f 
Dealt to 27527111 
Dealt to Hero [8c Ac]
50312d42: folds
b44f88bd: folds
d28d522f: raises $0.07 to $0.12
27527111: raises $0.18 to $0.3
Hero: folds
4e61e849: folds
d28d522f: calls $0.18
*** FLOP *** [Kh 3d 5d]
d28d522f: checks
27527111: checks
*** TURN *** [Kh 3d 5d] [5s]
d28d522f: bets $0.3
27527111: folds
Uncalled bet ($0.3) returned to d28d522f
*** SHOWDOWN ***
d28d522f collected $0.64 from pot
*** SUMMARY ***
Total pot $0.67 | Rake $0.03 | Jackpot $0 | Bingo $0 | Fortune $0
Board [Kh 3d 5d 5s]
Seat 1: 4e61e849 (big blind) folded before Flop
Seat 2: 50312d42 folded before Flop (didn't bet)
Seat 3: b44f88bd folded before Flop (didn't bet)
Seat 4: d28d522f won ($0.64)
Seat 5: 27527111 (button) folded on the Turn
Seat 6: Hero (small blind) folded before Flop


Poker Hand #HD1148691805: Hold'em No Limit  ($0.02/$0.05) - 2023/03/06 17:59:50
Table 'NLHBlue29' 6-max Seat #4 is the button
Seat 1: 4e61e849 ($6.42 in chips)
Seat 2: 50312d42 ($6.88 in chips)
Seat 3: b44f88bd ($3.18 in chips)
Seat 4: d28d522f ($5.23 in chips)
Seat 5: 27527111 ($5 in chips)
Seat 6: Hero ($6.45 in chips)
27527111: posts small blind $0.02
Hero: posts big blind $0.05
*** HOLE CARDS ***
Dealt to 4e61e849 
Dealt to 50312d42 
Dealt to b44f88bd 
Dealt to d28d522f 
Dealt to 27527111 
Dealt to Hero [6s 3h]
4e61e849: folds
50312d42: folds
b44f88bd: raises $0.05 to $0.1
d28d522f: calls $0.1
27527111: folds
Hero: folds
*** FLOP *** [7s 5c Jh]
b44f88bd: checks
d28d522f: bets $0.09
b44f88bd: calls $0.09
*** TURN *** [7s 5c Jh] [Jd]
b44f88bd: checks
d28d522f: checks
*** RIVER *** [7s 5c Jh Jd] [Kc]
b44f88bd: checks
d28d522f: checks
b44f88bd: shows [Ac 2c] (Pair of Jacks)
d28d522f: shows [5d 4d] (Pair of Jacks and Pair of Fives)
*** SHOWDOWN ***
d28d522f collected $0.43 from pot
*** SUMMARY ***
Total pot $0.45 | Rake $0.02 | Jackpot $0 | Bingo $0 | Fortune $0
Board [7s 5c Jh Jd Kc]
Seat 1: 4e61e849 folded before Flop (didn't bet)
Seat 2: 50312d42 folded before Flop (didn't bet)
Seat 3: b44f88bd showed [Ac 2c] and lost with Pair of Jacks
Seat 4: d28d522f (button) showed [5d 4d] and won ($0.43) with Pair of Jacks and Pair of Fives
Seat 5: 27527111 (small blind) folded before Flop
Seat 6: Hero (big blind) folded before Flop


Poker Hand #HD1148691670: Hold'em No Limit  ($0.02/$0.05) - 2023/03/06 17:58:58
Table 'NLHBlue29' 6-max Seat #3 is the button
Seat 1: 4e61e849 ($6.13 in chips)
Seat 2: 50312d42 ($6.88 in chips)
Seat 3: b44f88bd ($3.18 in chips)
Seat 4: d28d522f ($5.5 in chips)
Seat 5: 27527111 ($5.02 in chips)
Seat 6: Hero ($6.45 in chips)
d28d522f: posts small blind $0.02
27527111: posts big blind $0.05
*** HOLE CARDS ***
Dealt to 4e61e849 
Dealt to 50312d42 
Dealt to b44f88bd 
Dealt to d28d522f 
Dealt to 27527111 
Dealt to Hero [Jc 5h]
Hero: folds
4e61e849: raises $0.07 to $0.12
50312d42: folds
b44f88bd: folds
d28d522f: calls $0.1
27527111: folds
*** FLOP *** [Jh 5s 3c]
d28d522f: checks
4e61e849: bets $0.15
d28d522f: calls $0.15
*** TURN *** [Jh 5s 3c] [Ac]
d28d522f: checks
4e61e849: checks
*** RIVER *** [Jh 5s 3c Ac] [9h]
d28d522f: checks
4e61e849: checks
d28d522f: shows [8c 8s] (Pair of Eights)
4e61e849: shows [Kc Kh] (Pair of Kings)
*** SHOWDOWN ***
4e61e849 collected $0.56 from pot
*** SUMMARY ***
Total pot $0.59 | Rake $0.03 | Jackpot $0 | Bingo $0 | Fortune $0
Board [Jh 5s 3c Ac 9h]
Seat 1: 4e61e849 showed [Kc Kh] and won ($0.56) with Pair of Kings
Seat 2: 50312d42 folded before Flop (didn't bet)
Seat 3: b44f88bd (button) folded before Flop (didn't bet)
Seat 4: d28d522f (small blind) showed [8c 8s] and lost with Pair of Eights
Seat 5: 27527111 (big blind) folded before Flop
Seat 6: Hero folded before Flop (didn't bet)


Poker Hand #HD1148691535: Hold'em No Limit  ($0.02/$0.05) - 2023/03/06 17:58:12
Table 'NLHBlue29' 6-max Seat #2 is the button
Seat 1: 4e61e849 ($6.13 in chips)
Seat 2: 50312d42 ($6.88 in chips)
Seat 3: b44f88bd ($3.43 in chips)
Seat 4: d28d522f ($5.27 in chips)
Seat 5: 27527111 ($5.02 in chips)
Seat 6: Hero ($6.45 in chips)
b44f88bd: posts small blind $0.02
d28d522f: posts big blind $0.05
*** HOLE CARDS ***
Dealt to 4e61e849 
Dealt to 50312d42 
Dealt to b44f88bd 
Dealt to d28d522f 
Dealt to 27527111 
Dealt to Hero [Qd 2c]
27527111: folds
Hero: folds
4e61e849: folds
50312d42: folds
b44f88bd: calls $0.03
d28d522f: checks
*** FLOP *** [8c Qs 6s]
b44f88bd: bets $0.2
d28d522f: calls $0.2
*** TURN *** [8c Qs 6s] [Jc]
b44f88bd: checks
d28d522f: bets $0.17
b44f88bd: folds
Uncalled bet ($0.17) returned to d28d522f
*** SHOWDOWN ***
d28d522f collected $0.48 from pot
*** SUMMARY ***
Total pot $0.5 | Rake $0.02 | Jackpot $0 | Bingo $0 | Fortune $0
Board [8c Qs 6s Jc]
Seat 1: 4e61e849 folded before Flop (didn't bet)
Seat 2: 50312d42 (button) folded before Flop (didn't bet)
Seat 3: b44f88bd (small blind) folded on the Turn
Seat 4: d28d522f (big blind) won ($0.48)
Seat 5: 27527111 folded before Flop (didn't bet)
Seat 6: Hero folded before Flop (didn't bet)


Poker Hand #HD1148691463: Hold'em No Limit  ($0.02/$0.05) - 2023/03/06 17:57:50
Table 'NLHBlue29' 6-max Seat #1 is the button
Seat 1: 4e61e849 ($6.13 in chips)
Seat 2: 50312d42 ($6.9 in chips)
Seat 3: b44f88bd ($3.48 in chips)
Seat 4: d28d522f ($5.27 in chips)
Seat 5: 27527111 ($5.02 in chips)
Seat 6: Hero ($6.38 in chips)
50312d42: posts small blind $0.02
b44f88bd: posts big blind $0.05
*** HOLE CARDS ***
Dealt to 4e61e849 
Dealt to 50312d42 
Dealt to b44f88bd 
Dealt to d28d522f 
Dealt to 27527111 
Dealt to Hero [Ah Ad]
d28d522f: folds
27527111: folds
Hero: raises $0.07 to $0.12
4e61e849: folds
50312d42: folds
b44f88bd: folds
Uncalled bet ($0.07) returned to Hero
*** SHOWDOWN ***
Hero collected $0.12 from pot
*** SUMMARY ***
Total pot $0.12 | Rake $0 | Jackpot $0 | Bingo $0 | Fortune $0
Seat 1: 4e61e849 (button) folded before Flop (didn't bet)
Seat 2: 50312d42 (small blind) folded before Flop
Seat 3: b44f88bd (big blind) folded before Flop
Seat 4: d28d522f folded before Flop (didn't bet)
Seat 5: 27527111 folded before Flop (didn't bet)
Seat 6: Hero collected ($0.12)


Poker Hand #HD1148691346: Hold'em No Limit  ($0.02/$0.05) - 2023/03/06 17:57:09
Table 'NLHBlue29' 6-max Seat #6 is the button
Seat 1: 4e61e849 ($6.15 in chips)
Seat 2: 50312d42 ($6.77 in chips)
Seat 3: b44f88bd ($3.48 in chips)
Seat 4: d28d522f ($5.27 in chips)
Seat 5: 27527111 ($5.02 in chips)
Seat 6: Hero ($6.5 in chips)
4e61e849: posts small blind $0.02
50312d42: posts big blind $0.05
*** HOLE CARDS ***
Dealt to 4e61e849 
Dealt to 50312d42 
Dealt to b44f88bd 
Dealt to d28d522f 
Dealt to 27527111 
Dealt to Hero [Ah 7s]
b44f88bd: folds
d28d522f: folds
27527111: folds
Hero: raises $0.07 to $0.12
4e61e849: folds
50312d42: calls $0.07
*** FLOP *** [9h 3c Kd]
50312d42: checks
Hero: checks
*** TURN *** [9h 3c Kd] [6c]
50312d42: checks
Hero: checks
*** RIVER *** [9h 3c Kd 6c] [5c]
50312d42: checks
Hero: checks
50312d42: shows [9c Tc] (Ten High Flush)
Hero: shows [Ah 7s] (Ace-High)
*** SHOWDOWN ***
50312d42 collected $0.25 from pot
*** SUMMARY ***
Total pot $0.26 | Rake $0.01 | Jackpot $0 | Bingo $0 | Fortune $0
Board [9h 3c Kd 6c 5c]
Seat 1: 4e61e849 (small blind) folded before Flop
Seat 2: 50312d42 (big blind) showed [9c Tc] and won ($0.25) with Ten High Flush
Seat 3: b44f88bd folded before Flop (didn't bet)
Seat 4: d28d522f folded before Flop (didn't bet)
Seat 5: 27527111 folded before Flop (didn't bet)
Seat 6: Hero (button) showed [Ah 7s] and lost with Ace-High


Poker Hand #HD1148691281: Hold'em No Limit  ($0.02/$0.05) - 2023/03/06 17:56:43
Table 'NLHBlue29' 6-max Seat #5 is the button
Seat 1: 4e61e849 ($6.2 in chips)
Seat 2: 50312d42 ($6.77 in chips)
Seat 3: b44f88bd ($3.41 in chips)
Seat 4: d28d522f ($5.27 in chips)
Seat 5: 27527111 ($5.02 in chips)
Seat 6: Hero ($6.52 in chips)
Hero: posts small blind $0.02
4e61e849: posts big blind $0.05
*** HOLE CARDS ***
Dealt to 4e61e849 
Dealt to 50312d42 
Dealt to b44f88bd 
Dealt to d28d522f 
Dealt to 27527111 
Dealt to Hero [6h Jh]
50312d42: folds
b44f88bd: raises $0.15 to $0.2
d28d522f: folds
27527111: folds
Hero: folds
4e61e849: folds
Uncalled bet ($0.15) returned to b44f88bd
*** SHOWDOWN ***
b44f88bd collected $0.12 from pot
*** SUMMARY ***
Total pot $0.12 | Rake $0 | Jackpot $0 | Bingo $0 | Fortune $0
Seat 1: 4e61e849 (big blind) folded before Flop
Seat 2: 50312d42 folded before Flop (didn't bet)
Seat 3: b44f88bd collected ($0.12)
Seat 4: d28d522f folded before Flop (didn't bet)
Seat 5: 27527111 (button) folded before Flop (didn't bet)
Seat 6: Hero (small blind) folded before Flop


Poker Hand #HD1148691218: Hold'em No Limit  ($0.02/$0.05) - 2023/03/06 17:56:21
Table 'NLHBlue29' 6-max Seat #4 is the button
Seat 1: 4e61e849 ($6.2 in chips)
Seat 2: 50312d42 ($6.77 in chips)
Seat 3: b44f88bd ($3.41 in chips)
Seat 4: d28d522f ($5.27 in chips)
Seat 5: 27527111 ($5 in chips)
Seat 6: Hero ($6.5 in chips)
27527111: posts small blind $0.02
Hero: posts big blind $0.05
*** HOLE CARDS ***
Dealt to 4e61e849 
Dealt to 50312d42 
Dealt to b44f88bd 
Dealt to d28d522f 
Dealt to 27527111 
Dealt to Hero [Qd Kc]
4e61e849: folds
50312d42: folds
b44f88bd: folds
d28d522f: folds
27527111: folds
Uncalled bet ($0.03) returned to Hero
*** SHOWDOWN ***
Hero collected $0.04 from pot
*** SUMMARY ***
Total pot $0.04 | Rake $0 | Jackpot $0 | Bingo $0 | Fortune $0
Seat 1: 4e61e849 folded before Flop (didn't bet)
Seat 2: 50312d42 folded before Flop (didn't bet)
Seat 3: b44f88bd folded before Flop (didn't bet)
Seat 4: d28d522f (button) folded before Flop (didn't bet)
Seat 5: 27527111 (small blind) folded before Flop
Seat 6: Hero (big blind) collected ($0.04)


Poker Hand #HD1148691132: Hold'em No Limit  ($0.02/$0.05) - 2023/03/06 17:55:47
Table 'NLHBlue29' 6-max Seat #3 is the button
Seat 1: 4e61e849 ($6.2 in chips)
Seat 2: 50312d42 ($6.77 in chips)
Seat 3: b44f88bd ($3.34 in chips)
Seat 4: d28d522f ($5.29 in chips)
Seat 5: 27527111 ($5 in chips)
Seat 6: Hero ($6.5 in chips)
d28d522f: posts small blind $0.02
27527111: posts big blind $0.05
*** HOLE CARDS ***
Dealt to 4e61e849 
Dealt to 50312d42 
Dealt to b44f88bd 
Dealt to d28d522f 
Dealt to 27527111 
Dealt to Hero [8c Tc]
Hero: folds
4e61e849: folds
50312d42: folds
b44f88bd: raises $0.05 to $0.1
d28d522f: folds
27527111: folds
Uncalled bet ($0.05) returned to b44f88bd
*** SHOWDOWN ***
b44f88bd collected $0.12 from pot
*** SUMMARY ***
Total pot $0.12 | Rake $0 | Jackpot $0 | Bingo $0 | Fortune $0
Seat 1: 4e61e849 folded before Flop (didn't bet)
Seat 2: 50312d42 folded before Flop (didn't bet)
Seat 3: b44f88bd (button) collected ($0.12)
Seat 4: d28d522f (small blind) folded before Flop
Seat 5: 27527111 (big blind) folded before Flop
Seat 6: Hero folded before Flop (didn't bet)


Poker Hand #HD1148691029: Hold'em No Limit  ($0.02/$0.05) - 2023/03/06 17:55:10
Table 'NLHBlue29' 6-max Seat #2 is the button
Seat 1: 4e61e849 ($6.2 in chips)
Seat 2: 50312d42 ($7.44 in chips)
Seat 3: b44f88bd ($2.62 in chips)
Seat 4: d28d522f ($5.34 in chips)
Seat 5: 27527111 ($5 in chips)
Seat 6: Hero ($6.5 in chips)
b44f88bd: posts small blind $0.02
d28d522f: posts big blind $0.05
*** HOLE CARDS ***
Dealt to 4e61e849 
Dealt to 50312d42 
Dealt to b44f88bd 
Dealt to d28d522f 
Dealt to 27527111 
Dealt to Hero [Ks 2h]
27527111: raises $0.08 to $0.13
Hero: folds
4e61e849: folds
50312d42: raises $0.27 to $0.4
b44f88bd: raises $0.27 to $0.67
d28d522f: folds
27527111: folds
50312d42: calls $0.27
*** FLOP *** [2s Qs 9c]
b44f88bd: bets $0.1
50312d42: folds
Uncalled bet ($0.1) returned to b44f88bd
*** SHOWDOWN ***
b44f88bd collected $1.39 from pot
*** SUMMARY ***
Total pot $1.52 | Rake $0.08 | Jackpot $0.05 | Bingo $0 | Fortune $0
Board [2s Qs 9c]
Seat 1: 4e61e849 folded before Flop (didn't bet)
Seat 2: 50312d42 (button) folded on the Flop
Seat 3: b44f88bd (small blind) won ($1.39)
Seat 4: d28d522f (big blind) folded before Flop
Seat 5: 27527111 folded before Flop
Seat 6: Hero folded before Flop (didn't bet)


Poker Hand #HD1148690835: Hold'em No Limit  ($0.02/$0.05) - 2023/03/06 17:54:03
Table 'NLHBlue29' 6-max Seat #1 is the button
Seat 1: 4e61e849 ($6.2 in chips)
Seat 2: 50312d42 ($7.3 in chips)
Seat 3: b44f88bd ($2.77 in chips)
Seat 4: d28d522f ($5.34 in chips)
Seat 5: 27527111 ($5 in chips)
Seat 6: Hero ($6.5 in chips)
50312d42: posts small blind $0.02
b44f88bd: posts big blind $0.05
*** HOLE CARDS ***
Dealt to 4e61e849 
Dealt to 50312d42 
Dealt to b44f88bd 
Dealt to d28d522f 
Dealt to 27527111 
Dealt to Hero [9c Th]
d28d522f: folds
27527111: folds
Hero: folds
4e61e849: folds
50312d42: raises $0.1 to $0.15
b44f88bd: calls $0.1
*** FLOP *** [3h 8h 6c]
50312d42: checks
b44f88bd: checks
*** TURN *** [3h 8h 6c] [Jd]
50312d42: checks
b44f88bd: checks
*** RIVER *** [3h 8h 6c Jd] [Qs]
50312d42: checks
b44f88bd: checks
50312d42: shows [5d Ac] (Ace-High)
b44f88bd: shows [2h 9h] (Queen-High)
*** SHOWDOWN ***
50312d42 collected $0.29 from pot
*** SUMMARY ***
Total pot $0.3 | Rake $0.01 | Jackpot $0 | Bingo $0 | Fortune $0
Board [3h 8h 6c Jd Qs]
Seat 1: 4e61e849 (button) folded before Flop (didn't bet)
Seat 2: 50312d42 (small blind) showed [5d Ac] and won ($0.29) with Ace-High
Seat 3: b44f88bd (big blind) showed [2h 9h] and lost with Queen-High
Seat 4: d28d522f folded before Flop (didn't bet)
Seat 5: 27527111 folded before Flop (didn't bet)
Seat 6: Hero folded before Flop (didn't bet)


Poker Hand #HD1148690780: Hold'em No Limit  ($0.02/$0.05) - 2023/03/06 17:53:43
Table 'NLHBlue29' 6-max Seat #6 is the button
Seat 1: 4e61e849 ($6.22 in chips)
Seat 2: 50312d42 ($7.35 in chips)
Seat 3: b44f88bd ($2.77 in chips)
Seat 4: d28d522f ($5.27 in chips)
Seat 5: 27527111 ($5 in chips)
Seat 6: Hero ($6.5 in chips)
4e61e849: posts small blind $0.02
50312d42: posts big blind $0.05
*** HOLE CARDS ***
Dealt to 4e61e849 
Dealt to 50312d42 
Dealt to b44f88bd 
Dealt to d28d522f 
Dealt to 27527111 
Dealt to Hero [6d Jh]
b44f88bd: folds
d28d522f: raises $0.07 to $0.12
27527111: folds
Hero: folds
4e61e849: folds
50312d42: folds
Uncalled bet ($0.07) returned to d28d522f
*** SHOWDOWN ***
d28d522f collected $0.12 from pot
*** SUMMARY ***
Total pot $0.12 | Rake $0 | Jackpot $0 | Bingo $0 | Fortune $0
Seat 1: 4e61e849 (small blind) folded before Flop
Seat 2: 50312d42 (big blind) folded before Flop
Seat 3: b44f88bd folded before Flop (didn't bet)
Seat 4: d28d522f collected ($0.12)
Seat 5: 27527111 folded before Flop (didn't bet)
Seat 6: Hero (button) folded before Flop (didn't bet)


Poker Hand #HD1148690707: Hold'em No Limit  ($0.02/$0.05) - 2023/03/06 17:53:18
Table 'NLHBlue29' 6-max Seat #5 is the button
Seat 1: 4e61e849 ($6.27 in chips)
Seat 3: b44f88bd ($2.77 in chips)
Seat 4: d28d522f ($5.27 in chips)
Seat 5: 27527111 ($5.13 in chips)
Seat 6: Hero ($6.33 in chips)
Hero: posts small blind $0.02
4e61e849: posts big blind $0.05
*** HOLE CARDS ***
Dealt to 4e61e849 
Dealt to b44f88bd 
Dealt to d28d522f 
Dealt to 27527111 
Dealt to Hero [8d 8c]
b44f88bd: folds
d28d522f: folds
27527111: raises $0.08 to $0.13
Hero: raises $0.47 to $0.6
4e61e849: folds
27527111: folds
Uncalled bet ($0.47) returned to Hero
*** SHOWDOWN ***
Hero collected $0.3 from pot
*** SUMMARY ***
Total pot $0.31 | Rake $0.01 | Jackpot $0 | Bingo $0 | Fortune $0
Seat 1: 4e61e849 (big blind) folded before Flop
Seat 3: b44f88bd folded before Flop (didn't bet)
Seat 4: d28d522f folded before Flop (didn't bet)
Seat 5: 27527111 (button) folded before Flop
Seat 6: Hero (small blind) collected ($0.3)


Poker Hand #HD1148690568: Hold'em No Limit  ($0.02/$0.05) - 2023/03/06 17:52:31
Table 'NLHBlue29' 6-max Seat #4 is the button
Seat 1: 4e61e849 ($6.09 in chips)
Seat 3: b44f88bd ($2.77 in chips)
Seat 4: d28d522f ($5.39 in chips)
Seat 5: 27527111 ($5.15 in chips)
Seat 6: Hero ($6.38 in chips)
27527111: posts small blind $0.02
Hero: posts big blind $0.05
*** HOLE CARDS ***
Dealt to 4e61e849 
Dealt to b44f88bd 
Dealt to d28d522f 
Dealt to 27527111 
Dealt to Hero [7h Kc]
4e61e849: raises $0.07 to $0.12
b44f88bd: folds
d28d522f: calls $0.12
27527111: folds
Hero: folds
*** FLOP *** [Ah Ad 4c]
4e61e849: checks
d28d522f: checks
*** TURN *** [Ah Ad 4c] [2c]
4e61e849: checks
d28d522f: checks
*** RIVER *** [Ah Ad 4c 2c] [Js]
4e61e849: checks
d28d522f: checks
4e61e849: shows [Kd Qd] (Pair of Aces)
d28d522f: shows [8d 6d] (Pair of Aces)
*** SHOWDOWN ***
4e61e849 collected $0.3 from pot
*** SUMMARY ***
Total pot $0.31 | Rake $0.01 | Jackpot $0 | Bingo $0 | Fortune $0
Board [Ah Ad 4c 2c Js]
Seat 1: 4e61e849 showed [Kd Qd] and won ($0.3) with Pair of Aces
Seat 3: b44f88bd folded before Flop (didn't bet)
Seat 4: d28d522f (button) showed [8d 6d] and lost with Pair of Aces
Seat 5: 27527111 (small blind) folded before Flop
Seat 6: Hero (big blind) folded before Flop


Poker Hand #HD1148690510: Hold'em No Limit  ($0.02/$0.05) - 2023/03/06 17:52:14
Table 'NLHBlue29' 6-max Seat #3 is the button
Seat 1: 4e61e849 ($6.09 in chips)
Seat 3: b44f88bd ($2.77 in chips)
Seat 4: d28d522f ($5.34 in chips)
Seat 5: 27527111 ($5.2 in chips)
Seat 6: Hero ($6.38 in chips)
d28d522f: posts small blind $0.02
27527111: posts big blind $0.05
*** HOLE CARDS ***
Dealt to 4e61e849 
Dealt to b44f88bd 
Dealt to d28d522f 
Dealt to 27527111 
Dealt to Hero [3d 6d]
Hero: folds
4e61e849: folds
b44f88bd: folds
d28d522f: raises $0.1 to $0.15
27527111: folds
Uncalled bet ($0.1) returned to d28d522f
*** SHOWDOWN ***
d28d522f collected $0.1 from pot
*** SUMMARY ***
Total pot $0.1 | Rake $0 | Jackpot $0 | Bingo $0 | Fortune $0
Seat 1: 4e61e849 folded before Flop (didn't bet)
Seat 3: b44f88bd (button) folded before Flop (didn't bet)
Seat 4: d28d522f (small blind) collected ($0.1)
Seat 5: 27527111 (big blind) folded before Flop
Seat 6: Hero folded before Flop (didn't bet)


Poker Hand #HD1148690397: Hold'em No Limit  ($0.02/$0.05) - 2023/03/06 17:51:30
Table 'NLHBlue29' 6-max Seat #1 is the button
Seat 1: 4e61e849 ($6.09 in chips)
Seat 3: b44f88bd ($2.38 in chips)
Seat 4: d28d522f ($5.39 in chips)
Seat 5: 27527111 ($5.2 in chips)
Seat 6: Hero ($6.77 in chips)
b44f88bd: posts small blind $0.02
d28d522f: posts big blind $0.05
*** HOLE CARDS ***
Dealt to 4e61e849 
Dealt to b44f88bd 
Dealt to d28d522f 
Dealt to 27527111 
Dealt to Hero [7h 7c]
27527111: folds
Hero: raises $0.07 to $0.12
4e61e849: folds
b44f88bd: raises $0.07 to $0.19
d28d522f: folds
Hero: calls $0.07
*** FLOP *** [Jd 3c 4c]
b44f88bd: bets $0.2
Hero: calls $0.2
*** TURN *** [Jd 3c 4c] [Ts]
b44f88bd: checks
Hero: checks
*** RIVER *** [Jd 3c 4c Ts] [Ah]
b44f88bd: checks
Hero: checks
b44f88bd: shows [Kc Jh] (Pair of Jacks)
Hero: shows [7h 7c] (Pair of Sevens)
*** SHOWDOWN ***
b44f88bd collected $0.78 from pot
*** SUMMARY ***
Total pot $0.83 | Rake $0.05 | Jackpot $0 | Bingo $0 | Fortune $0
Board [Jd 3c 4c Ts Ah]
Seat 1: 4e61e849 (button) folded before Flop (didn't bet)
Seat 3: b44f88bd (small blind) showed [Kc Jh] and won ($0.78) with Pair of Jacks
Seat 4: d28d522f (big blind) folded before Flop
Seat 5: 27527111 folded before Flop (didn't bet)
Seat 6: Hero showed [7h 7c] and lost with Pair of Sevens


Poker Hand #HD1148690207: Hold'em No Limit  ($0.02/$0.05) - 2023/03/06 17:50:23
Table 'NLHBlue29' 6-max Seat #6 is the button
Seat 1: 4e61e849 ($6.11 in chips)
Seat 3: b44f88bd ($4.37 in chips)
Seat 4: d28d522f ($5.39 in chips)
Seat 5: 27527111 ($5.2 in chips)
Seat 6: Hero ($5 in chips)
4e61e849: posts small blind $0.02
b44f88bd: posts big blind $0.05
*** HOLE CARDS ***
Dealt to 4e61e849 
Dealt to b44f88bd 
Dealt to d28d522f 
Dealt to 27527111 
Dealt to Hero [3h Ah]
d28d522f: folds
27527111: folds
Hero: raises $0.07 to $0.12
4e61e849: folds
b44f88bd: raises $0.07 to $0.19
Hero: calls $0.07
*** FLOP *** [5c 7h Kh]
b44f88bd: bets $0.1
Hero: calls $0.1
*** TURN *** [5c 7h Kh] [9h]
b44f88bd: bets $0.2
Hero: raises $0.5 to $0.7
b44f88bd: calls $0.5
*** RIVER *** [5c 7h Kh 9h] [6c]
b44f88bd: bets $0.2
Hero: raises $0.8 to $1
b44f88bd: calls $0.8
Hero: shows [3h Ah] (Ace High Flush)
b44f88bd: shows [4h 8h] (King High Flush)
*** SHOWDOWN ***
Hero collected $3.76 from pot
*** SUMMARY ***
Total pot $4 | Rake $0.19 | Jackpot $0.05 | Bingo $0 | Fortune $0
Board [5c 7h Kh 9h 6c]
Seat 1: 4e61e849 (small blind) folded before Flop
Seat 3: b44f88bd (big blind) showed [4h 8h] and lost with King High Flush
Seat 4: d28d522f folded before Flop (didn't bet)
Seat 5: 27527111 folded before Flop (didn't bet)
Seat 6: Hero (button) showed [3h Ah] and won ($3.76) with Ace High Flush


Poker Hand #HD1148690076: Hold'em No Limit  ($0.02/$0.05) - 2023/03/06 17:49:35
Table 'NLHBlue29' 6-max Seat #5 is the button
Seat 1: 4e61e849 ($5.98 in chips)
Seat 3: b44f88bd ($4.37 in chips)
Seat 4: d28d522f ($5.39 in chips)
Seat 5: 27527111 ($5.2 in chips)
Seat 6: Hero ($5 in chips)
Hero: posts small blind $0.02
4e61e849: posts big blind $0.05
*** HOLE CARDS ***
Dealt to 4e61e849 
Dealt to b44f88bd 
Dealt to d28d522f 
Dealt to 27527111 
Dealt to Hero [Th 9h]
b44f88bd: folds
d28d522f: folds
27527111: folds
Hero: raises $0.09 to $0.14
4e61e849: calls $0.09
*** FLOP *** [As 2d 7c]
Hero: checks
4e61e849: bets $0.1
Hero: folds
Uncalled bet ($0.1) returned to 4e61e849
*** SHOWDOWN ***
4e61e849 collected $0.27 from pot
*** SUMMARY ***
Total pot $0.28 | Rake $0.01 | Jackpot $0 | Bingo $0 | Fortune $0
Board [As 2d 7c]
Seat 1: 4e61e849 (big blind) won ($0.27)
Seat 3: b44f88bd folded before Flop (didn't bet)
Seat 4: d28d522f folded before Flop (didn't bet)
Seat 5: 27527111 (button) folded before Flop (didn't bet)
Seat 6: Hero (small blind) folded on the Flop


Poker Hand #HD1148689968: Hold'em No Limit  ($0.02/$0.05) - 2023/03/06 17:48:51
Table 'NLHBlue29' 6-max Seat #4 is the button
Seat 1: 4e61e849 ($5.73 in chips)
Seat 3: b44f88bd ($4.37 in chips)
Seat 4: d28d522f ($5.51 in chips)
Seat 5: 27527111 ($5.22 in chips)
Seat 6: Hero ($5 in chips)
27527111: posts small blind $0.02
Hero: posts big blind $0.05
*** HOLE CARDS ***
Dealt to 4e61e849 
Dealt to b44f88bd 
Dealt to d28d522f 
Dealt to 27527111 
Dealt to Hero [Ac 9h]
4e61e849: raises $0.07 to $0.12
b44f88bd: folds
d28d522f: calls $0.12
27527111: folds
Hero: calls $0.07
*** FLOP *** [3c Qd Kc]
Hero: checks
4e61e849: bets $0.18
d28d522f: folds
Hero: folds
Uncalled bet ($0.18) returned to 4e61e849
*** SHOWDOWN ***
4e61e849 collected $0.37 from pot
*** SUMMARY ***
Total pot $0.38 | Rake $0.01 | Jackpot $0 | Bingo $0 | Fortune $0
Board [3c Qd Kc]
Seat 1: 4e61e849 won ($0.37)
Seat 3: b44f88bd folded before Flop (didn't bet)
Seat 4: d28d522f (button) folded on the Flop
Seat 5: 27527111 (small blind) folded before Flop
Seat 6: Hero (big blind) folded on the Flop


Poker Hand #HD1148689776: Hold'em No Limit  ($0.02/$0.05) - 2023/03/06 17:47:44
Table 'NLHBlue29' 6-max Seat #3 is the button
Seat 1: 4e61e849 ($5.73 in chips)
Seat 3: b44f88bd ($4.67 in chips)
Seat 4: d28d522f ($5.14 in chips)
Seat 5: 27527111 ($5.32 in chips)
Seat 6: Hero ($5 in chips)
d28d522f: posts small blind $0.02
27527111: posts big blind $0.05
*** HOLE CARDS ***
Dealt to 4e61e849 
Dealt to b44f88bd 
Dealt to d28d522f 
Dealt to 27527111 
Dealt to Hero [2s 5c]
Hero: folds
4e61e849: folds
b44f88bd: raises $0.05 to $0.1
d28d522f: calls $0.08
27527111: calls $0.05
*** FLOP *** [4s Jd Tc]
d28d522f: checks
27527111: checks
b44f88bd: bets $0.2
d28d522f: calls $0.2
27527111: folds
*** TURN *** [4s Jd Tc] [3c]
d28d522f: checks
b44f88bd: checks
*** RIVER *** [4s Jd Tc 3c] [Qs]
d28d522f: checks
b44f88bd: checks
d28d522f: shows [9c Jc] (Pair of Jacks)
b44f88bd: shows [6d Ks] (King-High)
*** SHOWDOWN ***
d28d522f collected $0.67 from pot
*** SUMMARY ***
Total pot $0.7 | Rake $0.03 | Jackpot $0 | Bingo $0 | Fortune $0
Board [4s Jd Tc 3c Qs]
Seat 1: 4e61e849 folded before Flop (didn't bet)
Seat 3: b44f88bd (button) showed [6d Ks] and lost with King-High
Seat 4: d28d522f (small blind) showed [9c Jc] and won ($0.67) with Pair of Jacks
Seat 5: 27527111 (big blind) folded on the Flop
Seat 6: Hero folded before Flop (didn't bet)


Poker Hand #HD1148689673: Hold'em No Limit  ($0.02/$0.05) - 2023/03/06 17:47:11
Table 'NLHBlue29' 6-max Seat #1 is the button
Seat 1: 4e61e849 ($5.73 in chips)
Seat 3: b44f88bd ($4.69 in chips)
Seat 4: d28d522f ($5.01 in chips)
Seat 5: 27527111 ($5.32 in chips)
Seat 6: Hero ($5.11 in chips)
b44f88bd: posts small blind $0.02
d28d522f: posts big blind $0.05
*** HOLE CARDS ***
Dealt to 4e61e849 
Dealt to b44f88bd 
Dealt to d28d522f 
Dealt to 27527111 
Dealt to Hero [6h 6s]
27527111: folds
Hero: raises $0.07 to $0.12
4e61e849: folds
b44f88bd: folds
d28d522f: calls $0.07
*** FLOP *** [Ad 4d Kd]
d28d522f: checks
Hero: checks
*** TURN *** [Ad 4d Kd] [3d]
d28d522f: bets $0.33
Hero: folds
Uncalled bet ($0.33) returned to d28d522f
*** SHOWDOWN ***
d28d522f collected $0.25 from pot
*** SUMMARY ***
Total pot $0.26 | Rake $0.01 | Jackpot $0 | Bingo $0 | Fortune $0
Board [Ad 4d Kd 3d]
Seat 1: 4e61e849 (button) folded before Flop (didn't bet)
Seat 3: b44f88bd (small blind) folded before Flop
Seat 4: d28d522f (big blind) won ($0.25)
Seat 5: 27527111 folded before Flop (didn't bet)
Seat 6: Hero folded on the Turn


Poker Hand #HD1148689493: Hold'em No Limit  ($0.02/$0.05) - 2023/03/06 17:46:06
Table 'NLHBlue29' 6-max Seat #6 is the button
Seat 1: 4e61e849 ($5.75 in chips)
Seat 2: 50312d42 ($7.4 in chips)
Seat 3: b44f88bd ($4.68 in chips)
Seat 4: d28d522f ($5 in chips)
Seat 5: 27527111 ($5.32 in chips)
Seat 6: Hero ($5.11 in chips)
4e61e849: posts small blind $0.02
50312d42: posts big blind $0.05
*** HOLE CARDS ***
Dealt to 4e61e849 
Dealt to 50312d42 
Dealt to b44f88bd 
Dealt to d28d522f 
Dealt to 27527111 
Dealt to Hero [5s Ad]
b44f88bd: raises $0.05 to $0.1
d28d522f: raises $0.22 to $0.32
27527111: folds
Hero: folds
4e61e849: folds
50312d42: folds
b44f88bd: raises $0.22 to $0.54
d28d522f: calls $0.22
*** FLOP *** [3s 9h 2d]
b44f88bd: checks
d28d522f: checks
*** TURN *** [3s 9h 2d] [Ks]
b44f88bd: checks
d28d522f: checks
*** RIVER *** [3s 9h 2d Ks] [8h]
b44f88bd: checks
d28d522f: checks
b44f88bd: shows [Ah Jh] (Ace-High)
d28d522f: shows [Ac Js] (Ace-High)
*** SHOWDOWN ***
b44f88bd collected $0.55 from pot
d28d522f collected $0.55 from pot
*** SUMMARY ***
Total pot $1.15 | Rake $0.05 | Jackpot $0 | Bingo $0 | Fortune $0
Board [3s 9h 2d Ks 8h]
Seat 1: 4e61e849 (small blind) folded before Flop
Seat 2: 50312d42 (big blind) folded before Flop
Seat 3: b44f88bd showed [Ah Jh] and won ($0.55) with Ace-High
Seat 4: d28d522f showed [Ac Js] and won ($0.55) with Ace-High
Seat 5: 27527111 folded before Flop (didn't bet)
Seat 6: Hero (button) folded before Flop (didn't bet)


Poker Hand #HD1148689420: Hold'em No Limit  ($0.02/$0.05) - 2023/03/06 17:45:37
Table 'NLHBlue29' 6-max Seat #5 is the button
Seat 1: 4e61e849 ($5.8 in chips)
Seat 2: 50312d42 ($7.4 in chips)
Seat 3: b44f88bd ($4.68 in chips)
Seat 4: d28d522f ($5 in chips)
Seat 5: 27527111 ($5.25 in chips)
Seat 6: Hero ($5.13 in chips)
Hero: posts small blind $0.02
4e61e849: posts big blind $0.05
*** HOLE CARDS ***
Dealt to 4e61e849 
Dealt to 50312d42 
Dealt to b44f88bd 
Dealt to d28d522f 
Dealt to 27527111 
Dealt to Hero [4c 3c]
50312d42: folds
b44f88bd: folds
d28d522f: folds
27527111: raises $0.1 to $0.15
Hero: folds
4e61e849: folds
Uncalled bet ($0.1) returned to 27527111
*** SHOWDOWN ***
27527111 collected $0.12 from pot
*** SUMMARY ***
Total pot $0.12 | Rake $0 | Jackpot $0 | Bingo $0 | Fortune $0
Seat 1: 4e61e849 (big blind) folded before Flop
Seat 2: 50312d42 folded before Flop (didn't bet)
Seat 3: b44f88bd folded before Flop (didn't bet)
Seat 4: d28d522f folded before Flop (didn't bet)
Seat 5: 27527111 (button) collected ($0.12)
Seat 6: Hero (small blind) folded before Flop


Poker Hand #HD1148689358: Hold'em No Limit  ($0.02/$0.05) - 2023/03/06 17:45:13
Table 'NLHBlue29' 6-max Seat #4 is the button
Seat 1: 4e61e849 ($5.8 in chips)
Seat 2: 50312d42 ($7.4 in chips)
Seat 3: b44f88bd ($4.61 in chips)
Seat 4: d28d522f ($5 in chips)
Seat 5: 27527111 ($5.27 in chips)
Seat 6: Hero ($5.18 in chips)
27527111: posts small blind $0.02
Hero: posts big blind $0.05
*** HOLE CARDS ***
Dealt to 4e61e849 
Dealt to 50312d42 
Dealt to b44f88bd 
Dealt to d28d522f 
Dealt to 27527111 
Dealt to Hero [9h 4s]
4e61e849: folds
50312d42: folds
b44f88bd: raises $0.05 to $0.1
d28d522f: folds
27527111: folds
Hero: folds
Uncalled bet ($0.05) returned to b44f88bd
*** SHOWDOWN ***
b44f88bd collected $0.12 from pot
*** SUMMARY ***
Total pot $0.12 | Rake $0 | Jackpot $0 | Bingo $0 | Fortune $0
Seat 1: 4e61e849 folded before Flop (didn't bet)
Seat 2: 50312d42 folded before Flop (didn't bet)
Seat 3: b44f88bd collected ($0.12)
Seat 4: d28d522f (button) folded before Flop (didn't bet)
Seat 5: 27527111 (small blind) folded before Flop
Seat 6: Hero (big blind) folded before Flop


Poker Hand #HD1148689256: Hold'em No Limit  ($0.02/$0.05) - 2023/03/06 17:44:39
Table 'NLHBlue29' 6-max Seat #3 is the button
Seat 1: 4e61e849 ($5.8 in chips)
Seat 2: 50312d42 ($7.4 in chips)
Seat 3: b44f88bd ($4.73 in chips)
Seat 4: d28d522f ($5 in chips)
Seat 5: 27527111 ($5.32 in chips)
Seat 6: Hero ($5 in chips)
d28d522f: posts small blind $0.02
27527111: posts big blind $0.05
*** HOLE CARDS ***
Dealt to 4e61e849 
Dealt to 50312d42 
Dealt to b44f88bd 
Dealt to d28d522f 
Dealt to 27527111 
Dealt to Hero [As Kh]
Hero: raises $0.07 to $0.12
4e61e849: folds
50312d42: folds
b44f88bd: calls $0.12
d28d522f: folds
27527111: folds
*** FLOP *** [3c Qd Qs]
Hero: bets $0.16
b44f88bd: folds
Uncalled bet ($0.16) returned to Hero
*** SHOWDOWN ***
Hero collected $0.3 from pot
*** SUMMARY ***
Total pot $0.31 | Rake $0.01 | Jackpot $0 | Bingo $0 | Fortune $0
Board [3c Qd Qs]
Seat 1: 4e61e849 folded before Flop (didn't bet)
Seat 2: 50312d42 folded before Flop (didn't bet)
Seat 3: b44f88bd (button) folded on the Flop
Seat 4: d28d522f (small blind) folded before Flop
Seat 5: 27527111 (big blind) folded before Flop
Seat 6: Hero won ($0.3)


Poker Hand #HD1148689051: Hold'em No Limit  ($0.02/$0.05) - 2023/03/06 17:43:29
Table 'NLHBlue29' 6-max Seat #2 is the button
Seat 1: 4e61e849 ($5.8 in chips)
Seat 2: 50312d42 ($6.73 in chips)
Seat 3: b44f88bd ($5.47 in chips)
Seat 4: d28d522f ($5 in chips)
Seat 5: 27527111 ($5.32 in chips)
Seat 6: Hero ($5 in chips)
b44f88bd: posts small blind $0.02
d28d522f: posts big blind $0.05
*** HOLE CARDS ***
Dealt to 4e61e849 
Dealt to 50312d42 
Dealt to b44f88bd 
Dealt to d28d522f 
Dealt to 27527111 
Dealt to Hero [Tc 5h]
27527111: folds
Hero: folds
4e61e849: folds
50312d42: raises $0.08 to $0.13
b44f88bd: calls $0.11
d28d522f: folds
*** FLOP *** [7s Qd 9c]
b44f88bd: checks
50312d42: bets $0.11
b44f88bd: calls $0.11
*** TURN *** [7s Qd 9c] [8d]
b44f88bd: checks
50312d42: checks
*** RIVER *** [7s Qd 9c 8d] [6s]
b44f88bd: bets $0.5
50312d42: calls $0.5
b44f88bd: shows [9d 9s] (Three Nines)
50312d42: shows [7d 5d] (Nines-High Straight)
*** SHOWDOWN ***
50312d42 collected $1.41 from pot
*** SUMMARY ***
Total pot $1.53 | Rake $0.07 | Jackpot $0.05 | Bingo $0 | Fortune $0
Board [7s Qd 9c 8d 6s]
Seat 1: 4e61e849 folded before Flop (didn't bet)
Seat 2: 50312d42 (button) showed [7d 5d] and won ($1.41) with Nines-High Straight
Seat 3: b44f88bd (small blind) showed [9d 9s] and lost with Three Nines
Seat 4: d28d522f (big blind) folded before Flop
Seat 5: 27527111 folded before Flop (didn't bet)
Seat 6: Hero folded before Flop (didn't bet)


Poker Hand #HD1148688862: Hold'em No Limit  ($0.02/$0.05) - 2023/03/06 17:42:17
Table 'NLHBlue29' 6-max Seat #1 is the button
Seat 1: 4e61e849 ($6.02 in chips)
Seat 2: 50312d42 ($6.9 in chips)
Seat 3: b44f88bd ($5 in chips)
Seat 4: d28d522f ($5 in chips)
Seat 5: 27527111 ($5.32 in chips)
Seat 6: Hero ($5 in chips)
50312d42: posts small blind $0.02
b44f88bd: posts big blind $0.05
*** HOLE CARDS ***
Dealt to 4e61e849 
Dealt to 50312d42 
Dealt to b44f88bd 
Dealt to d28d522f 
Dealt to 27527111 
Dealt to Hero [Qd Tc]
d28d522f: folds
27527111: folds
Hero: raises $0.07 to $0.12
4e61e849: calls $0.12
50312d42: calls $0.1
b44f88bd: calls $0.07
*** FLOP *** [9d 4c 9s]
50312d42: checks
b44f88bd: checks
Hero: checks
4e61e849: checks
*** TURN *** [9d 4c 9s] [Ac]
50312d42: checks
b44f88bd: bets $0.05
Hero: folds
4e61e849: calls $0.05
50312d42: calls $0.05
*** RIVER *** [9d 4c 9s Ac] [6d]
50312d42: checks
b44f88bd: bets $0.05
4e61e849: calls $0.05
50312d42: folds
b44f88bd: shows [7h As] (Pair of Aces and Pair of Nines)
4e61e849: shows [7s 7c] (Pair of Nines and Pair of Sevens)
*** SHOWDOWN ***
b44f88bd collected $0.69 from pot
*** SUMMARY ***
Total pot $0.73 | Rake $0.04 | Jackpot $0 | Bingo $0 | Fortune $0
Board [9d 4c 9s Ac 6d]
Seat 1: 4e61e849 (button) showed [7s 7c] and lost with Pair of Nines and Pair of Sevens
Seat 2: 50312d42 (small blind) folded on the River
Seat 3: b44f88bd (big blind) showed [7h As] and won ($0.69) with Pair of Aces and Pair of Nines
Seat 4: d28d522f folded before Flop (didn't bet)
Seat 5: 27527111 folded before Flop (didn't bet)
Seat 6: Hero folded on the Turn


Poker Hand #HD1148688693: Hold'em No Limit  ($0.02/$0.05) - 2023/03/06 17:41:17
Table 'NLHBlue29' 6-max Seat #6 is the button
Seat 1: 4e61e849 ($6.04 in chips)
Seat 2: 50312d42 ($5.29 in chips)
Seat 4: d28d522f ($5 in chips)
Seat 5: 27527111 ($5.32 in chips)
Seat 6: Hero ($5.37 in chips)
4e61e849: posts small blind $0.02
50312d42: posts big blind $0.05
*** HOLE CARDS ***
Dealt to 4e61e849 
Dealt to 50312d42 
Dealt to d28d522f 
Dealt to 27527111 
Dealt to Hero [6h 8h]
d28d522f: folds
27527111: folds
Hero: raises $0.07 to $0.12
4e61e849: folds
50312d42: calls $0.07
*** FLOP *** [9d 6c 8d]
50312d42: checks
Hero: bets $0.13
50312d42: raises $0.32 to $0.45
Hero: calls $0.32
*** TURN *** [9d 6c 8d] [Ah]
50312d42: bets $1.25
Hero: calls $1.25
*** RIVER *** [9d 6c 8d Ah] [As]
50312d42: bets $3.47 and is all-in
Hero: folds
Uncalled bet ($3.47) returned to 50312d42
*** SHOWDOWN ***
50312d42 collected $3.43 from pot
*** SUMMARY ***
Total pot $3.66 | Rake $0.18 | Jackpot $0.05 | Bingo $0 | Fortune $0
Board [9d 6c 8d Ah As]
Seat 1: 4e61e849 (small blind) folded before Flop
Seat 2: 50312d42 (big blind) won ($3.43)
Seat 4: d28d522f folded before Flop (didn't bet)
Seat 5: 27527111 folded before Flop (didn't bet)
Seat 6: Hero (button) folded on the River


Poker Hand #HD1148688540: Hold'em No Limit  ($0.02/$0.05) - 2023/03/06 17:40:21
Table 'NLHBlue29' 6-max Seat #5 is the button
Seat 1: 4e61e849 ($6.09 in chips)
Seat 2: 50312d42 ($5 in chips)
Seat 4: d28d522f ($5 in chips)
Seat 5: 27527111 ($5.32 in chips)
Seat 6: Hero ($5.39 in chips)
Hero: posts small blind $0.02
4e61e849: posts big blind $0.05
*** HOLE CARDS ***
Dealt to 4e61e849 
Dealt to 50312d42 
Dealt to d28d522f 
Dealt to 27527111 
Dealt to Hero [7h 8s]
50312d42: raises $0.08 to $0.13
d28d522f: calls $0.13
27527111: folds
Hero: folds
4e61e849: folds
*** FLOP *** [9h Qh Th]
50312d42: bets $0.11
d28d522f: calls $0.11
*** TURN *** [9h Qh Th] [5c]
50312d42: bets $0.65
d28d522f: folds
Uncalled bet ($0.65) returned to 50312d42
*** SHOWDOWN ***
50312d42 collected $0.53 from pot
*** SUMMARY ***
Total pot $0.55 | Rake $0.02 | Jackpot $0 | Bingo $0 | Fortune $0
Board [9h Qh Th 5c]
Seat 1: 4e61e849 (big blind) folded before Flop
Seat 2: 50312d42 won ($0.53)
Seat 4: d28d522f folded on the Turn
Seat 5: 27527111 (button) folded before Flop (didn't bet)
Seat 6: Hero (small blind) folded before Flop


Poker Hand #HD1148688461: Hold'em No Limit  ($0.02/$0.05) - 2023/03/06 17:39:52
Table 'NLHBlue29' 6-max Seat #4 is the button
Seat 1: 4e61e849 ($6.02 in chips)
Seat 2: 50312d42 ($5 in chips)
Seat 4: d28d522f ($5 in chips)
Seat 5: 27527111 ($5.34 in chips)
Seat 6: Hero ($5.44 in chips)
27527111: posts small blind $0.02
Hero: posts big blind $0.05
*** HOLE CARDS ***
Dealt to 4e61e849 
Dealt to 50312d42 
Dealt to d28d522f 
Dealt to 27527111 
Dealt to Hero [7c Ts]
4e61e849: raises $0.07 to $0.12
50312d42: folds
d28d522f: folds
27527111: folds
Hero: folds
Uncalled bet ($0.07) returned to 4e61e849
*** SHOWDOWN ***
4e61e849 collected $0.12 from pot
*** SUMMARY ***
Total pot $0.12 | Rake $0 | Jackpot $0 | Bingo $0 | Fortune $0
Seat 1: 4e61e849 collected ($0.12)
Seat 2: 50312d42 folded before Flop (didn't bet)
Seat 4: d28d522f (button) folded before Flop (didn't bet)
Seat 5: 27527111 (small blind) folded before Flop
Seat 6: Hero (big blind) folded before Flop


Poker Hand #HD1148688351: Hold'em No Limit  ($0.02/$0.05) - 2023/03/06 17:39:10
Table 'NLHBlue29' 6-max Seat #2 is the button
Seat 1: 4e61e849 ($6.02 in chips)
Seat 2: 50312d42 ($5 in chips)
Seat 3: 17049d99 ($5 in chips)
Seat 4: d28d522f ($5 in chips)
Seat 5: 27527111 ($5.34 in chips)
Seat 6: Hero ($5.18 in chips)
17049d99: posts small blind $0.02
d28d522f: posts big blind $0.05
*** HOLE CARDS ***
Dealt to 4e61e849 
Dealt to 50312d42 
Dealt to 17049d99 
Dealt to d28d522f 
Dealt to 27527111 
Dealt to Hero [Tc Ks]
27527111: folds
Hero: raises $0.07 to $0.12
4e61e849: folds
50312d42: folds
17049d99: folds
d28d522f: calls $0.07
*** FLOP *** [Ah 2c Jc]
d28d522f: checks
Hero: bets $0.14
d28d522f: calls $0.14
*** TURN *** [Ah 2c Jc] [2h]
d28d522f: checks
Hero: checks
*** RIVER *** [Ah 2c Jc 2h] [Ts]
d28d522f: checks
Hero: checks
d28d522f: shows [9c 9s] (Pair of Nines and Pair of Twos)
Hero: shows [Tc Ks] (Pair of Tens and Pair of Twos)
*** SHOWDOWN ***
Hero collected $0.52 from pot
*** SUMMARY ***
Total pot $0.54 | Rake $0.02 | Jackpot $0 | Bingo $0 | Fortune $0
Board [Ah 2c Jc 2h Ts]
Seat 1: 4e61e849 folded before Flop (didn't bet)
Seat 2: 50312d42 (button) folded before Flop (didn't bet)
Seat 3: 17049d99 (small blind) folded before Flop
Seat 4: d28d522f (big blind) showed [9c 9s] and lost with Pair of Nines and Pair of Twos
Seat 5: 27527111 folded before Flop (didn't bet)
Seat 6: Hero showed [Tc Ks] and won ($0.52) with Pair of Tens and Pair of Twos


Poker Hand #HD1148688311: Hold'em No Limit  ($0.02/$0.05) - 2023/03/06 17:38:56
Table 'NLHBlue29' 6-max Seat #1 is the button
Seat 1: 4e61e849 ($6.02 in chips)
Seat 2: 50312d42 ($5 in chips)
Seat 3: 17049d99 ($5 in chips)
Seat 4: d28d522f ($5 in chips)
Seat 5: 27527111 ($5.34 in chips)
Seat 6: Hero ($5.11 in chips)
50312d42: posts small blind $0.02
17049d99: posts big blind $0.05
*** HOLE CARDS ***
Dealt to 4e61e849 
Dealt to 50312d42 
Dealt to 17049d99 
Dealt to d28d522f 
Dealt to 27527111 
Dealt to Hero [Td 9d]
d28d522f: folds
27527111: folds
Hero: raises $0.07 to $0.12
4e61e849: folds
50312d42: folds
17049d99: folds
Uncalled bet ($0.07) returned to Hero
*** SHOWDOWN ***
Hero collected $0.12 from pot
*** SUMMARY ***
Total pot $0.12 | Rake $0 | Jackpot $0 | Bingo $0 | Fortune $0
Seat 1: 4e61e849 (button) folded before Flop (didn't bet)
Seat 2: 50312d42 (small blind) folded before Flop
Seat 3: 17049d99 (big blind) folded before Flop
Seat 4: d28d522f folded before Flop (didn't bet)
Seat 5: 27527111 folded before Flop (didn't bet)
Seat 6: Hero collected ($0.12)


Poker Hand #HD1148688236: Hold'em No Limit  ($0.02/$0.05) - 2023/03/06 17:38:29
Table 'NLHBlue29' 6-max Seat #6 is the button
Seat 1: 4e61e849 ($6.04 in chips)
Seat 2: 50312d42 ($5 in chips)
Seat 4: d28d522f ($5.1 in chips)
Seat 5: 27527111 ($5.18 in chips)
Seat 6: Hero ($5.11 in chips)
4e61e849: posts small blind $0.02
50312d42: posts big blind $0.05
*** HOLE CARDS ***
Dealt to 4e61e849 
Dealt to 50312d42 
Dealt to d28d522f 
Dealt to 27527111 
Dealt to Hero [3s 9s]
d28d522f: raises $0.05 to $0.1
27527111: raises $0.25 to $0.35
Hero: folds
4e61e849: folds
50312d42: folds
d28d522f: folds
Uncalled bet ($0.25) returned to 27527111
*** SHOWDOWN ***
27527111 collected $0.26 from pot
*** SUMMARY ***
Total pot $0.27 | Rake $0.01 | Jackpot $0 | Bingo $0 | Fortune $0
Seat 1: 4e61e849 (small blind) folded before Flop
Seat 2: 50312d42 (big blind) folded before Flop
Seat 4: d28d522f folded before Flop
Seat 5: 27527111 collected ($0.26)
Seat 6: Hero (button) folded before Flop (didn't bet)


Poker Hand #HD1148688200: Hold'em No Limit  ($0.02/$0.05) - 2023/03/06 17:38:17
Table 'NLHBlue29' 6-max Seat #5 is the button
Seat 1: 4e61e849 ($6.02 in chips)
Seat 4: d28d522f ($5.1 in chips)
Seat 5: 27527111 ($5.18 in chips)
Seat 6: Hero ($5.13 in chips)
Hero: posts small blind $0.02
4e61e849: posts big blind $0.05
*** HOLE CARDS ***
Dealt to 4e61e849 
Dealt to d28d522f 
Dealt to 27527111 
Dealt to Hero [3h 5c]
d28d522f: folds
27527111: folds
Hero: folds
Uncalled bet ($0.03) returned to 4e61e849
*** SHOWDOWN ***
4e61e849 collected $0.04 from pot
*** SUMMARY ***
Total pot $0.04 | Rake $0 | Jackpot $0 | Bingo $0 | Fortune $0
Seat 1: 4e61e849 (big blind) collected ($0.04)
Seat 4: d28d522f folded before Flop (didn't bet)
Seat 5: 27527111 (button) folded before Flop (didn't bet)
Seat 6: Hero (small blind) folded before Flop


Poker Hand #HD1148688143: Hold'em No Limit  ($0.02/$0.05) - 2023/03/06 17:37:54
Table 'NLHBlue29' 6-max Seat #4 is the button
Seat 1: 4e61e849 ($6.14 in chips)
Seat 2: da49f137 ($5.24 in chips)
Seat 4: d28d522f ($5.1 in chips)
Seat 5: 27527111 ($5.02 in chips)
Seat 6: Hero ($5.18 in chips)
27527111: posts small blind $0.02
Hero: posts big blind $0.05
*** HOLE CARDS ***
Dealt to 4e61e849 
Dealt to da49f137 
Dealt to d28d522f 
Dealt to 27527111 
Dealt to Hero [Kh 9h]
4e61e849: raises $0.07 to $0.12
da49f137: folds
d28d522f: folds
27527111: raises $0.38 to $0.5
Hero: folds
4e61e849: folds
Uncalled bet ($0.38) returned to 27527111
*** SHOWDOWN ***
27527111 collected $0.28 from pot
*** SUMMARY ***
Total pot $0.29 | Rake $0.01 | Jackpot $0 | Bingo $0 | Fortune $0
Seat 1: 4e61e849 folded before Flop
Seat 2: da49f137 folded before Flop (didn't bet)
Seat 4: d28d522f (button) folded before Flop (didn't bet)
Seat 5: 27527111 (small blind) collected ($0.28)
Seat 6: Hero (big blind) folded before Flop


Poker Hand #HD1148688015: Hold'em No Limit  ($0.02/$0.05) - 2023/03/06 17:37:13
Table 'NLHBlue29' 6-max Seat #2 is the button
Seat 1: 4e61e849 ($6.14 in chips)
Seat 2: da49f137 ($5.36 in chips)
Seat 4: d28d522f ($5.12 in chips)
Seat 5: 27527111 ($5.07 in chips)
Seat 6: Hero ($5 in chips)
d28d522f: posts small blind $0.02
27527111: posts big blind $0.05
*** HOLE CARDS ***
Dealt to 4e61e849 
Dealt to da49f137 
Dealt to d28d522f 
Dealt to 27527111 
Dealt to Hero [Ts Qs]
Hero: raises $0.07 to $0.12
4e61e849: folds
da49f137: calls $0.12
d28d522f: folds
27527111: folds
*** FLOP *** [Ac 4d 7d]
Hero: bets $0.16
da49f137: folds
Uncalled bet ($0.16) returned to Hero
*** SHOWDOWN ***
Hero collected $0.3 from pot
*** SUMMARY ***
Total pot $0.31 | Rake $0.01 | Jackpot $0 | Bingo $0 | Fortune $0
Board [Ac 4d 7d]
Seat 1: 4e61e849 folded before Flop (didn't bet)
Seat 2: da49f137 (button) folded on the Flop
Seat 4: d28d522f (small blind) folded before Flop
Seat 5: 27527111 (big blind) folded before Flop
Seat 6: Hero won ($0.3)


Poker Hand #HD1148687978: Hold'em No Limit  ($0.02/$0.05) - 2023/03/06 17:36:58
Table 'NLHBlue29' 6-max Seat #1 is the button
Seat 1: 4e61e849 ($6.14 in chips)
Seat 2: da49f137 ($5.38 in chips)
Seat 4: d28d522f ($5.17 in chips)
Seat 5: 27527111 ($5 in chips)
Seat 6: Hero ($5 in chips)
da49f137: posts small blind $0.02
d28d522f: posts big blind $0.05
*** HOLE CARDS ***
Dealt to 4e61e849 
Dealt to da49f137 
Dealt to d28d522f 
Dealt to 27527111 
Dealt to Hero [9d 7d]
27527111: raises $0.08 to $0.13
Hero: folds
4e61e849: folds
da49f137: folds
d28d522f: folds
Uncalled bet ($0.08) returned to 27527111
*** SHOWDOWN ***
27527111 collected $0.12 from pot
*** SUMMARY ***
Total pot $0.12 | Rake $0 | Jackpot $0 | Bingo $0 | Fortune $0
Seat 1: 4e61e849 (button) folded before Flop (didn't bet)
Seat 2: da49f137 (small blind) folded before Flop
Seat 4: d28d522f (big blind) folded before Flop
Seat 5: 27527111 collected ($0.12)
Seat 6: Hero folded before Flop (didn't bet)


Poker Hand #HD1148687878: Hold'em No Limit  ($0.02/$0.05) - 2023/03/06 17:36:22
Table 'NLHBlue29' 6-max Seat #6 is the button
Seat 1: 4e61e849 ($6.16 in chips)
Seat 2: da49f137 ($5.43 in chips)
Seat 3: 659e1a5d ($6.47 in chips)
Seat 4: d28d522f ($5.17 in chips)
Seat 5: 27527111 ($5 in chips)
Seat 6: Hero ($5 in chips)
4e61e849: posts small blind $0.02
da49f137: posts big blind $0.05
*** HOLE CARDS ***
Dealt to 4e61e849 
Dealt to da49f137 
Dealt to 659e1a5d 
Dealt to d28d522f 
Dealt to 27527111 
Dealt to Hero [3h Kc]
659e1a5d: raises $0.1 to $0.15
d28d522f: folds
27527111: folds
Hero: folds
4e61e849: folds
da49f137: folds
Uncalled bet ($0.1) returned to 659e1a5d
*** SHOWDOWN ***
659e1a5d collected $0.12 from pot
*** SUMMARY ***
Total pot $0.12 | Rake $0 | Jackpot $0 | Bingo $0 | Fortune $0
Seat 1: 4e61e849 (small blind) folded before Flop
Seat 2: da49f137 (big blind) folded before Flop
Seat 3: 659e1a5d collected ($0.12)
Seat 4: d28d522f folded before Flop (didn't bet)
Seat 5: 27527111 folded before Flop (didn't bet)
Seat 6: Hero (button) folded before Flop (didn't bet)


Poker Hand #HD1148687831: Hold'em No Limit  ($0.02/$0.05) - 2023/03/06 17:36:05
Table 'NLHBlue29' 6-max Seat #5 is the button
Seat 1: 4e61e849 ($6.21 in chips)
Seat 2: da49f137 ($5.43 in chips)
Seat 3: 659e1a5d ($6.4 in chips)
Seat 4: d28d522f ($5.17 in chips)
Seat 5: 27527111 ($5 in chips)
Seat 6: Hero ($5 in chips)
Hero: posts small blind $0.02
4e61e849: posts big blind $0.05
*** HOLE CARDS ***
Dealt to 4e61e849 
Dealt to da49f137 
Dealt to 659e1a5d 
Dealt to d28d522f 
Dealt to 27527111 
Dealt to Hero [8h Js]
da49f137: folds
659e1a5d: raises $0.07 to $0.12
d28d522f: folds
27527111: folds
Hero: folds
4e61e849: folds
Uncalled bet ($0.07) returned to 659e1a5d
*** SHOWDOWN ***
659e1a5d collected $0.12 from pot
*** SUMMARY ***
Total pot $0.12 | Rake $0 | Jackpot $0 | Bingo $0 | Fortune $0
Seat 1: 4e61e849 (big blind) folded before Flop
Seat 2: da49f137 folded before Flop (didn't bet)
Seat 3: 659e1a5d collected ($0.12)
Seat 4: d28d522f folded before Flop (didn't bet)
Seat 5: 27527111 (button) folded before Flop (didn't bet)
Seat 6: Hero (small blind) folded before Flop


Poker Hand #HD1148687719: Hold'em No Limit  ($0.02/$0.05) - 2023/03/06 17:35:24
Table 'NLHBlue29' 6-max Seat #4 is the button
Seat 1: 4e61e849 ($6.21 in chips)
Seat 2: da49f137 ($5.32 in chips)
Seat 3: 659e1a5d ($6.4 in chips)
Seat 4: d28d522f ($5.17 in chips)
Seat 5: 27527111 ($5 in chips)
Seat 6: Hero ($5 in chips)
27527111: posts small blind $0.02
Hero: posts big blind $0.05
*** HOLE CARDS ***
Dealt to 4e61e849 
Dealt to da49f137 
Dealt to 659e1a5d 
Dealt to d28d522f 
Dealt to 27527111 
Dealt to Hero [Ad 9s]
4e61e849: folds
da49f137: raises $0.05 to $0.1
659e1a5d: folds
d28d522f: folds
27527111: folds
Hero: calls $0.05
*** FLOP *** [2c 4d 2h]
Hero: checks
da49f137: checks
*** TURN *** [2c 4d 2h] [Qc]
Hero: checks
da49f137: bets $0.17
Hero: folds
Uncalled bet ($0.17) returned to da49f137
da49f137: shows [Kh Kd] (Pair of Kings and Pair of Twos)
*** SHOWDOWN ***
da49f137 collected $0.21 from pot
*** SUMMARY ***
Total pot $0.22 | Rake $0.01 | Jackpot $0 | Bingo $0 | Fortune $0
Board [2c 4d 2h Qc]
Seat 1: 4e61e849 folded before Flop (didn't bet)
Seat 2: da49f137 showed [Kh Kd] and won ($0.21) with Pair of Kings and Pair of Twos
Seat 3: 659e1a5d folded before Flop (didn't bet)
Seat 4: d28d522f (button) folded before Flop (didn't bet)
Seat 5: 27527111 (small blind) folded before Flop
Seat 6: Hero (big blind) folded on the Turn


