Poker Hand #HD1182809068: Hold'em No Limit  ($0.02/$0.05) - 2023/03/30 19:14:32
Table 'NLHBlue114' 6-max Seat #5 is the button
Seat 1: 8ffb33c ($9.66 in chips)
Seat 2: Hero ($8.89 in chips)
Seat 3: ef5f9a9 ($5 in chips)
Seat 4: 988126d3 ($4.05 in chips)
Seat 5: e34c1d07 ($8.69 in chips)
Seat 6: 4853d7a ($4.09 in chips)
4853d7a: posts small blind $0.02
8ffb33c: posts big blind $0.05
*** HOLE CARDS ***
Dealt to 8ffb33c 
Dealt to Hero [2s 6s]
Dealt to ef5f9a9 
Dealt to 988126d3 
Dealt to e34c1d07 
Dealt to 4853d7a 
Hero: folds
ef5f9a9: raises $0.1 to $0.15
988126d3: folds
e34c1d07: folds
4853d7a: calls $0.13
8ffb33c: calls $0.1
*** FLOP *** [3s 8h 2c]
4853d7a: bets $0.23
8ffb33c: folds
ef5f9a9: folds
Uncalled bet ($0.23) returned to 4853d7a
*** SHOWDOWN ***
4853d7a collected $0.43 from pot
*** SUMMARY ***
Total pot $0.45 | Rake $0.02 | Jackpot $0 | Bingo $0 | Fortune $0
Board [3s 8h 2c]
Seat 1: 8ffb33c (big blind) folded on the Flop
Seat 2: Hero folded before Flop (didn't bet)
Seat 3: ef5f9a9 folded on the Flop
Seat 4: 988126d3 folded before Flop (didn't bet)
Seat 5: e34c1d07 (button) folded before Flop (didn't bet)
Seat 6: 4853d7a (small blind) won ($0.43)


Poker Hand #HD1182809004: Hold'em No Limit  ($0.02/$0.05) - 2023/03/30 19:14:11
Table 'NLHBlue114' 6-max Seat #4 is the button
Seat 1: 8ffb33c ($9.66 in chips)
Seat 2: Hero ($8.89 in chips)
Seat 4: 988126d3 ($4.05 in chips)
Seat 5: e34c1d07 ($8.71 in chips)
Seat 6: 4853d7a ($4.07 in chips)
e34c1d07: posts small blind $0.02
4853d7a: posts big blind $0.05
*** HOLE CARDS ***
Dealt to 8ffb33c 
Dealt to Hero [3c 5s]
Dealt to 988126d3 
Dealt to e34c1d07 
Dealt to 4853d7a 
8ffb33c: folds
Hero: folds
988126d3: folds
e34c1d07: folds
Uncalled bet ($0.03) returned to 4853d7a
*** SHOWDOWN ***
4853d7a collected $0.04 from pot
*** SUMMARY ***
Total pot $0.04 | Rake $0 | Jackpot $0 | Bingo $0 | Fortune $0
Seat 1: 8ffb33c folded before Flop (didn't bet)
Seat 2: Hero folded before Flop (didn't bet)
Seat 4: 988126d3 (button) folded before Flop (didn't bet)
Seat 5: e34c1d07 (small blind) folded before Flop
Seat 6: 4853d7a (big blind) collected ($0.04)


Poker Hand #HD1182808721: Hold'em No Limit  ($0.02/$0.05) - 2023/03/30 19:12:23
Table 'NLHBlue114' 6-max Seat #2 is the button
Seat 1: 8ffb33c ($5 in chips)
Seat 2: Hero ($8.89 in chips)
Seat 3: ef5f9a9 ($4.06 in chips)
Seat 4: 988126d3 ($5 in chips)
Seat 5: e34c1d07 ($8.71 in chips)
Seat 6: 4853d7a ($4.22 in chips)
ef5f9a9: posts small blind $0.02
988126d3: posts big blind $0.05
*** HOLE CARDS ***
Dealt to 8ffb33c 
Dealt to Hero [5h 4h]
Dealt to ef5f9a9 
Dealt to 988126d3 
Dealt to e34c1d07 
Dealt to 4853d7a 
e34c1d07: folds
4853d7a: calls $0.05
8ffb33c: raises $0.1 to $0.15
Hero: folds
ef5f9a9: calls $0.13
988126d3: calls $0.1
4853d7a: calls $0.1
*** FLOP *** [3s 2h Js]
ef5f9a9: checks
988126d3: bets $0.2
4853d7a: folds
8ffb33c: calls $0.2
ef5f9a9: calls $0.2
*** TURN *** [3s 2h Js] [Qc]
ef5f9a9: checks
988126d3: checks
8ffb33c: bets $0.6
ef5f9a9: calls $0.6
988126d3: calls $0.6
*** RIVER *** [3s 2h Js Qc] [4d]
ef5f9a9: checks
988126d3: checks
8ffb33c: bets $1
ef5f9a9: raises $2.11 to $3.11 and is all-in
988126d3: folds
8ffb33c: calls $2.11
ef5f9a9: shows [8s Qs] (Pair of Queens)
8ffb33c: shows [Qh Jc] (Pair of Queens and Pair of Jacks)
988126d3: shows [Jh] (Pair of Jacks)
*** SHOWDOWN ***
8ffb33c collected $8.72 from pot
*** SUMMARY ***
Total pot $9.22 | Rake $0.45 | Jackpot $0.05 | Bingo $0 | Fortune $0
Board [3s 2h Js Qc 4d]
Seat 1: 8ffb33c showed [Qh Jc] and won ($8.72) with Pair of Queens and Pair of Jacks
Seat 2: Hero (button) folded before Flop (didn't bet)
Seat 3: ef5f9a9 (small blind) showed [8s Qs] and lost with Pair of Queens
Seat 4: 988126d3 (big blind) folded on the River
Seat 5: e34c1d07 folded before Flop (didn't bet)
Seat 6: 4853d7a folded on the Flop


Poker Hand #HD1182808692: Hold'em No Limit  ($0.02/$0.05) - 2023/03/30 19:12:12
Table 'NLHBlue114' 6-max Seat #1 is the button
Seat 1: 8ffb33c ($5 in chips)
Seat 2: Hero ($8.91 in chips)
Seat 3: ef5f9a9 ($4.11 in chips)
Seat 5: e34c1d07 ($8.71 in chips)
Seat 6: 4853d7a ($4.15 in chips)
Hero: posts small blind $0.02
ef5f9a9: posts big blind $0.05
*** HOLE CARDS ***
Dealt to 8ffb33c 
Dealt to Hero [2s 4h]
Dealt to ef5f9a9 
Dealt to e34c1d07 
Dealt to 4853d7a 
e34c1d07: folds
4853d7a: raises $0.05 to $0.1
8ffb33c: folds
Hero: folds
ef5f9a9: folds
Uncalled bet ($0.05) returned to 4853d7a
*** SHOWDOWN ***
4853d7a collected $0.12 from pot
*** SUMMARY ***
Total pot $0.12 | Rake $0 | Jackpot $0 | Bingo $0 | Fortune $0
Seat 1: 8ffb33c (button) folded before Flop (didn't bet)
Seat 2: Hero (small blind) folded before Flop
Seat 3: ef5f9a9 (big blind) folded before Flop
Seat 5: e34c1d07 folded before Flop (didn't bet)
Seat 6: 4853d7a collected ($0.12)


Poker Hand #HD1182808673: Hold'em No Limit  ($0.02/$0.05) - 2023/03/30 19:12:04
Table 'NLHBlue114' 6-max Seat #6 is the button
Seat 1: 8ffb33c ($5 in chips)
Seat 2: Hero ($8.89 in chips)
Seat 3: ef5f9a9 ($4.11 in chips)
Seat 5: e34c1d07 ($8.71 in chips)
Seat 6: 4853d7a ($4.15 in chips)
8ffb33c: posts small blind $0.02
Hero: posts big blind $0.05
*** HOLE CARDS ***
Dealt to 8ffb33c 
Dealt to Hero [Jd 6d]
Dealt to ef5f9a9 
Dealt to e34c1d07 
Dealt to 4853d7a 
ef5f9a9: folds
e34c1d07: folds
4853d7a: folds
8ffb33c: folds
Uncalled bet ($0.03) returned to Hero
*** SHOWDOWN ***
Hero collected $0.04 from pot
*** SUMMARY ***
Total pot $0.04 | Rake $0 | Jackpot $0 | Bingo $0 | Fortune $0
Seat 1: 8ffb33c (small blind) folded before Flop
Seat 2: Hero (big blind) collected ($0.04)
Seat 3: ef5f9a9 folded before Flop (didn't bet)
Seat 5: e34c1d07 folded before Flop (didn't bet)
Seat 6: 4853d7a (button) folded before Flop (didn't bet)


Poker Hand #HD1182808606: Hold'em No Limit  ($0.02/$0.05) - 2023/03/30 19:11:37
Table 'NLHBlue114' 6-max Seat #5 is the button
Seat 1: 8ffb33c ($5 in chips)
Seat 2: Hero ($8.89 in chips)
Seat 3: ef5f9a9 ($4.11 in chips)
Seat 5: e34c1d07 ($8.71 in chips)
Seat 6: 4853d7a ($4.06 in chips)
4853d7a: posts small blind $0.02
8ffb33c: posts big blind $0.05
*** HOLE CARDS ***
Dealt to 8ffb33c 
Dealt to Hero [9s 3s]
Dealt to ef5f9a9 
Dealt to e34c1d07 
Dealt to 4853d7a 
Hero: folds
ef5f9a9: folds
e34c1d07: folds
4853d7a: raises $0.05 to $0.1
8ffb33c: calls $0.05
*** FLOP *** [4s Qd 9d]
4853d7a: checks
8ffb33c: checks
*** TURN *** [4s Qd 9d] [Ah]
4853d7a: bets $0.2
8ffb33c: folds
Uncalled bet ($0.2) returned to 4853d7a
*** SHOWDOWN ***
4853d7a collected $0.19 from pot
*** SUMMARY ***
Total pot $0.2 | Rake $0.01 | Jackpot $0 | Bingo $0 | Fortune $0
Board [4s Qd 9d Ah]
Seat 1: 8ffb33c (big blind) folded on the Turn
Seat 2: Hero folded before Flop (didn't bet)
Seat 3: ef5f9a9 folded before Flop (didn't bet)
Seat 5: e34c1d07 (button) folded before Flop (didn't bet)
Seat 6: 4853d7a (small blind) won ($0.19)


Poker Hand #HD1182808577: Hold'em No Limit  ($0.02/$0.05) - 2023/03/30 19:11:29
Table 'NLHBlue114' 6-max Seat #3 is the button
Seat 1: 8ffb33c ($5 in chips)
Seat 2: Hero ($8.89 in chips)
Seat 3: ef5f9a9 ($4.11 in chips)
Seat 5: e34c1d07 ($8.73 in chips)
Seat 6: 4853d7a ($4.04 in chips)
e34c1d07: posts small blind $0.02
4853d7a: posts big blind $0.05
*** HOLE CARDS ***
Dealt to 8ffb33c 
Dealt to Hero [6c Qc]
Dealt to ef5f9a9 
Dealt to e34c1d07 
Dealt to 4853d7a 
8ffb33c: folds
Hero: folds
ef5f9a9: folds
e34c1d07: folds
Uncalled bet ($0.03) returned to 4853d7a
*** SHOWDOWN ***
4853d7a collected $0.04 from pot
*** SUMMARY ***
Total pot $0.04 | Rake $0 | Jackpot $0 | Bingo $0 | Fortune $0
Seat 1: 8ffb33c folded before Flop (didn't bet)
Seat 2: Hero folded before Flop (didn't bet)
Seat 3: ef5f9a9 (button) folded before Flop (didn't bet)
Seat 5: e34c1d07 (small blind) folded before Flop
Seat 6: 4853d7a (big blind) collected ($0.04)


Poker Hand #HD1182808474: Hold'em No Limit  ($0.02/$0.05) - 2023/03/30 19:10:54
Table 'NLHBlue114' 6-max Seat #2 is the button
Seat 1: 8ffb33c ($5 in chips)
Seat 2: Hero ($8.89 in chips)
Seat 3: ef5f9a9 ($3.23 in chips)
Seat 5: e34c1d07 ($8.78 in chips)
Seat 6: 4853d7a ($4.04 in chips)
ef5f9a9: posts small blind $0.02
e34c1d07: posts big blind $0.05
*** HOLE CARDS ***
Dealt to 8ffb33c 
Dealt to Hero [4d Kd]
Dealt to ef5f9a9 
Dealt to e34c1d07 
Dealt to 4853d7a 
4853d7a: folds
8ffb33c: raises $0.08 to $0.13
Hero: folds
ef5f9a9: raises $0.24 to $0.37
e34c1d07: folds
8ffb33c: calls $0.24
*** FLOP *** [8s As 4h]
ef5f9a9: bets $0.6
8ffb33c: calls $0.6
*** TURN *** [8s As 4h] [6s]
ef5f9a9: bets $1.99
8ffb33c: folds
Uncalled bet ($1.99) returned to ef5f9a9
*** SHOWDOWN ***
ef5f9a9 collected $1.85 from pot
*** SUMMARY ***
Total pot $1.99 | Rake $0.09 | Jackpot $0.05 | Bingo $0 | Fortune $0
Board [8s As 4h 6s]
Seat 1: 8ffb33c folded on the Turn
Seat 2: Hero (button) folded before Flop (didn't bet)
Seat 3: ef5f9a9 (small blind) won ($1.85)
Seat 5: e34c1d07 (big blind) folded before Flop
Seat 6: 4853d7a folded before Flop (didn't bet)


Poker Hand #HD1182808444: Hold'em No Limit  ($0.02/$0.05) - 2023/03/30 19:10:42
Table 'NLHBlue114' 6-max Seat #1 is the button
Seat 1: 8ffb33c ($5 in chips)
Seat 2: Hero ($8.91 in chips)
Seat 3: ef5f9a9 ($3.21 in chips)
Seat 5: e34c1d07 ($8.78 in chips)
Seat 6: 4853d7a ($4.04 in chips)
Hero: posts small blind $0.02
ef5f9a9: posts big blind $0.05
*** HOLE CARDS ***
Dealt to 8ffb33c 
Dealt to Hero [Td 4s]
Dealt to ef5f9a9 
Dealt to e34c1d07 
Dealt to 4853d7a 
e34c1d07: folds
4853d7a: folds
8ffb33c: folds
Hero: folds
Uncalled bet ($0.03) returned to ef5f9a9
*** SHOWDOWN ***
ef5f9a9 collected $0.04 from pot
*** SUMMARY ***
Total pot $0.04 | Rake $0 | Jackpot $0 | Bingo $0 | Fortune $0
Seat 1: 8ffb33c (button) folded before Flop (didn't bet)
Seat 2: Hero (small blind) folded before Flop
Seat 3: ef5f9a9 (big blind) collected ($0.04)
Seat 5: e34c1d07 folded before Flop (didn't bet)
Seat 6: 4853d7a folded before Flop (didn't bet)


Poker Hand #HD1182808399: Hold'em No Limit  ($0.02/$0.05) - 2023/03/30 19:10:29
Table 'NLHBlue114' 6-max Seat #6 is the button
Seat 1: 8ffb33c ($5 in chips)
Seat 2: Hero ($8.89 in chips)
Seat 3: ef5f9a9 ($3.21 in chips)
Seat 5: e34c1d07 ($8.78 in chips)
Seat 6: 4853d7a ($4.04 in chips)
8ffb33c: posts small blind $0.02
Hero: posts big blind $0.05
*** HOLE CARDS ***
Dealt to 8ffb33c 
Dealt to Hero [Ad As]
Dealt to ef5f9a9 
Dealt to e34c1d07 
Dealt to 4853d7a 
ef5f9a9: folds
e34c1d07: folds
4853d7a: folds
8ffb33c: folds
Uncalled bet ($0.03) returned to Hero
*** SHOWDOWN ***
Hero collected $0.04 from pot
*** SUMMARY ***
Total pot $0.04 | Rake $0 | Jackpot $0 | Bingo $0 | Fortune $0
Seat 1: 8ffb33c (small blind) folded before Flop
Seat 2: Hero (big blind) collected ($0.04)
Seat 3: ef5f9a9 folded before Flop (didn't bet)
Seat 5: e34c1d07 folded before Flop (didn't bet)
Seat 6: 4853d7a (button) folded before Flop (didn't bet)


Poker Hand #HD1182808238: Hold'em No Limit  ($0.02/$0.05) - 2023/03/30 19:09:29
Table 'NLHBlue114' 6-max Seat #5 is the button
Seat 1: 8ffb33c ($5 in chips)
Seat 2: Hero ($8.89 in chips)
Seat 3: ef5f9a9 ($4 in chips)
Seat 5: e34c1d07 ($8.05 in chips)
Seat 6: 4853d7a ($4.06 in chips)
4853d7a: posts small blind $0.02
8ffb33c: posts big blind $0.05
*** HOLE CARDS ***
Dealt to 8ffb33c 
Dealt to Hero [6h 8c]
Dealt to ef5f9a9 
Dealt to e34c1d07 
Dealt to 4853d7a 
Hero: folds
ef5f9a9: raises $0.1 to $0.15
e34c1d07: raises $0.31 to $0.46
4853d7a: folds
8ffb33c: folds
ef5f9a9: calls $0.31
*** FLOP *** [4s Qd Ks]
ef5f9a9: bets $0.33
e34c1d07: calls $0.33
*** TURN *** [4s Qd Ks] [7c]
ef5f9a9: checks
e34c1d07: bets $0.98
ef5f9a9: folds
Uncalled bet ($0.98) returned to e34c1d07
*** SHOWDOWN ***
e34c1d07 collected $1.52 from pot
*** SUMMARY ***
Total pot $1.65 | Rake $0.08 | Jackpot $0.05 | Bingo $0 | Fortune $0
Board [4s Qd Ks 7c]
Seat 1: 8ffb33c (big blind) folded before Flop
Seat 2: Hero folded before Flop (didn't bet)
Seat 3: ef5f9a9 folded on the Turn
Seat 5: e34c1d07 (button) won ($1.52)
Seat 6: 4853d7a (small blind) folded before Flop


Poker Hand #HD1182808110: Hold'em No Limit  ($0.02/$0.05) - 2023/03/30 19:08:41
Table 'NLHBlue114' 6-max Seat #4 is the button
Seat 1: 8ffb33c ($5 in chips)
Seat 2: Hero ($7.87 in chips)
Seat 3: ef5f9a9 ($4 in chips)
Seat 4: eb7e17b8 ($7.18 in chips)
Seat 5: e34c1d07 ($8.07 in chips)
Seat 6: 4853d7a ($5.22 in chips)
e34c1d07: posts small blind $0.02
4853d7a: posts big blind $0.05
*** HOLE CARDS ***
Dealt to 8ffb33c 
Dealt to Hero [Js Ts]
Dealt to ef5f9a9 
Dealt to eb7e17b8 
Dealt to e34c1d07 
Dealt to 4853d7a 
8ffb33c: folds
Hero: raises $0.07 to $0.12
ef5f9a9: folds
eb7e17b8: folds
e34c1d07: folds
4853d7a: calls $0.07
*** FLOP *** [2d Kh Jh]
4853d7a: checks
Hero: checks
*** TURN *** [2d Kh Jh] [Jd]
4853d7a: bets $0.26
Hero: calls $0.26
*** RIVER *** [2d Kh Jh Jd] [2h]
4853d7a: bets $0.78
Hero: calls $0.78
4853d7a: shows [As 7d] (Pair of Jacks and Pair of Twos)
Hero: shows [Js Ts] (Jacks Full over Twos)
*** SHOWDOWN ***
Hero collected $2.18 from pot
*** SUMMARY ***
Total pot $2.34 | Rake $0.11 | Jackpot $0.05 | Bingo $0 | Fortune $0
Board [2d Kh Jh Jd 2h]
Seat 1: 8ffb33c folded before Flop (didn't bet)
Seat 2: Hero showed [Js Ts] and won ($2.18) with Jacks Full over Twos
Seat 3: ef5f9a9 folded before Flop (didn't bet)
Seat 4: eb7e17b8 (button) folded before Flop (didn't bet)
Seat 5: e34c1d07 (small blind) folded before Flop
Seat 6: 4853d7a (big blind) showed [As 7d] and lost with Pair of Jacks and Pair of Twos


Poker Hand #HD1182807943: Hold'em No Limit  ($0.02/$0.05) - 2023/03/30 19:07:42
Table 'NLHBlue114' 6-max Seat #3 is the button
Seat 1: 8ffb33c ($5 in chips)
Seat 2: Hero ($7.87 in chips)
Seat 3: ef5f9a9 ($4 in chips)
Seat 4: eb7e17b8 ($7.95 in chips)
Seat 5: e34c1d07 ($7.42 in chips)
Seat 6: 4853d7a ($5.22 in chips)
eb7e17b8: posts small blind $0.02
e34c1d07: posts big blind $0.05
*** HOLE CARDS ***
Dealt to 8ffb33c 
Dealt to Hero [5d 6c]
Dealt to ef5f9a9 
Dealt to eb7e17b8 
Dealt to e34c1d07 
Dealt to 4853d7a 
4853d7a: folds
8ffb33c: folds
Hero: folds
ef5f9a9: folds
eb7e17b8: raises $0.08 to $0.13
e34c1d07: raises $0.33 to $0.46
eb7e17b8: calls $0.33
*** FLOP *** [Ac 6h Ts]
eb7e17b8: checks
e34c1d07: bets $0.31
eb7e17b8: calls $0.31
*** TURN *** [Ac 6h Ts] [9d]
eb7e17b8: checks
e34c1d07: bets $1.54
eb7e17b8: folds
Uncalled bet ($1.54) returned to e34c1d07
*** SHOWDOWN ***
e34c1d07 collected $1.42 from pot
*** SUMMARY ***
Total pot $1.54 | Rake $0.07 | Jackpot $0.05 | Bingo $0 | Fortune $0
Board [Ac 6h Ts 9d]
Seat 1: 8ffb33c folded before Flop (didn't bet)
Seat 2: Hero folded before Flop (didn't bet)
Seat 3: ef5f9a9 (button) folded before Flop (didn't bet)
Seat 4: eb7e17b8 (small blind) folded on the Turn
Seat 5: e34c1d07 (big blind) won ($1.42)
Seat 6: 4853d7a folded before Flop (didn't bet)


Poker Hand #HD1182807828: Hold'em No Limit  ($0.02/$0.05) - 2023/03/30 19:07:04
Table 'NLHBlue114' 6-max Seat #2 is the button
Seat 1: 8ffb33c ($5 in chips)
Seat 2: Hero ($7.74 in chips)
Seat 3: ef5f9a9 ($4.02 in chips)
Seat 4: eb7e17b8 ($8.07 in chips)
Seat 5: e34c1d07 ($7.42 in chips)
Seat 6: 4853d7a ($5.22 in chips)
ef5f9a9: posts small blind $0.02
eb7e17b8: posts big blind $0.05
*** HOLE CARDS ***
Dealt to 8ffb33c 
Dealt to Hero [Jc Qd]
Dealt to ef5f9a9 
Dealt to eb7e17b8 
Dealt to e34c1d07 
Dealt to 4853d7a 
e34c1d07: folds
4853d7a: folds
8ffb33c: folds
Hero: raises $0.07 to $0.12
ef5f9a9: folds
eb7e17b8: calls $0.07
*** FLOP *** [Th 6d 7s]
eb7e17b8: checks
Hero: bets $0.13
eb7e17b8: folds
Uncalled bet ($0.13) returned to Hero
*** SHOWDOWN ***
Hero collected $0.25 from pot
*** SUMMARY ***
Total pot $0.26 | Rake $0.01 | Jackpot $0 | Bingo $0 | Fortune $0
Board [Th 6d 7s]
Seat 1: 8ffb33c folded before Flop (didn't bet)
Seat 2: Hero (button) won ($0.25)
Seat 3: ef5f9a9 (small blind) folded before Flop
Seat 4: eb7e17b8 (big blind) folded on the Flop
Seat 5: e34c1d07 folded before Flop (didn't bet)
Seat 6: 4853d7a folded before Flop (didn't bet)


Poker Hand #HD1182807779: Hold'em No Limit  ($0.02/$0.05) - 2023/03/30 19:06:44
Table 'NLHBlue114' 6-max Seat #1 is the button
Seat 1: 8ffb33c ($5 in chips)
Seat 2: Hero ($7.76 in chips)
Seat 3: ef5f9a9 ($4.07 in chips)
Seat 4: eb7e17b8 ($8.07 in chips)
Seat 5: e34c1d07 ($7.42 in chips)
Seat 6: 4853d7a ($5.15 in chips)
Hero: posts small blind $0.02
ef5f9a9: posts big blind $0.05
*** HOLE CARDS ***
Dealt to 8ffb33c 
Dealt to Hero [7h Qd]
Dealt to ef5f9a9 
Dealt to eb7e17b8 
Dealt to e34c1d07 
Dealt to 4853d7a 
eb7e17b8: folds
e34c1d07: folds
4853d7a: raises $0.1 to $0.15
8ffb33c: folds
Hero: folds
ef5f9a9: folds
Uncalled bet ($0.1) returned to 4853d7a
*** SHOWDOWN ***
4853d7a collected $0.12 from pot
*** SUMMARY ***
Total pot $0.12 | Rake $0 | Jackpot $0 | Bingo $0 | Fortune $0
Seat 1: 8ffb33c (button) folded before Flop (didn't bet)
Seat 2: Hero (small blind) folded before Flop
Seat 3: ef5f9a9 (big blind) folded before Flop
Seat 4: eb7e17b8 folded before Flop (didn't bet)
Seat 5: e34c1d07 folded before Flop (didn't bet)
Seat 6: 4853d7a collected ($0.12)


Poker Hand #HD1182807658: Hold'em No Limit  ($0.02/$0.05) - 2023/03/30 19:05:56
Table 'NLHBlue114' 6-max Seat #6 is the button
Seat 1: 8ffb33c ($5 in chips)
Seat 2: Hero ($7.81 in chips)
Seat 3: ef5f9a9 ($3.77 in chips)
Seat 4: eb7e17b8 ($8.07 in chips)
Seat 5: e34c1d07 ($7.42 in chips)
Seat 6: 4853d7a ($5.4 in chips)
8ffb33c: posts small blind $0.02
Hero: posts big blind $0.05
*** HOLE CARDS ***
Dealt to 8ffb33c 
Dealt to Hero [9d 5h]
Dealt to ef5f9a9 
Dealt to eb7e17b8 
Dealt to e34c1d07 
Dealt to 4853d7a 
ef5f9a9: raises $0.1 to $0.15
eb7e17b8: folds
e34c1d07: folds
4853d7a: raises $0.1 to $0.25
8ffb33c: folds
Hero: folds
ef5f9a9: calls $0.1
*** FLOP *** [Ts 5s Tc]
ef5f9a9: checks
4853d7a: checks
*** TURN *** [Ts 5s Tc] [5c]
ef5f9a9: bets $0.29
4853d7a: folds
Uncalled bet ($0.29) returned to ef5f9a9
*** SHOWDOWN ***
ef5f9a9 collected $0.55 from pot
*** SUMMARY ***
Total pot $0.57 | Rake $0.02 | Jackpot $0 | Bingo $0 | Fortune $0
Board [Ts 5s Tc 5c]
Seat 1: 8ffb33c (small blind) folded before Flop
Seat 2: Hero (big blind) folded before Flop
Seat 3: ef5f9a9 won ($0.55)
Seat 4: eb7e17b8 folded before Flop (didn't bet)
Seat 5: e34c1d07 folded before Flop (didn't bet)
Seat 6: 4853d7a (button) folded on the Turn


Poker Hand #HD1182807519: Hold'em No Limit  ($0.02/$0.05) - 2023/03/30 19:05:03
Table 'NLHBlue114' 6-max Seat #5 is the button
Seat 1: 8ffb33c ($5 in chips)
Seat 2: Hero ($7.81 in chips)
Seat 3: ef5f9a9 ($3.77 in chips)
Seat 4: eb7e17b8 ($8.07 in chips)
Seat 5: e34c1d07 ($6.69 in chips)
Seat 6: 4853d7a ($5.42 in chips)
4853d7a: posts small blind $0.02
8ffb33c: posts big blind $0.05
*** HOLE CARDS ***
Dealt to 8ffb33c 
Dealt to Hero [6c 8d]
Dealt to ef5f9a9 
Dealt to eb7e17b8 
Dealt to e34c1d07 
Dealt to 4853d7a 
Hero: folds
ef5f9a9: folds
eb7e17b8: folds
e34c1d07: raises $0.07 to $0.12
4853d7a: folds
8ffb33c: raises $0.38 to $0.5
e34c1d07: calls $0.38
*** FLOP *** [2d Jh Qc]
8ffb33c: checks
e34c1d07: bets $0.34
8ffb33c: calls $0.34
*** TURN *** [2d Jh Qc] [Qd]
8ffb33c: checks
e34c1d07: bets $1.28
8ffb33c: folds
Uncalled bet ($1.28) returned to e34c1d07
*** SHOWDOWN ***
e34c1d07 collected $1.57 from pot
*** SUMMARY ***
Total pot $1.7 | Rake $0.08 | Jackpot $0.05 | Bingo $0 | Fortune $0
Board [2d Jh Qc Qd]
Seat 1: 8ffb33c (big blind) folded on the Turn
Seat 2: Hero folded before Flop (didn't bet)
Seat 3: ef5f9a9 folded before Flop (didn't bet)
Seat 4: eb7e17b8 folded before Flop (didn't bet)
Seat 5: e34c1d07 (button) won ($1.57)
Seat 6: 4853d7a (small blind) folded before Flop


Poker Hand #HD1182807403: Hold'em No Limit  ($0.02/$0.05) - 2023/03/30 19:04:16
Table 'NLHBlue114' 6-max Seat #4 is the button
Seat 1: 8ffb33c ($5 in chips)
Seat 2: Hero ($7.93 in chips)
Seat 3: ef5f9a9 ($4.08 in chips)
Seat 4: eb7e17b8 ($8.07 in chips)
Seat 5: e34c1d07 ($6.71 in chips)
Seat 6: 4853d7a ($5 in chips)
e34c1d07: posts small blind $0.02
4853d7a: posts big blind $0.05
*** HOLE CARDS ***
Dealt to 8ffb33c 
Dealt to Hero [Tc Jc]
Dealt to ef5f9a9 
Dealt to eb7e17b8 
Dealt to e34c1d07 
Dealt to 4853d7a 
8ffb33c: folds
Hero: raises $0.07 to $0.12
ef5f9a9: calls $0.12
eb7e17b8: folds
e34c1d07: folds
4853d7a: calls $0.07
*** FLOP *** [6c 8d 8s]
4853d7a: bets $0.19
Hero: folds
ef5f9a9: calls $0.19
*** TURN *** [6c 8d 8s] [4d]
4853d7a: bets $0.57
ef5f9a9: folds
Uncalled bet ($0.57) returned to 4853d7a
*** SHOWDOWN ***
4853d7a collected $0.73 from pot
*** SUMMARY ***
Total pot $0.76 | Rake $0.03 | Jackpot $0 | Bingo $0 | Fortune $0
Board [6c 8d 8s 4d]
Seat 1: 8ffb33c folded before Flop (didn't bet)
Seat 2: Hero folded on the Flop
Seat 3: ef5f9a9 folded on the Turn
Seat 4: eb7e17b8 (button) folded before Flop (didn't bet)
Seat 5: e34c1d07 (small blind) folded before Flop
Seat 6: 4853d7a (big blind) won ($0.73)


Poker Hand #HD1182807231: Hold'em No Limit  ($0.02/$0.05) - 2023/03/30 19:03:12
Table 'NLHBlue114' 6-max Seat #3 is the button
Seat 1: 8ffb33c ($5 in chips)
Seat 2: Hero ($7.93 in chips)
Seat 3: ef5f9a9 ($4.95 in chips)
Seat 4: eb7e17b8 ($7.28 in chips)
Seat 5: e34c1d07 ($6.76 in chips)
eb7e17b8: posts small blind $0.02
e34c1d07: posts big blind $0.05
*** HOLE CARDS ***
Dealt to 8ffb33c 
Dealt to Hero [Tc 4d]
Dealt to ef5f9a9 
Dealt to eb7e17b8 
Dealt to e34c1d07 
8ffb33c: folds
Hero: folds
ef5f9a9: raises $0.1 to $0.15
eb7e17b8: calls $0.13
e34c1d07: folds
*** FLOP *** [6d 8c Ac]
eb7e17b8: checks
ef5f9a9: checks
*** TURN *** [6d 8c Ac] [3c]
eb7e17b8: checks
ef5f9a9: bets $0.18
eb7e17b8: calls $0.18
*** RIVER *** [6d 8c Ac 3c] [2d]
eb7e17b8: checks
ef5f9a9: bets $0.54
eb7e17b8: calls $0.54
ef5f9a9: shows [Kc 9s] (Ace-High)
eb7e17b8: shows [5h 5d] (Pair of Fives)
*** SHOWDOWN ***
eb7e17b8 collected $1.66 from pot
*** SUMMARY ***
Total pot $1.79 | Rake $0.08 | Jackpot $0.05 | Bingo $0 | Fortune $0
Board [6d 8c Ac 3c 2d]
Seat 1: 8ffb33c folded before Flop (didn't bet)
Seat 2: Hero folded before Flop (didn't bet)
Seat 3: ef5f9a9 (button) showed [Kc 9s] and lost with Ace-High
Seat 4: eb7e17b8 (small blind) showed [5h 5d] and won ($1.66) with Pair of Fives
Seat 5: e34c1d07 (big blind) folded before Flop


Poker Hand #HD1182807190: Hold'em No Limit  ($0.02/$0.05) - 2023/03/30 19:02:58
Table 'NLHBlue114' 6-max Seat #2 is the button
Seat 1: 8ffb33c ($5 in chips)
Seat 2: Hero ($7.86 in chips)
Seat 3: ef5f9a9 ($4.97 in chips)
Seat 4: eb7e17b8 ($7.33 in chips)
Seat 5: e34c1d07 ($6.76 in chips)
ef5f9a9: posts small blind $0.02
eb7e17b8: posts big blind $0.05
*** HOLE CARDS ***
Dealt to 8ffb33c 
Dealt to Hero [Tc 9c]
Dealt to ef5f9a9 
Dealt to eb7e17b8 
Dealt to e34c1d07 
e34c1d07: folds
8ffb33c: folds
Hero: raises $0.07 to $0.12
ef5f9a9: folds
eb7e17b8: folds
Uncalled bet ($0.07) returned to Hero
*** SHOWDOWN ***
Hero collected $0.12 from pot
*** SUMMARY ***
Total pot $0.12 | Rake $0 | Jackpot $0 | Bingo $0 | Fortune $0
Seat 1: 8ffb33c folded before Flop (didn't bet)
Seat 2: Hero (button) collected ($0.12)
Seat 3: ef5f9a9 (small blind) folded before Flop
Seat 4: eb7e17b8 (big blind) folded before Flop
Seat 5: e34c1d07 folded before Flop (didn't bet)


Poker Hand #HD1182807169: Hold'em No Limit  ($0.02/$0.05) - 2023/03/30 19:02:50
Table 'NLHBlue114' 6-max Seat #1 is the button
Seat 1: 8ffb33c ($5 in chips)
Seat 2: Hero ($7.88 in chips)
Seat 3: ef5f9a9 ($4.95 in chips)
Seat 4: eb7e17b8 ($7.33 in chips)
Seat 5: e34c1d07 ($6.76 in chips)
Hero: posts small blind $0.02
ef5f9a9: posts big blind $0.05
*** HOLE CARDS ***
Dealt to 8ffb33c 
Dealt to Hero [2h 3d]
Dealt to ef5f9a9 
Dealt to eb7e17b8 
Dealt to e34c1d07 
eb7e17b8: folds
e34c1d07: folds
8ffb33c: folds
Hero: folds
Uncalled bet ($0.03) returned to ef5f9a9
*** SHOWDOWN ***
ef5f9a9 collected $0.04 from pot
*** SUMMARY ***
Total pot $0.04 | Rake $0 | Jackpot $0 | Bingo $0 | Fortune $0
Seat 1: 8ffb33c (button) folded before Flop (didn't bet)
Seat 2: Hero (small blind) folded before Flop
Seat 3: ef5f9a9 (big blind) collected ($0.04)
Seat 4: eb7e17b8 folded before Flop (didn't bet)
Seat 5: e34c1d07 folded before Flop (didn't bet)


Poker Hand #HD1182806893: Hold'em No Limit  ($0.02/$0.05) - 2023/03/30 19:01:05
Table 'NLHBlue114' 6-max Seat #5 is the button
Seat 1: 8ffb33c ($5 in chips)
Seat 2: Hero ($7.93 in chips)
Seat 3: ef5f9a9 ($4.95 in chips)
Seat 4: eb7e17b8 ($7.33 in chips)
Seat 5: e34c1d07 ($6.07 in chips)
8ffb33c: posts small blind $0.02
Hero: posts big blind $0.05
*** HOLE CARDS ***
Dealt to 8ffb33c 
Dealt to Hero [9d 2s]
Dealt to ef5f9a9 
Dealt to eb7e17b8 
Dealt to e34c1d07 
ef5f9a9: folds
eb7e17b8: folds
e34c1d07: raises $0.07 to $0.12
8ffb33c: calls $0.1
Hero: folds
*** FLOP *** [Ac Ts 7d]
8ffb33c: checks
e34c1d07: bets $0.1
8ffb33c: calls $0.1
*** TURN *** [Ac Ts 7d] [6d]
8ffb33c: checks
e34c1d07: bets $0.49
8ffb33c: calls $0.49
*** RIVER *** [Ac Ts 7d 6d] [3s]
8ffb33c: checks
e34c1d07: bets $5.36 and is all-in
8ffb33c: folds
Uncalled bet ($5.36) returned to e34c1d07
*** SHOWDOWN ***
e34c1d07 collected $1.4 from pot
*** SUMMARY ***
Total pot $1.47 | Rake $0.07 | Jackpot $0 | Bingo $0 | Fortune $0
Board [Ac Ts 7d 6d 3s]
Seat 1: 8ffb33c (small blind) folded on the River
Seat 2: Hero (big blind) folded before Flop
Seat 3: ef5f9a9 folded before Flop (didn't bet)
Seat 4: eb7e17b8 folded before Flop (didn't bet)
Seat 5: e34c1d07 (button) won ($1.4)


Poker Hand #HD1182806778: Hold'em No Limit  ($0.02/$0.05) - 2023/03/30 19:00:25
Table 'NLHBlue114' 6-max Seat #4 is the button
Seat 1: 8ffb33c ($5.14 in chips)
Seat 2: Hero ($7.93 in chips)
Seat 3: ef5f9a9 ($5 in chips)
Seat 4: eb7e17b8 ($7.06 in chips)
Seat 5: e34c1d07 ($6.09 in chips)
e34c1d07: posts small blind $0.02
8ffb33c: posts big blind $0.05
ef5f9a9: posts big blind $0.05
*** HOLE CARDS ***
Dealt to 8ffb33c 
Dealt to Hero [5h 4c]
Dealt to ef5f9a9 
Dealt to eb7e17b8 
Dealt to e34c1d07 
Hero: folds
ef5f9a9: checks
eb7e17b8: raises $0.17 to $0.22
e34c1d07: folds
8ffb33c: calls $0.17
ef5f9a9: folds
*** FLOP *** [9c Qh Ah]
8ffb33c: checks
eb7e17b8: bets $0.17
8ffb33c: folds
Uncalled bet ($0.17) returned to eb7e17b8
*** SHOWDOWN ***
eb7e17b8 collected $0.49 from pot
*** SUMMARY ***
Total pot $0.51 | Rake $0.02 | Jackpot $0 | Bingo $0 | Fortune $0
Board [9c Qh Ah]
Seat 1: 8ffb33c (big blind) folded on the Flop
Seat 2: Hero folded before Flop (didn't bet)
Seat 3: ef5f9a9 folded before Flop
Seat 4: eb7e17b8 (button) won ($0.49)
Seat 5: e34c1d07 (small blind) folded before Flop


Poker Hand #HD1182806742: Hold'em No Limit  ($0.02/$0.05) - 2023/03/30 19:00:14
Table 'NLHBlue114' 6-max Seat #2 is the button
Seat 1: 8ffb33c ($5.14 in chips)
Seat 2: Hero ($7.93 in chips)
Seat 4: eb7e17b8 ($7.08 in chips)
Seat 5: e34c1d07 ($6.07 in chips)
eb7e17b8: posts small blind $0.02
e34c1d07: posts big blind $0.05
*** HOLE CARDS ***
Dealt to 8ffb33c 
Dealt to Hero [8s 9d]
Dealt to eb7e17b8 
Dealt to e34c1d07 
8ffb33c: folds
Hero: folds
eb7e17b8: folds
Uncalled bet ($0.03) returned to e34c1d07
*** SHOWDOWN ***
e34c1d07 collected $0.04 from pot
*** SUMMARY ***
Total pot $0.04 | Rake $0 | Jackpot $0 | Bingo $0 | Fortune $0
Seat 1: 8ffb33c folded before Flop (didn't bet)
Seat 2: Hero (button) folded before Flop (didn't bet)
Seat 4: eb7e17b8 (small blind) folded before Flop
Seat 5: e34c1d07 (big blind) collected ($0.04)


Poker Hand #HD1182806691: Hold'em No Limit  ($0.02/$0.05) - 2023/03/30 18:59:54
Table 'NLHBlue114' 6-max Seat #1 is the button
Seat 1: 8ffb33c ($5.07 in chips)
Seat 2: Hero ($7.95 in chips)
Seat 4: eb7e17b8 ($7.13 in chips)
Seat 5: e34c1d07 ($6.07 in chips)
Hero: posts small blind $0.02
eb7e17b8: posts big blind $0.05
*** HOLE CARDS ***
Dealt to 8ffb33c 
Dealt to Hero [9d As]
Dealt to eb7e17b8 
Dealt to e34c1d07 
e34c1d07: folds
8ffb33c: raises $0.08 to $0.13
Hero: folds
eb7e17b8: folds
Uncalled bet ($0.08) returned to 8ffb33c
*** SHOWDOWN ***
8ffb33c collected $0.12 from pot
*** SUMMARY ***
Total pot $0.12 | Rake $0 | Jackpot $0 | Bingo $0 | Fortune $0
Seat 1: 8ffb33c (button) collected ($0.12)
Seat 2: Hero (small blind) folded before Flop
Seat 4: eb7e17b8 (big blind) folded before Flop
Seat 5: e34c1d07 folded before Flop (didn't bet)


Poker Hand #HD1182806634: Hold'em No Limit  ($0.02/$0.05) - 2023/03/30 18:59:33
Table 'NLHBlue114' 6-max Seat #6 is the button
Seat 1: 8ffb33c ($5.09 in chips)
Seat 2: Hero ($7.93 in chips)
Seat 3: f927725 ($5.21 in chips)
Seat 4: eb7e17b8 ($7.13 in chips)
Seat 5: e34c1d07 ($6.07 in chips)
Seat 6: 7c7c57c4 ($4.93 in chips)
8ffb33c: posts small blind $0.02
Hero: posts big blind $0.05
*** HOLE CARDS ***
Dealt to 8ffb33c 
Dealt to Hero [Js 7s]
Dealt to f927725 
Dealt to eb7e17b8 
Dealt to e34c1d07 
Dealt to 7c7c57c4 
f927725: folds
eb7e17b8: folds
e34c1d07: folds
7c7c57c4: folds
8ffb33c: folds
Uncalled bet ($0.03) returned to Hero
*** SHOWDOWN ***
Hero collected $0.04 from pot
*** SUMMARY ***
Total pot $0.04 | Rake $0 | Jackpot $0 | Bingo $0 | Fortune $0
Seat 1: 8ffb33c (small blind) folded before Flop
Seat 2: Hero (big blind) collected ($0.04)
Seat 3: f927725 folded before Flop (didn't bet)
Seat 4: eb7e17b8 folded before Flop (didn't bet)
Seat 5: e34c1d07 folded before Flop (didn't bet)
Seat 6: 7c7c57c4 (button) folded before Flop (didn't bet)


Poker Hand #HD1182806604: Hold'em No Limit  ($0.02/$0.05) - 2023/03/30 18:59:22
Table 'NLHBlue114' 6-max Seat #5 is the button
Seat 1: 8ffb33c ($5.14 in chips)
Seat 2: Hero ($7.93 in chips)
Seat 3: f927725 ($5.21 in chips)
Seat 4: eb7e17b8 ($7.13 in chips)
Seat 5: e34c1d07 ($6 in chips)
Seat 6: 7c7c57c4 ($4.95 in chips)
7c7c57c4: posts small blind $0.02
8ffb33c: posts big blind $0.05
*** HOLE CARDS ***
Dealt to 8ffb33c 
Dealt to Hero [7d 5s]
Dealt to f927725 
Dealt to eb7e17b8 
Dealt to e34c1d07 
Dealt to 7c7c57c4 
Hero: folds
f927725: folds
eb7e17b8: folds
e34c1d07: raises $0.07 to $0.12
7c7c57c4: folds
8ffb33c: folds
Uncalled bet ($0.07) returned to e34c1d07
*** SHOWDOWN ***
e34c1d07 collected $0.12 from pot
*** SUMMARY ***
Total pot $0.12 | Rake $0 | Jackpot $0 | Bingo $0 | Fortune $0
Seat 1: 8ffb33c (big blind) folded before Flop
Seat 2: Hero folded before Flop (didn't bet)
Seat 3: f927725 folded before Flop (didn't bet)
Seat 4: eb7e17b8 folded before Flop (didn't bet)
Seat 5: e34c1d07 (button) collected ($0.12)
Seat 6: 7c7c57c4 (small blind) folded before Flop


Poker Hand #HD1182806551: Hold'em No Limit  ($0.02/$0.05) - 2023/03/30 18:59:02
Table 'NLHBlue114' 6-max Seat #4 is the button
Seat 1: 8ffb33c ($5.07 in chips)
Seat 2: Hero ($7.93 in chips)
Seat 3: f927725 ($5.21 in chips)
Seat 4: eb7e17b8 ($7.13 in chips)
Seat 5: e34c1d07 ($6.02 in chips)
Seat 6: 7c7c57c4 ($5 in chips)
e34c1d07: posts small blind $0.02
7c7c57c4: posts big blind $0.05
*** HOLE CARDS ***
Dealt to 8ffb33c 
Dealt to Hero [6c Ad]
Dealt to f927725 
Dealt to eb7e17b8 
Dealt to e34c1d07 
Dealt to 7c7c57c4 
8ffb33c: raises $0.08 to $0.13
Hero: folds
f927725: folds
eb7e17b8: folds
e34c1d07: folds
7c7c57c4: folds
Uncalled bet ($0.08) returned to 8ffb33c
*** SHOWDOWN ***
8ffb33c collected $0.12 from pot
*** SUMMARY ***
Total pot $0.12 | Rake $0 | Jackpot $0 | Bingo $0 | Fortune $0
Seat 1: 8ffb33c collected ($0.12)
Seat 2: Hero folded before Flop (didn't bet)
Seat 3: f927725 folded before Flop (didn't bet)
Seat 4: eb7e17b8 (button) folded before Flop (didn't bet)
Seat 5: e34c1d07 (small blind) folded before Flop
Seat 6: 7c7c57c4 (big blind) folded before Flop


Poker Hand #HD1182806424: Hold'em No Limit  ($0.02/$0.05) - 2023/03/30 18:58:14
Table 'NLHBlue114' 6-max Seat #3 is the button
Seat 1: 8ffb33c ($5.07 in chips)
Seat 2: Hero ($7.93 in chips)
Seat 3: f927725 ($5.65 in chips)
Seat 4: eb7e17b8 ($7.15 in chips)
Seat 5: e34c1d07 ($5.6 in chips)
eb7e17b8: posts small blind $0.02
e34c1d07: posts big blind $0.05
*** HOLE CARDS ***
Dealt to 8ffb33c 
Dealt to Hero [Jc 3s]
Dealt to f927725 
Dealt to eb7e17b8 
Dealt to e34c1d07 
8ffb33c: folds
Hero: folds
f927725: calls $0.05
eb7e17b8: folds
e34c1d07: raises $0.21 to $0.26
f927725: calls $0.21
*** FLOP *** [6h 8h 9h]
e34c1d07: bets $0.18
f927725: calls $0.18
*** TURN *** [6h 8h 9h] [Qc]
e34c1d07: checks
f927725: checks
*** RIVER *** [6h 8h 9h Qc] [4c]
e34c1d07: bets $0.68
f927725: folds
Uncalled bet ($0.68) returned to e34c1d07
*** SHOWDOWN ***
e34c1d07 collected $0.86 from pot
*** SUMMARY ***
Total pot $0.9 | Rake $0.04 | Jackpot $0 | Bingo $0 | Fortune $0
Board [6h 8h 9h Qc 4c]
Seat 1: 8ffb33c folded before Flop (didn't bet)
Seat 2: Hero folded before Flop (didn't bet)
Seat 3: f927725 (button) folded on the River
Seat 4: eb7e17b8 (small blind) folded before Flop
Seat 5: e34c1d07 (big blind) won ($0.86)


Poker Hand #HD1182806374: Hold'em No Limit  ($0.02/$0.05) - 2023/03/30 18:57:57
Table 'NLHBlue114' 6-max Seat #2 is the button
Seat 1: 8ffb33c ($5 in chips)
Seat 2: Hero ($7.93 in chips)
Seat 3: f927725 ($5.67 in chips)
Seat 4: eb7e17b8 ($7.2 in chips)
Seat 5: e34c1d07 ($5.6 in chips)
f927725: posts small blind $0.02
eb7e17b8: posts big blind $0.05
*** HOLE CARDS ***
Dealt to 8ffb33c 
Dealt to Hero [3s Tc]
Dealt to f927725 
Dealt to eb7e17b8 
Dealt to e34c1d07 
e34c1d07: folds
8ffb33c: raises $0.08 to $0.13
Hero: folds
f927725: folds
eb7e17b8: folds
Uncalled bet ($0.08) returned to 8ffb33c
*** SHOWDOWN ***
8ffb33c collected $0.12 from pot
*** SUMMARY ***
Total pot $0.12 | Rake $0 | Jackpot $0 | Bingo $0 | Fortune $0
Seat 1: 8ffb33c collected ($0.12)
Seat 2: Hero (button) folded before Flop (didn't bet)
Seat 3: f927725 (small blind) folded before Flop
Seat 4: eb7e17b8 (big blind) folded before Flop
Seat 5: e34c1d07 folded before Flop (didn't bet)


Poker Hand #HD1182806304: Hold'em No Limit  ($0.02/$0.05) - 2023/03/30 18:57:29
Table 'NLHBlue114' 6-max Seat #1 is the button
Seat 1: 8ffb33c ($5 in chips)
Seat 2: Hero ($7.95 in chips)
Seat 3: f927725 ($5.77 in chips)
Seat 4: eb7e17b8 ($6.99 in chips)
Seat 5: e34c1d07 ($5.6 in chips)
Hero: posts small blind $0.02
f927725: posts big blind $0.05
*** HOLE CARDS ***
Dealt to 8ffb33c 
Dealt to Hero [Js 2h]
Dealt to f927725 
Dealt to eb7e17b8 
Dealt to e34c1d07 
eb7e17b8: raises $0.05 to $0.1
e34c1d07: folds
8ffb33c: calls $0.1
Hero: folds
f927725: calls $0.05
*** FLOP *** [9s 6h 2s]
f927725: checks
eb7e17b8: bets $0.16
8ffb33c: folds
f927725: folds
Uncalled bet ($0.16) returned to eb7e17b8
*** SHOWDOWN ***
eb7e17b8 collected $0.31 from pot
*** SUMMARY ***
Total pot $0.32 | Rake $0.01 | Jackpot $0 | Bingo $0 | Fortune $0
Board [9s 6h 2s]
Seat 1: 8ffb33c (button) folded on the Flop
Seat 2: Hero (small blind) folded before Flop
Seat 3: f927725 (big blind) folded on the Flop
Seat 4: eb7e17b8 won ($0.31)
Seat 5: e34c1d07 folded before Flop (didn't bet)


Poker Hand #HD1182806269: Hold'em No Limit  ($0.02/$0.05) - 2023/03/30 18:57:19
Table 'NLHBlue114' 6-max Seat #5 is the button
Seat 1: 8ffb33c ($5.02 in chips)
Seat 2: Hero ($8 in chips)
Seat 3: f927725 ($5.7 in chips)
Seat 4: eb7e17b8 ($6.99 in chips)
Seat 5: e34c1d07 ($5.6 in chips)
8ffb33c: posts small blind $0.02
Hero: posts big blind $0.05
*** HOLE CARDS ***
Dealt to 8ffb33c 
Dealt to Hero [7s Td]
Dealt to f927725 
Dealt to eb7e17b8 
Dealt to e34c1d07 
f927725: raises $0.1 to $0.15
eb7e17b8: folds
e34c1d07: folds
8ffb33c: folds
Hero: folds
Uncalled bet ($0.1) returned to f927725
*** SHOWDOWN ***
f927725 collected $0.12 from pot
*** SUMMARY ***
Total pot $0.12 | Rake $0 | Jackpot $0 | Bingo $0 | Fortune $0
Seat 1: 8ffb33c (small blind) folded before Flop
Seat 2: Hero (big blind) folded before Flop
Seat 3: f927725 collected ($0.12)
Seat 4: eb7e17b8 folded before Flop (didn't bet)
Seat 5: e34c1d07 (button) folded before Flop (didn't bet)


Poker Hand #HD1182806239: Hold'em No Limit  ($0.02/$0.05) - 2023/03/30 18:57:03
Table 'NLHBlue114' 6-max Seat #4 is the button
Seat 1: 8ffb33c ($5.07 in chips)
Seat 2: Hero ($8 in chips)
Seat 3: f927725 ($5.7 in chips)
Seat 4: eb7e17b8 ($6.92 in chips)
Seat 5: e34c1d07 ($5.62 in chips)
e34c1d07: posts small blind $0.02
8ffb33c: posts big blind $0.05
*** HOLE CARDS ***
Dealt to 8ffb33c 
Dealt to Hero [Js 4d]
Dealt to f927725 
Dealt to eb7e17b8 
Dealt to e34c1d07 
Hero: folds
f927725: folds
eb7e17b8: raises $0.05 to $0.1
e34c1d07: folds
8ffb33c: folds
Uncalled bet ($0.05) returned to eb7e17b8
*** SHOWDOWN ***
eb7e17b8 collected $0.12 from pot
*** SUMMARY ***
Total pot $0.12 | Rake $0 | Jackpot $0 | Bingo $0 | Fortune $0
Seat 1: 8ffb33c (big blind) folded before Flop
Seat 2: Hero folded before Flop (didn't bet)
Seat 3: f927725 folded before Flop (didn't bet)
Seat 4: eb7e17b8 (button) collected ($0.12)
Seat 5: e34c1d07 (small blind) folded before Flop


Poker Hand #HD1182806156: Hold'em No Limit  ($0.02/$0.05) - 2023/03/30 18:56:34
Table 'NLHBlue114' 6-max Seat #3 is the button
Seat 1: 8ffb33c ($5.07 in chips)
Seat 2: Hero ($8 in chips)
Seat 3: f927725 ($5.85 in chips)
Seat 4: eb7e17b8 ($6.94 in chips)
Seat 5: e34c1d07 ($5.46 in chips)
Seat 6: 592f688e ($5.01 in chips)
eb7e17b8: posts small blind $0.02
e34c1d07: posts big blind $0.05
*** HOLE CARDS ***
Dealt to 8ffb33c 
Dealt to Hero [4s 3d]
Dealt to f927725 
Dealt to eb7e17b8 
Dealt to e34c1d07 
Dealt to 592f688e 
592f688e: folds
8ffb33c: folds
Hero: folds
f927725: raises $0.1 to $0.15
eb7e17b8: folds
e34c1d07: calls $0.1
*** FLOP *** [5s Jc 9h]
e34c1d07: checks
f927725: checks
*** TURN *** [5s Jc 9h] [3h]
e34c1d07: bets $0.32
f927725: folds
Uncalled bet ($0.32) returned to e34c1d07
*** SHOWDOWN ***
e34c1d07 collected $0.31 from pot
*** SUMMARY ***
Total pot $0.32 | Rake $0.01 | Jackpot $0 | Bingo $0 | Fortune $0
Board [5s Jc 9h 3h]
Seat 1: 8ffb33c folded before Flop (didn't bet)
Seat 2: Hero folded before Flop (didn't bet)
Seat 3: f927725 (button) folded on the Turn
Seat 4: eb7e17b8 (small blind) folded before Flop
Seat 5: e34c1d07 (big blind) won ($0.31)
Seat 6: 592f688e folded before Flop (didn't bet)


Poker Hand #HD1182806077: Hold'em No Limit  ($0.02/$0.05) - 2023/03/30 18:56:04
Table 'NLHBlue114' 6-max Seat #2 is the button
Seat 1: 8ffb33c ($5.07 in chips)
Seat 2: Hero ($8 in chips)
Seat 3: f927725 ($5.87 in chips)
Seat 4: eb7e17b8 ($7.09 in chips)
Seat 5: e34c1d07 ($5.3 in chips)
Seat 6: 592f688e ($5.01 in chips)
f927725: posts small blind $0.02
eb7e17b8: posts big blind $0.05
*** HOLE CARDS ***
Dealt to 8ffb33c 
Dealt to Hero [4c Ts]
Dealt to f927725 
Dealt to eb7e17b8 
Dealt to e34c1d07 
Dealt to 592f688e 
e34c1d07: raises $0.1 to $0.15
592f688e: folds
8ffb33c: folds
Hero: folds
f927725: folds
eb7e17b8: calls $0.1
*** FLOP *** [3s Tc Jd]
eb7e17b8: checks
e34c1d07: bets $0.11
eb7e17b8: folds
Uncalled bet ($0.11) returned to e34c1d07
*** SHOWDOWN ***
e34c1d07 collected $0.31 from pot
*** SUMMARY ***
Total pot $0.32 | Rake $0.01 | Jackpot $0 | Bingo $0 | Fortune $0
Board [3s Tc Jd]
Seat 1: 8ffb33c folded before Flop (didn't bet)
Seat 2: Hero (button) folded before Flop (didn't bet)
Seat 3: f927725 (small blind) folded before Flop
Seat 4: eb7e17b8 (big blind) folded on the Flop
Seat 5: e34c1d07 won ($0.31)
Seat 6: 592f688e folded before Flop (didn't bet)


Poker Hand #HD1182805991: Hold'em No Limit  ($0.02/$0.05) - 2023/03/30 18:55:30
Table 'NLHBlue114' 6-max Seat #1 is the button
Seat 1: 8ffb33c ($5.07 in chips)
Seat 2: Hero ($8.02 in chips)
Seat 3: f927725 ($5.85 in chips)
Seat 4: eb7e17b8 ($7.09 in chips)
Seat 5: e34c1d07 ($5.3 in chips)
Seat 6: 592f688e ($5.01 in chips)
Hero: posts small blind $0.02
f927725: posts big blind $0.05
*** HOLE CARDS ***
Dealt to 8ffb33c 
Dealt to Hero [2h Qs]
Dealt to f927725 
Dealt to eb7e17b8 
Dealt to e34c1d07 
Dealt to 592f688e 
eb7e17b8: folds
e34c1d07: folds
592f688e: folds
8ffb33c: folds
Hero: folds
Uncalled bet ($0.03) returned to f927725
*** SHOWDOWN ***
f927725 collected $0.04 from pot
*** SUMMARY ***
Total pot $0.04 | Rake $0 | Jackpot $0 | Bingo $0 | Fortune $0
Seat 1: 8ffb33c (button) folded before Flop (didn't bet)
Seat 2: Hero (small blind) folded before Flop
Seat 3: f927725 (big blind) collected ($0.04)
Seat 4: eb7e17b8 folded before Flop (didn't bet)
Seat 5: e34c1d07 folded before Flop (didn't bet)
Seat 6: 592f688e folded before Flop (didn't bet)


Poker Hand #HD1182805911: Hold'em No Limit  ($0.02/$0.05) - 2023/03/30 18:54:59
Table 'NLHBlue114' 6-max Seat #6 is the button
Seat 1: 8ffb33c ($5.02 in chips)
Seat 2: Hero ($8.07 in chips)
Seat 3: f927725 ($5.85 in chips)
Seat 4: eb7e17b8 ($7.09 in chips)
Seat 5: e34c1d07 ($5.3 in chips)
Seat 6: 592f688e ($5.01 in chips)
8ffb33c: posts small blind $0.02
Hero: posts big blind $0.05
*** HOLE CARDS ***
Dealt to 8ffb33c 
Dealt to Hero [2d 9h]
Dealt to f927725 
Dealt to eb7e17b8 
Dealt to e34c1d07 
Dealt to 592f688e 
f927725: folds
eb7e17b8: folds
e34c1d07: folds
592f688e: folds
8ffb33c: raises $0.08 to $0.13
Hero: folds
Uncalled bet ($0.08) returned to 8ffb33c
*** SHOWDOWN ***
8ffb33c collected $0.1 from pot
*** SUMMARY ***
Total pot $0.1 | Rake $0 | Jackpot $0 | Bingo $0 | Fortune $0
Seat 1: 8ffb33c (small blind) collected ($0.1)
Seat 2: Hero (big blind) folded before Flop
Seat 3: f927725 folded before Flop (didn't bet)
Seat 4: eb7e17b8 folded before Flop (didn't bet)
Seat 5: e34c1d07 folded before Flop (didn't bet)
Seat 6: 592f688e (button) folded before Flop (didn't bet)


Poker Hand #HD1182805858: Hold'em No Limit  ($0.02/$0.05) - 2023/03/30 18:54:40
Table 'NLHBlue114' 6-max Seat #5 is the button
Seat 1: 8ffb33c ($5 in chips)
Seat 2: Hero ($8.07 in chips)
Seat 3: f927725 ($5.85 in chips)
Seat 4: eb7e17b8 ($7.09 in chips)
Seat 5: e34c1d07 ($5.3 in chips)
Seat 6: 592f688e ($5.03 in chips)
592f688e: posts small blind $0.02
8ffb33c: posts big blind $0.05
*** HOLE CARDS ***
Dealt to 8ffb33c 
Dealt to Hero [Jc 3d]
Dealt to f927725 
Dealt to eb7e17b8 
Dealt to e34c1d07 
Dealt to 592f688e 
Hero: folds
f927725: folds
eb7e17b8: folds
e34c1d07: folds
592f688e: folds
Uncalled bet ($0.03) returned to 8ffb33c
*** SHOWDOWN ***
8ffb33c collected $0.04 from pot
*** SUMMARY ***
Total pot $0.04 | Rake $0 | Jackpot $0 | Bingo $0 | Fortune $0
Seat 1: 8ffb33c (big blind) collected ($0.04)
Seat 2: Hero folded before Flop (didn't bet)
Seat 3: f927725 folded before Flop (didn't bet)
Seat 4: eb7e17b8 folded before Flop (didn't bet)
Seat 5: e34c1d07 (button) folded before Flop (didn't bet)
Seat 6: 592f688e (small blind) folded before Flop


Poker Hand #HD1182805806: Hold'em No Limit  ($0.02/$0.05) - 2023/03/30 18:54:18
Table 'NLHBlue114' 6-max Seat #4 is the button
Seat 1: 8ffb33c ($5 in chips)
Seat 2: Hero ($8.07 in chips)
Seat 3: f927725 ($6 in chips)
Seat 4: eb7e17b8 ($7.09 in chips)
Seat 5: e34c1d07 ($5.11 in chips)
Seat 6: 592f688e ($5.08 in chips)
e34c1d07: posts small blind $0.02
592f688e: posts big blind $0.05
*** HOLE CARDS ***
Dealt to 8ffb33c 
Dealt to Hero [6d Qc]
Dealt to f927725 
Dealt to eb7e17b8 
Dealt to e34c1d07 
Dealt to 592f688e 
8ffb33c: folds
Hero: folds
f927725: raises $0.1 to $0.15
eb7e17b8: folds
e34c1d07: raises $0.35 to $0.5
592f688e: folds
f927725: folds
Uncalled bet ($0.35) returned to e34c1d07
*** SHOWDOWN ***
e34c1d07 collected $0.34 from pot
*** SUMMARY ***
Total pot $0.35 | Rake $0.01 | Jackpot $0 | Bingo $0 | Fortune $0
Seat 1: 8ffb33c folded before Flop (didn't bet)
Seat 2: Hero folded before Flop (didn't bet)
Seat 3: f927725 folded before Flop
Seat 4: eb7e17b8 (button) folded before Flop (didn't bet)
Seat 5: e34c1d07 (small blind) collected ($0.34)
Seat 6: 592f688e (big blind) folded before Flop


Poker Hand #HD1182805751: Hold'em No Limit  ($0.02/$0.05) - 2023/03/30 18:53:55
Table 'NLHBlue114' 6-max Seat #3 is the button
Seat 1: 8ffb33c ($5 in chips)
Seat 2: Hero ($8.07 in chips)
Seat 3: f927725 ($6 in chips)
Seat 4: eb7e17b8 ($7.11 in chips)
Seat 5: e34c1d07 ($5.16 in chips)
Seat 6: 592f688e ($5.01 in chips)
eb7e17b8: posts small blind $0.02
e34c1d07: posts big blind $0.05
*** HOLE CARDS ***
Dealt to 8ffb33c 
Dealt to Hero [5d 2s]
Dealt to f927725 
Dealt to eb7e17b8 
Dealt to e34c1d07 
Dealt to 592f688e 
592f688e: raises $0.05 to $0.1
8ffb33c: folds
Hero: folds
f927725: folds
eb7e17b8: folds
e34c1d07: folds
Uncalled bet ($0.05) returned to 592f688e
*** SHOWDOWN ***
592f688e collected $0.12 from pot
*** SUMMARY ***
Total pot $0.12 | Rake $0 | Jackpot $0 | Bingo $0 | Fortune $0
Seat 1: 8ffb33c folded before Flop (didn't bet)
Seat 2: Hero folded before Flop (didn't bet)
Seat 3: f927725 (button) folded before Flop (didn't bet)
Seat 4: eb7e17b8 (small blind) folded before Flop
Seat 5: e34c1d07 (big blind) folded before Flop
Seat 6: 592f688e collected ($0.12)


Poker Hand #HD1182805683: Hold'em No Limit  ($0.02/$0.05) - 2023/03/30 18:53:36
Table 'NLHBlue114' 6-max Seat #2 is the button
Seat 1: 8ffb33c ($5 in chips)
Seat 2: Hero ($8 in chips)
Seat 3: f927725 ($6.02 in chips)
Seat 4: eb7e17b8 ($7.16 in chips)
Seat 5: e34c1d07 ($5.16 in chips)
Seat 6: 592f688e ($5.01 in chips)
f927725: posts small blind $0.02
eb7e17b8: posts big blind $0.05
*** HOLE CARDS ***
Dealt to 8ffb33c 
Dealt to Hero [Td 7d]
Dealt to f927725 
Dealt to eb7e17b8 
Dealt to e34c1d07 
Dealt to 592f688e 
e34c1d07: folds
592f688e: folds
8ffb33c: folds
Hero: raises $0.07 to $0.12
f927725: folds
eb7e17b8: folds
Uncalled bet ($0.07) returned to Hero
*** SHOWDOWN ***
Hero collected $0.12 from pot
*** SUMMARY ***
Total pot $0.12 | Rake $0 | Jackpot $0 | Bingo $0 | Fortune $0
Seat 1: 8ffb33c folded before Flop (didn't bet)
Seat 2: Hero (button) collected ($0.12)
Seat 3: f927725 (small blind) folded before Flop
Seat 4: eb7e17b8 (big blind) folded before Flop
Seat 5: e34c1d07 folded before Flop (didn't bet)
Seat 6: 592f688e folded before Flop (didn't bet)


Poker Hand #HD1182805653: Hold'em No Limit  ($0.02/$0.05) - 2023/03/30 18:53:23
Table 'NLHBlue114' 6-max Seat #1 is the button
Seat 1: 8ffb33c ($5 in chips)
Seat 2: Hero ($7.95 in chips)
Seat 3: f927725 ($6.07 in chips)
Seat 4: eb7e17b8 ($7.16 in chips)
Seat 5: e34c1d07 ($5.16 in chips)
Seat 6: 592f688e ($5.01 in chips)
Hero: posts small blind $0.02
f927725: posts big blind $0.05
*** HOLE CARDS ***
Dealt to 8ffb33c 
Dealt to Hero [Th Js]
Dealt to f927725 
Dealt to eb7e17b8 
Dealt to e34c1d07 
Dealt to 592f688e 
eb7e17b8: folds
e34c1d07: folds
592f688e: folds
8ffb33c: folds
Hero: raises $0.09 to $0.14
f927725: folds
Uncalled bet ($0.09) returned to Hero
*** SHOWDOWN ***
Hero collected $0.1 from pot
*** SUMMARY ***
Total pot $0.1 | Rake $0 | Jackpot $0 | Bingo $0 | Fortune $0
Seat 1: 8ffb33c (button) folded before Flop (didn't bet)
Seat 2: Hero (small blind) collected ($0.1)
Seat 3: f927725 (big blind) folded before Flop
Seat 4: eb7e17b8 folded before Flop (didn't bet)
Seat 5: e34c1d07 folded before Flop (didn't bet)
Seat 6: 592f688e folded before Flop (didn't bet)


Poker Hand #HD1182745487: Hold'em No Limit  ($0.02/$0.05) - 2023/03/30 18:52:24
Table 'NLHBlue114' 6-max Seat #6 is the button
Seat 1: 8ffb33c ($5 in chips)
Seat 2: Hero ($8 in chips)
Seat 3: f927725 ($5.07 in chips)
Seat 4: eb7e17b8 ($8.24 in chips)
Seat 5: e34c1d07 ($5.16 in chips)
Seat 6: 592f688e ($5.01 in chips)
8ffb33c: posts small blind $0.02
Hero: posts big blind $0.05
*** HOLE CARDS ***
Dealt to 8ffb33c 
Dealt to Hero [6h 9c]
Dealt to f927725 
Dealt to eb7e17b8 
Dealt to e34c1d07 
Dealt to 592f688e 
f927725: raises $0.1 to $0.15
eb7e17b8: raises $0.37 to $0.52
e34c1d07: folds
592f688e: folds
8ffb33c: folds
Hero: folds
f927725: calls $0.37
*** FLOP *** [4h 5s 3s]
f927725: checks
eb7e17b8: bets $0.56
f927725: calls $0.56
*** TURN *** [4h 5s 3s] [3c]
f927725: checks
eb7e17b8: checks
*** RIVER *** [4h 5s 3s 3c] [4d]
f927725: checks
eb7e17b8: checks
f927725: shows [Ad Kc] (Pair of Fours and Pair of Treys)
eb7e17b8: shows [Jc Kd] (Pair of Fours and Pair of Treys)
*** SHOWDOWN ***
f927725 collected $2.08 from pot
*** SUMMARY ***
Total pot $2.23 | Rake $0.1 | Jackpot $0.05 | Bingo $0 | Fortune $0
Board [4h 5s 3s 3c 4d]
Seat 1: 8ffb33c (small blind) folded before Flop
Seat 2: Hero (big blind) folded before Flop
Seat 3: f927725 showed [Ad Kc] and won ($2.08) with Pair of Fours and Pair of Treys
Seat 4: eb7e17b8 showed [Jc Kd] and lost with Pair of Fours and Pair of Treys
Seat 5: e34c1d07 folded before Flop (didn't bet)
Seat 6: 592f688e (button) folded before Flop (didn't bet)


Poker Hand #HD1182745424: Hold'em No Limit  ($0.02/$0.05) - 2023/03/30 18:51:58
Table 'NLHBlue114' 6-max Seat #5 is the button
Seat 1: 8ffb33c ($5 in chips)
Seat 2: Hero ($8 in chips)
Seat 3: f927725 ($5.07 in chips)
Seat 4: eb7e17b8 ($8.34 in chips)
Seat 5: e34c1d07 ($5 in chips)
Seat 6: 592f688e ($5.03 in chips)
592f688e: posts small blind $0.02
8ffb33c: posts big blind $0.05
*** HOLE CARDS ***
Dealt to 8ffb33c 
Dealt to Hero [4c Th]
Dealt to f927725 
Dealt to eb7e17b8 
Dealt to e34c1d07 
Dealt to 592f688e 
Hero: folds
f927725: folds
eb7e17b8: raises $0.05 to $0.1
e34c1d07: raises $0.36 to $0.46
592f688e: folds
8ffb33c: folds
eb7e17b8: folds
Uncalled bet ($0.36) returned to e34c1d07
*** SHOWDOWN ***
e34c1d07 collected $0.26 from pot
*** SUMMARY ***
Total pot $0.27 | Rake $0.01 | Jackpot $0 | Bingo $0 | Fortune $0
Seat 1: 8ffb33c (big blind) folded before Flop
Seat 2: Hero folded before Flop (didn't bet)
Seat 3: f927725 folded before Flop (didn't bet)
Seat 4: eb7e17b8 folded before Flop
Seat 5: e34c1d07 (button) collected ($0.26)
Seat 6: 592f688e (small blind) folded before Flop


Poker Hand #HD1182745375: Hold'em No Limit  ($0.02/$0.05) - 2023/03/30 18:51:39
Table 'NLHBlue114' 6-max Seat #4 is the button
Seat 2: Hero ($8 in chips)
Seat 3: f927725 ($5 in chips)
Seat 4: eb7e17b8 ($8.34 in chips)
Seat 5: e34c1d07 ($5.02 in chips)
Seat 6: 592f688e ($5.08 in chips)
e34c1d07: posts small blind $0.02
592f688e: posts big blind $0.05
f927725: posts big blind $0.05
*** HOLE CARDS ***
Dealt to Hero [5s Ts]
Dealt to f927725 
Dealt to eb7e17b8 
Dealt to e34c1d07 
Dealt to 592f688e 
Hero: folds
f927725: raises $0.1 to $0.15
eb7e17b8: folds
e34c1d07: folds
592f688e: folds
Uncalled bet ($0.1) returned to f927725
*** SHOWDOWN ***
f927725 collected $0.12 from pot
*** SUMMARY ***
Total pot $0.12 | Rake $0 | Jackpot $0 | Bingo $0 | Fortune $0
Seat 2: Hero folded before Flop (didn't bet)
Seat 3: f927725 collected ($0.12)
Seat 4: eb7e17b8 (button) folded before Flop (didn't bet)
Seat 5: e34c1d07 (small blind) folded before Flop
Seat 6: 592f688e (big blind) folded before Flop


Poker Hand #HD1182745347: Hold'em No Limit  ($0.02/$0.05) - 2023/03/30 18:51:27
Table 'NLHBlue114' 6-max Seat #2 is the button
Seat 2: Hero ($8 in chips)
Seat 4: eb7e17b8 ($8.36 in chips)
Seat 5: e34c1d07 ($5.07 in chips)
Seat 6: 592f688e ($5.01 in chips)
eb7e17b8: posts small blind $0.02
e34c1d07: posts big blind $0.05
*** HOLE CARDS ***
Dealt to Hero [7d Ks]
Dealt to eb7e17b8 
Dealt to e34c1d07 
Dealt to 592f688e 
592f688e: raises $0.1 to $0.15
Hero: folds
eb7e17b8: folds
e34c1d07: folds
Uncalled bet ($0.1) returned to 592f688e
*** SHOWDOWN ***
592f688e collected $0.12 from pot
*** SUMMARY ***
Total pot $0.12 | Rake $0 | Jackpot $0 | Bingo $0 | Fortune $0
Seat 2: Hero (button) folded before Flop (didn't bet)
Seat 4: eb7e17b8 (small blind) folded before Flop
Seat 5: e34c1d07 (big blind) folded before Flop
Seat 6: 592f688e collected ($0.12)


Poker Hand #HD1182745292: Hold'em No Limit  ($0.02/$0.05) - 2023/03/30 18:51:10
Table 'NLHBlue114' 6-max Seat #6 is the button
Seat 2: Hero ($8.02 in chips)
Seat 4: eb7e17b8 ($8.41 in chips)
Seat 5: e34c1d07 ($5 in chips)
Seat 6: 592f688e ($5.01 in chips)
Hero: posts small blind $0.02
eb7e17b8: posts big blind $0.05
*** HOLE CARDS ***
Dealt to Hero [7s 9c]
Dealt to eb7e17b8 
Dealt to e34c1d07 
Dealt to 592f688e 
e34c1d07: raises $0.1 to $0.15
592f688e: folds
Hero: folds
eb7e17b8: folds
Uncalled bet ($0.1) returned to e34c1d07
*** SHOWDOWN ***
e34c1d07 collected $0.12 from pot
*** SUMMARY ***
Total pot $0.12 | Rake $0 | Jackpot $0 | Bingo $0 | Fortune $0
Seat 2: Hero (small blind) folded before Flop
Seat 4: eb7e17b8 (big blind) folded before Flop
Seat 5: e34c1d07 collected ($0.12)
Seat 6: 592f688e (button) folded before Flop (didn't bet)


Poker Hand #HD1182745262: Hold'em No Limit  ($0.02/$0.05) - 2023/03/30 18:50:58
Table 'NLHBlue114' 6-max Seat #5 is the button
Seat 2: Hero ($8 in chips)
Seat 4: eb7e17b8 ($8.41 in chips)
Seat 5: e34c1d07 ($5 in chips)
Seat 6: 592f688e ($5.03 in chips)
592f688e: posts small blind $0.02
Hero: posts big blind $0.05
*** HOLE CARDS ***
Dealt to Hero [8d 5s]
Dealt to eb7e17b8 
Dealt to e34c1d07 
Dealt to 592f688e 
eb7e17b8: folds
e34c1d07: folds
592f688e: folds
Uncalled bet ($0.03) returned to Hero
*** SHOWDOWN ***
Hero collected $0.04 from pot
*** SUMMARY ***
Total pot $0.04 | Rake $0 | Jackpot $0 | Bingo $0 | Fortune $0
Seat 2: Hero (big blind) collected ($0.04)
Seat 4: eb7e17b8 folded before Flop (didn't bet)
Seat 5: e34c1d07 (button) folded before Flop (didn't bet)
Seat 6: 592f688e (small blind) folded before Flop


Poker Hand #HD1182745222: Hold'em No Limit  ($0.02/$0.05) - 2023/03/30 18:50:44
Table 'NLHBlue114' 6-max Seat #4 is the button
Seat 2: Hero ($8 in chips)
Seat 4: eb7e17b8 ($8.41 in chips)
Seat 5: e34c1d07 ($5.02 in chips)
Seat 6: 592f688e ($5.01 in chips)
e34c1d07: posts small blind $0.02
592f688e: posts big blind $0.05
*** HOLE CARDS ***
Dealt to Hero [Jh Ts]
Dealt to eb7e17b8 
Dealt to e34c1d07 
Dealt to 592f688e 
Hero: folds
eb7e17b8: folds
e34c1d07: folds
Uncalled bet ($0.03) returned to 592f688e
*** SHOWDOWN ***
592f688e collected $0.04 from pot
*** SUMMARY ***
Total pot $0.04 | Rake $0 | Jackpot $0 | Bingo $0 | Fortune $0
Seat 2: Hero folded before Flop (didn't bet)
Seat 4: eb7e17b8 (button) folded before Flop (didn't bet)
Seat 5: e34c1d07 (small blind) folded before Flop
Seat 6: 592f688e (big blind) collected ($0.04)


Poker Hand #HD1182745196: Hold'em No Limit  ($0.02/$0.05) - 2023/03/30 18:50:33
Table 'NLHBlue114' 6-max Seat #2 is the button
Seat 2: Hero ($8 in chips)
Seat 4: eb7e17b8 ($8.43 in chips)
Seat 5: e34c1d07 ($5 in chips)
Seat 6: 592f688e ($5.01 in chips)
eb7e17b8: posts small blind $0.02
e34c1d07: posts big blind $0.05
*** HOLE CARDS ***
Dealt to Hero [Qs 6c]
Dealt to eb7e17b8 
Dealt to e34c1d07 
Dealt to 592f688e 
592f688e: folds
Hero: folds
eb7e17b8: folds
Uncalled bet ($0.03) returned to e34c1d07
*** SHOWDOWN ***
e34c1d07 collected $0.04 from pot
*** SUMMARY ***
Total pot $0.04 | Rake $0 | Jackpot $0 | Bingo $0 | Fortune $0
Seat 2: Hero (button) folded before Flop (didn't bet)
Seat 4: eb7e17b8 (small blind) folded before Flop
Seat 5: e34c1d07 (big blind) collected ($0.04)
Seat 6: 592f688e folded before Flop (didn't bet)


Poker Hand #HD1182745141: Hold'em No Limit  ($0.02/$0.05) - 2023/03/30 18:50:18
Table 'NLHBlue114' 6-max Seat #6 is the button
Seat 2: Hero ($8.02 in chips)
Seat 4: eb7e17b8 ($8.27 in chips)
Seat 5: e34c1d07 ($5 in chips)
Seat 6: 592f688e ($5.16 in chips)
Hero: posts small blind $0.02
eb7e17b8: posts big blind $0.05
*** HOLE CARDS ***
Dealt to Hero [6s 2d]
Dealt to eb7e17b8 
Dealt to e34c1d07 
Dealt to 592f688e 
e34c1d07: folds
592f688e: raises $0.1 to $0.15
Hero: folds
eb7e17b8: raises $0.37 to $0.52
592f688e: folds
Uncalled bet ($0.37) returned to eb7e17b8
*** SHOWDOWN ***
eb7e17b8 collected $0.31 from pot
*** SUMMARY ***
Total pot $0.32 | Rake $0.01 | Jackpot $0 | Bingo $0 | Fortune $0
Seat 2: Hero (small blind) folded before Flop
Seat 4: eb7e17b8 (big blind) collected ($0.31)
Seat 5: e34c1d07 folded before Flop (didn't bet)
Seat 6: 592f688e (button) folded before Flop


Poker Hand #HD1182745114: Hold'em No Limit  ($0.02/$0.05) - 2023/03/30 18:50:06
Table 'NLHBlue114' 6-max Seat #5 is the button
Seat 2: Hero ($8.07 in chips)
Seat 4: eb7e17b8 ($8.27 in chips)
Seat 5: e34c1d07 ($5 in chips)
Seat 6: 592f688e ($5.11 in chips)
592f688e: posts small blind $0.02
Hero: posts big blind $0.05
*** HOLE CARDS ***
Dealt to Hero [9c 7c]
Dealt to eb7e17b8 
Dealt to e34c1d07 
Dealt to 592f688e 
eb7e17b8: folds
e34c1d07: folds
592f688e: raises $0.05 to $0.1
Hero: folds
Uncalled bet ($0.05) returned to 592f688e
*** SHOWDOWN ***
592f688e collected $0.1 from pot
*** SUMMARY ***
Total pot $0.1 | Rake $0 | Jackpot $0 | Bingo $0 | Fortune $0
Seat 2: Hero (big blind) folded before Flop
Seat 4: eb7e17b8 folded before Flop (didn't bet)
Seat 5: e34c1d07 (button) folded before Flop (didn't bet)
Seat 6: 592f688e (small blind) collected ($0.1)


Poker Hand #HD1182744956: Hold'em No Limit  ($0.02/$0.05) - 2023/03/30 18:49:15
Table 'NLHBlue114' 6-max Seat #4 is the button
Seat 2: Hero ($8.07 in chips)
Seat 3: c0ee335 ($14.11 in chips)
Seat 4: eb7e17b8 ($8.37 in chips)
Seat 5: e34c1d07 ($5 in chips)
Seat 6: 592f688e ($5 in chips)
e34c1d07: posts small blind $0.02
592f688e: posts big blind $0.05
*** HOLE CARDS ***
Dealt to Hero [4c Jc]
Dealt to c0ee335 
Dealt to eb7e17b8 
Dealt to e34c1d07 
Dealt to 592f688e 
Hero: folds
c0ee335: folds
eb7e17b8: raises $0.05 to $0.1
e34c1d07: folds
592f688e: calls $0.05
*** FLOP *** [9s Js 8c]
592f688e: checks
eb7e17b8: checks
*** TURN *** [9s Js 8c] [7d]
592f688e: checks
eb7e17b8: checks
*** RIVER *** [9s Js 8c 7d] [Td]
592f688e: bets $0.11
eb7e17b8: folds
Uncalled bet ($0.11) returned to 592f688e
*** SHOWDOWN ***
592f688e collected $0.21 from pot
*** SUMMARY ***
Total pot $0.22 | Rake $0.01 | Jackpot $0 | Bingo $0 | Fortune $0
Board [9s Js 8c 7d Td]
Seat 2: Hero folded before Flop (didn't bet)
Seat 3: c0ee335 folded before Flop (didn't bet)
Seat 4: eb7e17b8 (button) folded on the River
Seat 5: e34c1d07 (small blind) folded before Flop
Seat 6: 592f688e (big blind) won ($0.21)


Poker Hand #HD1182744931: Hold'em No Limit  ($0.02/$0.05) - 2023/03/30 18:49:05
Table 'NLHBlue114' 6-max Seat #3 is the button
Seat 2: Hero ($8.07 in chips)
Seat 3: c0ee335 ($14.04 in chips)
Seat 4: eb7e17b8 ($8.39 in chips)
Seat 5: e34c1d07 ($5 in chips)
eb7e17b8: posts small blind $0.02
e34c1d07: posts big blind $0.05
*** HOLE CARDS ***
Dealt to Hero [Jc 7d]
Dealt to c0ee335 
Dealt to eb7e17b8 
Dealt to e34c1d07 
Hero: folds
c0ee335: raises $0.05 to $0.1
eb7e17b8: folds
e34c1d07: folds
Uncalled bet ($0.05) returned to c0ee335
*** SHOWDOWN ***
c0ee335 collected $0.12 from pot
*** SUMMARY ***
Total pot $0.12 | Rake $0 | Jackpot $0 | Bingo $0 | Fortune $0
Seat 2: Hero folded before Flop (didn't bet)
Seat 3: c0ee335 (button) collected ($0.12)
Seat 4: eb7e17b8 (small blind) folded before Flop
Seat 5: e34c1d07 (big blind) folded before Flop


Poker Hand #HD1182744779: Hold'em No Limit  ($0.02/$0.05) - 2023/03/30 18:48:17
Table 'NLHBlue114' 6-max Seat #2 is the button
Seat 2: Hero ($8.19 in chips)
Seat 3: c0ee335 ($14.06 in chips)
Seat 4: eb7e17b8 ($8.26 in chips)
Seat 5: e34c1d07 ($5 in chips)
c0ee335: posts small blind $0.02
eb7e17b8: posts big blind $0.05
*** HOLE CARDS ***
Dealt to Hero [8s Ac]
Dealt to c0ee335 
Dealt to eb7e17b8 
Dealt to e34c1d07 
e34c1d07: folds
Hero: raises $0.07 to $0.12
c0ee335: folds
eb7e17b8: calls $0.07
*** FLOP *** [Jd 3h Js]
eb7e17b8: checks
Hero: checks
*** TURN *** [Jd 3h Js] [Tc]
eb7e17b8: checks
Hero: checks
*** RIVER *** [Jd 3h Js Tc] [Qc]
eb7e17b8: bets $0.41
Hero: folds
Uncalled bet ($0.41) returned to eb7e17b8
*** SHOWDOWN ***
eb7e17b8 collected $0.25 from pot
*** SUMMARY ***
Total pot $0.26 | Rake $0.01 | Jackpot $0 | Bingo $0 | Fortune $0
Board [Jd 3h Js Tc Qc]
Seat 2: Hero (button) folded on the River
Seat 3: c0ee335 (small blind) folded before Flop
Seat 4: eb7e17b8 (big blind) won ($0.25)
Seat 5: e34c1d07 folded before Flop (didn't bet)


Poker Hand #HD1182744734: Hold'em No Limit  ($0.02/$0.05) - 2023/03/30 18:48:03
Table 'NLHBlue114' 6-max Seat #5 is the button
Seat 2: Hero ($8.21 in chips)
Seat 3: c0ee335 ($14.04 in chips)
Seat 4: eb7e17b8 ($8.26 in chips)
Seat 5: e34c1d07 ($5 in chips)
Hero: posts small blind $0.02
c0ee335: posts big blind $0.05
*** HOLE CARDS ***
Dealt to Hero [4h 8c]
Dealt to c0ee335 
Dealt to eb7e17b8 
Dealt to e34c1d07 
eb7e17b8: folds
e34c1d07: folds
Hero: folds
Uncalled bet ($0.03) returned to c0ee335
*** SHOWDOWN ***
c0ee335 collected $0.04 from pot
*** SUMMARY ***
Total pot $0.04 | Rake $0 | Jackpot $0 | Bingo $0 | Fortune $0
Seat 2: Hero (small blind) folded before Flop
Seat 3: c0ee335 (big blind) collected ($0.04)
Seat 4: eb7e17b8 folded before Flop (didn't bet)
Seat 5: e34c1d07 (button) folded before Flop (didn't bet)


Poker Hand #HD1182744581: Hold'em No Limit  ($0.02/$0.05) - 2023/03/30 18:47:08
Table 'NLHBlue114' 6-max Seat #4 is the button
Seat 2: Hero ($8.55 in chips)
Seat 3: c0ee335 ($14.38 in chips)
Seat 4: eb7e17b8 ($7.56 in chips)
Seat 5: e34c1d07 ($5.02 in chips)
Seat 6: 223fb3c2 ($6.7 in chips)
e34c1d07: posts small blind $0.02
223fb3c2: posts big blind $0.05
*** HOLE CARDS ***
Dealt to Hero [Ac Td]
Dealt to c0ee335 
Dealt to eb7e17b8 
Dealt to e34c1d07 
Dealt to 223fb3c2 
Hero: raises $0.07 to $0.12
c0ee335: calls $0.12
eb7e17b8: calls $0.12
e34c1d07: folds
223fb3c2: folds
*** FLOP *** [2c 4s Kc]
Hero: bets $0.22
c0ee335: calls $0.22
eb7e17b8: calls $0.22
*** TURN *** [2c 4s Kc] [9h]
Hero: checks
c0ee335: checks
eb7e17b8: bets $0.41
Hero: folds
c0ee335: folds
Uncalled bet ($0.41) returned to eb7e17b8
*** SHOWDOWN ***
eb7e17b8 collected $1.04 from pot
*** SUMMARY ***
Total pot $1.09 | Rake $0.05 | Jackpot $0 | Bingo $0 | Fortune $0
Board [2c 4s Kc 9h]
Seat 2: Hero folded on the Turn
Seat 3: c0ee335 folded on the Turn
Seat 4: eb7e17b8 (button) won ($1.04)
Seat 5: e34c1d07 (small blind) folded before Flop
Seat 6: 223fb3c2 (big blind) folded before Flop


Poker Hand #HD1182744553: Hold'em No Limit  ($0.02/$0.05) - 2023/03/30 18:46:57
Table 'NLHBlue114' 6-max Seat #3 is the button
Seat 2: Hero ($8.55 in chips)
Seat 3: c0ee335 ($14.38 in chips)
Seat 4: eb7e17b8 ($7.58 in chips)
Seat 5: e34c1d07 ($5 in chips)
Seat 6: 223fb3c2 ($6.7 in chips)
eb7e17b8: posts small blind $0.02
e34c1d07: posts big blind $0.05
*** HOLE CARDS ***
Dealt to Hero [4c 2d]
Dealt to c0ee335 
Dealt to eb7e17b8 
Dealt to e34c1d07 
Dealt to 223fb3c2 
223fb3c2: folds
Hero: folds
c0ee335: folds
eb7e17b8: folds
Uncalled bet ($0.03) returned to e34c1d07
*** SHOWDOWN ***
e34c1d07 collected $0.04 from pot
*** SUMMARY ***
Total pot $0.04 | Rake $0 | Jackpot $0 | Bingo $0 | Fortune $0
Seat 2: Hero folded before Flop (didn't bet)
Seat 3: c0ee335 (button) folded before Flop (didn't bet)
Seat 4: eb7e17b8 (small blind) folded before Flop
Seat 5: e34c1d07 (big blind) collected ($0.04)
Seat 6: 223fb3c2 folded before Flop (didn't bet)


Poker Hand #HD1182744522: Hold'em No Limit  ($0.02/$0.05) - 2023/03/30 18:46:42
Table 'NLHBlue114' 6-max Seat #2 is the button
Seat 2: Hero ($8.48 in chips)
Seat 3: c0ee335 ($14.4 in chips)
Seat 4: eb7e17b8 ($7.63 in chips)
Seat 6: 223fb3c2 ($6.7 in chips)
c0ee335: posts small blind $0.02
eb7e17b8: posts big blind $0.05
*** HOLE CARDS ***
Dealt to Hero [Ac 8s]
Dealt to c0ee335 
Dealt to eb7e17b8 
Dealt to 223fb3c2 
223fb3c2: folds
Hero: raises $0.07 to $0.12
c0ee335: folds
eb7e17b8: folds
Uncalled bet ($0.07) returned to Hero
*** SHOWDOWN ***
Hero collected $0.12 from pot
*** SUMMARY ***
Total pot $0.12 | Rake $0 | Jackpot $0 | Bingo $0 | Fortune $0
Seat 2: Hero (button) collected ($0.12)
Seat 3: c0ee335 (small blind) folded before Flop
Seat 4: eb7e17b8 (big blind) folded before Flop
Seat 6: 223fb3c2 folded before Flop (didn't bet)


Poker Hand #HD1182744436: Hold'em No Limit  ($0.02/$0.05) - 2023/03/30 18:46:08
Table 'NLHBlue114' 6-max Seat #6 is the button
Seat 1: b8ec0266 ($5.43 in chips)
Seat 2: Hero ($8.53 in chips)
Seat 3: c0ee335 ($14.4 in chips)
Seat 4: eb7e17b8 ($7.27 in chips)
Seat 6: 223fb3c2 ($7.02 in chips)
b8ec0266: posts small blind $0.02
Hero: posts big blind $0.05
*** HOLE CARDS ***
Dealt to b8ec0266 
Dealt to Hero [Ac 3s]
Dealt to c0ee335 
Dealt to eb7e17b8 
Dealt to 223fb3c2 
c0ee335: folds
eb7e17b8: raises $0.05 to $0.1
223fb3c2: raises $0.22 to $0.32
b8ec0266: folds
Hero: folds
eb7e17b8: raises $0.59 to $0.91
223fb3c2: folds
Uncalled bet ($0.59) returned to eb7e17b8
*** SHOWDOWN ***
eb7e17b8 collected $0.68 from pot
*** SUMMARY ***
Total pot $0.71 | Rake $0.03 | Jackpot $0 | Bingo $0 | Fortune $0
Seat 1: b8ec0266 (small blind) folded before Flop
Seat 2: Hero (big blind) folded before Flop
Seat 3: c0ee335 folded before Flop (didn't bet)
Seat 4: eb7e17b8 collected ($0.68)
Seat 6: 223fb3c2 (button) folded before Flop


Poker Hand #HD1182744340: Hold'em No Limit  ($0.02/$0.05) - 2023/03/30 18:45:35
Table 'NLHBlue114' 6-max Seat #4 is the button
Seat 1: b8ec0266 ($5.22 in chips)
Seat 2: Hero ($8.53 in chips)
Seat 3: c0ee335 ($14.5 in chips)
Seat 4: eb7e17b8 ($7.37 in chips)
Seat 6: 223fb3c2 ($7.04 in chips)
223fb3c2: posts small blind $0.02
b8ec0266: posts big blind $0.05
*** HOLE CARDS ***
Dealt to b8ec0266 
Dealt to Hero [4d 2s]
Dealt to c0ee335 
Dealt to eb7e17b8 
Dealt to 223fb3c2 
Hero: folds
c0ee335: raises $0.05 to $0.1
eb7e17b8: calls $0.1
223fb3c2: folds
b8ec0266: raises $0.4 to $0.5
c0ee335: folds
eb7e17b8: folds
Uncalled bet ($0.4) returned to b8ec0266
*** SHOWDOWN ***
b8ec0266 collected $0.31 from pot
*** SUMMARY ***
Total pot $0.32 | Rake $0.01 | Jackpot $0 | Bingo $0 | Fortune $0
Seat 1: b8ec0266 (big blind) collected ($0.31)
Seat 2: Hero folded before Flop (didn't bet)
Seat 3: c0ee335 folded before Flop
Seat 4: eb7e17b8 (button) folded before Flop
Seat 6: 223fb3c2 (small blind) folded before Flop


Poker Hand #HD1182744051: Hold'em No Limit  ($0.02/$0.05) - 2023/03/30 18:43:44
Table 'NLHBlue114' 6-max Seat #3 is the button
Seat 2: Hero ($8.53 in chips)
Seat 3: c0ee335 ($7.65 in chips)
Seat 4: eb7e17b8 ($7.39 in chips)
Seat 5: f606b392 ($7.09 in chips)
Seat 6: 223fb3c2 ($7.33 in chips)
eb7e17b8: posts small blind $0.02
f606b392: posts big blind $0.05
*** HOLE CARDS ***
Dealt to Hero [6d 5c]
Dealt to c0ee335 
Dealt to eb7e17b8 
Dealt to f606b392 
Dealt to 223fb3c2 
223fb3c2: raises $0.06 to $0.11
Hero: folds
c0ee335: calls $0.11
eb7e17b8: folds
f606b392: calls $0.06
*** FLOP *** [Qc 9d 2s]
f606b392: bets $0.18
223fb3c2: calls $0.18
c0ee335: raises $0.42 to $0.6
f606b392: raises $6.38 to $6.98 and is all-in
223fb3c2: folds
c0ee335: calls $6.38
f606b392: shows [2d Qd] (Pair of Queens and Pair of Twos)
c0ee335: shows [Qs Qh] (Three Queens)
*** TURN *** [Qc 9d 2s] [8c]
*** RIVER *** [Qc 9d 2s 8c] [6c]
*** SHOWDOWN ***
c0ee335 collected $13.94 from pot
*** SUMMARY ***
Total pot $14.49 | Rake $0.5 | Jackpot $0.05 | Bingo $0 | Fortune $0
Board [Qc 9d 2s 8c 6c]
Seat 2: Hero folded before Flop (didn't bet)
Seat 3: c0ee335 (button) showed [Qs Qh] and won ($13.94) with Three Queens
Seat 4: eb7e17b8 (small blind) folded before Flop
Seat 5: f606b392 (big blind) showed [2d Qd] and lost with Pair of Queens and Pair of Twos
Seat 6: 223fb3c2 folded on the Flop


Poker Hand #HD1182743991: Hold'em No Limit  ($0.02/$0.05) - 2023/03/30 18:43:23
Table 'NLHBlue114' 6-max Seat #2 is the button
Seat 2: Hero ($8.53 in chips)
Seat 3: c0ee335 ($7.67 in chips)
Seat 4: eb7e17b8 ($7.37 in chips)
Seat 5: f606b392 ($7.09 in chips)
Seat 6: 223fb3c2 ($7.33 in chips)
c0ee335: posts small blind $0.02
eb7e17b8: posts big blind $0.05
*** HOLE CARDS ***
Dealt to Hero [3s 7c]
Dealt to c0ee335 
Dealt to eb7e17b8 
Dealt to f606b392 
Dealt to 223fb3c2 
f606b392: folds
223fb3c2: folds
Hero: folds
c0ee335: folds
Uncalled bet ($0.03) returned to eb7e17b8
*** SHOWDOWN ***
eb7e17b8 collected $0.04 from pot
*** SUMMARY ***
Total pot $0.04 | Rake $0 | Jackpot $0 | Bingo $0 | Fortune $0
Seat 2: Hero (button) folded before Flop (didn't bet)
Seat 3: c0ee335 (small blind) folded before Flop
Seat 4: eb7e17b8 (big blind) collected ($0.04)
Seat 5: f606b392 folded before Flop (didn't bet)
Seat 6: 223fb3c2 folded before Flop (didn't bet)


Poker Hand #HD1182743757: Hold'em No Limit  ($0.02/$0.05) - 2023/03/30 18:41:56
Table 'NLHBlue114' 6-max Seat #1 is the button
Seat 1: db03eaa2 ($2.55 in chips)
Seat 2: Hero ($8.55 in chips)
Seat 3: c0ee335 ($5.58 in chips)
Seat 4: eb7e17b8 ($7.47 in chips)
Seat 5: f606b392 ($7.09 in chips)
Seat 6: 223fb3c2 ($7.33 in chips)
Hero: posts small blind $0.02
c0ee335: posts big blind $0.05
*** HOLE CARDS ***
Dealt to db03eaa2 
Dealt to Hero [5h 9c]
Dealt to c0ee335 
Dealt to eb7e17b8 
Dealt to f606b392 
Dealt to 223fb3c2 
eb7e17b8: raises $0.05 to $0.1
f606b392: folds
223fb3c2: folds
db03eaa2: raises $0.3 to $0.4
Hero: folds
c0ee335: raises $5.18 to $5.58 and is all-in
eb7e17b8: folds
db03eaa2: calls $2.15 and is all-in
Uncalled bet ($3.03) returned to c0ee335
c0ee335: shows [Kd Ah]
db03eaa2: shows [Jd Jh]
*** FLOP *** [4d 6c 4h]
*** TURN *** [4d 6c 4h] [Kc]
c0ee335: Chooses to EV Cashout 
*** RIVER *** [4d 6c 4h Kc] [2s]
c0ee335: Pays Cashout Risk ($0.28)
*** SHOWDOWN ***
c0ee335 collected $4.92 from pot
*** SUMMARY ***
Total pot $5.22 | Rake $0.25 | Jackpot $0.05 | Bingo $0 | Fortune $0
Board [4d 6c 4h Kc 2s]
Seat 1: db03eaa2 (button) showed [Jd Jh] and lost with Pair of Jacks and Pair of Fours
Seat 2: Hero (small blind) folded before Flop
Seat 3: c0ee335 (big blind) showed [Kd Ah] and won ($4.92) with Pair of Kings and Pair of Fours, Cashout Risk ($0.28)
Seat 4: eb7e17b8 folded before Flop
Seat 5: f606b392 folded before Flop (didn't bet)
Seat 6: 223fb3c2 folded before Flop (didn't bet)


Poker Hand #HD1182743645: Hold'em No Limit  ($0.02/$0.05) - 2023/03/30 18:41:14
Table 'NLHBlue114' 6-max Seat #6 is the button
Seat 1: db03eaa2 ($2.57 in chips)
Seat 2: Hero ($8.65 in chips)
Seat 3: c0ee335 ($5.58 in chips)
Seat 4: eb7e17b8 ($7.36 in chips)
Seat 5: f606b392 ($7.09 in chips)
Seat 6: 223fb3c2 ($7.33 in chips)
db03eaa2: posts small blind $0.02
Hero: posts big blind $0.05
*** HOLE CARDS ***
Dealt to db03eaa2 
Dealt to Hero [Ah 4d]
Dealt to c0ee335 
Dealt to eb7e17b8 
Dealt to f606b392 
Dealt to 223fb3c2 
c0ee335: folds
eb7e17b8: raises $0.05 to $0.1
f606b392: folds
223fb3c2: folds
db03eaa2: folds
Hero: calls $0.05
*** FLOP *** [Qc Jd Qh]
Hero: checks
eb7e17b8: checks
*** TURN *** [Qc Jd Qh] [6c]
Hero: checks
eb7e17b8: bets $0.11
Hero: folds
Uncalled bet ($0.11) returned to eb7e17b8
*** SHOWDOWN ***
eb7e17b8 collected $0.21 from pot
*** SUMMARY ***
Total pot $0.22 | Rake $0.01 | Jackpot $0 | Bingo $0 | Fortune $0
Board [Qc Jd Qh 6c]
Seat 1: db03eaa2 (small blind) folded before Flop
Seat 2: Hero (big blind) folded on the Turn
Seat 3: c0ee335 folded before Flop (didn't bet)
Seat 4: eb7e17b8 won ($0.21)
Seat 5: f606b392 folded before Flop (didn't bet)
Seat 6: 223fb3c2 (button) folded before Flop (didn't bet)


Poker Hand #HD1182743603: Hold'em No Limit  ($0.02/$0.05) - 2023/03/30 18:41:01
Table 'NLHBlue114' 6-max Seat #5 is the button
Seat 1: db03eaa2 ($2.62 in chips)
Seat 2: Hero ($8.58 in chips)
Seat 3: c0ee335 ($5.58 in chips)
Seat 4: eb7e17b8 ($7.36 in chips)
Seat 5: f606b392 ($7.09 in chips)
Seat 6: 223fb3c2 ($7.35 in chips)
223fb3c2: posts small blind $0.02
db03eaa2: posts big blind $0.05
*** HOLE CARDS ***
Dealt to db03eaa2 
Dealt to Hero [Tc Ts]
Dealt to c0ee335 
Dealt to eb7e17b8 
Dealt to f606b392 
Dealt to 223fb3c2 
Hero: raises $0.07 to $0.12
c0ee335: folds
eb7e17b8: folds
f606b392: folds
223fb3c2: folds
db03eaa2: folds
Uncalled bet ($0.07) returned to Hero
*** SHOWDOWN ***
Hero collected $0.12 from pot
*** SUMMARY ***
Total pot $0.12 | Rake $0 | Jackpot $0 | Bingo $0 | Fortune $0
Seat 1: db03eaa2 (big blind) folded before Flop
Seat 2: Hero collected ($0.12)
Seat 3: c0ee335 folded before Flop (didn't bet)
Seat 4: eb7e17b8 folded before Flop (didn't bet)
Seat 5: f606b392 (button) folded before Flop (didn't bet)
Seat 6: 223fb3c2 (small blind) folded before Flop


Poker Hand #HD1182743446: Hold'em No Limit  ($0.02/$0.05) - 2023/03/30 18:39:57
Table 'NLHBlue114' 6-max Seat #4 is the button
Seat 2: Hero ($8.58 in chips)
Seat 3: c0ee335 ($5.58 in chips)
Seat 4: eb7e17b8 ($9.18 in chips)
Seat 5: f606b392 ($5.45 in chips)
Seat 6: 223fb3c2 ($7.4 in chips)
f606b392: posts small blind $0.02
223fb3c2: posts big blind $0.05
*** HOLE CARDS ***
Dealt to Hero [7d Qc]
Dealt to c0ee335 
Dealt to eb7e17b8 
Dealt to f606b392 
Dealt to 223fb3c2 
Hero: folds
c0ee335: folds
eb7e17b8: raises $0.05 to $0.1
f606b392: calls $0.08
223fb3c2: folds
*** FLOP *** [9s Qd Ah]
f606b392: checks
eb7e17b8: bets $0.18
f606b392: calls $0.18
*** TURN *** [9s Qd Ah] [6d]
f606b392: checks
eb7e17b8: bets $0.31
f606b392: calls $0.31
*** RIVER *** [9s Qd Ah 6d] [6h]
f606b392: checks
eb7e17b8: bets $1.23
f606b392: calls $1.23
eb7e17b8: shows [Jc Tc] (Pair of Sixes)
f606b392: shows [Ks As] (Pair of Aces and Pair of Sixes)
*** SHOWDOWN ***
f606b392 collected $3.46 from pot
*** SUMMARY ***
Total pot $3.69 | Rake $0.18 | Jackpot $0.05 | Bingo $0 | Fortune $0
Board [9s Qd Ah 6d 6h]
Seat 2: Hero folded before Flop (didn't bet)
Seat 3: c0ee335 folded before Flop (didn't bet)
Seat 4: eb7e17b8 (button) showed [Jc Tc] and lost with Pair of Sixes
Seat 5: f606b392 (small blind) showed [Ks As] and won ($3.46) with Pair of Aces and Pair of Sixes
Seat 6: 223fb3c2 (big blind) folded before Flop


Poker Hand #HD1182743305: Hold'em No Limit  ($0.02/$0.05) - 2023/03/30 18:39:03
Table 'NLHBlue114' 6-max Seat #3 is the button
Seat 2: Hero ($8.58 in chips)
Seat 3: c0ee335 ($5.68 in chips)
Seat 4: eb7e17b8 ($9.2 in chips)
Seat 5: f606b392 ($5.34 in chips)
Seat 6: 223fb3c2 ($7.4 in chips)
eb7e17b8: posts small blind $0.02
f606b392: posts big blind $0.05
*** HOLE CARDS ***
Dealt to Hero [Jc 9h]
Dealt to c0ee335 
Dealt to eb7e17b8 
Dealt to f606b392 
Dealt to 223fb3c2 
223fb3c2: folds
Hero: folds
c0ee335: raises $0.05 to $0.1
eb7e17b8: folds
f606b392: calls $0.05
*** FLOP *** [9s Ah 8h]
f606b392: checks
c0ee335: checks
*** TURN *** [9s Ah 8h] [6h]
f606b392: checks
c0ee335: checks
*** RIVER *** [9s Ah 8h 6h] [5d]
f606b392: checks
c0ee335: checks
f606b392: shows [Td 6d] (Pair of Sixes)
c0ee335: shows [Qc Ts] (Ace-High)
*** SHOWDOWN ***
f606b392 collected $0.21 from pot
*** SUMMARY ***
Total pot $0.22 | Rake $0.01 | Jackpot $0 | Bingo $0 | Fortune $0
Board [9s Ah 8h 6h 5d]
Seat 2: Hero folded before Flop (didn't bet)
Seat 3: c0ee335 (button) showed [Qc Ts] and lost with Ace-High
Seat 4: eb7e17b8 (small blind) folded before Flop
Seat 5: f606b392 (big blind) showed [Td 6d] and won ($0.21) with Pair of Sixes
Seat 6: 223fb3c2 folded before Flop (didn't bet)


Poker Hand #HD1182743267: Hold'em No Limit  ($0.02/$0.05) - 2023/03/30 18:38:52
Table 'NLHBlue114' 6-max Seat #2 is the button
Seat 1: 856f37ae ($5.22 in chips)
Seat 2: Hero ($8.58 in chips)
Seat 3: c0ee335 ($5.7 in chips)
Seat 4: eb7e17b8 ($9.25 in chips)
Seat 5: f606b392 ($5.34 in chips)
Seat 6: 223fb3c2 ($7.33 in chips)
c0ee335: posts small blind $0.02
eb7e17b8: posts big blind $0.05
*** HOLE CARDS ***
Dealt to 856f37ae 
Dealt to Hero [6h Kc]
Dealt to c0ee335 
Dealt to eb7e17b8 
Dealt to f606b392 
Dealt to 223fb3c2 
f606b392: folds
223fb3c2: raises $0.06 to $0.11
856f37ae: folds
Hero: folds
c0ee335: folds
eb7e17b8: folds
Uncalled bet ($0.06) returned to 223fb3c2
*** SHOWDOWN ***
223fb3c2 collected $0.12 from pot
*** SUMMARY ***
Total pot $0.12 | Rake $0 | Jackpot $0 | Bingo $0 | Fortune $0
Seat 1: 856f37ae folded before Flop (didn't bet)
Seat 2: Hero (button) folded before Flop (didn't bet)
Seat 3: c0ee335 (small blind) folded before Flop
Seat 4: eb7e17b8 (big blind) folded before Flop
Seat 5: f606b392 folded before Flop (didn't bet)
Seat 6: 223fb3c2 collected ($0.12)


Poker Hand #HD1182743186: Hold'em No Limit  ($0.02/$0.05) - 2023/03/30 18:38:22
Table 'NLHBlue114' 6-max Seat #1 is the button
Seat 1: 856f37ae ($5.15 in chips)
Seat 2: Hero ($8.6 in chips)
Seat 3: c0ee335 ($5.75 in chips)
Seat 4: eb7e17b8 ($9.25 in chips)
Seat 5: f606b392 ($5.34 in chips)
Seat 6: 223fb3c2 ($7.33 in chips)
Hero: posts small blind $0.02
c0ee335: posts big blind $0.05
*** HOLE CARDS ***
Dealt to 856f37ae 
Dealt to Hero [9c 8c]
Dealt to c0ee335 
Dealt to eb7e17b8 
Dealt to f606b392 
Dealt to 223fb3c2 
eb7e17b8: folds
f606b392: folds
223fb3c2: folds
856f37ae: raises $0.06 to $0.11
Hero: folds
c0ee335: folds
Uncalled bet ($0.06) returned to 856f37ae
*** SHOWDOWN ***
856f37ae collected $0.12 from pot
*** SUMMARY ***
Total pot $0.12 | Rake $0 | Jackpot $0 | Bingo $0 | Fortune $0
Seat 1: 856f37ae (button) collected ($0.12)
Seat 2: Hero (small blind) folded before Flop
Seat 3: c0ee335 (big blind) folded before Flop
Seat 4: eb7e17b8 folded before Flop (didn't bet)
Seat 5: f606b392 folded before Flop (didn't bet)
Seat 6: 223fb3c2 folded before Flop (didn't bet)


Poker Hand #HD1182743105: Hold'em No Limit  ($0.02/$0.05) - 2023/03/30 18:37:51
Table 'NLHBlue114' 6-max Seat #6 is the button
Seat 1: 856f37ae ($5 in chips)
Seat 2: Hero ($8.65 in chips)
Seat 3: c0ee335 ($5.75 in chips)
Seat 4: eb7e17b8 ($9.25 in chips)
Seat 5: f606b392 ($5.34 in chips)
Seat 6: 223fb3c2 ($7.44 in chips)
856f37ae: posts small blind $0.02
Hero: posts big blind $0.05
*** HOLE CARDS ***
Dealt to 856f37ae 
Dealt to Hero [Jd 5h]
Dealt to c0ee335 
Dealt to eb7e17b8 
Dealt to f606b392 
Dealt to 223fb3c2 
c0ee335: folds
eb7e17b8: folds
f606b392: folds
223fb3c2: raises $0.06 to $0.11
856f37ae: raises $0.32 to $0.43
Hero: folds
223fb3c2: folds
Uncalled bet ($0.32) returned to 856f37ae
*** SHOWDOWN ***
856f37ae collected $0.26 from pot
*** SUMMARY ***
Total pot $0.27 | Rake $0.01 | Jackpot $0 | Bingo $0 | Fortune $0
Seat 1: 856f37ae (small blind) collected ($0.26)
Seat 2: Hero (big blind) folded before Flop
Seat 3: c0ee335 folded before Flop (didn't bet)
Seat 4: eb7e17b8 folded before Flop (didn't bet)
Seat 5: f606b392 folded before Flop (didn't bet)
Seat 6: 223fb3c2 (button) folded before Flop


Poker Hand #HD1182743055: Hold'em No Limit  ($0.02/$0.05) - 2023/03/30 18:37:31
Table 'NLHBlue114' 6-max Seat #5 is the button
Seat 1: 856f37ae ($5 in chips)
Seat 2: Hero ($8.65 in chips)
Seat 3: c0ee335 ($5.75 in chips)
Seat 4: eb7e17b8 ($9.25 in chips)
Seat 5: f606b392 ($5.34 in chips)
Seat 6: 223fb3c2 ($7.39 in chips)
223fb3c2: posts small blind $0.02
856f37ae: posts big blind $0.05
*** HOLE CARDS ***
Dealt to 856f37ae 
Dealt to Hero [Qh 3d]
Dealt to c0ee335 
Dealt to eb7e17b8 
Dealt to f606b392 
Dealt to 223fb3c2 
Hero: folds
c0ee335: folds
eb7e17b8: folds
f606b392: folds
223fb3c2: raises $0.1 to $0.15
856f37ae: folds
Uncalled bet ($0.1) returned to 223fb3c2
*** SHOWDOWN ***
223fb3c2 collected $0.1 from pot
*** SUMMARY ***
Total pot $0.1 | Rake $0 | Jackpot $0 | Bingo $0 | Fortune $0
Seat 1: 856f37ae (big blind) folded before Flop
Seat 2: Hero folded before Flop (didn't bet)
Seat 3: c0ee335 folded before Flop (didn't bet)
Seat 4: eb7e17b8 folded before Flop (didn't bet)
Seat 5: f606b392 (button) folded before Flop (didn't bet)
Seat 6: 223fb3c2 (small blind) collected ($0.1)


Poker Hand #HD1182742968: Hold'em No Limit  ($0.02/$0.05) - 2023/03/30 18:36:59
Table 'NLHBlue114' 6-max Seat #4 is the button
Seat 2: Hero ($8.65 in chips)
Seat 3: c0ee335 ($5.85 in chips)
Seat 4: eb7e17b8 ($9.72 in chips)
Seat 5: f606b392 ($4.77 in chips)
Seat 6: 223fb3c2 ($7.44 in chips)
f606b392: posts small blind $0.02
223fb3c2: posts big blind $0.05
*** HOLE CARDS ***
Dealt to Hero [6c 9d]
Dealt to c0ee335 
Dealt to eb7e17b8 
Dealt to f606b392 
Dealt to 223fb3c2 
Hero: folds
c0ee335: raises $0.05 to $0.1
eb7e17b8: raises $0.37 to $0.47
f606b392: raises $0.73 to $1.2
223fb3c2: folds
c0ee335: folds
eb7e17b8: folds
Uncalled bet ($0.73) returned to f606b392
*** SHOWDOWN ***
f606b392 collected $1.04 from pot
*** SUMMARY ***
Total pot $1.09 | Rake $0.05 | Jackpot $0 | Bingo $0 | Fortune $0
Seat 2: Hero folded before Flop (didn't bet)
Seat 3: c0ee335 folded before Flop
Seat 4: eb7e17b8 (button) folded before Flop
Seat 5: f606b392 (small blind) collected ($1.04)
Seat 6: 223fb3c2 (big blind) folded before Flop


Poker Hand #HD1182742929: Hold'em No Limit  ($0.02/$0.05) - 2023/03/30 18:36:45
Table 'NLHBlue114' 6-max Seat #3 is the button
Seat 1: a3bae4a9 ($4.72 in chips)
Seat 2: Hero ($8.65 in chips)
Seat 3: c0ee335 ($5.85 in chips)
Seat 4: eb7e17b8 ($9.74 in chips)
Seat 5: f606b392 ($4.82 in chips)
Seat 6: 223fb3c2 ($7.37 in chips)
eb7e17b8: posts small blind $0.02
f606b392: posts big blind $0.05
*** HOLE CARDS ***
Dealt to a3bae4a9 
Dealt to Hero [2h Th]
Dealt to c0ee335 
Dealt to eb7e17b8 
Dealt to f606b392 
Dealt to 223fb3c2 
223fb3c2: raises $0.06 to $0.11
a3bae4a9: folds
Hero: folds
c0ee335: folds
eb7e17b8: folds
f606b392: folds
Uncalled bet ($0.06) returned to 223fb3c2
*** SHOWDOWN ***
223fb3c2 collected $0.12 from pot
*** SUMMARY ***
Total pot $0.12 | Rake $0 | Jackpot $0 | Bingo $0 | Fortune $0
Seat 1: a3bae4a9 folded before Flop (didn't bet)
Seat 2: Hero folded before Flop (didn't bet)
Seat 3: c0ee335 (button) folded before Flop (didn't bet)
Seat 4: eb7e17b8 (small blind) folded before Flop
Seat 5: f606b392 (big blind) folded before Flop
Seat 6: 223fb3c2 collected ($0.12)


Poker Hand #HD1182742842: Hold'em No Limit  ($0.02/$0.05) - 2023/03/30 18:36:10
Table 'NLHBlue114' 6-max Seat #2 is the button
Seat 1: a3bae4a9 ($4.72 in chips)
Seat 2: Hero ($8.46 in chips)
Seat 3: c0ee335 ($5.87 in chips)
Seat 4: eb7e17b8 ($9.79 in chips)
Seat 5: f606b392 ($4.95 in chips)
c0ee335: posts small blind $0.02
eb7e17b8: posts big blind $0.05
*** HOLE CARDS ***
Dealt to a3bae4a9 
Dealt to Hero [Tc Td]
Dealt to c0ee335 
Dealt to eb7e17b8 
Dealt to f606b392 
f606b392: raises $0.08 to $0.13
a3bae4a9: folds
Hero: raises $0.23 to $0.36
c0ee335: folds
eb7e17b8: folds
f606b392: folds
Uncalled bet ($0.23) returned to Hero
*** SHOWDOWN ***
Hero collected $0.32 from pot
*** SUMMARY ***
Total pot $0.33 | Rake $0.01 | Jackpot $0 | Bingo $0 | Fortune $0
Seat 1: a3bae4a9 folded before Flop (didn't bet)
Seat 2: Hero (button) collected ($0.32)
Seat 3: c0ee335 (small blind) folded before Flop
Seat 4: eb7e17b8 (big blind) folded before Flop
Seat 5: f606b392 folded before Flop


Poker Hand #HD1182742782: Hold'em No Limit  ($0.02/$0.05) - 2023/03/30 18:35:49
Table 'NLHBlue114' 6-max Seat #1 is the button
Seat 1: a3bae4a9 ($4.72 in chips)
Seat 2: Hero ($8.48 in chips)
Seat 3: c0ee335 ($5.85 in chips)
Seat 4: eb7e17b8 ($9.79 in chips)
Seat 5: f606b392 ($4.95 in chips)
Seat 6: 223fb3c2 ($7.37 in chips)
Hero: posts small blind $0.02
c0ee335: posts big blind $0.05
*** HOLE CARDS ***
Dealt to a3bae4a9 
Dealt to Hero [7c Qd]
Dealt to c0ee335 
Dealt to eb7e17b8 
Dealt to f606b392 
Dealt to 223fb3c2 
eb7e17b8: folds
f606b392: folds
223fb3c2: folds
a3bae4a9: folds
Hero: folds
Uncalled bet ($0.03) returned to c0ee335
*** SHOWDOWN ***
c0ee335 collected $0.04 from pot
*** SUMMARY ***
Total pot $0.04 | Rake $0 | Jackpot $0 | Bingo $0 | Fortune $0
Seat 1: a3bae4a9 (button) folded before Flop (didn't bet)
Seat 2: Hero (small blind) folded before Flop
Seat 3: c0ee335 (big blind) collected ($0.04)
Seat 4: eb7e17b8 folded before Flop (didn't bet)
Seat 5: f606b392 folded before Flop (didn't bet)
Seat 6: 223fb3c2 folded before Flop (didn't bet)


Poker Hand #HD1182742759: Hold'em No Limit  ($0.02/$0.05) - 2023/03/30 18:35:40
Table 'NLHBlue114' 6-max Seat #6 is the button
Seat 1: a3bae4a9 ($4.74 in chips)
Seat 2: Hero ($8.46 in chips)
Seat 3: c0ee335 ($5.85 in chips)
Seat 4: eb7e17b8 ($9.79 in chips)
Seat 5: f606b392 ($4.95 in chips)
Seat 6: 223fb3c2 ($7.37 in chips)
a3bae4a9: posts small blind $0.02
Hero: posts big blind $0.05
*** HOLE CARDS ***
Dealt to a3bae4a9 
Dealt to Hero [7c Qs]
Dealt to c0ee335 
Dealt to eb7e17b8 
Dealt to f606b392 
Dealt to 223fb3c2 
c0ee335: folds
eb7e17b8: folds
f606b392: folds
223fb3c2: folds
a3bae4a9: folds
Uncalled bet ($0.03) returned to Hero
*** SHOWDOWN ***
Hero collected $0.04 from pot
*** SUMMARY ***
Total pot $0.04 | Rake $0 | Jackpot $0 | Bingo $0 | Fortune $0
Seat 1: a3bae4a9 (small blind) folded before Flop
Seat 2: Hero (big blind) collected ($0.04)
Seat 3: c0ee335 folded before Flop (didn't bet)
Seat 4: eb7e17b8 folded before Flop (didn't bet)
Seat 5: f606b392 folded before Flop (didn't bet)
Seat 6: 223fb3c2 (button) folded before Flop (didn't bet)


Poker Hand #HD1182742693: Hold'em No Limit  ($0.02/$0.05) - 2023/03/30 18:35:12
Table 'NLHBlue114' 6-max Seat #5 is the button
Seat 1: a3bae4a9 ($4.79 in chips)
Seat 2: Hero ($8.46 in chips)
Seat 3: c0ee335 ($5.85 in chips)
Seat 4: eb7e17b8 ($9.72 in chips)
Seat 5: f606b392 ($4.95 in chips)
Seat 6: 223fb3c2 ($7.39 in chips)
223fb3c2: posts small blind $0.02
a3bae4a9: posts big blind $0.05
*** HOLE CARDS ***
Dealt to a3bae4a9 
Dealt to Hero [Td 3s]
Dealt to c0ee335 
Dealt to eb7e17b8 
Dealt to f606b392 
Dealt to 223fb3c2 
Hero: folds
c0ee335: folds
eb7e17b8: raises $0.05 to $0.1
f606b392: folds
223fb3c2: folds
a3bae4a9: folds
Uncalled bet ($0.05) returned to eb7e17b8
*** SHOWDOWN ***
eb7e17b8 collected $0.12 from pot
*** SUMMARY ***
Total pot $0.12 | Rake $0 | Jackpot $0 | Bingo $0 | Fortune $0
Seat 1: a3bae4a9 (big blind) folded before Flop
Seat 2: Hero folded before Flop (didn't bet)
Seat 3: c0ee335 folded before Flop (didn't bet)
Seat 4: eb7e17b8 collected ($0.12)
Seat 5: f606b392 (button) folded before Flop (didn't bet)
Seat 6: 223fb3c2 (small blind) folded before Flop


Poker Hand #HD1182742639: Hold'em No Limit  ($0.02/$0.05) - 2023/03/30 18:34:55
Table 'NLHBlue114' 6-max Seat #4 is the button
Seat 1: a3bae4a9 ($4.79 in chips)
Seat 2: Hero ($8.39 in chips)
Seat 3: c0ee335 ($5.85 in chips)
Seat 4: eb7e17b8 ($9.72 in chips)
Seat 5: f606b392 ($4.97 in chips)
Seat 6: 223fb3c2 ($7.44 in chips)
f606b392: posts small blind $0.02
223fb3c2: posts big blind $0.05
*** HOLE CARDS ***
Dealt to a3bae4a9 
Dealt to Hero [Th Ad]
Dealt to c0ee335 
Dealt to eb7e17b8 
Dealt to f606b392 
Dealt to 223fb3c2 
a3bae4a9: folds
Hero: raises $0.07 to $0.12
c0ee335: folds
eb7e17b8: folds
f606b392: folds
223fb3c2: folds
Uncalled bet ($0.07) returned to Hero
*** SHOWDOWN ***
Hero collected $0.12 from pot
*** SUMMARY ***
Total pot $0.12 | Rake $0 | Jackpot $0 | Bingo $0 | Fortune $0
Seat 1: a3bae4a9 folded before Flop (didn't bet)
Seat 2: Hero collected ($0.12)
Seat 3: c0ee335 folded before Flop (didn't bet)
Seat 4: eb7e17b8 (button) folded before Flop (didn't bet)
Seat 5: f606b392 (small blind) folded before Flop
Seat 6: 223fb3c2 (big blind) folded before Flop


Poker Hand #HD1182742580: Hold'em No Limit  ($0.02/$0.05) - 2023/03/30 18:34:37
Table 'NLHBlue114' 6-max Seat #3 is the button
Seat 1: a3bae4a9 ($4.79 in chips)
Seat 2: Hero ($8.39 in chips)
Seat 3: c0ee335 ($5.85 in chips)
Seat 4: eb7e17b8 ($9.74 in chips)
Seat 5: f606b392 ($4.95 in chips)
Seat 6: 223fb3c2 ($7.44 in chips)
eb7e17b8: posts small blind $0.02
f606b392: posts big blind $0.05
*** HOLE CARDS ***
Dealt to a3bae4a9 
Dealt to Hero [2d Jh]
Dealt to c0ee335 
Dealt to eb7e17b8 
Dealt to f606b392 
Dealt to 223fb3c2 
223fb3c2: folds
a3bae4a9: folds
Hero: folds
c0ee335: folds
eb7e17b8: folds
Uncalled bet ($0.03) returned to f606b392
*** SHOWDOWN ***
f606b392 collected $0.04 from pot
*** SUMMARY ***
Total pot $0.04 | Rake $0 | Jackpot $0 | Bingo $0 | Fortune $0
Seat 1: a3bae4a9 folded before Flop (didn't bet)
Seat 2: Hero folded before Flop (didn't bet)
Seat 3: c0ee335 (button) folded before Flop (didn't bet)
Seat 4: eb7e17b8 (small blind) folded before Flop
Seat 5: f606b392 (big blind) collected ($0.04)
Seat 6: 223fb3c2 folded before Flop (didn't bet)


Poker Hand #HD1182742538: Hold'em No Limit  ($0.02/$0.05) - 2023/03/30 18:34:22
Table 'NLHBlue114' 6-max Seat #2 is the button
Seat 1: a3bae4a9 ($4.79 in chips)
Seat 2: Hero ($8.39 in chips)
Seat 3: c0ee335 ($5.87 in chips)
Seat 4: eb7e17b8 ($9.79 in chips)
Seat 5: f606b392 ($4.88 in chips)
Seat 6: 223fb3c2 ($7.44 in chips)
c0ee335: posts small blind $0.02
eb7e17b8: posts big blind $0.05
*** HOLE CARDS ***
Dealt to a3bae4a9 
Dealt to Hero [9c Th]
Dealt to c0ee335 
Dealt to eb7e17b8 
Dealt to f606b392 
Dealt to 223fb3c2 
f606b392: raises $0.08 to $0.13
223fb3c2: folds
a3bae4a9: folds
Hero: folds
c0ee335: folds
eb7e17b8: folds
Uncalled bet ($0.08) returned to f606b392
*** SHOWDOWN ***
f606b392 collected $0.12 from pot
*** SUMMARY ***
Total pot $0.12 | Rake $0 | Jackpot $0 | Bingo $0 | Fortune $0
Seat 1: a3bae4a9 folded before Flop (didn't bet)
Seat 2: Hero (button) folded before Flop (didn't bet)
Seat 3: c0ee335 (small blind) folded before Flop
Seat 4: eb7e17b8 (big blind) folded before Flop
Seat 5: f606b392 collected ($0.12)
Seat 6: 223fb3c2 folded before Flop (didn't bet)


Poker Hand #HD1182742483: Hold'em No Limit  ($0.02/$0.05) - 2023/03/30 18:33:58
Table 'NLHBlue114' 6-max Seat #1 is the button
Seat 1: a3bae4a9 ($4.79 in chips)
Seat 2: Hero ($8.41 in chips)
Seat 3: c0ee335 ($5.92 in chips)
Seat 4: eb7e17b8 ($9.72 in chips)
Seat 5: f606b392 ($4.88 in chips)
Seat 6: 223fb3c2 ($7.44 in chips)
Hero: posts small blind $0.02
c0ee335: posts big blind $0.05
*** HOLE CARDS ***
Dealt to a3bae4a9 
Dealt to Hero [6h 9c]
Dealt to c0ee335 
Dealt to eb7e17b8 
Dealt to f606b392 
Dealt to 223fb3c2 
eb7e17b8: raises $0.05 to $0.1
f606b392: folds
223fb3c2: folds
a3bae4a9: folds
Hero: folds
c0ee335: folds
Uncalled bet ($0.05) returned to eb7e17b8
*** SHOWDOWN ***
eb7e17b8 collected $0.12 from pot
*** SUMMARY ***
Total pot $0.12 | Rake $0 | Jackpot $0 | Bingo $0 | Fortune $0
Seat 1: a3bae4a9 (button) folded before Flop (didn't bet)
Seat 2: Hero (small blind) folded before Flop
Seat 3: c0ee335 (big blind) folded before Flop
Seat 4: eb7e17b8 collected ($0.12)
Seat 5: f606b392 folded before Flop (didn't bet)
Seat 6: 223fb3c2 folded before Flop (didn't bet)


Poker Hand #HD1182742447: Hold'em No Limit  ($0.02/$0.05) - 2023/03/30 18:33:41
Table 'NLHBlue114' 6-max Seat #6 is the button
Seat 1: a3bae4a9 ($4.81 in chips)
Seat 2: Hero ($8.46 in chips)
Seat 3: c0ee335 ($6.02 in chips)
Seat 4: eb7e17b8 ($9.72 in chips)
Seat 5: f606b392 ($4.72 in chips)
Seat 6: 223fb3c2 ($7.44 in chips)
a3bae4a9: posts small blind $0.02
Hero: posts big blind $0.05
*** HOLE CARDS ***
Dealt to a3bae4a9 
Dealt to Hero [4s 5h]
Dealt to c0ee335 
Dealt to eb7e17b8 
Dealt to f606b392 
Dealt to 223fb3c2 
c0ee335: raises $0.05 to $0.1
eb7e17b8: folds
f606b392: raises $0.2 to $0.3
223fb3c2: folds
a3bae4a9: folds
Hero: folds
c0ee335: folds
Uncalled bet ($0.2) returned to f606b392
*** SHOWDOWN ***
f606b392 collected $0.26 from pot
*** SUMMARY ***
Total pot $0.27 | Rake $0.01 | Jackpot $0 | Bingo $0 | Fortune $0
Seat 1: a3bae4a9 (small blind) folded before Flop
Seat 2: Hero (big blind) folded before Flop
Seat 3: c0ee335 folded before Flop
Seat 4: eb7e17b8 folded before Flop (didn't bet)
Seat 5: f606b392 collected ($0.26)
Seat 6: 223fb3c2 (button) folded before Flop (didn't bet)


Poker Hand #HD1182742329: Hold'em No Limit  ($0.02/$0.05) - 2023/03/30 18:33:05
Table 'NLHBlue114' 6-max Seat #5 is the button
Seat 1: a3bae4a9 ($4.86 in chips)
Seat 2: Hero ($8.46 in chips)
Seat 3: c0ee335 ($6.12 in chips)
Seat 4: eb7e17b8 ($9.72 in chips)
Seat 5: f606b392 ($4.72 in chips)
Seat 6: 223fb3c2 ($7.3 in chips)
223fb3c2: posts small blind $0.02
a3bae4a9: posts big blind $0.05
*** HOLE CARDS ***
Dealt to a3bae4a9 
Dealt to Hero [3d Qc]
Dealt to c0ee335 
Dealt to eb7e17b8 
Dealt to f606b392 
Dealt to 223fb3c2 
Hero: folds
c0ee335: raises $0.05 to $0.1
eb7e17b8: folds
f606b392: folds
223fb3c2: raises $0.35 to $0.45
a3bae4a9: folds
c0ee335: folds
Uncalled bet ($0.35) returned to 223fb3c2
*** SHOWDOWN ***
223fb3c2 collected $0.24 from pot
*** SUMMARY ***
Total pot $0.25 | Rake $0.01 | Jackpot $0 | Bingo $0 | Fortune $0
Seat 1: a3bae4a9 (big blind) folded before Flop
Seat 2: Hero folded before Flop (didn't bet)
Seat 3: c0ee335 folded before Flop
Seat 4: eb7e17b8 folded before Flop (didn't bet)
Seat 5: f606b392 (button) folded before Flop (didn't bet)
Seat 6: 223fb3c2 (small blind) collected ($0.24)


Poker Hand #HD1182742277: Hold'em No Limit  ($0.02/$0.05) - 2023/03/30 18:32:47
Table 'NLHBlue114' 6-max Seat #4 is the button
Seat 1: a3bae4a9 ($4.86 in chips)
Seat 2: Hero ($8.46 in chips)
Seat 3: c0ee335 ($6.12 in chips)
Seat 4: eb7e17b8 ($9.65 in chips)
Seat 5: f606b392 ($4.74 in chips)
Seat 6: 223fb3c2 ($7.35 in chips)
f606b392: posts small blind $0.02
223fb3c2: posts big blind $0.05
*** HOLE CARDS ***
Dealt to a3bae4a9 
Dealt to Hero [6h 3d]
Dealt to c0ee335 
Dealt to eb7e17b8 
Dealt to f606b392 
Dealt to 223fb3c2 
a3bae4a9: folds
Hero: folds
c0ee335: folds
eb7e17b8: raises $0.05 to $0.1
f606b392: folds
223fb3c2: folds
Uncalled bet ($0.05) returned to eb7e17b8
*** SHOWDOWN ***
eb7e17b8 collected $0.12 from pot
*** SUMMARY ***
Total pot $0.12 | Rake $0 | Jackpot $0 | Bingo $0 | Fortune $0
Seat 1: a3bae4a9 folded before Flop (didn't bet)
Seat 2: Hero folded before Flop (didn't bet)
Seat 3: c0ee335 folded before Flop (didn't bet)
Seat 4: eb7e17b8 (button) collected ($0.12)
Seat 5: f606b392 (small blind) folded before Flop
Seat 6: 223fb3c2 (big blind) folded before Flop


Poker Hand #HD1182742093: Hold'em No Limit  ($0.02/$0.05) - 2023/03/30 18:31:38
Table 'NLHBlue114' 6-max Seat #3 is the button
Seat 1: a3bae4a9 ($4.86 in chips)
Seat 2: Hero ($8.46 in chips)
Seat 3: c0ee335 ($6.12 in chips)
Seat 4: eb7e17b8 ($9.91 in chips)
Seat 5: f606b392 ($4.5 in chips)
Seat 6: 223fb3c2 ($7.35 in chips)
eb7e17b8: posts small blind $0.02
f606b392: posts big blind $0.05
*** HOLE CARDS ***
Dealt to a3bae4a9 
Dealt to Hero [9c 6c]
Dealt to c0ee335 
Dealt to eb7e17b8 
Dealt to f606b392 
Dealt to 223fb3c2 
223fb3c2: folds
a3bae4a9: folds
Hero: folds
c0ee335: folds
eb7e17b8: raises $0.08 to $0.13
f606b392: calls $0.08
*** FLOP *** [5s 2d Td]
eb7e17b8: checks
f606b392: bets $0.13
eb7e17b8: calls $0.13
*** TURN *** [5s 2d Td] [8s]
eb7e17b8: checks
f606b392: checks
*** RIVER *** [5s 2d Td 8s] [4s]
eb7e17b8: checks
f606b392: bets $0.26
eb7e17b8: folds
Uncalled bet ($0.26) returned to f606b392
*** SHOWDOWN ***
f606b392 collected $0.5 from pot
*** SUMMARY ***
Total pot $0.52 | Rake $0.02 | Jackpot $0 | Bingo $0 | Fortune $0
Board [5s 2d Td 8s 4s]
Seat 1: a3bae4a9 folded before Flop (didn't bet)
Seat 2: Hero folded before Flop (didn't bet)
Seat 3: c0ee335 (button) folded before Flop (didn't bet)
Seat 4: eb7e17b8 (small blind) folded on the River
Seat 5: f606b392 (big blind) won ($0.5)
Seat 6: 223fb3c2 folded before Flop (didn't bet)


Poker Hand #HD1182742017: Hold'em No Limit  ($0.02/$0.05) - 2023/03/30 18:31:09
Table 'NLHBlue114' 6-max Seat #2 is the button
Seat 1: a3bae4a9 ($4.86 in chips)
Seat 2: Hero ($8.58 in chips)
Seat 3: c0ee335 ($5.96 in chips)
Seat 4: eb7e17b8 ($9.96 in chips)
Seat 5: f606b392 ($4.5 in chips)
Seat 6: 223fb3c2 ($7.35 in chips)
c0ee335: posts small blind $0.02
eb7e17b8: posts big blind $0.05
*** HOLE CARDS ***
Dealt to a3bae4a9 
Dealt to Hero [2s Ah]
Dealt to c0ee335 
Dealt to eb7e17b8 
Dealt to f606b392 
Dealt to 223fb3c2 
f606b392: folds
223fb3c2: folds
a3bae4a9: folds
Hero: raises $0.07 to $0.12
c0ee335: calls $0.1
eb7e17b8: folds
*** FLOP *** [Kh 6s 3c]
c0ee335: checks
Hero: checks
*** TURN *** [Kh 6s 3c] [Js]
c0ee335: bets $0.15
Hero: folds
Uncalled bet ($0.15) returned to c0ee335
*** SHOWDOWN ***
c0ee335 collected $0.28 from pot
*** SUMMARY ***
Total pot $0.29 | Rake $0.01 | Jackpot $0 | Bingo $0 | Fortune $0
Board [Kh 6s 3c Js]
Seat 1: a3bae4a9 folded before Flop (didn't bet)
Seat 2: Hero (button) folded on the Turn
Seat 3: c0ee335 (small blind) won ($0.28)
Seat 4: eb7e17b8 (big blind) folded before Flop
Seat 5: f606b392 folded before Flop (didn't bet)
Seat 6: 223fb3c2 folded before Flop (didn't bet)


Poker Hand #HD1182741988: Hold'em No Limit  ($0.02/$0.05) - 2023/03/30 18:30:58
Table 'NLHBlue114' 6-max Seat #1 is the button
Seat 1: a3bae4a9 ($4.86 in chips)
Seat 2: Hero ($8.6 in chips)
Seat 3: c0ee335 ($5.94 in chips)
Seat 4: eb7e17b8 ($9.96 in chips)
Seat 5: f606b392 ($4.5 in chips)
Seat 6: 223fb3c2 ($7.35 in chips)
Hero: posts small blind $0.02
c0ee335: posts big blind $0.05
*** HOLE CARDS ***
Dealt to a3bae4a9 
Dealt to Hero [5c Th]
Dealt to c0ee335 
Dealt to eb7e17b8 
Dealt to f606b392 
Dealt to 223fb3c2 
eb7e17b8: folds
f606b392: folds
223fb3c2: folds
a3bae4a9: folds
Hero: folds
Uncalled bet ($0.03) returned to c0ee335
*** SHOWDOWN ***
c0ee335 collected $0.04 from pot
*** SUMMARY ***
Total pot $0.04 | Rake $0 | Jackpot $0 | Bingo $0 | Fortune $0
Seat 1: a3bae4a9 (button) folded before Flop (didn't bet)
Seat 2: Hero (small blind) folded before Flop
Seat 3: c0ee335 (big blind) collected ($0.04)
Seat 4: eb7e17b8 folded before Flop (didn't bet)
Seat 5: f606b392 folded before Flop (didn't bet)
Seat 6: 223fb3c2 folded before Flop (didn't bet)


Poker Hand #HD1182741954: Hold'em No Limit  ($0.02/$0.05) - 2023/03/30 18:30:44
Table 'NLHBlue114' 6-max Seat #6 is the button
Seat 1: a3bae4a9 ($4.88 in chips)
Seat 2: Hero ($8.65 in chips)
Seat 3: c0ee335 ($5.94 in chips)
Seat 4: eb7e17b8 ($9.96 in chips)
Seat 5: f606b392 ($4.5 in chips)
Seat 6: 223fb3c2 ($7.28 in chips)
a3bae4a9: posts small blind $0.02
Hero: posts big blind $0.05
*** HOLE CARDS ***
Dealt to a3bae4a9 
Dealt to Hero [5c 2d]
Dealt to c0ee335 
Dealt to eb7e17b8 
Dealt to f606b392 
Dealt to 223fb3c2 
c0ee335: folds
eb7e17b8: folds
f606b392: folds
223fb3c2: raises $0.06 to $0.11
a3bae4a9: folds
Hero: folds
Uncalled bet ($0.06) returned to 223fb3c2
*** SHOWDOWN ***
223fb3c2 collected $0.12 from pot
*** SUMMARY ***
Total pot $0.12 | Rake $0 | Jackpot $0 | Bingo $0 | Fortune $0
Seat 1: a3bae4a9 (small blind) folded before Flop
Seat 2: Hero (big blind) folded before Flop
Seat 3: c0ee335 folded before Flop (didn't bet)
Seat 4: eb7e17b8 folded before Flop (didn't bet)
Seat 5: f606b392 folded before Flop (didn't bet)
Seat 6: 223fb3c2 (button) collected ($0.12)


Poker Hand #HD1182741906: Hold'em No Limit  ($0.02/$0.05) - 2023/03/30 18:30:28
Table 'NLHBlue114' 6-max Seat #5 is the button
Seat 1: a3bae4a9 ($4.93 in chips)
Seat 2: Hero ($8.65 in chips)
Seat 3: c0ee335 ($5.94 in chips)
Seat 4: eb7e17b8 ($9.96 in chips)
Seat 5: f606b392 ($4.43 in chips)
Seat 6: 223fb3c2 ($7.3 in chips)
223fb3c2: posts small blind $0.02
a3bae4a9: posts big blind $0.05
*** HOLE CARDS ***
Dealt to a3bae4a9 
Dealt to Hero [8d 5c]
Dealt to c0ee335 
Dealt to eb7e17b8 
Dealt to f606b392 
Dealt to 223fb3c2 
Hero: folds
c0ee335: folds
eb7e17b8: folds
f606b392: raises $0.08 to $0.13
223fb3c2: folds
a3bae4a9: folds
Uncalled bet ($0.08) returned to f606b392
*** SHOWDOWN ***
f606b392 collected $0.12 from pot
*** SUMMARY ***
Total pot $0.12 | Rake $0 | Jackpot $0 | Bingo $0 | Fortune $0
Seat 1: a3bae4a9 (big blind) folded before Flop
Seat 2: Hero folded before Flop (didn't bet)
Seat 3: c0ee335 folded before Flop (didn't bet)
Seat 4: eb7e17b8 folded before Flop (didn't bet)
Seat 5: f606b392 (button) collected ($0.12)
Seat 6: 223fb3c2 (small blind) folded before Flop


Poker Hand #HD1182741856: Hold'em No Limit  ($0.02/$0.05) - 2023/03/30 18:30:11
Table 'NLHBlue114' 6-max Seat #4 is the button
Seat 1: a3bae4a9 ($4.93 in chips)
Seat 2: Hero ($8.65 in chips)
Seat 3: c0ee335 ($5.94 in chips)
Seat 4: eb7e17b8 ($9.96 in chips)
Seat 5: f606b392 ($4.38 in chips)
Seat 6: 223fb3c2 ($7.35 in chips)
f606b392: posts small blind $0.02
223fb3c2: posts big blind $0.05
*** HOLE CARDS ***
Dealt to a3bae4a9 
Dealt to Hero [5d 6s]
Dealt to c0ee335 
Dealt to eb7e17b8 
Dealt to f606b392 
Dealt to 223fb3c2 
a3bae4a9: folds
Hero: folds
c0ee335: folds
eb7e17b8: folds
f606b392: raises $0.1 to $0.15
223fb3c2: folds
Uncalled bet ($0.1) returned to f606b392
*** SHOWDOWN ***
f606b392 collected $0.1 from pot
*** SUMMARY ***
Total pot $0.1 | Rake $0 | Jackpot $0 | Bingo $0 | Fortune $0
Seat 1: a3bae4a9 folded before Flop (didn't bet)
Seat 2: Hero folded before Flop (didn't bet)
Seat 3: c0ee335 folded before Flop (didn't bet)
Seat 4: eb7e17b8 (button) folded before Flop (didn't bet)
Seat 5: f606b392 (small blind) collected ($0.1)
Seat 6: 223fb3c2 (big blind) folded before Flop


Poker Hand #HD1182741808: Hold'em No Limit  ($0.02/$0.05) - 2023/03/30 18:29:54
Table 'NLHBlue114' 6-max Seat #3 is the button
Seat 1: a3bae4a9 ($4.93 in chips)
Seat 2: Hero ($8.58 in chips)
Seat 3: c0ee335 ($5.94 in chips)
Seat 4: eb7e17b8 ($9.98 in chips)
Seat 5: f606b392 ($4.43 in chips)
Seat 6: 223fb3c2 ($7.35 in chips)
eb7e17b8: posts small blind $0.02
f606b392: posts big blind $0.05
*** HOLE CARDS ***
Dealt to a3bae4a9 
Dealt to Hero [Kh As]
Dealt to c0ee335 
Dealt to eb7e17b8 
Dealt to f606b392 
Dealt to 223fb3c2 
223fb3c2: folds
a3bae4a9: folds
Hero: raises $0.07 to $0.12
c0ee335: folds
eb7e17b8: folds
f606b392: folds
Uncalled bet ($0.07) returned to Hero
*** SHOWDOWN ***
Hero collected $0.12 from pot
*** SUMMARY ***
Total pot $0.12 | Rake $0 | Jackpot $0 | Bingo $0 | Fortune $0
Seat 1: a3bae4a9 folded before Flop (didn't bet)
Seat 2: Hero collected ($0.12)
Seat 3: c0ee335 (button) folded before Flop (didn't bet)
Seat 4: eb7e17b8 (small blind) folded before Flop
Seat 5: f606b392 (big blind) folded before Flop
Seat 6: 223fb3c2 folded before Flop (didn't bet)


Poker Hand #HD1182741745: Hold'em No Limit  ($0.02/$0.05) - 2023/03/30 18:29:29
Table 'NLHBlue114' 6-max Seat #2 is the button
Seat 1: a3bae4a9 ($4.93 in chips)
Seat 2: Hero ($8.51 in chips)
Seat 3: c0ee335 ($5.96 in chips)
Seat 4: eb7e17b8 ($10.03 in chips)
Seat 5: f606b392 ($4.43 in chips)
Seat 6: 223fb3c2 ($7.35 in chips)
c0ee335: posts small blind $0.02
eb7e17b8: posts big blind $0.05
*** HOLE CARDS ***
Dealt to a3bae4a9 
Dealt to Hero [4c Jc]
Dealt to c0ee335 
Dealt to eb7e17b8 
Dealt to f606b392 
Dealt to 223fb3c2 
f606b392: folds
223fb3c2: folds
a3bae4a9: folds
Hero: raises $0.07 to $0.12
c0ee335: folds
eb7e17b8: folds
Uncalled bet ($0.07) returned to Hero
*** SHOWDOWN ***
Hero collected $0.12 from pot
*** SUMMARY ***
Total pot $0.12 | Rake $0 | Jackpot $0 | Bingo $0 | Fortune $0
Seat 1: a3bae4a9 folded before Flop (didn't bet)
Seat 2: Hero (button) collected ($0.12)
Seat 3: c0ee335 (small blind) folded before Flop
Seat 4: eb7e17b8 (big blind) folded before Flop
Seat 5: f606b392 folded before Flop (didn't bet)
Seat 6: 223fb3c2 folded before Flop (didn't bet)


Poker Hand #HD1182741684: Hold'em No Limit  ($0.02/$0.05) - 2023/03/30 18:29:05
Table 'NLHBlue114' 6-max Seat #1 is the button
Seat 1: a3bae4a9 ($4.86 in chips)
Seat 2: Hero ($8.53 in chips)
Seat 3: c0ee335 ($6.01 in chips)
Seat 4: eb7e17b8 ($10.03 in chips)
Seat 5: f606b392 ($4.43 in chips)
Seat 6: 223fb3c2 ($7.35 in chips)
Hero: posts small blind $0.02
c0ee335: posts big blind $0.05
*** HOLE CARDS ***
Dealt to a3bae4a9 
Dealt to Hero [3s As]
Dealt to c0ee335 
Dealt to eb7e17b8 
Dealt to f606b392 
Dealt to 223fb3c2 
eb7e17b8: folds
f606b392: folds
223fb3c2: folds
a3bae4a9: raises $0.1 to $0.15
Hero: folds
c0ee335: folds
Uncalled bet ($0.1) returned to a3bae4a9
*** SHOWDOWN ***
a3bae4a9 collected $0.12 from pot
*** SUMMARY ***
Total pot $0.12 | Rake $0 | Jackpot $0 | Bingo $0 | Fortune $0
Seat 1: a3bae4a9 (button) collected ($0.12)
Seat 2: Hero (small blind) folded before Flop
Seat 3: c0ee335 (big blind) folded before Flop
Seat 4: eb7e17b8 folded before Flop (didn't bet)
Seat 5: f606b392 folded before Flop (didn't bet)
Seat 6: 223fb3c2 folded before Flop (didn't bet)


Poker Hand #HD1182741585: Hold'em No Limit  ($0.02/$0.05) - 2023/03/30 18:28:30
Table 'NLHBlue114' 6-max Seat #6 is the button
Seat 1: a3bae4a9 ($4.88 in chips)
Seat 2: Hero ($8.66 in chips)
Seat 3: c0ee335 ($6.01 in chips)
Seat 4: eb7e17b8 ($10.03 in chips)
Seat 5: f606b392 ($4.29 in chips)
Seat 6: 223fb3c2 ($7.35 in chips)
a3bae4a9: posts small blind $0.02
Hero: posts big blind $0.05
*** HOLE CARDS ***
Dealt to a3bae4a9 
Dealt to Hero [Qh 3h]
Dealt to c0ee335 
Dealt to eb7e17b8 
Dealt to f606b392 
Dealt to 223fb3c2 
c0ee335: folds
eb7e17b8: folds
f606b392: raises $0.08 to $0.13
223fb3c2: folds
a3bae4a9: folds
Hero: calls $0.08
*** FLOP *** [4s 2d 9d]
Hero: checks
f606b392: checks
*** TURN *** [4s 2d 9d] [4h]
Hero: checks
f606b392: checks
*** RIVER *** [4s 2d 9d 4h] [Kc]
Hero: checks
f606b392: checks
Hero: shows [Qh 3h] (Pair of Fours)
f606b392: shows [Qs Th] (Pair of Fours)
*** SHOWDOWN ***
f606b392 collected $0.27 from pot
*** SUMMARY ***
Total pot $0.28 | Rake $0.01 | Jackpot $0 | Bingo $0 | Fortune $0
Board [4s 2d 9d 4h Kc]
Seat 1: a3bae4a9 (small blind) folded before Flop
Seat 2: Hero (big blind) showed [Qh 3h] and lost with Pair of Fours
Seat 3: c0ee335 folded before Flop (didn't bet)
Seat 4: eb7e17b8 folded before Flop (didn't bet)
Seat 5: f606b392 showed [Qs Th] and won ($0.27) with Pair of Fours
Seat 6: 223fb3c2 (button) folded before Flop (didn't bet)


Poker Hand #HD1182741495: Hold'em No Limit  ($0.02/$0.05) - 2023/03/30 18:27:55
Table 'NLHBlue114' 6-max Seat #5 is the button
Seat 1: a3bae4a9 ($4.98 in chips)
Seat 2: Hero ($8.66 in chips)
Seat 3: c0ee335 ($5.9 in chips)
Seat 4: eb7e17b8 ($10.03 in chips)
Seat 5: f606b392 ($4.29 in chips)
Seat 6: 223fb3c2 ($7.37 in chips)
223fb3c2: posts small blind $0.02
a3bae4a9: posts big blind $0.05
*** HOLE CARDS ***
Dealt to a3bae4a9 
Dealt to Hero [Kd 8s]
Dealt to c0ee335 
Dealt to eb7e17b8 
Dealt to f606b392 
Dealt to 223fb3c2 
Hero: folds
c0ee335: raises $0.05 to $0.1
eb7e17b8: folds
f606b392: folds
223fb3c2: folds
a3bae4a9: calls $0.05
*** FLOP *** [9s Ah 5d]
a3bae4a9: checks
c0ee335: checks
*** TURN *** [9s Ah 5d] [Jh]
a3bae4a9: checks
c0ee335: checks
*** RIVER *** [9s Ah 5d Jh] [9h]
a3bae4a9: checks
c0ee335: checks
a3bae4a9: shows [Qc 8c] (Pair of Nines)
c0ee335: shows [Ks Qh] (Pair of Nines)
*** SHOWDOWN ***
c0ee335 collected $0.21 from pot
*** SUMMARY ***
Total pot $0.22 | Rake $0.01 | Jackpot $0 | Bingo $0 | Fortune $0
Board [9s Ah 5d Jh 9h]
Seat 1: a3bae4a9 (big blind) showed [Qc 8c] and lost with Pair of Nines
Seat 2: Hero folded before Flop (didn't bet)
Seat 3: c0ee335 showed [Ks Qh] and won ($0.21) with Pair of Nines
Seat 4: eb7e17b8 folded before Flop (didn't bet)
Seat 5: f606b392 (button) folded before Flop (didn't bet)
Seat 6: 223fb3c2 (small blind) folded before Flop


Poker Hand #HD1182741385: Hold'em No Limit  ($0.02/$0.05) - 2023/03/30 18:27:17
Table 'NLHBlue114' 6-max Seat #4 is the button
Seat 1: a3bae4a9 ($4.98 in chips)
Seat 2: Hero ($8.66 in chips)
Seat 3: c0ee335 ($6.13 in chips)
Seat 4: eb7e17b8 ($10.03 in chips)
Seat 5: f606b392 ($4.03 in chips)
Seat 6: 223fb3c2 ($7.42 in chips)
f606b392: posts small blind $0.02
223fb3c2: posts big blind $0.05
*** HOLE CARDS ***
Dealt to a3bae4a9 
Dealt to Hero [4d Kh]
Dealt to c0ee335 
Dealt to eb7e17b8 
Dealt to f606b392 
Dealt to 223fb3c2 
a3bae4a9: folds
Hero: folds
c0ee335: raises $0.05 to $0.1
eb7e17b8: folds
f606b392: calls $0.08
223fb3c2: folds
*** FLOP *** [2d Jh Kc]
f606b392: checks
c0ee335: bets $0.13
f606b392: raises $0.26 to $0.39
c0ee335: folds
Uncalled bet ($0.26) returned to f606b392
*** SHOWDOWN ***
f606b392 collected $0.49 from pot
*** SUMMARY ***
Total pot $0.51 | Rake $0.02 | Jackpot $0 | Bingo $0 | Fortune $0
Board [2d Jh Kc]
Seat 1: a3bae4a9 folded before Flop (didn't bet)
Seat 2: Hero folded before Flop (didn't bet)
Seat 3: c0ee335 folded on the Flop
Seat 4: eb7e17b8 (button) folded before Flop (didn't bet)
Seat 5: f606b392 (small blind) won ($0.49)
Seat 6: 223fb3c2 (big blind) folded before Flop


Poker Hand #HD1182741342: Hold'em No Limit  ($0.02/$0.05) - 2023/03/30 18:26:54
Table 'NLHBlue114' 6-max Seat #3 is the button
Seat 1: a3bae4a9 ($4.98 in chips)
Seat 2: Hero ($8.66 in chips)
Seat 3: c0ee335 ($6.13 in chips)
Seat 4: eb7e17b8 ($9.98 in chips)
Seat 5: f606b392 ($4.08 in chips)
Seat 6: 223fb3c2 ($7.42 in chips)
eb7e17b8: posts small blind $0.02
f606b392: posts big blind $0.05
*** HOLE CARDS ***
Dealt to a3bae4a9 
Dealt to Hero [8d Qc]
Dealt to c0ee335 
Dealt to eb7e17b8 
Dealt to f606b392 
Dealt to 223fb3c2 
223fb3c2: folds
a3bae4a9: folds
Hero: folds
c0ee335: folds
eb7e17b8: raises $0.08 to $0.13
f606b392: folds
Uncalled bet ($0.08) returned to eb7e17b8
*** SHOWDOWN ***
eb7e17b8 collected $0.1 from pot
*** SUMMARY ***
Total pot $0.1 | Rake $0 | Jackpot $0 | Bingo $0 | Fortune $0
Seat 1: a3bae4a9 folded before Flop (didn't bet)
Seat 2: Hero folded before Flop (didn't bet)
Seat 3: c0ee335 (button) folded before Flop (didn't bet)
Seat 4: eb7e17b8 (small blind) collected ($0.1)
Seat 5: f606b392 (big blind) folded before Flop
Seat 6: 223fb3c2 folded before Flop (didn't bet)


Poker Hand #HD1182741244: Hold'em No Limit  ($0.02/$0.05) - 2023/03/30 18:26:18
Table 'NLHBlue114' 6-max Seat #2 is the button
Seat 1: a3bae4a9 ($4.98 in chips)
Seat 2: Hero ($8.66 in chips)
Seat 3: c0ee335 ($5.98 in chips)
Seat 4: eb7e17b8 ($10.03 in chips)
Seat 5: f606b392 ($4.08 in chips)
Seat 6: 223fb3c2 ($7.53 in chips)
c0ee335: posts small blind $0.02
eb7e17b8: posts big blind $0.05
*** HOLE CARDS ***
Dealt to a3bae4a9 
Dealt to Hero [Qh 7h]
Dealt to c0ee335 
Dealt to eb7e17b8 
Dealt to f606b392 
Dealt to 223fb3c2 
f606b392: folds
223fb3c2: raises $0.06 to $0.11
a3bae4a9: folds
Hero: folds
c0ee335: calls $0.09
eb7e17b8: folds
*** FLOP *** [Tc 4s 3h]
c0ee335: checks
223fb3c2: checks
*** TURN *** [Tc 4s 3h] [Kd]
c0ee335: bets $0.14
223fb3c2: folds
Uncalled bet ($0.14) returned to c0ee335
*** SHOWDOWN ***
c0ee335 collected $0.26 from pot
*** SUMMARY ***
Total pot $0.27 | Rake $0.01 | Jackpot $0 | Bingo $0 | Fortune $0
Board [Tc 4s 3h Kd]
Seat 1: a3bae4a9 folded before Flop (didn't bet)
Seat 2: Hero (button) folded before Flop (didn't bet)
Seat 3: c0ee335 (small blind) won ($0.26)
Seat 4: eb7e17b8 (big blind) folded before Flop
Seat 5: f606b392 folded before Flop (didn't bet)
Seat 6: 223fb3c2 folded on the Turn


Poker Hand #HD1182741143: Hold'em No Limit  ($0.02/$0.05) - 2023/03/30 18:25:48
Table 'NLHBlue114' 6-max Seat #1 is the button
Seat 1: a3bae4a9 ($4.98 in chips)
Seat 2: Hero ($8.4 in chips)
Seat 3: c0ee335 ($6.26 in chips)
Seat 4: eb7e17b8 ($10.03 in chips)
Seat 5: f606b392 ($4.08 in chips)
Seat 6: 223fb3c2 ($7.53 in chips)
Hero: posts small blind $0.02
c0ee335: posts big blind $0.05
*** HOLE CARDS ***
Dealt to a3bae4a9 
Dealt to Hero [Tc 9c]
Dealt to c0ee335 
Dealt to eb7e17b8 
Dealt to f606b392 
Dealt to 223fb3c2 
eb7e17b8: folds
f606b392: folds
223fb3c2: folds
a3bae4a9: folds
Hero: raises $0.09 to $0.14
c0ee335: calls $0.09
*** FLOP *** [8h Js 2s]
Hero: bets $0.14
c0ee335: calls $0.14
*** TURN *** [8h Js 2s] [2c]
Hero: bets $0.32
c0ee335: folds
Uncalled bet ($0.32) returned to Hero
*** SHOWDOWN ***
Hero collected $0.54 from pot
*** SUMMARY ***
Total pot $0.56 | Rake $0.02 | Jackpot $0 | Bingo $0 | Fortune $0
Board [8h Js 2s 2c]
Seat 1: a3bae4a9 (button) folded before Flop (didn't bet)
Seat 2: Hero (small blind) won ($0.54)
Seat 3: c0ee335 (big blind) folded on the Turn
Seat 4: eb7e17b8 folded before Flop (didn't bet)
Seat 5: f606b392 folded before Flop (didn't bet)
Seat 6: 223fb3c2 folded before Flop (didn't bet)


Poker Hand #HD1182741094: Hold'em No Limit  ($0.02/$0.05) - 2023/03/30 18:25:32
Table 'NLHBlue114' 6-max Seat #6 is the button
Seat 1: a3bae4a9 ($5 in chips)
Seat 2: Hero ($8.45 in chips)
Seat 3: c0ee335 ($6.26 in chips)
Seat 4: eb7e17b8 ($10.03 in chips)
Seat 5: f606b392 ($4.01 in chips)
Seat 6: 223fb3c2 ($7.53 in chips)
a3bae4a9: posts small blind $0.02
Hero: posts big blind $0.05
*** HOLE CARDS ***
Dealt to a3bae4a9 
Dealt to Hero [6h Ac]
Dealt to c0ee335 
Dealt to eb7e17b8 
Dealt to f606b392 
Dealt to 223fb3c2 
c0ee335: folds
eb7e17b8: folds
f606b392: raises $0.08 to $0.13
223fb3c2: folds
a3bae4a9: folds
Hero: folds
Uncalled bet ($0.08) returned to f606b392
*** SHOWDOWN ***
f606b392 collected $0.12 from pot
*** SUMMARY ***
Total pot $0.12 | Rake $0 | Jackpot $0 | Bingo $0 | Fortune $0
Seat 1: a3bae4a9 (small blind) folded before Flop
Seat 2: Hero (big blind) folded before Flop
Seat 3: c0ee335 folded before Flop (didn't bet)
Seat 4: eb7e17b8 folded before Flop (didn't bet)
Seat 5: f606b392 collected ($0.12)
Seat 6: 223fb3c2 (button) folded before Flop (didn't bet)


Poker Hand #HD1182740963: Hold'em No Limit  ($0.02/$0.05) - 2023/03/30 18:24:41
Table 'NLHBlue114' 6-max Seat #5 is the button
Seat 1: a3bae4a9 ($5 in chips)
Seat 2: Hero ($8.45 in chips)
Seat 3: c0ee335 ($5.5 in chips)
Seat 4: eb7e17b8 ($10.03 in chips)
Seat 5: f606b392 ($4.01 in chips)
Seat 6: 223fb3c2 ($7.55 in chips)
223fb3c2: posts small blind $0.02
a3bae4a9: posts big blind $0.05
*** HOLE CARDS ***
Dealt to a3bae4a9 
Dealt to Hero [Qc 8s]
Dealt to c0ee335 
Dealt to eb7e17b8 
Dealt to f606b392 
Dealt to 223fb3c2 
Hero: folds
c0ee335: raises $0.05 to $0.1
eb7e17b8: folds
f606b392: folds
223fb3c2: folds
a3bae4a9: calls $0.05
*** FLOP *** [3c Ad 8h]
a3bae4a9: checks
c0ee335: bets $0.11
a3bae4a9: calls $0.11
*** TURN *** [3c Ad 8h] [2h]
a3bae4a9: checks
c0ee335: bets $0.22
a3bae4a9: calls $0.22
*** RIVER *** [3c Ad 8h 2h] [9c]
a3bae4a9: checks
c0ee335: bets $0.44
a3bae4a9: calls $0.44
c0ee335: shows [Ah Kd] (Pair of Aces)
a3bae4a9: shows [6s As] (Pair of Aces)
*** SHOWDOWN ***
c0ee335 collected $1.63 from pot
*** SUMMARY ***
Total pot $1.76 | Rake $0.08 | Jackpot $0.05 | Bingo $0 | Fortune $0
Board [3c Ad 8h 2h 9c]
Seat 1: a3bae4a9 (big blind) showed [6s As] and lost with Pair of Aces
Seat 2: Hero folded before Flop (didn't bet)
Seat 3: c0ee335 showed [Ah Kd] and won ($1.63) with Pair of Aces
Seat 4: eb7e17b8 folded before Flop (didn't bet)
Seat 5: f606b392 (button) folded before Flop (didn't bet)
Seat 6: 223fb3c2 (small blind) folded before Flop


Poker Hand #HD1182740848: Hold'em No Limit  ($0.02/$0.05) - 2023/03/30 18:23:57
Table 'NLHBlue114' 6-max Seat #4 is the button
Seat 1: e441c5ee ($5.07 in chips)
Seat 2: Hero ($8.45 in chips)
Seat 3: c0ee335 ($5.6 in chips)
Seat 4: eb7e17b8 ($10.03 in chips)
Seat 5: f606b392 ($4.03 in chips)
Seat 6: 223fb3c2 ($7.44 in chips)
f606b392: posts small blind $0.02
223fb3c2: posts big blind $0.05
*** HOLE CARDS ***
Dealt to e441c5ee 
Dealt to Hero [9d Qs]
Dealt to c0ee335 
Dealt to eb7e17b8 
Dealt to f606b392 
Dealt to 223fb3c2 
e441c5ee: folds
Hero: folds
c0ee335: raises $0.05 to $0.1
eb7e17b8: folds
f606b392: folds
223fb3c2: calls $0.05
*** FLOP *** [7c 5d 7h]
223fb3c2: checks
c0ee335: checks
*** TURN *** [7c 5d 7h] [2c]
223fb3c2: checks
c0ee335: checks
*** RIVER *** [7c 5d 7h 2c] [9h]
223fb3c2: bets $0.12
c0ee335: folds
Uncalled bet ($0.12) returned to 223fb3c2
*** SHOWDOWN ***
223fb3c2 collected $0.21 from pot
*** SUMMARY ***
Total pot $0.22 | Rake $0.01 | Jackpot $0 | Bingo $0 | Fortune $0
Board [7c 5d 7h 2c 9h]
Seat 1: e441c5ee folded before Flop (didn't bet)
Seat 2: Hero folded before Flop (didn't bet)
Seat 3: c0ee335 folded on the River
Seat 4: eb7e17b8 (button) folded before Flop (didn't bet)
Seat 5: f606b392 (small blind) folded before Flop
Seat 6: 223fb3c2 (big blind) won ($0.21)


Poker Hand #HD1182740756: Hold'em No Limit  ($0.02/$0.05) - 2023/03/30 18:23:27
Table 'NLHBlue114' 6-max Seat #3 is the button
Seat 1: e441c5ee ($5.07 in chips)
Seat 2: Hero ($8.28 in chips)
Seat 3: c0ee335 ($5.6 in chips)
Seat 4: eb7e17b8 ($10.05 in chips)
Seat 5: f606b392 ($4.08 in chips)
Seat 6: 223fb3c2 ($7.55 in chips)
eb7e17b8: posts small blind $0.02
f606b392: posts big blind $0.05
*** HOLE CARDS ***
Dealt to e441c5ee 
Dealt to Hero [Jh Ah]
Dealt to c0ee335 
Dealt to eb7e17b8 
Dealt to f606b392 
Dealt to 223fb3c2 
223fb3c2: raises $0.06 to $0.11
e441c5ee: folds
Hero: raises $0.23 to $0.34
c0ee335: folds
eb7e17b8: folds
f606b392: folds
223fb3c2: folds
Uncalled bet ($0.23) returned to Hero
*** SHOWDOWN ***
Hero collected $0.28 from pot
*** SUMMARY ***
Total pot $0.29 | Rake $0.01 | Jackpot $0 | Bingo $0 | Fortune $0
Seat 1: e441c5ee folded before Flop (didn't bet)
Seat 2: Hero collected ($0.28)
Seat 3: c0ee335 (button) folded before Flop (didn't bet)
Seat 4: eb7e17b8 (small blind) folded before Flop
Seat 5: f606b392 (big blind) folded before Flop
Seat 6: 223fb3c2 folded before Flop


Poker Hand #HD1182740642: Hold'em No Limit  ($0.02/$0.05) - 2023/03/30 18:22:46
Table 'NLHBlue114' 6-max Seat #2 is the button
Seat 1: e441c5ee ($5.07 in chips)
Seat 2: Hero ($7.97 in chips)
Seat 3: c0ee335 ($5.62 in chips)
Seat 4: eb7e17b8 ($10.37 in chips)
Seat 5: f606b392 ($4.08 in chips)
Seat 6: 223fb3c2 ($7.55 in chips)
c0ee335: posts small blind $0.02
eb7e17b8: posts big blind $0.05
*** HOLE CARDS ***
Dealt to e441c5ee 
Dealt to Hero [Ts Th]
Dealt to c0ee335 
Dealt to eb7e17b8 
Dealt to f606b392 
Dealt to 223fb3c2 
f606b392: folds
223fb3c2: folds
e441c5ee: folds
Hero: raises $0.07 to $0.12
c0ee335: folds
eb7e17b8: calls $0.07
*** FLOP *** [9d 8h Qc]
eb7e17b8: checks
Hero: bets $0.2
eb7e17b8: calls $0.2
*** TURN *** [9d 8h Qc] [9s]
eb7e17b8: checks
Hero: bets $0.5
eb7e17b8: folds
Uncalled bet ($0.5) returned to Hero
*** SHOWDOWN ***
Hero collected $0.63 from pot
*** SUMMARY ***
Total pot $0.66 | Rake $0.03 | Jackpot $0 | Bingo $0 | Fortune $0
Board [9d 8h Qc 9s]
Seat 1: e441c5ee folded before Flop (didn't bet)
Seat 2: Hero (button) won ($0.63)
Seat 3: c0ee335 (small blind) folded before Flop
Seat 4: eb7e17b8 (big blind) folded on the Turn
Seat 5: f606b392 folded before Flop (didn't bet)
Seat 6: 223fb3c2 folded before Flop (didn't bet)


Poker Hand #HD1182740600: Hold'em No Limit  ($0.02/$0.05) - 2023/03/30 18:22:30
Table 'NLHBlue114' 6-max Seat #1 is the button
Seat 1: e441c5ee ($5 in chips)
Seat 2: Hero ($7.99 in chips)
Seat 3: c0ee335 ($5.67 in chips)
Seat 4: eb7e17b8 ($10.37 in chips)
Seat 5: f606b392 ($4.08 in chips)
Seat 6: 223fb3c2 ($7.55 in chips)
Hero: posts small blind $0.02
c0ee335: posts big blind $0.05
*** HOLE CARDS ***
Dealt to e441c5ee 
Dealt to Hero [3c 3h]
Dealt to c0ee335 
Dealt to eb7e17b8 
Dealt to f606b392 
Dealt to 223fb3c2 
eb7e17b8: folds
f606b392: folds
223fb3c2: folds
e441c5ee: raises $0.1 to $0.15
Hero: folds
c0ee335: folds
Uncalled bet ($0.1) returned to e441c5ee
*** SHOWDOWN ***
e441c5ee collected $0.12 from pot
*** SUMMARY ***
Total pot $0.12 | Rake $0 | Jackpot $0 | Bingo $0 | Fortune $0
Seat 1: e441c5ee (button) collected ($0.12)
Seat 2: Hero (small blind) folded before Flop
Seat 3: c0ee335 (big blind) folded before Flop
Seat 4: eb7e17b8 folded before Flop (didn't bet)
Seat 5: f606b392 folded before Flop (didn't bet)
Seat 6: 223fb3c2 folded before Flop (didn't bet)


Poker Hand #HD1182740565: Hold'em No Limit  ($0.02/$0.05) - 2023/03/30 18:22:14
Table 'NLHBlue114' 6-max Seat #6 is the button
Seat 1: e441c5ee ($5 in chips)
Seat 2: Hero ($8.04 in chips)
Seat 3: c0ee335 ($5.67 in chips)
Seat 4: eb7e17b8 ($10.37 in chips)
Seat 5: f606b392 ($4.01 in chips)
Seat 6: 223fb3c2 ($7.55 in chips)
e441c5ee: posts small blind $0.02
Hero: posts big blind $0.05
*** HOLE CARDS ***
Dealt to e441c5ee 
Dealt to Hero [6d 2c]
Dealt to c0ee335 
Dealt to eb7e17b8 
Dealt to f606b392 
Dealt to 223fb3c2 
c0ee335: folds
eb7e17b8: folds
f606b392: raises $0.08 to $0.13
223fb3c2: folds
e441c5ee: folds
Hero: folds
Uncalled bet ($0.08) returned to f606b392
*** SHOWDOWN ***
f606b392 collected $0.12 from pot
*** SUMMARY ***
Total pot $0.12 | Rake $0 | Jackpot $0 | Bingo $0 | Fortune $0
Seat 1: e441c5ee (small blind) folded before Flop
Seat 2: Hero (big blind) folded before Flop
Seat 3: c0ee335 folded before Flop (didn't bet)
Seat 4: eb7e17b8 folded before Flop (didn't bet)
Seat 5: f606b392 collected ($0.12)
Seat 6: 223fb3c2 (button) folded before Flop (didn't bet)


Poker Hand #HD1182740503: Hold'em No Limit  ($0.02/$0.05) - 2023/03/30 18:21:52
Table 'NLHBlue114' 6-max Seat #5 is the button
Seat 1: e441c5ee ($5.02 in chips)
Seat 2: Hero ($8.04 in chips)
Seat 3: c0ee335 ($5.6 in chips)
Seat 4: eb7e17b8 ($10.37 in chips)
Seat 5: f606b392 ($4.01 in chips)
Seat 6: 223fb3c2 ($7.57 in chips)
223fb3c2: posts small blind $0.02
e441c5ee: posts big blind $0.05
*** HOLE CARDS ***
Dealt to e441c5ee 
Dealt to Hero [Jh 8h]
Dealt to c0ee335 
Dealt to eb7e17b8 
Dealt to f606b392 
Dealt to 223fb3c2 
Hero: folds
c0ee335: raises $0.05 to $0.1
eb7e17b8: folds
f606b392: folds
223fb3c2: folds
e441c5ee: folds
Uncalled bet ($0.05) returned to c0ee335
*** SHOWDOWN ***
c0ee335 collected $0.12 from pot
*** SUMMARY ***
Total pot $0.12 | Rake $0 | Jackpot $0 | Bingo $0 | Fortune $0
Seat 1: e441c5ee (big blind) folded before Flop
Seat 2: Hero folded before Flop (didn't bet)
Seat 3: c0ee335 collected ($0.12)
Seat 4: eb7e17b8 folded before Flop (didn't bet)
Seat 5: f606b392 (button) folded before Flop (didn't bet)
Seat 6: 223fb3c2 (small blind) folded before Flop


Poker Hand #HD1182740387: Hold'em No Limit  ($0.02/$0.05) - 2023/03/30 18:21:13
Table 'NLHBlue114' 6-max Seat #4 is the button
Seat 1: e441c5ee ($5.02 in chips)
Seat 2: Hero ($7.77 in chips)
Seat 3: c0ee335 ($5.6 in chips)
Seat 4: eb7e17b8 ($10.49 in chips)
Seat 5: f606b392 ($4.13 in chips)
Seat 6: 223fb3c2 ($7.62 in chips)
f606b392: posts small blind $0.02
223fb3c2: posts big blind $0.05
*** HOLE CARDS ***
Dealt to e441c5ee 
Dealt to Hero [Kh 9h]
Dealt to c0ee335 
Dealt to eb7e17b8 
Dealt to f606b392 
Dealt to 223fb3c2 
e441c5ee: folds
Hero: raises $0.07 to $0.12
c0ee335: folds
eb7e17b8: calls $0.12
f606b392: calls $0.1
223fb3c2: folds
*** FLOP *** [3c Th Ks]
f606b392: checks
Hero: bets $0.21
eb7e17b8: folds
f606b392: folds
Uncalled bet ($0.21) returned to Hero
*** SHOWDOWN ***
Hero collected $0.39 from pot
*** SUMMARY ***
Total pot $0.41 | Rake $0.02 | Jackpot $0 | Bingo $0 | Fortune $0
Board [3c Th Ks]
Seat 1: e441c5ee folded before Flop (didn't bet)
Seat 2: Hero won ($0.39)
Seat 3: c0ee335 folded before Flop (didn't bet)
Seat 4: eb7e17b8 (button) folded on the Flop
Seat 5: f606b392 (small blind) folded on the Flop
Seat 6: 223fb3c2 (big blind) folded before Flop


Poker Hand #HD1182740232: Hold'em No Limit  ($0.02/$0.05) - 2023/03/30 18:20:18
Table 'NLHBlue114' 6-max Seat #3 is the button
Seat 1: e441c5ee ($5.02 in chips)
Seat 2: Hero ($7.77 in chips)
Seat 3: c0ee335 ($4.84 in chips)
Seat 4: eb7e17b8 ($10.51 in chips)
Seat 5: f606b392 ($5 in chips)
Seat 6: 223fb3c2 ($7.62 in chips)
eb7e17b8: posts small blind $0.02
f606b392: posts big blind $0.05
*** HOLE CARDS ***
Dealt to e441c5ee 
Dealt to Hero [7d 2s]
Dealt to c0ee335 
Dealt to eb7e17b8 
Dealt to f606b392 
Dealt to 223fb3c2 
223fb3c2: folds
e441c5ee: folds
Hero: folds
c0ee335: raises $0.05 to $0.1
eb7e17b8: folds
f606b392: calls $0.05
*** FLOP *** [Kh Ad 3h]
f606b392: bets $0.11
c0ee335: calls $0.11
*** TURN *** [Kh Ad 3h] [9s]
f606b392: checks
c0ee335: bets $0.22
f606b392: calls $0.22
*** RIVER *** [Kh Ad 3h 9s] [9c]
f606b392: checks
c0ee335: bets $0.44
f606b392: calls $0.44
c0ee335: shows [Js As] (Pair of Aces and Pair of Nines)
f606b392: shows [Kd 8c] (Pair of Kings and Pair of Nines)
*** SHOWDOWN ***
c0ee335 collected $1.63 from pot
*** SUMMARY ***
Total pot $1.76 | Rake $0.08 | Jackpot $0.05 | Bingo $0 | Fortune $0
Board [Kh Ad 3h 9s 9c]
Seat 1: e441c5ee folded before Flop (didn't bet)
Seat 2: Hero folded before Flop (didn't bet)
Seat 3: c0ee335 (button) showed [Js As] and won ($1.63) with Pair of Aces and Pair of Nines
Seat 4: eb7e17b8 (small blind) folded before Flop
Seat 5: f606b392 (big blind) showed [Kd 8c] and lost with Pair of Kings and Pair of Nines
Seat 6: 223fb3c2 folded before Flop (didn't bet)


Poker Hand #HD1182740102: Hold'em No Limit  ($0.02/$0.05) - 2023/03/30 18:19:33
Table 'NLHBlue114' 6-max Seat #2 is the button
Seat 1: e441c5ee ($5.02 in chips)
Seat 2: Hero ($7.77 in chips)
Seat 3: c0ee335 ($4.95 in chips)
Seat 4: eb7e17b8 ($10.56 in chips)
Seat 6: 223fb3c2 ($7.47 in chips)
c0ee335: posts small blind $0.02
eb7e17b8: posts big blind $0.05
*** HOLE CARDS ***
Dealt to e441c5ee 
Dealt to Hero [2s As]
Dealt to c0ee335 
Dealt to eb7e17b8 
Dealt to 223fb3c2 
223fb3c2: raises $0.06 to $0.11
e441c5ee: folds
Hero: folds
c0ee335: calls $0.09
eb7e17b8: folds
*** FLOP *** [Td Ac Ks]
c0ee335: checks
223fb3c2: bets $0.1
c0ee335: folds
Uncalled bet ($0.1) returned to 223fb3c2
*** SHOWDOWN ***
223fb3c2 collected $0.26 from pot
*** SUMMARY ***
Total pot $0.27 | Rake $0.01 | Jackpot $0 | Bingo $0 | Fortune $0
Board [Td Ac Ks]
Seat 1: e441c5ee folded before Flop (didn't bet)
Seat 2: Hero (button) folded before Flop (didn't bet)
Seat 3: c0ee335 (small blind) folded on the Flop
Seat 4: eb7e17b8 (big blind) folded before Flop
Seat 6: 223fb3c2 won ($0.26)


Poker Hand #HD1182740055: Hold'em No Limit  ($0.02/$0.05) - 2023/03/30 18:19:18
Table 'NLHBlue114' 6-max Seat #1 is the button
Seat 1: e441c5ee ($5.02 in chips)
Seat 2: Hero ($7.72 in chips)
Seat 3: c0ee335 ($5 in chips)
Seat 6: 223fb3c2 ($7.47 in chips)
Hero: posts small blind $0.02
c0ee335: posts big blind $0.05
*** HOLE CARDS ***
Dealt to e441c5ee 
Dealt to Hero [6c 6s]
Dealt to c0ee335 
Dealt to 223fb3c2 
223fb3c2: folds
e441c5ee: folds
Hero: raises $0.09 to $0.14
c0ee335: folds
Uncalled bet ($0.09) returned to Hero
*** SHOWDOWN ***
Hero collected $0.1 from pot
*** SUMMARY ***
Total pot $0.1 | Rake $0 | Jackpot $0 | Bingo $0 | Fortune $0
Seat 1: e441c5ee (button) folded before Flop (didn't bet)
Seat 2: Hero (small blind) collected ($0.1)
Seat 3: c0ee335 (big blind) folded before Flop
Seat 6: 223fb3c2 folded before Flop (didn't bet)


Poker Hand #HD1182740035: Hold'em No Limit  ($0.02/$0.05) - 2023/03/30 18:19:10
Table 'NLHBlue114' 6-max Seat #6 is the button
Seat 1: e441c5ee ($5 in chips)
Seat 2: Hero ($7.7 in chips)
Seat 6: 223fb3c2 ($7.47 in chips)
e441c5ee: posts small blind $0.02
Hero: posts big blind $0.05
*** HOLE CARDS ***
Dealt to e441c5ee 
Dealt to Hero [3s Td]
Dealt to 223fb3c2 
223fb3c2: folds
e441c5ee: folds
Uncalled bet ($0.03) returned to Hero
*** SHOWDOWN ***
Hero collected $0.04 from pot
*** SUMMARY ***
Total pot $0.04 | Rake $0 | Jackpot $0 | Bingo $0 | Fortune $0
Seat 1: e441c5ee (small blind) folded before Flop
Seat 2: Hero (big blind) collected ($0.04)
Seat 6: 223fb3c2 (button) folded before Flop (didn't bet)


Poker Hand #HD1182739821: Hold'em No Limit  ($0.02/$0.05) - 2023/03/30 18:17:45
Table 'NLHBlue114' 6-max Seat #2 is the button
Seat 1: e441c5ee ($5 in chips)
Seat 2: Hero ($5 in chips)
Seat 3: 91373255 ($4.77 in chips)
Seat 4: eb7e17b8 ($10.61 in chips)
Seat 5: 5610e275 ($5.02 in chips)
Seat 6: 223fb3c2 ($7.47 in chips)
91373255: posts small blind $0.02
eb7e17b8: posts big blind $0.05
*** HOLE CARDS ***
Dealt to e441c5ee 
Dealt to Hero [9s 9h]
Dealt to 91373255 
Dealt to eb7e17b8 
Dealt to 5610e275 
Dealt to 223fb3c2 
5610e275: raises $0.1 to $0.15
223fb3c2: folds
e441c5ee: folds
Hero: raises $0.25 to $0.4
91373255: folds
eb7e17b8: folds
5610e275: calls $0.25
*** FLOP *** [9d 6d Qh]
5610e275: bets $0.66
Hero: raises $0.78 to $1.44
5610e275: calls $0.78
*** TURN *** [9d 6d Qh] [4c]
5610e275: checks
Hero: bets $3.16 and is all-in
5610e275: calls $3.16
Hero: shows [9s 9h] (Three Nines)
5610e275: shows [Qd 8d] (Pair of Queens)
Hero: Chooses to EV Cashout 
*** RIVER *** [9d 6d Qh 4c] [Jc]
Hero: Pays Cashout Risk ($1.82)
*** SHOWDOWN ***
Hero collected $9.52 from pot
*** SUMMARY ***
Total pot $10.07 | Rake $0.5 | Jackpot $0.05 | Bingo $0 | Fortune $0
Board [9d 6d Qh 4c Jc]
Seat 1: e441c5ee folded before Flop (didn't bet)
Seat 2: Hero (button) showed [9s 9h] and won ($9.52) with Three Nines, Cashout Risk ($1.82)
Seat 3: 91373255 (small blind) folded before Flop
Seat 4: eb7e17b8 (big blind) folded before Flop
Seat 5: 5610e275 showed [Qd 8d] and lost with Pair of Queens
Seat 6: 223fb3c2 folded before Flop (didn't bet)


Poker Hand #HD1182739727: Hold'em No Limit  ($0.02/$0.05) - 2023/03/30 18:17:07
Table 'NLHBlue114' 6-max Seat #1 is the button
Seat 1: e441c5ee ($5 in chips)
Seat 2: Hero ($5.02 in chips)
Seat 3: 91373255 ($4.82 in chips)
Seat 4: eb7e17b8 ($10.32 in chips)
Seat 5: 5610e275 ($5.26 in chips)
Seat 6: 223fb3c2 ($7.47 in chips)
Hero: posts small blind $0.02
91373255: posts big blind $0.05
*** HOLE CARDS ***
Dealt to e441c5ee 
Dealt to Hero [Jh 4d]
Dealt to 91373255 
Dealt to eb7e17b8 
Dealt to 5610e275 
Dealt to 223fb3c2 
eb7e17b8: raises $0.05 to $0.1
5610e275: calls $0.1
223fb3c2: folds
e441c5ee: folds
Hero: folds
91373255: folds
*** FLOP *** [9c 8s 6d]
eb7e17b8: checks
5610e275: checks
*** TURN *** [9c 8s 6d] [5d]
eb7e17b8: checks
5610e275: checks
*** RIVER *** [9c 8s 6d 5d] [Ks]
eb7e17b8: bets $0.14
5610e275: calls $0.14
eb7e17b8: shows [5h 5c] (Three Fives)
5610e275: shows [Jc Kd] (Pair of Kings)
*** SHOWDOWN ***
eb7e17b8 collected $0.53 from pot
*** SUMMARY ***
Total pot $0.55 | Rake $0.02 | Jackpot $0 | Bingo $0 | Fortune $0
Board [9c 8s 6d 5d Ks]
Seat 1: e441c5ee (button) folded before Flop (didn't bet)
Seat 2: Hero (small blind) folded before Flop
Seat 3: 91373255 (big blind) folded before Flop
Seat 4: eb7e17b8 showed [5h 5c] and won ($0.53) with Three Fives
Seat 5: 5610e275 showed [Jc Kd] and lost with Pair of Kings
Seat 6: 223fb3c2 folded before Flop (didn't bet)


Poker Hand #HD1182739686: Hold'em No Limit  ($0.02/$0.05) - 2023/03/30 18:16:55
Table 'NLHBlue114' 6-max Seat #6 is the button
Seat 1: e441c5ee ($5.02 in chips)
Seat 2: Hero ($5 in chips)
Seat 3: 91373255 ($4.82 in chips)
Seat 4: eb7e17b8 ($10.32 in chips)
Seat 5: 5610e275 ($5.26 in chips)
Seat 6: 223fb3c2 ($7.47 in chips)
e441c5ee: posts small blind $0.02
Hero: posts big blind $0.05
*** HOLE CARDS ***
Dealt to e441c5ee 
Dealt to Hero [Ks Tc]
Dealt to 91373255 
Dealt to eb7e17b8 
Dealt to 5610e275 
Dealt to 223fb3c2 
91373255: folds
eb7e17b8: folds
5610e275: folds
223fb3c2: folds
e441c5ee: folds
Uncalled bet ($0.03) returned to Hero
*** SHOWDOWN ***
Hero collected $0.04 from pot
*** SUMMARY ***
Total pot $0.04 | Rake $0 | Jackpot $0 | Bingo $0 | Fortune $0
Seat 1: e441c5ee (small blind) folded before Flop
Seat 2: Hero (big blind) collected ($0.04)
Seat 3: 91373255 folded before Flop (didn't bet)
Seat 4: eb7e17b8 folded before Flop (didn't bet)
Seat 5: 5610e275 folded before Flop (didn't bet)
Seat 6: 223fb3c2 (button) folded before Flop (didn't bet)


Poker Hand #HD1182739580: Hold'em No Limit  ($0.02/$0.05) - 2023/03/30 18:16:19
Table 'NLHBlue114' 6-max Seat #5 is the button
Seat 1: e441c5ee ($5.07 in chips)
Seat 2: Hero ($5 in chips)
Seat 3: 91373255 ($4.82 in chips)
Seat 4: eb7e17b8 ($10.16 in chips)
Seat 5: 5610e275 ($5.36 in chips)
Seat 6: 223fb3c2 ($7.49 in chips)
223fb3c2: posts small blind $0.02
e441c5ee: posts big blind $0.05
*** HOLE CARDS ***
Dealt to e441c5ee 
Dealt to Hero [As Td]
Dealt to 91373255 
Dealt to eb7e17b8 
Dealt to 5610e275 
Dealt to 223fb3c2 
Hero: folds
91373255: folds
eb7e17b8: raises $0.05 to $0.1
5610e275: calls $0.1
223fb3c2: folds
e441c5ee: folds
*** FLOP *** [Ts 3h 7c]
eb7e17b8: bets $0.14
5610e275: folds
Uncalled bet ($0.14) returned to eb7e17b8
*** SHOWDOWN ***
eb7e17b8 collected $0.26 from pot
*** SUMMARY ***
Total pot $0.27 | Rake $0.01 | Jackpot $0 | Bingo $0 | Fortune $0
Board [Ts 3h 7c]
Seat 1: e441c5ee (big blind) folded before Flop
Seat 2: Hero folded before Flop (didn't bet)
Seat 3: 91373255 folded before Flop (didn't bet)
Seat 4: eb7e17b8 won ($0.26)
Seat 5: 5610e275 (button) folded on the Flop
Seat 6: 223fb3c2 (small blind) folded before Flop


Poker Hand #HD1182739454: Hold'em No Limit  ($0.02/$0.05) - 2023/03/30 18:15:31
Table 'NLHBlue114' 6-max Seat #4 is the button
Seat 1: e441c5ee ($5.07 in chips)
Seat 2: Hero ($5 in chips)
Seat 3: 91373255 ($4.82 in chips)
Seat 4: eb7e17b8 ($10.16 in chips)
Seat 5: 5610e275 ($5.22 in chips)
Seat 6: 223fb3c2 ($7.64 in chips)
5610e275: posts small blind $0.02
223fb3c2: posts big blind $0.05
*** HOLE CARDS ***
Dealt to e441c5ee 
Dealt to Hero [9c 5d]
Dealt to 91373255 
Dealt to eb7e17b8 
Dealt to 5610e275 
Dealt to 223fb3c2 
e441c5ee: folds
Hero: folds
91373255: folds
eb7e17b8: folds
5610e275: raises $0.1 to $0.15
223fb3c2: calls $0.1
*** FLOP *** [2s 4d Ad]
5610e275: checks
223fb3c2: checks
*** TURN *** [2s 4d Ad] [5s]
5610e275: checks
223fb3c2: checks
*** RIVER *** [2s 4d Ad 5s] [Ac]
5610e275: bets $0.1
223fb3c2: folds
Uncalled bet ($0.1) returned to 5610e275
*** SHOWDOWN ***
5610e275 collected $0.29 from pot
*** SUMMARY ***
Total pot $0.3 | Rake $0.01 | Jackpot $0 | Bingo $0 | Fortune $0
Board [2s 4d Ad 5s Ac]
Seat 1: e441c5ee folded before Flop (didn't bet)
Seat 2: Hero folded before Flop (didn't bet)
Seat 3: 91373255 folded before Flop (didn't bet)
Seat 4: eb7e17b8 (button) folded before Flop (didn't bet)
Seat 5: 5610e275 (small blind) won ($0.29)
Seat 6: 223fb3c2 (big blind) folded on the River


Poker Hand #HD1182739331: Hold'em No Limit  ($0.02/$0.05) - 2023/03/30 18:14:52
Table 'NLHBlue114' 6-max Seat #3 is the button
Seat 1: e441c5ee ($5.07 in chips)
Seat 2: Hero ($5.03 in chips)
Seat 3: 91373255 ($4.94 in chips)
Seat 4: eb7e17b8 ($10.18 in chips)
Seat 5: 5610e275 ($4.97 in chips)
Seat 6: 223fb3c2 ($7.64 in chips)
eb7e17b8: posts small blind $0.02
5610e275: posts big blind $0.05
*** HOLE CARDS ***
Dealt to e441c5ee 
Dealt to Hero [2c Ac]
Dealt to 91373255 
Dealt to eb7e17b8 
Dealt to 5610e275 
Dealt to 223fb3c2 
223fb3c2: folds
e441c5ee: folds
Hero: raises $0.07 to $0.12
91373255: calls $0.12
eb7e17b8: folds
5610e275: calls $0.07
*** FLOP *** [4d Qh Js]
5610e275: bets $0.19
Hero: folds
91373255: folds
Uncalled bet ($0.19) returned to 5610e275
*** SHOWDOWN ***
5610e275 collected $0.37 from pot
*** SUMMARY ***
Total pot $0.38 | Rake $0.01 | Jackpot $0 | Bingo $0 | Fortune $0
Board [4d Qh Js]
Seat 1: e441c5ee folded before Flop (didn't bet)
Seat 2: Hero folded on the Flop
Seat 3: 91373255 (button) folded on the Flop
Seat 4: eb7e17b8 (small blind) folded before Flop
Seat 5: 5610e275 (big blind) won ($0.37)
Seat 6: 223fb3c2 folded before Flop (didn't bet)


Poker Hand #HD1182739257: Hold'em No Limit  ($0.02/$0.05) - 2023/03/30 18:14:26
Table 'NLHBlue114' 6-max Seat #2 is the button
Seat 1: e441c5ee ($5 in chips)
Seat 2: Hero ($5.03 in chips)
Seat 3: 91373255 ($4.96 in chips)
Seat 4: eb7e17b8 ($10.23 in chips)
Seat 5: 5610e275 ($4.97 in chips)
Seat 6: 223fb3c2 ($7.64 in chips)
91373255: posts small blind $0.02
eb7e17b8: posts big blind $0.05
*** HOLE CARDS ***
Dealt to e441c5ee 
Dealt to Hero [Tc 5h]
Dealt to 91373255 
Dealt to eb7e17b8 
Dealt to 5610e275 
Dealt to 223fb3c2 
5610e275: folds
223fb3c2: folds
e441c5ee: raises $0.1 to $0.15
Hero: folds
91373255: folds
eb7e17b8: folds
Uncalled bet ($0.1) returned to e441c5ee
*** SHOWDOWN ***
e441c5ee collected $0.12 from pot
*** SUMMARY ***
Total pot $0.12 | Rake $0 | Jackpot $0 | Bingo $0 | Fortune $0
Seat 1: e441c5ee collected ($0.12)
Seat 2: Hero (button) folded before Flop (didn't bet)
Seat 3: 91373255 (small blind) folded before Flop
Seat 4: eb7e17b8 (big blind) folded before Flop
Seat 5: 5610e275 folded before Flop (didn't bet)
Seat 6: 223fb3c2 folded before Flop (didn't bet)


Poker Hand #HD1182739230: Hold'em No Limit  ($0.02/$0.05) - 2023/03/30 18:14:17
Table 'NLHBlue114' 6-max Seat #1 is the button
Seat 1: e441c5ee ($5 in chips)
Seat 2: Hero ($5.05 in chips)
Seat 3: 91373255 ($4.94 in chips)
Seat 4: eb7e17b8 ($10.23 in chips)
Seat 5: 5610e275 ($4.97 in chips)
Seat 6: 223fb3c2 ($7.64 in chips)
Hero: posts small blind $0.02
91373255: posts big blind $0.05
*** HOLE CARDS ***
Dealt to e441c5ee 
Dealt to Hero [6d 2h]
Dealt to 91373255 
Dealt to eb7e17b8 
Dealt to 5610e275 
Dealt to 223fb3c2 
eb7e17b8: folds
5610e275: folds
223fb3c2: folds
e441c5ee: folds
Hero: folds
Uncalled bet ($0.03) returned to 91373255
*** SHOWDOWN ***
91373255 collected $0.04 from pot
*** SUMMARY ***
Total pot $0.04 | Rake $0 | Jackpot $0 | Bingo $0 | Fortune $0
Seat 1: e441c5ee (button) folded before Flop (didn't bet)
Seat 2: Hero (small blind) folded before Flop
Seat 3: 91373255 (big blind) collected ($0.04)
Seat 4: eb7e17b8 folded before Flop (didn't bet)
Seat 5: 5610e275 folded before Flop (didn't bet)
Seat 6: 223fb3c2 folded before Flop (didn't bet)


Poker Hand #HD1182739194: Hold'em No Limit  ($0.02/$0.05) - 2023/03/30 18:14:04
Table 'NLHBlue114' 6-max Seat #6 is the button
Seat 1: e441c5ee ($5.02 in chips)
Seat 2: Hero ($5 in chips)
Seat 3: 91373255 ($4.94 in chips)
Seat 4: eb7e17b8 ($10.23 in chips)
Seat 5: 5610e275 ($4.9 in chips)
Seat 6: 223fb3c2 ($7.64 in chips)
e441c5ee: posts small blind $0.02
Hero: posts big blind $0.05
*** HOLE CARDS ***
Dealt to e441c5ee 
Dealt to Hero [As 4h]
Dealt to 91373255 
Dealt to eb7e17b8 
Dealt to 5610e275 
Dealt to 223fb3c2 
91373255: folds
eb7e17b8: folds
5610e275: raises $0.1 to $0.15
223fb3c2: folds
e441c5ee: folds
Hero: folds
Uncalled bet ($0.1) returned to 5610e275
*** SHOWDOWN ***
5610e275 collected $0.12 from pot
*** SUMMARY ***
Total pot $0.12 | Rake $0 | Jackpot $0 | Bingo $0 | Fortune $0
Seat 1: e441c5ee (small blind) folded before Flop
Seat 2: Hero (big blind) folded before Flop
Seat 3: 91373255 folded before Flop (didn't bet)
Seat 4: eb7e17b8 folded before Flop (didn't bet)
Seat 5: 5610e275 collected ($0.12)
Seat 6: 223fb3c2 (button) folded before Flop (didn't bet)


