Poker Hand #HD1145731703: Hold'em No Limit  ($0.02/$0.05) - 2023/03/04 16:07:41
Table 'NLHBlue44' 6-max Seat #4 is the button
Seat 2: 201bf1e9 ($4.39 in chips)
Seat 3: Hero ($5.17 in chips)
Seat 4: 9cc403e7 ($1.73 in chips)
Seat 6: 1d37327a ($17.31 in chips)
1d37327a: posts small blind $0.02
201bf1e9: posts big blind $0.05
*** HOLE CARDS ***
Dealt to 201bf1e9 
Dealt to Hero [3d 8s]
Dealt to 9cc403e7 
Dealt to 1d37327a 
Hero: folds
9cc403e7: calls $0.05
1d37327a: folds
201bf1e9: checks
*** FLOP *** [Qs Qd Td]
201bf1e9: checks
9cc403e7: bets $0.1
201bf1e9: folds
Uncalled bet ($0.1) returned to 9cc403e7
*** SHOWDOWN ***
9cc403e7 collected $0.12 from pot
*** SUMMARY ***
Total pot $0.12 | Rake $0 | Jackpot $0 | Bingo $0 | Fortune $0
Board [Qs Qd Td]
Seat 2: 201bf1e9 (big blind) folded on the Flop
Seat 3: Hero folded before Flop (didn't bet)
Seat 4: 9cc403e7 (button) won ($0.12)
Seat 6: 1d37327a (small blind) folded before Flop


Poker Hand #HD1145731606: Hold'em No Limit  ($0.02/$0.05) - 2023/03/04 16:07:07
Table 'NLHBlue44' 6-max Seat #3 is the button
Seat 2: 201bf1e9 ($4.2 in chips)
Seat 3: Hero ($5.17 in chips)
Seat 4: 9cc403e7 ($1.88 in chips)
Seat 6: 1d37327a ($17.36 in chips)
9cc403e7: posts small blind $0.02
1d37327a: posts big blind $0.05
*** HOLE CARDS ***
Dealt to 201bf1e9 
Dealt to Hero [Ad 9h]
Dealt to 9cc403e7 
Dealt to 1d37327a 
201bf1e9: raises $0.1 to $0.15
Hero: folds
9cc403e7: calls $0.13
1d37327a: folds
*** FLOP *** [3c 6c As]
9cc403e7: checks
201bf1e9: bets $0.12
9cc403e7: folds
Uncalled bet ($0.12) returned to 201bf1e9
*** SHOWDOWN ***
201bf1e9 collected $0.34 from pot
*** SUMMARY ***
Total pot $0.35 | Rake $0.01 | Jackpot $0 | Bingo $0 | Fortune $0
Board [3c 6c As]
Seat 2: 201bf1e9 won ($0.34)
Seat 3: Hero (button) folded before Flop (didn't bet)
Seat 4: 9cc403e7 (small blind) folded on the Flop
Seat 6: 1d37327a (big blind) folded before Flop


Poker Hand #HD1145731575: Hold'em No Limit  ($0.02/$0.05) - 2023/03/04 16:06:55
Table 'NLHBlue44' 6-max Seat #2 is the button
Seat 2: 201bf1e9 ($4.2 in chips)
Seat 3: Hero ($5.19 in chips)
Seat 4: 9cc403e7 ($1.86 in chips)
Seat 5: a287f6c1 ($5.65 in chips)
Seat 6: 1d37327a ($17.36 in chips)
Hero: posts small blind $0.02
9cc403e7: posts big blind $0.05
*** HOLE CARDS ***
Dealt to 201bf1e9 
Dealt to Hero [2c Kh]
Dealt to 9cc403e7 
Dealt to a287f6c1 
Dealt to 1d37327a 
a287f6c1: folds
1d37327a: folds
201bf1e9: folds
Hero: folds
Uncalled bet ($0.03) returned to 9cc403e7
*** SHOWDOWN ***
9cc403e7 collected $0.04 from pot
*** SUMMARY ***
Total pot $0.04 | Rake $0 | Jackpot $0 | Bingo $0 | Fortune $0
Seat 2: 201bf1e9 (button) folded before Flop (didn't bet)
Seat 3: Hero (small blind) folded before Flop
Seat 4: 9cc403e7 (big blind) collected ($0.04)
Seat 5: a287f6c1 folded before Flop (didn't bet)
Seat 6: 1d37327a folded before Flop (didn't bet)


Poker Hand #HD1145731440: Hold'em No Limit  ($0.02/$0.05) - 2023/03/04 16:06:07
Table 'NLHBlue44' 6-max Seat #6 is the button
Seat 2: 201bf1e9 ($4.22 in chips)
Seat 3: Hero ($5 in chips)
Seat 4: 9cc403e7 ($2.04 in chips)
Seat 5: a287f6c1 ($5.65 in chips)
Seat 6: 1d37327a ($17.36 in chips)
201bf1e9: posts small blind $0.02
Hero: posts big blind $0.05
*** HOLE CARDS ***
Dealt to 201bf1e9 
Dealt to Hero [9s Jc]
Dealt to 9cc403e7 
Dealt to a287f6c1 
Dealt to 1d37327a 
9cc403e7: calls $0.05
a287f6c1: folds
1d37327a: folds
201bf1e9: folds
Hero: checks
*** FLOP *** [Jh 4c 8d]
Hero: bets $0.05
9cc403e7: calls $0.05
*** TURN *** [Jh 4c 8d] [8h]
Hero: bets $0.08
9cc403e7: calls $0.08
*** RIVER *** [Jh 4c 8d 8h] [6s]
Hero: bets $0.19
9cc403e7: folds
Uncalled bet ($0.19) returned to Hero
*** SHOWDOWN ***
Hero collected $0.37 from pot
*** SUMMARY ***
Total pot $0.38 | Rake $0.01 | Jackpot $0 | Bingo $0 | Fortune $0
Board [Jh 4c 8d 8h 6s]
Seat 2: 201bf1e9 (small blind) folded before Flop
Seat 3: Hero (big blind) won ($0.37)
Seat 4: 9cc403e7 folded on the River
Seat 5: a287f6c1 folded before Flop (didn't bet)
Seat 6: 1d37327a (button) folded before Flop (didn't bet)


Poker Hand #HD1145731374: Hold'em No Limit  ($0.02/$0.05) - 2023/03/04 16:05:36
Table 'NLHBlue44' 6-max Seat #5 is the button
Seat 2: 201bf1e9 ($4.27 in chips)
Seat 3: Hero ($5.05 in chips)
Seat 4: 9cc403e7 ($2.04 in chips)
Seat 5: a287f6c1 ($5.65 in chips)
Seat 6: 1d37327a ($17.11 in chips)
1d37327a: posts small blind $0.02
201bf1e9: posts big blind $0.05
*** HOLE CARDS ***
Dealt to 201bf1e9 
Dealt to Hero [8d 8c]
Dealt to 9cc403e7 
Dealt to a287f6c1 
Dealt to 1d37327a 
Hero: raises $0.07 to $0.12
9cc403e7: folds
a287f6c1: folds
1d37327a: raises $0.1 to $0.22
201bf1e9: folds
Hero: calls $0.1
*** FLOP *** [Js Kc Qd]
1d37327a: bets $0.25
Hero: folds
Uncalled bet ($0.25) returned to 1d37327a
*** SHOWDOWN ***
1d37327a collected $0.47 from pot
*** SUMMARY ***
Total pot $0.49 | Rake $0.02 | Jackpot $0 | Bingo $0 | Fortune $0
Board [Js Kc Qd]
Seat 2: 201bf1e9 (big blind) folded before Flop
Seat 3: Hero folded on the Flop
Seat 4: 9cc403e7 folded before Flop (didn't bet)
Seat 5: a287f6c1 (button) folded before Flop (didn't bet)
Seat 6: 1d37327a (small blind) won ($0.47)


Poker Hand #HD1145731264: Hold'em No Limit  ($0.02/$0.05) - 2023/03/04 16:04:56
Table 'NLHBlue44' 6-max Seat #4 is the button
Seat 1: 716d8df4 ($13.51 in chips)
Seat 2: 201bf1e9 ($4.8 in chips)
Seat 3: Hero ($5.05 in chips)
Seat 4: 9cc403e7 ($1.49 in chips)
Seat 5: a287f6c1 ($5.67 in chips)
Seat 6: 1d37327a ($17.16 in chips)
a287f6c1: posts small blind $0.02
1d37327a: posts big blind $0.05
*** HOLE CARDS ***
Dealt to 716d8df4 
Dealt to 201bf1e9 
Dealt to Hero [5d 3d]
Dealt to 9cc403e7 
Dealt to a287f6c1 
Dealt to 1d37327a 
716d8df4: folds
201bf1e9: raises $0.1 to $0.15
Hero: folds
9cc403e7: calls $0.15
a287f6c1: folds
1d37327a: folds
*** FLOP *** [Kc 5s 9s]
201bf1e9: bets $0.15
9cc403e7: calls $0.15
*** TURN *** [Kc 5s 9s] [Jd]
201bf1e9: bets $0.23
9cc403e7: calls $0.23
*** RIVER *** [Kc 5s 9s Jd] [8s]
201bf1e9: checks
9cc403e7: checks
201bf1e9: shows [Ah Qc] (Ace-High)
9cc403e7: shows [9d Qh] (Pair of Nines)
*** SHOWDOWN ***
9cc403e7 collected $1.08 from pot
*** SUMMARY ***
Total pot $1.13 | Rake $0.05 | Jackpot $0 | Bingo $0 | Fortune $0
Board [Kc 5s 9s Jd 8s]
Seat 1: 716d8df4 folded before Flop (didn't bet)
Seat 2: 201bf1e9 showed [Ah Qc] and lost with Ace-High
Seat 3: Hero folded before Flop (didn't bet)
Seat 4: 9cc403e7 (button) showed [9d Qh] and won ($1.08) with Pair of Nines
Seat 5: a287f6c1 (small blind) folded before Flop
Seat 6: 1d37327a (big blind) folded before Flop


Poker Hand #HD1145731174: Hold'em No Limit  ($0.02/$0.05) - 2023/03/04 16:04:24
Table 'NLHBlue44' 6-max Seat #3 is the button
Seat 1: 716d8df4 ($13.84 in chips)
Seat 2: 201bf1e9 ($4.8 in chips)
Seat 3: Hero ($5.05 in chips)
Seat 4: 9cc403e7 ($1.51 in chips)
Seat 5: a287f6c1 ($5.72 in chips)
Seat 6: 1d37327a ($16.79 in chips)
9cc403e7: posts small blind $0.02
a287f6c1: posts big blind $0.05
*** HOLE CARDS ***
Dealt to 716d8df4 
Dealt to 201bf1e9 
Dealt to Hero [7s Qs]
Dealt to 9cc403e7 
Dealt to a287f6c1 
Dealt to 1d37327a 
1d37327a: raises $0.06 to $0.11
716d8df4: raises $0.22 to $0.33
201bf1e9: folds
Hero: folds
9cc403e7: folds
a287f6c1: folds
1d37327a: calls $0.22
*** FLOP *** [5h 4h Ad]
1d37327a: bets $0.37
716d8df4: folds
Uncalled bet ($0.37) returned to 1d37327a
*** SHOWDOWN ***
1d37327a collected $0.7 from pot
*** SUMMARY ***
Total pot $0.73 | Rake $0.03 | Jackpot $0 | Bingo $0 | Fortune $0
Board [5h 4h Ad]
Seat 1: 716d8df4 folded on the Flop
Seat 2: 201bf1e9 folded before Flop (didn't bet)
Seat 3: Hero (button) folded before Flop (didn't bet)
Seat 4: 9cc403e7 (small blind) folded before Flop
Seat 5: a287f6c1 (big blind) folded before Flop
Seat 6: 1d37327a won ($0.7)


Poker Hand #HD1145731134: Hold'em No Limit  ($0.02/$0.05) - 2023/03/04 16:04:08
Table 'NLHBlue44' 6-max Seat #2 is the button
Seat 1: 716d8df4 ($13.84 in chips)
Seat 2: 201bf1e9 ($4.8 in chips)
Seat 3: Hero ($5 in chips)
Seat 4: 9cc403e7 ($1.56 in chips)
Seat 5: a287f6c1 ($5.72 in chips)
Seat 6: 1d37327a ($16.79 in chips)
Hero: posts small blind $0.02
9cc403e7: posts big blind $0.05
*** HOLE CARDS ***
Dealt to 716d8df4 
Dealt to 201bf1e9 
Dealt to Hero [Qs Jh]
Dealt to 9cc403e7 
Dealt to a287f6c1 
Dealt to 1d37327a 
a287f6c1: folds
1d37327a: folds
716d8df4: folds
201bf1e9: folds
Hero: raises $0.09 to $0.14
9cc403e7: folds
Uncalled bet ($0.09) returned to Hero
*** SHOWDOWN ***
Hero collected $0.1 from pot
*** SUMMARY ***
Total pot $0.1 | Rake $0 | Jackpot $0 | Bingo $0 | Fortune $0
Seat 1: 716d8df4 folded before Flop (didn't bet)
Seat 2: 201bf1e9 (button) folded before Flop (didn't bet)
Seat 3: Hero (small blind) collected ($0.1)
Seat 4: 9cc403e7 (big blind) folded before Flop
Seat 5: a287f6c1 folded before Flop (didn't bet)
Seat 6: 1d37327a folded before Flop (didn't bet)


Poker Hand #HD1145731018: Hold'em No Limit  ($0.02/$0.05) - 2023/03/04 16:03:22
Table 'NLHBlue44' 6-max Seat #1 is the button
Seat 1: 716d8df4 ($14.38 in chips)
Seat 2: 201bf1e9 ($4.82 in chips)
Seat 3: Hero ($5 in chips)
Seat 4: 9cc403e7 ($1 in chips)
Seat 5: a287f6c1 ($5.72 in chips)
Seat 6: 1d37327a ($16.79 in chips)
201bf1e9: posts small blind $0.02
Hero: posts big blind $0.05
9cc403e7: posts big blind $0.05
*** HOLE CARDS ***
Dealt to 716d8df4 
Dealt to 201bf1e9 
Dealt to Hero [6h Kd]
Dealt to 9cc403e7 
Dealt to a287f6c1 
Dealt to 1d37327a 
9cc403e7: raises $0.05 to $0.1
a287f6c1: folds
1d37327a: folds
716d8df4: raises $0.21 to $0.31
201bf1e9: folds
Hero: folds
9cc403e7: calls $0.21
*** FLOP *** [Qs Tc 7d]
9cc403e7: checks
716d8df4: bets $0.23
9cc403e7: raises $0.46 to $0.69 and is all-in
716d8df4: folds
Uncalled bet ($0.46) returned to 9cc403e7
*** SHOWDOWN ***
9cc403e7 collected $1.1 from pot
*** SUMMARY ***
Total pot $1.15 | Rake $0.05 | Jackpot $0 | Bingo $0 | Fortune $0
Board [Qs Tc 7d]
Seat 1: 716d8df4 (button) folded on the Flop
Seat 2: 201bf1e9 (small blind) folded before Flop
Seat 3: Hero (big blind) folded before Flop
Seat 4: 9cc403e7 won ($1.1)
Seat 5: a287f6c1 folded before Flop (didn't bet)
Seat 6: 1d37327a folded before Flop (didn't bet)


Poker Hand #HD1145730918: Hold'em No Limit  ($0.02/$0.05) - 2023/03/04 16:02:45
Table 'NLHBlue44' 6-max Seat #6 is the button
Seat 1: 716d8df4 ($14.4 in chips)
Seat 2: 201bf1e9 ($4.93 in chips)
Seat 3: Hero ($5 in chips)
Seat 5: a287f6c1 ($5.72 in chips)
Seat 6: 1d37327a ($16.67 in chips)
716d8df4: posts small blind $0.02
201bf1e9: posts big blind $0.05
*** HOLE CARDS ***
Dealt to 716d8df4 
Dealt to 201bf1e9 
Dealt to Hero [7h 2h]
Dealt to a287f6c1 
Dealt to 1d37327a 
Hero: folds
a287f6c1: folds
1d37327a: raises $0.06 to $0.11
716d8df4: folds
201bf1e9: calls $0.06
*** FLOP *** [Ad Ks Qh]
201bf1e9: checks
1d37327a: bets $0.08
201bf1e9: folds
Uncalled bet ($0.08) returned to 1d37327a
*** SHOWDOWN ***
1d37327a collected $0.23 from pot
*** SUMMARY ***
Total pot $0.24 | Rake $0.01 | Jackpot $0 | Bingo $0 | Fortune $0
Board [Ad Ks Qh]
Seat 1: 716d8df4 (small blind) folded before Flop
Seat 2: 201bf1e9 (big blind) folded on the Flop
Seat 3: Hero folded before Flop (didn't bet)
Seat 5: a287f6c1 folded before Flop (didn't bet)
Seat 6: 1d37327a (button) won ($0.23)


Poker Hand #HD1145730663: Hold'em No Limit  ($0.02/$0.05) - 2023/03/04 16:01:06
Table 'NLHBlue44' 6-max Seat #5 is the button
Seat 1: 716d8df4 ($11.84 in chips)
Seat 2: 201bf1e9 ($4.93 in chips)
Seat 3: Hero ($5 in chips)
Seat 4: 91e54b23 ($10.88 in chips)
Seat 5: a287f6c1 ($5.72 in chips)
Seat 6: 1d37327a ($16.69 in chips)
1d37327a: posts small blind $0.02
716d8df4: posts big blind $0.05
*** HOLE CARDS ***
Dealt to 716d8df4 
Dealt to 201bf1e9 
Dealt to Hero [4d Jc]
Dealt to 91e54b23 
Dealt to a287f6c1 
Dealt to 1d37327a 
201bf1e9: folds
Hero: folds
91e54b23: raises $0.06 to $0.11
a287f6c1: folds
1d37327a: folds
716d8df4: calls $0.06
*** FLOP *** [9c Ah Ts]
716d8df4: checks
91e54b23: bets $0.11
716d8df4: raises $0.23 to $0.34
91e54b23: calls $0.23
*** TURN *** [9c Ah Ts] [8d]
716d8df4: bets $0.69
91e54b23: calls $0.69
*** RIVER *** [9c Ah Ts 8d] [3c]
716d8df4: bets $1.73
91e54b23: calls $1.73
716d8df4: shows [Td As] (Pair of Aces and Pair of Tens)
91e54b23: shows [9s 8s] (Pair of Nines and Pair of Eights)
*** SHOWDOWN ***
716d8df4 collected $5.43 from pot
*** SUMMARY ***
Total pot $5.76 | Rake $0.28 | Jackpot $0.05 | Bingo $0 | Fortune $0
Board [9c Ah Ts 8d 3c]
Seat 1: 716d8df4 (big blind) showed [Td As] and won ($5.43) with Pair of Aces and Pair of Tens
Seat 2: 201bf1e9 folded before Flop (didn't bet)
Seat 3: Hero folded before Flop (didn't bet)
Seat 4: 91e54b23 showed [9s 8s] and lost with Pair of Nines and Pair of Eights
Seat 5: a287f6c1 (button) folded before Flop (didn't bet)
Seat 6: 1d37327a (small blind) folded before Flop


Poker Hand #HD1145730630: Hold'em No Limit  ($0.02/$0.05) - 2023/03/04 16:00:53
Table 'NLHBlue44' 6-max Seat #4 is the button
Seat 1: 716d8df4 ($11.84 in chips)
Seat 2: 201bf1e9 ($4.93 in chips)
Seat 3: Hero ($5 in chips)
Seat 4: 91e54b23 ($10.81 in chips)
Seat 5: a287f6c1 ($5.74 in chips)
Seat 6: 1d37327a ($16.74 in chips)
a287f6c1: posts small blind $0.02
1d37327a: posts big blind $0.05
*** HOLE CARDS ***
Dealt to 716d8df4 
Dealt to 201bf1e9 
Dealt to Hero [Qh 5d]
Dealt to 91e54b23 
Dealt to a287f6c1 
Dealt to 1d37327a 
716d8df4: folds
201bf1e9: folds
Hero: folds
91e54b23: raises $0.06 to $0.11
a287f6c1: folds
1d37327a: folds
Uncalled bet ($0.06) returned to 91e54b23
*** SHOWDOWN ***
91e54b23 collected $0.12 from pot
*** SUMMARY ***
Total pot $0.12 | Rake $0 | Jackpot $0 | Bingo $0 | Fortune $0
Seat 1: 716d8df4 folded before Flop (didn't bet)
Seat 2: 201bf1e9 folded before Flop (didn't bet)
Seat 3: Hero folded before Flop (didn't bet)
Seat 4: 91e54b23 (button) collected ($0.12)
Seat 5: a287f6c1 (small blind) folded before Flop
Seat 6: 1d37327a (big blind) folded before Flop


Poker Hand #HD1145730610: Hold'em No Limit  ($0.02/$0.05) - 2023/03/04 16:00:44
Table 'NLHBlue44' 6-max Seat #3 is the button
Seat 1: 716d8df4 ($11.84 in chips)
Seat 2: 201bf1e9 ($4.93 in chips)
Seat 3: Hero ($5 in chips)
Seat 4: 91e54b23 ($10.83 in chips)
Seat 5: a287f6c1 ($5.72 in chips)
Seat 6: 1d37327a ($16.74 in chips)
91e54b23: posts small blind $0.02
a287f6c1: posts big blind $0.05
*** HOLE CARDS ***
Dealt to 716d8df4 
Dealt to 201bf1e9 
Dealt to Hero [3h Th]
Dealt to 91e54b23 
Dealt to a287f6c1 
Dealt to 1d37327a 
1d37327a: folds
716d8df4: folds
201bf1e9: folds
Hero: folds
91e54b23: folds
Uncalled bet ($0.03) returned to a287f6c1
*** SHOWDOWN ***
a287f6c1 collected $0.04 from pot
*** SUMMARY ***
Total pot $0.04 | Rake $0 | Jackpot $0 | Bingo $0 | Fortune $0
Seat 1: 716d8df4 folded before Flop (didn't bet)
Seat 2: 201bf1e9 folded before Flop (didn't bet)
Seat 3: Hero (button) folded before Flop (didn't bet)
Seat 4: 91e54b23 (small blind) folded before Flop
Seat 5: a287f6c1 (big blind) collected ($0.04)
Seat 6: 1d37327a folded before Flop (didn't bet)


Poker Hand #HD1145730563: Hold'em No Limit  ($0.02/$0.05) - 2023/03/04 16:00:29
Table 'NLHBlue44' 6-max Seat #2 is the button
Seat 1: 716d8df4 ($11.77 in chips)
Seat 2: 201bf1e9 ($4.93 in chips)
Seat 3: Hero ($5 in chips)
Seat 4: 91e54b23 ($10.88 in chips)
Seat 5: a287f6c1 ($5.72 in chips)
Seat 6: 1d37327a ($16.74 in chips)
Hero: posts small blind $0.02
91e54b23: posts big blind $0.05
*** HOLE CARDS ***
Dealt to 716d8df4 
Dealt to 201bf1e9 
Dealt to Hero [7c 3s]
Dealt to 91e54b23 
Dealt to a287f6c1 
Dealt to 1d37327a 
a287f6c1: folds
1d37327a: folds
716d8df4: raises $0.07 to $0.12
201bf1e9: folds
Hero: folds
91e54b23: folds
Uncalled bet ($0.07) returned to 716d8df4
*** SHOWDOWN ***
716d8df4 collected $0.12 from pot
*** SUMMARY ***
Total pot $0.12 | Rake $0 | Jackpot $0 | Bingo $0 | Fortune $0
Seat 1: 716d8df4 collected ($0.12)
Seat 2: 201bf1e9 (button) folded before Flop (didn't bet)
Seat 3: Hero (small blind) folded before Flop
Seat 4: 91e54b23 (big blind) folded before Flop
Seat 5: a287f6c1 folded before Flop (didn't bet)
Seat 6: 1d37327a folded before Flop (didn't bet)


Poker Hand #HD1145730485: Hold'em No Limit  ($0.02/$0.05) - 2023/03/04 15:59:54
Table 'NLHBlue44' 6-max Seat #1 is the button
Seat 1: 716d8df4 ($11.77 in chips)
Seat 2: 201bf1e9 ($4.95 in chips)
Seat 3: Hero ($5 in chips)
Seat 4: 91e54b23 ($10.88 in chips)
Seat 5: a287f6c1 ($5.65 in chips)
Seat 6: 1d37327a ($16.74 in chips)
201bf1e9: posts small blind $0.02
Hero: posts big blind $0.05
*** HOLE CARDS ***
Dealt to 716d8df4 
Dealt to 201bf1e9 
Dealt to Hero [Ks 5h]
Dealt to 91e54b23 
Dealt to a287f6c1 
Dealt to 1d37327a 
91e54b23: folds
a287f6c1: raises $0.13 to $0.18
1d37327a: folds
716d8df4: folds
201bf1e9: folds
Hero: folds
Uncalled bet ($0.13) returned to a287f6c1
*** SHOWDOWN ***
a287f6c1 collected $0.12 from pot
*** SUMMARY ***
Total pot $0.12 | Rake $0 | Jackpot $0 | Bingo $0 | Fortune $0
Seat 1: 716d8df4 (button) folded before Flop (didn't bet)
Seat 2: 201bf1e9 (small blind) folded before Flop
Seat 3: Hero (big blind) folded before Flop
Seat 4: 91e54b23 folded before Flop (didn't bet)
Seat 5: a287f6c1 collected ($0.12)
Seat 6: 1d37327a folded before Flop (didn't bet)


Poker Hand #HD1145730379: Hold'em No Limit  ($0.02/$0.05) - 2023/03/04 15:59:13
Table 'NLHBlue44' 6-max Seat #6 is the button
Seat 1: 716d8df4 ($11.79 in chips)
Seat 2: 201bf1e9 ($5 in chips)
Seat 3: Hero ($5 in chips)
Seat 4: 91e54b23 ($10.99 in chips)
Seat 5: a287f6c1 ($5.65 in chips)
Seat 6: 1d37327a ($16.57 in chips)
716d8df4: posts small blind $0.02
201bf1e9: posts big blind $0.05
*** HOLE CARDS ***
Dealt to 716d8df4 
Dealt to 201bf1e9 
Dealt to Hero [Ad 6c]
Dealt to 91e54b23 
Dealt to a287f6c1 
Dealt to 1d37327a 
Hero: folds
91e54b23: raises $0.06 to $0.11
a287f6c1: folds
1d37327a: raises $0.3 to $0.41
716d8df4: folds
201bf1e9: folds
91e54b23: folds
Uncalled bet ($0.3) returned to 1d37327a
*** SHOWDOWN ***
1d37327a collected $0.28 from pot
*** SUMMARY ***
Total pot $0.29 | Rake $0.01 | Jackpot $0 | Bingo $0 | Fortune $0
Seat 1: 716d8df4 (small blind) folded before Flop
Seat 2: 201bf1e9 (big blind) folded before Flop
Seat 3: Hero folded before Flop (didn't bet)
Seat 4: 91e54b23 folded before Flop
Seat 5: a287f6c1 folded before Flop (didn't bet)
Seat 6: 1d37327a (button) collected ($0.28)


Poker Hand #HD1145730295: Hold'em No Limit  ($0.02/$0.05) - 2023/03/04 15:58:40
Table 'NLHBlue44' 6-max Seat #5 is the button
Seat 1: 716d8df4 ($11.9 in chips)
Seat 3: Hero ($5 in chips)
Seat 4: 91e54b23 ($10.87 in chips)
Seat 5: a287f6c1 ($5.65 in chips)
Seat 6: 1d37327a ($16.59 in chips)
1d37327a: posts small blind $0.02
716d8df4: posts big blind $0.05
*** HOLE CARDS ***
Dealt to 716d8df4 
Dealt to Hero [Jh 7s]
Dealt to 91e54b23 
Dealt to a287f6c1 
Dealt to 1d37327a 
Hero: folds
91e54b23: raises $0.06 to $0.11
a287f6c1: folds
1d37327a: folds
716d8df4: calls $0.06
*** FLOP *** [4d 2c 9c]
716d8df4: checks
91e54b23: bets $0.11
716d8df4: folds
Uncalled bet ($0.11) returned to 91e54b23
*** SHOWDOWN ***
91e54b23 collected $0.23 from pot
*** SUMMARY ***
Total pot $0.24 | Rake $0.01 | Jackpot $0 | Bingo $0 | Fortune $0
Board [4d 2c 9c]
Seat 1: 716d8df4 (big blind) folded on the Flop
Seat 3: Hero folded before Flop (didn't bet)
Seat 4: 91e54b23 won ($0.23)
Seat 5: a287f6c1 (button) folded before Flop (didn't bet)
Seat 6: 1d37327a (small blind) folded before Flop


Poker Hand #HD1145730234: Hold'em No Limit  ($0.02/$0.05) - 2023/03/04 15:58:18
Table 'NLHBlue44' 6-max Seat #4 is the button
Seat 1: 716d8df4 ($11.9 in chips)
Seat 3: Hero ($5 in chips)
Seat 4: 91e54b23 ($10.87 in chips)
Seat 5: a287f6c1 ($5.67 in chips)
Seat 6: 1d37327a ($16.57 in chips)
a287f6c1: posts small blind $0.02
1d37327a: posts big blind $0.05
*** HOLE CARDS ***
Dealt to 716d8df4 
Dealt to Hero [6h 2d]
Dealt to 91e54b23 
Dealt to a287f6c1 
Dealt to 1d37327a 
716d8df4: folds
Hero: folds
91e54b23: folds
a287f6c1: folds
Uncalled bet ($0.03) returned to 1d37327a
*** SHOWDOWN ***
1d37327a collected $0.04 from pot
*** SUMMARY ***
Total pot $0.04 | Rake $0 | Jackpot $0 | Bingo $0 | Fortune $0
Seat 1: 716d8df4 folded before Flop (didn't bet)
Seat 3: Hero folded before Flop (didn't bet)
Seat 4: 91e54b23 (button) folded before Flop (didn't bet)
Seat 5: a287f6c1 (small blind) folded before Flop
Seat 6: 1d37327a (big blind) collected ($0.04)


Poker Hand #HD1145730141: Hold'em No Limit  ($0.02/$0.05) - 2023/03/04 15:57:43
Table 'NLHBlue44' 6-max Seat #3 is the button
Seat 1: 716d8df4 ($11.77 in chips)
Seat 3: Hero ($5 in chips)
Seat 4: 91e54b23 ($10.89 in chips)
Seat 5: a287f6c1 ($5.79 in chips)
Seat 6: 1d37327a ($16.57 in chips)
91e54b23: posts small blind $0.02
a287f6c1: posts big blind $0.05
*** HOLE CARDS ***
Dealt to 716d8df4 
Dealt to Hero [2c 7d]
Dealt to 91e54b23 
Dealt to a287f6c1 
Dealt to 1d37327a 
1d37327a: folds
716d8df4: raises $0.07 to $0.12
Hero: folds
91e54b23: folds
a287f6c1: calls $0.07
*** FLOP *** [8s Ah 4s]
a287f6c1: checks
716d8df4: bets $0.09
a287f6c1: folds
Uncalled bet ($0.09) returned to 716d8df4
*** SHOWDOWN ***
716d8df4 collected $0.25 from pot
*** SUMMARY ***
Total pot $0.26 | Rake $0.01 | Jackpot $0 | Bingo $0 | Fortune $0
Board [8s Ah 4s]
Seat 1: 716d8df4 won ($0.25)
Seat 3: Hero (button) folded before Flop (didn't bet)
Seat 4: 91e54b23 (small blind) folded before Flop
Seat 5: a287f6c1 (big blind) folded on the Flop
Seat 6: 1d37327a folded before Flop (didn't bet)


Poker Hand #HD1145730007: Hold'em No Limit  ($0.02/$0.05) - 2023/03/04 15:56:55
Table 'NLHBlue44' 6-max Seat #1 is the button
Seat 1: 716d8df4 ($12.48 in chips)
Seat 3: Hero ($5.7 in chips)
Seat 4: 91e54b23 ($11.1 in chips)
Seat 5: a287f6c1 ($5.79 in chips)
Seat 6: 1d37327a ($15.1 in chips)
Hero: posts small blind $0.02
91e54b23: posts big blind $0.05
*** HOLE CARDS ***
Dealt to 716d8df4 
Dealt to Hero [Tc Td]
Dealt to 91e54b23 
Dealt to a287f6c1 
Dealt to 1d37327a 
a287f6c1: folds
1d37327a: raises $0.06 to $0.11
716d8df4: raises $0.1 to $0.21
Hero: calls $0.19
91e54b23: calls $0.16
1d37327a: calls $0.1
*** FLOP *** [Th Jd Kc]
Hero: bets $0.5
91e54b23: folds
1d37327a: calls $0.5
716d8df4: calls $0.5
*** TURN *** [Th Jd Kc] [Qd]
Hero: checks
1d37327a: checks
716d8df4: checks
*** RIVER *** [Th Jd Kc Qd] [7s]
Hero: checks
1d37327a: bets $0.78
716d8df4: folds
Hero: folds
Uncalled bet ($0.78) returned to 1d37327a
*** SHOWDOWN ***
1d37327a collected $2.18 from pot
*** SUMMARY ***
Total pot $2.34 | Rake $0.11 | Jackpot $0.05 | Bingo $0 | Fortune $0
Board [Th Jd Kc Qd 7s]
Seat 1: 716d8df4 (button) folded on the River
Seat 3: Hero (small blind) folded on the River
Seat 4: 91e54b23 (big blind) folded on the Flop
Seat 5: a287f6c1 folded before Flop (didn't bet)
Seat 6: 1d37327a won ($2.18)


Poker Hand #HD1145729988: Hold'em No Limit  ($0.02/$0.05) - 2023/03/04 15:56:47
Table 'NLHBlue44' 6-max Seat #6 is the button
Seat 1: 716d8df4 ($12.5 in chips)
Seat 3: Hero ($5.68 in chips)
Seat 4: 91e54b23 ($11.1 in chips)
Seat 5: a287f6c1 ($5.79 in chips)
Seat 6: 1d37327a ($15.1 in chips)
716d8df4: posts small blind $0.02
Hero: posts big blind $0.05
*** HOLE CARDS ***
Dealt to 716d8df4 
Dealt to Hero [Tc Qd]
Dealt to 91e54b23 
Dealt to a287f6c1 
Dealt to 1d37327a 
91e54b23: folds
a287f6c1: folds
1d37327a: folds
716d8df4: folds
Uncalled bet ($0.03) returned to Hero
*** SHOWDOWN ***
Hero collected $0.04 from pot
*** SUMMARY ***
Total pot $0.04 | Rake $0 | Jackpot $0 | Bingo $0 | Fortune $0
Seat 1: 716d8df4 (small blind) folded before Flop
Seat 3: Hero (big blind) collected ($0.04)
Seat 4: 91e54b23 folded before Flop (didn't bet)
Seat 5: a287f6c1 folded before Flop (didn't bet)
Seat 6: 1d37327a (button) folded before Flop (didn't bet)


Poker Hand #HD1145729941: Hold'em No Limit  ($0.02/$0.05) - 2023/03/04 15:56:30
Table 'NLHBlue44' 6-max Seat #5 is the button
Seat 1: 716d8df4 ($12.55 in chips)
Seat 3: Hero ($5.61 in chips)
Seat 4: 91e54b23 ($11.1 in chips)
Seat 5: a287f6c1 ($5.79 in chips)
Seat 6: 1d37327a ($15.12 in chips)
1d37327a: posts small blind $0.02
716d8df4: posts big blind $0.05
*** HOLE CARDS ***
Dealt to 716d8df4 
Dealt to Hero [9h Jh]
Dealt to 91e54b23 
Dealt to a287f6c1 
Dealt to 1d37327a 
Hero: raises $0.07 to $0.12
91e54b23: folds
a287f6c1: folds
1d37327a: folds
716d8df4: folds
Uncalled bet ($0.07) returned to Hero
*** SHOWDOWN ***
Hero collected $0.12 from pot
*** SUMMARY ***
Total pot $0.12 | Rake $0 | Jackpot $0 | Bingo $0 | Fortune $0
Seat 1: 716d8df4 (big blind) folded before Flop
Seat 3: Hero collected ($0.12)
Seat 4: 91e54b23 folded before Flop (didn't bet)
Seat 5: a287f6c1 (button) folded before Flop (didn't bet)
Seat 6: 1d37327a (small blind) folded before Flop


Poker Hand #HD1145729867: Hold'em No Limit  ($0.02/$0.05) - 2023/03/04 15:56:04
Table 'NLHBlue44' 6-max Seat #4 is the button
Seat 1: 716d8df4 ($12.34 in chips)
Seat 3: Hero ($5.61 in chips)
Seat 4: 91e54b23 ($11.25 in chips)
Seat 5: a287f6c1 ($5.81 in chips)
Seat 6: 1d37327a ($15.17 in chips)
a287f6c1: posts small blind $0.02
1d37327a: posts big blind $0.05
*** HOLE CARDS ***
Dealt to 716d8df4 
Dealt to Hero [2d 4c]
Dealt to 91e54b23 
Dealt to a287f6c1 
Dealt to 1d37327a 
716d8df4: raises $0.1 to $0.15
Hero: folds
91e54b23: calls $0.15
a287f6c1: folds
1d37327a: folds
*** FLOP *** [Ac As 7h]
716d8df4: checks
91e54b23: checks
*** TURN *** [Ac As 7h] [5h]
716d8df4: bets $0.49
91e54b23: folds
Uncalled bet ($0.49) returned to 716d8df4
*** SHOWDOWN ***
716d8df4 collected $0.36 from pot
*** SUMMARY ***
Total pot $0.37 | Rake $0.01 | Jackpot $0 | Bingo $0 | Fortune $0
Board [Ac As 7h 5h]
Seat 1: 716d8df4 won ($0.36)
Seat 3: Hero folded before Flop (didn't bet)
Seat 4: 91e54b23 (button) folded on the Turn
Seat 5: a287f6c1 (small blind) folded before Flop
Seat 6: 1d37327a (big blind) folded before Flop


Poker Hand #HD1145729735: Hold'em No Limit  ($0.02/$0.05) - 2023/03/04 15:55:17
Table 'NLHBlue44' 6-max Seat #3 is the button
Seat 1: 716d8df4 ($13.85 in chips)
Seat 3: Hero ($5.61 in chips)
Seat 4: 91e54b23 ($11.27 in chips)
Seat 5: a287f6c1 ($5.86 in chips)
Seat 6: 1d37327a ($13.79 in chips)
91e54b23: posts small blind $0.02
a287f6c1: posts big blind $0.05
*** HOLE CARDS ***
Dealt to 716d8df4 
Dealt to Hero [3h 4d]
Dealt to 91e54b23 
Dealt to a287f6c1 
Dealt to 1d37327a 
1d37327a: raises $0.06 to $0.11
716d8df4: raises $0.22 to $0.33
Hero: folds
91e54b23: folds
a287f6c1: folds
1d37327a: calls $0.22
*** FLOP *** [Kd Ks 7s]
1d37327a: checks
716d8df4: bets $0.25
1d37327a: calls $0.25
*** TURN *** [Kd Ks 7s] [3s]
1d37327a: checks
716d8df4: bets $0.93
1d37327a: calls $0.93
*** RIVER *** [Kd Ks 7s 3s] [Js]
1d37327a: checks
716d8df4: checks
1d37327a: shows [3c 3d] (Treys Full over Kings)
716d8df4: shows [Qc Kc] (Three Kings)
*** SHOWDOWN ***
1d37327a collected $2.89 from pot
*** SUMMARY ***
Total pot $3.09 | Rake $0.15 | Jackpot $0.05 | Bingo $0 | Fortune $0
Board [Kd Ks 7s 3s Js]
Seat 1: 716d8df4 showed [Qc Kc] and lost with Three Kings
Seat 3: Hero (button) folded before Flop (didn't bet)
Seat 4: 91e54b23 (small blind) folded before Flop
Seat 5: a287f6c1 (big blind) folded before Flop
Seat 6: 1d37327a showed [3c 3d] and won ($2.89) with Treys Full over Kings


Poker Hand #HD1145729693: Hold'em No Limit  ($0.02/$0.05) - 2023/03/04 15:55:00
Table 'NLHBlue44' 6-max Seat #1 is the button
Seat 1: 716d8df4 ($13.85 in chips)
Seat 3: Hero ($5.63 in chips)
Seat 4: 91e54b23 ($11.25 in chips)
Seat 5: a287f6c1 ($5.86 in chips)
Seat 6: 1d37327a ($13.79 in chips)
Hero: posts small blind $0.02
91e54b23: posts big blind $0.05
*** HOLE CARDS ***
Dealt to 716d8df4 
Dealt to Hero [5d 4c]
Dealt to 91e54b23 
Dealt to a287f6c1 
Dealt to 1d37327a 
a287f6c1: folds
1d37327a: folds
716d8df4: folds
Hero: folds
Uncalled bet ($0.03) returned to 91e54b23
*** SHOWDOWN ***
91e54b23 collected $0.04 from pot
*** SUMMARY ***
Total pot $0.04 | Rake $0 | Jackpot $0 | Bingo $0 | Fortune $0
Seat 1: 716d8df4 (button) folded before Flop (didn't bet)
Seat 3: Hero (small blind) folded before Flop
Seat 4: 91e54b23 (big blind) collected ($0.04)
Seat 5: a287f6c1 folded before Flop (didn't bet)
Seat 6: 1d37327a folded before Flop (didn't bet)


Poker Hand #HD1145729576: Hold'em No Limit  ($0.02/$0.05) - 2023/03/04 15:54:20
Table 'NLHBlue44' 6-max Seat #6 is the button
Seat 1: 716d8df4 ($13.87 in chips)
Seat 3: Hero ($5.47 in chips)
Seat 4: 91e54b23 ($11.25 in chips)
Seat 5: a287f6c1 ($6.01 in chips)
Seat 6: 1d37327a ($13.79 in chips)
716d8df4: posts small blind $0.02
Hero: posts big blind $0.05
*** HOLE CARDS ***
Dealt to 716d8df4 
Dealt to Hero [8c As]
Dealt to 91e54b23 
Dealt to a287f6c1 
Dealt to 1d37327a 
91e54b23: folds
a287f6c1: raises $0.1 to $0.15
1d37327a: folds
716d8df4: folds
Hero: calls $0.1
*** FLOP *** [8d 8s 4s]
Hero: checks
a287f6c1: checks
*** TURN *** [8d 8s 4s] [9s]
Hero: bets $0.16
a287f6c1: folds
Uncalled bet ($0.16) returned to Hero
*** SHOWDOWN ***
Hero collected $0.31 from pot
*** SUMMARY ***
Total pot $0.32 | Rake $0.01 | Jackpot $0 | Bingo $0 | Fortune $0
Board [8d 8s 4s 9s]
Seat 1: 716d8df4 (small blind) folded before Flop
Seat 3: Hero (big blind) won ($0.31)
Seat 4: 91e54b23 folded before Flop (didn't bet)
Seat 5: a287f6c1 folded on the Turn
Seat 6: 1d37327a (button) folded before Flop (didn't bet)


Poker Hand #HD1145729543: Hold'em No Limit  ($0.02/$0.05) - 2023/03/04 15:54:09
Table 'NLHBlue44' 6-max Seat #5 is the button
Seat 1: 716d8df4 ($13.92 in chips)
Seat 3: Hero ($5.4 in chips)
Seat 4: 91e54b23 ($11.25 in chips)
Seat 5: a287f6c1 ($6.01 in chips)
Seat 6: 1d37327a ($13.81 in chips)
1d37327a: posts small blind $0.02
716d8df4: posts big blind $0.05
*** HOLE CARDS ***
Dealt to 716d8df4 
Dealt to Hero [Ad Qh]
Dealt to 91e54b23 
Dealt to a287f6c1 
Dealt to 1d37327a 
Hero: raises $0.07 to $0.12
91e54b23: folds
a287f6c1: folds
1d37327a: folds
716d8df4: folds
Uncalled bet ($0.07) returned to Hero
*** SHOWDOWN ***
Hero collected $0.12 from pot
*** SUMMARY ***
Total pot $0.12 | Rake $0 | Jackpot $0 | Bingo $0 | Fortune $0
Seat 1: 716d8df4 (big blind) folded before Flop
Seat 3: Hero collected ($0.12)
Seat 4: 91e54b23 folded before Flop (didn't bet)
Seat 5: a287f6c1 (button) folded before Flop (didn't bet)
Seat 6: 1d37327a (small blind) folded before Flop


Poker Hand #HD1145729450: Hold'em No Limit  ($0.02/$0.05) - 2023/03/04 15:53:41
Table 'NLHBlue44' 6-max Seat #4 is the button
Seat 1: 716d8df4 ($14.04 in chips)
Seat 3: Hero ($5.4 in chips)
Seat 4: 91e54b23 ($11.25 in chips)
Seat 5: a287f6c1 ($5.85 in chips)
Seat 6: 1d37327a ($13.86 in chips)
a287f6c1: posts small blind $0.02
1d37327a: posts big blind $0.05
*** HOLE CARDS ***
Dealt to 716d8df4 
Dealt to Hero [5d 8h]
Dealt to 91e54b23 
Dealt to a287f6c1 
Dealt to 1d37327a 
716d8df4: raises $0.07 to $0.12
Hero: folds
91e54b23: folds
a287f6c1: raises $0.62 to $0.74
1d37327a: folds
716d8df4: folds
Uncalled bet ($0.62) returned to a287f6c1
*** SHOWDOWN ***
a287f6c1 collected $0.28 from pot
*** SUMMARY ***
Total pot $0.29 | Rake $0.01 | Jackpot $0 | Bingo $0 | Fortune $0
Seat 1: 716d8df4 folded before Flop
Seat 3: Hero folded before Flop (didn't bet)
Seat 4: 91e54b23 (button) folded before Flop (didn't bet)
Seat 5: a287f6c1 (small blind) collected ($0.28)
Seat 6: 1d37327a (big blind) folded before Flop


Poker Hand #HD1145729257: Hold'em No Limit  ($0.02/$0.05) - 2023/03/04 15:52:27
Table 'NLHBlue44' 6-max Seat #3 is the button
Seat 1: 716d8df4 ($14.04 in chips)
Seat 3: Hero ($5.4 in chips)
Seat 4: 91e54b23 ($11.42 in chips)
Seat 5: a287f6c1 ($5.69 in chips)
Seat 6: 1d37327a ($13.86 in chips)
91e54b23: posts small blind $0.02
a287f6c1: posts big blind $0.05
*** HOLE CARDS ***
Dealt to 716d8df4 
Dealt to Hero [3c 8h]
Dealt to 91e54b23 
Dealt to a287f6c1 
Dealt to 1d37327a 
1d37327a: folds
716d8df4: folds
Hero: folds
91e54b23: raises $0.05 to $0.1
a287f6c1: calls $0.05
*** FLOP *** [9s 3d 6s]
91e54b23: bets $0.07
a287f6c1: calls $0.07
*** TURN *** [9s 3d 6s] [Qh]
91e54b23: checks
a287f6c1: checks
*** RIVER *** [9s 3d 6s Qh] [Ks]
91e54b23: checks
a287f6c1: checks
91e54b23: shows [7s Ad] (Ace-High)
a287f6c1: shows [3h 5h] (Pair of Treys)
*** SHOWDOWN ***
a287f6c1 collected $0.33 from pot
*** SUMMARY ***
Total pot $0.34 | Rake $0.01 | Jackpot $0 | Bingo $0 | Fortune $0
Board [9s 3d 6s Qh Ks]
Seat 1: 716d8df4 folded before Flop (didn't bet)
Seat 3: Hero (button) folded before Flop (didn't bet)
Seat 4: 91e54b23 (small blind) showed [7s Ad] and lost with Ace-High
Seat 5: a287f6c1 (big blind) showed [3h 5h] and won ($0.33) with Pair of Treys
Seat 6: 1d37327a folded before Flop (didn't bet)


Poker Hand #HD1145729018: Hold'em No Limit  ($0.02/$0.05) - 2023/03/04 15:50:57
Table 'NLHBlue44' 6-max Seat #1 is the button
Seat 1: 716d8df4 ($18.1 in chips)
Seat 3: Hero ($5.42 in chips)
Seat 4: 91e54b23 ($7.65 in chips)
Seat 5: a287f6c1 ($5.84 in chips)
Seat 6: 1d37327a ($13.86 in chips)
Hero: posts small blind $0.02
91e54b23: posts big blind $0.05
*** HOLE CARDS ***
Dealt to 716d8df4 
Dealt to Hero [2h 9h]
Dealt to 91e54b23 
Dealt to a287f6c1 
Dealt to 1d37327a 
a287f6c1: raises $0.1 to $0.15
1d37327a: folds
716d8df4: raises $0.28 to $0.43
Hero: folds
91e54b23: calls $0.38
a287f6c1: folds
*** FLOP *** [6h Qd 6d]
91e54b23: checks
716d8df4: bets $0.34
91e54b23: calls $0.34
*** TURN *** [6h Qd 6d] [2s]
91e54b23: checks
716d8df4: bets $1.29
91e54b23: calls $1.29
*** RIVER *** [6h Qd 6d 2s] [Td]
91e54b23: checks
716d8df4: bets $2
91e54b23: raises $3.59 to $5.59 and is all-in
716d8df4: folds
Uncalled bet ($3.59) returned to 91e54b23
*** SHOWDOWN ***
91e54b23 collected $7.83 from pot
*** SUMMARY ***
Total pot $8.29 | Rake $0.41 | Jackpot $0.05 | Bingo $0 | Fortune $0
Board [6h Qd 6d 2s Td]
Seat 1: 716d8df4 (button) folded on the River
Seat 3: Hero (small blind) folded before Flop
Seat 4: 91e54b23 (big blind) won ($7.83)
Seat 5: a287f6c1 folded before Flop
Seat 6: 1d37327a folded before Flop (didn't bet)


Poker Hand #HD1145728861: Hold'em No Limit  ($0.02/$0.05) - 2023/03/04 15:49:59
Table 'NLHBlue44' 6-max Seat #6 is the button
Seat 1: 716d8df4 ($18.12 in chips)
Seat 3: Hero ($5.47 in chips)
Seat 4: 91e54b23 ($7.65 in chips)
Seat 5: a287f6c1 ($5.15 in chips)
Seat 6: 1d37327a ($14.55 in chips)
716d8df4: posts small blind $0.02
Hero: posts big blind $0.05
*** HOLE CARDS ***
Dealt to 716d8df4 
Dealt to Hero [Qh 7d]
Dealt to 91e54b23 
Dealt to a287f6c1 
Dealt to 1d37327a 
91e54b23: folds
a287f6c1: raises $0.13 to $0.18
1d37327a: raises $0.22 to $0.4
716d8df4: folds
Hero: folds
a287f6c1: calls $0.22
*** FLOP *** [6h 7c Ks]
a287f6c1: checks
1d37327a: bets $0.29
a287f6c1: calls $0.29
*** TURN *** [6h 7c Ks] [3s]
a287f6c1: checks
1d37327a: checks
*** RIVER *** [6h 7c Ks 3s] [8c]
a287f6c1: checks
1d37327a: checks
a287f6c1: shows [Qc Kc] (Pair of Kings)
1d37327a: shows [5d Ad] (Ace-High)
*** SHOWDOWN ***
a287f6c1 collected $1.38 from pot
*** SUMMARY ***
Total pot $1.45 | Rake $0.07 | Jackpot $0 | Bingo $0 | Fortune $0
Board [6h 7c Ks 3s 8c]
Seat 1: 716d8df4 (small blind) folded before Flop
Seat 3: Hero (big blind) folded before Flop
Seat 4: 91e54b23 folded before Flop (didn't bet)
Seat 5: a287f6c1 showed [Qc Kc] and won ($1.38) with Pair of Kings
Seat 6: 1d37327a (button) showed [5d Ad] and lost with Ace-High


Poker Hand #HD1145728822: Hold'em No Limit  ($0.02/$0.05) - 2023/03/04 15:49:46
Table 'NLHBlue44' 6-max Seat #5 is the button
Seat 1: 716d8df4 ($18.17 in chips)
Seat 3: Hero ($5.47 in chips)
Seat 4: 91e54b23 ($7.58 in chips)
Seat 5: a287f6c1 ($5.15 in chips)
Seat 6: 1d37327a ($14.57 in chips)
1d37327a: posts small blind $0.02
716d8df4: posts big blind $0.05
*** HOLE CARDS ***
Dealt to 716d8df4 
Dealt to Hero [Ts Kd]
Dealt to 91e54b23 
Dealt to a287f6c1 
Dealt to 1d37327a 
Hero: folds
91e54b23: raises $0.06 to $0.11
a287f6c1: folds
1d37327a: folds
716d8df4: folds
Uncalled bet ($0.06) returned to 91e54b23
*** SHOWDOWN ***
91e54b23 collected $0.12 from pot
*** SUMMARY ***
Total pot $0.12 | Rake $0 | Jackpot $0 | Bingo $0 | Fortune $0
Seat 1: 716d8df4 (big blind) folded before Flop
Seat 3: Hero folded before Flop (didn't bet)
Seat 4: 91e54b23 collected ($0.12)
Seat 5: a287f6c1 (button) folded before Flop (didn't bet)
Seat 6: 1d37327a (small blind) folded before Flop


Poker Hand #HD1145728708: Hold'em No Limit  ($0.02/$0.05) - 2023/03/04 15:49:03
Table 'NLHBlue44' 6-max Seat #4 is the button
Seat 1: 716d8df4 ($18.17 in chips)
Seat 3: Hero ($5.47 in chips)
Seat 4: 91e54b23 ($7.69 in chips)
Seat 5: a287f6c1 ($5 in chips)
Seat 6: 1d37327a ($14.62 in chips)
a287f6c1: posts small blind $0.02
1d37327a: posts big blind $0.05
*** HOLE CARDS ***
Dealt to 716d8df4 
Dealt to Hero [5c 9s]
Dealt to 91e54b23 
Dealt to a287f6c1 
Dealt to 1d37327a 
716d8df4: folds
Hero: folds
91e54b23: raises $0.06 to $0.11
a287f6c1: calls $0.09
1d37327a: folds
*** FLOP *** [Kd Ts Jc]
a287f6c1: checks
91e54b23: checks
*** TURN *** [Kd Ts Jc] [Tc]
a287f6c1: checks
91e54b23: checks
*** RIVER *** [Kd Ts Jc Tc] [7c]
a287f6c1: checks
91e54b23: checks
a287f6c1: shows [6s 6h] (Pair of Tens and Pair of Sixes)
91e54b23: shows [9h Ah] (Pair of Tens)
*** SHOWDOWN ***
a287f6c1 collected $0.26 from pot
*** SUMMARY ***
Total pot $0.27 | Rake $0.01 | Jackpot $0 | Bingo $0 | Fortune $0
Board [Kd Ts Jc Tc 7c]
Seat 1: 716d8df4 folded before Flop (didn't bet)
Seat 3: Hero folded before Flop (didn't bet)
Seat 4: 91e54b23 (button) showed [9h Ah] and lost with Pair of Tens
Seat 5: a287f6c1 (small blind) showed [6s 6h] and won ($0.26) with Pair of Tens and Pair of Sixes
Seat 6: 1d37327a (big blind) folded before Flop


Poker Hand #HD1145728662: Hold'em No Limit  ($0.02/$0.05) - 2023/03/04 15:48:43
Table 'NLHBlue44' 6-max Seat #3 is the button
Seat 1: 716d8df4 ($18.17 in chips)
Seat 3: Hero ($5.4 in chips)
Seat 4: 91e54b23 ($7.71 in chips)
Seat 5: a287f6c1 ($5.03 in chips)
Seat 6: 1d37327a ($14.62 in chips)
91e54b23: posts small blind $0.02
a287f6c1: posts big blind $0.05
*** HOLE CARDS ***
Dealt to 716d8df4 
Dealt to Hero [5c 8c]
Dealt to 91e54b23 
Dealt to a287f6c1 
Dealt to 1d37327a 
1d37327a: folds
716d8df4: folds
Hero: raises $0.07 to $0.12
91e54b23: folds
a287f6c1: folds
Uncalled bet ($0.07) returned to Hero
*** SHOWDOWN ***
Hero collected $0.12 from pot
*** SUMMARY ***
Total pot $0.12 | Rake $0 | Jackpot $0 | Bingo $0 | Fortune $0
Seat 1: 716d8df4 folded before Flop (didn't bet)
Seat 3: Hero (button) collected ($0.12)
Seat 4: 91e54b23 (small blind) folded before Flop
Seat 5: a287f6c1 (big blind) folded before Flop
Seat 6: 1d37327a folded before Flop (didn't bet)


Poker Hand #HD1145728607: Hold'em No Limit  ($0.02/$0.05) - 2023/03/04 15:48:24
Table 'NLHBlue44' 6-max Seat #1 is the button
Seat 1: 716d8df4 ($18.17 in chips)
Seat 3: Hero ($5.42 in chips)
Seat 4: 91e54b23 ($7.69 in chips)
Seat 5: a287f6c1 ($5.03 in chips)
Seat 6: 1d37327a ($14.62 in chips)
Hero: posts small blind $0.02
91e54b23: posts big blind $0.05
*** HOLE CARDS ***
Dealt to 716d8df4 
Dealt to Hero [2c Jh]
Dealt to 91e54b23 
Dealt to a287f6c1 
Dealt to 1d37327a 
a287f6c1: folds
1d37327a: folds
716d8df4: folds
Hero: folds
Uncalled bet ($0.03) returned to 91e54b23
*** SHOWDOWN ***
91e54b23 collected $0.04 from pot
*** SUMMARY ***
Total pot $0.04 | Rake $0 | Jackpot $0 | Bingo $0 | Fortune $0
Seat 1: 716d8df4 (button) folded before Flop (didn't bet)
Seat 3: Hero (small blind) folded before Flop
Seat 4: 91e54b23 (big blind) collected ($0.04)
Seat 5: a287f6c1 folded before Flop (didn't bet)
Seat 6: 1d37327a folded before Flop (didn't bet)


Poker Hand #HD1145728495: Hold'em No Limit  ($0.02/$0.05) - 2023/03/04 15:47:41
Table 'NLHBlue44' 6-max Seat #6 is the button
Seat 1: 716d8df4 ($18.19 in chips)
Seat 3: Hero ($5.53 in chips)
Seat 4: 91e54b23 ($7.8 in chips)
Seat 5: a287f6c1 ($5.03 in chips)
Seat 6: 1d37327a ($14.39 in chips)
716d8df4: posts small blind $0.02
Hero: posts big blind $0.05
*** HOLE CARDS ***
Dealt to 716d8df4 
Dealt to Hero [4h 4c]
Dealt to 91e54b23 
Dealt to a287f6c1 
Dealt to 1d37327a 
91e54b23: raises $0.06 to $0.11
a287f6c1: folds
1d37327a: calls $0.11
716d8df4: folds
Hero: calls $0.06
*** FLOP *** [Jh 8d 9c]
Hero: checks
91e54b23: checks
1d37327a: bets $0.18
Hero: folds
91e54b23: folds
Uncalled bet ($0.18) returned to 1d37327a
*** SHOWDOWN ***
1d37327a collected $0.34 from pot
*** SUMMARY ***
Total pot $0.35 | Rake $0.01 | Jackpot $0 | Bingo $0 | Fortune $0
Board [Jh 8d 9c]
Seat 1: 716d8df4 (small blind) folded before Flop
Seat 3: Hero (big blind) folded on the Flop
Seat 4: 91e54b23 folded on the Flop
Seat 5: a287f6c1 folded before Flop (didn't bet)
Seat 6: 1d37327a (button) won ($0.34)


Poker Hand #HD1145728447: Hold'em No Limit  ($0.02/$0.05) - 2023/03/04 15:47:26
Table 'NLHBlue44' 6-max Seat #5 is the button
Seat 1: 716d8df4 ($18.17 in chips)
Seat 3: Hero ($5.53 in chips)
Seat 4: 91e54b23 ($7.8 in chips)
Seat 5: a287f6c1 ($5.03 in chips)
Seat 6: 1d37327a ($14.41 in chips)
1d37327a: posts small blind $0.02
716d8df4: posts big blind $0.05
*** HOLE CARDS ***
Dealt to 716d8df4 
Dealt to Hero [6c Jh]
Dealt to 91e54b23 
Dealt to a287f6c1 
Dealt to 1d37327a 
Hero: folds
91e54b23: folds
a287f6c1: folds
1d37327a: folds
Uncalled bet ($0.03) returned to 716d8df4
*** SHOWDOWN ***
716d8df4 collected $0.04 from pot
*** SUMMARY ***
Total pot $0.04 | Rake $0 | Jackpot $0 | Bingo $0 | Fortune $0
Seat 1: 716d8df4 (big blind) collected ($0.04)
Seat 3: Hero folded before Flop (didn't bet)
Seat 4: 91e54b23 folded before Flop (didn't bet)
Seat 5: a287f6c1 (button) folded before Flop (didn't bet)
Seat 6: 1d37327a (small blind) folded before Flop


Poker Hand #HD1145728326: Hold'em No Limit  ($0.02/$0.05) - 2023/03/04 15:46:39
Table 'NLHBlue44' 6-max Seat #4 is the button
Seat 1: 716d8df4 ($18.17 in chips)
Seat 3: Hero ($5.4 in chips)
Seat 4: 91e54b23 ($7.8 in chips)
Seat 5: a287f6c1 ($5.05 in chips)
Seat 6: 1d37327a ($14.53 in chips)
a287f6c1: posts small blind $0.02
1d37327a: posts big blind $0.05
*** HOLE CARDS ***
Dealt to 716d8df4 
Dealt to Hero [4d 4h]
Dealt to 91e54b23 
Dealt to a287f6c1 
Dealt to 1d37327a 
716d8df4: folds
Hero: raises $0.07 to $0.12
91e54b23: folds
a287f6c1: folds
1d37327a: calls $0.07
*** FLOP *** [5h Qd 6h]
1d37327a: checks
Hero: checks
*** TURN *** [5h Qd 6h] [Kc]
1d37327a: checks
Hero: checks
*** RIVER *** [5h Qd 6h Kc] [Tc]
1d37327a: checks
Hero: checks
1d37327a: shows [7s As] (Ace-High)
Hero: shows [4d 4h] (Pair of Fours)
*** SHOWDOWN ***
Hero collected $0.25 from pot
*** SUMMARY ***
Total pot $0.26 | Rake $0.01 | Jackpot $0 | Bingo $0 | Fortune $0
Board [5h Qd 6h Kc Tc]
Seat 1: 716d8df4 folded before Flop (didn't bet)
Seat 3: Hero showed [4d 4h] and won ($0.25) with Pair of Fours
Seat 4: 91e54b23 (button) folded before Flop (didn't bet)
Seat 5: a287f6c1 (small blind) folded before Flop
Seat 6: 1d37327a (big blind) showed [7s As] and lost with Ace-High


Poker Hand #HD1145728289: Hold'em No Limit  ($0.02/$0.05) - 2023/03/04 15:46:25
Table 'NLHBlue44' 6-max Seat #3 is the button
Seat 1: 716d8df4 ($18.17 in chips)
Seat 3: Hero ($5.4 in chips)
Seat 4: 91e54b23 ($7.82 in chips)
Seat 5: a287f6c1 ($5.03 in chips)
Seat 6: 1d37327a ($14.53 in chips)
91e54b23: posts small blind $0.02
a287f6c1: posts big blind $0.05
*** HOLE CARDS ***
Dealt to 716d8df4 
Dealt to Hero [7s 8h]
Dealt to 91e54b23 
Dealt to a287f6c1 
Dealt to 1d37327a 
1d37327a: folds
716d8df4: folds
Hero: folds
91e54b23: folds
Uncalled bet ($0.03) returned to a287f6c1
*** SHOWDOWN ***
a287f6c1 collected $0.04 from pot
*** SUMMARY ***
Total pot $0.04 | Rake $0 | Jackpot $0 | Bingo $0 | Fortune $0
Seat 1: 716d8df4 folded before Flop (didn't bet)
Seat 3: Hero (button) folded before Flop (didn't bet)
Seat 4: 91e54b23 (small blind) folded before Flop
Seat 5: a287f6c1 (big blind) collected ($0.04)
Seat 6: 1d37327a folded before Flop (didn't bet)


Poker Hand #HD1145728227: Hold'em No Limit  ($0.02/$0.05) - 2023/03/04 15:46:02
Table 'NLHBlue44' 6-max Seat #1 is the button
Seat 1: 716d8df4 ($18.04 in chips)
Seat 3: Hero ($5.42 in chips)
Seat 4: 91e54b23 ($7.94 in chips)
Seat 5: a287f6c1 ($5.03 in chips)
Seat 6: 1d37327a ($14.53 in chips)
Hero: posts small blind $0.02
91e54b23: posts big blind $0.05
*** HOLE CARDS ***
Dealt to 716d8df4 
Dealt to Hero [2c Ad]
Dealt to 91e54b23 
Dealt to a287f6c1 
Dealt to 1d37327a 
a287f6c1: folds
1d37327a: folds
716d8df4: raises $0.07 to $0.12
Hero: folds
91e54b23: calls $0.07
*** FLOP *** [3c Kd 2d]
91e54b23: checks
716d8df4: bets $0.09
91e54b23: folds
Uncalled bet ($0.09) returned to 716d8df4
*** SHOWDOWN ***
716d8df4 collected $0.25 from pot
*** SUMMARY ***
Total pot $0.26 | Rake $0.01 | Jackpot $0 | Bingo $0 | Fortune $0
Board [3c Kd 2d]
Seat 1: 716d8df4 (button) won ($0.25)
Seat 3: Hero (small blind) folded before Flop
Seat 4: 91e54b23 (big blind) folded on the Flop
Seat 5: a287f6c1 folded before Flop (didn't bet)
Seat 6: 1d37327a folded before Flop (didn't bet)


Poker Hand #HD1145728120: Hold'em No Limit  ($0.02/$0.05) - 2023/03/04 15:45:22
Table 'NLHBlue44' 6-max Seat #6 is the button
Seat 1: 716d8df4 ($17.47 in chips)
Seat 3: Hero ($6.05 in chips)
Seat 4: 91e54b23 ($7.94 in chips)
Seat 5: a287f6c1 ($5.03 in chips)
Seat 6: 1d37327a ($14.53 in chips)
716d8df4: posts small blind $0.02
Hero: posts big blind $0.05
*** HOLE CARDS ***
Dealt to 716d8df4 
Dealt to Hero [Kh Qc]
Dealt to 91e54b23 
Dealt to a287f6c1 
Dealt to 1d37327a 
91e54b23: folds
a287f6c1: folds
1d37327a: folds
716d8df4: raises $0.1 to $0.15
Hero: calls $0.1
*** FLOP *** [2h Ks 8d]
716d8df4: bets $0.1
Hero: calls $0.1
*** TURN *** [2h Ks 8d] [8h]
716d8df4: bets $0.38
Hero: calls $0.38
*** RIVER *** [2h Ks 8d 8h] [5d]
716d8df4: bets $0.95
Hero: folds
Uncalled bet ($0.95) returned to 716d8df4
*** SHOWDOWN ***
716d8df4 collected $1.2 from pot
*** SUMMARY ***
Total pot $1.26 | Rake $0.06 | Jackpot $0 | Bingo $0 | Fortune $0
Board [2h Ks 8d 8h 5d]
Seat 1: 716d8df4 (small blind) won ($1.2)
Seat 3: Hero (big blind) folded on the River
Seat 4: 91e54b23 folded before Flop (didn't bet)
Seat 5: a287f6c1 folded before Flop (didn't bet)
Seat 6: 1d37327a (button) folded before Flop (didn't bet)


Poker Hand #HD1145728067: Hold'em No Limit  ($0.02/$0.05) - 2023/03/04 15:45:04
Table 'NLHBlue44' 6-max Seat #5 is the button
Seat 1: 716d8df4 ($17.45 in chips)
Seat 3: Hero ($6.05 in chips)
Seat 4: 91e54b23 ($7.94 in chips)
Seat 5: a287f6c1 ($5.03 in chips)
Seat 6: 1d37327a ($14.55 in chips)
1d37327a: posts small blind $0.02
716d8df4: posts big blind $0.05
*** HOLE CARDS ***
Dealt to 716d8df4 
Dealt to Hero [3s 2d]
Dealt to 91e54b23 
Dealt to a287f6c1 
Dealt to 1d37327a 
Hero: folds
91e54b23: folds
a287f6c1: folds
1d37327a: folds
Uncalled bet ($0.03) returned to 716d8df4
*** SHOWDOWN ***
716d8df4 collected $0.04 from pot
*** SUMMARY ***
Total pot $0.04 | Rake $0 | Jackpot $0 | Bingo $0 | Fortune $0
Seat 1: 716d8df4 (big blind) collected ($0.04)
Seat 3: Hero folded before Flop (didn't bet)
Seat 4: 91e54b23 folded before Flop (didn't bet)
Seat 5: a287f6c1 (button) folded before Flop (didn't bet)
Seat 6: 1d37327a (small blind) folded before Flop


Poker Hand #HD1145728031: Hold'em No Limit  ($0.02/$0.05) - 2023/03/04 15:44:50
Table 'NLHBlue44' 6-max Seat #4 is the button
Seat 1: 716d8df4 ($17.45 in chips)
Seat 3: Hero ($6.05 in chips)
Seat 4: 91e54b23 ($7.94 in chips)
Seat 5: a287f6c1 ($5.05 in chips)
Seat 6: 1d37327a ($14.53 in chips)
a287f6c1: posts small blind $0.02
1d37327a: posts big blind $0.05
*** HOLE CARDS ***
Dealt to 716d8df4 
Dealt to Hero [Qc 4h]
Dealt to 91e54b23 
Dealt to a287f6c1 
Dealt to 1d37327a 
716d8df4: folds
Hero: folds
91e54b23: folds
a287f6c1: folds
Uncalled bet ($0.03) returned to 1d37327a
*** SHOWDOWN ***
1d37327a collected $0.04 from pot
*** SUMMARY ***
Total pot $0.04 | Rake $0 | Jackpot $0 | Bingo $0 | Fortune $0
Seat 1: 716d8df4 folded before Flop (didn't bet)
Seat 3: Hero folded before Flop (didn't bet)
Seat 4: 91e54b23 (button) folded before Flop (didn't bet)
Seat 5: a287f6c1 (small blind) folded before Flop
Seat 6: 1d37327a (big blind) collected ($0.04)


Poker Hand #HD1145727996: Hold'em No Limit  ($0.02/$0.05) - 2023/03/04 15:44:33
Table 'NLHBlue44' 6-max Seat #3 is the button
Seat 1: 716d8df4 ($17.38 in chips)
Seat 3: Hero ($6.05 in chips)
Seat 4: 91e54b23 ($7.96 in chips)
Seat 5: a287f6c1 ($5 in chips)
Seat 6: 1d37327a ($14.53 in chips)
91e54b23: posts small blind $0.02
a287f6c1: posts big blind $0.05
*** HOLE CARDS ***
Dealt to 716d8df4 
Dealt to Hero [Jc 7c]
Dealt to 91e54b23 
Dealt to a287f6c1 
Dealt to 1d37327a 
1d37327a: folds
716d8df4: raises $0.07 to $0.12
Hero: folds
91e54b23: folds
a287f6c1: folds
Uncalled bet ($0.07) returned to 716d8df4
*** SHOWDOWN ***
716d8df4 collected $0.12 from pot
*** SUMMARY ***
Total pot $0.12 | Rake $0 | Jackpot $0 | Bingo $0 | Fortune $0
Seat 1: 716d8df4 collected ($0.12)
Seat 3: Hero (button) folded before Flop (didn't bet)
Seat 4: 91e54b23 (small blind) folded before Flop
Seat 5: a287f6c1 (big blind) folded before Flop
Seat 6: 1d37327a folded before Flop (didn't bet)


Poker Hand #HD1145727715: Hold'em No Limit  ($0.02/$0.05) - 2023/03/04 15:42:44
Table 'NLHBlue44' 6-max Seat #1 is the button
Seat 1: 716d8df4 ($8.93 in chips)
Seat 3: Hero ($6.07 in chips)
Seat 4: 91e54b23 ($8.01 in chips)
Seat 5: a287f6c1 ($5 in chips)
Seat 6: 1d37327a ($23.46 in chips)
Hero: posts small blind $0.02
91e54b23: posts big blind $0.05
*** HOLE CARDS ***
Dealt to 716d8df4 
Dealt to Hero [Ac 2d]
Dealt to 91e54b23 
Dealt to a287f6c1 
Dealt to 1d37327a 
a287f6c1: folds
1d37327a: raises $0.06 to $0.11
716d8df4: raises $0.22 to $0.33
Hero: folds
91e54b23: folds
1d37327a: raises $0.25 to $0.58
716d8df4: calls $0.25
*** FLOP *** [4s Jh Qs]
1d37327a: bets $0.62
716d8df4: calls $0.62
*** TURN *** [4s Jh Qs] [Kh]
1d37327a: bets $12.65
716d8df4: calls $7.73 and is all-in
Uncalled bet ($4.92) returned to 1d37327a
1d37327a: shows [Kd Qd] (Pair of Kings and Pair of Queens)
716d8df4: shows [As Tc] (Aces-High Straight)
*** FIRST RIVER *** [4s Jh Qs Kh] [8s]
*** SECOND RIVER *** [4s Jh Qs Kh] [7s]
*** FIRST SHOWDOWN ***
716d8df4 collected $8.69 from pot
*** SECOND SHOWDOWN ***
716d8df4 collected $8.69 from pot
*** SUMMARY ***
Total pot $17.93 | Rake $0.5 | Jackpot $0.05 | Bingo $0 | Fortune $0
Hand was run two times
FIRST Board [4s Jh Qs Kh 8s]
SECOND Board [7s]
Seat 1: 716d8df4 (button) showed [As Tc] and won ($8.69) with Aces-High Straight, and won ($8.69)
Seat 3: Hero (small blind) folded before Flop
Seat 4: 91e54b23 (big blind) folded before Flop
Seat 5: a287f6c1 folded before Flop (didn't bet)
Seat 6: 1d37327a showed [Kd Qd] and lost with Pair of Kings and Pair of Queens, and lost


Poker Hand #HD1145727636: Hold'em No Limit  ($0.02/$0.05) - 2023/03/04 15:42:19
Table 'NLHBlue44' 6-max Seat #6 is the button
Seat 1: 716d8df4 ($8.95 in chips)
Seat 3: Hero ($5.91 in chips)
Seat 4: 91e54b23 ($8.01 in chips)
Seat 5: a287f6c1 ($5 in chips)
Seat 6: 1d37327a ($23.46 in chips)
716d8df4: posts small blind $0.02
Hero: posts big blind $0.05
*** HOLE CARDS ***
Dealt to 716d8df4 
Dealt to Hero [Qs Kc]
Dealt to 91e54b23 
Dealt to a287f6c1 
Dealt to 1d37327a 
91e54b23: folds
a287f6c1: raises $0.1 to $0.15
1d37327a: folds
716d8df4: folds
Hero: calls $0.1
*** FLOP *** [Kh 2h 4s]
Hero: bets $0.16
a287f6c1: folds
Uncalled bet ($0.16) returned to Hero
*** SHOWDOWN ***
Hero collected $0.31 from pot
*** SUMMARY ***
Total pot $0.32 | Rake $0.01 | Jackpot $0 | Bingo $0 | Fortune $0
Board [Kh 2h 4s]
Seat 1: 716d8df4 (small blind) folded before Flop
Seat 3: Hero (big blind) won ($0.31)
Seat 4: 91e54b23 folded before Flop (didn't bet)
Seat 5: a287f6c1 folded on the Flop
Seat 6: 1d37327a (button) folded before Flop (didn't bet)


Poker Hand #HD1145727614: Hold'em No Limit  ($0.02/$0.05) - 2023/03/04 15:42:08
Table 'NLHBlue44' 6-max Seat #5 is the button
Seat 1: 716d8df4 ($9 in chips)
Seat 3: Hero ($5.91 in chips)
Seat 4: 91e54b23 ($7.94 in chips)
Seat 5: a287f6c1 ($5 in chips)
Seat 6: 1d37327a ($23.48 in chips)
1d37327a: posts small blind $0.02
716d8df4: posts big blind $0.05
*** HOLE CARDS ***
Dealt to 716d8df4 
Dealt to Hero [Tc Qd]
Dealt to 91e54b23 
Dealt to a287f6c1 
Dealt to 1d37327a 
Hero: folds
91e54b23: raises $0.06 to $0.11
a287f6c1: folds
1d37327a: folds
716d8df4: folds
Uncalled bet ($0.06) returned to 91e54b23
*** SHOWDOWN ***
91e54b23 collected $0.12 from pot
*** SUMMARY ***
Total pot $0.12 | Rake $0 | Jackpot $0 | Bingo $0 | Fortune $0
Seat 1: 716d8df4 (big blind) folded before Flop
Seat 3: Hero folded before Flop (didn't bet)
Seat 4: 91e54b23 collected ($0.12)
Seat 5: a287f6c1 (button) folded before Flop (didn't bet)
Seat 6: 1d37327a (small blind) folded before Flop


Poker Hand #HD1145727416: Hold'em No Limit  ($0.02/$0.05) - 2023/03/04 15:40:48
Table 'NLHBlue44' 6-max Seat #4 is the button
Seat 1: 716d8df4 ($8.17 in chips)
Seat 2: 750d5b8b ($0.79 in chips)
Seat 3: Hero ($5.91 in chips)
Seat 4: 91e54b23 ($7.94 in chips)
Seat 5: a287f6c1 ($5 in chips)
Seat 6: 1d37327a ($23.53 in chips)
a287f6c1: posts small blind $0.02
1d37327a: posts big blind $0.05
*** HOLE CARDS ***
Dealt to 716d8df4 
Dealt to 750d5b8b 
Dealt to Hero [Ts Ad]
Dealt to 91e54b23 
Dealt to a287f6c1 
Dealt to 1d37327a 
716d8df4: raises $0.07 to $0.12
750d5b8b: calls $0.12
Hero: folds
91e54b23: folds
a287f6c1: calls $0.1
1d37327a: folds
*** FLOP *** [3c 5s 6s]
a287f6c1: checks
716d8df4: checks
750d5b8b: checks
*** TURN *** [3c 5s 6s] [7c]
a287f6c1: checks
716d8df4: checks
750d5b8b: bets $0.41
a287f6c1: folds
716d8df4: calls $0.41
*** RIVER *** [3c 5s 6s 7c] [Tc]
716d8df4: checks
750d5b8b: bets $0.26 and is all-in
716d8df4: calls $0.26
750d5b8b: shows [4s 4h] (Sevens-High Straight)
716d8df4: shows [Kc Ac] (Ace High Flush)
*** SHOWDOWN ***
716d8df4 collected $1.62 from pot
*** SUMMARY ***
Total pot $1.75 | Rake $0.08 | Jackpot $0.05 | Bingo $0 | Fortune $0
Board [3c 5s 6s 7c Tc]
Seat 1: 716d8df4 showed [Kc Ac] and won ($1.62) with Ace High Flush
Seat 2: 750d5b8b showed [4s 4h] and lost with Sevens-High Straight
Seat 3: Hero folded before Flop (didn't bet)
Seat 4: 91e54b23 (button) folded before Flop (didn't bet)
Seat 5: a287f6c1 (small blind) folded on the Turn
Seat 6: 1d37327a (big blind) folded before Flop


Poker Hand #HD1145727277: Hold'em No Limit  ($0.02/$0.05) - 2023/03/04 15:39:56
Table 'NLHBlue44' 6-max Seat #3 is the button
Seat 1: 716d8df4 ($8.5 in chips)
Seat 2: 750d5b8b ($0.79 in chips)
Seat 3: Hero ($5.91 in chips)
Seat 4: 91e54b23 ($7.96 in chips)
Seat 5: a287f6c1 ($5 in chips)
Seat 6: 1d37327a ($23.16 in chips)
91e54b23: posts small blind $0.02
a287f6c1: posts big blind $0.05
*** HOLE CARDS ***
Dealt to 716d8df4 
Dealt to 750d5b8b 
Dealt to Hero [2h 4h]
Dealt to 91e54b23 
Dealt to a287f6c1 
Dealt to 1d37327a 
1d37327a: raises $0.06 to $0.11
716d8df4: raises $0.22 to $0.33
750d5b8b: folds
Hero: folds
91e54b23: folds
a287f6c1: folds
1d37327a: calls $0.22
*** FLOP *** [Js 7h 2d]
1d37327a: bets $0.37
716d8df4: folds
Uncalled bet ($0.37) returned to 1d37327a
*** SHOWDOWN ***
1d37327a collected $0.7 from pot
*** SUMMARY ***
Total pot $0.73 | Rake $0.03 | Jackpot $0 | Bingo $0 | Fortune $0
Board [Js 7h 2d]
Seat 1: 716d8df4 folded on the Flop
Seat 2: 750d5b8b folded before Flop (didn't bet)
Seat 3: Hero (button) folded before Flop (didn't bet)
Seat 4: 91e54b23 (small blind) folded before Flop
Seat 5: a287f6c1 (big blind) folded before Flop
Seat 6: 1d37327a won ($0.7)


Poker Hand #HD1145727172: Hold'em No Limit  ($0.02/$0.05) - 2023/03/04 15:39:18
Table 'NLHBlue44' 6-max Seat #2 is the button
Seat 1: 716d8df4 ($8.5 in chips)
Seat 2: 750d5b8b ($0.9 in chips)
Seat 3: Hero ($5.93 in chips)
Seat 4: 91e54b23 ($8.01 in chips)
Seat 6: 1d37327a ($22.99 in chips)
Hero: posts small blind $0.02
91e54b23: posts big blind $0.05
*** HOLE CARDS ***
Dealt to 716d8df4 
Dealt to 750d5b8b 
Dealt to Hero [7s Qc]
Dealt to 91e54b23 
Dealt to 1d37327a 
1d37327a: raises $0.06 to $0.11
716d8df4: folds
750d5b8b: calls $0.11
Hero: folds
91e54b23: folds
*** FLOP *** [9c 8s 2c]
1d37327a: bets $0.1
750d5b8b: folds
Uncalled bet ($0.1) returned to 1d37327a
*** SHOWDOWN ***
1d37327a collected $0.28 from pot
*** SUMMARY ***
Total pot $0.29 | Rake $0.01 | Jackpot $0 | Bingo $0 | Fortune $0
Board [9c 8s 2c]
Seat 1: 716d8df4 folded before Flop (didn't bet)
Seat 2: 750d5b8b (button) folded on the Flop
Seat 3: Hero (small blind) folded before Flop
Seat 4: 91e54b23 (big blind) folded before Flop
Seat 6: 1d37327a won ($0.28)


Poker Hand #HD1145726961: Hold'em No Limit  ($0.02/$0.05) - 2023/03/04 15:37:53
Table 'NLHBlue44' 6-max Seat #1 is the button
Seat 1: 716d8df4 ($8.5 in chips)
Seat 2: 750d5b8b ($0.92 in chips)
Seat 3: Hero ($5.98 in chips)
Seat 4: 91e54b23 ($5.31 in chips)
Seat 5: dc9665c5 ($4.99 in chips)
Seat 6: 1d37327a ($22.99 in chips)
750d5b8b: posts small blind $0.02
Hero: posts big blind $0.05
*** HOLE CARDS ***
Dealt to 716d8df4 
Dealt to 750d5b8b 
Dealt to Hero [5d Qc]
Dealt to 91e54b23 
Dealt to dc9665c5 
Dealt to 1d37327a 
91e54b23: raises $0.06 to $0.11
dc9665c5: raises $0.15 to $0.26
1d37327a: folds
716d8df4: folds
750d5b8b: folds
Hero: folds
91e54b23: calls $0.15
*** FLOP *** [Ks 7h 9s]
91e54b23: checks
dc9665c5: bets $0.3
91e54b23: raises $0.4 to $0.7
dc9665c5: calls $0.4
*** TURN *** [Ks 7h 9s] [Jc]
91e54b23: bets $1.5
dc9665c5: raises $2.5 to $4
91e54b23: raises $0.35 to $4.35 and is all-in
dc9665c5: calls $0.03 and is all-in
Uncalled bet ($0.32) returned to 91e54b23
91e54b23: shows [9c 7c] (Pair of Nines and Pair of Sevens)
dc9665c5: shows [Ac As] (Pair of Aces)
91e54b23: Chooses to EV Cashout 
*** RIVER *** [Ks 7h 9s Jc] [3d]
91e54b23: Pays Cashout Risk ($1.81)
*** SHOWDOWN ***
91e54b23 collected $9.5 from pot
*** SUMMARY ***
Total pot $10.05 | Rake $0.5 | Jackpot $0.05 | Bingo $0 | Fortune $0
Board [Ks 7h 9s Jc 3d]
Seat 1: 716d8df4 (button) folded before Flop (didn't bet)
Seat 2: 750d5b8b (small blind) folded before Flop
Seat 3: Hero (big blind) folded before Flop
Seat 4: 91e54b23 showed [9c 7c] and won ($9.5) with Pair of Nines and Pair of Sevens, Cashout Risk ($1.81)
Seat 5: dc9665c5 showed [Ac As] and lost with Pair of Aces
Seat 6: 1d37327a folded before Flop (didn't bet)


Poker Hand #HD1145726926: Hold'em No Limit  ($0.02/$0.05) - 2023/03/04 15:37:42
Table 'NLHBlue44' 6-max Seat #6 is the button
Seat 1: 716d8df4 ($8.52 in chips)
Seat 2: 750d5b8b ($0.9 in chips)
Seat 3: Hero ($5.98 in chips)
Seat 4: 91e54b23 ($5.31 in chips)
Seat 5: dc9665c5 ($4.99 in chips)
Seat 6: 1d37327a ($22.99 in chips)
716d8df4: posts small blind $0.02
750d5b8b: posts big blind $0.05
*** HOLE CARDS ***
Dealt to 716d8df4 
Dealt to 750d5b8b 
Dealt to Hero [Jd 2d]
Dealt to 91e54b23 
Dealt to dc9665c5 
Dealt to 1d37327a 
Hero: folds
91e54b23: folds
dc9665c5: folds
1d37327a: folds
716d8df4: folds
Uncalled bet ($0.03) returned to 750d5b8b
*** SHOWDOWN ***
750d5b8b collected $0.04 from pot
*** SUMMARY ***
Total pot $0.04 | Rake $0 | Jackpot $0 | Bingo $0 | Fortune $0
Seat 1: 716d8df4 (small blind) folded before Flop
Seat 2: 750d5b8b (big blind) collected ($0.04)
Seat 3: Hero folded before Flop (didn't bet)
Seat 4: 91e54b23 folded before Flop (didn't bet)
Seat 5: dc9665c5 folded before Flop (didn't bet)
Seat 6: 1d37327a (button) folded before Flop (didn't bet)


Poker Hand #HD1145726804: Hold'em No Limit  ($0.02/$0.05) - 2023/03/04 15:36:59
Table 'NLHBlue44' 6-max Seat #5 is the button
Seat 1: 716d8df4 ($8.57 in chips)
Seat 2: 750d5b8b ($1 in chips)
Seat 3: Hero ($5.98 in chips)
Seat 4: 91e54b23 ($5.31 in chips)
Seat 5: dc9665c5 ($5.04 in chips)
Seat 6: 1d37327a ($22.8 in chips)
1d37327a: posts small blind $0.02
716d8df4: posts big blind $0.05
750d5b8b: posts big blind $0.05
*** HOLE CARDS ***
Dealt to 716d8df4 
Dealt to 750d5b8b 
Dealt to Hero [2d 6s]
Dealt to 91e54b23 
Dealt to dc9665c5 
Dealt to 1d37327a 
750d5b8b: checks
Hero: folds
91e54b23: folds
dc9665c5: calls $0.05
1d37327a: calls $0.03
716d8df4: checks
*** FLOP *** [Jc Kc Qs]
1d37327a: bets $0.05
716d8df4: folds
750d5b8b: calls $0.05
dc9665c5: folds
*** TURN *** [Jc Kc Qs] [7s]
1d37327a: bets $0.23
750d5b8b: folds
Uncalled bet ($0.23) returned to 1d37327a
*** SHOWDOWN ***
1d37327a collected $0.29 from pot
*** SUMMARY ***
Total pot $0.3 | Rake $0.01 | Jackpot $0 | Bingo $0 | Fortune $0
Board [Jc Kc Qs 7s]
Seat 1: 716d8df4 (big blind) folded on the Flop
Seat 2: 750d5b8b folded on the Turn
Seat 3: Hero folded before Flop (didn't bet)
Seat 4: 91e54b23 folded before Flop (didn't bet)
Seat 5: dc9665c5 (button) folded on the Flop
Seat 6: 1d37327a (small blind) won ($0.29)


Poker Hand #HD1145726735: Hold'em No Limit  ($0.02/$0.05) - 2023/03/04 15:36:35
Table 'NLHBlue44' 6-max Seat #4 is the button
Seat 1: 716d8df4 ($8.5 in chips)
Seat 3: Hero ($5.98 in chips)
Seat 4: 91e54b23 ($5.31 in chips)
Seat 5: dc9665c5 ($5.06 in chips)
Seat 6: 1d37327a ($22.85 in chips)
dc9665c5: posts small blind $0.02
1d37327a: posts big blind $0.05
*** HOLE CARDS ***
Dealt to 716d8df4 
Dealt to Hero [2s Kh]
Dealt to 91e54b23 
Dealt to dc9665c5 
Dealt to 1d37327a 
716d8df4: raises $0.07 to $0.12
Hero: folds
91e54b23: folds
dc9665c5: folds
1d37327a: folds
Uncalled bet ($0.07) returned to 716d8df4
*** SHOWDOWN ***
716d8df4 collected $0.12 from pot
*** SUMMARY ***
Total pot $0.12 | Rake $0 | Jackpot $0 | Bingo $0 | Fortune $0
Seat 1: 716d8df4 collected ($0.12)
Seat 3: Hero folded before Flop (didn't bet)
Seat 4: 91e54b23 (button) folded before Flop (didn't bet)
Seat 5: dc9665c5 (small blind) folded before Flop
Seat 6: 1d37327a (big blind) folded before Flop


Poker Hand #HD1145726607: Hold'em No Limit  ($0.02/$0.05) - 2023/03/04 15:35:43
Table 'NLHBlue44' 6-max Seat #3 is the button
Seat 1: 716d8df4 ($8.5 in chips)
Seat 3: Hero ($5.98 in chips)
Seat 4: 91e54b23 ($5.33 in chips)
Seat 5: dc9665c5 ($4.94 in chips)
Seat 6: 1d37327a ($22.96 in chips)
91e54b23: posts small blind $0.02
dc9665c5: posts big blind $0.05
*** HOLE CARDS ***
Dealt to 716d8df4 
Dealt to Hero [As 8c]
Dealt to 91e54b23 
Dealt to dc9665c5 
Dealt to 1d37327a 
1d37327a: raises $0.06 to $0.11
716d8df4: folds
Hero: folds
91e54b23: folds
dc9665c5: calls $0.06
*** FLOP *** [Tc Ac 2c]
dc9665c5: checks
1d37327a: checks
*** TURN *** [Tc Ac 2c] [Kc]
dc9665c5: bets $0.12
1d37327a: folds
Uncalled bet ($0.12) returned to dc9665c5
*** SHOWDOWN ***
dc9665c5 collected $0.23 from pot
*** SUMMARY ***
Total pot $0.24 | Rake $0.01 | Jackpot $0 | Bingo $0 | Fortune $0
Board [Tc Ac 2c Kc]
Seat 1: 716d8df4 folded before Flop (didn't bet)
Seat 3: Hero (button) folded before Flop (didn't bet)
Seat 4: 91e54b23 (small blind) folded before Flop
Seat 5: dc9665c5 (big blind) won ($0.23)
Seat 6: 1d37327a folded on the Turn


Poker Hand #HD1145726588: Hold'em No Limit  ($0.02/$0.05) - 2023/03/04 15:35:32
Table 'NLHBlue44' 6-max Seat #1 is the button
Seat 1: 716d8df4 ($8.5 in chips)
Seat 3: Hero ($6 in chips)
Seat 4: 91e54b23 ($5.31 in chips)
Seat 5: dc9665c5 ($4.94 in chips)
Seat 6: 1d37327a ($22.96 in chips)
Hero: posts small blind $0.02
91e54b23: posts big blind $0.05
*** HOLE CARDS ***
Dealt to 716d8df4 
Dealt to Hero [5s 8c]
Dealt to 91e54b23 
Dealt to dc9665c5 
Dealt to 1d37327a 
dc9665c5: folds
1d37327a: folds
716d8df4: folds
Hero: folds
Uncalled bet ($0.03) returned to 91e54b23
*** SHOWDOWN ***
91e54b23 collected $0.04 from pot
*** SUMMARY ***
Total pot $0.04 | Rake $0 | Jackpot $0 | Bingo $0 | Fortune $0
Seat 1: 716d8df4 (button) folded before Flop (didn't bet)
Seat 3: Hero (small blind) folded before Flop
Seat 4: 91e54b23 (big blind) collected ($0.04)
Seat 5: dc9665c5 folded before Flop (didn't bet)
Seat 6: 1d37327a folded before Flop (didn't bet)


Poker Hand #HD1145726495: Hold'em No Limit  ($0.02/$0.05) - 2023/03/04 15:34:58
Table 'NLHBlue44' 6-max Seat #6 is the button
Seat 1: 716d8df4 ($8.4 in chips)
Seat 3: Hero ($6.05 in chips)
Seat 4: 91e54b23 ($5.31 in chips)
Seat 5: dc9665c5 ($4.94 in chips)
Seat 6: 1d37327a ($23.01 in chips)
716d8df4: posts small blind $0.02
Hero: posts big blind $0.05
*** HOLE CARDS ***
Dealt to 716d8df4 
Dealt to Hero [Qs Th]
Dealt to 91e54b23 
Dealt to dc9665c5 
Dealt to 1d37327a 
91e54b23: folds
dc9665c5: folds
1d37327a: calls $0.05
716d8df4: raises $0.2 to $0.25
Hero: folds
1d37327a: folds
Uncalled bet ($0.2) returned to 716d8df4
*** SHOWDOWN ***
716d8df4 collected $0.15 from pot
*** SUMMARY ***
Total pot $0.15 | Rake $0 | Jackpot $0 | Bingo $0 | Fortune $0
Seat 1: 716d8df4 (small blind) collected ($0.15)
Seat 3: Hero (big blind) folded before Flop
Seat 4: 91e54b23 folded before Flop (didn't bet)
Seat 5: dc9665c5 folded before Flop (didn't bet)
Seat 6: 1d37327a (button) folded before Flop


Poker Hand #HD1145726303: Hold'em No Limit  ($0.02/$0.05) - 2023/03/04 15:33:38
Table 'NLHBlue44' 6-max Seat #5 is the button
Seat 1: 716d8df4 ($8.45 in chips)
Seat 3: Hero ($6.05 in chips)
Seat 4: 91e54b23 ($5.16 in chips)
Seat 5: dc9665c5 ($4.94 in chips)
Seat 6: 1d37327a ($23.12 in chips)
1d37327a: posts small blind $0.02
716d8df4: posts big blind $0.05
*** HOLE CARDS ***
Dealt to 716d8df4 
Dealt to Hero [Qh 6d]
Dealt to 91e54b23 
Dealt to dc9665c5 
Dealt to 1d37327a 
Hero: folds
91e54b23: raises $0.06 to $0.11
dc9665c5: folds
1d37327a: calls $0.09
716d8df4: folds
*** FLOP *** [2c Js Kd]
1d37327a: checks
91e54b23: bets $0.1
1d37327a: folds
Uncalled bet ($0.1) returned to 91e54b23
*** SHOWDOWN ***
91e54b23 collected $0.26 from pot
*** SUMMARY ***
Total pot $0.27 | Rake $0.01 | Jackpot $0 | Bingo $0 | Fortune $0
Board [2c Js Kd]
Seat 1: 716d8df4 (big blind) folded before Flop
Seat 3: Hero folded before Flop (didn't bet)
Seat 4: 91e54b23 won ($0.26)
Seat 5: dc9665c5 (button) folded before Flop (didn't bet)
Seat 6: 1d37327a (small blind) folded on the Flop


Poker Hand #HD1145726202: Hold'em No Limit  ($0.02/$0.05) - 2023/03/04 15:32:54
Table 'NLHBlue44' 6-max Seat #4 is the button
Seat 1: 716d8df4 ($8.57 in chips)
Seat 3: Hero ($6.05 in chips)
Seat 4: 91e54b23 ($5.28 in chips)
Seat 5: dc9665c5 ($4.96 in chips)
Seat 6: 1d37327a ($22.87 in chips)
dc9665c5: posts small blind $0.02
1d37327a: posts big blind $0.05
*** HOLE CARDS ***
Dealt to 716d8df4 
Dealt to Hero [Ks 3d]
Dealt to 91e54b23 
Dealt to dc9665c5 
Dealt to 1d37327a 
716d8df4: raises $0.07 to $0.12
Hero: folds
91e54b23: calls $0.12
dc9665c5: folds
1d37327a: calls $0.07
*** FLOP *** [Td 2d 3h]
1d37327a: bets $0.1
716d8df4: folds
91e54b23: folds
Uncalled bet ($0.1) returned to 1d37327a
*** SHOWDOWN ***
1d37327a collected $0.37 from pot
*** SUMMARY ***
Total pot $0.38 | Rake $0.01 | Jackpot $0 | Bingo $0 | Fortune $0
Board [Td 2d 3h]
Seat 1: 716d8df4 folded on the Flop
Seat 3: Hero folded before Flop (didn't bet)
Seat 4: 91e54b23 (button) folded on the Flop
Seat 5: dc9665c5 (small blind) folded before Flop
Seat 6: 1d37327a (big blind) won ($0.37)


Poker Hand #HD1145726078: Hold'em No Limit  ($0.02/$0.05) - 2023/03/04 15:32:09
Table 'NLHBlue44' 6-max Seat #3 is the button
Seat 1: 716d8df4 ($8.34 in chips)
Seat 3: Hero ($6.05 in chips)
Seat 4: 91e54b23 ($5.4 in chips)
Seat 5: dc9665c5 ($5.08 in chips)
Seat 6: 1d37327a ($22.87 in chips)
91e54b23: posts small blind $0.02
dc9665c5: posts big blind $0.05
*** HOLE CARDS ***
Dealt to 716d8df4 
Dealt to Hero [8h 6c]
Dealt to 91e54b23 
Dealt to dc9665c5 
Dealt to 1d37327a 
1d37327a: folds
716d8df4: raises $0.07 to $0.12
Hero: folds
91e54b23: calls $0.1
dc9665c5: calls $0.07
*** FLOP *** [2h 4d Qd]
91e54b23: checks
dc9665c5: checks
716d8df4: bets $0.12
91e54b23: folds
dc9665c5: folds
Uncalled bet ($0.12) returned to 716d8df4
*** SHOWDOWN ***
716d8df4 collected $0.35 from pot
*** SUMMARY ***
Total pot $0.36 | Rake $0.01 | Jackpot $0 | Bingo $0 | Fortune $0
Board [2h 4d Qd]
Seat 1: 716d8df4 won ($0.35)
Seat 3: Hero (button) folded before Flop (didn't bet)
Seat 4: 91e54b23 (small blind) folded on the Flop
Seat 5: dc9665c5 (big blind) folded on the Flop
Seat 6: 1d37327a folded before Flop (didn't bet)


Poker Hand #HD1145725840: Hold'em No Limit  ($0.02/$0.05) - 2023/03/04 15:30:32
Table 'NLHBlue44' 6-max Seat #1 is the button
Seat 1: 716d8df4 ($6.18 in chips)
Seat 3: Hero ($6.07 in chips)
Seat 4: 91e54b23 ($5.45 in chips)
Seat 5: dc9665c5 ($5.18 in chips)
Seat 6: 1d37327a ($25.14 in chips)
Hero: posts small blind $0.02
91e54b23: posts big blind $0.05
*** HOLE CARDS ***
Dealt to 716d8df4 
Dealt to Hero [3c 6d]
Dealt to 91e54b23 
Dealt to dc9665c5 
Dealt to 1d37327a 
dc9665c5: raises $0.05 to $0.1
1d37327a: raises $0.1 to $0.2
716d8df4: raises $0.3 to $0.5
Hero: folds
91e54b23: folds
dc9665c5: folds
1d37327a: raises $0.59 to $1.09
716d8df4: calls $0.59
*** FLOP *** [Qh 8c Ks]
1d37327a: checks
716d8df4: checks
*** TURN *** [Qh 8c Ks] [Js]
1d37327a: bets $1.18
716d8df4: calls $1.18
*** RIVER *** [Qh 8c Ks Js] [Th]
1d37327a: checks
716d8df4: bets $1.56
1d37327a: folds
Uncalled bet ($1.56) returned to 716d8df4
*** SHOWDOWN ***
716d8df4 collected $4.43 from pot
*** SUMMARY ***
Total pot $4.71 | Rake $0.23 | Jackpot $0.05 | Bingo $0 | Fortune $0
Board [Qh 8c Ks Js Th]
Seat 1: 716d8df4 (button) won ($4.43)
Seat 3: Hero (small blind) folded before Flop
Seat 4: 91e54b23 (big blind) folded before Flop
Seat 5: dc9665c5 folded before Flop
Seat 6: 1d37327a folded on the River


Poker Hand #HD1145725791: Hold'em No Limit  ($0.02/$0.05) - 2023/03/04 15:30:13
Table 'NLHBlue44' 6-max Seat #6 is the button
Seat 1: 716d8df4 ($6.2 in chips)
Seat 3: Hero ($6.05 in chips)
Seat 4: 91e54b23 ($5.45 in chips)
Seat 5: dc9665c5 ($5.18 in chips)
Seat 6: 1d37327a ($25.14 in chips)
716d8df4: posts small blind $0.02
Hero: posts big blind $0.05
*** HOLE CARDS ***
Dealt to 716d8df4 
Dealt to Hero [Ks 8d]
Dealt to 91e54b23 
Dealt to dc9665c5 
Dealt to 1d37327a 
91e54b23: folds
dc9665c5: folds
1d37327a: folds
716d8df4: folds
Uncalled bet ($0.03) returned to Hero
*** SHOWDOWN ***
Hero collected $0.04 from pot
*** SUMMARY ***
Total pot $0.04 | Rake $0 | Jackpot $0 | Bingo $0 | Fortune $0
Seat 1: 716d8df4 (small blind) folded before Flop
Seat 3: Hero (big blind) collected ($0.04)
Seat 4: 91e54b23 folded before Flop (didn't bet)
Seat 5: dc9665c5 folded before Flop (didn't bet)
Seat 6: 1d37327a (button) folded before Flop (didn't bet)


Poker Hand #HD1145725715: Hold'em No Limit  ($0.02/$0.05) - 2023/03/04 15:29:43
Table 'NLHBlue44' 6-max Seat #5 is the button
Seat 1: 716d8df4 ($6.25 in chips)
Seat 2: 814e7e5f ($5.29 in chips)
Seat 3: Hero ($6.05 in chips)
Seat 4: 91e54b23 ($5.45 in chips)
Seat 5: dc9665c5 ($5.18 in chips)
Seat 6: 1d37327a ($25.09 in chips)
1d37327a: posts small blind $0.02
716d8df4: posts big blind $0.05
*** HOLE CARDS ***
Dealt to 716d8df4 
Dealt to 814e7e5f 
Dealt to Hero [8s 2c]
Dealt to 91e54b23 
Dealt to dc9665c5 
Dealt to 1d37327a 
814e7e5f: folds
Hero: folds
91e54b23: folds
dc9665c5: folds
1d37327a: calls $0.03
716d8df4: checks
*** FLOP *** [4h 3d Ts]
1d37327a: bets $0.05
716d8df4: folds
Uncalled bet ($0.05) returned to 1d37327a
*** SHOWDOWN ***
1d37327a collected $0.1 from pot
*** SUMMARY ***
Total pot $0.1 | Rake $0 | Jackpot $0 | Bingo $0 | Fortune $0
Board [4h 3d Ts]
Seat 1: 716d8df4 (big blind) folded on the Flop
Seat 2: 814e7e5f folded before Flop (didn't bet)
Seat 3: Hero folded before Flop (didn't bet)
Seat 4: 91e54b23 folded before Flop (didn't bet)
Seat 5: dc9665c5 (button) folded before Flop (didn't bet)
Seat 6: 1d37327a (small blind) won ($0.1)


Poker Hand #HD1145655589: Hold'em No Limit  ($0.02/$0.05) - 2023/03/04 15:28:59
Table 'NLHBlue44' 6-max Seat #4 is the button
Seat 1: 716d8df4 ($6.25 in chips)
Seat 2: 814e7e5f ($5 in chips)
Seat 3: Hero ($6.05 in chips)
Seat 4: 91e54b23 ($5.45 in chips)
Seat 5: dc9665c5 ($5.45 in chips)
Seat 6: 1d37327a ($25.14 in chips)
dc9665c5: posts small blind $0.02
1d37327a: posts big blind $0.05
*** HOLE CARDS ***
Dealt to 716d8df4 
Dealt to 814e7e5f 
Dealt to Hero [Js Ts]
Dealt to 91e54b23 
Dealt to dc9665c5 
Dealt to 1d37327a 
716d8df4: folds
814e7e5f: raises $0.1 to $0.15
Hero: folds
91e54b23: folds
dc9665c5: calls $0.13
1d37327a: folds
*** FLOP *** [4c Ac 5d]
dc9665c5: checks
814e7e5f: checks
*** TURN *** [4c Ac 5d] [7c]
dc9665c5: bets $0.12
814e7e5f: calls $0.12
*** RIVER *** [4c Ac 5d 7c] [3h]
dc9665c5: checks
814e7e5f: checks
dc9665c5: shows [Td 8d] (Ace-High)
814e7e5f: shows [Qh Qd] (Pair of Queens)
*** SHOWDOWN ***
814e7e5f collected $0.56 from pot
*** SUMMARY ***
Total pot $0.59 | Rake $0.03 | Jackpot $0 | Bingo $0 | Fortune $0
Board [4c Ac 5d 7c 3h]
Seat 1: 716d8df4 folded before Flop (didn't bet)
Seat 2: 814e7e5f showed [Qh Qd] and won ($0.56) with Pair of Queens
Seat 3: Hero folded before Flop (didn't bet)
Seat 4: 91e54b23 (button) folded before Flop (didn't bet)
Seat 5: dc9665c5 (small blind) showed [Td 8d] and lost with Ace-High
Seat 6: 1d37327a (big blind) folded before Flop


Poker Hand #HD1145655516: Hold'em No Limit  ($0.02/$0.05) - 2023/03/04 15:28:32
Table 'NLHBlue44' 6-max Seat #3 is the button
Seat 1: 716d8df4 ($5.88 in chips)
Seat 2: 814e7e5f ($5 in chips)
Seat 3: Hero ($6.05 in chips)
Seat 4: 91e54b23 ($5.47 in chips)
Seat 5: dc9665c5 ($5.5 in chips)
Seat 6: 1d37327a ($25.47 in chips)
91e54b23: posts small blind $0.02
dc9665c5: posts big blind $0.05
*** HOLE CARDS ***
Dealt to 716d8df4 
Dealt to 814e7e5f 
Dealt to Hero [5h 6c]
Dealt to 91e54b23 
Dealt to dc9665c5 
Dealt to 1d37327a 
1d37327a: raises $0.06 to $0.11
716d8df4: raises $0.22 to $0.33
814e7e5f: folds
Hero: folds
91e54b23: folds
dc9665c5: folds
1d37327a: calls $0.22
*** FLOP *** [3c Kc Jc]
1d37327a: checks
716d8df4: bets $0.25
1d37327a: folds
Uncalled bet ($0.25) returned to 716d8df4
*** SHOWDOWN ***
716d8df4 collected $0.7 from pot
*** SUMMARY ***
Total pot $0.73 | Rake $0.03 | Jackpot $0 | Bingo $0 | Fortune $0
Board [3c Kc Jc]
Seat 1: 716d8df4 won ($0.7)
Seat 2: 814e7e5f folded before Flop (didn't bet)
Seat 3: Hero (button) folded before Flop (didn't bet)
Seat 4: 91e54b23 (small blind) folded before Flop
Seat 5: dc9665c5 (big blind) folded before Flop
Seat 6: 1d37327a folded on the Flop


Poker Hand #HD1145655402: Hold'em No Limit  ($0.02/$0.05) - 2023/03/04 15:27:46
Table 'NLHBlue44' 6-max Seat #2 is the button
Seat 1: 716d8df4 ($5.88 in chips)
Seat 2: 814e7e5f ($5 in chips)
Seat 3: Hero ($6.07 in chips)
Seat 4: 91e54b23 ($5 in chips)
Seat 5: dc9665c5 ($5.5 in chips)
Seat 6: 1d37327a ($25.47 in chips)
Hero: posts small blind $0.02
91e54b23: posts big blind $0.05
*** HOLE CARDS ***
Dealt to 716d8df4 
Dealt to 814e7e5f 
Dealt to Hero [6d 2s]
Dealt to 91e54b23 
Dealt to dc9665c5 
Dealt to 1d37327a 
dc9665c5: folds
1d37327a: folds
716d8df4: folds
814e7e5f: raises $0.08 to $0.13
Hero: folds
91e54b23: raises $0.37 to $0.5
814e7e5f: calls $0.37
*** FLOP *** [5d Ad 8d]
91e54b23: checks
814e7e5f: checks
*** TURN *** [5d Ad 8d] [5s]
91e54b23: bets $0.5
814e7e5f: folds
Uncalled bet ($0.5) returned to 91e54b23
*** SHOWDOWN ***
91e54b23 collected $0.97 from pot
*** SUMMARY ***
Total pot $1.02 | Rake $0.05 | Jackpot $0 | Bingo $0 | Fortune $0
Board [5d Ad 8d 5s]
Seat 1: 716d8df4 folded before Flop (didn't bet)
Seat 2: 814e7e5f (button) folded on the Turn
Seat 3: Hero (small blind) folded before Flop
Seat 4: 91e54b23 (big blind) won ($0.97)
Seat 5: dc9665c5 folded before Flop (didn't bet)
Seat 6: 1d37327a folded before Flop (didn't bet)


Poker Hand #HD1145655284: Hold'em No Limit  ($0.02/$0.05) - 2023/03/04 15:27:02
Table 'NLHBlue44' 6-max Seat #1 is the button
Seat 1: 716d8df4 ($5.88 in chips)
Seat 2: 814e7e5f ($5 in chips)
Seat 3: Hero ($6.05 in chips)
Seat 5: dc9665c5 ($5.5 in chips)
Seat 6: 1d37327a ($25.47 in chips)
814e7e5f: posts small blind $0.02
Hero: posts big blind $0.05
*** HOLE CARDS ***
Dealt to 716d8df4 
Dealt to 814e7e5f 
Dealt to Hero [3h Ac]
Dealt to dc9665c5 
Dealt to 1d37327a 
dc9665c5: folds
1d37327a: folds
716d8df4: folds
814e7e5f: folds
Uncalled bet ($0.03) returned to Hero
*** SHOWDOWN ***
Hero collected $0.04 from pot
*** SUMMARY ***
Total pot $0.04 | Rake $0 | Jackpot $0 | Bingo $0 | Fortune $0
Seat 1: 716d8df4 (button) folded before Flop (didn't bet)
Seat 2: 814e7e5f (small blind) folded before Flop
Seat 3: Hero (big blind) collected ($0.04)
Seat 5: dc9665c5 folded before Flop (didn't bet)
Seat 6: 1d37327a folded before Flop (didn't bet)


Poker Hand #HD1145655085: Hold'em No Limit  ($0.02/$0.05) - 2023/03/04 15:25:37
Table 'NLHBlue44' 6-max Seat #6 is the button
Seat 1: 716d8df4 ($5.9 in chips)
Seat 2: 814e7e5f ($5 in chips)
Seat 3: Hero ($6.05 in chips)
Seat 5: dc9665c5 ($2.91 in chips)
Seat 6: 1d37327a ($25.47 in chips)
716d8df4: posts small blind $0.02
814e7e5f: posts big blind $0.05
*** HOLE CARDS ***
Dealt to 716d8df4 
Dealt to 814e7e5f 
Dealt to Hero [Tc 3s]
Dealt to dc9665c5 
Dealt to 1d37327a 
Hero: folds
dc9665c5: raises $0.1 to $0.15
1d37327a: folds
716d8df4: folds
814e7e5f: raises $0.35 to $0.5
dc9665c5: calls $0.35
*** FLOP *** [Js Jc 8h]
814e7e5f: bets $0.34
dc9665c5: calls $0.34
*** TURN *** [Js Jc 8h] [9s]
814e7e5f: bets $0.72
dc9665c5: calls $0.72
*** RIVER *** [Js Jc 8h 9s] [Th]
814e7e5f: bets $3.44 and is all-in
dc9665c5: calls $1.35 and is all-in
Uncalled bet ($2.09) returned to 814e7e5f
814e7e5f: shows [Qd Qs] (Queens-High Straight)
dc9665c5: shows [Qc Kc] (Kings-High Straight)
*** SHOWDOWN ***
dc9665c5 collected $5.5 from pot
*** SUMMARY ***
Total pot $5.84 | Rake $0.29 | Jackpot $0.05 | Bingo $0 | Fortune $0
Board [Js Jc 8h 9s Th]
Seat 1: 716d8df4 (small blind) folded before Flop
Seat 2: 814e7e5f (big blind) showed [Qd Qs] and lost with Queens-High Straight
Seat 3: Hero folded before Flop (didn't bet)
Seat 5: dc9665c5 showed [Qc Kc] and won ($5.5) with Kings-High Straight
Seat 6: 1d37327a (button) folded before Flop (didn't bet)


Poker Hand #HD1145655055: Hold'em No Limit  ($0.02/$0.05) - 2023/03/04 15:25:27
Table 'NLHBlue44' 6-max Seat #5 is the button
Seat 1: 716d8df4 ($5.88 in chips)
Seat 2: 814e7e5f ($5 in chips)
Seat 3: Hero ($6.05 in chips)
Seat 5: dc9665c5 ($2.91 in chips)
Seat 6: 1d37327a ($25.49 in chips)
1d37327a: posts small blind $0.02
716d8df4: posts big blind $0.05
*** HOLE CARDS ***
Dealt to 716d8df4 
Dealt to 814e7e5f 
Dealt to Hero [3d Kc]
Dealt to dc9665c5 
Dealt to 1d37327a 
814e7e5f: folds
Hero: folds
dc9665c5: folds
1d37327a: folds
Uncalled bet ($0.03) returned to 716d8df4
*** SHOWDOWN ***
716d8df4 collected $0.04 from pot
*** SUMMARY ***
Total pot $0.04 | Rake $0 | Jackpot $0 | Bingo $0 | Fortune $0
Seat 1: 716d8df4 (big blind) collected ($0.04)
Seat 2: 814e7e5f folded before Flop (didn't bet)
Seat 3: Hero folded before Flop (didn't bet)
Seat 5: dc9665c5 (button) folded before Flop (didn't bet)
Seat 6: 1d37327a (small blind) folded before Flop


Poker Hand #HD1145654953: Hold'em No Limit  ($0.02/$0.05) - 2023/03/04 15:24:45
Table 'NLHBlue44' 6-max Seat #3 is the button
Seat 1: 716d8df4 ($5.88 in chips)
Seat 2: 814e7e5f ($5 in chips)
Seat 3: Hero ($5.62 in chips)
Seat 5: dc9665c5 ($2.93 in chips)
Seat 6: 1d37327a ($25.54 in chips)
dc9665c5: posts small blind $0.02
1d37327a: posts big blind $0.05
*** HOLE CARDS ***
Dealt to 716d8df4 
Dealt to 814e7e5f 
Dealt to Hero [Th Ah]
Dealt to dc9665c5 
Dealt to 1d37327a 
716d8df4: folds
814e7e5f: raises $0.1 to $0.15
Hero: raises $0.25 to $0.4
dc9665c5: folds
1d37327a: folds
814e7e5f: calls $0.25
*** FLOP *** [Jh 8h 8d]
814e7e5f: checks
Hero: bets $0.44
814e7e5f: folds
Uncalled bet ($0.44) returned to Hero
*** SHOWDOWN ***
Hero collected $0.83 from pot
*** SUMMARY ***
Total pot $0.87 | Rake $0.04 | Jackpot $0 | Bingo $0 | Fortune $0
Board [Jh 8h 8d]
Seat 1: 716d8df4 folded before Flop (didn't bet)
Seat 2: 814e7e5f folded on the Flop
Seat 3: Hero (button) won ($0.83)
Seat 5: dc9665c5 (small blind) folded before Flop
Seat 6: 1d37327a (big blind) folded before Flop


Poker Hand #HD1145654795: Hold'em No Limit  ($0.02/$0.05) - 2023/03/04 15:23:46
Table 'NLHBlue44' 6-max Seat #2 is the button
Seat 1: 716d8df4 ($5.88 in chips)
Seat 2: 814e7e5f ($7.32 in chips)
Seat 3: Hero ($5.64 in chips)
Seat 5: dc9665c5 ($2.98 in chips)
Seat 6: 1d37327a ($18.7 in chips)
Hero: posts small blind $0.02
dc9665c5: posts big blind $0.05
*** HOLE CARDS ***
Dealt to 716d8df4 
Dealt to 814e7e5f 
Dealt to Hero [5s Ts]
Dealt to dc9665c5 
Dealt to 1d37327a 
1d37327a: raises $0.06 to $0.11
716d8df4: folds
814e7e5f: raises $0.36 to $0.47
Hero: folds
dc9665c5: folds
1d37327a: raises $0.41 to $0.88
814e7e5f: raises $6.44 to $7.32 and is all-in
1d37327a: calls $6.44
814e7e5f: shows [Kc Ac]
1d37327a: shows [Qd Qs]
*** FIRST FLOP *** [Qh 6s 7c]
*** FIRST TURN *** [Qh 6s 7c] [5h]
*** FIRST RIVER *** [Qh 6s 7c 5h] [9c]
*** SECOND FLOP *** [5d 6h 3h]
*** SECOND TURN *** [5d 6h 3h] [7d]
*** SECOND RIVER *** [5d 6h 3h 7d] [8h]
*** FIRST SHOWDOWN ***
1d37327a collected $7.08 from pot
*** SECOND SHOWDOWN ***
1d37327a collected $7.08 from pot
*** SUMMARY ***
Total pot $14.71 | Rake $0.5 | Jackpot $0.05 | Bingo $0 | Fortune $0
Hand was run two times
FIRST Board [Qh 6s 7c 5h 9c]
SECOND Board [5d 6h 3h 7d 8h]
Seat 1: 716d8df4 folded before Flop (didn't bet)
Seat 2: 814e7e5f (button) showed [Kc Ac] and lost with Ace-High, and lost with Ace-High
Seat 3: Hero (small blind) folded before Flop
Seat 5: dc9665c5 (big blind) folded before Flop
Seat 6: 1d37327a showed [Qd Qs] and won ($7.08) with Three Queens, and won ($7.08) with Pair of Queens


Poker Hand #HD1145654753: Hold'em No Limit  ($0.02/$0.05) - 2023/03/04 15:23:26
Table 'NLHBlue44' 6-max Seat #1 is the button
Seat 1: 716d8df4 ($5.88 in chips)
Seat 2: 814e7e5f ($7.34 in chips)
Seat 3: Hero ($5.69 in chips)
Seat 5: dc9665c5 ($2.98 in chips)
Seat 6: 1d37327a ($18.63 in chips)
814e7e5f: posts small blind $0.02
Hero: posts big blind $0.05
*** HOLE CARDS ***
Dealt to 716d8df4 
Dealt to 814e7e5f 
Dealt to Hero [3s 5d]
Dealt to dc9665c5 
Dealt to 1d37327a 
dc9665c5: folds
1d37327a: raises $0.06 to $0.11
716d8df4: folds
814e7e5f: folds
Hero: folds
Uncalled bet ($0.06) returned to 1d37327a
*** SHOWDOWN ***
1d37327a collected $0.12 from pot
*** SUMMARY ***
Total pot $0.12 | Rake $0 | Jackpot $0 | Bingo $0 | Fortune $0
Seat 1: 716d8df4 (button) folded before Flop (didn't bet)
Seat 2: 814e7e5f (small blind) folded before Flop
Seat 3: Hero (big blind) folded before Flop
Seat 5: dc9665c5 folded before Flop (didn't bet)
Seat 6: 1d37327a collected ($0.12)


Poker Hand #HD1145654725: Hold'em No Limit  ($0.02/$0.05) - 2023/03/04 15:23:16
Table 'NLHBlue44' 6-max Seat #6 is the button
Seat 1: 716d8df4 ($5.9 in chips)
Seat 2: 814e7e5f ($7.32 in chips)
Seat 3: Hero ($5.69 in chips)
Seat 5: dc9665c5 ($2.98 in chips)
Seat 6: 1d37327a ($18.63 in chips)
716d8df4: posts small blind $0.02
814e7e5f: posts big blind $0.05
*** HOLE CARDS ***
Dealt to 716d8df4 
Dealt to 814e7e5f 
Dealt to Hero [8h 4h]
Dealt to dc9665c5 
Dealt to 1d37327a 
Hero: folds
dc9665c5: folds
1d37327a: folds
716d8df4: folds
Uncalled bet ($0.03) returned to 814e7e5f
*** SHOWDOWN ***
814e7e5f collected $0.04 from pot
*** SUMMARY ***
Total pot $0.04 | Rake $0 | Jackpot $0 | Bingo $0 | Fortune $0
Seat 1: 716d8df4 (small blind) folded before Flop
Seat 2: 814e7e5f (big blind) collected ($0.04)
Seat 3: Hero folded before Flop (didn't bet)
Seat 5: dc9665c5 folded before Flop (didn't bet)
Seat 6: 1d37327a (button) folded before Flop (didn't bet)


Poker Hand #HD1145654697: Hold'em No Limit  ($0.02/$0.05) - 2023/03/04 15:23:07
Table 'NLHBlue44' 6-max Seat #5 is the button
Seat 1: 716d8df4 ($5.88 in chips)
Seat 2: 814e7e5f ($7.32 in chips)
Seat 3: Hero ($5.69 in chips)
Seat 5: dc9665c5 ($2.98 in chips)
Seat 6: 1d37327a ($18.65 in chips)
1d37327a: posts small blind $0.02
716d8df4: posts big blind $0.05
*** HOLE CARDS ***
Dealt to 716d8df4 
Dealt to 814e7e5f 
Dealt to Hero [Qh 7h]
Dealt to dc9665c5 
Dealt to 1d37327a 
814e7e5f: folds
Hero: folds
dc9665c5: folds
1d37327a: folds
Uncalled bet ($0.03) returned to 716d8df4
*** SHOWDOWN ***
716d8df4 collected $0.04 from pot
*** SUMMARY ***
Total pot $0.04 | Rake $0 | Jackpot $0 | Bingo $0 | Fortune $0
Seat 1: 716d8df4 (big blind) collected ($0.04)
Seat 2: 814e7e5f folded before Flop (didn't bet)
Seat 3: Hero folded before Flop (didn't bet)
Seat 5: dc9665c5 (button) folded before Flop (didn't bet)
Seat 6: 1d37327a (small blind) folded before Flop


Poker Hand #HD1145654562: Hold'em No Limit  ($0.02/$0.05) - 2023/03/04 15:22:15
Table 'NLHBlue44' 6-max Seat #3 is the button
Seat 1: 716d8df4 ($5.88 in chips)
Seat 2: 814e7e5f ($7.32 in chips)
Seat 3: Hero ($5.69 in chips)
Seat 5: dc9665c5 ($3.28 in chips)
Seat 6: 1d37327a ($18.38 in chips)
dc9665c5: posts small blind $0.02
1d37327a: posts big blind $0.05
*** HOLE CARDS ***
Dealt to 716d8df4 
Dealt to 814e7e5f 
Dealt to Hero [4c Jh]
Dealt to dc9665c5 
Dealt to 1d37327a 
716d8df4: folds
814e7e5f: folds
Hero: folds
dc9665c5: raises $0.1 to $0.15
1d37327a: calls $0.1
*** FLOP *** [6d 2c 7c]
dc9665c5: checks
1d37327a: bets $0.15
dc9665c5: calls $0.15
*** TURN *** [6d 2c 7c] [5s]
dc9665c5: checks
1d37327a: bets $0.45
dc9665c5: folds
Uncalled bet ($0.45) returned to 1d37327a
*** SHOWDOWN ***
1d37327a collected $0.57 from pot
*** SUMMARY ***
Total pot $0.6 | Rake $0.03 | Jackpot $0 | Bingo $0 | Fortune $0
Board [6d 2c 7c 5s]
Seat 1: 716d8df4 folded before Flop (didn't bet)
Seat 2: 814e7e5f folded before Flop (didn't bet)
Seat 3: Hero (button) folded before Flop (didn't bet)
Seat 5: dc9665c5 (small blind) folded on the Turn
Seat 6: 1d37327a (big blind) won ($0.57)


Poker Hand #HD1145654495: Hold'em No Limit  ($0.02/$0.05) - 2023/03/04 15:21:50
Table 'NLHBlue44' 6-max Seat #2 is the button
Seat 1: 716d8df4 ($5.88 in chips)
Seat 2: 814e7e5f ($7.32 in chips)
Seat 3: Hero ($5.71 in chips)
Seat 5: dc9665c5 ($3.16 in chips)
Seat 6: 1d37327a ($18.49 in chips)
Hero: posts small blind $0.02
dc9665c5: posts big blind $0.05
*** HOLE CARDS ***
Dealt to 716d8df4 
Dealt to 814e7e5f 
Dealt to Hero [Kc 3d]
Dealt to dc9665c5 
Dealt to 1d37327a 
1d37327a: raises $0.06 to $0.11
716d8df4: folds
814e7e5f: folds
Hero: folds
dc9665c5: calls $0.06
*** FLOP *** [7d 9c Qh]
dc9665c5: checks
1d37327a: checks
*** TURN *** [7d 9c Qh] [5d]
dc9665c5: bets $0.08
1d37327a: folds
Uncalled bet ($0.08) returned to dc9665c5
*** SHOWDOWN ***
dc9665c5 collected $0.23 from pot
*** SUMMARY ***
Total pot $0.24 | Rake $0.01 | Jackpot $0 | Bingo $0 | Fortune $0
Board [7d 9c Qh 5d]
Seat 1: 716d8df4 folded before Flop (didn't bet)
Seat 2: 814e7e5f (button) folded before Flop (didn't bet)
Seat 3: Hero (small blind) folded before Flop
Seat 5: dc9665c5 (big blind) won ($0.23)
Seat 6: 1d37327a folded on the Turn


Poker Hand #HD1145654439: Hold'em No Limit  ($0.02/$0.05) - 2023/03/04 15:21:30
Table 'NLHBlue44' 6-max Seat #1 is the button
Seat 1: 716d8df4 ($5.75 in chips)
Seat 2: 814e7e5f ($7.34 in chips)
Seat 3: Hero ($5.76 in chips)
Seat 5: dc9665c5 ($3.16 in chips)
Seat 6: 1d37327a ($18.56 in chips)
814e7e5f: posts small blind $0.02
Hero: posts big blind $0.05
1d37327a: posts big blind $0.05
1d37327a: posts missed blind $0.02
*** HOLE CARDS ***
Dealt to 716d8df4 
Dealt to 814e7e5f 
Dealt to Hero [Td 6h]
Dealt to dc9665c5 
Dealt to 1d37327a 
dc9665c5: folds
1d37327a: checks
716d8df4: raises $0.15 to $0.2
814e7e5f: folds
Hero: folds
1d37327a: folds
Uncalled bet ($0.15) returned to 716d8df4
*** SHOWDOWN ***
716d8df4 collected $0.18 from pot
*** SUMMARY ***
Total pot $0.19 | Rake $0.01 | Jackpot $0 | Bingo $0 | Fortune $0
Seat 1: 716d8df4 (button) collected ($0.18)
Seat 2: 814e7e5f (small blind) folded before Flop
Seat 3: Hero (big blind) folded before Flop
Seat 5: dc9665c5 folded before Flop (didn't bet)
Seat 6: 1d37327a folded before Flop


Poker Hand #HD1145654402: Hold'em No Limit  ($0.02/$0.05) - 2023/03/04 15:21:16
Table 'NLHBlue44' 6-max Seat #5 is the button
Seat 1: 716d8df4 ($5.7 in chips)
Seat 2: 814e7e5f ($7.39 in chips)
Seat 3: Hero ($5.76 in chips)
Seat 5: dc9665c5 ($3.16 in chips)
716d8df4: posts small blind $0.02
814e7e5f: posts big blind $0.05
*** HOLE CARDS ***
Dealt to 716d8df4 
Dealt to 814e7e5f 
Dealt to Hero [7d 9h]
Dealt to dc9665c5 
Hero: folds
dc9665c5: folds
716d8df4: raises $0.1 to $0.15
814e7e5f: folds
Uncalled bet ($0.1) returned to 716d8df4
*** SHOWDOWN ***
716d8df4 collected $0.1 from pot
*** SUMMARY ***
Total pot $0.1 | Rake $0 | Jackpot $0 | Bingo $0 | Fortune $0
Seat 1: 716d8df4 (small blind) collected ($0.1)
Seat 2: 814e7e5f (big blind) folded before Flop
Seat 3: Hero folded before Flop (didn't bet)
Seat 5: dc9665c5 (button) folded before Flop (didn't bet)


Poker Hand #HD1145653985: Hold'em No Limit  ($0.02/$0.05) - 2023/03/04 15:18:42
Table 'NLHBlue44' 6-max Seat #3 is the button
Seat 1: 716d8df4 ($5.7 in chips)
Seat 2: 814e7e5f ($6.97 in chips)
Seat 3: Hero ($5.76 in chips)
Seat 4: e1053ab0 ($1.3 in chips)
Seat 5: dc9665c5 ($3.46 in chips)
e1053ab0: posts small blind $0.02
dc9665c5: posts big blind $0.05
*** HOLE CARDS ***
Dealt to 716d8df4 
Dealt to 814e7e5f 
Dealt to Hero [2s 8d]
Dealt to e1053ab0 
Dealt to dc9665c5 
716d8df4: folds
814e7e5f: raises $0.1 to $0.15
Hero: folds
e1053ab0: calls $0.13
dc9665c5: calls $0.1
*** FLOP *** [Th Qd 3c]
e1053ab0: checks
dc9665c5: bets $0.15
814e7e5f: calls $0.15
e1053ab0: folds
*** TURN *** [Th Qd 3c] [Kh]
dc9665c5: checks
814e7e5f: checks
*** RIVER *** [Th Qd 3c Kh] [Ks]
dc9665c5: checks
814e7e5f: bets $0.4
dc9665c5: folds
Uncalled bet ($0.4) returned to 814e7e5f
*** SHOWDOWN ***
814e7e5f collected $0.72 from pot
*** SUMMARY ***
Total pot $0.75 | Rake $0.03 | Jackpot $0 | Bingo $0 | Fortune $0
Board [Th Qd 3c Kh Ks]
Seat 1: 716d8df4 folded before Flop (didn't bet)
Seat 2: 814e7e5f won ($0.72)
Seat 3: Hero (button) folded before Flop (didn't bet)
Seat 4: e1053ab0 (small blind) folded on the Flop
Seat 5: dc9665c5 (big blind) folded on the River


Poker Hand #HD1145653951: Hold'em No Limit  ($0.02/$0.05) - 2023/03/04 15:18:30
Table 'NLHBlue44' 6-max Seat #2 is the button
Seat 1: 716d8df4 ($5.7 in chips)
Seat 2: 814e7e5f ($6.97 in chips)
Seat 3: Hero ($5.78 in chips)
Seat 4: e1053ab0 ($1.28 in chips)
Seat 5: dc9665c5 ($3.46 in chips)
Hero: posts small blind $0.02
e1053ab0: posts big blind $0.05
*** HOLE CARDS ***
Dealt to 716d8df4 
Dealt to 814e7e5f 
Dealt to Hero [3s Kc]
Dealt to e1053ab0 
Dealt to dc9665c5 
dc9665c5: folds
716d8df4: folds
814e7e5f: folds
Hero: folds
Uncalled bet ($0.03) returned to e1053ab0
*** SHOWDOWN ***
e1053ab0 collected $0.04 from pot
*** SUMMARY ***
Total pot $0.04 | Rake $0 | Jackpot $0 | Bingo $0 | Fortune $0
Seat 1: 716d8df4 folded before Flop (didn't bet)
Seat 2: 814e7e5f (button) folded before Flop (didn't bet)
Seat 3: Hero (small blind) folded before Flop
Seat 4: e1053ab0 (big blind) collected ($0.04)
Seat 5: dc9665c5 folded before Flop (didn't bet)


Poker Hand #HD1145653911: Hold'em No Limit  ($0.02/$0.05) - 2023/03/04 15:18:14
Table 'NLHBlue44' 6-max Seat #1 is the button
Seat 1: 716d8df4 ($5.63 in chips)
Seat 2: 814e7e5f ($6.99 in chips)
Seat 3: Hero ($5.83 in chips)
Seat 4: e1053ab0 ($1.28 in chips)
Seat 5: dc9665c5 ($3.46 in chips)
814e7e5f: posts small blind $0.02
Hero: posts big blind $0.05
*** HOLE CARDS ***
Dealt to 716d8df4 
Dealt to 814e7e5f 
Dealt to Hero [7c Ks]
Dealt to e1053ab0 
Dealt to dc9665c5 
e1053ab0: folds
dc9665c5: folds
716d8df4: raises $0.07 to $0.12
814e7e5f: folds
Hero: folds
Uncalled bet ($0.07) returned to 716d8df4
*** SHOWDOWN ***
716d8df4 collected $0.12 from pot
*** SUMMARY ***
Total pot $0.12 | Rake $0 | Jackpot $0 | Bingo $0 | Fortune $0
Seat 1: 716d8df4 (button) collected ($0.12)
Seat 2: 814e7e5f (small blind) folded before Flop
Seat 3: Hero (big blind) folded before Flop
Seat 4: e1053ab0 folded before Flop (didn't bet)
Seat 5: dc9665c5 folded before Flop (didn't bet)


Poker Hand #HD1145653826: Hold'em No Limit  ($0.02/$0.05) - 2023/03/04 15:17:40
Table 'NLHBlue44' 6-max Seat #5 is the button
Seat 1: 716d8df4 ($5.65 in chips)
Seat 2: 814e7e5f ($7.04 in chips)
Seat 3: Hero ($5.83 in chips)
Seat 4: e1053ab0 ($1.21 in chips)
Seat 5: dc9665c5 ($3.46 in chips)
716d8df4: posts small blind $0.02
814e7e5f: posts big blind $0.05
*** HOLE CARDS ***
Dealt to 716d8df4 
Dealt to 814e7e5f 
Dealt to Hero [Qh 3c]
Dealt to e1053ab0 
Dealt to dc9665c5 
Hero: folds
e1053ab0: calls $0.05
dc9665c5: folds
716d8df4: folds
814e7e5f: checks
*** FLOP *** [6d 9d Kc]
814e7e5f: checks
e1053ab0: checks
*** TURN *** [6d 9d Kc] [9h]
814e7e5f: checks
e1053ab0: bets $0.06
814e7e5f: folds
Uncalled bet ($0.06) returned to e1053ab0
*** SHOWDOWN ***
e1053ab0 collected $0.12 from pot
*** SUMMARY ***
Total pot $0.12 | Rake $0 | Jackpot $0 | Bingo $0 | Fortune $0
Board [6d 9d Kc 9h]
Seat 1: 716d8df4 (small blind) folded before Flop
Seat 2: 814e7e5f (big blind) folded on the Turn
Seat 3: Hero folded before Flop (didn't bet)
Seat 4: e1053ab0 won ($0.12)
Seat 5: dc9665c5 (button) folded before Flop (didn't bet)


Poker Hand #HD1145653716: Hold'em No Limit  ($0.02/$0.05) - 2023/03/04 15:16:58
Table 'NLHBlue44' 6-max Seat #4 is the button
Seat 1: 716d8df4 ($5.7 in chips)
Seat 2: 814e7e5f ($7.19 in chips)
Seat 3: Hero ($5.83 in chips)
Seat 4: e1053ab0 ($1 in chips)
Seat 5: dc9665c5 ($3.48 in chips)
dc9665c5: posts small blind $0.02
716d8df4: posts big blind $0.05
*** HOLE CARDS ***
Dealt to 716d8df4 
Dealt to 814e7e5f 
Dealt to Hero [2h 4h]
Dealt to e1053ab0 
Dealt to dc9665c5 
814e7e5f: raises $0.1 to $0.15
Hero: folds
e1053ab0: calls $0.15
dc9665c5: folds
716d8df4: folds
*** FLOP *** [3d Qd Td]
814e7e5f: checks
e1053ab0: checks
*** TURN *** [3d Qd Td] [6c]
814e7e5f: checks
e1053ab0: bets $0.19
814e7e5f: folds
Uncalled bet ($0.19) returned to e1053ab0
*** SHOWDOWN ***
e1053ab0 collected $0.36 from pot
*** SUMMARY ***
Total pot $0.37 | Rake $0.01 | Jackpot $0 | Bingo $0 | Fortune $0
Board [3d Qd Td 6c]
Seat 1: 716d8df4 (big blind) folded before Flop
Seat 2: 814e7e5f folded on the Turn
Seat 3: Hero folded before Flop (didn't bet)
Seat 4: e1053ab0 (button) won ($0.36)
Seat 5: dc9665c5 (small blind) folded before Flop


Poker Hand #HD1145653629: Hold'em No Limit  ($0.02/$0.05) - 2023/03/04 15:16:26
Table 'NLHBlue44' 6-max Seat #3 is the button
Seat 1: 716d8df4 ($5.7 in chips)
Seat 2: 814e7e5f ($7.19 in chips)
Seat 3: Hero ($5.6 in chips)
Seat 4: e1053ab0 ($1.12 in chips)
Seat 5: dc9665c5 ($3.6 in chips)
e1053ab0: posts small blind $0.02
dc9665c5: posts big blind $0.05
*** HOLE CARDS ***
Dealt to 716d8df4 
Dealt to 814e7e5f 
Dealt to Hero [Td Kh]
Dealt to e1053ab0 
Dealt to dc9665c5 
716d8df4: folds
814e7e5f: folds
Hero: raises $0.07 to $0.12
e1053ab0: calls $0.1
dc9665c5: calls $0.07
*** FLOP *** [Qh Ac 4c]
e1053ab0: checks
dc9665c5: checks
Hero: bets $0.18
e1053ab0: folds
dc9665c5: folds
Uncalled bet ($0.18) returned to Hero
*** SHOWDOWN ***
Hero collected $0.35 from pot
*** SUMMARY ***
Total pot $0.36 | Rake $0.01 | Jackpot $0 | Bingo $0 | Fortune $0
Board [Qh Ac 4c]
Seat 1: 716d8df4 folded before Flop (didn't bet)
Seat 2: 814e7e5f folded before Flop (didn't bet)
Seat 3: Hero (button) won ($0.35)
Seat 4: e1053ab0 (small blind) folded on the Flop
Seat 5: dc9665c5 (big blind) folded on the Flop


Poker Hand #HD1145653515: Hold'em No Limit  ($0.02/$0.05) - 2023/03/04 15:15:42
Table 'NLHBlue44' 6-max Seat #2 is the button
Seat 1: 716d8df4 ($5.7 in chips)
Seat 2: 814e7e5f ($6.96 in chips)
Seat 3: Hero ($5.62 in chips)
Seat 4: e1053ab0 ($1.35 in chips)
Seat 5: dc9665c5 ($3.6 in chips)
Hero: posts small blind $0.02
e1053ab0: posts big blind $0.05
*** HOLE CARDS ***
Dealt to 716d8df4 
Dealt to 814e7e5f 
Dealt to Hero [7d 9s]
Dealt to e1053ab0 
Dealt to dc9665c5 
dc9665c5: folds
716d8df4: folds
814e7e5f: raises $0.08 to $0.13
Hero: folds
e1053ab0: calls $0.08
*** FLOP *** [5d 9c 5h]
e1053ab0: checks
814e7e5f: bets $0.1
e1053ab0: calls $0.1
*** TURN *** [5d 9c 5h] [Tc]
e1053ab0: checks
814e7e5f: bets $0.37
e1053ab0: folds
Uncalled bet ($0.37) returned to 814e7e5f
*** SHOWDOWN ***
814e7e5f collected $0.46 from pot
*** SUMMARY ***
Total pot $0.48 | Rake $0.02 | Jackpot $0 | Bingo $0 | Fortune $0
Board [5d 9c 5h Tc]
Seat 1: 716d8df4 folded before Flop (didn't bet)
Seat 2: 814e7e5f (button) won ($0.46)
Seat 3: Hero (small blind) folded before Flop
Seat 4: e1053ab0 (big blind) folded on the Turn
Seat 5: dc9665c5 folded before Flop (didn't bet)


Poker Hand #HD1145653410: Hold'em No Limit  ($0.02/$0.05) - 2023/03/04 15:15:01
Table 'NLHBlue44' 6-max Seat #1 is the button
Seat 1: 716d8df4 ($5.7 in chips)
Seat 2: 814e7e5f ($6.98 in chips)
Seat 3: Hero ($5.77 in chips)
Seat 4: e1053ab0 ($1.19 in chips)
Seat 5: dc9665c5 ($3.6 in chips)
814e7e5f: posts small blind $0.02
Hero: posts big blind $0.05
*** HOLE CARDS ***
Dealt to 716d8df4 
Dealt to 814e7e5f 
Dealt to Hero [3s 3d]
Dealt to e1053ab0 
Dealt to dc9665c5 
e1053ab0: raises $0.1 to $0.15
dc9665c5: folds
716d8df4: folds
814e7e5f: folds
Hero: calls $0.1
*** FLOP *** [7h Td Tc]
Hero: checks
e1053ab0: checks
*** TURN *** [7h Td Tc] [Jh]
Hero: checks
e1053ab0: checks
*** RIVER *** [7h Td Tc Jh] [Qd]
Hero: checks
e1053ab0: bets $0.24
Hero: folds
Uncalled bet ($0.24) returned to e1053ab0
*** SHOWDOWN ***
e1053ab0 collected $0.31 from pot
*** SUMMARY ***
Total pot $0.32 | Rake $0.01 | Jackpot $0 | Bingo $0 | Fortune $0
Board [7h Td Tc Jh Qd]
Seat 1: 716d8df4 (button) folded before Flop (didn't bet)
Seat 2: 814e7e5f (small blind) folded before Flop
Seat 3: Hero (big blind) folded on the River
Seat 4: e1053ab0 won ($0.31)
Seat 5: dc9665c5 folded before Flop (didn't bet)


Poker Hand #HD1145653363: Hold'em No Limit  ($0.02/$0.05) - 2023/03/04 15:14:47
Table 'NLHBlue44' 6-max Seat #5 is the button
Seat 1: 716d8df4 ($5.72 in chips)
Seat 2: 814e7e5f ($7.03 in chips)
Seat 3: Hero ($5.77 in chips)
Seat 4: e1053ab0 ($1.12 in chips)
Seat 5: dc9665c5 ($3.6 in chips)
716d8df4: posts small blind $0.02
814e7e5f: posts big blind $0.05
*** HOLE CARDS ***
Dealt to 716d8df4 
Dealt to 814e7e5f 
Dealt to Hero [8s 9h]
Dealt to e1053ab0 
Dealt to dc9665c5 
Hero: folds
e1053ab0: raises $0.1 to $0.15
dc9665c5: folds
716d8df4: folds
814e7e5f: folds
Uncalled bet ($0.1) returned to e1053ab0
*** SHOWDOWN ***
e1053ab0 collected $0.12 from pot
*** SUMMARY ***
Total pot $0.12 | Rake $0 | Jackpot $0 | Bingo $0 | Fortune $0
Seat 1: 716d8df4 (small blind) folded before Flop
Seat 2: 814e7e5f (big blind) folded before Flop
Seat 3: Hero folded before Flop (didn't bet)
Seat 4: e1053ab0 collected ($0.12)
Seat 5: dc9665c5 (button) folded before Flop (didn't bet)


Poker Hand #HD1145653303: Hold'em No Limit  ($0.02/$0.05) - 2023/03/04 15:14:22
Table 'NLHBlue44' 6-max Seat #4 is the button
Seat 1: 716d8df4 ($5.77 in chips)
Seat 2: 814e7e5f ($7.03 in chips)
Seat 3: Hero ($5.77 in chips)
Seat 4: e1053ab0 ($1.05 in chips)
Seat 5: dc9665c5 ($3.62 in chips)
dc9665c5: posts small blind $0.02
716d8df4: posts big blind $0.05
*** HOLE CARDS ***
Dealt to 716d8df4 
Dealt to 814e7e5f 
Dealt to Hero [7c 6s]
Dealt to e1053ab0 
Dealt to dc9665c5 
814e7e5f: folds
Hero: folds
e1053ab0: calls $0.05
dc9665c5: folds
716d8df4: checks
*** FLOP *** [Ts 8c 7d]
716d8df4: checks
e1053ab0: checks
*** TURN *** [Ts 8c 7d] [9h]
716d8df4: checks
e1053ab0: bets $0.06
716d8df4: folds
Uncalled bet ($0.06) returned to e1053ab0
*** SHOWDOWN ***
e1053ab0 collected $0.12 from pot
*** SUMMARY ***
Total pot $0.12 | Rake $0 | Jackpot $0 | Bingo $0 | Fortune $0
Board [Ts 8c 7d 9h]
Seat 1: 716d8df4 (big blind) folded on the Turn
Seat 2: 814e7e5f folded before Flop (didn't bet)
Seat 3: Hero folded before Flop (didn't bet)
Seat 4: e1053ab0 (button) won ($0.12)
Seat 5: dc9665c5 (small blind) folded before Flop


Poker Hand #HD1145653225: Hold'em No Limit  ($0.02/$0.05) - 2023/03/04 15:13:50
Table 'NLHBlue44' 6-max Seat #3 is the button
Seat 1: 716d8df4 ($5.61 in chips)
Seat 2: 814e7e5f ($7.03 in chips)
Seat 3: Hero ($5.77 in chips)
Seat 4: e1053ab0 ($1.17 in chips)
Seat 5: dc9665c5 ($3.67 in chips)
Seat 6: 1d37327a ($18.56 in chips)
e1053ab0: posts small blind $0.02
dc9665c5: posts big blind $0.05
*** HOLE CARDS ***
Dealt to 716d8df4 
Dealt to 814e7e5f 
Dealt to Hero [Qc Td]
Dealt to e1053ab0 
Dealt to dc9665c5 
Dealt to 1d37327a 
1d37327a: folds
716d8df4: raises $0.07 to $0.12
814e7e5f: folds
Hero: folds
e1053ab0: calls $0.1
dc9665c5: folds
*** FLOP *** [9h 3h 8d]
e1053ab0: checks
716d8df4: bets $0.1
e1053ab0: folds
Uncalled bet ($0.1) returned to 716d8df4
*** SHOWDOWN ***
716d8df4 collected $0.28 from pot
*** SUMMARY ***
Total pot $0.29 | Rake $0.01 | Jackpot $0 | Bingo $0 | Fortune $0
Board [9h 3h 8d]
Seat 1: 716d8df4 won ($0.28)
Seat 2: 814e7e5f folded before Flop (didn't bet)
Seat 3: Hero (button) folded before Flop (didn't bet)
Seat 4: e1053ab0 (small blind) folded on the Flop
Seat 5: dc9665c5 (big blind) folded before Flop
Seat 6: 1d37327a folded before Flop (didn't bet)


Poker Hand #HD1145653125: Hold'em No Limit  ($0.02/$0.05) - 2023/03/04 15:13:08
Table 'NLHBlue44' 6-max Seat #2 is the button
Seat 1: 716d8df4 ($5.61 in chips)
Seat 2: 814e7e5f ($6.58 in chips)
Seat 3: Hero ($5.79 in chips)
Seat 4: e1053ab0 ($1.64 in chips)
Seat 5: dc9665c5 ($3.67 in chips)
Seat 6: 1d37327a ($18.56 in chips)
Hero: posts small blind $0.02
e1053ab0: posts big blind $0.05
*** HOLE CARDS ***
Dealt to 716d8df4 
Dealt to 814e7e5f 
Dealt to Hero [5s 3h]
Dealt to e1053ab0 
Dealt to dc9665c5 
Dealt to 1d37327a 
dc9665c5: folds
1d37327a: folds
716d8df4: folds
814e7e5f: raises $0.08 to $0.13
Hero: folds
e1053ab0: calls $0.08
*** FLOP *** [Ad Kd Kh]
e1053ab0: checks
814e7e5f: bets $0.1
e1053ab0: calls $0.1
*** TURN *** [Ad Kd Kh] [Ah]
e1053ab0: checks
814e7e5f: checks
*** RIVER *** [Ad Kd Kh Ah] [Th]
e1053ab0: bets $0.24
814e7e5f: calls $0.24
e1053ab0: shows [9d Td] (Pair of Aces and Pair of Kings)
814e7e5f: shows [Qh 9h] (Ace High Flush)
*** SHOWDOWN ***
814e7e5f collected $0.92 from pot
*** SUMMARY ***
Total pot $0.96 | Rake $0.04 | Jackpot $0 | Bingo $0 | Fortune $0
Board [Ad Kd Kh Ah Th]
Seat 1: 716d8df4 folded before Flop (didn't bet)
Seat 2: 814e7e5f (button) showed [Qh 9h] and won ($0.92) with Ace High Flush
Seat 3: Hero (small blind) folded before Flop
Seat 4: e1053ab0 (big blind) showed [9d Td] and lost with Pair of Aces and Pair of Kings
Seat 5: dc9665c5 folded before Flop (didn't bet)
Seat 6: 1d37327a folded before Flop (didn't bet)


Poker Hand #HD1145653059: Hold'em No Limit  ($0.02/$0.05) - 2023/03/04 15:12:43
Table 'NLHBlue44' 6-max Seat #1 is the button
Seat 1: 716d8df4 ($5.61 in chips)
Seat 2: 814e7e5f ($6.6 in chips)
Seat 3: Hero ($5.84 in chips)
Seat 4: e1053ab0 ($1.64 in chips)
Seat 5: dc9665c5 ($3.67 in chips)
Seat 6: 1d37327a ($18.49 in chips)
814e7e5f: posts small blind $0.02
Hero: posts big blind $0.05
*** HOLE CARDS ***
Dealt to 716d8df4 
Dealt to 814e7e5f 
Dealt to Hero [2s Qd]
Dealt to e1053ab0 
Dealt to dc9665c5 
Dealt to 1d37327a 
e1053ab0: folds
dc9665c5: folds
1d37327a: raises $0.06 to $0.11
716d8df4: folds
814e7e5f: folds
Hero: folds
Uncalled bet ($0.06) returned to 1d37327a
*** SHOWDOWN ***
1d37327a collected $0.12 from pot
*** SUMMARY ***
Total pot $0.12 | Rake $0 | Jackpot $0 | Bingo $0 | Fortune $0
Seat 1: 716d8df4 (button) folded before Flop (didn't bet)
Seat 2: 814e7e5f (small blind) folded before Flop
Seat 3: Hero (big blind) folded before Flop
Seat 4: e1053ab0 folded before Flop (didn't bet)
Seat 5: dc9665c5 folded before Flop (didn't bet)
Seat 6: 1d37327a collected ($0.12)


Poker Hand #HD1145652902: Hold'em No Limit  ($0.02/$0.05) - 2023/03/04 15:11:47
Table 'NLHBlue44' 6-max Seat #6 is the button
Seat 1: 716d8df4 ($5.63 in chips)
Seat 2: 814e7e5f ($6.65 in chips)
Seat 3: Hero ($5 in chips)
Seat 4: e1053ab0 ($2.42 in chips)
Seat 5: dc9665c5 ($3.79 in chips)
Seat 6: 1d37327a ($18.49 in chips)
716d8df4: posts small blind $0.02
814e7e5f: posts big blind $0.05
*** HOLE CARDS ***
Dealt to 716d8df4 
Dealt to 814e7e5f 
Dealt to Hero [As Jd]
Dealt to e1053ab0 
Dealt to dc9665c5 
Dealt to 1d37327a 
Hero: raises $0.07 to $0.12
e1053ab0: calls $0.12
dc9665c5: calls $0.12
1d37327a: folds
716d8df4: folds
814e7e5f: folds
*** FLOP *** [6d 2d 4h]
Hero: checks
e1053ab0: checks
dc9665c5: checks
*** TURN *** [6d 2d 4h] [Ah]
Hero: bets $0.22
e1053ab0: calls $0.22
dc9665c5: folds
*** RIVER *** [6d 2d 4h Ah] [Td]
Hero: checks
e1053ab0: bets $0.44
Hero: calls $0.44
e1053ab0: shows [Kh 5h] (Ace-High)
Hero: shows [As Jd] (Pair of Aces)
*** SHOWDOWN ***
Hero collected $1.62 from pot
*** SUMMARY ***
Total pot $1.75 | Rake $0.08 | Jackpot $0.05 | Bingo $0 | Fortune $0
Board [6d 2d 4h Ah Td]
Seat 1: 716d8df4 (small blind) folded before Flop
Seat 2: 814e7e5f (big blind) folded before Flop
Seat 3: Hero showed [As Jd] and won ($1.62) with Pair of Aces
Seat 4: e1053ab0 showed [Kh 5h] and lost with Ace-High
Seat 5: dc9665c5 folded on the Turn
Seat 6: 1d37327a (button) folded before Flop (didn't bet)


Poker Hand #HD1145652804: Hold'em No Limit  ($0.02/$0.05) - 2023/03/04 15:11:06
Table 'NLHBlue44' 6-max Seat #5 is the button
Seat 1: 716d8df4 ($6.57 in chips)
Seat 2: 814e7e5f ($6.65 in chips)
Seat 3: Hero ($5 in chips)
Seat 4: e1053ab0 ($1.6 in chips)
Seat 5: dc9665c5 ($3.79 in chips)
Seat 6: 1d37327a ($18.51 in chips)
1d37327a: posts small blind $0.02
716d8df4: posts big blind $0.05
*** HOLE CARDS ***
Dealt to 716d8df4 
Dealt to 814e7e5f 
Dealt to Hero [9d 5c]
Dealt to e1053ab0 
Dealt to dc9665c5 
Dealt to 1d37327a 
814e7e5f: folds
Hero: folds
e1053ab0: calls $0.05
dc9665c5: folds
1d37327a: folds
716d8df4: raises $0.09 to $0.14
e1053ab0: calls $0.09
*** FLOP *** [5d 4c Qh]
716d8df4: checks
e1053ab0: checks
*** TURN *** [5d 4c Qh] [9c]
716d8df4: bets $0.23
e1053ab0: calls $0.23
*** RIVER *** [5d 4c Qh 9c] [Tc]
716d8df4: bets $0.57
e1053ab0: raises $0.66 to $1.23 and is all-in
716d8df4: folds
Uncalled bet ($0.66) returned to e1053ab0
e1053ab0: shows [3c 2c] (Ten High Flush)
*** SHOWDOWN ***
e1053ab0 collected $1.76 from pot
*** SUMMARY ***
Total pot $1.9 | Rake $0.09 | Jackpot $0.05 | Bingo $0 | Fortune $0
Board [5d 4c Qh 9c Tc]
Seat 1: 716d8df4 (big blind) folded on the River
Seat 2: 814e7e5f folded before Flop (didn't bet)
Seat 3: Hero folded before Flop (didn't bet)
Seat 4: e1053ab0 showed [3c 2c] and won ($1.76) with Ten High Flush
Seat 5: dc9665c5 (button) folded before Flop (didn't bet)
Seat 6: 1d37327a (small blind) folded before Flop


Poker Hand #HD1145652652: Hold'em No Limit  ($0.02/$0.05) - 2023/03/04 15:10:07
Table 'NLHBlue44' 6-max Seat #4 is the button
Seat 1: 716d8df4 ($6.57 in chips)
Seat 2: 814e7e5f ($6.65 in chips)
Seat 3: Hero ($5 in chips)
Seat 4: e1053ab0 ($1.3 in chips)
Seat 5: dc9665c5 ($3.81 in chips)
Seat 6: 1d37327a ($18.56 in chips)
dc9665c5: posts small blind $0.02
1d37327a: posts big blind $0.05
*** HOLE CARDS ***
Dealt to 716d8df4 
Dealt to 814e7e5f 
Dealt to Hero [Qs Kc]
Dealt to e1053ab0 
Dealt to dc9665c5 
Dealt to 1d37327a 
716d8df4: folds
814e7e5f: folds
Hero: raises $0.07 to $0.12
e1053ab0: calls $0.12
dc9665c5: folds
1d37327a: folds
*** FLOP *** [6c Ac 9h]
Hero: bets $0.14
e1053ab0: calls $0.14
*** TURN *** [6c Ac 9h] [2h]
Hero: checks
e1053ab0: checks
*** RIVER *** [6c Ac 9h 2h] [2s]
Hero: checks
e1053ab0: bets $0.3
Hero: folds
Uncalled bet ($0.3) returned to e1053ab0
*** SHOWDOWN ***
e1053ab0 collected $0.56 from pot
*** SUMMARY ***
Total pot $0.59 | Rake $0.03 | Jackpot $0 | Bingo $0 | Fortune $0
Board [6c Ac 9h 2h 2s]
Seat 1: 716d8df4 folded before Flop (didn't bet)
Seat 2: 814e7e5f folded before Flop (didn't bet)
Seat 3: Hero folded on the River
Seat 4: e1053ab0 (button) won ($0.56)
Seat 5: dc9665c5 (small blind) folded before Flop
Seat 6: 1d37327a (big blind) folded before Flop


Poker Hand #HD1145652516: Hold'em No Limit  ($0.02/$0.05) - 2023/03/04 15:09:15
Table 'NLHBlue44' 6-max Seat #3 is the button
Seat 1: 716d8df4 ($6.57 in chips)
Seat 2: 814e7e5f ($6.65 in chips)
Seat 3: Hero ($5.39 in chips)
Seat 4: e1053ab0 ($1.42 in chips)
Seat 5: dc9665c5 ($2.89 in chips)
Seat 6: 1d37327a ($18.56 in chips)
e1053ab0: posts small blind $0.02
dc9665c5: posts big blind $0.05
*** HOLE CARDS ***
Dealt to 716d8df4 
Dealt to 814e7e5f 
Dealt to Hero [Qs Th]
Dealt to e1053ab0 
Dealt to dc9665c5 
Dealt to 1d37327a 
1d37327a: folds
716d8df4: folds
814e7e5f: folds
Hero: raises $0.07 to $0.12
e1053ab0: calls $0.1
dc9665c5: calls $0.07
*** FLOP *** [7h Qd 8d]
e1053ab0: checks
dc9665c5: bets $0.18
Hero: calls $0.18
e1053ab0: folds
*** TURN *** [7h Qd 8d] [6s]
dc9665c5: bets $0.24
Hero: calls $0.24
*** RIVER *** [7h Qd 8d 6s] [2s]
dc9665c5: bets $0.4
Hero: calls $0.4
dc9665c5: shows [Ks Qc] (Pair of Queens)
Hero: shows [Qs Th] (Pair of Queens)
*** SHOWDOWN ***
dc9665c5 collected $1.86 from pot
*** SUMMARY ***
Total pot $2 | Rake $0.09 | Jackpot $0.05 | Bingo $0 | Fortune $0
Board [7h Qd 8d 6s 2s]
Seat 1: 716d8df4 folded before Flop (didn't bet)
Seat 2: 814e7e5f folded before Flop (didn't bet)
Seat 3: Hero (button) showed [Qs Th] and lost with Pair of Queens
Seat 4: e1053ab0 (small blind) folded on the Flop
Seat 5: dc9665c5 (big blind) showed [Ks Qc] and won ($1.86) with Pair of Queens
Seat 6: 1d37327a folded before Flop (didn't bet)


Poker Hand #HD1145652446: Hold'em No Limit  ($0.02/$0.05) - 2023/03/04 15:08:46
Table 'NLHBlue44' 6-max Seat #2 is the button
Seat 1: 716d8df4 ($6.69 in chips)
Seat 2: 814e7e5f ($6.65 in chips)
Seat 3: Hero ($5.41 in chips)
Seat 4: e1053ab0 ($1.29 in chips)
Seat 5: dc9665c5 ($2.89 in chips)
Seat 6: 1d37327a ($18.56 in chips)
Hero: posts small blind $0.02
e1053ab0: posts big blind $0.05
*** HOLE CARDS ***
Dealt to 716d8df4 
Dealt to 814e7e5f 
Dealt to Hero [Qh Ts]
Dealt to e1053ab0 
Dealt to dc9665c5 
Dealt to 1d37327a 
dc9665c5: folds
1d37327a: folds
716d8df4: raises $0.07 to $0.12
814e7e5f: folds
Hero: folds
e1053ab0: calls $0.07
*** FLOP *** [2s 6d 7d]
e1053ab0: checks
716d8df4: checks
*** TURN *** [2s 6d 7d] [Qs]
e1053ab0: checks
716d8df4: checks
*** RIVER *** [2s 6d 7d Qs] [7c]
e1053ab0: bets $0.09
716d8df4: folds
Uncalled bet ($0.09) returned to e1053ab0
*** SHOWDOWN ***
e1053ab0 collected $0.25 from pot
*** SUMMARY ***
Total pot $0.26 | Rake $0.01 | Jackpot $0 | Bingo $0 | Fortune $0
Board [2s 6d 7d Qs 7c]
Seat 1: 716d8df4 folded on the River
Seat 2: 814e7e5f (button) folded before Flop (didn't bet)
Seat 3: Hero (small blind) folded before Flop
Seat 4: e1053ab0 (big blind) won ($0.25)
Seat 5: dc9665c5 folded before Flop (didn't bet)
Seat 6: 1d37327a folded before Flop (didn't bet)


Poker Hand #HD1145652299: Hold'em No Limit  ($0.02/$0.05) - 2023/03/04 15:07:53
Table 'NLHBlue44' 6-max Seat #1 is the button
Seat 1: 716d8df4 ($6.69 in chips)
Seat 2: 814e7e5f ($6.67 in chips)
Seat 3: Hero ($5.51 in chips)
Seat 4: e1053ab0 ($1.39 in chips)
Seat 5: dc9665c5 ($2.68 in chips)
Seat 6: 1d37327a ($18.56 in chips)
814e7e5f: posts small blind $0.02
Hero: posts big blind $0.05
*** HOLE CARDS ***
Dealt to 716d8df4 
Dealt to 814e7e5f 
Dealt to Hero [Jd Qs]
Dealt to e1053ab0 
Dealt to dc9665c5 
Dealt to 1d37327a 
e1053ab0: calls $0.05
dc9665c5: raises $0.05 to $0.1
1d37327a: folds
716d8df4: folds
814e7e5f: folds
Hero: calls $0.05
e1053ab0: calls $0.05
*** FLOP *** [6d 8s 8d]
Hero: checks
e1053ab0: checks
dc9665c5: bets $0.16
Hero: folds
e1053ab0: folds
Uncalled bet ($0.16) returned to dc9665c5
*** SHOWDOWN ***
dc9665c5 collected $0.31 from pot
*** SUMMARY ***
Total pot $0.32 | Rake $0.01 | Jackpot $0 | Bingo $0 | Fortune $0
Board [6d 8s 8d]
Seat 1: 716d8df4 (button) folded before Flop (didn't bet)
Seat 2: 814e7e5f (small blind) folded before Flop
Seat 3: Hero (big blind) folded on the Flop
Seat 4: e1053ab0 folded on the Flop
Seat 5: dc9665c5 won ($0.31)
Seat 6: 1d37327a folded before Flop (didn't bet)


Poker Hand #HD1145652105: Hold'em No Limit  ($0.02/$0.05) - 2023/03/04 15:06:49
Table 'NLHBlue44' 6-max Seat #6 is the button
Seat 1: 716d8df4 ($6.71 in chips)
Seat 2: 814e7e5f ($6.5 in chips)
Seat 3: Hero ($5.51 in chips)
Seat 4: e1053ab0 ($1.5 in chips)
Seat 5: dc9665c5 ($2.73 in chips)
Seat 6: 1d37327a ($18.56 in chips)
716d8df4: posts small blind $0.02
814e7e5f: posts big blind $0.05
e1053ab0: posts big blind $0.05
*** HOLE CARDS ***
Dealt to 716d8df4 
Dealt to 814e7e5f 
Dealt to Hero [4h 8h]
Dealt to e1053ab0 
Dealt to dc9665c5 
Dealt to 1d37327a 
Hero: folds
e1053ab0: checks
dc9665c5: calls $0.05
1d37327a: folds
716d8df4: folds
814e7e5f: checks
*** FLOP *** [Ks Qs 8d]
814e7e5f: checks
e1053ab0: checks
dc9665c5: checks
*** TURN *** [Ks Qs 8d] [2s]
814e7e5f: checks
e1053ab0: bets $0.06
dc9665c5: folds
814e7e5f: calls $0.06
*** RIVER *** [Ks Qs 8d 2s] [5s]
814e7e5f: checks
e1053ab0: checks
814e7e5f: shows [5h Js] (King High Flush)
e1053ab0: shows [8s 7d] (King High Flush)
*** SHOWDOWN ***
814e7e5f collected $0.28 from pot
*** SUMMARY ***
Total pot $0.29 | Rake $0.01 | Jackpot $0 | Bingo $0 | Fortune $0
Board [Ks Qs 8d 2s 5s]
Seat 1: 716d8df4 (small blind) folded before Flop
Seat 2: 814e7e5f (big blind) showed [5h Js] and won ($0.28) with King High Flush
Seat 3: Hero folded before Flop (didn't bet)
Seat 4: e1053ab0 showed [8s 7d] and lost with King High Flush
Seat 5: dc9665c5 folded on the Turn
Seat 6: 1d37327a (button) folded before Flop (didn't bet)


Poker Hand #HD1145652012: Hold'em No Limit  ($0.02/$0.05) - 2023/03/04 15:06:13
Table 'NLHBlue44' 6-max Seat #5 is the button
Seat 1: 716d8df4 ($6.76 in chips)
Seat 2: 814e7e5f ($6.78 in chips)
Seat 3: Hero ($5.51 in chips)
Seat 5: dc9665c5 ($2.41 in chips)
Seat 6: 1d37327a ($18.58 in chips)
1d37327a: posts small blind $0.02
716d8df4: posts big blind $0.05
*** HOLE CARDS ***
Dealt to 716d8df4 
Dealt to 814e7e5f 
Dealt to Hero [Qh 3h]
Dealt to dc9665c5 
Dealt to 1d37327a 
814e7e5f: raises $0.1 to $0.15
Hero: folds
dc9665c5: raises $0.13 to $0.28
1d37327a: folds
716d8df4: folds
814e7e5f: calls $0.13
*** FLOP *** [Kd 5h 7h]
814e7e5f: checks
dc9665c5: bets $0.32
814e7e5f: folds
Uncalled bet ($0.32) returned to dc9665c5
*** SHOWDOWN ***
dc9665c5 collected $0.6 from pot
*** SUMMARY ***
Total pot $0.63 | Rake $0.03 | Jackpot $0 | Bingo $0 | Fortune $0
Board [Kd 5h 7h]
Seat 1: 716d8df4 (big blind) folded before Flop
Seat 2: 814e7e5f folded on the Flop
Seat 3: Hero folded before Flop (didn't bet)
Seat 5: dc9665c5 (button) won ($0.6)
Seat 6: 1d37327a (small blind) folded before Flop


Poker Hand #HD1145651979: Hold'em No Limit  ($0.02/$0.05) - 2023/03/04 15:06:01
Table 'NLHBlue44' 6-max Seat #3 is the button
Seat 1: 716d8df4 ($6.69 in chips)
Seat 2: 814e7e5f ($6.78 in chips)
Seat 3: Hero ($5.51 in chips)
Seat 5: dc9665c5 ($2.43 in chips)
Seat 6: 1d37327a ($18.63 in chips)
dc9665c5: posts small blind $0.02
1d37327a: posts big blind $0.05
*** HOLE CARDS ***
Dealt to 716d8df4 
Dealt to 814e7e5f 
Dealt to Hero [3d 5d]
Dealt to dc9665c5 
Dealt to 1d37327a 
716d8df4: raises $0.07 to $0.12
814e7e5f: folds
Hero: folds
dc9665c5: folds
1d37327a: folds
Uncalled bet ($0.07) returned to 716d8df4
*** SHOWDOWN ***
716d8df4 collected $0.12 from pot
*** SUMMARY ***
Total pot $0.12 | Rake $0 | Jackpot $0 | Bingo $0 | Fortune $0
Seat 1: 716d8df4 collected ($0.12)
Seat 2: 814e7e5f folded before Flop (didn't bet)
Seat 3: Hero (button) folded before Flop (didn't bet)
Seat 5: dc9665c5 (small blind) folded before Flop
Seat 6: 1d37327a (big blind) folded before Flop


Poker Hand #HD1145651800: Hold'em No Limit  ($0.02/$0.05) - 2023/03/04 15:04:55
Table 'NLHBlue44' 6-max Seat #2 is the button
Seat 1: 716d8df4 ($6.69 in chips)
Seat 2: 814e7e5f ($6.78 in chips)
Seat 3: Hero ($5 in chips)
Seat 5: dc9665c5 ($2.99 in chips)
Seat 6: 1d37327a ($18.63 in chips)
Hero: posts small blind $0.02
dc9665c5: posts big blind $0.05
*** HOLE CARDS ***
Dealt to 716d8df4 
Dealt to 814e7e5f 
Dealt to Hero [Qs Td]
Dealt to dc9665c5 
Dealt to 1d37327a 
1d37327a: folds
716d8df4: folds
814e7e5f: folds
Hero: raises $0.09 to $0.14
dc9665c5: calls $0.09
*** FLOP *** [Jc Jh Ts]
Hero: bets $0.14
dc9665c5: calls $0.14
*** TURN *** [Jc Jh Ts] [Ac]
Hero: bets $0.28
dc9665c5: calls $0.28
*** RIVER *** [Jc Jh Ts Ac] [7h]
Hero: bets $0.56
dc9665c5: folds
Uncalled bet ($0.56) returned to Hero
*** SHOWDOWN ***
Hero collected $1.07 from pot
*** SUMMARY ***
Total pot $1.12 | Rake $0.05 | Jackpot $0 | Bingo $0 | Fortune $0
Board [Jc Jh Ts Ac 7h]
Seat 1: 716d8df4 folded before Flop (didn't bet)
Seat 2: 814e7e5f (button) folded before Flop (didn't bet)
Seat 3: Hero (small blind) won ($1.07)
Seat 5: dc9665c5 (big blind) folded on the River
Seat 6: 1d37327a folded before Flop (didn't bet)


Poker Hand #HD1145651757: Hold'em No Limit  ($0.02/$0.05) - 2023/03/04 15:04:36
Table 'NLHBlue44' 6-max Seat #1 is the button
Seat 1: 716d8df4 ($6.69 in chips)
Seat 2: 814e7e5f ($6.8 in chips)
Seat 3: Hero ($5 in chips)
Seat 4: 6078053 ($8.14 in chips)
Seat 5: dc9665c5 ($2.92 in chips)
Seat 6: 1d37327a ($18.63 in chips)
814e7e5f: posts small blind $0.02
Hero: posts big blind $0.05
*** HOLE CARDS ***
Dealt to 716d8df4 
Dealt to 814e7e5f 
Dealt to Hero [2d 4h]
Dealt to 6078053 
Dealt to dc9665c5 
Dealt to 1d37327a 
6078053: folds
dc9665c5: raises $0.1 to $0.15
1d37327a: folds
716d8df4: folds
814e7e5f: folds
Hero: folds
Uncalled bet ($0.1) returned to dc9665c5
*** SHOWDOWN ***
dc9665c5 collected $0.12 from pot
*** SUMMARY ***
Total pot $0.12 | Rake $0 | Jackpot $0 | Bingo $0 | Fortune $0
Seat 1: 716d8df4 (button) folded before Flop (didn't bet)
Seat 2: 814e7e5f (small blind) folded before Flop
Seat 3: Hero (big blind) folded before Flop
Seat 4: 6078053 folded before Flop (didn't bet)
Seat 5: dc9665c5 collected ($0.12)
Seat 6: 1d37327a folded before Flop (didn't bet)


Poker Hand #HD1145651632: Hold'em No Limit  ($0.02/$0.05) - 2023/03/04 15:03:48
Table 'NLHBlue44' 6-max Seat #6 is the button
Seat 1: 716d8df4 ($6.71 in chips)
Seat 2: 814e7e5f ($6.68 in chips)
Seat 3: Hero ($5 in chips)
Seat 4: 6078053 ($8.14 in chips)
Seat 5: dc9665c5 ($2.92 in chips)
Seat 6: 1d37327a ($18.74 in chips)
716d8df4: posts small blind $0.02
814e7e5f: posts big blind $0.05
*** HOLE CARDS ***
Dealt to 716d8df4 
Dealt to 814e7e5f 
Dealt to Hero [6d 9s]
Dealt to 6078053 
Dealt to dc9665c5 
Dealt to 1d37327a 
Hero: folds
6078053: folds
dc9665c5: folds
1d37327a: raises $0.06 to $0.11
716d8df4: folds
814e7e5f: calls $0.06
*** FLOP *** [7h 8h Kh]
814e7e5f: checks
1d37327a: checks
*** TURN *** [7h 8h Kh] [2d]
814e7e5f: checks
1d37327a: checks
*** RIVER *** [7h 8h Kh 2d] [4s]
814e7e5f: checks
1d37327a: checks
814e7e5f: shows [7c 3c] (Pair of Sevens)
1d37327a: shows [9d Jc] (King-High)
*** SHOWDOWN ***
814e7e5f collected $0.23 from pot
*** SUMMARY ***
Total pot $0.24 | Rake $0.01 | Jackpot $0 | Bingo $0 | Fortune $0
Board [7h 8h Kh 2d 4s]
Seat 1: 716d8df4 (small blind) folded before Flop
Seat 2: 814e7e5f (big blind) showed [7c 3c] and won ($0.23) with Pair of Sevens
Seat 3: Hero folded before Flop (didn't bet)
Seat 4: 6078053 folded before Flop (didn't bet)
Seat 5: dc9665c5 folded before Flop (didn't bet)
Seat 6: 1d37327a (button) showed [9d Jc] and lost with King-High


Poker Hand #HD1145651525: Hold'em No Limit  ($0.02/$0.05) - 2023/03/04 15:03:11
Table 'NLHBlue44' 6-max Seat #5 is the button
Seat 1: 716d8df4 ($6.59 in chips)
Seat 2: 814e7e5f ($6.68 in chips)
Seat 3: Hero ($5 in chips)
Seat 4: 6078053 ($8.14 in chips)
Seat 5: dc9665c5 ($3.03 in chips)
Seat 6: 1d37327a ($18.76 in chips)
1d37327a: posts small blind $0.02
716d8df4: posts big blind $0.05
*** HOLE CARDS ***
Dealt to 716d8df4 
Dealt to 814e7e5f 
Dealt to Hero [Jd 2s]
Dealt to 6078053 
Dealt to dc9665c5 
Dealt to 1d37327a 
814e7e5f: folds
Hero: folds
6078053: folds
dc9665c5: calls $0.05
1d37327a: folds
716d8df4: checks
*** FLOP *** [9c 5c 4h]
716d8df4: checks
dc9665c5: bets $0.06
716d8df4: raises $0.08 to $0.14
dc9665c5: folds
Uncalled bet ($0.08) returned to 716d8df4
*** SHOWDOWN ***
716d8df4 collected $0.23 from pot
*** SUMMARY ***
Total pot $0.24 | Rake $0.01 | Jackpot $0 | Bingo $0 | Fortune $0
Board [9c 5c 4h]
Seat 1: 716d8df4 (big blind) won ($0.23)
Seat 2: 814e7e5f folded before Flop (didn't bet)
Seat 3: Hero folded before Flop (didn't bet)
Seat 4: 6078053 folded before Flop (didn't bet)
Seat 5: dc9665c5 (button) folded on the Flop
Seat 6: 1d37327a (small blind) folded before Flop


Poker Hand #HD1145651328: Hold'em No Limit  ($0.02/$0.05) - 2023/03/04 15:01:48
Table 'NLHBlue44' 6-max Seat #4 is the button
Seat 1: 716d8df4 ($6.59 in chips)
Seat 2: 814e7e5f ($6.83 in chips)
Seat 3: Hero ($5 in chips)
Seat 4: 6078053 ($8.29 in chips)
Seat 5: dc9665c5 ($3.05 in chips)
Seat 6: 1d37327a ($18.46 in chips)
dc9665c5: posts small blind $0.02
1d37327a: posts big blind $0.05
*** HOLE CARDS ***
Dealt to 716d8df4 
Dealt to 814e7e5f 
Dealt to Hero [Kh 3h]
Dealt to 6078053 
Dealt to dc9665c5 
Dealt to 1d37327a 
716d8df4: folds
814e7e5f: raises $0.1 to $0.15
Hero: folds
6078053: calls $0.15
dc9665c5: folds
1d37327a: calls $0.1
*** FLOP *** [4d 4h 5s]
1d37327a: checks
814e7e5f: checks
6078053: checks
*** TURN *** [4d 4h 5s] [2d]
1d37327a: checks
814e7e5f: checks
6078053: checks
*** RIVER *** [4d 4h 5s 2d] [6h]
1d37327a: bets $0.1
814e7e5f: folds
6078053: folds
Uncalled bet ($0.1) returned to 1d37327a
*** SHOWDOWN ***
1d37327a collected $0.45 from pot
*** SUMMARY ***
Total pot $0.47 | Rake $0.02 | Jackpot $0 | Bingo $0 | Fortune $0
Board [4d 4h 5s 2d 6h]
Seat 1: 716d8df4 folded before Flop (didn't bet)
Seat 2: 814e7e5f folded on the River
Seat 3: Hero folded before Flop (didn't bet)
Seat 4: 6078053 (button) folded on the River
Seat 5: dc9665c5 (small blind) folded before Flop
Seat 6: 1d37327a (big blind) won ($0.45)


Poker Hand #HD1145651199: Hold'em No Limit  ($0.02/$0.05) - 2023/03/04 15:01:02
Table 'NLHBlue44' 6-max Seat #3 is the button
Seat 1: 716d8df4 ($6.59 in chips)
Seat 2: 814e7e5f ($6.83 in chips)
Seat 3: Hero ($5 in chips)
Seat 4: 6078053 ($8.31 in chips)
Seat 5: dc9665c5 ($3.1 in chips)
Seat 6: 1d37327a ($18.39 in chips)
6078053: posts small blind $0.02
dc9665c5: posts big blind $0.05
*** HOLE CARDS ***
Dealt to 716d8df4 
Dealt to 814e7e5f 
Dealt to Hero [3d Ah]
Dealt to 6078053 
Dealt to dc9665c5 
Dealt to 1d37327a 
1d37327a: raises $0.06 to $0.11
716d8df4: folds
814e7e5f: folds
Hero: folds
6078053: folds
dc9665c5: folds
Uncalled bet ($0.06) returned to 1d37327a
*** SHOWDOWN ***
1d37327a collected $0.12 from pot
*** SUMMARY ***
Total pot $0.12 | Rake $0 | Jackpot $0 | Bingo $0 | Fortune $0
Seat 1: 716d8df4 folded before Flop (didn't bet)
Seat 2: 814e7e5f folded before Flop (didn't bet)
Seat 3: Hero (button) folded before Flop (didn't bet)
Seat 4: 6078053 (small blind) folded before Flop
Seat 5: dc9665c5 (big blind) folded before Flop
Seat 6: 1d37327a collected ($0.12)


Poker Hand #HD1145651079: Hold'em No Limit  ($0.02/$0.05) - 2023/03/04 15:00:16
Table 'NLHBlue44' 6-max Seat #2 is the button
Seat 1: 716d8df4 ($6.59 in chips)
Seat 2: 814e7e5f ($6.83 in chips)
Seat 3: Hero ($5 in chips)
Seat 4: 6078053 ($8.1 in chips)
Seat 5: dc9665c5 ($3.1 in chips)
Seat 6: 1d37327a ($18.6 in chips)
Hero: posts small blind $0.02
6078053: posts big blind $0.05
*** HOLE CARDS ***
Dealt to 716d8df4 
Dealt to 814e7e5f 
Dealt to Hero [Js 9d]
Dealt to 6078053 
Dealt to dc9665c5 
Dealt to 1d37327a 
dc9665c5: folds
1d37327a: raises $0.06 to $0.11
716d8df4: folds
814e7e5f: folds
Hero: folds
6078053: calls $0.06
*** FLOP *** [4c Kh As]
6078053: checks
1d37327a: bets $0.1
6078053: calls $0.1
*** TURN *** [4c Kh As] [Qs]
6078053: checks
1d37327a: checks
*** RIVER *** [4c Kh As Qs] [2d]
6078053: bets $0.52
1d37327a: folds
Uncalled bet ($0.52) returned to 6078053
*** SHOWDOWN ***
6078053 collected $0.42 from pot
*** SUMMARY ***
Total pot $0.44 | Rake $0.02 | Jackpot $0 | Bingo $0 | Fortune $0
Board [4c Kh As Qs 2d]
Seat 1: 716d8df4 folded before Flop (didn't bet)
Seat 2: 814e7e5f (button) folded before Flop (didn't bet)
Seat 3: Hero (small blind) folded before Flop
Seat 4: 6078053 (big blind) won ($0.42)
Seat 5: dc9665c5 folded before Flop (didn't bet)
Seat 6: 1d37327a folded on the River


Poker Hand #HD1145651000: Hold'em No Limit  ($0.02/$0.05) - 2023/03/04 14:59:46
Table 'NLHBlue44' 6-max Seat #1 is the button
Seat 1: 716d8df4 ($6.59 in chips)
Seat 2: 814e7e5f ($6.78 in chips)
Seat 3: Hero ($5 in chips)
Seat 4: 6078053 ($8.1 in chips)
Seat 5: dc9665c5 ($3.1 in chips)
Seat 6: 1d37327a ($18.6 in chips)
814e7e5f: posts small blind $0.02
Hero: posts big blind $0.05
*** HOLE CARDS ***
Dealt to 716d8df4 
Dealt to 814e7e5f 
Dealt to Hero [4h Qs]
Dealt to 6078053 
Dealt to dc9665c5 
Dealt to 1d37327a 
6078053: folds
dc9665c5: folds
1d37327a: folds
716d8df4: folds
814e7e5f: raises $0.08 to $0.13
Hero: folds
Uncalled bet ($0.08) returned to 814e7e5f
*** SHOWDOWN ***
814e7e5f collected $0.1 from pot
*** SUMMARY ***
Total pot $0.1 | Rake $0 | Jackpot $0 | Bingo $0 | Fortune $0
Seat 1: 716d8df4 (button) folded before Flop (didn't bet)
Seat 2: 814e7e5f (small blind) collected ($0.1)
Seat 3: Hero (big blind) folded before Flop
Seat 4: 6078053 folded before Flop (didn't bet)
Seat 5: dc9665c5 folded before Flop (didn't bet)
Seat 6: 1d37327a folded before Flop (didn't bet)


