Poker Hand #HD1160202162: Hold'em No Limit  ($0.02/$0.05) - 2023/03/14 19:23:25
Table 'NLHBlue53' 6-max Seat #6 is the button
Seat 1: e5e9b0c3 ($5.61 in chips)
Seat 2: 73718c72 ($5 in chips)
Seat 3: Hero ($7.85 in chips)
Seat 4: e732e02b ($13.08 in chips)
Seat 5: 94c9a175 ($5.14 in chips)
Seat 6: 39055aac ($7.18 in chips)
e5e9b0c3: posts small blind $0.02
73718c72: posts big blind $0.05
*** HOLE CARDS ***
Dealt to e5e9b0c3 
Dealt to 73718c72 
Dealt to Hero [Ac 6c]
Dealt to e732e02b 
Dealt to 94c9a175 
Dealt to 39055aac 
Hero: raises $0.07 to $0.12
e732e02b: folds
94c9a175: folds
39055aac: folds
e5e9b0c3: folds
73718c72: raises $0.33 to $0.45
Hero: folds
Uncalled bet ($0.33) returned to 73718c72
*** SHOWDOWN ***
73718c72 collected $0.25 from pot
*** SUMMARY ***
Total pot $0.26 | Rake $0.01 | Jackpot $0 | Bingo $0 | Fortune $0
Seat 1: e5e9b0c3 (small blind) folded before Flop
Seat 2: 73718c72 (big blind) collected ($0.25)
Seat 3: Hero folded before Flop
Seat 4: e732e02b folded before Flop (didn't bet)
Seat 5: 94c9a175 folded before Flop (didn't bet)
Seat 6: 39055aac (button) folded before Flop (didn't bet)


Poker Hand #HD1160202099: Hold'em No Limit  ($0.02/$0.05) - 2023/03/14 19:22:57
Table 'NLHBlue53' 6-max Seat #5 is the button
Seat 1: e5e9b0c3 ($5.66 in chips)
Seat 2: 73718c72 ($5 in chips)
Seat 3: Hero ($7.78 in chips)
Seat 4: e732e02b ($13.08 in chips)
Seat 5: 94c9a175 ($5.14 in chips)
Seat 6: 39055aac ($7.2 in chips)
39055aac: posts small blind $0.02
e5e9b0c3: posts big blind $0.05
*** HOLE CARDS ***
Dealt to e5e9b0c3 
Dealt to 73718c72 
Dealt to Hero [3s 3h]
Dealt to e732e02b 
Dealt to 94c9a175 
Dealt to 39055aac 
73718c72: folds
Hero: raises $0.07 to $0.12
e732e02b: folds
94c9a175: folds
39055aac: folds
e5e9b0c3: folds
Uncalled bet ($0.07) returned to Hero
*** SHOWDOWN ***
Hero collected $0.12 from pot
*** SUMMARY ***
Total pot $0.12 | Rake $0 | Jackpot $0 | Bingo $0 | Fortune $0
Seat 1: e5e9b0c3 (big blind) folded before Flop
Seat 2: 73718c72 folded before Flop (didn't bet)
Seat 3: Hero collected ($0.12)
Seat 4: e732e02b folded before Flop (didn't bet)
Seat 5: 94c9a175 (button) folded before Flop (didn't bet)
Seat 6: 39055aac (small blind) folded before Flop


Poker Hand #HD1160202031: Hold'em No Limit  ($0.02/$0.05) - 2023/03/14 19:22:29
Table 'NLHBlue53' 6-max Seat #4 is the button
Seat 1: e5e9b0c3 ($5.66 in chips)
Seat 2: 73718c72 ($5 in chips)
Seat 3: Hero ($7.78 in chips)
Seat 4: e732e02b ($13.08 in chips)
Seat 5: 94c9a175 ($5.09 in chips)
Seat 6: 39055aac ($7.25 in chips)
94c9a175: posts small blind $0.02
39055aac: posts big blind $0.05
*** HOLE CARDS ***
Dealt to e5e9b0c3 
Dealt to 73718c72 
Dealt to Hero [4d Ac]
Dealt to e732e02b 
Dealt to 94c9a175 
Dealt to 39055aac 
e5e9b0c3: folds
73718c72: folds
Hero: folds
e732e02b: folds
94c9a175: raises $0.1 to $0.15
39055aac: folds
Uncalled bet ($0.1) returned to 94c9a175
*** SHOWDOWN ***
94c9a175 collected $0.1 from pot
*** SUMMARY ***
Total pot $0.1 | Rake $0 | Jackpot $0 | Bingo $0 | Fortune $0
Seat 1: e5e9b0c3 folded before Flop (didn't bet)
Seat 2: 73718c72 folded before Flop (didn't bet)
Seat 3: Hero folded before Flop (didn't bet)
Seat 4: e732e02b (button) folded before Flop (didn't bet)
Seat 5: 94c9a175 (small blind) collected ($0.1)
Seat 6: 39055aac (big blind) folded before Flop


Poker Hand #HD1160201884: Hold'em No Limit  ($0.02/$0.05) - 2023/03/14 19:21:30
Table 'NLHBlue53' 6-max Seat #3 is the button
Seat 1: e5e9b0c3 ($5.66 in chips)
Seat 2: 73718c72 ($5 in chips)
Seat 3: Hero ($7.78 in chips)
Seat 4: e732e02b ($12.52 in chips)
Seat 5: 94c9a175 ($5.14 in chips)
Seat 6: 39055aac ($7.82 in chips)
e732e02b: posts small blind $0.02
94c9a175: posts big blind $0.05
*** HOLE CARDS ***
Dealt to e5e9b0c3 
Dealt to 73718c72 
Dealt to Hero [6c 8s]
Dealt to e732e02b 
Dealt to 94c9a175 
Dealt to 39055aac 
39055aac: raises $0.08 to $0.13
e5e9b0c3: folds
73718c72: folds
Hero: folds
e732e02b: raises $0.44 to $0.57
94c9a175: folds
39055aac: calls $0.44
*** FLOP *** [3c Qc 2s]
e732e02b: checks
39055aac: checks
*** TURN *** [3c Qc 2s] [9d]
e732e02b: bets $0.74
39055aac: folds
Uncalled bet ($0.74) returned to e732e02b
*** SHOWDOWN ***
e732e02b collected $1.13 from pot
*** SUMMARY ***
Total pot $1.19 | Rake $0.06 | Jackpot $0 | Bingo $0 | Fortune $0
Board [3c Qc 2s 9d]
Seat 1: e5e9b0c3 folded before Flop (didn't bet)
Seat 2: 73718c72 folded before Flop (didn't bet)
Seat 3: Hero (button) folded before Flop (didn't bet)
Seat 4: e732e02b (small blind) won ($1.13)
Seat 5: 94c9a175 (big blind) folded before Flop
Seat 6: 39055aac folded on the Turn


Poker Hand #HD1160201814: Hold'em No Limit  ($0.02/$0.05) - 2023/03/14 19:21:06
Table 'NLHBlue53' 6-max Seat #2 is the button
Seat 1: e5e9b0c3 ($5.66 in chips)
Seat 2: 73718c72 ($5 in chips)
Seat 3: Hero ($7.8 in chips)
Seat 4: e732e02b ($12.5 in chips)
Seat 5: 94c9a175 ($5.14 in chips)
Seat 6: 39055aac ($7.82 in chips)
Hero: posts small blind $0.02
e732e02b: posts big blind $0.05
*** HOLE CARDS ***
Dealt to e5e9b0c3 
Dealt to 73718c72 
Dealt to Hero [9c 6d]
Dealt to e732e02b 
Dealt to 94c9a175 
Dealt to 39055aac 
94c9a175: folds
39055aac: folds
e5e9b0c3: folds
73718c72: folds
Hero: folds
Uncalled bet ($0.03) returned to e732e02b
*** SHOWDOWN ***
e732e02b collected $0.04 from pot
*** SUMMARY ***
Total pot $0.04 | Rake $0 | Jackpot $0 | Bingo $0 | Fortune $0
Seat 1: e5e9b0c3 folded before Flop (didn't bet)
Seat 2: 73718c72 (button) folded before Flop (didn't bet)
Seat 3: Hero (small blind) folded before Flop
Seat 4: e732e02b (big blind) collected ($0.04)
Seat 5: 94c9a175 folded before Flop (didn't bet)
Seat 6: 39055aac folded before Flop (didn't bet)


Poker Hand #HD1160201751: Hold'em No Limit  ($0.02/$0.05) - 2023/03/14 19:20:41
Table 'NLHBlue53' 6-max Seat #1 is the button
Seat 1: e5e9b0c3 ($5.66 in chips)
Seat 2: 73718c72 ($5 in chips)
Seat 3: Hero ($7.85 in chips)
Seat 4: e732e02b ($12.43 in chips)
Seat 5: 94c9a175 ($5.14 in chips)
Seat 6: 39055aac ($7.82 in chips)
73718c72: posts small blind $0.02
Hero: posts big blind $0.05
*** HOLE CARDS ***
Dealt to e5e9b0c3 
Dealt to 73718c72 
Dealt to Hero [4h 5d]
Dealt to e732e02b 
Dealt to 94c9a175 
Dealt to 39055aac 
e732e02b: raises $0.1 to $0.15
94c9a175: folds
39055aac: folds
e5e9b0c3: folds
73718c72: folds
Hero: folds
Uncalled bet ($0.1) returned to e732e02b
*** SHOWDOWN ***
e732e02b collected $0.12 from pot
*** SUMMARY ***
Total pot $0.12 | Rake $0 | Jackpot $0 | Bingo $0 | Fortune $0
Seat 1: e5e9b0c3 (button) folded before Flop (didn't bet)
Seat 2: 73718c72 (small blind) folded before Flop
Seat 3: Hero (big blind) folded before Flop
Seat 4: e732e02b collected ($0.12)
Seat 5: 94c9a175 folded before Flop (didn't bet)
Seat 6: 39055aac folded before Flop (didn't bet)


Poker Hand #HD1160201699: Hold'em No Limit  ($0.02/$0.05) - 2023/03/14 19:20:20
Table 'NLHBlue53' 6-max Seat #6 is the button
Seat 1: e5e9b0c3 ($5.68 in chips)
Seat 2: 73718c72 ($5.01 in chips)
Seat 3: Hero ($7.85 in chips)
Seat 4: e732e02b ($12.43 in chips)
Seat 5: 94c9a175 ($5.07 in chips)
Seat 6: 39055aac ($7.82 in chips)
e5e9b0c3: posts small blind $0.02
73718c72: posts big blind $0.05
*** HOLE CARDS ***
Dealt to e5e9b0c3 
Dealt to 73718c72 
Dealt to Hero [7c Jh]
Dealt to e732e02b 
Dealt to 94c9a175 
Dealt to 39055aac 
Hero: folds
e732e02b: folds
94c9a175: raises $0.07 to $0.12
39055aac: folds
e5e9b0c3: folds
73718c72: folds
Uncalled bet ($0.07) returned to 94c9a175
*** SHOWDOWN ***
94c9a175 collected $0.12 from pot
*** SUMMARY ***
Total pot $0.12 | Rake $0 | Jackpot $0 | Bingo $0 | Fortune $0
Seat 1: e5e9b0c3 (small blind) folded before Flop
Seat 2: 73718c72 (big blind) folded before Flop
Seat 3: Hero folded before Flop (didn't bet)
Seat 4: e732e02b folded before Flop (didn't bet)
Seat 5: 94c9a175 collected ($0.12)
Seat 6: 39055aac (button) folded before Flop (didn't bet)


Poker Hand #HD1160201665: Hold'em No Limit  ($0.02/$0.05) - 2023/03/14 19:20:05
Table 'NLHBlue53' 6-max Seat #5 is the button
Seat 1: e5e9b0c3 ($5.73 in chips)
Seat 2: 73718c72 ($5.01 in chips)
Seat 3: Hero ($7.85 in chips)
Seat 4: e732e02b ($12.43 in chips)
Seat 5: 94c9a175 ($5.07 in chips)
Seat 6: 39055aac ($7.77 in chips)
39055aac: posts small blind $0.02
e5e9b0c3: posts big blind $0.05
*** HOLE CARDS ***
Dealt to e5e9b0c3 
Dealt to 73718c72 
Dealt to Hero [8s 4d]
Dealt to e732e02b 
Dealt to 94c9a175 
Dealt to 39055aac 
73718c72: folds
Hero: folds
e732e02b: folds
94c9a175: folds
39055aac: raises $0.08 to $0.13
e5e9b0c3: folds
Uncalled bet ($0.08) returned to 39055aac
*** SHOWDOWN ***
39055aac collected $0.1 from pot
*** SUMMARY ***
Total pot $0.1 | Rake $0 | Jackpot $0 | Bingo $0 | Fortune $0
Seat 1: e5e9b0c3 (big blind) folded before Flop
Seat 2: 73718c72 folded before Flop (didn't bet)
Seat 3: Hero folded before Flop (didn't bet)
Seat 4: e732e02b folded before Flop (didn't bet)
Seat 5: 94c9a175 (button) folded before Flop (didn't bet)
Seat 6: 39055aac (small blind) collected ($0.1)


Poker Hand #HD1160201591: Hold'em No Limit  ($0.02/$0.05) - 2023/03/14 19:19:37
Table 'NLHBlue53' 6-max Seat #4 is the button
Seat 1: e5e9b0c3 ($5.73 in chips)
Seat 2: 73718c72 ($5.01 in chips)
Seat 3: Hero ($7.85 in chips)
Seat 4: e732e02b ($12.43 in chips)
Seat 5: 94c9a175 ($5.02 in chips)
Seat 6: 39055aac ($7.82 in chips)
94c9a175: posts small blind $0.02
39055aac: posts big blind $0.05
*** HOLE CARDS ***
Dealt to e5e9b0c3 
Dealt to 73718c72 
Dealt to Hero [8s 5h]
Dealt to e732e02b 
Dealt to 94c9a175 
Dealt to 39055aac 
e5e9b0c3: folds
73718c72: folds
Hero: folds
e732e02b: folds
94c9a175: raises $0.1 to $0.15
39055aac: folds
Uncalled bet ($0.1) returned to 94c9a175
*** SHOWDOWN ***
94c9a175 collected $0.1 from pot
*** SUMMARY ***
Total pot $0.1 | Rake $0 | Jackpot $0 | Bingo $0 | Fortune $0
Seat 1: e5e9b0c3 folded before Flop (didn't bet)
Seat 2: 73718c72 folded before Flop (didn't bet)
Seat 3: Hero folded before Flop (didn't bet)
Seat 4: e732e02b (button) folded before Flop (didn't bet)
Seat 5: 94c9a175 (small blind) collected ($0.1)
Seat 6: 39055aac (big blind) folded before Flop


Poker Hand #HD1160201541: Hold'em No Limit  ($0.02/$0.05) - 2023/03/14 19:19:19
Table 'NLHBlue53' 6-max Seat #3 is the button
Seat 1: e5e9b0c3 ($5.73 in chips)
Seat 2: 73718c72 ($5.01 in chips)
Seat 3: Hero ($7.85 in chips)
Seat 4: e732e02b ($12.45 in chips)
Seat 5: 94c9a175 ($5 in chips)
Seat 6: 39055aac ($7.82 in chips)
e732e02b: posts small blind $0.02
94c9a175: posts big blind $0.05
*** HOLE CARDS ***
Dealt to e5e9b0c3 
Dealt to 73718c72 
Dealt to Hero [9d 4s]
Dealt to e732e02b 
Dealt to 94c9a175 
Dealt to 39055aac 
39055aac: folds
e5e9b0c3: folds
73718c72: folds
Hero: folds
e732e02b: folds
Uncalled bet ($0.03) returned to 94c9a175
*** SHOWDOWN ***
94c9a175 collected $0.04 from pot
*** SUMMARY ***
Total pot $0.04 | Rake $0 | Jackpot $0 | Bingo $0 | Fortune $0
Seat 1: e5e9b0c3 folded before Flop (didn't bet)
Seat 2: 73718c72 folded before Flop (didn't bet)
Seat 3: Hero (button) folded before Flop (didn't bet)
Seat 4: e732e02b (small blind) folded before Flop
Seat 5: 94c9a175 (big blind) collected ($0.04)
Seat 6: 39055aac folded before Flop (didn't bet)


Poker Hand #HD1160201468: Hold'em No Limit  ($0.02/$0.05) - 2023/03/14 19:18:49
Table 'NLHBlue53' 6-max Seat #2 is the button
Seat 1: e5e9b0c3 ($5.73 in chips)
Seat 2: 73718c72 ($5.01 in chips)
Seat 3: Hero ($7.87 in chips)
Seat 4: e732e02b ($12.5 in chips)
Seat 5: 94c9a175 ($5 in chips)
Seat 6: 39055aac ($7.75 in chips)
Hero: posts small blind $0.02
e732e02b: posts big blind $0.05
*** HOLE CARDS ***
Dealt to e5e9b0c3 
Dealt to 73718c72 
Dealt to Hero [6d 9d]
Dealt to e732e02b 
Dealt to 94c9a175 
Dealt to 39055aac 
94c9a175: folds
39055aac: raises $0.08 to $0.13
e5e9b0c3: folds
73718c72: folds
Hero: folds
e732e02b: folds
Uncalled bet ($0.08) returned to 39055aac
*** SHOWDOWN ***
39055aac collected $0.12 from pot
*** SUMMARY ***
Total pot $0.12 | Rake $0 | Jackpot $0 | Bingo $0 | Fortune $0
Seat 1: e5e9b0c3 folded before Flop (didn't bet)
Seat 2: 73718c72 (button) folded before Flop (didn't bet)
Seat 3: Hero (small blind) folded before Flop
Seat 4: e732e02b (big blind) folded before Flop
Seat 5: 94c9a175 folded before Flop (didn't bet)
Seat 6: 39055aac collected ($0.12)


Poker Hand #HD1160201373: Hold'em No Limit  ($0.02/$0.05) - 2023/03/14 19:18:08
Table 'NLHBlue53' 6-max Seat #1 is the button
Seat 1: e5e9b0c3 ($5.73 in chips)
Seat 2: 73718c72 ($5.14 in chips)
Seat 3: Hero ($7.75 in chips)
Seat 4: e732e02b ($12.5 in chips)
Seat 5: 94c9a175 ($5 in chips)
Seat 6: 39055aac ($7.75 in chips)
73718c72: posts small blind $0.02
Hero: posts big blind $0.05
*** HOLE CARDS ***
Dealt to e5e9b0c3 
Dealt to 73718c72 
Dealt to Hero [Qh Jh]
Dealt to e732e02b 
Dealt to 94c9a175 
Dealt to 39055aac 
e732e02b: folds
94c9a175: folds
39055aac: folds
e5e9b0c3: folds
73718c72: raises $0.08 to $0.13
Hero: raises $0.23 to $0.36
73718c72: folds
Uncalled bet ($0.23) returned to Hero
*** SHOWDOWN ***
Hero collected $0.25 from pot
*** SUMMARY ***
Total pot $0.26 | Rake $0.01 | Jackpot $0 | Bingo $0 | Fortune $0
Seat 1: e5e9b0c3 (button) folded before Flop (didn't bet)
Seat 2: 73718c72 (small blind) folded before Flop
Seat 3: Hero (big blind) collected ($0.25)
Seat 4: e732e02b folded before Flop (didn't bet)
Seat 5: 94c9a175 folded before Flop (didn't bet)
Seat 6: 39055aac folded before Flop (didn't bet)


Poker Hand #HD1160201315: Hold'em No Limit  ($0.02/$0.05) - 2023/03/14 19:17:45
Table 'NLHBlue53' 6-max Seat #6 is the button
Seat 1: e5e9b0c3 ($5.75 in chips)
Seat 2: 73718c72 ($5.12 in chips)
Seat 3: Hero ($7.75 in chips)
Seat 4: e732e02b ($12.5 in chips)
Seat 5: 94c9a175 ($5 in chips)
Seat 6: 39055aac ($7.75 in chips)
e5e9b0c3: posts small blind $0.02
73718c72: posts big blind $0.05
*** HOLE CARDS ***
Dealt to e5e9b0c3 
Dealt to 73718c72 
Dealt to Hero [Kh 5s]
Dealt to e732e02b 
Dealt to 94c9a175 
Dealt to 39055aac 
Hero: folds
e732e02b: folds
94c9a175: folds
39055aac: folds
e5e9b0c3: folds
Uncalled bet ($0.03) returned to 73718c72
*** SHOWDOWN ***
73718c72 collected $0.04 from pot
*** SUMMARY ***
Total pot $0.04 | Rake $0 | Jackpot $0 | Bingo $0 | Fortune $0
Seat 1: e5e9b0c3 (small blind) folded before Flop
Seat 2: 73718c72 (big blind) collected ($0.04)
Seat 3: Hero folded before Flop (didn't bet)
Seat 4: e732e02b folded before Flop (didn't bet)
Seat 5: 94c9a175 folded before Flop (didn't bet)
Seat 6: 39055aac (button) folded before Flop (didn't bet)


Poker Hand #HD1160201202: Hold'em No Limit  ($0.02/$0.05) - 2023/03/14 19:16:53
Table 'NLHBlue53' 6-max Seat #5 is the button
Seat 1: e5e9b0c3 ($5.5 in chips)
Seat 2: 73718c72 ($5.12 in chips)
Seat 3: Hero ($7.75 in chips)
Seat 4: e732e02b ($12.5 in chips)
Seat 5: 94c9a175 ($5.24 in chips)
Seat 6: 39055aac ($7.77 in chips)
39055aac: posts small blind $0.02
e5e9b0c3: posts big blind $0.05
*** HOLE CARDS ***
Dealt to e5e9b0c3 
Dealt to 73718c72 
Dealt to Hero [Jh 2s]
Dealt to e732e02b 
Dealt to 94c9a175 
Dealt to 39055aac 
73718c72: folds
Hero: folds
e732e02b: folds
94c9a175: raises $0.07 to $0.12
39055aac: folds
e5e9b0c3: calls $0.07
*** FLOP *** [2h 9h 6d]
e5e9b0c3: checks
94c9a175: checks
*** TURN *** [2h 9h 6d] [7h]
e5e9b0c3: checks
94c9a175: bets $0.13
e5e9b0c3: calls $0.13
*** RIVER *** [2h 9h 6d 7h] [5d]
e5e9b0c3: checks
94c9a175: checks
e5e9b0c3: shows [Ah Qs] (Ace-High)
94c9a175: shows [Kh Jd] (King-High)
*** SHOWDOWN ***
e5e9b0c3 collected $0.5 from pot
*** SUMMARY ***
Total pot $0.52 | Rake $0.02 | Jackpot $0 | Bingo $0 | Fortune $0
Board [2h 9h 6d 7h 5d]
Seat 1: e5e9b0c3 (big blind) showed [Ah Qs] and won ($0.5) with Ace-High
Seat 2: 73718c72 folded before Flop (didn't bet)
Seat 3: Hero folded before Flop (didn't bet)
Seat 4: e732e02b folded before Flop (didn't bet)
Seat 5: 94c9a175 (button) showed [Kh Jd] and lost with King-High
Seat 6: 39055aac (small blind) folded before Flop


Poker Hand #HD1160201061: Hold'em No Limit  ($0.02/$0.05) - 2023/03/14 19:15:56
Table 'NLHBlue53' 6-max Seat #4 is the button
Seat 2: 73718c72 ($5.12 in chips)
Seat 3: Hero ($7.87 in chips)
Seat 4: e732e02b ($12.32 in chips)
Seat 5: 94c9a175 ($5.26 in chips)
Seat 6: 39055aac ($7.82 in chips)
94c9a175: posts small blind $0.02
39055aac: posts big blind $0.05
*** HOLE CARDS ***
Dealt to 73718c72 
Dealt to Hero [4h 4d]
Dealt to e732e02b 
Dealt to 94c9a175 
Dealt to 39055aac 
73718c72: folds
Hero: raises $0.07 to $0.12
e732e02b: calls $0.12
94c9a175: folds
39055aac: folds
*** FLOP *** [Kh Jh 2d]
Hero: checks
e732e02b: checks
*** TURN *** [Kh Jh 2d] [Ah]
Hero: checks
e732e02b: bets $0.23
Hero: folds
Uncalled bet ($0.23) returned to e732e02b
*** SHOWDOWN ***
e732e02b collected $0.3 from pot
*** SUMMARY ***
Total pot $0.31 | Rake $0.01 | Jackpot $0 | Bingo $0 | Fortune $0
Board [Kh Jh 2d Ah]
Seat 2: 73718c72 folded before Flop (didn't bet)
Seat 3: Hero folded on the Turn
Seat 4: e732e02b (button) won ($0.3)
Seat 5: 94c9a175 (small blind) folded before Flop
Seat 6: 39055aac (big blind) folded before Flop


Poker Hand #HD1160201003: Hold'em No Limit  ($0.02/$0.05) - 2023/03/14 19:15:30
Table 'NLHBlue53' 6-max Seat #3 is the button
Seat 2: 73718c72 ($5.12 in chips)
Seat 3: Hero ($7.87 in chips)
Seat 4: e732e02b ($12.34 in chips)
Seat 5: 94c9a175 ($5.24 in chips)
Seat 6: 39055aac ($7.82 in chips)
e732e02b: posts small blind $0.02
94c9a175: posts big blind $0.05
*** HOLE CARDS ***
Dealt to 73718c72 
Dealt to Hero [7c Jh]
Dealt to e732e02b 
Dealt to 94c9a175 
Dealt to 39055aac 
39055aac: folds
73718c72: folds
Hero: folds
e732e02b: folds
Uncalled bet ($0.03) returned to 94c9a175
*** SHOWDOWN ***
94c9a175 collected $0.04 from pot
*** SUMMARY ***
Total pot $0.04 | Rake $0 | Jackpot $0 | Bingo $0 | Fortune $0
Seat 2: 73718c72 folded before Flop (didn't bet)
Seat 3: Hero (button) folded before Flop (didn't bet)
Seat 4: e732e02b (small blind) folded before Flop
Seat 5: 94c9a175 (big blind) collected ($0.04)
Seat 6: 39055aac folded before Flop (didn't bet)


Poker Hand #HD1160200951: Hold'em No Limit  ($0.02/$0.05) - 2023/03/14 19:15:11
Table 'NLHBlue53' 6-max Seat #2 is the button
Seat 2: 73718c72 ($5.12 in chips)
Seat 3: Hero ($7.89 in chips)
Seat 4: e732e02b ($12.39 in chips)
Seat 5: 94c9a175 ($5.24 in chips)
Seat 6: 39055aac ($7.75 in chips)
Hero: posts small blind $0.02
e732e02b: posts big blind $0.05
*** HOLE CARDS ***
Dealt to 73718c72 
Dealt to Hero [8d Jh]
Dealt to e732e02b 
Dealt to 94c9a175 
Dealt to 39055aac 
94c9a175: folds
39055aac: raises $0.08 to $0.13
73718c72: folds
Hero: folds
e732e02b: folds
Uncalled bet ($0.08) returned to 39055aac
*** SHOWDOWN ***
39055aac collected $0.12 from pot
*** SUMMARY ***
Total pot $0.12 | Rake $0 | Jackpot $0 | Bingo $0 | Fortune $0
Seat 2: 73718c72 (button) folded before Flop (didn't bet)
Seat 3: Hero (small blind) folded before Flop
Seat 4: e732e02b (big blind) folded before Flop
Seat 5: 94c9a175 folded before Flop (didn't bet)
Seat 6: 39055aac collected ($0.12)


Poker Hand #HD1160200894: Hold'em No Limit  ($0.02/$0.05) - 2023/03/14 19:14:45
Table 'NLHBlue53' 6-max Seat #6 is the button
Seat 2: 73718c72 ($5.14 in chips)
Seat 3: Hero ($7.94 in chips)
Seat 4: e732e02b ($12.39 in chips)
Seat 5: 94c9a175 ($5.17 in chips)
Seat 6: 39055aac ($7.75 in chips)
73718c72: posts small blind $0.02
Hero: posts big blind $0.05
*** HOLE CARDS ***
Dealt to 73718c72 
Dealt to Hero [7h Qc]
Dealt to e732e02b 
Dealt to 94c9a175 
Dealt to 39055aac 
e732e02b: folds
94c9a175: raises $0.07 to $0.12
39055aac: folds
73718c72: folds
Hero: folds
Uncalled bet ($0.07) returned to 94c9a175
*** SHOWDOWN ***
94c9a175 collected $0.12 from pot
*** SUMMARY ***
Total pot $0.12 | Rake $0 | Jackpot $0 | Bingo $0 | Fortune $0
Seat 2: 73718c72 (small blind) folded before Flop
Seat 3: Hero (big blind) folded before Flop
Seat 4: e732e02b folded before Flop (didn't bet)
Seat 5: 94c9a175 collected ($0.12)
Seat 6: 39055aac (button) folded before Flop (didn't bet)


Poker Hand #HD1160200850: Hold'em No Limit  ($0.02/$0.05) - 2023/03/14 19:14:25
Table 'NLHBlue53' 6-max Seat #5 is the button
Seat 2: 73718c72 ($5.19 in chips)
Seat 3: Hero ($7.94 in chips)
Seat 4: e732e02b ($12.39 in chips)
Seat 5: 94c9a175 ($5.17 in chips)
Seat 6: 39055aac ($7.7 in chips)
39055aac: posts small blind $0.02
73718c72: posts big blind $0.05
*** HOLE CARDS ***
Dealt to 73718c72 
Dealt to Hero [6s 8c]
Dealt to e732e02b 
Dealt to 94c9a175 
Dealt to 39055aac 
Hero: folds
e732e02b: folds
94c9a175: folds
39055aac: raises $0.08 to $0.13
73718c72: folds
Uncalled bet ($0.08) returned to 39055aac
*** SHOWDOWN ***
39055aac collected $0.1 from pot
*** SUMMARY ***
Total pot $0.1 | Rake $0 | Jackpot $0 | Bingo $0 | Fortune $0
Seat 2: 73718c72 (big blind) folded before Flop
Seat 3: Hero folded before Flop (didn't bet)
Seat 4: e732e02b folded before Flop (didn't bet)
Seat 5: 94c9a175 (button) folded before Flop (didn't bet)
Seat 6: 39055aac (small blind) collected ($0.1)


Poker Hand #HD1160200776: Hold'em No Limit  ($0.02/$0.05) - 2023/03/14 19:13:54
Table 'NLHBlue53' 6-max Seat #4 is the button
Seat 2: 73718c72 ($5.19 in chips)
Seat 3: Hero ($7.94 in chips)
Seat 4: e732e02b ($12.52 in chips)
Seat 5: 94c9a175 ($5 in chips)
Seat 6: 39055aac ($7.75 in chips)
94c9a175: posts small blind $0.02
39055aac: posts big blind $0.05
*** HOLE CARDS ***
Dealt to 73718c72 
Dealt to Hero [5h 8h]
Dealt to e732e02b 
Dealt to 94c9a175 
Dealt to 39055aac 
73718c72: folds
Hero: folds
e732e02b: raises $0.08 to $0.13
94c9a175: raises $0.41 to $0.54
39055aac: folds
e732e02b: folds
Uncalled bet ($0.41) returned to 94c9a175
*** SHOWDOWN ***
94c9a175 collected $0.3 from pot
*** SUMMARY ***
Total pot $0.31 | Rake $0.01 | Jackpot $0 | Bingo $0 | Fortune $0
Seat 2: 73718c72 folded before Flop (didn't bet)
Seat 3: Hero folded before Flop (didn't bet)
Seat 4: e732e02b (button) folded before Flop
Seat 5: 94c9a175 (small blind) collected ($0.3)
Seat 6: 39055aac (big blind) folded before Flop


Poker Hand #HD1160200732: Hold'em No Limit  ($0.02/$0.05) - 2023/03/14 19:13:39
Table 'NLHBlue53' 6-max Seat #3 is the button
Seat 2: 73718c72 ($5.19 in chips)
Seat 3: Hero ($7.94 in chips)
Seat 4: e732e02b ($12.54 in chips)
Seat 5: 94c9a175 ($5.05 in chips)
Seat 6: 39055aac ($7.68 in chips)
e732e02b: posts small blind $0.02
94c9a175: posts big blind $0.05
*** HOLE CARDS ***
Dealt to 73718c72 
Dealt to Hero [4d 7s]
Dealt to e732e02b 
Dealt to 94c9a175 
Dealt to 39055aac 
39055aac: raises $0.08 to $0.13
73718c72: folds
Hero: folds
e732e02b: folds
94c9a175: folds
Uncalled bet ($0.08) returned to 39055aac
*** SHOWDOWN ***
39055aac collected $0.12 from pot
*** SUMMARY ***
Total pot $0.12 | Rake $0 | Jackpot $0 | Bingo $0 | Fortune $0
Seat 2: 73718c72 folded before Flop (didn't bet)
Seat 3: Hero (button) folded before Flop (didn't bet)
Seat 4: e732e02b (small blind) folded before Flop
Seat 5: 94c9a175 (big blind) folded before Flop
Seat 6: 39055aac collected ($0.12)


Poker Hand #HD1160200689: Hold'em No Limit  ($0.02/$0.05) - 2023/03/14 19:13:24
Table 'NLHBlue53' 6-max Seat #2 is the button
Seat 2: 73718c72 ($5.12 in chips)
Seat 3: Hero ($7.96 in chips)
Seat 4: e732e02b ($12.59 in chips)
Seat 5: 94c9a175 ($5.05 in chips)
Seat 6: 39055aac ($7.68 in chips)
Hero: posts small blind $0.02
e732e02b: posts big blind $0.05
*** HOLE CARDS ***
Dealt to 73718c72 
Dealt to Hero [4s 6h]
Dealt to e732e02b 
Dealt to 94c9a175 
Dealt to 39055aac 
94c9a175: folds
39055aac: folds
73718c72: raises $0.08 to $0.13
Hero: folds
e732e02b: folds
Uncalled bet ($0.08) returned to 73718c72
*** SHOWDOWN ***
73718c72 collected $0.12 from pot
*** SUMMARY ***
Total pot $0.12 | Rake $0 | Jackpot $0 | Bingo $0 | Fortune $0
Seat 2: 73718c72 (button) collected ($0.12)
Seat 3: Hero (small blind) folded before Flop
Seat 4: e732e02b (big blind) folded before Flop
Seat 5: 94c9a175 folded before Flop (didn't bet)
Seat 6: 39055aac folded before Flop (didn't bet)


Poker Hand #HD1160200562: Hold'em No Limit  ($0.02/$0.05) - 2023/03/14 19:12:29
Table 'NLHBlue53' 6-max Seat #6 is the button
Seat 2: 73718c72 ($5 in chips)
Seat 3: Hero ($8.09 in chips)
Seat 4: e732e02b ($12.59 in chips)
Seat 5: 94c9a175 ($5.05 in chips)
Seat 6: 39055aac ($7.68 in chips)
73718c72: posts small blind $0.02
Hero: posts big blind $0.05
*** HOLE CARDS ***
Dealt to 73718c72 
Dealt to Hero [2c 2d]
Dealt to e732e02b 
Dealt to 94c9a175 
Dealt to 39055aac 
e732e02b: folds
94c9a175: folds
39055aac: folds
73718c72: raises $0.08 to $0.13
Hero: calls $0.08
*** FLOP *** [Kc 3s Qs]
73718c72: checks
Hero: checks
*** TURN *** [Kc 3s Qs] [Th]
73718c72: bets $0.16
Hero: folds
Uncalled bet ($0.16) returned to 73718c72
*** SHOWDOWN ***
73718c72 collected $0.25 from pot
*** SUMMARY ***
Total pot $0.26 | Rake $0.01 | Jackpot $0 | Bingo $0 | Fortune $0
Board [Kc 3s Qs Th]
Seat 2: 73718c72 (small blind) won ($0.25)
Seat 3: Hero (big blind) folded on the Turn
Seat 4: e732e02b folded before Flop (didn't bet)
Seat 5: 94c9a175 folded before Flop (didn't bet)
Seat 6: 39055aac (button) folded before Flop (didn't bet)


Poker Hand #HD1160200515: Hold'em No Limit  ($0.02/$0.05) - 2023/03/14 19:12:07
Table 'NLHBlue53' 6-max Seat #5 is the button
Seat 1: e5e9b0c3 ($5.55 in chips)
Seat 2: 73718c72 ($5 in chips)
Seat 3: Hero ($8.09 in chips)
Seat 4: e732e02b ($12.59 in chips)
Seat 5: 94c9a175 ($5.05 in chips)
Seat 6: 39055aac ($7.63 in chips)
39055aac: posts small blind $0.02
e5e9b0c3: posts big blind $0.05
*** HOLE CARDS ***
Dealt to e5e9b0c3 
Dealt to 73718c72 
Dealt to Hero [Tc 8s]
Dealt to e732e02b 
Dealt to 94c9a175 
Dealt to 39055aac 
73718c72: folds
Hero: folds
e732e02b: folds
94c9a175: folds
39055aac: raises $0.08 to $0.13
e5e9b0c3: folds
Uncalled bet ($0.08) returned to 39055aac
*** SHOWDOWN ***
39055aac collected $0.1 from pot
*** SUMMARY ***
Total pot $0.1 | Rake $0 | Jackpot $0 | Bingo $0 | Fortune $0
Seat 1: e5e9b0c3 (big blind) folded before Flop
Seat 2: 73718c72 folded before Flop (didn't bet)
Seat 3: Hero folded before Flop (didn't bet)
Seat 4: e732e02b folded before Flop (didn't bet)
Seat 5: 94c9a175 (button) folded before Flop (didn't bet)
Seat 6: 39055aac (small blind) collected ($0.1)


Poker Hand #HD1160200416: Hold'em No Limit  ($0.02/$0.05) - 2023/03/14 19:11:27
Table 'NLHBlue53' 6-max Seat #4 is the button
Seat 1: e5e9b0c3 ($5.55 in chips)
Seat 2: 73718c72 ($5 in chips)
Seat 3: Hero ($8.09 in chips)
Seat 4: e732e02b ($12.59 in chips)
Seat 5: 94c9a175 ($5 in chips)
Seat 6: 39055aac ($7.68 in chips)
94c9a175: posts small blind $0.02
39055aac: posts big blind $0.05
*** HOLE CARDS ***
Dealt to e5e9b0c3 
Dealt to 73718c72 
Dealt to Hero [Js 2s]
Dealt to e732e02b 
Dealt to 94c9a175 
Dealt to 39055aac 
e5e9b0c3: folds
73718c72: folds
Hero: folds
e732e02b: folds
94c9a175: raises $0.1 to $0.15
39055aac: folds
Uncalled bet ($0.1) returned to 94c9a175
*** SHOWDOWN ***
94c9a175 collected $0.1 from pot
*** SUMMARY ***
Total pot $0.1 | Rake $0 | Jackpot $0 | Bingo $0 | Fortune $0
Seat 1: e5e9b0c3 folded before Flop (didn't bet)
Seat 2: 73718c72 folded before Flop (didn't bet)
Seat 3: Hero folded before Flop (didn't bet)
Seat 4: e732e02b (button) folded before Flop (didn't bet)
Seat 5: 94c9a175 (small blind) collected ($0.1)
Seat 6: 39055aac (big blind) folded before Flop


Poker Hand #HD1160200374: Hold'em No Limit  ($0.02/$0.05) - 2023/03/14 19:11:09
Table 'NLHBlue53' 6-max Seat #3 is the button
Seat 1: e5e9b0c3 ($5.55 in chips)
Seat 2: 73718c72 ($5 in chips)
Seat 3: Hero ($8.09 in chips)
Seat 4: e732e02b ($12.61 in chips)
Seat 5: 94c9a175 ($5 in chips)
Seat 6: 39055aac ($7.61 in chips)
e732e02b: posts small blind $0.02
94c9a175: posts big blind $0.05
*** HOLE CARDS ***
Dealt to e5e9b0c3 
Dealt to 73718c72 
Dealt to Hero [Js 6d]
Dealt to e732e02b 
Dealt to 94c9a175 
Dealt to 39055aac 
39055aac: raises $0.08 to $0.13
e5e9b0c3: folds
73718c72: folds
Hero: folds
e732e02b: folds
94c9a175: folds
Uncalled bet ($0.08) returned to 39055aac
*** SHOWDOWN ***
39055aac collected $0.12 from pot
*** SUMMARY ***
Total pot $0.12 | Rake $0 | Jackpot $0 | Bingo $0 | Fortune $0
Seat 1: e5e9b0c3 folded before Flop (didn't bet)
Seat 2: 73718c72 folded before Flop (didn't bet)
Seat 3: Hero (button) folded before Flop (didn't bet)
Seat 4: e732e02b (small blind) folded before Flop
Seat 5: 94c9a175 (big blind) folded before Flop
Seat 6: 39055aac collected ($0.12)


Poker Hand #HD1160200227: Hold'em No Limit  ($0.02/$0.05) - 2023/03/14 19:10:05
Table 'NLHBlue53' 6-max Seat #2 is the button
Seat 1: e5e9b0c3 ($5.55 in chips)
Seat 2: 73718c72 ($5 in chips)
Seat 3: Hero ($5.76 in chips)
Seat 4: e732e02b ($13.17 in chips)
Seat 5: 94c9a175 ($5.16 in chips)
Seat 6: 39055aac ($7.61 in chips)
Hero: posts small blind $0.02
e732e02b: posts big blind $0.05
*** HOLE CARDS ***
Dealt to e5e9b0c3 
Dealt to 73718c72 
Dealt to Hero [Kh Ac]
Dealt to e732e02b 
Dealt to 94c9a175 
Dealt to 39055aac 
94c9a175: raises $0.07 to $0.12
39055aac: folds
e5e9b0c3: folds
73718c72: folds
Hero: raises $0.44 to $0.56
e732e02b: calls $0.51
94c9a175: calls $0.44
*** FLOP *** [Kd 4c 9h]
Hero: bets $0.56
e732e02b: folds
94c9a175: calls $0.56
*** TURN *** [Kd 4c 9h] [6d]
Hero: bets $0.93
94c9a175: calls $0.93
*** RIVER *** [Kd 4c 9h 6d] [Ad]
Hero: checks
94c9a175: checks
Hero: shows [Kh Ac] (Pair of Aces and Pair of Kings)
94c9a175: shows [Qd Qh] (Pair of Queens)
*** SHOWDOWN ***
Hero collected $4.38 from pot
*** SUMMARY ***
Total pot $4.66 | Rake $0.23 | Jackpot $0.05 | Bingo $0 | Fortune $0
Board [Kd 4c 9h 6d Ad]
Seat 1: e5e9b0c3 folded before Flop (didn't bet)
Seat 2: 73718c72 (button) folded before Flop (didn't bet)
Seat 3: Hero (small blind) showed [Kh Ac] and won ($4.38) with Pair of Aces and Pair of Kings
Seat 4: e732e02b (big blind) folded on the Flop
Seat 5: 94c9a175 showed [Qd Qh] and lost with Pair of Queens
Seat 6: 39055aac folded before Flop (didn't bet)


Poker Hand #HD1160200123: Hold'em No Limit  ($0.02/$0.05) - 2023/03/14 19:09:20
Table 'NLHBlue53' 6-max Seat #1 is the button
Seat 1: e5e9b0c3 ($5.09 in chips)
Seat 2: 73718c72 ($5 in chips)
Seat 3: Hero ($5.81 in chips)
Seat 4: e732e02b ($13.6 in chips)
Seat 5: 94c9a175 ($5.16 in chips)
Seat 6: 39055aac ($7.61 in chips)
73718c72: posts small blind $0.02
Hero: posts big blind $0.05
*** HOLE CARDS ***
Dealt to e5e9b0c3 
Dealt to 73718c72 
Dealt to Hero [Tc Js]
Dealt to e732e02b 
Dealt to 94c9a175 
Dealt to 39055aac 
e732e02b: raises $0.1 to $0.15
94c9a175: folds
39055aac: folds
e5e9b0c3: raises $0.28 to $0.43
73718c72: folds
Hero: folds
e732e02b: calls $0.28
*** FLOP *** [Kh Kd 9s]
e732e02b: checks
e5e9b0c3: bets $0.7
e732e02b: folds
Uncalled bet ($0.7) returned to e5e9b0c3
*** SHOWDOWN ***
e5e9b0c3 collected $0.89 from pot
*** SUMMARY ***
Total pot $0.93 | Rake $0.04 | Jackpot $0 | Bingo $0 | Fortune $0
Board [Kh Kd 9s]
Seat 1: e5e9b0c3 (button) won ($0.89)
Seat 2: 73718c72 (small blind) folded before Flop
Seat 3: Hero (big blind) folded before Flop
Seat 4: e732e02b folded on the Flop
Seat 5: 94c9a175 folded before Flop (didn't bet)
Seat 6: 39055aac folded before Flop (didn't bet)


Poker Hand #HD1160200064: Hold'em No Limit  ($0.02/$0.05) - 2023/03/14 19:08:51
Table 'NLHBlue53' 6-max Seat #6 is the button
Seat 1: e5e9b0c3 ($5.21 in chips)
Seat 2: 73718c72 ($5 in chips)
Seat 3: Hero ($5.81 in chips)
Seat 4: e732e02b ($13.6 in chips)
Seat 5: 94c9a175 ($5 in chips)
Seat 6: 39055aac ($7.61 in chips)
e5e9b0c3: posts small blind $0.02
73718c72: posts big blind $0.05
*** HOLE CARDS ***
Dealt to e5e9b0c3 
Dealt to 73718c72 
Dealt to Hero [6d 9c]
Dealt to e732e02b 
Dealt to 94c9a175 
Dealt to 39055aac 
Hero: folds
e732e02b: folds
94c9a175: raises $0.07 to $0.12
39055aac: folds
e5e9b0c3: calls $0.1
73718c72: folds
*** FLOP *** [7h 6c 2s]
e5e9b0c3: checks
94c9a175: bets $0.09
e5e9b0c3: folds
Uncalled bet ($0.09) returned to 94c9a175
*** SHOWDOWN ***
94c9a175 collected $0.28 from pot
*** SUMMARY ***
Total pot $0.29 | Rake $0.01 | Jackpot $0 | Bingo $0 | Fortune $0
Board [7h 6c 2s]
Seat 1: e5e9b0c3 (small blind) folded on the Flop
Seat 2: 73718c72 (big blind) folded before Flop
Seat 3: Hero folded before Flop (didn't bet)
Seat 4: e732e02b folded before Flop (didn't bet)
Seat 5: 94c9a175 won ($0.28)
Seat 6: 39055aac (button) folded before Flop (didn't bet)


Poker Hand #HD1160200009: Hold'em No Limit  ($0.02/$0.05) - 2023/03/14 19:08:30
Table 'NLHBlue53' 6-max Seat #5 is the button
Seat 1: e5e9b0c3 ($5.26 in chips)
Seat 2: 73718c72 ($5 in chips)
Seat 3: Hero ($5.81 in chips)
Seat 4: e732e02b ($13.6 in chips)
Seat 5: 94c9a175 ($5 in chips)
Seat 6: 39055aac ($7.56 in chips)
39055aac: posts small blind $0.02
e5e9b0c3: posts big blind $0.05
*** HOLE CARDS ***
Dealt to e5e9b0c3 
Dealt to 73718c72 
Dealt to Hero [Th 8c]
Dealt to e732e02b 
Dealt to 94c9a175 
Dealt to 39055aac 
73718c72: folds
Hero: folds
e732e02b: folds
94c9a175: folds
39055aac: raises $0.08 to $0.13
e5e9b0c3: folds
Uncalled bet ($0.08) returned to 39055aac
*** SHOWDOWN ***
39055aac collected $0.1 from pot
*** SUMMARY ***
Total pot $0.1 | Rake $0 | Jackpot $0 | Bingo $0 | Fortune $0
Seat 1: e5e9b0c3 (big blind) folded before Flop
Seat 2: 73718c72 folded before Flop (didn't bet)
Seat 3: Hero folded before Flop (didn't bet)
Seat 4: e732e02b folded before Flop (didn't bet)
Seat 5: 94c9a175 (button) folded before Flop (didn't bet)
Seat 6: 39055aac (small blind) collected ($0.1)


Poker Hand #HD1160199913: Hold'em No Limit  ($0.02/$0.05) - 2023/03/14 19:07:45
Table 'NLHBlue53' 6-max Seat #4 is the button
Seat 1: e5e9b0c3 ($5 in chips)
Seat 2: 73718c72 ($5.05 in chips)
Seat 3: Hero ($5.81 in chips)
Seat 4: e732e02b ($13.7 in chips)
Seat 5: 94c9a175 ($5.02 in chips)
Seat 6: 39055aac ($7.61 in chips)
94c9a175: posts small blind $0.02
39055aac: posts big blind $0.05
*** HOLE CARDS ***
Dealt to e5e9b0c3 
Dealt to 73718c72 
Dealt to Hero [Th 7h]
Dealt to e732e02b 
Dealt to 94c9a175 
Dealt to 39055aac 
e5e9b0c3: raises $0.05 to $0.1
73718c72: calls $0.1
Hero: folds
e732e02b: calls $0.1
94c9a175: folds
39055aac: folds
*** FLOP *** [7c 4s Ks]
e5e9b0c3: bets $0.28
73718c72: folds
e732e02b: folds
Uncalled bet ($0.28) returned to e5e9b0c3
*** SHOWDOWN ***
e5e9b0c3 collected $0.36 from pot
*** SUMMARY ***
Total pot $0.37 | Rake $0.01 | Jackpot $0 | Bingo $0 | Fortune $0
Board [7c 4s Ks]
Seat 1: e5e9b0c3 won ($0.36)
Seat 2: 73718c72 folded on the Flop
Seat 3: Hero folded before Flop (didn't bet)
Seat 4: e732e02b (button) folded on the Flop
Seat 5: 94c9a175 (small blind) folded before Flop
Seat 6: 39055aac (big blind) folded before Flop


Poker Hand #HD1160199847: Hold'em No Limit  ($0.02/$0.05) - 2023/03/14 19:07:15
Table 'NLHBlue53' 6-max Seat #3 is the button
Seat 1: e5e9b0c3 ($5 in chips)
Seat 2: 73718c72 ($5.05 in chips)
Seat 3: Hero ($5.74 in chips)
Seat 4: e732e02b ($13.72 in chips)
Seat 5: 94c9a175 ($5.07 in chips)
Seat 6: 39055aac ($7.61 in chips)
e732e02b: posts small blind $0.02
94c9a175: posts big blind $0.05
*** HOLE CARDS ***
Dealt to e5e9b0c3 
Dealt to 73718c72 
Dealt to Hero [8h 5h]
Dealt to e732e02b 
Dealt to 94c9a175 
Dealt to 39055aac 
39055aac: folds
e5e9b0c3: folds
73718c72: folds
Hero: raises $0.07 to $0.12
e732e02b: folds
94c9a175: folds
Uncalled bet ($0.07) returned to Hero
*** SHOWDOWN ***
Hero collected $0.12 from pot
*** SUMMARY ***
Total pot $0.12 | Rake $0 | Jackpot $0 | Bingo $0 | Fortune $0
Seat 1: e5e9b0c3 folded before Flop (didn't bet)
Seat 2: 73718c72 folded before Flop (didn't bet)
Seat 3: Hero (button) collected ($0.12)
Seat 4: e732e02b (small blind) folded before Flop
Seat 5: 94c9a175 (big blind) folded before Flop
Seat 6: 39055aac folded before Flop (didn't bet)


Poker Hand #HD1160199784: Hold'em No Limit  ($0.02/$0.05) - 2023/03/14 19:06:50
Table 'NLHBlue53' 6-max Seat #2 is the button
Seat 1: e5e9b0c3 ($5 in chips)
Seat 2: 73718c72 ($5.05 in chips)
Seat 3: Hero ($5.69 in chips)
Seat 4: e732e02b ($13.77 in chips)
Seat 5: 94c9a175 ($5.07 in chips)
Seat 6: 39055aac ($7.61 in chips)
Hero: posts small blind $0.02
e732e02b: posts big blind $0.05
*** HOLE CARDS ***
Dealt to e5e9b0c3 
Dealt to 73718c72 
Dealt to Hero [Ad 5s]
Dealt to e732e02b 
Dealt to 94c9a175 
Dealt to 39055aac 
94c9a175: folds
39055aac: folds
e5e9b0c3: folds
73718c72: folds
Hero: raises $0.09 to $0.14
e732e02b: folds
Uncalled bet ($0.09) returned to Hero
*** SHOWDOWN ***
Hero collected $0.1 from pot
*** SUMMARY ***
Total pot $0.1 | Rake $0 | Jackpot $0 | Bingo $0 | Fortune $0
Seat 1: e5e9b0c3 folded before Flop (didn't bet)
Seat 2: 73718c72 (button) folded before Flop (didn't bet)
Seat 3: Hero (small blind) collected ($0.1)
Seat 4: e732e02b (big blind) folded before Flop
Seat 5: 94c9a175 folded before Flop (didn't bet)
Seat 6: 39055aac folded before Flop (didn't bet)


Poker Hand #HD1160199720: Hold'em No Limit  ($0.02/$0.05) - 2023/03/14 19:06:27
Table 'NLHBlue53' 6-max Seat #1 is the button
Seat 1: e5e9b0c3 ($5 in chips)
Seat 2: 73718c72 ($5.07 in chips)
Seat 3: Hero ($5.67 in chips)
Seat 4: e732e02b ($13.77 in chips)
Seat 5: 94c9a175 ($5.07 in chips)
Seat 6: 39055aac ($7.61 in chips)
73718c72: posts small blind $0.02
Hero: posts big blind $0.05
*** HOLE CARDS ***
Dealt to e5e9b0c3 
Dealt to 73718c72 
Dealt to Hero [8d Qh]
Dealt to e732e02b 
Dealt to 94c9a175 
Dealt to 39055aac 
e732e02b: folds
94c9a175: folds
39055aac: folds
e5e9b0c3: folds
73718c72: folds
Uncalled bet ($0.03) returned to Hero
*** SHOWDOWN ***
Hero collected $0.04 from pot
*** SUMMARY ***
Total pot $0.04 | Rake $0 | Jackpot $0 | Bingo $0 | Fortune $0
Seat 1: e5e9b0c3 (button) folded before Flop (didn't bet)
Seat 2: 73718c72 (small blind) folded before Flop
Seat 3: Hero (big blind) collected ($0.04)
Seat 4: e732e02b folded before Flop (didn't bet)
Seat 5: 94c9a175 folded before Flop (didn't bet)
Seat 6: 39055aac folded before Flop (didn't bet)


Poker Hand #HD1160199687: Hold'em No Limit  ($0.02/$0.05) - 2023/03/14 19:06:13
Table 'NLHBlue53' 6-max Seat #6 is the button
Seat 1: e5e9b0c3 ($5.02 in chips)
Seat 2: 73718c72 ($5.05 in chips)
Seat 3: Hero ($5.67 in chips)
Seat 4: e732e02b ($13.77 in chips)
Seat 5: 94c9a175 ($5.07 in chips)
Seat 6: 39055aac ($7.61 in chips)
e5e9b0c3: posts small blind $0.02
73718c72: posts big blind $0.05
*** HOLE CARDS ***
Dealt to e5e9b0c3 
Dealt to 73718c72 
Dealt to Hero [4c Kh]
Dealt to e732e02b 
Dealt to 94c9a175 
Dealt to 39055aac 
Hero: folds
e732e02b: folds
94c9a175: folds
39055aac: folds
e5e9b0c3: folds
Uncalled bet ($0.03) returned to 73718c72
*** SHOWDOWN ***
73718c72 collected $0.04 from pot
*** SUMMARY ***
Total pot $0.04 | Rake $0 | Jackpot $0 | Bingo $0 | Fortune $0
Seat 1: e5e9b0c3 (small blind) folded before Flop
Seat 2: 73718c72 (big blind) collected ($0.04)
Seat 3: Hero folded before Flop (didn't bet)
Seat 4: e732e02b folded before Flop (didn't bet)
Seat 5: 94c9a175 folded before Flop (didn't bet)
Seat 6: 39055aac (button) folded before Flop (didn't bet)


Poker Hand #HD1160199655: Hold'em No Limit  ($0.02/$0.05) - 2023/03/14 19:05:59
Table 'NLHBlue53' 6-max Seat #5 is the button
Seat 1: e5e9b0c3 ($5.07 in chips)
Seat 2: 73718c72 ($5.05 in chips)
Seat 3: Hero ($5.67 in chips)
Seat 4: e732e02b ($13.7 in chips)
Seat 5: 94c9a175 ($5.07 in chips)
Seat 6: 39055aac ($7.63 in chips)
39055aac: posts small blind $0.02
e5e9b0c3: posts big blind $0.05
*** HOLE CARDS ***
Dealt to e5e9b0c3 
Dealt to 73718c72 
Dealt to Hero [Qc 8h]
Dealt to e732e02b 
Dealt to 94c9a175 
Dealt to 39055aac 
73718c72: folds
Hero: folds
e732e02b: raises $0.08 to $0.13
94c9a175: folds
39055aac: folds
e5e9b0c3: folds
Uncalled bet ($0.08) returned to e732e02b
*** SHOWDOWN ***
e732e02b collected $0.12 from pot
*** SUMMARY ***
Total pot $0.12 | Rake $0 | Jackpot $0 | Bingo $0 | Fortune $0
Seat 1: e5e9b0c3 (big blind) folded before Flop
Seat 2: 73718c72 folded before Flop (didn't bet)
Seat 3: Hero folded before Flop (didn't bet)
Seat 4: e732e02b collected ($0.12)
Seat 5: 94c9a175 (button) folded before Flop (didn't bet)
Seat 6: 39055aac (small blind) folded before Flop


Poker Hand #HD1160199608: Hold'em No Limit  ($0.02/$0.05) - 2023/03/14 19:05:39
Table 'NLHBlue53' 6-max Seat #4 is the button
Seat 1: e5e9b0c3 ($5 in chips)
Seat 2: 73718c72 ($5.05 in chips)
Seat 3: Hero ($5.67 in chips)
Seat 4: e732e02b ($13.7 in chips)
Seat 5: 94c9a175 ($5.09 in chips)
Seat 6: 39055aac ($7.68 in chips)
94c9a175: posts small blind $0.02
39055aac: posts big blind $0.05
*** HOLE CARDS ***
Dealt to e5e9b0c3 
Dealt to 73718c72 
Dealt to Hero [7d Th]
Dealt to e732e02b 
Dealt to 94c9a175 
Dealt to 39055aac 
e5e9b0c3: raises $0.05 to $0.1
73718c72: folds
Hero: folds
e732e02b: folds
94c9a175: folds
39055aac: folds
Uncalled bet ($0.05) returned to e5e9b0c3
*** SHOWDOWN ***
e5e9b0c3 collected $0.12 from pot
*** SUMMARY ***
Total pot $0.12 | Rake $0 | Jackpot $0 | Bingo $0 | Fortune $0
Seat 1: e5e9b0c3 collected ($0.12)
Seat 2: 73718c72 folded before Flop (didn't bet)
Seat 3: Hero folded before Flop (didn't bet)
Seat 4: e732e02b (button) folded before Flop (didn't bet)
Seat 5: 94c9a175 (small blind) folded before Flop
Seat 6: 39055aac (big blind) folded before Flop


Poker Hand #HD1160199469: Hold'em No Limit  ($0.02/$0.05) - 2023/03/14 19:04:40
Table 'NLHBlue53' 6-max Seat #3 is the button
Seat 1: e5e9b0c3 ($5.22 in chips)
Seat 2: 73718c72 ($5.05 in chips)
Seat 3: Hero ($5.12 in chips)
Seat 4: e732e02b ($13.72 in chips)
Seat 5: 94c9a175 ($5.14 in chips)
Seat 6: 39055aac ($7.68 in chips)
e732e02b: posts small blind $0.02
94c9a175: posts big blind $0.05
*** HOLE CARDS ***
Dealt to e5e9b0c3 
Dealt to 73718c72 
Dealt to Hero [Tc Qc]
Dealt to e732e02b 
Dealt to 94c9a175 
Dealt to 39055aac 
39055aac: folds
e5e9b0c3: raises $0.05 to $0.1
73718c72: folds
Hero: raises $0.2 to $0.3
e732e02b: folds
94c9a175: folds
e5e9b0c3: calls $0.2
*** FLOP *** [5c 3h 8d]
e5e9b0c3: checks
Hero: checks
*** TURN *** [5c 3h 8d] [Th]
e5e9b0c3: checks
Hero: bets $0.23
e5e9b0c3: calls $0.23
*** RIVER *** [5c 3h 8d Th] [7h]
e5e9b0c3: checks
Hero: checks
e5e9b0c3: shows [4s 4c] (Pair of Fours)
Hero: shows [Tc Qc] (Pair of Tens)
*** SHOWDOWN ***
Hero collected $1.08 from pot
*** SUMMARY ***
Total pot $1.13 | Rake $0.05 | Jackpot $0 | Bingo $0 | Fortune $0
Board [5c 3h 8d Th 7h]
Seat 1: e5e9b0c3 showed [4s 4c] and lost with Pair of Fours
Seat 2: 73718c72 folded before Flop (didn't bet)
Seat 3: Hero (button) showed [Tc Qc] and won ($1.08) with Pair of Tens
Seat 4: e732e02b (small blind) folded before Flop
Seat 5: 94c9a175 (big blind) folded before Flop
Seat 6: 39055aac folded before Flop (didn't bet)


Poker Hand #HD1160199438: Hold'em No Limit  ($0.02/$0.05) - 2023/03/14 19:04:28
Table 'NLHBlue53' 6-max Seat #2 is the button
Seat 1: e5e9b0c3 ($5.22 in chips)
Seat 2: 73718c72 ($5.05 in chips)
Seat 3: Hero ($5.14 in chips)
Seat 4: e732e02b ($13.77 in chips)
Seat 5: 94c9a175 ($5.07 in chips)
Seat 6: 39055aac ($7.68 in chips)
Hero: posts small blind $0.02
e732e02b: posts big blind $0.05
*** HOLE CARDS ***
Dealt to e5e9b0c3 
Dealt to 73718c72 
Dealt to Hero [2s Ks]
Dealt to e732e02b 
Dealt to 94c9a175 
Dealt to 39055aac 
94c9a175: raises $0.07 to $0.12
39055aac: folds
e5e9b0c3: folds
73718c72: folds
Hero: folds
e732e02b: folds
Uncalled bet ($0.07) returned to 94c9a175
*** SHOWDOWN ***
94c9a175 collected $0.12 from pot
*** SUMMARY ***
Total pot $0.12 | Rake $0 | Jackpot $0 | Bingo $0 | Fortune $0
Seat 1: e5e9b0c3 folded before Flop (didn't bet)
Seat 2: 73718c72 (button) folded before Flop (didn't bet)
Seat 3: Hero (small blind) folded before Flop
Seat 4: e732e02b (big blind) folded before Flop
Seat 5: 94c9a175 collected ($0.12)
Seat 6: 39055aac folded before Flop (didn't bet)


Poker Hand #HD1160199393: Hold'em No Limit  ($0.02/$0.05) - 2023/03/14 19:04:11
Table 'NLHBlue53' 6-max Seat #1 is the button
Seat 1: e5e9b0c3 ($5.22 in chips)
Seat 2: 73718c72 ($5 in chips)
Seat 3: Hero ($5.19 in chips)
Seat 4: e732e02b ($13.77 in chips)
Seat 5: 94c9a175 ($5.07 in chips)
Seat 6: 39055aac ($7.68 in chips)
73718c72: posts small blind $0.02
Hero: posts big blind $0.05
*** HOLE CARDS ***
Dealt to e5e9b0c3 
Dealt to 73718c72 
Dealt to Hero [Ks 4c]
Dealt to e732e02b 
Dealt to 94c9a175 
Dealt to 39055aac 
e732e02b: folds
94c9a175: folds
39055aac: folds
e5e9b0c3: folds
73718c72: raises $0.08 to $0.13
Hero: folds
Uncalled bet ($0.08) returned to 73718c72
*** SHOWDOWN ***
73718c72 collected $0.1 from pot
*** SUMMARY ***
Total pot $0.1 | Rake $0 | Jackpot $0 | Bingo $0 | Fortune $0
Seat 1: e5e9b0c3 (button) folded before Flop (didn't bet)
Seat 2: 73718c72 (small blind) collected ($0.1)
Seat 3: Hero (big blind) folded before Flop
Seat 4: e732e02b folded before Flop (didn't bet)
Seat 5: 94c9a175 folded before Flop (didn't bet)
Seat 6: 39055aac folded before Flop (didn't bet)


Poker Hand #HD1160199340: Hold'em No Limit  ($0.02/$0.05) - 2023/03/14 19:03:48
Table 'NLHBlue53' 6-max Seat #6 is the button
Seat 1: e5e9b0c3 ($5.24 in chips)
Seat 2: 73718c72 ($5 in chips)
Seat 3: Hero ($5.19 in chips)
Seat 4: e732e02b ($13.77 in chips)
Seat 5: 94c9a175 ($5.07 in chips)
Seat 6: 39055aac ($7.61 in chips)
e5e9b0c3: posts small blind $0.02
73718c72: posts big blind $0.05
*** HOLE CARDS ***
Dealt to e5e9b0c3 
Dealt to 73718c72 
Dealt to Hero [Ts 6h]
Dealt to e732e02b 
Dealt to 94c9a175 
Dealt to 39055aac 
Hero: folds
e732e02b: folds
94c9a175: folds
39055aac: raises $0.08 to $0.13
e5e9b0c3: folds
73718c72: folds
Uncalled bet ($0.08) returned to 39055aac
*** SHOWDOWN ***
39055aac collected $0.12 from pot
*** SUMMARY ***
Total pot $0.12 | Rake $0 | Jackpot $0 | Bingo $0 | Fortune $0
Seat 1: e5e9b0c3 (small blind) folded before Flop
Seat 2: 73718c72 (big blind) folded before Flop
Seat 3: Hero folded before Flop (didn't bet)
Seat 4: e732e02b folded before Flop (didn't bet)
Seat 5: 94c9a175 folded before Flop (didn't bet)
Seat 6: 39055aac (button) collected ($0.12)


Poker Hand #HD1160199309: Hold'em No Limit  ($0.02/$0.05) - 2023/03/14 19:03:36
Table 'NLHBlue53' 6-max Seat #5 is the button
Seat 1: e5e9b0c3 ($5.29 in chips)
Seat 3: Hero ($5.12 in chips)
Seat 4: e732e02b ($13.77 in chips)
Seat 5: 94c9a175 ($5.07 in chips)
Seat 6: 39055aac ($7.63 in chips)
39055aac: posts small blind $0.02
e5e9b0c3: posts big blind $0.05
*** HOLE CARDS ***
Dealt to e5e9b0c3 
Dealt to Hero [Ad Js]
Dealt to e732e02b 
Dealt to 94c9a175 
Dealt to 39055aac 
Hero: raises $0.07 to $0.12
e732e02b: folds
94c9a175: folds
39055aac: folds
e5e9b0c3: folds
Uncalled bet ($0.07) returned to Hero
*** SHOWDOWN ***
Hero collected $0.12 from pot
*** SUMMARY ***
Total pot $0.12 | Rake $0 | Jackpot $0 | Bingo $0 | Fortune $0
Seat 1: e5e9b0c3 (big blind) folded before Flop
Seat 3: Hero collected ($0.12)
Seat 4: e732e02b folded before Flop (didn't bet)
Seat 5: 94c9a175 (button) folded before Flop (didn't bet)
Seat 6: 39055aac (small blind) folded before Flop


Poker Hand #HD1160199263: Hold'em No Limit  ($0.02/$0.05) - 2023/03/14 19:03:14
Table 'NLHBlue53' 6-max Seat #4 is the button
Seat 1: e5e9b0c3 ($5.29 in chips)
Seat 3: Hero ($5.12 in chips)
Seat 4: e732e02b ($13.77 in chips)
Seat 5: 94c9a175 ($5.02 in chips)
Seat 6: 39055aac ($7.68 in chips)
94c9a175: posts small blind $0.02
39055aac: posts big blind $0.05
*** HOLE CARDS ***
Dealt to e5e9b0c3 
Dealt to Hero [7h Qs]
Dealt to e732e02b 
Dealt to 94c9a175 
Dealt to 39055aac 
e5e9b0c3: folds
Hero: folds
e732e02b: folds
94c9a175: raises $0.1 to $0.15
39055aac: folds
Uncalled bet ($0.1) returned to 94c9a175
*** SHOWDOWN ***
94c9a175 collected $0.1 from pot
*** SUMMARY ***
Total pot $0.1 | Rake $0 | Jackpot $0 | Bingo $0 | Fortune $0
Seat 1: e5e9b0c3 folded before Flop (didn't bet)
Seat 3: Hero folded before Flop (didn't bet)
Seat 4: e732e02b (button) folded before Flop (didn't bet)
Seat 5: 94c9a175 (small blind) collected ($0.1)
Seat 6: 39055aac (big blind) folded before Flop


Poker Hand #HD1160199234: Hold'em No Limit  ($0.02/$0.05) - 2023/03/14 19:03:04
Table 'NLHBlue53' 6-max Seat #3 is the button
Seat 1: e5e9b0c3 ($5.29 in chips)
Seat 3: Hero ($5.12 in chips)
Seat 4: e732e02b ($13.79 in chips)
Seat 5: 94c9a175 ($5 in chips)
Seat 6: 39055aac ($7.68 in chips)
e732e02b: posts small blind $0.02
94c9a175: posts big blind $0.05
*** HOLE CARDS ***
Dealt to e5e9b0c3 
Dealt to Hero [9d 7c]
Dealt to e732e02b 
Dealt to 94c9a175 
Dealt to 39055aac 
39055aac: folds
e5e9b0c3: folds
Hero: folds
e732e02b: folds
Uncalled bet ($0.03) returned to 94c9a175
*** SHOWDOWN ***
94c9a175 collected $0.04 from pot
*** SUMMARY ***
Total pot $0.04 | Rake $0 | Jackpot $0 | Bingo $0 | Fortune $0
Seat 1: e5e9b0c3 folded before Flop (didn't bet)
Seat 3: Hero (button) folded before Flop (didn't bet)
Seat 4: e732e02b (small blind) folded before Flop
Seat 5: 94c9a175 (big blind) collected ($0.04)
Seat 6: 39055aac folded before Flop (didn't bet)


Poker Hand #HD1160199218: Hold'em No Limit  ($0.02/$0.05) - 2023/03/14 19:02:55
Table 'NLHBlue53' 6-max Seat #1 is the button
Seat 1: e5e9b0c3 ($5.29 in chips)
Seat 3: Hero ($5.14 in chips)
Seat 4: e732e02b ($13.77 in chips)
Seat 6: 39055aac ($7.68 in chips)
Hero: posts small blind $0.02
e732e02b: posts big blind $0.05
*** HOLE CARDS ***
Dealt to e5e9b0c3 
Dealt to Hero [Qs 4c]
Dealt to e732e02b 
Dealt to 39055aac 
39055aac: folds
e5e9b0c3: folds
Hero: folds
Uncalled bet ($0.03) returned to e732e02b
*** SHOWDOWN ***
e732e02b collected $0.04 from pot
*** SUMMARY ***
Total pot $0.04 | Rake $0 | Jackpot $0 | Bingo $0 | Fortune $0
Seat 1: e5e9b0c3 (button) folded before Flop (didn't bet)
Seat 3: Hero (small blind) folded before Flop
Seat 4: e732e02b (big blind) collected ($0.04)
Seat 6: 39055aac folded before Flop (didn't bet)


Poker Hand #HD1160199111: Hold'em No Limit  ($0.02/$0.05) - 2023/03/14 19:02:12
Table 'NLHBlue53' 6-max Seat #6 is the button
Seat 1: e5e9b0c3 ($5.31 in chips)
Seat 3: Hero ($5 in chips)
Seat 4: e732e02b ($13.77 in chips)
Seat 6: 39055aac ($7.81 in chips)
e5e9b0c3: posts small blind $0.02
Hero: posts big blind $0.05
*** HOLE CARDS ***
Dealt to e5e9b0c3 
Dealt to Hero [Jc Ts]
Dealt to e732e02b 
Dealt to 39055aac 
e732e02b: folds
39055aac: raises $0.08 to $0.13
e5e9b0c3: folds
Hero: calls $0.08
*** FLOP *** [Kh 8d 7h]
Hero: checks
39055aac: checks
*** TURN *** [Kh 8d 7h] [6d]
Hero: checks
39055aac: checks
*** RIVER *** [Kh 8d 7h 6d] [Ad]
Hero: bets $0.21
39055aac: folds
Uncalled bet ($0.21) returned to Hero
*** SHOWDOWN ***
Hero collected $0.27 from pot
*** SUMMARY ***
Total pot $0.28 | Rake $0.01 | Jackpot $0 | Bingo $0 | Fortune $0
Board [Kh 8d 7h 6d Ad]
Seat 1: e5e9b0c3 (small blind) folded before Flop
Seat 3: Hero (big blind) won ($0.27)
Seat 4: e732e02b folded before Flop (didn't bet)
Seat 6: 39055aac (button) folded on the River


