Poker Hand #HD1200581005: Hold'em No Limit  ($0.02/$0.05) - 2023/04/12 20:53:14
Table 'NLHBlue3' 6-max Seat #1 is the button
Seat 1: Hero ($5.4 in chips)
Seat 3: 64921d19 ($5.46 in chips)
Seat 6: f9be1d43 ($5.17 in chips)
64921d19: posts small blind $0.02
f9be1d43: posts big blind $0.05
*** HOLE CARDS ***
Dealt to Hero [Jd 7h]
Dealt to 64921d19 
Dealt to f9be1d43 
Hero: folds
64921d19: folds
Uncalled bet ($0.03) returned to f9be1d43
*** SHOWDOWN ***
f9be1d43 collected $0.04 from pot
*** SUMMARY ***
Total pot $0.04 | Rake $0 | Jackpot $0 | Bingo $0 | Fortune $0
Seat 1: Hero (button) folded before Flop (didn't bet)
Seat 3: 64921d19 (small blind) folded before Flop
Seat 6: f9be1d43 (big blind) collected ($0.04)


Poker Hand #HD1200580996: Hold'em No Limit  ($0.02/$0.05) - 2023/04/12 20:53:07
Table 'NLHBlue3' 6-max Seat #6 is the button
Seat 1: Hero ($5.42 in chips)
Seat 3: 64921d19 ($5.44 in chips)
Seat 6: f9be1d43 ($5.17 in chips)
Hero: posts small blind $0.02
64921d19: posts big blind $0.05
*** HOLE CARDS ***
Dealt to Hero [2c Th]
Dealt to 64921d19 
Dealt to f9be1d43 
f9be1d43: folds
Hero: folds
Uncalled bet ($0.03) returned to 64921d19
*** SHOWDOWN ***
64921d19 collected $0.04 from pot
*** SUMMARY ***
Total pot $0.04 | Rake $0 | Jackpot $0 | Bingo $0 | Fortune $0
Seat 1: Hero (small blind) folded before Flop
Seat 3: 64921d19 (big blind) collected ($0.04)
Seat 6: f9be1d43 (button) folded before Flop (didn't bet)


Poker Hand #HD1200580980: Hold'em No Limit  ($0.02/$0.05) - 2023/04/12 20:52:54
Table 'NLHBlue3' 6-max Seat #3 is the button
Seat 1: Hero ($5.47 in chips)
Seat 3: 64921d19 ($5.37 in chips)
Seat 6: f9be1d43 ($5.19 in chips)
f9be1d43: posts small blind $0.02
Hero: posts big blind $0.05
*** HOLE CARDS ***
Dealt to Hero [6d 4h]
Dealt to 64921d19 
Dealt to f9be1d43 
64921d19: raises $0.05 to $0.1
f9be1d43: folds
Hero: folds
Uncalled bet ($0.05) returned to 64921d19
*** SHOWDOWN ***
64921d19 collected $0.12 from pot
*** SUMMARY ***
Total pot $0.12 | Rake $0 | Jackpot $0 | Bingo $0 | Fortune $0
Seat 1: Hero (big blind) folded before Flop
Seat 3: 64921d19 (button) collected ($0.12)
Seat 6: f9be1d43 (small blind) folded before Flop


Poker Hand #HD1200580945: Hold'em No Limit  ($0.02/$0.05) - 2023/04/12 20:52:35
Table 'NLHBlue3' 6-max Seat #1 is the button
Seat 1: Hero ($5.34 in chips)
Seat 3: 64921d19 ($5.39 in chips)
Seat 6: f9be1d43 ($5.31 in chips)
64921d19: posts small blind $0.02
f9be1d43: posts big blind $0.05
*** HOLE CARDS ***
Dealt to Hero [Kd Jd]
Dealt to 64921d19 
Dealt to f9be1d43 
Hero: raises $0.07 to $0.12
64921d19: folds
f9be1d43: calls $0.07
*** FLOP *** [6s Kc 4d]
f9be1d43: checks
Hero: bets $0.1
f9be1d43: folds
Uncalled bet ($0.1) returned to Hero
*** SHOWDOWN ***
Hero collected $0.25 from pot
*** SUMMARY ***
Total pot $0.26 | Rake $0.01 | Jackpot $0 | Bingo $0 | Fortune $0
Board [6s Kc 4d]
Seat 1: Hero (button) won ($0.25)
Seat 3: 64921d19 (small blind) folded before Flop
Seat 6: f9be1d43 (big blind) folded on the Flop


Poker Hand #HD1200580930: Hold'em No Limit  ($0.02/$0.05) - 2023/04/12 20:52:25
Table 'NLHBlue3' 6-max Seat #6 is the button
Seat 1: Hero ($5.36 in chips)
Seat 3: 64921d19 ($5.37 in chips)
Seat 6: f9be1d43 ($5.31 in chips)
Hero: posts small blind $0.02
64921d19: posts big blind $0.05
*** HOLE CARDS ***
Dealt to Hero [5d Kh]
Dealt to 64921d19 
Dealt to f9be1d43 
f9be1d43: folds
Hero: folds
Uncalled bet ($0.03) returned to 64921d19
*** SHOWDOWN ***
64921d19 collected $0.04 from pot
*** SUMMARY ***
Total pot $0.04 | Rake $0 | Jackpot $0 | Bingo $0 | Fortune $0
Seat 1: Hero (small blind) folded before Flop
Seat 3: 64921d19 (big blind) collected ($0.04)
Seat 6: f9be1d43 (button) folded before Flop (didn't bet)


Poker Hand #HD1200580907: Hold'em No Limit  ($0.02/$0.05) - 2023/04/12 20:52:13
Table 'NLHBlue3' 6-max Seat #4 is the button
Seat 1: Hero ($5.41 in chips)
Seat 3: 64921d19 ($5.3 in chips)
Seat 4: 63ffd900 ($4.98 in chips)
Seat 6: f9be1d43 ($5.33 in chips)
f9be1d43: posts small blind $0.02
Hero: posts big blind $0.05
*** HOLE CARDS ***
Dealt to Hero [7s 4c]
Dealt to 64921d19 
Dealt to 63ffd900 
Dealt to f9be1d43 
64921d19: raises $0.06 to $0.11
63ffd900: folds
f9be1d43: folds
Hero: folds
Uncalled bet ($0.06) returned to 64921d19
*** SHOWDOWN ***
64921d19 collected $0.12 from pot
*** SUMMARY ***
Total pot $0.12 | Rake $0 | Jackpot $0 | Bingo $0 | Fortune $0
Seat 1: Hero (big blind) folded before Flop
Seat 3: 64921d19 collected ($0.12)
Seat 4: 63ffd900 (button) folded before Flop (didn't bet)
Seat 6: f9be1d43 (small blind) folded before Flop


Poker Hand #HD1200580879: Hold'em No Limit  ($0.02/$0.05) - 2023/04/12 20:51:51
Table 'NLHBlue3' 6-max Seat #3 is the button
Seat 1: Hero ($5.41 in chips)
Seat 3: 64921d19 ($5.3 in chips)
Seat 4: 63ffd900 ($5 in chips)
Seat 6: f9be1d43 ($5.31 in chips)
63ffd900: posts small blind $0.02
f9be1d43: posts big blind $0.05
*** HOLE CARDS ***
Dealt to Hero [4h Th]
Dealt to 64921d19 
Dealt to 63ffd900 
Dealt to f9be1d43 
Hero: folds
64921d19: folds
63ffd900: folds
Uncalled bet ($0.03) returned to f9be1d43
*** SHOWDOWN ***
f9be1d43 collected $0.04 from pot
*** SUMMARY ***
Total pot $0.04 | Rake $0 | Jackpot $0 | Bingo $0 | Fortune $0
Seat 1: Hero folded before Flop (didn't bet)
Seat 3: 64921d19 (button) folded before Flop (didn't bet)
Seat 4: 63ffd900 (small blind) folded before Flop
Seat 6: f9be1d43 (big blind) collected ($0.04)


Poker Hand #HD1200580787: Hold'em No Limit  ($0.02/$0.05) - 2023/04/12 20:50:53
Table 'NLHBlue3' 6-max Seat #1 is the button
Seat 1: Hero ($5.41 in chips)
Seat 2: 7a0a0198 ($8.05 in chips)
Seat 3: 64921d19 ($5 in chips)
Seat 4: 63ffd900 ($5 in chips)
Seat 5: 16721658 ($5.15 in chips)
Seat 6: f9be1d43 ($5.31 in chips)
7a0a0198: posts small blind $0.02
64921d19: posts big blind $0.05
*** HOLE CARDS ***
Dealt to Hero [3d 2h]
Dealt to 7a0a0198 
Dealt to 64921d19 
Dealt to 63ffd900 
Dealt to 16721658 
Dealt to f9be1d43 
63ffd900: raises $0.1 to $0.15
16721658: folds
f9be1d43: folds
Hero: folds
7a0a0198: folds
64921d19: calls $0.1
*** FLOP *** [Td 7s 8c]
64921d19: bets $0.16
63ffd900: calls $0.16
*** TURN *** [Td 7s 8c] [3h]
64921d19: bets $0.32
63ffd900: folds
Uncalled bet ($0.32) returned to 64921d19
*** SHOWDOWN ***
64921d19 collected $0.61 from pot
*** SUMMARY ***
Total pot $0.64 | Rake $0.03 | Jackpot $0 | Bingo $0 | Fortune $0
Board [Td 7s 8c 3h]
Seat 1: Hero (button) folded before Flop (didn't bet)
Seat 2: 7a0a0198 (small blind) folded before Flop
Seat 3: 64921d19 (big blind) won ($0.61)
Seat 4: 63ffd900 folded on the Turn
Seat 5: 16721658 folded before Flop (didn't bet)
Seat 6: f9be1d43 folded before Flop (didn't bet)


Poker Hand #HD1200580732: Hold'em No Limit  ($0.02/$0.05) - 2023/04/12 20:50:20
Table 'NLHBlue3' 6-max Seat #6 is the button
Seat 1: Hero ($5.43 in chips)
Seat 2: 7a0a0198 ($8.1 in chips)
Seat 3: 64921d19 ($5 in chips)
Seat 4: 63ffd900 ($5 in chips)
Seat 5: 16721658 ($5.15 in chips)
Seat 6: f9be1d43 ($5.24 in chips)
Hero: posts small blind $0.02
7a0a0198: posts big blind $0.05
*** HOLE CARDS ***
Dealt to Hero [Ac 8h]
Dealt to 7a0a0198 
Dealt to 64921d19 
Dealt to 63ffd900 
Dealt to 16721658 
Dealt to f9be1d43 
64921d19: folds
63ffd900: folds
16721658: folds
f9be1d43: raises $0.1 to $0.15
Hero: folds
7a0a0198: folds
Uncalled bet ($0.1) returned to f9be1d43
*** SHOWDOWN ***
f9be1d43 collected $0.12 from pot
*** SUMMARY ***
Total pot $0.12 | Rake $0 | Jackpot $0 | Bingo $0 | Fortune $0
Seat 1: Hero (small blind) folded before Flop
Seat 2: 7a0a0198 (big blind) folded before Flop
Seat 3: 64921d19 folded before Flop (didn't bet)
Seat 4: 63ffd900 folded before Flop (didn't bet)
Seat 5: 16721658 folded before Flop (didn't bet)
Seat 6: f9be1d43 (button) collected ($0.12)


Poker Hand #HD1200580652: Hold'em No Limit  ($0.02/$0.05) - 2023/04/12 20:49:33
Table 'NLHBlue3' 6-max Seat #5 is the button
Seat 1: Hero ($5.13 in chips)
Seat 2: 7a0a0198 ($8.1 in chips)
Seat 3: 64921d19 ($5 in chips)
Seat 4: 63ffd900 ($5.07 in chips)
Seat 5: 16721658 ($5.15 in chips)
Seat 6: f9be1d43 ($5.26 in chips)
f9be1d43: posts small blind $0.02
Hero: posts big blind $0.05
*** HOLE CARDS ***
Dealt to Hero [9h Td]
Dealt to 7a0a0198 
Dealt to 64921d19 
Dealt to 63ffd900 
Dealt to 16721658 
Dealt to f9be1d43 
7a0a0198: folds
64921d19: folds
63ffd900: raises $0.1 to $0.15
16721658: folds
f9be1d43: folds
Hero: calls $0.1
*** FLOP *** [9s 8d Jd]
Hero: bets $0.16
63ffd900: calls $0.16
*** TURN *** [9s 8d Jd] [9d]
Hero: bets $0.48
63ffd900: folds
Uncalled bet ($0.48) returned to Hero
Hero: shows [9h Td] (Three Nines)
*** SHOWDOWN ***
Hero collected $0.61 from pot
*** SUMMARY ***
Total pot $0.64 | Rake $0.03 | Jackpot $0 | Bingo $0 | Fortune $0
Board [9s 8d Jd 9d]
Seat 1: Hero (big blind) showed [9h Td] and won ($0.61) with Three Nines
Seat 2: 7a0a0198 folded before Flop (didn't bet)
Seat 3: 64921d19 folded before Flop (didn't bet)
Seat 4: 63ffd900 folded on the Turn
Seat 5: 16721658 (button) folded before Flop (didn't bet)
Seat 6: f9be1d43 (small blind) folded before Flop


Poker Hand #HD1200580571: Hold'em No Limit  ($0.02/$0.05) - 2023/04/12 20:48:43
Table 'NLHBlue3' 6-max Seat #4 is the button
Seat 1: Hero ($5.13 in chips)
Seat 2: 7a0a0198 ($8.1 in chips)
Seat 3: 64921d19 ($5 in chips)
Seat 4: 63ffd900 ($5.07 in chips)
Seat 5: 16721658 ($5.17 in chips)
Seat 6: f9be1d43 ($5.07 in chips)
16721658: posts small blind $0.02
f9be1d43: posts big blind $0.05
*** HOLE CARDS ***
Dealt to Hero [Td 8h]
Dealt to 7a0a0198 
Dealt to 64921d19 
Dealt to 63ffd900 
Dealt to 16721658 
Dealt to f9be1d43 
Hero: folds
7a0a0198: folds
64921d19: raises $0.06 to $0.11
63ffd900: folds
16721658: folds
f9be1d43: calls $0.06
*** FLOP *** [4d Qc As]
f9be1d43: checks
64921d19: checks
*** TURN *** [4d Qc As] [Jc]
f9be1d43: bets $0.08
64921d19: calls $0.08
*** RIVER *** [4d Qc As Jc] [6h]
f9be1d43: bets $0.14
64921d19: folds
Uncalled bet ($0.14) returned to f9be1d43
*** SHOWDOWN ***
f9be1d43 collected $0.38 from pot
*** SUMMARY ***
Total pot $0.4 | Rake $0.02 | Jackpot $0 | Bingo $0 | Fortune $0
Board [4d Qc As Jc 6h]
Seat 1: Hero folded before Flop (didn't bet)
Seat 2: 7a0a0198 folded before Flop (didn't bet)
Seat 3: 64921d19 folded on the River
Seat 4: 63ffd900 (button) folded before Flop (didn't bet)
Seat 5: 16721658 (small blind) folded before Flop
Seat 6: f9be1d43 (big blind) won ($0.38)


Poker Hand #HD1200580481: Hold'em No Limit  ($0.02/$0.05) - 2023/04/12 20:47:44
Table 'NLHBlue3' 6-max Seat #3 is the button
Seat 1: Hero ($5.13 in chips)
Seat 2: 7a0a0198 ($8.1 in chips)
Seat 3: 64921d19 ($5.04 in chips)
Seat 4: 63ffd900 ($5.09 in chips)
Seat 5: 16721658 ($5.05 in chips)
Seat 6: f9be1d43 ($5.07 in chips)
63ffd900: posts small blind $0.02
16721658: posts big blind $0.05
*** HOLE CARDS ***
Dealt to Hero [Js 4c]
Dealt to 7a0a0198 
Dealt to 64921d19 
Dealt to 63ffd900 
Dealt to 16721658 
Dealt to f9be1d43 
f9be1d43: folds
Hero: folds
7a0a0198: folds
64921d19: raises $0.06 to $0.11
63ffd900: folds
16721658: calls $0.06
*** FLOP *** [Kd 8c 6s]
16721658: checks
64921d19: checks
*** TURN *** [Kd 8c 6s] [9h]
16721658: bets $0.1
64921d19: folds
Uncalled bet ($0.1) returned to 16721658
*** SHOWDOWN ***
16721658 collected $0.23 from pot
*** SUMMARY ***
Total pot $0.24 | Rake $0.01 | Jackpot $0 | Bingo $0 | Fortune $0
Board [Kd 8c 6s 9h]
Seat 1: Hero folded before Flop (didn't bet)
Seat 2: 7a0a0198 folded before Flop (didn't bet)
Seat 3: 64921d19 (button) folded on the Turn
Seat 4: 63ffd900 (small blind) folded before Flop
Seat 5: 16721658 (big blind) won ($0.23)
Seat 6: f9be1d43 folded before Flop (didn't bet)


Poker Hand #HD1200580399: Hold'em No Limit  ($0.02/$0.05) - 2023/04/12 20:46:47
Table 'NLHBlue3' 6-max Seat #2 is the button
Seat 1: Hero ($5 in chips)
Seat 2: 7a0a0198 ($8.1 in chips)
Seat 3: 64921d19 ($5.06 in chips)
Seat 4: 63ffd900 ($5.21 in chips)
Seat 5: 16721658 ($5.05 in chips)
Seat 6: f9be1d43 ($5.07 in chips)
64921d19: posts small blind $0.02
63ffd900: posts big blind $0.05
*** HOLE CARDS ***
Dealt to Hero [Kd Jh]
Dealt to 7a0a0198 
Dealt to 64921d19 
Dealt to 63ffd900 
Dealt to 16721658 
Dealt to f9be1d43 
16721658: folds
f9be1d43: folds
Hero: raises $0.07 to $0.12
7a0a0198: folds
64921d19: folds
63ffd900: calls $0.07
*** FLOP *** [5d Ac Jd]
63ffd900: checks
Hero: bets $0.1
63ffd900: folds
Uncalled bet ($0.1) returned to Hero
*** SHOWDOWN ***
Hero collected $0.25 from pot
*** SUMMARY ***
Total pot $0.26 | Rake $0.01 | Jackpot $0 | Bingo $0 | Fortune $0
Board [5d Ac Jd]
Seat 1: Hero won ($0.25)
Seat 2: 7a0a0198 (button) folded before Flop (didn't bet)
Seat 3: 64921d19 (small blind) folded before Flop
Seat 4: 63ffd900 (big blind) folded on the Flop
Seat 5: 16721658 folded before Flop (didn't bet)
Seat 6: f9be1d43 folded before Flop (didn't bet)


Poker Hand #HD1200580355: Hold'em No Limit  ($0.02/$0.05) - 2023/04/12 20:46:24
Table 'NLHBlue3' 6-max Seat #1 is the button
Seat 1: Hero ($5 in chips)
Seat 2: 7a0a0198 ($8.12 in chips)
Seat 3: 64921d19 ($5.11 in chips)
Seat 4: 63ffd900 ($5.21 in chips)
Seat 5: 16721658 ($5.05 in chips)
Seat 6: f9be1d43 ($5 in chips)
7a0a0198: posts small blind $0.02
64921d19: posts big blind $0.05
*** HOLE CARDS ***
Dealt to Hero [4d 8h]
Dealt to 7a0a0198 
Dealt to 64921d19 
Dealt to 63ffd900 
Dealt to 16721658 
Dealt to f9be1d43 
63ffd900: folds
16721658: folds
f9be1d43: raises $0.08 to $0.13
Hero: folds
7a0a0198: folds
64921d19: folds
Uncalled bet ($0.08) returned to f9be1d43
*** SHOWDOWN ***
f9be1d43 collected $0.12 from pot
*** SUMMARY ***
Total pot $0.12 | Rake $0 | Jackpot $0 | Bingo $0 | Fortune $0
Seat 1: Hero (button) folded before Flop (didn't bet)
Seat 2: 7a0a0198 (small blind) folded before Flop
Seat 3: 64921d19 (big blind) folded before Flop
Seat 4: 63ffd900 folded before Flop (didn't bet)
Seat 5: 16721658 folded before Flop (didn't bet)
Seat 6: f9be1d43 collected ($0.12)


Poker Hand #HD1200580320: Hold'em No Limit  ($0.02/$0.05) - 2023/04/12 20:46:01
Table 'NLHBlue3' 6-max Seat #6 is the button
Seat 1: Hero ($5 in chips)
Seat 2: 7a0a0198 ($8.17 in chips)
Seat 3: 64921d19 ($5.11 in chips)
Seat 4: 63ffd900 ($5.14 in chips)
Seat 5: 16721658 ($5.05 in chips)
Seat 6: f9be1d43 ($5 in chips)
Hero: posts small blind $0.02
7a0a0198: posts big blind $0.05
*** HOLE CARDS ***
Dealt to Hero [5c Tc]
Dealt to 7a0a0198 
Dealt to 64921d19 
Dealt to 63ffd900 
Dealt to 16721658 
Dealt to f9be1d43 
64921d19: folds
63ffd900: raises $0.1 to $0.15
16721658: folds
f9be1d43: folds
Hero: folds
7a0a0198: folds
Uncalled bet ($0.1) returned to 63ffd900
*** SHOWDOWN ***
63ffd900 collected $0.12 from pot
*** SUMMARY ***
Total pot $0.12 | Rake $0 | Jackpot $0 | Bingo $0 | Fortune $0
Seat 1: Hero (small blind) folded before Flop
Seat 2: 7a0a0198 (big blind) folded before Flop
Seat 3: 64921d19 folded before Flop (didn't bet)
Seat 4: 63ffd900 collected ($0.12)
Seat 5: 16721658 folded before Flop (didn't bet)
Seat 6: f9be1d43 (button) folded before Flop (didn't bet)


Poker Hand #HD1200580297: Hold'em No Limit  ($0.02/$0.05) - 2023/04/12 20:45:46
Table 'NLHBlue3' 6-max Seat #5 is the button
Seat 1: Hero ($5 in chips)
Seat 2: 7a0a0198 ($8.17 in chips)
Seat 3: 64921d19 ($5.11 in chips)
Seat 4: 63ffd900 ($5.07 in chips)
Seat 5: 16721658 ($5.05 in chips)
Seat 6: f9be1d43 ($5 in chips)
f9be1d43: posts small blind $0.02
Hero: posts big blind $0.05
*** HOLE CARDS ***
Dealt to Hero [9s 4s]
Dealt to 7a0a0198 
Dealt to 64921d19 
Dealt to 63ffd900 
Dealt to 16721658 
Dealt to f9be1d43 
7a0a0198: folds
64921d19: folds
63ffd900: raises $0.1 to $0.15
16721658: folds
f9be1d43: folds
Hero: folds
Uncalled bet ($0.1) returned to 63ffd900
*** SHOWDOWN ***
63ffd900 collected $0.12 from pot
*** SUMMARY ***
Total pot $0.12 | Rake $0 | Jackpot $0 | Bingo $0 | Fortune $0
Seat 1: Hero (big blind) folded before Flop
Seat 2: 7a0a0198 folded before Flop (didn't bet)
Seat 3: 64921d19 folded before Flop (didn't bet)
Seat 4: 63ffd900 collected ($0.12)
Seat 5: 16721658 (button) folded before Flop (didn't bet)
Seat 6: f9be1d43 (small blind) folded before Flop


