Poker Hand #HD1176609558: Hold'em No Limit  ($0.02/$0.05) - 2023/03/26 13:00:51
Table 'NLHBlue62' 6-max Seat #6 is the button
Seat 1: 1b953f1d ($5.04 in chips)
Seat 2: c82b3a15 ($5 in chips)
Seat 3: Hero ($6.09 in chips)
Seat 4: 2a65d567 ($10.36 in chips)
Seat 5: 8313eab3 ($3 in chips)
Seat 6: dfeb8366 ($4.46 in chips)
1b953f1d: posts small blind $0.02
c82b3a15: posts big blind $0.05
*** HOLE CARDS ***
Dealt to 1b953f1d 
Dealt to c82b3a15 
Dealt to Hero [6h 6c]
Dealt to 2a65d567 
Dealt to 8313eab3 
Dealt to dfeb8366 
Hero: raises $0.07 to $0.12
2a65d567: folds
8313eab3: folds
dfeb8366: folds
1b953f1d: raises $0.38 to $0.5
c82b3a15: folds
Hero: folds
Uncalled bet ($0.38) returned to 1b953f1d
*** SHOWDOWN ***
1b953f1d collected $0.28 from pot
*** SUMMARY ***
Total pot $0.29 | Rake $0.01 | Jackpot $0 | Bingo $0 | Fortune $0
Seat 1: 1b953f1d (small blind) collected ($0.28)
Seat 2: c82b3a15 (big blind) folded before Flop
Seat 3: Hero folded before Flop
Seat 4: 2a65d567 folded before Flop (didn't bet)
Seat 5: 8313eab3 folded before Flop (didn't bet)
Seat 6: dfeb8366 (button) folded before Flop (didn't bet)


Poker Hand #HD1176609517: Hold'em No Limit  ($0.02/$0.05) - 2023/03/26 13:00:38
Table 'NLHBlue62' 6-max Seat #5 is the button
Seat 1: 1b953f1d ($5.09 in chips)
Seat 3: Hero ($6.02 in chips)
Seat 4: 2a65d567 ($10.36 in chips)
Seat 5: 8313eab3 ($3 in chips)
Seat 6: dfeb8366 ($4.48 in chips)
dfeb8366: posts small blind $0.02
1b953f1d: posts big blind $0.05
*** HOLE CARDS ***
Dealt to 1b953f1d 
Dealt to Hero [Qs Ac]
Dealt to 2a65d567 
Dealt to 8313eab3 
Dealt to dfeb8366 
Hero: raises $0.07 to $0.12
2a65d567: folds
8313eab3: folds
dfeb8366: folds
1b953f1d: folds
Uncalled bet ($0.07) returned to Hero
*** SHOWDOWN ***
Hero collected $0.12 from pot
*** SUMMARY ***
Total pot $0.12 | Rake $0 | Jackpot $0 | Bingo $0 | Fortune $0
Seat 1: 1b953f1d (big blind) folded before Flop
Seat 3: Hero collected ($0.12)
Seat 4: 2a65d567 folded before Flop (didn't bet)
Seat 5: 8313eab3 (button) folded before Flop (didn't bet)
Seat 6: dfeb8366 (small blind) folded before Flop


Poker Hand #HD1176609428: Hold'em No Limit  ($0.02/$0.05) - 2023/03/26 12:59:50
Table 'NLHBlue62' 6-max Seat #4 is the button
Seat 1: 1b953f1d ($5.09 in chips)
Seat 3: Hero ($6.02 in chips)
Seat 4: 2a65d567 ($10.36 in chips)
Seat 5: 8313eab3 ($3.06 in chips)
Seat 6: dfeb8366 ($4.3 in chips)
8313eab3: posts small blind $0.02
dfeb8366: posts big blind $0.05
*** HOLE CARDS ***
Dealt to 1b953f1d 
Dealt to Hero [6h 9d]
Dealt to 2a65d567 
Dealt to 8313eab3 
Dealt to dfeb8366 
1b953f1d: folds
Hero: folds
2a65d567: folds
8313eab3: raises $0.05 to $0.1
dfeb8366: calls $0.05
*** FLOP *** [7h Ah 8h]
8313eab3: bets $0.1
dfeb8366: calls $0.1
*** TURN *** [7h Ah 8h] [As]
8313eab3: checks
dfeb8366: bets $0.2
8313eab3: folds
Uncalled bet ($0.2) returned to dfeb8366
*** SHOWDOWN ***
dfeb8366 collected $0.38 from pot
*** SUMMARY ***
Total pot $0.4 | Rake $0.02 | Jackpot $0 | Bingo $0 | Fortune $0
Board [7h Ah 8h As]
Seat 1: 1b953f1d folded before Flop (didn't bet)
Seat 3: Hero folded before Flop (didn't bet)
Seat 4: 2a65d567 (button) folded before Flop (didn't bet)
Seat 5: 8313eab3 (small blind) folded on the Turn
Seat 6: dfeb8366 (big blind) won ($0.38)


Poker Hand #HD1176609408: Hold'em No Limit  ($0.02/$0.05) - 2023/03/26 12:59:42
Table 'NLHBlue62' 6-max Seat #3 is the button
Seat 1: 1b953f1d ($5.09 in chips)
Seat 3: Hero ($6.02 in chips)
Seat 4: 2a65d567 ($10.38 in chips)
Seat 5: 8313eab3 ($3.04 in chips)
2a65d567: posts small blind $0.02
8313eab3: posts big blind $0.05
*** HOLE CARDS ***
Dealt to 1b953f1d 
Dealt to Hero [Kh 4c]
Dealt to 2a65d567 
Dealt to 8313eab3 
1b953f1d: folds
Hero: folds
2a65d567: folds
Uncalled bet ($0.03) returned to 8313eab3
*** SHOWDOWN ***
8313eab3 collected $0.04 from pot
*** SUMMARY ***
Total pot $0.04 | Rake $0 | Jackpot $0 | Bingo $0 | Fortune $0
Seat 1: 1b953f1d folded before Flop (didn't bet)
Seat 3: Hero (button) folded before Flop (didn't bet)
Seat 4: 2a65d567 (small blind) folded before Flop
Seat 5: 8313eab3 (big blind) collected ($0.04)


Poker Hand #HD1176609393: Hold'em No Limit  ($0.02/$0.05) - 2023/03/26 12:59:31
Table 'NLHBlue62' 6-max Seat #1 is the button
Seat 1: 1b953f1d ($5.09 in chips)
Seat 3: Hero ($6.04 in chips)
Seat 4: 2a65d567 ($10.36 in chips)
Seat 5: 8313eab3 ($3.04 in chips)
Hero: posts small blind $0.02
2a65d567: posts big blind $0.05
*** HOLE CARDS ***
Dealt to 1b953f1d 
Dealt to Hero [8d 3d]
Dealt to 2a65d567 
Dealt to 8313eab3 
8313eab3: folds
1b953f1d: folds
Hero: folds
Uncalled bet ($0.03) returned to 2a65d567
*** SHOWDOWN ***
2a65d567 collected $0.04 from pot
*** SUMMARY ***
Total pot $0.04 | Rake $0 | Jackpot $0 | Bingo $0 | Fortune $0
Seat 1: 1b953f1d (button) folded before Flop (didn't bet)
Seat 3: Hero (small blind) folded before Flop
Seat 4: 2a65d567 (big blind) collected ($0.04)
Seat 5: 8313eab3 folded before Flop (didn't bet)


Poker Hand #HD1176609321: Hold'em No Limit  ($0.02/$0.05) - 2023/03/26 12:58:55
Table 'NLHBlue62' 6-max Seat #5 is the button
Seat 1: 1b953f1d ($5.14 in chips)
Seat 3: Hero ($6.04 in chips)
Seat 4: 2a65d567 ($10.29 in chips)
Seat 5: 8313eab3 ($3.04 in chips)
Seat 6: e1df332c ($5 in chips)
e1df332c: posts small blind $0.02
1b953f1d: posts big blind $0.05
*** HOLE CARDS ***
Dealt to 1b953f1d 
Dealt to Hero [7c Ad]
Dealt to 2a65d567 
Dealt to 8313eab3 
Dealt to e1df332c 
Hero: folds
2a65d567: raises $0.1 to $0.15
8313eab3: folds
e1df332c: folds
1b953f1d: folds
Uncalled bet ($0.1) returned to 2a65d567
*** SHOWDOWN ***
2a65d567 collected $0.12 from pot
*** SUMMARY ***
Total pot $0.12 | Rake $0 | Jackpot $0 | Bingo $0 | Fortune $0
Seat 1: 1b953f1d (big blind) folded before Flop
Seat 3: Hero folded before Flop (didn't bet)
Seat 4: 2a65d567 collected ($0.12)
Seat 5: 8313eab3 (button) folded before Flop (didn't bet)
Seat 6: e1df332c (small blind) folded before Flop


Poker Hand #HD1176609253: Hold'em No Limit  ($0.02/$0.05) - 2023/03/26 12:58:17
Table 'NLHBlue62' 6-max Seat #4 is the button
Seat 1: 1b953f1d ($5.14 in chips)
Seat 3: Hero ($5.56 in chips)
Seat 4: 2a65d567 ($10.29 in chips)
Seat 5: 8313eab3 ($3.06 in chips)
Seat 6: e1df332c ($5.07 in chips)
8313eab3: posts small blind $0.02
e1df332c: posts big blind $0.05
*** HOLE CARDS ***
Dealt to 1b953f1d 
Dealt to Hero [Js Jh]
Dealt to 2a65d567 
Dealt to 8313eab3 
Dealt to e1df332c 
1b953f1d: folds
Hero: raises $0.07 to $0.12
2a65d567: folds
8313eab3: folds
e1df332c: calls $0.07
*** FLOP *** [Qd 7c 8d]
e1df332c: bets $0.13
Hero: calls $0.13
*** TURN *** [Qd 7c 8d] [Ts]
e1df332c: bets $0.26
Hero: calls $0.26
*** RIVER *** [Qd 7c 8d Ts] [4h]
e1df332c: checks
Hero: checks
e1df332c: shows [Tc 9c] (Pair of Tens)
Hero: shows [Js Jh] (Pair of Jacks)
*** SHOWDOWN ***
Hero collected $0.99 from pot
*** SUMMARY ***
Total pot $1.04 | Rake $0.05 | Jackpot $0 | Bingo $0 | Fortune $0
Board [Qd 7c 8d Ts 4h]
Seat 1: 1b953f1d folded before Flop (didn't bet)
Seat 3: Hero showed [Js Jh] and won ($0.99) with Pair of Jacks
Seat 4: 2a65d567 (button) folded before Flop (didn't bet)
Seat 5: 8313eab3 (small blind) folded before Flop
Seat 6: e1df332c (big blind) showed [Tc 9c] and lost with Pair of Tens


Poker Hand #HD1176609216: Hold'em No Limit  ($0.02/$0.05) - 2023/03/26 12:57:55
Table 'NLHBlue62' 6-max Seat #3 is the button
Seat 1: 1b953f1d ($5.14 in chips)
Seat 3: Hero ($5.56 in chips)
Seat 4: 2a65d567 ($10.31 in chips)
Seat 5: 8313eab3 ($3.11 in chips)
Seat 6: e1df332c ($5 in chips)
2a65d567: posts small blind $0.02
8313eab3: posts big blind $0.05
*** HOLE CARDS ***
Dealt to 1b953f1d 
Dealt to Hero [4c Th]
Dealt to 2a65d567 
Dealt to 8313eab3 
Dealt to e1df332c 
e1df332c: raises $0.1 to $0.15
1b953f1d: folds
Hero: folds
2a65d567: folds
8313eab3: folds
Uncalled bet ($0.1) returned to e1df332c
*** SHOWDOWN ***
e1df332c collected $0.12 from pot
*** SUMMARY ***
Total pot $0.12 | Rake $0 | Jackpot $0 | Bingo $0 | Fortune $0
Seat 1: 1b953f1d folded before Flop (didn't bet)
Seat 3: Hero (button) folded before Flop (didn't bet)
Seat 4: 2a65d567 (small blind) folded before Flop
Seat 5: 8313eab3 (big blind) folded before Flop
Seat 6: e1df332c collected ($0.12)


Poker Hand #HD1176609141: Hold'em No Limit  ($0.02/$0.05) - 2023/03/26 12:57:14
Table 'NLHBlue62' 6-max Seat #1 is the button
Seat 1: 1b953f1d ($5.14 in chips)
Seat 3: Hero ($5.58 in chips)
Seat 4: 2a65d567 ($10.01 in chips)
Seat 5: 8313eab3 ($3.11 in chips)
Seat 6: e1df332c ($4.98 in chips)
Hero: posts small blind $0.02
2a65d567: posts big blind $0.05
*** HOLE CARDS ***
Dealt to 1b953f1d 
Dealt to Hero [6h 2d]
Dealt to 2a65d567 
Dealt to 8313eab3 
Dealt to e1df332c 
8313eab3: folds
e1df332c: raises $0.1 to $0.15
1b953f1d: folds
Hero: folds
2a65d567: calls $0.1
*** FLOP *** [7h 9h 4c]
2a65d567: checks
e1df332c: checks
*** TURN *** [7h 9h 4c] [Ah]
2a65d567: checks
e1df332c: bets $0.16
2a65d567: calls $0.16
*** RIVER *** [7h 9h 4c Ah] [2c]
2a65d567: checks
e1df332c: checks
2a65d567: shows [4s As] (Pair of Aces and Pair of Fours)
e1df332c: shows [Qs Ad] (Pair of Aces)
*** SHOWDOWN ***
2a65d567 collected $0.61 from pot
*** SUMMARY ***
Total pot $0.64 | Rake $0.03 | Jackpot $0 | Bingo $0 | Fortune $0
Board [7h 9h 4c Ah 2c]
Seat 1: 1b953f1d (button) folded before Flop (didn't bet)
Seat 3: Hero (small blind) folded before Flop
Seat 4: 2a65d567 (big blind) showed [4s As] and won ($0.61) with Pair of Aces and Pair of Fours
Seat 5: 8313eab3 folded before Flop (didn't bet)
Seat 6: e1df332c showed [Qs Ad] and lost with Pair of Aces


Poker Hand #HD1176609127: Hold'em No Limit  ($0.02/$0.05) - 2023/03/26 12:57:06
Table 'NLHBlue62' 6-max Seat #6 is the button
Seat 1: 1b953f1d ($5.16 in chips)
Seat 3: Hero ($5.56 in chips)
Seat 4: 2a65d567 ($10.01 in chips)
Seat 5: 8313eab3 ($3.11 in chips)
Seat 6: e1df332c ($4.98 in chips)
1b953f1d: posts small blind $0.02
Hero: posts big blind $0.05
*** HOLE CARDS ***
Dealt to 1b953f1d 
Dealt to Hero [6d Ac]
Dealt to 2a65d567 
Dealt to 8313eab3 
Dealt to e1df332c 
2a65d567: folds
8313eab3: folds
e1df332c: folds
1b953f1d: folds
Uncalled bet ($0.03) returned to Hero
*** SHOWDOWN ***
Hero collected $0.04 from pot
*** SUMMARY ***
Total pot $0.04 | Rake $0 | Jackpot $0 | Bingo $0 | Fortune $0
Seat 1: 1b953f1d (small blind) folded before Flop
Seat 3: Hero (big blind) collected ($0.04)
Seat 4: 2a65d567 folded before Flop (didn't bet)
Seat 5: 8313eab3 folded before Flop (didn't bet)
Seat 6: e1df332c (button) folded before Flop (didn't bet)


Poker Hand #HD1176609036: Hold'em No Limit  ($0.02/$0.05) - 2023/03/26 12:56:23
Table 'NLHBlue62' 6-max Seat #5 is the button
Seat 1: 1b953f1d ($5 in chips)
Seat 2: 6706913c ($7.08 in chips)
Seat 3: Hero ($5.56 in chips)
Seat 4: 2a65d567 ($10.16 in chips)
Seat 5: 8313eab3 ($3.11 in chips)
Seat 6: e1df332c ($5 in chips)
e1df332c: posts small blind $0.02
1b953f1d: posts big blind $0.05
*** HOLE CARDS ***
Dealt to 1b953f1d 
Dealt to 6706913c 
Dealt to Hero [3c Tc]
Dealt to 2a65d567 
Dealt to 8313eab3 
Dealt to e1df332c 
6706913c: folds
Hero: folds
2a65d567: raises $0.1 to $0.15
8313eab3: folds
e1df332c: folds
1b953f1d: calls $0.1
*** FLOP *** [8s 6h 6c]
1b953f1d: checks
2a65d567: checks
*** TURN *** [8s 6h 6c] [2c]
1b953f1d: checks
2a65d567: checks
*** RIVER *** [8s 6h 6c 2c] [Jc]
1b953f1d: checks
2a65d567: checks
1b953f1d: shows [4s As] (Pair of Sixes)
2a65d567: shows [9s Ts] (Pair of Sixes)
*** SHOWDOWN ***
1b953f1d collected $0.31 from pot
*** SUMMARY ***
Total pot $0.32 | Rake $0.01 | Jackpot $0 | Bingo $0 | Fortune $0
Board [8s 6h 6c 2c Jc]
Seat 1: 1b953f1d (big blind) showed [4s As] and won ($0.31) with Pair of Sixes
Seat 2: 6706913c folded before Flop (didn't bet)
Seat 3: Hero folded before Flop (didn't bet)
Seat 4: 2a65d567 showed [9s Ts] and lost with Pair of Sixes
Seat 5: 8313eab3 (button) folded before Flop (didn't bet)
Seat 6: e1df332c (small blind) folded before Flop


Poker Hand #HD1176608956: Hold'em No Limit  ($0.02/$0.05) - 2023/03/26 12:55:44
Table 'NLHBlue62' 6-max Seat #4 is the button
Seat 1: 1b953f1d ($5 in chips)
Seat 2: 6706913c ($6.77 in chips)
Seat 3: Hero ($5.56 in chips)
Seat 4: 2a65d567 ($10.16 in chips)
Seat 5: 8313eab3 ($3.13 in chips)
Seat 6: e1df332c ($5.08 in chips)
8313eab3: posts small blind $0.02
e1df332c: posts big blind $0.05
*** HOLE CARDS ***
Dealt to 1b953f1d 
Dealt to 6706913c 
Dealt to Hero [5d Qs]
Dealt to 2a65d567 
Dealt to 8313eab3 
Dealt to e1df332c 
1b953f1d: folds
6706913c: raises $0.08 to $0.13
Hero: folds
2a65d567: folds
8313eab3: folds
e1df332c: calls $0.08
*** FLOP *** [2d Ts Ah]
e1df332c: checks
6706913c: bets $0.19
e1df332c: calls $0.19
*** TURN *** [2d Ts Ah] [4h]
e1df332c: checks
6706913c: bets $0.45
e1df332c: folds
Uncalled bet ($0.45) returned to 6706913c
*** SHOWDOWN ***
6706913c collected $0.63 from pot
*** SUMMARY ***
Total pot $0.66 | Rake $0.03 | Jackpot $0 | Bingo $0 | Fortune $0
Board [2d Ts Ah 4h]
Seat 1: 1b953f1d folded before Flop (didn't bet)
Seat 2: 6706913c won ($0.63)
Seat 3: Hero folded before Flop (didn't bet)
Seat 4: 2a65d567 (button) folded before Flop (didn't bet)
Seat 5: 8313eab3 (small blind) folded before Flop
Seat 6: e1df332c (big blind) folded on the Turn


Poker Hand #HD1176608861: Hold'em No Limit  ($0.02/$0.05) - 2023/03/26 12:54:57
Table 'NLHBlue62' 6-max Seat #3 is the button
Seat 1: 1b953f1d ($5 in chips)
Seat 2: 6706913c ($6.63 in chips)
Seat 3: Hero ($5.56 in chips)
Seat 4: 2a65d567 ($10.18 in chips)
Seat 5: 8313eab3 ($3.26 in chips)
Seat 6: e1df332c ($5.08 in chips)
2a65d567: posts small blind $0.02
8313eab3: posts big blind $0.05
*** HOLE CARDS ***
Dealt to 1b953f1d 
Dealt to 6706913c 
Dealt to Hero [9s Js]
Dealt to 2a65d567 
Dealt to 8313eab3 
Dealt to e1df332c 
e1df332c: folds
1b953f1d: folds
6706913c: raises $0.08 to $0.13
Hero: folds
2a65d567: folds
8313eab3: calls $0.08
*** FLOP *** [4d 8s 2c]
8313eab3: checks
6706913c: bets $0.19
8313eab3: folds
Uncalled bet ($0.19) returned to 6706913c
*** SHOWDOWN ***
6706913c collected $0.27 from pot
*** SUMMARY ***
Total pot $0.28 | Rake $0.01 | Jackpot $0 | Bingo $0 | Fortune $0
Board [4d 8s 2c]
Seat 1: 1b953f1d folded before Flop (didn't bet)
Seat 2: 6706913c won ($0.27)
Seat 3: Hero (button) folded before Flop (didn't bet)
Seat 4: 2a65d567 (small blind) folded before Flop
Seat 5: 8313eab3 (big blind) folded on the Flop
Seat 6: e1df332c folded before Flop (didn't bet)


Poker Hand #HD1176608828: Hold'em No Limit  ($0.02/$0.05) - 2023/03/26 12:54:38
Table 'NLHBlue62' 6-max Seat #2 is the button
Seat 1: 1b953f1d ($5 in chips)
Seat 2: 6706913c ($6.63 in chips)
Seat 3: Hero ($5.58 in chips)
Seat 4: 2a65d567 ($10.16 in chips)
Seat 5: 8313eab3 ($3.26 in chips)
Seat 6: e1df332c ($5.08 in chips)
Hero: posts small blind $0.02
2a65d567: posts big blind $0.05
*** HOLE CARDS ***
Dealt to 1b953f1d 
Dealt to 6706913c 
Dealt to Hero [6h Jd]
Dealt to 2a65d567 
Dealt to 8313eab3 
Dealt to e1df332c 
8313eab3: folds
e1df332c: folds
1b953f1d: folds
6706913c: folds
Hero: folds
Uncalled bet ($0.03) returned to 2a65d567
*** SHOWDOWN ***
2a65d567 collected $0.04 from pot
*** SUMMARY ***
Total pot $0.04 | Rake $0 | Jackpot $0 | Bingo $0 | Fortune $0
Seat 1: 1b953f1d folded before Flop (didn't bet)
Seat 2: 6706913c (button) folded before Flop (didn't bet)
Seat 3: Hero (small blind) folded before Flop
Seat 4: 2a65d567 (big blind) collected ($0.04)
Seat 5: 8313eab3 folded before Flop (didn't bet)
Seat 6: e1df332c folded before Flop (didn't bet)


Poker Hand #HD1176608782: Hold'em No Limit  ($0.02/$0.05) - 2023/03/26 12:54:16
Table 'NLHBlue62' 6-max Seat #1 is the button
Seat 1: 1b953f1d ($5 in chips)
Seat 2: 6706913c ($6.65 in chips)
Seat 3: Hero ($5.63 in chips)
Seat 4: 2a65d567 ($9.95 in chips)
Seat 5: 8313eab3 ($3.41 in chips)
Seat 6: e1df332c ($5.08 in chips)
6706913c: posts small blind $0.02
Hero: posts big blind $0.05
*** HOLE CARDS ***
Dealt to 1b953f1d 
Dealt to 6706913c 
Dealt to Hero [5c 3s]
Dealt to 2a65d567 
Dealt to 8313eab3 
Dealt to e1df332c 
2a65d567: raises $0.1 to $0.15
8313eab3: calls $0.15
e1df332c: folds
1b953f1d: folds
6706913c: folds
Hero: folds
*** FLOP *** [4h 2d Ad]
2a65d567: bets $0.2
8313eab3: folds
Uncalled bet ($0.2) returned to 2a65d567
*** SHOWDOWN ***
2a65d567 collected $0.36 from pot
*** SUMMARY ***
Total pot $0.37 | Rake $0.01 | Jackpot $0 | Bingo $0 | Fortune $0
Board [4h 2d Ad]
Seat 1: 1b953f1d (button) folded before Flop (didn't bet)
Seat 2: 6706913c (small blind) folded before Flop
Seat 3: Hero (big blind) folded before Flop
Seat 4: 2a65d567 won ($0.36)
Seat 5: 8313eab3 folded on the Flop
Seat 6: e1df332c folded before Flop (didn't bet)


Poker Hand #HD1176608756: Hold'em No Limit  ($0.02/$0.05) - 2023/03/26 12:54:02
Table 'NLHBlue62' 6-max Seat #6 is the button
Seat 1: 1b953f1d ($5 in chips)
Seat 2: 6706913c ($6.7 in chips)
Seat 3: Hero ($5.63 in chips)
Seat 4: 2a65d567 ($9.95 in chips)
Seat 5: 8313eab3 ($3.41 in chips)
Seat 6: e1df332c ($5.01 in chips)
1b953f1d: posts small blind $0.02
6706913c: posts big blind $0.05
*** HOLE CARDS ***
Dealt to 1b953f1d 
Dealt to 6706913c 
Dealt to Hero [9h 2h]
Dealt to 2a65d567 
Dealt to 8313eab3 
Dealt to e1df332c 
Hero: folds
2a65d567: folds
8313eab3: folds
e1df332c: raises $0.1 to $0.15
1b953f1d: folds
6706913c: folds
Uncalled bet ($0.1) returned to e1df332c
*** SHOWDOWN ***
e1df332c collected $0.12 from pot
*** SUMMARY ***
Total pot $0.12 | Rake $0 | Jackpot $0 | Bingo $0 | Fortune $0
Seat 1: 1b953f1d (small blind) folded before Flop
Seat 2: 6706913c (big blind) folded before Flop
Seat 3: Hero folded before Flop (didn't bet)
Seat 4: 2a65d567 folded before Flop (didn't bet)
Seat 5: 8313eab3 folded before Flop (didn't bet)
Seat 6: e1df332c (button) collected ($0.12)


Poker Hand #HD1176608732: Hold'em No Limit  ($0.02/$0.05) - 2023/03/26 12:53:49
Table 'NLHBlue62' 6-max Seat #5 is the button
Seat 1: 1b953f1d ($5 in chips)
Seat 2: 6706913c ($6.7 in chips)
Seat 3: Hero ($5.63 in chips)
Seat 4: 2a65d567 ($9.95 in chips)
Seat 5: 8313eab3 ($3.41 in chips)
Seat 6: e1df332c ($4.96 in chips)
e1df332c: posts small blind $0.02
1b953f1d: posts big blind $0.05
*** HOLE CARDS ***
Dealt to 1b953f1d 
Dealt to 6706913c 
Dealt to Hero [2c Jh]
Dealt to 2a65d567 
Dealt to 8313eab3 
Dealt to e1df332c 
6706913c: folds
Hero: folds
2a65d567: folds
8313eab3: folds
e1df332c: raises $0.1 to $0.15
1b953f1d: folds
Uncalled bet ($0.1) returned to e1df332c
*** SHOWDOWN ***
e1df332c collected $0.1 from pot
*** SUMMARY ***
Total pot $0.1 | Rake $0 | Jackpot $0 | Bingo $0 | Fortune $0
Seat 1: 1b953f1d (big blind) folded before Flop
Seat 2: 6706913c folded before Flop (didn't bet)
Seat 3: Hero folded before Flop (didn't bet)
Seat 4: 2a65d567 folded before Flop (didn't bet)
Seat 5: 8313eab3 (button) folded before Flop (didn't bet)
Seat 6: e1df332c (small blind) collected ($0.1)


Poker Hand #HD1176608699: Hold'em No Limit  ($0.02/$0.05) - 2023/03/26 12:53:32
Table 'NLHBlue62' 6-max Seat #4 is the button
Seat 1: 1b953f1d ($5 in chips)
Seat 2: 6706913c ($6.63 in chips)
Seat 3: Hero ($5.63 in chips)
Seat 4: 2a65d567 ($9.95 in chips)
Seat 5: 8313eab3 ($3.43 in chips)
Seat 6: e1df332c ($5.01 in chips)
8313eab3: posts small blind $0.02
e1df332c: posts big blind $0.05
*** HOLE CARDS ***
Dealt to 1b953f1d 
Dealt to 6706913c 
Dealt to Hero [5s 2c]
Dealt to 2a65d567 
Dealt to 8313eab3 
Dealt to e1df332c 
1b953f1d: folds
6706913c: raises $0.08 to $0.13
Hero: folds
2a65d567: folds
8313eab3: folds
e1df332c: folds
Uncalled bet ($0.08) returned to 6706913c
*** SHOWDOWN ***
6706913c collected $0.12 from pot
*** SUMMARY ***
Total pot $0.12 | Rake $0 | Jackpot $0 | Bingo $0 | Fortune $0
Seat 1: 1b953f1d folded before Flop (didn't bet)
Seat 2: 6706913c collected ($0.12)
Seat 3: Hero folded before Flop (didn't bet)
Seat 4: 2a65d567 (button) folded before Flop (didn't bet)
Seat 5: 8313eab3 (small blind) folded before Flop
Seat 6: e1df332c (big blind) folded before Flop


Poker Hand #HD1176608626: Hold'em No Limit  ($0.02/$0.05) - 2023/03/26 12:52:53
Table 'NLHBlue62' 6-max Seat #3 is the button
Seat 1: 1b953f1d ($5 in chips)
Seat 2: 6706913c ($6.63 in chips)
Seat 3: Hero ($5.16 in chips)
Seat 4: 2a65d567 ($9.97 in chips)
Seat 5: 8313eab3 ($3.48 in chips)
Seat 6: e1df332c ($5.45 in chips)
2a65d567: posts small blind $0.02
8313eab3: posts big blind $0.05
*** HOLE CARDS ***
Dealt to 1b953f1d 
Dealt to 6706913c 
Dealt to Hero [Th Tc]
Dealt to 2a65d567 
Dealt to 8313eab3 
Dealt to e1df332c 
e1df332c: raises $0.1 to $0.15
1b953f1d: folds
6706913c: folds
Hero: raises $0.29 to $0.44
2a65d567: folds
8313eab3: folds
e1df332c: calls $0.29
*** FLOP *** [8s Jd As]
e1df332c: checks
Hero: bets $0.6
e1df332c: folds
Uncalled bet ($0.6) returned to Hero
*** SHOWDOWN ***
Hero collected $0.91 from pot
*** SUMMARY ***
Total pot $0.95 | Rake $0.04 | Jackpot $0 | Bingo $0 | Fortune $0
Board [8s Jd As]
Seat 1: 1b953f1d folded before Flop (didn't bet)
Seat 2: 6706913c folded before Flop (didn't bet)
Seat 3: Hero (button) won ($0.91)
Seat 4: 2a65d567 (small blind) folded before Flop
Seat 5: 8313eab3 (big blind) folded before Flop
Seat 6: e1df332c folded on the Flop


Poker Hand #HD1176608558: Hold'em No Limit  ($0.02/$0.05) - 2023/03/26 12:52:20
Table 'NLHBlue62' 6-max Seat #2 is the button
Seat 1: 1b953f1d ($5 in chips)
Seat 2: 6706913c ($6.63 in chips)
Seat 3: Hero ($5.02 in chips)
Seat 4: 2a65d567 ($10.02 in chips)
Seat 5: 8313eab3 ($3.48 in chips)
Seat 6: e1df332c ($5.45 in chips)
Hero: posts small blind $0.02
2a65d567: posts big blind $0.05
*** HOLE CARDS ***
Dealt to 1b953f1d 
Dealt to 6706913c 
Dealt to Hero [9d 9h]
Dealt to 2a65d567 
Dealt to 8313eab3 
Dealt to e1df332c 
8313eab3: folds
e1df332c: folds
1b953f1d: raises $0.05 to $0.1
6706913c: folds
Hero: raises $0.38 to $0.48
2a65d567: folds
1b953f1d: folds
Uncalled bet ($0.38) returned to Hero
*** SHOWDOWN ***
Hero collected $0.24 from pot
*** SUMMARY ***
Total pot $0.25 | Rake $0.01 | Jackpot $0 | Bingo $0 | Fortune $0
Seat 1: 1b953f1d folded before Flop
Seat 2: 6706913c (button) folded before Flop (didn't bet)
Seat 3: Hero (small blind) collected ($0.24)
Seat 4: 2a65d567 (big blind) folded before Flop
Seat 5: 8313eab3 folded before Flop (didn't bet)
Seat 6: e1df332c folded before Flop (didn't bet)


Poker Hand #HD1176608442: Hold'em No Limit  ($0.02/$0.05) - 2023/03/26 12:51:18
Table 'NLHBlue62' 6-max Seat #1 is the button
Seat 1: 1b953f1d ($5 in chips)
Seat 2: 6706913c ($6.65 in chips)
Seat 3: Hero ($5.07 in chips)
Seat 4: 2a65d567 ($10.36 in chips)
Seat 5: 8313eab3 ($3.48 in chips)
Seat 6: e1df332c ($5.07 in chips)
6706913c: posts small blind $0.02
Hero: posts big blind $0.05
*** HOLE CARDS ***
Dealt to 1b953f1d 
Dealt to 6706913c 
Dealt to Hero [7c As]
Dealt to 2a65d567 
Dealt to 8313eab3 
Dealt to e1df332c 
2a65d567: raises $0.1 to $0.15
8313eab3: folds
e1df332c: calls $0.15
1b953f1d: folds
6706913c: folds
Hero: folds
*** FLOP *** [Tc 4h 6d]
2a65d567: checks
e1df332c: bets $0.19
2a65d567: calls $0.19
*** TURN *** [Tc 4h 6d] [8c]
2a65d567: checks
e1df332c: checks
*** RIVER *** [Tc 4h 6d 8c] [8h]
2a65d567: checks
e1df332c: checks
2a65d567: shows [Jh Ah] (Pair of Eights)
e1df332c: shows [7d 6s] (Pair of Eights and Pair of Sixes)
*** SHOWDOWN ***
e1df332c collected $0.72 from pot
*** SUMMARY ***
Total pot $0.75 | Rake $0.03 | Jackpot $0 | Bingo $0 | Fortune $0
Board [Tc 4h 6d 8c 8h]
Seat 1: 1b953f1d (button) folded before Flop (didn't bet)
Seat 2: 6706913c (small blind) folded before Flop
Seat 3: Hero (big blind) folded before Flop
Seat 4: 2a65d567 showed [Jh Ah] and lost with Pair of Eights
Seat 5: 8313eab3 folded before Flop (didn't bet)
Seat 6: e1df332c showed [7d 6s] and won ($0.72) with Pair of Eights and Pair of Sixes


Poker Hand #HD1176608400: Hold'em No Limit  ($0.02/$0.05) - 2023/03/26 12:50:56
Table 'NLHBlue62' 6-max Seat #6 is the button
Seat 1: 1b953f1d ($5.02 in chips)
Seat 2: 6706913c ($6.63 in chips)
Seat 3: Hero ($5.07 in chips)
Seat 4: 2a65d567 ($10.36 in chips)
Seat 5: 8313eab3 ($3.48 in chips)
Seat 6: e1df332c ($5.07 in chips)
1b953f1d: posts small blind $0.02
6706913c: posts big blind $0.05
*** HOLE CARDS ***
Dealt to 1b953f1d 
Dealt to 6706913c 
Dealt to Hero [7d 5d]
Dealt to 2a65d567 
Dealt to 8313eab3 
Dealt to e1df332c 
Hero: folds
2a65d567: folds
8313eab3: folds
e1df332c: folds
1b953f1d: folds
Uncalled bet ($0.03) returned to 6706913c
*** SHOWDOWN ***
6706913c collected $0.04 from pot
*** SUMMARY ***
Total pot $0.04 | Rake $0 | Jackpot $0 | Bingo $0 | Fortune $0
Seat 1: 1b953f1d (small blind) folded before Flop
Seat 2: 6706913c (big blind) collected ($0.04)
Seat 3: Hero folded before Flop (didn't bet)
Seat 4: 2a65d567 folded before Flop (didn't bet)
Seat 5: 8313eab3 folded before Flop (didn't bet)
Seat 6: e1df332c (button) folded before Flop (didn't bet)


Poker Hand #HD1176608367: Hold'em No Limit  ($0.02/$0.05) - 2023/03/26 12:50:39
Table 'NLHBlue62' 6-max Seat #5 is the button
Seat 1: 1b953f1d ($5 in chips)
Seat 2: 6706913c ($6.63 in chips)
Seat 3: Hero ($5.07 in chips)
Seat 4: 2a65d567 ($10.36 in chips)
Seat 5: 8313eab3 ($3.48 in chips)
Seat 6: e1df332c ($5.09 in chips)
e1df332c: posts small blind $0.02
1b953f1d: posts big blind $0.05
*** HOLE CARDS ***
Dealt to 1b953f1d 
Dealt to 6706913c 
Dealt to Hero [3s Th]
Dealt to 2a65d567 
Dealt to 8313eab3 
Dealt to e1df332c 
6706913c: folds
Hero: folds
2a65d567: folds
8313eab3: folds
e1df332c: folds
Uncalled bet ($0.03) returned to 1b953f1d
*** SHOWDOWN ***
1b953f1d collected $0.04 from pot
*** SUMMARY ***
Total pot $0.04 | Rake $0 | Jackpot $0 | Bingo $0 | Fortune $0
Seat 1: 1b953f1d (big blind) collected ($0.04)
Seat 2: 6706913c folded before Flop (didn't bet)
Seat 3: Hero folded before Flop (didn't bet)
Seat 4: 2a65d567 folded before Flop (didn't bet)
Seat 5: 8313eab3 (button) folded before Flop (didn't bet)
Seat 6: e1df332c (small blind) folded before Flop


Poker Hand #HD1176608320: Hold'em No Limit  ($0.02/$0.05) - 2023/03/26 12:50:14
Table 'NLHBlue62' 6-max Seat #4 is the button
Seat 1: 1b953f1d ($5 in chips)
Seat 2: 6706913c ($6.63 in chips)
Seat 3: Hero ($5.07 in chips)
Seat 4: 2a65d567 ($10.36 in chips)
Seat 5: 8313eab3 ($3.5 in chips)
Seat 6: e1df332c ($5.07 in chips)
8313eab3: posts small blind $0.02
e1df332c: posts big blind $0.05
*** HOLE CARDS ***
Dealt to 1b953f1d 
Dealt to 6706913c 
Dealt to Hero [Qs 3d]
Dealt to 2a65d567 
Dealt to 8313eab3 
Dealt to e1df332c 
1b953f1d: folds
6706913c: folds
Hero: folds
2a65d567: folds
8313eab3: folds
Uncalled bet ($0.03) returned to e1df332c
*** SHOWDOWN ***
e1df332c collected $0.04 from pot
*** SUMMARY ***
Total pot $0.04 | Rake $0 | Jackpot $0 | Bingo $0 | Fortune $0
Seat 1: 1b953f1d folded before Flop (didn't bet)
Seat 2: 6706913c folded before Flop (didn't bet)
Seat 3: Hero folded before Flop (didn't bet)
Seat 4: 2a65d567 (button) folded before Flop (didn't bet)
Seat 5: 8313eab3 (small blind) folded before Flop
Seat 6: e1df332c (big blind) collected ($0.04)


Poker Hand #HD1176608284: Hold'em No Limit  ($0.02/$0.05) - 2023/03/26 12:49:53
Table 'NLHBlue62' 6-max Seat #3 is the button
Seat 1: 1b953f1d ($5 in chips)
Seat 2: 6706913c ($6.63 in chips)
Seat 3: Hero ($5.07 in chips)
Seat 4: 2a65d567 ($10.31 in chips)
Seat 5: 8313eab3 ($3.55 in chips)
Seat 6: e1df332c ($5.07 in chips)
2a65d567: posts small blind $0.02
8313eab3: posts big blind $0.05
*** HOLE CARDS ***
Dealt to 1b953f1d 
Dealt to 6706913c 
Dealt to Hero [5c 2s]
Dealt to 2a65d567 
Dealt to 8313eab3 
Dealt to e1df332c 
e1df332c: folds
1b953f1d: folds
6706913c: folds
Hero: folds
2a65d567: raises $0.1 to $0.15
8313eab3: folds
Uncalled bet ($0.1) returned to 2a65d567
*** SHOWDOWN ***
2a65d567 collected $0.1 from pot
*** SUMMARY ***
Total pot $0.1 | Rake $0 | Jackpot $0 | Bingo $0 | Fortune $0
Seat 1: 1b953f1d folded before Flop (didn't bet)
Seat 2: 6706913c folded before Flop (didn't bet)
Seat 3: Hero (button) folded before Flop (didn't bet)
Seat 4: 2a65d567 (small blind) collected ($0.1)
Seat 5: 8313eab3 (big blind) folded before Flop
Seat 6: e1df332c folded before Flop (didn't bet)


Poker Hand #HD1176608229: Hold'em No Limit  ($0.02/$0.05) - 2023/03/26 12:49:25
Table 'NLHBlue62' 6-max Seat #2 is the button
Seat 1: 1b953f1d ($5 in chips)
Seat 2: 6706913c ($6.63 in chips)
Seat 3: Hero ($5.09 in chips)
Seat 4: 2a65d567 ($10.36 in chips)
Seat 5: 8313eab3 ($3.55 in chips)
Seat 6: e1df332c ($5 in chips)
Hero: posts small blind $0.02
2a65d567: posts big blind $0.05
*** HOLE CARDS ***
Dealt to 1b953f1d 
Dealt to 6706913c 
Dealt to Hero [Th 5s]
Dealt to 2a65d567 
Dealt to 8313eab3 
Dealt to e1df332c 
8313eab3: folds
e1df332c: raises $0.1 to $0.15
1b953f1d: folds
6706913c: folds
Hero: folds
2a65d567: folds
Uncalled bet ($0.1) returned to e1df332c
*** SHOWDOWN ***
e1df332c collected $0.12 from pot
*** SUMMARY ***
Total pot $0.12 | Rake $0 | Jackpot $0 | Bingo $0 | Fortune $0
Seat 1: 1b953f1d folded before Flop (didn't bet)
Seat 2: 6706913c (button) folded before Flop (didn't bet)
Seat 3: Hero (small blind) folded before Flop
Seat 4: 2a65d567 (big blind) folded before Flop
Seat 5: 8313eab3 folded before Flop (didn't bet)
Seat 6: e1df332c collected ($0.12)


Poker Hand #HD1176608204: Hold'em No Limit  ($0.02/$0.05) - 2023/03/26 12:49:14
Table 'NLHBlue62' 6-max Seat #1 is the button
Seat 1: 1b953f1d ($5 in chips)
Seat 2: 6706913c ($6.65 in chips)
Seat 3: Hero ($5.07 in chips)
Seat 4: 2a65d567 ($10.36 in chips)
Seat 5: 8313eab3 ($3.55 in chips)
Seat 6: e1df332c ($5 in chips)
6706913c: posts small blind $0.02
Hero: posts big blind $0.05
*** HOLE CARDS ***
Dealt to 1b953f1d 
Dealt to 6706913c 
Dealt to Hero [9h 6s]
Dealt to 2a65d567 
Dealt to 8313eab3 
Dealt to e1df332c 
2a65d567: folds
8313eab3: folds
e1df332c: folds
1b953f1d: folds
6706913c: folds
Uncalled bet ($0.03) returned to Hero
*** SHOWDOWN ***
Hero collected $0.04 from pot
*** SUMMARY ***
Total pot $0.04 | Rake $0 | Jackpot $0 | Bingo $0 | Fortune $0
Seat 1: 1b953f1d (button) folded before Flop (didn't bet)
Seat 2: 6706913c (small blind) folded before Flop
Seat 3: Hero (big blind) collected ($0.04)
Seat 4: 2a65d567 folded before Flop (didn't bet)
Seat 5: 8313eab3 folded before Flop (didn't bet)
Seat 6: e1df332c folded before Flop (didn't bet)


Poker Hand #HD1176608120: Hold'em No Limit  ($0.02/$0.05) - 2023/03/26 12:48:30
Table 'NLHBlue62' 6-max Seat #6 is the button
Seat 1: 1b953f1d ($5.02 in chips)
Seat 2: 6706913c ($6.7 in chips)
Seat 3: Hero ($5.07 in chips)
Seat 4: 2a65d567 ($9.98 in chips)
Seat 5: 8313eab3 ($3.55 in chips)
Seat 6: e1df332c ($5.12 in chips)
1b953f1d: posts small blind $0.02
6706913c: posts big blind $0.05
*** HOLE CARDS ***
Dealt to 1b953f1d 
Dealt to 6706913c 
Dealt to Hero [2d 4s]
Dealt to 2a65d567 
Dealt to 8313eab3 
Dealt to e1df332c 
Hero: folds
2a65d567: raises $0.1 to $0.15
8313eab3: folds
e1df332c: calls $0.15
1b953f1d: folds
6706913c: folds
*** FLOP *** [4d As Qs]
2a65d567: checks
e1df332c: checks
*** TURN *** [4d As Qs] [7c]
2a65d567: checks
e1df332c: bets $0.19
2a65d567: calls $0.19
*** RIVER *** [4d As Qs 7c] [Ac]
2a65d567: checks
e1df332c: checks
2a65d567: shows [8c 8h] (Pair of Aces and Pair of Eights)
e1df332c: shows [3c 4c] (Pair of Aces and Pair of Fours)
*** SHOWDOWN ***
2a65d567 collected $0.72 from pot
*** SUMMARY ***
Total pot $0.75 | Rake $0.03 | Jackpot $0 | Bingo $0 | Fortune $0
Board [4d As Qs 7c Ac]
Seat 1: 1b953f1d (small blind) folded before Flop
Seat 2: 6706913c (big blind) folded before Flop
Seat 3: Hero folded before Flop (didn't bet)
Seat 4: 2a65d567 showed [8c 8h] and won ($0.72) with Pair of Aces and Pair of Eights
Seat 5: 8313eab3 folded before Flop (didn't bet)
Seat 6: e1df332c (button) showed [3c 4c] and lost with Pair of Aces and Pair of Fours


Poker Hand #HD1176608093: Hold'em No Limit  ($0.02/$0.05) - 2023/03/26 12:48:18
Table 'NLHBlue62' 6-max Seat #5 is the button
Seat 1: 1b953f1d ($5.07 in chips)
Seat 2: 6706913c ($6.7 in chips)
Seat 3: Hero ($5 in chips)
Seat 4: 2a65d567 ($9.98 in chips)
Seat 5: 8313eab3 ($3.55 in chips)
Seat 6: e1df332c ($5.14 in chips)
e1df332c: posts small blind $0.02
1b953f1d: posts big blind $0.05
*** HOLE CARDS ***
Dealt to 1b953f1d 
Dealt to 6706913c 
Dealt to Hero [6h 7h]
Dealt to 2a65d567 
Dealt to 8313eab3 
Dealt to e1df332c 
6706913c: folds
Hero: raises $0.07 to $0.12
2a65d567: folds
8313eab3: folds
e1df332c: folds
1b953f1d: folds
Uncalled bet ($0.07) returned to Hero
*** SHOWDOWN ***
Hero collected $0.12 from pot
*** SUMMARY ***
Total pot $0.12 | Rake $0 | Jackpot $0 | Bingo $0 | Fortune $0
Seat 1: 1b953f1d (big blind) folded before Flop
Seat 2: 6706913c folded before Flop (didn't bet)
Seat 3: Hero collected ($0.12)
Seat 4: 2a65d567 folded before Flop (didn't bet)
Seat 5: 8313eab3 (button) folded before Flop (didn't bet)
Seat 6: e1df332c (small blind) folded before Flop


Poker Hand #HD1176608049: Hold'em No Limit  ($0.02/$0.05) - 2023/03/26 12:47:53
Table 'NLHBlue62' 6-max Seat #4 is the button
Seat 1: 1b953f1d ($5.07 in chips)
Seat 2: 6706913c ($6.83 in chips)
Seat 3: Hero ($5 in chips)
Seat 4: 2a65d567 ($9.98 in chips)
Seat 5: 8313eab3 ($3.57 in chips)
Seat 6: e1df332c ($5 in chips)
8313eab3: posts small blind $0.02
e1df332c: posts big blind $0.05
*** HOLE CARDS ***
Dealt to 1b953f1d 
Dealt to 6706913c 
Dealt to Hero [Ad Th]
Dealt to 2a65d567 
Dealt to 8313eab3 
Dealt to e1df332c 
1b953f1d: folds
6706913c: raises $0.08 to $0.13
Hero: folds
2a65d567: folds
8313eab3: folds
e1df332c: calls $0.08
*** FLOP *** [Ts 3c Qh]
e1df332c: bets $0.14
6706913c: folds
Uncalled bet ($0.14) returned to e1df332c
*** SHOWDOWN ***
e1df332c collected $0.27 from pot
*** SUMMARY ***
Total pot $0.28 | Rake $0.01 | Jackpot $0 | Bingo $0 | Fortune $0
Board [Ts 3c Qh]
Seat 1: 1b953f1d folded before Flop (didn't bet)
Seat 2: 6706913c folded on the Flop
Seat 3: Hero folded before Flop (didn't bet)
Seat 4: 2a65d567 (button) folded before Flop (didn't bet)
Seat 5: 8313eab3 (small blind) folded before Flop
Seat 6: e1df332c (big blind) won ($0.27)


Poker Hand #HD1176607944: Hold'em No Limit  ($0.02/$0.05) - 2023/03/26 12:47:06
Table 'NLHBlue62' 6-max Seat #3 is the button
Seat 1: 1b953f1d ($5.07 in chips)
Seat 2: 6706913c ($6.83 in chips)
Seat 3: Hero ($5.49 in chips)
Seat 4: 2a65d567 ($10 in chips)
Seat 5: 8313eab3 ($3.07 in chips)
Seat 6: e1df332c ($5 in chips)
2a65d567: posts small blind $0.02
8313eab3: posts big blind $0.05
*** HOLE CARDS ***
Dealt to 1b953f1d 
Dealt to 6706913c 
Dealt to Hero [Qd Qc]
Dealt to 2a65d567 
Dealt to 8313eab3 
Dealt to e1df332c 
e1df332c: folds
1b953f1d: folds
6706913c: folds
Hero: raises $0.07 to $0.12
2a65d567: folds
8313eab3: calls $0.07
*** FLOP *** [Tc 5s 8h]
8313eab3: checks
Hero: bets $0.14
8313eab3: calls $0.14
*** TURN *** [Tc 5s 8h] [2d]
8313eab3: checks
Hero: bets $0.27
8313eab3: calls $0.27
*** RIVER *** [Tc 5s 8h 2d] [Js]
8313eab3: checks
Hero: checks
8313eab3: shows [Td Jh] (Pair of Jacks and Pair of Tens)
Hero: shows [Qd Qc] (Pair of Queens)
*** SHOWDOWN ***
8313eab3 collected $1.03 from pot
*** SUMMARY ***
Total pot $1.08 | Rake $0.05 | Jackpot $0 | Bingo $0 | Fortune $0
Board [Tc 5s 8h 2d Js]
Seat 1: 1b953f1d folded before Flop (didn't bet)
Seat 2: 6706913c folded before Flop (didn't bet)
Seat 3: Hero (button) showed [Qd Qc] and lost with Pair of Queens
Seat 4: 2a65d567 (small blind) folded before Flop
Seat 5: 8313eab3 (big blind) showed [Td Jh] and won ($1.03) with Pair of Jacks and Pair of Tens
Seat 6: e1df332c folded before Flop (didn't bet)


Poker Hand #HD1176607900: Hold'em No Limit  ($0.02/$0.05) - 2023/03/26 12:46:43
Table 'NLHBlue62' 6-max Seat #2 is the button
Seat 1: 1b953f1d ($5.07 in chips)
Seat 2: 6706913c ($6.83 in chips)
Seat 3: Hero ($5.44 in chips)
Seat 4: 2a65d567 ($10.05 in chips)
Seat 5: 8313eab3 ($3.07 in chips)
Seat 6: e1df332c ($4.93 in chips)
Hero: posts small blind $0.02
2a65d567: posts big blind $0.05
*** HOLE CARDS ***
Dealt to 1b953f1d 
Dealt to 6706913c 
Dealt to Hero [Qh Js]
Dealt to 2a65d567 
Dealt to 8313eab3 
Dealt to e1df332c 
8313eab3: folds
e1df332c: folds
1b953f1d: folds
6706913c: folds
Hero: raises $0.09 to $0.14
2a65d567: folds
Uncalled bet ($0.09) returned to Hero
*** SHOWDOWN ***
Hero collected $0.1 from pot
*** SUMMARY ***
Total pot $0.1 | Rake $0 | Jackpot $0 | Bingo $0 | Fortune $0
Seat 1: 1b953f1d folded before Flop (didn't bet)
Seat 2: 6706913c (button) folded before Flop (didn't bet)
Seat 3: Hero (small blind) collected ($0.1)
Seat 4: 2a65d567 (big blind) folded before Flop
Seat 5: 8313eab3 folded before Flop (didn't bet)
Seat 6: e1df332c folded before Flop (didn't bet)


Poker Hand #HD1176607869: Hold'em No Limit  ($0.02/$0.05) - 2023/03/26 12:46:27
Table 'NLHBlue62' 6-max Seat #1 is the button
Seat 1: 1b953f1d ($5.07 in chips)
Seat 2: 6706913c ($6.85 in chips)
Seat 3: Hero ($5.49 in chips)
Seat 4: 2a65d567 ($10.05 in chips)
Seat 5: 8313eab3 ($3.07 in chips)
Seat 6: e1df332c ($4.86 in chips)
6706913c: posts small blind $0.02
Hero: posts big blind $0.05
*** HOLE CARDS ***
Dealt to 1b953f1d 
Dealt to 6706913c 
Dealt to Hero [Qc 7d]
Dealt to 2a65d567 
Dealt to 8313eab3 
Dealt to e1df332c 
2a65d567: folds
8313eab3: folds
e1df332c: raises $0.1 to $0.15
1b953f1d: folds
6706913c: folds
Hero: folds
Uncalled bet ($0.1) returned to e1df332c
*** SHOWDOWN ***
e1df332c collected $0.12 from pot
*** SUMMARY ***
Total pot $0.12 | Rake $0 | Jackpot $0 | Bingo $0 | Fortune $0
Seat 1: 1b953f1d (button) folded before Flop (didn't bet)
Seat 2: 6706913c (small blind) folded before Flop
Seat 3: Hero (big blind) folded before Flop
Seat 4: 2a65d567 folded before Flop (didn't bet)
Seat 5: 8313eab3 folded before Flop (didn't bet)
Seat 6: e1df332c collected ($0.12)


Poker Hand #HD1176607845: Hold'em No Limit  ($0.02/$0.05) - 2023/03/26 12:46:12
Table 'NLHBlue62' 6-max Seat #6 is the button
Seat 1: 1b953f1d ($5.09 in chips)
Seat 2: 6706913c ($6.9 in chips)
Seat 3: Hero ($5.49 in chips)
Seat 4: 2a65d567 ($10.05 in chips)
Seat 5: 8313eab3 ($3 in chips)
Seat 6: e1df332c ($4.86 in chips)
1b953f1d: posts small blind $0.02
6706913c: posts big blind $0.05
*** HOLE CARDS ***
Dealt to 1b953f1d 
Dealt to 6706913c 
Dealt to Hero [7d 2d]
Dealt to 2a65d567 
Dealt to 8313eab3 
Dealt to e1df332c 
Hero: folds
2a65d567: folds
8313eab3: raises $0.1 to $0.15
e1df332c: folds
1b953f1d: folds
6706913c: folds
Uncalled bet ($0.1) returned to 8313eab3
*** SHOWDOWN ***
8313eab3 collected $0.12 from pot
*** SUMMARY ***
Total pot $0.12 | Rake $0 | Jackpot $0 | Bingo $0 | Fortune $0
Seat 1: 1b953f1d (small blind) folded before Flop
Seat 2: 6706913c (big blind) folded before Flop
Seat 3: Hero folded before Flop (didn't bet)
Seat 4: 2a65d567 folded before Flop (didn't bet)
Seat 5: 8313eab3 collected ($0.12)
Seat 6: e1df332c (button) folded before Flop (didn't bet)


Poker Hand #HD1176607827: Hold'em No Limit  ($0.02/$0.05) - 2023/03/26 12:46:01
Table 'NLHBlue62' 6-max Seat #5 is the button
Seat 1: 1b953f1d ($5.07 in chips)
Seat 2: 6706913c ($6.9 in chips)
Seat 3: Hero ($5.49 in chips)
Seat 4: 2a65d567 ($10.05 in chips)
Seat 5: 8313eab3 ($3 in chips)
Seat 6: e1df332c ($4.88 in chips)
e1df332c: posts small blind $0.02
1b953f1d: posts big blind $0.05
*** HOLE CARDS ***
Dealt to 1b953f1d 
Dealt to 6706913c 
Dealt to Hero [7h 4h]
Dealt to 2a65d567 
Dealt to 8313eab3 
Dealt to e1df332c 
6706913c: folds
Hero: folds
2a65d567: folds
8313eab3: folds
e1df332c: folds
Uncalled bet ($0.03) returned to 1b953f1d
*** SHOWDOWN ***
1b953f1d collected $0.04 from pot
*** SUMMARY ***
Total pot $0.04 | Rake $0 | Jackpot $0 | Bingo $0 | Fortune $0
Seat 1: 1b953f1d (big blind) collected ($0.04)
Seat 2: 6706913c folded before Flop (didn't bet)
Seat 3: Hero folded before Flop (didn't bet)
Seat 4: 2a65d567 folded before Flop (didn't bet)
Seat 5: 8313eab3 (button) folded before Flop (didn't bet)
Seat 6: e1df332c (small blind) folded before Flop


Poker Hand #HD1176607752: Hold'em No Limit  ($0.02/$0.05) - 2023/03/26 12:45:28
Table 'NLHBlue62' 6-max Seat #4 is the button
Seat 1: 1b953f1d ($5.07 in chips)
Seat 2: 6706913c ($6.9 in chips)
Seat 3: Hero ($5.36 in chips)
Seat 4: 2a65d567 ($10.05 in chips)
Seat 5: 8313eab3 ($3 in chips)
Seat 6: e1df332c ($5 in chips)
8313eab3: posts small blind $0.02
e1df332c: posts big blind $0.05
*** HOLE CARDS ***
Dealt to 1b953f1d 
Dealt to 6706913c 
Dealt to Hero [3s 3d]
Dealt to 2a65d567 
Dealt to 8313eab3 
Dealt to e1df332c 
1b953f1d: folds
6706913c: folds
Hero: raises $0.07 to $0.12
2a65d567: folds
8313eab3: folds
e1df332c: calls $0.07
*** FLOP *** [2s As 8d]
e1df332c: checks
Hero: checks
*** TURN *** [2s As 8d] [8c]
e1df332c: checks
Hero: checks
*** RIVER *** [2s As 8d 8c] [2d]
e1df332c: checks
Hero: checks
e1df332c: shows [6d Ts] (Pair of Eights and Pair of Twos)
Hero: shows [3s 3d] (Pair of Eights and Pair of Treys)
*** SHOWDOWN ***
Hero collected $0.25 from pot
*** SUMMARY ***
Total pot $0.26 | Rake $0.01 | Jackpot $0 | Bingo $0 | Fortune $0
Board [2s As 8d 8c 2d]
Seat 1: 1b953f1d folded before Flop (didn't bet)
Seat 2: 6706913c folded before Flop (didn't bet)
Seat 3: Hero showed [3s 3d] and won ($0.25) with Pair of Eights and Pair of Treys
Seat 4: 2a65d567 (button) folded before Flop (didn't bet)
Seat 5: 8313eab3 (small blind) folded before Flop
Seat 6: e1df332c (big blind) showed [6d Ts] and lost with Pair of Eights and Pair of Twos


Poker Hand #HD1176607553: Hold'em No Limit  ($0.02/$0.05) - 2023/03/26 12:43:58
Table 'NLHBlue62' 6-max Seat #3 is the button
Seat 1: 1b953f1d ($5.07 in chips)
Seat 2: 6706913c ($6.9 in chips)
Seat 3: Hero ($5.36 in chips)
Seat 4: 2a65d567 ($5.38 in chips)
Seat 5: 8313eab3 ($3.11 in chips)
Seat 6: e1df332c ($5.07 in chips)
2a65d567: posts small blind $0.02
8313eab3: posts big blind $0.05
*** HOLE CARDS ***
Dealt to 1b953f1d 
Dealt to 6706913c 
Dealt to Hero [Qd 8d]
Dealt to 2a65d567 
Dealt to 8313eab3 
Dealt to e1df332c 
e1df332c: raises $0.1 to $0.15
1b953f1d: folds
6706913c: folds
Hero: folds
2a65d567: calls $0.13
8313eab3: calls $0.1
*** FLOP *** [Ks 8s 4c]
2a65d567: checks
8313eab3: checks
e1df332c: bets $0.34
2a65d567: calls $0.34
8313eab3: folds
*** TURN *** [Ks 8s 4c] [Qh]
2a65d567: checks
e1df332c: bets $1.13
2a65d567: calls $1.13
*** RIVER *** [Ks 8s 4c Qh] [3d]
2a65d567: checks
e1df332c: bets $1.7
2a65d567: raises $2.06 to $3.76 and is all-in
e1df332c: calls $1.75 and is all-in
Uncalled bet ($0.31) returned to 2a65d567
2a65d567: shows [8c 8h] (Three Eights)
e1df332c: shows [Qc Kd] (Pair of Kings and Pair of Queens)
*** SHOWDOWN ***
2a65d567 collected $9.74 from pot
*** SUMMARY ***
Total pot $10.29 | Rake $0.5 | Jackpot $0.05 | Bingo $0 | Fortune $0
Board [Ks 8s 4c Qh 3d]
Seat 1: 1b953f1d folded before Flop (didn't bet)
Seat 2: 6706913c folded before Flop (didn't bet)
Seat 3: Hero (button) folded before Flop (didn't bet)
Seat 4: 2a65d567 (small blind) showed [8c 8h] and won ($9.74) with Three Eights
Seat 5: 8313eab3 (big blind) folded on the Flop
Seat 6: e1df332c showed [Qc Kd] and lost with Pair of Kings and Pair of Queens


Poker Hand #HD1176607513: Hold'em No Limit  ($0.02/$0.05) - 2023/03/26 12:43:40
Table 'NLHBlue62' 6-max Seat #2 is the button
Seat 1: 1b953f1d ($5 in chips)
Seat 2: 6706913c ($6.9 in chips)
Seat 3: Hero ($5.38 in chips)
Seat 4: 2a65d567 ($5.43 in chips)
Seat 5: 8313eab3 ($3.11 in chips)
Seat 6: e1df332c ($5.07 in chips)
Hero: posts small blind $0.02
2a65d567: posts big blind $0.05
*** HOLE CARDS ***
Dealt to 1b953f1d 
Dealt to 6706913c 
Dealt to Hero [Js 3c]
Dealt to 2a65d567 
Dealt to 8313eab3 
Dealt to e1df332c 
8313eab3: folds
e1df332c: folds
1b953f1d: raises $0.05 to $0.1
6706913c: folds
Hero: folds
2a65d567: folds
Uncalled bet ($0.05) returned to 1b953f1d
*** SHOWDOWN ***
1b953f1d collected $0.12 from pot
*** SUMMARY ***
Total pot $0.12 | Rake $0 | Jackpot $0 | Bingo $0 | Fortune $0
Seat 1: 1b953f1d collected ($0.12)
Seat 2: 6706913c (button) folded before Flop (didn't bet)
Seat 3: Hero (small blind) folded before Flop
Seat 4: 2a65d567 (big blind) folded before Flop
Seat 5: 8313eab3 folded before Flop (didn't bet)
Seat 6: e1df332c folded before Flop (didn't bet)


Poker Hand #HD1176607415: Hold'em No Limit  ($0.02/$0.05) - 2023/03/26 12:42:48
Table 'NLHBlue62' 6-max Seat #1 is the button
Seat 1: 1b953f1d ($5 in chips)
Seat 2: 6706913c ($6.92 in chips)
Seat 3: Hero ($6.17 in chips)
Seat 4: 2a65d567 ($4.74 in chips)
Seat 5: 8313eab3 ($3.11 in chips)
Seat 6: e1df332c ($5.07 in chips)
6706913c: posts small blind $0.02
Hero: posts big blind $0.05
*** HOLE CARDS ***
Dealt to 1b953f1d 
Dealt to 6706913c 
Dealt to Hero [6s 6h]
Dealt to 2a65d567 
Dealt to 8313eab3 
Dealt to e1df332c 
2a65d567: raises $0.1 to $0.15
8313eab3: folds
e1df332c: folds
1b953f1d: folds
6706913c: folds
Hero: calls $0.1
*** FLOP *** [7d 4h 8d]
Hero: checks
2a65d567: checks
*** TURN *** [7d 4h 8d] [8c]
Hero: checks
2a65d567: bets $0.24
Hero: calls $0.24
*** RIVER *** [7d 4h 8d 8c] [3d]
Hero: checks
2a65d567: bets $0.4
Hero: calls $0.4
2a65d567: shows [8s 9s] (Three Eights)
Hero: shows [6s 6h] (Pair of Eights and Pair of Sixes)
*** SHOWDOWN ***
2a65d567 collected $1.48 from pot
*** SUMMARY ***
Total pot $1.6 | Rake $0.07 | Jackpot $0.05 | Bingo $0 | Fortune $0
Board [7d 4h 8d 8c 3d]
Seat 1: 1b953f1d (button) folded before Flop (didn't bet)
Seat 2: 6706913c (small blind) folded before Flop
Seat 3: Hero (big blind) showed [6s 6h] and lost with Pair of Eights and Pair of Sixes
Seat 4: 2a65d567 showed [8s 9s] and won ($1.48) with Three Eights
Seat 5: 8313eab3 folded before Flop (didn't bet)
Seat 6: e1df332c folded before Flop (didn't bet)


Poker Hand #HD1176607367: Hold'em No Limit  ($0.02/$0.05) - 2023/03/26 12:42:19
Table 'NLHBlue62' 6-max Seat #6 is the button
Seat 1: 1b953f1d ($5 in chips)
Seat 2: 6706913c ($6.97 in chips)
Seat 3: Hero ($6.17 in chips)
Seat 4: 2a65d567 ($4.74 in chips)
Seat 5: 8313eab3 ($3.11 in chips)
Seat 6: e1df332c ($5 in chips)
1b953f1d: posts small blind $0.02
6706913c: posts big blind $0.05
*** HOLE CARDS ***
Dealt to 1b953f1d 
Dealt to 6706913c 
Dealt to Hero [Kd 7h]
Dealt to 2a65d567 
Dealt to 8313eab3 
Dealt to e1df332c 
Hero: folds
2a65d567: folds
8313eab3: folds
e1df332c: raises $0.1 to $0.15
1b953f1d: folds
6706913c: folds
Uncalled bet ($0.1) returned to e1df332c
*** SHOWDOWN ***
e1df332c collected $0.12 from pot
*** SUMMARY ***
Total pot $0.12 | Rake $0 | Jackpot $0 | Bingo $0 | Fortune $0
Seat 1: 1b953f1d (small blind) folded before Flop
Seat 2: 6706913c (big blind) folded before Flop
Seat 3: Hero folded before Flop (didn't bet)
Seat 4: 2a65d567 folded before Flop (didn't bet)
Seat 5: 8313eab3 folded before Flop (didn't bet)
Seat 6: e1df332c (button) collected ($0.12)


Poker Hand #HD1176607214: Hold'em No Limit  ($0.02/$0.05) - 2023/03/26 12:40:58
Table 'NLHBlue62' 6-max Seat #5 is the button
Seat 1: 1b953f1d ($5.01 in chips)
Seat 2: 6706913c ($5.14 in chips)
Seat 3: Hero ($6.17 in chips)
Seat 4: 2a65d567 ($4.74 in chips)
Seat 5: 8313eab3 ($3.11 in chips)
Seat 6: e1df332c ($4.79 in chips)
e1df332c: posts small blind $0.02
1b953f1d: posts big blind $0.05
*** HOLE CARDS ***
Dealt to 1b953f1d 
Dealt to 6706913c 
Dealt to Hero [8d Td]
Dealt to 2a65d567 
Dealt to 8313eab3 
Dealt to e1df332c 
6706913c: raises $0.08 to $0.13
Hero: folds
2a65d567: folds
8313eab3: folds
e1df332c: folds
1b953f1d: raises $0.37 to $0.5
6706913c: calls $0.37
*** FLOP *** [Qh 4c Kh]
1b953f1d: bets $0.36
6706913c: calls $0.36
*** TURN *** [Qh 4c Kh] [Ah]
1b953f1d: checks
6706913c: bets $1.2
1b953f1d: calls $1.2
*** RIVER *** [Qh 4c Kh Ah] [8h]
1b953f1d: checks
6706913c: bets $3.08 and is all-in
1b953f1d: folds
Uncalled bet ($3.08) returned to 6706913c
*** SHOWDOWN ***
6706913c collected $3.89 from pot
*** SUMMARY ***
Total pot $4.14 | Rake $0.2 | Jackpot $0.05 | Bingo $0 | Fortune $0
Board [Qh 4c Kh Ah 8h]
Seat 1: 1b953f1d (big blind) folded on the River
Seat 2: 6706913c won ($3.89)
Seat 3: Hero folded before Flop (didn't bet)
Seat 4: 2a65d567 folded before Flop (didn't bet)
Seat 5: 8313eab3 (button) folded before Flop (didn't bet)
Seat 6: e1df332c (small blind) folded before Flop


Poker Hand #HD1176607175: Hold'em No Limit  ($0.02/$0.05) - 2023/03/26 12:40:34
Table 'NLHBlue62' 6-max Seat #4 is the button
Seat 1: 1b953f1d ($5.01 in chips)
Seat 2: 6706913c ($5.14 in chips)
Seat 3: Hero ($6.17 in chips)
Seat 4: 2a65d567 ($4.74 in chips)
Seat 5: 8313eab3 ($3.02 in chips)
Seat 6: e1df332c ($4.89 in chips)
8313eab3: posts small blind $0.02
e1df332c: posts big blind $0.05
*** HOLE CARDS ***
Dealt to 1b953f1d 
Dealt to 6706913c 
Dealt to Hero [2d Ah]
Dealt to 2a65d567 
Dealt to 8313eab3 
Dealt to e1df332c 
1b953f1d: folds
6706913c: folds
Hero: folds
2a65d567: folds
8313eab3: raises $0.05 to $0.1
e1df332c: calls $0.05
*** FLOP *** [9c 5c 7c]
8313eab3: bets $0.1
e1df332c: folds
Uncalled bet ($0.1) returned to 8313eab3
*** SHOWDOWN ***
8313eab3 collected $0.19 from pot
*** SUMMARY ***
Total pot $0.2 | Rake $0.01 | Jackpot $0 | Bingo $0 | Fortune $0
Board [9c 5c 7c]
Seat 1: 1b953f1d folded before Flop (didn't bet)
Seat 2: 6706913c folded before Flop (didn't bet)
Seat 3: Hero folded before Flop (didn't bet)
Seat 4: 2a65d567 (button) folded before Flop (didn't bet)
Seat 5: 8313eab3 (small blind) won ($0.19)
Seat 6: e1df332c (big blind) folded on the Flop


Poker Hand #HD1176607103: Hold'em No Limit  ($0.02/$0.05) - 2023/03/26 12:40:02
Table 'NLHBlue62' 6-max Seat #3 is the button
Seat 1: 1b953f1d ($5.01 in chips)
Seat 2: 6706913c ($5.07 in chips)
Seat 3: Hero ($6.17 in chips)
Seat 4: 2a65d567 ($4.76 in chips)
Seat 5: 8313eab3 ($3.07 in chips)
Seat 6: e1df332c ($4.89 in chips)
2a65d567: posts small blind $0.02
8313eab3: posts big blind $0.05
*** HOLE CARDS ***
Dealt to 1b953f1d 
Dealt to 6706913c 
Dealt to Hero [Jc 5s]
Dealt to 2a65d567 
Dealt to 8313eab3 
Dealt to e1df332c 
e1df332c: folds
1b953f1d: folds
6706913c: raises $0.08 to $0.13
Hero: folds
2a65d567: folds
8313eab3: folds
Uncalled bet ($0.08) returned to 6706913c
*** SHOWDOWN ***
6706913c collected $0.12 from pot
*** SUMMARY ***
Total pot $0.12 | Rake $0 | Jackpot $0 | Bingo $0 | Fortune $0
Seat 1: 1b953f1d folded before Flop (didn't bet)
Seat 2: 6706913c collected ($0.12)
Seat 3: Hero (button) folded before Flop (didn't bet)
Seat 4: 2a65d567 (small blind) folded before Flop
Seat 5: 8313eab3 (big blind) folded before Flop
Seat 6: e1df332c folded before Flop (didn't bet)


Poker Hand #HD1176607057: Hold'em No Limit  ($0.02/$0.05) - 2023/03/26 12:39:39
Table 'NLHBlue62' 6-max Seat #2 is the button
Seat 1: 1b953f1d ($5.01 in chips)
Seat 2: 6706913c ($5 in chips)
Seat 3: Hero ($6.19 in chips)
Seat 4: 2a65d567 ($4.81 in chips)
Seat 5: 8313eab3 ($3.07 in chips)
Seat 6: e1df332c ($4.89 in chips)
Hero: posts small blind $0.02
2a65d567: posts big blind $0.05
*** HOLE CARDS ***
Dealt to 1b953f1d 
Dealt to 6706913c 
Dealt to Hero [Qd 7d]
Dealt to 2a65d567 
Dealt to 8313eab3 
Dealt to e1df332c 
8313eab3: folds
e1df332c: folds
1b953f1d: folds
6706913c: raises $0.08 to $0.13
Hero: folds
2a65d567: folds
Uncalled bet ($0.08) returned to 6706913c
*** SHOWDOWN ***
6706913c collected $0.12 from pot
*** SUMMARY ***
Total pot $0.12 | Rake $0 | Jackpot $0 | Bingo $0 | Fortune $0
Seat 1: 1b953f1d folded before Flop (didn't bet)
Seat 2: 6706913c (button) collected ($0.12)
Seat 3: Hero (small blind) folded before Flop
Seat 4: 2a65d567 (big blind) folded before Flop
Seat 5: 8313eab3 folded before Flop (didn't bet)
Seat 6: e1df332c folded before Flop (didn't bet)


Poker Hand #HD1176606979: Hold'em No Limit  ($0.02/$0.05) - 2023/03/26 12:38:58
Table 'NLHBlue62' 6-max Seat #1 is the button
Seat 1: 1b953f1d ($5.01 in chips)
Seat 2: 6706913c ($5.02 in chips)
Seat 3: Hero ($6.07 in chips)
Seat 4: 2a65d567 ($4.81 in chips)
Seat 5: 8313eab3 ($3.07 in chips)
Seat 6: e1df332c ($5 in chips)
6706913c: posts small blind $0.02
Hero: posts big blind $0.05
e1df332c: posts big blind $0.05
*** HOLE CARDS ***
Dealt to 1b953f1d 
Dealt to 6706913c 
Dealt to Hero [7d 9s]
Dealt to 2a65d567 
Dealt to 8313eab3 
Dealt to e1df332c 
2a65d567: folds
8313eab3: folds
e1df332c: checks
1b953f1d: folds
6706913c: folds
Hero: checks
*** FLOP *** [9c Js 7s]
Hero: checks
e1df332c: bets $0.06
Hero: raises $0.18 to $0.24
e1df332c: folds
Uncalled bet ($0.18) returned to Hero
*** SHOWDOWN ***
Hero collected $0.23 from pot
*** SUMMARY ***
Total pot $0.24 | Rake $0.01 | Jackpot $0 | Bingo $0 | Fortune $0
Board [9c Js 7s]
Seat 1: 1b953f1d (button) folded before Flop (didn't bet)
Seat 2: 6706913c (small blind) folded before Flop
Seat 3: Hero (big blind) won ($0.23)
Seat 4: 2a65d567 folded before Flop (didn't bet)
Seat 5: 8313eab3 folded before Flop (didn't bet)
Seat 6: e1df332c folded on the Flop


Poker Hand #HD1176606946: Hold'em No Limit  ($0.02/$0.05) - 2023/03/26 12:38:42
Table 'NLHBlue62' 6-max Seat #5 is the button
Seat 1: 1b953f1d ($5.03 in chips)
Seat 2: 6706913c ($5.07 in chips)
Seat 3: Hero ($6.07 in chips)
Seat 5: 8313eab3 ($3 in chips)
1b953f1d: posts small blind $0.02
6706913c: posts big blind $0.05
*** HOLE CARDS ***
Dealt to 1b953f1d 
Dealt to 6706913c 
Dealt to Hero [5c 7h]
Dealt to 8313eab3 
Hero: folds
8313eab3: raises $0.1 to $0.15
1b953f1d: folds
6706913c: folds
Uncalled bet ($0.1) returned to 8313eab3
*** SHOWDOWN ***
8313eab3 collected $0.12 from pot
*** SUMMARY ***
Total pot $0.12 | Rake $0 | Jackpot $0 | Bingo $0 | Fortune $0
Seat 1: 1b953f1d (small blind) folded before Flop
Seat 2: 6706913c (big blind) folded before Flop
Seat 3: Hero folded before Flop (didn't bet)
Seat 5: 8313eab3 (button) collected ($0.12)


Poker Hand #HD1176606800: Hold'em No Limit  ($0.02/$0.05) - 2023/03/26 12:37:30
Table 'NLHBlue62' 6-max Seat #3 is the button
Seat 1: 1b953f1d ($5.03 in chips)
Seat 2: 6706913c ($5.07 in chips)
Seat 3: Hero ($5.7 in chips)
Seat 4: 2a65d567 ($4.83 in chips)
Seat 5: 8313eab3 ($3.35 in chips)
2a65d567: posts small blind $0.02
8313eab3: posts big blind $0.05
*** HOLE CARDS ***
Dealt to 1b953f1d 
Dealt to 6706913c 
Dealt to Hero [Ah 6d]
Dealt to 2a65d567 
Dealt to 8313eab3 
1b953f1d: folds
6706913c: folds
Hero: raises $0.07 to $0.12
2a65d567: folds
8313eab3: calls $0.07
*** FLOP *** [7s 9h 9c]
8313eab3: checks
Hero: checks
*** TURN *** [7s 9h 9c] [As]
8313eab3: checks
Hero: bets $0.1
8313eab3: calls $0.1
*** RIVER *** [7s 9h 9c As] [3h]
8313eab3: checks
Hero: bets $0.16
8313eab3: calls $0.16
Hero: shows [Ah 6d] (Pair of Aces and Pair of Nines)
8313eab3: shows [Kd 7d] (Pair of Nines and Pair of Sevens)
*** SHOWDOWN ***
Hero collected $0.75 from pot
*** SUMMARY ***
Total pot $0.78 | Rake $0.03 | Jackpot $0 | Bingo $0 | Fortune $0
Board [7s 9h 9c As 3h]
Seat 1: 1b953f1d folded before Flop (didn't bet)
Seat 2: 6706913c folded before Flop (didn't bet)
Seat 3: Hero (button) showed [Ah 6d] and won ($0.75) with Pair of Aces and Pair of Nines
Seat 4: 2a65d567 (small blind) folded before Flop
Seat 5: 8313eab3 (big blind) showed [Kd 7d] and lost with Pair of Nines and Pair of Sevens


Poker Hand #HD1176606768: Hold'em No Limit  ($0.02/$0.05) - 2023/03/26 12:37:14
Table 'NLHBlue62' 6-max Seat #2 is the button
Seat 1: 1b953f1d ($5.03 in chips)
Seat 2: 6706913c ($5 in chips)
Seat 3: Hero ($5.72 in chips)
Seat 4: 2a65d567 ($4.88 in chips)
Seat 5: 8313eab3 ($3.35 in chips)
Hero: posts small blind $0.02
2a65d567: posts big blind $0.05
*** HOLE CARDS ***
Dealt to 1b953f1d 
Dealt to 6706913c 
Dealt to Hero [Kc 4h]
Dealt to 2a65d567 
Dealt to 8313eab3 
8313eab3: folds
1b953f1d: folds
6706913c: raises $0.08 to $0.13
Hero: folds
2a65d567: folds
Uncalled bet ($0.08) returned to 6706913c
*** SHOWDOWN ***
6706913c collected $0.12 from pot
*** SUMMARY ***
Total pot $0.12 | Rake $0 | Jackpot $0 | Bingo $0 | Fortune $0
Seat 1: 1b953f1d folded before Flop (didn't bet)
Seat 2: 6706913c (button) collected ($0.12)
Seat 3: Hero (small blind) folded before Flop
Seat 4: 2a65d567 (big blind) folded before Flop
Seat 5: 8313eab3 folded before Flop (didn't bet)


Poker Hand #HD1176606732: Hold'em No Limit  ($0.02/$0.05) - 2023/03/26 12:37:01
Table 'NLHBlue62' 6-max Seat #1 is the button
Seat 1: 1b953f1d ($5.03 in chips)
Seat 2: 6706913c ($5.02 in chips)
Seat 3: Hero ($5.7 in chips)
Seat 4: 2a65d567 ($4.88 in chips)
Seat 5: 8313eab3 ($3.35 in chips)
6706913c: posts small blind $0.02
Hero: posts big blind $0.05
*** HOLE CARDS ***
Dealt to 1b953f1d 
Dealt to 6706913c 
Dealt to Hero [Kh Jc]
Dealt to 2a65d567 
Dealt to 8313eab3 
2a65d567: folds
8313eab3: folds
1b953f1d: folds
6706913c: folds
Uncalled bet ($0.03) returned to Hero
*** SHOWDOWN ***
Hero collected $0.04 from pot
*** SUMMARY ***
Total pot $0.04 | Rake $0 | Jackpot $0 | Bingo $0 | Fortune $0
Seat 1: 1b953f1d (button) folded before Flop (didn't bet)
Seat 2: 6706913c (small blind) folded before Flop
Seat 3: Hero (big blind) collected ($0.04)
Seat 4: 2a65d567 folded before Flop (didn't bet)
Seat 5: 8313eab3 folded before Flop (didn't bet)


Poker Hand #HD1176606703: Hold'em No Limit  ($0.02/$0.05) - 2023/03/26 12:36:46
Table 'NLHBlue62' 6-max Seat #5 is the button
Seat 1: 1b953f1d ($5.05 in chips)
Seat 2: 6706913c ($5 in chips)
Seat 3: Hero ($5.7 in chips)
Seat 4: 2a65d567 ($4.88 in chips)
Seat 5: 8313eab3 ($3.35 in chips)
1b953f1d: posts small blind $0.02
6706913c: posts big blind $0.05
*** HOLE CARDS ***
Dealt to 1b953f1d 
Dealt to 6706913c 
Dealt to Hero [2d 5d]
Dealt to 2a65d567 
Dealt to 8313eab3 
Hero: folds
2a65d567: folds
8313eab3: folds
1b953f1d: folds
Uncalled bet ($0.03) returned to 6706913c
*** SHOWDOWN ***
6706913c collected $0.04 from pot
*** SUMMARY ***
Total pot $0.04 | Rake $0 | Jackpot $0 | Bingo $0 | Fortune $0
Seat 1: 1b953f1d (small blind) folded before Flop
Seat 2: 6706913c (big blind) collected ($0.04)
Seat 3: Hero folded before Flop (didn't bet)
Seat 4: 2a65d567 folded before Flop (didn't bet)
Seat 5: 8313eab3 (button) folded before Flop (didn't bet)


Poker Hand #HD1176606661: Hold'em No Limit  ($0.02/$0.05) - 2023/03/26 12:36:26
Table 'NLHBlue62' 6-max Seat #4 is the button
Seat 1: 1b953f1d ($5.1 in chips)
Seat 2: 6706913c ($5 in chips)
Seat 3: Hero ($5.7 in chips)
Seat 4: 2a65d567 ($4.88 in chips)
Seat 5: 8313eab3 ($3.3 in chips)
8313eab3: posts small blind $0.02
1b953f1d: posts big blind $0.05
*** HOLE CARDS ***
Dealt to 1b953f1d 
Dealt to 6706913c 
Dealt to Hero [2s 6c]
Dealt to 2a65d567 
Dealt to 8313eab3 
6706913c: folds
Hero: folds
2a65d567: folds
8313eab3: raises $0.05 to $0.1
1b953f1d: folds
Uncalled bet ($0.05) returned to 8313eab3
*** SHOWDOWN ***
8313eab3 collected $0.1 from pot
*** SUMMARY ***
Total pot $0.1 | Rake $0 | Jackpot $0 | Bingo $0 | Fortune $0
Seat 1: 1b953f1d (big blind) folded before Flop
Seat 2: 6706913c folded before Flop (didn't bet)
Seat 3: Hero folded before Flop (didn't bet)
Seat 4: 2a65d567 (button) folded before Flop (didn't bet)
Seat 5: 8313eab3 (small blind) collected ($0.1)


Poker Hand #HD1176606542: Hold'em No Limit  ($0.02/$0.05) - 2023/03/26 12:35:32
Table 'NLHBlue62' 6-max Seat #3 is the button
Seat 1: 1b953f1d ($5.1 in chips)
Seat 2: 6706913c ($5 in chips)
Seat 3: Hero ($5.7 in chips)
Seat 4: 2a65d567 ($4.9 in chips)
Seat 5: 8313eab3 ($3.07 in chips)
2a65d567: posts small blind $0.02
8313eab3: posts big blind $0.05
*** HOLE CARDS ***
Dealt to 1b953f1d 
Dealt to 6706913c 
Dealt to Hero [7h 3h]
Dealt to 2a65d567 
Dealt to 8313eab3 
1b953f1d: folds
6706913c: raises $0.08 to $0.13
Hero: folds
2a65d567: folds
8313eab3: calls $0.08
*** FLOP *** [8h 9h 9s]
8313eab3: checks
6706913c: bets $0.1
8313eab3: calls $0.1
*** TURN *** [8h 9h 9s] [Jd]
8313eab3: checks
6706913c: checks
*** RIVER *** [8h 9h 9s Jd] [Kd]
8313eab3: bets $0.16
6706913c: folds
Uncalled bet ($0.16) returned to 8313eab3
*** SHOWDOWN ***
8313eab3 collected $0.46 from pot
*** SUMMARY ***
Total pot $0.48 | Rake $0.02 | Jackpot $0 | Bingo $0 | Fortune $0
Board [8h 9h 9s Jd Kd]
Seat 1: 1b953f1d folded before Flop (didn't bet)
Seat 2: 6706913c folded on the River
Seat 3: Hero (button) folded before Flop (didn't bet)
Seat 4: 2a65d567 (small blind) folded before Flop
Seat 5: 8313eab3 (big blind) won ($0.46)


Poker Hand #HD1176606509: Hold'em No Limit  ($0.02/$0.05) - 2023/03/26 12:35:15
Table 'NLHBlue62' 6-max Seat #2 is the button
Seat 1: 1b953f1d ($5.1 in chips)
Seat 2: 6706913c ($5 in chips)
Seat 3: Hero ($5.72 in chips)
Seat 4: 2a65d567 ($4.88 in chips)
Seat 5: 8313eab3 ($3.07 in chips)
Hero: posts small blind $0.02
2a65d567: posts big blind $0.05
*** HOLE CARDS ***
Dealt to 1b953f1d 
Dealt to 6706913c 
Dealt to Hero [5d Th]
Dealt to 2a65d567 
Dealt to 8313eab3 
8313eab3: folds
1b953f1d: folds
6706913c: folds
Hero: folds
Uncalled bet ($0.03) returned to 2a65d567
*** SHOWDOWN ***
2a65d567 collected $0.04 from pot
*** SUMMARY ***
Total pot $0.04 | Rake $0 | Jackpot $0 | Bingo $0 | Fortune $0
Seat 1: 1b953f1d folded before Flop (didn't bet)
Seat 2: 6706913c (button) folded before Flop (didn't bet)
Seat 3: Hero (small blind) folded before Flop
Seat 4: 2a65d567 (big blind) collected ($0.04)
Seat 5: 8313eab3 folded before Flop (didn't bet)


Poker Hand #HD1176606461: Hold'em No Limit  ($0.02/$0.05) - 2023/03/26 12:34:53
Table 'NLHBlue62' 6-max Seat #1 is the button
Seat 1: 1b953f1d ($5.03 in chips)
Seat 2: 6706913c ($5 in chips)
Seat 3: Hero ($5.77 in chips)
Seat 4: 2a65d567 ($4.88 in chips)
Seat 5: 8313eab3 ($3.07 in chips)
6706913c: posts small blind $0.02
Hero: posts big blind $0.05
*** HOLE CARDS ***
Dealt to 1b953f1d 
Dealt to 6706913c 
Dealt to Hero [6s 9d]
Dealt to 2a65d567 
Dealt to 8313eab3 
2a65d567: folds
8313eab3: folds
1b953f1d: raises $0.05 to $0.1
6706913c: folds
Hero: folds
Uncalled bet ($0.05) returned to 1b953f1d
*** SHOWDOWN ***
1b953f1d collected $0.12 from pot
*** SUMMARY ***
Total pot $0.12 | Rake $0 | Jackpot $0 | Bingo $0 | Fortune $0
Seat 1: 1b953f1d (button) collected ($0.12)
Seat 2: 6706913c (small blind) folded before Flop
Seat 3: Hero (big blind) folded before Flop
Seat 4: 2a65d567 folded before Flop (didn't bet)
Seat 5: 8313eab3 folded before Flop (didn't bet)


Poker Hand #HD1176606358: Hold'em No Limit  ($0.02/$0.05) - 2023/03/26 12:33:54
Table 'NLHBlue62' 6-max Seat #5 is the button
Seat 1: 1b953f1d ($5.05 in chips)
Seat 2: 6706913c ($5 in chips)
Seat 3: Hero ($5.52 in chips)
Seat 4: 2a65d567 ($5 in chips)
Seat 5: 8313eab3 ($3.07 in chips)
1b953f1d: posts small blind $0.02
6706913c: posts big blind $0.05
*** HOLE CARDS ***
Dealt to 1b953f1d 
Dealt to 6706913c 
Dealt to Hero [As 2s]
Dealt to 2a65d567 
Dealt to 8313eab3 
Hero: raises $0.07 to $0.12
2a65d567: calls $0.12
8313eab3: folds
1b953f1d: folds
6706913c: calls $0.07
*** FLOP *** [8c Jd 8s]
6706913c: checks
Hero: checks
2a65d567: checks
*** TURN *** [8c Jd 8s] [Ad]
6706913c: checks
Hero: checks
2a65d567: checks
*** RIVER *** [8c Jd 8s Ad] [Qd]
6706913c: checks
Hero: bets $0.13
2a65d567: folds
6706913c: folds
Uncalled bet ($0.13) returned to Hero
*** SHOWDOWN ***
Hero collected $0.37 from pot
*** SUMMARY ***
Total pot $0.38 | Rake $0.01 | Jackpot $0 | Bingo $0 | Fortune $0
Board [8c Jd 8s Ad Qd]
Seat 1: 1b953f1d (small blind) folded before Flop
Seat 2: 6706913c (big blind) folded on the River
Seat 3: Hero won ($0.37)
Seat 4: 2a65d567 folded on the River
Seat 5: 8313eab3 (button) folded before Flop (didn't bet)


Poker Hand #HD1176606314: Hold'em No Limit  ($0.02/$0.05) - 2023/03/26 12:33:30
Table 'NLHBlue62' 6-max Seat #4 is the button
Seat 1: 1b953f1d ($5.1 in chips)
Seat 2: 6706913c ($5 in chips)
Seat 3: Hero ($5.45 in chips)
Seat 4: 2a65d567 ($5 in chips)
Seat 5: 8313eab3 ($3.09 in chips)
8313eab3: posts small blind $0.02
1b953f1d: posts big blind $0.05
*** HOLE CARDS ***
Dealt to 1b953f1d 
Dealt to 6706913c 
Dealt to Hero [Ts Td]
Dealt to 2a65d567 
Dealt to 8313eab3 
6706913c: folds
Hero: raises $0.07 to $0.12
2a65d567: folds
8313eab3: folds
1b953f1d: folds
Uncalled bet ($0.07) returned to Hero
*** SHOWDOWN ***
Hero collected $0.12 from pot
*** SUMMARY ***
Total pot $0.12 | Rake $0 | Jackpot $0 | Bingo $0 | Fortune $0
Seat 1: 1b953f1d (big blind) folded before Flop
Seat 2: 6706913c folded before Flop (didn't bet)
Seat 3: Hero collected ($0.12)
Seat 4: 2a65d567 (button) folded before Flop (didn't bet)
Seat 5: 8313eab3 (small blind) folded before Flop


Poker Hand #HD1176606249: Hold'em No Limit  ($0.02/$0.05) - 2023/03/26 12:32:58
Table 'NLHBlue62' 6-max Seat #3 is the button
Seat 1: 1b953f1d ($5.1 in chips)
Seat 2: 6706913c ($5 in chips)
Seat 3: Hero ($5.45 in chips)
Seat 4: 2a65d567 ($5.02 in chips)
Seat 5: 8313eab3 ($3.07 in chips)
2a65d567: posts small blind $0.02
8313eab3: posts big blind $0.05
*** HOLE CARDS ***
Dealt to 1b953f1d 
Dealt to 6706913c 
Dealt to Hero [6d Kc]
Dealt to 2a65d567 
Dealt to 8313eab3 
1b953f1d: folds
6706913c: folds
Hero: folds
2a65d567: folds
Uncalled bet ($0.03) returned to 8313eab3
*** SHOWDOWN ***
8313eab3 collected $0.04 from pot
*** SUMMARY ***
Total pot $0.04 | Rake $0 | Jackpot $0 | Bingo $0 | Fortune $0
Seat 1: 1b953f1d folded before Flop (didn't bet)
Seat 2: 6706913c folded before Flop (didn't bet)
Seat 3: Hero (button) folded before Flop (didn't bet)
Seat 4: 2a65d567 (small blind) folded before Flop
Seat 5: 8313eab3 (big blind) collected ($0.04)


Poker Hand #HD1176606236: Hold'em No Limit  ($0.02/$0.05) - 2023/03/26 12:32:51
Table 'NLHBlue62' 6-max Seat #2 is the button
Seat 1: 1b953f1d ($5.1 in chips)
Seat 2: 6706913c ($5 in chips)
Seat 3: Hero ($5.47 in chips)
Seat 4: 2a65d567 ($5 in chips)
Seat 5: 8313eab3 ($3.07 in chips)
Hero: posts small blind $0.02
2a65d567: posts big blind $0.05
*** HOLE CARDS ***
Dealt to 1b953f1d 
Dealt to 6706913c 
Dealt to Hero [2h Qd]
Dealt to 2a65d567 
Dealt to 8313eab3 
8313eab3: folds
1b953f1d: folds
6706913c: folds
Hero: folds
Uncalled bet ($0.03) returned to 2a65d567
*** SHOWDOWN ***
2a65d567 collected $0.04 from pot
*** SUMMARY ***
Total pot $0.04 | Rake $0 | Jackpot $0 | Bingo $0 | Fortune $0
Seat 1: 1b953f1d folded before Flop (didn't bet)
Seat 2: 6706913c (button) folded before Flop (didn't bet)
Seat 3: Hero (small blind) folded before Flop
Seat 4: 2a65d567 (big blind) collected ($0.04)
Seat 5: 8313eab3 folded before Flop (didn't bet)


Poker Hand #HD1176606218: Hold'em No Limit  ($0.02/$0.05) - 2023/03/26 12:32:41
Table 'NLHBlue62' 6-max Seat #1 is the button
Seat 1: 1b953f1d ($5.1 in chips)
Seat 2: 6706913c ($5 in chips)
Seat 3: Hero ($5.45 in chips)
Seat 5: 8313eab3 ($3.07 in chips)
6706913c: posts small blind $0.02
Hero: posts big blind $0.05
*** HOLE CARDS ***
Dealt to 1b953f1d 
Dealt to 6706913c 
Dealt to Hero [Kc Td]
Dealt to 8313eab3 
8313eab3: folds
1b953f1d: folds
6706913c: folds
Uncalled bet ($0.03) returned to Hero
*** SHOWDOWN ***
Hero collected $0.04 from pot
*** SUMMARY ***
Total pot $0.04 | Rake $0 | Jackpot $0 | Bingo $0 | Fortune $0
Seat 1: 1b953f1d (button) folded before Flop (didn't bet)
Seat 2: 6706913c (small blind) folded before Flop
Seat 3: Hero (big blind) collected ($0.04)
Seat 5: 8313eab3 folded before Flop (didn't bet)


Poker Hand #HD1176606172: Hold'em No Limit  ($0.02/$0.05) - 2023/03/26 12:32:19
Table 'NLHBlue62' 6-max Seat #5 is the button
Seat 1: 1b953f1d ($5.05 in chips)
Seat 2: 6706913c ($5 in chips)
Seat 3: Hero ($5.45 in chips)
Seat 5: 8313eab3 ($3.07 in chips)
1b953f1d: posts small blind $0.02
6706913c: posts big blind $0.05
*** HOLE CARDS ***
Dealt to 1b953f1d 
Dealt to 6706913c 
Dealt to Hero [4c 8d]
Dealt to 8313eab3 
Hero: folds
8313eab3: folds
1b953f1d: raises $0.1 to $0.15
6706913c: folds
Uncalled bet ($0.1) returned to 1b953f1d
*** SHOWDOWN ***
1b953f1d collected $0.1 from pot
*** SUMMARY ***
Total pot $0.1 | Rake $0 | Jackpot $0 | Bingo $0 | Fortune $0
Seat 1: 1b953f1d (small blind) collected ($0.1)
Seat 2: 6706913c (big blind) folded before Flop
Seat 3: Hero folded before Flop (didn't bet)
Seat 5: 8313eab3 (button) folded before Flop (didn't bet)


Poker Hand #HD1176606111: Hold'em No Limit  ($0.02/$0.05) - 2023/03/26 12:31:53
Table 'NLHBlue62' 6-max Seat #3 is the button
Seat 1: 1b953f1d ($5 in chips)
Seat 2: 6706913c ($5 in chips)
Seat 3: Hero ($5.45 in chips)
Seat 5: 8313eab3 ($3.02 in chips)
8313eab3: posts small blind $0.02
1b953f1d: posts big blind $0.05
*** HOLE CARDS ***
Dealt to 1b953f1d 
Dealt to 6706913c 
Dealt to Hero [Qs 2d]
Dealt to 8313eab3 
6706913c: folds
Hero: folds
8313eab3: raises $0.05 to $0.1
1b953f1d: folds
Uncalled bet ($0.05) returned to 8313eab3
*** SHOWDOWN ***
8313eab3 collected $0.1 from pot
*** SUMMARY ***
Total pot $0.1 | Rake $0 | Jackpot $0 | Bingo $0 | Fortune $0
Seat 1: 1b953f1d (big blind) folded before Flop
Seat 2: 6706913c folded before Flop (didn't bet)
Seat 3: Hero (button) folded before Flop (didn't bet)
Seat 5: 8313eab3 (small blind) collected ($0.1)


Poker Hand #HD1176606050: Hold'em No Limit  ($0.02/$0.05) - 2023/03/26 12:31:23
Table 'NLHBlue62' 6-max Seat #2 is the button
Seat 1: 1b953f1d ($5 in chips)
Seat 2: 6706913c ($5 in chips)
Seat 3: Hero ($5.47 in chips)
Seat 5: 8313eab3 ($3 in chips)
Hero: posts small blind $0.02
8313eab3: posts big blind $0.05
*** HOLE CARDS ***
Dealt to 1b953f1d 
Dealt to 6706913c 
Dealt to Hero [6d 4c]
Dealt to 8313eab3 
1b953f1d: folds
6706913c: folds
Hero: folds
Uncalled bet ($0.03) returned to 8313eab3
*** SHOWDOWN ***
8313eab3 collected $0.04 from pot
*** SUMMARY ***
Total pot $0.04 | Rake $0 | Jackpot $0 | Bingo $0 | Fortune $0
Seat 1: 1b953f1d folded before Flop (didn't bet)
Seat 2: 6706913c (button) folded before Flop (didn't bet)
Seat 3: Hero (small blind) folded before Flop
Seat 5: 8313eab3 (big blind) collected ($0.04)


Poker Hand #HD1176605966: Hold'em No Limit  ($0.02/$0.05) - 2023/03/26 12:30:39
Table 'NLHBlue62' 6-max Seat #1 is the button
Seat 1: 1b953f1d ($5 in chips)
Seat 2: 6706913c ($5 in chips)
Seat 3: Hero ($5.45 in chips)
Seat 4: 9dbac750 ($6.18 in chips)
Seat 5: 8313eab3 ($3 in chips)
6706913c: posts small blind $0.02
Hero: posts big blind $0.05
*** HOLE CARDS ***
Dealt to 1b953f1d 
Dealt to 6706913c 
Dealt to Hero [7h 6d]
Dealt to 9dbac750 
Dealt to 8313eab3 
9dbac750: folds
8313eab3: folds
1b953f1d: folds
6706913c: folds
Uncalled bet ($0.03) returned to Hero
*** SHOWDOWN ***
Hero collected $0.04 from pot
*** SUMMARY ***
Total pot $0.04 | Rake $0 | Jackpot $0 | Bingo $0 | Fortune $0
Seat 1: 1b953f1d (button) folded before Flop (didn't bet)
Seat 2: 6706913c (small blind) folded before Flop
Seat 3: Hero (big blind) collected ($0.04)
Seat 4: 9dbac750 folded before Flop (didn't bet)
Seat 5: 8313eab3 folded before Flop (didn't bet)


Poker Hand #HD1176605933: Hold'em No Limit  ($0.02/$0.05) - 2023/03/26 12:30:27
Table 'NLHBlue62' 6-max Seat #5 is the button
Seat 1: 1b953f1d ($5 in chips)
Seat 2: 6706913c ($5 in chips)
Seat 3: Hero ($5.38 in chips)
Seat 4: 9dbac750 ($6.18 in chips)
Seat 5: 8313eab3 ($3 in chips)
1b953f1d: posts small blind $0.02
6706913c: posts big blind $0.05
*** HOLE CARDS ***
Dealt to 1b953f1d 
Dealt to 6706913c 
Dealt to Hero [6d 6h]
Dealt to 9dbac750 
Dealt to 8313eab3 
Hero: raises $0.07 to $0.12
9dbac750: folds
8313eab3: folds
1b953f1d: folds
6706913c: folds
Uncalled bet ($0.07) returned to Hero
*** SHOWDOWN ***
Hero collected $0.12 from pot
*** SUMMARY ***
Total pot $0.12 | Rake $0 | Jackpot $0 | Bingo $0 | Fortune $0
Seat 1: 1b953f1d (small blind) folded before Flop
Seat 2: 6706913c (big blind) folded before Flop
Seat 3: Hero collected ($0.12)
Seat 4: 9dbac750 folded before Flop (didn't bet)
Seat 5: 8313eab3 (button) folded before Flop (didn't bet)


Poker Hand #HD1176605863: Hold'em No Limit  ($0.02/$0.05) - 2023/03/26 12:29:53
Table 'NLHBlue62' 6-max Seat #4 is the button
Seat 1: 1b953f1d ($5 in chips)
Seat 2: 6706913c ($5 in chips)
Seat 3: Hero ($5.38 in chips)
Seat 4: 9dbac750 ($6.02 in chips)
Seat 5: 8313eab3 ($3 in chips)
8313eab3: posts small blind $0.02
1b953f1d: posts big blind $0.05
*** HOLE CARDS ***
Dealt to 1b953f1d 
Dealt to 6706913c 
Dealt to Hero [4s Qd]
Dealt to 9dbac750 
Dealt to 8313eab3 
6706913c: folds
Hero: folds
9dbac750: raises $0.1 to $0.15
8313eab3: folds
1b953f1d: calls $0.1
*** FLOP *** [6d 4d Td]
1b953f1d: checks
9dbac750: bets $0.16
1b953f1d: folds
Uncalled bet ($0.16) returned to 9dbac750
*** SHOWDOWN ***
9dbac750 collected $0.31 from pot
*** SUMMARY ***
Total pot $0.32 | Rake $0.01 | Jackpot $0 | Bingo $0 | Fortune $0
Board [6d 4d Td]
Seat 1: 1b953f1d (big blind) folded on the Flop
Seat 2: 6706913c folded before Flop (didn't bet)
Seat 3: Hero folded before Flop (didn't bet)
Seat 4: 9dbac750 (button) won ($0.31)
Seat 5: 8313eab3 (small blind) folded before Flop


Poker Hand #HD1176605809: Hold'em No Limit  ($0.02/$0.05) - 2023/03/26 12:29:27
Table 'NLHBlue62' 6-max Seat #3 is the button
Seat 2: 6706913c ($5 in chips)
Seat 3: Hero ($5.31 in chips)
Seat 4: 9dbac750 ($6.04 in chips)
Seat 5: 8313eab3 ($3 in chips)
9dbac750: posts small blind $0.02
8313eab3: posts big blind $0.05
*** HOLE CARDS ***
Dealt to 6706913c 
Dealt to Hero [As 6s]
Dealt to 9dbac750 
Dealt to 8313eab3 
6706913c: folds
Hero: raises $0.07 to $0.12
9dbac750: folds
8313eab3: folds
Uncalled bet ($0.07) returned to Hero
*** SHOWDOWN ***
Hero collected $0.12 from pot
*** SUMMARY ***
Total pot $0.12 | Rake $0 | Jackpot $0 | Bingo $0 | Fortune $0
Seat 2: 6706913c folded before Flop (didn't bet)
Seat 3: Hero (button) collected ($0.12)
Seat 4: 9dbac750 (small blind) folded before Flop
Seat 5: 8313eab3 (big blind) folded before Flop


Poker Hand #HD1176605718: Hold'em No Limit  ($0.02/$0.05) - 2023/03/26 12:28:43
Table 'NLHBlue62' 6-max Seat #2 is the button
Seat 1: 1fac4564 ($4.21 in chips)
Seat 2: 6706913c ($5 in chips)
Seat 3: Hero ($5.33 in chips)
Seat 4: 9dbac750 ($5.9 in chips)
Seat 5: 8313eab3 ($3 in chips)
Seat 6: 42b2165b ($5.53 in chips)
Hero: posts small blind $0.02
9dbac750: posts big blind $0.05
*** HOLE CARDS ***
Dealt to 1fac4564 
Dealt to 6706913c 
Dealt to Hero [2s Th]
Dealt to 9dbac750 
Dealt to 8313eab3 
Dealt to 42b2165b 
8313eab3: folds
42b2165b: raises $0.08 to $0.13
1fac4564: folds
6706913c: folds
Hero: folds
9dbac750: calls $0.08
*** FLOP *** [8d 9s 4d]
9dbac750: checks
42b2165b: checks
*** TURN *** [8d 9s 4d] [4s]
9dbac750: bets $0.14
42b2165b: folds
Uncalled bet ($0.14) returned to 9dbac750
*** SHOWDOWN ***
9dbac750 collected $0.27 from pot
*** SUMMARY ***
Total pot $0.28 | Rake $0.01 | Jackpot $0 | Bingo $0 | Fortune $0
Board [8d 9s 4d 4s]
Seat 1: 1fac4564 folded before Flop (didn't bet)
Seat 2: 6706913c (button) folded before Flop (didn't bet)
Seat 3: Hero (small blind) folded before Flop
Seat 4: 9dbac750 (big blind) won ($0.27)
Seat 5: 8313eab3 folded before Flop (didn't bet)
Seat 6: 42b2165b folded on the Turn


Poker Hand #HD1176515603: Hold'em No Limit  ($0.02/$0.05) - 2023/03/26 12:27:41
Table 'NLHBlue62' 6-max Seat #1 is the button
Seat 1: 1fac4564 ($5 in chips)
Seat 2: 6706913c ($5 in chips)
Seat 3: Hero ($5.38 in chips)
Seat 4: 9dbac750 ($5.17 in chips)
Seat 5: 8313eab3 ($3 in chips)
Seat 6: 42b2165b ($5.53 in chips)
6706913c: posts small blind $0.02
Hero: posts big blind $0.05
*** HOLE CARDS ***
Dealt to 1fac4564 
Dealt to 6706913c 
Dealt to Hero [7s 5d]
Dealt to 9dbac750 
Dealt to 8313eab3 
Dealt to 42b2165b 
9dbac750: raises $0.05 to $0.1
8313eab3: folds
42b2165b: folds
1fac4564: calls $0.1
6706913c: folds
Hero: folds
*** FLOP *** [Kc 8d Tc]
9dbac750: bets $0.14
1fac4564: calls $0.14
*** TURN *** [Kc 8d Tc] [Ad]
9dbac750: bets $0.55
1fac4564: calls $0.55
*** RIVER *** [Kc 8d Tc Ad] [2h]
9dbac750: bets $1.24
1fac4564: folds
Uncalled bet ($1.24) returned to 9dbac750
*** SHOWDOWN ***
9dbac750 collected $1.52 from pot
*** SUMMARY ***
Total pot $1.65 | Rake $0.08 | Jackpot $0.05 | Bingo $0 | Fortune $0
Board [Kc 8d Tc Ad 2h]
Seat 1: 1fac4564 (button) folded on the River
Seat 2: 6706913c (small blind) folded before Flop
Seat 3: Hero (big blind) folded before Flop
Seat 4: 9dbac750 won ($1.52)
Seat 5: 8313eab3 folded before Flop (didn't bet)
Seat 6: 42b2165b folded before Flop (didn't bet)


