Poker Hand #HD1180000012: Hold'em No Limit  ($0.02/$0.05) - 2023/03/28 20:24:38
Table 'NLHBlue42' 6-max Seat #1 is the button
Seat 1: 736e13b8 ($6.21 in chips)
Seat 2: a67dd810 ($5.32 in chips)
Seat 3: 84dc1b5 ($7.16 in chips)
Seat 4: Hero ($5.12 in chips)
Seat 5: 1351c02 ($6.48 in chips)
a67dd810: posts small blind $0.02
84dc1b5: posts big blind $0.05
*** HOLE CARDS ***
Dealt to 736e13b8 
Dealt to a67dd810 
Dealt to 84dc1b5 
Dealt to Hero [3h 7d]
Dealt to 1351c02 
Hero: folds
1351c02: folds
736e13b8: folds
a67dd810: raises $0.1 to $0.15
84dc1b5: calls $0.1
*** FLOP *** [2c 7h Td]
a67dd810: bets $0.1
84dc1b5: calls $0.1
*** TURN *** [2c 7h Td] [5h]
a67dd810: checks
84dc1b5: bets $0.25
a67dd810: folds
Uncalled bet ($0.25) returned to 84dc1b5
*** SHOWDOWN ***
84dc1b5 collected $0.48 from pot
*** SUMMARY ***
Total pot $0.5 | Rake $0.02 | Jackpot $0 | Bingo $0 | Fortune $0
Board [2c 7h Td 5h]
Seat 1: 736e13b8 (button) folded before Flop (didn't bet)
Seat 2: a67dd810 (small blind) folded on the Turn
Seat 3: 84dc1b5 (big blind) won ($0.48)
Seat 4: Hero folded before Flop (didn't bet)
Seat 5: 1351c02 folded before Flop (didn't bet)


Poker Hand #HD1179999865: Hold'em No Limit  ($0.02/$0.05) - 2023/03/28 20:23:39
Table 'NLHBlue42' 6-max Seat #5 is the button
Seat 1: 736e13b8 ($6.56 in chips)
Seat 2: a67dd810 ($5 in chips)
Seat 3: 84dc1b5 ($7.16 in chips)
Seat 4: Hero ($5.12 in chips)
Seat 5: 1351c02 ($6.48 in chips)
736e13b8: posts small blind $0.02
a67dd810: posts big blind $0.05
*** HOLE CARDS ***
Dealt to 736e13b8 
Dealt to a67dd810 
Dealt to 84dc1b5 
Dealt to Hero [Kh 6s]
Dealt to 1351c02 
84dc1b5: folds
Hero: folds
1351c02: folds
736e13b8: calls $0.03
a67dd810: raises $0.15 to $0.2
736e13b8: calls $0.15
*** FLOP *** [Th Jc 4h]
736e13b8: checks
a67dd810: bets $0.15
736e13b8: calls $0.15
*** TURN *** [Th Jc 4h] [3c]
736e13b8: checks
a67dd810: checks
*** RIVER *** [Th Jc 4h 3c] [Jd]
736e13b8: checks
a67dd810: checks
736e13b8: shows [2d 2s] (Pair of Jacks and Pair of Twos)
a67dd810: shows [3s As] (Pair of Jacks and Pair of Treys)
*** SHOWDOWN ***
a67dd810 collected $0.67 from pot
*** SUMMARY ***
Total pot $0.7 | Rake $0.03 | Jackpot $0 | Bingo $0 | Fortune $0
Board [Th Jc 4h 3c Jd]
Seat 1: 736e13b8 (small blind) showed [2d 2s] and lost with Pair of Jacks and Pair of Twos
Seat 2: a67dd810 (big blind) showed [3s As] and won ($0.67) with Pair of Jacks and Pair of Treys
Seat 3: 84dc1b5 folded before Flop (didn't bet)
Seat 4: Hero folded before Flop (didn't bet)
Seat 5: 1351c02 (button) folded before Flop (didn't bet)


Poker Hand #HD1179999809: Hold'em No Limit  ($0.02/$0.05) - 2023/03/28 20:23:13
Table 'NLHBlue42' 6-max Seat #4 is the button
Seat 1: 736e13b8 ($6.61 in chips)
Seat 2: a67dd810 ($5 in chips)
Seat 3: 84dc1b5 ($7.16 in chips)
Seat 4: Hero ($5.12 in chips)
Seat 5: 1351c02 ($6.43 in chips)
1351c02: posts small blind $0.02
736e13b8: posts big blind $0.05
*** HOLE CARDS ***
Dealt to 736e13b8 
Dealt to a67dd810 
Dealt to 84dc1b5 
Dealt to Hero [4c 2s]
Dealt to 1351c02 
a67dd810: folds
84dc1b5: folds
Hero: folds
1351c02: raises $0.1 to $0.15
736e13b8: folds
Uncalled bet ($0.1) returned to 1351c02
*** SHOWDOWN ***
1351c02 collected $0.1 from pot
*** SUMMARY ***
Total pot $0.1 | Rake $0 | Jackpot $0 | Bingo $0 | Fortune $0
Seat 1: 736e13b8 (big blind) folded before Flop
Seat 2: a67dd810 folded before Flop (didn't bet)
Seat 3: 84dc1b5 folded before Flop (didn't bet)
Seat 4: Hero (button) folded before Flop (didn't bet)
Seat 5: 1351c02 (small blind) collected ($0.1)


Poker Hand #HD1179999705: Hold'em No Limit  ($0.02/$0.05) - 2023/03/28 20:22:35
Table 'NLHBlue42' 6-max Seat #3 is the button
Seat 1: 736e13b8 ($6.66 in chips)
Seat 2: a67dd810 ($5 in chips)
Seat 3: 84dc1b5 ($7.16 in chips)
Seat 4: Hero ($5.02 in chips)
Seat 5: 1351c02 ($6.48 in chips)
Hero: posts small blind $0.02
1351c02: posts big blind $0.05
*** HOLE CARDS ***
Dealt to 736e13b8 
Dealt to a67dd810 
Dealt to 84dc1b5 
Dealt to Hero [Kh Jd]
Dealt to 1351c02 
736e13b8: calls $0.05
a67dd810: folds
84dc1b5: folds
Hero: raises $0.23 to $0.28
1351c02: folds
736e13b8: folds
Uncalled bet ($0.23) returned to Hero
*** SHOWDOWN ***
Hero collected $0.15 from pot
*** SUMMARY ***
Total pot $0.15 | Rake $0 | Jackpot $0 | Bingo $0 | Fortune $0
Seat 1: 736e13b8 folded before Flop
Seat 2: a67dd810 folded before Flop (didn't bet)
Seat 3: 84dc1b5 (button) folded before Flop (didn't bet)
Seat 4: Hero (small blind) collected ($0.15)
Seat 5: 1351c02 (big blind) folded before Flop


Poker Hand #HD1179999531: Hold'em No Limit  ($0.02/$0.05) - 2023/03/28 20:21:27
Table 'NLHBlue42' 6-max Seat #2 is the button
Seat 1: 736e13b8 ($5.98 in chips)
Seat 2: a67dd810 ($5.03 in chips)
Seat 3: 84dc1b5 ($7.66 in chips)
Seat 4: Hero ($5.07 in chips)
84dc1b5: posts small blind $0.02
Hero: posts big blind $0.05
*** HOLE CARDS ***
Dealt to 736e13b8 
Dealt to a67dd810 
Dealt to 84dc1b5 
Dealt to Hero [4s 7d]
736e13b8: calls $0.05
a67dd810: calls $0.05
84dc1b5: raises $0.14 to $0.19
Hero: folds
736e13b8: calls $0.14
a67dd810: calls $0.14
*** FLOP *** [5c Th 9c]
84dc1b5: checks
736e13b8: checks
a67dd810: checks
*** TURN *** [5c Th 9c] [5d]
84dc1b5: bets $0.31
736e13b8: calls $0.31
a67dd810: folds
*** RIVER *** [5c Th 9c 5d] [8c]
84dc1b5: checks
736e13b8: bets $0.62
84dc1b5: folds
Uncalled bet ($0.62) returned to 736e13b8
*** SHOWDOWN ***
736e13b8 collected $1.18 from pot
*** SUMMARY ***
Total pot $1.24 | Rake $0.06 | Jackpot $0 | Bingo $0 | Fortune $0
Board [5c Th 9c 5d 8c]
Seat 1: 736e13b8 won ($1.18)
Seat 2: a67dd810 (button) folded on the Turn
Seat 3: 84dc1b5 (small blind) folded on the River
Seat 4: Hero (big blind) folded before Flop


Poker Hand #HD1179999506: Hold'em No Limit  ($0.02/$0.05) - 2023/03/28 20:21:17
Table 'NLHBlue42' 6-max Seat #1 is the button
Seat 1: 736e13b8 ($5.98 in chips)
Seat 2: a67dd810 ($5.05 in chips)
Seat 3: 84dc1b5 ($7.64 in chips)
Seat 4: Hero ($5.07 in chips)
a67dd810: posts small blind $0.02
84dc1b5: posts big blind $0.05
*** HOLE CARDS ***
Dealt to 736e13b8 
Dealt to a67dd810 
Dealt to 84dc1b5 
Dealt to Hero [2c 6h]
Hero: folds
736e13b8: folds
a67dd810: folds
Uncalled bet ($0.03) returned to 84dc1b5
*** SHOWDOWN ***
84dc1b5 collected $0.04 from pot
*** SUMMARY ***
Total pot $0.04 | Rake $0 | Jackpot $0 | Bingo $0 | Fortune $0
Seat 1: 736e13b8 (button) folded before Flop (didn't bet)
Seat 2: a67dd810 (small blind) folded before Flop
Seat 3: 84dc1b5 (big blind) collected ($0.04)
Seat 4: Hero folded before Flop (didn't bet)


Poker Hand #HD1179999411: Hold'em No Limit  ($0.02/$0.05) - 2023/03/28 20:20:45
Table 'NLHBlue42' 6-max Seat #4 is the button
Seat 1: 736e13b8 ($6.03 in chips)
Seat 2: a67dd810 ($5 in chips)
Seat 3: 84dc1b5 ($7.64 in chips)
Seat 4: Hero ($5.07 in chips)
736e13b8: posts small blind $0.02
a67dd810: posts big blind $0.05
*** HOLE CARDS ***
Dealt to 736e13b8 
Dealt to a67dd810 
Dealt to 84dc1b5 
Dealt to Hero [6c Ks]
84dc1b5: folds
Hero: folds
736e13b8: calls $0.03
a67dd810: checks
*** FLOP *** [8h 8s 2h]
736e13b8: checks
a67dd810: bets $0.07
736e13b8: folds
Uncalled bet ($0.07) returned to a67dd810
*** SHOWDOWN ***
a67dd810 collected $0.1 from pot
*** SUMMARY ***
Total pot $0.1 | Rake $0 | Jackpot $0 | Bingo $0 | Fortune $0
Board [8h 8s 2h]
Seat 1: 736e13b8 (small blind) folded on the Flop
Seat 2: a67dd810 (big blind) won ($0.1)
Seat 3: 84dc1b5 folded before Flop (didn't bet)
Seat 4: Hero (button) folded before Flop (didn't bet)


Poker Hand #HD1179999210: Hold'em No Limit  ($0.02/$0.05) - 2023/03/28 20:19:24
Table 'NLHBlue42' 6-max Seat #3 is the button
Seat 1: 736e13b8 ($5.96 in chips)
Seat 3: 84dc1b5 ($7.64 in chips)
Seat 4: Hero ($5.09 in chips)
Seat 6: f1a361af ($5.12 in chips)
Hero: posts small blind $0.02
f1a361af: posts big blind $0.05
*** HOLE CARDS ***
Dealt to 736e13b8 
Dealt to 84dc1b5 
Dealt to Hero [Ts 3d]
Dealt to f1a361af 
736e13b8: calls $0.05
84dc1b5: folds
Hero: folds
f1a361af: checks
*** FLOP *** [Qc 5c 8h]
f1a361af: checks
736e13b8: checks
*** TURN *** [Qc 5c 8h] [Td]
f1a361af: checks
736e13b8: bets $0.09
f1a361af: folds
Uncalled bet ($0.09) returned to 736e13b8
*** SHOWDOWN ***
736e13b8 collected $0.12 from pot
*** SUMMARY ***
Total pot $0.12 | Rake $0 | Jackpot $0 | Bingo $0 | Fortune $0
Board [Qc 5c 8h Td]
Seat 1: 736e13b8 won ($0.12)
Seat 3: 84dc1b5 (button) folded before Flop (didn't bet)
Seat 4: Hero (small blind) folded before Flop
Seat 6: f1a361af (big blind) folded on the Turn


Poker Hand #HD1179999167: Hold'em No Limit  ($0.02/$0.05) - 2023/03/28 20:19:12
Table 'NLHBlue42' 6-max Seat #1 is the button
Seat 1: 736e13b8 ($5.96 in chips)
Seat 3: 84dc1b5 ($7.66 in chips)
Seat 4: Hero ($5.14 in chips)
Seat 6: f1a361af ($5.05 in chips)
84dc1b5: posts small blind $0.02
Hero: posts big blind $0.05
*** HOLE CARDS ***
Dealt to 736e13b8 
Dealt to 84dc1b5 
Dealt to Hero [2h 9s]
Dealt to f1a361af 
f1a361af: raises $0.08 to $0.13
736e13b8: folds
84dc1b5: folds
Hero: folds
Uncalled bet ($0.08) returned to f1a361af
*** SHOWDOWN ***
f1a361af collected $0.12 from pot
*** SUMMARY ***
Total pot $0.12 | Rake $0 | Jackpot $0 | Bingo $0 | Fortune $0
Seat 1: 736e13b8 (button) folded before Flop (didn't bet)
Seat 3: 84dc1b5 (small blind) folded before Flop
Seat 4: Hero (big blind) folded before Flop
Seat 6: f1a361af collected ($0.12)


Poker Hand #HD1179999104: Hold'em No Limit  ($0.02/$0.05) - 2023/03/28 20:18:49
Table 'NLHBlue42' 6-max Seat #6 is the button
Seat 1: 736e13b8 ($5.91 in chips)
Seat 3: 84dc1b5 ($7.71 in chips)
Seat 4: Hero ($5.14 in chips)
Seat 6: f1a361af ($5.05 in chips)
736e13b8: posts small blind $0.02
84dc1b5: posts big blind $0.05
*** HOLE CARDS ***
Dealt to 736e13b8 
Dealt to 84dc1b5 
Dealt to Hero [Jc 6h]
Dealt to f1a361af 
Hero: folds
f1a361af: folds
736e13b8: calls $0.03
84dc1b5: checks
*** FLOP *** [Ac Ts 8c]
736e13b8: checks
84dc1b5: checks
*** TURN *** [Ac Ts 8c] [9d]
736e13b8: bets $0.1
84dc1b5: folds
Uncalled bet ($0.1) returned to 736e13b8
*** SHOWDOWN ***
736e13b8 collected $0.1 from pot
*** SUMMARY ***
Total pot $0.1 | Rake $0 | Jackpot $0 | Bingo $0 | Fortune $0
Board [Ac Ts 8c 9d]
Seat 1: 736e13b8 (small blind) won ($0.1)
Seat 3: 84dc1b5 (big blind) folded on the Turn
Seat 4: Hero folded before Flop (didn't bet)
Seat 6: f1a361af (button) folded before Flop (didn't bet)


Poker Hand #HD1179999037: Hold'em No Limit  ($0.02/$0.05) - 2023/03/28 20:18:21
Table 'NLHBlue42' 6-max Seat #4 is the button
Seat 1: 736e13b8 ($6.03 in chips)
Seat 3: 84dc1b5 ($7.58 in chips)
Seat 4: Hero ($5.14 in chips)
Seat 6: f1a361af ($5.07 in chips)
f1a361af: posts small blind $0.02
736e13b8: posts big blind $0.05
*** HOLE CARDS ***
Dealt to 736e13b8 
Dealt to 84dc1b5 
Dealt to Hero [As 5c]
Dealt to f1a361af 
84dc1b5: raises $0.07 to $0.12
Hero: folds
f1a361af: folds
736e13b8: calls $0.07
*** FLOP *** [Ad 7d 5s]
736e13b8: checks
84dc1b5: bets $0.09
736e13b8: folds
Uncalled bet ($0.09) returned to 84dc1b5
*** SHOWDOWN ***
84dc1b5 collected $0.25 from pot
*** SUMMARY ***
Total pot $0.26 | Rake $0.01 | Jackpot $0 | Bingo $0 | Fortune $0
Board [Ad 7d 5s]
Seat 1: 736e13b8 (big blind) folded on the Flop
Seat 3: 84dc1b5 won ($0.25)
Seat 4: Hero (button) folded before Flop (didn't bet)
Seat 6: f1a361af (small blind) folded before Flop


Poker Hand #HD1179999016: Hold'em No Limit  ($0.02/$0.05) - 2023/03/28 20:18:15
Table 'NLHBlue42' 6-max Seat #3 is the button
Seat 1: 736e13b8 ($6.03 in chips)
Seat 3: 84dc1b5 ($7.58 in chips)
Seat 4: Hero ($5.16 in chips)
Seat 6: f1a361af ($5.05 in chips)
Hero: posts small blind $0.02
f1a361af: posts big blind $0.05
*** HOLE CARDS ***
Dealt to 736e13b8 
Dealt to 84dc1b5 
Dealt to Hero [Jc 6s]
Dealt to f1a361af 
736e13b8: folds
84dc1b5: folds
Hero: folds
Uncalled bet ($0.03) returned to f1a361af
*** SHOWDOWN ***
f1a361af collected $0.04 from pot
*** SUMMARY ***
Total pot $0.04 | Rake $0 | Jackpot $0 | Bingo $0 | Fortune $0
Seat 1: 736e13b8 folded before Flop (didn't bet)
Seat 3: 84dc1b5 (button) folded before Flop (didn't bet)
Seat 4: Hero (small blind) folded before Flop
Seat 6: f1a361af (big blind) collected ($0.04)


Poker Hand #HD1179998923: Hold'em No Limit  ($0.02/$0.05) - 2023/03/28 20:17:37
Table 'NLHBlue42' 6-max Seat #1 is the button
Seat 1: 736e13b8 ($6.03 in chips)
Seat 3: 84dc1b5 ($7.6 in chips)
Seat 4: Hero ($5.02 in chips)
Seat 6: f1a361af ($5.18 in chips)
84dc1b5: posts small blind $0.02
Hero: posts big blind $0.05
*** HOLE CARDS ***
Dealt to 736e13b8 
Dealt to 84dc1b5 
Dealt to Hero [Jd 8d]
Dealt to f1a361af 
f1a361af: raises $0.08 to $0.13
736e13b8: folds
84dc1b5: folds
Hero: calls $0.08
*** FLOP *** [8s 3d 5s]
Hero: bets $0.14
f1a361af: folds
Uncalled bet ($0.14) returned to Hero
*** SHOWDOWN ***
Hero collected $0.27 from pot
*** SUMMARY ***
Total pot $0.28 | Rake $0.01 | Jackpot $0 | Bingo $0 | Fortune $0
Board [8s 3d 5s]
Seat 1: 736e13b8 (button) folded before Flop (didn't bet)
Seat 3: 84dc1b5 (small blind) folded before Flop
Seat 4: Hero (big blind) won ($0.27)
Seat 6: f1a361af folded on the Flop


Poker Hand #HD1179998846: Hold'em No Limit  ($0.02/$0.05) - 2023/03/28 20:17:10
Table 'NLHBlue42' 6-max Seat #6 is the button
Seat 1: 736e13b8 ($6.08 in chips)
Seat 3: 84dc1b5 ($7.55 in chips)
Seat 4: Hero ($5.02 in chips)
Seat 6: f1a361af ($5.18 in chips)
736e13b8: posts small blind $0.02
84dc1b5: posts big blind $0.05
*** HOLE CARDS ***
Dealt to 736e13b8 
Dealt to 84dc1b5 
Dealt to Hero [4d 7s]
Dealt to f1a361af 
Hero: folds
f1a361af: folds
736e13b8: calls $0.03
84dc1b5: raises $0.14 to $0.19
736e13b8: folds
Uncalled bet ($0.14) returned to 84dc1b5
*** SHOWDOWN ***
84dc1b5 collected $0.1 from pot
*** SUMMARY ***
Total pot $0.1 | Rake $0 | Jackpot $0 | Bingo $0 | Fortune $0
Seat 1: 736e13b8 (small blind) folded before Flop
Seat 3: 84dc1b5 (big blind) collected ($0.1)
Seat 4: Hero folded before Flop (didn't bet)
Seat 6: f1a361af (button) folded before Flop (didn't bet)


Poker Hand #HD1179998798: Hold'em No Limit  ($0.02/$0.05) - 2023/03/28 20:16:49
Table 'NLHBlue42' 6-max Seat #4 is the button
Seat 1: 736e13b8 ($6.13 in chips)
Seat 3: 84dc1b5 ($7.55 in chips)
Seat 4: Hero ($5.14 in chips)
Seat 6: f1a361af ($5.02 in chips)
f1a361af: posts small blind $0.02
736e13b8: posts big blind $0.05
*** HOLE CARDS ***
Dealt to 736e13b8 
Dealt to 84dc1b5 
Dealt to Hero [Td Ks]
Dealt to f1a361af 
84dc1b5: folds
Hero: raises $0.07 to $0.12
f1a361af: raises $0.38 to $0.5
736e13b8: folds
Hero: folds
Uncalled bet ($0.38) returned to f1a361af
*** SHOWDOWN ***
f1a361af collected $0.28 from pot
*** SUMMARY ***
Total pot $0.29 | Rake $0.01 | Jackpot $0 | Bingo $0 | Fortune $0
Seat 1: 736e13b8 (big blind) folded before Flop
Seat 3: 84dc1b5 folded before Flop (didn't bet)
Seat 4: Hero (button) folded before Flop
Seat 6: f1a361af (small blind) collected ($0.28)


Poker Hand #HD1179998782: Hold'em No Limit  ($0.02/$0.05) - 2023/03/28 20:16:43
Table 'NLHBlue42' 6-max Seat #3 is the button
Seat 1: 736e13b8 ($6.13 in chips)
Seat 3: 84dc1b5 ($7.55 in chips)
Seat 4: Hero ($5.16 in chips)
Seat 6: f1a361af ($5 in chips)
Hero: posts small blind $0.02
f1a361af: posts big blind $0.05
*** HOLE CARDS ***
Dealt to 736e13b8 
Dealt to 84dc1b5 
Dealt to Hero [9s 8d]
Dealt to f1a361af 
736e13b8: folds
84dc1b5: folds
Hero: folds
Uncalled bet ($0.03) returned to f1a361af
*** SHOWDOWN ***
f1a361af collected $0.04 from pot
*** SUMMARY ***
Total pot $0.04 | Rake $0 | Jackpot $0 | Bingo $0 | Fortune $0
Seat 1: 736e13b8 folded before Flop (didn't bet)
Seat 3: 84dc1b5 (button) folded before Flop (didn't bet)
Seat 4: Hero (small blind) folded before Flop
Seat 6: f1a361af (big blind) collected ($0.04)


Poker Hand #HD1179998682: Hold'em No Limit  ($0.02/$0.05) - 2023/03/28 20:16:00
Table 'NLHBlue42' 6-max Seat #1 is the button
Seat 1: 736e13b8 ($6.06 in chips)
Seat 3: 84dc1b5 ($7.57 in chips)
Seat 4: Hero ($5.21 in chips)
Seat 6: f1a361af ($5 in chips)
84dc1b5: posts small blind $0.02
Hero: posts big blind $0.05
*** HOLE CARDS ***
Dealt to 736e13b8 
Dealt to 84dc1b5 
Dealt to Hero [9c 4d]
Dealt to f1a361af 
f1a361af: folds
736e13b8: calls $0.05
84dc1b5: folds
Hero: checks
*** FLOP *** [As Jd 5c]
Hero: checks
736e13b8: bets $0.06
Hero: folds
Uncalled bet ($0.06) returned to 736e13b8
*** SHOWDOWN ***
736e13b8 collected $0.12 from pot
*** SUMMARY ***
Total pot $0.12 | Rake $0 | Jackpot $0 | Bingo $0 | Fortune $0
Board [As Jd 5c]
Seat 1: 736e13b8 (button) won ($0.12)
Seat 3: 84dc1b5 (small blind) folded before Flop
Seat 4: Hero (big blind) folded on the Flop
Seat 6: f1a361af folded before Flop (didn't bet)


Poker Hand #HD1179998621: Hold'em No Limit  ($0.02/$0.05) - 2023/03/28 20:15:40
Table 'NLHBlue42' 6-max Seat #6 is the button
Seat 1: 736e13b8 ($6.11 in chips)
Seat 3: 84dc1b5 ($7.52 in chips)
Seat 4: Hero ($5.21 in chips)
Seat 6: f1a361af ($5 in chips)
736e13b8: posts small blind $0.02
84dc1b5: posts big blind $0.05
*** HOLE CARDS ***
Dealt to 736e13b8 
Dealt to 84dc1b5 
Dealt to Hero [5c 3h]
Dealt to f1a361af 
Hero: folds
f1a361af: folds
736e13b8: calls $0.03
84dc1b5: checks
*** FLOP *** [7c Kc 7d]
736e13b8: checks
84dc1b5: bets $0.05
736e13b8: folds
Uncalled bet ($0.05) returned to 84dc1b5
*** SHOWDOWN ***
84dc1b5 collected $0.1 from pot
*** SUMMARY ***
Total pot $0.1 | Rake $0 | Jackpot $0 | Bingo $0 | Fortune $0
Board [7c Kc 7d]
Seat 1: 736e13b8 (small blind) folded on the Flop
Seat 3: 84dc1b5 (big blind) won ($0.1)
Seat 4: Hero folded before Flop (didn't bet)
Seat 6: f1a361af (button) folded before Flop (didn't bet)


Poker Hand #HD1179998484: Hold'em No Limit  ($0.02/$0.05) - 2023/03/28 20:14:50
Table 'NLHBlue42' 6-max Seat #4 is the button
Seat 1: 736e13b8 ($5.66 in chips)
Seat 2: c767015 ($6.3 in chips)
Seat 3: 84dc1b5 ($7.87 in chips)
Seat 4: Hero ($5.21 in chips)
Seat 6: f1a361af ($5.03 in chips)
f1a361af: posts small blind $0.02
736e13b8: posts big blind $0.05
*** HOLE CARDS ***
Dealt to 736e13b8 
Dealt to c767015 
Dealt to 84dc1b5 
Dealt to Hero [2c Th]
Dealt to f1a361af 
c767015: folds
84dc1b5: raises $0.09 to $0.14
Hero: folds
f1a361af: calls $0.12
736e13b8: calls $0.09
*** FLOP *** [4c Jc 3d]
f1a361af: checks
736e13b8: bets $0.21
84dc1b5: calls $0.21
f1a361af: folds
*** TURN *** [4c Jc 3d] [6h]
736e13b8: bets $0.42
84dc1b5: folds
Uncalled bet ($0.42) returned to 736e13b8
*** SHOWDOWN ***
736e13b8 collected $0.8 from pot
*** SUMMARY ***
Total pot $0.84 | Rake $0.04 | Jackpot $0 | Bingo $0 | Fortune $0
Board [4c Jc 3d 6h]
Seat 1: 736e13b8 (big blind) won ($0.8)
Seat 2: c767015 folded before Flop (didn't bet)
Seat 3: 84dc1b5 folded on the Turn
Seat 4: Hero (button) folded before Flop (didn't bet)
Seat 6: f1a361af (small blind) folded on the Flop


Poker Hand #HD1179998417: Hold'em No Limit  ($0.02/$0.05) - 2023/03/28 20:14:20
Table 'NLHBlue42' 6-max Seat #3 is the button
Seat 1: 736e13b8 ($5.66 in chips)
Seat 2: c767015 ($6.3 in chips)
Seat 3: 84dc1b5 ($7.87 in chips)
Seat 4: Hero ($5.08 in chips)
Seat 6: f1a361af ($5.17 in chips)
Hero: posts small blind $0.02
f1a361af: posts big blind $0.05
*** HOLE CARDS ***
Dealt to 736e13b8 
Dealt to c767015 
Dealt to 84dc1b5 
Dealt to Hero [Kd Tc]
Dealt to f1a361af 
736e13b8: folds
c767015: folds
84dc1b5: folds
Hero: raises $0.09 to $0.14
f1a361af: calls $0.09
*** FLOP *** [7d Ac Jh]
Hero: bets $0.21
f1a361af: folds
Uncalled bet ($0.21) returned to Hero
*** SHOWDOWN ***
Hero collected $0.27 from pot
*** SUMMARY ***
Total pot $0.28 | Rake $0.01 | Jackpot $0 | Bingo $0 | Fortune $0
Board [7d Ac Jh]
Seat 1: 736e13b8 folded before Flop (didn't bet)
Seat 2: c767015 folded before Flop (didn't bet)
Seat 3: 84dc1b5 (button) folded before Flop (didn't bet)
Seat 4: Hero (small blind) won ($0.27)
Seat 6: f1a361af (big blind) folded on the Flop


Poker Hand #HD1179998361: Hold'em No Limit  ($0.02/$0.05) - 2023/03/28 20:14:00
Table 'NLHBlue42' 6-max Seat #2 is the button
Seat 1: 736e13b8 ($5.66 in chips)
Seat 2: c767015 ($6.23 in chips)
Seat 3: 84dc1b5 ($7.89 in chips)
Seat 4: Hero ($5.13 in chips)
Seat 6: f1a361af ($5.17 in chips)
84dc1b5: posts small blind $0.02
Hero: posts big blind $0.05
*** HOLE CARDS ***
Dealt to 736e13b8 
Dealt to c767015 
Dealt to 84dc1b5 
Dealt to Hero [Ts 3s]
Dealt to f1a361af 
f1a361af: folds
736e13b8: folds
c767015: raises $0.08 to $0.13
84dc1b5: folds
Hero: folds
Uncalled bet ($0.08) returned to c767015
*** SHOWDOWN ***
c767015 collected $0.12 from pot
*** SUMMARY ***
Total pot $0.12 | Rake $0 | Jackpot $0 | Bingo $0 | Fortune $0
Seat 1: 736e13b8 folded before Flop (didn't bet)
Seat 2: c767015 (button) collected ($0.12)
Seat 3: 84dc1b5 (small blind) folded before Flop
Seat 4: Hero (big blind) folded before Flop
Seat 6: f1a361af folded before Flop (didn't bet)


Poker Hand #HD1179998194: Hold'em No Limit  ($0.02/$0.05) - 2023/03/28 20:13:02
Table 'NLHBlue42' 6-max Seat #1 is the button
Seat 1: 736e13b8 ($5.54 in chips)
Seat 2: c767015 ($6.25 in chips)
Seat 3: 84dc1b5 ($8 in chips)
Seat 4: Hero ($5.13 in chips)
Seat 6: f1a361af ($5.17 in chips)
c767015: posts small blind $0.02
84dc1b5: posts big blind $0.05
*** HOLE CARDS ***
Dealt to 736e13b8 
Dealt to c767015 
Dealt to 84dc1b5 
Dealt to Hero [8c Qc]
Dealt to f1a361af 
Hero: folds
f1a361af: folds
736e13b8: calls $0.05
c767015: folds
84dc1b5: checks
*** FLOP *** [3s 8s Qh]
84dc1b5: checks
736e13b8: checks
*** TURN *** [3s 8s Qh] [6d]
84dc1b5: bets $0.06
736e13b8: calls $0.06
*** RIVER *** [3s 8s Qh 6d] [Kc]
84dc1b5: checks
736e13b8: checks
84dc1b5: shows [4c 2c] (King-High)
736e13b8: shows [As Tc] (Ace-High)
*** SHOWDOWN ***
736e13b8 collected $0.23 from pot
*** SUMMARY ***
Total pot $0.24 | Rake $0.01 | Jackpot $0 | Bingo $0 | Fortune $0
Board [3s 8s Qh 6d Kc]
Seat 1: 736e13b8 (button) showed [As Tc] and won ($0.23) with Ace-High
Seat 2: c767015 (small blind) folded before Flop
Seat 3: 84dc1b5 (big blind) showed [4c 2c] and lost with King-High
Seat 4: Hero folded before Flop (didn't bet)
Seat 6: f1a361af folded before Flop (didn't bet)


Poker Hand #HD1179998105: Hold'em No Limit  ($0.02/$0.05) - 2023/03/28 20:12:25
Table 'NLHBlue42' 6-max Seat #6 is the button
Seat 1: 736e13b8 ($5.67 in chips)
Seat 2: c767015 ($6.3 in chips)
Seat 3: 84dc1b5 ($8 in chips)
Seat 4: Hero ($5.13 in chips)
Seat 6: f1a361af ($5 in chips)
736e13b8: posts small blind $0.02
c767015: posts big blind $0.05
*** HOLE CARDS ***
Dealt to 736e13b8 
Dealt to c767015 
Dealt to 84dc1b5 
Dealt to Hero [3c 9s]
Dealt to f1a361af 
84dc1b5: folds
Hero: folds
f1a361af: raises $0.08 to $0.13
736e13b8: calls $0.11
c767015: folds
*** FLOP *** [Qc Qh 5c]
736e13b8: checks
f1a361af: bets $0.18
736e13b8: folds
Uncalled bet ($0.18) returned to f1a361af
*** SHOWDOWN ***
f1a361af collected $0.3 from pot
*** SUMMARY ***
Total pot $0.31 | Rake $0.01 | Jackpot $0 | Bingo $0 | Fortune $0
Board [Qc Qh 5c]
Seat 1: 736e13b8 (small blind) folded on the Flop
Seat 2: c767015 (big blind) folded before Flop
Seat 3: 84dc1b5 folded before Flop (didn't bet)
Seat 4: Hero folded before Flop (didn't bet)
Seat 6: f1a361af (button) won ($0.3)


Poker Hand #HD1179998065: Hold'em No Limit  ($0.02/$0.05) - 2023/03/28 20:12:12
Table 'NLHBlue42' 6-max Seat #4 is the button
Seat 1: 736e13b8 ($5.65 in chips)
Seat 2: c767015 ($6.3 in chips)
Seat 3: 84dc1b5 ($8 in chips)
Seat 4: Hero ($5.13 in chips)
Seat 6: f1a361af ($5.02 in chips)
f1a361af: posts small blind $0.02
736e13b8: posts big blind $0.05
*** HOLE CARDS ***
Dealt to 736e13b8 
Dealt to c767015 
Dealt to 84dc1b5 
Dealt to Hero [6d Ks]
Dealt to f1a361af 
c767015: folds
84dc1b5: folds
Hero: folds
f1a361af: folds
Uncalled bet ($0.03) returned to 736e13b8
*** SHOWDOWN ***
736e13b8 collected $0.04 from pot
*** SUMMARY ***
Total pot $0.04 | Rake $0 | Jackpot $0 | Bingo $0 | Fortune $0
Seat 1: 736e13b8 (big blind) collected ($0.04)
Seat 2: c767015 folded before Flop (didn't bet)
Seat 3: 84dc1b5 folded before Flop (didn't bet)
Seat 4: Hero (button) folded before Flop (didn't bet)
Seat 6: f1a361af (small blind) folded before Flop


Poker Hand #HD1179998020: Hold'em No Limit  ($0.02/$0.05) - 2023/03/28 20:11:55
Table 'NLHBlue42' 6-max Seat #3 is the button
Seat 1: 736e13b8 ($5.65 in chips)
Seat 2: c767015 ($6.3 in chips)
Seat 3: 84dc1b5 ($8 in chips)
Seat 4: Hero ($5.15 in chips)
Seat 6: f1a361af ($5 in chips)
Hero: posts small blind $0.02
f1a361af: posts big blind $0.05
*** HOLE CARDS ***
Dealt to 736e13b8 
Dealt to c767015 
Dealt to 84dc1b5 
Dealt to Hero [3c 5c]
Dealt to f1a361af 
736e13b8: folds
c767015: folds
84dc1b5: folds
Hero: folds
Uncalled bet ($0.03) returned to f1a361af
*** SHOWDOWN ***
f1a361af collected $0.04 from pot
*** SUMMARY ***
Total pot $0.04 | Rake $0 | Jackpot $0 | Bingo $0 | Fortune $0
Seat 1: 736e13b8 folded before Flop (didn't bet)
Seat 2: c767015 folded before Flop (didn't bet)
Seat 3: 84dc1b5 (button) folded before Flop (didn't bet)
Seat 4: Hero (small blind) folded before Flop
Seat 6: f1a361af (big blind) collected ($0.04)


Poker Hand #HD1179997982: Hold'em No Limit  ($0.02/$0.05) - 2023/03/28 20:11:39
Table 'NLHBlue42' 6-max Seat #2 is the button
Seat 1: 736e13b8 ($5.65 in chips)
Seat 2: c767015 ($6.3 in chips)
Seat 3: 84dc1b5 ($8.02 in chips)
Seat 4: Hero ($5.13 in chips)
Seat 5: 1351c02 ($6.48 in chips)
Seat 6: f1a361af ($5 in chips)
84dc1b5: posts small blind $0.02
Hero: posts big blind $0.05
*** HOLE CARDS ***
Dealt to 736e13b8 
Dealt to c767015 
Dealt to 84dc1b5 
Dealt to Hero [Tc Kd]
Dealt to 1351c02 
Dealt to f1a361af 
1351c02: folds
f1a361af: folds
736e13b8: folds
c767015: folds
84dc1b5: folds
Uncalled bet ($0.03) returned to Hero
*** SHOWDOWN ***
Hero collected $0.04 from pot
*** SUMMARY ***
Total pot $0.04 | Rake $0 | Jackpot $0 | Bingo $0 | Fortune $0
Seat 1: 736e13b8 folded before Flop (didn't bet)
Seat 2: c767015 (button) folded before Flop (didn't bet)
Seat 3: 84dc1b5 (small blind) folded before Flop
Seat 4: Hero (big blind) collected ($0.04)
Seat 5: 1351c02 folded before Flop (didn't bet)
Seat 6: f1a361af folded before Flop (didn't bet)


Poker Hand #HD1179997849: Hold'em No Limit  ($0.02/$0.05) - 2023/03/28 20:10:42
Table 'NLHBlue42' 6-max Seat #1 is the button
Seat 1: 736e13b8 ($5.65 in chips)
Seat 2: c767015 ($6.32 in chips)
Seat 3: 84dc1b5 ($8.25 in chips)
Seat 4: Hero ($5.13 in chips)
Seat 5: 1351c02 ($6.25 in chips)
Seat 6: f1a361af ($5 in chips)
c767015: posts small blind $0.02
84dc1b5: posts big blind $0.05
*** HOLE CARDS ***
Dealt to 736e13b8 
Dealt to c767015 
Dealt to 84dc1b5 
Dealt to Hero [8s Ks]
Dealt to 1351c02 
Dealt to f1a361af 
Hero: folds
1351c02: raises $0.08 to $0.13
f1a361af: folds
736e13b8: folds
c767015: folds
84dc1b5: calls $0.08
*** FLOP *** [4d Qs 4h]
84dc1b5: checks
1351c02: bets $0.1
84dc1b5: calls $0.1
*** TURN *** [4d Qs 4h] [Qc]
84dc1b5: checks
1351c02: checks
*** RIVER *** [4d Qs 4h Qc] [Ad]
84dc1b5: checks
1351c02: checks
84dc1b5: shows [Td 9h] (Pair of Queens and Pair of Fours)
1351c02: shows [5s 5c] (Pair of Queens and Pair of Fives)
*** SHOWDOWN ***
1351c02 collected $0.46 from pot
*** SUMMARY ***
Total pot $0.48 | Rake $0.02 | Jackpot $0 | Bingo $0 | Fortune $0
Board [4d Qs 4h Qc Ad]
Seat 1: 736e13b8 (button) folded before Flop (didn't bet)
Seat 2: c767015 (small blind) folded before Flop
Seat 3: 84dc1b5 (big blind) showed [Td 9h] and lost with Pair of Queens and Pair of Fours
Seat 4: Hero folded before Flop (didn't bet)
Seat 5: 1351c02 showed [5s 5c] and won ($0.46) with Pair of Queens and Pair of Fives
Seat 6: f1a361af folded before Flop (didn't bet)


Poker Hand #HD1179997674: Hold'em No Limit  ($0.02/$0.05) - 2023/03/28 20:09:39
Table 'NLHBlue42' 6-max Seat #6 is the button
Seat 1: 736e13b8 ($5.48 in chips)
Seat 2: c767015 ($6.37 in chips)
Seat 3: 84dc1b5 ($8.25 in chips)
Seat 4: Hero ($5.13 in chips)
Seat 5: 1351c02 ($6.25 in chips)
Seat 6: f1a361af ($5.03 in chips)
736e13b8: posts small blind $0.02
c767015: posts big blind $0.05
*** HOLE CARDS ***
Dealt to 736e13b8 
Dealt to c767015 
Dealt to 84dc1b5 
Dealt to Hero [8s 6c]
Dealt to 1351c02 
Dealt to f1a361af 
84dc1b5: folds
Hero: folds
1351c02: folds
f1a361af: raises $0.08 to $0.13
736e13b8: calls $0.11
c767015: folds
*** FLOP *** [Js 6h 5c]
736e13b8: checks
f1a361af: checks
*** TURN *** [Js 6h 5c] [3c]
736e13b8: checks
f1a361af: checks
*** RIVER *** [Js 6h 5c 3c] [3h]
736e13b8: bets $0.11
f1a361af: folds
Uncalled bet ($0.11) returned to 736e13b8
*** SHOWDOWN ***
736e13b8 collected $0.3 from pot
*** SUMMARY ***
Total pot $0.31 | Rake $0.01 | Jackpot $0 | Bingo $0 | Fortune $0
Board [Js 6h 5c 3c 3h]
Seat 1: 736e13b8 (small blind) won ($0.3)
Seat 2: c767015 (big blind) folded before Flop
Seat 3: 84dc1b5 folded before Flop (didn't bet)
Seat 4: Hero folded before Flop (didn't bet)
Seat 5: 1351c02 folded before Flop (didn't bet)
Seat 6: f1a361af (button) folded on the River


Poker Hand #HD1179997532: Hold'em No Limit  ($0.02/$0.05) - 2023/03/28 20:08:45
Table 'NLHBlue42' 6-max Seat #5 is the button
Seat 1: 736e13b8 ($5.61 in chips)
Seat 2: c767015 ($6.13 in chips)
Seat 3: 84dc1b5 ($8.25 in chips)
Seat 4: Hero ($5.13 in chips)
Seat 5: 1351c02 ($6.25 in chips)
Seat 6: f1a361af ($5.16 in chips)
f1a361af: posts small blind $0.02
736e13b8: posts big blind $0.05
*** HOLE CARDS ***
Dealt to 736e13b8 
Dealt to c767015 
Dealt to 84dc1b5 
Dealt to Hero [4c Qs]
Dealt to 1351c02 
Dealt to f1a361af 
c767015: raises $0.08 to $0.13
84dc1b5: folds
Hero: folds
1351c02: folds
f1a361af: calls $0.11
736e13b8: calls $0.08
*** FLOP *** [Td Kd 6c]
f1a361af: checks
736e13b8: checks
c767015: bets $0.2
f1a361af: folds
736e13b8: folds
Uncalled bet ($0.2) returned to c767015
*** SHOWDOWN ***
c767015 collected $0.37 from pot
*** SUMMARY ***
Total pot $0.39 | Rake $0.02 | Jackpot $0 | Bingo $0 | Fortune $0
Board [Td Kd 6c]
Seat 1: 736e13b8 (big blind) folded on the Flop
Seat 2: c767015 won ($0.37)
Seat 3: 84dc1b5 folded before Flop (didn't bet)
Seat 4: Hero folded before Flop (didn't bet)
Seat 5: 1351c02 (button) folded before Flop (didn't bet)
Seat 6: f1a361af (small blind) folded on the Flop


Poker Hand #HD1179997319: Hold'em No Limit  ($0.02/$0.05) - 2023/03/28 20:07:25
Table 'NLHBlue42' 6-max Seat #4 is the button
Seat 1: 736e13b8 ($5.76 in chips)
Seat 2: c767015 ($6.13 in chips)
Seat 3: 84dc1b5 ($8.25 in chips)
Seat 4: Hero ($5.13 in chips)
Seat 5: 1351c02 ($6.06 in chips)
Seat 6: f1a361af ($5.21 in chips)
1351c02: posts small blind $0.02
f1a361af: posts big blind $0.05
*** HOLE CARDS ***
Dealt to 736e13b8 
Dealt to c767015 
Dealt to 84dc1b5 
Dealt to Hero [Qd 6c]
Dealt to 1351c02 
Dealt to f1a361af 
736e13b8: calls $0.05
c767015: folds
84dc1b5: folds
Hero: folds
1351c02: raises $0.1 to $0.15
f1a361af: folds
736e13b8: calls $0.1
*** FLOP *** [4d 5c Qc]
1351c02: checks
736e13b8: checks
*** TURN *** [4d 5c Qc] [Qs]
1351c02: checks
736e13b8: checks
*** RIVER *** [4d 5c Qc Qs] [6s]
1351c02: checks
736e13b8: checks
1351c02: shows [Jc Kd] (Pair of Queens)
736e13b8: shows [Td Jh] (Pair of Queens)
*** SHOWDOWN ***
1351c02 collected $0.34 from pot
*** SUMMARY ***
Total pot $0.35 | Rake $0.01 | Jackpot $0 | Bingo $0 | Fortune $0
Board [4d 5c Qc Qs 6s]
Seat 1: 736e13b8 showed [Td Jh] and lost with Pair of Queens
Seat 2: c767015 folded before Flop (didn't bet)
Seat 3: 84dc1b5 folded before Flop (didn't bet)
Seat 4: Hero (button) folded before Flop (didn't bet)
Seat 5: 1351c02 (small blind) showed [Jc Kd] and won ($0.34) with Pair of Queens
Seat 6: f1a361af (big blind) folded before Flop


Poker Hand #HD1179997191: Hold'em No Limit  ($0.02/$0.05) - 2023/03/28 20:06:37
Table 'NLHBlue42' 6-max Seat #3 is the button
Seat 1: 736e13b8 ($5.76 in chips)
Seat 2: c767015 ($6.13 in chips)
Seat 3: 84dc1b5 ($8.25 in chips)
Seat 4: Hero ($5 in chips)
Seat 5: 1351c02 ($6.2 in chips)
Seat 6: f1a361af ($5.21 in chips)
Hero: posts small blind $0.02
1351c02: posts big blind $0.05
*** HOLE CARDS ***
Dealt to 736e13b8 
Dealt to c767015 
Dealt to 84dc1b5 
Dealt to Hero [Qh Ah]
Dealt to 1351c02 
Dealt to f1a361af 
f1a361af: folds
736e13b8: folds
c767015: folds
84dc1b5: folds
Hero: raises $0.09 to $0.14
1351c02: calls $0.09
*** FLOP *** [2d 8s Kc]
Hero: bets $0.1
1351c02: folds
Uncalled bet ($0.1) returned to Hero
*** SHOWDOWN ***
Hero collected $0.27 from pot
*** SUMMARY ***
Total pot $0.28 | Rake $0.01 | Jackpot $0 | Bingo $0 | Fortune $0
Board [2d 8s Kc]
Seat 1: 736e13b8 folded before Flop (didn't bet)
Seat 2: c767015 folded before Flop (didn't bet)
Seat 3: 84dc1b5 (button) folded before Flop (didn't bet)
Seat 4: Hero (small blind) won ($0.27)
Seat 5: 1351c02 (big blind) folded on the Flop
Seat 6: f1a361af folded before Flop (didn't bet)


Poker Hand #HD1179997013: Hold'em No Limit  ($0.02/$0.05) - 2023/03/28 20:05:27
Table 'NLHBlue42' 6-max Seat #2 is the button
Seat 1: 736e13b8 ($5.96 in chips)
Seat 2: c767015 ($5.57 in chips)
Seat 3: 84dc1b5 ($8.45 in chips)
Seat 4: Hero ($5.07 in chips)
Seat 5: 1351c02 ($6.2 in chips)
Seat 6: f1a361af ($5.21 in chips)
84dc1b5: posts small blind $0.02
Hero: posts big blind $0.05
*** HOLE CARDS ***
Dealt to 736e13b8 
Dealt to c767015 
Dealt to 84dc1b5 
Dealt to Hero [2d 2h]
Dealt to 1351c02 
Dealt to f1a361af 
1351c02: folds
f1a361af: folds
736e13b8: calls $0.05
c767015: raises $0.15 to $0.2
84dc1b5: calls $0.18
Hero: calls $0.15
736e13b8: calls $0.15
*** FLOP *** [5h Ac 4c]
84dc1b5: checks
Hero: checks
736e13b8: checks
c767015: checks
*** TURN *** [5h Ac 4c] [Ad]
84dc1b5: checks
Hero: checks
736e13b8: checks
c767015: bets $0.4
84dc1b5: folds
Hero: folds
736e13b8: folds
Uncalled bet ($0.4) returned to c767015
*** SHOWDOWN ***
c767015 collected $0.76 from pot
*** SUMMARY ***
Total pot $0.8 | Rake $0.04 | Jackpot $0 | Bingo $0 | Fortune $0
Board [5h Ac 4c Ad]
Seat 1: 736e13b8 folded on the Turn
Seat 2: c767015 (button) won ($0.76)
Seat 3: 84dc1b5 (small blind) folded on the Turn
Seat 4: Hero (big blind) folded on the Turn
Seat 5: 1351c02 folded before Flop (didn't bet)
Seat 6: f1a361af folded before Flop (didn't bet)


Poker Hand #HD1179996903: Hold'em No Limit  ($0.02/$0.05) - 2023/03/28 20:04:45
Table 'NLHBlue42' 6-max Seat #1 is the button
Seat 1: 736e13b8 ($5.96 in chips)
Seat 2: c767015 ($5.72 in chips)
Seat 3: 84dc1b5 ($8.31 in chips)
Seat 4: Hero ($5.07 in chips)
Seat 5: 1351c02 ($6.2 in chips)
Seat 6: f1a361af ($5.21 in chips)
c767015: posts small blind $0.02
84dc1b5: posts big blind $0.05
*** HOLE CARDS ***
Dealt to 736e13b8 
Dealt to c767015 
Dealt to 84dc1b5 
Dealt to Hero [9s 2s]
Dealt to 1351c02 
Dealt to f1a361af 
Hero: folds
1351c02: folds
f1a361af: folds
736e13b8: folds
c767015: raises $0.1 to $0.15
84dc1b5: calls $0.1
*** FLOP *** [9d 7s 9h]
c767015: checks
84dc1b5: bets $0.1
c767015: folds
Uncalled bet ($0.1) returned to 84dc1b5
*** SHOWDOWN ***
84dc1b5 collected $0.29 from pot
*** SUMMARY ***
Total pot $0.3 | Rake $0.01 | Jackpot $0 | Bingo $0 | Fortune $0
Board [9d 7s 9h]
Seat 1: 736e13b8 (button) folded before Flop (didn't bet)
Seat 2: c767015 (small blind) folded on the Flop
Seat 3: 84dc1b5 (big blind) won ($0.29)
Seat 4: Hero folded before Flop (didn't bet)
Seat 5: 1351c02 folded before Flop (didn't bet)
Seat 6: f1a361af folded before Flop (didn't bet)


Poker Hand #HD1179996774: Hold'em No Limit  ($0.02/$0.05) - 2023/03/28 20:04:01
Table 'NLHBlue42' 6-max Seat #6 is the button
Seat 1: 736e13b8 ($5.98 in chips)
Seat 2: c767015 ($5.44 in chips)
Seat 3: 84dc1b5 ($8.45 in chips)
Seat 4: Hero ($5.07 in chips)
Seat 5: 1351c02 ($6.34 in chips)
Seat 6: f1a361af ($5.21 in chips)
736e13b8: posts small blind $0.02
c767015: posts big blind $0.05
*** HOLE CARDS ***
Dealt to 736e13b8 
Dealt to c767015 
Dealt to 84dc1b5 
Dealt to Hero [5c 7d]
Dealt to 1351c02 
Dealt to f1a361af 
84dc1b5: raises $0.09 to $0.14
Hero: folds
1351c02: calls $0.14
f1a361af: folds
736e13b8: folds
c767015: raises $0.56 to $0.7
84dc1b5: folds
1351c02: folds
Uncalled bet ($0.56) returned to c767015
*** SHOWDOWN ***
c767015 collected $0.42 from pot
*** SUMMARY ***
Total pot $0.44 | Rake $0.02 | Jackpot $0 | Bingo $0 | Fortune $0
Seat 1: 736e13b8 (small blind) folded before Flop
Seat 2: c767015 (big blind) collected ($0.42)
Seat 3: 84dc1b5 folded before Flop
Seat 4: Hero folded before Flop (didn't bet)
Seat 5: 1351c02 folded before Flop
Seat 6: f1a361af (button) folded before Flop (didn't bet)


Poker Hand #HD1179996688: Hold'em No Limit  ($0.02/$0.05) - 2023/03/28 20:03:25
Table 'NLHBlue42' 6-max Seat #5 is the button
Seat 1: 736e13b8 ($6.03 in chips)
Seat 2: c767015 ($5.44 in chips)
Seat 3: 84dc1b5 ($8.45 in chips)
Seat 4: Hero ($5 in chips)
Seat 5: 1351c02 ($6.34 in chips)
Seat 6: f1a361af ($5.23 in chips)
f1a361af: posts small blind $0.02
736e13b8: posts big blind $0.05
*** HOLE CARDS ***
Dealt to 736e13b8 
Dealt to c767015 
Dealt to 84dc1b5 
Dealt to Hero [Th Jc]
Dealt to 1351c02 
Dealt to f1a361af 
c767015: folds
84dc1b5: folds
Hero: raises $0.07 to $0.12
1351c02: folds
f1a361af: folds
736e13b8: folds
Uncalled bet ($0.07) returned to Hero
*** SHOWDOWN ***
Hero collected $0.12 from pot
*** SUMMARY ***
Total pot $0.12 | Rake $0 | Jackpot $0 | Bingo $0 | Fortune $0
Seat 1: 736e13b8 (big blind) folded before Flop
Seat 2: c767015 folded before Flop (didn't bet)
Seat 3: 84dc1b5 folded before Flop (didn't bet)
Seat 4: Hero collected ($0.12)
Seat 5: 1351c02 (button) folded before Flop (didn't bet)
Seat 6: f1a361af (small blind) folded before Flop


Poker Hand #HD1179996492: Hold'em No Limit  ($0.02/$0.05) - 2023/03/28 20:02:09
Table 'NLHBlue42' 6-max Seat #4 is the button
Seat 1: 736e13b8 ($6.03 in chips)
Seat 2: c767015 ($5.27 in chips)
Seat 3: 84dc1b5 ($8.45 in chips)
Seat 4: Hero ($5 in chips)
Seat 5: 1351c02 ($6.47 in chips)
Seat 6: f1a361af ($5.28 in chips)
1351c02: posts small blind $0.02
f1a361af: posts big blind $0.05
*** HOLE CARDS ***
Dealt to 736e13b8 
Dealt to c767015 
Dealt to 84dc1b5 
Dealt to Hero [Qd 9d]
Dealt to 1351c02 
Dealt to f1a361af 
736e13b8: folds
c767015: raises $0.08 to $0.13
84dc1b5: folds
Hero: folds
1351c02: calls $0.11
f1a361af: folds
*** FLOP *** [7s 8c Qs]
1351c02: checks
c767015: bets $0.11
1351c02: folds
Uncalled bet ($0.11) returned to c767015
*** SHOWDOWN ***
c767015 collected $0.3 from pot
*** SUMMARY ***
Total pot $0.31 | Rake $0.01 | Jackpot $0 | Bingo $0 | Fortune $0
Board [7s 8c Qs]
Seat 1: 736e13b8 folded before Flop (didn't bet)
Seat 2: c767015 won ($0.3)
Seat 3: 84dc1b5 folded before Flop (didn't bet)
Seat 4: Hero (button) folded before Flop (didn't bet)
Seat 5: 1351c02 (small blind) folded on the Flop
Seat 6: f1a361af (big blind) folded before Flop


Poker Hand #HD1179996346: Hold'em No Limit  ($0.02/$0.05) - 2023/03/28 20:01:11
Table 'NLHBlue42' 6-max Seat #3 is the button
Seat 1: 736e13b8 ($6.03 in chips)
Seat 2: c767015 ($5.27 in chips)
Seat 3: 84dc1b5 ($8.5 in chips)
Seat 4: Hero ($5 in chips)
Seat 5: 1351c02 ($6.4 in chips)
Seat 6: f1a361af ($5.28 in chips)
Hero: posts small blind $0.02
1351c02: posts big blind $0.05
*** HOLE CARDS ***
Dealt to 736e13b8 
Dealt to c767015 
Dealt to 84dc1b5 
Dealt to Hero [3s 5s]
Dealt to 1351c02 
Dealt to f1a361af 
f1a361af: folds
736e13b8: folds
c767015: folds
84dc1b5: calls $0.05
Hero: folds
1351c02: checks
*** FLOP *** [4c 2h Jd]
1351c02: checks
84dc1b5: checks
*** TURN *** [4c 2h Jd] [3c]
1351c02: checks
84dc1b5: checks
*** RIVER *** [4c 2h Jd 3c] [Ks]
1351c02: checks
84dc1b5: checks
1351c02: shows [2d 9s] (Pair of Twos)
84dc1b5: shows [9h Ts] (King-High)
*** SHOWDOWN ***
1351c02 collected $0.12 from pot
*** SUMMARY ***
Total pot $0.12 | Rake $0 | Jackpot $0 | Bingo $0 | Fortune $0
Board [4c 2h Jd 3c Ks]
Seat 1: 736e13b8 folded before Flop (didn't bet)
Seat 2: c767015 folded before Flop (didn't bet)
Seat 3: 84dc1b5 (button) showed [9h Ts] and lost with King-High
Seat 4: Hero (small blind) folded before Flop
Seat 5: 1351c02 (big blind) showed [2d 9s] and won ($0.12) with Pair of Twos
Seat 6: f1a361af folded before Flop (didn't bet)


Poker Hand #HD1179996180: Hold'em No Limit  ($0.02/$0.05) - 2023/03/28 20:00:08
Table 'NLHBlue42' 6-max Seat #2 is the button
Seat 1: 736e13b8 ($6.23 in chips)
Seat 2: c767015 ($5.02 in chips)
Seat 3: 84dc1b5 ($8.52 in chips)
Seat 4: Hero ($5 in chips)
Seat 5: 1351c02 ($6.4 in chips)
Seat 6: f1a361af ($5.28 in chips)
84dc1b5: posts small blind $0.02
Hero: posts big blind $0.05
*** HOLE CARDS ***
Dealt to 736e13b8 
Dealt to c767015 
Dealt to 84dc1b5 
Dealt to Hero [Ad 3h]
Dealt to 1351c02 
Dealt to f1a361af 
1351c02: folds
f1a361af: folds
736e13b8: calls $0.05
c767015: raises $0.15 to $0.2
84dc1b5: folds
Hero: folds
736e13b8: calls $0.15
*** FLOP *** [Kd 8c Th]
736e13b8: checks
c767015: bets $0.34
736e13b8: folds
Uncalled bet ($0.34) returned to c767015
*** SHOWDOWN ***
c767015 collected $0.45 from pot
*** SUMMARY ***
Total pot $0.47 | Rake $0.02 | Jackpot $0 | Bingo $0 | Fortune $0
Board [Kd 8c Th]
Seat 1: 736e13b8 folded on the Flop
Seat 2: c767015 (button) won ($0.45)
Seat 3: 84dc1b5 (small blind) folded before Flop
Seat 4: Hero (big blind) folded before Flop
Seat 5: 1351c02 folded before Flop (didn't bet)
Seat 6: f1a361af folded before Flop (didn't bet)


Poker Hand #HD1179996094: Hold'em No Limit  ($0.02/$0.05) - 2023/03/28 19:59:37
Table 'NLHBlue42' 6-max Seat #1 is the button
Seat 1: 736e13b8 ($6.23 in chips)
Seat 2: c767015 ($5 in chips)
Seat 3: 84dc1b5 ($8.5 in chips)
Seat 4: Hero ($5 in chips)
Seat 5: 1351c02 ($6.4 in chips)
Seat 6: f1a361af ($5.28 in chips)
c767015: posts small blind $0.02
84dc1b5: posts big blind $0.05
*** HOLE CARDS ***
Dealt to 736e13b8 
Dealt to c767015 
Dealt to 84dc1b5 
Dealt to Hero [7h 9s]
Dealt to 1351c02 
Dealt to f1a361af 
Hero: folds
1351c02: folds
f1a361af: folds
736e13b8: folds
c767015: folds
Uncalled bet ($0.03) returned to 84dc1b5
*** SHOWDOWN ***
84dc1b5 collected $0.04 from pot
*** SUMMARY ***
Total pot $0.04 | Rake $0 | Jackpot $0 | Bingo $0 | Fortune $0
Seat 1: 736e13b8 (button) folded before Flop (didn't bet)
Seat 2: c767015 (small blind) folded before Flop
Seat 3: 84dc1b5 (big blind) collected ($0.04)
Seat 4: Hero folded before Flop (didn't bet)
Seat 5: 1351c02 folded before Flop (didn't bet)
Seat 6: f1a361af folded before Flop (didn't bet)


Poker Hand #HD1179995994: Hold'em No Limit  ($0.02/$0.05) - 2023/03/28 19:58:55
Table 'NLHBlue42' 6-max Seat #6 is the button
Seat 1: 736e13b8 ($6.25 in chips)
Seat 2: c767015 ($5 in chips)
Seat 3: 84dc1b5 ($8.43 in chips)
Seat 4: Hero ($5 in chips)
Seat 5: 1351c02 ($6.4 in chips)
Seat 6: f1a361af ($5.28 in chips)
736e13b8: posts small blind $0.02
c767015: posts big blind $0.05
*** HOLE CARDS ***
Dealt to 736e13b8 
Dealt to c767015 
Dealt to 84dc1b5 
Dealt to Hero [Ah 6d]
Dealt to 1351c02 
Dealt to f1a361af 
84dc1b5: raises $0.07 to $0.12
Hero: folds
1351c02: folds
f1a361af: folds
736e13b8: folds
c767015: folds
Uncalled bet ($0.07) returned to 84dc1b5
*** SHOWDOWN ***
84dc1b5 collected $0.12 from pot
*** SUMMARY ***
Total pot $0.12 | Rake $0 | Jackpot $0 | Bingo $0 | Fortune $0
Seat 1: 736e13b8 (small blind) folded before Flop
Seat 2: c767015 (big blind) folded before Flop
Seat 3: 84dc1b5 collected ($0.12)
Seat 4: Hero folded before Flop (didn't bet)
Seat 5: 1351c02 folded before Flop (didn't bet)
Seat 6: f1a361af (button) folded before Flop (didn't bet)


Poker Hand #HD1179995893: Hold'em No Limit  ($0.02/$0.05) - 2023/03/28 19:58:19
Table 'NLHBlue42' 6-max Seat #5 is the button
Seat 1: 736e13b8 ($6.11 in chips)
Seat 2: c767015 ($5 in chips)
Seat 3: 84dc1b5 ($8.43 in chips)
Seat 4: Hero ($5 in chips)
Seat 5: 1351c02 ($6.53 in chips)
Seat 6: f1a361af ($5.3 in chips)
f1a361af: posts small blind $0.02
736e13b8: posts big blind $0.05
*** HOLE CARDS ***
Dealt to 736e13b8 
Dealt to c767015 
Dealt to 84dc1b5 
Dealt to Hero [4s Js]
Dealt to 1351c02 
Dealt to f1a361af 
c767015: folds
84dc1b5: folds
Hero: folds
1351c02: raises $0.08 to $0.13
f1a361af: folds
736e13b8: calls $0.08
*** FLOP *** [9s 7d 8c]
736e13b8: bets $0.21
1351c02: folds
Uncalled bet ($0.21) returned to 736e13b8
*** SHOWDOWN ***
736e13b8 collected $0.27 from pot
*** SUMMARY ***
Total pot $0.28 | Rake $0.01 | Jackpot $0 | Bingo $0 | Fortune $0
Board [9s 7d 8c]
Seat 1: 736e13b8 (big blind) won ($0.27)
Seat 2: c767015 folded before Flop (didn't bet)
Seat 3: 84dc1b5 folded before Flop (didn't bet)
Seat 4: Hero folded before Flop (didn't bet)
Seat 5: 1351c02 (button) folded on the Flop
Seat 6: f1a361af (small blind) folded before Flop


Poker Hand #HD1179995835: Hold'em No Limit  ($0.02/$0.05) - 2023/03/28 19:57:58
Table 'NLHBlue42' 6-max Seat #4 is the button
Seat 1: 736e13b8 ($6.11 in chips)
Seat 2: c767015 ($5 in chips)
Seat 3: 84dc1b5 ($8.36 in chips)
Seat 4: Hero ($5 in chips)
Seat 5: 1351c02 ($6.55 in chips)
Seat 6: f1a361af ($5.35 in chips)
1351c02: posts small blind $0.02
f1a361af: posts big blind $0.05
*** HOLE CARDS ***
Dealt to 736e13b8 
Dealt to c767015 
Dealt to 84dc1b5 
Dealt to Hero [Kd 3c]
Dealt to 1351c02 
Dealt to f1a361af 
736e13b8: folds
c767015: folds
84dc1b5: raises $0.07 to $0.12
Hero: folds
1351c02: folds
f1a361af: folds
Uncalled bet ($0.07) returned to 84dc1b5
*** SHOWDOWN ***
84dc1b5 collected $0.12 from pot
*** SUMMARY ***
Total pot $0.12 | Rake $0 | Jackpot $0 | Bingo $0 | Fortune $0
Seat 1: 736e13b8 folded before Flop (didn't bet)
Seat 2: c767015 folded before Flop (didn't bet)
Seat 3: 84dc1b5 collected ($0.12)
Seat 4: Hero (button) folded before Flop (didn't bet)
Seat 5: 1351c02 (small blind) folded before Flop
Seat 6: f1a361af (big blind) folded before Flop


Poker Hand #HD1179915630: Hold'em No Limit  ($0.02/$0.05) - 2023/03/28 19:56:42
Table 'NLHBlue42' 6-max Seat #3 is the button
Seat 1: 736e13b8 ($6.11 in chips)
Seat 2: c767015 ($5 in chips)
Seat 3: 84dc1b5 ($6.77 in chips)
Seat 4: Hero ($5.02 in chips)
Seat 5: 1351c02 ($6.6 in chips)
Seat 6: f1a361af ($5.35 in chips)
Hero: posts small blind $0.02
1351c02: posts big blind $0.05
*** HOLE CARDS ***
Dealt to 736e13b8 
Dealt to c767015 
Dealt to 84dc1b5 
Dealt to Hero [7s 7d]
Dealt to 1351c02 
Dealt to f1a361af 
f1a361af: folds
736e13b8: folds
c767015: folds
84dc1b5: raises $0.09 to $0.14
Hero: raises $0.48 to $0.62
1351c02: folds
84dc1b5: calls $0.48
*** FLOP *** [4c 6c Qh]
Hero: bets $0.43
84dc1b5: calls $0.43
*** TURN *** [4c 6c Qh] [Qc]
Hero: bets $0.71
84dc1b5: calls $0.71
*** RIVER *** [4c 6c Qh Qc] [3h]
Hero: checks
84dc1b5: bets $2.68
Hero: folds
Uncalled bet ($2.68) returned to 84dc1b5
*** SHOWDOWN ***
84dc1b5 collected $3.35 from pot
*** SUMMARY ***
Total pot $3.57 | Rake $0.17 | Jackpot $0.05 | Bingo $0 | Fortune $0
Board [4c 6c Qh Qc 3h]
Seat 1: 736e13b8 folded before Flop (didn't bet)
Seat 2: c767015 folded before Flop (didn't bet)
Seat 3: 84dc1b5 (button) won ($3.35)
Seat 4: Hero (small blind) folded on the River
Seat 5: 1351c02 (big blind) folded before Flop
Seat 6: f1a361af folded before Flop (didn't bet)


Poker Hand #HD1179915583: Hold'em No Limit  ($0.02/$0.05) - 2023/03/28 19:56:27
Table 'NLHBlue42' 6-max Seat #2 is the button
Seat 1: 736e13b8 ($6.11 in chips)
Seat 2: c767015 ($5 in chips)
Seat 3: 84dc1b5 ($6.79 in chips)
Seat 4: Hero ($5 in chips)
Seat 5: 1351c02 ($6.6 in chips)
Seat 6: f1a361af ($5.35 in chips)
84dc1b5: posts small blind $0.02
Hero: posts big blind $0.05
*** HOLE CARDS ***
Dealt to 736e13b8 
Dealt to c767015 
Dealt to 84dc1b5 
Dealt to Hero [6d 2h]
Dealt to 1351c02 
Dealt to f1a361af 
1351c02: folds
f1a361af: folds
736e13b8: folds
c767015: folds
84dc1b5: folds
Uncalled bet ($0.03) returned to Hero
*** SHOWDOWN ***
Hero collected $0.04 from pot
*** SUMMARY ***
Total pot $0.04 | Rake $0 | Jackpot $0 | Bingo $0 | Fortune $0
Seat 1: 736e13b8 folded before Flop (didn't bet)
Seat 2: c767015 (button) folded before Flop (didn't bet)
Seat 3: 84dc1b5 (small blind) folded before Flop
Seat 4: Hero (big blind) collected ($0.04)
Seat 5: 1351c02 folded before Flop (didn't bet)
Seat 6: f1a361af folded before Flop (didn't bet)


