Poker Hand #HD1591891833: Hold'em No Limit ($0.05/$0.1) - 2024/01/17 09:32:06
Table 'NLHRed22' 6-max Seat #2 is the button
Seat 1: e7e3ca35 ($10.28 in chips)
Seat 2: 6633c0f9 ($11.17 in chips)
Seat 3: 681f988b ($10 in chips)
Seat 4: 348926fc ($10 in chips)
Seat 5: Hero ($11.26 in chips)
Seat 6: 6819d09d ($18.38 in chips)
681f988b: posts small blind $0.05
348926fc: posts big blind $0.1
*** HOLE CARDS ***
Dealt to e7e3ca35 
Dealt to 6633c0f9 
Dealt to 681f988b 
Dealt to 348926fc 
Dealt to Hero [Jh 6h]
Dealt to 6819d09d 
Hero: folds
6819d09d: folds
e7e3ca35: folds
6633c0f9: raises $0.2 to $0.3
681f988b: folds
348926fc: calls $0.2
*** FLOP *** [3d Qd 5s]
348926fc: checks
6633c0f9: bets $0.22
348926fc: calls $0.22
*** TURN *** [3d Qd 5s] [Ah]
348926fc: checks
6633c0f9: checks
*** RIVER *** [3d Qd 5s Ah] [8d]
348926fc: bets $0.82
6633c0f9: folds
Uncalled bet ($0.82) returned to 348926fc
*** SHOWDOWN ***
348926fc collected $1.04 from pot
*** SUMMARY ***
Total pot $1.09 | Rake $0.05 | Jackpot $0 | Bingo $0 | Fortune $0 | Tax $0
Board [3d Qd 5s Ah 8d]
Seat 1: e7e3ca35 folded before Flop (didn't bet)
Seat 2: 6633c0f9 (button) folded on the River
Seat 3: 681f988b (small blind) folded before Flop
Seat 4: 348926fc (big blind) won ($1.04)
Seat 5: Hero folded before Flop (didn't bet)
Seat 6: 6819d09d folded before Flop (didn't bet)


Poker Hand #HD1591891760: Hold'em No Limit ($0.05/$0.1) - 2024/01/17 09:31:19
Table 'NLHRed22' 6-max Seat #1 is the button
Seat 1: e7e3ca35 ($10 in chips)
Seat 2: 6633c0f9 ($11.22 in chips)
Seat 3: 681f988b ($10.15 in chips)
Seat 5: Hero ($11.26 in chips)
Seat 6: 6819d09d ($18.38 in chips)
6633c0f9: posts small blind $0.05
681f988b: posts big blind $0.1
*** HOLE CARDS ***
Dealt to e7e3ca35 
Dealt to 6633c0f9 
Dealt to 681f988b 
Dealt to Hero [Ah 4s]
Dealt to 6819d09d 
Hero: folds
6819d09d: folds
e7e3ca35: raises $0.15 to $0.25
6633c0f9: folds
681f988b: calls $0.15
*** FLOP *** [Kc 3d 8c]
681f988b: checks
e7e3ca35: bets $0.19
681f988b: folds
Uncalled bet ($0.19) returned to e7e3ca35
*** SHOWDOWN ***
e7e3ca35 collected $0.53 from pot
*** SUMMARY ***
Total pot $0.55 | Rake $0.02 | Jackpot $0 | Bingo $0 | Fortune $0 | Tax $0
Board [Kc 3d 8c]
Seat 1: e7e3ca35 (button) won ($0.53)
Seat 2: 6633c0f9 (small blind) folded before Flop
Seat 3: 681f988b (big blind) folded on the Flop
Seat 5: Hero folded before Flop (didn't bet)
Seat 6: 6819d09d folded before Flop (didn't bet)


Poker Hand #HD1591891727: Hold'em No Limit ($0.05/$0.1) - 2024/01/17 09:30:58
Table 'NLHRed22' 6-max Seat #6 is the button
Seat 1: e7e3ca35 ($10 in chips)
Seat 2: 6633c0f9 ($11.32 in chips)
Seat 3: 681f988b ($10 in chips)
Seat 5: Hero ($11.26 in chips)
Seat 6: 6819d09d ($18.38 in chips)
e7e3ca35: posts small blind $0.05
6633c0f9: posts big blind $0.1
*** HOLE CARDS ***
Dealt to e7e3ca35 
Dealt to 6633c0f9 
Dealt to 681f988b 
Dealt to Hero [2c Jh]
Dealt to 6819d09d 
681f988b: raises $0.15 to $0.25
Hero: folds
6819d09d: folds
e7e3ca35: folds
6633c0f9: folds
Uncalled bet ($0.15) returned to 681f988b
*** SHOWDOWN ***
681f988b collected $0.25 from pot
*** SUMMARY ***
Total pot $0.25 | Rake $0 | Jackpot $0 | Bingo $0 | Fortune $0 | Tax $0
Seat 1: e7e3ca35 (small blind) folded before Flop
Seat 2: 6633c0f9 (big blind) folded before Flop
Seat 3: 681f988b collected ($0.25)
Seat 5: Hero folded before Flop (didn't bet)
Seat 6: 6819d09d (button) folded before Flop (didn't bet)


Poker Hand #HD1591891566: Hold'em No Limit ($0.05/$0.1) - 2024/01/17 09:29:17
Table 'NLHRed22' 6-max Seat #5 is the button
Seat 1: e7e3ca35 ($10 in chips)
Seat 2: 6633c0f9 ($11.32 in chips)
Seat 3: 681f988b ($10 in chips)
Seat 4: 458d0d0b ($1.13 in chips)
Seat 5: Hero ($11.36 in chips)
Seat 6: 6819d09d ($17.07 in chips)
6819d09d: posts small blind $0.05
e7e3ca35: posts big blind $0.1
458d0d0b: posts big blind $0.1
458d0d0b: posts missed blind $0.05
*** HOLE CARDS ***
Dealt to e7e3ca35 
Dealt to 6633c0f9 
Dealt to 681f988b 
Dealt to 458d0d0b 
Dealt to Hero [Tc Qh]
Dealt to 6819d09d 
6633c0f9: folds
681f988b: calls $0.1
458d0d0b: checks
Hero: calls $0.1
6819d09d: raises $0.7 to $0.8
e7e3ca35: folds
681f988b: folds
458d0d0b: calls $0.7
Hero: folds
*** FLOP *** [2c 4d 8d]
6819d09d: bets $0.98
458d0d0b: calls $0.28 and is all-in
Uncalled bet ($0.7) returned to 6819d09d
6819d09d: shows [Ac Ks] (Ace-High)
458d0d0b: shows [6c 3h] (Eight-High)
*** TURN *** [2c 4d 8d] [9c]
*** RIVER *** [2c 4d 8d 9c] [Ah]
*** SHOWDOWN ***
6819d09d collected $2.39 from pot
*** SUMMARY ***
Total pot $2.51 | Rake $0.12 | Jackpot $0 | Bingo $0 | Fortune $0 | Tax $0
Board [2c 4d 8d 9c Ah]
Seat 1: e7e3ca35 (big blind) folded before Flop
Seat 2: 6633c0f9 folded before Flop (didn't bet)
Seat 3: 681f988b folded before Flop
Seat 4: 458d0d0b showed [6c 3h] and lost with Ace-High
Seat 5: Hero (button) folded before Flop
Seat 6: 6819d09d (small blind) showed [Ac Ks] and won ($2.39) with Pair of Aces


Poker Hand #HD1591891514: Hold'em No Limit ($0.05/$0.1) - 2024/01/17 09:28:53
Table 'NLHRed22' 6-max Seat #3 is the button
Seat 1: e7e3ca35 ($10 in chips)
Seat 2: 6633c0f9 ($11.17 in chips)
Seat 3: 681f988b ($10 in chips)
Seat 5: Hero ($11.41 in chips)
Seat 6: 6819d09d ($17.17 in chips)
Hero: posts small blind $0.05
6819d09d: posts big blind $0.1
*** HOLE CARDS ***
Dealt to e7e3ca35 
Dealt to 6633c0f9 
Dealt to 681f988b 
Dealt to Hero [5s Qs]
Dealt to 6819d09d 
e7e3ca35: folds
6633c0f9: raises $0.2 to $0.3
681f988b: folds
Hero: folds
6819d09d: folds
Uncalled bet ($0.2) returned to 6633c0f9
*** SHOWDOWN ***
6633c0f9 collected $0.25 from pot
*** SUMMARY ***
Total pot $0.25 | Rake $0 | Jackpot $0 | Bingo $0 | Fortune $0 | Tax $0
Seat 1: e7e3ca35 folded before Flop (didn't bet)
Seat 2: 6633c0f9 collected ($0.25)
Seat 3: 681f988b (button) folded before Flop (didn't bet)
Seat 5: Hero (small blind) folded before Flop
Seat 6: 6819d09d (big blind) folded before Flop


Poker Hand #HD1591891420: Hold'em No Limit ($0.05/$0.1) - 2024/01/17 09:27:46
Table 'NLHRed22' 6-max Seat #2 is the button
Seat 1: e7e3ca35 ($10 in chips)
Seat 2: 6633c0f9 ($11.17 in chips)
Seat 3: 681f988b ($10.05 in chips)
Seat 5: Hero ($11.32 in chips)
Seat 6: 6819d09d ($17.17 in chips)
681f988b: posts small blind $0.05
Hero: posts big blind $0.1
*** HOLE CARDS ***
Dealt to e7e3ca35 
Dealt to 6633c0f9 
Dealt to 681f988b 
Dealt to Hero [Jd 2h]
Dealt to 6819d09d 
6819d09d: folds
e7e3ca35: folds
6633c0f9: folds
681f988b: calls $0.05
Hero: checks
*** FLOP *** [Kh Jh Th]
681f988b: checks
Hero: checks
*** TURN *** [Kh Jh Th] [3h]
681f988b: checks
Hero: checks
*** RIVER *** [Kh Jh Th 3h] [Qd]
681f988b: checks
Hero: bets $0.11
681f988b: folds
Uncalled bet ($0.11) returned to Hero
*** SHOWDOWN ***
Hero collected $0.19 from pot
*** SUMMARY ***
Total pot $0.2 | Rake $0.01 | Jackpot $0 | Bingo $0 | Fortune $0 | Tax $0
Board [Kh Jh Th 3h Qd]
Seat 1: e7e3ca35 folded before Flop (didn't bet)
Seat 2: 6633c0f9 (button) folded before Flop (didn't bet)
Seat 3: 681f988b (small blind) folded on the River
Seat 5: Hero (big blind) won ($0.19)
Seat 6: 6819d09d folded before Flop (didn't bet)


Poker Hand #HD1591891384: Hold'em No Limit ($0.05/$0.1) - 2024/01/17 09:27:23
Table 'NLHRed22' 6-max Seat #1 is the button
Seat 1: e7e3ca35 ($10 in chips)
Seat 2: 6633c0f9 ($11.22 in chips)
Seat 3: 681f988b ($10 in chips)
Seat 4: 458d0d0b ($1.13 in chips)
Seat 5: Hero ($11.32 in chips)
Seat 6: 6819d09d ($17.17 in chips)
6633c0f9: posts small blind $0.05
681f988b: posts big blind $0.1
*** HOLE CARDS ***
Dealt to e7e3ca35 
Dealt to 6633c0f9 
Dealt to 681f988b 
Dealt to 458d0d0b 
Dealt to Hero [9s 7h]
Dealt to 6819d09d 
458d0d0b: folds
Hero: folds
6819d09d: folds
e7e3ca35: folds
6633c0f9: folds
Uncalled bet ($0.05) returned to 681f988b
*** SHOWDOWN ***
681f988b collected $0.1 from pot
*** SUMMARY ***
Total pot $0.1 | Rake $0 | Jackpot $0 | Bingo $0 | Fortune $0 | Tax $0
Seat 1: e7e3ca35 (button) folded before Flop (didn't bet)
Seat 2: 6633c0f9 (small blind) folded before Flop
Seat 3: 681f988b (big blind) collected ($0.1)
Seat 4: 458d0d0b folded before Flop (didn't bet)
Seat 5: Hero folded before Flop (didn't bet)
Seat 6: 6819d09d folded before Flop (didn't bet)


Poker Hand #HD1591891307: Hold'em No Limit ($0.05/$0.1) - 2024/01/17 09:26:34
Table 'NLHRed22' 6-max Seat #6 is the button
Seat 1: e7e3ca35 ($10 in chips)
Seat 2: 6633c0f9 ($11.32 in chips)
Seat 3: 681f988b ($10 in chips)
Seat 4: 458d0d0b ($1.13 in chips)
Seat 5: Hero ($11.32 in chips)
Seat 6: 6819d09d ($16.8 in chips)
e7e3ca35: posts small blind $0.05
6633c0f9: posts big blind $0.1
*** HOLE CARDS ***
Dealt to e7e3ca35 
Dealt to 6633c0f9 
Dealt to 681f988b 
Dealt to 458d0d0b 
Dealt to Hero [Jc 2s]
Dealt to 6819d09d 
681f988b: raises $0.15 to $0.25
458d0d0b: folds
Hero: folds
6819d09d: raises $0.45 to $0.7
e7e3ca35: folds
6633c0f9: folds
681f988b: folds
Uncalled bet ($0.45) returned to 6819d09d
*** SHOWDOWN ***
6819d09d collected $0.62 from pot
*** SUMMARY ***
Total pot $0.65 | Rake $0.03 | Jackpot $0 | Bingo $0 | Fortune $0 | Tax $0
Seat 1: e7e3ca35 (small blind) folded before Flop
Seat 2: 6633c0f9 (big blind) folded before Flop
Seat 3: 681f988b folded before Flop
Seat 4: 458d0d0b folded before Flop (didn't bet)
Seat 5: Hero folded before Flop (didn't bet)
Seat 6: 6819d09d (button) collected ($0.62)


Poker Hand #HD1591891221: Hold'em No Limit ($0.05/$0.1) - 2024/01/17 09:25:31
Table 'NLHRed22' 6-max Seat #5 is the button
Seat 1: e7e3ca35 ($10 in chips)
Seat 2: 6633c0f9 ($10.4 in chips)
Seat 3: 681f988b ($10 in chips)
Seat 4: 458d0d0b ($1.43 in chips)
Seat 5: Hero ($11.32 in chips)
Seat 6: 6819d09d ($16.85 in chips)
6819d09d: posts small blind $0.05
e7e3ca35: posts big blind $0.1
*** HOLE CARDS ***
Dealt to e7e3ca35 
Dealt to 6633c0f9 
Dealt to 681f988b 
Dealt to 458d0d0b 
Dealt to Hero [6d 7d]
Dealt to 6819d09d 
6633c0f9: raises $0.2 to $0.3
681f988b: folds
458d0d0b: calls $0.3
Hero: folds
6819d09d: folds
e7e3ca35: calls $0.2
*** FLOP *** [3c 3d Qs]
e7e3ca35: checks
6633c0f9: bets $0.35
458d0d0b: folds
e7e3ca35: calls $0.35
*** TURN *** [3c 3d Qs] [2d]
e7e3ca35: checks
6633c0f9: bets $1.24
e7e3ca35: folds
Uncalled bet ($1.24) returned to 6633c0f9
*** SHOWDOWN ***
6633c0f9 collected $1.57 from pot
*** SUMMARY ***
Total pot $1.65 | Rake $0.08 | Jackpot $0 | Bingo $0 | Fortune $0 | Tax $0
Board [3c 3d Qs 2d]
Seat 1: e7e3ca35 (big blind) folded on the Turn
Seat 2: 6633c0f9 won ($1.57)
Seat 3: 681f988b folded before Flop (didn't bet)
Seat 4: 458d0d0b folded on the Flop
Seat 5: Hero (button) folded before Flop (didn't bet)
Seat 6: 6819d09d (small blind) folded before Flop


Poker Hand #HD1591891101: Hold'em No Limit ($0.05/$0.1) - 2024/01/17 09:24:11
Table 'NLHRed22' 6-max Seat #4 is the button
Seat 1: e7e3ca35 ($10 in chips)
Seat 2: 6633c0f9 ($10.4 in chips)
Seat 3: 681f988b ($10 in chips)
Seat 4: 458d0d0b ($1.43 in chips)
Seat 5: Hero ($11.37 in chips)
Seat 6: 6819d09d ($16.57 in chips)
Hero: posts small blind $0.05
6819d09d: posts big blind $0.1
*** HOLE CARDS ***
Dealt to e7e3ca35 
Dealt to 6633c0f9 
Dealt to 681f988b 
Dealt to 458d0d0b 
Dealt to Hero [7c 8s]
Dealt to 6819d09d 
e7e3ca35: raises $0.15 to $0.25
6633c0f9: folds
681f988b: folds
458d0d0b: folds
Hero: folds
6819d09d: calls $0.15
*** FLOP *** [5s 5c Ad]
6819d09d: checks
e7e3ca35: checks
*** TURN *** [5s 5c Ad] [6c]
6819d09d: checks
e7e3ca35: checks
*** RIVER *** [5s 5c Ad 6c] [4c]
6819d09d: bets $0.7
e7e3ca35: folds
Uncalled bet ($0.7) returned to 6819d09d
*** SHOWDOWN ***
6819d09d collected $0.53 from pot
*** SUMMARY ***
Total pot $0.55 | Rake $0.02 | Jackpot $0 | Bingo $0 | Fortune $0 | Tax $0
Board [5s 5c Ad 6c 4c]
Seat 1: e7e3ca35 folded on the River
Seat 2: 6633c0f9 folded before Flop (didn't bet)
Seat 3: 681f988b folded before Flop (didn't bet)
Seat 4: 458d0d0b (button) folded before Flop (didn't bet)
Seat 5: Hero (small blind) folded before Flop
Seat 6: 6819d09d (big blind) won ($0.53)


Poker Hand #HD1591891000: Hold'em No Limit ($0.05/$0.1) - 2024/01/17 09:23:00
Table 'NLHRed22' 6-max Seat #3 is the button
Seat 1: e7e3ca35 ($10 in chips)
Seat 2: 6633c0f9 ($10.4 in chips)
Seat 3: 681f988b ($10 in chips)
Seat 4: 458d0d0b ($1.68 in chips)
Seat 5: Hero ($11.47 in chips)
Seat 6: 6819d09d ($16.25 in chips)
458d0d0b: posts small blind $0.05
Hero: posts big blind $0.1
*** HOLE CARDS ***
Dealt to e7e3ca35 
Dealt to 6633c0f9 
Dealt to 681f988b 
Dealt to 458d0d0b 
Dealt to Hero [6c Ks]
Dealt to 6819d09d 
6819d09d: raises $0.15 to $0.25
e7e3ca35: folds
6633c0f9: folds
681f988b: folds
458d0d0b: calls $0.2
Hero: folds
*** FLOP *** [7d 5s 2c]
458d0d0b: checks
6819d09d: checks
*** TURN *** [7d 5s 2c] [3s]
458d0d0b: checks
6819d09d: checks
*** RIVER *** [7d 5s 2c 3s] [Ad]
458d0d0b: checks
6819d09d: bets $0.4
458d0d0b: folds
Uncalled bet ($0.4) returned to 6819d09d
*** SHOWDOWN ***
6819d09d collected $0.57 from pot
*** SUMMARY ***
Total pot $0.6 | Rake $0.03 | Jackpot $0 | Bingo $0 | Fortune $0 | Tax $0
Board [7d 5s 2c 3s Ad]
Seat 1: e7e3ca35 folded before Flop (didn't bet)
Seat 2: 6633c0f9 folded before Flop (didn't bet)
Seat 3: 681f988b (button) folded before Flop (didn't bet)
Seat 4: 458d0d0b (small blind) folded on the River
Seat 5: Hero (big blind) folded before Flop
Seat 6: 6819d09d won ($0.57)


Poker Hand #HD1591890983: Hold'em No Limit ($0.05/$0.1) - 2024/01/17 09:22:47
Table 'NLHRed22' 6-max Seat #2 is the button
Seat 1: e7e3ca35 ($10 in chips)
Seat 2: 6633c0f9 ($10.4 in chips)
Seat 3: 681f988b ($10 in chips)
Seat 4: 458d0d0b ($1.78 in chips)
Seat 5: Hero ($11.32 in chips)
Seat 6: 6819d09d ($16.25 in chips)
681f988b: posts small blind $0.05
458d0d0b: posts big blind $0.1
*** HOLE CARDS ***
Dealt to e7e3ca35 
Dealt to 6633c0f9 
Dealt to 681f988b 
Dealt to 458d0d0b 
Dealt to Hero [Qh Kh]
Dealt to 6819d09d 
Hero: raises $0.15 to $0.25
6819d09d: folds
e7e3ca35: folds
6633c0f9: folds
681f988b: folds
458d0d0b: folds
Uncalled bet ($0.15) returned to Hero
*** SHOWDOWN ***
Hero collected $0.25 from pot
*** SUMMARY ***
Total pot $0.25 | Rake $0 | Jackpot $0 | Bingo $0 | Fortune $0 | Tax $0
Seat 1: e7e3ca35 folded before Flop (didn't bet)
Seat 2: 6633c0f9 (button) folded before Flop (didn't bet)
Seat 3: 681f988b (small blind) folded before Flop
Seat 4: 458d0d0b (big blind) folded before Flop
Seat 5: Hero collected ($0.25)
Seat 6: 6819d09d folded before Flop (didn't bet)


Poker Hand #HD1591890937: Hold'em No Limit ($0.05/$0.1) - 2024/01/17 09:22:14
Table 'NLHRed22' 6-max Seat #1 is the button
Seat 1: e7e3ca35 ($10 in chips)
Seat 2: 6633c0f9 ($10.45 in chips)
Seat 3: 681f988b ($10 in chips)
Seat 4: 458d0d0b ($2.17 in chips)
Seat 5: Hero ($10.82 in chips)
Seat 6: 6819d09d ($16.25 in chips)
6633c0f9: posts small blind $0.05
681f988b: posts big blind $0.1
*** HOLE CARDS ***
Dealt to e7e3ca35 
Dealt to 6633c0f9 
Dealt to 681f988b 
Dealt to 458d0d0b 
Dealt to Hero [7c 7d]
Dealt to 6819d09d 
458d0d0b: raises $0.1 to $0.2
Hero: calls $0.2
6819d09d: folds
e7e3ca35: folds
6633c0f9: folds
681f988b: folds
*** FLOP *** [2h 4s 5d]
458d0d0b: bets $0.19
Hero: raises $0.93 to $1.12
458d0d0b: folds
Uncalled bet ($0.93) returned to Hero
*** SHOWDOWN ***
Hero collected $0.89 from pot
*** SUMMARY ***
Total pot $0.93 | Rake $0.04 | Jackpot $0 | Bingo $0 | Fortune $0 | Tax $0
Board [2h 4s 5d]
Seat 1: e7e3ca35 (button) folded before Flop (didn't bet)
Seat 2: 6633c0f9 (small blind) folded before Flop
Seat 3: 681f988b (big blind) folded before Flop
Seat 4: 458d0d0b folded on the Flop
Seat 5: Hero won ($0.89)
Seat 6: 6819d09d folded before Flop (didn't bet)


Poker Hand #HD1591890918: Hold'em No Limit ($0.05/$0.1) - 2024/01/17 09:22:04
Table 'NLHRed22' 6-max Seat #6 is the button
Seat 1: e7e3ca35 ($10 in chips)
Seat 2: 6633c0f9 ($10.55 in chips)
Seat 3: 681f988b ($10 in chips)
Seat 4: 458d0d0b ($2.02 in chips)
Seat 5: Hero ($10.82 in chips)
Seat 6: 6819d09d ($16.25 in chips)
e7e3ca35: posts small blind $0.05
6633c0f9: posts big blind $0.1
*** HOLE CARDS ***
Dealt to e7e3ca35 
Dealt to 6633c0f9 
Dealt to 681f988b 
Dealt to 458d0d0b 
Dealt to Hero [Tc 8s]
Dealt to 6819d09d 
681f988b: folds
458d0d0b: raises $0.1 to $0.2
Hero: folds
6819d09d: folds
e7e3ca35: folds
6633c0f9: folds
Uncalled bet ($0.1) returned to 458d0d0b
*** SHOWDOWN ***
458d0d0b collected $0.25 from pot
*** SUMMARY ***
Total pot $0.25 | Rake $0 | Jackpot $0 | Bingo $0 | Fortune $0 | Tax $0
Seat 1: e7e3ca35 (small blind) folded before Flop
Seat 2: 6633c0f9 (big blind) folded before Flop
Seat 3: 681f988b folded before Flop (didn't bet)
Seat 4: 458d0d0b collected ($0.25)
Seat 5: Hero folded before Flop (didn't bet)
Seat 6: 6819d09d (button) folded before Flop (didn't bet)


Poker Hand #HD1591890854: Hold'em No Limit ($0.05/$0.1) - 2024/01/17 09:21:14
Table 'NLHRed22' 6-max Seat #5 is the button
Seat 1: e7e3ca35 ($10 in chips)
Seat 2: 6633c0f9 ($10.55 in chips)
Seat 3: 681f988b ($10 in chips)
Seat 4: 458d0d0b ($2.77 in chips)
Seat 5: Hero ($10 in chips)
Seat 6: 6819d09d ($16.3 in chips)
6819d09d: posts small blind $0.05
e7e3ca35: posts big blind $0.1
*** HOLE CARDS ***
Dealt to e7e3ca35 
Dealt to 6633c0f9 
Dealt to 681f988b 
Dealt to 458d0d0b 
Dealt to Hero [9c 9s]
Dealt to 6819d09d 
6633c0f9: folds
681f988b: folds
458d0d0b: raises $0.1 to $0.2
Hero: raises $0.55 to $0.75
6819d09d: folds
e7e3ca35: folds
458d0d0b: calls $0.55
*** FLOP *** [Kc Ad 2s]
458d0d0b: checks
Hero: checks
*** TURN *** [Kc Ad 2s] [8s]
458d0d0b: checks
Hero: checks
*** RIVER *** [Kc Ad 2s 8s] [6d]
458d0d0b: checks
Hero: bets $0.63
458d0d0b: folds
Uncalled bet ($0.63) returned to Hero
*** SHOWDOWN ***
Hero collected $1.57 from pot
*** SUMMARY ***
Total pot $1.65 | Rake $0.08 | Jackpot $0 | Bingo $0 | Fortune $0 | Tax $0
Board [Kc Ad 2s 8s 6d]
Seat 1: e7e3ca35 (big blind) folded before Flop
Seat 2: 6633c0f9 folded before Flop (didn't bet)
Seat 3: 681f988b folded before Flop (didn't bet)
Seat 4: 458d0d0b folded on the River
Seat 5: Hero (button) won ($1.57)
Seat 6: 6819d09d (small blind) folded before Flop


Poker Hand #HD1591890699: Hold'em No Limit ($0.05/$0.1) - 2024/01/17 09:19:38
Table 'NLHRed22' 6-max Seat #4 is the button
Seat 1: e7e3ca35 ($10.07 in chips)
Seat 2: 6633c0f9 ($10.55 in chips)
Seat 3: 681f988b ($10 in chips)
Seat 4: 458d0d0b ($1.33 in chips)
Seat 5: Hero ($10.69 in chips)
Seat 6: 6819d09d ($16.4 in chips)
Hero: posts small blind $0.05
6819d09d: posts big blind $0.1
*** HOLE CARDS ***
Dealt to e7e3ca35 
Dealt to 6633c0f9 
Dealt to 681f988b 
Dealt to 458d0d0b 
Dealt to Hero [Qh Ks]
Dealt to 6819d09d 
e7e3ca35: raises $0.15 to $0.25
6633c0f9: folds
681f988b: folds
458d0d0b: calls $0.25
Hero: calls $0.2
6819d09d: folds
*** FLOP *** [Th 8h Qs]
Hero: checks
e7e3ca35: checks
458d0d0b: checks
*** TURN *** [Th 8h Qs] [5d]
Hero: bets $0.33
e7e3ca35: folds
458d0d0b: raises $0.75 to $1.08 and is all-in
Hero: calls $0.75
458d0d0b: shows [8c 5c] (Pair of Eights and Pair of Fives)
Hero: shows [Qh Ks] (Pair of Queens)
*** RIVER *** [Th 8h Qs 5d] [Jc]
*** SHOWDOWN ***
458d0d0b collected $2.77 from pot
*** SUMMARY ***
Total pot $3.01 | Rake $0.14 | Jackpot $0.1 | Bingo $0 | Fortune $0 | Tax $0
Board [Th 8h Qs 5d Jc]
Seat 1: e7e3ca35 folded on the Turn
Seat 2: 6633c0f9 folded before Flop (didn't bet)
Seat 3: 681f988b folded before Flop (didn't bet)
Seat 4: 458d0d0b (button) showed [8c 5c] and won ($2.77) with Pair of Eights and Pair of Fives
Seat 5: Hero (small blind) showed [Qh Ks] and lost with Pair of Queens
Seat 6: 6819d09d (big blind) folded before Flop


Poker Hand #HD1591890666: Hold'em No Limit ($0.05/$0.1) - 2024/01/17 09:19:16
Table 'NLHRed22' 6-max Seat #3 is the button
Seat 1: e7e3ca35 ($10.07 in chips)
Seat 2: 6633c0f9 ($10.55 in chips)
Seat 3: 681f988b ($10 in chips)
Seat 4: 458d0d0b ($1.38 in chips)
Seat 5: Hero ($10.79 in chips)
Seat 6: 6819d09d ($16.25 in chips)
458d0d0b: posts small blind $0.05
Hero: posts big blind $0.1
*** HOLE CARDS ***
Dealt to e7e3ca35 
Dealt to 6633c0f9 
Dealt to 681f988b 
Dealt to 458d0d0b 
Dealt to Hero [Ks 7c]
Dealt to 6819d09d 
6819d09d: raises $0.15 to $0.25
e7e3ca35: folds
6633c0f9: folds
681f988b: folds
458d0d0b: folds
Hero: folds
Uncalled bet ($0.15) returned to 6819d09d
*** SHOWDOWN ***
6819d09d collected $0.25 from pot
*** SUMMARY ***
Total pot $0.25 | Rake $0 | Jackpot $0 | Bingo $0 | Fortune $0 | Tax $0
Seat 1: e7e3ca35 folded before Flop (didn't bet)
Seat 2: 6633c0f9 folded before Flop (didn't bet)
Seat 3: 681f988b (button) folded before Flop (didn't bet)
Seat 4: 458d0d0b (small blind) folded before Flop
Seat 5: Hero (big blind) folded before Flop
Seat 6: 6819d09d collected ($0.25)


Poker Hand #HD1591890553: Hold'em No Limit ($0.05/$0.1) - 2024/01/17 09:18:01
Table 'NLHRed22' 6-max Seat #2 is the button
Seat 1: e7e3ca35 ($10.07 in chips)
Seat 2: 6633c0f9 ($10.55 in chips)
Seat 3: 681f988b ($10.03 in chips)
Seat 4: 458d0d0b ($1.63 in chips)
Seat 5: Hero ($10.79 in chips)
Seat 6: 6819d09d ($15.97 in chips)
681f988b: posts small blind $0.05
458d0d0b: posts big blind $0.1
*** HOLE CARDS ***
Dealt to e7e3ca35 
Dealt to 6633c0f9 
Dealt to 681f988b 
Dealt to 458d0d0b 
Dealt to Hero [4h 9c]
Dealt to 6819d09d 
Hero: folds
6819d09d: raises $0.15 to $0.25
e7e3ca35: folds
6633c0f9: folds
681f988b: folds
458d0d0b: calls $0.15
*** FLOP *** [7h 6d 3s]
458d0d0b: checks
6819d09d: checks
*** TURN *** [7h 6d 3s] [7c]
458d0d0b: checks
6819d09d: checks
*** RIVER *** [7h 6d 3s 7c] [2d]
458d0d0b: checks
6819d09d: checks
458d0d0b: shows [9h Kd] (Pair of Sevens)
6819d09d: shows [As 8s] (Pair of Sevens)
*** SHOWDOWN ***
6819d09d collected $0.53 from pot
*** SUMMARY ***
Total pot $0.55 | Rake $0.02 | Jackpot $0 | Bingo $0 | Fortune $0 | Tax $0
Board [7h 6d 3s 7c 2d]
Seat 1: e7e3ca35 folded before Flop (didn't bet)
Seat 2: 6633c0f9 (button) folded before Flop (didn't bet)
Seat 3: 681f988b (small blind) folded before Flop
Seat 4: 458d0d0b (big blind) showed [9h Kd] and lost with Pair of Sevens
Seat 5: Hero folded before Flop (didn't bet)
Seat 6: 6819d09d showed [As 8s] and won ($0.53) with Pair of Sevens


Poker Hand #HD1591890504: Hold'em No Limit ($0.05/$0.1) - 2024/01/17 09:17:28
Table 'NLHRed22' 6-max Seat #1 is the button
Seat 1: e7e3ca35 ($10.07 in chips)
Seat 2: 6633c0f9 ($10.05 in chips)
Seat 3: 681f988b ($10.13 in chips)
Seat 4: 458d0d0b ($2.08 in chips)
Seat 5: Hero ($10.79 in chips)
Seat 6: 6819d09d ($15.97 in chips)
6633c0f9: posts small blind $0.05
681f988b: posts big blind $0.1
*** HOLE CARDS ***
Dealt to e7e3ca35 
Dealt to 6633c0f9 
Dealt to 681f988b 
Dealt to 458d0d0b 
Dealt to Hero [6s 2s]
Dealt to 6819d09d 
458d0d0b: calls $0.1
Hero: folds
6819d09d: folds
e7e3ca35: folds
6633c0f9: raises $0.35 to $0.45
681f988b: folds
458d0d0b: calls $0.35
*** FLOP *** [3d 3s 8s]
6633c0f9: bets $0.35
458d0d0b: folds
Uncalled bet ($0.35) returned to 6633c0f9
*** SHOWDOWN ***
6633c0f9 collected $0.95 from pot
*** SUMMARY ***
Total pot $1 | Rake $0.05 | Jackpot $0 | Bingo $0 | Fortune $0 | Tax $0
Board [3d 3s 8s]
Seat 1: e7e3ca35 (button) folded before Flop (didn't bet)
Seat 2: 6633c0f9 (small blind) won ($0.95)
Seat 3: 681f988b (big blind) folded before Flop
Seat 4: 458d0d0b folded on the Flop
Seat 5: Hero folded before Flop (didn't bet)
Seat 6: 6819d09d folded before Flop (didn't bet)


Poker Hand #HD1591890475: Hold'em No Limit ($0.05/$0.1) - 2024/01/17 09:17:05
Table 'NLHRed22' 6-max Seat #6 is the button
Seat 1: e7e3ca35 ($10.12 in chips)
Seat 2: 6633c0f9 ($10.15 in chips)
Seat 3: 681f988b ($10.13 in chips)
Seat 4: 458d0d0b ($2.08 in chips)
Seat 5: Hero ($10.79 in chips)
Seat 6: 6819d09d ($15.82 in chips)
e7e3ca35: posts small blind $0.05
6633c0f9: posts big blind $0.1
*** HOLE CARDS ***
Dealt to e7e3ca35 
Dealt to 6633c0f9 
Dealt to 681f988b 
Dealt to 458d0d0b 
Dealt to Hero [Tc 7h]
Dealt to 6819d09d 
681f988b: folds
458d0d0b: folds
Hero: folds
6819d09d: raises $0.15 to $0.25
e7e3ca35: folds
6633c0f9: folds
Uncalled bet ($0.15) returned to 6819d09d
*** SHOWDOWN ***
6819d09d collected $0.25 from pot
*** SUMMARY ***
Total pot $0.25 | Rake $0 | Jackpot $0 | Bingo $0 | Fortune $0 | Tax $0
Seat 1: e7e3ca35 (small blind) folded before Flop
Seat 2: 6633c0f9 (big blind) folded before Flop
Seat 3: 681f988b folded before Flop (didn't bet)
Seat 4: 458d0d0b folded before Flop (didn't bet)
Seat 5: Hero folded before Flop (didn't bet)
Seat 6: 6819d09d (button) collected ($0.25)


Poker Hand #HD1591890401: Hold'em No Limit ($0.05/$0.1) - 2024/01/17 09:16:19
Table 'NLHRed22' 6-max Seat #5 is the button
Seat 1: e7e3ca35 ($10.52 in chips)
Seat 2: 6633c0f9 ($10.15 in chips)
Seat 3: 681f988b ($10.13 in chips)
Seat 4: 458d0d0b ($2.48 in chips)
Seat 5: Hero ($10 in chips)
Seat 6: 6819d09d ($15.87 in chips)
6819d09d: posts small blind $0.05
e7e3ca35: posts big blind $0.1
*** HOLE CARDS ***
Dealt to e7e3ca35 
Dealt to 6633c0f9 
Dealt to 681f988b 
Dealt to 458d0d0b 
Dealt to Hero [Qd Kh]
Dealt to 6819d09d 
6633c0f9: folds
681f988b: folds
458d0d0b: calls $0.1
Hero: raises $0.3 to $0.4
6819d09d: folds
e7e3ca35: calls $0.3
458d0d0b: calls $0.3
*** FLOP *** [6h Jd Ad]
e7e3ca35: checks
458d0d0b: checks
Hero: bets $0.67
e7e3ca35: folds
458d0d0b: folds
Uncalled bet ($0.67) returned to Hero
*** SHOWDOWN ***
Hero collected $1.19 from pot
*** SUMMARY ***
Total pot $1.25 | Rake $0.06 | Jackpot $0 | Bingo $0 | Fortune $0 | Tax $0
Board [6h Jd Ad]
Seat 1: e7e3ca35 (big blind) folded on the Flop
Seat 2: 6633c0f9 folded before Flop (didn't bet)
Seat 3: 681f988b folded before Flop (didn't bet)
Seat 4: 458d0d0b folded on the Flop
Seat 5: Hero (button) won ($1.19)
Seat 6: 6819d09d (small blind) folded before Flop


Poker Hand #HD1591890379: Hold'em No Limit ($0.05/$0.1) - 2024/01/17 09:16:04
Table 'NLHRed22' 6-max Seat #4 is the button
Seat 1: e7e3ca35 ($10.52 in chips)
Seat 2: 6633c0f9 ($10.15 in chips)
Seat 3: 681f988b ($10.13 in chips)
Seat 4: 458d0d0b ($2.48 in chips)
Seat 5: Hero ($10 in chips)
Seat 6: 6819d09d ($15.82 in chips)
Hero: posts small blind $0.05
6819d09d: posts big blind $0.1
*** HOLE CARDS ***
Dealt to e7e3ca35 
Dealt to 6633c0f9 
Dealt to 681f988b 
Dealt to 458d0d0b 
Dealt to Hero [6h Qc]
Dealt to 6819d09d 
e7e3ca35: folds
6633c0f9: folds
681f988b: folds
458d0d0b: folds
Hero: folds
Uncalled bet ($0.05) returned to 6819d09d
*** SHOWDOWN ***
6819d09d collected $0.1 from pot
*** SUMMARY ***
Total pot $0.1 | Rake $0 | Jackpot $0 | Bingo $0 | Fortune $0 | Tax $0
Seat 1: e7e3ca35 folded before Flop (didn't bet)
Seat 2: 6633c0f9 folded before Flop (didn't bet)
Seat 3: 681f988b folded before Flop (didn't bet)
Seat 4: 458d0d0b (button) folded before Flop (didn't bet)
Seat 5: Hero (small blind) folded before Flop
Seat 6: 6819d09d (big blind) collected ($0.1)


Poker Hand #HD1591890338: Hold'em No Limit ($0.05/$0.1) - 2024/01/17 09:15:38
Table 'NLHRed22' 6-max Seat #3 is the button
Seat 1: e7e3ca35 ($10.52 in chips)
Seat 2: 6633c0f9 ($10 in chips)
Seat 3: 681f988b ($10.13 in chips)
Seat 4: 458d0d0b ($2.53 in chips)
Seat 5: Hero ($10 in chips)
Seat 6: 6819d09d ($15.82 in chips)
458d0d0b: posts small blind $0.05
Hero: posts big blind $0.1
*** HOLE CARDS ***
Dealt to e7e3ca35 
Dealt to 6633c0f9 
Dealt to 681f988b 
Dealt to 458d0d0b 
Dealt to Hero [4s Qh]
Dealt to 6819d09d 
6819d09d: folds
e7e3ca35: folds
6633c0f9: raises $0.2 to $0.3
681f988b: folds
458d0d0b: folds
Hero: folds
Uncalled bet ($0.2) returned to 6633c0f9
*** SHOWDOWN ***
6633c0f9 collected $0.25 from pot
*** SUMMARY ***
Total pot $0.25 | Rake $0 | Jackpot $0 | Bingo $0 | Fortune $0 | Tax $0
Seat 1: e7e3ca35 folded before Flop (didn't bet)
Seat 2: 6633c0f9 collected ($0.25)
Seat 3: 681f988b (button) folded before Flop (didn't bet)
Seat 4: 458d0d0b (small blind) folded before Flop
Seat 5: Hero (big blind) folded before Flop
Seat 6: 6819d09d folded before Flop (didn't bet)


Poker Hand #HD1591890268: Hold'em No Limit ($0.05/$0.1) - 2024/01/17 09:14:47
Table 'NLHRed22' 6-max Seat #2 is the button
Seat 1: e7e3ca35 ($10.52 in chips)
Seat 2: 6633c0f9 ($10 in chips)
Seat 3: 681f988b ($10.18 in chips)
Seat 4: 458d0d0b ($2.78 in chips)
Seat 5: Hero ($10 in chips)
Seat 6: 6819d09d ($15.54 in chips)
681f988b: posts small blind $0.05
458d0d0b: posts big blind $0.1
*** HOLE CARDS ***
Dealt to e7e3ca35 
Dealt to 6633c0f9 
Dealt to 681f988b 
Dealt to 458d0d0b 
Dealt to Hero [9d Ah]
Dealt to 6819d09d 
Hero: folds
6819d09d: raises $0.15 to $0.25
e7e3ca35: folds
6633c0f9: folds
681f988b: folds
458d0d0b: calls $0.15
*** FLOP *** [5d Td Js]
458d0d0b: checks
6819d09d: bets $0.42
458d0d0b: folds
Uncalled bet ($0.42) returned to 6819d09d
*** SHOWDOWN ***
6819d09d collected $0.53 from pot
*** SUMMARY ***
Total pot $0.55 | Rake $0.02 | Jackpot $0 | Bingo $0 | Fortune $0 | Tax $0
Board [5d Td Js]
Seat 1: e7e3ca35 folded before Flop (didn't bet)
Seat 2: 6633c0f9 (button) folded before Flop (didn't bet)
Seat 3: 681f988b (small blind) folded before Flop
Seat 4: 458d0d0b (big blind) folded on the Flop
Seat 5: Hero folded before Flop (didn't bet)
Seat 6: 6819d09d won ($0.53)


Poker Hand #HD1591890203: Hold'em No Limit ($0.05/$0.1) - 2024/01/17 09:14:08
Table 'NLHRed22' 6-max Seat #1 is the button
Seat 1: e7e3ca35 ($10.18 in chips)
Seat 2: 6633c0f9 ($10 in chips)
Seat 3: 681f988b ($10.28 in chips)
Seat 4: 458d0d0b ($3 in chips)
Seat 5: Hero ($10 in chips)
Seat 6: 6819d09d ($15.54 in chips)
6633c0f9: posts small blind $0.05
681f988b: posts big blind $0.1
*** HOLE CARDS ***
Dealt to e7e3ca35 
Dealt to 6633c0f9 
Dealt to 681f988b 
Dealt to 458d0d0b 
Dealt to Hero [5h Tc]
Dealt to 6819d09d 
458d0d0b: calls $0.1
Hero: folds
6819d09d: folds
e7e3ca35: raises $0.12 to $0.22
6633c0f9: folds
681f988b: folds
458d0d0b: calls $0.12
*** FLOP *** [Kh 4d As]
458d0d0b: checks
e7e3ca35: bets $0.1
458d0d0b: folds
Uncalled bet ($0.1) returned to e7e3ca35
*** SHOWDOWN ***
e7e3ca35 collected $0.56 from pot
*** SUMMARY ***
Total pot $0.59 | Rake $0.03 | Jackpot $0 | Bingo $0 | Fortune $0 | Tax $0
Board [Kh 4d As]
Seat 1: e7e3ca35 (button) won ($0.56)
Seat 2: 6633c0f9 (small blind) folded before Flop
Seat 3: 681f988b (big blind) folded before Flop
Seat 4: 458d0d0b folded on the Flop
Seat 5: Hero folded before Flop (didn't bet)
Seat 6: 6819d09d folded before Flop (didn't bet)


Poker Hand #HD1591890167: Hold'em No Limit ($0.05/$0.1) - 2024/01/17 09:13:45
Table 'NLHRed22' 6-max Seat #6 is the button
Seat 1: e7e3ca35 ($10.23 in chips)
Seat 2: 6633c0f9 ($10 in chips)
Seat 3: 681f988b ($10.28 in chips)
Seat 4: 458d0d0b ($3 in chips)
Seat 5: Hero ($10 in chips)
Seat 6: 6819d09d ($15.39 in chips)
e7e3ca35: posts small blind $0.05
6633c0f9: posts big blind $0.1
*** HOLE CARDS ***
Dealt to e7e3ca35 
Dealt to 6633c0f9 
Dealt to 681f988b 
Dealt to 458d0d0b 
Dealt to Hero [Qc 7d]
Dealt to 6819d09d 
681f988b: folds
458d0d0b: folds
Hero: folds
6819d09d: raises $0.15 to $0.25
e7e3ca35: folds
6633c0f9: folds
Uncalled bet ($0.15) returned to 6819d09d
*** SHOWDOWN ***
6819d09d collected $0.25 from pot
*** SUMMARY ***
Total pot $0.25 | Rake $0 | Jackpot $0 | Bingo $0 | Fortune $0 | Tax $0
Seat 1: e7e3ca35 (small blind) folded before Flop
Seat 2: 6633c0f9 (big blind) folded before Flop
Seat 3: 681f988b folded before Flop (didn't bet)
Seat 4: 458d0d0b folded before Flop (didn't bet)
Seat 5: Hero folded before Flop (didn't bet)
Seat 6: 6819d09d (button) collected ($0.25)


Poker Hand #HD1591890112: Hold'em No Limit ($0.05/$0.1) - 2024/01/17 09:13:09
Table 'NLHRed22' 6-max Seat #5 is the button
Seat 1: e7e3ca35 ($10 in chips)
Seat 3: 681f988b ($10.28 in chips)
Seat 4: 458d0d0b ($3.2 in chips)
Seat 5: Hero ($10 in chips)
Seat 6: 6819d09d ($15.44 in chips)
6819d09d: posts small blind $0.05
e7e3ca35: posts big blind $0.1
*** HOLE CARDS ***
Dealt to e7e3ca35 
Dealt to 681f988b 
Dealt to 458d0d0b 
Dealt to Hero [Ac 2h]
Dealt to 6819d09d 
681f988b: folds
458d0d0b: raises $0.1 to $0.2
Hero: folds
6819d09d: folds
e7e3ca35: calls $0.1
*** FLOP *** [8c Jd 8s]
e7e3ca35: checks
458d0d0b: checks
*** TURN *** [8c Jd 8s] [5d]
e7e3ca35: bets $0.15
458d0d0b: folds
Uncalled bet ($0.15) returned to e7e3ca35
*** SHOWDOWN ***
e7e3ca35 collected $0.43 from pot
*** SUMMARY ***
Total pot $0.45 | Rake $0.02 | Jackpot $0 | Bingo $0 | Fortune $0 | Tax $0
Board [8c Jd 8s 5d]
Seat 1: e7e3ca35 (big blind) won ($0.43)
Seat 3: 681f988b folded before Flop (didn't bet)
Seat 4: 458d0d0b folded on the Turn
Seat 5: Hero (button) folded before Flop (didn't bet)
Seat 6: 6819d09d (small blind) folded before Flop


Poker Hand #HD1591890012: Hold'em No Limit ($0.05/$0.1) - 2024/01/17 09:11:57
Table 'NLHRed22' 6-max Seat #4 is the button
Seat 1: e7e3ca35 ($10 in chips)
Seat 3: 681f988b ($10.28 in chips)
Seat 4: 458d0d0b ($3.3 in chips)
Seat 5: Hero ($10 in chips)
Seat 6: 6819d09d ($15.3 in chips)
Hero: posts small blind $0.05
6819d09d: posts big blind $0.1
*** HOLE CARDS ***
Dealt to e7e3ca35 
Dealt to 681f988b 
Dealt to 458d0d0b 
Dealt to Hero [3s Ad]
Dealt to 6819d09d 
e7e3ca35: folds
681f988b: folds
458d0d0b: calls $0.1
Hero: folds
6819d09d: checks
*** FLOP *** [Jh 2d 4c]
6819d09d: checks
458d0d0b: checks
*** TURN *** [Jh 2d 4c] [Qh]
6819d09d: checks
458d0d0b: checks
*** RIVER *** [Jh 2d 4c Qh] [7d]
6819d09d: checks
458d0d0b: checks
6819d09d: shows [Ah 4d] (Pair of Fours)
458d0d0b: shows [Td 9s] (Queen-High)
*** SHOWDOWN ***
6819d09d collected $0.24 from pot
*** SUMMARY ***
Total pot $0.25 | Rake $0.01 | Jackpot $0 | Bingo $0 | Fortune $0 | Tax $0
Board [Jh 2d 4c Qh 7d]
Seat 1: e7e3ca35 folded before Flop (didn't bet)
Seat 3: 681f988b folded before Flop (didn't bet)
Seat 4: 458d0d0b (button) showed [Td 9s] and lost with Queen-High
Seat 5: Hero (small blind) folded before Flop
Seat 6: 6819d09d (big blind) showed [Ah 4d] and won ($0.24) with Pair of Fours


Poker Hand #HD1591889941: Hold'em No Limit ($0.05/$0.1) - 2024/01/17 09:11:15
Table 'NLHRed22' 6-max Seat #3 is the button
Seat 1: e7e3ca35 ($10 in chips)
Seat 3: 681f988b ($10 in chips)
Seat 4: 458d0d0b ($3.5 in chips)
Seat 5: Hero ($10 in chips)
Seat 6: 6819d09d ($15.3 in chips)
458d0d0b: posts small blind $0.05
Hero: posts big blind $0.1
*** HOLE CARDS ***
Dealt to e7e3ca35 
Dealt to 681f988b 
Dealt to 458d0d0b 
Dealt to Hero [8h 9d]
Dealt to 6819d09d 
6819d09d: folds
e7e3ca35: folds
681f988b: raises $0.1 to $0.2
458d0d0b: calls $0.15
Hero: folds
*** FLOP *** [7s 6s 2h]
458d0d0b: checks
681f988b: bets $0.21
458d0d0b: folds
Uncalled bet ($0.21) returned to 681f988b
*** SHOWDOWN ***
681f988b collected $0.48 from pot
*** SUMMARY ***
Total pot $0.5 | Rake $0.02 | Jackpot $0 | Bingo $0 | Fortune $0 | Tax $0
Board [7s 6s 2h]
Seat 1: e7e3ca35 folded before Flop (didn't bet)
Seat 3: 681f988b (button) won ($0.48)
Seat 4: 458d0d0b (small blind) folded on the Flop
Seat 5: Hero (big blind) folded before Flop
Seat 6: 6819d09d folded before Flop (didn't bet)


Poker Hand #HD1591889926: Hold'em No Limit ($0.05/$0.1) - 2024/01/17 09:11:05
Table 'NLHRed22' 6-max Seat #1 is the button
Seat 1: e7e3ca35 ($10 in chips)
Seat 3: 681f988b ($10 in chips)
Seat 4: 458d0d0b ($3.6 in chips)
Seat 5: Hero ($10 in chips)
Seat 6: 6819d09d ($15.15 in chips)
681f988b: posts small blind $0.05
458d0d0b: posts big blind $0.1
*** HOLE CARDS ***
Dealt to e7e3ca35 
Dealt to 681f988b 
Dealt to 458d0d0b 
Dealt to Hero [Kh 6d]
Dealt to 6819d09d 
Hero: folds
6819d09d: raises $0.15 to $0.25
e7e3ca35: folds
681f988b: folds
458d0d0b: folds
Uncalled bet ($0.15) returned to 6819d09d
*** SHOWDOWN ***
6819d09d collected $0.25 from pot
*** SUMMARY ***
Total pot $0.25 | Rake $0 | Jackpot $0 | Bingo $0 | Fortune $0 | Tax $0
Seat 1: e7e3ca35 (button) folded before Flop (didn't bet)
Seat 3: 681f988b (small blind) folded before Flop
Seat 4: 458d0d0b (big blind) folded before Flop
Seat 5: Hero folded before Flop (didn't bet)
Seat 6: 6819d09d collected ($0.25)


Poker Hand #HD1591889763: Hold'em No Limit ($0.05/$0.1) - 2024/01/17 09:09:17
Table 'NLHRed22' 6-max Seat #6 is the button
Seat 1: e7e3ca35 ($10 in chips)
Seat 3: 681f988b ($10 in chips)
Seat 4: 458d0d0b ($5 in chips)
Seat 5: Hero ($10 in chips)
Seat 6: 6819d09d ($12.51 in chips)
e7e3ca35: posts small blind $0.05
681f988b: posts big blind $0.1
458d0d0b: posts big blind $0.1
Hero: posts big blind $0.1
*** HOLE CARDS ***
Dealt to e7e3ca35 
Dealt to 681f988b 
Dealt to 458d0d0b 
Dealt to Hero [7d Ad]
Dealt to 6819d09d 
458d0d0b: checks
Hero: checks
6819d09d: raises $0.4 to $0.5
e7e3ca35: folds
681f988b: folds
458d0d0b: calls $0.4
Hero: calls $0.4
*** FLOP *** [9d Ks Ac]
458d0d0b: checks
Hero: checks
6819d09d: checks
*** TURN *** [9d Ks Ac] [Ts]
458d0d0b: checks
Hero: checks
6819d09d: bets $0.9
458d0d0b: calls $0.9
Hero: calls $0.9
*** RIVER *** [9d Ks Ac Ts] [Jh]
458d0d0b: checks
Hero: checks
6819d09d: checks
458d0d0b: shows [8d Kc] (Pair of Kings)
Hero: shows [7d Ad] (Pair of Aces)
6819d09d: shows [As Th] (Pair of Aces and Pair of Tens)
*** SHOWDOWN ***
6819d09d collected $4.04 from pot
*** SUMMARY ***
Total pot $4.35 | Rake $0.21 | Jackpot $0.1 | Bingo $0 | Fortune $0 | Tax $0
Board [9d Ks Ac Ts Jh]
Seat 1: e7e3ca35 (small blind) folded before Flop
Seat 3: 681f988b (big blind) folded before Flop
Seat 4: 458d0d0b showed [8d Kc] and lost with Pair of Kings
Seat 5: Hero showed [7d Ad] and lost with Pair of Aces
Seat 6: 6819d09d (button) showed [As Th] and won ($4.04) with Pair of Aces and Pair of Tens


