Poker Hand #HD1170316325: Hold'em No Limit  ($0.02/$0.05) - 2023/03/21 23:14:02
Table 'NLHBlue14' 6-max Seat #3 is the button
Seat 1: d91b649c ($5 in chips)
Seat 2: 12463afa ($8.07 in chips)
Seat 3: 6bd7c72a ($6.05 in chips)
Seat 4: 843dfc62 ($5 in chips)
Seat 5: e1d10fc7 ($5.21 in chips)
Seat 6: Hero ($5 in chips)
843dfc62: posts small blind $0.02
e1d10fc7: posts big blind $0.05
*** HOLE CARDS ***
Dealt to d91b649c 
Dealt to 12463afa 
Dealt to 6bd7c72a 
Dealt to 843dfc62 
Dealt to e1d10fc7 
Dealt to Hero [Qh 9s]
Hero: folds
d91b649c: folds
12463afa: folds
6bd7c72a: folds
843dfc62: raises $0.13 to $0.18
e1d10fc7: raises $0.32 to $0.5
843dfc62: calls $0.32
*** FLOP *** [4s 6c 4c]
843dfc62: checks
e1d10fc7: bets $0.5
843dfc62: raises $1 to $1.5
e1d10fc7: raises $3.21 to $4.71 and is all-in
843dfc62: calls $3 and is all-in
Uncalled bet ($0.21) returned to e1d10fc7
e1d10fc7: shows [Jh Jd] (Pair of Jacks and Pair of Fours)
843dfc62: shows [3c 5c] (Pair of Fours)
*** FIRST TURN *** [4s 6c 4c] [8s]
*** FIRST RIVER *** [4s 6c 4c 8s] [9h]
*** SECOND TURN *** [4s 6c 4c] [5s]
*** SECOND RIVER *** [4s 6c 4c 5s] [Js]
*** FIRST SHOWDOWN ***
e1d10fc7 collected $4.74 from pot
*** SECOND SHOWDOWN ***
e1d10fc7 collected $4.73 from pot
*** SUMMARY ***
Total pot $10 | Rake $0.48 | Jackpot $0.05 | Bingo $0 | Fortune $0
Hand was run two times
FIRST Board [4s 6c 4c 8s 9h]
SECOND Board [5s Js]
Seat 1: d91b649c folded before Flop (didn't bet)
Seat 2: 12463afa folded before Flop (didn't bet)
Seat 3: 6bd7c72a (button) folded before Flop (didn't bet)
Seat 4: 843dfc62 (small blind) showed [3c 5c] and lost with Pair of Fours, and lost
Seat 5: e1d10fc7 (big blind) showed [Jh Jd] and won ($4.74) with Pair of Jacks and Pair of Fours, and won ($4.73)
Seat 6: Hero folded before Flop (didn't bet)


Poker Hand #HD1170316292: Hold'em No Limit  ($0.02/$0.05) - 2023/03/21 23:13:45
Table 'NLHBlue14' 6-max Seat #2 is the button
Seat 1: d91b649c ($5 in chips)
Seat 2: 12463afa ($8.07 in chips)
Seat 3: 6bd7c72a ($6 in chips)
Seat 4: 843dfc62 ($5 in chips)
Seat 5: e1d10fc7 ($5.21 in chips)
Seat 6: Hero ($5 in chips)
6bd7c72a: posts small blind $0.02
843dfc62: posts big blind $0.05
*** HOLE CARDS ***
Dealt to d91b649c 
Dealt to 12463afa 
Dealt to 6bd7c72a 
Dealt to 843dfc62 
Dealt to e1d10fc7 
Dealt to Hero [Kd 8c]
e1d10fc7: folds
Hero: folds
d91b649c: folds
12463afa: folds
6bd7c72a: raises $0.1 to $0.15
843dfc62: folds
Uncalled bet ($0.1) returned to 6bd7c72a
*** SHOWDOWN ***
6bd7c72a collected $0.1 from pot
*** SUMMARY ***
Total pot $0.1 | Rake $0 | Jackpot $0 | Bingo $0 | Fortune $0
Seat 1: d91b649c folded before Flop (didn't bet)
Seat 2: 12463afa (button) folded before Flop (didn't bet)
Seat 3: 6bd7c72a (small blind) collected ($0.1)
Seat 4: 843dfc62 (big blind) folded before Flop
Seat 5: e1d10fc7 folded before Flop (didn't bet)
Seat 6: Hero folded before Flop (didn't bet)


Poker Hand #HD1170316243: Hold'em No Limit  ($0.02/$0.05) - 2023/03/21 23:13:23
Table 'NLHBlue14' 6-max Seat #1 is the button
Seat 1: d91b649c ($5 in chips)
Seat 2: 12463afa ($8.09 in chips)
Seat 3: 6bd7c72a ($5.98 in chips)
Seat 4: 843dfc62 ($5 in chips)
Seat 5: e1d10fc7 ($5.21 in chips)
Seat 6: Hero ($5 in chips)
12463afa: posts small blind $0.02
6bd7c72a: posts big blind $0.05
*** HOLE CARDS ***
Dealt to d91b649c 
Dealt to 12463afa 
Dealt to 6bd7c72a 
Dealt to 843dfc62 
Dealt to e1d10fc7 
Dealt to Hero [7d 4s]
843dfc62: folds
e1d10fc7: folds
Hero: folds
d91b649c: folds
12463afa: folds
Uncalled bet ($0.03) returned to 6bd7c72a
*** SHOWDOWN ***
6bd7c72a collected $0.04 from pot
*** SUMMARY ***
Total pot $0.04 | Rake $0 | Jackpot $0 | Bingo $0 | Fortune $0
Seat 1: d91b649c (button) folded before Flop (didn't bet)
Seat 2: 12463afa (small blind) folded before Flop
Seat 3: 6bd7c72a (big blind) collected ($0.04)
Seat 4: 843dfc62 folded before Flop (didn't bet)
Seat 5: e1d10fc7 folded before Flop (didn't bet)
Seat 6: Hero folded before Flop (didn't bet)


Poker Hand #HD1170316144: Hold'em No Limit  ($0.02/$0.05) - 2023/03/21 23:12:30
Table 'NLHBlue14' 6-max Seat #6 is the button
Seat 1: d91b649c ($5 in chips)
Seat 2: 12463afa ($7.83 in chips)
Seat 3: 6bd7c72a ($6.24 in chips)
Seat 4: 843dfc62 ($5 in chips)
Seat 5: e1d10fc7 ($5.21 in chips)
Seat 6: Hero ($5 in chips)
d91b649c: posts small blind $0.02
12463afa: posts big blind $0.05
*** HOLE CARDS ***
Dealt to d91b649c 
Dealt to 12463afa 
Dealt to 6bd7c72a 
Dealt to 843dfc62 
Dealt to e1d10fc7 
Dealt to Hero [Tc 4d]
6bd7c72a: raises $0.1 to $0.15
843dfc62: folds
e1d10fc7: folds
Hero: folds
d91b649c: folds
12463afa: calls $0.1
*** FLOP *** [7d 9d Ah]
12463afa: checks
6bd7c72a: bets $0.11
12463afa: calls $0.11
*** TURN *** [7d 9d Ah] [9s]
12463afa: checks
6bd7c72a: checks
*** RIVER *** [7d 9d Ah 9s] [Jd]
12463afa: checks
6bd7c72a: checks
12463afa: shows [6c 7c] (Pair of Nines and Pair of Sevens)
6bd7c72a: shows [Kc Qh] (Pair of Nines)
*** SHOWDOWN ***
12463afa collected $0.52 from pot
*** SUMMARY ***
Total pot $0.54 | Rake $0.02 | Jackpot $0 | Bingo $0 | Fortune $0
Board [7d 9d Ah 9s Jd]
Seat 1: d91b649c (small blind) folded before Flop
Seat 2: 12463afa (big blind) showed [6c 7c] and won ($0.52) with Pair of Nines and Pair of Sevens
Seat 3: 6bd7c72a showed [Kc Qh] and lost with Pair of Nines
Seat 4: 843dfc62 folded before Flop (didn't bet)
Seat 5: e1d10fc7 folded before Flop (didn't bet)
Seat 6: Hero (button) folded before Flop (didn't bet)


Poker Hand #HD1170316017: Hold'em No Limit  ($0.02/$0.05) - 2023/03/21 23:11:23
Table 'NLHBlue14' 6-max Seat #5 is the button
Seat 1: d91b649c ($5.47 in chips)
Seat 2: 12463afa ($7.83 in chips)
Seat 3: 6bd7c72a ($5.73 in chips)
Seat 4: 843dfc62 ($5 in chips)
Seat 5: e1d10fc7 ($5.21 in chips)
Seat 6: Hero ($5 in chips)
Hero: posts small blind $0.02
d91b649c: posts big blind $0.05
*** HOLE CARDS ***
Dealt to d91b649c 
Dealt to 12463afa 
Dealt to 6bd7c72a 
Dealt to 843dfc62 
Dealt to e1d10fc7 
Dealt to Hero [7c Kc]
12463afa: folds
6bd7c72a: raises $0.1 to $0.15
843dfc62: folds
e1d10fc7: folds
Hero: folds
d91b649c: calls $0.1
*** FLOP *** [8c 8d 9d]
d91b649c: checks
6bd7c72a: bets $0.11
d91b649c: raises $0.29 to $0.4
6bd7c72a: raises $0.8 to $1.2
d91b649c: folds
Uncalled bet ($0.8) returned to 6bd7c72a
*** SHOWDOWN ***
6bd7c72a collected $1.06 from pot
*** SUMMARY ***
Total pot $1.12 | Rake $0.06 | Jackpot $0 | Bingo $0 | Fortune $0
Board [8c 8d 9d]
Seat 1: d91b649c (big blind) folded on the Flop
Seat 2: 12463afa folded before Flop (didn't bet)
Seat 3: 6bd7c72a won ($1.06)
Seat 4: 843dfc62 folded before Flop (didn't bet)
Seat 5: e1d10fc7 (button) folded before Flop (didn't bet)
Seat 6: Hero (small blind) folded before Flop


Poker Hand #HD1170315949: Hold'em No Limit  ($0.02/$0.05) - 2023/03/21 23:10:52
Table 'NLHBlue14' 6-max Seat #4 is the button
Seat 1: d91b649c ($5.47 in chips)
Seat 2: 12463afa ($7.83 in chips)
Seat 3: 6bd7c72a ($5.73 in chips)
Seat 4: 843dfc62 ($5.02 in chips)
Seat 5: e1d10fc7 ($5.07 in chips)
Seat 6: Hero ($5 in chips)
e1d10fc7: posts small blind $0.02
Hero: posts big blind $0.05
*** HOLE CARDS ***
Dealt to d91b649c 
Dealt to 12463afa 
Dealt to 6bd7c72a 
Dealt to 843dfc62 
Dealt to e1d10fc7 
Dealt to Hero [Ts 5h]
d91b649c: folds
12463afa: folds
6bd7c72a: folds
843dfc62: raises $0.05 to $0.1
e1d10fc7: raises $0.45 to $0.55
Hero: folds
843dfc62: folds
Uncalled bet ($0.45) returned to e1d10fc7
*** SHOWDOWN ***
e1d10fc7 collected $0.24 from pot
*** SUMMARY ***
Total pot $0.25 | Rake $0.01 | Jackpot $0 | Bingo $0 | Fortune $0
Seat 1: d91b649c folded before Flop (didn't bet)
Seat 2: 12463afa folded before Flop (didn't bet)
Seat 3: 6bd7c72a folded before Flop (didn't bet)
Seat 4: 843dfc62 (button) folded before Flop
Seat 5: e1d10fc7 (small blind) collected ($0.24)
Seat 6: Hero (big blind) folded before Flop


