Poker Hand #HD1168628138: Hold'em No Limit  ($0.02/$0.05) - 2023/03/20 19:42:54
Table 'NLHBlue99' 6-max Seat #2 is the button
Seat 1: 66080173 ($5.79 in chips)
Seat 2: 7eb81701 ($5.71 in chips)
Seat 3: 116b5d20 ($5.35 in chips)
Seat 4: 16e870e0 ($3.19 in chips)
Seat 5: Hero ($5.35 in chips)
Seat 6: 5a663f2b ($4.23 in chips)
116b5d20: posts small blind $0.02
16e870e0: posts big blind $0.05
*** HOLE CARDS ***
Dealt to 66080173 
Dealt to 7eb81701 
Dealt to 116b5d20 
Dealt to 16e870e0 
Dealt to Hero [5c 2h]
Dealt to 5a663f2b 
Hero: folds
5a663f2b: folds
66080173: raises $0.05 to $0.1
7eb81701: folds
116b5d20: folds
16e870e0: calls $0.05
*** FLOP *** [7d 2d 9d]
16e870e0: checks
66080173: checks
*** TURN *** [7d 2d 9d] [8d]
16e870e0: checks
66080173: bets $0.11
16e870e0: folds
Uncalled bet ($0.11) returned to 66080173
*** SHOWDOWN ***
66080173 collected $0.21 from pot
*** SUMMARY ***
Total pot $0.22 | Rake $0.01 | Jackpot $0 | Bingo $0 | Fortune $0
Board [7d 2d 9d 8d]
Seat 1: 66080173 won ($0.21)
Seat 2: 7eb81701 (button) folded before Flop (didn't bet)
Seat 3: 116b5d20 (small blind) folded before Flop
Seat 4: 16e870e0 (big blind) folded on the Turn
Seat 5: Hero folded before Flop (didn't bet)
Seat 6: 5a663f2b folded before Flop (didn't bet)


Poker Hand #HD1168628105: Hold'em No Limit  ($0.02/$0.05) - 2023/03/20 19:42:42
Table 'NLHBlue99' 6-max Seat #1 is the button
Seat 1: 66080173 ($5.79 in chips)
Seat 2: 7eb81701 ($5.73 in chips)
Seat 3: 116b5d20 ($5.33 in chips)
Seat 4: 16e870e0 ($3.19 in chips)
Seat 5: Hero ($5.35 in chips)
Seat 6: 5a663f2b ($4.23 in chips)
7eb81701: posts small blind $0.02
116b5d20: posts big blind $0.05
*** HOLE CARDS ***
Dealt to 66080173 
Dealt to 7eb81701 
Dealt to 116b5d20 
Dealt to 16e870e0 
Dealt to Hero [2d 8s]
Dealt to 5a663f2b 
16e870e0: folds
Hero: folds
5a663f2b: folds
66080173: folds
7eb81701: folds
Uncalled bet ($0.03) returned to 116b5d20
*** SHOWDOWN ***
116b5d20 collected $0.04 from pot
*** SUMMARY ***
Total pot $0.04 | Rake $0 | Jackpot $0 | Bingo $0 | Fortune $0
Seat 1: 66080173 (button) folded before Flop (didn't bet)
Seat 2: 7eb81701 (small blind) folded before Flop
Seat 3: 116b5d20 (big blind) collected ($0.04)
Seat 4: 16e870e0 folded before Flop (didn't bet)
Seat 5: Hero folded before Flop (didn't bet)
Seat 6: 5a663f2b folded before Flop (didn't bet)


Poker Hand #HD1168627802: Hold'em No Limit  ($0.02/$0.05) - 2023/03/20 19:40:37
Table 'NLHBlue99' 6-max Seat #6 is the button
Seat 1: 66080173 ($5.96 in chips)
Seat 2: 7eb81701 ($5 in chips)
Seat 3: 116b5d20 ($5.33 in chips)
Seat 4: 16e870e0 ($3.82 in chips)
Seat 5: Hero ($5.35 in chips)
Seat 6: 5a663f2b ($4.23 in chips)
66080173: posts small blind $0.02
7eb81701: posts big blind $0.05
*** HOLE CARDS ***
Dealt to 66080173 
Dealt to 7eb81701 
Dealt to 116b5d20 
Dealt to 16e870e0 
Dealt to Hero [3c 2s]
Dealt to 5a663f2b 
116b5d20: folds
16e870e0: calls $0.05
Hero: folds
5a663f2b: folds
66080173: calls $0.03
7eb81701: checks
*** FLOP *** [Tc 8d Ad]
66080173: checks
7eb81701: checks
16e870e0: bets $0.12
66080173: calls $0.12
7eb81701: raises $0.46 to $0.58
16e870e0: calls $0.46
66080173: folds
*** TURN *** [Tc 8d Ad] [Ac]
7eb81701: checks
16e870e0: checks
*** RIVER *** [Tc 8d Ad Ac] [6c]
7eb81701: bets $0.48
16e870e0: folds
Uncalled bet ($0.48) returned to 7eb81701
*** SHOWDOWN ***
7eb81701 collected $1.36 from pot
*** SUMMARY ***
Total pot $1.43 | Rake $0.07 | Jackpot $0 | Bingo $0 | Fortune $0
Board [Tc 8d Ad Ac 6c]
Seat 1: 66080173 (small blind) folded on the Flop
Seat 2: 7eb81701 (big blind) won ($1.36)
Seat 3: 116b5d20 folded before Flop (didn't bet)
Seat 4: 16e870e0 folded on the River
Seat 5: Hero folded before Flop (didn't bet)
Seat 6: 5a663f2b (button) folded before Flop (didn't bet)


Poker Hand #HD1168627758: Hold'em No Limit  ($0.02/$0.05) - 2023/03/20 19:40:20
Table 'NLHBlue99' 6-max Seat #5 is the button
Seat 1: 66080173 ($6.01 in chips)
Seat 2: 7eb81701 ($4.93 in chips)
Seat 3: 116b5d20 ($5.33 in chips)
Seat 5: Hero ($5.35 in chips)
Seat 6: 5a663f2b ($4.25 in chips)
5a663f2b: posts small blind $0.02
66080173: posts big blind $0.05
*** HOLE CARDS ***
Dealt to 66080173 
Dealt to 7eb81701 
Dealt to 116b5d20 
Dealt to Hero [8d 2c]
Dealt to 5a663f2b 
7eb81701: raises $0.06 to $0.11
116b5d20: folds
Hero: folds
5a663f2b: folds
66080173: folds
Uncalled bet ($0.06) returned to 7eb81701
*** SHOWDOWN ***
7eb81701 collected $0.12 from pot
*** SUMMARY ***
Total pot $0.12 | Rake $0 | Jackpot $0 | Bingo $0 | Fortune $0
Seat 1: 66080173 (big blind) folded before Flop
Seat 2: 7eb81701 collected ($0.12)
Seat 3: 116b5d20 folded before Flop (didn't bet)
Seat 5: Hero (button) folded before Flop (didn't bet)
Seat 6: 5a663f2b (small blind) folded before Flop


Poker Hand #HD1168627677: Hold'em No Limit  ($0.02/$0.05) - 2023/03/20 19:39:47
Table 'NLHBlue99' 6-max Seat #4 is the button
Seat 1: 66080173 ($5.94 in chips)
Seat 2: 7eb81701 ($4.93 in chips)
Seat 3: 116b5d20 ($5.33 in chips)
Seat 4: 16e870e0 ($3.82 in chips)
Seat 5: Hero ($5.37 in chips)
Seat 6: 5a663f2b ($4.3 in chips)
Hero: posts small blind $0.02
5a663f2b: posts big blind $0.05
*** HOLE CARDS ***
Dealt to 66080173 
Dealt to 7eb81701 
Dealt to 116b5d20 
Dealt to 16e870e0 
Dealt to Hero [Qd 8c]
Dealt to 5a663f2b 
66080173: raises $0.05 to $0.1
7eb81701: folds
116b5d20: folds
16e870e0: folds
Hero: folds
5a663f2b: folds
Uncalled bet ($0.05) returned to 66080173
*** SHOWDOWN ***
66080173 collected $0.12 from pot
*** SUMMARY ***
Total pot $0.12 | Rake $0 | Jackpot $0 | Bingo $0 | Fortune $0
Seat 1: 66080173 collected ($0.12)
Seat 2: 7eb81701 folded before Flop (didn't bet)
Seat 3: 116b5d20 folded before Flop (didn't bet)
Seat 4: 16e870e0 (button) folded before Flop (didn't bet)
Seat 5: Hero (small blind) folded before Flop
Seat 6: 5a663f2b (big blind) folded before Flop


Poker Hand #HD1168627607: Hold'em No Limit  ($0.02/$0.05) - 2023/03/20 19:39:19
Table 'NLHBlue99' 6-max Seat #3 is the button
Seat 1: 66080173 ($5.94 in chips)
Seat 2: 7eb81701 ($4.93 in chips)
Seat 3: 116b5d20 ($5.33 in chips)
Seat 4: 16e870e0 ($3.84 in chips)
Seat 5: Hero ($5.35 in chips)
Seat 6: 5a663f2b ($4.3 in chips)
16e870e0: posts small blind $0.02
Hero: posts big blind $0.05
*** HOLE CARDS ***
Dealt to 66080173 
Dealt to 7eb81701 
Dealt to 116b5d20 
Dealt to 16e870e0 
Dealt to Hero [2c Ac]
Dealt to 5a663f2b 
5a663f2b: folds
66080173: folds
7eb81701: folds
116b5d20: folds
16e870e0: folds
Uncalled bet ($0.03) returned to Hero
*** SHOWDOWN ***
Hero collected $0.04 from pot
*** SUMMARY ***
Total pot $0.04 | Rake $0 | Jackpot $0 | Bingo $0 | Fortune $0
Seat 1: 66080173 folded before Flop (didn't bet)
Seat 2: 7eb81701 folded before Flop (didn't bet)
Seat 3: 116b5d20 (button) folded before Flop (didn't bet)
Seat 4: 16e870e0 (small blind) folded before Flop
Seat 5: Hero (big blind) collected ($0.04)
Seat 6: 5a663f2b folded before Flop (didn't bet)


Poker Hand #HD1168627457: Hold'em No Limit  ($0.02/$0.05) - 2023/03/20 19:38:20
Table 'NLHBlue99' 6-max Seat #2 is the button
Seat 1: 66080173 ($6.15 in chips)
Seat 2: 7eb81701 ($4.93 in chips)
Seat 3: 116b5d20 ($5.35 in chips)
Seat 4: 16e870e0 ($3.63 in chips)
Seat 5: Hero ($5.35 in chips)
Seat 6: 5a663f2b ($4.3 in chips)
116b5d20: posts small blind $0.02
16e870e0: posts big blind $0.05
*** HOLE CARDS ***
Dealt to 66080173 
Dealt to 7eb81701 
Dealt to 116b5d20 
Dealt to 16e870e0 
Dealt to Hero [3s 8h]
Dealt to 5a663f2b 
Hero: folds
5a663f2b: folds
66080173: raises $0.05 to $0.1
7eb81701: folds
116b5d20: folds
16e870e0: calls $0.05
*** FLOP *** [Qh 4h 5h]
16e870e0: checks
66080173: checks
*** TURN *** [Qh 4h 5h] [5d]
16e870e0: checks
66080173: bets $0.11
16e870e0: calls $0.11
*** RIVER *** [Qh 4h 5h 5d] [6c]
16e870e0: checks
66080173: checks
16e870e0: shows [Kh 3d] (Pair of Fives)
66080173: shows [8c Th] (Pair of Fives)
*** SHOWDOWN ***
16e870e0 collected $0.42 from pot
*** SUMMARY ***
Total pot $0.44 | Rake $0.02 | Jackpot $0 | Bingo $0 | Fortune $0
Board [Qh 4h 5h 5d 6c]
Seat 1: 66080173 showed [8c Th] and lost with Pair of Fives
Seat 2: 7eb81701 (button) folded before Flop (didn't bet)
Seat 3: 116b5d20 (small blind) folded before Flop
Seat 4: 16e870e0 (big blind) showed [Kh 3d] and won ($0.42) with Pair of Fives
Seat 5: Hero folded before Flop (didn't bet)
Seat 6: 5a663f2b folded before Flop (didn't bet)


Poker Hand #HD1168627342: Hold'em No Limit  ($0.02/$0.05) - 2023/03/20 19:37:31
Table 'NLHBlue99' 6-max Seat #1 is the button
Seat 1: 66080173 ($5.94 in chips)
Seat 2: 7eb81701 ($4.95 in chips)
Seat 3: 116b5d20 ($5.4 in chips)
Seat 4: 16e870e0 ($3.63 in chips)
Seat 5: Hero ($5.35 in chips)
Seat 6: 5a663f2b ($4.45 in chips)
7eb81701: posts small blind $0.02
116b5d20: posts big blind $0.05
*** HOLE CARDS ***
Dealt to 66080173 
Dealt to 7eb81701 
Dealt to 116b5d20 
Dealt to 16e870e0 
Dealt to Hero [Qc Jd]
Dealt to 5a663f2b 
16e870e0: folds
Hero: folds
5a663f2b: raises $0.1 to $0.15
66080173: calls $0.15
7eb81701: folds
116b5d20: folds
*** FLOP *** [2h Ac 4c]
5a663f2b: checks
66080173: checks
*** TURN *** [2h Ac 4c] [4s]
5a663f2b: checks
66080173: checks
*** RIVER *** [2h Ac 4c 4s] [4h]
5a663f2b: checks
66080173: bets $0.37
5a663f2b: folds
Uncalled bet ($0.37) returned to 66080173
*** SHOWDOWN ***
66080173 collected $0.36 from pot
*** SUMMARY ***
Total pot $0.37 | Rake $0.01 | Jackpot $0 | Bingo $0 | Fortune $0
Board [2h Ac 4c 4s 4h]
Seat 1: 66080173 (button) won ($0.36)
Seat 2: 7eb81701 (small blind) folded before Flop
Seat 3: 116b5d20 (big blind) folded before Flop
Seat 4: 16e870e0 folded before Flop (didn't bet)
Seat 5: Hero folded before Flop (didn't bet)
Seat 6: 5a663f2b folded on the River


Poker Hand #HD1168627312: Hold'em No Limit  ($0.02/$0.05) - 2023/03/20 19:37:16
Table 'NLHBlue99' 6-max Seat #6 is the button
Seat 1: 66080173 ($5.96 in chips)
Seat 2: 7eb81701 ($5 in chips)
Seat 3: 116b5d20 ($5.4 in chips)
Seat 4: 16e870e0 ($3.63 in chips)
Seat 5: Hero ($5.35 in chips)
Seat 6: 5a663f2b ($4.38 in chips)
66080173: posts small blind $0.02
7eb81701: posts big blind $0.05
*** HOLE CARDS ***
Dealt to 66080173 
Dealt to 7eb81701 
Dealt to 116b5d20 
Dealt to 16e870e0 
Dealt to Hero [5c Jc]
Dealt to 5a663f2b 
116b5d20: folds
16e870e0: folds
Hero: folds
5a663f2b: raises $0.08 to $0.13
66080173: folds
7eb81701: folds
Uncalled bet ($0.08) returned to 5a663f2b
*** SHOWDOWN ***
5a663f2b collected $0.12 from pot
*** SUMMARY ***
Total pot $0.12 | Rake $0 | Jackpot $0 | Bingo $0 | Fortune $0
Seat 1: 66080173 (small blind) folded before Flop
Seat 2: 7eb81701 (big blind) folded before Flop
Seat 3: 116b5d20 folded before Flop (didn't bet)
Seat 4: 16e870e0 folded before Flop (didn't bet)
Seat 5: Hero folded before Flop (didn't bet)
Seat 6: 5a663f2b (button) collected ($0.12)


Poker Hand #HD1168627172: Hold'em No Limit  ($0.02/$0.05) - 2023/03/20 19:36:19
Table 'NLHBlue99' 6-max Seat #5 is the button
Seat 1: 66080173 ($6.11 in chips)
Seat 3: 116b5d20 ($5.1 in chips)
Seat 4: 16e870e0 ($3.78 in chips)
Seat 5: Hero ($5.35 in chips)
Seat 6: 5a663f2b ($4.4 in chips)
5a663f2b: posts small blind $0.02
66080173: posts big blind $0.05
*** HOLE CARDS ***
Dealt to 66080173 
Dealt to 116b5d20 
Dealt to 16e870e0 
Dealt to Hero [9s 6d]
Dealt to 5a663f2b 
116b5d20: raises $0.1 to $0.15
16e870e0: calls $0.15
Hero: folds
5a663f2b: folds
66080173: calls $0.1
*** FLOP *** [8s Qs Ts]
66080173: checks
116b5d20: checks
16e870e0: checks
*** TURN *** [8s Qs Ts] [3c]
66080173: checks
116b5d20: bets $0.25
16e870e0: folds
66080173: folds
Uncalled bet ($0.25) returned to 116b5d20
*** SHOWDOWN ***
116b5d20 collected $0.45 from pot
*** SUMMARY ***
Total pot $0.47 | Rake $0.02 | Jackpot $0 | Bingo $0 | Fortune $0
Board [8s Qs Ts 3c]
Seat 1: 66080173 (big blind) folded on the Turn
Seat 3: 116b5d20 won ($0.45)
Seat 4: 16e870e0 folded on the Turn
Seat 5: Hero (button) folded before Flop (didn't bet)
Seat 6: 5a663f2b (small blind) folded before Flop


Poker Hand #HD1168627106: Hold'em No Limit  ($0.02/$0.05) - 2023/03/20 19:35:52
Table 'NLHBlue99' 6-max Seat #4 is the button
Seat 1: 66080173 ($6.11 in chips)
Seat 3: 116b5d20 ($5.03 in chips)
Seat 4: 16e870e0 ($3.78 in chips)
Seat 5: Hero ($5.37 in chips)
Seat 6: 5a663f2b ($4.45 in chips)
Hero: posts small blind $0.02
5a663f2b: posts big blind $0.05
*** HOLE CARDS ***
Dealt to 66080173 
Dealt to 116b5d20 
Dealt to 16e870e0 
Dealt to Hero [5c 7c]
Dealt to 5a663f2b 
66080173: folds
116b5d20: raises $0.1 to $0.15
16e870e0: folds
Hero: folds
5a663f2b: folds
Uncalled bet ($0.1) returned to 116b5d20
*** SHOWDOWN ***
116b5d20 collected $0.12 from pot
*** SUMMARY ***
Total pot $0.12 | Rake $0 | Jackpot $0 | Bingo $0 | Fortune $0
Seat 1: 66080173 folded before Flop (didn't bet)
Seat 3: 116b5d20 collected ($0.12)
Seat 4: 16e870e0 (button) folded before Flop (didn't bet)
Seat 5: Hero (small blind) folded before Flop
Seat 6: 5a663f2b (big blind) folded before Flop


Poker Hand #HD1168626943: Hold'em No Limit  ($0.02/$0.05) - 2023/03/20 19:34:45
Table 'NLHBlue99' 6-max Seat #3 is the button
Seat 1: 66080173 ($6.11 in chips)
Seat 3: 116b5d20 ($5.03 in chips)
Seat 4: 16e870e0 ($3.5 in chips)
Seat 5: Hero ($5.52 in chips)
Seat 6: 5a663f2b ($4.6 in chips)
16e870e0: posts small blind $0.02
Hero: posts big blind $0.05
*** HOLE CARDS ***
Dealt to 66080173 
Dealt to 116b5d20 
Dealt to 16e870e0 
Dealt to Hero [Jc Qd]
Dealt to 5a663f2b 
5a663f2b: raises $0.1 to $0.15
66080173: folds
116b5d20: folds
16e870e0: calls $0.13
Hero: calls $0.1
*** FLOP *** [4d 3h 9c]
16e870e0: checks
Hero: checks
5a663f2b: checks
*** TURN *** [4d 3h 9c] [9h]
16e870e0: bets $0.15
Hero: folds
5a663f2b: folds
Uncalled bet ($0.15) returned to 16e870e0
*** SHOWDOWN ***
16e870e0 collected $0.43 from pot
*** SUMMARY ***
Total pot $0.45 | Rake $0.02 | Jackpot $0 | Bingo $0 | Fortune $0
Board [4d 3h 9c 9h]
Seat 1: 66080173 folded before Flop (didn't bet)
Seat 3: 116b5d20 (button) folded before Flop (didn't bet)
Seat 4: 16e870e0 (small blind) won ($0.43)
Seat 5: Hero (big blind) folded on the Turn
Seat 6: 5a663f2b folded on the Turn


Poker Hand #HD1168626879: Hold'em No Limit  ($0.02/$0.05) - 2023/03/20 19:34:20
Table 'NLHBlue99' 6-max Seat #1 is the button
Seat 1: 66080173 ($6.04 in chips)
Seat 3: 116b5d20 ($5.05 in chips)
Seat 4: 16e870e0 ($3.55 in chips)
Seat 5: Hero ($5.52 in chips)
Seat 6: 5a663f2b ($4.6 in chips)
116b5d20: posts small blind $0.02
16e870e0: posts big blind $0.05
*** HOLE CARDS ***
Dealt to 66080173 
Dealt to 116b5d20 
Dealt to 16e870e0 
Dealt to Hero [Th 8c]
Dealt to 5a663f2b 
Hero: folds
5a663f2b: folds
66080173: raises $0.05 to $0.1
116b5d20: folds
16e870e0: folds
Uncalled bet ($0.05) returned to 66080173
*** SHOWDOWN ***
66080173 collected $0.12 from pot
*** SUMMARY ***
Total pot $0.12 | Rake $0 | Jackpot $0 | Bingo $0 | Fortune $0
Seat 1: 66080173 (button) collected ($0.12)
Seat 3: 116b5d20 (small blind) folded before Flop
Seat 4: 16e870e0 (big blind) folded before Flop
Seat 5: Hero folded before Flop (didn't bet)
Seat 6: 5a663f2b folded before Flop (didn't bet)


Poker Hand #HD1168626709: Hold'em No Limit  ($0.02/$0.05) - 2023/03/20 19:33:15
Table 'NLHBlue99' 6-max Seat #6 is the button
Seat 1: 66080173 ($6.06 in chips)
Seat 3: 116b5d20 ($5 in chips)
Seat 4: 16e870e0 ($3.48 in chips)
Seat 5: Hero ($5.52 in chips)
Seat 6: 5a663f2b ($4.6 in chips)
66080173: posts small blind $0.02
116b5d20: posts big blind $0.05
*** HOLE CARDS ***
Dealt to 66080173 
Dealt to 116b5d20 
Dealt to 16e870e0 
Dealt to Hero [Td 2d]
Dealt to 5a663f2b 
16e870e0: calls $0.05
Hero: folds
5a663f2b: folds
66080173: folds
116b5d20: checks
*** FLOP *** [9d 2c As]
116b5d20: checks
16e870e0: bets $0.06
116b5d20: folds
Uncalled bet ($0.06) returned to 16e870e0
*** SHOWDOWN ***
16e870e0 collected $0.12 from pot
*** SUMMARY ***
Total pot $0.12 | Rake $0 | Jackpot $0 | Bingo $0 | Fortune $0
Board [9d 2c As]
Seat 1: 66080173 (small blind) folded before Flop
Seat 3: 116b5d20 (big blind) folded on the Flop
Seat 4: 16e870e0 won ($0.12)
Seat 5: Hero folded before Flop (didn't bet)
Seat 6: 5a663f2b (button) folded before Flop (didn't bet)


Poker Hand #HD1168626576: Hold'em No Limit  ($0.02/$0.05) - 2023/03/20 19:32:25
Table 'NLHBlue99' 6-max Seat #5 is the button
Seat 1: 66080173 ($6.18 in chips)
Seat 3: 116b5d20 ($5 in chips)
Seat 4: 16e870e0 ($3.48 in chips)
Seat 5: Hero ($5.39 in chips)
Seat 6: 5a663f2b ($4.62 in chips)
5a663f2b: posts small blind $0.02
66080173: posts big blind $0.05
*** HOLE CARDS ***
Dealt to 66080173 
Dealt to 116b5d20 
Dealt to 16e870e0 
Dealt to Hero [9d 9h]
Dealt to 5a663f2b 
116b5d20: folds
16e870e0: folds
Hero: raises $0.07 to $0.12
5a663f2b: folds
66080173: calls $0.07
*** FLOP *** [8c Ah 4s]
66080173: checks
Hero: bets $0.13
66080173: folds
Uncalled bet ($0.13) returned to Hero
*** SHOWDOWN ***
Hero collected $0.25 from pot
*** SUMMARY ***
Total pot $0.26 | Rake $0.01 | Jackpot $0 | Bingo $0 | Fortune $0
Board [8c Ah 4s]
Seat 1: 66080173 (big blind) folded on the Flop
Seat 3: 116b5d20 folded before Flop (didn't bet)
Seat 4: 16e870e0 folded before Flop (didn't bet)
Seat 5: Hero (button) won ($0.25)
Seat 6: 5a663f2b (small blind) folded before Flop


Poker Hand #HD1168626352: Hold'em No Limit  ($0.02/$0.05) - 2023/03/20 19:30:53
Table 'NLHBlue99' 6-max Seat #4 is the button
Seat 1: 66080173 ($8 in chips)
Seat 3: 116b5d20 ($5 in chips)
Seat 4: 16e870e0 ($1.82 in chips)
Seat 5: Hero ($5.41 in chips)
Seat 6: 5a663f2b ($4.67 in chips)
Hero: posts small blind $0.02
5a663f2b: posts big blind $0.05
*** HOLE CARDS ***
Dealt to 66080173 
Dealt to 116b5d20 
Dealt to 16e870e0 
Dealt to Hero [Kh 9s]
Dealt to 5a663f2b 
66080173: raises $0.05 to $0.1
116b5d20: folds
16e870e0: raises $0.21 to $0.31
Hero: folds
5a663f2b: folds
66080173: calls $0.21
*** FLOP *** [4d 7d 5s]
66080173: checks
16e870e0: bets $0.23
66080173: calls $0.23
*** TURN *** [4d 7d 5s] [8s]
66080173: bets $0.38
16e870e0: calls $0.38
*** RIVER *** [4d 7d 5s 8s] [Jc]
66080173: checks
16e870e0: bets $0.9 and is all-in
66080173: calls $0.9
16e870e0: shows [Js Jh] (Three Jacks)
66080173: shows [Tc Td] (Pair of Tens)
*** SHOWDOWN ***
16e870e0 collected $3.48 from pot
*** SUMMARY ***
Total pot $3.71 | Rake $0.18 | Jackpot $0.05 | Bingo $0 | Fortune $0
Board [4d 7d 5s 8s Jc]
Seat 1: 66080173 showed [Tc Td] and lost with Pair of Tens
Seat 3: 116b5d20 folded before Flop (didn't bet)
Seat 4: 16e870e0 (button) showed [Js Jh] and won ($3.48) with Three Jacks
Seat 5: Hero (small blind) folded before Flop
Seat 6: 5a663f2b (big blind) folded before Flop


Poker Hand #HD1168626241: Hold'em No Limit  ($0.02/$0.05) - 2023/03/20 19:30:12
Table 'NLHBlue99' 6-max Seat #3 is the button
Seat 1: 66080173 ($7.86 in chips)
Seat 3: 116b5d20 ($5 in chips)
Seat 4: 16e870e0 ($1.92 in chips)
Seat 5: Hero ($5.46 in chips)
Seat 6: 5a663f2b ($4.67 in chips)
16e870e0: posts small blind $0.02
Hero: posts big blind $0.05
*** HOLE CARDS ***
Dealt to 66080173 
Dealt to 116b5d20 
Dealt to 16e870e0 
Dealt to Hero [4d Jh]
Dealt to 5a663f2b 
5a663f2b: folds
66080173: raises $0.05 to $0.1
116b5d20: folds
16e870e0: calls $0.08
Hero: folds
*** FLOP *** [3s Kc Kh]
16e870e0: checks
66080173: bets $0.13
16e870e0: folds
Uncalled bet ($0.13) returned to 66080173
*** SHOWDOWN ***
66080173 collected $0.24 from pot
*** SUMMARY ***
Total pot $0.25 | Rake $0.01 | Jackpot $0 | Bingo $0 | Fortune $0
Board [3s Kc Kh]
Seat 1: 66080173 won ($0.24)
Seat 3: 116b5d20 (button) folded before Flop (didn't bet)
Seat 4: 16e870e0 (small blind) folded on the Flop
Seat 5: Hero (big blind) folded before Flop
Seat 6: 5a663f2b folded before Flop (didn't bet)


Poker Hand #HD1168626214: Hold'em No Limit  ($0.02/$0.05) - 2023/03/20 19:29:59
Table 'NLHBlue99' 6-max Seat #1 is the button
Seat 1: 66080173 ($7.86 in chips)
Seat 3: 116b5d20 ($5 in chips)
Seat 4: 16e870e0 ($1.9 in chips)
Seat 5: Hero ($5.46 in chips)
Seat 6: 5a663f2b ($4.67 in chips)
116b5d20: posts small blind $0.02
16e870e0: posts big blind $0.05
*** HOLE CARDS ***
Dealt to 66080173 
Dealt to 116b5d20 
Dealt to 16e870e0 
Dealt to Hero [Jd 4s]
Dealt to 5a663f2b 
Hero: folds
5a663f2b: folds
66080173: folds
116b5d20: folds
Uncalled bet ($0.03) returned to 16e870e0
*** SHOWDOWN ***
16e870e0 collected $0.04 from pot
*** SUMMARY ***
Total pot $0.04 | Rake $0 | Jackpot $0 | Bingo $0 | Fortune $0
Seat 1: 66080173 (button) folded before Flop (didn't bet)
Seat 3: 116b5d20 (small blind) folded before Flop
Seat 4: 16e870e0 (big blind) collected ($0.04)
Seat 5: Hero folded before Flop (didn't bet)
Seat 6: 5a663f2b folded before Flop (didn't bet)


Poker Hand #HD1168626029: Hold'em No Limit  ($0.02/$0.05) - 2023/03/20 19:28:44
Table 'NLHBlue99' 6-max Seat #6 is the button
Seat 1: 66080173 ($8.09 in chips)
Seat 3: 116b5d20 ($5 in chips)
Seat 4: 16e870e0 ($1.64 in chips)
Seat 5: Hero ($5.46 in chips)
Seat 6: 5a663f2b ($4.67 in chips)
66080173: posts small blind $0.02
116b5d20: posts big blind $0.05
*** HOLE CARDS ***
Dealt to 66080173 
Dealt to 116b5d20 
Dealt to 16e870e0 
Dealt to Hero [7s Jc]
Dealt to 5a663f2b 
16e870e0: calls $0.05
Hero: folds
5a663f2b: folds
66080173: raises $0.05 to $0.1
116b5d20: folds
16e870e0: calls $0.05
*** FLOP *** [6c Qh 2c]
66080173: checks
16e870e0: bets $0.13
66080173: calls $0.13
*** TURN *** [6c Qh 2c] [Qs]
66080173: checks
16e870e0: bets $0.26
66080173: folds
Uncalled bet ($0.26) returned to 16e870e0
*** SHOWDOWN ***
16e870e0 collected $0.49 from pot
*** SUMMARY ***
Total pot $0.51 | Rake $0.02 | Jackpot $0 | Bingo $0 | Fortune $0
Board [6c Qh 2c Qs]
Seat 1: 66080173 (small blind) folded on the Turn
Seat 3: 116b5d20 (big blind) folded before Flop
Seat 4: 16e870e0 won ($0.49)
Seat 5: Hero folded before Flop (didn't bet)
Seat 6: 5a663f2b (button) folded before Flop (didn't bet)


Poker Hand #HD1168625968: Hold'em No Limit  ($0.02/$0.05) - 2023/03/20 19:28:18
Table 'NLHBlue99' 6-max Seat #5 is the button
Seat 1: 66080173 ($8.14 in chips)
Seat 3: 116b5d20 ($5 in chips)
Seat 4: 16e870e0 ($1.64 in chips)
Seat 5: Hero ($5.39 in chips)
Seat 6: 5a663f2b ($4.69 in chips)
5a663f2b: posts small blind $0.02
66080173: posts big blind $0.05
*** HOLE CARDS ***
Dealt to 66080173 
Dealt to 116b5d20 
Dealt to 16e870e0 
Dealt to Hero [Jd Ah]
Dealt to 5a663f2b 
116b5d20: folds
16e870e0: folds
Hero: raises $0.07 to $0.12
5a663f2b: folds
66080173: folds
Uncalled bet ($0.07) returned to Hero
*** SHOWDOWN ***
Hero collected $0.12 from pot
*** SUMMARY ***
Total pot $0.12 | Rake $0 | Jackpot $0 | Bingo $0 | Fortune $0
Seat 1: 66080173 (big blind) folded before Flop
Seat 3: 116b5d20 folded before Flop (didn't bet)
Seat 4: 16e870e0 folded before Flop (didn't bet)
Seat 5: Hero (button) collected ($0.12)
Seat 6: 5a663f2b (small blind) folded before Flop


Poker Hand #HD1168625878: Hold'em No Limit  ($0.02/$0.05) - 2023/03/20 19:27:40
Table 'NLHBlue99' 6-max Seat #4 is the button
Seat 1: 66080173 ($8.14 in chips)
Seat 3: 116b5d20 ($5.02 in chips)
Seat 4: 16e870e0 ($1.79 in chips)
Seat 5: Hero ($5.06 in chips)
Seat 6: 5a663f2b ($4.74 in chips)
Hero: posts small blind $0.02
5a663f2b: posts big blind $0.05
*** HOLE CARDS ***
Dealt to 66080173 
Dealt to 116b5d20 
Dealt to 16e870e0 
Dealt to Hero [Jh Th]
Dealt to 5a663f2b 
66080173: folds
116b5d20: raises $0.1 to $0.15
16e870e0: calls $0.15
Hero: raises $0.45 to $0.6
5a663f2b: folds
116b5d20: folds
16e870e0: folds
Uncalled bet ($0.45) returned to Hero
*** SHOWDOWN ***
Hero collected $0.48 from pot
*** SUMMARY ***
Total pot $0.5 | Rake $0.02 | Jackpot $0 | Bingo $0 | Fortune $0
Seat 1: 66080173 folded before Flop (didn't bet)
Seat 3: 116b5d20 folded before Flop
Seat 4: 16e870e0 (button) folded before Flop
Seat 5: Hero (small blind) collected ($0.48)
Seat 6: 5a663f2b (big blind) folded before Flop


Poker Hand #HD1168625788: Hold'em No Limit  ($0.02/$0.05) - 2023/03/20 19:26:56
Table 'NLHBlue99' 6-max Seat #3 is the button
Seat 1: 66080173 ($8.14 in chips)
Seat 3: 116b5d20 ($5.02 in chips)
Seat 4: 16e870e0 ($1.84 in chips)
Seat 5: Hero ($5.01 in chips)
Seat 6: 5a663f2b ($4.74 in chips)
16e870e0: posts small blind $0.02
Hero: posts big blind $0.05
*** HOLE CARDS ***
Dealt to 66080173 
Dealt to 116b5d20 
Dealt to 16e870e0 
Dealt to Hero [6c 6s]
Dealt to 5a663f2b 
5a663f2b: folds
66080173: folds
116b5d20: folds
16e870e0: calls $0.03
Hero: raises $0.15 to $0.2
16e870e0: folds
Uncalled bet ($0.15) returned to Hero
*** SHOWDOWN ***
Hero collected $0.1 from pot
*** SUMMARY ***
Total pot $0.1 | Rake $0 | Jackpot $0 | Bingo $0 | Fortune $0
Seat 1: 66080173 folded before Flop (didn't bet)
Seat 3: 116b5d20 (button) folded before Flop (didn't bet)
Seat 4: 16e870e0 (small blind) folded before Flop
Seat 5: Hero (big blind) collected ($0.1)
Seat 6: 5a663f2b folded before Flop (didn't bet)


Poker Hand #HD1168545628: Hold'em No Limit  ($0.02/$0.05) - 2023/03/20 19:25:50
Table 'NLHBlue99' 6-max Seat #1 is the button
Seat 1: 66080173 ($8.14 in chips)
Seat 2: fea7563b ($3.2 in chips)
Seat 3: 116b5d20 ($5 in chips)
Seat 4: 16e870e0 ($1.84 in chips)
Seat 5: Hero ($5.01 in chips)
Seat 6: 5a663f2b ($4.74 in chips)
fea7563b: posts small blind $0.02
116b5d20: posts big blind $0.05
*** HOLE CARDS ***
Dealt to 66080173 
Dealt to fea7563b 
Dealt to 116b5d20 
Dealt to 16e870e0 
Dealt to Hero [Jd 4c]
Dealt to 5a663f2b 
16e870e0: folds
Hero: folds
5a663f2b: folds
66080173: folds
fea7563b: folds
Uncalled bet ($0.03) returned to 116b5d20
*** SHOWDOWN ***
116b5d20 collected $0.04 from pot
*** SUMMARY ***
Total pot $0.04 | Rake $0 | Jackpot $0 | Bingo $0 | Fortune $0
Seat 1: 66080173 (button) folded before Flop (didn't bet)
Seat 2: fea7563b (small blind) folded before Flop
Seat 3: 116b5d20 (big blind) collected ($0.04)
Seat 4: 16e870e0 folded before Flop (didn't bet)
Seat 5: Hero folded before Flop (didn't bet)
Seat 6: 5a663f2b folded before Flop (didn't bet)


Poker Hand #HD1168545473: Hold'em No Limit  ($0.02/$0.05) - 2023/03/20 19:24:46
Table 'NLHBlue99' 6-max Seat #6 is the button
Seat 1: 66080173 ($7.33 in chips)
Seat 2: fea7563b ($4.15 in chips)
Seat 3: 116b5d20 ($5 in chips)
Seat 4: 16e870e0 ($1.84 in chips)
Seat 5: Hero ($5.01 in chips)
Seat 6: 5a663f2b ($4.74 in chips)
66080173: posts small blind $0.02
fea7563b: posts big blind $0.05
*** HOLE CARDS ***
Dealt to 66080173 
Dealt to fea7563b 
Dealt to 116b5d20 
Dealt to 16e870e0 
Dealt to Hero [7c Qd]
Dealt to 5a663f2b 
116b5d20: folds
16e870e0: folds
Hero: folds
5a663f2b: folds
66080173: calls $0.03
fea7563b: checks
*** FLOP *** [2d Jc 4s]
66080173: bets $0.05
fea7563b: raises $0.1 to $0.15
66080173: calls $0.1
*** TURN *** [2d Jc 4s] [9s]
66080173: bets $0.14
fea7563b: calls $0.14
*** RIVER *** [2d Jc 4s 9s] [Ks]
66080173: bets $0.23
fea7563b: raises $0.38 to $0.61
66080173: calls $0.38
fea7563b: shows [Kh Jd] (Pair of Kings and Pair of Jacks)
66080173: shows [2s 5s] (King High Flush)
*** SHOWDOWN ***
66080173 collected $1.76 from pot
*** SUMMARY ***
Total pot $1.9 | Rake $0.09 | Jackpot $0.05 | Bingo $0 | Fortune $0
Board [2d Jc 4s 9s Ks]
Seat 1: 66080173 (small blind) showed [2s 5s] and won ($1.76) with King High Flush
Seat 2: fea7563b (big blind) showed [Kh Jd] and lost with Pair of Kings and Pair of Jacks
Seat 3: 116b5d20 folded before Flop (didn't bet)
Seat 4: 16e870e0 folded before Flop (didn't bet)
Seat 5: Hero folded before Flop (didn't bet)
Seat 6: 5a663f2b (button) folded before Flop (didn't bet)


Poker Hand #HD1168545451: Hold'em No Limit  ($0.02/$0.05) - 2023/03/20 19:24:36
Table 'NLHBlue99' 6-max Seat #5 is the button
Seat 1: 66080173 ($7.31 in chips)
Seat 2: fea7563b ($4.15 in chips)
Seat 3: 116b5d20 ($5 in chips)
Seat 4: 16e870e0 ($1.84 in chips)
Seat 5: Hero ($5.01 in chips)
Seat 6: 5a663f2b ($4.76 in chips)
5a663f2b: posts small blind $0.02
66080173: posts big blind $0.05
*** HOLE CARDS ***
Dealt to 66080173 
Dealt to fea7563b 
Dealt to 116b5d20 
Dealt to 16e870e0 
Dealt to Hero [Js 5d]
Dealt to 5a663f2b 
fea7563b: folds
116b5d20: folds
16e870e0: folds
Hero: folds
5a663f2b: folds
Uncalled bet ($0.03) returned to 66080173
*** SHOWDOWN ***
66080173 collected $0.04 from pot
*** SUMMARY ***
Total pot $0.04 | Rake $0 | Jackpot $0 | Bingo $0 | Fortune $0
Seat 1: 66080173 (big blind) collected ($0.04)
Seat 2: fea7563b folded before Flop (didn't bet)
Seat 3: 116b5d20 folded before Flop (didn't bet)
Seat 4: 16e870e0 folded before Flop (didn't bet)
Seat 5: Hero (button) folded before Flop (didn't bet)
Seat 6: 5a663f2b (small blind) folded before Flop


Poker Hand #HD1168545234: Hold'em No Limit  ($0.02/$0.05) - 2023/03/20 19:23:07
Table 'NLHBlue99' 6-max Seat #4 is the button
Seat 1: 66080173 ($6.67 in chips)
Seat 2: fea7563b ($4.15 in chips)
Seat 3: 116b5d20 ($5 in chips)
Seat 4: 16e870e0 ($2.42 in chips)
Seat 5: Hero ($5.03 in chips)
Seat 6: 5a663f2b ($4.86 in chips)
Hero: posts small blind $0.02
5a663f2b: posts big blind $0.05
*** HOLE CARDS ***
Dealt to 66080173 
Dealt to fea7563b 
Dealt to 116b5d20 
Dealt to 16e870e0 
Dealt to Hero [5d 3s]
Dealt to 5a663f2b 
66080173: raises $0.05 to $0.1
fea7563b: folds
116b5d20: folds
16e870e0: calls $0.1
Hero: folds
5a663f2b: calls $0.05
*** FLOP *** [Td 6d Ah]
5a663f2b: checks
66080173: checks
16e870e0: bets $0.16
5a663f2b: folds
66080173: calls $0.16
*** TURN *** [Td 6d Ah] [Th]
66080173: checks
16e870e0: bets $0.32
66080173: calls $0.32
*** RIVER *** [Td 6d Ah Th] [Tc]
66080173: bets $0.43
16e870e0: folds
Uncalled bet ($0.43) returned to 66080173
*** SHOWDOWN ***
66080173 collected $1.22 from pot
*** SUMMARY ***
Total pot $1.28 | Rake $0.06 | Jackpot $0 | Bingo $0 | Fortune $0
Board [Td 6d Ah Th Tc]
Seat 1: 66080173 won ($1.22)
Seat 2: fea7563b folded before Flop (didn't bet)
Seat 3: 116b5d20 folded before Flop (didn't bet)
Seat 4: 16e870e0 (button) folded on the River
Seat 5: Hero (small blind) folded before Flop
Seat 6: 5a663f2b (big blind) folded on the Flop


Poker Hand #HD1168545171: Hold'em No Limit  ($0.02/$0.05) - 2023/03/20 19:22:40
Table 'NLHBlue99' 6-max Seat #3 is the button
Seat 1: 66080173 ($6.77 in chips)
Seat 2: fea7563b ($3.92 in chips)
Seat 3: 116b5d20 ($5 in chips)
Seat 4: 16e870e0 ($2.52 in chips)
Seat 5: Hero ($5.08 in chips)
Seat 6: 5a663f2b ($4.86 in chips)
16e870e0: posts small blind $0.02
Hero: posts big blind $0.05
*** HOLE CARDS ***
Dealt to 66080173 
Dealt to fea7563b 
Dealt to 116b5d20 
Dealt to 16e870e0 
Dealt to Hero [5c 4d]
Dealt to 5a663f2b 
5a663f2b: folds
66080173: raises $0.05 to $0.1
fea7563b: calls $0.1
116b5d20: folds
16e870e0: calls $0.08
Hero: folds
*** FLOP *** [Kc 7s 5h]
16e870e0: checks
66080173: checks
fea7563b: bets $0.27
16e870e0: folds
66080173: folds
Uncalled bet ($0.27) returned to fea7563b
*** SHOWDOWN ***
fea7563b collected $0.33 from pot
*** SUMMARY ***
Total pot $0.35 | Rake $0.02 | Jackpot $0 | Bingo $0 | Fortune $0
Board [Kc 7s 5h]
Seat 1: 66080173 folded on the Flop
Seat 2: fea7563b won ($0.33)
Seat 3: 116b5d20 (button) folded before Flop (didn't bet)
Seat 4: 16e870e0 (small blind) folded on the Flop
Seat 5: Hero (big blind) folded before Flop
Seat 6: 5a663f2b folded before Flop (didn't bet)


Poker Hand #HD1168545122: Hold'em No Limit  ($0.02/$0.05) - 2023/03/20 19:22:17
Table 'NLHBlue99' 6-max Seat #2 is the button
Seat 1: 66080173 ($6.77 in chips)
Seat 2: fea7563b ($3.92 in chips)
Seat 3: 116b5d20 ($5.05 in chips)
Seat 4: 16e870e0 ($2.47 in chips)
Seat 5: Hero ($5.08 in chips)
Seat 6: 5a663f2b ($4.86 in chips)
116b5d20: posts small blind $0.02
16e870e0: posts big blind $0.05
*** HOLE CARDS ***
Dealt to 66080173 
Dealt to fea7563b 
Dealt to 116b5d20 
Dealt to 16e870e0 
Dealt to Hero [7d As]
Dealt to 5a663f2b 
Hero: folds
5a663f2b: folds
66080173: folds
fea7563b: folds
116b5d20: calls $0.03
16e870e0: raises $0.1 to $0.15
116b5d20: folds
Uncalled bet ($0.1) returned to 16e870e0
*** SHOWDOWN ***
16e870e0 collected $0.1 from pot
*** SUMMARY ***
Total pot $0.1 | Rake $0 | Jackpot $0 | Bingo $0 | Fortune $0
Seat 1: 66080173 folded before Flop (didn't bet)
Seat 2: fea7563b (button) folded before Flop (didn't bet)
Seat 3: 116b5d20 (small blind) folded before Flop
Seat 4: 16e870e0 (big blind) collected ($0.1)
Seat 5: Hero folded before Flop (didn't bet)
Seat 6: 5a663f2b folded before Flop (didn't bet)


Poker Hand #HD1168545022: Hold'em No Limit  ($0.02/$0.05) - 2023/03/20 19:21:37
Table 'NLHBlue99' 6-max Seat #1 is the button
Seat 1: 66080173 ($6.77 in chips)
Seat 2: fea7563b ($3.97 in chips)
Seat 3: 116b5d20 ($5 in chips)
Seat 4: 16e870e0 ($2.47 in chips)
Seat 5: Hero ($5.08 in chips)
Seat 6: 5a663f2b ($4.86 in chips)
fea7563b: posts small blind $0.02
116b5d20: posts big blind $0.05
*** HOLE CARDS ***
Dealt to 66080173 
Dealt to fea7563b 
Dealt to 116b5d20 
Dealt to 16e870e0 
Dealt to Hero [Kh 5h]
Dealt to 5a663f2b 
16e870e0: folds
Hero: folds
5a663f2b: folds
66080173: folds
fea7563b: calls $0.03
116b5d20: checks
*** FLOP *** [Ad Js Jh]
fea7563b: checks
116b5d20: checks
*** TURN *** [Ad Js Jh] [4d]
fea7563b: checks
116b5d20: bets $0.05
fea7563b: folds
Uncalled bet ($0.05) returned to 116b5d20
*** SHOWDOWN ***
116b5d20 collected $0.1 from pot
*** SUMMARY ***
Total pot $0.1 | Rake $0 | Jackpot $0 | Bingo $0 | Fortune $0
Board [Ad Js Jh 4d]
Seat 1: 66080173 (button) folded before Flop (didn't bet)
Seat 2: fea7563b (small blind) folded on the Turn
Seat 3: 116b5d20 (big blind) won ($0.1)
Seat 4: 16e870e0 folded before Flop (didn't bet)
Seat 5: Hero folded before Flop (didn't bet)
Seat 6: 5a663f2b folded before Flop (didn't bet)


Poker Hand #HD1168544854: Hold'em No Limit  ($0.02/$0.05) - 2023/03/20 19:20:35
Table 'NLHBlue99' 6-max Seat #6 is the button
Seat 1: 66080173 ($6.79 in chips)
Seat 2: fea7563b ($3.2 in chips)
Seat 3: 116b5d20 ($5 in chips)
Seat 4: 16e870e0 ($2.88 in chips)
Seat 5: Hero ($5.08 in chips)
Seat 6: 5a663f2b ($4.86 in chips)
66080173: posts small blind $0.02
fea7563b: posts big blind $0.05
16e870e0: posts big blind $0.05
*** HOLE CARDS ***
Dealt to 66080173 
Dealt to fea7563b 
Dealt to 116b5d20 
Dealt to 16e870e0 
Dealt to Hero [3h 4d]
Dealt to 5a663f2b 
116b5d20: raises $0.15 to $0.2
16e870e0: calls $0.15
Hero: folds
5a663f2b: folds
66080173: folds
fea7563b: calls $0.15
*** FLOP *** [Qd 5s Qh]
fea7563b: checks
116b5d20: bets $0.21
16e870e0: calls $0.21
fea7563b: raises $0.63 to $0.84
116b5d20: folds
16e870e0: folds
Uncalled bet ($0.63) returned to fea7563b
*** SHOWDOWN ***
fea7563b collected $1.18 from pot
*** SUMMARY ***
Total pot $1.25 | Rake $0.07 | Jackpot $0 | Bingo $0 | Fortune $0
Board [Qd 5s Qh]
Seat 1: 66080173 (small blind) folded before Flop
Seat 2: fea7563b (big blind) won ($1.18)
Seat 3: 116b5d20 folded on the Flop
Seat 4: 16e870e0 folded on the Flop
Seat 5: Hero folded before Flop (didn't bet)
Seat 6: 5a663f2b (button) folded before Flop (didn't bet)


Poker Hand #HD1168544728: Hold'em No Limit  ($0.02/$0.05) - 2023/03/20 19:19:43
Table 'NLHBlue99' 6-max Seat #5 is the button
Seat 1: 66080173 ($6.66 in chips)
Seat 3: 116b5d20 ($5 in chips)
Seat 5: Hero ($5.2 in chips)
Seat 6: 5a663f2b ($4.88 in chips)
5a663f2b: posts small blind $0.02
66080173: posts big blind $0.05
*** HOLE CARDS ***
Dealt to 66080173 
Dealt to 116b5d20 
Dealt to Hero [Kc 7c]
Dealt to 5a663f2b 
116b5d20: folds
Hero: raises $0.07 to $0.12
5a663f2b: folds
66080173: calls $0.07
*** FLOP *** [Qc 2d 4s]
66080173: checks
Hero: checks
*** TURN *** [Qc 2d 4s] [As]
66080173: checks
Hero: checks
*** RIVER *** [Qc 2d 4s As] [8d]
66080173: checks
Hero: checks
66080173: shows [9c 9d] (Pair of Nines)
Hero: shows [Kc 7c] (Ace-High)
*** SHOWDOWN ***
66080173 collected $0.25 from pot
*** SUMMARY ***
Total pot $0.26 | Rake $0.01 | Jackpot $0 | Bingo $0 | Fortune $0
Board [Qc 2d 4s As 8d]
Seat 1: 66080173 (big blind) showed [9c 9d] and won ($0.25) with Pair of Nines
Seat 3: 116b5d20 folded before Flop (didn't bet)
Seat 5: Hero (button) showed [Kc 7c] and lost with Ace-High
Seat 6: 5a663f2b (small blind) folded before Flop


Poker Hand #HD1168544622: Hold'em No Limit  ($0.02/$0.05) - 2023/03/20 19:18:58
Table 'NLHBlue99' 6-max Seat #3 is the button
Seat 1: 66080173 ($6.59 in chips)
Seat 3: 116b5d20 ($5 in chips)
Seat 5: Hero ($5.22 in chips)
Seat 6: 5a663f2b ($4.93 in chips)
Hero: posts small blind $0.02
5a663f2b: posts big blind $0.05
66080173: posts big blind $0.05
66080173: posts missed blind $0.02
*** HOLE CARDS ***
Dealt to 66080173 
Dealt to 116b5d20 
Dealt to Hero [Qd 9s]
Dealt to 5a663f2b 
66080173: checks
116b5d20: folds
Hero: folds
5a663f2b: checks
*** FLOP *** [Tc 3s 5h]
5a663f2b: checks
66080173: checks
*** TURN *** [Tc 3s 5h] [9c]
5a663f2b: checks
66080173: checks
*** RIVER *** [Tc 3s 5h 9c] [7s]
5a663f2b: checks
66080173: bets $0.14
5a663f2b: folds
Uncalled bet ($0.14) returned to 66080173
*** SHOWDOWN ***
66080173 collected $0.14 from pot
*** SUMMARY ***
Total pot $0.14 | Rake $0 | Jackpot $0 | Bingo $0 | Fortune $0
Board [Tc 3s 5h 9c 7s]
Seat 1: 66080173 won ($0.14)
Seat 3: 116b5d20 (button) folded before Flop (didn't bet)
Seat 5: Hero (small blind) folded before Flop
Seat 6: 5a663f2b (big blind) folded on the River


Poker Hand #HD1168544520: Hold'em No Limit  ($0.02/$0.05) - 2023/03/20 19:18:14
Table 'NLHBlue99' 6-max Seat #6 is the button
Seat 3: 116b5d20 ($5.02 in chips)
Seat 5: Hero ($5.13 in chips)
Seat 6: 5a663f2b ($4.93 in chips)
116b5d20: posts small blind $0.02
Hero: posts big blind $0.05
*** HOLE CARDS ***
Dealt to 116b5d20 
Dealt to Hero [Th 7s]
Dealt to 5a663f2b 
5a663f2b: folds
116b5d20: calls $0.03
Hero: checks
*** FLOP *** [3h Qs 8c]
116b5d20: checks
Hero: checks
*** TURN *** [3h Qs 8c] [Qc]
116b5d20: checks
Hero: checks
*** RIVER *** [3h Qs 8c Qc] [7c]
116b5d20: bets $0.05
Hero: calls $0.05
116b5d20: shows [3d Jd] (Pair of Queens and Pair of Treys)
Hero: shows [Th 7s] (Pair of Queens and Pair of Sevens)
*** SHOWDOWN ***
Hero collected $0.19 from pot
*** SUMMARY ***
Total pot $0.2 | Rake $0.01 | Jackpot $0 | Bingo $0 | Fortune $0
Board [3h Qs 8c Qc 7c]
Seat 3: 116b5d20 (small blind) showed [3d Jd] and lost with Pair of Queens and Pair of Treys
Seat 5: Hero (big blind) showed [Th 7s] and won ($0.19) with Pair of Queens and Pair of Sevens
Seat 6: 5a663f2b (button) folded before Flop (didn't bet)


Poker Hand #HD1168544491: Hold'em No Limit  ($0.02/$0.05) - 2023/03/20 19:18:03
Table 'NLHBlue99' 6-max Seat #5 is the button
Seat 3: 116b5d20 ($5.07 in chips)
Seat 5: Hero ($5.06 in chips)
Seat 6: 5a663f2b ($4.95 in chips)
5a663f2b: posts small blind $0.02
116b5d20: posts big blind $0.05
*** HOLE CARDS ***
Dealt to 116b5d20 
Dealt to Hero [Ah 7h]
Dealt to 5a663f2b 
Hero: raises $0.07 to $0.12
5a663f2b: folds
116b5d20: folds
Uncalled bet ($0.07) returned to Hero
*** SHOWDOWN ***
Hero collected $0.12 from pot
*** SUMMARY ***
Total pot $0.12 | Rake $0 | Jackpot $0 | Bingo $0 | Fortune $0
Seat 3: 116b5d20 (big blind) folded before Flop
Seat 5: Hero (button) collected ($0.12)
Seat 6: 5a663f2b (small blind) folded before Flop


Poker Hand #HD1168544424: Hold'em No Limit  ($0.02/$0.05) - 2023/03/20 19:17:37
Table 'NLHBlue99' 6-max Seat #4 is the button
Seat 1: 66080173 ($6.59 in chips)
Seat 3: 116b5d20 ($5 in chips)
Seat 4: fbaa1c28 ($5.92 in chips)
Seat 5: Hero ($5.08 in chips)
Seat 6: 5a663f2b ($5 in chips)
Hero: posts small blind $0.02
5a663f2b: posts big blind $0.05
*** HOLE CARDS ***
Dealt to 66080173 
Dealt to 116b5d20 
Dealt to fbaa1c28 
Dealt to Hero [4c Kh]
Dealt to 5a663f2b 
66080173: folds
116b5d20: raises $0.1 to $0.15
fbaa1c28: folds
Hero: folds
5a663f2b: folds
Uncalled bet ($0.1) returned to 116b5d20
*** SHOWDOWN ***
116b5d20 collected $0.12 from pot
*** SUMMARY ***
Total pot $0.12 | Rake $0 | Jackpot $0 | Bingo $0 | Fortune $0
Seat 1: 66080173 folded before Flop (didn't bet)
Seat 3: 116b5d20 collected ($0.12)
Seat 4: fbaa1c28 (button) folded before Flop (didn't bet)
Seat 5: Hero (small blind) folded before Flop
Seat 6: 5a663f2b (big blind) folded before Flop


Poker Hand #HD1168544398: Hold'em No Limit  ($0.02/$0.05) - 2023/03/20 19:17:29
Table 'NLHBlue99' 6-max Seat #3 is the button
Seat 1: 66080173 ($6.59 in chips)
Seat 3: 116b5d20 ($5 in chips)
Seat 4: fbaa1c28 ($5.94 in chips)
Seat 5: Hero ($5.06 in chips)
fbaa1c28: posts small blind $0.02
Hero: posts big blind $0.05
*** HOLE CARDS ***
Dealt to 66080173 
Dealt to 116b5d20 
Dealt to fbaa1c28 
Dealt to Hero [Th As]
66080173: folds
116b5d20: folds
fbaa1c28: folds
Uncalled bet ($0.03) returned to Hero
*** SHOWDOWN ***
Hero collected $0.04 from pot
*** SUMMARY ***
Total pot $0.04 | Rake $0 | Jackpot $0 | Bingo $0 | Fortune $0
Seat 1: 66080173 folded before Flop (didn't bet)
Seat 3: 116b5d20 (button) folded before Flop (didn't bet)
Seat 4: fbaa1c28 (small blind) folded before Flop
Seat 5: Hero (big blind) collected ($0.04)


Poker Hand #HD1168544187: Hold'em No Limit  ($0.02/$0.05) - 2023/03/20 19:16:03
Table 'NLHBlue99' 6-max Seat #1 is the button
Seat 1: 66080173 ($6.59 in chips)
Seat 2: 291a8205 ($0.35 in chips)
Seat 3: 116b5d20 ($5 in chips)
Seat 4: fbaa1c28 ($5.34 in chips)
Seat 5: Hero ($5.06 in chips)
291a8205: posts small blind $0.02
116b5d20: posts big blind $0.05
*** HOLE CARDS ***
Dealt to 66080173 
Dealt to 291a8205 
Dealt to 116b5d20 
Dealt to fbaa1c28 
Dealt to Hero [Ks 4c]
fbaa1c28: raises $0.1 to $0.15
Hero: folds
66080173: folds
291a8205: calls $0.13
116b5d20: calls $0.1
*** FLOP *** [6c Jd 9h]
291a8205: checks
116b5d20: checks
fbaa1c28: bets $0.15
291a8205: calls $0.15
116b5d20: calls $0.15
*** TURN *** [6c Jd 9h] [Qs]
291a8205: checks
116b5d20: checks
fbaa1c28: bets $0.68
291a8205: calls $0.05 and is all-in
116b5d20: folds
Uncalled bet ($0.63) returned to fbaa1c28
fbaa1c28: shows [6d 6s] (Three Sixes)
291a8205: shows [8d 8h] (Pair of Eights)
*** RIVER *** [6c Jd 9h Qs] [Kc]
*** SHOWDOWN ***
fbaa1c28 collected $0.95 from pot
*** SUMMARY ***
Total pot $1 | Rake $0.05 | Jackpot $0 | Bingo $0 | Fortune $0
Board [6c Jd 9h Qs Kc]
Seat 1: 66080173 (button) folded before Flop (didn't bet)
Seat 2: 291a8205 (small blind) showed [8d 8h] and lost with Pair of Eights
Seat 3: 116b5d20 (big blind) folded on the Turn
Seat 4: fbaa1c28 showed [6d 6s] and won ($0.95) with Three Sixes
Seat 5: Hero folded before Flop (didn't bet)


Poker Hand #HD1168544048: Hold'em No Limit  ($0.02/$0.05) - 2023/03/20 19:15:07
Table 'NLHBlue99' 6-max Seat #5 is the button
Seat 1: 66080173 ($6.61 in chips)
Seat 2: 291a8205 ($0.59 in chips)
Seat 4: fbaa1c28 ($5.1 in chips)
Seat 5: Hero ($5.06 in chips)
66080173: posts small blind $0.02
291a8205: posts big blind $0.05
*** HOLE CARDS ***
Dealt to 66080173 
Dealt to 291a8205 
Dealt to fbaa1c28 
Dealt to Hero [7s 6d]
fbaa1c28: raises $0.08 to $0.13
Hero: folds
66080173: folds
291a8205: calls $0.08
*** FLOP *** [4d 4c Jd]
291a8205: checks
fbaa1c28: checks
*** TURN *** [4d 4c Jd] [Qc]
291a8205: bets $0.11
fbaa1c28: raises $1.99 to $2.1
291a8205: folds
Uncalled bet ($1.99) returned to fbaa1c28
*** SHOWDOWN ***
fbaa1c28 collected $0.48 from pot
*** SUMMARY ***
Total pot $0.5 | Rake $0.02 | Jackpot $0 | Bingo $0 | Fortune $0
Board [4d 4c Jd Qc]
Seat 1: 66080173 (small blind) folded before Flop
Seat 2: 291a8205 (big blind) folded on the Turn
Seat 4: fbaa1c28 won ($0.48)
Seat 5: Hero (button) folded before Flop (didn't bet)


Poker Hand #HD1168543950: Hold'em No Limit  ($0.02/$0.05) - 2023/03/20 19:14:29
Table 'NLHBlue99' 6-max Seat #4 is the button
Seat 1: 66080173 ($6.54 in chips)
Seat 2: 291a8205 ($0.64 in chips)
Seat 4: fbaa1c28 ($5.1 in chips)
Seat 5: Hero ($5.08 in chips)
Hero: posts small blind $0.02
66080173: posts big blind $0.05
*** HOLE CARDS ***
Dealt to 66080173 
Dealt to 291a8205 
Dealt to fbaa1c28 
Dealt to Hero [8c 7h]
291a8205: calls $0.05
fbaa1c28: folds
Hero: folds
66080173: checks
*** FLOP *** [2s Qh 6d]
66080173: checks
291a8205: checks
*** TURN *** [2s Qh 6d] [Kh]
66080173: bets $0.09
291a8205: folds
Uncalled bet ($0.09) returned to 66080173
*** SHOWDOWN ***
66080173 collected $0.12 from pot
*** SUMMARY ***
Total pot $0.12 | Rake $0 | Jackpot $0 | Bingo $0 | Fortune $0
Board [2s Qh 6d Kh]
Seat 1: 66080173 (big blind) won ($0.12)
Seat 2: 291a8205 folded on the Turn
Seat 4: fbaa1c28 (button) folded before Flop (didn't bet)
Seat 5: Hero (small blind) folded before Flop


Poker Hand #HD1168543800: Hold'em No Limit  ($0.02/$0.05) - 2023/03/20 19:13:29
Table 'NLHBlue99' 6-max Seat #2 is the button
Seat 1: 66080173 ($6.3 in chips)
Seat 2: 291a8205 ($0.83 in chips)
Seat 4: fbaa1c28 ($5.12 in chips)
Seat 5: Hero ($5.13 in chips)
fbaa1c28: posts small blind $0.02
Hero: posts big blind $0.05
*** HOLE CARDS ***
Dealt to 66080173 
Dealt to 291a8205 
Dealt to fbaa1c28 
Dealt to Hero [7d 6h]
66080173: raises $0.05 to $0.1
291a8205: calls $0.1
fbaa1c28: folds
Hero: folds
*** FLOP *** [Kd 9c 9d]
66080173: checks
291a8205: checks
*** TURN *** [Kd 9c 9d] [2s]
66080173: checks
291a8205: checks
*** RIVER *** [Kd 9c 9d 2s] [Ks]
66080173: bets $0.09
291a8205: calls $0.09
66080173: shows [6s Kc] (Kings Full over Nines)
291a8205: shows [Jc 4h] (Pair of Kings and Pair of Nines)
*** SHOWDOWN ***
66080173 collected $0.43 from pot
*** SUMMARY ***
Total pot $0.45 | Rake $0.02 | Jackpot $0 | Bingo $0 | Fortune $0
Board [Kd 9c 9d 2s Ks]
Seat 1: 66080173 showed [6s Kc] and won ($0.43) with Kings Full over Nines
Seat 2: 291a8205 (button) showed [Jc 4h] and lost with Pair of Kings and Pair of Nines
Seat 4: fbaa1c28 (small blind) folded before Flop
Seat 5: Hero (big blind) folded before Flop


Poker Hand #HD1168543613: Hold'em No Limit  ($0.02/$0.05) - 2023/03/20 19:12:14
Table 'NLHBlue99' 6-max Seat #1 is the button
Seat 1: 66080173 ($6.3 in chips)
Seat 2: 291a8205 ($0.96 in chips)
Seat 4: fbaa1c28 ($5 in chips)
Seat 5: Hero ($5.13 in chips)
291a8205: posts small blind $0.02
fbaa1c28: posts big blind $0.05
*** HOLE CARDS ***
Dealt to 66080173 
Dealt to 291a8205 
Dealt to fbaa1c28 
Dealt to Hero [7c 3h]
Hero: folds
66080173: folds
291a8205: calls $0.03
fbaa1c28: checks
*** FLOP *** [6d 9s 5d]
291a8205: checks
fbaa1c28: checks
*** TURN *** [6d 9s 5d] [Kh]
291a8205: checks
fbaa1c28: bets $0.08
291a8205: calls $0.08
*** RIVER *** [6d 9s 5d Kh] [4c]
291a8205: checks
fbaa1c28: bets $0.09
291a8205: folds
Uncalled bet ($0.09) returned to fbaa1c28
*** SHOWDOWN ***
fbaa1c28 collected $0.25 from pot
*** SUMMARY ***
Total pot $0.26 | Rake $0.01 | Jackpot $0 | Bingo $0 | Fortune $0
Board [6d 9s 5d Kh 4c]
Seat 1: 66080173 (button) folded before Flop (didn't bet)
Seat 2: 291a8205 (small blind) folded on the River
Seat 4: fbaa1c28 (big blind) won ($0.25)
Seat 5: Hero folded before Flop (didn't bet)


Poker Hand #HD1168543473: Hold'em No Limit  ($0.02/$0.05) - 2023/03/20 19:11:21
Table 'NLHBlue99' 6-max Seat #5 is the button
Seat 1: 66080173 ($6.32 in chips)
Seat 2: 291a8205 ($1.08 in chips)
Seat 4: fbaa1c28 ($5 in chips)
Seat 5: Hero ($5 in chips)
66080173: posts small blind $0.02
291a8205: posts big blind $0.05
*** HOLE CARDS ***
Dealt to 66080173 
Dealt to 291a8205 
Dealt to fbaa1c28 
Dealt to Hero [Kh Jd]
fbaa1c28: folds
Hero: raises $0.07 to $0.12
66080173: folds
291a8205: calls $0.07
*** FLOP *** [5h Ad 2h]
291a8205: checks
Hero: checks
*** TURN *** [5h Ad 2h] [7s]
291a8205: checks
Hero: checks
*** RIVER *** [5h Ad 2h 7s] [4d]
291a8205: checks
Hero: checks
291a8205: shows [9d Jh] (Ace-High)
Hero: shows [Kh Jd] (Ace-High)
*** SHOWDOWN ***
Hero collected $0.25 from pot
*** SUMMARY ***
Total pot $0.26 | Rake $0.01 | Jackpot $0 | Bingo $0 | Fortune $0
Board [5h Ad 2h 7s 4d]
Seat 1: 66080173 (small blind) folded before Flop
Seat 2: 291a8205 (big blind) showed [9d Jh] and lost with Ace-High
Seat 4: fbaa1c28 folded before Flop (didn't bet)
Seat 5: Hero (button) showed [Kh Jd] and won ($0.25) with Ace-High


Poker Hand #HD1168543373: Hold'em No Limit  ($0.02/$0.05) - 2023/03/20 19:10:40
Table 'NLHBlue99' 6-max Seat #4 is the button
Seat 1: 66080173 ($6.25 in chips)
Seat 2: 291a8205 ($1.13 in chips)
Seat 4: fbaa1c28 ($5 in chips)
Seat 5: Hero ($5 in chips)
Hero: posts small blind $0.02
66080173: posts big blind $0.05
*** HOLE CARDS ***
Dealt to 66080173 
Dealt to 291a8205 
Dealt to fbaa1c28 
Dealt to Hero [2s Qc]
291a8205: calls $0.05
fbaa1c28: folds
Hero: folds
66080173: checks
*** FLOP *** [5d Kd Kh]
66080173: checks
291a8205: checks
*** TURN *** [5d Kd Kh] [Js]
66080173: bets $0.06
291a8205: folds
Uncalled bet ($0.06) returned to 66080173
*** SHOWDOWN ***
66080173 collected $0.12 from pot
*** SUMMARY ***
Total pot $0.12 | Rake $0 | Jackpot $0 | Bingo $0 | Fortune $0
Board [5d Kd Kh Js]
Seat 1: 66080173 (big blind) won ($0.12)
Seat 2: 291a8205 folded on the Turn
Seat 4: fbaa1c28 (button) folded before Flop (didn't bet)
Seat 5: Hero (small blind) folded before Flop


Poker Hand #HD1168543255: Hold'em No Limit  ($0.02/$0.05) - 2023/03/20 19:10:00
Table 'NLHBlue99' 6-max Seat #2 is the button
Seat 1: 66080173 ($6.35 in chips)
Seat 2: 291a8205 ($0.89 in chips)
Seat 4: fbaa1c28 ($5 in chips)
Seat 5: Hero ($5 in chips)
fbaa1c28: posts small blind $0.02
Hero: posts big blind $0.05
*** HOLE CARDS ***
Dealt to 66080173 
Dealt to 291a8205 
Dealt to fbaa1c28 
Dealt to Hero [3d Jd]
66080173: raises $0.05 to $0.1
291a8205: calls $0.1
fbaa1c28: calls $0.08
Hero: folds
*** FLOP *** [Qs Qd 7d]
fbaa1c28: checks
66080173: checks
291a8205: bets $0.14
fbaa1c28: folds
66080173: folds
Uncalled bet ($0.14) returned to 291a8205
*** SHOWDOWN ***
291a8205 collected $0.34 from pot
*** SUMMARY ***
Total pot $0.35 | Rake $0.01 | Jackpot $0 | Bingo $0 | Fortune $0
Board [Qs Qd 7d]
Seat 1: 66080173 folded on the Flop
Seat 2: 291a8205 (button) won ($0.34)
Seat 4: fbaa1c28 (small blind) folded on the Flop
Seat 5: Hero (big blind) folded before Flop


Poker Hand #HD1168542975: Hold'em No Limit  ($0.02/$0.05) - 2023/03/20 19:08:21
Table 'NLHBlue99' 6-max Seat #1 is the button
Seat 1: 66080173 ($5.85 in chips)
Seat 2: 291a8205 ($0.94 in chips)
Seat 4: fbaa1c28 ($5.4 in chips)
Seat 5: Hero ($5 in chips)
Seat 6: 88325a3f ($4.34 in chips)
291a8205: posts small blind $0.02
fbaa1c28: posts big blind $0.05
*** HOLE CARDS ***
Dealt to 66080173 
Dealt to 291a8205 
Dealt to fbaa1c28 
Dealt to Hero [Ac 8d]
Dealt to 88325a3f 
Hero: folds
88325a3f: folds
66080173: calls $0.05
291a8205: calls $0.03
fbaa1c28: checks
*** FLOP *** [9d 7s 6c]
291a8205: checks
fbaa1c28: checks
66080173: bets $0.05
291a8205: folds
fbaa1c28: raises $0.19 to $0.24
66080173: calls $0.19
*** TURN *** [9d 7s 6c] [Kc]
fbaa1c28: bets $0.21
66080173: calls $0.21
*** RIVER *** [9d 7s 6c Kc] [7h]
fbaa1c28: checks
66080173: bets $0.79
fbaa1c28: folds
Uncalled bet ($0.79) returned to 66080173
*** SHOWDOWN ***
66080173 collected $1 from pot
*** SUMMARY ***
Total pot $1.05 | Rake $0.05 | Jackpot $0 | Bingo $0 | Fortune $0
Board [9d 7s 6c Kc 7h]
Seat 1: 66080173 (button) won ($1)
Seat 2: 291a8205 (small blind) folded on the Flop
Seat 4: fbaa1c28 (big blind) folded on the River
Seat 5: Hero folded before Flop (didn't bet)
Seat 6: 88325a3f folded before Flop (didn't bet)


Poker Hand #HD1168542868: Hold'em No Limit  ($0.02/$0.05) - 2023/03/20 19:07:40
Table 'NLHBlue99' 6-max Seat #6 is the button
Seat 1: 66080173 ($5.98 in chips)
Seat 2: 291a8205 ($1.07 in chips)
Seat 4: fbaa1c28 ($5.4 in chips)
Seat 5: Hero ($5 in chips)
Seat 6: 88325a3f ($4.1 in chips)
66080173: posts small blind $0.02
291a8205: posts big blind $0.05
*** HOLE CARDS ***
Dealt to 66080173 
Dealt to 291a8205 
Dealt to fbaa1c28 
Dealt to Hero [6c 3c]
Dealt to 88325a3f 
fbaa1c28: folds
Hero: folds
88325a3f: raises $0.08 to $0.13
66080173: calls $0.11
291a8205: calls $0.08
*** FLOP *** [Jd 8h 2s]
66080173: checks
291a8205: checks
88325a3f: checks
*** TURN *** [Jd 8h 2s] [8d]
66080173: checks
291a8205: checks
88325a3f: bets $0.2
66080173: folds
291a8205: folds
Uncalled bet ($0.2) returned to 88325a3f
*** SHOWDOWN ***
88325a3f collected $0.37 from pot
*** SUMMARY ***
Total pot $0.39 | Rake $0.02 | Jackpot $0 | Bingo $0 | Fortune $0
Board [Jd 8h 2s 8d]
Seat 1: 66080173 (small blind) folded on the Turn
Seat 2: 291a8205 (big blind) folded on the Turn
Seat 4: fbaa1c28 folded before Flop (didn't bet)
Seat 5: Hero folded before Flop (didn't bet)
Seat 6: 88325a3f (button) won ($0.37)


Poker Hand #HD1168542618: Hold'em No Limit  ($0.02/$0.05) - 2023/03/20 19:06:09
Table 'NLHBlue99' 6-max Seat #5 is the button
Seat 1: 66080173 ($5.77 in chips)
Seat 2: 291a8205 ($1.18 in chips)
Seat 4: fbaa1c28 ($5.4 in chips)
Seat 5: Hero ($5 in chips)
Seat 6: 88325a3f ($4.21 in chips)
88325a3f: posts small blind $0.02
66080173: posts big blind $0.05
*** HOLE CARDS ***
Dealt to 66080173 
Dealt to 291a8205 
Dealt to fbaa1c28 
Dealt to Hero [8h 3d]
Dealt to 88325a3f 
291a8205: calls $0.05
fbaa1c28: folds
Hero: folds
88325a3f: calls $0.03
66080173: checks
*** FLOP *** [2c Td Ah]
88325a3f: checks
66080173: checks
291a8205: checks
*** TURN *** [2c Td Ah] [9c]
88325a3f: checks
66080173: checks
291a8205: bets $0.06
88325a3f: calls $0.06
66080173: calls $0.06
*** RIVER *** [2c Td Ah 9c] [3s]
88325a3f: checks
66080173: bets $0.15
291a8205: folds
88325a3f: folds
Uncalled bet ($0.15) returned to 66080173
66080173: shows [2s] (Pair of Twos)
*** SHOWDOWN ***
66080173 collected $0.32 from pot
*** SUMMARY ***
Total pot $0.33 | Rake $0.01 | Jackpot $0 | Bingo $0 | Fortune $0
Board [2c Td Ah 9c 3s]
Seat 1: 66080173 (big blind) showed [2s Ts] and won ($0.32) with Pair of Tens and Pair of Twos
Seat 2: 291a8205 folded on the River
Seat 4: fbaa1c28 folded before Flop (didn't bet)
Seat 5: Hero (button) folded before Flop (didn't bet)
Seat 6: 88325a3f (small blind) folded on the River


Poker Hand #HD1168542508: Hold'em No Limit  ($0.02/$0.05) - 2023/03/20 19:05:30
Table 'NLHBlue99' 6-max Seat #4 is the button
Seat 1: 66080173 ($5.7 in chips)
Seat 2: 291a8205 ($1.18 in chips)
Seat 4: fbaa1c28 ($5.4 in chips)
Seat 5: Hero ($5 in chips)
Seat 6: 88325a3f ($4.26 in chips)
Hero: posts small blind $0.02
88325a3f: posts big blind $0.05
*** HOLE CARDS ***
Dealt to 66080173 
Dealt to 291a8205 
Dealt to fbaa1c28 
Dealt to Hero [3d 2h]
Dealt to 88325a3f 
66080173: calls $0.05
291a8205: folds
fbaa1c28: folds
Hero: folds
88325a3f: checks
*** FLOP *** [Td 9h 5c]
88325a3f: checks
66080173: checks
*** TURN *** [Td 9h 5c] [Qh]
88325a3f: checks
66080173: bets $0.06
88325a3f: folds
Uncalled bet ($0.06) returned to 66080173
*** SHOWDOWN ***
66080173 collected $0.12 from pot
*** SUMMARY ***
Total pot $0.12 | Rake $0 | Jackpot $0 | Bingo $0 | Fortune $0
Board [Td 9h 5c Qh]
Seat 1: 66080173 won ($0.12)
Seat 2: 291a8205 folded before Flop (didn't bet)
Seat 4: fbaa1c28 (button) folded before Flop (didn't bet)
Seat 5: Hero (small blind) folded before Flop
Seat 6: 88325a3f (big blind) folded on the Turn


Poker Hand #HD1168542443: Hold'em No Limit  ($0.02/$0.05) - 2023/03/20 19:05:08
Table 'NLHBlue99' 6-max Seat #2 is the button
Seat 1: 66080173 ($5.7 in chips)
Seat 2: 291a8205 ($1.11 in chips)
Seat 4: fbaa1c28 ($5.42 in chips)
Seat 5: Hero ($5 in chips)
Seat 6: 88325a3f ($4.26 in chips)
fbaa1c28: posts small blind $0.02
Hero: posts big blind $0.05
*** HOLE CARDS ***
Dealt to 66080173 
Dealt to 291a8205 
Dealt to fbaa1c28 
Dealt to Hero [3c 7h]
Dealt to 88325a3f 
88325a3f: folds
66080173: folds
291a8205: raises $0.05 to $0.1
fbaa1c28: folds
Hero: folds
Uncalled bet ($0.05) returned to 291a8205
*** SHOWDOWN ***
291a8205 collected $0.12 from pot
*** SUMMARY ***
Total pot $0.12 | Rake $0 | Jackpot $0 | Bingo $0 | Fortune $0
Seat 1: 66080173 folded before Flop (didn't bet)
Seat 2: 291a8205 (button) collected ($0.12)
Seat 4: fbaa1c28 (small blind) folded before Flop
Seat 5: Hero (big blind) folded before Flop
Seat 6: 88325a3f folded before Flop (didn't bet)


Poker Hand #HD1168542311: Hold'em No Limit  ($0.02/$0.05) - 2023/03/20 19:04:20
Table 'NLHBlue99' 6-max Seat #1 is the button
Seat 1: 66080173 ($5.47 in chips)
Seat 2: 291a8205 ($1.31 in chips)
Seat 4: fbaa1c28 ($5.47 in chips)
Seat 5: Hero ($5 in chips)
Seat 6: 88325a3f ($4.26 in chips)
291a8205: posts small blind $0.02
fbaa1c28: posts big blind $0.05
*** HOLE CARDS ***
Dealt to 66080173 
Dealt to 291a8205 
Dealt to fbaa1c28 
Dealt to Hero [Ac 2s]
Dealt to 88325a3f 
Hero: folds
88325a3f: folds
66080173: raises $0.05 to $0.1
291a8205: calls $0.08
fbaa1c28: folds
*** FLOP *** [2c Qd 3h]
291a8205: checks
66080173: checks
*** TURN *** [2c Qd 3h] [5c]
291a8205: checks
66080173: checks
*** RIVER *** [2c Qd 3h 5c] [6h]
291a8205: bets $0.1
66080173: calls $0.1
291a8205: shows [Kh Ts] (King-High)
66080173: shows [Kd Js] (King-High)
*** SHOWDOWN ***
66080173 collected $0.43 from pot
*** SUMMARY ***
Total pot $0.45 | Rake $0.02 | Jackpot $0 | Bingo $0 | Fortune $0
Board [2c Qd 3h 5c 6h]
Seat 1: 66080173 (button) showed [Kd Js] and won ($0.43) with King-High
Seat 2: 291a8205 (small blind) showed [Kh Ts] and lost with King-High
Seat 4: fbaa1c28 (big blind) folded before Flop
Seat 5: Hero folded before Flop (didn't bet)
Seat 6: 88325a3f folded before Flop (didn't bet)


Poker Hand #HD1168542091: Hold'em No Limit  ($0.02/$0.05) - 2023/03/20 19:03:01
Table 'NLHBlue99' 6-max Seat #6 is the button
Seat 1: 66080173 ($6.09 in chips)
Seat 2: 291a8205 ($0.62 in chips)
Seat 3: 2737fb3d ($5.7 in chips)
Seat 4: fbaa1c28 ($5.47 in chips)
Seat 5: Hero ($5 in chips)
Seat 6: 88325a3f ($4.39 in chips)
66080173: posts small blind $0.02
291a8205: posts big blind $0.05
*** HOLE CARDS ***
Dealt to 66080173 
Dealt to 291a8205 
Dealt to 2737fb3d 
Dealt to fbaa1c28 
Dealt to Hero [Js 6h]
Dealt to 88325a3f 
2737fb3d: folds
fbaa1c28: folds
Hero: folds
88325a3f: raises $0.08 to $0.13
66080173: calls $0.11
291a8205: calls $0.08
*** FLOP *** [4h 3h 3c]
66080173: checks
291a8205: bets $0.15
88325a3f: folds
66080173: calls $0.15
*** TURN *** [4h 3h 3c] [2s]
66080173: checks
291a8205: checks
*** RIVER *** [4h 3h 3c 2s] [Ad]
66080173: bets $0.23
291a8205: raises $0.11 to $0.34 and is all-in
66080173: calls $0.11
291a8205: shows [Ah 5h] (Fives-High Straight)
66080173: shows [7h Ac] (Pair of Aces and Pair of Treys)
*** SHOWDOWN ***
291a8205 collected $1.31 from pot
*** SUMMARY ***
Total pot $1.37 | Rake $0.06 | Jackpot $0 | Bingo $0 | Fortune $0
Board [4h 3h 3c 2s Ad]
Seat 1: 66080173 (small blind) showed [7h Ac] and lost with Pair of Aces and Pair of Treys
Seat 2: 291a8205 (big blind) showed [Ah 5h] and won ($1.31) with Fives-High Straight
Seat 3: 2737fb3d folded before Flop (didn't bet)
Seat 4: fbaa1c28 folded before Flop (didn't bet)
Seat 5: Hero folded before Flop (didn't bet)
Seat 6: 88325a3f (button) folded on the Flop


Poker Hand #HD1168541847: Hold'em No Limit  ($0.02/$0.05) - 2023/03/20 19:01:31
Table 'NLHBlue99' 6-max Seat #5 is the button
Seat 1: 66080173 ($5.29 in chips)
Seat 2: 291a8205 ($1.05 in chips)
Seat 3: 2737fb3d ($5.7 in chips)
Seat 4: fbaa1c28 ($5.47 in chips)
Seat 5: Hero ($5 in chips)
Seat 6: 88325a3f ($4.82 in chips)
88325a3f: posts small blind $0.02
66080173: posts big blind $0.05
*** HOLE CARDS ***
Dealt to 66080173 
Dealt to 291a8205 
Dealt to 2737fb3d 
Dealt to fbaa1c28 
Dealt to Hero [2h 9s]
Dealt to 88325a3f 
291a8205: calls $0.05
2737fb3d: folds
fbaa1c28: folds
Hero: folds
88325a3f: raises $0.15 to $0.2
66080173: calls $0.15
291a8205: calls $0.15
*** FLOP *** [Kc 4h Kd]
88325a3f: checks
66080173: checks
291a8205: bets $0.23
88325a3f: calls $0.23
66080173: calls $0.23
*** TURN *** [Kc 4h Kd] [Td]
88325a3f: checks
66080173: checks
291a8205: checks
*** RIVER *** [Kc 4h Kd Td] [Th]
88325a3f: checks
66080173: bets $0.5
291a8205: folds
88325a3f: folds
Uncalled bet ($0.5) returned to 66080173
*** SHOWDOWN ***
66080173 collected $1.23 from pot
*** SUMMARY ***
Total pot $1.29 | Rake $0.06 | Jackpot $0 | Bingo $0 | Fortune $0
Board [Kc 4h Kd Td Th]
Seat 1: 66080173 (big blind) won ($1.23)
Seat 2: 291a8205 folded on the River
Seat 3: 2737fb3d folded before Flop (didn't bet)
Seat 4: fbaa1c28 folded before Flop (didn't bet)
Seat 5: Hero (button) folded before Flop (didn't bet)
Seat 6: 88325a3f (small blind) folded on the River


Poker Hand #HD1168541678: Hold'em No Limit  ($0.02/$0.05) - 2023/03/20 19:00:33
Table 'NLHBlue99' 6-max Seat #4 is the button
Seat 1: 66080173 ($5 in chips)
Seat 2: 291a8205 ($1.29 in chips)
Seat 3: 2737fb3d ($5.7 in chips)
Seat 4: fbaa1c28 ($5.47 in chips)
Seat 5: Hero ($5 in chips)
Seat 6: 88325a3f ($4.87 in chips)
Hero: posts small blind $0.02
88325a3f: posts big blind $0.05
66080173: posts big blind $0.05
*** HOLE CARDS ***
Dealt to 66080173 
Dealt to 291a8205 
Dealt to 2737fb3d 
Dealt to fbaa1c28 
Dealt to Hero [6s Jd]
Dealt to 88325a3f 
66080173: checks
291a8205: calls $0.05
2737fb3d: folds
fbaa1c28: folds
Hero: folds
88325a3f: checks
*** FLOP *** [Ad 3s Qc]
88325a3f: checks
66080173: checks
291a8205: bets $0.07
88325a3f: folds
66080173: calls $0.07
*** TURN *** [Ad 3s Qc] [3h]
66080173: checks
291a8205: bets $0.12
66080173: calls $0.12
*** RIVER *** [Ad 3s Qc 3h] [8s]
66080173: checks
291a8205: checks
66080173: shows [3c Kc] (Three Treys)
291a8205: shows [Qh Ts] (Pair of Queens and Pair of Treys)
*** SHOWDOWN ***
66080173 collected $0.53 from pot
*** SUMMARY ***
Total pot $0.55 | Rake $0.02 | Jackpot $0 | Bingo $0 | Fortune $0
Board [Ad 3s Qc 3h 8s]
Seat 1: 66080173 showed [3c Kc] and won ($0.53) with Three Treys
Seat 2: 291a8205 showed [Qh Ts] and lost with Pair of Queens and Pair of Treys
Seat 3: 2737fb3d folded before Flop (didn't bet)
Seat 4: fbaa1c28 (button) folded before Flop (didn't bet)
Seat 5: Hero (small blind) folded before Flop
Seat 6: 88325a3f (big blind) folded on the Flop


Poker Hand #HD1168541493: Hold'em No Limit  ($0.02/$0.05) - 2023/03/20 18:59:31
Table 'NLHBlue99' 6-max Seat #3 is the button
Seat 2: 291a8205 ($1.54 in chips)
Seat 3: 2737fb3d ($5.7 in chips)
Seat 4: fbaa1c28 ($5 in chips)
Seat 5: Hero ($5.1 in chips)
Seat 6: 88325a3f ($4.87 in chips)
fbaa1c28: posts small blind $0.02
Hero: posts big blind $0.05
*** HOLE CARDS ***
Dealt to 291a8205 
Dealt to 2737fb3d 
Dealt to fbaa1c28 
Dealt to Hero [Jd Kd]
Dealt to 88325a3f 
88325a3f: folds
291a8205: calls $0.05
2737fb3d: folds
fbaa1c28: raises $0.2 to $0.25
Hero: calls $0.2
291a8205: calls $0.2
*** FLOP *** [7s 4d 5h]
fbaa1c28: checks
Hero: checks
291a8205: checks
*** TURN *** [7s 4d 5h] [Tc]
fbaa1c28: bets $0.25
Hero: folds
291a8205: folds
Uncalled bet ($0.25) returned to fbaa1c28
*** SHOWDOWN ***
fbaa1c28 collected $0.72 from pot
*** SUMMARY ***
Total pot $0.75 | Rake $0.03 | Jackpot $0 | Bingo $0 | Fortune $0
Board [7s 4d 5h Tc]
Seat 2: 291a8205 folded on the Turn
Seat 3: 2737fb3d (button) folded before Flop (didn't bet)
Seat 4: fbaa1c28 (small blind) won ($0.72)
Seat 5: Hero (big blind) folded on the Turn
Seat 6: 88325a3f folded before Flop (didn't bet)


Poker Hand #HD1168541439: Hold'em No Limit  ($0.02/$0.05) - 2023/03/20 18:59:15
Table 'NLHBlue99' 6-max Seat #2 is the button
Seat 2: 291a8205 ($1.54 in chips)
Seat 3: 2737fb3d ($5.72 in chips)
Seat 4: fbaa1c28 ($5 in chips)
Seat 5: Hero ($5.03 in chips)
Seat 6: 88325a3f ($4.87 in chips)
2737fb3d: posts small blind $0.02
fbaa1c28: posts big blind $0.05
*** HOLE CARDS ***
Dealt to 291a8205 
Dealt to 2737fb3d 
Dealt to fbaa1c28 
Dealt to Hero [As Ks]
Dealt to 88325a3f 
Hero: raises $0.07 to $0.12
88325a3f: folds
291a8205: folds
2737fb3d: folds
fbaa1c28: folds
Uncalled bet ($0.07) returned to Hero
*** SHOWDOWN ***
Hero collected $0.12 from pot
*** SUMMARY ***
Total pot $0.12 | Rake $0 | Jackpot $0 | Bingo $0 | Fortune $0
Seat 2: 291a8205 (button) folded before Flop (didn't bet)
Seat 3: 2737fb3d (small blind) folded before Flop
Seat 4: fbaa1c28 (big blind) folded before Flop
Seat 5: Hero collected ($0.12)
Seat 6: 88325a3f folded before Flop (didn't bet)


Poker Hand #HD1168541296: Hold'em No Limit  ($0.02/$0.05) - 2023/03/20 18:58:26
Table 'NLHBlue99' 6-max Seat #1 is the button
Seat 1: 470de27 ($6.59 in chips)
Seat 2: 291a8205 ($2.21 in chips)
Seat 3: 2737fb3d ($5 in chips)
Seat 4: 4307326a ($10.44 in chips)
Seat 5: Hero ($5.15 in chips)
Seat 6: 88325a3f ($4.87 in chips)
291a8205: posts small blind $0.02
2737fb3d: posts big blind $0.05
*** HOLE CARDS ***
Dealt to 470de27 
Dealt to 291a8205 
Dealt to 2737fb3d 
Dealt to 4307326a 
Dealt to Hero [Ac Td]
Dealt to 88325a3f 
4307326a: folds
Hero: raises $0.07 to $0.12
88325a3f: folds
470de27: folds
291a8205: calls $0.1
2737fb3d: raises $0.55 to $0.67
Hero: folds
291a8205: calls $0.55
*** FLOP *** [8c 5d 5h]
291a8205: checks
2737fb3d: bets $0.49
291a8205: folds
Uncalled bet ($0.49) returned to 2737fb3d
*** SHOWDOWN ***
2737fb3d collected $1.39 from pot
*** SUMMARY ***
Total pot $1.46 | Rake $0.07 | Jackpot $0 | Bingo $0 | Fortune $0
Board [8c 5d 5h]
Seat 1: 470de27 (button) folded before Flop (didn't bet)
Seat 2: 291a8205 (small blind) folded on the Flop
Seat 3: 2737fb3d (big blind) won ($1.39)
Seat 4: 4307326a folded before Flop (didn't bet)
Seat 5: Hero folded before Flop
Seat 6: 88325a3f folded before Flop (didn't bet)


Poker Hand #HD1168541125: Hold'em No Limit  ($0.02/$0.05) - 2023/03/20 18:57:25
Table 'NLHBlue99' 6-max Seat #6 is the button
Seat 1: 470de27 ($6.71 in chips)
Seat 2: 291a8205 ($1.86 in chips)
Seat 4: 4307326a ($10.44 in chips)
Seat 5: Hero ($5.41 in chips)
Seat 6: 88325a3f ($4.87 in chips)
470de27: posts small blind $0.02
291a8205: posts big blind $0.05
*** HOLE CARDS ***
Dealt to 470de27 
Dealt to 291a8205 
Dealt to 4307326a 
Dealt to Hero [Ts Kc]
Dealt to 88325a3f 
4307326a: folds
Hero: raises $0.07 to $0.12
88325a3f: folds
470de27: calls $0.1
291a8205: calls $0.07
*** FLOP *** [Kh Ah 7c]
470de27: checks
291a8205: bets $0.14
Hero: calls $0.14
470de27: folds
*** TURN *** [Kh Ah 7c] [9h]
291a8205: checks
Hero: checks
*** RIVER *** [Kh Ah 7c 9h] [4d]
291a8205: bets $0.25
Hero: folds
Uncalled bet ($0.25) returned to 291a8205
*** SHOWDOWN ***
291a8205 collected $0.61 from pot
*** SUMMARY ***
Total pot $0.64 | Rake $0.03 | Jackpot $0 | Bingo $0 | Fortune $0
Board [Kh Ah 7c 9h 4d]
Seat 1: 470de27 (small blind) folded on the Flop
Seat 2: 291a8205 (big blind) won ($0.61)
Seat 4: 4307326a folded before Flop (didn't bet)
Seat 5: Hero folded on the River
Seat 6: 88325a3f (button) folded before Flop (didn't bet)


Poker Hand #HD1168540953: Hold'em No Limit  ($0.02/$0.05) - 2023/03/20 18:56:27
Table 'NLHBlue99' 6-max Seat #5 is the button
Seat 1: 470de27 ($6.97 in chips)
Seat 2: 291a8205 ($1 in chips)
Seat 4: 4307326a ($11.12 in chips)
Seat 5: Hero ($5.41 in chips)
Seat 6: 88325a3f ($4.92 in chips)
88325a3f: posts small blind $0.02
470de27: posts big blind $0.05
*** HOLE CARDS ***
Dealt to 470de27 
Dealt to 291a8205 
Dealt to 4307326a 
Dealt to Hero [5s Qd]
Dealt to 88325a3f 
291a8205: calls $0.05
4307326a: calls $0.05
Hero: folds
88325a3f: calls $0.03
470de27: checks
*** FLOP *** [6h Ac Ah]
88325a3f: checks
470de27: bets $0.07
291a8205: calls $0.07
4307326a: calls $0.07
88325a3f: folds
*** TURN *** [6h Ac Ah] [6c]
470de27: bets $0.14
291a8205: calls $0.14
4307326a: calls $0.14
*** RIVER *** [6h Ac Ah 6c] [9d]
470de27: checks
291a8205: checks
4307326a: bets $0.42
470de27: folds
291a8205: calls $0.42
4307326a: shows [7h 6s] (Sixes Full over Aces)
291a8205: shows [Ad 2s] (Aces Full over Sixes)
*** SHOWDOWN ***
291a8205 collected $1.54 from pot
*** SUMMARY ***
Total pot $1.67 | Rake $0.08 | Jackpot $0.05 | Bingo $0 | Fortune $0
Board [6h Ac Ah 6c 9d]
Seat 1: 470de27 (big blind) folded on the River
Seat 2: 291a8205 showed [Ad 2s] and won ($1.54) with Aces Full over Sixes
Seat 4: 4307326a showed [7h 6s] and lost with Sixes Full over Aces
Seat 5: Hero (button) folded before Flop (didn't bet)
Seat 6: 88325a3f (small blind) folded on the Flop


Poker Hand #HD1168540756: Hold'em No Limit  ($0.02/$0.05) - 2023/03/20 18:55:25
Table 'NLHBlue99' 6-max Seat #4 is the button
Seat 1: 470de27 ($7.02 in chips)
Seat 4: 4307326a ($11.12 in chips)
Seat 5: Hero ($5.43 in chips)
Seat 6: 88325a3f ($4.85 in chips)
Hero: posts small blind $0.02
88325a3f: posts big blind $0.05
*** HOLE CARDS ***
Dealt to 470de27 
Dealt to 4307326a 
Dealt to Hero [8c Kh]
Dealt to 88325a3f 
470de27: calls $0.05
4307326a: folds
Hero: folds
88325a3f: checks
*** FLOP *** [Td 2d 2h]
88325a3f: checks
470de27: checks
*** TURN *** [Td 2d 2h] [9s]
88325a3f: checks
470de27: checks
*** RIVER *** [Td 2d 2h 9s] [Qh]
88325a3f: checks
470de27: checks
88325a3f: shows [6d Ac] (Pair of Twos)
470de27: shows [3c 5c] (Pair of Twos)
*** SHOWDOWN ***
88325a3f collected $0.12 from pot
*** SUMMARY ***
Total pot $0.12 | Rake $0 | Jackpot $0 | Bingo $0 | Fortune $0
Board [Td 2d 2h 9s Qh]
Seat 1: 470de27 showed [3c 5c] and lost with Pair of Twos
Seat 4: 4307326a (button) folded before Flop (didn't bet)
Seat 5: Hero (small blind) folded before Flop
Seat 6: 88325a3f (big blind) showed [6d Ac] and won ($0.12) with Pair of Twos


Poker Hand #HD1168540552: Hold'em No Limit  ($0.02/$0.05) - 2023/03/20 18:54:16
Table 'NLHBlue99' 6-max Seat #1 is the button
Seat 1: 470de27 ($7.22 in chips)
Seat 2: 291a8205 ($0.82 in chips)
Seat 4: 4307326a ($10.23 in chips)
Seat 5: Hero ($5.43 in chips)
Seat 6: 88325a3f ($4.85 in chips)
291a8205: posts small blind $0.02
4307326a: posts big blind $0.05
*** HOLE CARDS ***
Dealt to 470de27 
Dealt to 291a8205 
Dealt to 4307326a 
Dealt to Hero [2s 7c]
Dealt to 88325a3f 
Hero: folds
88325a3f: folds
470de27: calls $0.05
291a8205: calls $0.03
4307326a: raises $0.15 to $0.2
470de27: calls $0.15
291a8205: calls $0.15
*** FLOP *** [5s 8d 8c]
291a8205: checks
4307326a: bets $0.3
470de27: folds
291a8205: calls $0.3
*** TURN *** [5s 8d 8c] [4h]
291a8205: bets $0.32 and is all-in
4307326a: calls $0.32
291a8205: shows [Ad Qs] (Pair of Eights)
4307326a: shows [6d 6h] (Pair of Eights and Pair of Sixes)
*** FIRST RIVER *** [5s 8d 8c 4h] [7h]
*** SECOND RIVER *** [5s 8d 8c 4h] [4d]
*** FIRST SHOWDOWN ***
4307326a collected $0.86 from pot
*** SECOND SHOWDOWN ***
4307326a collected $0.85 from pot
*** SUMMARY ***
Total pot $1.84 | Rake $0.08 | Jackpot $0.05 | Bingo $0 | Fortune $0
Hand was run two times
FIRST Board [5s 8d 8c 4h 7h]
SECOND Board [4d]
Seat 1: 470de27 (button) folded on the Flop
Seat 2: 291a8205 (small blind) showed [Ad Qs] and lost with Pair of Eights, and lost
Seat 4: 4307326a (big blind) showed [6d 6h] and won ($0.86) with Eights-High Straight, and won ($0.85)
Seat 5: Hero folded before Flop (didn't bet)
Seat 6: 88325a3f folded before Flop (didn't bet)


Poker Hand #HD1168540363: Hold'em No Limit  ($0.02/$0.05) - 2023/03/20 18:53:12
Table 'NLHBlue99' 6-max Seat #6 is the button
Seat 1: 470de27 ($7.12 in chips)
Seat 2: 291a8205 ($0.87 in chips)
Seat 3: 225cbd65 ($5.65 in chips)
Seat 4: 4307326a ($10.28 in chips)
Seat 5: Hero ($5.43 in chips)
Seat 6: 88325a3f ($4.85 in chips)
470de27: posts small blind $0.02
291a8205: posts big blind $0.05
*** HOLE CARDS ***
Dealt to 470de27 
Dealt to 291a8205 
Dealt to 225cbd65 
Dealt to 4307326a 
Dealt to Hero [6h 5s]
Dealt to 88325a3f 
225cbd65: folds
4307326a: calls $0.05
Hero: folds
88325a3f: folds
470de27: calls $0.03
291a8205: checks
*** FLOP *** [Ad 2c 7h]
470de27: checks
291a8205: checks
4307326a: checks
*** TURN *** [Ad 2c 7h] [4s]
470de27: checks
291a8205: checks
4307326a: checks
*** RIVER *** [Ad 2c 7h 4s] [9s]
470de27: bets $0.08
291a8205: folds
4307326a: folds
Uncalled bet ($0.08) returned to 470de27
470de27: shows [7d] (Pair of Sevens)
*** SHOWDOWN ***
470de27 collected $0.15 from pot
*** SUMMARY ***
Total pot $0.15 | Rake $0 | Jackpot $0 | Bingo $0 | Fortune $0
Board [Ad 2c 7h 4s 9s]
Seat 1: 470de27 (small blind) showed [7d 8h] and won ($0.15) with Pair of Sevens
Seat 2: 291a8205 (big blind) folded on the River
Seat 3: 225cbd65 folded before Flop (didn't bet)
Seat 4: 4307326a folded on the River
Seat 5: Hero folded before Flop (didn't bet)
Seat 6: 88325a3f (button) folded before Flop (didn't bet)


Poker Hand #HD1168540188: Hold'em No Limit  ($0.02/$0.05) - 2023/03/20 18:52:11
Table 'NLHBlue99' 6-max Seat #5 is the button
Seat 1: 470de27 ($7.47 in chips)
Seat 2: 291a8205 ($1 in chips)
Seat 3: 225cbd65 ($5.65 in chips)
Seat 4: 4307326a ($9.79 in chips)
Seat 5: Hero ($5.43 in chips)
Seat 6: 88325a3f ($4.9 in chips)
88325a3f: posts small blind $0.02
470de27: posts big blind $0.05
*** HOLE CARDS ***
Dealt to 470de27 
Dealt to 291a8205 
Dealt to 225cbd65 
Dealt to 4307326a 
Dealt to Hero [4h 6h]
Dealt to 88325a3f 
291a8205: calls $0.05
225cbd65: folds
4307326a: calls $0.05
Hero: folds
88325a3f: calls $0.03
470de27: checks
*** FLOP *** [Qc 9d 5d]
88325a3f: checks
470de27: checks
291a8205: checks
4307326a: bets $0.08
88325a3f: folds
470de27: calls $0.08
291a8205: calls $0.08
*** TURN *** [Qc 9d 5d] [Tc]
470de27: checks
291a8205: checks
4307326a: checks
*** RIVER *** [Qc 9d 5d Tc] [4d]
470de27: bets $0.22
291a8205: folds
4307326a: raises $0.44 to $0.66
470de27: folds
Uncalled bet ($0.44) returned to 4307326a
*** SHOWDOWN ***
4307326a collected $0.84 from pot
*** SUMMARY ***
Total pot $0.88 | Rake $0.04 | Jackpot $0 | Bingo $0 | Fortune $0
Board [Qc 9d 5d Tc 4d]
Seat 1: 470de27 (big blind) folded on the River
Seat 2: 291a8205 folded on the River
Seat 3: 225cbd65 folded before Flop (didn't bet)
Seat 4: 4307326a won ($0.84)
Seat 5: Hero (button) folded before Flop (didn't bet)
Seat 6: 88325a3f (small blind) folded on the Flop


Poker Hand #HD1168540084: Hold'em No Limit  ($0.02/$0.05) - 2023/03/20 18:51:34
Table 'NLHBlue99' 6-max Seat #4 is the button
Seat 1: 470de27 ($7.47 in chips)
Seat 3: 225cbd65 ($5.65 in chips)
Seat 4: 4307326a ($9.68 in chips)
Seat 5: Hero ($5.45 in chips)
Seat 6: 88325a3f ($5 in chips)
Hero: posts small blind $0.02
88325a3f: posts big blind $0.05
*** HOLE CARDS ***
Dealt to 470de27 
Dealt to 225cbd65 
Dealt to 4307326a 
Dealt to Hero [8h Kd]
Dealt to 88325a3f 
470de27: folds
225cbd65: folds
4307326a: raises $0.05 to $0.1
Hero: folds
88325a3f: calls $0.05
*** FLOP *** [4s Td 7d]
88325a3f: checks
4307326a: bets $0.12
88325a3f: folds
Uncalled bet ($0.12) returned to 4307326a
*** SHOWDOWN ***
4307326a collected $0.21 from pot
*** SUMMARY ***
Total pot $0.22 | Rake $0.01 | Jackpot $0 | Bingo $0 | Fortune $0
Board [4s Td 7d]
Seat 1: 470de27 folded before Flop (didn't bet)
Seat 3: 225cbd65 folded before Flop (didn't bet)
Seat 4: 4307326a (button) won ($0.21)
Seat 5: Hero (small blind) folded before Flop
Seat 6: 88325a3f (big blind) folded on the Flop


Poker Hand #HD1168539927: Hold'em No Limit  ($0.02/$0.05) - 2023/03/20 18:50:39
Table 'NLHBlue99' 6-max Seat #3 is the button
Seat 1: 470de27 ($6.51 in chips)
Seat 2: 291a8205 ($0.53 in chips)
Seat 3: 225cbd65 ($5.65 in chips)
Seat 4: 4307326a ($9.7 in chips)
Seat 5: Hero ($5.98 in chips)
Seat 6: 88325a3f ($5 in chips)
4307326a: posts small blind $0.02
Hero: posts big blind $0.05
*** HOLE CARDS ***
Dealt to 470de27 
Dealt to 291a8205 
Dealt to 225cbd65 
Dealt to 4307326a 
Dealt to Hero [Ks Kd]
Dealt to 88325a3f 
88325a3f: folds
470de27: calls $0.05
291a8205: calls $0.05
225cbd65: folds
4307326a: folds
Hero: raises $0.26 to $0.31
470de27: calls $0.26
291a8205: calls $0.26
*** FLOP *** [As 5s 4d]
Hero: checks
470de27: checks
291a8205: bets $0.22 and is all-in
Hero: calls $0.22
470de27: calls $0.22
*** TURN *** [As 5s 4d] [2d]
Hero: checks
470de27: checks
*** RIVER *** [As 5s 4d 2d] [Th]
Hero: checks
470de27: bets $1.21
Hero: folds
Uncalled bet ($1.21) returned to 470de27
470de27: shows [Tc Td] (Three Tens)
291a8205: shows [6d 5h] (Pair of Fives)
*** SHOWDOWN ***
470de27 collected $1.49 from pot
*** SUMMARY ***
Total pot $1.61 | Rake $0.07 | Jackpot $0.05 | Bingo $0 | Fortune $0
Board [As 5s 4d 2d Th]
Seat 1: 470de27 showed [Tc Td] and won ($1.49) with Three Tens
Seat 2: 291a8205 showed [6d 5h] and lost with Pair of Fives
Seat 3: 225cbd65 (button) folded before Flop (didn't bet)
Seat 4: 4307326a (small blind) folded before Flop
Seat 5: Hero (big blind) folded on the River
Seat 6: 88325a3f folded before Flop (didn't bet)


Poker Hand #HD1168539854: Hold'em No Limit  ($0.02/$0.05) - 2023/03/20 18:50:15
Table 'NLHBlue99' 6-max Seat #2 is the button
Seat 1: 470de27 ($6.56 in chips)
Seat 2: 291a8205 ($0.58 in chips)
Seat 3: 225cbd65 ($5.51 in chips)
Seat 4: 4307326a ($9.75 in chips)
Seat 5: Hero ($5.98 in chips)
Seat 6: 88325a3f ($5 in chips)
225cbd65: posts small blind $0.02
4307326a: posts big blind $0.05
*** HOLE CARDS ***
Dealt to 470de27 
Dealt to 291a8205 
Dealt to 225cbd65 
Dealt to 4307326a 
Dealt to Hero [7h 2c]
Dealt to 88325a3f 
Hero: folds
88325a3f: folds
470de27: calls $0.05
291a8205: calls $0.05
225cbd65: raises $0.25 to $0.3
4307326a: folds
470de27: folds
291a8205: folds
Uncalled bet ($0.25) returned to 225cbd65
*** SHOWDOWN ***
225cbd65 collected $0.19 from pot
*** SUMMARY ***
Total pot $0.2 | Rake $0.01 | Jackpot $0 | Bingo $0 | Fortune $0
Seat 1: 470de27 folded before Flop
Seat 2: 291a8205 (button) folded before Flop
Seat 3: 225cbd65 (small blind) collected ($0.19)
Seat 4: 4307326a (big blind) folded before Flop
Seat 5: Hero folded before Flop (didn't bet)
Seat 6: 88325a3f folded before Flop (didn't bet)


Poker Hand #HD1168539738: Hold'em No Limit  ($0.02/$0.05) - 2023/03/20 18:49:36
Table 'NLHBlue99' 6-max Seat #1 is the button
Seat 1: 470de27 ($6.56 in chips)
Seat 2: 291a8205 ($0.53 in chips)
Seat 3: 225cbd65 ($5.56 in chips)
Seat 4: 4307326a ($9.75 in chips)
Seat 5: Hero ($5.98 in chips)
Seat 6: 88325a3f ($5 in chips)
291a8205: posts small blind $0.02
225cbd65: posts big blind $0.05
*** HOLE CARDS ***
Dealt to 470de27 
Dealt to 291a8205 
Dealt to 225cbd65 
Dealt to 4307326a 
Dealt to Hero [8s Jd]
Dealt to 88325a3f 
4307326a: folds
Hero: folds
88325a3f: folds
470de27: folds
291a8205: calls $0.03
225cbd65: checks
*** FLOP *** [7s 6h 9h]
291a8205: bets $0.05
225cbd65: folds
Uncalled bet ($0.05) returned to 291a8205
*** SHOWDOWN ***
291a8205 collected $0.1 from pot
*** SUMMARY ***
Total pot $0.1 | Rake $0 | Jackpot $0 | Bingo $0 | Fortune $0
Board [7s 6h 9h]
Seat 1: 470de27 (button) folded before Flop (didn't bet)
Seat 2: 291a8205 (small blind) won ($0.1)
Seat 3: 225cbd65 (big blind) folded on the Flop
Seat 4: 4307326a folded before Flop (didn't bet)
Seat 5: Hero folded before Flop (didn't bet)
Seat 6: 88325a3f folded before Flop (didn't bet)


Poker Hand #HD1168539604: Hold'em No Limit  ($0.02/$0.05) - 2023/03/20 18:48:46
Table 'NLHBlue99' 6-max Seat #6 is the button
Seat 1: 470de27 ($6.4 in chips)
Seat 2: 291a8205 ($0.7 in chips)
Seat 3: 225cbd65 ($5.56 in chips)
Seat 4: 4307326a ($9.75 in chips)
Seat 5: Hero ($5.98 in chips)
Seat 6: 88325a3f ($5 in chips)
470de27: posts small blind $0.02
291a8205: posts big blind $0.05
*** HOLE CARDS ***
Dealt to 470de27 
Dealt to 291a8205 
Dealt to 225cbd65 
Dealt to 4307326a 
Dealt to Hero [7c 2h]
Dealt to 88325a3f 
225cbd65: folds
4307326a: folds
Hero: folds
88325a3f: folds
470de27: calls $0.03
291a8205: checks
*** FLOP *** [5h Ah 3h]
470de27: checks
291a8205: bets $0.05
470de27: calls $0.05
*** TURN *** [5h Ah 3h] [8c]
470de27: bets $0.07
291a8205: calls $0.07
*** RIVER *** [5h Ah 3h 8c] [Qc]
470de27: bets $0.12
291a8205: folds
Uncalled bet ($0.12) returned to 470de27
*** SHOWDOWN ***
470de27 collected $0.33 from pot
*** SUMMARY ***
Total pot $0.34 | Rake $0.01 | Jackpot $0 | Bingo $0 | Fortune $0
Board [5h Ah 3h 8c Qc]
Seat 1: 470de27 (small blind) won ($0.33)
Seat 2: 291a8205 (big blind) folded on the River
Seat 3: 225cbd65 folded before Flop (didn't bet)
Seat 4: 4307326a folded before Flop (didn't bet)
Seat 5: Hero folded before Flop (didn't bet)
Seat 6: 88325a3f (button) folded before Flop (didn't bet)


Poker Hand #HD1168539423: Hold'em No Limit  ($0.02/$0.05) - 2023/03/20 18:47:41
Table 'NLHBlue99' 6-max Seat #5 is the button
Seat 1: 470de27 ($6.45 in chips)
Seat 2: 291a8205 ($0.7 in chips)
Seat 3: 225cbd65 ($6.62 in chips)
Seat 4: 4307326a ($9.75 in chips)
Seat 5: Hero ($5 in chips)
Seat 6: 88325a3f ($4.02 in chips)
88325a3f: posts small blind $0.02
470de27: posts big blind $0.05
*** HOLE CARDS ***
Dealt to 470de27 
Dealt to 291a8205 
Dealt to 225cbd65 
Dealt to 4307326a 
Dealt to Hero [Ac Kh]
Dealt to 88325a3f 
291a8205: folds
225cbd65: raises $0.1 to $0.15
4307326a: folds
Hero: raises $0.25 to $0.4
88325a3f: folds
470de27: folds
225cbd65: calls $0.25
*** FLOP *** [Ah Kc 7d]
225cbd65: checks
Hero: bets $0.66
225cbd65: calls $0.66
*** TURN *** [Ah Kc 7d] [9s]
225cbd65: checks
Hero: bets $1.65
225cbd65: folds
Uncalled bet ($1.65) returned to Hero
*** SHOWDOWN ***
Hero collected $2.04 from pot
*** SUMMARY ***
Total pot $2.19 | Rake $0.1 | Jackpot $0.05 | Bingo $0 | Fortune $0
Board [Ah Kc 7d 9s]
Seat 1: 470de27 (big blind) folded before Flop
Seat 2: 291a8205 folded before Flop (didn't bet)
Seat 3: 225cbd65 folded on the Turn
Seat 4: 4307326a folded before Flop (didn't bet)
Seat 5: Hero (button) won ($2.04)
Seat 6: 88325a3f (small blind) folded before Flop


Poker Hand #HD1168539163: Hold'em No Limit  ($0.02/$0.05) - 2023/03/20 18:46:11
Table 'NLHBlue99' 6-max Seat #4 is the button
Seat 1: 470de27 ($6.45 in chips)
Seat 2: 291a8205 ($2.09 in chips)
Seat 3: 225cbd65 ($5.35 in chips)
Seat 4: 4307326a ($9.75 in chips)
Seat 5: Hero ($5 in chips)
Seat 6: 88325a3f ($4.07 in chips)
Hero: posts small blind $0.02
88325a3f: posts big blind $0.05
*** HOLE CARDS ***
Dealt to 470de27 
Dealt to 291a8205 
Dealt to 225cbd65 
Dealt to 4307326a 
Dealt to Hero [Kh Qs]
Dealt to 88325a3f 
470de27: folds
291a8205: calls $0.05
225cbd65: raises $0.2 to $0.25
4307326a: folds
Hero: folds
88325a3f: folds
291a8205: calls $0.2
*** FLOP *** [2d 7s Js]
291a8205: checks
225cbd65: bets $0.19
291a8205: calls $0.19
*** TURN *** [2d 7s Js] [6c]
291a8205: checks
225cbd65: checks
*** RIVER *** [2d 7s Js 6c] [Qh]
291a8205: bets $0.95
225cbd65: calls $0.95
291a8205: shows [4s Ac] (Ace-High)
225cbd65: shows [Ad Qc] (Pair of Queens)
*** SHOWDOWN ***
225cbd65 collected $2.66 from pot
*** SUMMARY ***
Total pot $2.85 | Rake $0.14 | Jackpot $0.05 | Bingo $0 | Fortune $0
Board [2d 7s Js 6c Qh]
Seat 1: 470de27 folded before Flop (didn't bet)
Seat 2: 291a8205 showed [4s Ac] and lost with Ace-High
Seat 3: 225cbd65 showed [Ad Qc] and won ($2.66) with Pair of Queens
Seat 4: 4307326a (button) folded before Flop (didn't bet)
Seat 5: Hero (small blind) folded before Flop
Seat 6: 88325a3f (big blind) folded before Flop


Poker Hand #HD1168538917: Hold'em No Limit  ($0.02/$0.05) - 2023/03/20 18:44:46
Table 'NLHBlue99' 6-max Seat #3 is the button
Seat 1: 470de27 ($6.5 in chips)
Seat 2: 291a8205 ($0.73 in chips)
Seat 3: 225cbd65 ($5.35 in chips)
Seat 4: 4307326a ($11.22 in chips)
Seat 5: Hero ($5 in chips)
Seat 6: 88325a3f ($4.07 in chips)
4307326a: posts small blind $0.02
Hero: posts big blind $0.05
*** HOLE CARDS ***
Dealt to 470de27 
Dealt to 291a8205 
Dealt to 225cbd65 
Dealt to 4307326a 
Dealt to Hero [Qs Ts]
Dealt to 88325a3f 
88325a3f: folds
470de27: calls $0.05
291a8205: calls $0.05
225cbd65: folds
4307326a: calls $0.03
Hero: raises $0.3 to $0.35
470de27: folds
291a8205: calls $0.3
4307326a: calls $0.3
*** FLOP *** [7s 2h Qd]
4307326a: checks
Hero: bets $0.37
291a8205: raises $0.01 to $0.38 and is all-in
4307326a: calls $0.38
Hero: calls $0.01
*** TURN *** [7s 2h Qd] [2d]
4307326a: checks
Hero: bets $0.74
4307326a: calls $0.74
*** RIVER *** [7s 2h Qd 2d] [6h]
4307326a: checks
Hero: checks
4307326a: shows [Th 7h] (Pair of Sevens and Pair of Twos)
Hero: shows [Qs Ts] (Pair of Queens and Pair of Twos)
291a8205: shows [Ah 2c] (Three Twos)
*** SHOWDOWN ***
291a8205 collected $2.09 from pot
Hero collected $1.41 from pot
*** SUMMARY ***
Total pot $3.72 | Rake $0.17 | Jackpot $0.05 | Bingo $0 | Fortune $0
Board [7s 2h Qd 2d 6h]
Seat 1: 470de27 folded before Flop
Seat 2: 291a8205 showed [Ah 2c] and won ($2.09) with Three Twos
Seat 3: 225cbd65 (button) folded before Flop (didn't bet)
Seat 4: 4307326a (small blind) showed [Th 7h] and lost with Pair of Sevens and Pair of Twos
Seat 5: Hero (big blind) showed [Qs Ts] and won ($1.41) with Pair of Queens and Pair of Twos
Seat 6: 88325a3f folded before Flop (didn't bet)


Poker Hand #HD1168538763: Hold'em No Limit  ($0.02/$0.05) - 2023/03/20 18:43:51
Table 'NLHBlue99' 6-max Seat #2 is the button
Seat 1: 470de27 ($6.7 in chips)
Seat 2: 291a8205 ($1.41 in chips)
Seat 3: 225cbd65 ($5.37 in chips)
Seat 4: 4307326a ($10.44 in chips)
Seat 5: Hero ($5 in chips)
Seat 6: 88325a3f ($4.07 in chips)
225cbd65: posts small blind $0.02
4307326a: posts big blind $0.05
*** HOLE CARDS ***
Dealt to 470de27 
Dealt to 291a8205 
Dealt to 225cbd65 
Dealt to 4307326a 
Dealt to Hero [2d Td]
Dealt to 88325a3f 
Hero: folds
88325a3f: folds
470de27: calls $0.05
291a8205: calls $0.05
225cbd65: folds
4307326a: raises $0.15 to $0.2
470de27: calls $0.15
291a8205: calls $0.15
*** FLOP *** [Qc As 3h]
4307326a: bets $0.48
470de27: folds
291a8205: calls $0.48
*** TURN *** [Qc As 3h] [5h]
4307326a: checks
291a8205: checks
*** RIVER *** [Qc As 3h 5h] [Th]
4307326a: checks
291a8205: checks
4307326a: shows [Ah 8c] (Pair of Aces)
291a8205: shows [Ts Js] (Pair of Tens)
*** SHOWDOWN ***
4307326a collected $1.46 from pot
*** SUMMARY ***
Total pot $1.58 | Rake $0.07 | Jackpot $0.05 | Bingo $0 | Fortune $0
Board [Qc As 3h 5h Th]
Seat 1: 470de27 folded on the Flop
Seat 2: 291a8205 (button) showed [Ts Js] and lost with Pair of Tens
Seat 3: 225cbd65 (small blind) folded before Flop
Seat 4: 4307326a (big blind) showed [Ah 8c] and won ($1.46) with Pair of Aces
Seat 5: Hero folded before Flop (didn't bet)
Seat 6: 88325a3f folded before Flop (didn't bet)


Poker Hand #HD1168538621: Hold'em No Limit  ($0.02/$0.05) - 2023/03/20 18:43:03
Table 'NLHBlue99' 6-max Seat #1 is the button
Seat 1: 470de27 ($6.75 in chips)
Seat 2: 291a8205 ($1.46 in chips)
Seat 3: 225cbd65 ($5.42 in chips)
Seat 4: 4307326a ($10.3 in chips)
Seat 5: Hero ($5 in chips)
Seat 6: 88325a3f ($4.07 in chips)
291a8205: posts small blind $0.02
225cbd65: posts big blind $0.05
*** HOLE CARDS ***
Dealt to 470de27 
Dealt to 291a8205 
Dealt to 225cbd65 
Dealt to 4307326a 
Dealt to Hero [Kd 2s]
Dealt to 88325a3f 
4307326a: calls $0.05
Hero: folds
88325a3f: folds
470de27: calls $0.05
291a8205: calls $0.03
225cbd65: checks
*** FLOP *** [Ks 5s 2c]
291a8205: checks
225cbd65: checks
4307326a: bets $0.08
470de27: folds
291a8205: folds
225cbd65: folds
Uncalled bet ($0.08) returned to 4307326a
*** SHOWDOWN ***
4307326a collected $0.19 from pot
*** SUMMARY ***
Total pot $0.2 | Rake $0.01 | Jackpot $0 | Bingo $0 | Fortune $0
Board [Ks 5s 2c]
Seat 1: 470de27 (button) folded on the Flop
Seat 2: 291a8205 (small blind) folded on the Flop
Seat 3: 225cbd65 (big blind) folded on the Flop
Seat 4: 4307326a won ($0.19)
Seat 5: Hero folded before Flop (didn't bet)
Seat 6: 88325a3f folded before Flop (didn't bet)


Poker Hand #HD1168538474: Hold'em No Limit  ($0.02/$0.05) - 2023/03/20 18:42:17
Table 'NLHBlue99' 6-max Seat #6 is the button
Seat 1: 470de27 ($7.05 in chips)
Seat 2: 291a8205 ($1.61 in chips)
Seat 3: 225cbd65 ($5 in chips)
Seat 4: 4307326a ($10.3 in chips)
Seat 5: Hero ($5 in chips)
Seat 6: 88325a3f ($4.07 in chips)
470de27: posts small blind $0.02
291a8205: posts big blind $0.05
*** HOLE CARDS ***
Dealt to 470de27 
Dealt to 291a8205 
Dealt to 225cbd65 
Dealt to 4307326a 
Dealt to Hero [6s 7h]
Dealt to 88325a3f 
225cbd65: raises $0.1 to $0.15
4307326a: folds
Hero: folds
88325a3f: folds
470de27: calls $0.13
291a8205: calls $0.1
*** FLOP *** [2s Jc Qh]
470de27: checks
291a8205: checks
225cbd65: bets $0.15
470de27: calls $0.15
291a8205: folds
*** TURN *** [2s Jc Qh] [5d]
470de27: checks
225cbd65: bets $0.57
470de27: folds
Uncalled bet ($0.57) returned to 225cbd65
*** SHOWDOWN ***
225cbd65 collected $0.72 from pot
*** SUMMARY ***
Total pot $0.75 | Rake $0.03 | Jackpot $0 | Bingo $0 | Fortune $0
Board [2s Jc Qh 5d]
Seat 1: 470de27 (small blind) folded on the Turn
Seat 2: 291a8205 (big blind) folded on the Flop
Seat 3: 225cbd65 won ($0.72)
Seat 4: 4307326a folded before Flop (didn't bet)
Seat 5: Hero folded before Flop (didn't bet)
Seat 6: 88325a3f (button) folded before Flop (didn't bet)


Poker Hand #HD1168538331: Hold'em No Limit  ($0.02/$0.05) - 2023/03/20 18:41:30
Table 'NLHBlue99' 6-max Seat #5 is the button
Seat 1: 470de27 ($7.15 in chips)
Seat 2: 291a8205 ($1.84 in chips)
Seat 3: 225cbd65 ($5 in chips)
Seat 4: 4307326a ($9.97 in chips)
Seat 5: Hero ($5 in chips)
Seat 6: 88325a3f ($4.09 in chips)
88325a3f: posts small blind $0.02
470de27: posts big blind $0.05
*** HOLE CARDS ***
Dealt to 470de27 
Dealt to 291a8205 
Dealt to 225cbd65 
Dealt to 4307326a 
Dealt to Hero [8d 5c]
Dealt to 88325a3f 
291a8205: calls $0.05
225cbd65: folds
4307326a: raises $0.05 to $0.1
Hero: folds
88325a3f: folds
470de27: calls $0.05
291a8205: calls $0.05
*** FLOP *** [Qh Qc 6c]
470de27: checks
291a8205: checks
4307326a: checks
*** TURN *** [Qh Qc 6c] [Kc]
470de27: checks
291a8205: checks
4307326a: checks
*** RIVER *** [Qh Qc 6c Kc] [6s]
470de27: checks
291a8205: bets $0.13
4307326a: calls $0.13
470de27: folds
291a8205: shows [3c 5s] (Pair of Queens and Pair of Sixes)
4307326a: shows [Ah 7h] (Pair of Queens and Pair of Sixes)
*** SHOWDOWN ***
4307326a collected $0.56 from pot
*** SUMMARY ***
Total pot $0.58 | Rake $0.02 | Jackpot $0 | Bingo $0 | Fortune $0
Board [Qh Qc 6c Kc 6s]
Seat 1: 470de27 (big blind) folded on the River
Seat 2: 291a8205 showed [3c 5s] and lost with Pair of Queens and Pair of Sixes
Seat 3: 225cbd65 folded before Flop (didn't bet)
Seat 4: 4307326a showed [Ah 7h] and won ($0.56) with Pair of Queens and Pair of Sixes
Seat 5: Hero (button) folded before Flop (didn't bet)
Seat 6: 88325a3f (small blind) folded before Flop


Poker Hand #HD1168538122: Hold'em No Limit  ($0.02/$0.05) - 2023/03/20 18:40:20
Table 'NLHBlue99' 6-max Seat #4 is the button
Seat 1: 470de27 ($6.43 in chips)
Seat 2: 291a8205 ($1.89 in chips)
Seat 3: 225cbd65 ($5 in chips)
Seat 4: 4307326a ($10.64 in chips)
Seat 5: Hero ($5.02 in chips)
Seat 6: 88325a3f ($4.14 in chips)
Hero: posts small blind $0.02
88325a3f: posts big blind $0.05
*** HOLE CARDS ***
Dealt to 470de27 
Dealt to 291a8205 
Dealt to 225cbd65 
Dealt to 4307326a 
Dealt to Hero [Td Qs]
Dealt to 88325a3f 
470de27: calls $0.05
291a8205: calls $0.05
225cbd65: folds
4307326a: calls $0.05
Hero: folds
88325a3f: checks
*** FLOP *** [6h Qd 2c]
88325a3f: checks
470de27: checks
291a8205: checks
4307326a: bets $0.18
88325a3f: folds
470de27: calls $0.18
291a8205: folds
*** TURN *** [6h Qd 2c] [4d]
470de27: checks
4307326a: checks
*** RIVER *** [6h Qd 2c 4d] [As]
470de27: bets $0.44
4307326a: calls $0.44
470de27: shows [6d Qh] (Pair of Queens and Pair of Sixes)
4307326a: shows [5h 5s] (Pair of Fives)
*** SHOWDOWN ***
470de27 collected $1.39 from pot
*** SUMMARY ***
Total pot $1.46 | Rake $0.07 | Jackpot $0 | Bingo $0 | Fortune $0
Board [6h Qd 2c 4d As]
Seat 1: 470de27 showed [6d Qh] and won ($1.39) with Pair of Queens and Pair of Sixes
Seat 2: 291a8205 folded on the Flop
Seat 3: 225cbd65 folded before Flop (didn't bet)
Seat 4: 4307326a (button) showed [5h 5s] and lost with Pair of Fives
Seat 5: Hero (small blind) folded before Flop
Seat 6: 88325a3f (big blind) folded on the Flop


Poker Hand #HD1168537998: Hold'em No Limit  ($0.02/$0.05) - 2023/03/20 18:39:36
Table 'NLHBlue99' 6-max Seat #3 is the button
Seat 1: 470de27 ($6.43 in chips)
Seat 2: 291a8205 ($2.04 in chips)
Seat 3: 225cbd65 ($5 in chips)
Seat 4: 4307326a ($10.45 in chips)
Seat 5: Hero ($5.07 in chips)
Seat 6: 88325a3f ($4.14 in chips)
4307326a: posts small blind $0.02
Hero: posts big blind $0.05
*** HOLE CARDS ***
Dealt to 470de27 
Dealt to 291a8205 
Dealt to 225cbd65 
Dealt to 4307326a 
Dealt to Hero [6c 9s]
Dealt to 88325a3f 
88325a3f: folds
470de27: folds
291a8205: calls $0.05
225cbd65: folds
4307326a: raises $0.1 to $0.15
Hero: folds
291a8205: calls $0.1
*** FLOP *** [Th Td 7c]
4307326a: bets $0.12
291a8205: folds
Uncalled bet ($0.12) returned to 4307326a
*** SHOWDOWN ***
4307326a collected $0.34 from pot
*** SUMMARY ***
Total pot $0.35 | Rake $0.01 | Jackpot $0 | Bingo $0 | Fortune $0
Board [Th Td 7c]
Seat 1: 470de27 folded before Flop (didn't bet)
Seat 2: 291a8205 folded on the Flop
Seat 3: 225cbd65 (button) folded before Flop (didn't bet)
Seat 4: 4307326a (small blind) won ($0.34)
Seat 5: Hero (big blind) folded before Flop
Seat 6: 88325a3f folded before Flop (didn't bet)


Poker Hand #HD1168537768: Hold'em No Limit  ($0.02/$0.05) - 2023/03/20 18:38:17
Table 'NLHBlue99' 6-max Seat #2 is the button
Seat 1: 470de27 ($6.43 in chips)
Seat 2: 291a8205 ($1.07 in chips)
Seat 3: 225cbd65 ($5 in chips)
Seat 4: 4307326a ($10.5 in chips)
Seat 5: Hero ($5.07 in chips)
Seat 6: 88325a3f ($4.14 in chips)
225cbd65: posts small blind $0.02
4307326a: posts big blind $0.05
*** HOLE CARDS ***
Dealt to 470de27 
Dealt to 291a8205 
Dealt to 225cbd65 
Dealt to 4307326a 
Dealt to Hero [7d 8s]
Dealt to 88325a3f 
Hero: folds
88325a3f: folds
470de27: folds
291a8205: calls $0.05
225cbd65: raises $0.2 to $0.25
4307326a: folds
291a8205: calls $0.2
*** FLOP *** [4c Ts Qh]
225cbd65: bets $0.83
291a8205: calls $0.82 and is all-in
Uncalled bet ($0.01) returned to 225cbd65
225cbd65: shows [6c 6s] (Pair of Sixes)
291a8205: shows [9h 9s] (Pair of Nines)
*** TURN *** [4c Ts Qh] [4h]
*** RIVER *** [4c Ts Qh 4h] [Jd]
*** SHOWDOWN ***
291a8205 collected $2.04 from pot
*** SUMMARY ***
Total pot $2.19 | Rake $0.1 | Jackpot $0.05 | Bingo $0 | Fortune $0
Board [4c Ts Qh 4h Jd]
Seat 1: 470de27 folded before Flop (didn't bet)
Seat 2: 291a8205 (button) showed [9h 9s] and won ($2.04) with Pair of Nines and Pair of Fours
Seat 3: 225cbd65 (small blind) showed [6c 6s] and lost with Pair of Sixes and Pair of Fours
Seat 4: 4307326a (big blind) folded before Flop
Seat 5: Hero folded before Flop (didn't bet)
Seat 6: 88325a3f folded before Flop (didn't bet)


Poker Hand #HD1168537659: Hold'em No Limit  ($0.02/$0.05) - 2023/03/20 18:37:35
Table 'NLHBlue99' 6-max Seat #1 is the button
Seat 1: 470de27 ($6.48 in chips)
Seat 2: 291a8205 ($0.97 in chips)
Seat 3: 225cbd65 ($5 in chips)
Seat 4: 4307326a ($10.5 in chips)
Seat 5: Hero ($5.07 in chips)
Seat 6: 88325a3f ($4.14 in chips)
291a8205: posts small blind $0.02
225cbd65: posts big blind $0.05
*** HOLE CARDS ***
Dealt to 470de27 
Dealt to 291a8205 
Dealt to 225cbd65 
Dealt to 4307326a 
Dealt to Hero [As 2h]
Dealt to 88325a3f 
4307326a: folds
Hero: folds
88325a3f: folds
470de27: calls $0.05
291a8205: calls $0.03
225cbd65: checks
*** FLOP *** [Jd Ks 7c]
291a8205: checks
225cbd65: checks
470de27: checks
*** TURN *** [Jd Ks 7c] [2d]
291a8205: bets $0.06
225cbd65: folds
470de27: folds
Uncalled bet ($0.06) returned to 291a8205
*** SHOWDOWN ***
291a8205 collected $0.15 from pot
*** SUMMARY ***
Total pot $0.15 | Rake $0 | Jackpot $0 | Bingo $0 | Fortune $0
Board [Jd Ks 7c 2d]
Seat 1: 470de27 (button) folded on the Turn
Seat 2: 291a8205 (small blind) won ($0.15)
Seat 3: 225cbd65 (big blind) folded on the Turn
Seat 4: 4307326a folded before Flop (didn't bet)
Seat 5: Hero folded before Flop (didn't bet)
Seat 6: 88325a3f folded before Flop (didn't bet)


Poker Hand #HD1168537606: Hold'em No Limit  ($0.02/$0.05) - 2023/03/20 18:37:18
Table 'NLHBlue99' 6-max Seat #6 is the button
Seat 1: 470de27 ($6.5 in chips)
Seat 2: 291a8205 ($1.02 in chips)
Seat 3: 225cbd65 ($5 in chips)
Seat 4: 4307326a ($10.5 in chips)
Seat 5: Hero ($5 in chips)
Seat 6: 88325a3f ($4.14 in chips)
470de27: posts small blind $0.02
291a8205: posts big blind $0.05
*** HOLE CARDS ***
Dealt to 470de27 
Dealt to 291a8205 
Dealt to 225cbd65 
Dealt to 4307326a 
Dealt to Hero [Jd 9s]
Dealt to 88325a3f 
225cbd65: folds
4307326a: folds
Hero: raises $0.07 to $0.12
88325a3f: folds
470de27: folds
291a8205: folds
Uncalled bet ($0.07) returned to Hero
*** SHOWDOWN ***
Hero collected $0.12 from pot
*** SUMMARY ***
Total pot $0.12 | Rake $0 | Jackpot $0 | Bingo $0 | Fortune $0
Seat 1: 470de27 (small blind) folded before Flop
Seat 2: 291a8205 (big blind) folded before Flop
Seat 3: 225cbd65 folded before Flop (didn't bet)
Seat 4: 4307326a folded before Flop (didn't bet)
Seat 5: Hero collected ($0.12)
Seat 6: 88325a3f (button) folded before Flop (didn't bet)


Poker Hand #HD1168537458: Hold'em No Limit  ($0.02/$0.05) - 2023/03/20 18:36:28
Table 'NLHBlue99' 6-max Seat #5 is the button
Seat 1: 470de27 ($4.79 in chips)
Seat 2: 291a8205 ($1.02 in chips)
Seat 3: 225cbd65 ($5 in chips)
Seat 4: 4307326a ($12.43 in chips)
Seat 5: Hero ($5 in chips)
Seat 6: 88325a3f ($4.16 in chips)
88325a3f: posts small blind $0.02
470de27: posts big blind $0.05
*** HOLE CARDS ***
Dealt to 470de27 
Dealt to 291a8205 
Dealt to 225cbd65 
Dealt to 4307326a 
Dealt to Hero [8d 2s]
Dealt to 88325a3f 
291a8205: folds
225cbd65: folds
4307326a: raises $0.05 to $0.1
Hero: folds
88325a3f: folds
470de27: calls $0.05
*** FLOP *** [Qc Js 4c]
470de27: checks
4307326a: bets $0.12
470de27: calls $0.12
*** TURN *** [Qc Js 4c] [Jc]
470de27: checks
4307326a: checks
*** RIVER *** [Qc Js 4c Jc] [Ah]
470de27: bets $0.35
4307326a: raises $0.39 to $0.74
470de27: raises $0.97 to $1.71
4307326a: calls $0.97
470de27: shows [6c 3c] (Queen High Flush)
4307326a: shows [4h Qh] (Pair of Queens and Pair of Jacks)
*** SHOWDOWN ***
470de27 collected $3.64 from pot
*** SUMMARY ***
Total pot $3.88 | Rake $0.19 | Jackpot $0.05 | Bingo $0 | Fortune $0
Board [Qc Js 4c Jc Ah]
Seat 1: 470de27 (big blind) showed [6c 3c] and won ($3.64) with Queen High Flush
Seat 2: 291a8205 folded before Flop (didn't bet)
Seat 3: 225cbd65 folded before Flop (didn't bet)
Seat 4: 4307326a showed [4h Qh] and lost with Pair of Queens and Pair of Jacks
Seat 5: Hero (button) folded before Flop (didn't bet)
Seat 6: 88325a3f (small blind) folded before Flop


Poker Hand #HD1168537318: Hold'em No Limit  ($0.02/$0.05) - 2023/03/20 18:35:41
Table 'NLHBlue99' 6-max Seat #4 is the button
Seat 1: 470de27 ($4.79 in chips)
Seat 2: 291a8205 ($0.95 in chips)
Seat 3: 225cbd65 ($5 in chips)
Seat 4: 4307326a ($12.43 in chips)
Seat 5: Hero ($5 in chips)
Seat 6: 88325a3f ($4.21 in chips)
Hero: posts small blind $0.02
88325a3f: posts big blind $0.05
*** HOLE CARDS ***
Dealt to 470de27 
Dealt to 291a8205 
Dealt to 225cbd65 
Dealt to 4307326a 
Dealt to Hero [3c Td]
Dealt to 88325a3f 
470de27: folds
291a8205: calls $0.05
225cbd65: folds
4307326a: folds
Hero: folds
88325a3f: checks
*** FLOP *** [Jd 3s 9h]
88325a3f: checks
291a8205: checks
*** TURN *** [Jd 3s 9h] [2d]
88325a3f: checks
291a8205: checks
*** RIVER *** [Jd 3s 9h 2d] [4h]
88325a3f: checks
291a8205: bets $0.06
88325a3f: folds
Uncalled bet ($0.06) returned to 291a8205
*** SHOWDOWN ***
291a8205 collected $0.12 from pot
*** SUMMARY ***
Total pot $0.12 | Rake $0 | Jackpot $0 | Bingo $0 | Fortune $0
Board [Jd 3s 9h 2d 4h]
Seat 1: 470de27 folded before Flop (didn't bet)
Seat 2: 291a8205 won ($0.12)
Seat 3: 225cbd65 folded before Flop (didn't bet)
Seat 4: 4307326a (button) folded before Flop (didn't bet)
Seat 5: Hero (small blind) folded before Flop
Seat 6: 88325a3f (big blind) folded on the River


Poker Hand #HD1168537081: Hold'em No Limit  ($0.02/$0.05) - 2023/03/20 18:34:20
Table 'NLHBlue99' 6-max Seat #3 is the button
Seat 1: 470de27 ($4.84 in chips)
Seat 2: 291a8205 ($1 in chips)
Seat 3: 225cbd65 ($5.11 in chips)
Seat 4: 4307326a ($11.78 in chips)
Seat 5: Hero ($5 in chips)
Seat 6: 88325a3f ($4.21 in chips)
4307326a: posts small blind $0.02
Hero: posts big blind $0.05
291a8205: posts big blind $0.05
*** HOLE CARDS ***
Dealt to 470de27 
Dealt to 291a8205 
Dealt to 225cbd65 
Dealt to 4307326a 
Dealt to Hero [6s Ac]
Dealt to 88325a3f 
88325a3f: folds
470de27: calls $0.05
291a8205: checks
225cbd65: raises $0.25 to $0.3
4307326a: calls $0.28
Hero: folds
470de27: folds
291a8205: folds
*** FLOP *** [Js Th 9c]
4307326a: bets $0.26
225cbd65: calls $0.26
*** TURN *** [Js Th 9c] [9s]
4307326a: checks
225cbd65: checks
*** RIVER *** [Js Th 9c 9s] [7d]
4307326a: checks
225cbd65: checks
4307326a: shows [Ah 9d] (Three Nines)
225cbd65: shows [Kh Ts] (Pair of Tens and Pair of Nines)
*** SHOWDOWN ***
4307326a collected $1.21 from pot
*** SUMMARY ***
Total pot $1.27 | Rake $0.06 | Jackpot $0 | Bingo $0 | Fortune $0
Board [Js Th 9c 9s 7d]
Seat 1: 470de27 folded before Flop
Seat 2: 291a8205 folded before Flop
Seat 3: 225cbd65 (button) showed [Kh Ts] and lost with Pair of Tens and Pair of Nines
Seat 4: 4307326a (small blind) showed [Ah 9d] and won ($1.21) with Three Nines
Seat 5: Hero (big blind) folded before Flop
Seat 6: 88325a3f folded before Flop (didn't bet)


Poker Hand #HD1168537021: Hold'em No Limit  ($0.02/$0.05) - 2023/03/20 18:33:55
Table 'NLHBlue99' 6-max Seat #1 is the button
Seat 1: 470de27 ($4.89 in chips)
Seat 3: 225cbd65 ($5.13 in chips)
Seat 4: 4307326a ($11.71 in chips)
Seat 5: Hero ($5 in chips)
Seat 6: 88325a3f ($4.21 in chips)
225cbd65: posts small blind $0.02
4307326a: posts big blind $0.05
*** HOLE CARDS ***
Dealt to 470de27 
Dealt to 225cbd65 
Dealt to 4307326a 
Dealt to Hero [5h 6c]
Dealt to 88325a3f 
Hero: folds
88325a3f: folds
470de27: calls $0.05
225cbd65: folds
4307326a: checks
*** FLOP *** [4s 8s 3s]
4307326a: bets $0.06
470de27: folds
Uncalled bet ($0.06) returned to 4307326a
*** SHOWDOWN ***
4307326a collected $0.12 from pot
*** SUMMARY ***
Total pot $0.12 | Rake $0 | Jackpot $0 | Bingo $0 | Fortune $0
Board [4s 8s 3s]
Seat 1: 470de27 (button) folded on the Flop
Seat 3: 225cbd65 (small blind) folded before Flop
Seat 4: 4307326a (big blind) won ($0.12)
Seat 5: Hero folded before Flop (didn't bet)
Seat 6: 88325a3f folded before Flop (didn't bet)


Poker Hand #HD1168536963: Hold'em No Limit  ($0.02/$0.05) - 2023/03/20 18:33:33
Table 'NLHBlue99' 6-max Seat #6 is the button
Seat 1: 470de27 ($5.04 in chips)
Seat 2: 506cc7f8 ($5.71 in chips)
Seat 3: 225cbd65 ($5.13 in chips)
Seat 4: 4307326a ($11.52 in chips)
Seat 5: Hero ($5 in chips)
Seat 6: 88325a3f ($4.21 in chips)
470de27: posts small blind $0.02
506cc7f8: posts big blind $0.05
*** HOLE CARDS ***
Dealt to 470de27 
Dealt to 506cc7f8 
Dealt to 225cbd65 
Dealt to 4307326a 
Dealt to Hero [Qc 8s]
Dealt to 88325a3f 
225cbd65: folds
4307326a: raises $0.1 to $0.15
Hero: folds
88325a3f: folds
470de27: calls $0.13
506cc7f8: folds
*** FLOP *** [8h Ts 5c]
470de27: checks
4307326a: bets $0.18
470de27: folds
Uncalled bet ($0.18) returned to 4307326a
*** SHOWDOWN ***
4307326a collected $0.34 from pot
*** SUMMARY ***
Total pot $0.35 | Rake $0.01 | Jackpot $0 | Bingo $0 | Fortune $0
Board [8h Ts 5c]
Seat 1: 470de27 (small blind) folded on the Flop
Seat 2: 506cc7f8 (big blind) folded before Flop
Seat 3: 225cbd65 folded before Flop (didn't bet)
Seat 4: 4307326a won ($0.34)
Seat 5: Hero folded before Flop (didn't bet)
Seat 6: 88325a3f (button) folded before Flop (didn't bet)


Poker Hand #HD1168536694: Hold'em No Limit  ($0.02/$0.05) - 2023/03/20 18:32:03
Table 'NLHBlue99' 6-max Seat #5 is the button
Seat 1: 470de27 ($5.09 in chips)
Seat 2: 506cc7f8 ($5.71 in chips)
Seat 3: 225cbd65 ($5.28 in chips)
Seat 4: 4307326a ($6.85 in chips)
Seat 5: Hero ($5 in chips)
Seat 6: 88325a3f ($4.23 in chips)
88325a3f: posts small blind $0.02
470de27: posts big blind $0.05
*** HOLE CARDS ***
Dealt to 470de27 
Dealt to 506cc7f8 
Dealt to 225cbd65 
Dealt to 4307326a 
Dealt to Hero [Ks Kd]
Dealt to 88325a3f 
506cc7f8: folds
225cbd65: raises $0.1 to $0.15
4307326a: calls $0.15
Hero: raises $0.39 to $0.54
88325a3f: folds
470de27: folds
225cbd65: folds
4307326a: calls $0.39
*** FLOP *** [Tc 3d 2d]
4307326a: checks
Hero: bets $0.65
4307326a: calls $0.65
*** TURN *** [Tc 3d 2d] [8s]
4307326a: checks
Hero: bets $3.81 and is all-in
4307326a: calls $3.81
Hero: shows [Ks Kd] (Pair of Kings)
4307326a: shows [8h 8c] (Three Eights)
*** RIVER *** [Tc 3d 2d 8s] [2s]
*** SHOWDOWN ***
4307326a collected $9.67 from pot
*** SUMMARY ***
Total pot $10.22 | Rake $0.5 | Jackpot $0.05 | Bingo $0 | Fortune $0
Board [Tc 3d 2d 8s 2s]
Seat 1: 470de27 (big blind) folded before Flop
Seat 2: 506cc7f8 folded before Flop (didn't bet)
Seat 3: 225cbd65 folded before Flop
Seat 4: 4307326a showed [8h 8c] and won ($9.67) with Eights Full over Twos
Seat 5: Hero (button) showed [Ks Kd] and lost with Pair of Kings and Pair of Twos
Seat 6: 88325a3f (small blind) folded before Flop


Poker Hand #HD1168536638: Hold'em No Limit  ($0.02/$0.05) - 2023/03/20 18:31:41
Table 'NLHBlue99' 6-max Seat #4 is the button
Seat 1: 470de27 ($5.02 in chips)
Seat 2: 506cc7f8 ($5.71 in chips)
Seat 3: 225cbd65 ($5.28 in chips)
Seat 4: 4307326a ($6.85 in chips)
Seat 5: Hero ($5 in chips)
Seat 6: 88325a3f ($4.28 in chips)
Hero: posts small blind $0.02
88325a3f: posts big blind $0.05
*** HOLE CARDS ***
Dealt to 470de27 
Dealt to 506cc7f8 
Dealt to 225cbd65 
Dealt to 4307326a 
Dealt to Hero [Jc 4d]
Dealt to 88325a3f 
470de27: calls $0.05
506cc7f8: folds
225cbd65: folds
4307326a: folds
Hero: folds
88325a3f: checks
*** FLOP *** [Tc Jd 8c]
88325a3f: checks
470de27: bets $0.06
88325a3f: folds
Uncalled bet ($0.06) returned to 470de27
*** SHOWDOWN ***
470de27 collected $0.12 from pot
*** SUMMARY ***
Total pot $0.12 | Rake $0 | Jackpot $0 | Bingo $0 | Fortune $0
Board [Tc Jd 8c]
Seat 1: 470de27 won ($0.12)
Seat 2: 506cc7f8 folded before Flop (didn't bet)
Seat 3: 225cbd65 folded before Flop (didn't bet)
Seat 4: 4307326a (button) folded before Flop (didn't bet)
Seat 5: Hero (small blind) folded before Flop
Seat 6: 88325a3f (big blind) folded on the Flop


Poker Hand #HD1168536500: Hold'em No Limit  ($0.02/$0.05) - 2023/03/20 18:31:01
Table 'NLHBlue99' 6-max Seat #3 is the button
Seat 1: 470de27 ($5.07 in chips)
Seat 2: 506cc7f8 ($5.71 in chips)
Seat 3: 225cbd65 ($5.28 in chips)
Seat 4: 4307326a ($6.75 in chips)
Seat 5: Hero ($5 in chips)
Seat 6: 88325a3f ($4.28 in chips)
4307326a: posts small blind $0.02
Hero: posts big blind $0.05
*** HOLE CARDS ***
Dealt to 470de27 
Dealt to 506cc7f8 
Dealt to 225cbd65 
Dealt to 4307326a 
Dealt to Hero [4c Ts]
Dealt to 88325a3f 
88325a3f: folds
470de27: calls $0.05
506cc7f8: folds
225cbd65: folds
4307326a: calls $0.03
Hero: checks
*** FLOP *** [Qh 8c 4h]
4307326a: checks
Hero: checks
470de27: checks
*** TURN *** [Qh 8c 4h] [7c]
4307326a: bets $0.06
Hero: folds
470de27: folds
Uncalled bet ($0.06) returned to 4307326a
*** SHOWDOWN ***
4307326a collected $0.15 from pot
*** SUMMARY ***
Total pot $0.15 | Rake $0 | Jackpot $0 | Bingo $0 | Fortune $0
Board [Qh 8c 4h 7c]
Seat 1: 470de27 folded on the Turn
Seat 2: 506cc7f8 folded before Flop (didn't bet)
Seat 3: 225cbd65 (button) folded before Flop (didn't bet)
Seat 4: 4307326a (small blind) won ($0.15)
Seat 5: Hero (big blind) folded on the Turn
Seat 6: 88325a3f folded before Flop (didn't bet)


