Poker Hand #HD1593645416: Hold'em No Limit ($0.02/$0.05) - 2024/01/18 10:06:59
Table 'NLHBlue31' 6-max Seat #6 is the button
Seat 1: eac9ded5 ($4.95 in chips)
Seat 2: 85bb007a ($8.19 in chips)
Seat 3: Hero ($5.67 in chips)
Seat 4: 12108b0f ($5.53 in chips)
Seat 5: 6cf318 ($5 in chips)
Seat 6: 42306515 ($5 in chips)
eac9ded5: posts small blind $0.02
85bb007a: posts big blind $0.05
*** HOLE CARDS ***
Dealt to eac9ded5 
Dealt to 85bb007a 
Dealt to Hero [Ad 7c]
Dealt to 12108b0f 
Dealt to 6cf318 
Dealt to 42306515 
Hero: folds
12108b0f: raises $0.05 to $0.1
6cf318: calls $0.1
42306515: folds
eac9ded5: folds
85bb007a: folds
*** FLOP *** [9s Kh Ac]
12108b0f: checks
6cf318: bets $0.09
12108b0f: calls $0.09
*** TURN *** [9s Kh Ac] [2s]
12108b0f: checks
6cf318: bets $0.15
12108b0f: calls $0.15
*** RIVER *** [9s Kh Ac 2s] [6c]
12108b0f: checks
6cf318: checks
12108b0f: shows [Ah 4h] (Pair of Aces)
6cf318: shows [Th Ts] (Pair of Tens)
*** SHOWDOWN ***
12108b0f collected $0.72 from pot
*** SUMMARY ***
Total pot $0.75 | Rake $0.03 | Jackpot $0 | Bingo $0 | Fortune $0 | Tax $0
Board [9s Kh Ac 2s 6c]
Seat 1: eac9ded5 (small blind) folded before Flop
Seat 2: 85bb007a (big blind) folded before Flop
Seat 3: Hero folded before Flop (didn't bet)
Seat 4: 12108b0f showed [Ah 4h] and won ($0.72) with Pair of Aces
Seat 5: 6cf318 showed [Th Ts] and lost with Pair of Tens
Seat 6: 42306515 (button) folded before Flop (didn't bet)


Poker Hand #HD1593645386: Hold'em No Limit ($0.02/$0.05) - 2024/01/18 10:06:37
Table 'NLHBlue31' 6-max Seat #5 is the button
Seat 1: eac9ded5 ($5 in chips)
Seat 2: 85bb007a ($8.19 in chips)
Seat 3: Hero ($5.6 in chips)
Seat 4: 12108b0f ($5.53 in chips)
Seat 5: 6cf318 ($5 in chips)
Seat 6: 42306515 ($5.02 in chips)
42306515: posts small blind $0.02
eac9ded5: posts big blind $0.05
*** HOLE CARDS ***
Dealt to eac9ded5 
Dealt to 85bb007a 
Dealt to Hero [9c 9s]
Dealt to 12108b0f 
Dealt to 6cf318 
Dealt to 42306515 
85bb007a: folds
Hero: raises $0.08 to $0.13
12108b0f: folds
6cf318: folds
42306515: folds
eac9ded5: folds
Uncalled bet ($0.08) returned to Hero
*** SHOWDOWN ***
Hero collected $0.12 from pot
*** SUMMARY ***
Total pot $0.12 | Rake $0 | Jackpot $0 | Bingo $0 | Fortune $0 | Tax $0
Seat 1: eac9ded5 (big blind) folded before Flop
Seat 2: 85bb007a folded before Flop (didn't bet)
Seat 3: Hero collected ($0.12)
Seat 4: 12108b0f folded before Flop (didn't bet)
Seat 5: 6cf318 (button) folded before Flop (didn't bet)
Seat 6: 42306515 (small blind) folded before Flop


Poker Hand #HD1593645352: Hold'em No Limit ($0.02/$0.05) - 2024/01/18 10:06:17
Table 'NLHBlue31' 6-max Seat #4 is the button
Seat 2: 85bb007a ($8.19 in chips)
Seat 3: Hero ($5.6 in chips)
Seat 4: 12108b0f ($5.53 in chips)
Seat 5: 6cf318 ($5.02 in chips)
Seat 6: 42306515 ($5 in chips)
6cf318: posts small blind $0.02
42306515: posts big blind $0.05
*** HOLE CARDS ***
Dealt to 85bb007a 
Dealt to Hero [9d 6h]
Dealt to 12108b0f 
Dealt to 6cf318 
Dealt to 42306515 
85bb007a: folds
Hero: folds
12108b0f: folds
6cf318: folds
Uncalled bet ($0.03) returned to 42306515
*** SHOWDOWN ***
42306515 collected $0.04 from pot
*** SUMMARY ***
Total pot $0.04 | Rake $0 | Jackpot $0 | Bingo $0 | Fortune $0 | Tax $0
Seat 2: 85bb007a folded before Flop (didn't bet)
Seat 3: Hero folded before Flop (didn't bet)
Seat 4: 12108b0f (button) folded before Flop (didn't bet)
Seat 5: 6cf318 (small blind) folded before Flop
Seat 6: 42306515 (big blind) collected ($0.04)


Poker Hand #HD1593645323: Hold'em No Limit ($0.02/$0.05) - 2024/01/18 10:05:59
Table 'NLHBlue31' 6-max Seat #3 is the button
Seat 2: 85bb007a ($8.19 in chips)
Seat 3: Hero ($5.6 in chips)
Seat 4: 12108b0f ($5.55 in chips)
Seat 5: 6cf318 ($5 in chips)
12108b0f: posts small blind $0.02
6cf318: posts big blind $0.05
*** HOLE CARDS ***
Dealt to 85bb007a 
Dealt to Hero [Ad 4h]
Dealt to 12108b0f 
Dealt to 6cf318 
85bb007a: folds
Hero: folds
12108b0f: folds
Uncalled bet ($0.03) returned to 6cf318
*** SHOWDOWN ***
6cf318 collected $0.04 from pot
*** SUMMARY ***
Total pot $0.04 | Rake $0 | Jackpot $0 | Bingo $0 | Fortune $0 | Tax $0
Seat 2: 85bb007a folded before Flop (didn't bet)
Seat 3: Hero (button) folded before Flop (didn't bet)
Seat 4: 12108b0f (small blind) folded before Flop
Seat 5: 6cf318 (big blind) collected ($0.04)


Poker Hand #HD1593645261: Hold'em No Limit ($0.02/$0.05) - 2024/01/18 10:05:18
Table 'NLHBlue31' 6-max Seat #2 is the button
Seat 2: 85bb007a ($9.21 in chips)
Seat 3: Hero ($5.62 in chips)
Seat 4: 12108b0f ($4.66 in chips)
Hero: posts small blind $0.02
12108b0f: posts big blind $0.05
*** HOLE CARDS ***
Dealt to 85bb007a 
Dealt to Hero [8c 7d]
Dealt to 12108b0f 
85bb007a: raises $0.08 to $0.13
Hero: folds
12108b0f: raises $0.23 to $0.36
85bb007a: calls $0.23
*** FLOP *** [Jh Kh 8h]
12108b0f: checks
85bb007a: checks
*** TURN *** [Jh Kh 8h] [2c]
12108b0f: bets $0.25
85bb007a: calls $0.25
*** RIVER *** [Jh Kh 8h 2c] [Th]
12108b0f: bets $0.41
85bb007a: calls $0.41
12108b0f: shows [9h 9d] (King High Flush)
85bb007a: shows [6h 6d] (King High Flush)
*** SHOWDOWN ***
12108b0f collected $1.91 from pot
*** SUMMARY ***
Total pot $2.06 | Rake $0.1 | Jackpot $0.05 | Bingo $0 | Fortune $0 | Tax $0
Board [Jh Kh 8h 2c Th]
Seat 2: 85bb007a (button) showed [6h 6d] and lost with King High Flush
Seat 3: Hero (small blind) folded before Flop
Seat 4: 12108b0f (big blind) showed [9h 9d] and won ($1.91) with King High Flush


Poker Hand #HD1593645197: Hold'em No Limit ($0.02/$0.05) - 2024/01/18 10:04:37
Table 'NLHBlue31' 6-max Seat #6 is the button
Seat 2: 85bb007a ($9.23 in chips)
Seat 3: Hero ($5.51 in chips)
Seat 4: 12108b0f ($4.76 in chips)
Seat 6: 3e6b12be ($5 in chips)
85bb007a: posts small blind $0.02
Hero: posts big blind $0.05
*** HOLE CARDS ***
Dealt to 85bb007a 
Dealt to Hero [Qc 6c]
Dealt to 12108b0f 
Dealt to 3e6b12be 
12108b0f: raises $0.05 to $0.1
3e6b12be: folds
85bb007a: folds
Hero: calls $0.05
*** FLOP *** [3h 8h 4c]
Hero: checks
12108b0f: checks
*** TURN *** [3h 8h 4c] [5h]
Hero: checks
12108b0f: checks
*** RIVER *** [3h 8h 4c 5h] [Qd]
Hero: bets $0.13
12108b0f: folds
Uncalled bet ($0.13) returned to Hero
*** SHOWDOWN ***
Hero collected $0.21 from pot
*** SUMMARY ***
Total pot $0.22 | Rake $0.01 | Jackpot $0 | Bingo $0 | Fortune $0 | Tax $0
Board [3h 8h 4c 5h Qd]
Seat 2: 85bb007a (small blind) folded before Flop
Seat 3: Hero (big blind) won ($0.21)
Seat 4: 12108b0f folded on the River
Seat 6: 3e6b12be (button) folded before Flop (didn't bet)


Poker Hand #HD1593645189: Hold'em No Limit ($0.02/$0.05) - 2024/01/18 10:04:29
Table 'NLHBlue31' 6-max Seat #4 is the button
Seat 2: 85bb007a ($9.21 in chips)
Seat 3: Hero ($5.51 in chips)
Seat 4: 12108b0f ($4.76 in chips)
Seat 6: 3e6b12be ($5.02 in chips)
3e6b12be: posts small blind $0.02
85bb007a: posts big blind $0.05
*** HOLE CARDS ***
Dealt to 85bb007a 
Dealt to Hero [9c Ad]
Dealt to 12108b0f 
Dealt to 3e6b12be 
Hero: folds
12108b0f: folds
3e6b12be: folds
Uncalled bet ($0.03) returned to 85bb007a
*** SHOWDOWN ***
85bb007a collected $0.04 from pot
*** SUMMARY ***
Total pot $0.04 | Rake $0 | Jackpot $0 | Bingo $0 | Fortune $0 | Tax $0
Seat 2: 85bb007a (big blind) collected ($0.04)
Seat 3: Hero folded before Flop (didn't bet)
Seat 4: 12108b0f (button) folded before Flop (didn't bet)
Seat 6: 3e6b12be (small blind) folded before Flop


Poker Hand #HD1593645171: Hold'em No Limit ($0.02/$0.05) - 2024/01/18 10:04:17
Table 'NLHBlue31' 6-max Seat #3 is the button
Seat 2: 85bb007a ($9.21 in chips)
Seat 3: Hero ($5.51 in chips)
Seat 4: 12108b0f ($4.78 in chips)
Seat 6: 3e6b12be ($5 in chips)
12108b0f: posts small blind $0.02
3e6b12be: posts big blind $0.05
*** HOLE CARDS ***
Dealt to 85bb007a 
Dealt to Hero [3d 4s]
Dealt to 12108b0f 
Dealt to 3e6b12be 
85bb007a: folds
Hero: folds
12108b0f: folds
Uncalled bet ($0.03) returned to 3e6b12be
*** SHOWDOWN ***
3e6b12be collected $0.04 from pot
*** SUMMARY ***
Total pot $0.04 | Rake $0 | Jackpot $0 | Bingo $0 | Fortune $0 | Tax $0
Seat 2: 85bb007a folded before Flop (didn't bet)
Seat 3: Hero (button) folded before Flop (didn't bet)
Seat 4: 12108b0f (small blind) folded before Flop
Seat 6: 3e6b12be (big blind) collected ($0.04)


Poker Hand #HD1593645153: Hold'em No Limit ($0.02/$0.05) - 2024/01/18 10:04:05
Table 'NLHBlue31' 6-max Seat #2 is the button
Seat 2: 85bb007a ($9.21 in chips)
Seat 3: Hero ($5.53 in chips)
Seat 4: 12108b0f ($4.76 in chips)
Seat 6: 3e6b12be ($5 in chips)
Hero: posts small blind $0.02
12108b0f: posts big blind $0.05
*** HOLE CARDS ***
Dealt to 85bb007a 
Dealt to Hero [Qh 2c]
Dealt to 12108b0f 
Dealt to 3e6b12be 
3e6b12be: folds
85bb007a: folds
Hero: folds
Uncalled bet ($0.03) returned to 12108b0f
*** SHOWDOWN ***
12108b0f collected $0.04 from pot
*** SUMMARY ***
Total pot $0.04 | Rake $0 | Jackpot $0 | Bingo $0 | Fortune $0 | Tax $0
Seat 2: 85bb007a (button) folded before Flop (didn't bet)
Seat 3: Hero (small blind) folded before Flop
Seat 4: 12108b0f (big blind) collected ($0.04)
Seat 6: 3e6b12be folded before Flop (didn't bet)


Poker Hand #HD1593645121: Hold'em No Limit ($0.02/$0.05) - 2024/01/18 10:03:50
Table 'NLHBlue31' 6-max Seat #6 is the button
Seat 2: 85bb007a ($9.16 in chips)
Seat 3: Hero ($5.58 in chips)
Seat 4: 12108b0f ($4.76 in chips)
Seat 5: f5f7c4a6 ($5.85 in chips)
Seat 6: 3e6b12be ($5 in chips)
85bb007a: posts small blind $0.02
Hero: posts big blind $0.05
*** HOLE CARDS ***
Dealt to 85bb007a 
Dealt to Hero [6h 4s]
Dealt to 12108b0f 
Dealt to f5f7c4a6 
Dealt to 3e6b12be 
12108b0f: folds
f5f7c4a6: folds
3e6b12be: folds
85bb007a: raises $0.1 to $0.15
Hero: folds
Uncalled bet ($0.1) returned to 85bb007a
*** SHOWDOWN ***
85bb007a collected $0.1 from pot
*** SUMMARY ***
Total pot $0.1 | Rake $0 | Jackpot $0 | Bingo $0 | Fortune $0 | Tax $0
Seat 2: 85bb007a (small blind) collected ($0.1)
Seat 3: Hero (big blind) folded before Flop
Seat 4: 12108b0f folded before Flop (didn't bet)
Seat 5: f5f7c4a6 folded before Flop (didn't bet)
Seat 6: 3e6b12be (button) folded before Flop (didn't bet)


Poker Hand #HD1593645105: Hold'em No Limit ($0.02/$0.05) - 2024/01/18 10:03:37
Table 'NLHBlue31' 6-max Seat #5 is the button
Seat 2: 85bb007a ($9.21 in chips)
Seat 3: Hero ($5.58 in chips)
Seat 4: 12108b0f ($4.76 in chips)
Seat 5: f5f7c4a6 ($5.78 in chips)
Seat 6: 3e6b12be ($5 in chips)
3e6b12be: posts small blind $0.02
85bb007a: posts big blind $0.05
*** HOLE CARDS ***
Dealt to 85bb007a 
Dealt to Hero [6d 5h]
Dealt to 12108b0f 
Dealt to f5f7c4a6 
Dealt to 3e6b12be 
Hero: folds
12108b0f: folds
f5f7c4a6: raises $0.08 to $0.13
3e6b12be: folds
85bb007a: folds
Uncalled bet ($0.08) returned to f5f7c4a6
*** SHOWDOWN ***
f5f7c4a6 collected $0.12 from pot
*** SUMMARY ***
Total pot $0.12 | Rake $0 | Jackpot $0 | Bingo $0 | Fortune $0 | Tax $0
Seat 2: 85bb007a (big blind) folded before Flop
Seat 3: Hero folded before Flop (didn't bet)
Seat 4: 12108b0f folded before Flop (didn't bet)
Seat 5: f5f7c4a6 (button) collected ($0.12)
Seat 6: 3e6b12be (small blind) folded before Flop


Poker Hand #HD1593645079: Hold'em No Limit ($0.02/$0.05) - 2024/01/18 10:03:24
Table 'NLHBlue31' 6-max Seat #4 is the button
Seat 2: 85bb007a ($9.21 in chips)
Seat 3: Hero ($5.58 in chips)
Seat 4: 12108b0f ($4.76 in chips)
Seat 5: f5f7c4a6 ($5.73 in chips)
Seat 6: 3e6b12be ($5 in chips)
f5f7c4a6: posts small blind $0.02
3e6b12be: posts big blind $0.05
*** HOLE CARDS ***
Dealt to 85bb007a 
Dealt to Hero [5d 9h]
Dealt to 12108b0f 
Dealt to f5f7c4a6 
Dealt to 3e6b12be 
85bb007a: folds
Hero: folds
12108b0f: folds
f5f7c4a6: raises $0.1 to $0.15
3e6b12be: folds
Uncalled bet ($0.1) returned to f5f7c4a6
*** SHOWDOWN ***
f5f7c4a6 collected $0.1 from pot
*** SUMMARY ***
Total pot $0.1 | Rake $0 | Jackpot $0 | Bingo $0 | Fortune $0 | Tax $0
Seat 2: 85bb007a folded before Flop (didn't bet)
Seat 3: Hero folded before Flop (didn't bet)
Seat 4: 12108b0f (button) folded before Flop (didn't bet)
Seat 5: f5f7c4a6 (small blind) collected ($0.1)
Seat 6: 3e6b12be (big blind) folded before Flop


Poker Hand #HD1593645036: Hold'em No Limit ($0.02/$0.05) - 2024/01/18 10:02:58
Table 'NLHBlue31' 6-max Seat #3 is the button
Seat 2: 85bb007a ($9.01 in chips)
Seat 3: Hero ($5.58 in chips)
Seat 4: 12108b0f ($4.78 in chips)
Seat 5: f5f7c4a6 ($5.78 in chips)
Seat 6: 3e6b12be ($5.03 in chips)
12108b0f: posts small blind $0.02
f5f7c4a6: posts big blind $0.05
*** HOLE CARDS ***
Dealt to 85bb007a 
Dealt to Hero [4d Tc]
Dealt to 12108b0f 
Dealt to f5f7c4a6 
Dealt to 3e6b12be 
3e6b12be: raises $0.09 to $0.14
85bb007a: raises $0.31 to $0.45
Hero: folds
12108b0f: folds
f5f7c4a6: folds
3e6b12be: folds
Uncalled bet ($0.31) returned to 85bb007a
*** SHOWDOWN ***
85bb007a collected $0.34 from pot
*** SUMMARY ***
Total pot $0.35 | Rake $0.01 | Jackpot $0 | Bingo $0 | Fortune $0 | Tax $0
Seat 2: 85bb007a collected ($0.34)
Seat 3: Hero (button) folded before Flop (didn't bet)
Seat 4: 12108b0f (small blind) folded before Flop
Seat 5: f5f7c4a6 (big blind) folded before Flop
Seat 6: 3e6b12be folded before Flop


Poker Hand #HD1593645017: Hold'em No Limit ($0.02/$0.05) - 2024/01/18 10:02:46
Table 'NLHBlue31' 6-max Seat #2 is the button
Seat 2: 85bb007a ($9.01 in chips)
Seat 3: Hero ($5.6 in chips)
Seat 4: 12108b0f ($4.76 in chips)
Seat 5: f5f7c4a6 ($5.78 in chips)
Seat 6: 3e6b12be ($5.03 in chips)
Hero: posts small blind $0.02
12108b0f: posts big blind $0.05
*** HOLE CARDS ***
Dealt to 85bb007a 
Dealt to Hero [Jc 6h]
Dealt to 12108b0f 
Dealt to f5f7c4a6 
Dealt to 3e6b12be 
f5f7c4a6: folds
3e6b12be: folds
85bb007a: folds
Hero: folds
Uncalled bet ($0.03) returned to 12108b0f
*** SHOWDOWN ***
12108b0f collected $0.04 from pot
*** SUMMARY ***
Total pot $0.04 | Rake $0 | Jackpot $0 | Bingo $0 | Fortune $0 | Tax $0
Seat 2: 85bb007a (button) folded before Flop (didn't bet)
Seat 3: Hero (small blind) folded before Flop
Seat 4: 12108b0f (big blind) collected ($0.04)
Seat 5: f5f7c4a6 folded before Flop (didn't bet)
Seat 6: 3e6b12be folded before Flop (didn't bet)


Poker Hand #HD1593645001: Hold'em No Limit ($0.02/$0.05) - 2024/01/18 10:02:33
Table 'NLHBlue31' 6-max Seat #6 is the button
Seat 1: b0e0a6e1 ($6.71 in chips)
Seat 2: 85bb007a ($8.99 in chips)
Seat 3: Hero ($5.6 in chips)
Seat 4: 12108b0f ($4.76 in chips)
Seat 5: f5f7c4a6 ($5.78 in chips)
Seat 6: 3e6b12be ($5.03 in chips)
b0e0a6e1: posts small blind $0.02
85bb007a: posts big blind $0.05
*** HOLE CARDS ***
Dealt to b0e0a6e1 
Dealt to 85bb007a 
Dealt to Hero [5h 3c]
Dealt to 12108b0f 
Dealt to f5f7c4a6 
Dealt to 3e6b12be 
Hero: folds
12108b0f: folds
f5f7c4a6: folds
3e6b12be: folds
b0e0a6e1: folds
Uncalled bet ($0.03) returned to 85bb007a
*** SHOWDOWN ***
85bb007a collected $0.04 from pot
*** SUMMARY ***
Total pot $0.04 | Rake $0 | Jackpot $0 | Bingo $0 | Fortune $0 | Tax $0
Seat 1: b0e0a6e1 (small blind) folded before Flop
Seat 2: 85bb007a (big blind) collected ($0.04)
Seat 3: Hero folded before Flop (didn't bet)
Seat 4: 12108b0f folded before Flop (didn't bet)
Seat 5: f5f7c4a6 folded before Flop (didn't bet)
Seat 6: 3e6b12be (button) folded before Flop (didn't bet)


Poker Hand #HD1593644981: Hold'em No Limit ($0.02/$0.05) - 2024/01/18 10:02:24
Table 'NLHBlue31' 6-max Seat #5 is the button
Seat 1: b0e0a6e1 ($6.69 in chips)
Seat 2: 85bb007a ($8.99 in chips)
Seat 3: Hero ($5.6 in chips)
Seat 4: 12108b0f ($4.76 in chips)
Seat 5: f5f7c4a6 ($5.78 in chips)
Seat 6: 3e6b12be ($5.05 in chips)
3e6b12be: posts small blind $0.02
b0e0a6e1: posts big blind $0.05
*** HOLE CARDS ***
Dealt to b0e0a6e1 
Dealt to 85bb007a 
Dealt to Hero [8h 2s]
Dealt to 12108b0f 
Dealt to f5f7c4a6 
Dealt to 3e6b12be 
85bb007a: folds
Hero: folds
12108b0f: folds
f5f7c4a6: folds
3e6b12be: folds
Uncalled bet ($0.03) returned to b0e0a6e1
*** SHOWDOWN ***
b0e0a6e1 collected $0.04 from pot
*** SUMMARY ***
Total pot $0.04 | Rake $0 | Jackpot $0 | Bingo $0 | Fortune $0 | Tax $0
Seat 1: b0e0a6e1 (big blind) collected ($0.04)
Seat 2: 85bb007a folded before Flop (didn't bet)
Seat 3: Hero folded before Flop (didn't bet)
Seat 4: 12108b0f folded before Flop (didn't bet)
Seat 5: f5f7c4a6 (button) folded before Flop (didn't bet)
Seat 6: 3e6b12be (small blind) folded before Flop


Poker Hand #HD1593644922: Hold'em No Limit ($0.02/$0.05) - 2024/01/18 10:01:41
Table 'NLHBlue31' 6-max Seat #4 is the button
Seat 1: b0e0a6e1 ($6.69 in chips)
Seat 2: 85bb007a ($8.99 in chips)
Seat 3: Hero ($5.6 in chips)
Seat 4: 12108b0f ($4.76 in chips)
Seat 5: f5f7c4a6 ($5.83 in chips)
Seat 6: 3e6b12be ($5 in chips)
f5f7c4a6: posts small blind $0.02
3e6b12be: posts big blind $0.05
*** HOLE CARDS ***
Dealt to b0e0a6e1 
Dealt to 85bb007a 
Dealt to Hero [4c 9d]
Dealt to 12108b0f 
Dealt to f5f7c4a6 
Dealt to 3e6b12be 
b0e0a6e1: folds
85bb007a: folds
Hero: folds
12108b0f: folds
f5f7c4a6: calls $0.03
3e6b12be: checks
*** FLOP *** [3d Ah Jh]
f5f7c4a6: checks
3e6b12be: checks
*** TURN *** [3d Ah Jh] [Ad]
f5f7c4a6: checks
3e6b12be: checks
*** RIVER *** [3d Ah Jh Ad] [Td]
f5f7c4a6: checks
3e6b12be: checks
f5f7c4a6: shows [8d Qs] (Pair of Aces)
3e6b12be: shows [Ts 9s] (Pair of Aces and Pair of Tens)
*** SHOWDOWN ***
3e6b12be collected $0.1 from pot
*** SUMMARY ***
Total pot $0.1 | Rake $0 | Jackpot $0 | Bingo $0 | Fortune $0 | Tax $0
Board [3d Ah Jh Ad Td]
Seat 1: b0e0a6e1 folded before Flop (didn't bet)
Seat 2: 85bb007a folded before Flop (didn't bet)
Seat 3: Hero folded before Flop (didn't bet)
Seat 4: 12108b0f (button) folded before Flop (didn't bet)
Seat 5: f5f7c4a6 (small blind) showed [8d Qs] and lost with Pair of Aces
Seat 6: 3e6b12be (big blind) showed [Ts 9s] and won ($0.1) with Pair of Aces and Pair of Tens


Poker Hand #HD1593644899: Hold'em No Limit ($0.02/$0.05) - 2024/01/18 10:01:32
Table 'NLHBlue31' 6-max Seat #3 is the button
Seat 1: b0e0a6e1 ($6.69 in chips)
Seat 2: 85bb007a ($8.99 in chips)
Seat 3: Hero ($5.6 in chips)
Seat 4: 12108b0f ($4.78 in chips)
Seat 5: f5f7c4a6 ($5.81 in chips)
12108b0f: posts small blind $0.02
f5f7c4a6: posts big blind $0.05
*** HOLE CARDS ***
Dealt to b0e0a6e1 
Dealt to 85bb007a 
Dealt to Hero [Ac 3d]
Dealt to 12108b0f 
Dealt to f5f7c4a6 
b0e0a6e1: folds
85bb007a: folds
Hero: folds
12108b0f: folds
Uncalled bet ($0.03) returned to f5f7c4a6
*** SHOWDOWN ***
f5f7c4a6 collected $0.04 from pot
*** SUMMARY ***
Total pot $0.04 | Rake $0 | Jackpot $0 | Bingo $0 | Fortune $0 | Tax $0
Seat 1: b0e0a6e1 folded before Flop (didn't bet)
Seat 2: 85bb007a folded before Flop (didn't bet)
Seat 3: Hero (button) folded before Flop (didn't bet)
Seat 4: 12108b0f (small blind) folded before Flop
Seat 5: f5f7c4a6 (big blind) collected ($0.04)


Poker Hand #HD1593644879: Hold'em No Limit ($0.02/$0.05) - 2024/01/18 10:01:17
Table 'NLHBlue31' 6-max Seat #2 is the button
Seat 1: b0e0a6e1 ($6.69 in chips)
Seat 2: 85bb007a ($8.99 in chips)
Seat 3: Hero ($5.55 in chips)
Seat 4: 12108b0f ($4.83 in chips)
Seat 5: f5f7c4a6 ($5.81 in chips)
Hero: posts small blind $0.02
12108b0f: posts big blind $0.05
*** HOLE CARDS ***
Dealt to b0e0a6e1 
Dealt to 85bb007a 
Dealt to Hero [2c Kc]
Dealt to 12108b0f 
Dealt to f5f7c4a6 
f5f7c4a6: folds
b0e0a6e1: folds
85bb007a: folds
Hero: raises $0.1 to $0.15
12108b0f: folds
Uncalled bet ($0.1) returned to Hero
*** SHOWDOWN ***
Hero collected $0.1 from pot
*** SUMMARY ***
Total pot $0.1 | Rake $0 | Jackpot $0 | Bingo $0 | Fortune $0 | Tax $0
Seat 1: b0e0a6e1 folded before Flop (didn't bet)
Seat 2: 85bb007a (button) folded before Flop (didn't bet)
Seat 3: Hero (small blind) collected ($0.1)
Seat 4: 12108b0f (big blind) folded before Flop
Seat 5: f5f7c4a6 folded before Flop (didn't bet)


Poker Hand #HD1593644860: Hold'em No Limit ($0.02/$0.05) - 2024/01/18 10:01:04
Table 'NLHBlue31' 6-max Seat #1 is the button
Seat 1: b0e0a6e1 ($6.69 in chips)
Seat 2: 85bb007a ($9.01 in chips)
Seat 3: Hero ($5.53 in chips)
Seat 4: 12108b0f ($4.83 in chips)
Seat 5: f5f7c4a6 ($5.81 in chips)
85bb007a: posts small blind $0.02
Hero: posts big blind $0.05
*** HOLE CARDS ***
Dealt to b0e0a6e1 
Dealt to 85bb007a 
Dealt to Hero [5s 6h]
Dealt to 12108b0f 
Dealt to f5f7c4a6 
12108b0f: folds
f5f7c4a6: folds
b0e0a6e1: folds
85bb007a: folds
Uncalled bet ($0.03) returned to Hero
*** SHOWDOWN ***
Hero collected $0.04 from pot
*** SUMMARY ***
Total pot $0.04 | Rake $0 | Jackpot $0 | Bingo $0 | Fortune $0 | Tax $0
Seat 1: b0e0a6e1 (button) folded before Flop (didn't bet)
Seat 2: 85bb007a (small blind) folded before Flop
Seat 3: Hero (big blind) collected ($0.04)
Seat 4: 12108b0f folded before Flop (didn't bet)
Seat 5: f5f7c4a6 folded before Flop (didn't bet)


Poker Hand #HD1593644810: Hold'em No Limit ($0.02/$0.05) - 2024/01/18 10:00:32
Table 'NLHBlue31' 6-max Seat #6 is the button
Seat 1: b0e0a6e1 ($6.71 in chips)
Seat 2: 85bb007a ($9.11 in chips)
Seat 3: Hero ($5.53 in chips)
Seat 4: 12108b0f ($4.72 in chips)
Seat 5: f5f7c4a6 ($5.81 in chips)
Seat 6: d05e7df9 ($11.65 in chips)
b0e0a6e1: posts small blind $0.02
85bb007a: posts big blind $0.05
*** HOLE CARDS ***
Dealt to b0e0a6e1 
Dealt to 85bb007a 
Dealt to Hero [8c Ks]
Dealt to 12108b0f 
Dealt to f5f7c4a6 
Dealt to d05e7df9 
Hero: folds
12108b0f: raises $0.05 to $0.1
f5f7c4a6: folds
d05e7df9: folds
b0e0a6e1: folds
85bb007a: calls $0.05
*** FLOP *** [5c Jc Jh]
85bb007a: checks
12108b0f: checks
*** TURN *** [5c Jc Jh] [7s]
85bb007a: checks
12108b0f: checks
*** RIVER *** [5c Jc Jh 7s] [5h]
85bb007a: checks
12108b0f: checks
85bb007a: shows [6s 8s] (Pair of Jacks and Pair of Fives)
12108b0f: shows [Qh Ad] (Pair of Jacks and Pair of Fives)
*** SHOWDOWN ***
12108b0f collected $0.21 from pot
*** SUMMARY ***
Total pot $0.22 | Rake $0.01 | Jackpot $0 | Bingo $0 | Fortune $0 | Tax $0
Board [5c Jc Jh 7s 5h]
Seat 1: b0e0a6e1 (small blind) folded before Flop
Seat 2: 85bb007a (big blind) showed [6s 8s] and lost with Pair of Jacks and Pair of Fives
Seat 3: Hero folded before Flop (didn't bet)
Seat 4: 12108b0f showed [Qh Ad] and won ($0.21) with Pair of Jacks and Pair of Fives
Seat 5: f5f7c4a6 folded before Flop (didn't bet)
Seat 6: d05e7df9 (button) folded before Flop (didn't bet)


Poker Hand #HD1593644737: Hold'em No Limit ($0.02/$0.05) - 2024/01/18 09:59:43
Table 'NLHBlue31' 6-max Seat #5 is the button
Seat 1: b0e0a6e1 ($6.84 in chips)
Seat 2: 85bb007a ($9.11 in chips)
Seat 3: Hero ($5.53 in chips)
Seat 4: 12108b0f ($4.72 in chips)
Seat 5: f5f7c4a6 ($5.15 in chips)
Seat 6: d05e7df9 ($12.24 in chips)
d05e7df9: posts small blind $0.02
b0e0a6e1: posts big blind $0.05
*** HOLE CARDS ***
Dealt to b0e0a6e1 
Dealt to 85bb007a 
Dealt to Hero [3s Jc]
Dealt to 12108b0f 
Dealt to f5f7c4a6 
Dealt to d05e7df9 
85bb007a: folds
Hero: folds
12108b0f: folds
f5f7c4a6: raises $0.08 to $0.13
d05e7df9: calls $0.11
b0e0a6e1: calls $0.08
*** FLOP *** [6d 9d Jh]
d05e7df9: bets $0.13
b0e0a6e1: folds
f5f7c4a6: calls $0.13
*** TURN *** [6d 9d Jh] [2h]
d05e7df9: bets $0.33
f5f7c4a6: calls $0.33
*** RIVER *** [6d 9d Jh 2h] [3c]
d05e7df9: checks
f5f7c4a6: checks
d05e7df9: shows [Th Qc] (Queen-High)
f5f7c4a6: shows [8d Ad] (Ace-High)
*** SHOWDOWN ***
f5f7c4a6 collected $1.25 from pot
*** SUMMARY ***
Total pot $1.31 | Rake $0.06 | Jackpot $0 | Bingo $0 | Fortune $0 | Tax $0
Board [6d 9d Jh 2h 3c]
Seat 1: b0e0a6e1 (big blind) folded on the Flop
Seat 2: 85bb007a folded before Flop (didn't bet)
Seat 3: Hero folded before Flop (didn't bet)
Seat 4: 12108b0f folded before Flop (didn't bet)
Seat 5: f5f7c4a6 (button) showed [8d Ad] and won ($1.25) with Ace-High
Seat 6: d05e7df9 (small blind) showed [Th Qc] and lost with Queen-High


Poker Hand #HD1593644701: Hold'em No Limit ($0.02/$0.05) - 2024/01/18 09:59:23
Table 'NLHBlue31' 6-max Seat #4 is the button
Seat 1: b0e0a6e1 ($6.84 in chips)
Seat 2: 85bb007a ($9.11 in chips)
Seat 3: Hero ($5.53 in chips)
Seat 4: 12108b0f ($4.72 in chips)
Seat 5: f5f7c4a6 ($5.2 in chips)
Seat 6: d05e7df9 ($12.19 in chips)
f5f7c4a6: posts small blind $0.02
d05e7df9: posts big blind $0.05
*** HOLE CARDS ***
Dealt to b0e0a6e1 
Dealt to 85bb007a 
Dealt to Hero [8d 3h]
Dealt to 12108b0f 
Dealt to f5f7c4a6 
Dealt to d05e7df9 
b0e0a6e1: folds
85bb007a: folds
Hero: folds
12108b0f: folds
f5f7c4a6: calls $0.03
d05e7df9: raises $0.1 to $0.15
f5f7c4a6: folds
Uncalled bet ($0.1) returned to d05e7df9
*** SHOWDOWN ***
d05e7df9 collected $0.1 from pot
*** SUMMARY ***
Total pot $0.1 | Rake $0 | Jackpot $0 | Bingo $0 | Fortune $0 | Tax $0
Seat 1: b0e0a6e1 folded before Flop (didn't bet)
Seat 2: 85bb007a folded before Flop (didn't bet)
Seat 3: Hero folded before Flop (didn't bet)
Seat 4: 12108b0f (button) folded before Flop (didn't bet)
Seat 5: f5f7c4a6 (small blind) folded before Flop
Seat 6: d05e7df9 (big blind) collected ($0.1)


Poker Hand #HD1593644676: Hold'em No Limit ($0.02/$0.05) - 2024/01/18 09:59:04
Table 'NLHBlue31' 6-max Seat #3 is the button
Seat 1: b0e0a6e1 ($6.77 in chips)
Seat 2: 85bb007a ($9.11 in chips)
Seat 3: Hero ($5.53 in chips)
Seat 4: 12108b0f ($4.74 in chips)
Seat 5: f5f7c4a6 ($5.25 in chips)
Seat 6: d05e7df9 ($12.19 in chips)
12108b0f: posts small blind $0.02
f5f7c4a6: posts big blind $0.05
*** HOLE CARDS ***
Dealt to b0e0a6e1 
Dealt to 85bb007a 
Dealt to Hero [Td Qc]
Dealt to 12108b0f 
Dealt to f5f7c4a6 
Dealt to d05e7df9 
d05e7df9: folds
b0e0a6e1: raises $0.1 to $0.15
85bb007a: folds
Hero: folds
12108b0f: folds
f5f7c4a6: folds
Uncalled bet ($0.1) returned to b0e0a6e1
*** SHOWDOWN ***
b0e0a6e1 collected $0.12 from pot
*** SUMMARY ***
Total pot $0.12 | Rake $0 | Jackpot $0 | Bingo $0 | Fortune $0 | Tax $0
Seat 1: b0e0a6e1 collected ($0.12)
Seat 2: 85bb007a folded before Flop (didn't bet)
Seat 3: Hero (button) folded before Flop (didn't bet)
Seat 4: 12108b0f (small blind) folded before Flop
Seat 5: f5f7c4a6 (big blind) folded before Flop
Seat 6: d05e7df9 folded before Flop (didn't bet)


Poker Hand #HD1593644627: Hold'em No Limit ($0.02/$0.05) - 2024/01/18 09:58:31
Table 'NLHBlue31' 6-max Seat #2 is the button
Seat 1: b0e0a6e1 ($6.77 in chips)
Seat 2: 85bb007a ($9.11 in chips)
Seat 3: Hero ($5.55 in chips)
Seat 4: 12108b0f ($4.79 in chips)
Seat 5: f5f7c4a6 ($5.25 in chips)
Seat 6: d05e7df9 ($12.12 in chips)
Hero: posts small blind $0.02
12108b0f: posts big blind $0.05
*** HOLE CARDS ***
Dealt to b0e0a6e1 
Dealt to 85bb007a 
Dealt to Hero [3h Jh]
Dealt to 12108b0f 
Dealt to f5f7c4a6 
Dealt to d05e7df9 
f5f7c4a6: folds
d05e7df9: raises $0.1 to $0.15
b0e0a6e1: folds
85bb007a: folds
Hero: folds
12108b0f: folds
Uncalled bet ($0.1) returned to d05e7df9
*** SHOWDOWN ***
d05e7df9 collected $0.12 from pot
*** SUMMARY ***
Total pot $0.12 | Rake $0 | Jackpot $0 | Bingo $0 | Fortune $0 | Tax $0
Seat 1: b0e0a6e1 folded before Flop (didn't bet)
Seat 2: 85bb007a (button) folded before Flop (didn't bet)
Seat 3: Hero (small blind) folded before Flop
Seat 4: 12108b0f (big blind) folded before Flop
Seat 5: f5f7c4a6 folded before Flop (didn't bet)
Seat 6: d05e7df9 collected ($0.12)


Poker Hand #HD1593644534: Hold'em No Limit ($0.02/$0.05) - 2024/01/18 09:57:34
Table 'NLHBlue31' 6-max Seat #1 is the button
Seat 1: b0e0a6e1 ($7.36 in chips)
Seat 2: 85bb007a ($9.13 in chips)
Seat 3: Hero ($5 in chips)
Seat 4: 12108b0f ($4.79 in chips)
Seat 5: f5f7c4a6 ($5.25 in chips)
Seat 6: d05e7df9 ($12.12 in chips)
85bb007a: posts small blind $0.02
Hero: posts big blind $0.05
*** HOLE CARDS ***
Dealt to b0e0a6e1 
Dealt to 85bb007a 
Dealt to Hero [Ad Th]
Dealt to 12108b0f 
Dealt to f5f7c4a6 
Dealt to d05e7df9 
12108b0f: folds
f5f7c4a6: folds
d05e7df9: folds
b0e0a6e1: raises $0.07 to $0.12
85bb007a: folds
Hero: calls $0.07
*** FLOP *** [Qh Jd As]
Hero: checks
b0e0a6e1: checks
*** TURN *** [Qh Jd As] [Kc]
Hero: bets $0.2
b0e0a6e1: calls $0.2
*** RIVER *** [Qh Jd As Kc] [8d]
Hero: checks
b0e0a6e1: bets $0.27
Hero: raises $0.66 to $0.93
b0e0a6e1: folds
Uncalled bet ($0.66) returned to Hero
*** SHOWDOWN ***
Hero collected $1.14 from pot
*** SUMMARY ***
Total pot $1.2 | Rake $0.06 | Jackpot $0 | Bingo $0 | Fortune $0 | Tax $0
Board [Qh Jd As Kc 8d]
Seat 1: b0e0a6e1 (button) folded on the River
Seat 2: 85bb007a (small blind) folded before Flop
Seat 3: Hero (big blind) won ($1.14)
Seat 4: 12108b0f folded before Flop (didn't bet)
Seat 5: f5f7c4a6 folded before Flop (didn't bet)
Seat 6: d05e7df9 folded before Flop (didn't bet)


Poker Hand #HD1593644456: Hold'em No Limit ($0.02/$0.05) - 2024/01/18 09:56:37
Table 'NLHBlue31' 6-max Seat #6 is the button
Seat 1: b0e0a6e1 ($7.04 in chips)
Seat 2: 85bb007a ($9.48 in chips)
Seat 3: Hero ($5 in chips)
Seat 4: 12108b0f ($4.79 in chips)
Seat 5: f5f7c4a6 ($5.25 in chips)
Seat 6: d05e7df9 ($12.12 in chips)
b0e0a6e1: posts small blind $0.02
85bb007a: posts big blind $0.05
*** HOLE CARDS ***
Dealt to b0e0a6e1 
Dealt to 85bb007a 
Dealt to Hero [Jd 7d]
Dealt to 12108b0f 
Dealt to f5f7c4a6 
Dealt to d05e7df9 
Hero: folds
12108b0f: folds
f5f7c4a6: folds
d05e7df9: folds
b0e0a6e1: raises $0.1 to $0.15
85bb007a: calls $0.1
*** FLOP *** [5s Qc 4h]
b0e0a6e1: checks
85bb007a: checks
*** TURN *** [5s Qc 4h] [Ad]
b0e0a6e1: bets $0.2
85bb007a: calls $0.2
*** RIVER *** [5s Qc 4h Ad] [8h]
b0e0a6e1: bets $0.98
85bb007a: folds
Uncalled bet ($0.98) returned to b0e0a6e1
*** SHOWDOWN ***
b0e0a6e1 collected $0.67 from pot
*** SUMMARY ***
Total pot $0.7 | Rake $0.03 | Jackpot $0 | Bingo $0 | Fortune $0 | Tax $0
Board [5s Qc 4h Ad 8h]
Seat 1: b0e0a6e1 (small blind) won ($0.67)
Seat 2: 85bb007a (big blind) folded on the River
Seat 3: Hero folded before Flop (didn't bet)
Seat 4: 12108b0f folded before Flop (didn't bet)
Seat 5: f5f7c4a6 folded before Flop (didn't bet)
Seat 6: d05e7df9 (button) folded before Flop (didn't bet)


Poker Hand #HD1593644382: Hold'em No Limit ($0.02/$0.05) - 2024/01/18 09:55:43
Table 'NLHBlue31' 6-max Seat #5 is the button
Seat 1: b0e0a6e1 ($5.95 in chips)
Seat 2: 85bb007a ($9.48 in chips)
Seat 3: Hero ($5 in chips)
Seat 4: 12108b0f ($4.79 in chips)
Seat 5: f5f7c4a6 ($5.25 in chips)
Seat 6: d05e7df9 ($12.14 in chips)
d05e7df9: posts small blind $0.02
b0e0a6e1: posts big blind $0.05
*** HOLE CARDS ***
Dealt to b0e0a6e1 
Dealt to 85bb007a 
Dealt to Hero [Qc Kc]
Dealt to 12108b0f 
Dealt to f5f7c4a6 
Dealt to d05e7df9 
85bb007a: folds
Hero: raises $0.08 to $0.13
12108b0f: folds
f5f7c4a6: folds
d05e7df9: folds
b0e0a6e1: raises $0.4 to $0.53
Hero: calls $0.4
*** FLOP *** [Jd Ac 9s]
b0e0a6e1: bets $0.71
Hero: calls $0.71
*** TURN *** [Jd Ac 9s] [3c]
b0e0a6e1: bets $4.71 and is all-in
Hero: folds
Uncalled bet ($4.71) returned to b0e0a6e1
*** SHOWDOWN ***
b0e0a6e1 collected $2.33 from pot
*** SUMMARY ***
Total pot $2.5 | Rake $0.12 | Jackpot $0.05 | Bingo $0 | Fortune $0 | Tax $0
Board [Jd Ac 9s 3c]
Seat 1: b0e0a6e1 (big blind) won ($2.33)
Seat 2: 85bb007a folded before Flop (didn't bet)
Seat 3: Hero folded on the Turn
Seat 4: 12108b0f folded before Flop (didn't bet)
Seat 5: f5f7c4a6 (button) folded before Flop (didn't bet)
Seat 6: d05e7df9 (small blind) folded before Flop


Poker Hand #HD1593644319: Hold'em No Limit ($0.02/$0.05) - 2024/01/18 09:54:58
Table 'NLHBlue31' 6-max Seat #4 is the button
Seat 1: b0e0a6e1 ($5.69 in chips)
Seat 2: 85bb007a ($9.48 in chips)
Seat 3: Hero ($5 in chips)
Seat 4: 12108b0f ($4.79 in chips)
Seat 5: f5f7c4a6 ($5.27 in chips)
Seat 6: d05e7df9 ($12.4 in chips)
f5f7c4a6: posts small blind $0.02
d05e7df9: posts big blind $0.05
*** HOLE CARDS ***
Dealt to b0e0a6e1 
Dealt to 85bb007a 
Dealt to Hero [6s 5h]
Dealt to 12108b0f 
Dealt to f5f7c4a6 
Dealt to d05e7df9 
b0e0a6e1: raises $0.1 to $0.15
85bb007a: folds
Hero: folds
12108b0f: folds
f5f7c4a6: folds
d05e7df9: calls $0.1
*** FLOP *** [Jc Td Jh]
d05e7df9: checks
b0e0a6e1: bets $0.11
d05e7df9: calls $0.11
*** TURN *** [Jc Td Jh] [3d]
d05e7df9: checks
b0e0a6e1: bets $0.41
d05e7df9: folds
Uncalled bet ($0.41) returned to b0e0a6e1
d05e7df9: shows [Th] (Pair of Jacks and Pair of Tens)
*** SHOWDOWN ***
b0e0a6e1 collected $0.52 from pot
*** SUMMARY ***
Total pot $0.54 | Rake $0.02 | Jackpot $0 | Bingo $0 | Fortune $0 | Tax $0
Board [Jc Td Jh 3d]
Seat 1: b0e0a6e1 won ($0.52)
Seat 2: 85bb007a folded before Flop (didn't bet)
Seat 3: Hero folded before Flop (didn't bet)
Seat 4: 12108b0f (button) folded before Flop (didn't bet)
Seat 5: f5f7c4a6 (small blind) folded before Flop
Seat 6: d05e7df9 (big blind) folded on the Turn


Poker Hand #HD1593644203: Hold'em No Limit ($0.02/$0.05) - 2024/01/18 09:53:41
Table 'NLHBlue31' 6-max Seat #3 is the button
Seat 1: b0e0a6e1 ($5.69 in chips)
Seat 2: 85bb007a ($5 in chips)
Seat 3: Hero ($5 in chips)
Seat 4: 12108b0f ($4.81 in chips)
Seat 5: f5f7c4a6 ($10.27 in chips)
Seat 6: d05e7df9 ($12.4 in chips)
12108b0f: posts small blind $0.02
f5f7c4a6: posts big blind $0.05
*** HOLE CARDS ***
Dealt to b0e0a6e1 
Dealt to 85bb007a 
Dealt to Hero [8c Ts]
Dealt to 12108b0f 
Dealt to f5f7c4a6 
Dealt to d05e7df9 
d05e7df9: folds
b0e0a6e1: folds
85bb007a: raises $0.08 to $0.13
Hero: folds
12108b0f: folds
f5f7c4a6: raises $0.36 to $0.49
85bb007a: raises $0.76 to $1.25
f5f7c4a6: raises $9.02 to $10.27 and is all-in
85bb007a: calls $3.75 and is all-in
Uncalled bet ($5.27) returned to f5f7c4a6
f5f7c4a6: shows [Ah Kd]
85bb007a: shows [Ac As]
*** FLOP *** [7c 2c 3s]
*** TURN *** [7c 2c 3s] [4d]
*** RIVER *** [7c 2c 3s 4d] [4s]
*** SHOWDOWN ***
85bb007a collected $9.48 from pot
*** SUMMARY ***
Total pot $10.02 | Rake $0.49 | Jackpot $0.05 | Bingo $0 | Fortune $0 | Tax $0
Board [7c 2c 3s 4d 4s]
Seat 1: b0e0a6e1 folded before Flop (didn't bet)
Seat 2: 85bb007a showed [Ac As] and won ($9.48) with Pair of Aces and Pair of Fours
Seat 3: Hero (button) folded before Flop (didn't bet)
Seat 4: 12108b0f (small blind) folded before Flop
Seat 5: f5f7c4a6 (big blind) showed [Ah Kd] and lost with Pair of Fours
Seat 6: d05e7df9 folded before Flop (didn't bet)


Poker Hand #HD1593644178: Hold'em No Limit ($0.02/$0.05) - 2024/01/18 09:53:25
Table 'NLHBlue31' 6-max Seat #2 is the button
Seat 1: b0e0a6e1 ($5.69 in chips)
Seat 2: 85bb007a ($5 in chips)
Seat 3: Hero ($5.02 in chips)
Seat 4: 12108b0f ($4.86 in chips)
Seat 5: f5f7c4a6 ($10.27 in chips)
Seat 6: d05e7df9 ($12.33 in chips)
Hero: posts small blind $0.02
12108b0f: posts big blind $0.05
*** HOLE CARDS ***
Dealt to b0e0a6e1 
Dealt to 85bb007a 
Dealt to Hero [9d 3d]
Dealt to 12108b0f 
Dealt to f5f7c4a6 
Dealt to d05e7df9 
f5f7c4a6: folds
d05e7df9: raises $0.1 to $0.15
b0e0a6e1: folds
85bb007a: folds
Hero: folds
12108b0f: folds
Uncalled bet ($0.1) returned to d05e7df9
*** SHOWDOWN ***
d05e7df9 collected $0.12 from pot
*** SUMMARY ***
Total pot $0.12 | Rake $0 | Jackpot $0 | Bingo $0 | Fortune $0 | Tax $0
Seat 1: b0e0a6e1 folded before Flop (didn't bet)
Seat 2: 85bb007a (button) folded before Flop (didn't bet)
Seat 3: Hero (small blind) folded before Flop
Seat 4: 12108b0f (big blind) folded before Flop
Seat 5: f5f7c4a6 folded before Flop (didn't bet)
Seat 6: d05e7df9 collected ($0.12)


Poker Hand #HD1593644161: Hold'em No Limit ($0.02/$0.05) - 2024/01/18 09:53:13
Table 'NLHBlue31' 6-max Seat #1 is the button
Seat 1: b0e0a6e1 ($5.69 in chips)
Seat 2: 85bb007a ($5 in chips)
Seat 3: Hero ($5 in chips)
Seat 4: 12108b0f ($4.86 in chips)
Seat 5: f5f7c4a6 ($10.27 in chips)
Seat 6: d05e7df9 ($12.33 in chips)
85bb007a: posts small blind $0.02
Hero: posts big blind $0.05
*** HOLE CARDS ***
Dealt to b0e0a6e1 
Dealt to 85bb007a 
Dealt to Hero [Kc 3s]
Dealt to 12108b0f 
Dealt to f5f7c4a6 
Dealt to d05e7df9 
12108b0f: folds
f5f7c4a6: folds
d05e7df9: folds
b0e0a6e1: folds
85bb007a: folds
Uncalled bet ($0.03) returned to Hero
*** SHOWDOWN ***
Hero collected $0.04 from pot
*** SUMMARY ***
Total pot $0.04 | Rake $0 | Jackpot $0 | Bingo $0 | Fortune $0 | Tax $0
Seat 1: b0e0a6e1 (button) folded before Flop (didn't bet)
Seat 2: 85bb007a (small blind) folded before Flop
Seat 3: Hero (big blind) collected ($0.04)
Seat 4: 12108b0f folded before Flop (didn't bet)
Seat 5: f5f7c4a6 folded before Flop (didn't bet)
Seat 6: d05e7df9 folded before Flop (didn't bet)


Poker Hand #HD1593644078: Hold'em No Limit ($0.02/$0.05) - 2024/01/18 09:52:24
Table 'NLHBlue31' 6-max Seat #6 is the button
Seat 1: b0e0a6e1 ($5.71 in chips)
Seat 2: 85bb007a ($5 in chips)
Seat 3: Hero ($5 in chips)
Seat 4: 12108b0f ($4.86 in chips)
Seat 5: f5f7c4a6 ($9.64 in chips)
Seat 6: d05e7df9 ($12.46 in chips)
b0e0a6e1: posts small blind $0.02
85bb007a: posts big blind $0.05
*** HOLE CARDS ***
Dealt to b0e0a6e1 
Dealt to 85bb007a 
Dealt to Hero [Ah As]
Dealt to 12108b0f 
Dealt to f5f7c4a6 
Dealt to d05e7df9 
Hero: raises $0.08 to $0.13
12108b0f: folds
f5f7c4a6: calls $0.13
d05e7df9: calls $0.13
b0e0a6e1: folds
85bb007a: folds
*** FLOP *** [5d 8c Td]
Hero: bets $0.35
f5f7c4a6: calls $0.35
d05e7df9: folds
*** TURN *** [5d 8c Td] [9d]
Hero: checks
f5f7c4a6: checks
*** RIVER *** [5d 8c Td 9d] [Jc]
Hero: checks
f5f7c4a6: checks
Hero: shows [Ah As] (Pair of Aces)
f5f7c4a6: shows [Js Jd] (Three Jacks)
*** SHOWDOWN ***
f5f7c4a6 collected $1.11 from pot
*** SUMMARY ***
Total pot $1.16 | Rake $0.05 | Jackpot $0 | Bingo $0 | Fortune $0 | Tax $0
Board [5d 8c Td 9d Jc]
Seat 1: b0e0a6e1 (small blind) folded before Flop
Seat 2: 85bb007a (big blind) folded before Flop
Seat 3: Hero showed [Ah As] and lost with Pair of Aces
Seat 4: 12108b0f folded before Flop (didn't bet)
Seat 5: f5f7c4a6 showed [Js Jd] and won ($1.11) with Three Jacks
Seat 6: d05e7df9 (button) folded on the Flop


Poker Hand #HD1593644049: Hold'em No Limit ($0.02/$0.05) - 2024/01/18 09:52:01
Table 'NLHBlue31' 6-max Seat #5 is the button
Seat 1: b0e0a6e1 ($5.76 in chips)
Seat 3: Hero ($5.07 in chips)
Seat 4: 12108b0f ($4.86 in chips)
Seat 5: f5f7c4a6 ($9.64 in chips)
Seat 6: d05e7df9 ($12.29 in chips)
d05e7df9: posts small blind $0.02
b0e0a6e1: posts big blind $0.05
*** HOLE CARDS ***
Dealt to b0e0a6e1 
Dealt to Hero [4c 4h]
Dealt to 12108b0f 
Dealt to f5f7c4a6 
Dealt to d05e7df9 
Hero: raises $0.08 to $0.13
12108b0f: folds
f5f7c4a6: folds
d05e7df9: raises $0.31 to $0.44
b0e0a6e1: folds
Hero: folds
Uncalled bet ($0.31) returned to d05e7df9
*** SHOWDOWN ***
d05e7df9 collected $0.3 from pot
*** SUMMARY ***
Total pot $0.31 | Rake $0.01 | Jackpot $0 | Bingo $0 | Fortune $0 | Tax $0
Seat 1: b0e0a6e1 (big blind) folded before Flop
Seat 3: Hero folded before Flop
Seat 4: 12108b0f folded before Flop (didn't bet)
Seat 5: f5f7c4a6 (button) folded before Flop (didn't bet)
Seat 6: d05e7df9 (small blind) collected ($0.3)


Poker Hand #HD1593644013: Hold'em No Limit ($0.02/$0.05) - 2024/01/18 09:51:44
Table 'NLHBlue31' 6-max Seat #4 is the button
Seat 1: b0e0a6e1 ($5.76 in chips)
Seat 3: Hero ($5 in chips)
Seat 4: 12108b0f ($4.86 in chips)
Seat 5: f5f7c4a6 ($9.66 in chips)
Seat 6: d05e7df9 ($12.34 in chips)
f5f7c4a6: posts small blind $0.02
d05e7df9: posts big blind $0.05
*** HOLE CARDS ***
Dealt to b0e0a6e1 
Dealt to Hero [8s Js]
Dealt to 12108b0f 
Dealt to f5f7c4a6 
Dealt to d05e7df9 
b0e0a6e1: folds
Hero: raises $0.08 to $0.13
12108b0f: folds
f5f7c4a6: folds
d05e7df9: folds
Uncalled bet ($0.08) returned to Hero
*** SHOWDOWN ***
Hero collected $0.12 from pot
*** SUMMARY ***
Total pot $0.12 | Rake $0 | Jackpot $0 | Bingo $0 | Fortune $0 | Tax $0
Seat 1: b0e0a6e1 folded before Flop (didn't bet)
Seat 3: Hero collected ($0.12)
Seat 4: 12108b0f (button) folded before Flop (didn't bet)
Seat 5: f5f7c4a6 (small blind) folded before Flop
Seat 6: d05e7df9 (big blind) folded before Flop


Poker Hand #HD1593643935: Hold'em No Limit ($0.02/$0.05) - 2024/01/18 09:50:45
Table 'NLHBlue31' 6-max Seat #3 is the button
Seat 1: b0e0a6e1 ($5 in chips)
Seat 3: Hero ($5 in chips)
Seat 4: 12108b0f ($4.88 in chips)
Seat 5: f5f7c4a6 ($9.81 in chips)
Seat 6: d05e7df9 ($12.34 in chips)
12108b0f: posts small blind $0.02
f5f7c4a6: posts big blind $0.05
*** HOLE CARDS ***
Dealt to b0e0a6e1 
Dealt to Hero [7h 7c]
Dealt to 12108b0f 
Dealt to f5f7c4a6 
Dealt to d05e7df9 
d05e7df9: folds
b0e0a6e1: raises $0.1 to $0.15
Hero: calls $0.15
12108b0f: folds
f5f7c4a6: calls $0.1
*** FLOP *** [4h 2h 9h]
f5f7c4a6: checks
b0e0a6e1: checks
Hero: checks
*** TURN *** [4h 2h 9h] [2c]
f5f7c4a6: checks
b0e0a6e1: bets $0.21
Hero: calls $0.21
f5f7c4a6: folds
*** RIVER *** [4h 2h 9h 2c] [8h]
b0e0a6e1: bets $0.3
Hero: calls $0.3
b0e0a6e1: shows [Qh Qs] (Queen High Flush)
Hero: shows [7h 7c] (Nine High Flush)
*** SHOWDOWN ***
b0e0a6e1 collected $1.42 from pot
*** SUMMARY ***
Total pot $1.49 | Rake $0.07 | Jackpot $0 | Bingo $0 | Fortune $0 | Tax $0
Board [4h 2h 9h 2c 8h]
Seat 1: b0e0a6e1 showed [Qh Qs] and won ($1.42) with Queen High Flush
Seat 3: Hero (button) showed [7h 7c] and lost with Nine High Flush
Seat 4: 12108b0f (small blind) folded before Flop
Seat 5: f5f7c4a6 (big blind) folded on the Turn
Seat 6: d05e7df9 folded before Flop (didn't bet)


Poker Hand #HD1593643891: Hold'em No Limit ($0.02/$0.05) - 2024/01/18 09:50:19
Table 'NLHBlue31' 6-max Seat #1 is the button
Seat 1: b0e0a6e1 ($5 in chips)
Seat 3: Hero ($5.02 in chips)
Seat 4: 12108b0f ($4.72 in chips)
Seat 5: f5f7c4a6 ($9.81 in chips)
Seat 6: d05e7df9 ($12.49 in chips)
Hero: posts small blind $0.02
12108b0f: posts big blind $0.05
*** HOLE CARDS ***
Dealt to b0e0a6e1 
Dealt to Hero [Qc Td]
Dealt to 12108b0f 
Dealt to f5f7c4a6 
Dealt to d05e7df9 
f5f7c4a6: folds
d05e7df9: raises $0.1 to $0.15
b0e0a6e1: folds
Hero: folds
12108b0f: raises $0.25 to $0.4
d05e7df9: folds
Uncalled bet ($0.25) returned to 12108b0f
*** SHOWDOWN ***
12108b0f collected $0.31 from pot
*** SUMMARY ***
Total pot $0.32 | Rake $0.01 | Jackpot $0 | Bingo $0 | Fortune $0 | Tax $0
Seat 1: b0e0a6e1 (button) folded before Flop (didn't bet)
Seat 3: Hero (small blind) folded before Flop
Seat 4: 12108b0f (big blind) collected ($0.31)
Seat 5: f5f7c4a6 folded before Flop (didn't bet)
Seat 6: d05e7df9 folded before Flop


Poker Hand #HD1593643858: Hold'em No Limit ($0.02/$0.05) - 2024/01/18 09:50:00
Table 'NLHBlue31' 6-max Seat #6 is the button
Seat 1: b0e0a6e1 ($5 in chips)
Seat 3: Hero ($5 in chips)
Seat 4: 12108b0f ($4.72 in chips)
Seat 5: f5f7c4a6 ($9.81 in chips)
Seat 6: d05e7df9 ($12.49 in chips)
b0e0a6e1: posts small blind $0.02
Hero: posts big blind $0.05
*** HOLE CARDS ***
Dealt to b0e0a6e1 
Dealt to Hero [Qc 9s]
Dealt to 12108b0f 
Dealt to f5f7c4a6 
Dealt to d05e7df9 
12108b0f: folds
f5f7c4a6: folds
d05e7df9: folds
b0e0a6e1: folds
Uncalled bet ($0.03) returned to Hero
*** SHOWDOWN ***
Hero collected $0.04 from pot
*** SUMMARY ***
Total pot $0.04 | Rake $0 | Jackpot $0 | Bingo $0 | Fortune $0 | Tax $0
Seat 1: b0e0a6e1 (small blind) folded before Flop
Seat 3: Hero (big blind) collected ($0.04)
Seat 4: 12108b0f folded before Flop (didn't bet)
Seat 5: f5f7c4a6 folded before Flop (didn't bet)
Seat 6: d05e7df9 (button) folded before Flop (didn't bet)


