Poker Hand #HD1204239264: Hold'em No Limit  ($0.02/$0.05) - 2023/04/15 16:32:29
Table 'NLHBlue76' 6-max Seat #4 is the button
Seat 1: Hero ($5 in chips)
Seat 2: ed60bed7 ($5.29 in chips)
Seat 3: 764b3df1 ($5 in chips)
Seat 4: 2000083 ($4.89 in chips)
Seat 5: eeed3b4d ($4.95 in chips)
Seat 6: c2a2b575 ($5.57 in chips)
eeed3b4d: posts small blind $0.02
c2a2b575: posts big blind $0.05
*** HOLE CARDS ***
Dealt to Hero [2c Ad]
Dealt to ed60bed7 
Dealt to 764b3df1 
Dealt to 2000083 
Dealt to eeed3b4d 
Dealt to c2a2b575 
Hero: folds
ed60bed7: folds
764b3df1: raises $0.05 to $0.1
2000083: folds
eeed3b4d: folds
c2a2b575: folds
Uncalled bet ($0.05) returned to 764b3df1
*** SHOWDOWN ***
764b3df1 collected $0.12 from pot
*** SUMMARY ***
Total pot $0.12 | Rake $0 | Jackpot $0 | Bingo $0 | Fortune $0
Seat 1: Hero folded before Flop (didn't bet)
Seat 2: ed60bed7 folded before Flop (didn't bet)
Seat 3: 764b3df1 collected ($0.12)
Seat 4: 2000083 (button) folded before Flop (didn't bet)
Seat 5: eeed3b4d (small blind) folded before Flop
Seat 6: c2a2b575 (big blind) folded before Flop


Poker Hand #HD1204239153: Hold'em No Limit  ($0.02/$0.05) - 2023/04/15 16:31:33
Table 'NLHBlue76' 6-max Seat #3 is the button
Seat 1: Hero ($5 in chips)
Seat 2: ed60bed7 ($5 in chips)
Seat 3: 764b3df1 ($5 in chips)
Seat 4: 2000083 ($5.02 in chips)
Seat 5: eeed3b4d ($5 in chips)
Seat 6: c2a2b575 ($5.57 in chips)
2000083: posts small blind $0.02
eeed3b4d: posts big blind $0.05
*** HOLE CARDS ***
Dealt to Hero [7d Jd]
Dealt to ed60bed7 
Dealt to 764b3df1 
Dealt to 2000083 
Dealt to eeed3b4d 
Dealt to c2a2b575 
c2a2b575: folds
Hero: folds
ed60bed7: raises $0.08 to $0.13
764b3df1: calls $0.13
2000083: calls $0.11
eeed3b4d: folds
*** FLOP *** [Td 6h Jh]
2000083: checks
ed60bed7: checks
764b3df1: checks
*** TURN *** [Td 6h Jh] [Qc]
2000083: checks
ed60bed7: bets $0.22
764b3df1: folds
2000083: folds
Uncalled bet ($0.22) returned to ed60bed7
*** SHOWDOWN ***
ed60bed7 collected $0.42 from pot
*** SUMMARY ***
Total pot $0.44 | Rake $0.02 | Jackpot $0 | Bingo $0 | Fortune $0
Board [Td 6h Jh Qc]
Seat 1: Hero folded before Flop (didn't bet)
Seat 2: ed60bed7 won ($0.42)
Seat 3: 764b3df1 (button) folded on the Turn
Seat 4: 2000083 (small blind) folded on the Turn
Seat 5: eeed3b4d (big blind) folded before Flop
Seat 6: c2a2b575 folded before Flop (didn't bet)


Poker Hand #HD1204239116: Hold'em No Limit  ($0.02/$0.05) - 2023/04/15 16:31:16
Table 'NLHBlue76' 6-max Seat #2 is the button
Seat 1: Hero ($5 in chips)
Seat 2: ed60bed7 ($5 in chips)
Seat 3: 764b3df1 ($5 in chips)
Seat 4: 2000083 ($5 in chips)
Seat 6: c2a2b575 ($5.57 in chips)
764b3df1: posts small blind $0.02
2000083: posts big blind $0.05
*** HOLE CARDS ***
Dealt to Hero [4h 7h]
Dealt to ed60bed7 
Dealt to 764b3df1 
Dealt to 2000083 
Dealt to c2a2b575 
c2a2b575: folds
Hero: folds
ed60bed7: folds
764b3df1: folds
Uncalled bet ($0.03) returned to 2000083
*** SHOWDOWN ***
2000083 collected $0.04 from pot
*** SUMMARY ***
Total pot $0.04 | Rake $0 | Jackpot $0 | Bingo $0 | Fortune $0
Seat 1: Hero folded before Flop (didn't bet)
Seat 2: ed60bed7 (button) folded before Flop (didn't bet)
Seat 3: 764b3df1 (small blind) folded before Flop
Seat 4: 2000083 (big blind) collected ($0.04)
Seat 6: c2a2b575 folded before Flop (didn't bet)


Poker Hand #HD1204239068: Hold'em No Limit  ($0.02/$0.05) - 2023/04/15 16:30:52
Table 'NLHBlue76' 6-max Seat #1 is the button
Seat 1: Hero ($5 in chips)
Seat 2: ed60bed7 ($5 in chips)
Seat 3: 764b3df1 ($5 in chips)
Seat 5: 5a66971a ($8.92 in chips)
Seat 6: c2a2b575 ($5.5 in chips)
ed60bed7: posts small blind $0.02
764b3df1: posts big blind $0.05
*** HOLE CARDS ***
Dealt to Hero [8d 2d]
Dealt to ed60bed7 
Dealt to 764b3df1 
Dealt to 5a66971a 
Dealt to c2a2b575 
5a66971a: folds
c2a2b575: raises $0.1 to $0.15
Hero: folds
ed60bed7: folds
764b3df1: folds
Uncalled bet ($0.1) returned to c2a2b575
*** SHOWDOWN ***
c2a2b575 collected $0.12 from pot
*** SUMMARY ***
Total pot $0.12 | Rake $0 | Jackpot $0 | Bingo $0 | Fortune $0
Seat 1: Hero (button) folded before Flop (didn't bet)
Seat 2: ed60bed7 (small blind) folded before Flop
Seat 3: 764b3df1 (big blind) folded before Flop
Seat 5: 5a66971a folded before Flop (didn't bet)
Seat 6: c2a2b575 collected ($0.12)


Poker Hand #HD1204238862: Hold'em No Limit  ($0.02/$0.05) - 2023/04/15 16:29:05
Table 'NLHBlue76' 6-max Seat #6 is the button
Seat 1: Hero ($5 in chips)
Seat 2: ed60bed7 ($5.46 in chips)
Seat 3: 764b3df1 ($5 in chips)
Seat 4: beda7542 ($3 in chips)
Seat 5: 5a66971a ($4.61 in chips)
Seat 6: c2a2b575 ($5.7 in chips)
Hero: posts small blind $0.02
ed60bed7: posts big blind $0.05
*** HOLE CARDS ***
Dealt to Hero [Ks 2s]
Dealt to ed60bed7 
Dealt to 764b3df1 
Dealt to beda7542 
Dealt to 5a66971a 
Dealt to c2a2b575 
764b3df1: folds
beda7542: folds
5a66971a: calls $0.05
c2a2b575: raises $0.15 to $0.2
Hero: folds
ed60bed7: calls $0.15
5a66971a: calls $0.15
*** FLOP *** [9d 7d 8d]
ed60bed7: checks
5a66971a: bets $0.47
c2a2b575: folds
ed60bed7: calls $0.47
*** TURN *** [9d 7d 8d] [Ah]
ed60bed7: checks
5a66971a: bets $0.55
ed60bed7: raises $4.24 to $4.79 and is all-in
5a66971a: calls $3.39 and is all-in
Uncalled bet ($0.85) returned to ed60bed7
ed60bed7: shows [Qd Th] (Ace-High)
5a66971a: shows [9h 8s] (Pair of Nines and Pair of Eights)
*** RIVER *** [9d 7d 8d Ah] [8h]
*** SHOWDOWN ***
5a66971a collected $8.92 from pot
*** SUMMARY ***
Total pot $9.44 | Rake $0.47 | Jackpot $0.05 | Bingo $0 | Fortune $0
Board [9d 7d 8d Ah 8h]
Seat 1: Hero (small blind) folded before Flop
Seat 2: ed60bed7 (big blind) showed [Qd Th] and lost with Pair of Eights
Seat 3: 764b3df1 folded before Flop (didn't bet)
Seat 4: beda7542 folded before Flop (didn't bet)
Seat 5: 5a66971a showed [9h 8s] and won ($8.92) with Eights Full over Nines
Seat 6: c2a2b575 (button) folded on the Flop


Poker Hand #HD1204238805: Hold'em No Limit  ($0.02/$0.05) - 2023/04/15 16:28:33
Table 'NLHBlue76' 6-max Seat #5 is the button
Seat 1: Hero ($5 in chips)
Seat 2: ed60bed7 ($5.46 in chips)
Seat 3: 764b3df1 ($5 in chips)
Seat 4: beda7542 ($3 in chips)
Seat 5: 5a66971a ($4.54 in chips)
Seat 6: c2a2b575 ($5.72 in chips)
c2a2b575: posts small blind $0.02
Hero: posts big blind $0.05
*** HOLE CARDS ***
Dealt to Hero [Jc 7s]
Dealt to ed60bed7 
Dealt to 764b3df1 
Dealt to beda7542 
Dealt to 5a66971a 
Dealt to c2a2b575 
ed60bed7: folds
764b3df1: folds
beda7542: folds
5a66971a: calls $0.05
c2a2b575: folds
Hero: checks
*** FLOP *** [7d Kd Ah]
Hero: checks
5a66971a: bets $0.45
Hero: folds
Uncalled bet ($0.45) returned to 5a66971a
*** SHOWDOWN ***
5a66971a collected $0.12 from pot
*** SUMMARY ***
Total pot $0.12 | Rake $0 | Jackpot $0 | Bingo $0 | Fortune $0
Board [7d Kd Ah]
Seat 1: Hero (big blind) folded on the Flop
Seat 2: ed60bed7 folded before Flop (didn't bet)
Seat 3: 764b3df1 folded before Flop (didn't bet)
Seat 4: beda7542 folded before Flop (didn't bet)
Seat 5: 5a66971a (button) won ($0.12)
Seat 6: c2a2b575 (small blind) folded before Flop


Poker Hand #HD1204238675: Hold'em No Limit  ($0.02/$0.05) - 2023/04/15 16:27:33
Table 'NLHBlue76' 6-max Seat #4 is the button
Seat 1: Hero ($5 in chips)
Seat 2: ed60bed7 ($5.46 in chips)
Seat 3: 764b3df1 ($5 in chips)
Seat 4: beda7542 ($2.3 in chips)
Seat 5: 5a66971a ($5.31 in chips)
Seat 6: c2a2b575 ($5.77 in chips)
5a66971a: posts small blind $0.02
c2a2b575: posts big blind $0.05
*** HOLE CARDS ***
Dealt to Hero [Qh 5h]
Dealt to ed60bed7 
Dealt to 764b3df1 
Dealt to beda7542 
Dealt to 5a66971a 
Dealt to c2a2b575 
Hero: folds
ed60bed7: folds
764b3df1: folds
beda7542: raises $0.08 to $0.13
5a66971a: calls $0.11
c2a2b575: folds
*** FLOP *** [6h Th 2d]
5a66971a: checks
beda7542: checks
*** TURN *** [6h Th 2d] [Jd]
5a66971a: checks
beda7542: bets $0.24
5a66971a: calls $0.24
*** RIVER *** [6h Th 2d Jd] [4s]
5a66971a: checks
beda7542: bets $0.4
5a66971a: calls $0.4
beda7542: shows [Jc 8h] (Pair of Jacks)
5a66971a: shows [4d 7d] (Pair of Fours)
*** SHOWDOWN ***
beda7542 collected $1.47 from pot
*** SUMMARY ***
Total pot $1.59 | Rake $0.07 | Jackpot $0.05 | Bingo $0 | Fortune $0
Board [6h Th 2d Jd 4s]
Seat 1: Hero folded before Flop (didn't bet)
Seat 2: ed60bed7 folded before Flop (didn't bet)
Seat 3: 764b3df1 folded before Flop (didn't bet)
Seat 4: beda7542 (button) showed [Jc 8h] and won ($1.47) with Pair of Jacks
Seat 5: 5a66971a (small blind) showed [4d 7d] and lost with Pair of Fours
Seat 6: c2a2b575 (big blind) folded before Flop


Poker Hand #HD1204238570: Hold'em No Limit  ($0.02/$0.05) - 2023/04/15 16:26:42
Table 'NLHBlue76' 6-max Seat #3 is the button
Seat 1: Hero ($5 in chips)
Seat 2: ed60bed7 ($5.46 in chips)
Seat 3: 764b3df1 ($5 in chips)
Seat 4: beda7542 ($2.32 in chips)
Seat 5: 5a66971a ($5 in chips)
Seat 6: c2a2b575 ($5.77 in chips)
beda7542: posts small blind $0.02
5a66971a: posts big blind $0.05
*** HOLE CARDS ***
Dealt to Hero [9d Ad]
Dealt to ed60bed7 
Dealt to 764b3df1 
Dealt to beda7542 
Dealt to 5a66971a 
Dealt to c2a2b575 
c2a2b575: folds
Hero: raises $0.07 to $0.12
ed60bed7: folds
764b3df1: folds
beda7542: folds
5a66971a: calls $0.07
*** FLOP *** [4c 5d 8h]
5a66971a: bets $0.2
Hero: calls $0.2
*** TURN *** [4c 5d 8h] [Jh]
5a66971a: bets $0.22
Hero: folds
Uncalled bet ($0.22) returned to 5a66971a
*** SHOWDOWN ***
5a66971a collected $0.63 from pot
*** SUMMARY ***
Total pot $0.66 | Rake $0.03 | Jackpot $0 | Bingo $0 | Fortune $0
Board [4c 5d 8h Jh]
Seat 1: Hero folded on the Turn
Seat 2: ed60bed7 folded before Flop (didn't bet)
Seat 3: 764b3df1 (button) folded before Flop (didn't bet)
Seat 4: beda7542 (small blind) folded before Flop
Seat 5: 5a66971a (big blind) won ($0.63)
Seat 6: c2a2b575 folded before Flop (didn't bet)


Poker Hand #HD1204238387: Hold'em No Limit  ($0.02/$0.05) - 2023/04/15 16:25:16
Table 'NLHBlue76' 6-max Seat #2 is the button
Seat 1: Hero ($5 in chips)
Seat 2: ed60bed7 ($5 in chips)
Seat 3: 764b3df1 ($5 in chips)
Seat 4: beda7542 ($2.81 in chips)
Seat 5: 95d84726 ($7.16 in chips)
Seat 6: c2a2b575 ($5.77 in chips)
764b3df1: posts small blind $0.02
beda7542: posts big blind $0.05
*** HOLE CARDS ***
Dealt to Hero [Qh 6h]
Dealt to ed60bed7 
Dealt to 764b3df1 
Dealt to beda7542 
Dealt to 95d84726 
Dealt to c2a2b575 
95d84726: folds
c2a2b575: folds
Hero: folds
ed60bed7: raises $0.08 to $0.13
764b3df1: folds
beda7542: calls $0.08
*** FLOP *** [9s 9c 7d]
beda7542: checks
ed60bed7: checks
*** TURN *** [9s 9c 7d] [Qs]
beda7542: checks
ed60bed7: bets $0.11
beda7542: calls $0.11
*** RIVER *** [9s 9c 7d Qs] [8c]
beda7542: checks
ed60bed7: bets $0.25
beda7542: calls $0.25
ed60bed7: shows [5s 6s] (Nines-High Straight)
beda7542: shows [8h Jh] (Pair of Nines and Pair of Eights)
*** SHOWDOWN ***
ed60bed7 collected $0.95 from pot
*** SUMMARY ***
Total pot $1 | Rake $0.05 | Jackpot $0 | Bingo $0 | Fortune $0
Board [9s 9c 7d Qs 8c]
Seat 1: Hero folded before Flop (didn't bet)
Seat 2: ed60bed7 (button) showed [5s 6s] and won ($0.95) with Nines-High Straight
Seat 3: 764b3df1 (small blind) folded before Flop
Seat 4: beda7542 (big blind) showed [8h Jh] and lost with Pair of Nines and Pair of Eights
Seat 5: 95d84726 folded before Flop (didn't bet)
Seat 6: c2a2b575 folded before Flop (didn't bet)


Poker Hand #HD1204238356: Hold'em No Limit  ($0.02/$0.05) - 2023/04/15 16:24:58
Table 'NLHBlue76' 6-max Seat #1 is the button
Seat 1: Hero ($5 in chips)
Seat 2: ed60bed7 ($5 in chips)
Seat 3: 764b3df1 ($5 in chips)
Seat 4: beda7542 ($2.74 in chips)
Seat 5: 95d84726 ($7.16 in chips)
Seat 6: c2a2b575 ($5.77 in chips)
ed60bed7: posts small blind $0.02
764b3df1: posts big blind $0.05
*** HOLE CARDS ***
Dealt to Hero [8h 4d]
Dealt to ed60bed7 
Dealt to 764b3df1 
Dealt to beda7542 
Dealt to 95d84726 
Dealt to c2a2b575 
beda7542: raises $0.08 to $0.13
95d84726: folds
c2a2b575: folds
Hero: folds
ed60bed7: folds
764b3df1: folds
Uncalled bet ($0.08) returned to beda7542
*** SHOWDOWN ***
beda7542 collected $0.12 from pot
*** SUMMARY ***
Total pot $0.12 | Rake $0 | Jackpot $0 | Bingo $0 | Fortune $0
Seat 1: Hero (button) folded before Flop (didn't bet)
Seat 2: ed60bed7 (small blind) folded before Flop
Seat 3: 764b3df1 (big blind) folded before Flop
Seat 4: beda7542 collected ($0.12)
Seat 5: 95d84726 folded before Flop (didn't bet)
Seat 6: c2a2b575 folded before Flop (didn't bet)


Poker Hand #HD1204238327: Hold'em No Limit  ($0.02/$0.05) - 2023/04/15 16:24:41
Table 'NLHBlue76' 6-max Seat #6 is the button
Seat 1: Hero ($5.02 in chips)
Seat 2: ed60bed7 ($5 in chips)
Seat 3: 764b3df1 ($5 in chips)
Seat 4: beda7542 ($2.67 in chips)
Seat 5: 95d84726 ($7.16 in chips)
Seat 6: c2a2b575 ($5.77 in chips)
Hero: posts small blind $0.02
ed60bed7: posts big blind $0.05
*** HOLE CARDS ***
Dealt to Hero [Ts 9h]
Dealt to ed60bed7 
Dealt to 764b3df1 
Dealt to beda7542 
Dealt to 95d84726 
Dealt to c2a2b575 
764b3df1: folds
beda7542: raises $0.08 to $0.13
95d84726: folds
c2a2b575: folds
Hero: folds
ed60bed7: folds
Uncalled bet ($0.08) returned to beda7542
*** SHOWDOWN ***
beda7542 collected $0.12 from pot
*** SUMMARY ***
Total pot $0.12 | Rake $0 | Jackpot $0 | Bingo $0 | Fortune $0
Seat 1: Hero (small blind) folded before Flop
Seat 2: ed60bed7 (big blind) folded before Flop
Seat 3: 764b3df1 folded before Flop (didn't bet)
Seat 4: beda7542 collected ($0.12)
Seat 5: 95d84726 folded before Flop (didn't bet)
Seat 6: c2a2b575 (button) folded before Flop (didn't bet)


Poker Hand #HD1204238225: Hold'em No Limit  ($0.02/$0.05) - 2023/04/15 16:23:58
Table 'NLHBlue76' 6-max Seat #5 is the button
Seat 1: Hero ($5.07 in chips)
Seat 2: ed60bed7 ($5 in chips)
Seat 3: 764b3df1 ($5 in chips)
Seat 4: beda7542 ($2.8 in chips)
Seat 5: 95d84726 ($7.16 in chips)
Seat 6: c2a2b575 ($5.48 in chips)
c2a2b575: posts small blind $0.02
Hero: posts big blind $0.05
*** HOLE CARDS ***
Dealt to Hero [2c 9h]
Dealt to ed60bed7 
Dealt to 764b3df1 
Dealt to beda7542 
Dealt to 95d84726 
Dealt to c2a2b575 
ed60bed7: folds
764b3df1: raises $0.08 to $0.13
beda7542: calls $0.13
95d84726: folds
c2a2b575: raises $0.52 to $0.65
Hero: folds
764b3df1: folds
beda7542: folds
Uncalled bet ($0.52) returned to c2a2b575
c2a2b575: shows [Ac]
*** SHOWDOWN ***
c2a2b575 collected $0.42 from pot
*** SUMMARY ***
Total pot $0.44 | Rake $0.02 | Jackpot $0 | Bingo $0 | Fortune $0
Seat 1: Hero (big blind) folded before Flop
Seat 2: ed60bed7 folded before Flop (didn't bet)
Seat 3: 764b3df1 folded before Flop
Seat 4: beda7542 folded before Flop
Seat 5: 95d84726 (button) folded before Flop (didn't bet)
Seat 6: c2a2b575 (small blind) showed [Kh Ac] and collected ($0.42)


Poker Hand #HD1204238197: Hold'em No Limit  ($0.02/$0.05) - 2023/04/15 16:23:40
Table 'NLHBlue76' 6-max Seat #4 is the button
Seat 1: Hero ($5 in chips)
Seat 2: ed60bed7 ($5 in chips)
Seat 3: 764b3df1 ($5 in chips)
Seat 4: beda7542 ($2.8 in chips)
Seat 5: 95d84726 ($7.18 in chips)
Seat 6: c2a2b575 ($5.53 in chips)
95d84726: posts small blind $0.02
c2a2b575: posts big blind $0.05
*** HOLE CARDS ***
Dealt to Hero [8d 9d]
Dealt to ed60bed7 
Dealt to 764b3df1 
Dealt to beda7542 
Dealt to 95d84726 
Dealt to c2a2b575 
Hero: raises $0.07 to $0.12
ed60bed7: folds
764b3df1: folds
beda7542: folds
95d84726: folds
c2a2b575: folds
Uncalled bet ($0.07) returned to Hero
*** SHOWDOWN ***
Hero collected $0.12 from pot
*** SUMMARY ***
Total pot $0.12 | Rake $0 | Jackpot $0 | Bingo $0 | Fortune $0
Seat 1: Hero collected ($0.12)
Seat 2: ed60bed7 folded before Flop (didn't bet)
Seat 3: 764b3df1 folded before Flop (didn't bet)
Seat 4: beda7542 (button) folded before Flop (didn't bet)
Seat 5: 95d84726 (small blind) folded before Flop
Seat 6: c2a2b575 (big blind) folded before Flop


Poker Hand #HD1204238069: Hold'em No Limit  ($0.02/$0.05) - 2023/04/15 16:22:34
Table 'NLHBlue76' 6-max Seat #3 is the button
Seat 1: Hero ($5 in chips)
Seat 2: ed60bed7 ($5 in chips)
Seat 3: 764b3df1 ($5 in chips)
Seat 4: beda7542 ($2.52 in chips)
Seat 5: 95d84726 ($7.23 in chips)
Seat 6: c2a2b575 ($5.53 in chips)
beda7542: posts small blind $0.02
95d84726: posts big blind $0.05
*** HOLE CARDS ***
Dealt to Hero [Ad 7c]
Dealt to ed60bed7 
Dealt to 764b3df1 
Dealt to beda7542 
Dealt to 95d84726 
Dealt to c2a2b575 
c2a2b575: folds
Hero: folds
ed60bed7: raises $0.08 to $0.13
764b3df1: folds
beda7542: calls $0.11
95d84726: folds
*** FLOP *** [4c 8h Ah]
beda7542: checks
ed60bed7: bets $0.12
beda7542: calls $0.12
*** TURN *** [4c 8h Ah] [3h]
beda7542: checks
ed60bed7: checks
*** RIVER *** [4c 8h Ah 3h] [8d]
beda7542: checks
ed60bed7: checks
beda7542: shows [Kc Tc] (Pair of Eights)
ed60bed7: shows [Jh Qc] (Pair of Eights)
*** SHOWDOWN ***
beda7542 collected $0.53 from pot
*** SUMMARY ***
Total pot $0.55 | Rake $0.02 | Jackpot $0 | Bingo $0 | Fortune $0
Board [4c 8h Ah 3h 8d]
Seat 1: Hero folded before Flop (didn't bet)
Seat 2: ed60bed7 showed [Jh Qc] and lost with Pair of Eights
Seat 3: 764b3df1 (button) folded before Flop (didn't bet)
Seat 4: beda7542 (small blind) showed [Kc Tc] and won ($0.53) with Pair of Eights
Seat 5: 95d84726 (big blind) folded before Flop
Seat 6: c2a2b575 folded before Flop (didn't bet)


Poker Hand #HD1204237955: Hold'em No Limit  ($0.02/$0.05) - 2023/04/15 16:21:36
Table 'NLHBlue76' 6-max Seat #2 is the button
Seat 1: Hero ($5 in chips)
Seat 2: ed60bed7 ($5 in chips)
Seat 3: 764b3df1 ($5 in chips)
Seat 4: beda7542 ($2.77 in chips)
Seat 5: 95d84726 ($7.23 in chips)
Seat 6: c2a2b575 ($5.28 in chips)
764b3df1: posts small blind $0.02
beda7542: posts big blind $0.05
*** HOLE CARDS ***
Dealt to Hero [4s Tc]
Dealt to ed60bed7 
Dealt to 764b3df1 
Dealt to beda7542 
Dealt to 95d84726 
Dealt to c2a2b575 
95d84726: folds
c2a2b575: raises $0.1 to $0.15
Hero: folds
ed60bed7: folds
764b3df1: folds
beda7542: calls $0.1
*** FLOP *** [Kc Qs Th]
beda7542: checks
c2a2b575: checks
*** TURN *** [Kc Qs Th] [Jd]
beda7542: checks
c2a2b575: checks
*** RIVER *** [Kc Qs Th Jd] [5h]
beda7542: checks
c2a2b575: bets $0.1
beda7542: calls $0.1
c2a2b575: shows [Qh 9h] (Kings-High Straight)
beda7542: shows [5c Qc] (Pair of Queens and Pair of Fives)
*** SHOWDOWN ***
c2a2b575 collected $0.5 from pot
*** SUMMARY ***
Total pot $0.52 | Rake $0.02 | Jackpot $0 | Bingo $0 | Fortune $0
Board [Kc Qs Th Jd 5h]
Seat 1: Hero folded before Flop (didn't bet)
Seat 2: ed60bed7 (button) folded before Flop (didn't bet)
Seat 3: 764b3df1 (small blind) folded before Flop
Seat 4: beda7542 (big blind) showed [5c Qc] and lost with Pair of Queens and Pair of Fives
Seat 5: 95d84726 folded before Flop (didn't bet)
Seat 6: c2a2b575 showed [Qh 9h] and won ($0.5) with Kings-High Straight


Poker Hand #HD1204237881: Hold'em No Limit  ($0.02/$0.05) - 2023/04/15 16:20:54
Table 'NLHBlue76' 6-max Seat #1 is the button
Seat 1: Hero ($5 in chips)
Seat 2: ed60bed7 ($5 in chips)
Seat 3: 764b3df1 ($5 in chips)
Seat 4: beda7542 ($2.48 in chips)
Seat 5: 95d84726 ($7.23 in chips)
Seat 6: c2a2b575 ($5.28 in chips)
ed60bed7: posts small blind $0.02
764b3df1: posts big blind $0.05
*** HOLE CARDS ***
Dealt to Hero [Kc Qs]
Dealt to ed60bed7 
Dealt to 764b3df1 
Dealt to beda7542 
Dealt to 95d84726 
Dealt to c2a2b575 
beda7542: raises $0.08 to $0.13
95d84726: folds
c2a2b575: folds
Hero: calls $0.13
ed60bed7: folds
764b3df1: folds
*** FLOP *** [2h 2c 4d]
beda7542: bets $0.11
Hero: calls $0.11
*** TURN *** [2h 2c 4d] [9s]
beda7542: bets $0.42
Hero: folds
Uncalled bet ($0.42) returned to beda7542
*** SHOWDOWN ***
beda7542 collected $0.53 from pot
*** SUMMARY ***
Total pot $0.55 | Rake $0.02 | Jackpot $0 | Bingo $0 | Fortune $0
Board [2h 2c 4d 9s]
Seat 1: Hero (button) folded on the Turn
Seat 2: ed60bed7 (small blind) folded before Flop
Seat 3: 764b3df1 (big blind) folded before Flop
Seat 4: beda7542 won ($0.53)
Seat 5: 95d84726 folded before Flop (didn't bet)
Seat 6: c2a2b575 folded before Flop (didn't bet)


Poker Hand #HD1204237791: Hold'em No Limit  ($0.02/$0.05) - 2023/04/15 16:20:14
Table 'NLHBlue76' 6-max Seat #6 is the button
Seat 1: Hero ($5 in chips)
Seat 2: ed60bed7 ($5 in chips)
Seat 3: 764b3df1 ($5 in chips)
Seat 4: beda7542 ($2.48 in chips)
Seat 5: 95d84726 ($7.36 in chips)
Seat 6: c2a2b575 ($5.09 in chips)
Hero: posts small blind $0.02
ed60bed7: posts big blind $0.05
*** HOLE CARDS ***
Dealt to Hero [6c Jd]
Dealt to ed60bed7 
Dealt to 764b3df1 
Dealt to beda7542 
Dealt to 95d84726 
Dealt to c2a2b575 
764b3df1: folds
beda7542: folds
95d84726: raises $0.08 to $0.13
c2a2b575: raises $0.32 to $0.45
Hero: folds
ed60bed7: folds
95d84726: folds
Uncalled bet ($0.32) returned to c2a2b575
*** SHOWDOWN ***
c2a2b575 collected $0.32 from pot
*** SUMMARY ***
Total pot $0.33 | Rake $0.01 | Jackpot $0 | Bingo $0 | Fortune $0
Seat 1: Hero (small blind) folded before Flop
Seat 2: ed60bed7 (big blind) folded before Flop
Seat 3: 764b3df1 folded before Flop (didn't bet)
Seat 4: beda7542 folded before Flop (didn't bet)
Seat 5: 95d84726 folded before Flop
Seat 6: c2a2b575 (button) collected ($0.32)


Poker Hand #HD1204237603: Hold'em No Limit  ($0.02/$0.05) - 2023/04/15 16:18:38
Table 'NLHBlue76' 6-max Seat #5 is the button
Seat 1: Hero ($5 in chips)
Seat 3: 764b3df1 ($5 in chips)
Seat 4: beda7542 ($2.48 in chips)
Seat 5: 95d84726 ($5.73 in chips)
Seat 6: c2a2b575 ($5.11 in chips)
c2a2b575: posts small blind $0.02
Hero: posts big blind $0.05
*** HOLE CARDS ***
Dealt to Hero [4c Qs]
Dealt to 764b3df1 
Dealt to beda7542 
Dealt to 95d84726 
Dealt to c2a2b575 
764b3df1: raises $0.08 to $0.13
beda7542: folds
95d84726: raises $0.27 to $0.4
c2a2b575: folds
Hero: folds
764b3df1: calls $0.27
*** FLOP *** [8c 8d Th]
764b3df1: checks
95d84726: bets $0.29
764b3df1: calls $0.29
*** TURN *** [8c 8d Th] [Js]
764b3df1: checks
95d84726: bets $1.09
764b3df1: calls $1.09
*** RIVER *** [8c 8d Th Js] [As]
764b3df1: checks
95d84726: checks
764b3df1: shows [Jc Qc] (Pair of Jacks and Pair of Eights)
95d84726: shows [Ks Kh] (Pair of Kings and Pair of Eights)
*** SHOWDOWN ***
95d84726 collected $3.41 from pot
*** SUMMARY ***
Total pot $3.63 | Rake $0.17 | Jackpot $0.05 | Bingo $0 | Fortune $0
Board [8c 8d Th Js As]
Seat 1: Hero (big blind) folded before Flop
Seat 3: 764b3df1 showed [Jc Qc] and lost with Pair of Jacks and Pair of Eights
Seat 4: beda7542 folded before Flop (didn't bet)
Seat 5: 95d84726 (button) showed [Ks Kh] and won ($3.41) with Pair of Kings and Pair of Eights
Seat 6: c2a2b575 (small blind) folded before Flop


