Poker Hand #HD1171748626: Hold'em No Limit  ($0.02/$0.05) - 2023/03/22 23:07:45
Table 'NLHBlue71' 6-max Seat #2 is the button
Seat 1: 1298010d ($3.5 in chips)
Seat 2: 542d8777 ($8.78 in chips)
Seat 3: 1030568d ($5.14 in chips)
Seat 4: 8767a768 ($5.25 in chips)
Seat 5: Hero ($5.08 in chips)
Seat 6: 60f6174d ($5.84 in chips)
1030568d: posts small blind $0.02
8767a768: posts big blind $0.05
*** HOLE CARDS ***
Dealt to 1298010d 
Dealt to 542d8777 
Dealt to 1030568d 
Dealt to 8767a768 
Dealt to Hero [4d Th]
Dealt to 60f6174d 
Hero: folds
60f6174d: folds
1298010d: raises $0.08 to $0.13
542d8777: calls $0.13
1030568d: folds
8767a768: calls $0.08
*** FLOP *** [6h 3h Kh]
8767a768: checks
1298010d: checks
542d8777: checks
*** TURN *** [6h 3h Kh] [4s]
8767a768: bets $0.26
1298010d: folds
542d8777: calls $0.26
*** RIVER *** [6h 3h Kh 4s] [2d]
8767a768: bets $1.33
542d8777: folds
Uncalled bet ($1.33) returned to 8767a768
*** SHOWDOWN ***
8767a768 collected $0.89 from pot
*** SUMMARY ***
Total pot $0.93 | Rake $0.04 | Jackpot $0 | Bingo $0 | Fortune $0
Board [6h 3h Kh 4s 2d]
Seat 1: 1298010d folded on the Turn
Seat 2: 542d8777 (button) folded on the River
Seat 3: 1030568d (small blind) folded before Flop
Seat 4: 8767a768 (big blind) won ($0.89)
Seat 5: Hero folded before Flop (didn't bet)
Seat 6: 60f6174d folded before Flop (didn't bet)


Poker Hand #HD1171748535: Hold'em No Limit  ($0.02/$0.05) - 2023/03/22 23:07:00
Table 'NLHBlue71' 6-max Seat #1 is the button
Seat 1: 1298010d ($3.5 in chips)
Seat 2: 542d8777 ($8.8 in chips)
Seat 3: 1030568d ($5 in chips)
Seat 4: 8767a768 ($5.38 in chips)
Seat 5: Hero ($5.08 in chips)
Seat 6: 60f6174d ($5.84 in chips)
542d8777: posts small blind $0.02
1030568d: posts big blind $0.05
*** HOLE CARDS ***
Dealt to 1298010d 
Dealt to 542d8777 
Dealt to 1030568d 
Dealt to 8767a768 
Dealt to Hero [9h 6h]
Dealt to 60f6174d 
8767a768: raises $0.08 to $0.13
Hero: folds
60f6174d: folds
1298010d: folds
542d8777: folds
1030568d: calls $0.08
*** FLOP *** [Kc 8s Ks]
1030568d: checks
8767a768: checks
*** TURN *** [Kc 8s Ks] [4s]
1030568d: bets $0.1
8767a768: folds
Uncalled bet ($0.1) returned to 1030568d
*** SHOWDOWN ***
1030568d collected $0.27 from pot
*** SUMMARY ***
Total pot $0.28 | Rake $0.01 | Jackpot $0 | Bingo $0 | Fortune $0
Board [Kc 8s Ks 4s]
Seat 1: 1298010d (button) folded before Flop (didn't bet)
Seat 2: 542d8777 (small blind) folded before Flop
Seat 3: 1030568d (big blind) won ($0.27)
Seat 4: 8767a768 folded on the Turn
Seat 5: Hero folded before Flop (didn't bet)
Seat 6: 60f6174d folded before Flop (didn't bet)


Poker Hand #HD1171748473: Hold'em No Limit  ($0.02/$0.05) - 2023/03/22 23:06:32
Table 'NLHBlue71' 6-max Seat #6 is the button
Seat 1: 1298010d ($3.52 in chips)
Seat 2: 542d8777 ($8.85 in chips)
Seat 3: 1030568d ($5 in chips)
Seat 4: 8767a768 ($5.31 in chips)
Seat 5: Hero ($5.08 in chips)
Seat 6: 60f6174d ($5.84 in chips)
1298010d: posts small blind $0.02
542d8777: posts big blind $0.05
*** HOLE CARDS ***
Dealt to 1298010d 
Dealt to 542d8777 
Dealt to 1030568d 
Dealt to 8767a768 
Dealt to Hero [6d 9c]
Dealt to 60f6174d 
1030568d: folds
8767a768: raises $0.08 to $0.13
Hero: folds
60f6174d: folds
1298010d: folds
542d8777: folds
Uncalled bet ($0.08) returned to 8767a768
*** SHOWDOWN ***
8767a768 collected $0.12 from pot
*** SUMMARY ***
Total pot $0.12 | Rake $0 | Jackpot $0 | Bingo $0 | Fortune $0
Seat 1: 1298010d (small blind) folded before Flop
Seat 2: 542d8777 (big blind) folded before Flop
Seat 3: 1030568d folded before Flop (didn't bet)
Seat 4: 8767a768 collected ($0.12)
Seat 5: Hero folded before Flop (didn't bet)
Seat 6: 60f6174d (button) folded before Flop (didn't bet)


Poker Hand #HD1171748437: Hold'em No Limit  ($0.02/$0.05) - 2023/03/22 23:06:16
Table 'NLHBlue71' 6-max Seat #5 is the button
Seat 1: 1298010d ($3.57 in chips)
Seat 2: 542d8777 ($8.78 in chips)
Seat 3: 1030568d ($5 in chips)
Seat 4: 8767a768 ($5.31 in chips)
Seat 5: Hero ($5.08 in chips)
Seat 6: 60f6174d ($5.86 in chips)
60f6174d: posts small blind $0.02
1298010d: posts big blind $0.05
*** HOLE CARDS ***
Dealt to 1298010d 
Dealt to 542d8777 
Dealt to 1030568d 
Dealt to 8767a768 
Dealt to Hero [6d Ah]
Dealt to 60f6174d 
542d8777: raises $0.12 to $0.17
1030568d: folds
8767a768: folds
Hero: folds
60f6174d: folds
1298010d: folds
Uncalled bet ($0.12) returned to 542d8777
*** SHOWDOWN ***
542d8777 collected $0.12 from pot
*** SUMMARY ***
Total pot $0.12 | Rake $0 | Jackpot $0 | Bingo $0 | Fortune $0
Seat 1: 1298010d (big blind) folded before Flop
Seat 2: 542d8777 collected ($0.12)
Seat 3: 1030568d folded before Flop (didn't bet)
Seat 4: 8767a768 folded before Flop (didn't bet)
Seat 5: Hero (button) folded before Flop (didn't bet)
Seat 6: 60f6174d (small blind) folded before Flop


Poker Hand #HD1171748406: Hold'em No Limit  ($0.02/$0.05) - 2023/03/22 23:06:02
Table 'NLHBlue71' 6-max Seat #4 is the button
Seat 1: 1298010d ($3.5 in chips)
Seat 2: 542d8777 ($8.78 in chips)
Seat 3: 1030568d ($5 in chips)
Seat 4: 8767a768 ($5.31 in chips)
Seat 5: Hero ($5.1 in chips)
Seat 6: 60f6174d ($5.91 in chips)
Hero: posts small blind $0.02
60f6174d: posts big blind $0.05
*** HOLE CARDS ***
Dealt to 1298010d 
Dealt to 542d8777 
Dealt to 1030568d 
Dealt to 8767a768 
Dealt to Hero [2h 8s]
Dealt to 60f6174d 
1298010d: raises $0.08 to $0.13
542d8777: folds
1030568d: folds
8767a768: folds
Hero: folds
60f6174d: folds
Uncalled bet ($0.08) returned to 1298010d
*** SHOWDOWN ***
1298010d collected $0.12 from pot
*** SUMMARY ***
Total pot $0.12 | Rake $0 | Jackpot $0 | Bingo $0 | Fortune $0
Seat 1: 1298010d collected ($0.12)
Seat 2: 542d8777 folded before Flop (didn't bet)
Seat 3: 1030568d folded before Flop (didn't bet)
Seat 4: 8767a768 (button) folded before Flop (didn't bet)
Seat 5: Hero (small blind) folded before Flop
Seat 6: 60f6174d (big blind) folded before Flop


Poker Hand #HD1171748207: Hold'em No Limit  ($0.02/$0.05) - 2023/03/22 23:04:34
Table 'NLHBlue71' 6-max Seat #3 is the button
Seat 1: 1298010d ($3.5 in chips)
Seat 2: 542d8777 ($8.91 in chips)
Seat 3: 1030568d ($5 in chips)
Seat 4: 8767a768 ($5.14 in chips)
Seat 5: Hero ($5.15 in chips)
Seat 6: 60f6174d ($5.91 in chips)
8767a768: posts small blind $0.02
Hero: posts big blind $0.05
*** HOLE CARDS ***
Dealt to 1298010d 
Dealt to 542d8777 
Dealt to 1030568d 
Dealt to 8767a768 
Dealt to Hero [9h 4c]
Dealt to 60f6174d 
60f6174d: folds
1298010d: folds
542d8777: raises $0.08 to $0.13
1030568d: folds
8767a768: calls $0.11
Hero: folds
*** FLOP *** [Js 2h Ah]
8767a768: checks
542d8777: checks
*** TURN *** [Js 2h Ah] [4h]
8767a768: checks
542d8777: checks
*** RIVER *** [Js 2h Ah 4h] [2c]
8767a768: bets $0.5
542d8777: folds
Uncalled bet ($0.5) returned to 8767a768
*** SHOWDOWN ***
8767a768 collected $0.3 from pot
*** SUMMARY ***
Total pot $0.31 | Rake $0.01 | Jackpot $0 | Bingo $0 | Fortune $0
Board [Js 2h Ah 4h 2c]
Seat 1: 1298010d folded before Flop (didn't bet)
Seat 2: 542d8777 folded on the River
Seat 3: 1030568d (button) folded before Flop (didn't bet)
Seat 4: 8767a768 (small blind) won ($0.3)
Seat 5: Hero (big blind) folded before Flop
Seat 6: 60f6174d folded before Flop (didn't bet)


Poker Hand #HD1171748148: Hold'em No Limit  ($0.02/$0.05) - 2023/03/22 23:04:09
Table 'NLHBlue71' 6-max Seat #2 is the button
Seat 1: 1298010d ($3.5 in chips)
Seat 2: 542d8777 ($8.84 in chips)
Seat 3: 1030568d ($5 in chips)
Seat 4: 8767a768 ($5.19 in chips)
Seat 5: Hero ($5.15 in chips)
Seat 6: 60f6174d ($5.91 in chips)
1030568d: posts small blind $0.02
8767a768: posts big blind $0.05
*** HOLE CARDS ***
Dealt to 1298010d 
Dealt to 542d8777 
Dealt to 1030568d 
Dealt to 8767a768 
Dealt to Hero [Js 6d]
Dealt to 60f6174d 
Hero: folds
60f6174d: folds
1298010d: folds
542d8777: raises $0.12 to $0.17
1030568d: folds
8767a768: folds
Uncalled bet ($0.12) returned to 542d8777
*** SHOWDOWN ***
542d8777 collected $0.12 from pot
*** SUMMARY ***
Total pot $0.12 | Rake $0 | Jackpot $0 | Bingo $0 | Fortune $0
Seat 1: 1298010d folded before Flop (didn't bet)
Seat 2: 542d8777 (button) collected ($0.12)
Seat 3: 1030568d (small blind) folded before Flop
Seat 4: 8767a768 (big blind) folded before Flop
Seat 5: Hero folded before Flop (didn't bet)
Seat 6: 60f6174d folded before Flop (didn't bet)


Poker Hand #HD1171748114: Hold'em No Limit  ($0.02/$0.05) - 2023/03/22 23:03:55
Table 'NLHBlue71' 6-max Seat #1 is the button
Seat 1: 1298010d ($3.5 in chips)
Seat 2: 542d8777 ($8.86 in chips)
Seat 3: 1030568d ($5 in chips)
Seat 4: 8767a768 ($5.12 in chips)
Seat 5: Hero ($5.15 in chips)
Seat 6: 60f6174d ($5.91 in chips)
542d8777: posts small blind $0.02
1030568d: posts big blind $0.05
*** HOLE CARDS ***
Dealt to 1298010d 
Dealt to 542d8777 
Dealt to 1030568d 
Dealt to 8767a768 
Dealt to Hero [Kh 4s]
Dealt to 60f6174d 
8767a768: raises $0.08 to $0.13
Hero: folds
60f6174d: folds
1298010d: folds
542d8777: folds
1030568d: folds
Uncalled bet ($0.08) returned to 8767a768
*** SHOWDOWN ***
8767a768 collected $0.12 from pot
*** SUMMARY ***
Total pot $0.12 | Rake $0 | Jackpot $0 | Bingo $0 | Fortune $0
Seat 1: 1298010d (button) folded before Flop (didn't bet)
Seat 2: 542d8777 (small blind) folded before Flop
Seat 3: 1030568d (big blind) folded before Flop
Seat 4: 8767a768 collected ($0.12)
Seat 5: Hero folded before Flop (didn't bet)
Seat 6: 60f6174d folded before Flop (didn't bet)


Poker Hand #HD1171747880: Hold'em No Limit  ($0.02/$0.05) - 2023/03/22 23:02:12
Table 'NLHBlue71' 6-max Seat #6 is the button
Seat 1: 1298010d ($3.52 in chips)
Seat 2: 542d8777 ($7.72 in chips)
Seat 3: 1030568d ($5.14 in chips)
Seat 4: 8767a768 ($5.12 in chips)
Seat 5: Hero ($5.15 in chips)
Seat 6: 60f6174d ($5.91 in chips)
1298010d: posts small blind $0.02
542d8777: posts big blind $0.05
*** HOLE CARDS ***
Dealt to 1298010d 
Dealt to 542d8777 
Dealt to 1030568d 
Dealt to 8767a768 
Dealt to Hero [4c 7c]
Dealt to 60f6174d 
1030568d: raises $0.06 to $0.11
8767a768: folds
Hero: folds
60f6174d: folds
1298010d: folds
542d8777: calls $0.06
*** FLOP *** [8c 6s 3c]
542d8777: bets $0.14
1030568d: raises $0.39 to $0.53
542d8777: calls $0.39
*** TURN *** [8c 6s 3c] [2c]
542d8777: checks
1030568d: bets $0.65
542d8777: raises $6.43 to $7.08 and is all-in
1030568d: folds
Uncalled bet ($6.43) returned to 542d8777
*** SHOWDOWN ***
542d8777 collected $2.43 from pot
*** SUMMARY ***
Total pot $2.6 | Rake $0.12 | Jackpot $0.05 | Bingo $0 | Fortune $0
Board [8c 6s 3c 2c]
Seat 1: 1298010d (small blind) folded before Flop
Seat 2: 542d8777 (big blind) won ($2.43)
Seat 3: 1030568d folded on the Turn
Seat 4: 8767a768 folded before Flop (didn't bet)
Seat 5: Hero folded before Flop (didn't bet)
Seat 6: 60f6174d (button) folded before Flop (didn't bet)


Poker Hand #HD1171747837: Hold'em No Limit  ($0.02/$0.05) - 2023/03/22 23:01:52
Table 'NLHBlue71' 6-max Seat #5 is the button
Seat 1: 1298010d ($3.57 in chips)
Seat 2: 542d8777 ($7.72 in chips)
Seat 3: 1030568d ($5.07 in chips)
Seat 4: 8767a768 ($5.12 in chips)
Seat 5: Hero ($5.15 in chips)
Seat 6: 60f6174d ($5.93 in chips)
60f6174d: posts small blind $0.02
1298010d: posts big blind $0.05
*** HOLE CARDS ***
Dealt to 1298010d 
Dealt to 542d8777 
Dealt to 1030568d 
Dealt to 8767a768 
Dealt to Hero [8c 6s]
Dealt to 60f6174d 
542d8777: folds
1030568d: raises $0.06 to $0.11
8767a768: folds
Hero: folds
60f6174d: folds
1298010d: folds
Uncalled bet ($0.06) returned to 1030568d
*** SHOWDOWN ***
1030568d collected $0.12 from pot
*** SUMMARY ***
Total pot $0.12 | Rake $0 | Jackpot $0 | Bingo $0 | Fortune $0
Seat 1: 1298010d (big blind) folded before Flop
Seat 2: 542d8777 folded before Flop (didn't bet)
Seat 3: 1030568d collected ($0.12)
Seat 4: 8767a768 folded before Flop (didn't bet)
Seat 5: Hero (button) folded before Flop (didn't bet)
Seat 6: 60f6174d (small blind) folded before Flop


Poker Hand #HD1171747795: Hold'em No Limit  ($0.02/$0.05) - 2023/03/22 23:01:32
Table 'NLHBlue71' 6-max Seat #4 is the button
Seat 1: 1298010d ($3.57 in chips)
Seat 2: 542d8777 ($7.72 in chips)
Seat 3: 1030568d ($5 in chips)
Seat 4: 8767a768 ($5.12 in chips)
Seat 5: Hero ($5.17 in chips)
Seat 6: 60f6174d ($5.98 in chips)
Hero: posts small blind $0.02
60f6174d: posts big blind $0.05
*** HOLE CARDS ***
Dealt to 1298010d 
Dealt to 542d8777 
Dealt to 1030568d 
Dealt to 8767a768 
Dealt to Hero [3h 5d]
Dealt to 60f6174d 
1298010d: folds
542d8777: folds
1030568d: raises $0.06 to $0.11
8767a768: folds
Hero: folds
60f6174d: folds
Uncalled bet ($0.06) returned to 1030568d
*** SHOWDOWN ***
1030568d collected $0.12 from pot
*** SUMMARY ***
Total pot $0.12 | Rake $0 | Jackpot $0 | Bingo $0 | Fortune $0
Seat 1: 1298010d folded before Flop (didn't bet)
Seat 2: 542d8777 folded before Flop (didn't bet)
Seat 3: 1030568d collected ($0.12)
Seat 4: 8767a768 (button) folded before Flop (didn't bet)
Seat 5: Hero (small blind) folded before Flop
Seat 6: 60f6174d (big blind) folded before Flop


Poker Hand #HD1171747742: Hold'em No Limit  ($0.02/$0.05) - 2023/03/22 23:01:09
Table 'NLHBlue71' 6-max Seat #3 is the button
Seat 1: 1298010d ($3.57 in chips)
Seat 2: 542d8777 ($7.72 in chips)
Seat 3: 1030568d ($5 in chips)
Seat 4: 8767a768 ($5.07 in chips)
Seat 5: Hero ($5.22 in chips)
Seat 6: 60f6174d ($5.98 in chips)
8767a768: posts small blind $0.02
Hero: posts big blind $0.05
*** HOLE CARDS ***
Dealt to 1298010d 
Dealt to 542d8777 
Dealt to 1030568d 
Dealt to 8767a768 
Dealt to Hero [8s Qh]
Dealt to 60f6174d 
60f6174d: folds
1298010d: folds
542d8777: folds
1030568d: folds
8767a768: raises $0.08 to $0.13
Hero: folds
Uncalled bet ($0.08) returned to 8767a768
*** SHOWDOWN ***
8767a768 collected $0.1 from pot
*** SUMMARY ***
Total pot $0.1 | Rake $0 | Jackpot $0 | Bingo $0 | Fortune $0
Seat 1: 1298010d folded before Flop (didn't bet)
Seat 2: 542d8777 folded before Flop (didn't bet)
Seat 3: 1030568d (button) folded before Flop (didn't bet)
Seat 4: 8767a768 (small blind) collected ($0.1)
Seat 5: Hero (big blind) folded before Flop
Seat 6: 60f6174d folded before Flop (didn't bet)


Poker Hand #HD1171747674: Hold'em No Limit  ($0.02/$0.05) - 2023/03/22 23:00:41
Table 'NLHBlue71' 6-max Seat #2 is the button
Seat 1: 1298010d ($3.57 in chips)
Seat 2: 542d8777 ($7.72 in chips)
Seat 3: 1030568d ($5 in chips)
Seat 4: 8767a768 ($5.12 in chips)
Seat 5: Hero ($5.15 in chips)
Seat 6: 60f6174d ($5.98 in chips)
1030568d: posts small blind $0.02
8767a768: posts big blind $0.05
*** HOLE CARDS ***
Dealt to 1298010d 
Dealt to 542d8777 
Dealt to 1030568d 
Dealt to 8767a768 
Dealt to Hero [Ts Ac]
Dealt to 60f6174d 
Hero: raises $0.07 to $0.12
60f6174d: folds
1298010d: folds
542d8777: folds
1030568d: folds
8767a768: folds
Uncalled bet ($0.07) returned to Hero
*** SHOWDOWN ***
Hero collected $0.12 from pot
*** SUMMARY ***
Total pot $0.12 | Rake $0 | Jackpot $0 | Bingo $0 | Fortune $0
Seat 1: 1298010d folded before Flop (didn't bet)
Seat 2: 542d8777 (button) folded before Flop (didn't bet)
Seat 3: 1030568d (small blind) folded before Flop
Seat 4: 8767a768 (big blind) folded before Flop
Seat 5: Hero collected ($0.12)
Seat 6: 60f6174d folded before Flop (didn't bet)


Poker Hand #HD1171747633: Hold'em No Limit  ($0.02/$0.05) - 2023/03/22 23:00:17
Table 'NLHBlue71' 6-max Seat #1 is the button
Seat 1: 1298010d ($3.5 in chips)
Seat 2: 542d8777 ($7.74 in chips)
Seat 3: 1030568d ($5 in chips)
Seat 4: 8767a768 ($5.12 in chips)
Seat 5: Hero ($5.15 in chips)
Seat 6: 60f6174d ($5.98 in chips)
542d8777: posts small blind $0.02
1030568d: posts big blind $0.05
*** HOLE CARDS ***
Dealt to 1298010d 
Dealt to 542d8777 
Dealt to 1030568d 
Dealt to 8767a768 
Dealt to Hero [9h Kc]
Dealt to 60f6174d 
8767a768: folds
Hero: folds
60f6174d: folds
1298010d: raises $0.08 to $0.13
542d8777: folds
1030568d: folds
Uncalled bet ($0.08) returned to 1298010d
*** SHOWDOWN ***
1298010d collected $0.12 from pot
*** SUMMARY ***
Total pot $0.12 | Rake $0 | Jackpot $0 | Bingo $0 | Fortune $0
Seat 1: 1298010d (button) collected ($0.12)
Seat 2: 542d8777 (small blind) folded before Flop
Seat 3: 1030568d (big blind) folded before Flop
Seat 4: 8767a768 folded before Flop (didn't bet)
Seat 5: Hero folded before Flop (didn't bet)
Seat 6: 60f6174d folded before Flop (didn't bet)


Poker Hand #HD1171747580: Hold'em No Limit  ($0.02/$0.05) - 2023/03/22 22:59:50
Table 'NLHBlue71' 6-max Seat #6 is the button
Seat 1: 1298010d ($3.52 in chips)
Seat 2: 542d8777 ($7.79 in chips)
Seat 3: 1030568d ($5 in chips)
Seat 4: 8767a768 ($5.12 in chips)
Seat 5: Hero ($5.15 in chips)
Seat 6: 60f6174d ($5.91 in chips)
1298010d: posts small blind $0.02
542d8777: posts big blind $0.05
*** HOLE CARDS ***
Dealt to 1298010d 
Dealt to 542d8777 
Dealt to 1030568d 
Dealt to 8767a768 
Dealt to Hero [5s 8c]
Dealt to 60f6174d 
1030568d: folds
8767a768: folds
Hero: folds
60f6174d: raises $0.1 to $0.15
1298010d: folds
542d8777: folds
Uncalled bet ($0.1) returned to 60f6174d
*** SHOWDOWN ***
60f6174d collected $0.12 from pot
*** SUMMARY ***
Total pot $0.12 | Rake $0 | Jackpot $0 | Bingo $0 | Fortune $0
Seat 1: 1298010d (small blind) folded before Flop
Seat 2: 542d8777 (big blind) folded before Flop
Seat 3: 1030568d folded before Flop (didn't bet)
Seat 4: 8767a768 folded before Flop (didn't bet)
Seat 5: Hero folded before Flop (didn't bet)
Seat 6: 60f6174d (button) collected ($0.12)


Poker Hand #HD1171747490: Hold'em No Limit  ($0.02/$0.05) - 2023/03/22 22:59:03
Table 'NLHBlue71' 6-max Seat #5 is the button
Seat 1: 1298010d ($3.64 in chips)
Seat 2: 542d8777 ($7.79 in chips)
Seat 3: 1030568d ($5 in chips)
Seat 4: 8767a768 ($5.12 in chips)
Seat 5: Hero ($5.02 in chips)
Seat 6: 60f6174d ($5.93 in chips)
60f6174d: posts small blind $0.02
1298010d: posts big blind $0.05
*** HOLE CARDS ***
Dealt to 1298010d 
Dealt to 542d8777 
Dealt to 1030568d 
Dealt to 8767a768 
Dealt to Hero [Tc 8c]
Dealt to 60f6174d 
542d8777: folds
1030568d: folds
8767a768: folds
Hero: raises $0.07 to $0.12
60f6174d: folds
1298010d: calls $0.07
*** FLOP *** [Kc Td 9h]
1298010d: checks
Hero: checks
*** TURN *** [Kc Td 9h] [5d]
1298010d: checks
Hero: checks
*** RIVER *** [Kc Td 9h 5d] [5s]
1298010d: checks
Hero: bets $0.06
1298010d: folds
Uncalled bet ($0.06) returned to Hero
*** SHOWDOWN ***
Hero collected $0.25 from pot
*** SUMMARY ***
Total pot $0.26 | Rake $0.01 | Jackpot $0 | Bingo $0 | Fortune $0
Board [Kc Td 9h 5d 5s]
Seat 1: 1298010d (big blind) folded on the River
Seat 2: 542d8777 folded before Flop (didn't bet)
Seat 3: 1030568d folded before Flop (didn't bet)
Seat 4: 8767a768 folded before Flop (didn't bet)
Seat 5: Hero (button) won ($0.25)
Seat 6: 60f6174d (small blind) folded before Flop


Poker Hand #HD1171747316: Hold'em No Limit  ($0.02/$0.05) - 2023/03/22 22:57:37
Table 'NLHBlue71' 6-max Seat #4 is the button
Seat 1: 1298010d ($3.43 in chips)
Seat 2: 542d8777 ($7.94 in chips)
Seat 3: 1030568d ($5 in chips)
Seat 4: 8767a768 ($5.12 in chips)
Seat 5: Hero ($5.04 in chips)
Seat 6: 60f6174d ($5.98 in chips)
Hero: posts small blind $0.02
60f6174d: posts big blind $0.05
*** HOLE CARDS ***
Dealt to 1298010d 
Dealt to 542d8777 
Dealt to 1030568d 
Dealt to 8767a768 
Dealt to Hero [9d Ah]
Dealt to 60f6174d 
1298010d: raises $0.1 to $0.15
542d8777: calls $0.15
1030568d: folds
8767a768: folds
Hero: folds
60f6174d: folds
*** FLOP *** [7d Td 8c]
1298010d: checks
542d8777: checks
*** TURN *** [7d Td 8c] [2s]
1298010d: checks
542d8777: checks
*** RIVER *** [7d Td 8c 2s] [4c]
1298010d: checks
542d8777: checks
1298010d: shows [6h 6d] (Pair of Sixes)
542d8777: shows [Qd Ks] (King-High)
*** SHOWDOWN ***
1298010d collected $0.36 from pot
*** SUMMARY ***
Total pot $0.37 | Rake $0.01 | Jackpot $0 | Bingo $0 | Fortune $0
Board [7d Td 8c 2s 4c]
Seat 1: 1298010d showed [6h 6d] and won ($0.36) with Pair of Sixes
Seat 2: 542d8777 showed [Qd Ks] and lost with King-High
Seat 3: 1030568d folded before Flop (didn't bet)
Seat 4: 8767a768 (button) folded before Flop (didn't bet)
Seat 5: Hero (small blind) folded before Flop
Seat 6: 60f6174d (big blind) folded before Flop


Poker Hand #HD1171747291: Hold'em No Limit  ($0.02/$0.05) - 2023/03/22 22:57:23
Table 'NLHBlue71' 6-max Seat #3 is the button
Seat 1: 1298010d ($3.43 in chips)
Seat 2: 542d8777 ($7.94 in chips)
Seat 3: 1030568d ($5 in chips)
Seat 4: 8767a768 ($5.14 in chips)
Seat 5: Hero ($5.02 in chips)
Seat 6: 60f6174d ($5.98 in chips)
8767a768: posts small blind $0.02
Hero: posts big blind $0.05
*** HOLE CARDS ***
Dealt to 1298010d 
Dealt to 542d8777 
Dealt to 1030568d 
Dealt to 8767a768 
Dealt to Hero [2s 5d]
Dealt to 60f6174d 
60f6174d: folds
1298010d: folds
542d8777: folds
1030568d: folds
8767a768: folds
Uncalled bet ($0.03) returned to Hero
*** SHOWDOWN ***
Hero collected $0.04 from pot
*** SUMMARY ***
Total pot $0.04 | Rake $0 | Jackpot $0 | Bingo $0 | Fortune $0
Seat 1: 1298010d folded before Flop (didn't bet)
Seat 2: 542d8777 folded before Flop (didn't bet)
Seat 3: 1030568d (button) folded before Flop (didn't bet)
Seat 4: 8767a768 (small blind) folded before Flop
Seat 5: Hero (big blind) collected ($0.04)
Seat 6: 60f6174d folded before Flop (didn't bet)


Poker Hand #HD1171747208: Hold'em No Limit  ($0.02/$0.05) - 2023/03/22 22:56:46
Table 'NLHBlue71' 6-max Seat #2 is the button
Seat 1: 1298010d ($3.43 in chips)
Seat 2: 542d8777 ($7.94 in chips)
Seat 3: 1030568d ($5 in chips)
Seat 4: 8767a768 ($5 in chips)
Seat 5: Hero ($5.02 in chips)
Seat 6: 60f6174d ($5.98 in chips)
1030568d: posts small blind $0.02
8767a768: posts big blind $0.05
*** HOLE CARDS ***
Dealt to 1298010d 
Dealt to 542d8777 
Dealt to 1030568d 
Dealt to 8767a768 
Dealt to Hero [Qd Jh]
Dealt to 60f6174d 
Hero: folds
60f6174d: folds
1298010d: folds
542d8777: folds
1030568d: raises $0.1 to $0.15
8767a768: raises $0.43 to $0.58
1030568d: folds
Uncalled bet ($0.43) returned to 8767a768
*** SHOWDOWN ***
8767a768 collected $0.29 from pot
*** SUMMARY ***
Total pot $0.3 | Rake $0.01 | Jackpot $0 | Bingo $0 | Fortune $0
Seat 1: 1298010d folded before Flop (didn't bet)
Seat 2: 542d8777 (button) folded before Flop (didn't bet)
Seat 3: 1030568d (small blind) folded before Flop
Seat 4: 8767a768 (big blind) collected ($0.29)
Seat 5: Hero folded before Flop (didn't bet)
Seat 6: 60f6174d folded before Flop (didn't bet)


Poker Hand #HD1171747166: Hold'em No Limit  ($0.02/$0.05) - 2023/03/22 22:56:24
Table 'NLHBlue71' 6-max Seat #1 is the button
Seat 1: 1298010d ($3.43 in chips)
Seat 2: 542d8777 ($7.96 in chips)
Seat 3: 1030568d ($5.04 in chips)
Seat 4: 8767a768 ($5 in chips)
Seat 5: Hero ($5.02 in chips)
Seat 6: 60f6174d ($5.91 in chips)
542d8777: posts small blind $0.02
1030568d: posts big blind $0.05
*** HOLE CARDS ***
Dealt to 1298010d 
Dealt to 542d8777 
Dealt to 1030568d 
Dealt to 8767a768 
Dealt to Hero [2d As]
Dealt to 60f6174d 
8767a768: folds
Hero: folds
60f6174d: raises $0.1 to $0.15
1298010d: folds
542d8777: folds
1030568d: folds
Uncalled bet ($0.1) returned to 60f6174d
*** SHOWDOWN ***
60f6174d collected $0.12 from pot
*** SUMMARY ***
Total pot $0.12 | Rake $0 | Jackpot $0 | Bingo $0 | Fortune $0
Seat 1: 1298010d (button) folded before Flop (didn't bet)
Seat 2: 542d8777 (small blind) folded before Flop
Seat 3: 1030568d (big blind) folded before Flop
Seat 4: 8767a768 folded before Flop (didn't bet)
Seat 5: Hero folded before Flop (didn't bet)
Seat 6: 60f6174d collected ($0.12)


Poker Hand #HD1171747124: Hold'em No Limit  ($0.02/$0.05) - 2023/03/22 22:56:02
Table 'NLHBlue71' 6-max Seat #6 is the button
Seat 1: 1298010d ($3.45 in chips)
Seat 2: 542d8777 ($7.94 in chips)
Seat 3: 1030568d ($5.04 in chips)
Seat 4: 8767a768 ($4.54 in chips)
Seat 5: Hero ($5.02 in chips)
Seat 6: 60f6174d ($5.91 in chips)
1298010d: posts small blind $0.02
542d8777: posts big blind $0.05
*** HOLE CARDS ***
Dealt to 1298010d 
Dealt to 542d8777 
Dealt to 1030568d 
Dealt to 8767a768 
Dealt to Hero [4d 7h]
Dealt to 60f6174d 
1030568d: folds
8767a768: folds
Hero: folds
60f6174d: folds
1298010d: folds
Uncalled bet ($0.03) returned to 542d8777
*** SHOWDOWN ***
542d8777 collected $0.04 from pot
*** SUMMARY ***
Total pot $0.04 | Rake $0 | Jackpot $0 | Bingo $0 | Fortune $0
Seat 1: 1298010d (small blind) folded before Flop
Seat 2: 542d8777 (big blind) collected ($0.04)
Seat 3: 1030568d folded before Flop (didn't bet)
Seat 4: 8767a768 folded before Flop (didn't bet)
Seat 5: Hero folded before Flop (didn't bet)
Seat 6: 60f6174d (button) folded before Flop (didn't bet)


Poker Hand #HD1171746966: Hold'em No Limit  ($0.02/$0.05) - 2023/03/22 22:54:52
Table 'NLHBlue71' 6-max Seat #5 is the button
Seat 1: 1298010d ($3.5 in chips)
Seat 2: 542d8777 ($7.94 in chips)
Seat 3: 1030568d ($5.04 in chips)
Seat 4: 8767a768 ($4.78 in chips)
Seat 5: Hero ($5.02 in chips)
Seat 6: 60f6174d ($5.64 in chips)
60f6174d: posts small blind $0.02
1298010d: posts big blind $0.05
*** HOLE CARDS ***
Dealt to 1298010d 
Dealt to 542d8777 
Dealt to 1030568d 
Dealt to 8767a768 
Dealt to Hero [2c 8h]
Dealt to 60f6174d 
542d8777: folds
1030568d: folds
8767a768: raises $0.08 to $0.13
Hero: folds
60f6174d: calls $0.11
1298010d: folds
*** FLOP *** [Jc Ac 3c]
60f6174d: checks
8767a768: checks
*** TURN *** [Jc Ac 3c] [5c]
60f6174d: checks
8767a768: bets $0.11
60f6174d: calls $0.11
*** RIVER *** [Jc Ac 3c 5c] [Ad]
60f6174d: bets $0.4
8767a768: folds
Uncalled bet ($0.4) returned to 60f6174d
8767a768: shows [Ah] (Three Aces)
*** SHOWDOWN ***
60f6174d collected $0.51 from pot
*** SUMMARY ***
Total pot $0.53 | Rake $0.02 | Jackpot $0 | Bingo $0 | Fortune $0
Board [Jc Ac 3c 5c Ad]
Seat 1: 1298010d (big blind) folded before Flop
Seat 2: 542d8777 folded before Flop (didn't bet)
Seat 3: 1030568d folded before Flop (didn't bet)
Seat 4: 8767a768 folded on the River
Seat 5: Hero (button) folded before Flop (didn't bet)
Seat 6: 60f6174d (small blind) won ($0.51)


Poker Hand #HD1171746946: Hold'em No Limit  ($0.02/$0.05) - 2023/03/22 22:54:41
Table 'NLHBlue71' 6-max Seat #4 is the button
Seat 1: 1298010d ($3.5 in chips)
Seat 2: 542d8777 ($7.94 in chips)
Seat 3: 1030568d ($5.04 in chips)
Seat 4: 8767a768 ($4.78 in chips)
Seat 5: Hero ($5 in chips)
Seat 6: 60f6174d ($5.62 in chips)
Hero: posts small blind $0.02
60f6174d: posts big blind $0.05
*** HOLE CARDS ***
Dealt to 1298010d 
Dealt to 542d8777 
Dealt to 1030568d 
Dealt to 8767a768 
Dealt to Hero [Ts 3h]
Dealt to 60f6174d 
1298010d: folds
542d8777: folds
1030568d: folds
8767a768: folds
Hero: folds
Uncalled bet ($0.03) returned to 60f6174d
*** SHOWDOWN ***
60f6174d collected $0.04 from pot
*** SUMMARY ***
Total pot $0.04 | Rake $0 | Jackpot $0 | Bingo $0 | Fortune $0
Seat 1: 1298010d folded before Flop (didn't bet)
Seat 2: 542d8777 folded before Flop (didn't bet)
Seat 3: 1030568d folded before Flop (didn't bet)
Seat 4: 8767a768 (button) folded before Flop (didn't bet)
Seat 5: Hero (small blind) folded before Flop
Seat 6: 60f6174d (big blind) collected ($0.04)


Poker Hand #HD1171746785: Hold'em No Limit  ($0.02/$0.05) - 2023/03/22 22:53:23
Table 'NLHBlue71' 6-max Seat #3 is the button
Seat 1: 1298010d ($3.5 in chips)
Seat 2: 542d8777 ($8.09 in chips)
Seat 3: 1030568d ($5.19 in chips)
Seat 4: 8767a768 ($4.8 in chips)
Seat 5: Hero ($5 in chips)
Seat 6: 60f6174d ($2.82 in chips)
8767a768: posts small blind $0.02
Hero: posts big blind $0.05
*** HOLE CARDS ***
Dealt to 1298010d 
Dealt to 542d8777 
Dealt to 1030568d 
Dealt to 8767a768 
Dealt to Hero [Jh Jd]
Dealt to 60f6174d 
60f6174d: raises $0.1 to $0.15
1298010d: folds
542d8777: calls $0.15
1030568d: calls $0.15
8767a768: folds
Hero: raises $0.57 to $0.72
60f6174d: raises $2.1 to $2.82 and is all-in
542d8777: folds
1030568d: folds
Hero: calls $2.1
60f6174d: shows [Kd Kc]
Hero: shows [Jh Jd]
*** FLOP *** [5h 5d 4d]
*** TURN *** [5h 5d 4d] [Ad]
*** RIVER *** [5h 5d 4d Ad] [Ks]
*** SHOWDOWN ***
60f6174d collected $5.62 from pot
*** SUMMARY ***
Total pot $5.96 | Rake $0.29 | Jackpot $0.05 | Bingo $0 | Fortune $0
Board [5h 5d 4d Ad Ks]
Seat 1: 1298010d folded before Flop (didn't bet)
Seat 2: 542d8777 folded before Flop
Seat 3: 1030568d (button) folded before Flop
Seat 4: 8767a768 (small blind) folded before Flop
Seat 5: Hero (big blind) showed [Jh Jd] and lost with Pair of Jacks and Pair of Fives
Seat 6: 60f6174d showed [Kd Kc] and won ($5.62) with Kings Full over Fives


