Poker Hand #HD1137571614: Hold'em No Limit  ($0.02/$0.05) - 2023/02/26 21:04:02
Table 'NLHBlue60' 6-max Seat #6 is the button
Seat 1: 19c0a3a2 ($8.77 in chips)
Seat 2: e00e7bfd ($4.05 in chips)
Seat 3: Hero ($5.7 in chips)
Seat 4: 86a8cdaa ($10.57 in chips)
Seat 5: 47ee2238 ($5.07 in chips)
Seat 6: 4f3e997d ($5.64 in chips)
19c0a3a2: posts small blind $0.02
e00e7bfd: posts big blind $0.05
*** HOLE CARDS ***
Dealt to 19c0a3a2 
Dealt to e00e7bfd 
Dealt to Hero [8d 6d]
Dealt to 86a8cdaa 
Dealt to 47ee2238 
Dealt to 4f3e997d 
Hero: folds
86a8cdaa: folds
47ee2238: folds
4f3e997d: folds
19c0a3a2: folds
Uncalled bet ($0.03) returned to e00e7bfd
*** SHOWDOWN ***
e00e7bfd collected $0.04 from pot
*** SUMMARY ***
Total pot $0.04 | Rake $0 | Jackpot $0 | Bingo $0 | Fortune $0
Seat 1: 19c0a3a2 (small blind) folded before Flop
Seat 2: e00e7bfd (big blind) collected ($0.04)
Seat 3: Hero folded before Flop (didn't bet)
Seat 4: 86a8cdaa folded before Flop (didn't bet)
Seat 5: 47ee2238 folded before Flop (didn't bet)
Seat 6: 4f3e997d (button) folded before Flop (didn't bet)


Poker Hand #HD1137571563: Hold'em No Limit  ($0.02/$0.05) - 2023/02/26 21:03:40
Table 'NLHBlue60' 6-max Seat #5 is the button
Seat 1: 19c0a3a2 ($8.82 in chips)
Seat 2: e00e7bfd ($4.05 in chips)
Seat 3: Hero ($5.7 in chips)
Seat 4: 86a8cdaa ($10.57 in chips)
Seat 5: 47ee2238 ($5 in chips)
Seat 6: 4f3e997d ($5.66 in chips)
4f3e997d: posts small blind $0.02
19c0a3a2: posts big blind $0.05
*** HOLE CARDS ***
Dealt to 19c0a3a2 
Dealt to e00e7bfd 
Dealt to Hero [6d Qs]
Dealt to 86a8cdaa 
Dealt to 47ee2238 
Dealt to 4f3e997d 
e00e7bfd: folds
Hero: folds
86a8cdaa: folds
47ee2238: raises $0.08 to $0.13
4f3e997d: folds
19c0a3a2: folds
Uncalled bet ($0.08) returned to 47ee2238
*** SHOWDOWN ***
47ee2238 collected $0.12 from pot
*** SUMMARY ***
Total pot $0.12 | Rake $0 | Jackpot $0 | Bingo $0 | Fortune $0
Seat 1: 19c0a3a2 (big blind) folded before Flop
Seat 2: e00e7bfd folded before Flop (didn't bet)
Seat 3: Hero folded before Flop (didn't bet)
Seat 4: 86a8cdaa folded before Flop (didn't bet)
Seat 5: 47ee2238 (button) collected ($0.12)
Seat 6: 4f3e997d (small blind) folded before Flop


Poker Hand #HD1137571516: Hold'em No Limit  ($0.02/$0.05) - 2023/02/26 21:03:20
Table 'NLHBlue60' 6-max Seat #4 is the button
Seat 1: 19c0a3a2 ($8.75 in chips)
Seat 2: e00e7bfd ($4.05 in chips)
Seat 3: Hero ($5.7 in chips)
Seat 4: 86a8cdaa ($10.57 in chips)
Seat 5: 47ee2238 ($5.02 in chips)
Seat 6: 4f3e997d ($5.71 in chips)
47ee2238: posts small blind $0.02
4f3e997d: posts big blind $0.05
*** HOLE CARDS ***
Dealt to 19c0a3a2 
Dealt to e00e7bfd 
Dealt to Hero [5h Jc]
Dealt to 86a8cdaa 
Dealt to 47ee2238 
Dealt to 4f3e997d 
19c0a3a2: raises $0.1 to $0.15
e00e7bfd: folds
Hero: folds
86a8cdaa: folds
47ee2238: folds
4f3e997d: folds
Uncalled bet ($0.1) returned to 19c0a3a2
*** SHOWDOWN ***
19c0a3a2 collected $0.12 from pot
*** SUMMARY ***
Total pot $0.12 | Rake $0 | Jackpot $0 | Bingo $0 | Fortune $0
Seat 1: 19c0a3a2 collected ($0.12)
Seat 2: e00e7bfd folded before Flop (didn't bet)
Seat 3: Hero folded before Flop (didn't bet)
Seat 4: 86a8cdaa (button) folded before Flop (didn't bet)
Seat 5: 47ee2238 (small blind) folded before Flop
Seat 6: 4f3e997d (big blind) folded before Flop


Poker Hand #HD1137571482: Hold'em No Limit  ($0.02/$0.05) - 2023/02/26 21:03:03
Table 'NLHBlue60' 6-max Seat #3 is the button
Seat 1: 19c0a3a2 ($8.75 in chips)
Seat 2: e00e7bfd ($4.05 in chips)
Seat 3: Hero ($5.7 in chips)
Seat 4: 86a8cdaa ($10.59 in chips)
Seat 5: 47ee2238 ($5 in chips)
Seat 6: 4f3e997d ($5.71 in chips)
86a8cdaa: posts small blind $0.02
47ee2238: posts big blind $0.05
*** HOLE CARDS ***
Dealt to 19c0a3a2 
Dealt to e00e7bfd 
Dealt to Hero [7d Ks]
Dealt to 86a8cdaa 
Dealt to 47ee2238 
Dealt to 4f3e997d 
4f3e997d: folds
19c0a3a2: folds
e00e7bfd: folds
Hero: folds
86a8cdaa: folds
Uncalled bet ($0.03) returned to 47ee2238
*** SHOWDOWN ***
47ee2238 collected $0.04 from pot
*** SUMMARY ***
Total pot $0.04 | Rake $0 | Jackpot $0 | Bingo $0 | Fortune $0
Seat 1: 19c0a3a2 folded before Flop (didn't bet)
Seat 2: e00e7bfd folded before Flop (didn't bet)
Seat 3: Hero (button) folded before Flop (didn't bet)
Seat 4: 86a8cdaa (small blind) folded before Flop
Seat 5: 47ee2238 (big blind) collected ($0.04)
Seat 6: 4f3e997d folded before Flop (didn't bet)


Poker Hand #HD1137571184: Hold'em No Limit  ($0.02/$0.05) - 2023/02/26 21:00:50
Table 'NLHBlue60' 6-max Seat #2 is the button
Seat 1: 19c0a3a2 ($8.75 in chips)
Seat 2: e00e7bfd ($7.12 in chips)
Seat 3: Hero ($5.72 in chips)
Seat 4: 86a8cdaa ($7.71 in chips)
Seat 5: 47ee2238 ($5 in chips)
Seat 6: 4f3e997d ($5.86 in chips)
Hero: posts small blind $0.02
86a8cdaa: posts big blind $0.05
*** HOLE CARDS ***
Dealt to 19c0a3a2 
Dealt to e00e7bfd 
Dealt to Hero [8d Jd]
Dealt to 86a8cdaa 
Dealt to 47ee2238 
Dealt to 4f3e997d 
47ee2238: folds
4f3e997d: raises $0.1 to $0.15
19c0a3a2: folds
e00e7bfd: raises $0.28 to $0.43
Hero: folds
86a8cdaa: raises $0.49 to $0.92
4f3e997d: folds
e00e7bfd: calls $0.49
*** FLOP *** [Kc Ts 6d]
86a8cdaa: bets $0.67
e00e7bfd: calls $0.67
*** TURN *** [Kc Ts 6d] [4h]
86a8cdaa: bets $1.48
e00e7bfd: calls $1.48
*** RIVER *** [Kc Ts 6d 4h] [Js]
86a8cdaa: checks
e00e7bfd: checks
86a8cdaa: shows [Ac Ks] (Pair of Kings)
e00e7bfd: shows [Qh Qs] (Pair of Queens)
*** SHOWDOWN ***
86a8cdaa collected $5.95 from pot
*** SUMMARY ***
Total pot $6.31 | Rake $0.31 | Jackpot $0.05 | Bingo $0 | Fortune $0
Board [Kc Ts 6d 4h Js]
Seat 1: 19c0a3a2 folded before Flop (didn't bet)
Seat 2: e00e7bfd (button) showed [Qh Qs] and lost with Pair of Queens
Seat 3: Hero (small blind) folded before Flop
Seat 4: 86a8cdaa (big blind) showed [Ac Ks] and won ($5.95) with Pair of Kings
Seat 5: 47ee2238 folded before Flop (didn't bet)
Seat 6: 4f3e997d folded before Flop


Poker Hand #HD1137571156: Hold'em No Limit  ($0.02/$0.05) - 2023/02/26 21:00:38
Table 'NLHBlue60' 6-max Seat #1 is the button
Seat 1: 19c0a3a2 ($8.75 in chips)
Seat 2: e00e7bfd ($7.14 in chips)
Seat 3: Hero ($5.7 in chips)
Seat 4: 86a8cdaa ($7.71 in chips)
Seat 5: 47ee2238 ($5 in chips)
Seat 6: 4f3e997d ($5.86 in chips)
e00e7bfd: posts small blind $0.02
Hero: posts big blind $0.05
*** HOLE CARDS ***
Dealt to 19c0a3a2 
Dealt to e00e7bfd 
Dealt to Hero [4c 6d]
Dealt to 86a8cdaa 
Dealt to 47ee2238 
Dealt to 4f3e997d 
86a8cdaa: folds
47ee2238: folds
4f3e997d: folds
19c0a3a2: folds
e00e7bfd: folds
Uncalled bet ($0.03) returned to Hero
*** SHOWDOWN ***
Hero collected $0.04 from pot
*** SUMMARY ***
Total pot $0.04 | Rake $0 | Jackpot $0 | Bingo $0 | Fortune $0
Seat 1: 19c0a3a2 (button) folded before Flop (didn't bet)
Seat 2: e00e7bfd (small blind) folded before Flop
Seat 3: Hero (big blind) collected ($0.04)
Seat 4: 86a8cdaa folded before Flop (didn't bet)
Seat 5: 47ee2238 folded before Flop (didn't bet)
Seat 6: 4f3e997d folded before Flop (didn't bet)


Poker Hand #HD1137571107: Hold'em No Limit  ($0.02/$0.05) - 2023/02/26 21:00:20
Table 'NLHBlue60' 6-max Seat #6 is the button
Seat 1: 19c0a3a2 ($8.7 in chips)
Seat 2: e00e7bfd ($7.19 in chips)
Seat 3: Hero ($5.7 in chips)
Seat 4: 86a8cdaa ($7.71 in chips)
Seat 5: 47ee2238 ($5 in chips)
Seat 6: 4f3e997d ($5.86 in chips)
19c0a3a2: posts small blind $0.02
e00e7bfd: posts big blind $0.05
*** HOLE CARDS ***
Dealt to 19c0a3a2 
Dealt to e00e7bfd 
Dealt to Hero [Ks 2c]
Dealt to 86a8cdaa 
Dealt to 47ee2238 
Dealt to 4f3e997d 
Hero: folds
86a8cdaa: folds
47ee2238: folds
4f3e997d: folds
19c0a3a2: raises $0.1 to $0.15
e00e7bfd: folds
Uncalled bet ($0.1) returned to 19c0a3a2
*** SHOWDOWN ***
19c0a3a2 collected $0.1 from pot
*** SUMMARY ***
Total pot $0.1 | Rake $0 | Jackpot $0 | Bingo $0 | Fortune $0
Seat 1: 19c0a3a2 (small blind) collected ($0.1)
Seat 2: e00e7bfd (big blind) folded before Flop
Seat 3: Hero folded before Flop (didn't bet)
Seat 4: 86a8cdaa folded before Flop (didn't bet)
Seat 5: 47ee2238 folded before Flop (didn't bet)
Seat 6: 4f3e997d (button) folded before Flop (didn't bet)


Poker Hand #HD1137570986: Hold'em No Limit  ($0.02/$0.05) - 2023/02/26 20:59:29
Table 'NLHBlue60' 6-max Seat #5 is the button
Seat 1: 19c0a3a2 ($9.51 in chips)
Seat 2: e00e7bfd ($7.19 in chips)
Seat 3: Hero ($5 in chips)
Seat 4: 86a8cdaa ($7.71 in chips)
Seat 5: 47ee2238 ($5 in chips)
Seat 6: 4f3e997d ($5.88 in chips)
4f3e997d: posts small blind $0.02
19c0a3a2: posts big blind $0.05
*** HOLE CARDS ***
Dealt to 19c0a3a2 
Dealt to e00e7bfd 
Dealt to Hero [Th Ts]
Dealt to 86a8cdaa 
Dealt to 47ee2238 
Dealt to 4f3e997d 
e00e7bfd: folds
Hero: raises $0.07 to $0.12
86a8cdaa: folds
47ee2238: folds
4f3e997d: folds
19c0a3a2: raises $0.38 to $0.5
Hero: calls $0.38
*** FLOP *** [Ah Tc 4s]
19c0a3a2: bets $0.31
Hero: raises $0.47 to $0.78
19c0a3a2: folds
Uncalled bet ($0.47) returned to Hero
*** SHOWDOWN ***
Hero collected $1.51 from pot
*** SUMMARY ***
Total pot $1.64 | Rake $0.08 | Jackpot $0.05 | Bingo $0 | Fortune $0
Board [Ah Tc 4s]
Seat 1: 19c0a3a2 (big blind) folded on the Flop
Seat 2: e00e7bfd folded before Flop (didn't bet)
Seat 3: Hero won ($1.51)
Seat 4: 86a8cdaa folded before Flop (didn't bet)
Seat 5: 47ee2238 (button) folded before Flop (didn't bet)
Seat 6: 4f3e997d (small blind) folded before Flop


Poker Hand #HD1137570869: Hold'em No Limit  ($0.02/$0.05) - 2023/02/26 20:58:35
Table 'NLHBlue60' 6-max Seat #4 is the button
Seat 1: 19c0a3a2 ($9.51 in chips)
Seat 2: e00e7bfd ($7.19 in chips)
Seat 3: Hero ($5 in chips)
Seat 4: 86a8cdaa ($7.71 in chips)
Seat 5: 47ee2238 ($5.17 in chips)
Seat 6: 4f3e997d ($5.66 in chips)
47ee2238: posts small blind $0.02
4f3e997d: posts big blind $0.05
*** HOLE CARDS ***
Dealt to 19c0a3a2 
Dealt to e00e7bfd 
Dealt to Hero [4s 2c]
Dealt to 86a8cdaa 
Dealt to 47ee2238 
Dealt to 4f3e997d 
19c0a3a2: folds
e00e7bfd: folds
Hero: folds
86a8cdaa: folds
47ee2238: raises $0.08 to $0.13
4f3e997d: calls $0.08
*** FLOP *** [7h 6h 9s]
47ee2238: bets $0.11
4f3e997d: raises $0.17 to $0.28
47ee2238: folds
Uncalled bet ($0.17) returned to 4f3e997d
*** SHOWDOWN ***
4f3e997d collected $0.46 from pot
*** SUMMARY ***
Total pot $0.48 | Rake $0.02 | Jackpot $0 | Bingo $0 | Fortune $0
Board [7h 6h 9s]
Seat 1: 19c0a3a2 folded before Flop (didn't bet)
Seat 2: e00e7bfd folded before Flop (didn't bet)
Seat 3: Hero folded before Flop (didn't bet)
Seat 4: 86a8cdaa (button) folded before Flop (didn't bet)
Seat 5: 47ee2238 (small blind) folded on the Flop
Seat 6: 4f3e997d (big blind) won ($0.46)


Poker Hand #HD1137570771: Hold'em No Limit  ($0.02/$0.05) - 2023/02/26 20:57:59
Table 'NLHBlue60' 6-max Seat #3 is the button
Seat 1: 19c0a3a2 ($9.51 in chips)
Seat 2: e00e7bfd ($7.34 in chips)
Seat 3: Hero ($5 in chips)
Seat 4: 86a8cdaa ($7.73 in chips)
Seat 5: 47ee2238 ($5.01 in chips)
Seat 6: 4f3e997d ($5.66 in chips)
86a8cdaa: posts small blind $0.02
47ee2238: posts big blind $0.05
*** HOLE CARDS ***
Dealt to 19c0a3a2 
Dealt to e00e7bfd 
Dealt to Hero [Jd Ks]
Dealt to 86a8cdaa 
Dealt to 47ee2238 
Dealt to 4f3e997d 
4f3e997d: folds
19c0a3a2: folds
e00e7bfd: raises $0.1 to $0.15
Hero: folds
86a8cdaa: folds
47ee2238: raises $0.34 to $0.49
e00e7bfd: folds
Uncalled bet ($0.34) returned to 47ee2238
*** SHOWDOWN ***
47ee2238 collected $0.31 from pot
*** SUMMARY ***
Total pot $0.32 | Rake $0.01 | Jackpot $0 | Bingo $0 | Fortune $0
Seat 1: 19c0a3a2 folded before Flop (didn't bet)
Seat 2: e00e7bfd folded before Flop
Seat 3: Hero (button) folded before Flop (didn't bet)
Seat 4: 86a8cdaa (small blind) folded before Flop
Seat 5: 47ee2238 (big blind) collected ($0.31)
Seat 6: 4f3e997d folded before Flop (didn't bet)


Poker Hand #HD1137570701: Hold'em No Limit  ($0.02/$0.05) - 2023/02/26 20:57:32
Table 'NLHBlue60' 6-max Seat #2 is the button
Seat 1: 19c0a3a2 ($9.51 in chips)
Seat 2: e00e7bfd ($7.27 in chips)
Seat 3: Hero ($5 in chips)
Seat 4: 86a8cdaa ($7.78 in chips)
Seat 5: 47ee2238 ($5.01 in chips)
Seat 6: 4f3e997d ($5.66 in chips)
Hero: posts small blind $0.02
86a8cdaa: posts big blind $0.05
*** HOLE CARDS ***
Dealt to 19c0a3a2 
Dealt to e00e7bfd 
Dealt to Hero [Kh 6c]
Dealt to 86a8cdaa 
Dealt to 47ee2238 
Dealt to 4f3e997d 
47ee2238: folds
4f3e997d: folds
19c0a3a2: folds
e00e7bfd: raises $0.1 to $0.15
Hero: folds
86a8cdaa: folds
Uncalled bet ($0.1) returned to e00e7bfd
*** SHOWDOWN ***
e00e7bfd collected $0.12 from pot
*** SUMMARY ***
Total pot $0.12 | Rake $0 | Jackpot $0 | Bingo $0 | Fortune $0
Seat 1: 19c0a3a2 folded before Flop (didn't bet)
Seat 2: e00e7bfd (button) collected ($0.12)
Seat 3: Hero (small blind) folded before Flop
Seat 4: 86a8cdaa (big blind) folded before Flop
Seat 5: 47ee2238 folded before Flop (didn't bet)
Seat 6: 4f3e997d folded before Flop (didn't bet)


Poker Hand #HD1137570630: Hold'em No Limit  ($0.02/$0.05) - 2023/02/26 20:57:01
Table 'NLHBlue60' 6-max Seat #1 is the button
Seat 1: 19c0a3a2 ($9.51 in chips)
Seat 2: e00e7bfd ($7.22 in chips)
Seat 3: Hero ($5 in chips)
Seat 4: 86a8cdaa ($7.78 in chips)
Seat 5: 47ee2238 ($5.01 in chips)
Seat 6: 4f3e997d ($5.66 in chips)
e00e7bfd: posts small blind $0.02
Hero: posts big blind $0.05
*** HOLE CARDS ***
Dealt to 19c0a3a2 
Dealt to e00e7bfd 
Dealt to Hero [9c 4h]
Dealt to 86a8cdaa 
Dealt to 47ee2238 
Dealt to 4f3e997d 
86a8cdaa: folds
47ee2238: folds
4f3e997d: folds
19c0a3a2: folds
e00e7bfd: raises $0.1 to $0.15
Hero: folds
Uncalled bet ($0.1) returned to e00e7bfd
*** SHOWDOWN ***
e00e7bfd collected $0.1 from pot
*** SUMMARY ***
Total pot $0.1 | Rake $0 | Jackpot $0 | Bingo $0 | Fortune $0
Seat 1: 19c0a3a2 (button) folded before Flop (didn't bet)
Seat 2: e00e7bfd (small blind) collected ($0.1)
Seat 3: Hero (big blind) folded before Flop
Seat 4: 86a8cdaa folded before Flop (didn't bet)
Seat 5: 47ee2238 folded before Flop (didn't bet)
Seat 6: 4f3e997d folded before Flop (didn't bet)


Poker Hand #HD1137570437: Hold'em No Limit  ($0.02/$0.05) - 2023/02/26 20:55:36
Table 'NLHBlue60' 6-max Seat #6 is the button
Seat 1: 19c0a3a2 ($9.53 in chips)
Seat 2: e00e7bfd ($7.27 in chips)
Seat 3: Hero ($5 in chips)
Seat 4: 86a8cdaa ($5.07 in chips)
Seat 5: 47ee2238 ($5.01 in chips)
Seat 6: 4f3e997d ($5.66 in chips)
19c0a3a2: posts small blind $0.02
e00e7bfd: posts big blind $0.05
*** HOLE CARDS ***
Dealt to 19c0a3a2 
Dealt to e00e7bfd 
Dealt to Hero [Jd Qd]
Dealt to 86a8cdaa 
Dealt to 47ee2238 
Dealt to 4f3e997d 
Hero: raises $0.07 to $0.12
86a8cdaa: raises $0.28 to $0.4
47ee2238: folds
4f3e997d: folds
19c0a3a2: folds
e00e7bfd: folds
Hero: calls $0.28
*** FLOP *** [6d 7h Td]
Hero: bets $0.44
86a8cdaa: calls $0.44
*** TURN *** [6d 7h Td] [4s]
Hero: bets $0.9
86a8cdaa: raises $1.24 to $2.14
Hero: calls $1.24
*** RIVER *** [6d 7h Td 4s] [8s]
Hero: checks
86a8cdaa: bets $2.09 and is all-in
Hero: folds
Uncalled bet ($2.09) returned to 86a8cdaa
*** SHOWDOWN ***
86a8cdaa collected $5.69 from pot
*** SUMMARY ***
Total pot $6.03 | Rake $0.29 | Jackpot $0.05 | Bingo $0 | Fortune $0
Board [6d 7h Td 4s 8s]
Seat 1: 19c0a3a2 (small blind) folded before Flop
Seat 2: e00e7bfd (big blind) folded before Flop
Seat 3: Hero folded on the River
Seat 4: 86a8cdaa won ($5.69)
Seat 5: 47ee2238 folded before Flop (didn't bet)
Seat 6: 4f3e997d (button) folded before Flop (didn't bet)


Poker Hand #HD1137570301: Hold'em No Limit  ($0.02/$0.05) - 2023/02/26 20:54:29
Table 'NLHBlue60' 6-max Seat #5 is the button
Seat 1: 19c0a3a2 ($9.58 in chips)
Seat 2: e00e7bfd ($7.27 in chips)
Seat 3: Hero ($5 in chips)
Seat 4: 86a8cdaa ($5.07 in chips)
Seat 5: 47ee2238 ($5.68 in chips)
Seat 6: 4f3e997d ($5.02 in chips)
4f3e997d: posts small blind $0.02
19c0a3a2: posts big blind $0.05
*** HOLE CARDS ***
Dealt to 19c0a3a2 
Dealt to e00e7bfd 
Dealt to Hero [9d 2s]
Dealt to 86a8cdaa 
Dealt to 47ee2238 
Dealt to 4f3e997d 
e00e7bfd: folds
Hero: folds
86a8cdaa: folds
47ee2238: raises $0.08 to $0.13
4f3e997d: calls $0.11
19c0a3a2: folds
*** FLOP *** [Ah 8h 4c]
4f3e997d: checks
47ee2238: bets $0.16
4f3e997d: calls $0.16
*** TURN *** [Ah 8h 4c] [Ac]
4f3e997d: checks
47ee2238: bets $0.38
4f3e997d: calls $0.38
*** RIVER *** [Ah 8h 4c Ac] [5c]
4f3e997d: bets $0.49
47ee2238: folds
Uncalled bet ($0.49) returned to 4f3e997d
*** SHOWDOWN ***
4f3e997d collected $1.31 from pot
*** SUMMARY ***
Total pot $1.39 | Rake $0.08 | Jackpot $0 | Bingo $0 | Fortune $0
Board [Ah 8h 4c Ac 5c]
Seat 1: 19c0a3a2 (big blind) folded before Flop
Seat 2: e00e7bfd folded before Flop (didn't bet)
Seat 3: Hero folded before Flop (didn't bet)
Seat 4: 86a8cdaa folded before Flop (didn't bet)
Seat 5: 47ee2238 (button) folded on the River
Seat 6: 4f3e997d (small blind) won ($1.31)


Poker Hand #HD1137570091: Hold'em No Limit  ($0.02/$0.05) - 2023/02/26 20:52:59
Table 'NLHBlue60' 6-max Seat #4 is the button
Seat 1: 19c0a3a2 ($8.26 in chips)
Seat 2: e00e7bfd ($7.42 in chips)
Seat 3: Hero ($6 in chips)
Seat 4: 86a8cdaa ($5.07 in chips)
Seat 5: 47ee2238 ($5.7 in chips)
Seat 6: 4f3e997d ($5.07 in chips)
47ee2238: posts small blind $0.02
4f3e997d: posts big blind $0.05
*** HOLE CARDS ***
Dealt to 19c0a3a2 
Dealt to e00e7bfd 
Dealt to Hero [Ac Qc]
Dealt to 86a8cdaa 
Dealt to 47ee2238 
Dealt to 4f3e997d 
19c0a3a2: raises $0.1 to $0.15
e00e7bfd: calls $0.15
Hero: raises $0.37 to $0.52
86a8cdaa: folds
47ee2238: folds
4f3e997d: folds
19c0a3a2: raises $0.76 to $1.28
e00e7bfd: folds
Hero: calls $0.76
*** FLOP *** [Jd 9c Th]
19c0a3a2: checks
Hero: checks
*** TURN *** [Jd 9c Th] [4s]
19c0a3a2: checks
Hero: checks
*** RIVER *** [Jd 9c Th 4s] [5d]
19c0a3a2: bets $0.84
Hero: folds
Uncalled bet ($0.84) returned to 19c0a3a2
*** SHOWDOWN ***
19c0a3a2 collected $2.6 from pot
*** SUMMARY ***
Total pot $2.78 | Rake $0.13 | Jackpot $0.05 | Bingo $0 | Fortune $0
Board [Jd 9c Th 4s 5d]
Seat 1: 19c0a3a2 won ($2.6)
Seat 2: e00e7bfd folded before Flop
Seat 3: Hero folded on the River
Seat 4: 86a8cdaa (button) folded before Flop (didn't bet)
Seat 5: 47ee2238 (small blind) folded before Flop
Seat 6: 4f3e997d (big blind) folded before Flop


Poker Hand #HD1137570030: Hold'em No Limit  ($0.02/$0.05) - 2023/02/26 20:52:30
Table 'NLHBlue60' 6-max Seat #3 is the button
Seat 1: 19c0a3a2 ($8.41 in chips)
Seat 2: e00e7bfd ($7.21 in chips)
Seat 3: Hero ($6 in chips)
Seat 4: 86a8cdaa ($5.09 in chips)
Seat 5: 47ee2238 ($5.75 in chips)
Seat 6: 4f3e997d ($5.07 in chips)
86a8cdaa: posts small blind $0.02
47ee2238: posts big blind $0.05
*** HOLE CARDS ***
Dealt to 19c0a3a2 
Dealt to e00e7bfd 
Dealt to Hero [4d 8h]
Dealt to 86a8cdaa 
Dealt to 47ee2238 
Dealt to 4f3e997d 
4f3e997d: folds
19c0a3a2: raises $0.1 to $0.15
e00e7bfd: calls $0.15
Hero: folds
86a8cdaa: folds
47ee2238: folds
*** FLOP *** [Kh 4h As]
19c0a3a2: checks
e00e7bfd: bets $0.28
19c0a3a2: folds
Uncalled bet ($0.28) returned to e00e7bfd
*** SHOWDOWN ***
e00e7bfd collected $0.36 from pot
*** SUMMARY ***
Total pot $0.37 | Rake $0.01 | Jackpot $0 | Bingo $0 | Fortune $0
Board [Kh 4h As]
Seat 1: 19c0a3a2 folded on the Flop
Seat 2: e00e7bfd won ($0.36)
Seat 3: Hero (button) folded before Flop (didn't bet)
Seat 4: 86a8cdaa (small blind) folded before Flop
Seat 5: 47ee2238 (big blind) folded before Flop
Seat 6: 4f3e997d folded before Flop (didn't bet)


Poker Hand #HD1137569958: Hold'em No Limit  ($0.02/$0.05) - 2023/02/26 20:52:04
Table 'NLHBlue60' 6-max Seat #2 is the button
Seat 1: 19c0a3a2 ($8.41 in chips)
Seat 2: e00e7bfd ($7.21 in chips)
Seat 3: Hero ($6.02 in chips)
Seat 4: 86a8cdaa ($5.14 in chips)
Seat 5: 47ee2238 ($5.75 in chips)
Seat 6: 4f3e997d ($5 in chips)
Hero: posts small blind $0.02
86a8cdaa: posts big blind $0.05
*** HOLE CARDS ***
Dealt to 19c0a3a2 
Dealt to e00e7bfd 
Dealt to Hero [4d 3s]
Dealt to 86a8cdaa 
Dealt to 47ee2238 
Dealt to 4f3e997d 
47ee2238: folds
4f3e997d: raises $0.1 to $0.15
19c0a3a2: folds
e00e7bfd: folds
Hero: folds
86a8cdaa: folds
Uncalled bet ($0.1) returned to 4f3e997d
*** SHOWDOWN ***
4f3e997d collected $0.12 from pot
*** SUMMARY ***
Total pot $0.12 | Rake $0 | Jackpot $0 | Bingo $0 | Fortune $0
Seat 1: 19c0a3a2 folded before Flop (didn't bet)
Seat 2: e00e7bfd (button) folded before Flop (didn't bet)
Seat 3: Hero (small blind) folded before Flop
Seat 4: 86a8cdaa (big blind) folded before Flop
Seat 5: 47ee2238 folded before Flop (didn't bet)
Seat 6: 4f3e997d collected ($0.12)


Poker Hand #HD1137569893: Hold'em No Limit  ($0.02/$0.05) - 2023/02/26 20:51:31
Table 'NLHBlue60' 6-max Seat #1 is the button
Seat 1: 19c0a3a2 ($8.41 in chips)
Seat 2: e00e7bfd ($7.34 in chips)
Seat 3: Hero ($6.15 in chips)
Seat 4: 86a8cdaa ($5.14 in chips)
Seat 5: 47ee2238 ($5.51 in chips)
Seat 6: 4f3e997d ($5 in chips)
e00e7bfd: posts small blind $0.02
Hero: posts big blind $0.05
*** HOLE CARDS ***
Dealt to 19c0a3a2 
Dealt to e00e7bfd 
Dealt to Hero [Ac 4s]
Dealt to 86a8cdaa 
Dealt to 47ee2238 
Dealt to 4f3e997d 
86a8cdaa: folds
47ee2238: raises $0.08 to $0.13
4f3e997d: folds
19c0a3a2: folds
e00e7bfd: calls $0.11
Hero: calls $0.08
*** FLOP *** [8c Td 3d]
e00e7bfd: checks
Hero: checks
47ee2238: bets $0.2
e00e7bfd: folds
Hero: folds
Uncalled bet ($0.2) returned to 47ee2238
*** SHOWDOWN ***
47ee2238 collected $0.37 from pot
*** SUMMARY ***
Total pot $0.39 | Rake $0.02 | Jackpot $0 | Bingo $0 | Fortune $0
Board [8c Td 3d]
Seat 1: 19c0a3a2 (button) folded before Flop (didn't bet)
Seat 2: e00e7bfd (small blind) folded on the Flop
Seat 3: Hero (big blind) folded on the Flop
Seat 4: 86a8cdaa folded before Flop (didn't bet)
Seat 5: 47ee2238 won ($0.37)
Seat 6: 4f3e997d folded before Flop (didn't bet)


Poker Hand #HD1137569813: Hold'em No Limit  ($0.02/$0.05) - 2023/02/26 20:50:52
Table 'NLHBlue60' 6-max Seat #6 is the button
Seat 1: 19c0a3a2 ($8.43 in chips)
Seat 2: e00e7bfd ($7.47 in chips)
Seat 3: Hero ($6.15 in chips)
Seat 4: 86a8cdaa ($5 in chips)
Seat 5: 47ee2238 ($5.51 in chips)
Seat 6: 4f3e997d ($4.68 in chips)
19c0a3a2: posts small blind $0.02
e00e7bfd: posts big blind $0.05
*** HOLE CARDS ***
Dealt to 19c0a3a2 
Dealt to e00e7bfd 
Dealt to Hero [3d 6d]
Dealt to 86a8cdaa 
Dealt to 47ee2238 
Dealt to 4f3e997d 
Hero: folds
86a8cdaa: raises $0.08 to $0.13
47ee2238: folds
4f3e997d: folds
19c0a3a2: folds
e00e7bfd: calls $0.08
*** FLOP *** [3c 9h Tc]
e00e7bfd: checks
86a8cdaa: bets $0.16
e00e7bfd: folds
Uncalled bet ($0.16) returned to 86a8cdaa
*** SHOWDOWN ***
86a8cdaa collected $0.27 from pot
*** SUMMARY ***
Total pot $0.28 | Rake $0.01 | Jackpot $0 | Bingo $0 | Fortune $0
Board [3c 9h Tc]
Seat 1: 19c0a3a2 (small blind) folded before Flop
Seat 2: e00e7bfd (big blind) folded on the Flop
Seat 3: Hero folded before Flop (didn't bet)
Seat 4: 86a8cdaa won ($0.27)
Seat 5: 47ee2238 folded before Flop (didn't bet)
Seat 6: 4f3e997d (button) folded before Flop (didn't bet)


Poker Hand #HD1137569658: Hold'em No Limit  ($0.02/$0.05) - 2023/02/26 20:49:42
Table 'NLHBlue60' 6-max Seat #5 is the button
Seat 1: 19c0a3a2 ($8.58 in chips)
Seat 2: e00e7bfd ($7.62 in chips)
Seat 3: Hero ($6.15 in chips)
Seat 4: 86a8cdaa ($5 in chips)
Seat 5: 47ee2238 ($5.51 in chips)
Seat 6: 4f3e997d ($4.4 in chips)
4f3e997d: posts small blind $0.02
19c0a3a2: posts big blind $0.05
*** HOLE CARDS ***
Dealt to 19c0a3a2 
Dealt to e00e7bfd 
Dealt to Hero [3s Qd]
Dealt to 86a8cdaa 
Dealt to 47ee2238 
Dealt to 4f3e997d 
e00e7bfd: raises $0.1 to $0.15
Hero: folds
86a8cdaa: folds
47ee2238: folds
4f3e997d: calls $0.13
19c0a3a2: calls $0.1
*** FLOP *** [Ad 3d 9d]
4f3e997d: checks
19c0a3a2: checks
e00e7bfd: checks
*** TURN *** [Ad 3d 9d] [8h]
4f3e997d: bets $0.16
19c0a3a2: folds
e00e7bfd: folds
Uncalled bet ($0.16) returned to 4f3e997d
*** SHOWDOWN ***
4f3e997d collected $0.43 from pot
*** SUMMARY ***
Total pot $0.45 | Rake $0.02 | Jackpot $0 | Bingo $0 | Fortune $0
Board [Ad 3d 9d 8h]
Seat 1: 19c0a3a2 (big blind) folded on the Turn
Seat 2: e00e7bfd folded on the Turn
Seat 3: Hero folded before Flop (didn't bet)
Seat 4: 86a8cdaa folded before Flop (didn't bet)
Seat 5: 47ee2238 (button) folded before Flop (didn't bet)
Seat 6: 4f3e997d (small blind) won ($0.43)


Poker Hand #HD1137569631: Hold'em No Limit  ($0.02/$0.05) - 2023/02/26 20:49:32
Table 'NLHBlue60' 6-max Seat #4 is the button
Seat 1: 19c0a3a2 ($8.58 in chips)
Seat 2: e00e7bfd ($7.62 in chips)
Seat 3: Hero ($6.15 in chips)
Seat 4: 86a8cdaa ($5 in chips)
Seat 5: 47ee2238 ($5.53 in chips)
Seat 6: 4f3e997d ($4.38 in chips)
47ee2238: posts small blind $0.02
4f3e997d: posts big blind $0.05
*** HOLE CARDS ***
Dealt to 19c0a3a2 
Dealt to e00e7bfd 
Dealt to Hero [Kd 7h]
Dealt to 86a8cdaa 
Dealt to 47ee2238 
Dealt to 4f3e997d 
19c0a3a2: folds
e00e7bfd: folds
Hero: folds
86a8cdaa: folds
47ee2238: folds
Uncalled bet ($0.03) returned to 4f3e997d
*** SHOWDOWN ***
4f3e997d collected $0.04 from pot
*** SUMMARY ***
Total pot $0.04 | Rake $0 | Jackpot $0 | Bingo $0 | Fortune $0
Seat 1: 19c0a3a2 folded before Flop (didn't bet)
Seat 2: e00e7bfd folded before Flop (didn't bet)
Seat 3: Hero folded before Flop (didn't bet)
Seat 4: 86a8cdaa (button) folded before Flop (didn't bet)
Seat 5: 47ee2238 (small blind) folded before Flop
Seat 6: 4f3e997d (big blind) collected ($0.04)


Poker Hand #HD1137569438: Hold'em No Limit  ($0.02/$0.05) - 2023/02/26 20:48:08
Table 'NLHBlue60' 6-max Seat #3 is the button
Seat 1: 19c0a3a2 ($8.58 in chips)
Seat 2: e00e7bfd ($7.62 in chips)
Seat 3: Hero ($5.44 in chips)
Seat 4: 86a8cdaa ($5 in chips)
Seat 5: 47ee2238 ($5.58 in chips)
Seat 6: 4f3e997d ($5.14 in chips)
86a8cdaa: posts small blind $0.02
47ee2238: posts big blind $0.05
*** HOLE CARDS ***
Dealt to 19c0a3a2 
Dealt to e00e7bfd 
Dealt to Hero [Ks Ad]
Dealt to 86a8cdaa 
Dealt to 47ee2238 
Dealt to 4f3e997d 
4f3e997d: raises $0.1 to $0.15
19c0a3a2: folds
e00e7bfd: folds
Hero: raises $0.28 to $0.43
86a8cdaa: folds
47ee2238: folds
4f3e997d: calls $0.28
*** FLOP *** [5d 9d 9s]
4f3e997d: checks
Hero: checks
*** TURN *** [5d 9d 9s] [Jd]
4f3e997d: bets $0.33
Hero: raises $0.45 to $0.78
4f3e997d: folds
Uncalled bet ($0.45) returned to Hero
*** SHOWDOWN ***
Hero collected $1.47 from pot
*** SUMMARY ***
Total pot $1.59 | Rake $0.07 | Jackpot $0.05 | Bingo $0 | Fortune $0
Board [5d 9d 9s Jd]
Seat 1: 19c0a3a2 folded before Flop (didn't bet)
Seat 2: e00e7bfd folded before Flop (didn't bet)
Seat 3: Hero (button) won ($1.47)
Seat 4: 86a8cdaa (small blind) folded before Flop
Seat 5: 47ee2238 (big blind) folded before Flop
Seat 6: 4f3e997d folded on the Turn


Poker Hand #HD1137569268: Hold'em No Limit  ($0.02/$0.05) - 2023/02/26 20:46:48
Table 'NLHBlue60' 6-max Seat #2 is the button
Seat 1: 19c0a3a2 ($8.7 in chips)
Seat 2: e00e7bfd ($7.28 in chips)
Seat 3: Hero ($5.56 in chips)
Seat 4: 86a8cdaa ($5 in chips)
Seat 5: 47ee2238 ($5.58 in chips)
Seat 6: 4f3e997d ($5.14 in chips)
Hero: posts small blind $0.02
86a8cdaa: posts big blind $0.05
*** HOLE CARDS ***
Dealt to 19c0a3a2 
Dealt to e00e7bfd 
Dealt to Hero [6c 6h]
Dealt to 86a8cdaa 
Dealt to 47ee2238 
Dealt to 4f3e997d 
47ee2238: folds
4f3e997d: folds
19c0a3a2: raises $0.07 to $0.12
e00e7bfd: calls $0.12
Hero: calls $0.1
86a8cdaa: calls $0.07
*** FLOP *** [Qd 9h 9c]
Hero: checks
86a8cdaa: checks
19c0a3a2: checks
e00e7bfd: bets $0.36
Hero: folds
86a8cdaa: folds
19c0a3a2: folds
Uncalled bet ($0.36) returned to e00e7bfd
*** SHOWDOWN ***
e00e7bfd collected $0.46 from pot
*** SUMMARY ***
Total pot $0.48 | Rake $0.02 | Jackpot $0 | Bingo $0 | Fortune $0
Board [Qd 9h 9c]
Seat 1: 19c0a3a2 folded on the Flop
Seat 2: e00e7bfd (button) won ($0.46)
Seat 3: Hero (small blind) folded on the Flop
Seat 4: 86a8cdaa (big blind) folded on the Flop
Seat 5: 47ee2238 folded before Flop (didn't bet)
Seat 6: 4f3e997d folded before Flop (didn't bet)


Poker Hand #HD1137569242: Hold'em No Limit  ($0.02/$0.05) - 2023/02/26 20:46:37
Table 'NLHBlue60' 6-max Seat #1 is the button
Seat 1: 19c0a3a2 ($8.7 in chips)
Seat 2: e00e7bfd ($7.3 in chips)
Seat 3: Hero ($5.54 in chips)
Seat 5: 47ee2238 ($5.58 in chips)
Seat 6: 4f3e997d ($5.14 in chips)
e00e7bfd: posts small blind $0.02
Hero: posts big blind $0.05
*** HOLE CARDS ***
Dealt to 19c0a3a2 
Dealt to e00e7bfd 
Dealt to Hero [Jc 6d]
Dealt to 47ee2238 
Dealt to 4f3e997d 
47ee2238: folds
4f3e997d: folds
19c0a3a2: folds
e00e7bfd: folds
Uncalled bet ($0.03) returned to Hero
*** SHOWDOWN ***
Hero collected $0.04 from pot
*** SUMMARY ***
Total pot $0.04 | Rake $0 | Jackpot $0 | Bingo $0 | Fortune $0
Seat 1: 19c0a3a2 (button) folded before Flop (didn't bet)
Seat 2: e00e7bfd (small blind) folded before Flop
Seat 3: Hero (big blind) collected ($0.04)
Seat 5: 47ee2238 folded before Flop (didn't bet)
Seat 6: 4f3e997d folded before Flop (didn't bet)


Poker Hand #HD1137569157: Hold'em No Limit  ($0.02/$0.05) - 2023/02/26 20:46:00
Table 'NLHBlue60' 6-max Seat #6 is the button
Seat 1: 19c0a3a2 ($8.72 in chips)
Seat 2: e00e7bfd ($7.43 in chips)
Seat 3: Hero ($5.54 in chips)
Seat 4: d497b751 ($5 in chips)
Seat 5: 47ee2238 ($5.58 in chips)
Seat 6: 4f3e997d ($5 in chips)
19c0a3a2: posts small blind $0.02
e00e7bfd: posts big blind $0.05
*** HOLE CARDS ***
Dealt to 19c0a3a2 
Dealt to e00e7bfd 
Dealt to Hero [Qh 9s]
Dealt to d497b751 
Dealt to 47ee2238 
Dealt to 4f3e997d 
Hero: folds
d497b751: folds
47ee2238: folds
4f3e997d: raises $0.08 to $0.13
19c0a3a2: folds
e00e7bfd: calls $0.08
*** FLOP *** [4s 3h 2h]
e00e7bfd: checks
4f3e997d: bets $0.14
e00e7bfd: folds
Uncalled bet ($0.14) returned to 4f3e997d
*** SHOWDOWN ***
4f3e997d collected $0.27 from pot
*** SUMMARY ***
Total pot $0.28 | Rake $0.01 | Jackpot $0 | Bingo $0 | Fortune $0
Board [4s 3h 2h]
Seat 1: 19c0a3a2 (small blind) folded before Flop
Seat 2: e00e7bfd (big blind) folded on the Flop
Seat 3: Hero folded before Flop (didn't bet)
Seat 4: d497b751 folded before Flop (didn't bet)
Seat 5: 47ee2238 folded before Flop (didn't bet)
Seat 6: 4f3e997d (button) won ($0.27)


Poker Hand #HD1137569134: Hold'em No Limit  ($0.02/$0.05) - 2023/02/26 20:45:50
Table 'NLHBlue60' 6-max Seat #5 is the button
Seat 1: 19c0a3a2 ($8.7 in chips)
Seat 2: e00e7bfd ($7.43 in chips)
Seat 3: Hero ($5.54 in chips)
Seat 4: d497b751 ($5 in chips)
Seat 5: 47ee2238 ($5.58 in chips)
Seat 6: 4f3e997d ($5.02 in chips)
4f3e997d: posts small blind $0.02
19c0a3a2: posts big blind $0.05
*** HOLE CARDS ***
Dealt to 19c0a3a2 
Dealt to e00e7bfd 
Dealt to Hero [Qh 7d]
Dealt to d497b751 
Dealt to 47ee2238 
Dealt to 4f3e997d 
e00e7bfd: folds
Hero: folds
d497b751: folds
47ee2238: folds
4f3e997d: folds
Uncalled bet ($0.03) returned to 19c0a3a2
*** SHOWDOWN ***
19c0a3a2 collected $0.04 from pot
*** SUMMARY ***
Total pot $0.04 | Rake $0 | Jackpot $0 | Bingo $0 | Fortune $0
Seat 1: 19c0a3a2 (big blind) collected ($0.04)
Seat 2: e00e7bfd folded before Flop (didn't bet)
Seat 3: Hero folded before Flop (didn't bet)
Seat 4: d497b751 folded before Flop (didn't bet)
Seat 5: 47ee2238 (button) folded before Flop (didn't bet)
Seat 6: 4f3e997d (small blind) folded before Flop


Poker Hand #HD1137569068: Hold'em No Limit  ($0.02/$0.05) - 2023/02/26 20:45:25
Table 'NLHBlue60' 6-max Seat #4 is the button
Seat 1: 19c0a3a2 ($8.7 in chips)
Seat 2: e00e7bfd ($7.43 in chips)
Seat 3: Hero ($5.54 in chips)
Seat 4: d497b751 ($5 in chips)
Seat 5: 47ee2238 ($5.53 in chips)
Seat 6: 4f3e997d ($5.07 in chips)
47ee2238: posts small blind $0.02
4f3e997d: posts big blind $0.05
*** HOLE CARDS ***
Dealt to 19c0a3a2 
Dealt to e00e7bfd 
Dealt to Hero [3d 5s]
Dealt to d497b751 
Dealt to 47ee2238 
Dealt to 4f3e997d 
19c0a3a2: folds
e00e7bfd: folds
Hero: folds
d497b751: folds
47ee2238: raises $0.08 to $0.13
4f3e997d: folds
Uncalled bet ($0.08) returned to 47ee2238
*** SHOWDOWN ***
47ee2238 collected $0.1 from pot
*** SUMMARY ***
Total pot $0.1 | Rake $0 | Jackpot $0 | Bingo $0 | Fortune $0
Seat 1: 19c0a3a2 folded before Flop (didn't bet)
Seat 2: e00e7bfd folded before Flop (didn't bet)
Seat 3: Hero folded before Flop (didn't bet)
Seat 4: d497b751 (button) folded before Flop (didn't bet)
Seat 5: 47ee2238 (small blind) collected ($0.1)
Seat 6: 4f3e997d (big blind) folded before Flop


Poker Hand #HD1137569007: Hold'em No Limit  ($0.02/$0.05) - 2023/02/26 20:45:03
Table 'NLHBlue60' 6-max Seat #3 is the button
Seat 1: 19c0a3a2 ($8.7 in chips)
Seat 2: e00e7bfd ($7.36 in chips)
Seat 3: Hero ($5.54 in chips)
Seat 4: d497b751 ($5 in chips)
Seat 5: 47ee2238 ($5.58 in chips)
Seat 6: 4f3e997d ($5.07 in chips)
d497b751: posts small blind $0.02
47ee2238: posts big blind $0.05
*** HOLE CARDS ***
Dealt to 19c0a3a2 
Dealt to e00e7bfd 
Dealt to Hero [2d 5h]
Dealt to d497b751 
Dealt to 47ee2238 
Dealt to 4f3e997d 
4f3e997d: folds
19c0a3a2: folds
e00e7bfd: raises $0.1 to $0.15
Hero: folds
d497b751: folds
47ee2238: folds
Uncalled bet ($0.1) returned to e00e7bfd
*** SHOWDOWN ***
e00e7bfd collected $0.12 from pot
*** SUMMARY ***
Total pot $0.12 | Rake $0 | Jackpot $0 | Bingo $0 | Fortune $0
Seat 1: 19c0a3a2 folded before Flop (didn't bet)
Seat 2: e00e7bfd collected ($0.12)
Seat 3: Hero (button) folded before Flop (didn't bet)
Seat 4: d497b751 (small blind) folded before Flop
Seat 5: 47ee2238 (big blind) folded before Flop
Seat 6: 4f3e997d folded before Flop (didn't bet)


Poker Hand #HD1137568909: Hold'em No Limit  ($0.02/$0.05) - 2023/02/26 20:44:21
Table 'NLHBlue60' 6-max Seat #2 is the button
Seat 1: 19c0a3a2 ($8.7 in chips)
Seat 2: e00e7bfd ($7.49 in chips)
Seat 3: Hero ($5.56 in chips)
Seat 4: d497b751 ($5 in chips)
Seat 5: 47ee2238 ($5.39 in chips)
Seat 6: 4f3e997d ($5.07 in chips)
Hero: posts small blind $0.02
d497b751: posts big blind $0.05
*** HOLE CARDS ***
Dealt to 19c0a3a2 
Dealt to e00e7bfd 
Dealt to Hero [4s 2c]
Dealt to d497b751 
Dealt to 47ee2238 
Dealt to 4f3e997d 
47ee2238: raises $0.08 to $0.13
4f3e997d: folds
19c0a3a2: folds
e00e7bfd: calls $0.13
Hero: folds
d497b751: folds
*** FLOP *** [8c 5h Jh]
47ee2238: checks
e00e7bfd: checks
*** TURN *** [8c 5h Jh] [As]
47ee2238: checks
e00e7bfd: checks
*** RIVER *** [8c 5h Jh As] [Kd]
47ee2238: bets $0.11
e00e7bfd: folds
Uncalled bet ($0.11) returned to 47ee2238
*** SHOWDOWN ***
47ee2238 collected $0.32 from pot
*** SUMMARY ***
Total pot $0.33 | Rake $0.01 | Jackpot $0 | Bingo $0 | Fortune $0
Board [8c 5h Jh As Kd]
Seat 1: 19c0a3a2 folded before Flop (didn't bet)
Seat 2: e00e7bfd (button) folded on the River
Seat 3: Hero (small blind) folded before Flop
Seat 4: d497b751 (big blind) folded before Flop
Seat 5: 47ee2238 won ($0.32)
Seat 6: 4f3e997d folded before Flop (didn't bet)


Poker Hand #HD1137568835: Hold'em No Limit  ($0.02/$0.05) - 2023/02/26 20:43:50
Table 'NLHBlue60' 6-max Seat #1 is the button
Seat 1: 19c0a3a2 ($8.7 in chips)
Seat 2: e00e7bfd ($7.51 in chips)
Seat 3: Hero ($5.61 in chips)
Seat 4: d497b751 ($5 in chips)
Seat 5: 47ee2238 ($5.39 in chips)
Seat 6: 4f3e997d ($5 in chips)
e00e7bfd: posts small blind $0.02
Hero: posts big blind $0.05
*** HOLE CARDS ***
Dealt to 19c0a3a2 
Dealt to e00e7bfd 
Dealt to Hero [5d 7s]
Dealt to d497b751 
Dealt to 47ee2238 
Dealt to 4f3e997d 
d497b751: folds
47ee2238: folds
4f3e997d: raises $0.1 to $0.15
19c0a3a2: folds
e00e7bfd: folds
Hero: folds
Uncalled bet ($0.1) returned to 4f3e997d
*** SHOWDOWN ***
4f3e997d collected $0.12 from pot
*** SUMMARY ***
Total pot $0.12 | Rake $0 | Jackpot $0 | Bingo $0 | Fortune $0
Seat 1: 19c0a3a2 (button) folded before Flop (didn't bet)
Seat 2: e00e7bfd (small blind) folded before Flop
Seat 3: Hero (big blind) folded before Flop
Seat 4: d497b751 folded before Flop (didn't bet)
Seat 5: 47ee2238 folded before Flop (didn't bet)
Seat 6: 4f3e997d collected ($0.12)


Poker Hand #HD1137568728: Hold'em No Limit  ($0.02/$0.05) - 2023/02/26 20:43:13
Table 'NLHBlue60' 6-max Seat #6 is the button
Seat 1: 19c0a3a2 ($8.72 in chips)
Seat 2: e00e7bfd ($7.56 in chips)
Seat 3: Hero ($5.61 in chips)
Seat 4: d497b751 ($5 in chips)
Seat 5: 47ee2238 ($5.39 in chips)
Seat 6: 4f3e997d ($4.93 in chips)
19c0a3a2: posts small blind $0.02
e00e7bfd: posts big blind $0.05
*** HOLE CARDS ***
Dealt to 19c0a3a2 
Dealt to e00e7bfd 
Dealt to Hero [9s 5s]
Dealt to d497b751 
Dealt to 47ee2238 
Dealt to 4f3e997d 
Hero: folds
d497b751: folds
47ee2238: folds
4f3e997d: raises $0.08 to $0.13
19c0a3a2: folds
e00e7bfd: folds
Uncalled bet ($0.08) returned to 4f3e997d
*** SHOWDOWN ***
4f3e997d collected $0.12 from pot
*** SUMMARY ***
Total pot $0.12 | Rake $0 | Jackpot $0 | Bingo $0 | Fortune $0
Seat 1: 19c0a3a2 (small blind) folded before Flop
Seat 2: e00e7bfd (big blind) folded before Flop
Seat 3: Hero folded before Flop (didn't bet)
Seat 4: d497b751 folded before Flop (didn't bet)
Seat 5: 47ee2238 folded before Flop (didn't bet)
Seat 6: 4f3e997d (button) collected ($0.12)


Poker Hand #HD1137568672: Hold'em No Limit  ($0.02/$0.05) - 2023/02/26 20:42:53
Table 'NLHBlue60' 6-max Seat #5 is the button
Seat 1: 19c0a3a2 ($8.77 in chips)
Seat 2: e00e7bfd ($7.56 in chips)
Seat 3: Hero ($5.54 in chips)
Seat 4: d497b751 ($5 in chips)
Seat 5: 47ee2238 ($5.39 in chips)
Seat 6: 4f3e997d ($4.95 in chips)
4f3e997d: posts small blind $0.02
19c0a3a2: posts big blind $0.05
*** HOLE CARDS ***
Dealt to 19c0a3a2 
Dealt to e00e7bfd 
Dealt to Hero [8d 8s]
Dealt to d497b751 
Dealt to 47ee2238 
Dealt to 4f3e997d 
e00e7bfd: folds
Hero: raises $0.07 to $0.12
d497b751: folds
47ee2238: folds
4f3e997d: folds
19c0a3a2: folds
Uncalled bet ($0.07) returned to Hero
*** SHOWDOWN ***
Hero collected $0.12 from pot
*** SUMMARY ***
Total pot $0.12 | Rake $0 | Jackpot $0 | Bingo $0 | Fortune $0
Seat 1: 19c0a3a2 (big blind) folded before Flop
Seat 2: e00e7bfd folded before Flop (didn't bet)
Seat 3: Hero collected ($0.12)
Seat 4: d497b751 folded before Flop (didn't bet)
Seat 5: 47ee2238 (button) folded before Flop (didn't bet)
Seat 6: 4f3e997d (small blind) folded before Flop


Poker Hand #HD1137568618: Hold'em No Limit  ($0.02/$0.05) - 2023/02/26 20:42:29
Table 'NLHBlue60' 6-max Seat #4 is the button
Seat 1: 19c0a3a2 ($8.77 in chips)
Seat 2: e00e7bfd ($7.49 in chips)
Seat 3: Hero ($5.54 in chips)
Seat 4: d497b751 ($5 in chips)
Seat 5: 47ee2238 ($5.41 in chips)
Seat 6: 4f3e997d ($5 in chips)
47ee2238: posts small blind $0.02
4f3e997d: posts big blind $0.05
*** HOLE CARDS ***
Dealt to 19c0a3a2 
Dealt to e00e7bfd 
Dealt to Hero [8c 7d]
Dealt to d497b751 
Dealt to 47ee2238 
Dealt to 4f3e997d 
19c0a3a2: folds
e00e7bfd: raises $0.1 to $0.15
Hero: folds
d497b751: folds
47ee2238: folds
4f3e997d: folds
Uncalled bet ($0.1) returned to e00e7bfd
*** SHOWDOWN ***
e00e7bfd collected $0.12 from pot
*** SUMMARY ***
Total pot $0.12 | Rake $0 | Jackpot $0 | Bingo $0 | Fortune $0
Seat 1: 19c0a3a2 folded before Flop (didn't bet)
Seat 2: e00e7bfd collected ($0.12)
Seat 3: Hero folded before Flop (didn't bet)
Seat 4: d497b751 (button) folded before Flop (didn't bet)
Seat 5: 47ee2238 (small blind) folded before Flop
Seat 6: 4f3e997d (big blind) folded before Flop


Poker Hand #HD1137568588: Hold'em No Limit  ($0.02/$0.05) - 2023/02/26 20:42:15
Table 'NLHBlue60' 6-max Seat #3 is the button
Seat 1: 19c0a3a2 ($8.77 in chips)
Seat 2: e00e7bfd ($7.42 in chips)
Seat 3: Hero ($5.54 in chips)
Seat 4: d497b751 ($5 in chips)
Seat 5: 47ee2238 ($5.46 in chips)
Seat 6: 4f3e997d ($4.69 in chips)
d497b751: posts small blind $0.02
47ee2238: posts big blind $0.05
*** HOLE CARDS ***
Dealt to 19c0a3a2 
Dealt to e00e7bfd 
Dealt to Hero [7h Jc]
Dealt to d497b751 
Dealt to 47ee2238 
Dealt to 4f3e997d 
4f3e997d: folds
19c0a3a2: folds
e00e7bfd: raises $0.1 to $0.15
Hero: folds
d497b751: folds
47ee2238: folds
Uncalled bet ($0.1) returned to e00e7bfd
*** SHOWDOWN ***
e00e7bfd collected $0.12 from pot
*** SUMMARY ***
Total pot $0.12 | Rake $0 | Jackpot $0 | Bingo $0 | Fortune $0
Seat 1: 19c0a3a2 folded before Flop (didn't bet)
Seat 2: e00e7bfd collected ($0.12)
Seat 3: Hero (button) folded before Flop (didn't bet)
Seat 4: d497b751 (small blind) folded before Flop
Seat 5: 47ee2238 (big blind) folded before Flop
Seat 6: 4f3e997d folded before Flop (didn't bet)


Poker Hand #HD1137568463: Hold'em No Limit  ($0.02/$0.05) - 2023/02/26 20:41:25
Table 'NLHBlue60' 6-max Seat #2 is the button
Seat 1: 19c0a3a2 ($8.77 in chips)
Seat 2: e00e7bfd ($7.42 in chips)
Seat 3: Hero ($5 in chips)
Seat 4: d497b751 ($5 in chips)
Seat 5: 47ee2238 ($5.46 in chips)
Seat 6: 4f3e997d ($5.23 in chips)
Hero: posts small blind $0.02
d497b751: posts big blind $0.05
*** HOLE CARDS ***
Dealt to 19c0a3a2 
Dealt to e00e7bfd 
Dealt to Hero [Kd As]
Dealt to d497b751 
Dealt to 47ee2238 
Dealt to 4f3e997d 
47ee2238: folds
4f3e997d: raises $0.1 to $0.15
19c0a3a2: folds
e00e7bfd: folds
Hero: raises $0.39 to $0.54
d497b751: folds
4f3e997d: calls $0.39
*** FLOP *** [Qd 2d 7d]
Hero: bets $0.38
4f3e997d: folds
Uncalled bet ($0.38) returned to Hero
*** SHOWDOWN ***
Hero collected $1.08 from pot
*** SUMMARY ***
Total pot $1.13 | Rake $0.05 | Jackpot $0 | Bingo $0 | Fortune $0
Board [Qd 2d 7d]
Seat 1: 19c0a3a2 folded before Flop (didn't bet)
Seat 2: e00e7bfd (button) folded before Flop (didn't bet)
Seat 3: Hero (small blind) won ($1.08)
Seat 4: d497b751 (big blind) folded before Flop
Seat 5: 47ee2238 folded before Flop (didn't bet)
Seat 6: 4f3e997d folded on the Flop


Poker Hand #HD1137568372: Hold'em No Limit  ($0.02/$0.05) - 2023/02/26 20:40:42
Table 'NLHBlue60' 6-max Seat #1 is the button
Seat 1: 19c0a3a2 ($8.77 in chips)
Seat 2: e00e7bfd ($7.57 in chips)
Seat 3: Hero ($5 in chips)
Seat 4: d497b751 ($5 in chips)
Seat 5: 47ee2238 ($5.46 in chips)
Seat 6: 4f3e997d ($5.05 in chips)
e00e7bfd: posts small blind $0.02
Hero: posts big blind $0.05
*** HOLE CARDS ***
Dealt to 19c0a3a2 
Dealt to e00e7bfd 
Dealt to Hero [Js 2c]
Dealt to d497b751 
Dealt to 47ee2238 
Dealt to 4f3e997d 
d497b751: folds
47ee2238: folds
4f3e997d: raises $0.1 to $0.15
19c0a3a2: folds
e00e7bfd: calls $0.13
Hero: folds
*** FLOP *** [Ac 9s 7c]
e00e7bfd: checks
4f3e997d: bets $0.13
e00e7bfd: folds
Uncalled bet ($0.13) returned to 4f3e997d
*** SHOWDOWN ***
4f3e997d collected $0.33 from pot
*** SUMMARY ***
Total pot $0.35 | Rake $0.02 | Jackpot $0 | Bingo $0 | Fortune $0
Board [Ac 9s 7c]
Seat 1: 19c0a3a2 (button) folded before Flop (didn't bet)
Seat 2: e00e7bfd (small blind) folded on the Flop
Seat 3: Hero (big blind) folded before Flop
Seat 4: d497b751 folded before Flop (didn't bet)
Seat 5: 47ee2238 folded before Flop (didn't bet)
Seat 6: 4f3e997d won ($0.33)


