Poker Hand #HD1203260935: Hold'em No Limit  ($0.02/$0.05) - 2023/04/14 21:14:57
Table 'NLHBlue103' 6-max Seat #6 is the button
Seat 1: dda64aba ($6.12 in chips)
Seat 2: 3577953 ($5.22 in chips)
Seat 3: Hero ($5.07 in chips)
Seat 4: f4295c19 ($5.06 in chips)
Seat 5: 3d56d0e3 ($5.21 in chips)
Seat 6: 6e2814c7 ($11.31 in chips)
dda64aba: posts small blind $0.02
3577953: posts big blind $0.05
*** HOLE CARDS ***
Dealt to dda64aba 
Dealt to 3577953 
Dealt to Hero [As 7c]
Dealt to f4295c19 
Dealt to 3d56d0e3 
Dealt to 6e2814c7 
Hero: folds
f4295c19: folds
3d56d0e3: folds
6e2814c7: folds
dda64aba: folds
Uncalled bet ($0.03) returned to 3577953
*** SHOWDOWN ***
3577953 collected $0.04 from pot
*** SUMMARY ***
Total pot $0.04 | Rake $0 | Jackpot $0 | Bingo $0 | Fortune $0
Seat 1: dda64aba (small blind) folded before Flop
Seat 2: 3577953 (big blind) collected ($0.04)
Seat 3: Hero folded before Flop (didn't bet)
Seat 4: f4295c19 folded before Flop (didn't bet)
Seat 5: 3d56d0e3 folded before Flop (didn't bet)
Seat 6: 6e2814c7 (button) folded before Flop (didn't bet)


Poker Hand #HD1203260829: Hold'em No Limit  ($0.02/$0.05) - 2023/04/14 21:14:06
Table 'NLHBlue103' 6-max Seat #5 is the button
Seat 1: dda64aba ($6.17 in chips)
Seat 2: 3577953 ($5.22 in chips)
Seat 3: Hero ($5.07 in chips)
Seat 4: f4295c19 ($5.21 in chips)
Seat 5: 3d56d0e3 ($5 in chips)
Seat 6: 6e2814c7 ($11.33 in chips)
6e2814c7: posts small blind $0.02
dda64aba: posts big blind $0.05
*** HOLE CARDS ***
Dealt to dda64aba 
Dealt to 3577953 
Dealt to Hero [5d 4c]
Dealt to f4295c19 
Dealt to 3d56d0e3 
Dealt to 6e2814c7 
3577953: folds
Hero: folds
f4295c19: raises $0.1 to $0.15
3d56d0e3: raises $0.35 to $0.5
6e2814c7: folds
dda64aba: folds
f4295c19: folds
Uncalled bet ($0.35) returned to 3d56d0e3
*** SHOWDOWN ***
3d56d0e3 collected $0.36 from pot
*** SUMMARY ***
Total pot $0.37 | Rake $0.01 | Jackpot $0 | Bingo $0 | Fortune $0
Seat 1: dda64aba (big blind) folded before Flop
Seat 2: 3577953 folded before Flop (didn't bet)
Seat 3: Hero folded before Flop (didn't bet)
Seat 4: f4295c19 folded before Flop
Seat 5: 3d56d0e3 (button) collected ($0.36)
Seat 6: 6e2814c7 (small blind) folded before Flop


Poker Hand #HD1203260773: Hold'em No Limit  ($0.02/$0.05) - 2023/04/14 21:13:38
Table 'NLHBlue103' 6-max Seat #4 is the button
Seat 1: dda64aba ($6.17 in chips)
Seat 2: 3577953 ($5.22 in chips)
Seat 3: Hero ($5.07 in chips)
Seat 4: f4295c19 ($5.14 in chips)
Seat 5: 3d56d0e3 ($5 in chips)
Seat 6: 6e2814c7 ($11.38 in chips)
3d56d0e3: posts small blind $0.02
6e2814c7: posts big blind $0.05
*** HOLE CARDS ***
Dealt to dda64aba 
Dealt to 3577953 
Dealt to Hero [7s 2s]
Dealt to f4295c19 
Dealt to 3d56d0e3 
Dealt to 6e2814c7 
dda64aba: folds
3577953: folds
Hero: folds
f4295c19: raises $0.1 to $0.15
3d56d0e3: folds
6e2814c7: folds
Uncalled bet ($0.1) returned to f4295c19
*** SHOWDOWN ***
f4295c19 collected $0.12 from pot
*** SUMMARY ***
Total pot $0.12 | Rake $0 | Jackpot $0 | Bingo $0 | Fortune $0
Seat 1: dda64aba folded before Flop (didn't bet)
Seat 2: 3577953 folded before Flop (didn't bet)
Seat 3: Hero folded before Flop (didn't bet)
Seat 4: f4295c19 (button) collected ($0.12)
Seat 5: 3d56d0e3 (small blind) folded before Flop
Seat 6: 6e2814c7 (big blind) folded before Flop


Poker Hand #HD1203260733: Hold'em No Limit  ($0.02/$0.05) - 2023/04/14 21:13:14
Table 'NLHBlue103' 6-max Seat #3 is the button
Seat 1: dda64aba ($6.17 in chips)
Seat 2: 3577953 ($5.22 in chips)
Seat 3: Hero ($5 in chips)
Seat 4: f4295c19 ($5.16 in chips)
Seat 5: 3d56d0e3 ($5 in chips)
Seat 6: 6e2814c7 ($11.38 in chips)
f4295c19: posts small blind $0.02
3d56d0e3: posts big blind $0.05
*** HOLE CARDS ***
Dealt to dda64aba 
Dealt to 3577953 
Dealt to Hero [Kh Kd]
Dealt to f4295c19 
Dealt to 3d56d0e3 
Dealt to 6e2814c7 
6e2814c7: folds
dda64aba: folds
3577953: folds
Hero: raises $0.07 to $0.12
f4295c19: folds
3d56d0e3: folds
Uncalled bet ($0.07) returned to Hero
*** SHOWDOWN ***
Hero collected $0.12 from pot
*** SUMMARY ***
Total pot $0.12 | Rake $0 | Jackpot $0 | Bingo $0 | Fortune $0
Seat 1: dda64aba folded before Flop (didn't bet)
Seat 2: 3577953 folded before Flop (didn't bet)
Seat 3: Hero (button) collected ($0.12)
Seat 4: f4295c19 (small blind) folded before Flop
Seat 5: 3d56d0e3 (big blind) folded before Flop
Seat 6: 6e2814c7 folded before Flop (didn't bet)


Poker Hand #HD1203260703: Hold'em No Limit  ($0.02/$0.05) - 2023/04/14 21:12:59
Table 'NLHBlue103' 6-max Seat #2 is the button
Seat 1: dda64aba ($6.1 in chips)
Seat 2: 3577953 ($5.22 in chips)
Seat 3: Hero ($5.02 in chips)
Seat 4: f4295c19 ($5.21 in chips)
Seat 6: 6e2814c7 ($11.38 in chips)
Hero: posts small blind $0.02
f4295c19: posts big blind $0.05
*** HOLE CARDS ***
Dealt to dda64aba 
Dealt to 3577953 
Dealt to Hero [4c Kd]
Dealt to f4295c19 
Dealt to 6e2814c7 
6e2814c7: folds
dda64aba: raises $0.08 to $0.13
3577953: folds
Hero: folds
f4295c19: folds
Uncalled bet ($0.08) returned to dda64aba
*** SHOWDOWN ***
dda64aba collected $0.12 from pot
*** SUMMARY ***
Total pot $0.12 | Rake $0 | Jackpot $0 | Bingo $0 | Fortune $0
Seat 1: dda64aba collected ($0.12)
Seat 2: 3577953 (button) folded before Flop (didn't bet)
Seat 3: Hero (small blind) folded before Flop
Seat 4: f4295c19 (big blind) folded before Flop
Seat 6: 6e2814c7 folded before Flop (didn't bet)


Poker Hand #HD1203260685: Hold'em No Limit  ($0.02/$0.05) - 2023/04/14 21:12:50
Table 'NLHBlue103' 6-max Seat #1 is the button
Seat 1: dda64aba ($6.1 in chips)
Seat 2: 3577953 ($5.24 in chips)
Seat 3: Hero ($5.07 in chips)
Seat 4: f4295c19 ($5.14 in chips)
Seat 6: 6e2814c7 ($11.38 in chips)
3577953: posts small blind $0.02
Hero: posts big blind $0.05
*** HOLE CARDS ***
Dealt to dda64aba 
Dealt to 3577953 
Dealt to Hero [9h 2c]
Dealt to f4295c19 
Dealt to 6e2814c7 
f4295c19: raises $0.1 to $0.15
6e2814c7: folds
dda64aba: folds
3577953: folds
Hero: folds
Uncalled bet ($0.1) returned to f4295c19
*** SHOWDOWN ***
f4295c19 collected $0.12 from pot
*** SUMMARY ***
Total pot $0.12 | Rake $0 | Jackpot $0 | Bingo $0 | Fortune $0
Seat 1: dda64aba (button) folded before Flop (didn't bet)
Seat 2: 3577953 (small blind) folded before Flop
Seat 3: Hero (big blind) folded before Flop
Seat 4: f4295c19 collected ($0.12)
Seat 6: 6e2814c7 folded before Flop (didn't bet)


Poker Hand #HD1203260654: Hold'em No Limit  ($0.02/$0.05) - 2023/04/14 21:12:36
Table 'NLHBlue103' 6-max Seat #6 is the button
Seat 1: dda64aba ($6.12 in chips)
Seat 2: 3577953 ($5.29 in chips)
Seat 3: Hero ($5.07 in chips)
Seat 4: f4295c19 ($5.14 in chips)
Seat 6: 6e2814c7 ($11.31 in chips)
dda64aba: posts small blind $0.02
3577953: posts big blind $0.05
*** HOLE CARDS ***
Dealt to dda64aba 
Dealt to 3577953 
Dealt to Hero [6d Ac]
Dealt to f4295c19 
Dealt to 6e2814c7 
Hero: folds
f4295c19: folds
6e2814c7: raises $0.06 to $0.11
dda64aba: folds
3577953: folds
Uncalled bet ($0.06) returned to 6e2814c7
*** SHOWDOWN ***
6e2814c7 collected $0.12 from pot
*** SUMMARY ***
Total pot $0.12 | Rake $0 | Jackpot $0 | Bingo $0 | Fortune $0
Seat 1: dda64aba (small blind) folded before Flop
Seat 2: 3577953 (big blind) folded before Flop
Seat 3: Hero folded before Flop (didn't bet)
Seat 4: f4295c19 folded before Flop (didn't bet)
Seat 6: 6e2814c7 (button) collected ($0.12)


Poker Hand #HD1203260638: Hold'em No Limit  ($0.02/$0.05) - 2023/04/14 21:12:23
Table 'NLHBlue103' 6-max Seat #4 is the button
Seat 1: dda64aba ($6.17 in chips)
Seat 2: 3577953 ($5.29 in chips)
Seat 3: Hero ($5.07 in chips)
Seat 4: f4295c19 ($5.07 in chips)
Seat 6: 6e2814c7 ($11.33 in chips)
6e2814c7: posts small blind $0.02
dda64aba: posts big blind $0.05
*** HOLE CARDS ***
Dealt to dda64aba 
Dealt to 3577953 
Dealt to Hero [4h Tc]
Dealt to f4295c19 
Dealt to 6e2814c7 
3577953: folds
Hero: folds
f4295c19: raises $0.1 to $0.15
6e2814c7: folds
dda64aba: folds
Uncalled bet ($0.1) returned to f4295c19
*** SHOWDOWN ***
f4295c19 collected $0.12 from pot
*** SUMMARY ***
Total pot $0.12 | Rake $0 | Jackpot $0 | Bingo $0 | Fortune $0
Seat 1: dda64aba (big blind) folded before Flop
Seat 2: 3577953 folded before Flop (didn't bet)
Seat 3: Hero folded before Flop (didn't bet)
Seat 4: f4295c19 (button) collected ($0.12)
Seat 6: 6e2814c7 (small blind) folded before Flop


Poker Hand #HD1203260609: Hold'em No Limit  ($0.02/$0.05) - 2023/04/14 21:12:07
Table 'NLHBlue103' 6-max Seat #3 is the button
Seat 1: dda64aba ($6.17 in chips)
Seat 2: 3577953 ($5.29 in chips)
Seat 3: Hero ($5 in chips)
Seat 4: f4295c19 ($5.09 in chips)
Seat 6: 6e2814c7 ($11.38 in chips)
f4295c19: posts small blind $0.02
6e2814c7: posts big blind $0.05
*** HOLE CARDS ***
Dealt to dda64aba 
Dealt to 3577953 
Dealt to Hero [8c 8d]
Dealt to f4295c19 
Dealt to 6e2814c7 
dda64aba: folds
3577953: folds
Hero: raises $0.07 to $0.12
f4295c19: folds
6e2814c7: folds
Uncalled bet ($0.07) returned to Hero
*** SHOWDOWN ***
Hero collected $0.12 from pot
*** SUMMARY ***
Total pot $0.12 | Rake $0 | Jackpot $0 | Bingo $0 | Fortune $0
Seat 1: dda64aba folded before Flop (didn't bet)
Seat 2: 3577953 folded before Flop (didn't bet)
Seat 3: Hero (button) collected ($0.12)
Seat 4: f4295c19 (small blind) folded before Flop
Seat 6: 6e2814c7 (big blind) folded before Flop


Poker Hand #HD1203260589: Hold'em No Limit  ($0.02/$0.05) - 2023/04/14 21:11:59
Table 'NLHBlue103' 6-max Seat #2 is the button
Seat 1: dda64aba ($6.17 in chips)
Seat 2: 3577953 ($5.29 in chips)
Seat 3: Hero ($5.02 in chips)
Seat 4: f4295c19 ($5.07 in chips)
Seat 6: 6e2814c7 ($11.38 in chips)
Hero: posts small blind $0.02
f4295c19: posts big blind $0.05
*** HOLE CARDS ***
Dealt to dda64aba 
Dealt to 3577953 
Dealt to Hero [3c Ts]
Dealt to f4295c19 
Dealt to 6e2814c7 
6e2814c7: folds
dda64aba: folds
3577953: folds
Hero: folds
Uncalled bet ($0.03) returned to f4295c19
*** SHOWDOWN ***
f4295c19 collected $0.04 from pot
*** SUMMARY ***
Total pot $0.04 | Rake $0 | Jackpot $0 | Bingo $0 | Fortune $0
Seat 1: dda64aba folded before Flop (didn't bet)
Seat 2: 3577953 (button) folded before Flop (didn't bet)
Seat 3: Hero (small blind) folded before Flop
Seat 4: f4295c19 (big blind) collected ($0.04)
Seat 6: 6e2814c7 folded before Flop (didn't bet)


Poker Hand #HD1203260563: Hold'em No Limit  ($0.02/$0.05) - 2023/04/14 21:11:48
Table 'NLHBlue103' 6-max Seat #1 is the button
Seat 1: dda64aba ($6.17 in chips)
Seat 2: 3577953 ($5.31 in chips)
Seat 3: Hero ($5.07 in chips)
Seat 4: f4295c19 ($5 in chips)
Seat 6: 6e2814c7 ($11.38 in chips)
3577953: posts small blind $0.02
Hero: posts big blind $0.05
*** HOLE CARDS ***
Dealt to dda64aba 
Dealt to 3577953 
Dealt to Hero [6s 9h]
Dealt to f4295c19 
Dealt to 6e2814c7 
f4295c19: raises $0.1 to $0.15
6e2814c7: folds
dda64aba: folds
3577953: folds
Hero: folds
Uncalled bet ($0.1) returned to f4295c19
*** SHOWDOWN ***
f4295c19 collected $0.12 from pot
*** SUMMARY ***
Total pot $0.12 | Rake $0 | Jackpot $0 | Bingo $0 | Fortune $0
Seat 1: dda64aba (button) folded before Flop (didn't bet)
Seat 2: 3577953 (small blind) folded before Flop
Seat 3: Hero (big blind) folded before Flop
Seat 4: f4295c19 collected ($0.12)
Seat 6: 6e2814c7 folded before Flop (didn't bet)


Poker Hand #HD1203260541: Hold'em No Limit  ($0.02/$0.05) - 2023/04/14 21:11:37
Table 'NLHBlue103' 6-max Seat #6 is the button
Seat 1: dda64aba ($6.19 in chips)
Seat 2: 3577953 ($5.36 in chips)
Seat 3: Hero ($5 in chips)
Seat 4: f4295c19 ($5 in chips)
Seat 6: 6e2814c7 ($11.38 in chips)
dda64aba: posts small blind $0.02
3577953: posts big blind $0.05
*** HOLE CARDS ***
Dealt to dda64aba 
Dealt to 3577953 
Dealt to Hero [Ks Qd]
Dealt to f4295c19 
Dealt to 6e2814c7 
Hero: raises $0.07 to $0.12
f4295c19: folds
6e2814c7: folds
dda64aba: folds
3577953: folds
Uncalled bet ($0.07) returned to Hero
*** SHOWDOWN ***
Hero collected $0.12 from pot
*** SUMMARY ***
Total pot $0.12 | Rake $0 | Jackpot $0 | Bingo $0 | Fortune $0
Seat 1: dda64aba (small blind) folded before Flop
Seat 2: 3577953 (big blind) folded before Flop
Seat 3: Hero collected ($0.12)
Seat 4: f4295c19 folded before Flop (didn't bet)
Seat 6: 6e2814c7 (button) folded before Flop (didn't bet)


Poker Hand #HD1203260515: Hold'em No Limit  ($0.02/$0.05) - 2023/04/14 21:11:24
Table 'NLHBlue103' 6-max Seat #4 is the button
Seat 1: dda64aba ($6.24 in chips)
Seat 2: 3577953 ($5.29 in chips)
Seat 3: Hero ($5 in chips)
Seat 4: f4295c19 ($5 in chips)
Seat 6: 6e2814c7 ($11.4 in chips)
6e2814c7: posts small blind $0.02
dda64aba: posts big blind $0.05
*** HOLE CARDS ***
Dealt to dda64aba 
Dealt to 3577953 
Dealt to Hero [3c 5d]
Dealt to f4295c19 
Dealt to 6e2814c7 
3577953: raises $0.05 to $0.1
Hero: folds
f4295c19: folds
6e2814c7: folds
dda64aba: folds
Uncalled bet ($0.05) returned to 3577953
*** SHOWDOWN ***
3577953 collected $0.12 from pot
*** SUMMARY ***
Total pot $0.12 | Rake $0 | Jackpot $0 | Bingo $0 | Fortune $0
Seat 1: dda64aba (big blind) folded before Flop
Seat 2: 3577953 collected ($0.12)
Seat 3: Hero folded before Flop (didn't bet)
Seat 4: f4295c19 (button) folded before Flop (didn't bet)
Seat 6: 6e2814c7 (small blind) folded before Flop


Poker Hand #HD1203260321: Hold'em No Limit  ($0.02/$0.05) - 2023/04/14 21:09:23
Table 'NLHBlue103' 6-max Seat #3 is the button
Seat 1: dda64aba ($6.24 in chips)
Seat 2: 3577953 ($5.29 in chips)
Seat 3: Hero ($5 in chips)
Seat 4: f4295c19 ($5.35 in chips)
Seat 6: 6e2814c7 ($6.6 in chips)
f4295c19: posts small blind $0.02
6e2814c7: posts big blind $0.05
*** HOLE CARDS ***
Dealt to dda64aba 
Dealt to 3577953 
Dealt to Hero [Tc 4c]
Dealt to f4295c19 
Dealt to 6e2814c7 
dda64aba: folds
3577953: folds
Hero: folds
f4295c19: raises $0.1 to $0.15
6e2814c7: raises $0.31 to $0.46
f4295c19: calls $0.31
*** FLOP *** [4h Kc 5d]
f4295c19: checks
6e2814c7: bets $0.66
f4295c19: calls $0.66
*** TURN *** [4h Kc 5d] [5s]
f4295c19: checks
6e2814c7: bets $1.4
f4295c19: calls $1.4
*** RIVER *** [4h Kc 5d 5s] [9d]
f4295c19: checks
6e2814c7: bets $4.08 and is all-in
f4295c19: calls $2.83 and is all-in
Uncalled bet ($1.25) returned to 6e2814c7
6e2814c7: shows [As Ac] (Pair of Aces and Pair of Fives)
f4295c19: shows [2h Ah] (Pair of Fives)
*** SHOWDOWN ***
6e2814c7 collected $10.15 from pot
*** SUMMARY ***
Total pot $10.7 | Rake $0.5 | Jackpot $0.05 | Bingo $0 | Fortune $0
Board [4h Kc 5d 5s 9d]
Seat 1: dda64aba folded before Flop (didn't bet)
Seat 2: 3577953 folded before Flop (didn't bet)
Seat 3: Hero (button) folded before Flop (didn't bet)
Seat 4: f4295c19 (small blind) showed [2h Ah] and lost with Pair of Fives
Seat 6: 6e2814c7 (big blind) showed [As Ac] and won ($10.15) with Pair of Aces and Pair of Fives


Poker Hand #HD1203260295: Hold'em No Limit  ($0.02/$0.05) - 2023/04/14 21:09:09
Table 'NLHBlue103' 6-max Seat #2 is the button
Seat 1: dda64aba ($6.24 in chips)
Seat 2: 3577953 ($5.22 in chips)
Seat 3: Hero ($5 in chips)
Seat 4: f4295c19 ($5.4 in chips)
Seat 6: 6e2814c7 ($6.6 in chips)
Hero: posts small blind $0.02
f4295c19: posts big blind $0.05
*** HOLE CARDS ***
Dealt to dda64aba 
Dealt to 3577953 
Dealt to Hero [9c Ts]
Dealt to f4295c19 
Dealt to 6e2814c7 
6e2814c7: folds
dda64aba: folds
3577953: raises $0.08 to $0.13
Hero: folds
f4295c19: folds
Uncalled bet ($0.08) returned to 3577953
*** SHOWDOWN ***
3577953 collected $0.12 from pot
*** SUMMARY ***
Total pot $0.12 | Rake $0 | Jackpot $0 | Bingo $0 | Fortune $0
Seat 1: dda64aba folded before Flop (didn't bet)
Seat 2: 3577953 (button) collected ($0.12)
Seat 3: Hero (small blind) folded before Flop
Seat 4: f4295c19 (big blind) folded before Flop
Seat 6: 6e2814c7 folded before Flop (didn't bet)


Poker Hand #HD1203260203: Hold'em No Limit  ($0.02/$0.05) - 2023/04/14 21:08:18
Table 'NLHBlue103' 6-max Seat #1 is the button
Seat 1: dda64aba ($6.24 in chips)
Seat 2: 3577953 ($5.24 in chips)
Seat 3: Hero ($5 in chips)
Seat 4: f4295c19 ($5.85 in chips)
Seat 6: 6e2814c7 ($6.12 in chips)
3577953: posts small blind $0.02
Hero: posts big blind $0.05
*** HOLE CARDS ***
Dealt to dda64aba 
Dealt to 3577953 
Dealt to Hero [9d 3s]
Dealt to f4295c19 
Dealt to 6e2814c7 
f4295c19: raises $0.1 to $0.15
6e2814c7: raises $0.3 to $0.45
dda64aba: folds
3577953: folds
Hero: folds
f4295c19: calls $0.3
*** FLOP *** [7d As 6h]
f4295c19: checks
6e2814c7: bets $0.33
f4295c19: folds
Uncalled bet ($0.33) returned to 6e2814c7
*** SHOWDOWN ***
6e2814c7 collected $0.93 from pot
*** SUMMARY ***
Total pot $0.97 | Rake $0.04 | Jackpot $0 | Bingo $0 | Fortune $0
Board [7d As 6h]
Seat 1: dda64aba (button) folded before Flop (didn't bet)
Seat 2: 3577953 (small blind) folded before Flop
Seat 3: Hero (big blind) folded before Flop
Seat 4: f4295c19 folded on the Flop
Seat 6: 6e2814c7 won ($0.93)


Poker Hand #HD1203260113: Hold'em No Limit  ($0.02/$0.05) - 2023/04/14 21:07:26
Table 'NLHBlue103' 6-max Seat #6 is the button
Seat 1: dda64aba ($6.26 in chips)
Seat 2: 3577953 ($5.29 in chips)
Seat 3: Hero ($5 in chips)
Seat 4: f4295c19 ($5.57 in chips)
Seat 6: 6e2814c7 ($6.12 in chips)
dda64aba: posts small blind $0.02
3577953: posts big blind $0.05
*** HOLE CARDS ***
Dealt to dda64aba 
Dealt to 3577953 
Dealt to Hero [Js Ts]
Dealt to f4295c19 
Dealt to 6e2814c7 
Hero: raises $0.07 to $0.12
f4295c19: raises $0.11 to $0.23
6e2814c7: folds
dda64aba: folds
3577953: folds
Hero: calls $0.11
*** FLOP *** [2d Ac 6s]
Hero: checks
f4295c19: bets $0.18
Hero: folds
Uncalled bet ($0.18) returned to f4295c19
*** SHOWDOWN ***
f4295c19 collected $0.51 from pot
*** SUMMARY ***
Total pot $0.53 | Rake $0.02 | Jackpot $0 | Bingo $0 | Fortune $0
Board [2d Ac 6s]
Seat 1: dda64aba (small blind) folded before Flop
Seat 2: 3577953 (big blind) folded before Flop
Seat 3: Hero folded on the Flop
Seat 4: f4295c19 won ($0.51)
Seat 6: 6e2814c7 (button) folded before Flop (didn't bet)


Poker Hand #HD1203260007: Hold'em No Limit  ($0.02/$0.05) - 2023/04/14 21:06:35
Table 'NLHBlue103' 6-max Seat #4 is the button
Seat 1: dda64aba ($6.31 in chips)
Seat 2: 3577953 ($5.29 in chips)
Seat 3: Hero ($5 in chips)
Seat 4: f4295c19 ($5 in chips)
Seat 6: 6e2814c7 ($6.7 in chips)
6e2814c7: posts small blind $0.02
dda64aba: posts big blind $0.05
*** HOLE CARDS ***
Dealt to dda64aba 
Dealt to 3577953 
Dealt to Hero [8d 2c]
Dealt to f4295c19 
Dealt to 6e2814c7 
3577953: folds
Hero: folds
f4295c19: raises $0.1 to $0.15
6e2814c7: raises $0.43 to $0.58
dda64aba: folds
f4295c19: raises $0.67 to $1.25
6e2814c7: folds
Uncalled bet ($0.67) returned to f4295c19
*** SHOWDOWN ***
f4295c19 collected $1.15 from pot
*** SUMMARY ***
Total pot $1.21 | Rake $0.06 | Jackpot $0 | Bingo $0 | Fortune $0
Seat 1: dda64aba (big blind) folded before Flop
Seat 2: 3577953 folded before Flop (didn't bet)
Seat 3: Hero folded before Flop (didn't bet)
Seat 4: f4295c19 (button) collected ($1.15)
Seat 6: 6e2814c7 (small blind) folded before Flop


Poker Hand #HD1203259979: Hold'em No Limit  ($0.02/$0.05) - 2023/04/14 21:06:21
Table 'NLHBlue103' 6-max Seat #3 is the button
Seat 1: dda64aba ($6.31 in chips)
Seat 2: 3577953 ($5.29 in chips)
Seat 3: Hero ($5 in chips)
Seat 4: f4295c19 ($5 in chips)
Seat 6: 6e2814c7 ($6.68 in chips)
f4295c19: posts small blind $0.02
6e2814c7: posts big blind $0.05
*** HOLE CARDS ***
Dealt to dda64aba 
Dealt to 3577953 
Dealt to Hero [5c 3d]
Dealt to f4295c19 
Dealt to 6e2814c7 
dda64aba: folds
3577953: folds
Hero: folds
f4295c19: folds
Uncalled bet ($0.03) returned to 6e2814c7
*** SHOWDOWN ***
6e2814c7 collected $0.04 from pot
*** SUMMARY ***
Total pot $0.04 | Rake $0 | Jackpot $0 | Bingo $0 | Fortune $0
Seat 1: dda64aba folded before Flop (didn't bet)
Seat 2: 3577953 folded before Flop (didn't bet)
Seat 3: Hero (button) folded before Flop (didn't bet)
Seat 4: f4295c19 (small blind) folded before Flop
Seat 6: 6e2814c7 (big blind) collected ($0.04)


Poker Hand #HD1203259947: Hold'em No Limit  ($0.02/$0.05) - 2023/04/14 21:06:04
Table 'NLHBlue103' 6-max Seat #2 is the button
Seat 1: dda64aba ($6.24 in chips)
Seat 2: 3577953 ($5.29 in chips)
Seat 3: Hero ($5.02 in chips)
Seat 4: f4295c19 ($5 in chips)
Seat 6: 6e2814c7 ($6.68 in chips)
Hero: posts small blind $0.02
f4295c19: posts big blind $0.05
*** HOLE CARDS ***
Dealt to dda64aba 
Dealt to 3577953 
Dealt to Hero [6c 2d]
Dealt to f4295c19 
Dealt to 6e2814c7 
6e2814c7: folds
dda64aba: raises $0.08 to $0.13
3577953: folds
Hero: folds
f4295c19: folds
Uncalled bet ($0.08) returned to dda64aba
*** SHOWDOWN ***
dda64aba collected $0.12 from pot
*** SUMMARY ***
Total pot $0.12 | Rake $0 | Jackpot $0 | Bingo $0 | Fortune $0
Seat 1: dda64aba collected ($0.12)
Seat 2: 3577953 (button) folded before Flop (didn't bet)
Seat 3: Hero (small blind) folded before Flop
Seat 4: f4295c19 (big blind) folded before Flop
Seat 6: 6e2814c7 folded before Flop (didn't bet)


Poker Hand #HD1203259925: Hold'em No Limit  ($0.02/$0.05) - 2023/04/14 21:05:53
Table 'NLHBlue103' 6-max Seat #1 is the button
Seat 1: dda64aba ($6.24 in chips)
Seat 2: 3577953 ($5.31 in chips)
Seat 3: Hero ($5 in chips)
Seat 4: f4295c19 ($5 in chips)
Seat 6: 6e2814c7 ($6.68 in chips)
3577953: posts small blind $0.02
Hero: posts big blind $0.05
*** HOLE CARDS ***
Dealt to dda64aba 
Dealt to 3577953 
Dealt to Hero [8h 3c]
Dealt to f4295c19 
Dealt to 6e2814c7 
f4295c19: folds
6e2814c7: folds
dda64aba: folds
3577953: folds
Uncalled bet ($0.03) returned to Hero
*** SHOWDOWN ***
Hero collected $0.04 from pot
*** SUMMARY ***
Total pot $0.04 | Rake $0 | Jackpot $0 | Bingo $0 | Fortune $0
Seat 1: dda64aba (button) folded before Flop (didn't bet)
Seat 2: 3577953 (small blind) folded before Flop
Seat 3: Hero (big blind) collected ($0.04)
Seat 4: f4295c19 folded before Flop (didn't bet)
Seat 6: 6e2814c7 folded before Flop (didn't bet)


Poker Hand #HD1203259886: Hold'em No Limit  ($0.02/$0.05) - 2023/04/14 21:05:32
Table 'NLHBlue103' 6-max Seat #6 is the button
Seat 1: dda64aba ($6.26 in chips)
Seat 2: 3577953 ($5.36 in chips)
Seat 3: Hero ($5 in chips)
Seat 4: f4295c19 ($5 in chips)
Seat 6: 6e2814c7 ($6.61 in chips)
dda64aba: posts small blind $0.02
3577953: posts big blind $0.05
*** HOLE CARDS ***
Dealt to dda64aba 
Dealt to 3577953 
Dealt to Hero [6d 7h]
Dealt to f4295c19 
Dealt to 6e2814c7 
Hero: folds
f4295c19: folds
6e2814c7: raises $0.06 to $0.11
dda64aba: folds
3577953: folds
Uncalled bet ($0.06) returned to 6e2814c7
*** SHOWDOWN ***
6e2814c7 collected $0.12 from pot
*** SUMMARY ***
Total pot $0.12 | Rake $0 | Jackpot $0 | Bingo $0 | Fortune $0
Seat 1: dda64aba (small blind) folded before Flop
Seat 2: 3577953 (big blind) folded before Flop
Seat 3: Hero folded before Flop (didn't bet)
Seat 4: f4295c19 folded before Flop (didn't bet)
Seat 6: 6e2814c7 (button) collected ($0.12)


Poker Hand #HD1203259846: Hold'em No Limit  ($0.02/$0.05) - 2023/04/14 21:05:13
Table 'NLHBlue103' 6-max Seat #4 is the button
Seat 1: dda64aba ($6.31 in chips)
Seat 2: 3577953 ($5.36 in chips)
Seat 3: Hero ($5 in chips)
Seat 4: f4295c19 ($5 in chips)
Seat 6: 6e2814c7 ($6.56 in chips)
6e2814c7: posts small blind $0.02
dda64aba: posts big blind $0.05
*** HOLE CARDS ***
Dealt to dda64aba 
Dealt to 3577953 
Dealt to Hero [5d Qd]
Dealt to f4295c19 
Dealt to 6e2814c7 
3577953: folds
Hero: folds
f4295c19: folds
6e2814c7: raises $0.1 to $0.15
dda64aba: folds
Uncalled bet ($0.1) returned to 6e2814c7
*** SHOWDOWN ***
6e2814c7 collected $0.1 from pot
*** SUMMARY ***
Total pot $0.1 | Rake $0 | Jackpot $0 | Bingo $0 | Fortune $0
Seat 1: dda64aba (big blind) folded before Flop
Seat 2: 3577953 folded before Flop (didn't bet)
Seat 3: Hero folded before Flop (didn't bet)
Seat 4: f4295c19 (button) folded before Flop (didn't bet)
Seat 6: 6e2814c7 (small blind) collected ($0.1)


Poker Hand #HD1203259744: Hold'em No Limit  ($0.02/$0.05) - 2023/04/14 21:04:24
Table 'NLHBlue103' 6-max Seat #3 is the button
Seat 1: dda64aba ($6.54 in chips)
Seat 2: 3577953 ($5.36 in chips)
Seat 3: Hero ($5 in chips)
Seat 4: f4295c19 ($5 in chips)
Seat 6: 6e2814c7 ($6.33 in chips)
f4295c19: posts small blind $0.02
6e2814c7: posts big blind $0.05
*** HOLE CARDS ***
Dealt to dda64aba 
Dealt to 3577953 
Dealt to Hero [7h 5h]
Dealt to f4295c19 
Dealt to 6e2814c7 
dda64aba: raises $0.08 to $0.13
3577953: folds
Hero: folds
f4295c19: folds
6e2814c7: calls $0.08
*** FLOP *** [3c Jh 8s]
6e2814c7: checks
dda64aba: bets $0.1
6e2814c7: calls $0.1
*** TURN *** [3c Jh 8s] [6d]
6e2814c7: checks
dda64aba: checks
*** RIVER *** [3c Jh 8s 6d] [8h]
6e2814c7: checks
dda64aba: checks
6e2814c7: shows [9h 9s] (Pair of Nines and Pair of Eights)
dda64aba: shows [Ah 4h] (Pair of Eights)
*** SHOWDOWN ***
6e2814c7 collected $0.46 from pot
*** SUMMARY ***
Total pot $0.48 | Rake $0.02 | Jackpot $0 | Bingo $0 | Fortune $0
Board [3c Jh 8s 6d 8h]
Seat 1: dda64aba showed [Ah 4h] and lost with Pair of Eights
Seat 2: 3577953 folded before Flop (didn't bet)
Seat 3: Hero (button) folded before Flop (didn't bet)
Seat 4: f4295c19 (small blind) folded before Flop
Seat 6: 6e2814c7 (big blind) showed [9h 9s] and won ($0.46) with Pair of Nines and Pair of Eights


Poker Hand #HD1203259542: Hold'em No Limit  ($0.02/$0.05) - 2023/04/14 21:02:42
Table 'NLHBlue103' 6-max Seat #2 is the button
Seat 1: dda64aba ($5.99 in chips)
Seat 2: 3577953 ($5.36 in chips)
Seat 3: Hero ($5 in chips)
Seat 4: f4295c19 ($5.07 in chips)
Seat 5: 3bf6672f ($8.23 in chips)
Seat 6: 6e2814c7 ($6.33 in chips)
Hero: posts small blind $0.02
f4295c19: posts big blind $0.05
*** HOLE CARDS ***
Dealt to dda64aba 
Dealt to 3577953 
Dealt to Hero [2c 2s]
Dealt to f4295c19 
Dealt to 3bf6672f 
Dealt to 6e2814c7 
3bf6672f: folds
6e2814c7: folds
dda64aba: raises $0.08 to $0.13
3577953: folds
Hero: folds
f4295c19: calls $0.08
*** FLOP *** [7h 3s 9c]
f4295c19: checks
dda64aba: bets $0.1
f4295c19: calls $0.1
*** TURN *** [7h 3s 9c] [Jc]
f4295c19: checks
dda64aba: bets $0.36
f4295c19: calls $0.36
*** RIVER *** [7h 3s 9c Jc] [Td]
f4295c19: checks
dda64aba: checks
f4295c19: shows [Ad Th] (Pair of Tens)
dda64aba: shows [Ks Js] (Pair of Jacks)
*** SHOWDOWN ***
dda64aba collected $1.14 from pot
*** SUMMARY ***
Total pot $1.2 | Rake $0.06 | Jackpot $0 | Bingo $0 | Fortune $0
Board [7h 3s 9c Jc Td]
Seat 1: dda64aba showed [Ks Js] and won ($1.14) with Pair of Jacks
Seat 2: 3577953 (button) folded before Flop (didn't bet)
Seat 3: Hero (small blind) folded before Flop
Seat 4: f4295c19 (big blind) showed [Ad Th] and lost with Pair of Tens
Seat 5: 3bf6672f folded before Flop (didn't bet)
Seat 6: 6e2814c7 folded before Flop (didn't bet)


Poker Hand #HD1203259515: Hold'em No Limit  ($0.02/$0.05) - 2023/04/14 21:02:29
Table 'NLHBlue103' 6-max Seat #1 is the button
Seat 1: dda64aba ($5.99 in chips)
Seat 2: 3577953 ($5.38 in chips)
Seat 3: Hero ($5 in chips)
Seat 4: f4295c19 ($5.07 in chips)
Seat 5: 3bf6672f ($8.16 in chips)
Seat 6: 6e2814c7 ($6.33 in chips)
3577953: posts small blind $0.02
Hero: posts big blind $0.05
*** HOLE CARDS ***
Dealt to dda64aba 
Dealt to 3577953 
Dealt to Hero [4s 3d]
Dealt to f4295c19 
Dealt to 3bf6672f 
Dealt to 6e2814c7 
f4295c19: folds
3bf6672f: raises $0.07 to $0.12
6e2814c7: folds
dda64aba: folds
3577953: folds
Hero: folds
Uncalled bet ($0.07) returned to 3bf6672f
*** SHOWDOWN ***
3bf6672f collected $0.12 from pot
*** SUMMARY ***
Total pot $0.12 | Rake $0 | Jackpot $0 | Bingo $0 | Fortune $0
Seat 1: dda64aba (button) folded before Flop (didn't bet)
Seat 2: 3577953 (small blind) folded before Flop
Seat 3: Hero (big blind) folded before Flop
Seat 4: f4295c19 folded before Flop (didn't bet)
Seat 5: 3bf6672f collected ($0.12)
Seat 6: 6e2814c7 folded before Flop (didn't bet)


Poker Hand #HD1203259474: Hold'em No Limit  ($0.02/$0.05) - 2023/04/14 21:02:10
Table 'NLHBlue103' 6-max Seat #6 is the button
Seat 1: dda64aba ($6.01 in chips)
Seat 2: 3577953 ($5.43 in chips)
Seat 3: Hero ($5 in chips)
Seat 4: f4295c19 ($5 in chips)
Seat 5: 3bf6672f ($8.16 in chips)
Seat 6: 6e2814c7 ($6.33 in chips)
dda64aba: posts small blind $0.02
3577953: posts big blind $0.05
*** HOLE CARDS ***
Dealt to dda64aba 
Dealt to 3577953 
Dealt to Hero [As 8h]
Dealt to f4295c19 
Dealt to 3bf6672f 
Dealt to 6e2814c7 
Hero: folds
f4295c19: raises $0.1 to $0.15
3bf6672f: folds
6e2814c7: folds
dda64aba: folds
3577953: folds
Uncalled bet ($0.1) returned to f4295c19
*** SHOWDOWN ***
f4295c19 collected $0.12 from pot
*** SUMMARY ***
Total pot $0.12 | Rake $0 | Jackpot $0 | Bingo $0 | Fortune $0
Seat 1: dda64aba (small blind) folded before Flop
Seat 2: 3577953 (big blind) folded before Flop
Seat 3: Hero folded before Flop (didn't bet)
Seat 4: f4295c19 collected ($0.12)
Seat 5: 3bf6672f folded before Flop (didn't bet)
Seat 6: 6e2814c7 (button) folded before Flop (didn't bet)


Poker Hand #HD1203259438: Hold'em No Limit  ($0.02/$0.05) - 2023/04/14 21:01:56
Table 'NLHBlue103' 6-max Seat #5 is the button
Seat 1: dda64aba ($6.06 in chips)
Seat 2: 3577953 ($5.36 in chips)
Seat 3: Hero ($5 in chips)
Seat 4: f4295c19 ($5 in chips)
Seat 5: 3bf6672f ($8.16 in chips)
Seat 6: 6e2814c7 ($6.35 in chips)
6e2814c7: posts small blind $0.02
dda64aba: posts big blind $0.05
*** HOLE CARDS ***
Dealt to dda64aba 
Dealt to 3577953 
Dealt to Hero [Tc 9h]
Dealt to f4295c19 
Dealt to 3bf6672f 
Dealt to 6e2814c7 
3577953: raises $0.08 to $0.13
Hero: folds
f4295c19: folds
3bf6672f: folds
6e2814c7: folds
dda64aba: folds
Uncalled bet ($0.08) returned to 3577953
*** SHOWDOWN ***
3577953 collected $0.12 from pot
*** SUMMARY ***
Total pot $0.12 | Rake $0 | Jackpot $0 | Bingo $0 | Fortune $0
Seat 1: dda64aba (big blind) folded before Flop
Seat 2: 3577953 collected ($0.12)
Seat 3: Hero folded before Flop (didn't bet)
Seat 4: f4295c19 folded before Flop (didn't bet)
Seat 5: 3bf6672f (button) folded before Flop (didn't bet)
Seat 6: 6e2814c7 (small blind) folded before Flop


Poker Hand #HD1203259319: Hold'em No Limit  ($0.02/$0.05) - 2023/04/14 21:00:58
Table 'NLHBlue103' 6-max Seat #4 is the button
Seat 1: dda64aba ($6.06 in chips)
Seat 2: 3577953 ($6.09 in chips)
Seat 3: Hero ($5 in chips)
Seat 4: f4295c19 ($5 in chips)
Seat 5: 3bf6672f ($8.18 in chips)
Seat 6: 6e2814c7 ($5.67 in chips)
3bf6672f: posts small blind $0.02
6e2814c7: posts big blind $0.05
*** HOLE CARDS ***
Dealt to dda64aba 
Dealt to 3577953 
Dealt to Hero [5h 9s]
Dealt to f4295c19 
Dealt to 3bf6672f 
Dealt to 6e2814c7 
dda64aba: folds
3577953: raises $0.08 to $0.13
Hero: folds
f4295c19: folds
3bf6672f: folds
6e2814c7: calls $0.08
*** FLOP *** [2c Jd 4c]
6e2814c7: checks
3577953: bets $0.1
6e2814c7: calls $0.1
*** TURN *** [2c Jd 4c] [8s]
6e2814c7: bets $0.5
3577953: calls $0.5
*** RIVER *** [2c Jd 4c 8s] [Ks]
6e2814c7: bets $1.48
3577953: folds
Uncalled bet ($1.48) returned to 6e2814c7
*** SHOWDOWN ***
6e2814c7 collected $1.41 from pot
*** SUMMARY ***
Total pot $1.48 | Rake $0.07 | Jackpot $0 | Bingo $0 | Fortune $0
Board [2c Jd 4c 8s Ks]
Seat 1: dda64aba folded before Flop (didn't bet)
Seat 2: 3577953 folded on the River
Seat 3: Hero folded before Flop (didn't bet)
Seat 4: f4295c19 (button) folded before Flop (didn't bet)
Seat 5: 3bf6672f (small blind) folded before Flop
Seat 6: 6e2814c7 (big blind) won ($1.41)


Poker Hand #HD1203259183: Hold'em No Limit  ($0.02/$0.05) - 2023/04/14 20:59:48
Table 'NLHBlue103' 6-max Seat #3 is the button
Seat 1: dda64aba ($6.06 in chips)
Seat 2: 3577953 ($5.95 in chips)
Seat 3: Hero ($5 in chips)
Seat 4: f4295c19 ($5 in chips)
Seat 5: 3bf6672f ($8.31 in chips)
f4295c19: posts small blind $0.02
3bf6672f: posts big blind $0.05
*** HOLE CARDS ***
Dealt to dda64aba 
Dealt to 3577953 
Dealt to Hero [8c Qd]
Dealt to f4295c19 
Dealt to 3bf6672f 
dda64aba: folds
3577953: raises $0.08 to $0.13
Hero: folds
f4295c19: folds
3bf6672f: calls $0.08
*** FLOP *** [Ad 3d 2s]
3bf6672f: checks
3577953: checks
*** TURN *** [Ad 3d 2s] [5d]
3bf6672f: checks
3577953: checks
*** RIVER *** [Ad 3d 2s 5d] [6d]
3bf6672f: checks
3577953: checks
3bf6672f: shows [Jc 9c] (Ace-High)
3577953: shows [Qh 8h] (Ace-High)
*** SHOWDOWN ***
3577953 collected $0.27 from pot
*** SUMMARY ***
Total pot $0.28 | Rake $0.01 | Jackpot $0 | Bingo $0 | Fortune $0
Board [Ad 3d 2s 5d 6d]
Seat 1: dda64aba folded before Flop (didn't bet)
Seat 2: 3577953 showed [Qh 8h] and won ($0.27) with Ace-High
Seat 3: Hero (button) folded before Flop (didn't bet)
Seat 4: f4295c19 (small blind) folded before Flop
Seat 5: 3bf6672f (big blind) showed [Jc 9c] and lost with Ace-High


Poker Hand #HD1203259159: Hold'em No Limit  ($0.02/$0.05) - 2023/04/14 20:59:34
Table 'NLHBlue103' 6-max Seat #2 is the button
Seat 1: dda64aba ($6.06 in chips)
Seat 2: 3577953 ($5.88 in chips)
Seat 3: Hero ($5 in chips)
Seat 4: f4295c19 ($5 in chips)
Seat 5: 3bf6672f ($8.31 in chips)
Hero: posts small blind $0.02
f4295c19: posts big blind $0.05
*** HOLE CARDS ***
Dealt to dda64aba 
Dealt to 3577953 
Dealt to Hero [8h 3c]
Dealt to f4295c19 
Dealt to 3bf6672f 
3bf6672f: folds
dda64aba: folds
3577953: raises $0.08 to $0.13
Hero: folds
f4295c19: folds
Uncalled bet ($0.08) returned to 3577953
*** SHOWDOWN ***
3577953 collected $0.12 from pot
*** SUMMARY ***
Total pot $0.12 | Rake $0 | Jackpot $0 | Bingo $0 | Fortune $0
Seat 1: dda64aba folded before Flop (didn't bet)
Seat 2: 3577953 (button) collected ($0.12)
Seat 3: Hero (small blind) folded before Flop
Seat 4: f4295c19 (big blind) folded before Flop
Seat 5: 3bf6672f folded before Flop (didn't bet)


Poker Hand #HD1203259078: Hold'em No Limit  ($0.02/$0.05) - 2023/04/14 20:58:56
Table 'NLHBlue103' 6-max Seat #1 is the button
Seat 1: dda64aba ($5.79 in chips)
Seat 2: 3577953 ($5.9 in chips)
Seat 3: Hero ($5.07 in chips)
Seat 4: f4295c19 ($5 in chips)
Seat 5: 3bf6672f ($8.31 in chips)
3577953: posts small blind $0.02
Hero: posts big blind $0.05
*** HOLE CARDS ***
Dealt to dda64aba 
Dealt to 3577953 
Dealt to Hero [5h As]
Dealt to f4295c19 
Dealt to 3bf6672f 
f4295c19: folds
3bf6672f: folds
dda64aba: raises $0.08 to $0.13
3577953: folds
Hero: calls $0.08
*** FLOP *** [8s Ac Tc]
Hero: bets $0.14
dda64aba: raises $0.42 to $0.56
Hero: folds
Uncalled bet ($0.42) returned to dda64aba
*** SHOWDOWN ***
dda64aba collected $0.54 from pot
*** SUMMARY ***
Total pot $0.56 | Rake $0.02 | Jackpot $0 | Bingo $0 | Fortune $0
Board [8s Ac Tc]
Seat 1: dda64aba (button) won ($0.54)
Seat 2: 3577953 (small blind) folded before Flop
Seat 3: Hero (big blind) folded on the Flop
Seat 4: f4295c19 folded before Flop (didn't bet)
Seat 5: 3bf6672f folded before Flop (didn't bet)


Poker Hand #HD1203259038: Hold'em No Limit  ($0.02/$0.05) - 2023/04/14 20:58:39
Table 'NLHBlue103' 6-max Seat #5 is the button
Seat 1: dda64aba ($5.81 in chips)
Seat 2: 3577953 ($5.95 in chips)
Seat 3: Hero ($5 in chips)
Seat 4: f4295c19 ($5 in chips)
Seat 5: 3bf6672f ($8.31 in chips)
dda64aba: posts small blind $0.02
3577953: posts big blind $0.05
*** HOLE CARDS ***
Dealt to dda64aba 
Dealt to 3577953 
Dealt to Hero [3d Ad]
Dealt to f4295c19 
Dealt to 3bf6672f 
Hero: raises $0.07 to $0.12
f4295c19: folds
3bf6672f: folds
dda64aba: folds
3577953: folds
Uncalled bet ($0.07) returned to Hero
*** SHOWDOWN ***
Hero collected $0.12 from pot
*** SUMMARY ***
Total pot $0.12 | Rake $0 | Jackpot $0 | Bingo $0 | Fortune $0
Seat 1: dda64aba (small blind) folded before Flop
Seat 2: 3577953 (big blind) folded before Flop
Seat 3: Hero collected ($0.12)
Seat 4: f4295c19 folded before Flop (didn't bet)
Seat 5: 3bf6672f (button) folded before Flop (didn't bet)


Poker Hand #HD1203259007: Hold'em No Limit  ($0.02/$0.05) - 2023/04/14 20:58:25
Table 'NLHBlue103' 6-max Seat #4 is the button
Seat 1: dda64aba ($5.86 in chips)
Seat 2: 3577953 ($5.95 in chips)
Seat 3: Hero ($5 in chips)
Seat 4: f4295c19 ($5 in chips)
Seat 5: 3bf6672f ($8.26 in chips)
3bf6672f: posts small blind $0.02
dda64aba: posts big blind $0.05
*** HOLE CARDS ***
Dealt to dda64aba 
Dealt to 3577953 
Dealt to Hero [Ks 7c]
Dealt to f4295c19 
Dealt to 3bf6672f 
3577953: folds
Hero: folds
f4295c19: folds
3bf6672f: raises $0.1 to $0.15
dda64aba: folds
Uncalled bet ($0.1) returned to 3bf6672f
*** SHOWDOWN ***
3bf6672f collected $0.1 from pot
*** SUMMARY ***
Total pot $0.1 | Rake $0 | Jackpot $0 | Bingo $0 | Fortune $0
Seat 1: dda64aba (big blind) folded before Flop
Seat 2: 3577953 folded before Flop (didn't bet)
Seat 3: Hero folded before Flop (didn't bet)
Seat 4: f4295c19 (button) folded before Flop (didn't bet)
Seat 5: 3bf6672f (small blind) collected ($0.1)


Poker Hand #HD1203258986: Hold'em No Limit  ($0.02/$0.05) - 2023/04/14 20:58:16
Table 'NLHBlue103' 6-max Seat #3 is the button
Seat 1: dda64aba ($5.86 in chips)
Seat 2: 3577953 ($5.95 in chips)
Seat 3: Hero ($5 in chips)
Seat 4: f4295c19 ($5 in chips)
Seat 5: 3bf6672f ($8.24 in chips)
Seat 6: 6e2814c7 ($5.67 in chips)
f4295c19: posts small blind $0.02
3bf6672f: posts big blind $0.05
*** HOLE CARDS ***
Dealt to dda64aba 
Dealt to 3577953 
Dealt to Hero [8h 4c]
Dealt to f4295c19 
Dealt to 3bf6672f 
Dealt to 6e2814c7 
6e2814c7: folds
dda64aba: folds
3577953: folds
Hero: folds
f4295c19: folds
Uncalled bet ($0.03) returned to 3bf6672f
*** SHOWDOWN ***
3bf6672f collected $0.04 from pot
*** SUMMARY ***
Total pot $0.04 | Rake $0 | Jackpot $0 | Bingo $0 | Fortune $0
Seat 1: dda64aba folded before Flop (didn't bet)
Seat 2: 3577953 folded before Flop (didn't bet)
Seat 3: Hero (button) folded before Flop (didn't bet)
Seat 4: f4295c19 (small blind) folded before Flop
Seat 5: 3bf6672f (big blind) collected ($0.04)
Seat 6: 6e2814c7 folded before Flop (didn't bet)


Poker Hand #HD1203258937: Hold'em No Limit  ($0.02/$0.05) - 2023/04/14 20:57:53
Table 'NLHBlue103' 6-max Seat #2 is the button
Seat 1: dda64aba ($5.86 in chips)
Seat 2: 3577953 ($5.95 in chips)
Seat 3: Hero ($5 in chips)
Seat 4: f4295c19 ($5 in chips)
Seat 5: 3bf6672f ($8.24 in chips)
Seat 6: 6e2814c7 ($5.6 in chips)
Hero: posts small blind $0.02
f4295c19: posts big blind $0.05
*** HOLE CARDS ***
Dealt to dda64aba 
Dealt to 3577953 
Dealt to Hero [7h 6c]
Dealt to f4295c19 
Dealt to 3bf6672f 
Dealt to 6e2814c7 
3bf6672f: folds
6e2814c7: raises $0.05 to $0.1
dda64aba: folds
3577953: folds
Hero: folds
f4295c19: folds
Uncalled bet ($0.05) returned to 6e2814c7
*** SHOWDOWN ***
6e2814c7 collected $0.12 from pot
*** SUMMARY ***
Total pot $0.12 | Rake $0 | Jackpot $0 | Bingo $0 | Fortune $0
Seat 1: dda64aba folded before Flop (didn't bet)
Seat 2: 3577953 (button) folded before Flop (didn't bet)
Seat 3: Hero (small blind) folded before Flop
Seat 4: f4295c19 (big blind) folded before Flop
Seat 5: 3bf6672f folded before Flop (didn't bet)
Seat 6: 6e2814c7 collected ($0.12)


Poker Hand #HD1203258903: Hold'em No Limit  ($0.02/$0.05) - 2023/04/14 20:57:34
Table 'NLHBlue103' 6-max Seat #1 is the button
Seat 1: dda64aba ($5.86 in chips)
Seat 2: 3577953 ($5.97 in chips)
Seat 3: Hero ($5 in chips)
Seat 4: f4295c19 ($5 in chips)
Seat 5: 3bf6672f ($8.17 in chips)
Seat 6: 6e2814c7 ($5.6 in chips)
3577953: posts small blind $0.02
Hero: posts big blind $0.05
*** HOLE CARDS ***
Dealt to dda64aba 
Dealt to 3577953 
Dealt to Hero [Ac 4s]
Dealt to f4295c19 
Dealt to 3bf6672f 
Dealt to 6e2814c7 
f4295c19: folds
3bf6672f: raises $0.05 to $0.1
6e2814c7: folds
dda64aba: folds
3577953: folds
Hero: folds
Uncalled bet ($0.05) returned to 3bf6672f
*** SHOWDOWN ***
3bf6672f collected $0.12 from pot
*** SUMMARY ***
Total pot $0.12 | Rake $0 | Jackpot $0 | Bingo $0 | Fortune $0
Seat 1: dda64aba (button) folded before Flop (didn't bet)
Seat 2: 3577953 (small blind) folded before Flop
Seat 3: Hero (big blind) folded before Flop
Seat 4: f4295c19 folded before Flop (didn't bet)
Seat 5: 3bf6672f collected ($0.12)
Seat 6: 6e2814c7 folded before Flop (didn't bet)


Poker Hand #HD1203258784: Hold'em No Limit  ($0.02/$0.05) - 2023/04/14 20:56:42
Table 'NLHBlue103' 6-max Seat #6 is the button
Seat 1: dda64aba ($5.88 in chips)
Seat 2: 3577953 ($6.02 in chips)
Seat 3: Hero ($5 in chips)
Seat 4: f4295c19 ($5 in chips)
Seat 5: 3bf6672f ($7.63 in chips)
Seat 6: 6e2814c7 ($5.6 in chips)
dda64aba: posts small blind $0.02
3577953: posts big blind $0.05
*** HOLE CARDS ***
Dealt to dda64aba 
Dealt to 3577953 
Dealt to Hero [Td Qc]
Dealt to f4295c19 
Dealt to 3bf6672f 
Dealt to 6e2814c7 
Hero: folds
f4295c19: raises $0.1 to $0.15
3bf6672f: raises $0.37 to $0.52
6e2814c7: folds
dda64aba: folds
3577953: folds
f4295c19: calls $0.37
*** FLOP *** [7s Ac Jd]
f4295c19: checks
3bf6672f: bets $1.11
f4295c19: folds
Uncalled bet ($1.11) returned to 3bf6672f
*** SHOWDOWN ***
3bf6672f collected $1.06 from pot
*** SUMMARY ***
Total pot $1.11 | Rake $0.05 | Jackpot $0 | Bingo $0 | Fortune $0
Board [7s Ac Jd]
Seat 1: dda64aba (small blind) folded before Flop
Seat 2: 3577953 (big blind) folded before Flop
Seat 3: Hero folded before Flop (didn't bet)
Seat 4: f4295c19 folded on the Flop
Seat 5: 3bf6672f won ($1.06)
Seat 6: 6e2814c7 (button) folded before Flop (didn't bet)


Poker Hand #HD1203258767: Hold'em No Limit  ($0.02/$0.05) - 2023/04/14 20:56:33
Table 'NLHBlue103' 6-max Seat #5 is the button
Seat 1: dda64aba ($5.86 in chips)
Seat 2: 3577953 ($6.02 in chips)
Seat 3: Hero ($5 in chips)
Seat 4: f4295c19 ($5 in chips)
Seat 5: 3bf6672f ($7.63 in chips)
Seat 6: 6e2814c7 ($5.62 in chips)
6e2814c7: posts small blind $0.02
dda64aba: posts big blind $0.05
*** HOLE CARDS ***
Dealt to dda64aba 
Dealt to 3577953 
Dealt to Hero [6s 4h]
Dealt to f4295c19 
Dealt to 3bf6672f 
Dealt to 6e2814c7 
3577953: folds
Hero: folds
f4295c19: folds
3bf6672f: folds
6e2814c7: folds
Uncalled bet ($0.03) returned to dda64aba
*** SHOWDOWN ***
dda64aba collected $0.04 from pot
*** SUMMARY ***
Total pot $0.04 | Rake $0 | Jackpot $0 | Bingo $0 | Fortune $0
Seat 1: dda64aba (big blind) collected ($0.04)
Seat 2: 3577953 folded before Flop (didn't bet)
Seat 3: Hero folded before Flop (didn't bet)
Seat 4: f4295c19 folded before Flop (didn't bet)
Seat 5: 3bf6672f (button) folded before Flop (didn't bet)
Seat 6: 6e2814c7 (small blind) folded before Flop


Poker Hand #HD1203258565: Hold'em No Limit  ($0.02/$0.05) - 2023/04/14 20:55:02
Table 'NLHBlue103' 6-max Seat #4 is the button
Seat 1: dda64aba ($5.86 in chips)
Seat 2: 3577953 ($6.02 in chips)
Seat 3: Hero ($5.01 in chips)
Seat 4: f4295c19 ($5 in chips)
Seat 5: 3bf6672f ($7.08 in chips)
Seat 6: 6e2814c7 ($5.67 in chips)
3bf6672f: posts small blind $0.02
6e2814c7: posts big blind $0.05
*** HOLE CARDS ***
Dealt to dda64aba 
Dealt to 3577953 
Dealt to Hero [3d Ad]
Dealt to f4295c19 
Dealt to 3bf6672f 
Dealt to 6e2814c7 
dda64aba: folds
3577953: folds
Hero: raises $0.07 to $0.12
f4295c19: calls $0.12
3bf6672f: calls $0.1
6e2814c7: folds
*** FLOP *** [7s 4c Jc]
3bf6672f: checks
Hero: checks
f4295c19: checks
*** TURN *** [7s 4c Jc] [3s]
3bf6672f: checks
Hero: checks
f4295c19: bets $0.31
3bf6672f: calls $0.31
Hero: folds
*** RIVER *** [7s 4c Jc 3s] [8s]
3bf6672f: checks
f4295c19: checks
3bf6672f: shows [6d 6h] (Pair of Sixes)
f4295c19: shows [Qd Kc] (King-High)
*** SHOWDOWN ***
3bf6672f collected $0.98 from pot
*** SUMMARY ***
Total pot $1.03 | Rake $0.05 | Jackpot $0 | Bingo $0 | Fortune $0
Board [7s 4c Jc 3s 8s]
Seat 1: dda64aba folded before Flop (didn't bet)
Seat 2: 3577953 folded before Flop (didn't bet)
Seat 3: Hero folded on the Turn
Seat 4: f4295c19 (button) showed [Qd Kc] and lost with King-High
Seat 5: 3bf6672f (small blind) showed [6d 6h] and won ($0.98) with Pair of Sixes
Seat 6: 6e2814c7 (big blind) folded before Flop


Poker Hand #HD1203258495: Hold'em No Limit  ($0.02/$0.05) - 2023/04/14 20:54:29
Table 'NLHBlue103' 6-max Seat #3 is the button
Seat 1: dda64aba ($5.86 in chips)
Seat 2: 3577953 ($6.02 in chips)
Seat 3: Hero ($5.13 in chips)
Seat 4: f4295c19 ($5.23 in chips)
Seat 5: 3bf6672f ($6.51 in chips)
Seat 6: 6e2814c7 ($5.67 in chips)
f4295c19: posts small blind $0.02
3bf6672f: posts big blind $0.05
*** HOLE CARDS ***
Dealt to dda64aba 
Dealt to 3577953 
Dealt to Hero [7h Ah]
Dealt to f4295c19 
Dealt to 3bf6672f 
Dealt to 6e2814c7 
6e2814c7: folds
dda64aba: folds
3577953: folds
Hero: raises $0.07 to $0.12
f4295c19: raises $0.38 to $0.5
3bf6672f: raises $0.56 to $1.06
Hero: folds
f4295c19: folds
Uncalled bet ($0.56) returned to 3bf6672f
*** SHOWDOWN ***
3bf6672f collected $1.07 from pot
*** SUMMARY ***
Total pot $1.12 | Rake $0.05 | Jackpot $0 | Bingo $0 | Fortune $0
Seat 1: dda64aba folded before Flop (didn't bet)
Seat 2: 3577953 folded before Flop (didn't bet)
Seat 3: Hero (button) folded before Flop
Seat 4: f4295c19 (small blind) folded before Flop
Seat 5: 3bf6672f (big blind) collected ($1.07)
Seat 6: 6e2814c7 folded before Flop (didn't bet)


Poker Hand #HD1203258356: Hold'em No Limit  ($0.02/$0.05) - 2023/04/14 20:53:29
Table 'NLHBlue103' 6-max Seat #2 is the button
Seat 1: dda64aba ($5.86 in chips)
Seat 2: 3577953 ($6.25 in chips)
Seat 3: Hero ($5.15 in chips)
Seat 4: f4295c19 ($5 in chips)
Seat 5: 3bf6672f ($6.51 in chips)
Seat 6: 6e2814c7 ($5.67 in chips)
Hero: posts small blind $0.02
f4295c19: posts big blind $0.05
*** HOLE CARDS ***
Dealt to dda64aba 
Dealt to 3577953 
Dealt to Hero [2h Qd]
Dealt to f4295c19 
Dealt to 3bf6672f 
Dealt to 6e2814c7 
3bf6672f: folds
6e2814c7: folds
dda64aba: folds
3577953: raises $0.08 to $0.13
Hero: folds
f4295c19: calls $0.08
*** FLOP *** [8d 5c 8h]
f4295c19: checks
3577953: bets $0.1
f4295c19: calls $0.1
*** TURN *** [8d 5c 8h] [9c]
f4295c19: checks
3577953: checks
*** RIVER *** [8d 5c 8h 9c] [Ad]
f4295c19: checks
3577953: checks
f4295c19: shows [Td 9d] (Pair of Nines and Pair of Eights)
3577953: shows [7d 7h] (Pair of Eights and Pair of Sevens)
*** SHOWDOWN ***
f4295c19 collected $0.46 from pot
*** SUMMARY ***
Total pot $0.48 | Rake $0.02 | Jackpot $0 | Bingo $0 | Fortune $0
Board [8d 5c 8h 9c Ad]
Seat 1: dda64aba folded before Flop (didn't bet)
Seat 2: 3577953 (button) showed [7d 7h] and lost with Pair of Eights and Pair of Sevens
Seat 3: Hero (small blind) folded before Flop
Seat 4: f4295c19 (big blind) showed [Td 9d] and won ($0.46) with Pair of Nines and Pair of Eights
Seat 5: 3bf6672f folded before Flop (didn't bet)
Seat 6: 6e2814c7 folded before Flop (didn't bet)


Poker Hand #HD1203258320: Hold'em No Limit  ($0.02/$0.05) - 2023/04/14 20:53:13
Table 'NLHBlue103' 6-max Seat #1 is the button
Seat 1: dda64aba ($5.86 in chips)
Seat 2: 3577953 ($6.27 in chips)
Seat 3: Hero ($5.13 in chips)
Seat 4: f4295c19 ($5 in chips)
Seat 5: 3bf6672f ($6.51 in chips)
Seat 6: 6e2814c7 ($5.67 in chips)
3577953: posts small blind $0.02
Hero: posts big blind $0.05
*** HOLE CARDS ***
Dealt to dda64aba 
Dealt to 3577953 
Dealt to Hero [Kh 5d]
Dealt to f4295c19 
Dealt to 3bf6672f 
Dealt to 6e2814c7 
f4295c19: folds
3bf6672f: folds
6e2814c7: folds
dda64aba: folds
3577953: folds
Uncalled bet ($0.03) returned to Hero
*** SHOWDOWN ***
Hero collected $0.04 from pot
*** SUMMARY ***
Total pot $0.04 | Rake $0 | Jackpot $0 | Bingo $0 | Fortune $0
Seat 1: dda64aba (button) folded before Flop (didn't bet)
Seat 2: 3577953 (small blind) folded before Flop
Seat 3: Hero (big blind) collected ($0.04)
Seat 4: f4295c19 folded before Flop (didn't bet)
Seat 5: 3bf6672f folded before Flop (didn't bet)
Seat 6: 6e2814c7 folded before Flop (didn't bet)


Poker Hand #HD1203258241: Hold'em No Limit  ($0.02/$0.05) - 2023/04/14 20:52:38
Table 'NLHBlue103' 6-max Seat #6 is the button
Seat 1: dda64aba ($5.88 in chips)
Seat 2: 3577953 ($6.32 in chips)
Seat 3: Hero ($5.13 in chips)
Seat 4: f4295c19 ($5 in chips)
Seat 5: 3bf6672f ($6.63 in chips)
Seat 6: 6e2814c7 ($5.49 in chips)
dda64aba: posts small blind $0.02
3577953: posts big blind $0.05
*** HOLE CARDS ***
Dealt to dda64aba 
Dealt to 3577953 
Dealt to Hero [9h 2h]
Dealt to f4295c19 
Dealt to 3bf6672f 
Dealt to 6e2814c7 
Hero: folds
f4295c19: folds
3bf6672f: raises $0.07 to $0.12
6e2814c7: raises $0.24 to $0.36
dda64aba: folds
3577953: folds
3bf6672f: folds
Uncalled bet ($0.24) returned to 6e2814c7
*** SHOWDOWN ***
6e2814c7 collected $0.3 from pot
*** SUMMARY ***
Total pot $0.31 | Rake $0.01 | Jackpot $0 | Bingo $0 | Fortune $0
Seat 1: dda64aba (small blind) folded before Flop
Seat 2: 3577953 (big blind) folded before Flop
Seat 3: Hero folded before Flop (didn't bet)
Seat 4: f4295c19 folded before Flop (didn't bet)
Seat 5: 3bf6672f folded before Flop
Seat 6: 6e2814c7 (button) collected ($0.3)


Poker Hand #HD1203258162: Hold'em No Limit  ($0.02/$0.05) - 2023/04/14 20:52:04
Table 'NLHBlue103' 6-max Seat #5 is the button
Seat 1: dda64aba ($6 in chips)
Seat 2: 3577953 ($6.32 in chips)
Seat 3: Hero ($5.13 in chips)
Seat 4: f4295c19 ($5 in chips)
Seat 5: 3bf6672f ($6.5 in chips)
Seat 6: 6e2814c7 ($5.51 in chips)
6e2814c7: posts small blind $0.02
dda64aba: posts big blind $0.05
*** HOLE CARDS ***
Dealt to dda64aba 
Dealt to 3577953 
Dealt to Hero [Jc Th]
Dealt to f4295c19 
Dealt to 3bf6672f 
Dealt to 6e2814c7 
3577953: folds
Hero: folds
f4295c19: folds
3bf6672f: raises $0.07 to $0.12
6e2814c7: folds
dda64aba: calls $0.07
*** FLOP *** [5s Jd 3s]
dda64aba: checks
3bf6672f: bets $0.13
dda64aba: folds
Uncalled bet ($0.13) returned to 3bf6672f
*** SHOWDOWN ***
3bf6672f collected $0.25 from pot
*** SUMMARY ***
Total pot $0.26 | Rake $0.01 | Jackpot $0 | Bingo $0 | Fortune $0
Board [5s Jd 3s]
Seat 1: dda64aba (big blind) folded on the Flop
Seat 2: 3577953 folded before Flop (didn't bet)
Seat 3: Hero folded before Flop (didn't bet)
Seat 4: f4295c19 folded before Flop (didn't bet)
Seat 5: 3bf6672f (button) won ($0.25)
Seat 6: 6e2814c7 (small blind) folded before Flop


Poker Hand #HD1203258117: Hold'em No Limit  ($0.02/$0.05) - 2023/04/14 20:51:45
Table 'NLHBlue103' 6-max Seat #4 is the button
Seat 1: dda64aba ($5.93 in chips)
Seat 2: 3577953 ($6.32 in chips)
Seat 3: Hero ($5.13 in chips)
Seat 4: f4295c19 ($5 in chips)
Seat 5: 3bf6672f ($6.52 in chips)
Seat 6: 6e2814c7 ($5.56 in chips)
3bf6672f: posts small blind $0.02
6e2814c7: posts big blind $0.05
*** HOLE CARDS ***
Dealt to dda64aba 
Dealt to 3577953 
Dealt to Hero [7c Td]
Dealt to f4295c19 
Dealt to 3bf6672f 
Dealt to 6e2814c7 
dda64aba: raises $0.08 to $0.13
3577953: folds
Hero: folds
f4295c19: folds
3bf6672f: folds
6e2814c7: folds
Uncalled bet ($0.08) returned to dda64aba
*** SHOWDOWN ***
dda64aba collected $0.12 from pot
*** SUMMARY ***
Total pot $0.12 | Rake $0 | Jackpot $0 | Bingo $0 | Fortune $0
Seat 1: dda64aba collected ($0.12)
Seat 2: 3577953 folded before Flop (didn't bet)
Seat 3: Hero folded before Flop (didn't bet)
Seat 4: f4295c19 (button) folded before Flop (didn't bet)
Seat 5: 3bf6672f (small blind) folded before Flop
Seat 6: 6e2814c7 (big blind) folded before Flop


Poker Hand #HD1203258059: Hold'em No Limit  ($0.02/$0.05) - 2023/04/14 20:51:18
Table 'NLHBlue103' 6-max Seat #3 is the button
Seat 1: dda64aba ($5.93 in chips)
Seat 2: 3577953 ($6.32 in chips)
Seat 3: Hero ($5 in chips)
Seat 4: f4295c19 ($5.02 in chips)
Seat 5: 3bf6672f ($6.64 in chips)
Seat 6: 6e2814c7 ($5.56 in chips)
f4295c19: posts small blind $0.02
3bf6672f: posts big blind $0.05
*** HOLE CARDS ***
Dealt to dda64aba 
Dealt to 3577953 
Dealt to Hero [Ad 4s]
Dealt to f4295c19 
Dealt to 3bf6672f 
Dealt to 6e2814c7 
6e2814c7: folds
dda64aba: folds
3577953: folds
Hero: raises $0.07 to $0.12
f4295c19: folds
3bf6672f: calls $0.07
*** FLOP *** [2c 2h 8h]
3bf6672f: checks
Hero: bets $0.1
3bf6672f: folds
Uncalled bet ($0.1) returned to Hero
*** SHOWDOWN ***
Hero collected $0.25 from pot
*** SUMMARY ***
Total pot $0.26 | Rake $0.01 | Jackpot $0 | Bingo $0 | Fortune $0
Board [2c 2h 8h]
Seat 1: dda64aba folded before Flop (didn't bet)
Seat 2: 3577953 folded before Flop (didn't bet)
Seat 3: Hero (button) won ($0.25)
Seat 4: f4295c19 (small blind) folded before Flop
Seat 5: 3bf6672f (big blind) folded on the Flop
Seat 6: 6e2814c7 folded before Flop (didn't bet)


Poker Hand #HD1203258033: Hold'em No Limit  ($0.02/$0.05) - 2023/04/14 20:51:05
Table 'NLHBlue103' 6-max Seat #2 is the button
Seat 1: dda64aba ($5.93 in chips)
Seat 2: 3577953 ($6.32 in chips)
Seat 3: Hero ($5.02 in chips)
Seat 4: f4295c19 ($5.07 in chips)
Seat 5: 3bf6672f ($6.64 in chips)
Seat 6: 6e2814c7 ($5.49 in chips)
Hero: posts small blind $0.02
f4295c19: posts big blind $0.05
*** HOLE CARDS ***
Dealt to dda64aba 
Dealt to 3577953 
Dealt to Hero [8s 2c]
Dealt to f4295c19 
Dealt to 3bf6672f 
Dealt to 6e2814c7 
3bf6672f: folds
6e2814c7: raises $0.06 to $0.11
dda64aba: folds
3577953: folds
Hero: folds
f4295c19: folds
Uncalled bet ($0.06) returned to 6e2814c7
*** SHOWDOWN ***
6e2814c7 collected $0.12 from pot
*** SUMMARY ***
Total pot $0.12 | Rake $0 | Jackpot $0 | Bingo $0 | Fortune $0
Seat 1: dda64aba folded before Flop (didn't bet)
Seat 2: 3577953 (button) folded before Flop (didn't bet)
Seat 3: Hero (small blind) folded before Flop
Seat 4: f4295c19 (big blind) folded before Flop
Seat 5: 3bf6672f folded before Flop (didn't bet)
Seat 6: 6e2814c7 collected ($0.12)


Poker Hand #HD1203258003: Hold'em No Limit  ($0.02/$0.05) - 2023/04/14 20:50:50
Table 'NLHBlue103' 6-max Seat #1 is the button
Seat 1: dda64aba ($5.93 in chips)
Seat 2: 3577953 ($6.27 in chips)
Seat 3: Hero ($5.07 in chips)
Seat 4: f4295c19 ($5.07 in chips)
Seat 5: 3bf6672f ($6.64 in chips)
Seat 6: 6e2814c7 ($5.49 in chips)
3577953: posts small blind $0.02
Hero: posts big blind $0.05
*** HOLE CARDS ***
Dealt to dda64aba 
Dealt to 3577953 
Dealt to Hero [2h 3h]
Dealt to f4295c19 
Dealt to 3bf6672f 
Dealt to 6e2814c7 
f4295c19: folds
3bf6672f: folds
6e2814c7: folds
dda64aba: folds
3577953: raises $0.08 to $0.13
Hero: folds
Uncalled bet ($0.08) returned to 3577953
*** SHOWDOWN ***
3577953 collected $0.1 from pot
*** SUMMARY ***
Total pot $0.1 | Rake $0 | Jackpot $0 | Bingo $0 | Fortune $0
Seat 1: dda64aba (button) folded before Flop (didn't bet)
Seat 2: 3577953 (small blind) collected ($0.1)
Seat 3: Hero (big blind) folded before Flop
Seat 4: f4295c19 folded before Flop (didn't bet)
Seat 5: 3bf6672f folded before Flop (didn't bet)
Seat 6: 6e2814c7 folded before Flop (didn't bet)


Poker Hand #HD1203257964: Hold'em No Limit  ($0.02/$0.05) - 2023/04/14 20:50:32
Table 'NLHBlue103' 6-max Seat #6 is the button
Seat 1: dda64aba ($5.95 in chips)
Seat 2: 3577953 ($6.32 in chips)
Seat 3: Hero ($5.07 in chips)
Seat 4: f4295c19 ($5.07 in chips)
Seat 5: 3bf6672f ($6.57 in chips)
Seat 6: 6e2814c7 ($5.49 in chips)
dda64aba: posts small blind $0.02
3577953: posts big blind $0.05
*** HOLE CARDS ***
Dealt to dda64aba 
Dealt to 3577953 
Dealt to Hero [Td Ac]
Dealt to f4295c19 
Dealt to 3bf6672f 
Dealt to 6e2814c7 
Hero: folds
f4295c19: folds
3bf6672f: raises $0.07 to $0.12
6e2814c7: folds
dda64aba: folds
3577953: folds
Uncalled bet ($0.07) returned to 3bf6672f
*** SHOWDOWN ***
3bf6672f collected $0.12 from pot
*** SUMMARY ***
Total pot $0.12 | Rake $0 | Jackpot $0 | Bingo $0 | Fortune $0
Seat 1: dda64aba (small blind) folded before Flop
Seat 2: 3577953 (big blind) folded before Flop
Seat 3: Hero folded before Flop (didn't bet)
Seat 4: f4295c19 folded before Flop (didn't bet)
Seat 5: 3bf6672f collected ($0.12)
Seat 6: 6e2814c7 (button) folded before Flop (didn't bet)


Poker Hand #HD1203257908: Hold'em No Limit  ($0.02/$0.05) - 2023/04/14 20:50:01
Table 'NLHBlue103' 6-max Seat #5 is the button
Seat 1: dda64aba ($6 in chips)
Seat 2: 3577953 ($6.32 in chips)
Seat 3: Hero ($5.07 in chips)
Seat 4: f4295c19 ($5 in chips)
Seat 5: 3bf6672f ($6.57 in chips)
Seat 6: 6e2814c7 ($5.51 in chips)
6e2814c7: posts small blind $0.02
dda64aba: posts big blind $0.05
*** HOLE CARDS ***
Dealt to dda64aba 
Dealt to 3577953 
Dealt to Hero [6s 8s]
Dealt to f4295c19 
Dealt to 3bf6672f 
Dealt to 6e2814c7 
3577953: folds
Hero: folds
f4295c19: raises $0.1 to $0.15
3bf6672f: folds
6e2814c7: folds
dda64aba: folds
Uncalled bet ($0.1) returned to f4295c19
*** SHOWDOWN ***
f4295c19 collected $0.12 from pot
*** SUMMARY ***
Total pot $0.12 | Rake $0 | Jackpot $0 | Bingo $0 | Fortune $0
Seat 1: dda64aba (big blind) folded before Flop
Seat 2: 3577953 folded before Flop (didn't bet)
Seat 3: Hero folded before Flop (didn't bet)
Seat 4: f4295c19 collected ($0.12)
Seat 5: 3bf6672f (button) folded before Flop (didn't bet)
Seat 6: 6e2814c7 (small blind) folded before Flop


Poker Hand #HD1203257827: Hold'em No Limit  ($0.02/$0.05) - 2023/04/14 20:49:29
Table 'NLHBlue103' 6-max Seat #4 is the button
Seat 1: dda64aba ($6 in chips)
Seat 2: 3577953 ($6.45 in chips)
Seat 3: Hero ($5.07 in chips)
Seat 4: f4295c19 ($5 in chips)
Seat 5: 3bf6672f ($6.4 in chips)
Seat 6: 6e2814c7 ($5.56 in chips)
3bf6672f: posts small blind $0.02
6e2814c7: posts big blind $0.05
*** HOLE CARDS ***
Dealt to dda64aba 
Dealt to 3577953 
Dealt to Hero [4s 7s]
Dealt to f4295c19 
Dealt to 3bf6672f 
Dealt to 6e2814c7 
dda64aba: folds
3577953: raises $0.08 to $0.13
Hero: folds
f4295c19: folds
3bf6672f: raises $0.62 to $0.75
6e2814c7: folds
3577953: folds
Uncalled bet ($0.62) returned to 3bf6672f
*** SHOWDOWN ***
3bf6672f collected $0.3 from pot
*** SUMMARY ***
Total pot $0.31 | Rake $0.01 | Jackpot $0 | Bingo $0 | Fortune $0
Seat 1: dda64aba folded before Flop (didn't bet)
Seat 2: 3577953 folded before Flop
Seat 3: Hero folded before Flop (didn't bet)
Seat 4: f4295c19 (button) folded before Flop (didn't bet)
Seat 5: 3bf6672f (small blind) collected ($0.3)
Seat 6: 6e2814c7 (big blind) folded before Flop


Poker Hand #HD1203257762: Hold'em No Limit  ($0.02/$0.05) - 2023/04/14 20:48:52
Table 'NLHBlue103' 6-max Seat #3 is the button
Seat 1: dda64aba ($6 in chips)
Seat 2: 3577953 ($6.45 in chips)
Seat 3: Hero ($5 in chips)
Seat 4: f4295c19 ($5 in chips)
Seat 5: 3bf6672f ($6.45 in chips)
Seat 6: 6e2814c7 ($5.56 in chips)
f4295c19: posts small blind $0.02
3bf6672f: posts big blind $0.05
*** HOLE CARDS ***
Dealt to dda64aba 
Dealt to 3577953 
Dealt to Hero [4h 4c]
Dealt to f4295c19 
Dealt to 3bf6672f 
Dealt to 6e2814c7 
6e2814c7: folds
dda64aba: folds
3577953: folds
Hero: raises $0.07 to $0.12
f4295c19: folds
3bf6672f: folds
Uncalled bet ($0.07) returned to Hero
*** SHOWDOWN ***
Hero collected $0.12 from pot
*** SUMMARY ***
Total pot $0.12 | Rake $0 | Jackpot $0 | Bingo $0 | Fortune $0
Seat 1: dda64aba folded before Flop (didn't bet)
Seat 2: 3577953 folded before Flop (didn't bet)
Seat 3: Hero (button) collected ($0.12)
Seat 4: f4295c19 (small blind) folded before Flop
Seat 5: 3bf6672f (big blind) folded before Flop
Seat 6: 6e2814c7 folded before Flop (didn't bet)


Poker Hand #HD1203257661: Hold'em No Limit  ($0.02/$0.05) - 2023/04/14 20:47:59
Table 'NLHBlue103' 6-max Seat #2 is the button
Seat 1: dda64aba ($6 in chips)
Seat 2: 3577953 ($6.45 in chips)
Seat 3: Hero ($5 in chips)
Seat 4: f4295c19 ($5.07 in chips)
Seat 5: 3bf6672f ($6.34 in chips)
Seat 6: 6e2814c7 ($5.56 in chips)
Hero: posts small blind $0.02
f4295c19: posts big blind $0.05
*** HOLE CARDS ***
Dealt to dda64aba 
Dealt to 3577953 
Dealt to Hero [3d 6c]
Dealt to f4295c19 
Dealt to 3bf6672f 
Dealt to 6e2814c7 
3bf6672f: raises $0.05 to $0.1
6e2814c7: folds
dda64aba: folds
3577953: folds
Hero: folds
f4295c19: calls $0.05
*** FLOP *** [Qd 4d 2h]
f4295c19: checks
3bf6672f: bets $0.11
f4295c19: folds
Uncalled bet ($0.11) returned to 3bf6672f
*** SHOWDOWN ***
3bf6672f collected $0.21 from pot
*** SUMMARY ***
Total pot $0.22 | Rake $0.01 | Jackpot $0 | Bingo $0 | Fortune $0
Board [Qd 4d 2h]
Seat 1: dda64aba folded before Flop (didn't bet)
Seat 2: 3577953 (button) folded before Flop (didn't bet)
Seat 3: Hero (small blind) folded before Flop
Seat 4: f4295c19 (big blind) folded on the Flop
Seat 5: 3bf6672f won ($0.21)
Seat 6: 6e2814c7 folded before Flop (didn't bet)


Poker Hand #HD1203257618: Hold'em No Limit  ($0.02/$0.05) - 2023/04/14 20:47:40
Table 'NLHBlue103' 6-max Seat #1 is the button
Seat 1: dda64aba ($6 in chips)
Seat 2: 3577953 ($6.47 in chips)
Seat 3: Hero ($5 in chips)
Seat 5: 3bf6672f ($6.27 in chips)
Seat 6: 6e2814c7 ($5.56 in chips)
3577953: posts small blind $0.02
Hero: posts big blind $0.05
*** HOLE CARDS ***
Dealt to dda64aba 
Dealt to 3577953 
Dealt to Hero [9h 6h]
Dealt to 3bf6672f 
Dealt to 6e2814c7 
3bf6672f: raises $0.2 to $0.25
6e2814c7: folds
dda64aba: folds
3577953: folds
Hero: folds
Uncalled bet ($0.2) returned to 3bf6672f
*** SHOWDOWN ***
3bf6672f collected $0.12 from pot
*** SUMMARY ***
Total pot $0.12 | Rake $0 | Jackpot $0 | Bingo $0 | Fortune $0
Seat 1: dda64aba (button) folded before Flop (didn't bet)
Seat 2: 3577953 (small blind) folded before Flop
Seat 3: Hero (big blind) folded before Flop
Seat 5: 3bf6672f collected ($0.12)
Seat 6: 6e2814c7 folded before Flop (didn't bet)


Poker Hand #HD1203257565: Hold'em No Limit  ($0.02/$0.05) - 2023/04/14 20:47:18
Table 'NLHBlue103' 6-max Seat #6 is the button
Seat 1: dda64aba ($6.02 in chips)
Seat 2: 3577953 ($6.52 in chips)
Seat 3: Hero ($5 in chips)
Seat 5: 3bf6672f ($6.2 in chips)
Seat 6: 6e2814c7 ($5.56 in chips)
dda64aba: posts small blind $0.02
3577953: posts big blind $0.05
*** HOLE CARDS ***
Dealt to dda64aba 
Dealt to 3577953 
Dealt to Hero [2d Th]
Dealt to 3bf6672f 
Dealt to 6e2814c7 
Hero: folds
3bf6672f: raises $0.07 to $0.12
6e2814c7: folds
dda64aba: folds
3577953: folds
Uncalled bet ($0.07) returned to 3bf6672f
*** SHOWDOWN ***
3bf6672f collected $0.12 from pot
*** SUMMARY ***
Total pot $0.12 | Rake $0 | Jackpot $0 | Bingo $0 | Fortune $0
Seat 1: dda64aba (small blind) folded before Flop
Seat 2: 3577953 (big blind) folded before Flop
Seat 3: Hero folded before Flop (didn't bet)
Seat 5: 3bf6672f collected ($0.12)
Seat 6: 6e2814c7 (button) folded before Flop (didn't bet)


Poker Hand #HD1203257478: Hold'em No Limit  ($0.02/$0.05) - 2023/04/14 20:46:35
Table 'NLHBlue103' 6-max Seat #5 is the button
Seat 1: dda64aba ($6.07 in chips)
Seat 2: 3577953 ($6.52 in chips)
Seat 3: Hero ($5 in chips)
Seat 5: 3bf6672f ($6.49 in chips)
Seat 6: 6e2814c7 ($5.25 in chips)
6e2814c7: posts small blind $0.02
dda64aba: posts big blind $0.05
*** HOLE CARDS ***
Dealt to dda64aba 
Dealt to 3577953 
Dealt to Hero [4s 8h]
Dealt to 3bf6672f 
Dealt to 6e2814c7 
3577953: folds
Hero: folds
3bf6672f: raises $0.05 to $0.1
6e2814c7: raises $0.19 to $0.29
dda64aba: folds
3bf6672f: calls $0.19
*** FLOP *** [8d 5s Kd]
6e2814c7: bets $0.21
3bf6672f: folds
Uncalled bet ($0.21) returned to 6e2814c7
*** SHOWDOWN ***
6e2814c7 collected $0.6 from pot
*** SUMMARY ***
Total pot $0.63 | Rake $0.03 | Jackpot $0 | Bingo $0 | Fortune $0
Board [8d 5s Kd]
Seat 1: dda64aba (big blind) folded before Flop
Seat 2: 3577953 folded before Flop (didn't bet)
Seat 3: Hero folded before Flop (didn't bet)
Seat 5: 3bf6672f (button) folded on the Flop
Seat 6: 6e2814c7 (small blind) won ($0.6)


Poker Hand #HD1203257436: Hold'em No Limit  ($0.02/$0.05) - 2023/04/14 20:46:13
Table 'NLHBlue103' 6-max Seat #3 is the button
Seat 1: dda64aba ($6.07 in chips)
Seat 2: 3577953 ($6.52 in chips)
Seat 3: Hero ($5 in chips)
Seat 5: 3bf6672f ($6.51 in chips)
Seat 6: 6e2814c7 ($5.23 in chips)
3bf6672f: posts small blind $0.02
6e2814c7: posts big blind $0.05
*** HOLE CARDS ***
Dealt to dda64aba 
Dealt to 3577953 
Dealt to Hero [Kh 3c]
Dealt to 3bf6672f 
Dealt to 6e2814c7 
dda64aba: folds
3577953: folds
Hero: folds
3bf6672f: folds
Uncalled bet ($0.03) returned to 6e2814c7
*** SHOWDOWN ***
6e2814c7 collected $0.04 from pot
*** SUMMARY ***
Total pot $0.04 | Rake $0 | Jackpot $0 | Bingo $0 | Fortune $0
Seat 1: dda64aba folded before Flop (didn't bet)
Seat 2: 3577953 folded before Flop (didn't bet)
Seat 3: Hero (button) folded before Flop (didn't bet)
Seat 5: 3bf6672f (small blind) folded before Flop
Seat 6: 6e2814c7 (big blind) collected ($0.04)


Poker Hand #HD1203257393: Hold'em No Limit  ($0.02/$0.05) - 2023/04/14 20:45:53
Table 'NLHBlue103' 6-max Seat #2 is the button
Seat 1: dda64aba ($6 in chips)
Seat 2: 3577953 ($6.52 in chips)
Seat 3: Hero ($5 in chips)
Seat 5: 3bf6672f ($6.56 in chips)
Seat 6: 6e2814c7 ($5.23 in chips)
Hero: posts small blind $0.02
3bf6672f: posts big blind $0.05
*** HOLE CARDS ***
Dealt to dda64aba 
Dealt to 3577953 
Dealt to Hero [Ac 3c]
Dealt to 3bf6672f 
Dealt to 6e2814c7 
6e2814c7: folds
dda64aba: raises $0.08 to $0.13
3577953: folds
Hero: folds
3bf6672f: folds
Uncalled bet ($0.08) returned to dda64aba
*** SHOWDOWN ***
dda64aba collected $0.12 from pot
*** SUMMARY ***
Total pot $0.12 | Rake $0 | Jackpot $0 | Bingo $0 | Fortune $0
Seat 1: dda64aba collected ($0.12)
Seat 2: 3577953 (button) folded before Flop (didn't bet)
Seat 3: Hero (small blind) folded before Flop
Seat 5: 3bf6672f (big blind) folded before Flop
Seat 6: 6e2814c7 folded before Flop (didn't bet)


Poker Hand #HD1203257339: Hold'em No Limit  ($0.02/$0.05) - 2023/04/14 20:45:26
Table 'NLHBlue103' 6-max Seat #1 is the button
Seat 1: dda64aba ($6 in chips)
Seat 2: 3577953 ($6.54 in chips)
Seat 3: Hero ($5 in chips)
Seat 4: ebf6b651 ($5.23 in chips)
Seat 5: 3bf6672f ($6.49 in chips)
Seat 6: 6e2814c7 ($5.23 in chips)
3577953: posts small blind $0.02
Hero: posts big blind $0.05
*** HOLE CARDS ***
Dealt to dda64aba 
Dealt to 3577953 
Dealt to Hero [Jd 4d]
Dealt to ebf6b651 
Dealt to 3bf6672f 
Dealt to 6e2814c7 
ebf6b651: folds
3bf6672f: raises $0.07 to $0.12
6e2814c7: folds
dda64aba: folds
3577953: folds
Hero: folds
Uncalled bet ($0.07) returned to 3bf6672f
*** SHOWDOWN ***
3bf6672f collected $0.12 from pot
*** SUMMARY ***
Total pot $0.12 | Rake $0 | Jackpot $0 | Bingo $0 | Fortune $0
Seat 1: dda64aba (button) folded before Flop (didn't bet)
Seat 2: 3577953 (small blind) folded before Flop
Seat 3: Hero (big blind) folded before Flop
Seat 4: ebf6b651 folded before Flop (didn't bet)
Seat 5: 3bf6672f collected ($0.12)
Seat 6: 6e2814c7 folded before Flop (didn't bet)


Poker Hand #HD1203257308: Hold'em No Limit  ($0.02/$0.05) - 2023/04/14 20:45:12
Table 'NLHBlue103' 6-max Seat #6 is the button
Seat 1: dda64aba ($6.02 in chips)
Seat 2: 3577953 ($6.52 in chips)
Seat 3: Hero ($5 in chips)
Seat 4: ebf6b651 ($5.23 in chips)
Seat 5: 3bf6672f ($6.49 in chips)
Seat 6: 6e2814c7 ($5.23 in chips)
dda64aba: posts small blind $0.02
3577953: posts big blind $0.05
*** HOLE CARDS ***
Dealt to dda64aba 
Dealt to 3577953 
Dealt to Hero [5s 7s]
Dealt to ebf6b651 
Dealt to 3bf6672f 
Dealt to 6e2814c7 
Hero: folds
ebf6b651: folds
3bf6672f: folds
6e2814c7: folds
dda64aba: folds
Uncalled bet ($0.03) returned to 3577953
*** SHOWDOWN ***
3577953 collected $0.04 from pot
*** SUMMARY ***
Total pot $0.04 | Rake $0 | Jackpot $0 | Bingo $0 | Fortune $0
Seat 1: dda64aba (small blind) folded before Flop
Seat 2: 3577953 (big blind) collected ($0.04)
Seat 3: Hero folded before Flop (didn't bet)
Seat 4: ebf6b651 folded before Flop (didn't bet)
Seat 5: 3bf6672f folded before Flop (didn't bet)
Seat 6: 6e2814c7 (button) folded before Flop (didn't bet)


Poker Hand #HD1203257240: Hold'em No Limit  ($0.02/$0.05) - 2023/04/14 20:44:38
Table 'NLHBlue103' 6-max Seat #5 is the button
Seat 1: dda64aba ($6.15 in chips)
Seat 2: 3577953 ($6.52 in chips)
Seat 3: Hero ($5 in chips)
Seat 4: ebf6b651 ($5.09 in chips)
Seat 5: 3bf6672f ($6.49 in chips)
Seat 6: 6e2814c7 ($5.25 in chips)
6e2814c7: posts small blind $0.02
dda64aba: posts big blind $0.05
*** HOLE CARDS ***
Dealt to dda64aba 
Dealt to 3577953 
Dealt to Hero [5c As]
Dealt to ebf6b651 
Dealt to 3bf6672f 
Dealt to 6e2814c7 
3577953: folds
Hero: folds
ebf6b651: raises $0.08 to $0.13
3bf6672f: folds
6e2814c7: folds
dda64aba: calls $0.08
*** FLOP *** [Td 4h Js]
dda64aba: checks
ebf6b651: bets $0.14
dda64aba: folds
Uncalled bet ($0.14) returned to ebf6b651
*** SHOWDOWN ***
ebf6b651 collected $0.27 from pot
*** SUMMARY ***
Total pot $0.28 | Rake $0.01 | Jackpot $0 | Bingo $0 | Fortune $0
Board [Td 4h Js]
Seat 1: dda64aba (big blind) folded on the Flop
Seat 2: 3577953 folded before Flop (didn't bet)
Seat 3: Hero folded before Flop (didn't bet)
Seat 4: ebf6b651 won ($0.27)
Seat 5: 3bf6672f (button) folded before Flop (didn't bet)
Seat 6: 6e2814c7 (small blind) folded before Flop


Poker Hand #HD1203257208: Hold'em No Limit  ($0.02/$0.05) - 2023/04/14 20:44:17
Table 'NLHBlue103' 6-max Seat #4 is the button
Seat 1: dda64aba ($6.15 in chips)
Seat 2: 3577953 ($6.45 in chips)
Seat 3: Hero ($5 in chips)
Seat 4: ebf6b651 ($5.09 in chips)
Seat 5: 3bf6672f ($6.51 in chips)
Seat 6: 6e2814c7 ($5.3 in chips)
3bf6672f: posts small blind $0.02
6e2814c7: posts big blind $0.05
*** HOLE CARDS ***
Dealt to dda64aba 
Dealt to 3577953 
Dealt to Hero [Jd 3d]
Dealt to ebf6b651 
Dealt to 3bf6672f 
Dealt to 6e2814c7 
dda64aba: folds
3577953: raises $0.08 to $0.13
Hero: folds
ebf6b651: folds
3bf6672f: folds
6e2814c7: folds
Uncalled bet ($0.08) returned to 3577953
*** SHOWDOWN ***
3577953 collected $0.12 from pot
*** SUMMARY ***
Total pot $0.12 | Rake $0 | Jackpot $0 | Bingo $0 | Fortune $0
Seat 1: dda64aba folded before Flop (didn't bet)
Seat 2: 3577953 collected ($0.12)
Seat 3: Hero folded before Flop (didn't bet)
Seat 4: ebf6b651 (button) folded before Flop (didn't bet)
Seat 5: 3bf6672f (small blind) folded before Flop
Seat 6: 6e2814c7 (big blind) folded before Flop


Poker Hand #HD1203257038: Hold'em No Limit  ($0.02/$0.05) - 2023/04/14 20:42:48
Table 'NLHBlue103' 6-max Seat #3 is the button
Seat 1: dda64aba ($6.15 in chips)
Seat 2: 3577953 ($6.45 in chips)
Seat 3: Hero ($5 in chips)
Seat 4: ebf6b651 ($5.18 in chips)
Seat 5: 3bf6672f ($6.56 in chips)
Seat 6: 6e2814c7 ($5.39 in chips)
ebf6b651: posts small blind $0.02
3bf6672f: posts big blind $0.05
*** HOLE CARDS ***
Dealt to dda64aba 
Dealt to 3577953 
Dealt to Hero [Js 6h]
Dealt to ebf6b651 
Dealt to 3bf6672f 
Dealt to 6e2814c7 
6e2814c7: raises $0.06 to $0.11
dda64aba: folds
3577953: folds
Hero: folds
ebf6b651: raises $0.39 to $0.5
3bf6672f: folds
6e2814c7: calls $0.39
*** FLOP *** [8s As Jh]
ebf6b651: bets $0.79
6e2814c7: calls $0.79
*** TURN *** [8s As Jh] [Qc]
ebf6b651: checks
6e2814c7: checks
*** RIVER *** [8s As Jh Qc] [7d]
ebf6b651: checks
6e2814c7: bets $0.66
ebf6b651: calls $0.66
6e2814c7: shows [Ad Kh] (Pair of Aces)
ebf6b651: shows [Ks Ah] (Pair of Aces)
*** SHOWDOWN ***
ebf6b651 collected $1.86 from pot
6e2814c7 collected $1.86 from pot
*** SUMMARY ***
Total pot $3.95 | Rake $0.18 | Jackpot $0.05 | Bingo $0 | Fortune $0
Board [8s As Jh Qc 7d]
Seat 1: dda64aba folded before Flop (didn't bet)
Seat 2: 3577953 folded before Flop (didn't bet)
Seat 3: Hero (button) folded before Flop (didn't bet)
Seat 4: ebf6b651 (small blind) showed [Ks Ah] and won ($1.86) with Pair of Aces
Seat 5: 3bf6672f (big blind) folded before Flop
Seat 6: 6e2814c7 showed [Ad Kh] and won ($1.86) with Pair of Aces


Poker Hand #HD1203256972: Hold'em No Limit  ($0.02/$0.05) - 2023/04/14 20:42:14
Table 'NLHBlue103' 6-max Seat #2 is the button
Seat 1: dda64aba ($6.15 in chips)
Seat 2: 3577953 ($6.45 in chips)
Seat 3: Hero ($5.02 in chips)
Seat 4: ebf6b651 ($5.07 in chips)
Seat 5: 3bf6672f ($6.66 in chips)
Seat 6: 6e2814c7 ($5.39 in chips)
Hero: posts small blind $0.02
ebf6b651: posts big blind $0.05
*** HOLE CARDS ***
Dealt to dda64aba 
Dealt to 3577953 
Dealt to Hero [3c 9c]
Dealt to ebf6b651 
Dealt to 3bf6672f 
Dealt to 6e2814c7 
3bf6672f: raises $0.05 to $0.1
6e2814c7: folds
dda64aba: folds
3577953: folds
Hero: folds
ebf6b651: raises $0.35 to $0.45
3bf6672f: folds
Uncalled bet ($0.35) returned to ebf6b651
*** SHOWDOWN ***
ebf6b651 collected $0.21 from pot
*** SUMMARY ***
Total pot $0.22 | Rake $0.01 | Jackpot $0 | Bingo $0 | Fortune $0
Seat 1: dda64aba folded before Flop (didn't bet)
Seat 2: 3577953 (button) folded before Flop (didn't bet)
Seat 3: Hero (small blind) folded before Flop
Seat 4: ebf6b651 (big blind) collected ($0.21)
Seat 5: 3bf6672f folded before Flop
Seat 6: 6e2814c7 folded before Flop (didn't bet)


Poker Hand #HD1203256945: Hold'em No Limit  ($0.02/$0.05) - 2023/04/14 20:42:01
Table 'NLHBlue103' 6-max Seat #1 is the button
Seat 1: dda64aba ($6.15 in chips)
Seat 2: 3577953 ($6.47 in chips)
Seat 3: Hero ($5 in chips)
Seat 4: ebf6b651 ($5.07 in chips)
Seat 5: 3bf6672f ($6.66 in chips)
Seat 6: 6e2814c7 ($5.39 in chips)
3577953: posts small blind $0.02
Hero: posts big blind $0.05
*** HOLE CARDS ***
Dealt to dda64aba 
Dealt to 3577953 
Dealt to Hero [Qd Ts]
Dealt to ebf6b651 
Dealt to 3bf6672f 
Dealt to 6e2814c7 
ebf6b651: folds
3bf6672f: folds
6e2814c7: folds
dda64aba: folds
3577953: folds
Uncalled bet ($0.03) returned to Hero
*** SHOWDOWN ***
Hero collected $0.04 from pot
*** SUMMARY ***
Total pot $0.04 | Rake $0 | Jackpot $0 | Bingo $0 | Fortune $0
Seat 1: dda64aba (button) folded before Flop (didn't bet)
Seat 2: 3577953 (small blind) folded before Flop
Seat 3: Hero (big blind) collected ($0.04)
Seat 4: ebf6b651 folded before Flop (didn't bet)
Seat 5: 3bf6672f folded before Flop (didn't bet)
Seat 6: 6e2814c7 folded before Flop (didn't bet)


