Poker Hand #HD1144424389: Hold'em No Limit  ($0.02/$0.05) - 2023/03/03 17:50:55
Table 'NLHBlue73' 6-max Seat #3 is the button
Seat 3: 8cb7782f ($5.46 in chips)
Seat 4: Hero ($5.09 in chips)
Seat 6: f89d506 ($5 in chips)
Hero: posts small blind $0.02
f89d506: posts big blind $0.05
*** HOLE CARDS ***
Dealt to 8cb7782f 
Dealt to Hero [3d 3s]
Dealt to f89d506 
8cb7782f: raises $0.07 to $0.12
Hero: folds
f89d506: folds
Uncalled bet ($0.07) returned to 8cb7782f
*** SHOWDOWN ***
8cb7782f collected $0.12 from pot
*** SUMMARY ***
Total pot $0.12 | Rake $0 | Jackpot $0 | Bingo $0 | Fortune $0
Seat 3: 8cb7782f (button) collected ($0.12)
Seat 4: Hero (small blind) folded before Flop
Seat 6: f89d506 (big blind) folded before Flop


Poker Hand #HD1144424357: Hold'em No Limit  ($0.02/$0.05) - 2023/03/03 17:50:44
Table 'NLHBlue73' 6-max Seat #2 is the button
Seat 2: ed9bb24c ($5.85 in chips)
Seat 3: 8cb7782f ($5.48 in chips)
Seat 4: Hero ($5.07 in chips)
8cb7782f: posts small blind $0.02
Hero: posts big blind $0.05
*** HOLE CARDS ***
Dealt to ed9bb24c 
Dealt to 8cb7782f 
Dealt to Hero [4s Kc]
ed9bb24c: folds
8cb7782f: folds
Uncalled bet ($0.03) returned to Hero
*** SHOWDOWN ***
Hero collected $0.04 from pot
*** SUMMARY ***
Total pot $0.04 | Rake $0 | Jackpot $0 | Bingo $0 | Fortune $0
Seat 2: ed9bb24c (button) folded before Flop (didn't bet)
Seat 3: 8cb7782f (small blind) folded before Flop
Seat 4: Hero (big blind) collected ($0.04)


Poker Hand #HD1144424318: Hold'em No Limit  ($0.02/$0.05) - 2023/03/03 17:50:31
Table 'NLHBlue73' 6-max Seat #4 is the button
Seat 1: cd044f6b ($10.5 in chips)
Seat 2: ed9bb24c ($5.9 in chips)
Seat 3: 8cb7782f ($5.48 in chips)
Seat 4: Hero ($5 in chips)
cd044f6b: posts small blind $0.02
ed9bb24c: posts big blind $0.05
*** HOLE CARDS ***
Dealt to cd044f6b 
Dealt to ed9bb24c 
Dealt to 8cb7782f 
Dealt to Hero [Js Kc]
8cb7782f: folds
Hero: raises $0.07 to $0.12
cd044f6b: folds
ed9bb24c: folds
Uncalled bet ($0.07) returned to Hero
*** SHOWDOWN ***
Hero collected $0.12 from pot
*** SUMMARY ***
Total pot $0.12 | Rake $0 | Jackpot $0 | Bingo $0 | Fortune $0
Seat 1: cd044f6b (small blind) folded before Flop
Seat 2: ed9bb24c (big blind) folded before Flop
Seat 3: 8cb7782f folded before Flop (didn't bet)
Seat 4: Hero (button) collected ($0.12)


Poker Hand #HD1144424218: Hold'em No Limit  ($0.02/$0.05) - 2023/03/03 17:49:54
Table 'NLHBlue73' 6-max Seat #3 is the button
Seat 1: cd044f6b ($9.45 in chips)
Seat 2: ed9bb24c ($5.9 in chips)
Seat 3: 8cb7782f ($5.48 in chips)
Seat 4: Hero ($5.42 in chips)
Seat 5: da0a6784 ($5.79 in chips)
Hero: posts small blind $0.02
da0a6784: posts big blind $0.05
*** HOLE CARDS ***
Dealt to cd044f6b 
Dealt to ed9bb24c 
Dealt to 8cb7782f 
Dealt to Hero [Kd Ac]
Dealt to da0a6784 
cd044f6b: raises $0.1 to $0.15
ed9bb24c: folds
8cb7782f: folds
Hero: raises $0.41 to $0.56
da0a6784: folds
cd044f6b: calls $0.41
*** FLOP *** [Qh 6s 3h]
Hero: bets $0.6
cd044f6b: calls $0.6
*** TURN *** [Qh 6s 3h] [9c]
Hero: checks
cd044f6b: bets $0.79
Hero: folds
Uncalled bet ($0.79) returned to cd044f6b
*** SHOWDOWN ***
cd044f6b collected $2.21 from pot
*** SUMMARY ***
Total pot $2.37 | Rake $0.11 | Jackpot $0.05 | Bingo $0 | Fortune $0
Board [Qh 6s 3h 9c]
Seat 1: cd044f6b won ($2.21)
Seat 2: ed9bb24c folded before Flop (didn't bet)
Seat 3: 8cb7782f (button) folded before Flop (didn't bet)
Seat 4: Hero (small blind) folded on the Turn
Seat 5: da0a6784 (big blind) folded before Flop


Poker Hand #HD1144424065: Hold'em No Limit  ($0.02/$0.05) - 2023/03/03 17:49:03
Table 'NLHBlue73' 6-max Seat #2 is the button
Seat 1: cd044f6b ($9.89 in chips)
Seat 2: ed9bb24c ($5.9 in chips)
Seat 3: 8cb7782f ($5.5 in chips)
Seat 4: Hero ($5 in chips)
Seat 5: da0a6784 ($5.79 in chips)
8cb7782f: posts small blind $0.02
Hero: posts big blind $0.05
*** HOLE CARDS ***
Dealt to cd044f6b 
Dealt to ed9bb24c 
Dealt to 8cb7782f 
Dealt to Hero [8d 8c]
Dealt to da0a6784 
da0a6784: folds
cd044f6b: raises $0.1 to $0.15
ed9bb24c: folds
8cb7782f: folds
Hero: calls $0.1
*** FLOP *** [4s 9h 3c]
Hero: checks
cd044f6b: bets $0.11
Hero: calls $0.11
*** TURN *** [4s 9h 3c] [3d]
Hero: checks
cd044f6b: bets $0.18
Hero: calls $0.18
*** RIVER *** [4s 9h 3c 3d] [6c]
Hero: checks
cd044f6b: checks
Hero: shows [8d 8c] (Pair of Eights and Pair of Treys)
cd044f6b: shows [5d 5h] (Pair of Fives and Pair of Treys)
*** SHOWDOWN ***
Hero collected $0.86 from pot
*** SUMMARY ***
Total pot $0.9 | Rake $0.04 | Jackpot $0 | Bingo $0 | Fortune $0
Board [4s 9h 3c 3d 6c]
Seat 1: cd044f6b showed [5d 5h] and lost with Pair of Fives and Pair of Treys
Seat 2: ed9bb24c (button) folded before Flop (didn't bet)
Seat 3: 8cb7782f (small blind) folded before Flop
Seat 4: Hero (big blind) showed [8d 8c] and won ($0.86) with Pair of Eights and Pair of Treys
Seat 5: da0a6784 folded before Flop (didn't bet)


Poker Hand #HD1144424009: Hold'em No Limit  ($0.02/$0.05) - 2023/03/03 17:48:46
Table 'NLHBlue73' 6-max Seat #1 is the button
Seat 1: cd044f6b ($9.89 in chips)
Seat 2: ed9bb24c ($5.92 in chips)
Seat 3: 8cb7782f ($5.48 in chips)
Seat 4: Hero ($5 in chips)
Seat 5: da0a6784 ($5.79 in chips)
ed9bb24c: posts small blind $0.02
8cb7782f: posts big blind $0.05
*** HOLE CARDS ***
Dealt to cd044f6b 
Dealt to ed9bb24c 
Dealt to 8cb7782f 
Dealt to Hero [Td 8c]
Dealt to da0a6784 
Hero: folds
da0a6784: folds
cd044f6b: folds
ed9bb24c: folds
Uncalled bet ($0.03) returned to 8cb7782f
*** SHOWDOWN ***
8cb7782f collected $0.04 from pot
*** SUMMARY ***
Total pot $0.04 | Rake $0 | Jackpot $0 | Bingo $0 | Fortune $0
Seat 1: cd044f6b (button) folded before Flop (didn't bet)
Seat 2: ed9bb24c (small blind) folded before Flop
Seat 3: 8cb7782f (big blind) collected ($0.04)
Seat 4: Hero folded before Flop (didn't bet)
Seat 5: da0a6784 folded before Flop (didn't bet)


Poker Hand #HD1144423816: Hold'em No Limit  ($0.02/$0.05) - 2023/03/03 17:47:36
Table 'NLHBlue73' 6-max Seat #5 is the button
Seat 1: cd044f6b ($5.16 in chips)
Seat 2: ed9bb24c ($5.92 in chips)
Seat 3: 8cb7782f ($5.48 in chips)
Seat 4: Hero ($5 in chips)
Seat 5: da0a6784 ($5.79 in chips)
Seat 6: bf4a216e ($6.67 in chips)
bf4a216e: posts small blind $0.02
cd044f6b: posts big blind $0.05
*** HOLE CARDS ***
Dealt to cd044f6b 
Dealt to ed9bb24c 
Dealt to 8cb7782f 
Dealt to Hero [7s 9s]
Dealt to da0a6784 
Dealt to bf4a216e 
ed9bb24c: folds
8cb7782f: folds
Hero: raises $0.07 to $0.12
da0a6784: folds
bf4a216e: calls $0.1
cd044f6b: raises $0.46 to $0.58
Hero: folds
bf4a216e: calls $0.46
*** FLOP *** [9d Th Kh]
bf4a216e: checks
cd044f6b: bets $0.43
bf4a216e: calls $0.43
*** TURN *** [9d Th Kh] [5s]
bf4a216e: checks
cd044f6b: bets $1.54
bf4a216e: calls $1.54
*** RIVER *** [9d Th Kh 5s] [Jc]
bf4a216e: checks
cd044f6b: bets $2.61 and is all-in
bf4a216e: calls $2.61
cd044f6b: shows [Js Qs] (Kings-High Straight)
bf4a216e: shows [Kd Ts] (Pair of Kings and Pair of Tens)
*** SHOWDOWN ***
cd044f6b collected $9.89 from pot
*** SUMMARY ***
Total pot $10.44 | Rake $0.5 | Jackpot $0.05 | Bingo $0 | Fortune $0
Board [9d Th Kh 5s Jc]
Seat 1: cd044f6b (big blind) showed [Js Qs] and won ($9.89) with Kings-High Straight
Seat 2: ed9bb24c folded before Flop (didn't bet)
Seat 3: 8cb7782f folded before Flop (didn't bet)
Seat 4: Hero folded before Flop
Seat 5: da0a6784 (button) folded before Flop (didn't bet)
Seat 6: bf4a216e (small blind) showed [Kd Ts] and lost with Pair of Kings and Pair of Tens


Poker Hand #HD1144423782: Hold'em No Limit  ($0.02/$0.05) - 2023/03/03 17:47:21
Table 'NLHBlue73' 6-max Seat #4 is the button
Seat 1: cd044f6b ($5.16 in chips)
Seat 2: ed9bb24c ($5.92 in chips)
Seat 3: 8cb7782f ($5.48 in chips)
Seat 4: Hero ($5 in chips)
Seat 5: da0a6784 ($5.81 in chips)
Seat 6: bf4a216e ($6.65 in chips)
da0a6784: posts small blind $0.02
bf4a216e: posts big blind $0.05
*** HOLE CARDS ***
Dealt to cd044f6b 
Dealt to ed9bb24c 
Dealt to 8cb7782f 
Dealt to Hero [6s 9h]
Dealt to da0a6784 
Dealt to bf4a216e 
cd044f6b: folds
ed9bb24c: folds
8cb7782f: folds
Hero: folds
da0a6784: folds
Uncalled bet ($0.03) returned to bf4a216e
*** SHOWDOWN ***
bf4a216e collected $0.04 from pot
*** SUMMARY ***
Total pot $0.04 | Rake $0 | Jackpot $0 | Bingo $0 | Fortune $0
Seat 1: cd044f6b folded before Flop (didn't bet)
Seat 2: ed9bb24c folded before Flop (didn't bet)
Seat 3: 8cb7782f folded before Flop (didn't bet)
Seat 4: Hero (button) folded before Flop (didn't bet)
Seat 5: da0a6784 (small blind) folded before Flop
Seat 6: bf4a216e (big blind) collected ($0.04)


Poker Hand #HD1144423733: Hold'em No Limit  ($0.02/$0.05) - 2023/03/03 17:47:06
Table 'NLHBlue73' 6-max Seat #3 is the button
Seat 1: cd044f6b ($5.16 in chips)
Seat 2: ed9bb24c ($5.85 in chips)
Seat 3: 8cb7782f ($5.48 in chips)
Seat 4: Hero ($5 in chips)
Seat 5: da0a6784 ($5.86 in chips)
Seat 6: bf4a216e ($6.65 in chips)
Hero: posts small blind $0.02
da0a6784: posts big blind $0.05
*** HOLE CARDS ***
Dealt to cd044f6b 
Dealt to ed9bb24c 
Dealt to 8cb7782f 
Dealt to Hero [Js 9h]
Dealt to da0a6784 
Dealt to bf4a216e 
bf4a216e: folds
cd044f6b: folds
ed9bb24c: raises $0.08 to $0.13
8cb7782f: folds
Hero: folds
da0a6784: folds
Uncalled bet ($0.08) returned to ed9bb24c
*** SHOWDOWN ***
ed9bb24c collected $0.12 from pot
*** SUMMARY ***
Total pot $0.12 | Rake $0 | Jackpot $0 | Bingo $0 | Fortune $0
Seat 1: cd044f6b folded before Flop (didn't bet)
Seat 2: ed9bb24c collected ($0.12)
Seat 3: 8cb7782f (button) folded before Flop (didn't bet)
Seat 4: Hero (small blind) folded before Flop
Seat 5: da0a6784 (big blind) folded before Flop
Seat 6: bf4a216e folded before Flop (didn't bet)


Poker Hand #HD1144423638: Hold'em No Limit  ($0.02/$0.05) - 2023/03/03 17:46:31
Table 'NLHBlue73' 6-max Seat #2 is the button
Seat 1: cd044f6b ($5 in chips)
Seat 2: ed9bb24c ($5.85 in chips)
Seat 3: 8cb7782f ($5.5 in chips)
Seat 4: Hero ($5 in chips)
Seat 5: da0a6784 ($5.86 in chips)
Seat 6: bf4a216e ($6.65 in chips)
8cb7782f: posts small blind $0.02
Hero: posts big blind $0.05
*** HOLE CARDS ***
Dealt to cd044f6b 
Dealt to ed9bb24c 
Dealt to 8cb7782f 
Dealt to Hero [Ah 4s]
Dealt to da0a6784 
Dealt to bf4a216e 
da0a6784: folds
bf4a216e: folds
cd044f6b: raises $0.1 to $0.15
ed9bb24c: folds
8cb7782f: folds
Hero: calls $0.1
*** FLOP *** [2h Qd Td]
Hero: checks
cd044f6b: bets $0.11
Hero: folds
Uncalled bet ($0.11) returned to cd044f6b
*** SHOWDOWN ***
cd044f6b collected $0.31 from pot
*** SUMMARY ***
Total pot $0.32 | Rake $0.01 | Jackpot $0 | Bingo $0 | Fortune $0
Board [2h Qd Td]
Seat 1: cd044f6b won ($0.31)
Seat 2: ed9bb24c (button) folded before Flop (didn't bet)
Seat 3: 8cb7782f (small blind) folded before Flop
Seat 4: Hero (big blind) folded on the Flop
Seat 5: da0a6784 folded before Flop (didn't bet)
Seat 6: bf4a216e folded before Flop (didn't bet)


Poker Hand #HD1144423581: Hold'em No Limit  ($0.02/$0.05) - 2023/03/03 17:46:14
Table 'NLHBlue73' 6-max Seat #1 is the button
Seat 1: cd044f6b ($5 in chips)
Seat 2: ed9bb24c ($5.87 in chips)
Seat 3: 8cb7782f ($5.55 in chips)
Seat 4: Hero ($5 in chips)
Seat 5: da0a6784 ($5.86 in chips)
Seat 6: bf4a216e ($6.58 in chips)
ed9bb24c: posts small blind $0.02
8cb7782f: posts big blind $0.05
*** HOLE CARDS ***
Dealt to cd044f6b 
Dealt to ed9bb24c 
Dealt to 8cb7782f 
Dealt to Hero [9h Qs]
Dealt to da0a6784 
Dealt to bf4a216e 
Hero: folds
da0a6784: folds
bf4a216e: raises $0.05 to $0.1
cd044f6b: folds
ed9bb24c: folds
8cb7782f: folds
Uncalled bet ($0.05) returned to bf4a216e
*** SHOWDOWN ***
bf4a216e collected $0.12 from pot
*** SUMMARY ***
Total pot $0.12 | Rake $0 | Jackpot $0 | Bingo $0 | Fortune $0
Seat 1: cd044f6b (button) folded before Flop (didn't bet)
Seat 2: ed9bb24c (small blind) folded before Flop
Seat 3: 8cb7782f (big blind) folded before Flop
Seat 4: Hero folded before Flop (didn't bet)
Seat 5: da0a6784 folded before Flop (didn't bet)
Seat 6: bf4a216e collected ($0.12)


Poker Hand #HD1144423456: Hold'em No Limit  ($0.02/$0.05) - 2023/03/03 17:45:25
Table 'NLHBlue73' 6-max Seat #6 is the button
Seat 1: cd044f6b ($5.17 in chips)
Seat 2: ed9bb24c ($5 in chips)
Seat 3: 8cb7782f ($5.55 in chips)
Seat 4: Hero ($5 in chips)
Seat 5: da0a6784 ($5.86 in chips)
Seat 6: bf4a216e ($6.58 in chips)
cd044f6b: posts small blind $0.02
ed9bb24c: posts big blind $0.05
*** HOLE CARDS ***
Dealt to cd044f6b 
Dealt to ed9bb24c 
Dealt to 8cb7782f 
Dealt to Hero [6c 3c]
Dealt to da0a6784 
Dealt to bf4a216e 
8cb7782f: folds
Hero: folds
da0a6784: folds
bf4a216e: folds
cd044f6b: raises $0.1 to $0.15
ed9bb24c: raises $0.31 to $0.46
cd044f6b: raises $0.56 to $1.02
ed9bb24c: raises $3.98 to $5 and is all-in
cd044f6b: folds
Uncalled bet ($3.98) returned to ed9bb24c
*** SHOWDOWN ***
ed9bb24c collected $1.89 from pot
*** SUMMARY ***
Total pot $2.04 | Rake $0.1 | Jackpot $0.05 | Bingo $0 | Fortune $0
Seat 1: cd044f6b (small blind) folded before Flop
Seat 2: ed9bb24c (big blind) collected ($1.89)
Seat 3: 8cb7782f folded before Flop (didn't bet)
Seat 4: Hero folded before Flop (didn't bet)
Seat 5: da0a6784 folded before Flop (didn't bet)
Seat 6: bf4a216e (button) folded before Flop (didn't bet)


Poker Hand #HD1144423295: Hold'em No Limit  ($0.02/$0.05) - 2023/03/03 17:44:31
Table 'NLHBlue73' 6-max Seat #5 is the button
Seat 1: cd044f6b ($5.22 in chips)
Seat 2: ed9bb24c ($5 in chips)
Seat 3: 8cb7782f ($5.36 in chips)
Seat 4: Hero ($5 in chips)
Seat 5: da0a6784 ($5.86 in chips)
Seat 6: bf4a216e ($6.6 in chips)
bf4a216e: posts small blind $0.02
cd044f6b: posts big blind $0.05
*** HOLE CARDS ***
Dealt to cd044f6b 
Dealt to ed9bb24c 
Dealt to 8cb7782f 
Dealt to Hero [7c 4d]
Dealt to da0a6784 
Dealt to bf4a216e 
ed9bb24c: raises $0.08 to $0.13
8cb7782f: raises $0.25 to $0.38
Hero: folds
da0a6784: folds
bf4a216e: folds
cd044f6b: folds
ed9bb24c: folds
Uncalled bet ($0.25) returned to 8cb7782f
*** SHOWDOWN ***
8cb7782f collected $0.32 from pot
*** SUMMARY ***
Total pot $0.33 | Rake $0.01 | Jackpot $0 | Bingo $0 | Fortune $0
Seat 1: cd044f6b (big blind) folded before Flop
Seat 2: ed9bb24c folded before Flop
Seat 3: 8cb7782f collected ($0.32)
Seat 4: Hero folded before Flop (didn't bet)
Seat 5: da0a6784 (button) folded before Flop (didn't bet)
Seat 6: bf4a216e (small blind) folded before Flop


Poker Hand #HD1144423161: Hold'em No Limit  ($0.02/$0.05) - 2023/03/03 17:43:37
Table 'NLHBlue73' 6-max Seat #4 is the button
Seat 1: cd044f6b ($5.22 in chips)
Seat 2: ed9bb24c ($5 in chips)
Seat 3: 8cb7782f ($5.36 in chips)
Seat 4: Hero ($5 in chips)
Seat 5: da0a6784 ($5.88 in chips)
Seat 6: bf4a216e ($6.35 in chips)
da0a6784: posts small blind $0.02
bf4a216e: posts big blind $0.05
*** HOLE CARDS ***
Dealt to cd044f6b 
Dealt to ed9bb24c 
Dealt to 8cb7782f 
Dealt to Hero [Ac Kh]
Dealt to da0a6784 
Dealt to bf4a216e 
cd044f6b: folds
ed9bb24c: folds
8cb7782f: folds
Hero: raises $0.07 to $0.12
da0a6784: folds
bf4a216e: calls $0.07
*** FLOP *** [Jh Th 4d]
bf4a216e: checks
Hero: bets $0.13
bf4a216e: calls $0.13
*** TURN *** [Jh Th 4d] [3d]
bf4a216e: checks
Hero: checks
*** RIVER *** [Jh Th 4d 3d] [5c]
bf4a216e: checks
Hero: checks
bf4a216e: shows [7c Js] (Pair of Jacks)
Hero: shows [Ac Kh] (Ace-High)
*** SHOWDOWN ***
bf4a216e collected $0.5 from pot
*** SUMMARY ***
Total pot $0.52 | Rake $0.02 | Jackpot $0 | Bingo $0 | Fortune $0
Board [Jh Th 4d 3d 5c]
Seat 1: cd044f6b folded before Flop (didn't bet)
Seat 2: ed9bb24c folded before Flop (didn't bet)
Seat 3: 8cb7782f folded before Flop (didn't bet)
Seat 4: Hero (button) showed [Ac Kh] and lost with Ace-High
Seat 5: da0a6784 (small blind) folded before Flop
Seat 6: bf4a216e (big blind) showed [7c Js] and won ($0.5) with Pair of Jacks


Poker Hand #HD1144423122: Hold'em No Limit  ($0.02/$0.05) - 2023/03/03 17:43:26
Table 'NLHBlue73' 6-max Seat #3 is the button
Seat 1: cd044f6b ($5.22 in chips)
Seat 2: ed9bb24c ($5 in chips)
Seat 3: 8cb7782f ($5.36 in chips)
Seat 4: Hero ($5 in chips)
Seat 5: da0a6784 ($5.86 in chips)
Seat 6: bf4a216e ($6.35 in chips)
Hero: posts small blind $0.02
da0a6784: posts big blind $0.05
*** HOLE CARDS ***
Dealt to cd044f6b 
Dealt to ed9bb24c 
Dealt to 8cb7782f 
Dealt to Hero [8c 4d]
Dealt to da0a6784 
Dealt to bf4a216e 
bf4a216e: folds
cd044f6b: folds
ed9bb24c: folds
8cb7782f: folds
Hero: folds
Uncalled bet ($0.03) returned to da0a6784
*** SHOWDOWN ***
da0a6784 collected $0.04 from pot
*** SUMMARY ***
Total pot $0.04 | Rake $0 | Jackpot $0 | Bingo $0 | Fortune $0
Seat 1: cd044f6b folded before Flop (didn't bet)
Seat 2: ed9bb24c folded before Flop (didn't bet)
Seat 3: 8cb7782f (button) folded before Flop (didn't bet)
Seat 4: Hero (small blind) folded before Flop
Seat 5: da0a6784 (big blind) collected ($0.04)
Seat 6: bf4a216e folded before Flop (didn't bet)


Poker Hand #HD1144422973: Hold'em No Limit  ($0.02/$0.05) - 2023/03/03 17:42:34
Table 'NLHBlue73' 6-max Seat #2 is the button
Seat 1: cd044f6b ($5.22 in chips)
Seat 2: ed9bb24c ($5 in chips)
Seat 3: 8cb7782f ($5.38 in chips)
Seat 4: Hero ($5 in chips)
Seat 5: da0a6784 ($5.86 in chips)
Seat 6: bf4a216e ($6.28 in chips)
8cb7782f: posts small blind $0.02
Hero: posts big blind $0.05
*** HOLE CARDS ***
Dealt to cd044f6b 
Dealt to ed9bb24c 
Dealt to 8cb7782f 
Dealt to Hero [4c Qc]
Dealt to da0a6784 
Dealt to bf4a216e 
da0a6784: folds
bf4a216e: calls $0.05
cd044f6b: folds
ed9bb24c: folds
8cb7782f: folds
Hero: checks
*** FLOP *** [8d 6h Jh]
Hero: checks
bf4a216e: checks
*** TURN *** [8d 6h Jh] [Kc]
Hero: checks
bf4a216e: checks
*** RIVER *** [8d 6h Jh Kc] [7s]
Hero: checks
bf4a216e: checks
Hero: shows [4c Qc] (King-High)
bf4a216e: shows [2h Ah] (Ace-High)
*** SHOWDOWN ***
bf4a216e collected $0.12 from pot
*** SUMMARY ***
Total pot $0.12 | Rake $0 | Jackpot $0 | Bingo $0 | Fortune $0
Board [8d 6h Jh Kc 7s]
Seat 1: cd044f6b folded before Flop (didn't bet)
Seat 2: ed9bb24c (button) folded before Flop (didn't bet)
Seat 3: 8cb7782f (small blind) folded before Flop
Seat 4: Hero (big blind) showed [4c Qc] and lost with King-High
Seat 5: da0a6784 folded before Flop (didn't bet)
Seat 6: bf4a216e showed [2h Ah] and won ($0.12) with Ace-High


Poker Hand #HD1144422931: Hold'em No Limit  ($0.02/$0.05) - 2023/03/03 17:42:16
Table 'NLHBlue73' 6-max Seat #1 is the button
Seat 1: cd044f6b ($5.15 in chips)
Seat 2: ed9bb24c ($5 in chips)
Seat 3: 8cb7782f ($5.43 in chips)
Seat 4: Hero ($5 in chips)
Seat 5: da0a6784 ($5.86 in chips)
Seat 6: bf4a216e ($6.28 in chips)
ed9bb24c: posts small blind $0.02
8cb7782f: posts big blind $0.05
*** HOLE CARDS ***
Dealt to cd044f6b 
Dealt to ed9bb24c 
Dealt to 8cb7782f 
Dealt to Hero [Jd 7h]
Dealt to da0a6784 
Dealt to bf4a216e 
Hero: folds
da0a6784: folds
bf4a216e: folds
cd044f6b: raises $0.1 to $0.15
ed9bb24c: folds
8cb7782f: folds
Uncalled bet ($0.1) returned to cd044f6b
*** SHOWDOWN ***
cd044f6b collected $0.12 from pot
*** SUMMARY ***
Total pot $0.12 | Rake $0 | Jackpot $0 | Bingo $0 | Fortune $0
Seat 1: cd044f6b (button) collected ($0.12)
Seat 2: ed9bb24c (small blind) folded before Flop
Seat 3: 8cb7782f (big blind) folded before Flop
Seat 4: Hero folded before Flop (didn't bet)
Seat 5: da0a6784 folded before Flop (didn't bet)
Seat 6: bf4a216e folded before Flop (didn't bet)


Poker Hand #HD1144422873: Hold'em No Limit  ($0.02/$0.05) - 2023/03/03 17:41:57
Table 'NLHBlue73' 6-max Seat #6 is the button
Seat 1: cd044f6b ($5.17 in chips)
Seat 2: ed9bb24c ($5 in chips)
Seat 3: 8cb7782f ($5.36 in chips)
Seat 4: Hero ($5 in chips)
Seat 5: da0a6784 ($5.86 in chips)
Seat 6: bf4a216e ($6.28 in chips)
cd044f6b: posts small blind $0.02
ed9bb24c: posts big blind $0.05
*** HOLE CARDS ***
Dealt to cd044f6b 
Dealt to ed9bb24c 
Dealt to 8cb7782f 
Dealt to Hero [2c Ks]
Dealt to da0a6784 
Dealt to bf4a216e 
8cb7782f: raises $0.1 to $0.15
Hero: folds
da0a6784: folds
bf4a216e: folds
cd044f6b: folds
ed9bb24c: folds
Uncalled bet ($0.1) returned to 8cb7782f
*** SHOWDOWN ***
8cb7782f collected $0.12 from pot
*** SUMMARY ***
Total pot $0.12 | Rake $0 | Jackpot $0 | Bingo $0 | Fortune $0
Seat 1: cd044f6b (small blind) folded before Flop
Seat 2: ed9bb24c (big blind) folded before Flop
Seat 3: 8cb7782f collected ($0.12)
Seat 4: Hero folded before Flop (didn't bet)
Seat 5: da0a6784 folded before Flop (didn't bet)
Seat 6: bf4a216e (button) folded before Flop (didn't bet)


Poker Hand #HD1144422806: Hold'em No Limit  ($0.02/$0.05) - 2023/03/03 17:41:33
Table 'NLHBlue73' 6-max Seat #5 is the button
Seat 1: cd044f6b ($5.12 in chips)
Seat 2: ed9bb24c ($5 in chips)
Seat 3: 8cb7782f ($5.36 in chips)
Seat 4: Hero ($5 in chips)
Seat 5: da0a6784 ($5.86 in chips)
Seat 6: bf4a216e ($6.33 in chips)
bf4a216e: posts small blind $0.02
cd044f6b: posts big blind $0.05
*** HOLE CARDS ***
Dealt to cd044f6b 
Dealt to ed9bb24c 
Dealt to 8cb7782f 
Dealt to Hero [Th 2c]
Dealt to da0a6784 
Dealt to bf4a216e 
ed9bb24c: folds
8cb7782f: folds
Hero: folds
da0a6784: folds
bf4a216e: calls $0.03
cd044f6b: raises $0.15 to $0.2
bf4a216e: folds
Uncalled bet ($0.15) returned to cd044f6b
*** SHOWDOWN ***
cd044f6b collected $0.1 from pot
*** SUMMARY ***
Total pot $0.1 | Rake $0 | Jackpot $0 | Bingo $0 | Fortune $0
Seat 1: cd044f6b (big blind) collected ($0.1)
Seat 2: ed9bb24c folded before Flop (didn't bet)
Seat 3: 8cb7782f folded before Flop (didn't bet)
Seat 4: Hero folded before Flop (didn't bet)
Seat 5: da0a6784 (button) folded before Flop (didn't bet)
Seat 6: bf4a216e (small blind) folded before Flop


Poker Hand #HD1144422655: Hold'em No Limit  ($0.02/$0.05) - 2023/03/03 17:40:41
Table 'NLHBlue73' 6-max Seat #4 is the button
Seat 1: cd044f6b ($5.12 in chips)
Seat 2: ed9bb24c ($5 in chips)
Seat 3: 8cb7782f ($5.36 in chips)
Seat 4: Hero ($5 in chips)
Seat 5: da0a6784 ($5.88 in chips)
Seat 6: bf4a216e ($6.34 in chips)
da0a6784: posts small blind $0.02
bf4a216e: posts big blind $0.05
*** HOLE CARDS ***
Dealt to cd044f6b 
Dealt to ed9bb24c 
Dealt to 8cb7782f 
Dealt to Hero [7c 5c]
Dealt to da0a6784 
Dealt to bf4a216e 
cd044f6b: folds
ed9bb24c: raises $0.08 to $0.13
8cb7782f: folds
Hero: folds
da0a6784: folds
bf4a216e: calls $0.08
*** FLOP *** [2h 4h Qh]
bf4a216e: checks
ed9bb24c: checks
*** TURN *** [2h 4h Qh] [4d]
bf4a216e: bets $0.15
ed9bb24c: calls $0.15
*** RIVER *** [2h 4h Qh 4d] [Jd]
bf4a216e: bets $0.2
ed9bb24c: calls $0.2
bf4a216e: shows [8s Qs] (Pair of Queens and Pair of Fours)
ed9bb24c: shows [8d Qd] (Pair of Queens and Pair of Fours)
*** SHOWDOWN ***
bf4a216e collected $0.47 from pot
ed9bb24c collected $0.47 from pot
*** SUMMARY ***
Total pot $0.98 | Rake $0.04 | Jackpot $0 | Bingo $0 | Fortune $0
Board [2h 4h Qh 4d Jd]
Seat 1: cd044f6b folded before Flop (didn't bet)
Seat 2: ed9bb24c showed [8d Qd] and won ($0.47) with Pair of Queens and Pair of Fours
Seat 3: 8cb7782f folded before Flop (didn't bet)
Seat 4: Hero (button) folded before Flop (didn't bet)
Seat 5: da0a6784 (small blind) folded before Flop
Seat 6: bf4a216e (big blind) showed [8s Qs] and won ($0.47) with Pair of Queens and Pair of Fours


Poker Hand #HD1144422526: Hold'em No Limit  ($0.02/$0.05) - 2023/03/03 17:39:54
Table 'NLHBlue73' 6-max Seat #3 is the button
Seat 1: cd044f6b ($5.12 in chips)
Seat 2: ed9bb24c ($5 in chips)
Seat 3: 8cb7782f ($5.36 in chips)
Seat 4: Hero ($5 in chips)
Seat 5: da0a6784 ($5.93 in chips)
Seat 6: bf4a216e ($6.27 in chips)
Hero: posts small blind $0.02
da0a6784: posts big blind $0.05
*** HOLE CARDS ***
Dealt to cd044f6b 
Dealt to ed9bb24c 
Dealt to 8cb7782f 
Dealt to Hero [8c Kc]
Dealt to da0a6784 
Dealt to bf4a216e 
bf4a216e: calls $0.05
cd044f6b: folds
ed9bb24c: folds
8cb7782f: folds
Hero: folds
da0a6784: checks
*** FLOP *** [9h Qs 7c]
da0a6784: checks
bf4a216e: checks
*** TURN *** [9h Qs 7c] [9s]
da0a6784: checks
bf4a216e: bets $0.05
da0a6784: folds
Uncalled bet ($0.05) returned to bf4a216e
*** SHOWDOWN ***
bf4a216e collected $0.12 from pot
*** SUMMARY ***
Total pot $0.12 | Rake $0 | Jackpot $0 | Bingo $0 | Fortune $0
Board [9h Qs 7c 9s]
Seat 1: cd044f6b folded before Flop (didn't bet)
Seat 2: ed9bb24c folded before Flop (didn't bet)
Seat 3: 8cb7782f (button) folded before Flop (didn't bet)
Seat 4: Hero (small blind) folded before Flop
Seat 5: da0a6784 (big blind) folded on the Turn
Seat 6: bf4a216e won ($0.12)


Poker Hand #HD1144422434: Hold'em No Limit  ($0.02/$0.05) - 2023/03/03 17:39:25
Table 'NLHBlue73' 6-max Seat #2 is the button
Seat 1: cd044f6b ($5.12 in chips)
Seat 2: ed9bb24c ($5 in chips)
Seat 3: 8cb7782f ($5.26 in chips)
Seat 4: Hero ($5 in chips)
Seat 5: da0a6784 ($5.93 in chips)
Seat 6: bf4a216e ($6.32 in chips)
8cb7782f: posts small blind $0.02
Hero: posts big blind $0.05
*** HOLE CARDS ***
Dealt to cd044f6b 
Dealt to ed9bb24c 
Dealt to 8cb7782f 
Dealt to Hero [2d Js]
Dealt to da0a6784 
Dealt to bf4a216e 
da0a6784: folds
bf4a216e: calls $0.05
cd044f6b: folds
ed9bb24c: folds
8cb7782f: raises $0.2 to $0.25
Hero: folds
bf4a216e: folds
Uncalled bet ($0.2) returned to 8cb7782f
*** SHOWDOWN ***
8cb7782f collected $0.15 from pot
*** SUMMARY ***
Total pot $0.15 | Rake $0 | Jackpot $0 | Bingo $0 | Fortune $0
Seat 1: cd044f6b folded before Flop (didn't bet)
Seat 2: ed9bb24c (button) folded before Flop (didn't bet)
Seat 3: 8cb7782f (small blind) collected ($0.15)
Seat 4: Hero (big blind) folded before Flop
Seat 5: da0a6784 folded before Flop (didn't bet)
Seat 6: bf4a216e folded before Flop


