Poker Hand #HD1163285077: Hold'em No Limit  ($0.02/$0.05) - 2023/03/16 22:35:53
Table 'NLHBlue21' 6-max Seat #4 is the button
Seat 1: Hero ($6.75 in chips)
Seat 3: 3d2c19ab ($2.7 in chips)
Seat 4: 83729594 ($5.18 in chips)
Seat 5: 67a9d4d0 ($5.77 in chips)
Seat 6: 897093e4 ($6.78 in chips)
67a9d4d0: posts small blind $0.02
897093e4: posts big blind $0.05
*** HOLE CARDS ***
Dealt to Hero [2s Td]
Dealt to 3d2c19ab 
Dealt to 83729594 
Dealt to 67a9d4d0 
Dealt to 897093e4 
Hero: folds
3d2c19ab: calls $0.05
83729594: calls $0.05
67a9d4d0: folds
897093e4: checks
*** FLOP *** [Ks 2d As]
897093e4: checks
3d2c19ab: checks
83729594: checks
*** TURN *** [Ks 2d As] [9h]
897093e4: checks
3d2c19ab: checks
83729594: checks
*** RIVER *** [Ks 2d As 9h] [Qs]
897093e4: checks
3d2c19ab: checks
83729594: checks
897093e4: shows [4h Qd] (Pair of Queens)
3d2c19ab: shows [4d 7d] (Ace-High)
83729594: shows [7h 8c] (Ace-High)
*** SHOWDOWN ***
897093e4 collected $0.17 from pot
*** SUMMARY ***
Total pot $0.17 | Rake $0 | Jackpot $0 | Bingo $0 | Fortune $0
Board [Ks 2d As 9h Qs]
Seat 1: Hero folded before Flop (didn't bet)
Seat 3: 3d2c19ab showed [4d 7d] and lost with Ace-High
Seat 4: 83729594 (button) showed [7h 8c] and lost with Ace-High
Seat 5: 67a9d4d0 (small blind) folded before Flop
Seat 6: 897093e4 (big blind) showed [4h Qd] and won ($0.17) with Pair of Queens


Poker Hand #HD1163285005: Hold'em No Limit  ($0.02/$0.05) - 2023/03/16 22:35:17
Table 'NLHBlue21' 6-max Seat #3 is the button
Seat 1: Hero ($6.75 in chips)
Seat 3: 3d2c19ab ($2.9 in chips)
Seat 4: 83729594 ($4.95 in chips)
Seat 5: 67a9d4d0 ($5.82 in chips)
Seat 6: 897093e4 ($6.78 in chips)
83729594: posts small blind $0.02
67a9d4d0: posts big blind $0.05
*** HOLE CARDS ***
Dealt to Hero [Kc 5c]
Dealt to 3d2c19ab 
Dealt to 83729594 
Dealt to 67a9d4d0 
Dealt to 897093e4 
897093e4: folds
Hero: folds
3d2c19ab: calls $0.05
83729594: raises $0.15 to $0.2
67a9d4d0: folds
3d2c19ab: calls $0.15
*** FLOP *** [2s 8s Jd]
83729594: bets $0.3
3d2c19ab: folds
Uncalled bet ($0.3) returned to 83729594
*** SHOWDOWN ***
83729594 collected $0.43 from pot
*** SUMMARY ***
Total pot $0.45 | Rake $0.02 | Jackpot $0 | Bingo $0 | Fortune $0
Board [2s 8s Jd]
Seat 1: Hero folded before Flop (didn't bet)
Seat 3: 3d2c19ab (button) folded on the Flop
Seat 4: 83729594 (small blind) won ($0.43)
Seat 5: 67a9d4d0 (big blind) folded before Flop
Seat 6: 897093e4 folded before Flop (didn't bet)


Poker Hand #HD1163284858: Hold'em No Limit  ($0.02/$0.05) - 2023/03/16 22:33:56
Table 'NLHBlue21' 6-max Seat #2 is the button
Seat 1: Hero ($6.75 in chips)
Seat 2: 34786a62 ($5.05 in chips)
Seat 3: 3d2c19ab ($2.92 in chips)
Seat 4: 83729594 ($5 in chips)
Seat 5: 67a9d4d0 ($5 in chips)
Seat 6: 897093e4 ($7.67 in chips)
3d2c19ab: posts small blind $0.02
83729594: posts big blind $0.05
*** HOLE CARDS ***
Dealt to Hero [7s Th]
Dealt to 34786a62 
Dealt to 3d2c19ab 
Dealt to 83729594 
Dealt to 67a9d4d0 
Dealt to 897093e4 
67a9d4d0: raises $0.1 to $0.15
897093e4: raises $0.37 to $0.52
Hero: folds
34786a62: folds
3d2c19ab: folds
83729594: folds
67a9d4d0: calls $0.37
*** FLOP *** [3h Jd Tc]
67a9d4d0: checks
897093e4: bets $0.37
67a9d4d0: calls $0.37
*** TURN *** [3h Jd Tc] [Qh]
67a9d4d0: checks
897093e4: checks
*** RIVER *** [3h Jd Tc Qh] [Ac]
67a9d4d0: checks
897093e4: checks
67a9d4d0: shows [Qd Qs] (Three Queens)
897093e4: shows [Ad Jh] (Pair of Aces and Pair of Jacks)
*** SHOWDOWN ***
67a9d4d0 collected $1.71 from pot
*** SUMMARY ***
Total pot $1.85 | Rake $0.09 | Jackpot $0.05 | Bingo $0 | Fortune $0
Board [3h Jd Tc Qh Ac]
Seat 1: Hero folded before Flop (didn't bet)
Seat 2: 34786a62 (button) folded before Flop (didn't bet)
Seat 3: 3d2c19ab (small blind) folded before Flop
Seat 4: 83729594 (big blind) folded before Flop
Seat 5: 67a9d4d0 showed [Qd Qs] and won ($1.71) with Three Queens
Seat 6: 897093e4 showed [Ad Jh] and lost with Pair of Aces and Pair of Jacks


Poker Hand #HD1163284838: Hold'em No Limit  ($0.02/$0.05) - 2023/03/16 22:33:45
Table 'NLHBlue21' 6-max Seat #1 is the button
Seat 1: Hero ($6.75 in chips)
Seat 2: 34786a62 ($5.07 in chips)
Seat 3: 3d2c19ab ($2.9 in chips)
Seat 5: 67a9d4d0 ($5 in chips)
Seat 6: 897093e4 ($7.67 in chips)
34786a62: posts small blind $0.02
3d2c19ab: posts big blind $0.05
*** HOLE CARDS ***
Dealt to Hero [9c 3c]
Dealt to 34786a62 
Dealt to 3d2c19ab 
Dealt to 67a9d4d0 
Dealt to 897093e4 
67a9d4d0: folds
897093e4: folds
Hero: folds
34786a62: folds
Uncalled bet ($0.03) returned to 3d2c19ab
*** SHOWDOWN ***
3d2c19ab collected $0.04 from pot
*** SUMMARY ***
Total pot $0.04 | Rake $0 | Jackpot $0 | Bingo $0 | Fortune $0
Seat 1: Hero (button) folded before Flop (didn't bet)
Seat 2: 34786a62 (small blind) folded before Flop
Seat 3: 3d2c19ab (big blind) collected ($0.04)
Seat 5: 67a9d4d0 folded before Flop (didn't bet)
Seat 6: 897093e4 folded before Flop (didn't bet)


Poker Hand #HD1163284760: Hold'em No Limit  ($0.02/$0.05) - 2023/03/16 22:33:00
Table 'NLHBlue21' 6-max Seat #6 is the button
Seat 1: Hero ($6.77 in chips)
Seat 2: 34786a62 ($5 in chips)
Seat 3: 3d2c19ab ($2.95 in chips)
Seat 5: 67a9d4d0 ($5 in chips)
Seat 6: 897093e4 ($7.67 in chips)
Hero: posts small blind $0.02
34786a62: posts big blind $0.05
*** HOLE CARDS ***
Dealt to Hero [2d 8c]
Dealt to 34786a62 
Dealt to 3d2c19ab 
Dealt to 67a9d4d0 
Dealt to 897093e4 
3d2c19ab: calls $0.05
67a9d4d0: folds
897093e4: folds
Hero: folds
34786a62: checks
*** FLOP *** [9d 5h 9h]
34786a62: checks
3d2c19ab: checks
*** TURN *** [9d 5h 9h] [As]
34786a62: checks
3d2c19ab: checks
*** RIVER *** [9d 5h 9h As] [7c]
34786a62: checks
3d2c19ab: checks
34786a62: shows [Kc Th] (Pair of Nines)
3d2c19ab: shows [8s Ks] (Pair of Nines)
*** SHOWDOWN ***
34786a62 collected $0.12 from pot
*** SUMMARY ***
Total pot $0.12 | Rake $0 | Jackpot $0 | Bingo $0 | Fortune $0
Board [9d 5h 9h As 7c]
Seat 1: Hero (small blind) folded before Flop
Seat 2: 34786a62 (big blind) showed [Kc Th] and won ($0.12) with Pair of Nines
Seat 3: 3d2c19ab showed [8s Ks] and lost with Pair of Nines
Seat 5: 67a9d4d0 folded before Flop (didn't bet)
Seat 6: 897093e4 (button) folded before Flop (didn't bet)


Poker Hand #HD1163284640: Hold'em No Limit  ($0.02/$0.05) - 2023/03/16 22:32:02
Table 'NLHBlue21' 6-max Seat #5 is the button
Seat 1: Hero ($6.58 in chips)
Seat 2: 34786a62 ($5 in chips)
Seat 3: 3d2c19ab ($2.95 in chips)
Seat 5: 67a9d4d0 ($5 in chips)
Seat 6: 897093e4 ($7.69 in chips)
897093e4: posts small blind $0.02
Hero: posts big blind $0.05
*** HOLE CARDS ***
Dealt to Hero [Ac Td]
Dealt to 34786a62 
Dealt to 3d2c19ab 
Dealt to 67a9d4d0 
Dealt to 897093e4 
34786a62: raises $0.13 to $0.18
3d2c19ab: folds
67a9d4d0: folds
897093e4: folds
Hero: calls $0.13
*** FLOP *** [3h Qh 9c]
Hero: checks
34786a62: checks
*** TURN *** [3h Qh 9c] [Kd]
Hero: checks
34786a62: checks
*** RIVER *** [3h Qh 9c Kd] [9d]
Hero: checks
34786a62: checks
Hero: shows [Ac Td] (Pair of Nines)
34786a62: shows [4c 2c] (Pair of Nines)
*** SHOWDOWN ***
Hero collected $0.37 from pot
*** SUMMARY ***
Total pot $0.38 | Rake $0.01 | Jackpot $0 | Bingo $0 | Fortune $0
Board [3h Qh 9c Kd 9d]
Seat 1: Hero (big blind) showed [Ac Td] and won ($0.37) with Pair of Nines
Seat 2: 34786a62 showed [4c 2c] and lost with Pair of Nines
Seat 3: 3d2c19ab folded before Flop (didn't bet)
Seat 5: 67a9d4d0 (button) folded before Flop (didn't bet)
Seat 6: 897093e4 (small blind) folded before Flop


Poker Hand #HD1163284589: Hold'em No Limit  ($0.02/$0.05) - 2023/03/16 22:31:38
Table 'NLHBlue21' 6-max Seat #3 is the button
Seat 1: Hero ($6.51 in chips)
Seat 2: 34786a62 ($5 in chips)
Seat 3: 3d2c19ab ($2.95 in chips)
Seat 5: 67a9d4d0 ($5 in chips)
Seat 6: 897093e4 ($7.74 in chips)
67a9d4d0: posts small blind $0.02
897093e4: posts big blind $0.05
*** HOLE CARDS ***
Dealt to Hero [Js Ah]
Dealt to 34786a62 
Dealt to 3d2c19ab 
Dealt to 67a9d4d0 
Dealt to 897093e4 
Hero: raises $0.07 to $0.12
34786a62: folds
3d2c19ab: folds
67a9d4d0: folds
897093e4: folds
Uncalled bet ($0.07) returned to Hero
*** SHOWDOWN ***
Hero collected $0.12 from pot
*** SUMMARY ***
Total pot $0.12 | Rake $0 | Jackpot $0 | Bingo $0 | Fortune $0
Seat 1: Hero collected ($0.12)
Seat 2: 34786a62 folded before Flop (didn't bet)
Seat 3: 3d2c19ab (button) folded before Flop (didn't bet)
Seat 5: 67a9d4d0 (small blind) folded before Flop
Seat 6: 897093e4 (big blind) folded before Flop


Poker Hand #HD1163284535: Hold'em No Limit  ($0.02/$0.05) - 2023/03/16 22:31:10
Table 'NLHBlue21' 6-max Seat #2 is the button
Seat 1: Hero ($6.51 in chips)
Seat 2: 34786a62 ($5 in chips)
Seat 3: 3d2c19ab ($2.9 in chips)
Seat 5: 67a9d4d0 ($5 in chips)
Seat 6: 897093e4 ($7.74 in chips)
3d2c19ab: posts small blind $0.02
67a9d4d0: posts big blind $0.05
*** HOLE CARDS ***
Dealt to Hero [7d 4s]
Dealt to 34786a62 
Dealt to 3d2c19ab 
Dealt to 67a9d4d0 
Dealt to 897093e4 
897093e4: folds
Hero: folds
34786a62: folds
3d2c19ab: calls $0.03
67a9d4d0: checks
*** FLOP *** [6c 6s Js]
3d2c19ab: bets $0.05
67a9d4d0: folds
Uncalled bet ($0.05) returned to 3d2c19ab
*** SHOWDOWN ***
3d2c19ab collected $0.1 from pot
*** SUMMARY ***
Total pot $0.1 | Rake $0 | Jackpot $0 | Bingo $0 | Fortune $0
Board [6c 6s Js]
Seat 1: Hero folded before Flop (didn't bet)
Seat 2: 34786a62 (button) folded before Flop (didn't bet)
Seat 3: 3d2c19ab (small blind) won ($0.1)
Seat 5: 67a9d4d0 (big blind) folded on the Flop
Seat 6: 897093e4 folded before Flop (didn't bet)


Poker Hand #HD1163284419: Hold'em No Limit  ($0.02/$0.05) - 2023/03/16 22:30:07
Table 'NLHBlue21' 6-max Seat #1 is the button
Seat 1: Hero ($6.51 in chips)
Seat 2: 34786a62 ($5.02 in chips)
Seat 3: 3d2c19ab ($1.25 in chips)
Seat 4: 417fb237 ($6.49 in chips)
Seat 5: 67a9d4d0 ($5 in chips)
Seat 6: 897093e4 ($7.74 in chips)
34786a62: posts small blind $0.02
3d2c19ab: posts big blind $0.05
*** HOLE CARDS ***
Dealt to Hero [Qd 7s]
Dealt to 34786a62 
Dealt to 3d2c19ab 
Dealt to 417fb237 
Dealt to 67a9d4d0 
Dealt to 897093e4 
417fb237: raises $0.08 to $0.13
67a9d4d0: folds
897093e4: folds
Hero: folds
34786a62: raises $0.22 to $0.35
3d2c19ab: raises $0.9 to $1.25 and is all-in
417fb237: folds
34786a62: calls $0.9
3d2c19ab: shows [7c 8d]
34786a62: shows [Ad Qs]
*** FLOP *** [4h 8s 3d]
*** TURN *** [4h 8s 3d] [6c]
*** RIVER *** [4h 8s 3d 6c] [8h]
*** SHOWDOWN ***
3d2c19ab collected $2.43 from pot
*** SUMMARY ***
Total pot $2.63 | Rake $0.15 | Jackpot $0.05 | Bingo $0 | Fortune $0
Board [4h 8s 3d 6c 8h]
Seat 1: Hero (button) folded before Flop (didn't bet)
Seat 2: 34786a62 (small blind) showed [Ad Qs] and lost with Pair of Eights
Seat 3: 3d2c19ab (big blind) showed [7c 8d] and won ($2.43) with Three Eights
Seat 4: 417fb237 folded before Flop
Seat 5: 67a9d4d0 folded before Flop (didn't bet)
Seat 6: 897093e4 folded before Flop (didn't bet)


Poker Hand #HD1163284296: Hold'em No Limit  ($0.02/$0.05) - 2023/03/16 22:29:07
Table 'NLHBlue21' 6-max Seat #6 is the button
Seat 1: Hero ($6.53 in chips)
Seat 2: 34786a62 ($5.07 in chips)
Seat 3: 3d2c19ab ($1.32 in chips)
Seat 4: 417fb237 ($6.49 in chips)
Seat 5: 67a9d4d0 ($5 in chips)
Seat 6: 897093e4 ($7.79 in chips)
Hero: posts small blind $0.02
34786a62: posts big blind $0.05
*** HOLE CARDS ***
Dealt to Hero [5s 7c]
Dealt to 34786a62 
Dealt to 3d2c19ab 
Dealt to 417fb237 
Dealt to 67a9d4d0 
Dealt to 897093e4 
3d2c19ab: calls $0.05
417fb237: folds
67a9d4d0: folds
897093e4: raises $0.17 to $0.22
Hero: folds
34786a62: folds
3d2c19ab: raises $0.17 to $0.39
897093e4: calls $0.17
*** FLOP *** [6s Jh 8c]
3d2c19ab: bets $0.93 and is all-in
897093e4: calls $0.93
3d2c19ab: shows [Kd Qd] (King-High)
897093e4: shows [Ac Jd] (Pair of Jacks)
*** FIRST TURN *** [6s Jh 8c] [Ts]
*** FIRST RIVER *** [6s Jh 8c Ts] [2s]
*** SECOND TURN *** [6s Jh 8c] [8d]
*** SECOND RIVER *** [6s Jh 8c 8d] [Qs]
*** FIRST SHOWDOWN ***
897093e4 collected $1.27 from pot
*** SECOND SHOWDOWN ***
3d2c19ab collected $1.25 from pot
*** SUMMARY ***
Total pot $2.71 | Rake $0.14 | Jackpot $0.05 | Bingo $0 | Fortune $0
Hand was run two times
FIRST Board [6s Jh 8c Ts 2s]
SECOND Board [8d Qs]
Seat 1: Hero (small blind) folded before Flop
Seat 2: 34786a62 (big blind) folded before Flop
Seat 3: 3d2c19ab showed [Kd Qd] and lost with King-High, and won ($1.25)
Seat 4: 417fb237 folded before Flop (didn't bet)
Seat 5: 67a9d4d0 folded before Flop (didn't bet)
Seat 6: 897093e4 (button) showed [Ac Jd] and won ($1.27) with Pair of Jacks, and lost


Poker Hand #HD1163284261: Hold'em No Limit  ($0.02/$0.05) - 2023/03/16 22:28:48
Table 'NLHBlue21' 6-max Seat #5 is the button
Seat 1: Hero ($6.58 in chips)
Seat 2: 34786a62 ($5 in chips)
Seat 3: 3d2c19ab ($1.32 in chips)
Seat 4: 417fb237 ($6.49 in chips)
Seat 5: 67a9d4d0 ($5 in chips)
Seat 6: 897093e4 ($7.81 in chips)
897093e4: posts small blind $0.02
Hero: posts big blind $0.05
*** HOLE CARDS ***
Dealt to Hero [6c 9h]
Dealt to 34786a62 
Dealt to 3d2c19ab 
Dealt to 417fb237 
Dealt to 67a9d4d0 
Dealt to 897093e4 
34786a62: raises $0.13 to $0.18
3d2c19ab: folds
417fb237: folds
67a9d4d0: folds
897093e4: folds
Hero: folds
Uncalled bet ($0.13) returned to 34786a62
*** SHOWDOWN ***
34786a62 collected $0.12 from pot
*** SUMMARY ***
Total pot $0.12 | Rake $0 | Jackpot $0 | Bingo $0 | Fortune $0
Seat 1: Hero (big blind) folded before Flop
Seat 2: 34786a62 collected ($0.12)
Seat 3: 3d2c19ab folded before Flop (didn't bet)
Seat 4: 417fb237 folded before Flop (didn't bet)
Seat 5: 67a9d4d0 (button) folded before Flop (didn't bet)
Seat 6: 897093e4 (small blind) folded before Flop


Poker Hand #HD1163284193: Hold'em No Limit  ($0.02/$0.05) - 2023/03/16 22:28:10
Table 'NLHBlue21' 6-max Seat #4 is the button
Seat 1: Hero ($6.51 in chips)
Seat 2: 34786a62 ($5 in chips)
Seat 3: 3d2c19ab ($1.32 in chips)
Seat 4: 417fb237 ($6.49 in chips)
Seat 5: 67a9d4d0 ($5 in chips)
Seat 6: 897093e4 ($7.86 in chips)
67a9d4d0: posts small blind $0.02
897093e4: posts big blind $0.05
*** HOLE CARDS ***
Dealt to Hero [4s 5s]
Dealt to 34786a62 
Dealt to 3d2c19ab 
Dealt to 417fb237 
Dealt to 67a9d4d0 
Dealt to 897093e4 
Hero: raises $0.07 to $0.12
34786a62: folds
3d2c19ab: folds
417fb237: folds
67a9d4d0: folds
897093e4: folds
Uncalled bet ($0.07) returned to Hero
*** SHOWDOWN ***
Hero collected $0.12 from pot
*** SUMMARY ***
Total pot $0.12 | Rake $0 | Jackpot $0 | Bingo $0 | Fortune $0
Seat 1: Hero collected ($0.12)
Seat 2: 34786a62 folded before Flop (didn't bet)
Seat 3: 3d2c19ab folded before Flop (didn't bet)
Seat 4: 417fb237 (button) folded before Flop (didn't bet)
Seat 5: 67a9d4d0 (small blind) folded before Flop
Seat 6: 897093e4 (big blind) folded before Flop


Poker Hand #HD1163284060: Hold'em No Limit  ($0.02/$0.05) - 2023/03/16 22:27:04
Table 'NLHBlue21' 6-max Seat #3 is the button
Seat 1: Hero ($6.37 in chips)
Seat 2: 34786a62 ($5 in chips)
Seat 3: 3d2c19ab ($1.32 in chips)
Seat 4: 417fb237 ($6.54 in chips)
Seat 5: 67a9d4d0 ($5 in chips)
Seat 6: 897093e4 ($7.86 in chips)
417fb237: posts small blind $0.02
67a9d4d0: posts big blind $0.05
*** HOLE CARDS ***
Dealt to Hero [2h Ts]
Dealt to 34786a62 
Dealt to 3d2c19ab 
Dealt to 417fb237 
Dealt to 67a9d4d0 
Dealt to 897093e4 
897093e4: folds
Hero: calls $0.05
34786a62: calls $0.05
3d2c19ab: folds
417fb237: calls $0.03
67a9d4d0: checks
*** FLOP *** [5h 6d Qh]
417fb237: checks
67a9d4d0: checks
Hero: checks
34786a62: checks
*** TURN *** [5h 6d Qh] [2c]
417fb237: checks
67a9d4d0: checks
Hero: checks
34786a62: checks
*** RIVER *** [5h 6d Qh 2c] [As]
417fb237: checks
67a9d4d0: checks
Hero: checks
34786a62: checks
417fb237: shows [7s 8s] (Ace-High)
67a9d4d0: shows [9c 3d] (Ace-High)
Hero: shows [2h Ts] (Pair of Twos)
34786a62: shows [9s Js] (Ace-High)
*** SHOWDOWN ***
Hero collected $0.19 from pot
*** SUMMARY ***
Total pot $0.2 | Rake $0.01 | Jackpot $0 | Bingo $0 | Fortune $0
Board [5h 6d Qh 2c As]
Seat 1: Hero showed [2h Ts] and won ($0.19) with Pair of Twos
Seat 2: 34786a62 showed [9s Js] and lost with Ace-High
Seat 3: 3d2c19ab (button) folded before Flop (didn't bet)
Seat 4: 417fb237 (small blind) showed [7s 8s] and lost with Ace-High
Seat 5: 67a9d4d0 (big blind) showed [9c 3d] and lost with Ace-High
Seat 6: 897093e4 folded before Flop (didn't bet)


Poker Hand #HD1163283946: Hold'em No Limit  ($0.02/$0.05) - 2023/03/16 22:26:11
Table 'NLHBlue21' 6-max Seat #2 is the button
Seat 1: Hero ($6.37 in chips)
Seat 2: 34786a62 ($5 in chips)
Seat 3: 3d2c19ab ($1.34 in chips)
Seat 4: 417fb237 ($6.59 in chips)
Seat 5: 67a9d4d0 ($5 in chips)
Seat 6: 897093e4 ($6.99 in chips)
3d2c19ab: posts small blind $0.02
417fb237: posts big blind $0.05
*** HOLE CARDS ***
Dealt to Hero [Th Qd]
Dealt to 34786a62 
Dealt to 3d2c19ab 
Dealt to 417fb237 
Dealt to 67a9d4d0 
Dealt to 897093e4 
67a9d4d0: folds
897093e4: raises $0.08 to $0.13
Hero: folds
34786a62: calls $0.13
3d2c19ab: folds
417fb237: folds
*** FLOP *** [9c 2c 8c]
897093e4: checks
34786a62: bets $0.24
897093e4: calls $0.24
*** TURN *** [9c 2c 8c] [7h]
897093e4: checks
34786a62: bets $0.57
897093e4: calls $0.57
*** RIVER *** [9c 2c 8c 7h] [Jc]
897093e4: checks
34786a62: checks
897093e4: shows [Ac 6c] (Ace High Flush)
34786a62: shows [Td 8d] (Jacks-High Straight)
*** SHOWDOWN ***
897093e4 collected $1.81 from pot
*** SUMMARY ***
Total pot $1.95 | Rake $0.09 | Jackpot $0.05 | Bingo $0 | Fortune $0
Board [9c 2c 8c 7h Jc]
Seat 1: Hero folded before Flop (didn't bet)
Seat 2: 34786a62 (button) showed [Td 8d] and lost with Jacks-High Straight
Seat 3: 3d2c19ab (small blind) folded before Flop
Seat 4: 417fb237 (big blind) folded before Flop
Seat 5: 67a9d4d0 folded before Flop (didn't bet)
Seat 6: 897093e4 showed [Ac 6c] and won ($1.81) with Ace High Flush


Poker Hand #HD1163283884: Hold'em No Limit  ($0.02/$0.05) - 2023/03/16 22:25:38
Table 'NLHBlue21' 6-max Seat #1 is the button
Seat 1: Hero ($6.37 in chips)
Seat 2: 34786a62 ($5 in chips)
Seat 3: 3d2c19ab ($1.47 in chips)
Seat 4: 417fb237 ($6.59 in chips)
Seat 5: 67a9d4d0 ($5 in chips)
Seat 6: 897093e4 ($6.85 in chips)
34786a62: posts small blind $0.02
3d2c19ab: posts big blind $0.05
*** HOLE CARDS ***
Dealt to Hero [Qd 5s]
Dealt to 34786a62 
Dealt to 3d2c19ab 
Dealt to 417fb237 
Dealt to 67a9d4d0 
Dealt to 897093e4 
417fb237: folds
67a9d4d0: folds
897093e4: raises $0.08 to $0.13
Hero: folds
34786a62: folds
3d2c19ab: calls $0.08
*** FLOP *** [8c 2c 6s]
3d2c19ab: checks
897093e4: bets $0.14
3d2c19ab: folds
Uncalled bet ($0.14) returned to 897093e4
*** SHOWDOWN ***
897093e4 collected $0.27 from pot
*** SUMMARY ***
Total pot $0.28 | Rake $0.01 | Jackpot $0 | Bingo $0 | Fortune $0
Board [8c 2c 6s]
Seat 1: Hero (button) folded before Flop (didn't bet)
Seat 2: 34786a62 (small blind) folded before Flop
Seat 3: 3d2c19ab (big blind) folded on the Flop
Seat 4: 417fb237 folded before Flop (didn't bet)
Seat 5: 67a9d4d0 folded before Flop (didn't bet)
Seat 6: 897093e4 won ($0.27)


Poker Hand #HD1163283771: Hold'em No Limit  ($0.02/$0.05) - 2023/03/16 22:24:42
Table 'NLHBlue21' 6-max Seat #6 is the button
Seat 1: Hero ($5 in chips)
Seat 2: 34786a62 ($5.27 in chips)
Seat 3: 3d2c19ab ($1.47 in chips)
Seat 4: 417fb237 ($6.59 in chips)
Seat 5: 67a9d4d0 ($5 in chips)
Seat 6: 897093e4 ($6.85 in chips)
Hero: posts small blind $0.02
34786a62: posts big blind $0.05
*** HOLE CARDS ***
Dealt to Hero [Jh Kh]
Dealt to 34786a62 
Dealt to 3d2c19ab 
Dealt to 417fb237 
Dealt to 67a9d4d0 
Dealt to 897093e4 
3d2c19ab: folds
417fb237: folds
67a9d4d0: folds
897093e4: folds
Hero: raises $0.09 to $0.14
34786a62: calls $0.09
*** FLOP *** [Js 2s Kd]
Hero: bets $0.21
34786a62: raises $0.39 to $0.6
Hero: raises $1.11 to $1.71
34786a62: raises $3.42 to $5.13 and is all-in
Hero: calls $3.15 and is all-in
Uncalled bet ($0.27) returned to 34786a62
34786a62: shows [Qs 7s] (King-High)
Hero: shows [Jh Kh] (Pair of Kings and Pair of Jacks)
Hero: Chooses to EV Cashout 
*** TURN *** [Js 2s Kd] [8h]
*** RIVER *** [Js 2s Kd 8h] [2d]
Hero: Pays Cashout Risk ($3.09)
*** SHOWDOWN ***
Hero collected $9.46 from pot
*** SUMMARY ***
Total pot $10 | Rake $0.49 | Jackpot $0.05 | Bingo $0 | Fortune $0
Board [Js 2s Kd 8h 2d]
Seat 1: Hero (small blind) showed [Jh Kh] and won ($9.46) with Pair of Kings and Pair of Jacks, Cashout Risk ($3.09)
Seat 2: 34786a62 (big blind) showed [Qs 7s] and lost with Pair of Twos
Seat 3: 3d2c19ab folded before Flop (didn't bet)
Seat 4: 417fb237 folded before Flop (didn't bet)
Seat 5: 67a9d4d0 folded before Flop (didn't bet)
Seat 6: 897093e4 (button) folded before Flop (didn't bet)


Poker Hand #HD1163283665: Hold'em No Limit  ($0.02/$0.05) - 2023/03/16 22:23:45
Table 'NLHBlue21' 6-max Seat #5 is the button
Seat 1: Hero ($5 in chips)
Seat 2: 34786a62 ($5.27 in chips)
Seat 3: 3d2c19ab ($1 in chips)
Seat 4: 417fb237 ($7.05 in chips)
Seat 5: 67a9d4d0 ($5 in chips)
Seat 6: 897093e4 ($6.87 in chips)
897093e4: posts small blind $0.02
Hero: posts big blind $0.05
3d2c19ab: posts big blind $0.05
*** HOLE CARDS ***
Dealt to Hero [Js 6c]
Dealt to 34786a62 
Dealt to 3d2c19ab 
Dealt to 417fb237 
Dealt to 67a9d4d0 
Dealt to 897093e4 
34786a62: folds
3d2c19ab: raises $0.05 to $0.1
417fb237: raises $0.18 to $0.28
67a9d4d0: folds
897093e4: folds
Hero: folds
3d2c19ab: raises $0.18 to $0.46
417fb237: calls $0.18
*** FLOP *** [7c 2h 4h]
3d2c19ab: bets $0.54 and is all-in
417fb237: folds
Uncalled bet ($0.54) returned to 3d2c19ab
*** SHOWDOWN ***
3d2c19ab collected $0.93 from pot
*** SUMMARY ***
Total pot $0.99 | Rake $0.06 | Jackpot $0 | Bingo $0 | Fortune $0
Board [7c 2h 4h]
Seat 1: Hero (big blind) folded before Flop
Seat 2: 34786a62 folded before Flop (didn't bet)
Seat 3: 3d2c19ab won ($0.93)
Seat 4: 417fb237 folded on the Flop
Seat 5: 67a9d4d0 (button) folded before Flop (didn't bet)
Seat 6: 897093e4 (small blind) folded before Flop


Poker Hand #HD1163283543: Hold'em No Limit  ($0.02/$0.05) - 2023/03/16 22:22:42
Table 'NLHBlue21' 6-max Seat #4 is the button
Seat 1: Hero ($5 in chips)
Seat 2: 34786a62 ($5.6 in chips)
Seat 3: 923e3555 ($5.69 in chips)
Seat 4: 417fb237 ($7.05 in chips)
Seat 5: 67a9d4d0 ($4.95 in chips)
Seat 6: 897093e4 ($6.55 in chips)
67a9d4d0: posts small blind $0.02
897093e4: posts big blind $0.05
*** HOLE CARDS ***
Dealt to Hero [3c Ks]
Dealt to 34786a62 
Dealt to 923e3555 
Dealt to 417fb237 
Dealt to 67a9d4d0 
Dealt to 897093e4 
Hero: folds
34786a62: raises $0.13 to $0.18
923e3555: folds
417fb237: folds
67a9d4d0: folds
897093e4: calls $0.13
*** FLOP *** [Jd 8c 3h]
897093e4: checks
34786a62: bets $0.15
897093e4: calls $0.15
*** TURN *** [Jd 8c 3h] [5d]
897093e4: checks
34786a62: checks
*** RIVER *** [Jd 8c 3h 5d] [6h]
897093e4: bets $0.34
34786a62: folds
Uncalled bet ($0.34) returned to 897093e4
*** SHOWDOWN ***
897093e4 collected $0.65 from pot
*** SUMMARY ***
Total pot $0.68 | Rake $0.03 | Jackpot $0 | Bingo $0 | Fortune $0
Board [Jd 8c 3h 5d 6h]
Seat 1: Hero folded before Flop (didn't bet)
Seat 2: 34786a62 folded on the River
Seat 3: 923e3555 folded before Flop (didn't bet)
Seat 4: 417fb237 (button) folded before Flop (didn't bet)
Seat 5: 67a9d4d0 (small blind) folded before Flop
Seat 6: 897093e4 (big blind) won ($0.65)


Poker Hand #HD1163283512: Hold'em No Limit  ($0.02/$0.05) - 2023/03/16 22:22:27
Table 'NLHBlue21' 6-max Seat #3 is the button
Seat 1: Hero ($5 in chips)
Seat 2: 34786a62 ($5.53 in chips)
Seat 3: 923e3555 ($5.69 in chips)
Seat 4: 417fb237 ($7.07 in chips)
Seat 5: 67a9d4d0 ($5 in chips)
Seat 6: 897093e4 ($6.55 in chips)
417fb237: posts small blind $0.02
67a9d4d0: posts big blind $0.05
*** HOLE CARDS ***
Dealt to Hero [As 4d]
Dealt to 34786a62 
Dealt to 923e3555 
Dealt to 417fb237 
Dealt to 67a9d4d0 
Dealt to 897093e4 
897093e4: folds
Hero: folds
34786a62: raises $0.13 to $0.18
923e3555: folds
417fb237: folds
67a9d4d0: folds
Uncalled bet ($0.13) returned to 34786a62
*** SHOWDOWN ***
34786a62 collected $0.12 from pot
*** SUMMARY ***
Total pot $0.12 | Rake $0 | Jackpot $0 | Bingo $0 | Fortune $0
Seat 1: Hero folded before Flop (didn't bet)
Seat 2: 34786a62 collected ($0.12)
Seat 3: 923e3555 (button) folded before Flop (didn't bet)
Seat 4: 417fb237 (small blind) folded before Flop
Seat 5: 67a9d4d0 (big blind) folded before Flop
Seat 6: 897093e4 folded before Flop (didn't bet)


Poker Hand #HD1163283399: Hold'em No Limit  ($0.02/$0.05) - 2023/03/16 22:21:26
Table 'NLHBlue21' 6-max Seat #2 is the button
Seat 1: Hero ($5.07 in chips)
Seat 2: 34786a62 ($5.65 in chips)
Seat 3: 923e3555 ($5.42 in chips)
Seat 4: 417fb237 ($7.12 in chips)
Seat 6: 897093e4 ($6.55 in chips)
923e3555: posts small blind $0.02
417fb237: posts big blind $0.05
*** HOLE CARDS ***
Dealt to Hero [7d Qd]
Dealt to 34786a62 
Dealt to 923e3555 
Dealt to 417fb237 
Dealt to 897093e4 
897093e4: folds
Hero: raises $0.07 to $0.12
34786a62: calls $0.12
923e3555: calls $0.1
417fb237: folds
*** FLOP *** [2s Ad 4h]
923e3555: checks
Hero: checks
34786a62: checks
*** TURN *** [2s Ad 4h] [4s]
923e3555: checks
Hero: checks
34786a62: checks
*** RIVER *** [2s Ad 4h 4s] [5s]
923e3555: bets $0.14
Hero: folds
34786a62: folds
Uncalled bet ($0.14) returned to 923e3555
*** SHOWDOWN ***
923e3555 collected $0.39 from pot
*** SUMMARY ***
Total pot $0.41 | Rake $0.02 | Jackpot $0 | Bingo $0 | Fortune $0
Board [2s Ad 4h 4s 5s]
Seat 1: Hero folded on the River
Seat 2: 34786a62 (button) folded on the River
Seat 3: 923e3555 (small blind) won ($0.39)
Seat 4: 417fb237 (big blind) folded before Flop
Seat 6: 897093e4 folded before Flop (didn't bet)


Poker Hand #HD1163283359: Hold'em No Limit  ($0.02/$0.05) - 2023/03/16 22:21:09
Table 'NLHBlue21' 6-max Seat #1 is the button
Seat 1: Hero ($5 in chips)
Seat 2: 34786a62 ($5.67 in chips)
Seat 3: 923e3555 ($5.47 in chips)
Seat 4: 417fb237 ($7.12 in chips)
Seat 6: 897093e4 ($6.55 in chips)
34786a62: posts small blind $0.02
923e3555: posts big blind $0.05
*** HOLE CARDS ***
Dealt to Hero [5s 4s]
Dealt to 34786a62 
Dealt to 923e3555 
Dealt to 417fb237 
Dealt to 897093e4 
417fb237: folds
897093e4: folds
Hero: raises $0.07 to $0.12
34786a62: folds
923e3555: folds
Uncalled bet ($0.07) returned to Hero
*** SHOWDOWN ***
Hero collected $0.12 from pot
*** SUMMARY ***
Total pot $0.12 | Rake $0 | Jackpot $0 | Bingo $0 | Fortune $0
Seat 1: Hero (button) collected ($0.12)
Seat 2: 34786a62 (small blind) folded before Flop
Seat 3: 923e3555 (big blind) folded before Flop
Seat 4: 417fb237 folded before Flop (didn't bet)
Seat 6: 897093e4 folded before Flop (didn't bet)


Poker Hand #HD1163283214: Hold'em No Limit  ($0.02/$0.05) - 2023/03/16 22:19:55
Table 'NLHBlue21' 6-max Seat #6 is the button
Seat 1: Hero ($5 in chips)
Seat 2: 34786a62 ($5 in chips)
Seat 3: 923e3555 ($5.47 in chips)
Seat 4: 417fb237 ($7.12 in chips)
Seat 6: 897093e4 ($6.68 in chips)
Hero: posts small blind $0.02
34786a62: posts big blind $0.05
*** HOLE CARDS ***
Dealt to Hero [Ad 9d]
Dealt to 34786a62 
Dealt to 923e3555 
Dealt to 417fb237 
Dealt to 897093e4 
923e3555: folds
417fb237: folds
897093e4: raises $0.08 to $0.13
Hero: raises $0.47 to $0.6
34786a62: calls $0.55
897093e4: folds
*** FLOP *** [6h Ks 8c]
Hero: checks
34786a62: checks
*** TURN *** [6h Ks 8c] [7h]
Hero: checks
34786a62: checks
*** RIVER *** [6h Ks 8c 7h] [2h]
Hero: checks
34786a62: checks
Hero: shows [Ad 9d] (Ace-High)
34786a62: shows [3h 3d] (Pair of Treys)
*** SHOWDOWN ***
34786a62 collected $1.27 from pot
*** SUMMARY ***
Total pot $1.33 | Rake $0.06 | Jackpot $0 | Bingo $0 | Fortune $0
Board [6h Ks 8c 7h 2h]
Seat 1: Hero (small blind) showed [Ad 9d] and lost with Ace-High
Seat 2: 34786a62 (big blind) showed [3h 3d] and won ($1.27) with Pair of Treys
Seat 3: 923e3555 folded before Flop (didn't bet)
Seat 4: 417fb237 folded before Flop (didn't bet)
Seat 6: 897093e4 (button) folded before Flop


Poker Hand #HD1163283090: Hold'em No Limit  ($0.02/$0.05) - 2023/03/16 22:18:51
Table 'NLHBlue21' 6-max Seat #4 is the button
Seat 1: Hero ($5 in chips)
Seat 2: 34786a62 ($5 in chips)
Seat 3: 923e3555 ($4.38 in chips)
Seat 4: 417fb237 ($7.12 in chips)
Seat 6: 897093e4 ($6.7 in chips)
897093e4: posts small blind $0.02
Hero: posts big blind $0.05
*** HOLE CARDS ***
Dealt to Hero [7s Td]
Dealt to 34786a62 
Dealt to 923e3555 
Dealt to 417fb237 
Dealt to 897093e4 
34786a62: raises $0.13 to $0.18
923e3555: raises $0.27 to $0.45
417fb237: folds
897093e4: folds
Hero: folds
34786a62: calls $0.27
*** FLOP *** [2s As Ac]
34786a62: checks
923e3555: checks
*** TURN *** [2s As Ac] [Kc]
34786a62: checks
923e3555: checks
*** RIVER *** [2s As Ac Kc] [5d]
34786a62: checks
923e3555: bets $0.73
34786a62: calls $0.73
923e3555: shows [Kd Ad] (Aces Full over Kings)
34786a62: shows [Kh Th] (Pair of Aces and Pair of Kings)
*** SHOWDOWN ***
923e3555 collected $2.27 from pot
*** SUMMARY ***
Total pot $2.43 | Rake $0.11 | Jackpot $0.05 | Bingo $0 | Fortune $0
Board [2s As Ac Kc 5d]
Seat 1: Hero (big blind) folded before Flop
Seat 2: 34786a62 showed [Kh Th] and lost with Pair of Aces and Pair of Kings
Seat 3: 923e3555 showed [Kd Ad] and won ($2.27) with Aces Full over Kings
Seat 4: 417fb237 (button) folded before Flop (didn't bet)
Seat 6: 897093e4 (small blind) folded before Flop


Poker Hand #HD1163283030: Hold'em No Limit  ($0.02/$0.05) - 2023/03/16 22:18:20
Table 'NLHBlue21' 6-max Seat #3 is the button
Seat 1: Hero ($5 in chips)
Seat 2: 34786a62 ($5 in chips)
Seat 3: 923e3555 ($4.31 in chips)
Seat 4: 417fb237 ($7.14 in chips)
Seat 6: 897093e4 ($6.75 in chips)
417fb237: posts small blind $0.02
897093e4: posts big blind $0.05
*** HOLE CARDS ***
Dealt to Hero [8c 4s]
Dealt to 34786a62 
Dealt to 923e3555 
Dealt to 417fb237 
Dealt to 897093e4 
Hero: folds
34786a62: folds
923e3555: raises $0.05 to $0.1
417fb237: folds
897093e4: folds
Uncalled bet ($0.05) returned to 923e3555
*** SHOWDOWN ***
923e3555 collected $0.12 from pot
*** SUMMARY ***
Total pot $0.12 | Rake $0 | Jackpot $0 | Bingo $0 | Fortune $0
Seat 1: Hero folded before Flop (didn't bet)
Seat 2: 34786a62 folded before Flop (didn't bet)
Seat 3: 923e3555 (button) collected ($0.12)
Seat 4: 417fb237 (small blind) folded before Flop
Seat 6: 897093e4 (big blind) folded before Flop


Poker Hand #HD1163282902: Hold'em No Limit  ($0.02/$0.05) - 2023/03/16 22:17:14
Table 'NLHBlue21' 6-max Seat #2 is the button
Seat 1: Hero ($5 in chips)
Seat 2: 34786a62 ($5 in chips)
Seat 3: 923e3555 ($3.7 in chips)
Seat 4: 417fb237 ($7.19 in chips)
Seat 6: 897093e4 ($7.05 in chips)
923e3555: posts small blind $0.02
417fb237: posts big blind $0.05
*** HOLE CARDS ***
Dealt to Hero [7s 9s]
Dealt to 34786a62 
Dealt to 923e3555 
Dealt to 417fb237 
Dealt to 897093e4 
897093e4: raises $0.08 to $0.13
Hero: folds
34786a62: calls $0.13
923e3555: raises $0.17 to $0.3
417fb237: folds
897093e4: calls $0.17
34786a62: calls $0.17
*** FLOP *** [Js 6d 6s]
923e3555: checks
897093e4: checks
34786a62: checks
*** TURN *** [Js 6d 6s] [4c]
923e3555: bets $0.32
897093e4: folds
34786a62: folds
Uncalled bet ($0.32) returned to 923e3555
*** SHOWDOWN ***
923e3555 collected $0.91 from pot
*** SUMMARY ***
Total pot $0.95 | Rake $0.04 | Jackpot $0 | Bingo $0 | Fortune $0
Board [Js 6d 6s 4c]
Seat 1: Hero folded before Flop (didn't bet)
Seat 2: 34786a62 (button) folded on the Turn
Seat 3: 923e3555 (small blind) won ($0.91)
Seat 4: 417fb237 (big blind) folded before Flop
Seat 6: 897093e4 folded on the Turn


Poker Hand #HD1163282774: Hold'em No Limit  ($0.02/$0.05) - 2023/03/16 22:16:14
Table 'NLHBlue21' 6-max Seat #1 is the button
Seat 1: Hero ($5 in chips)
Seat 2: 34786a62 ($5 in chips)
Seat 3: 923e3555 ($3.83 in chips)
Seat 4: 417fb237 ($7.19 in chips)
Seat 5: d99fe211 ($1.83 in chips)
Seat 6: 897093e4 ($6.91 in chips)
34786a62: posts small blind $0.02
923e3555: posts big blind $0.05
*** HOLE CARDS ***
Dealt to Hero [7d As]
Dealt to 34786a62 
Dealt to 923e3555 
Dealt to 417fb237 
Dealt to d99fe211 
Dealt to 897093e4 
417fb237: folds
d99fe211: folds
897093e4: raises $0.08 to $0.13
Hero: folds
34786a62: folds
923e3555: calls $0.08
*** FLOP *** [8s 8h 5c]
923e3555: checks
897093e4: checks
*** TURN *** [8s 8h 5c] [Js]
923e3555: checks
897093e4: checks
*** RIVER *** [8s 8h 5c Js] [2d]
923e3555: checks
897093e4: checks
923e3555: shows [Td Ks] (Pair of Eights)
897093e4: shows [4d Ad] (Pair of Eights)
*** SHOWDOWN ***
897093e4 collected $0.27 from pot
*** SUMMARY ***
Total pot $0.28 | Rake $0.01 | Jackpot $0 | Bingo $0 | Fortune $0
Board [8s 8h 5c Js 2d]
Seat 1: Hero (button) folded before Flop (didn't bet)
Seat 2: 34786a62 (small blind) folded before Flop
Seat 3: 923e3555 (big blind) showed [Td Ks] and lost with Pair of Eights
Seat 4: 417fb237 folded before Flop (didn't bet)
Seat 5: d99fe211 folded before Flop (didn't bet)
Seat 6: 897093e4 showed [4d Ad] and won ($0.27) with Pair of Eights


Poker Hand #HD1163282684: Hold'em No Limit  ($0.02/$0.05) - 2023/03/16 22:15:26
Table 'NLHBlue21' 6-max Seat #6 is the button
Seat 1: Hero ($5.02 in chips)
Seat 2: 34786a62 ($5.07 in chips)
Seat 3: 923e3555 ($3.83 in chips)
Seat 4: 417fb237 ($7.19 in chips)
Seat 5: d99fe211 ($1.83 in chips)
Seat 6: 897093e4 ($6.77 in chips)
Hero: posts small blind $0.02
34786a62: posts big blind $0.05
*** HOLE CARDS ***
Dealt to Hero [Js 7h]
Dealt to 34786a62 
Dealt to 923e3555 
Dealt to 417fb237 
Dealt to d99fe211 
Dealt to 897093e4 
923e3555: folds
417fb237: folds
d99fe211: folds
897093e4: raises $0.08 to $0.13
Hero: folds
34786a62: calls $0.08
*** FLOP *** [9h 9s 9c]
34786a62: checks
897093e4: checks
*** TURN *** [9h 9s 9c] [4h]
34786a62: checks
897093e4: checks
*** RIVER *** [9h 9s 9c 4h] [Ah]
34786a62: checks
897093e4: bets $0.14
34786a62: folds
Uncalled bet ($0.14) returned to 897093e4
*** SHOWDOWN ***
897093e4 collected $0.27 from pot
*** SUMMARY ***
Total pot $0.28 | Rake $0.01 | Jackpot $0 | Bingo $0 | Fortune $0
Board [9h 9s 9c 4h Ah]
Seat 1: Hero (small blind) folded before Flop
Seat 2: 34786a62 (big blind) folded on the River
Seat 3: 923e3555 folded before Flop (didn't bet)
Seat 4: 417fb237 folded before Flop (didn't bet)
Seat 5: d99fe211 folded before Flop (didn't bet)
Seat 6: 897093e4 (button) won ($0.27)


Poker Hand #HD1163282648: Hold'em No Limit  ($0.02/$0.05) - 2023/03/16 22:15:01
Table 'NLHBlue21' 6-max Seat #5 is the button
Seat 1: Hero ($5 in chips)
Seat 2: 34786a62 ($5.07 in chips)
Seat 3: 923e3555 ($3.83 in chips)
Seat 4: 417fb237 ($7.19 in chips)
Seat 5: d99fe211 ($1.83 in chips)
Seat 6: 897093e4 ($6.79 in chips)
897093e4: posts small blind $0.02
Hero: posts big blind $0.05
*** HOLE CARDS ***
Dealt to Hero [Jh As]
Dealt to 34786a62 
Dealt to 923e3555 
Dealt to 417fb237 
Dealt to d99fe211 
Dealt to 897093e4 
34786a62: folds
923e3555: folds
417fb237: folds
d99fe211: folds
897093e4: folds
Uncalled bet ($0.03) returned to Hero
*** SHOWDOWN ***
Hero collected $0.04 from pot
*** SUMMARY ***
Total pot $0.04 | Rake $0 | Jackpot $0 | Bingo $0 | Fortune $0
Seat 1: Hero (big blind) collected ($0.04)
Seat 2: 34786a62 folded before Flop (didn't bet)
Seat 3: 923e3555 folded before Flop (didn't bet)
Seat 4: 417fb237 folded before Flop (didn't bet)
Seat 5: d99fe211 (button) folded before Flop (didn't bet)
Seat 6: 897093e4 (small blind) folded before Flop


