Poker Hand #HD1212519499: Hold'em No Limit  ($0.02/$0.05) - 2023/04/21 22:24:07
Table 'NLHBlue52' 6-max Seat #4 is the button
Seat 1: e0a7b2ae ($11.65 in chips)
Seat 2: Hero ($6.2 in chips)
Seat 3: d3661361 ($2.29 in chips)
Seat 4: b705cf87 ($4.69 in chips)
Seat 6: f44f6afc ($4.67 in chips)
f44f6afc: posts small blind $0.02
e0a7b2ae: posts big blind $0.05
*** HOLE CARDS ***
Dealt to e0a7b2ae 
Dealt to Hero [6d 3s]
Dealt to d3661361 
Dealt to b705cf87 
Dealt to f44f6afc 
Hero: folds
d3661361: folds
b705cf87: folds
f44f6afc: folds
Uncalled bet ($0.03) returned to e0a7b2ae
*** SHOWDOWN ***
e0a7b2ae collected $0.04 from pot
*** SUMMARY ***
Total pot $0.04 | Rake $0 | Jackpot $0 | Bingo $0 | Fortune $0
Seat 1: e0a7b2ae (big blind) collected ($0.04)
Seat 2: Hero folded before Flop (didn't bet)
Seat 3: d3661361 folded before Flop (didn't bet)
Seat 4: b705cf87 (button) folded before Flop (didn't bet)
Seat 6: f44f6afc (small blind) folded before Flop


Poker Hand #HD1212519461: Hold'em No Limit  ($0.02/$0.05) - 2023/04/21 22:23:44
Table 'NLHBlue52' 6-max Seat #3 is the button
Seat 1: e0a7b2ae ($11.65 in chips)
Seat 2: Hero ($6.13 in chips)
Seat 3: d3661361 ($2.29 in chips)
Seat 4: b705cf87 ($4.71 in chips)
Seat 5: 6d5cf39b ($2.76 in chips)
Seat 6: f44f6afc ($4.67 in chips)
b705cf87: posts small blind $0.02
6d5cf39b: posts big blind $0.05
*** HOLE CARDS ***
Dealt to e0a7b2ae 
Dealt to Hero [Jd Ah]
Dealt to d3661361 
Dealt to b705cf87 
Dealt to 6d5cf39b 
Dealt to f44f6afc 
f44f6afc: folds
e0a7b2ae: folds
Hero: raises $0.07 to $0.12
d3661361: folds
b705cf87: folds
6d5cf39b: folds
Uncalled bet ($0.07) returned to Hero
*** SHOWDOWN ***
Hero collected $0.12 from pot
*** SUMMARY ***
Total pot $0.12 | Rake $0 | Jackpot $0 | Bingo $0 | Fortune $0
Seat 1: e0a7b2ae folded before Flop (didn't bet)
Seat 2: Hero collected ($0.12)
Seat 3: d3661361 (button) folded before Flop (didn't bet)
Seat 4: b705cf87 (small blind) folded before Flop
Seat 5: 6d5cf39b (big blind) folded before Flop
Seat 6: f44f6afc folded before Flop (didn't bet)


Poker Hand #HD1212519387: Hold'em No Limit  ($0.02/$0.05) - 2023/04/21 22:23:07
Table 'NLHBlue52' 6-max Seat #2 is the button
Seat 1: e0a7b2ae ($11.65 in chips)
Seat 2: Hero ($6.13 in chips)
Seat 3: d3661361 ($2.31 in chips)
Seat 4: b705cf87 ($4.88 in chips)
Seat 5: 6d5cf39b ($2.58 in chips)
Seat 6: f44f6afc ($4.67 in chips)
d3661361: posts small blind $0.02
b705cf87: posts big blind $0.05
*** HOLE CARDS ***
Dealt to e0a7b2ae 
Dealt to Hero [4s Td]
Dealt to d3661361 
Dealt to b705cf87 
Dealt to 6d5cf39b 
Dealt to f44f6afc 
6d5cf39b: calls $0.05
f44f6afc: folds
e0a7b2ae: folds
Hero: folds
d3661361: folds
b705cf87: checks
*** FLOP *** [Qd Kh 3h]
b705cf87: checks
6d5cf39b: bets $0.12
b705cf87: calls $0.12
*** TURN *** [Qd Kh 3h] [6c]
b705cf87: checks
6d5cf39b: bets $0.36
b705cf87: folds
Uncalled bet ($0.36) returned to 6d5cf39b
*** SHOWDOWN ***
6d5cf39b collected $0.35 from pot
*** SUMMARY ***
Total pot $0.36 | Rake $0.01 | Jackpot $0 | Bingo $0 | Fortune $0
Board [Qd Kh 3h 6c]
Seat 1: e0a7b2ae folded before Flop (didn't bet)
Seat 2: Hero (button) folded before Flop (didn't bet)
Seat 3: d3661361 (small blind) folded before Flop
Seat 4: b705cf87 (big blind) folded on the Turn
Seat 5: 6d5cf39b won ($0.35)
Seat 6: f44f6afc folded before Flop (didn't bet)


Poker Hand #HD1212519335: Hold'em No Limit  ($0.02/$0.05) - 2023/04/21 22:22:33
Table 'NLHBlue52' 6-max Seat #1 is the button
Seat 1: e0a7b2ae ($11.65 in chips)
Seat 2: Hero ($6.15 in chips)
Seat 3: d3661361 ($2.41 in chips)
Seat 4: b705cf87 ($4.88 in chips)
Seat 5: 6d5cf39b ($2.47 in chips)
Seat 6: f44f6afc ($4.67 in chips)
Hero: posts small blind $0.02
d3661361: posts big blind $0.05
*** HOLE CARDS ***
Dealt to e0a7b2ae 
Dealt to Hero [Ks Jc]
Dealt to d3661361 
Dealt to b705cf87 
Dealt to 6d5cf39b 
Dealt to f44f6afc 
b705cf87: folds
6d5cf39b: raises $0.05 to $0.1
f44f6afc: folds
e0a7b2ae: folds
Hero: folds
d3661361: calls $0.05
*** FLOP *** [Jd 6h 2d]
d3661361: checks
6d5cf39b: bets $0.22
d3661361: folds
Uncalled bet ($0.22) returned to 6d5cf39b
*** SHOWDOWN ***
6d5cf39b collected $0.21 from pot
*** SUMMARY ***
Total pot $0.22 | Rake $0.01 | Jackpot $0 | Bingo $0 | Fortune $0
Board [Jd 6h 2d]
Seat 1: e0a7b2ae (button) folded before Flop (didn't bet)
Seat 2: Hero (small blind) folded before Flop
Seat 3: d3661361 (big blind) folded on the Flop
Seat 4: b705cf87 folded before Flop (didn't bet)
Seat 5: 6d5cf39b won ($0.21)
Seat 6: f44f6afc folded before Flop (didn't bet)


Poker Hand #HD1212519256: Hold'em No Limit  ($0.02/$0.05) - 2023/04/21 22:21:51
Table 'NLHBlue52' 6-max Seat #6 is the button
Seat 1: e0a7b2ae ($11.67 in chips)
Seat 2: Hero ($6.32 in chips)
Seat 3: d3661361 ($2.41 in chips)
Seat 4: b705cf87 ($4.88 in chips)
Seat 5: 6d5cf39b ($2.29 in chips)
Seat 6: f44f6afc ($4.67 in chips)
e0a7b2ae: posts small blind $0.02
Hero: posts big blind $0.05
*** HOLE CARDS ***
Dealt to e0a7b2ae 
Dealt to Hero [9h As]
Dealt to d3661361 
Dealt to b705cf87 
Dealt to 6d5cf39b 
Dealt to f44f6afc 
d3661361: folds
b705cf87: folds
6d5cf39b: calls $0.05
f44f6afc: folds
e0a7b2ae: folds
Hero: checks
*** FLOP *** [Js Th 7h]
Hero: checks
6d5cf39b: bets $0.12
Hero: calls $0.12
*** TURN *** [Js Th 7h] [Tc]
Hero: checks
6d5cf39b: bets $0.36
Hero: folds
Uncalled bet ($0.36) returned to 6d5cf39b
*** SHOWDOWN ***
6d5cf39b collected $0.35 from pot
*** SUMMARY ***
Total pot $0.36 | Rake $0.01 | Jackpot $0 | Bingo $0 | Fortune $0
Board [Js Th 7h Tc]
Seat 1: e0a7b2ae (small blind) folded before Flop
Seat 2: Hero (big blind) folded on the Turn
Seat 3: d3661361 folded before Flop (didn't bet)
Seat 4: b705cf87 folded before Flop (didn't bet)
Seat 5: 6d5cf39b won ($0.35)
Seat 6: f44f6afc (button) folded before Flop (didn't bet)


Poker Hand #HD1212519097: Hold'em No Limit  ($0.02/$0.05) - 2023/04/21 22:20:27
Table 'NLHBlue52' 6-max Seat #5 is the button
Seat 1: e0a7b2ae ($11.72 in chips)
Seat 2: Hero ($5.43 in chips)
Seat 3: d3661361 ($2.41 in chips)
Seat 4: b705cf87 ($2.17 in chips)
Seat 5: 6d5cf39b ($2.29 in chips)
Seat 6: f44f6afc ($5.53 in chips)
f44f6afc: posts small blind $0.02
e0a7b2ae: posts big blind $0.05
*** HOLE CARDS ***
Dealt to e0a7b2ae 
Dealt to Hero [Jc Kc]
Dealt to d3661361 
Dealt to b705cf87 
Dealt to 6d5cf39b 
Dealt to f44f6afc 
Hero: raises $0.07 to $0.12
d3661361: folds
b705cf87: calls $0.12
6d5cf39b: folds
f44f6afc: calls $0.1
e0a7b2ae: folds
*** FLOP *** [4h Tc Qd]
f44f6afc: bets $0.17
Hero: calls $0.17
b705cf87: folds
*** TURN *** [4h Tc Qd] [As]
f44f6afc: checks
Hero: bets $0.57
f44f6afc: calls $0.57
*** RIVER *** [4h Tc Qd As] [Qs]
f44f6afc: checks
Hero: bets $0.95
f44f6afc: folds
Uncalled bet ($0.95) returned to Hero
*** SHOWDOWN ***
Hero collected $1.75 from pot
*** SUMMARY ***
Total pot $1.89 | Rake $0.09 | Jackpot $0.05 | Bingo $0 | Fortune $0
Board [4h Tc Qd As Qs]
Seat 1: e0a7b2ae (big blind) folded before Flop
Seat 2: Hero won ($1.75)
Seat 3: d3661361 folded before Flop (didn't bet)
Seat 4: b705cf87 folded on the Flop
Seat 5: 6d5cf39b (button) folded before Flop (didn't bet)
Seat 6: f44f6afc (small blind) folded on the River


Poker Hand #HD1212518921: Hold'em No Limit  ($0.02/$0.05) - 2023/04/21 22:18:50
Table 'NLHBlue52' 6-max Seat #4 is the button
Seat 1: e0a7b2ae ($8.44 in chips)
Seat 2: Hero ($5.83 in chips)
Seat 3: d3661361 ($2.41 in chips)
Seat 4: b705cf87 ($5 in chips)
Seat 5: 6d5cf39b ($2.31 in chips)
Seat 6: f44f6afc ($5.93 in chips)
6d5cf39b: posts small blind $0.02
f44f6afc: posts big blind $0.05
*** HOLE CARDS ***
Dealt to e0a7b2ae 
Dealt to Hero [As Kd]
Dealt to d3661361 
Dealt to b705cf87 
Dealt to 6d5cf39b 
Dealt to f44f6afc 
e0a7b2ae: raises $0.1 to $0.15
Hero: raises $0.25 to $0.4
d3661361: folds
b705cf87: calls $0.4
6d5cf39b: folds
f44f6afc: calls $0.35
e0a7b2ae: raises $1.14 to $1.54
Hero: folds
b705cf87: calls $1.14
f44f6afc: folds
*** FLOP *** [Jh 3c Qs]
e0a7b2ae: bets $1.29
b705cf87: calls $1.29
*** TURN *** [Jh 3c Qs] [9d]
e0a7b2ae: bets $2.14
b705cf87: folds
Uncalled bet ($2.14) returned to e0a7b2ae
*** SHOWDOWN ***
e0a7b2ae collected $6.11 from pot
*** SUMMARY ***
Total pot $6.48 | Rake $0.32 | Jackpot $0.05 | Bingo $0 | Fortune $0
Board [Jh 3c Qs 9d]
Seat 1: e0a7b2ae won ($6.11)
Seat 2: Hero folded before Flop
Seat 3: d3661361 folded before Flop (didn't bet)
Seat 4: b705cf87 (button) folded on the Turn
Seat 5: 6d5cf39b (small blind) folded before Flop
Seat 6: f44f6afc (big blind) folded before Flop


Poker Hand #HD1212518884: Hold'em No Limit  ($0.02/$0.05) - 2023/04/21 22:18:32
Table 'NLHBlue52' 6-max Seat #3 is the button
Seat 1: e0a7b2ae ($8.44 in chips)
Seat 2: Hero ($5.83 in chips)
Seat 3: d3661361 ($2.41 in chips)
Seat 4: b705cf87 ($5.02 in chips)
Seat 5: 6d5cf39b ($2.29 in chips)
Seat 6: f44f6afc ($5.93 in chips)
b705cf87: posts small blind $0.02
6d5cf39b: posts big blind $0.05
*** HOLE CARDS ***
Dealt to e0a7b2ae 
Dealt to Hero [4h 2c]
Dealt to d3661361 
Dealt to b705cf87 
Dealt to 6d5cf39b 
Dealt to f44f6afc 
f44f6afc: folds
e0a7b2ae: folds
Hero: folds
d3661361: folds
b705cf87: folds
Uncalled bet ($0.03) returned to 6d5cf39b
*** SHOWDOWN ***
6d5cf39b collected $0.04 from pot
*** SUMMARY ***
Total pot $0.04 | Rake $0 | Jackpot $0 | Bingo $0 | Fortune $0
Seat 1: e0a7b2ae folded before Flop (didn't bet)
Seat 2: Hero folded before Flop (didn't bet)
Seat 3: d3661361 (button) folded before Flop (didn't bet)
Seat 4: b705cf87 (small blind) folded before Flop
Seat 5: 6d5cf39b (big blind) collected ($0.04)
Seat 6: f44f6afc folded before Flop (didn't bet)


Poker Hand #HD1212518858: Hold'em No Limit  ($0.02/$0.05) - 2023/04/21 22:18:15
Table 'NLHBlue52' 6-max Seat #2 is the button
Seat 1: e0a7b2ae ($8.44 in chips)
Seat 2: Hero ($5.83 in chips)
Seat 3: d3661361 ($2.43 in chips)
Seat 4: b705cf87 ($5 in chips)
Seat 5: 6d5cf39b ($2.29 in chips)
Seat 6: f44f6afc ($5.93 in chips)
d3661361: posts small blind $0.02
b705cf87: posts big blind $0.05
*** HOLE CARDS ***
Dealt to e0a7b2ae 
Dealt to Hero [7s Kc]
Dealt to d3661361 
Dealt to b705cf87 
Dealt to 6d5cf39b 
Dealt to f44f6afc 
6d5cf39b: folds
f44f6afc: folds
e0a7b2ae: folds
Hero: folds
d3661361: folds
Uncalled bet ($0.03) returned to b705cf87
*** SHOWDOWN ***
b705cf87 collected $0.04 from pot
*** SUMMARY ***
Total pot $0.04 | Rake $0 | Jackpot $0 | Bingo $0 | Fortune $0
Seat 1: e0a7b2ae folded before Flop (didn't bet)
Seat 2: Hero (button) folded before Flop (didn't bet)
Seat 3: d3661361 (small blind) folded before Flop
Seat 4: b705cf87 (big blind) collected ($0.04)
Seat 5: 6d5cf39b folded before Flop (didn't bet)
Seat 6: f44f6afc folded before Flop (didn't bet)


Poker Hand #HD1212518759: Hold'em No Limit  ($0.02/$0.05) - 2023/04/21 22:17:18
Table 'NLHBlue52' 6-max Seat #1 is the button
Seat 1: e0a7b2ae ($8.44 in chips)
Seat 2: Hero ($5.85 in chips)
Seat 3: d3661361 ($2.48 in chips)
Seat 4: b705cf87 ($5 in chips)
Seat 5: 6d5cf39b ($2.22 in chips)
Seat 6: f44f6afc ($5.93 in chips)
Hero: posts small blind $0.02
d3661361: posts big blind $0.05
*** HOLE CARDS ***
Dealt to e0a7b2ae 
Dealt to Hero [Jh 9c]
Dealt to d3661361 
Dealt to b705cf87 
Dealt to 6d5cf39b 
Dealt to f44f6afc 
b705cf87: folds
6d5cf39b: calls $0.05
f44f6afc: folds
e0a7b2ae: folds
Hero: folds
d3661361: checks
*** FLOP *** [4d Js 6c]
d3661361: checks
6d5cf39b: checks
*** TURN *** [4d Js 6c] [Jc]
d3661361: checks
6d5cf39b: checks
*** RIVER *** [4d Js 6c Jc] [Qd]
d3661361: checks
6d5cf39b: checks
d3661361: shows [7d 2c] (Pair of Jacks)
6d5cf39b: shows [2d Ac] (Pair of Jacks)
*** SHOWDOWN ***
6d5cf39b collected $0.12 from pot
*** SUMMARY ***
Total pot $0.12 | Rake $0 | Jackpot $0 | Bingo $0 | Fortune $0
Board [4d Js 6c Jc Qd]
Seat 1: e0a7b2ae (button) folded before Flop (didn't bet)
Seat 2: Hero (small blind) folded before Flop
Seat 3: d3661361 (big blind) showed [7d 2c] and lost with Pair of Jacks
Seat 4: b705cf87 folded before Flop (didn't bet)
Seat 5: 6d5cf39b showed [2d Ac] and won ($0.12) with Pair of Jacks
Seat 6: f44f6afc folded before Flop (didn't bet)


Poker Hand #HD1212518654: Hold'em No Limit  ($0.02/$0.05) - 2023/04/21 22:16:20
Table 'NLHBlue52' 6-max Seat #6 is the button
Seat 1: e0a7b2ae ($8.46 in chips)
Seat 2: Hero ($5.9 in chips)
Seat 3: d3661361 ($2.48 in chips)
Seat 4: b705cf87 ($5 in chips)
Seat 5: 6d5cf39b ($2.34 in chips)
Seat 6: f44f6afc ($5.75 in chips)
e0a7b2ae: posts small blind $0.02
Hero: posts big blind $0.05
*** HOLE CARDS ***
Dealt to e0a7b2ae 
Dealt to Hero [Js 6h]
Dealt to d3661361 
Dealt to b705cf87 
Dealt to 6d5cf39b 
Dealt to f44f6afc 
d3661361: folds
b705cf87: folds
6d5cf39b: calls $0.05
f44f6afc: raises $0.07 to $0.12
e0a7b2ae: folds
Hero: folds
6d5cf39b: calls $0.07
*** FLOP *** [Qd 6d 2c]
6d5cf39b: checks
f44f6afc: checks
*** TURN *** [Qd 6d 2c] [Qs]
6d5cf39b: checks
f44f6afc: checks
*** RIVER *** [Qd 6d 2c Qs] [9c]
6d5cf39b: checks
f44f6afc: bets $0.21
6d5cf39b: folds
Uncalled bet ($0.21) returned to f44f6afc
*** SHOWDOWN ***
f44f6afc collected $0.3 from pot
*** SUMMARY ***
Total pot $0.31 | Rake $0.01 | Jackpot $0 | Bingo $0 | Fortune $0
Board [Qd 6d 2c Qs 9c]
Seat 1: e0a7b2ae (small blind) folded before Flop
Seat 2: Hero (big blind) folded before Flop
Seat 3: d3661361 folded before Flop (didn't bet)
Seat 4: b705cf87 folded before Flop (didn't bet)
Seat 5: 6d5cf39b folded on the River
Seat 6: f44f6afc (button) won ($0.3)


Poker Hand #HD1212518500: Hold'em No Limit  ($0.02/$0.05) - 2023/04/21 22:14:58
Table 'NLHBlue52' 6-max Seat #5 is the button
Seat 1: e0a7b2ae ($8.57 in chips)
Seat 2: Hero ($5.9 in chips)
Seat 3: d3661361 ($2.48 in chips)
Seat 4: b705cf87 ($5 in chips)
Seat 5: 6d5cf39b ($3 in chips)
Seat 6: f44f6afc ($5.05 in chips)
f44f6afc: posts small blind $0.02
e0a7b2ae: posts big blind $0.05
*** HOLE CARDS ***
Dealt to e0a7b2ae 
Dealt to Hero [2h 9s]
Dealt to d3661361 
Dealt to b705cf87 
Dealt to 6d5cf39b 
Dealt to f44f6afc 
Hero: folds
d3661361: folds
b705cf87: folds
6d5cf39b: calls $0.05
f44f6afc: raises $0.06 to $0.11
e0a7b2ae: calls $0.06
6d5cf39b: calls $0.06
*** FLOP *** [Jd 2c 7d]
f44f6afc: checks
e0a7b2ae: checks
6d5cf39b: checks
*** TURN *** [Jd 2c 7d] [Ad]
f44f6afc: bets $0.14
e0a7b2ae: folds
6d5cf39b: calls $0.14
*** RIVER *** [Jd 2c 7d Ad] [5d]
f44f6afc: bets $0.41
6d5cf39b: calls $0.41
f44f6afc: shows [8d 9c] (Ace High Flush)
6d5cf39b: shows [4c 3c] (Fives-High Straight)
*** SHOWDOWN ***
f44f6afc collected $1.36 from pot
*** SUMMARY ***
Total pot $1.43 | Rake $0.07 | Jackpot $0 | Bingo $0 | Fortune $0
Board [Jd 2c 7d Ad 5d]
Seat 1: e0a7b2ae (big blind) folded on the Turn
Seat 2: Hero folded before Flop (didn't bet)
Seat 3: d3661361 folded before Flop (didn't bet)
Seat 4: b705cf87 folded before Flop (didn't bet)
Seat 5: 6d5cf39b (button) showed [4c 3c] and lost with Fives-High Straight
Seat 6: f44f6afc (small blind) showed [8d 9c] and won ($1.36) with Ace High Flush


Poker Hand #HD1212518427: Hold'em No Limit  ($0.02/$0.05) - 2023/04/21 22:14:22
Table 'NLHBlue52' 6-max Seat #4 is the button
Seat 1: e0a7b2ae ($8.57 in chips)
Seat 2: Hero ($5.9 in chips)
Seat 3: d3661361 ($2.48 in chips)
Seat 4: b705cf87 ($2.54 in chips)
Seat 5: 6d5cf39b ($3.05 in chips)
Seat 6: f44f6afc ($5 in chips)
6d5cf39b: posts small blind $0.02
f44f6afc: posts big blind $0.05
*** HOLE CARDS ***
Dealt to e0a7b2ae 
Dealt to Hero [Ks 8d]
Dealt to d3661361 
Dealt to b705cf87 
Dealt to 6d5cf39b 
Dealt to f44f6afc 
e0a7b2ae: folds
Hero: folds
d3661361: folds
b705cf87: folds
6d5cf39b: calls $0.03
f44f6afc: checks
*** FLOP *** [6c 7d Tc]
6d5cf39b: checks
f44f6afc: bets $0.07
6d5cf39b: folds
Uncalled bet ($0.07) returned to f44f6afc
*** SHOWDOWN ***
f44f6afc collected $0.1 from pot
*** SUMMARY ***
Total pot $0.1 | Rake $0 | Jackpot $0 | Bingo $0 | Fortune $0
Board [6c 7d Tc]
Seat 1: e0a7b2ae folded before Flop (didn't bet)
Seat 2: Hero folded before Flop (didn't bet)
Seat 3: d3661361 folded before Flop (didn't bet)
Seat 4: b705cf87 (button) folded before Flop (didn't bet)
Seat 5: 6d5cf39b (small blind) folded on the Flop
Seat 6: f44f6afc (big blind) won ($0.1)


Poker Hand #HD1212518289: Hold'em No Limit  ($0.02/$0.05) - 2023/04/21 22:13:12
Table 'NLHBlue52' 6-max Seat #3 is the button
Seat 1: e0a7b2ae ($6 in chips)
Seat 2: Hero ($5.9 in chips)
Seat 3: d3661361 ($2.48 in chips)
Seat 4: b705cf87 ($4.44 in chips)
Seat 5: 6d5cf39b ($4 in chips)
b705cf87: posts small blind $0.02
6d5cf39b: posts big blind $0.05
*** HOLE CARDS ***
Dealt to e0a7b2ae 
Dealt to Hero [Qc 7s]
Dealt to d3661361 
Dealt to b705cf87 
Dealt to 6d5cf39b 
e0a7b2ae: raises $0.1 to $0.15
Hero: folds
d3661361: folds
b705cf87: calls $0.13
6d5cf39b: calls $0.1
*** FLOP *** [Ah Th 4h]
b705cf87: checks
6d5cf39b: checks
e0a7b2ae: bets $0.23
b705cf87: calls $0.23
6d5cf39b: calls $0.23
*** TURN *** [Ah Th 4h] [4d]
b705cf87: checks
6d5cf39b: checks
e0a7b2ae: bets $0.57
b705cf87: calls $0.57
6d5cf39b: calls $0.57
*** RIVER *** [Ah Th 4h 4d] [6c]
b705cf87: checks
6d5cf39b: checks
e0a7b2ae: bets $0.95
b705cf87: calls $0.95
6d5cf39b: folds
e0a7b2ae: shows [9h Jh] (Ace High Flush)
b705cf87: shows [As Tc] (Pair of Aces and Pair of Tens)
*** SHOWDOWN ***
e0a7b2ae collected $4.47 from pot
*** SUMMARY ***
Total pot $4.75 | Rake $0.23 | Jackpot $0.05 | Bingo $0 | Fortune $0
Board [Ah Th 4h 4d 6c]
Seat 1: e0a7b2ae showed [9h Jh] and won ($4.47) with Ace High Flush
Seat 2: Hero folded before Flop (didn't bet)
Seat 3: d3661361 (button) folded before Flop (didn't bet)
Seat 4: b705cf87 (small blind) showed [As Tc] and lost with Pair of Aces and Pair of Tens
Seat 5: 6d5cf39b (big blind) folded on the River


Poker Hand #HD1212518218: Hold'em No Limit  ($0.02/$0.05) - 2023/04/21 22:12:30
Table 'NLHBlue52' 6-max Seat #2 is the button
Seat 1: e0a7b2ae ($6 in chips)
Seat 2: Hero ($5.17 in chips)
Seat 3: d3661361 ($2.5 in chips)
Seat 4: b705cf87 ($4.49 in chips)
Seat 5: 6d5cf39b ($4.78 in chips)
d3661361: posts small blind $0.02
b705cf87: posts big blind $0.05
*** HOLE CARDS ***
Dealt to e0a7b2ae 
Dealt to Hero [Td Th]
Dealt to d3661361 
Dealt to b705cf87 
Dealt to 6d5cf39b 
6d5cf39b: calls $0.05
e0a7b2ae: folds
Hero: raises $0.19 to $0.24
d3661361: folds
b705cf87: folds
6d5cf39b: calls $0.19
*** FLOP *** [8d 6s 2d]
6d5cf39b: bets $0.54
Hero: raises $0.78 to $1.32
6d5cf39b: folds
Uncalled bet ($0.78) returned to Hero
*** SHOWDOWN ***
Hero collected $1.51 from pot
*** SUMMARY ***
Total pot $1.63 | Rake $0.07 | Jackpot $0.05 | Bingo $0 | Fortune $0
Board [8d 6s 2d]
Seat 1: e0a7b2ae folded before Flop (didn't bet)
Seat 2: Hero (button) won ($1.51)
Seat 3: d3661361 (small blind) folded before Flop
Seat 4: b705cf87 (big blind) folded before Flop
Seat 5: 6d5cf39b folded on the Flop


Poker Hand #HD1212518176: Hold'em No Limit  ($0.02/$0.05) - 2023/04/21 22:12:06
Table 'NLHBlue52' 6-max Seat #1 is the button
Seat 1: e0a7b2ae ($6 in chips)
Seat 2: Hero ($5 in chips)
Seat 3: d3661361 ($2.55 in chips)
Seat 4: b705cf87 ($4.62 in chips)
Seat 5: 6d5cf39b ($4.78 in chips)
Hero: posts small blind $0.02
d3661361: posts big blind $0.05
*** HOLE CARDS ***
Dealt to e0a7b2ae 
Dealt to Hero [8h 8c]
Dealt to d3661361 
Dealt to b705cf87 
Dealt to 6d5cf39b 
b705cf87: raises $0.08 to $0.13
6d5cf39b: folds
e0a7b2ae: folds
Hero: raises $0.47 to $0.6
d3661361: folds
b705cf87: folds
Uncalled bet ($0.47) returned to Hero
*** SHOWDOWN ***
Hero collected $0.3 from pot
*** SUMMARY ***
Total pot $0.31 | Rake $0.01 | Jackpot $0 | Bingo $0 | Fortune $0
Seat 1: e0a7b2ae (button) folded before Flop (didn't bet)
Seat 2: Hero (small blind) collected ($0.3)
Seat 3: d3661361 (big blind) folded before Flop
Seat 4: b705cf87 folded before Flop
Seat 5: 6d5cf39b folded before Flop (didn't bet)


Poker Hand #HD1212518130: Hold'em No Limit  ($0.02/$0.05) - 2023/04/21 22:11:45
Table 'NLHBlue52' 6-max Seat #6 is the button
Seat 1: e0a7b2ae ($6.02 in chips)
Seat 2: Hero ($5 in chips)
Seat 3: d3661361 ($2.55 in chips)
Seat 4: b705cf87 ($4.62 in chips)
Seat 5: 6d5cf39b ($4.71 in chips)
Seat 6: 69feee8e ($6.7 in chips)
e0a7b2ae: posts small blind $0.02
Hero: posts big blind $0.05
*** HOLE CARDS ***
Dealt to e0a7b2ae 
Dealt to Hero [As 7d]
Dealt to d3661361 
Dealt to b705cf87 
Dealt to 6d5cf39b 
Dealt to 69feee8e 
d3661361: folds
b705cf87: folds
6d5cf39b: calls $0.05
69feee8e: folds
e0a7b2ae: folds
Hero: checks
*** FLOP *** [8h 5s Jc]
Hero: checks
6d5cf39b: bets $0.16
Hero: folds
Uncalled bet ($0.16) returned to 6d5cf39b
*** SHOWDOWN ***
6d5cf39b collected $0.12 from pot
*** SUMMARY ***
Total pot $0.12 | Rake $0 | Jackpot $0 | Bingo $0 | Fortune $0
Board [8h 5s Jc]
Seat 1: e0a7b2ae (small blind) folded before Flop
Seat 2: Hero (big blind) folded on the Flop
Seat 3: d3661361 folded before Flop (didn't bet)
Seat 4: b705cf87 folded before Flop (didn't bet)
Seat 5: 6d5cf39b won ($0.12)
Seat 6: 69feee8e (button) folded before Flop (didn't bet)


Poker Hand #HD1212518100: Hold'em No Limit  ($0.02/$0.05) - 2023/04/21 22:11:24
Table 'NLHBlue52' 6-max Seat #5 is the button
Seat 1: e0a7b2ae ($6.07 in chips)
Seat 2: Hero ($5 in chips)
Seat 3: d3661361 ($2.48 in chips)
Seat 4: b705cf87 ($4.62 in chips)
Seat 5: 6d5cf39b ($4.71 in chips)
Seat 6: 69feee8e ($6.72 in chips)
69feee8e: posts small blind $0.02
e0a7b2ae: posts big blind $0.05
*** HOLE CARDS ***
Dealt to e0a7b2ae 
Dealt to Hero [3d Ah]
Dealt to d3661361 
Dealt to b705cf87 
Dealt to 6d5cf39b 
Dealt to 69feee8e 
Hero: folds
d3661361: raises $0.1 to $0.15
b705cf87: folds
6d5cf39b: folds
69feee8e: folds
e0a7b2ae: folds
Uncalled bet ($0.1) returned to d3661361
*** SHOWDOWN ***
d3661361 collected $0.12 from pot
*** SUMMARY ***
Total pot $0.12 | Rake $0 | Jackpot $0 | Bingo $0 | Fortune $0
Seat 1: e0a7b2ae (big blind) folded before Flop
Seat 2: Hero folded before Flop (didn't bet)
Seat 3: d3661361 collected ($0.12)
Seat 4: b705cf87 folded before Flop (didn't bet)
Seat 5: 6d5cf39b (button) folded before Flop (didn't bet)
Seat 6: 69feee8e (small blind) folded before Flop


Poker Hand #HD1212518077: Hold'em No Limit  ($0.02/$0.05) - 2023/04/21 22:11:12
Table 'NLHBlue52' 6-max Seat #4 is the button
Seat 1: e0a7b2ae ($6.07 in chips)
Seat 2: Hero ($5 in chips)
Seat 3: d3661361 ($2.48 in chips)
Seat 4: b705cf87 ($4.55 in chips)
Seat 5: 6d5cf39b ($4.73 in chips)
Seat 6: 69feee8e ($6.77 in chips)
6d5cf39b: posts small blind $0.02
69feee8e: posts big blind $0.05
*** HOLE CARDS ***
Dealt to e0a7b2ae 
Dealt to Hero [Ah 9c]
Dealt to d3661361 
Dealt to b705cf87 
Dealt to 6d5cf39b 
Dealt to 69feee8e 
e0a7b2ae: folds
Hero: folds
d3661361: folds
b705cf87: raises $0.08 to $0.13
6d5cf39b: folds
69feee8e: folds
Uncalled bet ($0.08) returned to b705cf87
*** SHOWDOWN ***
b705cf87 collected $0.12 from pot
*** SUMMARY ***
Total pot $0.12 | Rake $0 | Jackpot $0 | Bingo $0 | Fortune $0
Seat 1: e0a7b2ae folded before Flop (didn't bet)
Seat 2: Hero folded before Flop (didn't bet)
Seat 3: d3661361 folded before Flop (didn't bet)
Seat 4: b705cf87 (button) collected ($0.12)
Seat 5: 6d5cf39b (small blind) folded before Flop
Seat 6: 69feee8e (big blind) folded before Flop


Poker Hand #HD1212518025: Hold'em No Limit  ($0.02/$0.05) - 2023/04/21 22:10:44
Table 'NLHBlue52' 6-max Seat #3 is the button
Seat 1: e0a7b2ae ($6.07 in chips)
Seat 2: Hero ($5 in chips)
Seat 3: d3661361 ($2.48 in chips)
Seat 4: b705cf87 ($4.57 in chips)
Seat 5: 6d5cf39b ($4.6 in chips)
Seat 6: 69feee8e ($6.77 in chips)
b705cf87: posts small blind $0.02
6d5cf39b: posts big blind $0.05
*** HOLE CARDS ***
Dealt to e0a7b2ae 
Dealt to Hero [6d Ad]
Dealt to d3661361 
Dealt to b705cf87 
Dealt to 6d5cf39b 
Dealt to 69feee8e 
69feee8e: folds
e0a7b2ae: folds
Hero: raises $0.07 to $0.12
d3661361: folds
b705cf87: folds
6d5cf39b: calls $0.07
*** FLOP *** [7h Ks Jc]
6d5cf39b: bets $0.05
Hero: folds
Uncalled bet ($0.05) returned to 6d5cf39b
*** SHOWDOWN ***
6d5cf39b collected $0.25 from pot
*** SUMMARY ***
Total pot $0.26 | Rake $0.01 | Jackpot $0 | Bingo $0 | Fortune $0
Board [7h Ks Jc]
Seat 1: e0a7b2ae folded before Flop (didn't bet)
Seat 2: Hero folded on the Flop
Seat 3: d3661361 (button) folded before Flop (didn't bet)
Seat 4: b705cf87 (small blind) folded before Flop
Seat 5: 6d5cf39b (big blind) won ($0.25)
Seat 6: 69feee8e folded before Flop (didn't bet)


Poker Hand #HD1212517938: Hold'em No Limit  ($0.02/$0.05) - 2023/04/21 22:09:57
Table 'NLHBlue52' 6-max Seat #2 is the button
Seat 1: e0a7b2ae ($6.07 in chips)
Seat 2: Hero ($5 in chips)
Seat 3: d3661361 ($2.5 in chips)
Seat 4: b705cf87 ($4.7 in chips)
Seat 5: 6d5cf39b ($4.6 in chips)
Seat 6: 69feee8e ($6.63 in chips)
d3661361: posts small blind $0.02
b705cf87: posts big blind $0.05
*** HOLE CARDS ***
Dealt to e0a7b2ae 
Dealt to Hero [3h Jc]
Dealt to d3661361 
Dealt to b705cf87 
Dealt to 6d5cf39b 
Dealt to 69feee8e 
6d5cf39b: folds
69feee8e: raises $0.08 to $0.13
e0a7b2ae: folds
Hero: folds
d3661361: folds
b705cf87: calls $0.08
*** FLOP *** [Jd 2s Tc]
b705cf87: checks
69feee8e: bets $0.18
b705cf87: folds
Uncalled bet ($0.18) returned to 69feee8e
69feee8e: shows [Kc Kh] (Pair of Kings)
*** SHOWDOWN ***
69feee8e collected $0.27 from pot
*** SUMMARY ***
Total pot $0.28 | Rake $0.01 | Jackpot $0 | Bingo $0 | Fortune $0
Board [Jd 2s Tc]
Seat 1: e0a7b2ae folded before Flop (didn't bet)
Seat 2: Hero (button) folded before Flop (didn't bet)
Seat 3: d3661361 (small blind) folded before Flop
Seat 4: b705cf87 (big blind) folded on the Flop
Seat 5: 6d5cf39b folded before Flop (didn't bet)
Seat 6: 69feee8e showed [Kc Kh] and won ($0.27) with Pair of Kings


Poker Hand #HD1212517870: Hold'em No Limit  ($0.02/$0.05) - 2023/04/21 22:09:23
Table 'NLHBlue52' 6-max Seat #1 is the button
Seat 1: e0a7b2ae ($6.07 in chips)
Seat 2: Hero ($5 in chips)
Seat 3: d3661361 ($2.6 in chips)
Seat 4: b705cf87 ($4.7 in chips)
Seat 5: 6d5cf39b ($4.49 in chips)
Seat 6: 69feee8e ($6.63 in chips)
Hero: posts small blind $0.02
d3661361: posts big blind $0.05
*** HOLE CARDS ***
Dealt to e0a7b2ae 
Dealt to Hero [3h 8d]
Dealt to d3661361 
Dealt to b705cf87 
Dealt to 6d5cf39b 
Dealt to 69feee8e 
b705cf87: folds
6d5cf39b: raises $0.05 to $0.1
69feee8e: folds
e0a7b2ae: folds
Hero: folds
d3661361: calls $0.05
*** FLOP *** [8h Ts 7s]
d3661361: checks
6d5cf39b: checks
*** TURN *** [8h Ts 7s] [4c]
d3661361: checks
6d5cf39b: checks
*** RIVER *** [8h Ts 7s 4c] [2c]
d3661361: checks
6d5cf39b: checks
d3661361: shows [Ad 4d] (Pair of Fours)
6d5cf39b: shows [6d 6s] (Pair of Sixes)
*** SHOWDOWN ***
6d5cf39b collected $0.21 from pot
*** SUMMARY ***
Total pot $0.22 | Rake $0.01 | Jackpot $0 | Bingo $0 | Fortune $0
Board [8h Ts 7s 4c 2c]
Seat 1: e0a7b2ae (button) folded before Flop (didn't bet)
Seat 2: Hero (small blind) folded before Flop
Seat 3: d3661361 (big blind) showed [Ad 4d] and lost with Pair of Fours
Seat 4: b705cf87 folded before Flop (didn't bet)
Seat 5: 6d5cf39b showed [6d 6s] and won ($0.21) with Pair of Sixes
Seat 6: 69feee8e folded before Flop (didn't bet)


Poker Hand #HD1212517845: Hold'em No Limit  ($0.02/$0.05) - 2023/04/21 22:09:08
Table 'NLHBlue52' 6-max Seat #6 is the button
Seat 1: e0a7b2ae ($6.09 in chips)
Seat 2: Hero ($5.05 in chips)
Seat 3: d3661361 ($2.6 in chips)
Seat 4: b705cf87 ($4.7 in chips)
Seat 5: 6d5cf39b ($4.42 in chips)
Seat 6: 69feee8e ($6.63 in chips)
e0a7b2ae: posts small blind $0.02
Hero: posts big blind $0.05
*** HOLE CARDS ***
Dealt to e0a7b2ae 
Dealt to Hero [3h 4c]
Dealt to d3661361 
Dealt to b705cf87 
Dealt to 6d5cf39b 
Dealt to 69feee8e 
d3661361: folds
b705cf87: folds
6d5cf39b: raises $0.05 to $0.1
69feee8e: folds
e0a7b2ae: folds
Hero: folds
Uncalled bet ($0.05) returned to 6d5cf39b
*** SHOWDOWN ***
6d5cf39b collected $0.12 from pot
*** SUMMARY ***
Total pot $0.12 | Rake $0 | Jackpot $0 | Bingo $0 | Fortune $0
Seat 1: e0a7b2ae (small blind) folded before Flop
Seat 2: Hero (big blind) folded before Flop
Seat 3: d3661361 folded before Flop (didn't bet)
Seat 4: b705cf87 folded before Flop (didn't bet)
Seat 5: 6d5cf39b collected ($0.12)
Seat 6: 69feee8e (button) folded before Flop (didn't bet)


Poker Hand #HD1212517825: Hold'em No Limit  ($0.02/$0.05) - 2023/04/21 22:08:58
Table 'NLHBlue52' 6-max Seat #5 is the button
Seat 1: e0a7b2ae ($6.07 in chips)
Seat 2: Hero ($5.05 in chips)
Seat 3: d3661361 ($2.6 in chips)
Seat 4: b705cf87 ($4.7 in chips)
Seat 5: 6d5cf39b ($4.42 in chips)
Seat 6: 69feee8e ($6.65 in chips)
69feee8e: posts small blind $0.02
e0a7b2ae: posts big blind $0.05
*** HOLE CARDS ***
Dealt to e0a7b2ae 
Dealt to Hero [4c 7h]
Dealt to d3661361 
Dealt to b705cf87 
Dealt to 6d5cf39b 
Dealt to 69feee8e 
Hero: folds
d3661361: folds
b705cf87: folds
6d5cf39b: folds
69feee8e: folds
Uncalled bet ($0.03) returned to e0a7b2ae
*** SHOWDOWN ***
e0a7b2ae collected $0.04 from pot
*** SUMMARY ***
Total pot $0.04 | Rake $0 | Jackpot $0 | Bingo $0 | Fortune $0
Seat 1: e0a7b2ae (big blind) collected ($0.04)
Seat 2: Hero folded before Flop (didn't bet)
Seat 3: d3661361 folded before Flop (didn't bet)
Seat 4: b705cf87 folded before Flop (didn't bet)
Seat 5: 6d5cf39b (button) folded before Flop (didn't bet)
Seat 6: 69feee8e (small blind) folded before Flop


Poker Hand #HD1212517782: Hold'em No Limit  ($0.02/$0.05) - 2023/04/21 22:08:42
Table 'NLHBlue52' 6-max Seat #4 is the button
Seat 1: e0a7b2ae ($6.07 in chips)
Seat 2: Hero ($5.05 in chips)
Seat 3: d3661361 ($2.6 in chips)
Seat 4: b705cf87 ($4.7 in chips)
Seat 5: 6d5cf39b ($4.47 in chips)
Seat 6: 69feee8e ($6.6 in chips)
6d5cf39b: posts small blind $0.02
69feee8e: posts big blind $0.05
*** HOLE CARDS ***
Dealt to e0a7b2ae 
Dealt to Hero [9c 8h]
Dealt to d3661361 
Dealt to b705cf87 
Dealt to 6d5cf39b 
Dealt to 69feee8e 
e0a7b2ae: folds
Hero: folds
d3661361: folds
b705cf87: folds
6d5cf39b: calls $0.03
69feee8e: raises $0.45 to $0.5
6d5cf39b: folds
Uncalled bet ($0.45) returned to 69feee8e
*** SHOWDOWN ***
69feee8e collected $0.1 from pot
*** SUMMARY ***
Total pot $0.1 | Rake $0 | Jackpot $0 | Bingo $0 | Fortune $0
Seat 1: e0a7b2ae folded before Flop (didn't bet)
Seat 2: Hero folded before Flop (didn't bet)
Seat 3: d3661361 folded before Flop (didn't bet)
Seat 4: b705cf87 (button) folded before Flop (didn't bet)
Seat 5: 6d5cf39b (small blind) folded before Flop
Seat 6: 69feee8e (big blind) collected ($0.1)


Poker Hand #HD1212517691: Hold'em No Limit  ($0.02/$0.05) - 2023/04/21 22:07:50
Table 'NLHBlue52' 6-max Seat #3 is the button
Seat 1: e0a7b2ae ($6.07 in chips)
Seat 2: Hero ($5.05 in chips)
Seat 3: d3661361 ($2.6 in chips)
Seat 4: b705cf87 ($4.72 in chips)
Seat 5: 6d5cf39b ($4 in chips)
Seat 6: 69feee8e ($7.1 in chips)
b705cf87: posts small blind $0.02
6d5cf39b: posts big blind $0.05
*** HOLE CARDS ***
Dealt to e0a7b2ae 
Dealt to Hero [7d Td]
Dealt to d3661361 
Dealt to b705cf87 
Dealt to 6d5cf39b 
Dealt to 69feee8e 
69feee8e: raises $0.08 to $0.13
e0a7b2ae: folds
Hero: folds
d3661361: folds
b705cf87: folds
6d5cf39b: calls $0.08
*** FLOP *** [4h Qc Tc]
6d5cf39b: bets $0.12
69feee8e: calls $0.12
*** TURN *** [4h Qc Tc] [Jc]
6d5cf39b: bets $0.25
69feee8e: calls $0.25
*** RIVER *** [4h Qc Tc Jc] [Ac]
6d5cf39b: checks
69feee8e: checks
6d5cf39b: shows [7c 3c] (Ace High Flush)
69feee8e: shows [Kh Kd] (Aces-High Straight)
*** SHOWDOWN ***
6d5cf39b collected $0.97 from pot
*** SUMMARY ***
Total pot $1.02 | Rake $0.05 | Jackpot $0 | Bingo $0 | Fortune $0
Board [4h Qc Tc Jc Ac]
Seat 1: e0a7b2ae folded before Flop (didn't bet)
Seat 2: Hero folded before Flop (didn't bet)
Seat 3: d3661361 (button) folded before Flop (didn't bet)
Seat 4: b705cf87 (small blind) folded before Flop
Seat 5: 6d5cf39b (big blind) showed [7c 3c] and won ($0.97) with Ace High Flush
Seat 6: 69feee8e showed [Kh Kd] and lost with Aces-High Straight


Poker Hand #HD1212517629: Hold'em No Limit  ($0.02/$0.05) - 2023/04/21 22:07:10
Table 'NLHBlue52' 6-max Seat #2 is the button
Seat 1: e0a7b2ae ($6.07 in chips)
Seat 2: Hero ($5.05 in chips)
Seat 3: d3661361 ($3 in chips)
Seat 4: b705cf87 ($4.77 in chips)
Seat 5: 6d5cf39b ($4 in chips)
Seat 6: 69feee8e ($6.69 in chips)
d3661361: posts small blind $0.02
b705cf87: posts big blind $0.05
*** HOLE CARDS ***
Dealt to e0a7b2ae 
Dealt to Hero [3d Jh]
Dealt to d3661361 
Dealt to b705cf87 
Dealt to 6d5cf39b 
Dealt to 69feee8e 
6d5cf39b: folds
69feee8e: calls $0.05
e0a7b2ae: folds
Hero: folds
d3661361: raises $0.05 to $0.1
b705cf87: folds
69feee8e: raises $0.3 to $0.4
d3661361: calls $0.3
*** FLOP *** [2s 8d 7c]
d3661361: checks
69feee8e: bets $0.64
d3661361: folds
Uncalled bet ($0.64) returned to 69feee8e
*** SHOWDOWN ***
69feee8e collected $0.81 from pot
*** SUMMARY ***
Total pot $0.85 | Rake $0.04 | Jackpot $0 | Bingo $0 | Fortune $0
Board [2s 8d 7c]
Seat 1: e0a7b2ae folded before Flop (didn't bet)
Seat 2: Hero (button) folded before Flop (didn't bet)
Seat 3: d3661361 (small blind) folded on the Flop
Seat 4: b705cf87 (big blind) folded before Flop
Seat 5: 6d5cf39b folded before Flop (didn't bet)
Seat 6: 69feee8e won ($0.81)


Poker Hand #HD1212517608: Hold'em No Limit  ($0.02/$0.05) - 2023/04/21 22:06:57
Table 'NLHBlue52' 6-max Seat #1 is the button
Seat 1: e0a7b2ae ($6.07 in chips)
Seat 2: Hero ($5.07 in chips)
Seat 3: d3661361 ($3.05 in chips)
Seat 4: b705cf87 ($4.77 in chips)
Seat 5: 6d5cf39b ($3.93 in chips)
Seat 6: 69feee8e ($6.69 in chips)
Hero: posts small blind $0.02
d3661361: posts big blind $0.05
*** HOLE CARDS ***
Dealt to e0a7b2ae 
Dealt to Hero [7d 3c]
Dealt to d3661361 
Dealt to b705cf87 
Dealt to 6d5cf39b 
Dealt to 69feee8e 
b705cf87: folds
6d5cf39b: raises $0.15 to $0.2
69feee8e: folds
e0a7b2ae: folds
Hero: folds
d3661361: folds
Uncalled bet ($0.15) returned to 6d5cf39b
*** SHOWDOWN ***
6d5cf39b collected $0.12 from pot
*** SUMMARY ***
Total pot $0.12 | Rake $0 | Jackpot $0 | Bingo $0 | Fortune $0
Seat 1: e0a7b2ae (button) folded before Flop (didn't bet)
Seat 2: Hero (small blind) folded before Flop
Seat 3: d3661361 (big blind) folded before Flop
Seat 4: b705cf87 folded before Flop (didn't bet)
Seat 5: 6d5cf39b collected ($0.12)
Seat 6: 69feee8e folded before Flop (didn't bet)


Poker Hand #HD1212517532: Hold'em No Limit  ($0.02/$0.05) - 2023/04/21 22:06:15
Table 'NLHBlue52' 6-max Seat #6 is the button
Seat 1: e0a7b2ae ($6.09 in chips)
Seat 2: Hero ($5 in chips)
Seat 3: d3661361 ($3.05 in chips)
Seat 4: b705cf87 ($4.77 in chips)
Seat 5: 6d5cf39b ($3.98 in chips)
Seat 6: 69feee8e ($6.69 in chips)
e0a7b2ae: posts small blind $0.02
Hero: posts big blind $0.05
*** HOLE CARDS ***
Dealt to e0a7b2ae 
Dealt to Hero [9h 5s]
Dealt to d3661361 
Dealt to b705cf87 
Dealt to 6d5cf39b 
Dealt to 69feee8e 
d3661361: folds
b705cf87: folds
6d5cf39b: calls $0.05
69feee8e: folds
e0a7b2ae: folds
Hero: checks
*** FLOP *** [Qc Th 8d]
Hero: checks
6d5cf39b: checks
*** TURN *** [Qc Th 8d] [Ad]
Hero: checks
6d5cf39b: checks
*** RIVER *** [Qc Th 8d Ad] [5h]
Hero: checks
6d5cf39b: checks
Hero: shows [9h 5s] (Pair of Fives)
6d5cf39b: shows [Kh 2c] (Ace-High)
*** SHOWDOWN ***
Hero collected $0.12 from pot
*** SUMMARY ***
Total pot $0.12 | Rake $0 | Jackpot $0 | Bingo $0 | Fortune $0
Board [Qc Th 8d Ad 5h]
Seat 1: e0a7b2ae (small blind) folded before Flop
Seat 2: Hero (big blind) showed [9h 5s] and won ($0.12) with Pair of Fives
Seat 3: d3661361 folded before Flop (didn't bet)
Seat 4: b705cf87 folded before Flop (didn't bet)
Seat 5: 6d5cf39b showed [Kh 2c] and lost with Ace-High
Seat 6: 69feee8e (button) folded before Flop (didn't bet)


Poker Hand #HD1212517506: Hold'em No Limit  ($0.02/$0.05) - 2023/04/21 22:06:02
Table 'NLHBlue52' 6-max Seat #5 is the button
Seat 1: e0a7b2ae ($6.07 in chips)
Seat 2: Hero ($5 in chips)
Seat 3: d3661361 ($3.05 in chips)
Seat 4: b705cf87 ($4.77 in chips)
Seat 5: 6d5cf39b ($3.98 in chips)
Seat 6: 69feee8e ($6.71 in chips)
69feee8e: posts small blind $0.02
e0a7b2ae: posts big blind $0.05
*** HOLE CARDS ***
Dealt to e0a7b2ae 
Dealt to Hero [9s 5c]
Dealt to d3661361 
Dealt to b705cf87 
Dealt to 6d5cf39b 
Dealt to 69feee8e 
Hero: folds
d3661361: folds
b705cf87: folds
6d5cf39b: folds
69feee8e: folds
Uncalled bet ($0.03) returned to e0a7b2ae
*** SHOWDOWN ***
e0a7b2ae collected $0.04 from pot
*** SUMMARY ***
Total pot $0.04 | Rake $0 | Jackpot $0 | Bingo $0 | Fortune $0
Seat 1: e0a7b2ae (big blind) collected ($0.04)
Seat 2: Hero folded before Flop (didn't bet)
Seat 3: d3661361 folded before Flop (didn't bet)
Seat 4: b705cf87 folded before Flop (didn't bet)
Seat 5: 6d5cf39b (button) folded before Flop (didn't bet)
Seat 6: 69feee8e (small blind) folded before Flop


Poker Hand #HD1212517484: Hold'em No Limit  ($0.02/$0.05) - 2023/04/21 22:05:53
Table 'NLHBlue52' 6-max Seat #4 is the button
Seat 1: e0a7b2ae ($6.07 in chips)
Seat 2: Hero ($5 in chips)
Seat 3: d3661361 ($3.05 in chips)
Seat 4: b705cf87 ($4.77 in chips)
Seat 5: 6d5cf39b ($4 in chips)
Seat 6: 69feee8e ($6.69 in chips)
6d5cf39b: posts small blind $0.02
69feee8e: posts big blind $0.05
*** HOLE CARDS ***
Dealt to e0a7b2ae 
Dealt to Hero [Js Qc]
Dealt to d3661361 
Dealt to b705cf87 
Dealt to 6d5cf39b 
Dealt to 69feee8e 
e0a7b2ae: folds
Hero: folds
d3661361: folds
b705cf87: folds
6d5cf39b: folds
Uncalled bet ($0.03) returned to 69feee8e
*** SHOWDOWN ***
69feee8e collected $0.04 from pot
*** SUMMARY ***
Total pot $0.04 | Rake $0 | Jackpot $0 | Bingo $0 | Fortune $0
Seat 1: e0a7b2ae folded before Flop (didn't bet)
Seat 2: Hero folded before Flop (didn't bet)
Seat 3: d3661361 folded before Flop (didn't bet)
Seat 4: b705cf87 (button) folded before Flop (didn't bet)
Seat 5: 6d5cf39b (small blind) folded before Flop
Seat 6: 69feee8e (big blind) collected ($0.04)


Poker Hand #HD1212517410: Hold'em No Limit  ($0.02/$0.05) - 2023/04/21 22:05:13
Table 'NLHBlue52' 6-max Seat #3 is the button
Seat 1: e0a7b2ae ($5.23 in chips)
Seat 2: Hero ($5 in chips)
Seat 3: d3661361 ($3.05 in chips)
Seat 4: b705cf87 ($4.79 in chips)
Seat 5: 6d5cf39b ($4.96 in chips)
Seat 6: 69feee8e ($6.69 in chips)
b705cf87: posts small blind $0.02
6d5cf39b: posts big blind $0.05
*** HOLE CARDS ***
Dealt to e0a7b2ae 
Dealt to Hero [9d 2c]
Dealt to d3661361 
Dealt to b705cf87 
Dealt to 6d5cf39b 
Dealt to 69feee8e 
69feee8e: folds
e0a7b2ae: raises $0.1 to $0.15
Hero: folds
d3661361: folds
b705cf87: folds
6d5cf39b: calls $0.1
*** FLOP *** [5h 9s 8c]
6d5cf39b: bets $0.32
e0a7b2ae: calls $0.32
*** TURN *** [5h 9s 8c] [3d]
6d5cf39b: checks
e0a7b2ae: checks
*** RIVER *** [5h 9s 8c 3d] [Qh]
6d5cf39b: bets $0.49
e0a7b2ae: calls $0.49
6d5cf39b: shows [5s Ah] (Pair of Fives)
e0a7b2ae: shows [Tc Ts] (Pair of Tens)
*** SHOWDOWN ***
e0a7b2ae collected $1.8 from pot
*** SUMMARY ***
Total pot $1.94 | Rake $0.09 | Jackpot $0.05 | Bingo $0 | Fortune $0
Board [5h 9s 8c 3d Qh]
Seat 1: e0a7b2ae showed [Tc Ts] and won ($1.8) with Pair of Tens
Seat 2: Hero folded before Flop (didn't bet)
Seat 3: d3661361 (button) folded before Flop (didn't bet)
Seat 4: b705cf87 (small blind) folded before Flop
Seat 5: 6d5cf39b (big blind) showed [5s Ah] and lost with Pair of Fives
Seat 6: 69feee8e folded before Flop (didn't bet)


Poker Hand #HD1212517331: Hold'em No Limit  ($0.02/$0.05) - 2023/04/21 22:04:35
Table 'NLHBlue52' 6-max Seat #2 is the button
Seat 1: e0a7b2ae ($5.23 in chips)
Seat 2: Hero ($5 in chips)
Seat 3: d3661361 ($3.1 in chips)
Seat 4: b705cf87 ($4.69 in chips)
Seat 5: 6d5cf39b ($5.01 in chips)
Seat 6: 69feee8e ($6.69 in chips)
d3661361: posts small blind $0.02
b705cf87: posts big blind $0.05
*** HOLE CARDS ***
Dealt to e0a7b2ae 
Dealt to Hero [Qd 7c]
Dealt to d3661361 
Dealt to b705cf87 
Dealt to 6d5cf39b 
Dealt to 69feee8e 
6d5cf39b: calls $0.05
69feee8e: folds
e0a7b2ae: folds
Hero: folds
d3661361: calls $0.03
b705cf87: checks
*** FLOP *** [Jc 6c 8s]
d3661361: checks
b705cf87: checks
6d5cf39b: checks
*** TURN *** [Jc 6c 8s] [2h]
d3661361: checks
b705cf87: bets $0.12
6d5cf39b: folds
d3661361: folds
Uncalled bet ($0.12) returned to b705cf87
*** SHOWDOWN ***
b705cf87 collected $0.15 from pot
*** SUMMARY ***
Total pot $0.15 | Rake $0 | Jackpot $0 | Bingo $0 | Fortune $0
Board [Jc 6c 8s 2h]
Seat 1: e0a7b2ae folded before Flop (didn't bet)
Seat 2: Hero (button) folded before Flop (didn't bet)
Seat 3: d3661361 (small blind) folded on the Turn
Seat 4: b705cf87 (big blind) won ($0.15)
Seat 5: 6d5cf39b folded on the Turn
Seat 6: 69feee8e folded before Flop (didn't bet)


Poker Hand #HD1212517312: Hold'em No Limit  ($0.02/$0.05) - 2023/04/21 22:04:20
Table 'NLHBlue52' 6-max Seat #1 is the button
Seat 1: e0a7b2ae ($5.16 in chips)
Seat 2: Hero ($5 in chips)
Seat 3: d3661361 ($3.15 in chips)
Seat 4: b705cf87 ($4.69 in chips)
Seat 5: 6d5cf39b ($5.01 in chips)
Seat 6: 69feee8e ($6.69 in chips)
Hero: posts small blind $0.02
d3661361: posts big blind $0.05
*** HOLE CARDS ***
Dealt to e0a7b2ae 
Dealt to Hero [Js 5c]
Dealt to d3661361 
Dealt to b705cf87 
Dealt to 6d5cf39b 
Dealt to 69feee8e 
b705cf87: folds
6d5cf39b: folds
69feee8e: folds
e0a7b2ae: raises $0.1 to $0.15
Hero: folds
d3661361: folds
Uncalled bet ($0.1) returned to e0a7b2ae
*** SHOWDOWN ***
e0a7b2ae collected $0.12 from pot
*** SUMMARY ***
Total pot $0.12 | Rake $0 | Jackpot $0 | Bingo $0 | Fortune $0
Seat 1: e0a7b2ae (button) collected ($0.12)
Seat 2: Hero (small blind) folded before Flop
Seat 3: d3661361 (big blind) folded before Flop
Seat 4: b705cf87 folded before Flop (didn't bet)
Seat 5: 6d5cf39b folded before Flop (didn't bet)
Seat 6: 69feee8e folded before Flop (didn't bet)


Poker Hand #HD1212517219: Hold'em No Limit  ($0.02/$0.05) - 2023/04/21 22:03:30
Table 'NLHBlue52' 6-max Seat #6 is the button
Seat 1: e0a7b2ae ($5.18 in chips)
Seat 2: Hero ($5 in chips)
Seat 3: d3661361 ($3.15 in chips)
Seat 4: b705cf87 ($4.69 in chips)
Seat 5: 6d5cf39b ($4.9 in chips)
Seat 6: 69feee8e ($6.69 in chips)
e0a7b2ae: posts small blind $0.02
Hero: posts big blind $0.05
*** HOLE CARDS ***
Dealt to e0a7b2ae 
Dealt to Hero [6s 5s]
Dealt to d3661361 
Dealt to b705cf87 
Dealt to 6d5cf39b 
Dealt to 69feee8e 
d3661361: folds
b705cf87: folds
6d5cf39b: raises $0.05 to $0.1
69feee8e: folds
e0a7b2ae: folds
Hero: calls $0.05
*** FLOP *** [8h Jh 9c]
Hero: checks
6d5cf39b: checks
*** TURN *** [8h Jh 9c] [4h]
Hero: checks
6d5cf39b: checks
*** RIVER *** [8h Jh 9c 4h] [Th]
Hero: checks
6d5cf39b: bets $0.8
Hero: folds
Uncalled bet ($0.8) returned to 6d5cf39b
*** SHOWDOWN ***
6d5cf39b collected $0.21 from pot
*** SUMMARY ***
Total pot $0.22 | Rake $0.01 | Jackpot $0 | Bingo $0 | Fortune $0
Board [8h Jh 9c 4h Th]
Seat 1: e0a7b2ae (small blind) folded before Flop
Seat 2: Hero (big blind) folded on the River
Seat 3: d3661361 folded before Flop (didn't bet)
Seat 4: b705cf87 folded before Flop (didn't bet)
Seat 5: 6d5cf39b won ($0.21)
Seat 6: 69feee8e (button) folded before Flop (didn't bet)


