Poker Hand #HD1172983533: Hold'em No Limit  ($0.02/$0.05) - 2023/03/23 20:51:43
Table 'NLHBlue56' 6-max Seat #5 is the button
Seat 1: a3d5b364 ($10.86 in chips)
Seat 2: feb73f1a ($6.23 in chips)
Seat 4: 8275e404 ($4.91 in chips)
Seat 5: Hero ($5.14 in chips)
Seat 6: aa4c9ee8 ($5.7 in chips)
aa4c9ee8: posts small blind $0.02
a3d5b364: posts big blind $0.05
*** HOLE CARDS ***
Dealt to a3d5b364 
Dealt to feb73f1a 
Dealt to 8275e404 
Dealt to Hero [9s 3d]
Dealt to aa4c9ee8 
feb73f1a: folds
8275e404: folds
Hero: folds
aa4c9ee8: raises $0.08 to $0.13
a3d5b364: folds
Uncalled bet ($0.08) returned to aa4c9ee8
*** SHOWDOWN ***
aa4c9ee8 collected $0.1 from pot
*** SUMMARY ***
Total pot $0.1 | Rake $0 | Jackpot $0 | Bingo $0 | Fortune $0
Seat 1: a3d5b364 (big blind) folded before Flop
Seat 2: feb73f1a folded before Flop (didn't bet)
Seat 4: 8275e404 folded before Flop (didn't bet)
Seat 5: Hero (button) folded before Flop (didn't bet)
Seat 6: aa4c9ee8 (small blind) collected ($0.1)


Poker Hand #HD1172983451: Hold'em No Limit  ($0.02/$0.05) - 2023/03/23 20:51:15
Table 'NLHBlue56' 6-max Seat #4 is the button
Seat 1: a3d5b364 ($10.86 in chips)
Seat 2: feb73f1a ($6.33 in chips)
Seat 4: 8275e404 ($4.91 in chips)
Seat 5: Hero ($5 in chips)
Seat 6: aa4c9ee8 ($5.75 in chips)
Hero: posts small blind $0.02
aa4c9ee8: posts big blind $0.05
*** HOLE CARDS ***
Dealt to a3d5b364 
Dealt to feb73f1a 
Dealt to 8275e404 
Dealt to Hero [Jc Ac]
Dealt to aa4c9ee8 
a3d5b364: folds
feb73f1a: raises $0.05 to $0.1
8275e404: folds
Hero: raises $0.38 to $0.48
aa4c9ee8: folds
feb73f1a: folds
Uncalled bet ($0.38) returned to Hero
*** SHOWDOWN ***
Hero collected $0.24 from pot
*** SUMMARY ***
Total pot $0.25 | Rake $0.01 | Jackpot $0 | Bingo $0 | Fortune $0
Seat 1: a3d5b364 folded before Flop (didn't bet)
Seat 2: feb73f1a folded before Flop
Seat 4: 8275e404 (button) folded before Flop (didn't bet)
Seat 5: Hero (small blind) collected ($0.24)
Seat 6: aa4c9ee8 (big blind) folded before Flop


Poker Hand #HD1172983408: Hold'em No Limit  ($0.02/$0.05) - 2023/03/23 20:50:57
Table 'NLHBlue56' 6-max Seat #2 is the button
Seat 1: a3d5b364 ($10.86 in chips)
Seat 2: feb73f1a ($6.26 in chips)
Seat 4: 8275e404 ($4.93 in chips)
Seat 5: Hero ($5.02 in chips)
Seat 6: aa4c9ee8 ($5.75 in chips)
8275e404: posts small blind $0.02
Hero: posts big blind $0.05
*** HOLE CARDS ***
Dealt to a3d5b364 
Dealt to feb73f1a 
Dealt to 8275e404 
Dealt to Hero [3s 2d]
Dealt to aa4c9ee8 
aa4c9ee8: folds
a3d5b364: folds
feb73f1a: raises $0.1 to $0.15
8275e404: folds
Hero: folds
Uncalled bet ($0.1) returned to feb73f1a
*** SHOWDOWN ***
feb73f1a collected $0.12 from pot
*** SUMMARY ***
Total pot $0.12 | Rake $0 | Jackpot $0 | Bingo $0 | Fortune $0
Seat 1: a3d5b364 folded before Flop (didn't bet)
Seat 2: feb73f1a (button) collected ($0.12)
Seat 4: 8275e404 (small blind) folded before Flop
Seat 5: Hero (big blind) folded before Flop
Seat 6: aa4c9ee8 folded before Flop (didn't bet)


Poker Hand #HD1172983343: Hold'em No Limit  ($0.02/$0.05) - 2023/03/23 20:50:27
Table 'NLHBlue56' 6-max Seat #1 is the button
Seat 1: a3d5b364 ($10.86 in chips)
Seat 2: feb73f1a ($6.28 in chips)
Seat 3: 6ac14ab9 ($5.07 in chips)
Seat 4: 8275e404 ($4.93 in chips)
Seat 5: Hero ($5.02 in chips)
Seat 6: aa4c9ee8 ($5.68 in chips)
feb73f1a: posts small blind $0.02
6ac14ab9: posts big blind $0.05
*** HOLE CARDS ***
Dealt to a3d5b364 
Dealt to feb73f1a 
Dealt to 6ac14ab9 
Dealt to 8275e404 
Dealt to Hero [6h 9d]
Dealt to aa4c9ee8 
8275e404: folds
Hero: folds
aa4c9ee8: raises $0.05 to $0.1
a3d5b364: folds
feb73f1a: folds
6ac14ab9: folds
Uncalled bet ($0.05) returned to aa4c9ee8
*** SHOWDOWN ***
aa4c9ee8 collected $0.12 from pot
*** SUMMARY ***
Total pot $0.12 | Rake $0 | Jackpot $0 | Bingo $0 | Fortune $0
Seat 1: a3d5b364 (button) folded before Flop (didn't bet)
Seat 2: feb73f1a (small blind) folded before Flop
Seat 3: 6ac14ab9 (big blind) folded before Flop
Seat 4: 8275e404 folded before Flop (didn't bet)
Seat 5: Hero folded before Flop (didn't bet)
Seat 6: aa4c9ee8 collected ($0.12)


Poker Hand #HD1172983296: Hold'em No Limit  ($0.02/$0.05) - 2023/03/23 20:50:09
Table 'NLHBlue56' 6-max Seat #6 is the button
Seat 1: a3d5b364 ($10.88 in chips)
Seat 2: feb73f1a ($6.33 in chips)
Seat 3: 6ac14ab9 ($5.07 in chips)
Seat 4: 8275e404 ($4.93 in chips)
Seat 5: Hero ($5.02 in chips)
Seat 6: aa4c9ee8 ($5.61 in chips)
a3d5b364: posts small blind $0.02
feb73f1a: posts big blind $0.05
*** HOLE CARDS ***
Dealt to a3d5b364 
Dealt to feb73f1a 
Dealt to 6ac14ab9 
Dealt to 8275e404 
Dealt to Hero [Ts 2s]
Dealt to aa4c9ee8 
6ac14ab9: folds
8275e404: folds
Hero: folds
aa4c9ee8: raises $0.08 to $0.13
a3d5b364: folds
feb73f1a: folds
Uncalled bet ($0.08) returned to aa4c9ee8
*** SHOWDOWN ***
aa4c9ee8 collected $0.12 from pot
*** SUMMARY ***
Total pot $0.12 | Rake $0 | Jackpot $0 | Bingo $0 | Fortune $0
Seat 1: a3d5b364 (small blind) folded before Flop
Seat 2: feb73f1a (big blind) folded before Flop
Seat 3: 6ac14ab9 folded before Flop (didn't bet)
Seat 4: 8275e404 folded before Flop (didn't bet)
Seat 5: Hero folded before Flop (didn't bet)
Seat 6: aa4c9ee8 (button) collected ($0.12)


Poker Hand #HD1172983261: Hold'em No Limit  ($0.02/$0.05) - 2023/03/23 20:49:53
Table 'NLHBlue56' 6-max Seat #5 is the button
Seat 1: a3d5b364 ($10.86 in chips)
Seat 2: feb73f1a ($6.33 in chips)
Seat 3: 6ac14ab9 ($5.07 in chips)
Seat 4: 8275e404 ($4.93 in chips)
Seat 5: Hero ($5.02 in chips)
Seat 6: aa4c9ee8 ($5.63 in chips)
aa4c9ee8: posts small blind $0.02
a3d5b364: posts big blind $0.05
*** HOLE CARDS ***
Dealt to a3d5b364 
Dealt to feb73f1a 
Dealt to 6ac14ab9 
Dealt to 8275e404 
Dealt to Hero [5h Kd]
Dealt to aa4c9ee8 
feb73f1a: folds
6ac14ab9: folds
8275e404: folds
Hero: folds
aa4c9ee8: folds
Uncalled bet ($0.03) returned to a3d5b364
*** SHOWDOWN ***
a3d5b364 collected $0.04 from pot
*** SUMMARY ***
Total pot $0.04 | Rake $0 | Jackpot $0 | Bingo $0 | Fortune $0
Seat 1: a3d5b364 (big blind) collected ($0.04)
Seat 2: feb73f1a folded before Flop (didn't bet)
Seat 3: 6ac14ab9 folded before Flop (didn't bet)
Seat 4: 8275e404 folded before Flop (didn't bet)
Seat 5: Hero (button) folded before Flop (didn't bet)
Seat 6: aa4c9ee8 (small blind) folded before Flop


Poker Hand #HD1172983216: Hold'em No Limit  ($0.02/$0.05) - 2023/03/23 20:49:38
Table 'NLHBlue56' 6-max Seat #4 is the button
Seat 1: a3d5b364 ($10.86 in chips)
Seat 2: feb73f1a ($6.33 in chips)
Seat 3: 6ac14ab9 ($5.07 in chips)
Seat 4: 8275e404 ($4.86 in chips)
Seat 5: Hero ($5.04 in chips)
Seat 6: aa4c9ee8 ($5.68 in chips)
Hero: posts small blind $0.02
aa4c9ee8: posts big blind $0.05
*** HOLE CARDS ***
Dealt to a3d5b364 
Dealt to feb73f1a 
Dealt to 6ac14ab9 
Dealt to 8275e404 
Dealt to Hero [2c Ad]
Dealt to aa4c9ee8 
a3d5b364: folds
feb73f1a: folds
6ac14ab9: folds
8275e404: raises $0.05 to $0.1
Hero: folds
aa4c9ee8: folds
Uncalled bet ($0.05) returned to 8275e404
*** SHOWDOWN ***
8275e404 collected $0.12 from pot
*** SUMMARY ***
Total pot $0.12 | Rake $0 | Jackpot $0 | Bingo $0 | Fortune $0
Seat 1: a3d5b364 folded before Flop (didn't bet)
Seat 2: feb73f1a folded before Flop (didn't bet)
Seat 3: 6ac14ab9 folded before Flop (didn't bet)
Seat 4: 8275e404 (button) collected ($0.12)
Seat 5: Hero (small blind) folded before Flop
Seat 6: aa4c9ee8 (big blind) folded before Flop


Poker Hand #HD1172983192: Hold'em No Limit  ($0.02/$0.05) - 2023/03/23 20:49:28
Table 'NLHBlue56' 6-max Seat #3 is the button
Seat 1: a3d5b364 ($10.86 in chips)
Seat 2: feb73f1a ($6.33 in chips)
Seat 3: 6ac14ab9 ($5.07 in chips)
Seat 4: 8275e404 ($4.88 in chips)
Seat 5: Hero ($5.02 in chips)
Seat 6: aa4c9ee8 ($5.68 in chips)
8275e404: posts small blind $0.02
Hero: posts big blind $0.05
*** HOLE CARDS ***
Dealt to a3d5b364 
Dealt to feb73f1a 
Dealt to 6ac14ab9 
Dealt to 8275e404 
Dealt to Hero [3s 9d]
Dealt to aa4c9ee8 
aa4c9ee8: folds
a3d5b364: folds
feb73f1a: folds
6ac14ab9: folds
8275e404: folds
Uncalled bet ($0.03) returned to Hero
*** SHOWDOWN ***
Hero collected $0.04 from pot
*** SUMMARY ***
Total pot $0.04 | Rake $0 | Jackpot $0 | Bingo $0 | Fortune $0
Seat 1: a3d5b364 folded before Flop (didn't bet)
Seat 2: feb73f1a folded before Flop (didn't bet)
Seat 3: 6ac14ab9 (button) folded before Flop (didn't bet)
Seat 4: 8275e404 (small blind) folded before Flop
Seat 5: Hero (big blind) collected ($0.04)
Seat 6: aa4c9ee8 folded before Flop (didn't bet)


Poker Hand #HD1172983143: Hold'em No Limit  ($0.02/$0.05) - 2023/03/23 20:49:10
Table 'NLHBlue56' 6-max Seat #2 is the button
Seat 1: a3d5b364 ($10.86 in chips)
Seat 2: feb73f1a ($6.26 in chips)
Seat 3: 6ac14ab9 ($5.09 in chips)
Seat 4: 8275e404 ($4.93 in chips)
Seat 5: Hero ($5.02 in chips)
Seat 6: aa4c9ee8 ($5.68 in chips)
6ac14ab9: posts small blind $0.02
8275e404: posts big blind $0.05
*** HOLE CARDS ***
Dealt to a3d5b364 
Dealt to feb73f1a 
Dealt to 6ac14ab9 
Dealt to 8275e404 
Dealt to Hero [8s 5h]
Dealt to aa4c9ee8 
Hero: folds
aa4c9ee8: folds
a3d5b364: folds
feb73f1a: raises $0.1 to $0.15
6ac14ab9: folds
8275e404: folds
Uncalled bet ($0.1) returned to feb73f1a
*** SHOWDOWN ***
feb73f1a collected $0.12 from pot
*** SUMMARY ***
Total pot $0.12 | Rake $0 | Jackpot $0 | Bingo $0 | Fortune $0
Seat 1: a3d5b364 folded before Flop (didn't bet)
Seat 2: feb73f1a (button) collected ($0.12)
Seat 3: 6ac14ab9 (small blind) folded before Flop
Seat 4: 8275e404 (big blind) folded before Flop
Seat 5: Hero folded before Flop (didn't bet)
Seat 6: aa4c9ee8 folded before Flop (didn't bet)


Poker Hand #HD1172983060: Hold'em No Limit  ($0.02/$0.05) - 2023/03/23 20:48:37
Table 'NLHBlue56' 6-max Seat #1 is the button
Seat 1: a3d5b364 ($10.86 in chips)
Seat 2: feb73f1a ($6.28 in chips)
Seat 3: 6ac14ab9 ($4.82 in chips)
Seat 4: 8275e404 ($4.93 in chips)
Seat 5: Hero ($5.02 in chips)
Seat 6: aa4c9ee8 ($5.95 in chips)
feb73f1a: posts small blind $0.02
6ac14ab9: posts big blind $0.05
*** HOLE CARDS ***
Dealt to a3d5b364 
Dealt to feb73f1a 
Dealt to 6ac14ab9 
Dealt to 8275e404 
Dealt to Hero [5c 9h]
Dealt to aa4c9ee8 
8275e404: folds
Hero: folds
aa4c9ee8: raises $0.08 to $0.13
a3d5b364: folds
feb73f1a: folds
6ac14ab9: calls $0.08
*** FLOP *** [9d 8s 4d]
6ac14ab9: checks
aa4c9ee8: checks
*** TURN *** [9d 8s 4d] [2h]
6ac14ab9: bets $0.14
aa4c9ee8: calls $0.14
*** RIVER *** [9d 8s 4d 2h] [Kh]
6ac14ab9: bets $0.28
aa4c9ee8: folds
Uncalled bet ($0.28) returned to 6ac14ab9
*** SHOWDOWN ***
6ac14ab9 collected $0.54 from pot
*** SUMMARY ***
Total pot $0.56 | Rake $0.02 | Jackpot $0 | Bingo $0 | Fortune $0
Board [9d 8s 4d 2h Kh]
Seat 1: a3d5b364 (button) folded before Flop (didn't bet)
Seat 2: feb73f1a (small blind) folded before Flop
Seat 3: 6ac14ab9 (big blind) won ($0.54)
Seat 4: 8275e404 folded before Flop (didn't bet)
Seat 5: Hero folded before Flop (didn't bet)
Seat 6: aa4c9ee8 folded on the River


Poker Hand #HD1172983014: Hold'em No Limit  ($0.02/$0.05) - 2023/03/23 20:48:18
Table 'NLHBlue56' 6-max Seat #6 is the button
Seat 1: a3d5b364 ($10.88 in chips)
Seat 2: feb73f1a ($6.33 in chips)
Seat 3: 6ac14ab9 ($4.82 in chips)
Seat 4: 8275e404 ($4.93 in chips)
Seat 5: Hero ($5.02 in chips)
Seat 6: aa4c9ee8 ($5.88 in chips)
a3d5b364: posts small blind $0.02
feb73f1a: posts big blind $0.05
*** HOLE CARDS ***
Dealt to a3d5b364 
Dealt to feb73f1a 
Dealt to 6ac14ab9 
Dealt to 8275e404 
Dealt to Hero [9d Qc]
Dealt to aa4c9ee8 
6ac14ab9: folds
8275e404: folds
Hero: folds
aa4c9ee8: raises $0.08 to $0.13
a3d5b364: folds
feb73f1a: folds
Uncalled bet ($0.08) returned to aa4c9ee8
*** SHOWDOWN ***
aa4c9ee8 collected $0.12 from pot
*** SUMMARY ***
Total pot $0.12 | Rake $0 | Jackpot $0 | Bingo $0 | Fortune $0
Seat 1: a3d5b364 (small blind) folded before Flop
Seat 2: feb73f1a (big blind) folded before Flop
Seat 3: 6ac14ab9 folded before Flop (didn't bet)
Seat 4: 8275e404 folded before Flop (didn't bet)
Seat 5: Hero folded before Flop (didn't bet)
Seat 6: aa4c9ee8 (button) collected ($0.12)


Poker Hand #HD1172982909: Hold'em No Limit  ($0.02/$0.05) - 2023/03/23 20:47:39
Table 'NLHBlue56' 6-max Seat #5 is the button
Seat 1: a3d5b364 ($10.98 in chips)
Seat 2: feb73f1a ($6.22 in chips)
Seat 3: 6ac14ab9 ($4.82 in chips)
Seat 4: 8275e404 ($4.93 in chips)
Seat 5: Hero ($5.02 in chips)
Seat 6: aa4c9ee8 ($5.9 in chips)
aa4c9ee8: posts small blind $0.02
a3d5b364: posts big blind $0.05
*** HOLE CARDS ***
Dealt to a3d5b364 
Dealt to feb73f1a 
Dealt to 6ac14ab9 
Dealt to 8275e404 
Dealt to Hero [7c Ah]
Dealt to aa4c9ee8 
feb73f1a: raises $0.05 to $0.1
6ac14ab9: folds
8275e404: folds
Hero: folds
aa4c9ee8: folds
a3d5b364: calls $0.05
*** FLOP *** [Kd 6d Qc]
a3d5b364: checks
feb73f1a: bets $0.11
a3d5b364: folds
Uncalled bet ($0.11) returned to feb73f1a
*** SHOWDOWN ***
feb73f1a collected $0.21 from pot
*** SUMMARY ***
Total pot $0.22 | Rake $0.01 | Jackpot $0 | Bingo $0 | Fortune $0
Board [Kd 6d Qc]
Seat 1: a3d5b364 (big blind) folded on the Flop
Seat 2: feb73f1a won ($0.21)
Seat 3: 6ac14ab9 folded before Flop (didn't bet)
Seat 4: 8275e404 folded before Flop (didn't bet)
Seat 5: Hero (button) folded before Flop (didn't bet)
Seat 6: aa4c9ee8 (small blind) folded before Flop


Poker Hand #HD1172982860: Hold'em No Limit  ($0.02/$0.05) - 2023/03/23 20:47:19
Table 'NLHBlue56' 6-max Seat #4 is the button
Seat 1: a3d5b364 ($10.98 in chips)
Seat 2: feb73f1a ($6.22 in chips)
Seat 3: 6ac14ab9 ($4.82 in chips)
Seat 4: 8275e404 ($4.93 in chips)
Seat 5: Hero ($5 in chips)
Seat 6: aa4c9ee8 ($5.88 in chips)
Hero: posts small blind $0.02
aa4c9ee8: posts big blind $0.05
*** HOLE CARDS ***
Dealt to a3d5b364 
Dealt to feb73f1a 
Dealt to 6ac14ab9 
Dealt to 8275e404 
Dealt to Hero [Tc 9d]
Dealt to aa4c9ee8 
a3d5b364: folds
feb73f1a: folds
6ac14ab9: folds
8275e404: folds
Hero: folds
Uncalled bet ($0.03) returned to aa4c9ee8
*** SHOWDOWN ***
aa4c9ee8 collected $0.04 from pot
*** SUMMARY ***
Total pot $0.04 | Rake $0 | Jackpot $0 | Bingo $0 | Fortune $0
Seat 1: a3d5b364 folded before Flop (didn't bet)
Seat 2: feb73f1a folded before Flop (didn't bet)
Seat 3: 6ac14ab9 folded before Flop (didn't bet)
Seat 4: 8275e404 (button) folded before Flop (didn't bet)
Seat 5: Hero (small blind) folded before Flop
Seat 6: aa4c9ee8 (big blind) collected ($0.04)


Poker Hand #HD1172982783: Hold'em No Limit  ($0.02/$0.05) - 2023/03/23 20:46:47
Table 'NLHBlue56' 6-max Seat #3 is the button
Seat 1: a3d5b364 ($10.21 in chips)
Seat 2: feb73f1a ($6.22 in chips)
Seat 3: 6ac14ab9 ($4.95 in chips)
Seat 4: 8275e404 ($4.95 in chips)
Seat 5: Hero ($5 in chips)
Seat 6: aa4c9ee8 ($5.88 in chips)
8275e404: posts small blind $0.02
Hero: posts big blind $0.05
*** HOLE CARDS ***
Dealt to a3d5b364 
Dealt to feb73f1a 
Dealt to 6ac14ab9 
Dealt to 8275e404 
Dealt to Hero [Qc As]
Dealt to aa4c9ee8 
aa4c9ee8: folds
a3d5b364: raises $0.08 to $0.13
feb73f1a: folds
6ac14ab9: calls $0.13
8275e404: folds
Hero: raises $0.62 to $0.75
a3d5b364: raises $9.46 to $10.21 and is all-in
6ac14ab9: folds
Hero: folds
Uncalled bet ($9.46) returned to a3d5b364
*** SHOWDOWN ***
a3d5b364 collected $1.52 from pot
*** SUMMARY ***
Total pot $1.65 | Rake $0.08 | Jackpot $0.05 | Bingo $0 | Fortune $0
Seat 1: a3d5b364 collected ($1.52)
Seat 2: feb73f1a folded before Flop (didn't bet)
Seat 3: 6ac14ab9 (button) folded before Flop
Seat 4: 8275e404 (small blind) folded before Flop
Seat 5: Hero (big blind) folded before Flop
Seat 6: aa4c9ee8 folded before Flop (didn't bet)


Poker Hand #HD1172982676: Hold'em No Limit  ($0.02/$0.05) - 2023/03/23 20:46:07
Table 'NLHBlue56' 6-max Seat #2 is the button
Seat 1: a3d5b364 ($10.21 in chips)
Seat 2: feb73f1a ($6.03 in chips)
Seat 3: 6ac14ab9 ($5.1 in chips)
Seat 4: 8275e404 ($5 in chips)
Seat 5: Hero ($5 in chips)
Seat 6: aa4c9ee8 ($5.88 in chips)
6ac14ab9: posts small blind $0.02
8275e404: posts big blind $0.05
*** HOLE CARDS ***
Dealt to a3d5b364 
Dealt to feb73f1a 
Dealt to 6ac14ab9 
Dealt to 8275e404 
Dealt to Hero [5s 7s]
Dealt to aa4c9ee8 
Hero: folds
aa4c9ee8: folds
a3d5b364: folds
feb73f1a: raises $0.1 to $0.15
6ac14ab9: calls $0.13
8275e404: folds
*** FLOP *** [2h 7d 2d]
6ac14ab9: checks
feb73f1a: bets $0.18
6ac14ab9: folds
Uncalled bet ($0.18) returned to feb73f1a
*** SHOWDOWN ***
feb73f1a collected $0.34 from pot
*** SUMMARY ***
Total pot $0.35 | Rake $0.01 | Jackpot $0 | Bingo $0 | Fortune $0
Board [2h 7d 2d]
Seat 1: a3d5b364 folded before Flop (didn't bet)
Seat 2: feb73f1a (button) won ($0.34)
Seat 3: 6ac14ab9 (small blind) folded on the Flop
Seat 4: 8275e404 (big blind) folded before Flop
Seat 5: Hero folded before Flop (didn't bet)
Seat 6: aa4c9ee8 folded before Flop (didn't bet)


Poker Hand #HD1172982537: Hold'em No Limit  ($0.02/$0.05) - 2023/03/23 20:45:09
Table 'NLHBlue56' 6-max Seat #1 is the button
Seat 1: a3d5b364 ($10.21 in chips)
Seat 2: feb73f1a ($5.67 in chips)
Seat 3: 6ac14ab9 ($5.23 in chips)
Seat 5: Hero ($5 in chips)
Seat 6: aa4c9ee8 ($6.14 in chips)
feb73f1a: posts small blind $0.02
6ac14ab9: posts big blind $0.05
*** HOLE CARDS ***
Dealt to a3d5b364 
Dealt to feb73f1a 
Dealt to 6ac14ab9 
Dealt to Hero [3h Kd]
Dealt to aa4c9ee8 
Hero: folds
aa4c9ee8: raises $0.08 to $0.13
a3d5b364: folds
feb73f1a: calls $0.11
6ac14ab9: calls $0.08
*** FLOP *** [Qc 7d Qs]
feb73f1a: checks
6ac14ab9: checks
aa4c9ee8: bets $0.13
feb73f1a: calls $0.13
6ac14ab9: folds
*** TURN *** [Qc 7d Qs] [5s]
feb73f1a: bets $0.49
aa4c9ee8: folds
Uncalled bet ($0.49) returned to feb73f1a
*** SHOWDOWN ***
feb73f1a collected $0.62 from pot
*** SUMMARY ***
Total pot $0.65 | Rake $0.03 | Jackpot $0 | Bingo $0 | Fortune $0
Board [Qc 7d Qs 5s]
Seat 1: a3d5b364 (button) folded before Flop (didn't bet)
Seat 2: feb73f1a (small blind) won ($0.62)
Seat 3: 6ac14ab9 (big blind) folded on the Flop
Seat 5: Hero folded before Flop (didn't bet)
Seat 6: aa4c9ee8 folded on the Turn


Poker Hand #HD1172982491: Hold'em No Limit  ($0.02/$0.05) - 2023/03/23 20:44:54
Table 'NLHBlue56' 6-max Seat #6 is the button
Seat 1: a3d5b364 ($10.23 in chips)
Seat 2: feb73f1a ($5.72 in chips)
Seat 3: 6ac14ab9 ($5.16 in chips)
Seat 5: Hero ($5 in chips)
Seat 6: aa4c9ee8 ($6.14 in chips)
a3d5b364: posts small blind $0.02
feb73f1a: posts big blind $0.05
*** HOLE CARDS ***
Dealt to a3d5b364 
Dealt to feb73f1a 
Dealt to 6ac14ab9 
Dealt to Hero [Th Qs]
Dealt to aa4c9ee8 
6ac14ab9: raises $0.1 to $0.15
Hero: folds
aa4c9ee8: folds
a3d5b364: folds
feb73f1a: folds
Uncalled bet ($0.1) returned to 6ac14ab9
*** SHOWDOWN ***
6ac14ab9 collected $0.12 from pot
*** SUMMARY ***
Total pot $0.12 | Rake $0 | Jackpot $0 | Bingo $0 | Fortune $0
Seat 1: a3d5b364 (small blind) folded before Flop
Seat 2: feb73f1a (big blind) folded before Flop
Seat 3: 6ac14ab9 collected ($0.12)
Seat 5: Hero folded before Flop (didn't bet)
Seat 6: aa4c9ee8 (button) folded before Flop (didn't bet)


Poker Hand #HD1172982329: Hold'em No Limit  ($0.02/$0.05) - 2023/03/23 20:43:55
Table 'NLHBlue56' 6-max Seat #5 is the button
Seat 1: a3d5b364 ($10.28 in chips)
Seat 2: feb73f1a ($5.77 in chips)
Seat 3: 6ac14ab9 ($6.31 in chips)
Seat 4: 5e5ece03 ($6.25 in chips)
Seat 5: Hero ($5 in chips)
Seat 6: aa4c9ee8 ($5.05 in chips)
aa4c9ee8: posts small blind $0.02
a3d5b364: posts big blind $0.05
*** HOLE CARDS ***
Dealt to a3d5b364 
Dealt to feb73f1a 
Dealt to 6ac14ab9 
Dealt to 5e5ece03 
Dealt to Hero [Js 9s]
Dealt to aa4c9ee8 
feb73f1a: calls $0.05
6ac14ab9: raises $0.1 to $0.15
5e5ece03: folds
Hero: folds
aa4c9ee8: raises $0.4 to $0.55
a3d5b364: folds
feb73f1a: folds
6ac14ab9: calls $0.4
*** FLOP *** [6h 5h 8s]
aa4c9ee8: checks
6ac14ab9: bets $0.6
aa4c9ee8: raises $1.61 to $2.21
6ac14ab9: folds
Uncalled bet ($1.61) returned to aa4c9ee8
*** SHOWDOWN ***
aa4c9ee8 collected $2.24 from pot
*** SUMMARY ***
Total pot $2.4 | Rake $0.11 | Jackpot $0.05 | Bingo $0 | Fortune $0
Board [6h 5h 8s]
Seat 1: a3d5b364 (big blind) folded before Flop
Seat 2: feb73f1a folded before Flop
Seat 3: 6ac14ab9 folded on the Flop
Seat 4: 5e5ece03 folded before Flop (didn't bet)
Seat 5: Hero (button) folded before Flop (didn't bet)
Seat 6: aa4c9ee8 (small blind) won ($2.24)


Poker Hand #HD1172982295: Hold'em No Limit  ($0.02/$0.05) - 2023/03/23 20:43:40
Table 'NLHBlue56' 6-max Seat #4 is the button
Seat 1: a3d5b364 ($10.28 in chips)
Seat 2: feb73f1a ($5.77 in chips)
Seat 3: 6ac14ab9 ($6.31 in chips)
Seat 4: 5e5ece03 ($6.18 in chips)
Seat 5: Hero ($5 in chips)
Seat 6: aa4c9ee8 ($5.1 in chips)
Hero: posts small blind $0.02
aa4c9ee8: posts big blind $0.05
*** HOLE CARDS ***
Dealt to a3d5b364 
Dealt to feb73f1a 
Dealt to 6ac14ab9 
Dealt to 5e5ece03 
Dealt to Hero [5s Jc]
Dealt to aa4c9ee8 
a3d5b364: folds
feb73f1a: folds
6ac14ab9: folds
5e5ece03: raises $0.07 to $0.12
Hero: folds
aa4c9ee8: folds
Uncalled bet ($0.07) returned to 5e5ece03
*** SHOWDOWN ***
5e5ece03 collected $0.12 from pot
*** SUMMARY ***
Total pot $0.12 | Rake $0 | Jackpot $0 | Bingo $0 | Fortune $0
Seat 1: a3d5b364 folded before Flop (didn't bet)
Seat 2: feb73f1a folded before Flop (didn't bet)
Seat 3: 6ac14ab9 folded before Flop (didn't bet)
Seat 4: 5e5ece03 (button) collected ($0.12)
Seat 5: Hero (small blind) folded before Flop
Seat 6: aa4c9ee8 (big blind) folded before Flop


Poker Hand #HD1172982091: Hold'em No Limit  ($0.02/$0.05) - 2023/03/23 20:42:26
Table 'NLHBlue56' 6-max Seat #3 is the button
Seat 1: a3d5b364 ($10.28 in chips)
Seat 2: feb73f1a ($5.77 in chips)
Seat 3: 6ac14ab9 ($6.31 in chips)
Seat 4: 5e5ece03 ($5.61 in chips)
Seat 5: Hero ($5.18 in chips)
Seat 6: aa4c9ee8 ($5.1 in chips)
5e5ece03: posts small blind $0.02
Hero: posts big blind $0.05
*** HOLE CARDS ***
Dealt to a3d5b364 
Dealt to feb73f1a 
Dealt to 6ac14ab9 
Dealt to 5e5ece03 
Dealt to Hero [3d 3h]
Dealt to aa4c9ee8 
aa4c9ee8: folds
a3d5b364: folds
feb73f1a: folds
6ac14ab9: folds
5e5ece03: raises $0.1 to $0.15
Hero: calls $0.1
*** FLOP *** [2c 7h 9h]
5e5ece03: bets $0.1
Hero: calls $0.1
*** TURN *** [2c 7h 9h] [8s]
5e5ece03: checks
Hero: bets $0.38
5e5ece03: calls $0.38
*** RIVER *** [2c 7h 9h 8s] [Ah]
5e5ece03: bets $1.26
Hero: folds
Uncalled bet ($1.26) returned to 5e5ece03
*** SHOWDOWN ***
5e5ece03 collected $1.2 from pot
*** SUMMARY ***
Total pot $1.26 | Rake $0.06 | Jackpot $0 | Bingo $0 | Fortune $0
Board [2c 7h 9h 8s Ah]
Seat 1: a3d5b364 folded before Flop (didn't bet)
Seat 2: feb73f1a folded before Flop (didn't bet)
Seat 3: 6ac14ab9 (button) folded before Flop (didn't bet)
Seat 4: 5e5ece03 (small blind) won ($1.2)
Seat 5: Hero (big blind) folded on the River
Seat 6: aa4c9ee8 folded before Flop (didn't bet)


Poker Hand #HD1172982053: Hold'em No Limit  ($0.02/$0.05) - 2023/03/23 20:42:11
Table 'NLHBlue56' 6-max Seat #2 is the button
Seat 1: a3d5b364 ($10.28 in chips)
Seat 2: feb73f1a ($5.77 in chips)
Seat 3: 6ac14ab9 ($6.26 in chips)
Seat 4: 5e5ece03 ($5.66 in chips)
Seat 5: Hero ($5.18 in chips)
Seat 6: aa4c9ee8 ($5.1 in chips)
6ac14ab9: posts small blind $0.02
5e5ece03: posts big blind $0.05
*** HOLE CARDS ***
Dealt to a3d5b364 
Dealt to feb73f1a 
Dealt to 6ac14ab9 
Dealt to 5e5ece03 
Dealt to Hero [5d Qd]
Dealt to aa4c9ee8 
Hero: folds
aa4c9ee8: folds
a3d5b364: folds
feb73f1a: folds
6ac14ab9: raises $0.05 to $0.1
5e5ece03: folds
Uncalled bet ($0.05) returned to 6ac14ab9
*** SHOWDOWN ***
6ac14ab9 collected $0.1 from pot
*** SUMMARY ***
Total pot $0.1 | Rake $0 | Jackpot $0 | Bingo $0 | Fortune $0
Seat 1: a3d5b364 folded before Flop (didn't bet)
Seat 2: feb73f1a (button) folded before Flop (didn't bet)
Seat 3: 6ac14ab9 (small blind) collected ($0.1)
Seat 4: 5e5ece03 (big blind) folded before Flop
Seat 5: Hero folded before Flop (didn't bet)
Seat 6: aa4c9ee8 folded before Flop (didn't bet)


Poker Hand #HD1172982007: Hold'em No Limit  ($0.02/$0.05) - 2023/03/23 20:41:52
Table 'NLHBlue56' 6-max Seat #1 is the button
Seat 1: a3d5b364 ($10.28 in chips)
Seat 2: feb73f1a ($5.72 in chips)
Seat 3: 6ac14ab9 ($6.31 in chips)
Seat 4: 5e5ece03 ($5.66 in chips)
Seat 5: Hero ($5.18 in chips)
Seat 6: aa4c9ee8 ($5.1 in chips)
feb73f1a: posts small blind $0.02
6ac14ab9: posts big blind $0.05
*** HOLE CARDS ***
Dealt to a3d5b364 
Dealt to feb73f1a 
Dealt to 6ac14ab9 
Dealt to 5e5ece03 
Dealt to Hero [5d 6h]
Dealt to aa4c9ee8 
5e5ece03: folds
Hero: folds
aa4c9ee8: folds
a3d5b364: folds
feb73f1a: raises $0.15 to $0.2
6ac14ab9: folds
Uncalled bet ($0.15) returned to feb73f1a
*** SHOWDOWN ***
feb73f1a collected $0.1 from pot
*** SUMMARY ***
Total pot $0.1 | Rake $0 | Jackpot $0 | Bingo $0 | Fortune $0
Seat 1: a3d5b364 (button) folded before Flop (didn't bet)
Seat 2: feb73f1a (small blind) collected ($0.1)
Seat 3: 6ac14ab9 (big blind) folded before Flop
Seat 4: 5e5ece03 folded before Flop (didn't bet)
Seat 5: Hero folded before Flop (didn't bet)
Seat 6: aa4c9ee8 folded before Flop (didn't bet)


Poker Hand #HD1172981912: Hold'em No Limit  ($0.02/$0.05) - 2023/03/23 20:41:18
Table 'NLHBlue56' 6-max Seat #6 is the button
Seat 1: a3d5b364 ($10.3 in chips)
Seat 2: feb73f1a ($5.84 in chips)
Seat 3: 6ac14ab9 ($6.31 in chips)
Seat 4: 5e5ece03 ($5.66 in chips)
Seat 5: Hero ($5.05 in chips)
Seat 6: aa4c9ee8 ($5.1 in chips)
a3d5b364: posts small blind $0.02
feb73f1a: posts big blind $0.05
*** HOLE CARDS ***
Dealt to a3d5b364 
Dealt to feb73f1a 
Dealt to 6ac14ab9 
Dealt to 5e5ece03 
Dealt to Hero [7c Tc]
Dealt to aa4c9ee8 
6ac14ab9: folds
5e5ece03: folds
Hero: raises $0.07 to $0.12
aa4c9ee8: folds
a3d5b364: folds
feb73f1a: calls $0.07
*** FLOP *** [3d Ac Kc]
feb73f1a: checks
Hero: bets $0.14
feb73f1a: folds
Uncalled bet ($0.14) returned to Hero
*** SHOWDOWN ***
Hero collected $0.25 from pot
*** SUMMARY ***
Total pot $0.26 | Rake $0.01 | Jackpot $0 | Bingo $0 | Fortune $0
Board [3d Ac Kc]
Seat 1: a3d5b364 (small blind) folded before Flop
Seat 2: feb73f1a (big blind) folded on the Flop
Seat 3: 6ac14ab9 folded before Flop (didn't bet)
Seat 4: 5e5ece03 folded before Flop (didn't bet)
Seat 5: Hero won ($0.25)
Seat 6: aa4c9ee8 (button) folded before Flop (didn't bet)


Poker Hand #HD1172981867: Hold'em No Limit  ($0.02/$0.05) - 2023/03/23 20:41:01
Table 'NLHBlue56' 6-max Seat #5 is the button
Seat 1: a3d5b364 ($10.28 in chips)
Seat 2: feb73f1a ($5.84 in chips)
Seat 3: 6ac14ab9 ($6.31 in chips)
Seat 4: 5e5ece03 ($5.66 in chips)
Seat 5: Hero ($5.05 in chips)
Seat 6: aa4c9ee8 ($5.12 in chips)
aa4c9ee8: posts small blind $0.02
a3d5b364: posts big blind $0.05
*** HOLE CARDS ***
Dealt to a3d5b364 
Dealt to feb73f1a 
Dealt to 6ac14ab9 
Dealt to 5e5ece03 
Dealt to Hero [3d 6s]
Dealt to aa4c9ee8 
feb73f1a: folds
6ac14ab9: folds
5e5ece03: folds
Hero: folds
aa4c9ee8: folds
Uncalled bet ($0.03) returned to a3d5b364
*** SHOWDOWN ***
a3d5b364 collected $0.04 from pot
*** SUMMARY ***
Total pot $0.04 | Rake $0 | Jackpot $0 | Bingo $0 | Fortune $0
Seat 1: a3d5b364 (big blind) collected ($0.04)
Seat 2: feb73f1a folded before Flop (didn't bet)
Seat 3: 6ac14ab9 folded before Flop (didn't bet)
Seat 4: 5e5ece03 folded before Flop (didn't bet)
Seat 5: Hero (button) folded before Flop (didn't bet)
Seat 6: aa4c9ee8 (small blind) folded before Flop


Poker Hand #HD1172981840: Hold'em No Limit  ($0.02/$0.05) - 2023/03/23 20:40:46
Table 'NLHBlue56' 6-max Seat #4 is the button
Seat 1: a3d5b364 ($10.28 in chips)
Seat 2: feb73f1a ($5.84 in chips)
Seat 3: 6ac14ab9 ($6.31 in chips)
Seat 4: 5e5ece03 ($5.66 in chips)
Seat 5: Hero ($5 in chips)
Seat 6: aa4c9ee8 ($5.17 in chips)
Hero: posts small blind $0.02
aa4c9ee8: posts big blind $0.05
*** HOLE CARDS ***
Dealt to a3d5b364 
Dealt to feb73f1a 
Dealt to 6ac14ab9 
Dealt to 5e5ece03 
Dealt to Hero [9s Tc]
Dealt to aa4c9ee8 
a3d5b364: folds
feb73f1a: folds
6ac14ab9: folds
5e5ece03: folds
Hero: raises $0.09 to $0.14
aa4c9ee8: folds
Uncalled bet ($0.09) returned to Hero
*** SHOWDOWN ***
Hero collected $0.1 from pot
*** SUMMARY ***
Total pot $0.1 | Rake $0 | Jackpot $0 | Bingo $0 | Fortune $0
Seat 1: a3d5b364 folded before Flop (didn't bet)
Seat 2: feb73f1a folded before Flop (didn't bet)
Seat 3: 6ac14ab9 folded before Flop (didn't bet)
Seat 4: 5e5ece03 (button) folded before Flop (didn't bet)
Seat 5: Hero (small blind) collected ($0.1)
Seat 6: aa4c9ee8 (big blind) folded before Flop


Poker Hand #HD1172981780: Hold'em No Limit  ($0.02/$0.05) - 2023/03/23 20:40:25
Table 'NLHBlue56' 6-max Seat #3 is the button
Seat 1: a3d5b364 ($10.28 in chips)
Seat 2: feb73f1a ($5.84 in chips)
Seat 3: 6ac14ab9 ($6.24 in chips)
Seat 4: 5e5ece03 ($5.68 in chips)
Seat 5: Hero ($5 in chips)
Seat 6: aa4c9ee8 ($5.17 in chips)
5e5ece03: posts small blind $0.02
Hero: posts big blind $0.05
*** HOLE CARDS ***
Dealt to a3d5b364 
Dealt to feb73f1a 
Dealt to 6ac14ab9 
Dealt to 5e5ece03 
Dealt to Hero [Ks 6d]
Dealt to aa4c9ee8 
aa4c9ee8: folds
a3d5b364: folds
feb73f1a: folds
6ac14ab9: raises $0.1 to $0.15
5e5ece03: folds
Hero: folds
Uncalled bet ($0.1) returned to 6ac14ab9
*** SHOWDOWN ***
6ac14ab9 collected $0.12 from pot
*** SUMMARY ***
Total pot $0.12 | Rake $0 | Jackpot $0 | Bingo $0 | Fortune $0
Seat 1: a3d5b364 folded before Flop (didn't bet)
Seat 2: feb73f1a folded before Flop (didn't bet)
Seat 3: 6ac14ab9 (button) collected ($0.12)
Seat 4: 5e5ece03 (small blind) folded before Flop
Seat 5: Hero (big blind) folded before Flop
Seat 6: aa4c9ee8 folded before Flop (didn't bet)


Poker Hand #HD1172981708: Hold'em No Limit  ($0.02/$0.05) - 2023/03/23 20:39:56
Table 'NLHBlue56' 6-max Seat #2 is the button
Seat 1: a3d5b364 ($10.28 in chips)
Seat 2: feb73f1a ($5.84 in chips)
Seat 3: 6ac14ab9 ($6.37 in chips)
Seat 4: 5e5ece03 ($5.73 in chips)
Seat 5: Hero ($5 in chips)
Seat 6: aa4c9ee8 ($5 in chips)
6ac14ab9: posts small blind $0.02
5e5ece03: posts big blind $0.05
*** HOLE CARDS ***
Dealt to a3d5b364 
Dealt to feb73f1a 
Dealt to 6ac14ab9 
Dealt to 5e5ece03 
Dealt to Hero [Kd 4s]
Dealt to aa4c9ee8 
Hero: folds
aa4c9ee8: raises $0.08 to $0.13
a3d5b364: folds
feb73f1a: folds
6ac14ab9: calls $0.11
5e5ece03: folds
*** FLOP *** [7d 9c Qc]
6ac14ab9: checks
aa4c9ee8: bets $0.21
6ac14ab9: folds
Uncalled bet ($0.21) returned to aa4c9ee8
*** SHOWDOWN ***
aa4c9ee8 collected $0.3 from pot
*** SUMMARY ***
Total pot $0.31 | Rake $0.01 | Jackpot $0 | Bingo $0 | Fortune $0
Board [7d 9c Qc]
Seat 1: a3d5b364 folded before Flop (didn't bet)
Seat 2: feb73f1a (button) folded before Flop (didn't bet)
Seat 3: 6ac14ab9 (small blind) folded on the Flop
Seat 4: 5e5ece03 (big blind) folded before Flop
Seat 5: Hero folded before Flop (didn't bet)
Seat 6: aa4c9ee8 won ($0.3)


Poker Hand #HD1172981601: Hold'em No Limit  ($0.02/$0.05) - 2023/03/23 20:39:17
Table 'NLHBlue56' 6-max Seat #1 is the button
Seat 1: a3d5b364 ($10.28 in chips)
Seat 2: feb73f1a ($5.97 in chips)
Seat 3: 6ac14ab9 ($6.13 in chips)
Seat 4: 5e5ece03 ($5.73 in chips)
Seat 5: Hero ($5 in chips)
Seat 6: aa4c9ee8 ($5.07 in chips)
feb73f1a: posts small blind $0.02
6ac14ab9: posts big blind $0.05
*** HOLE CARDS ***
Dealt to a3d5b364 
Dealt to feb73f1a 
Dealt to 6ac14ab9 
Dealt to 5e5ece03 
Dealt to Hero [Jc 8d]
Dealt to aa4c9ee8 
5e5ece03: folds
Hero: folds
aa4c9ee8: raises $0.08 to $0.13
a3d5b364: folds
feb73f1a: calls $0.11
6ac14ab9: calls $0.08
*** FLOP *** [Jd Ts Ks]
feb73f1a: checks
6ac14ab9: checks
aa4c9ee8: checks
*** TURN *** [Jd Ts Ks] [9h]
feb73f1a: checks
6ac14ab9: bets $0.3
aa4c9ee8: folds
feb73f1a: folds
Uncalled bet ($0.3) returned to 6ac14ab9
*** SHOWDOWN ***
6ac14ab9 collected $0.37 from pot
*** SUMMARY ***
Total pot $0.39 | Rake $0.02 | Jackpot $0 | Bingo $0 | Fortune $0
Board [Jd Ts Ks 9h]
Seat 1: a3d5b364 (button) folded before Flop (didn't bet)
Seat 2: feb73f1a (small blind) folded on the Turn
Seat 3: 6ac14ab9 (big blind) won ($0.37)
Seat 4: 5e5ece03 folded before Flop (didn't bet)
Seat 5: Hero folded before Flop (didn't bet)
Seat 6: aa4c9ee8 folded on the Turn


Poker Hand #HD1172981548: Hold'em No Limit  ($0.02/$0.05) - 2023/03/23 20:38:56
Table 'NLHBlue56' 6-max Seat #6 is the button
Seat 1: a3d5b364 ($10.3 in chips)
Seat 2: feb73f1a ($6.02 in chips)
Seat 3: 6ac14ab9 ($6.13 in chips)
Seat 4: 5e5ece03 ($5.73 in chips)
Seat 5: Hero ($5 in chips)
Seat 6: aa4c9ee8 ($5 in chips)
a3d5b364: posts small blind $0.02
feb73f1a: posts big blind $0.05
*** HOLE CARDS ***
Dealt to a3d5b364 
Dealt to feb73f1a 
Dealt to 6ac14ab9 
Dealt to 5e5ece03 
Dealt to Hero [2h 7s]
Dealt to aa4c9ee8 
6ac14ab9: folds
5e5ece03: folds
Hero: folds
aa4c9ee8: raises $0.08 to $0.13
a3d5b364: folds
feb73f1a: folds
Uncalled bet ($0.08) returned to aa4c9ee8
*** SHOWDOWN ***
aa4c9ee8 collected $0.12 from pot
*** SUMMARY ***
Total pot $0.12 | Rake $0 | Jackpot $0 | Bingo $0 | Fortune $0
Seat 1: a3d5b364 (small blind) folded before Flop
Seat 2: feb73f1a (big blind) folded before Flop
Seat 3: 6ac14ab9 folded before Flop (didn't bet)
Seat 4: 5e5ece03 folded before Flop (didn't bet)
Seat 5: Hero folded before Flop (didn't bet)
Seat 6: aa4c9ee8 (button) collected ($0.12)


Poker Hand #HD1172981498: Hold'em No Limit  ($0.02/$0.05) - 2023/03/23 20:38:39
Table 'NLHBlue56' 6-max Seat #5 is the button
Seat 1: a3d5b364 ($10.35 in chips)
Seat 3: 6ac14ab9 ($6.13 in chips)
Seat 4: 5e5ece03 ($5.66 in chips)
Seat 5: Hero ($5 in chips)
Seat 6: aa4c9ee8 ($5 in chips)
aa4c9ee8: posts small blind $0.02
a3d5b364: posts big blind $0.05
*** HOLE CARDS ***
Dealt to a3d5b364 
Dealt to 6ac14ab9 
Dealt to 5e5ece03 
Dealt to Hero [5d 6c]
Dealt to aa4c9ee8 
6ac14ab9: folds
5e5ece03: raises $0.1 to $0.15
Hero: folds
aa4c9ee8: folds
a3d5b364: folds
Uncalled bet ($0.1) returned to 5e5ece03
*** SHOWDOWN ***
5e5ece03 collected $0.12 from pot
*** SUMMARY ***
Total pot $0.12 | Rake $0 | Jackpot $0 | Bingo $0 | Fortune $0
Seat 1: a3d5b364 (big blind) folded before Flop
Seat 3: 6ac14ab9 folded before Flop (didn't bet)
Seat 4: 5e5ece03 collected ($0.12)
Seat 5: Hero (button) folded before Flop (didn't bet)
Seat 6: aa4c9ee8 (small blind) folded before Flop


Poker Hand #HD1172981397: Hold'em No Limit  ($0.02/$0.05) - 2023/03/23 20:37:58
Table 'NLHBlue56' 6-max Seat #4 is the button
Seat 1: a3d5b364 ($10.35 in chips)
Seat 3: 6ac14ab9 ($6.13 in chips)
Seat 4: 5e5ece03 ($5.09 in chips)
Seat 5: Hero ($5.47 in chips)
Seat 6: aa4c9ee8 ($5 in chips)
Hero: posts small blind $0.02
aa4c9ee8: posts big blind $0.05
*** HOLE CARDS ***
Dealt to a3d5b364 
Dealt to 6ac14ab9 
Dealt to 5e5ece03 
Dealt to Hero [Kc Jc]
Dealt to aa4c9ee8 
a3d5b364: folds
6ac14ab9: folds
5e5ece03: raises $0.07 to $0.12
Hero: raises $0.46 to $0.58
aa4c9ee8: folds
5e5ece03: raises $0.92 to $1.5
Hero: folds
Uncalled bet ($0.92) returned to 5e5ece03
*** SHOWDOWN ***
5e5ece03 collected $1.15 from pot
*** SUMMARY ***
Total pot $1.21 | Rake $0.06 | Jackpot $0 | Bingo $0 | Fortune $0
Seat 1: a3d5b364 folded before Flop (didn't bet)
Seat 3: 6ac14ab9 folded before Flop (didn't bet)
Seat 4: 5e5ece03 (button) collected ($1.15)
Seat 5: Hero (small blind) folded before Flop
Seat 6: aa4c9ee8 (big blind) folded before Flop


Poker Hand #HD1172981321: Hold'em No Limit  ($0.02/$0.05) - 2023/03/23 20:37:27
Table 'NLHBlue56' 6-max Seat #3 is the button
Seat 1: a3d5b364 ($10.35 in chips)
Seat 3: 6ac14ab9 ($5.97 in chips)
Seat 4: 5e5ece03 ($5.11 in chips)
Seat 5: Hero ($5.62 in chips)
Seat 6: aa4c9ee8 ($5 in chips)
5e5ece03: posts small blind $0.02
Hero: posts big blind $0.05
*** HOLE CARDS ***
Dealt to a3d5b364 
Dealt to 6ac14ab9 
Dealt to 5e5ece03 
Dealt to Hero [4d Qd]
Dealt to aa4c9ee8 
aa4c9ee8: folds
a3d5b364: folds
6ac14ab9: raises $0.1 to $0.15
5e5ece03: folds
Hero: calls $0.1
*** FLOP *** [Th Jh 7h]
Hero: checks
6ac14ab9: bets $0.11
Hero: folds
Uncalled bet ($0.11) returned to 6ac14ab9
*** SHOWDOWN ***
6ac14ab9 collected $0.31 from pot
*** SUMMARY ***
Total pot $0.32 | Rake $0.01 | Jackpot $0 | Bingo $0 | Fortune $0
Board [Th Jh 7h]
Seat 1: a3d5b364 folded before Flop (didn't bet)
Seat 3: 6ac14ab9 (button) won ($0.31)
Seat 4: 5e5ece03 (small blind) folded before Flop
Seat 5: Hero (big blind) folded on the Flop
Seat 6: aa4c9ee8 folded before Flop (didn't bet)


Poker Hand #HD1172981293: Hold'em No Limit  ($0.02/$0.05) - 2023/03/23 20:37:19
Table 'NLHBlue56' 6-max Seat #1 is the button
Seat 1: a3d5b364 ($10.35 in chips)
Seat 3: 6ac14ab9 ($5.99 in chips)
Seat 4: 5e5ece03 ($5.16 in chips)
Seat 5: Hero ($5.55 in chips)
Seat 6: aa4c9ee8 ($5 in chips)
6ac14ab9: posts small blind $0.02
5e5ece03: posts big blind $0.05
*** HOLE CARDS ***
Dealt to a3d5b364 
Dealt to 6ac14ab9 
Dealt to 5e5ece03 
Dealt to Hero [Qs Qc]
Dealt to aa4c9ee8 
Hero: raises $0.07 to $0.12
aa4c9ee8: folds
a3d5b364: folds
6ac14ab9: folds
5e5ece03: folds
Uncalled bet ($0.07) returned to Hero
*** SHOWDOWN ***
Hero collected $0.12 from pot
*** SUMMARY ***
Total pot $0.12 | Rake $0 | Jackpot $0 | Bingo $0 | Fortune $0
Seat 1: a3d5b364 (button) folded before Flop (didn't bet)
Seat 3: 6ac14ab9 (small blind) folded before Flop
Seat 4: 5e5ece03 (big blind) folded before Flop
Seat 5: Hero collected ($0.12)
Seat 6: aa4c9ee8 folded before Flop (didn't bet)


Poker Hand #HD1172981267: Hold'em No Limit  ($0.02/$0.05) - 2023/03/23 20:37:07
Table 'NLHBlue56' 6-max Seat #6 is the button
Seat 1: a3d5b364 ($10.3 in chips)
Seat 3: 6ac14ab9 ($6.04 in chips)
Seat 4: 5e5ece03 ($5.16 in chips)
Seat 5: Hero ($5.55 in chips)
Seat 6: aa4c9ee8 ($5 in chips)
a3d5b364: posts small blind $0.02
6ac14ab9: posts big blind $0.05
*** HOLE CARDS ***
Dealt to a3d5b364 
Dealt to 6ac14ab9 
Dealt to 5e5ece03 
Dealt to Hero [Kh 6s]
Dealt to aa4c9ee8 
5e5ece03: folds
Hero: folds
aa4c9ee8: folds
a3d5b364: raises $0.1 to $0.15
6ac14ab9: folds
Uncalled bet ($0.1) returned to a3d5b364
*** SHOWDOWN ***
a3d5b364 collected $0.1 from pot
*** SUMMARY ***
Total pot $0.1 | Rake $0 | Jackpot $0 | Bingo $0 | Fortune $0
Seat 1: a3d5b364 (small blind) collected ($0.1)
Seat 3: 6ac14ab9 (big blind) folded before Flop
Seat 4: 5e5ece03 folded before Flop (didn't bet)
Seat 5: Hero folded before Flop (didn't bet)
Seat 6: aa4c9ee8 (button) folded before Flop (didn't bet)


Poker Hand #HD1172981202: Hold'em No Limit  ($0.02/$0.05) - 2023/03/23 20:36:43
Table 'NLHBlue56' 6-max Seat #5 is the button
Seat 1: a3d5b364 ($10.45 in chips)
Seat 2: feb73f1a ($6.02 in chips)
Seat 3: 6ac14ab9 ($6.04 in chips)
Seat 4: 5e5ece03 ($5 in chips)
Seat 5: Hero ($5.55 in chips)
Seat 6: aa4c9ee8 ($5 in chips)
aa4c9ee8: posts small blind $0.02
a3d5b364: posts big blind $0.05
*** HOLE CARDS ***
Dealt to a3d5b364 
Dealt to feb73f1a 
Dealt to 6ac14ab9 
Dealt to 5e5ece03 
Dealt to Hero [4h Kd]
Dealt to aa4c9ee8 
feb73f1a: folds
6ac14ab9: folds
5e5ece03: raises $0.1 to $0.15
Hero: folds
aa4c9ee8: folds
a3d5b364: calls $0.1
*** FLOP *** [9c Tc Td]
a3d5b364: checks
5e5ece03: bets $0.16
a3d5b364: folds
Uncalled bet ($0.16) returned to 5e5ece03
*** SHOWDOWN ***
5e5ece03 collected $0.31 from pot
*** SUMMARY ***
Total pot $0.32 | Rake $0.01 | Jackpot $0 | Bingo $0 | Fortune $0
Board [9c Tc Td]
Seat 1: a3d5b364 (big blind) folded on the Flop
Seat 2: feb73f1a folded before Flop (didn't bet)
Seat 3: 6ac14ab9 folded before Flop (didn't bet)
Seat 4: 5e5ece03 won ($0.31)
Seat 5: Hero (button) folded before Flop (didn't bet)
Seat 6: aa4c9ee8 (small blind) folded before Flop


Poker Hand #HD1172981105: Hold'em No Limit  ($0.02/$0.05) - 2023/03/23 20:36:08
Table 'NLHBlue56' 6-max Seat #4 is the button
Seat 1: a3d5b364 ($10.45 in chips)
Seat 2: feb73f1a ($6.02 in chips)
Seat 3: 6ac14ab9 ($6.14 in chips)
Seat 4: 5e5ece03 ($5 in chips)
Seat 5: Hero ($5.41 in chips)
Seat 6: aa4c9ee8 ($5 in chips)
Hero: posts small blind $0.02
aa4c9ee8: posts big blind $0.05
*** HOLE CARDS ***
Dealt to a3d5b364 
Dealt to feb73f1a 
Dealt to 6ac14ab9 
Dealt to 5e5ece03 
Dealt to Hero [Qc Kh]
Dealt to aa4c9ee8 
a3d5b364: folds
feb73f1a: folds
6ac14ab9: raises $0.05 to $0.1
5e5ece03: folds
Hero: raises $0.38 to $0.48
aa4c9ee8: folds
6ac14ab9: folds
Uncalled bet ($0.38) returned to Hero
*** SHOWDOWN ***
Hero collected $0.24 from pot
*** SUMMARY ***
Total pot $0.25 | Rake $0.01 | Jackpot $0 | Bingo $0 | Fortune $0
Seat 1: a3d5b364 folded before Flop (didn't bet)
Seat 2: feb73f1a folded before Flop (didn't bet)
Seat 3: 6ac14ab9 folded before Flop
Seat 4: 5e5ece03 (button) folded before Flop (didn't bet)
Seat 5: Hero (small blind) collected ($0.24)
Seat 6: aa4c9ee8 (big blind) folded before Flop


Poker Hand #HD1172981007: Hold'em No Limit  ($0.02/$0.05) - 2023/03/23 20:35:28
Table 'NLHBlue56' 6-max Seat #3 is the button
Seat 1: a3d5b364 ($10.45 in chips)
Seat 2: feb73f1a ($6.02 in chips)
Seat 3: 6ac14ab9 ($6.57 in chips)
Seat 4: 5e5ece03 ($5.02 in chips)
Seat 5: Hero ($5 in chips)
Seat 6: aa4c9ee8 ($5 in chips)
5e5ece03: posts small blind $0.02
Hero: posts big blind $0.05
*** HOLE CARDS ***
Dealt to a3d5b364 
Dealt to feb73f1a 
Dealt to 6ac14ab9 
Dealt to 5e5ece03 
Dealt to Hero [Qc Qs]
Dealt to aa4c9ee8 
aa4c9ee8: folds
a3d5b364: folds
feb73f1a: folds
6ac14ab9: raises $0.05 to $0.1
5e5ece03: folds
Hero: raises $0.33 to $0.43
6ac14ab9: calls $0.33
*** FLOP *** [9d 3h 2h]
Hero: bets $0.66
6ac14ab9: folds
Uncalled bet ($0.66) returned to Hero
*** SHOWDOWN ***
Hero collected $0.84 from pot
*** SUMMARY ***
Total pot $0.88 | Rake $0.04 | Jackpot $0 | Bingo $0 | Fortune $0
Board [9d 3h 2h]
Seat 1: a3d5b364 folded before Flop (didn't bet)
Seat 2: feb73f1a folded before Flop (didn't bet)
Seat 3: 6ac14ab9 (button) folded on the Flop
Seat 4: 5e5ece03 (small blind) folded before Flop
Seat 5: Hero (big blind) won ($0.84)
Seat 6: aa4c9ee8 folded before Flop (didn't bet)


