Poker Hand #HD1203743042: Hold'em No Limit  ($0.02/$0.05) - 2023/04/15 08:44:28
Table 'NLHBlue20' 6-max Seat #1 is the button
Seat 1: ce106503 ($5 in chips)
Seat 2: Hero ($5.44 in chips)
Seat 3: 488105a8 ($5 in chips)
Seat 4: 419db4da ($8.03 in chips)
Seat 5: 4202bc4 ($7.51 in chips)
Seat 6: e6954cd0 ($4.43 in chips)
Hero: posts small blind $0.02
488105a8: posts big blind $0.05
*** HOLE CARDS ***
Dealt to ce106503 
Dealt to Hero [4c 4d]
Dealt to 488105a8 
Dealt to 419db4da 
Dealt to 4202bc4 
Dealt to e6954cd0 
419db4da: raises $0.07 to $0.12
4202bc4: folds
e6954cd0: folds
ce106503: folds
Hero: folds
488105a8: folds
Uncalled bet ($0.07) returned to 419db4da
*** SHOWDOWN ***
419db4da collected $0.12 from pot
*** SUMMARY ***
Total pot $0.12 | Rake $0 | Jackpot $0 | Bingo $0 | Fortune $0
Seat 1: ce106503 (button) folded before Flop (didn't bet)
Seat 2: Hero (small blind) folded before Flop
Seat 3: 488105a8 (big blind) folded before Flop
Seat 4: 419db4da collected ($0.12)
Seat 5: 4202bc4 folded before Flop (didn't bet)
Seat 6: e6954cd0 folded before Flop (didn't bet)


Poker Hand #HD1203743014: Hold'em No Limit  ($0.02/$0.05) - 2023/04/15 08:44:11
Table 'NLHBlue20' 6-max Seat #6 is the button
Seat 1: ce106503 ($5 in chips)
Seat 2: Hero ($5.42 in chips)
Seat 4: 419db4da ($8.03 in chips)
Seat 5: 4202bc4 ($7.51 in chips)
Seat 6: e6954cd0 ($4.43 in chips)
ce106503: posts small blind $0.02
Hero: posts big blind $0.05
*** HOLE CARDS ***
Dealt to ce106503 
Dealt to Hero [3d Qh]
Dealt to 419db4da 
Dealt to 4202bc4 
Dealt to e6954cd0 
419db4da: folds
4202bc4: folds
e6954cd0: folds
ce106503: folds
Uncalled bet ($0.03) returned to Hero
*** SHOWDOWN ***
Hero collected $0.04 from pot
*** SUMMARY ***
Total pot $0.04 | Rake $0 | Jackpot $0 | Bingo $0 | Fortune $0
Seat 1: ce106503 (small blind) folded before Flop
Seat 2: Hero (big blind) collected ($0.04)
Seat 4: 419db4da folded before Flop (didn't bet)
Seat 5: 4202bc4 folded before Flop (didn't bet)
Seat 6: e6954cd0 (button) folded before Flop (didn't bet)


Poker Hand #HD1203742977: Hold'em No Limit  ($0.02/$0.05) - 2023/04/15 08:43:40
Table 'NLHBlue20' 6-max Seat #5 is the button
Seat 1: ce106503 ($5 in chips)
Seat 2: Hero ($5.35 in chips)
Seat 4: 419db4da ($8.03 in chips)
Seat 5: 4202bc4 ($7.51 in chips)
Seat 6: e6954cd0 ($4.45 in chips)
e6954cd0: posts small blind $0.02
ce106503: posts big blind $0.05
*** HOLE CARDS ***
Dealt to ce106503 
Dealt to Hero [Ah 7h]
Dealt to 419db4da 
Dealt to 4202bc4 
Dealt to e6954cd0 
Hero: raises $0.07 to $0.12
419db4da: folds
4202bc4: folds
e6954cd0: folds
ce106503: folds
Uncalled bet ($0.07) returned to Hero
*** SHOWDOWN ***
Hero collected $0.12 from pot
*** SUMMARY ***
Total pot $0.12 | Rake $0 | Jackpot $0 | Bingo $0 | Fortune $0
Seat 1: ce106503 (big blind) folded before Flop
Seat 2: Hero collected ($0.12)
Seat 4: 419db4da folded before Flop (didn't bet)
Seat 5: 4202bc4 (button) folded before Flop (didn't bet)
Seat 6: e6954cd0 (small blind) folded before Flop


Poker Hand #HD1203742894: Hold'em No Limit  ($0.02/$0.05) - 2023/04/15 08:42:43
Table 'NLHBlue20' 6-max Seat #4 is the button
Seat 2: Hero ($5.35 in chips)
Seat 4: 419db4da ($8.03 in chips)
Seat 5: 4202bc4 ($7.81 in chips)
Seat 6: e6954cd0 ($4.18 in chips)
4202bc4: posts small blind $0.02
e6954cd0: posts big blind $0.05
*** HOLE CARDS ***
Dealt to Hero [Qd 6s]
Dealt to 419db4da 
Dealt to 4202bc4 
Dealt to e6954cd0 
Hero: folds
419db4da: folds
4202bc4: raises $0.1 to $0.15
e6954cd0: calls $0.1
*** FLOP *** [3d 7s 8h]
4202bc4: checks
e6954cd0: checks
*** TURN *** [3d 7s 8h] [3c]
4202bc4: checks
e6954cd0: checks
*** RIVER *** [3d 7s 8h 3c] [Qh]
4202bc4: checks
e6954cd0: bets $0.15
4202bc4: calls $0.15
e6954cd0: shows [3s As] (Three Treys)
4202bc4: shows [Jh Qc] (Pair of Queens and Pair of Treys)
*** SHOWDOWN ***
e6954cd0 collected $0.57 from pot
*** SUMMARY ***
Total pot $0.6 | Rake $0.03 | Jackpot $0 | Bingo $0 | Fortune $0
Board [3d 7s 8h 3c Qh]
Seat 2: Hero folded before Flop (didn't bet)
Seat 4: 419db4da (button) folded before Flop (didn't bet)
Seat 5: 4202bc4 (small blind) showed [Jh Qc] and lost with Pair of Queens and Pair of Treys
Seat 6: e6954cd0 (big blind) showed [3s As] and won ($0.57) with Three Treys


Poker Hand #HD1203742858: Hold'em No Limit  ($0.02/$0.05) - 2023/04/15 08:42:15
Table 'NLHBlue20' 6-max Seat #2 is the button
Seat 2: Hero ($5.35 in chips)
Seat 4: 419db4da ($8.05 in chips)
Seat 5: 4202bc4 ($7.79 in chips)
Seat 6: e6954cd0 ($4.18 in chips)
419db4da: posts small blind $0.02
4202bc4: posts big blind $0.05
*** HOLE CARDS ***
Dealt to Hero [4h 5d]
Dealt to 419db4da 
Dealt to 4202bc4 
Dealt to e6954cd0 
e6954cd0: folds
Hero: folds
419db4da: folds
Uncalled bet ($0.03) returned to 4202bc4
*** SHOWDOWN ***
4202bc4 collected $0.04 from pot
*** SUMMARY ***
Total pot $0.04 | Rake $0 | Jackpot $0 | Bingo $0 | Fortune $0
Seat 2: Hero (button) folded before Flop (didn't bet)
Seat 4: 419db4da (small blind) folded before Flop
Seat 5: 4202bc4 (big blind) collected ($0.04)
Seat 6: e6954cd0 folded before Flop (didn't bet)


Poker Hand #HD1203742847: Hold'em No Limit  ($0.02/$0.05) - 2023/04/15 08:42:08
Table 'NLHBlue20' 6-max Seat #6 is the button
Seat 2: Hero ($5.37 in chips)
Seat 4: 419db4da ($8.03 in chips)
Seat 5: 4202bc4 ($7.79 in chips)
Seat 6: e6954cd0 ($4.18 in chips)
Hero: posts small blind $0.02
419db4da: posts big blind $0.05
*** HOLE CARDS ***
Dealt to Hero [Tc 6d]
Dealt to 419db4da 
Dealt to 4202bc4 
Dealt to e6954cd0 
4202bc4: folds
e6954cd0: folds
Hero: folds
Uncalled bet ($0.03) returned to 419db4da
*** SHOWDOWN ***
419db4da collected $0.04 from pot
*** SUMMARY ***
Total pot $0.04 | Rake $0 | Jackpot $0 | Bingo $0 | Fortune $0
Seat 2: Hero (small blind) folded before Flop
Seat 4: 419db4da (big blind) collected ($0.04)
Seat 5: 4202bc4 folded before Flop (didn't bet)
Seat 6: e6954cd0 (button) folded before Flop (didn't bet)


Poker Hand #HD1203742834: Hold'em No Limit  ($0.02/$0.05) - 2023/04/15 08:42:01
Table 'NLHBlue20' 6-max Seat #5 is the button
Seat 2: Hero ($5.35 in chips)
Seat 4: 419db4da ($8.03 in chips)
Seat 5: 4202bc4 ($7.79 in chips)
Seat 6: e6954cd0 ($4.2 in chips)
e6954cd0: posts small blind $0.02
Hero: posts big blind $0.05
*** HOLE CARDS ***
Dealt to Hero [4h Ac]
Dealt to 419db4da 
Dealt to 4202bc4 
Dealt to e6954cd0 
419db4da: folds
4202bc4: folds
e6954cd0: folds
Uncalled bet ($0.03) returned to Hero
*** SHOWDOWN ***
Hero collected $0.04 from pot
*** SUMMARY ***
Total pot $0.04 | Rake $0 | Jackpot $0 | Bingo $0 | Fortune $0
Seat 2: Hero (big blind) collected ($0.04)
Seat 4: 419db4da folded before Flop (didn't bet)
Seat 5: 4202bc4 (button) folded before Flop (didn't bet)
Seat 6: e6954cd0 (small blind) folded before Flop


Poker Hand #HD1203742787: Hold'em No Limit  ($0.02/$0.05) - 2023/04/15 08:41:20
Table 'NLHBlue20' 6-max Seat #4 is the button
Seat 1: e7b6d6dc ($5.75 in chips)
Seat 2: Hero ($5.35 in chips)
Seat 4: 419db4da ($8.03 in chips)
Seat 5: 4202bc4 ($7.65 in chips)
Seat 6: e6954cd0 ($4.35 in chips)
4202bc4: posts small blind $0.02
e6954cd0: posts big blind $0.05
*** HOLE CARDS ***
Dealt to e7b6d6dc 
Dealt to Hero [9c 2c]
Dealt to 419db4da 
Dealt to 4202bc4 
Dealt to e6954cd0 
e7b6d6dc: folds
Hero: folds
419db4da: folds
4202bc4: raises $0.1 to $0.15
e6954cd0: calls $0.1
*** FLOP *** [8s 9s Kh]
4202bc4: checks
e6954cd0: checks
*** TURN *** [8s 9s Kh] [Qh]
4202bc4: checks
e6954cd0: checks
*** RIVER *** [8s 9s Kh Qh] [6d]
4202bc4: checks
e6954cd0: checks
4202bc4: shows [2d Ad] (Ace-High)
e6954cd0: shows [7c Jc] (King-High)
*** SHOWDOWN ***
4202bc4 collected $0.29 from pot
*** SUMMARY ***
Total pot $0.3 | Rake $0.01 | Jackpot $0 | Bingo $0 | Fortune $0
Board [8s 9s Kh Qh 6d]
Seat 1: e7b6d6dc folded before Flop (didn't bet)
Seat 2: Hero folded before Flop (didn't bet)
Seat 4: 419db4da (button) folded before Flop (didn't bet)
Seat 5: 4202bc4 (small blind) showed [2d Ad] and won ($0.29) with Ace-High
Seat 6: e6954cd0 (big blind) showed [7c Jc] and lost with King-High


Poker Hand #HD1203742763: Hold'em No Limit  ($0.02/$0.05) - 2023/04/15 08:41:00
Table 'NLHBlue20' 6-max Seat #3 is the button
Seat 1: e7b6d6dc ($5.75 in chips)
Seat 2: Hero ($5.28 in chips)
Seat 3: 488105a8 ($5 in chips)
Seat 4: 419db4da ($8.05 in chips)
Seat 5: 4202bc4 ($7.7 in chips)
Seat 6: e6954cd0 ($4.35 in chips)
419db4da: posts small blind $0.02
4202bc4: posts big blind $0.05
*** HOLE CARDS ***
Dealt to e7b6d6dc 
Dealt to Hero [Td Qs]
Dealt to 488105a8 
Dealt to 419db4da 
Dealt to 4202bc4 
Dealt to e6954cd0 
e6954cd0: folds
e7b6d6dc: folds
Hero: raises $0.07 to $0.12
488105a8: folds
419db4da: folds
4202bc4: folds
Uncalled bet ($0.07) returned to Hero
*** SHOWDOWN ***
Hero collected $0.12 from pot
*** SUMMARY ***
Total pot $0.12 | Rake $0 | Jackpot $0 | Bingo $0 | Fortune $0
Seat 1: e7b6d6dc folded before Flop (didn't bet)
Seat 2: Hero collected ($0.12)
Seat 3: 488105a8 (button) folded before Flop (didn't bet)
Seat 4: 419db4da (small blind) folded before Flop
Seat 5: 4202bc4 (big blind) folded before Flop
Seat 6: e6954cd0 folded before Flop (didn't bet)


Poker Hand #HD1203742741: Hold'em No Limit  ($0.02/$0.05) - 2023/04/15 08:40:48
Table 'NLHBlue20' 6-max Seat #2 is the button
Seat 1: e7b6d6dc ($5.75 in chips)
Seat 2: Hero ($5.28 in chips)
Seat 3: 488105a8 ($5 in chips)
Seat 4: 419db4da ($8.03 in chips)
Seat 5: 4202bc4 ($7.7 in chips)
Seat 6: e6954cd0 ($4.35 in chips)
488105a8: posts small blind $0.02
419db4da: posts big blind $0.05
*** HOLE CARDS ***
Dealt to e7b6d6dc 
Dealt to Hero [2h 8h]
Dealt to 488105a8 
Dealt to 419db4da 
Dealt to 4202bc4 
Dealt to e6954cd0 
4202bc4: folds
e6954cd0: folds
e7b6d6dc: folds
Hero: folds
488105a8: folds
Uncalled bet ($0.03) returned to 419db4da
*** SHOWDOWN ***
419db4da collected $0.04 from pot
*** SUMMARY ***
Total pot $0.04 | Rake $0 | Jackpot $0 | Bingo $0 | Fortune $0
Seat 1: e7b6d6dc folded before Flop (didn't bet)
Seat 2: Hero (button) folded before Flop (didn't bet)
Seat 3: 488105a8 (small blind) folded before Flop
Seat 4: 419db4da (big blind) collected ($0.04)
Seat 5: 4202bc4 folded before Flop (didn't bet)
Seat 6: e6954cd0 folded before Flop (didn't bet)


Poker Hand #HD1203742704: Hold'em No Limit  ($0.02/$0.05) - 2023/04/15 08:40:23
Table 'NLHBlue20' 6-max Seat #1 is the button
Seat 1: e7b6d6dc ($5.75 in chips)
Seat 2: Hero ($5.23 in chips)
Seat 3: 488105a8 ($5 in chips)
Seat 4: 419db4da ($8.03 in chips)
Seat 5: 4202bc4 ($7.7 in chips)
Seat 6: e6954cd0 ($4.35 in chips)
Hero: posts small blind $0.02
488105a8: posts big blind $0.05
*** HOLE CARDS ***
Dealt to e7b6d6dc 
Dealt to Hero [Ah Ts]
Dealt to 488105a8 
Dealt to 419db4da 
Dealt to 4202bc4 
Dealt to e6954cd0 
419db4da: folds
4202bc4: folds
e6954cd0: folds
e7b6d6dc: folds
Hero: raises $0.09 to $0.14
488105a8: folds
Uncalled bet ($0.09) returned to Hero
*** SHOWDOWN ***
Hero collected $0.1 from pot
*** SUMMARY ***
Total pot $0.1 | Rake $0 | Jackpot $0 | Bingo $0 | Fortune $0
Seat 1: e7b6d6dc (button) folded before Flop (didn't bet)
Seat 2: Hero (small blind) collected ($0.1)
Seat 3: 488105a8 (big blind) folded before Flop
Seat 4: 419db4da folded before Flop (didn't bet)
Seat 5: 4202bc4 folded before Flop (didn't bet)
Seat 6: e6954cd0 folded before Flop (didn't bet)


Poker Hand #HD1203742630: Hold'em No Limit  ($0.02/$0.05) - 2023/04/15 08:39:34
Table 'NLHBlue20' 6-max Seat #6 is the button
Seat 1: e7b6d6dc ($5.88 in chips)
Seat 2: Hero ($5.11 in chips)
Seat 3: 488105a8 ($5 in chips)
Seat 4: 419db4da ($8.03 in chips)
Seat 5: 4202bc4 ($7.7 in chips)
Seat 6: e6954cd0 ($4.35 in chips)
e7b6d6dc: posts small blind $0.02
Hero: posts big blind $0.05
*** HOLE CARDS ***
Dealt to e7b6d6dc 
Dealt to Hero [Qs 9s]
Dealt to 488105a8 
Dealt to 419db4da 
Dealt to 4202bc4 
Dealt to e6954cd0 
488105a8: folds
419db4da: folds
4202bc4: folds
e6954cd0: folds
e7b6d6dc: raises $0.08 to $0.13
Hero: raises $0.25 to $0.38
e7b6d6dc: folds
Uncalled bet ($0.25) returned to Hero
*** SHOWDOWN ***
Hero collected $0.25 from pot
*** SUMMARY ***
Total pot $0.26 | Rake $0.01 | Jackpot $0 | Bingo $0 | Fortune $0
Seat 1: e7b6d6dc (small blind) folded before Flop
Seat 2: Hero (big blind) collected ($0.25)
Seat 3: 488105a8 folded before Flop (didn't bet)
Seat 4: 419db4da folded before Flop (didn't bet)
Seat 5: 4202bc4 folded before Flop (didn't bet)
Seat 6: e6954cd0 (button) folded before Flop (didn't bet)


Poker Hand #HD1203742490: Hold'em No Limit  ($0.02/$0.05) - 2023/04/15 08:37:58
Table 'NLHBlue20' 6-max Seat #5 is the button
Seat 1: e7b6d6dc ($5.67 in chips)
Seat 2: Hero ($5.11 in chips)
Seat 3: 488105a8 ($5 in chips)
Seat 4: 419db4da ($8.03 in chips)
Seat 5: 4202bc4 ($7.81 in chips)
Seat 6: e6954cd0 ($4.46 in chips)
e6954cd0: posts small blind $0.02
e7b6d6dc: posts big blind $0.05
*** HOLE CARDS ***
Dealt to e7b6d6dc 
Dealt to Hero [3c 7h]
Dealt to 488105a8 
Dealt to 419db4da 
Dealt to 4202bc4 
Dealt to e6954cd0 
Hero: folds
488105a8: folds
419db4da: folds
4202bc4: raises $0.06 to $0.11
e6954cd0: calls $0.09
e7b6d6dc: calls $0.06
*** FLOP *** [2h 5c Jh]
e6954cd0: checks
e7b6d6dc: checks
4202bc4: checks
*** TURN *** [2h 5c Jh] [Js]
e6954cd0: checks
e7b6d6dc: checks
4202bc4: checks
*** RIVER *** [2h 5c Jh Js] [5s]
e6954cd0: checks
e7b6d6dc: checks
4202bc4: checks
e6954cd0: shows [Tc Kd] (Pair of Jacks and Pair of Fives)
e7b6d6dc: shows [Ad 4h] (Pair of Jacks and Pair of Fives)
4202bc4: shows [9c Qs] (Pair of Jacks and Pair of Fives)
*** SHOWDOWN ***
e7b6d6dc collected $0.32 from pot
*** SUMMARY ***
Total pot $0.33 | Rake $0.01 | Jackpot $0 | Bingo $0 | Fortune $0
Board [2h 5c Jh Js 5s]
Seat 1: e7b6d6dc (big blind) showed [Ad 4h] and won ($0.32) with Pair of Jacks and Pair of Fives
Seat 2: Hero folded before Flop (didn't bet)
Seat 3: 488105a8 folded before Flop (didn't bet)
Seat 4: 419db4da folded before Flop (didn't bet)
Seat 5: 4202bc4 (button) showed [9c Qs] and lost with Pair of Jacks and Pair of Fives
Seat 6: e6954cd0 (small blind) showed [Tc Kd] and lost with Pair of Jacks and Pair of Fives


Poker Hand #HD1203742392: Hold'em No Limit  ($0.02/$0.05) - 2023/04/15 08:36:55
Table 'NLHBlue20' 6-max Seat #4 is the button
Seat 1: e7b6d6dc ($5.67 in chips)
Seat 2: Hero ($5.11 in chips)
Seat 3: 488105a8 ($5 in chips)
Seat 4: 419db4da ($8.03 in chips)
Seat 5: 4202bc4 ($7.83 in chips)
Seat 6: e6954cd0 ($4.32 in chips)
4202bc4: posts small blind $0.02
e6954cd0: posts big blind $0.05
*** HOLE CARDS ***
Dealt to e7b6d6dc 
Dealt to Hero [2s 7s]
Dealt to 488105a8 
Dealt to 419db4da 
Dealt to 4202bc4 
Dealt to e6954cd0 
e7b6d6dc: folds
Hero: folds
488105a8: raises $0.08 to $0.13
419db4da: folds
4202bc4: folds
e6954cd0: calls $0.08
*** FLOP *** [9c Kd Jc]
e6954cd0: checks
488105a8: checks
*** TURN *** [9c Kd Jc] [8c]
e6954cd0: checks
488105a8: checks
*** RIVER *** [9c Kd Jc 8c] [8h]
e6954cd0: checks
488105a8: checks
e6954cd0: shows [Ac 9d] (Pair of Nines and Pair of Eights)
488105a8: shows [6s As] (Pair of Eights)
*** SHOWDOWN ***
e6954cd0 collected $0.27 from pot
*** SUMMARY ***
Total pot $0.28 | Rake $0.01 | Jackpot $0 | Bingo $0 | Fortune $0
Board [9c Kd Jc 8c 8h]
Seat 1: e7b6d6dc folded before Flop (didn't bet)
Seat 2: Hero folded before Flop (didn't bet)
Seat 3: 488105a8 showed [6s As] and lost with Pair of Eights
Seat 4: 419db4da (button) folded before Flop (didn't bet)
Seat 5: 4202bc4 (small blind) folded before Flop
Seat 6: e6954cd0 (big blind) showed [Ac 9d] and won ($0.27) with Pair of Nines and Pair of Eights


Poker Hand #HD1203742379: Hold'em No Limit  ($0.02/$0.05) - 2023/04/15 08:36:45
Table 'NLHBlue20' 6-max Seat #3 is the button
Seat 1: e7b6d6dc ($5.67 in chips)
Seat 2: Hero ($5.11 in chips)
Seat 3: 488105a8 ($5 in chips)
Seat 4: 419db4da ($8.05 in chips)
Seat 5: 4202bc4 ($7.81 in chips)
Seat 6: e6954cd0 ($4.32 in chips)
419db4da: posts small blind $0.02
4202bc4: posts big blind $0.05
*** HOLE CARDS ***
Dealt to e7b6d6dc 
Dealt to Hero [Tc 8s]
Dealt to 488105a8 
Dealt to 419db4da 
Dealt to 4202bc4 
Dealt to e6954cd0 
e6954cd0: folds
e7b6d6dc: folds
Hero: folds
488105a8: folds
419db4da: folds
Uncalled bet ($0.03) returned to 4202bc4
*** SHOWDOWN ***
4202bc4 collected $0.04 from pot
*** SUMMARY ***
Total pot $0.04 | Rake $0 | Jackpot $0 | Bingo $0 | Fortune $0
Seat 1: e7b6d6dc folded before Flop (didn't bet)
Seat 2: Hero folded before Flop (didn't bet)
Seat 3: 488105a8 (button) folded before Flop (didn't bet)
Seat 4: 419db4da (small blind) folded before Flop
Seat 5: 4202bc4 (big blind) collected ($0.04)
Seat 6: e6954cd0 folded before Flop (didn't bet)


Poker Hand #HD1203742342: Hold'em No Limit  ($0.02/$0.05) - 2023/04/15 08:36:17
Table 'NLHBlue20' 6-max Seat #2 is the button
Seat 1: e7b6d6dc ($5.67 in chips)
Seat 2: Hero ($5.11 in chips)
Seat 3: 488105a8 ($5 in chips)
Seat 4: 419db4da ($8.1 in chips)
Seat 5: 4202bc4 ($7.74 in chips)
Seat 6: e6954cd0 ($4.32 in chips)
488105a8: posts small blind $0.02
419db4da: posts big blind $0.05
*** HOLE CARDS ***
Dealt to e7b6d6dc 
Dealt to Hero [Qh Tc]
Dealt to 488105a8 
Dealt to 419db4da 
Dealt to 4202bc4 
Dealt to e6954cd0 
4202bc4: raises $0.08 to $0.13
e6954cd0: folds
e7b6d6dc: folds
Hero: folds
488105a8: folds
419db4da: folds
Uncalled bet ($0.08) returned to 4202bc4
*** SHOWDOWN ***
4202bc4 collected $0.12 from pot
*** SUMMARY ***
Total pot $0.12 | Rake $0 | Jackpot $0 | Bingo $0 | Fortune $0
Seat 1: e7b6d6dc folded before Flop (didn't bet)
Seat 2: Hero (button) folded before Flop (didn't bet)
Seat 3: 488105a8 (small blind) folded before Flop
Seat 4: 419db4da (big blind) folded before Flop
Seat 5: 4202bc4 collected ($0.12)
Seat 6: e6954cd0 folded before Flop (didn't bet)


Poker Hand #HD1203742307: Hold'em No Limit  ($0.02/$0.05) - 2023/04/15 08:35:48
Table 'NLHBlue20' 6-max Seat #1 is the button
Seat 1: e7b6d6dc ($5.67 in chips)
Seat 2: Hero ($5.13 in chips)
Seat 3: 488105a8 ($5 in chips)
Seat 4: 419db4da ($8.03 in chips)
Seat 5: 4202bc4 ($7.74 in chips)
Seat 6: e6954cd0 ($4.32 in chips)
Hero: posts small blind $0.02
488105a8: posts big blind $0.05
*** HOLE CARDS ***
Dealt to e7b6d6dc 
Dealt to Hero [2h 7d]
Dealt to 488105a8 
Dealt to 419db4da 
Dealt to 4202bc4 
Dealt to e6954cd0 
419db4da: raises $0.07 to $0.12
4202bc4: folds
e6954cd0: folds
e7b6d6dc: folds
Hero: folds
488105a8: folds
Uncalled bet ($0.07) returned to 419db4da
*** SHOWDOWN ***
419db4da collected $0.12 from pot
*** SUMMARY ***
Total pot $0.12 | Rake $0 | Jackpot $0 | Bingo $0 | Fortune $0
Seat 1: e7b6d6dc (button) folded before Flop (didn't bet)
Seat 2: Hero (small blind) folded before Flop
Seat 3: 488105a8 (big blind) folded before Flop
Seat 4: 419db4da collected ($0.12)
Seat 5: 4202bc4 folded before Flop (didn't bet)
Seat 6: e6954cd0 folded before Flop (didn't bet)


Poker Hand #HD1203742250: Hold'em No Limit  ($0.02/$0.05) - 2023/04/15 08:35:08
Table 'NLHBlue20' 6-max Seat #6 is the button
Seat 1: e7b6d6dc ($5.69 in chips)
Seat 2: Hero ($5 in chips)
Seat 3: 488105a8 ($5 in chips)
Seat 4: 419db4da ($8.15 in chips)
Seat 5: 4202bc4 ($7.74 in chips)
Seat 6: e6954cd0 ($4.32 in chips)
e7b6d6dc: posts small blind $0.02
Hero: posts big blind $0.05
*** HOLE CARDS ***
Dealt to e7b6d6dc 
Dealt to Hero [Js Ks]
Dealt to 488105a8 
Dealt to 419db4da 
Dealt to 4202bc4 
Dealt to e6954cd0 
488105a8: folds
419db4da: raises $0.07 to $0.12
4202bc4: folds
e6954cd0: folds
e7b6d6dc: folds
Hero: raises $0.39 to $0.51
419db4da: folds
Uncalled bet ($0.39) returned to Hero
*** SHOWDOWN ***
Hero collected $0.25 from pot
*** SUMMARY ***
Total pot $0.26 | Rake $0.01 | Jackpot $0 | Bingo $0 | Fortune $0
Seat 1: e7b6d6dc (small blind) folded before Flop
Seat 2: Hero (big blind) collected ($0.25)
Seat 3: 488105a8 folded before Flop (didn't bet)
Seat 4: 419db4da folded before Flop
Seat 5: 4202bc4 folded before Flop (didn't bet)
Seat 6: e6954cd0 (button) folded before Flop (didn't bet)


Poker Hand #HD1203742216: Hold'em No Limit  ($0.02/$0.05) - 2023/04/15 08:34:39
Table 'NLHBlue20' 6-max Seat #5 is the button
Seat 1: e7b6d6dc ($5.74 in chips)
Seat 2: Hero ($5 in chips)
Seat 3: 488105a8 ($5 in chips)
Seat 4: 419db4da ($8.15 in chips)
Seat 5: 4202bc4 ($7.67 in chips)
Seat 6: e6954cd0 ($4.34 in chips)
e6954cd0: posts small blind $0.02
e7b6d6dc: posts big blind $0.05
*** HOLE CARDS ***
Dealt to e7b6d6dc 
Dealt to Hero [8s Kc]
Dealt to 488105a8 
Dealt to 419db4da 
Dealt to 4202bc4 
Dealt to e6954cd0 
Hero: folds
488105a8: folds
419db4da: folds
4202bc4: raises $0.06 to $0.11
e6954cd0: folds
e7b6d6dc: folds
Uncalled bet ($0.06) returned to 4202bc4
*** SHOWDOWN ***
4202bc4 collected $0.12 from pot
*** SUMMARY ***
Total pot $0.12 | Rake $0 | Jackpot $0 | Bingo $0 | Fortune $0
Seat 1: e7b6d6dc (big blind) folded before Flop
Seat 2: Hero folded before Flop (didn't bet)
Seat 3: 488105a8 folded before Flop (didn't bet)
Seat 4: 419db4da folded before Flop (didn't bet)
Seat 5: 4202bc4 (button) collected ($0.12)
Seat 6: e6954cd0 (small blind) folded before Flop


Poker Hand #HD1203742146: Hold'em No Limit  ($0.02/$0.05) - 2023/04/15 08:33:49
Table 'NLHBlue20' 6-max Seat #4 is the button
Seat 1: e7b6d6dc ($5.74 in chips)
Seat 2: Hero ($5.07 in chips)
Seat 3: 488105a8 ($5 in chips)
Seat 4: 419db4da ($7.69 in chips)
Seat 5: 4202bc4 ($7.69 in chips)
Seat 6: e6954cd0 ($4.7 in chips)
4202bc4: posts small blind $0.02
e6954cd0: posts big blind $0.05
*** HOLE CARDS ***
Dealt to e7b6d6dc 
Dealt to Hero [Qd Kc]
Dealt to 488105a8 
Dealt to 419db4da 
Dealt to 4202bc4 
Dealt to e6954cd0 
e7b6d6dc: folds
Hero: raises $0.07 to $0.12
488105a8: folds
419db4da: raises $0.24 to $0.36
4202bc4: folds
e6954cd0: calls $0.31
Hero: folds
*** FLOP *** [3c 7d Ad]
e6954cd0: checks
419db4da: bets $0.29
e6954cd0: folds
Uncalled bet ($0.29) returned to 419db4da
*** SHOWDOWN ***
419db4da collected $0.82 from pot
*** SUMMARY ***
Total pot $0.86 | Rake $0.04 | Jackpot $0 | Bingo $0 | Fortune $0
Board [3c 7d Ad]
Seat 1: e7b6d6dc folded before Flop (didn't bet)
Seat 2: Hero folded before Flop
Seat 3: 488105a8 folded before Flop (didn't bet)
Seat 4: 419db4da (button) won ($0.82)
Seat 5: 4202bc4 (small blind) folded before Flop
Seat 6: e6954cd0 (big blind) folded on the Flop


Poker Hand #HD1203742113: Hold'em No Limit  ($0.02/$0.05) - 2023/04/15 08:33:28
Table 'NLHBlue20' 6-max Seat #3 is the button
Seat 1: e7b6d6dc ($5.74 in chips)
Seat 2: Hero ($5 in chips)
Seat 3: 488105a8 ($5 in chips)
Seat 4: 419db4da ($7.71 in chips)
Seat 5: 4202bc4 ($7.74 in chips)
Seat 6: e6954cd0 ($4.7 in chips)
419db4da: posts small blind $0.02
4202bc4: posts big blind $0.05
*** HOLE CARDS ***
Dealt to e7b6d6dc 
Dealt to Hero [As Ah]
Dealt to 488105a8 
Dealt to 419db4da 
Dealt to 4202bc4 
Dealt to e6954cd0 
e6954cd0: folds
e7b6d6dc: folds
Hero: raises $0.07 to $0.12
488105a8: folds
419db4da: folds
4202bc4: folds
Uncalled bet ($0.07) returned to Hero
*** SHOWDOWN ***
Hero collected $0.12 from pot
*** SUMMARY ***
Total pot $0.12 | Rake $0 | Jackpot $0 | Bingo $0 | Fortune $0
Seat 1: e7b6d6dc folded before Flop (didn't bet)
Seat 2: Hero collected ($0.12)
Seat 3: 488105a8 (button) folded before Flop (didn't bet)
Seat 4: 419db4da (small blind) folded before Flop
Seat 5: 4202bc4 (big blind) folded before Flop
Seat 6: e6954cd0 folded before Flop (didn't bet)


Poker Hand #HD1203742054: Hold'em No Limit  ($0.02/$0.05) - 2023/04/15 08:32:44
Table 'NLHBlue20' 6-max Seat #2 is the button
Seat 1: e7b6d6dc ($5.87 in chips)
Seat 2: Hero ($5 in chips)
Seat 3: 488105a8 ($5 in chips)
Seat 4: 419db4da ($7.57 in chips)
Seat 5: 4202bc4 ($7.74 in chips)
Seat 6: e6954cd0 ($4.7 in chips)
488105a8: posts small blind $0.02
419db4da: posts big blind $0.05
*** HOLE CARDS ***
Dealt to e7b6d6dc 
Dealt to Hero [Jd 2d]
Dealt to 488105a8 
Dealt to 419db4da 
Dealt to 4202bc4 
Dealt to e6954cd0 
4202bc4: folds
e6954cd0: folds
e7b6d6dc: raises $0.08 to $0.13
Hero: folds
488105a8: folds
419db4da: calls $0.08
*** FLOP *** [7c Jh Tc]
419db4da: checks
e7b6d6dc: checks
*** TURN *** [7c Jh Tc] [Qc]
419db4da: checks
e7b6d6dc: checks
*** RIVER *** [7c Jh Tc Qc] [7d]
419db4da: checks
e7b6d6dc: checks
419db4da: shows [Qh Kd] (Pair of Queens and Pair of Sevens)
e7b6d6dc: shows [9c 9h] (Pair of Nines and Pair of Sevens)
*** SHOWDOWN ***
419db4da collected $0.27 from pot
*** SUMMARY ***
Total pot $0.28 | Rake $0.01 | Jackpot $0 | Bingo $0 | Fortune $0
Board [7c Jh Tc Qc 7d]
Seat 1: e7b6d6dc showed [9c 9h] and lost with Pair of Nines and Pair of Sevens
Seat 2: Hero (button) folded before Flop (didn't bet)
Seat 3: 488105a8 (small blind) folded before Flop
Seat 4: 419db4da (big blind) showed [Qh Kd] and won ($0.27) with Pair of Queens and Pair of Sevens
Seat 5: 4202bc4 folded before Flop (didn't bet)
Seat 6: e6954cd0 folded before Flop (didn't bet)


Poker Hand #HD1203741986: Hold'em No Limit  ($0.02/$0.05) - 2023/04/15 08:31:50
Table 'NLHBlue20' 6-max Seat #1 is the button
Seat 1: e7b6d6dc ($5 in chips)
Seat 2: Hero ($5 in chips)
Seat 3: 488105a8 ($5 in chips)
Seat 4: 419db4da ($7.57 in chips)
Seat 5: 4202bc4 ($7.74 in chips)
Seat 6: e6954cd0 ($4.7 in chips)
Hero: posts small blind $0.02
488105a8: posts big blind $0.05
*** HOLE CARDS ***
Dealt to e7b6d6dc 
Dealt to Hero [7s 7c]
Dealt to 488105a8 
Dealt to 419db4da 
Dealt to 4202bc4 
Dealt to e6954cd0 
419db4da: folds
4202bc4: folds
e6954cd0: folds
e7b6d6dc: raises $0.05 to $0.1
Hero: raises $0.38 to $0.48
488105a8: folds
e7b6d6dc: calls $0.38
*** FLOP *** [2d Kd 8s]
Hero: bets $0.48
e7b6d6dc: calls $0.48
*** TURN *** [2d Kd 8s] [8c]
Hero: checks
e7b6d6dc: checks
*** RIVER *** [2d Kd 8s 8c] [2s]
Hero: checks
e7b6d6dc: checks
Hero: shows [7s 7c] (Pair of Eights and Pair of Sevens)
e7b6d6dc: shows [Jd Kh] (Pair of Kings and Pair of Eights)
*** SHOWDOWN ***
e7b6d6dc collected $1.83 from pot
*** SUMMARY ***
Total pot $1.97 | Rake $0.09 | Jackpot $0.05 | Bingo $0 | Fortune $0
Board [2d Kd 8s 8c 2s]
Seat 1: e7b6d6dc (button) showed [Jd Kh] and won ($1.83) with Pair of Kings and Pair of Eights
Seat 2: Hero (small blind) showed [7s 7c] and lost with Pair of Eights and Pair of Sevens
Seat 3: 488105a8 (big blind) folded before Flop
Seat 4: 419db4da folded before Flop (didn't bet)
Seat 5: 4202bc4 folded before Flop (didn't bet)
Seat 6: e6954cd0 folded before Flop (didn't bet)


Poker Hand #HD1203741935: Hold'em No Limit  ($0.02/$0.05) - 2023/04/15 08:31:15
Table 'NLHBlue20' 6-max Seat #6 is the button
Seat 1: e7b6d6dc ($5 in chips)
Seat 2: Hero ($5 in chips)
Seat 3: 488105a8 ($5 in chips)
Seat 4: 419db4da ($7.57 in chips)
Seat 5: 4202bc4 ($7.74 in chips)
Seat 6: e6954cd0 ($4.63 in chips)
e7b6d6dc: posts small blind $0.02
Hero: posts big blind $0.05
*** HOLE CARDS ***
Dealt to e7b6d6dc 
Dealt to Hero [6s Qs]
Dealt to 488105a8 
Dealt to 419db4da 
Dealt to 4202bc4 
Dealt to e6954cd0 
488105a8: folds
419db4da: folds
4202bc4: folds
e6954cd0: calls $0.05
e7b6d6dc: folds
Hero: checks
*** FLOP *** [8c Ad Th]
Hero: checks
e6954cd0: bets $0.06
Hero: folds
Uncalled bet ($0.06) returned to e6954cd0
*** SHOWDOWN ***
e6954cd0 collected $0.12 from pot
*** SUMMARY ***
Total pot $0.12 | Rake $0 | Jackpot $0 | Bingo $0 | Fortune $0
Board [8c Ad Th]
Seat 1: e7b6d6dc (small blind) folded before Flop
Seat 2: Hero (big blind) folded on the Flop
Seat 3: 488105a8 folded before Flop (didn't bet)
Seat 4: 419db4da folded before Flop (didn't bet)
Seat 5: 4202bc4 folded before Flop (didn't bet)
Seat 6: e6954cd0 (button) won ($0.12)


Poker Hand #HD1203741878: Hold'em No Limit  ($0.02/$0.05) - 2023/04/15 08:30:26
Table 'NLHBlue20' 6-max Seat #5 is the button
Seat 1: e7b6d6dc ($5 in chips)
Seat 2: Hero ($5 in chips)
Seat 3: 488105a8 ($5 in chips)
Seat 4: 419db4da ($7.57 in chips)
Seat 5: 4202bc4 ($7.74 in chips)
Seat 6: e6954cd0 ($4.65 in chips)
e6954cd0: posts small blind $0.02
e7b6d6dc: posts big blind $0.05
*** HOLE CARDS ***
Dealt to e7b6d6dc 
Dealt to Hero [8h 9d]
Dealt to 488105a8 
Dealt to 419db4da 
Dealt to 4202bc4 
Dealt to e6954cd0 
Hero: folds
488105a8: folds
419db4da: folds
4202bc4: raises $0.06 to $0.11
e6954cd0: folds
e7b6d6dc: calls $0.06
*** FLOP *** [5h 5s Js]
e7b6d6dc: checks
4202bc4: checks
*** TURN *** [5h 5s Js] [Ah]
e7b6d6dc: checks
4202bc4: checks
*** RIVER *** [5h 5s Js Ah] [Qd]
e7b6d6dc: bets $0.11
4202bc4: calls $0.11
e7b6d6dc: shows [Ad 6s] (Pair of Aces and Pair of Fives)
4202bc4: shows [Ac 8c] (Pair of Aces and Pair of Fives)
*** SHOWDOWN ***
e7b6d6dc collected $0.22 from pot
4202bc4 collected $0.22 from pot
*** SUMMARY ***
Total pot $0.46 | Rake $0.02 | Jackpot $0 | Bingo $0 | Fortune $0
Board [5h 5s Js Ah Qd]
Seat 1: e7b6d6dc (big blind) showed [Ad 6s] and won ($0.22) with Pair of Aces and Pair of Fives
Seat 2: Hero folded before Flop (didn't bet)
Seat 3: 488105a8 folded before Flop (didn't bet)
Seat 4: 419db4da folded before Flop (didn't bet)
Seat 5: 4202bc4 (button) showed [Ac 8c] and won ($0.22) with Pair of Aces and Pair of Fives
Seat 6: e6954cd0 (small blind) folded before Flop


Poker Hand #HD1203741863: Hold'em No Limit  ($0.02/$0.05) - 2023/04/15 08:30:13
Table 'NLHBlue20' 6-max Seat #4 is the button
Seat 2: Hero ($5 in chips)
Seat 3: 488105a8 ($5 in chips)
Seat 4: 419db4da ($7.57 in chips)
Seat 5: 4202bc4 ($7.76 in chips)
Seat 6: e6954cd0 ($4.63 in chips)
4202bc4: posts small blind $0.02
e6954cd0: posts big blind $0.05
*** HOLE CARDS ***
Dealt to Hero [Th 7s]
Dealt to 488105a8 
Dealt to 419db4da 
Dealt to 4202bc4 
Dealt to e6954cd0 
Hero: folds
488105a8: folds
419db4da: folds
4202bc4: folds
Uncalled bet ($0.03) returned to e6954cd0
*** SHOWDOWN ***
e6954cd0 collected $0.04 from pot
*** SUMMARY ***
Total pot $0.04 | Rake $0 | Jackpot $0 | Bingo $0 | Fortune $0
Seat 2: Hero folded before Flop (didn't bet)
Seat 3: 488105a8 folded before Flop (didn't bet)
Seat 4: 419db4da (button) folded before Flop (didn't bet)
Seat 5: 4202bc4 (small blind) folded before Flop
Seat 6: e6954cd0 (big blind) collected ($0.04)


Poker Hand #HD1203741808: Hold'em No Limit  ($0.02/$0.05) - 2023/04/15 08:29:34
Table 'NLHBlue20' 6-max Seat #3 is the button
Seat 2: Hero ($5 in chips)
Seat 3: 488105a8 ($5 in chips)
Seat 4: 419db4da ($7.59 in chips)
Seat 5: 4202bc4 ($7.69 in chips)
Seat 6: e6954cd0 ($4.68 in chips)
419db4da: posts small blind $0.02
4202bc4: posts big blind $0.05
*** HOLE CARDS ***
Dealt to Hero [2c Kc]
Dealt to 488105a8 
Dealt to 419db4da 
Dealt to 4202bc4 
Dealt to e6954cd0 
e6954cd0: calls $0.05
Hero: folds
488105a8: folds
419db4da: folds
4202bc4: checks
*** FLOP *** [Qh Ks Js]
4202bc4: checks
e6954cd0: checks
*** TURN *** [Qh Ks Js] [8s]
4202bc4: checks
e6954cd0: checks
*** RIVER *** [Qh Ks Js 8s] [5h]
4202bc4: checks
e6954cd0: checks
4202bc4: shows [5d Kh] (Pair of Kings and Pair of Fives)
e6954cd0: shows [4d 4c] (Pair of Fours)
*** SHOWDOWN ***
4202bc4 collected $0.12 from pot
*** SUMMARY ***
Total pot $0.12 | Rake $0 | Jackpot $0 | Bingo $0 | Fortune $0
Board [Qh Ks Js 8s 5h]
Seat 2: Hero folded before Flop (didn't bet)
Seat 3: 488105a8 (button) folded before Flop (didn't bet)
Seat 4: 419db4da (small blind) folded before Flop
Seat 5: 4202bc4 (big blind) showed [5d Kh] and won ($0.12) with Pair of Kings and Pair of Fives
Seat 6: e6954cd0 showed [4d 4c] and lost with Pair of Fours


Poker Hand #HD1203741738: Hold'em No Limit  ($0.02/$0.05) - 2023/04/15 08:28:50
Table 'NLHBlue20' 6-max Seat #2 is the button
Seat 2: Hero ($5 in chips)
Seat 3: 488105a8 ($5 in chips)
Seat 4: 419db4da ($7.28 in chips)
Seat 5: 4202bc4 ($7.69 in chips)
Seat 6: e6954cd0 ($5 in chips)
488105a8: posts small blind $0.02
419db4da: posts big blind $0.05
*** HOLE CARDS ***
Dealt to Hero [3s Jc]
Dealt to 488105a8 
Dealt to 419db4da 
Dealt to 4202bc4 
Dealt to e6954cd0 
4202bc4: folds
e6954cd0: calls $0.05
Hero: folds
488105a8: folds
419db4da: checks
*** FLOP *** [8d 7h 2d]
419db4da: checks
e6954cd0: checks
*** TURN *** [8d 7h 2d] [2c]
419db4da: bets $0.05
e6954cd0: calls $0.05
*** RIVER *** [8d 7h 2d 2c] [Ah]
419db4da: bets $0.22
e6954cd0: calls $0.22
419db4da: shows [Ac 7d] (Pair of Aces and Pair of Sevens)
e6954cd0: shows [9d 9h] (Pair of Nines and Pair of Twos)
*** SHOWDOWN ***
419db4da collected $0.63 from pot
*** SUMMARY ***
Total pot $0.66 | Rake $0.03 | Jackpot $0 | Bingo $0 | Fortune $0
Board [8d 7h 2d 2c Ah]
Seat 2: Hero (button) folded before Flop (didn't bet)
Seat 3: 488105a8 (small blind) folded before Flop
Seat 4: 419db4da (big blind) showed [Ac 7d] and won ($0.63) with Pair of Aces and Pair of Sevens
Seat 5: 4202bc4 folded before Flop (didn't bet)
Seat 6: e6954cd0 showed [9d 9h] and lost with Pair of Nines and Pair of Twos


Poker Hand #HD1203741720: Hold'em No Limit  ($0.02/$0.05) - 2023/04/15 08:28:34
Table 'NLHBlue20' 6-max Seat #6 is the button
Seat 2: Hero ($5 in chips)
Seat 3: 488105a8 ($5 in chips)
Seat 4: 419db4da ($7.28 in chips)
Seat 5: 4202bc4 ($7.62 in chips)
Seat 6: e6954cd0 ($5 in chips)
Hero: posts small blind $0.02
488105a8: posts big blind $0.05
*** HOLE CARDS ***
Dealt to Hero [9d Kd]
Dealt to 488105a8 
Dealt to 419db4da 
Dealt to 4202bc4 
Dealt to e6954cd0 
419db4da: folds
4202bc4: raises $0.08 to $0.13
e6954cd0: folds
Hero: folds
488105a8: folds
Uncalled bet ($0.08) returned to 4202bc4
*** SHOWDOWN ***
4202bc4 collected $0.12 from pot
*** SUMMARY ***
Total pot $0.12 | Rake $0 | Jackpot $0 | Bingo $0 | Fortune $0
Seat 2: Hero (small blind) folded before Flop
Seat 3: 488105a8 (big blind) folded before Flop
Seat 4: 419db4da folded before Flop (didn't bet)
Seat 5: 4202bc4 collected ($0.12)
Seat 6: e6954cd0 (button) folded before Flop (didn't bet)


Poker Hand #HD1203741691: Hold'em No Limit  ($0.02/$0.05) - 2023/04/15 08:28:16
Table 'NLHBlue20' 6-max Seat #5 is the button
Seat 2: Hero ($5 in chips)
Seat 3: 488105a8 ($5 in chips)
Seat 4: 419db4da ($7.21 in chips)
Seat 5: 4202bc4 ($7.62 in chips)
Seat 6: e6954cd0 ($5.02 in chips)
e6954cd0: posts small blind $0.02
Hero: posts big blind $0.05
*** HOLE CARDS ***
Dealt to Hero [3h 4s]
Dealt to 488105a8 
Dealt to 419db4da 
Dealt to 4202bc4 
Dealt to e6954cd0 
488105a8: folds
419db4da: raises $0.07 to $0.12
4202bc4: folds
e6954cd0: folds
Hero: folds
Uncalled bet ($0.07) returned to 419db4da
*** SHOWDOWN ***
419db4da collected $0.12 from pot
*** SUMMARY ***
Total pot $0.12 | Rake $0 | Jackpot $0 | Bingo $0 | Fortune $0
Seat 2: Hero (big blind) folded before Flop
Seat 3: 488105a8 folded before Flop (didn't bet)
Seat 4: 419db4da collected ($0.12)
Seat 5: 4202bc4 (button) folded before Flop (didn't bet)
Seat 6: e6954cd0 (small blind) folded before Flop


