Poker Hand #HD1143314836: Hold'em No Limit  ($0.02/$0.05) - 2023/03/02 22:09:52
Table 'NLHBlue51' 6-max Seat #6 is the button
Seat 1: ea8f24e4 ($5.18 in chips)
Seat 2: a0a8234e ($5.22 in chips)
Seat 3: Hero ($6.04 in chips)
Seat 5: 5f459835 ($5.22 in chips)
Seat 6: f0394623 ($9.37 in chips)
ea8f24e4: posts small blind $0.02
a0a8234e: posts big blind $0.05
*** HOLE CARDS ***
Dealt to ea8f24e4 
Dealt to a0a8234e 
Dealt to Hero [Ah 6d]
Dealt to 5f459835 
Dealt to f0394623 
Hero: folds
5f459835: folds
f0394623: folds
ea8f24e4: folds
Uncalled bet ($0.03) returned to a0a8234e
*** SHOWDOWN ***
a0a8234e collected $0.04 from pot
*** SUMMARY ***
Total pot $0.04 | Rake $0 | Jackpot $0 | Bingo $0 | Fortune $0
Seat 1: ea8f24e4 (small blind) folded before Flop
Seat 2: a0a8234e (big blind) collected ($0.04)
Seat 3: Hero folded before Flop (didn't bet)
Seat 5: 5f459835 folded before Flop (didn't bet)
Seat 6: f0394623 (button) folded before Flop (didn't bet)


Poker Hand #HD1143314757: Hold'em No Limit  ($0.02/$0.05) - 2023/03/02 22:09:17
Table 'NLHBlue51' 6-max Seat #5 is the button
Seat 1: ea8f24e4 ($5.35 in chips)
Seat 2: a0a8234e ($5.39 in chips)
Seat 3: Hero ($6.04 in chips)
Seat 5: 5f459835 ($5.22 in chips)
Seat 6: f0394623 ($9.05 in chips)
f0394623: posts small blind $0.02
ea8f24e4: posts big blind $0.05
*** HOLE CARDS ***
Dealt to ea8f24e4 
Dealt to a0a8234e 
Dealt to Hero [6c 2d]
Dealt to 5f459835 
Dealt to f0394623 
a0a8234e: calls $0.05
Hero: folds
5f459835: folds
f0394623: raises $0.12 to $0.17
ea8f24e4: calls $0.12
a0a8234e: calls $0.12
*** FLOP *** [4h Ks 4d]
f0394623: bets $0.26
ea8f24e4: folds
a0a8234e: folds
Uncalled bet ($0.26) returned to f0394623
*** SHOWDOWN ***
f0394623 collected $0.49 from pot
*** SUMMARY ***
Total pot $0.51 | Rake $0.02 | Jackpot $0 | Bingo $0 | Fortune $0
Board [4h Ks 4d]
Seat 1: ea8f24e4 (big blind) folded on the Flop
Seat 2: a0a8234e folded on the Flop
Seat 3: Hero folded before Flop (didn't bet)
Seat 5: 5f459835 (button) folded before Flop (didn't bet)
Seat 6: f0394623 (small blind) won ($0.49)


Poker Hand #HD1143314740: Hold'em No Limit  ($0.02/$0.05) - 2023/03/02 22:09:09
Table 'NLHBlue51' 6-max Seat #3 is the button
Seat 2: a0a8234e ($5.39 in chips)
Seat 3: Hero ($6.04 in chips)
Seat 5: 5f459835 ($5.24 in chips)
Seat 6: f0394623 ($9.03 in chips)
5f459835: posts small blind $0.02
f0394623: posts big blind $0.05
*** HOLE CARDS ***
Dealt to a0a8234e 
Dealt to Hero [8h 7s]
Dealt to 5f459835 
Dealt to f0394623 
a0a8234e: folds
Hero: folds
5f459835: folds
Uncalled bet ($0.03) returned to f0394623
*** SHOWDOWN ***
f0394623 collected $0.04 from pot
*** SUMMARY ***
Total pot $0.04 | Rake $0 | Jackpot $0 | Bingo $0 | Fortune $0
Seat 2: a0a8234e folded before Flop (didn't bet)
Seat 3: Hero (button) folded before Flop (didn't bet)
Seat 5: 5f459835 (small blind) folded before Flop
Seat 6: f0394623 (big blind) collected ($0.04)


Poker Hand #HD1143314723: Hold'em No Limit  ($0.02/$0.05) - 2023/03/02 22:09:00
Table 'NLHBlue51' 6-max Seat #2 is the button
Seat 2: a0a8234e ($5.39 in chips)
Seat 3: Hero ($6.06 in chips)
Seat 5: 5f459835 ($5.22 in chips)
Seat 6: f0394623 ($9.03 in chips)
Hero: posts small blind $0.02
5f459835: posts big blind $0.05
*** HOLE CARDS ***
Dealt to a0a8234e 
Dealt to Hero [2s Td]
Dealt to 5f459835 
Dealt to f0394623 
f0394623: folds
a0a8234e: folds
Hero: folds
Uncalled bet ($0.03) returned to 5f459835
*** SHOWDOWN ***
5f459835 collected $0.04 from pot
*** SUMMARY ***
Total pot $0.04 | Rake $0 | Jackpot $0 | Bingo $0 | Fortune $0
Seat 2: a0a8234e (button) folded before Flop (didn't bet)
Seat 3: Hero (small blind) folded before Flop
Seat 5: 5f459835 (big blind) collected ($0.04)
Seat 6: f0394623 folded before Flop (didn't bet)


Poker Hand #HD1143314701: Hold'em No Limit  ($0.02/$0.05) - 2023/03/02 22:08:52
Table 'NLHBlue51' 6-max Seat #6 is the button
Seat 2: a0a8234e ($5.41 in chips)
Seat 3: Hero ($6.04 in chips)
Seat 5: 5f459835 ($5.22 in chips)
Seat 6: f0394623 ($9.03 in chips)
a0a8234e: posts small blind $0.02
Hero: posts big blind $0.05
*** HOLE CARDS ***
Dealt to a0a8234e 
Dealt to Hero [5c Qh]
Dealt to 5f459835 
Dealt to f0394623 
5f459835: folds
f0394623: folds
a0a8234e: folds
Uncalled bet ($0.03) returned to Hero
*** SHOWDOWN ***
Hero collected $0.04 from pot
*** SUMMARY ***
Total pot $0.04 | Rake $0 | Jackpot $0 | Bingo $0 | Fortune $0
Seat 2: a0a8234e (small blind) folded before Flop
Seat 3: Hero (big blind) collected ($0.04)
Seat 5: 5f459835 folded before Flop (didn't bet)
Seat 6: f0394623 (button) folded before Flop (didn't bet)


Poker Hand #HD1143314686: Hold'em No Limit  ($0.02/$0.05) - 2023/03/02 22:08:46
Table 'NLHBlue51' 6-max Seat #5 is the button
Seat 2: a0a8234e ($5.39 in chips)
Seat 3: Hero ($6.04 in chips)
Seat 5: 5f459835 ($5.22 in chips)
Seat 6: f0394623 ($9.05 in chips)
f0394623: posts small blind $0.02
a0a8234e: posts big blind $0.05
*** HOLE CARDS ***
Dealt to a0a8234e 
Dealt to Hero [9d 8c]
Dealt to 5f459835 
Dealt to f0394623 
Hero: folds
5f459835: folds
f0394623: folds
Uncalled bet ($0.03) returned to a0a8234e
*** SHOWDOWN ***
a0a8234e collected $0.04 from pot
*** SUMMARY ***
Total pot $0.04 | Rake $0 | Jackpot $0 | Bingo $0 | Fortune $0
Seat 2: a0a8234e (big blind) collected ($0.04)
Seat 3: Hero folded before Flop (didn't bet)
Seat 5: 5f459835 (button) folded before Flop (didn't bet)
Seat 6: f0394623 (small blind) folded before Flop


Poker Hand #HD1143314610: Hold'em No Limit  ($0.02/$0.05) - 2023/03/02 22:08:10
Table 'NLHBlue51' 6-max Seat #3 is the button
Seat 2: a0a8234e ($5.07 in chips)
Seat 3: Hero ($6.32 in chips)
Seat 5: 5f459835 ($5.24 in chips)
Seat 6: f0394623 ($9.1 in chips)
5f459835: posts small blind $0.02
f0394623: posts big blind $0.05
*** HOLE CARDS ***
Dealt to a0a8234e 
Dealt to Hero [5c 5h]
Dealt to 5f459835 
Dealt to f0394623 
a0a8234e: raises $0.1 to $0.15
Hero: calls $0.15
5f459835: folds
f0394623: folds
*** FLOP *** [Ah Qc As]
a0a8234e: checks
Hero: checks
*** TURN *** [Ah Qc As] [7d]
a0a8234e: bets $0.13
Hero: calls $0.13
*** RIVER *** [Ah Qc As 7d] [2h]
a0a8234e: checks
Hero: checks
a0a8234e: shows [7c 8c] (Pair of Aces and Pair of Sevens)
Hero: shows [5c 5h] (Pair of Aces and Pair of Fives)
*** SHOWDOWN ***
a0a8234e collected $0.6 from pot
*** SUMMARY ***
Total pot $0.63 | Rake $0.03 | Jackpot $0 | Bingo $0 | Fortune $0
Board [Ah Qc As 7d 2h]
Seat 2: a0a8234e showed [7c 8c] and won ($0.6) with Pair of Aces and Pair of Sevens
Seat 3: Hero (button) showed [5c 5h] and lost with Pair of Aces and Pair of Fives
Seat 5: 5f459835 (small blind) folded before Flop
Seat 6: f0394623 (big blind) folded before Flop


Poker Hand #HD1143314487: Hold'em No Limit  ($0.02/$0.05) - 2023/03/02 22:07:13
Table 'NLHBlue51' 6-max Seat #2 is the button
Seat 2: a0a8234e ($5.12 in chips)
Seat 3: Hero ($6.34 in chips)
Seat 5: 5f459835 ($5.17 in chips)
Seat 6: f0394623 ($9.1 in chips)
Hero: posts small blind $0.02
5f459835: posts big blind $0.05
*** HOLE CARDS ***
Dealt to a0a8234e 
Dealt to Hero [Qc 7s]
Dealt to 5f459835 
Dealt to f0394623 
f0394623: folds
a0a8234e: calls $0.05
Hero: folds
5f459835: checks
*** FLOP *** [8c 2s 4d]
5f459835: checks
a0a8234e: checks
*** TURN *** [8c 2s 4d] [3d]
5f459835: checks
a0a8234e: checks
*** RIVER *** [8c 2s 4d 3d] [6h]
5f459835: checks
a0a8234e: checks
5f459835: shows [Ah 7c] (Ace-High)
a0a8234e: shows [9c Th] (Ten-High)
*** SHOWDOWN ***
5f459835 collected $0.12 from pot
*** SUMMARY ***
Total pot $0.12 | Rake $0 | Jackpot $0 | Bingo $0 | Fortune $0
Board [8c 2s 4d 3d 6h]
Seat 2: a0a8234e (button) showed [9c Th] and lost with Ten-High
Seat 3: Hero (small blind) folded before Flop
Seat 5: 5f459835 (big blind) showed [Ah 7c] and won ($0.12) with Ace-High
Seat 6: f0394623 folded before Flop (didn't bet)


Poker Hand #HD1143314465: Hold'em No Limit  ($0.02/$0.05) - 2023/03/02 22:06:59
Table 'NLHBlue51' 6-max Seat #6 is the button
Seat 2: a0a8234e ($5.14 in chips)
Seat 3: Hero ($6.39 in chips)
Seat 5: 5f459835 ($5.1 in chips)
Seat 6: f0394623 ($9.1 in chips)
a0a8234e: posts small blind $0.02
Hero: posts big blind $0.05
*** HOLE CARDS ***
Dealt to a0a8234e 
Dealt to Hero [5s 8d]
Dealt to 5f459835 
Dealt to f0394623 
5f459835: raises $0.1 to $0.15
f0394623: folds
a0a8234e: folds
Hero: folds
Uncalled bet ($0.1) returned to 5f459835
*** SHOWDOWN ***
5f459835 collected $0.12 from pot
*** SUMMARY ***
Total pot $0.12 | Rake $0 | Jackpot $0 | Bingo $0 | Fortune $0
Seat 2: a0a8234e (small blind) folded before Flop
Seat 3: Hero (big blind) folded before Flop
Seat 5: 5f459835 collected ($0.12)
Seat 6: f0394623 (button) folded before Flop (didn't bet)


Poker Hand #HD1143314392: Hold'em No Limit  ($0.02/$0.05) - 2023/03/02 22:06:31
Table 'NLHBlue51' 6-max Seat #5 is the button
Seat 2: a0a8234e ($4.9 in chips)
Seat 3: Hero ($6.39 in chips)
Seat 5: 5f459835 ($5.35 in chips)
Seat 6: f0394623 ($9.12 in chips)
f0394623: posts small blind $0.02
a0a8234e: posts big blind $0.05
*** HOLE CARDS ***
Dealt to a0a8234e 
Dealt to Hero [4s Th]
Dealt to 5f459835 
Dealt to f0394623 
Hero: folds
5f459835: raises $0.07 to $0.12
f0394623: folds
a0a8234e: raises $0.13 to $0.25
5f459835: calls $0.13
*** FLOP *** [5s 4d Ah]
a0a8234e: bets $0.26
5f459835: folds
Uncalled bet ($0.26) returned to a0a8234e
*** SHOWDOWN ***
a0a8234e collected $0.49 from pot
*** SUMMARY ***
Total pot $0.52 | Rake $0.03 | Jackpot $0 | Bingo $0 | Fortune $0
Board [5s 4d Ah]
Seat 2: a0a8234e (big blind) won ($0.49)
Seat 3: Hero folded before Flop (didn't bet)
Seat 5: 5f459835 (button) folded on the Flop
Seat 6: f0394623 (small blind) folded before Flop


Poker Hand #HD1143314234: Hold'em No Limit  ($0.02/$0.05) - 2023/03/02 22:05:24
Table 'NLHBlue51' 6-max Seat #3 is the button
Seat 2: a0a8234e ($4.83 in chips)
Seat 3: Hero ($6.39 in chips)
Seat 5: 5f459835 ($5.37 in chips)
Seat 6: f0394623 ($9.17 in chips)
5f459835: posts small blind $0.02
f0394623: posts big blind $0.05
*** HOLE CARDS ***
Dealt to a0a8234e 
Dealt to Hero [Qh 4s]
Dealt to 5f459835 
Dealt to f0394623 
a0a8234e: calls $0.05
Hero: folds
5f459835: folds
f0394623: checks
*** FLOP *** [3d 6h 3s]
f0394623: checks
a0a8234e: checks
*** TURN *** [3d 6h 3s] [6d]
f0394623: checks
a0a8234e: checks
*** RIVER *** [3d 6h 3s 6d] [5h]
f0394623: checks
a0a8234e: checks
f0394623: shows [9s 2d] (Pair of Sixes and Pair of Treys)
a0a8234e: shows [4c Qc] (Pair of Sixes and Pair of Treys)
*** SHOWDOWN ***
a0a8234e collected $0.12 from pot
*** SUMMARY ***
Total pot $0.12 | Rake $0 | Jackpot $0 | Bingo $0 | Fortune $0
Board [3d 6h 3s 6d 5h]
Seat 2: a0a8234e showed [4c Qc] and won ($0.12) with Pair of Sixes and Pair of Treys
Seat 3: Hero (button) folded before Flop (didn't bet)
Seat 5: 5f459835 (small blind) folded before Flop
Seat 6: f0394623 (big blind) showed [9s 2d] and lost with Pair of Sixes and Pair of Treys


Poker Hand #HD1143314180: Hold'em No Limit  ($0.02/$0.05) - 2023/03/02 22:05:01
Table 'NLHBlue51' 6-max Seat #2 is the button
Seat 2: a0a8234e ($4.83 in chips)
Seat 3: Hero ($6.34 in chips)
Seat 5: 5f459835 ($5.42 in chips)
Seat 6: f0394623 ($9.17 in chips)
Hero: posts small blind $0.02
5f459835: posts big blind $0.05
*** HOLE CARDS ***
Dealt to a0a8234e 
Dealt to Hero [Kc Kh]
Dealt to 5f459835 
Dealt to f0394623 
f0394623: folds
a0a8234e: folds
Hero: raises $0.11 to $0.16
5f459835: folds
Uncalled bet ($0.11) returned to Hero
*** SHOWDOWN ***
Hero collected $0.1 from pot
*** SUMMARY ***
Total pot $0.1 | Rake $0 | Jackpot $0 | Bingo $0 | Fortune $0
Seat 2: a0a8234e (button) folded before Flop (didn't bet)
Seat 3: Hero (small blind) collected ($0.1)
Seat 5: 5f459835 (big blind) folded before Flop
Seat 6: f0394623 folded before Flop (didn't bet)


Poker Hand #HD1143314126: Hold'em No Limit  ($0.02/$0.05) - 2023/03/02 22:04:38
Table 'NLHBlue51' 6-max Seat #6 is the button
Seat 2: a0a8234e ($4.85 in chips)
Seat 3: Hero ($6.39 in chips)
Seat 5: 5f459835 ($5.42 in chips)
Seat 6: f0394623 ($9.1 in chips)
a0a8234e: posts small blind $0.02
Hero: posts big blind $0.05
*** HOLE CARDS ***
Dealt to a0a8234e 
Dealt to Hero [6c 9h]
Dealt to 5f459835 
Dealt to f0394623 
5f459835: folds
f0394623: raises $0.1 to $0.15
a0a8234e: folds
Hero: folds
Uncalled bet ($0.1) returned to f0394623
*** SHOWDOWN ***
f0394623 collected $0.12 from pot
*** SUMMARY ***
Total pot $0.12 | Rake $0 | Jackpot $0 | Bingo $0 | Fortune $0
Seat 2: a0a8234e (small blind) folded before Flop
Seat 3: Hero (big blind) folded before Flop
Seat 5: 5f459835 folded before Flop (didn't bet)
Seat 6: f0394623 (button) collected ($0.12)


Poker Hand #HD1143314064: Hold'em No Limit  ($0.02/$0.05) - 2023/03/02 22:04:13
Table 'NLHBlue51' 6-max Seat #5 is the button
Seat 2: a0a8234e ($4.61 in chips)
Seat 3: Hero ($6.39 in chips)
Seat 5: 5f459835 ($5.67 in chips)
Seat 6: f0394623 ($9.12 in chips)
f0394623: posts small blind $0.02
a0a8234e: posts big blind $0.05
*** HOLE CARDS ***
Dealt to a0a8234e 
Dealt to Hero [6d Tc]
Dealt to 5f459835 
Dealt to f0394623 
Hero: folds
5f459835: raises $0.07 to $0.12
f0394623: folds
a0a8234e: raises $0.13 to $0.25
5f459835: calls $0.13
*** FLOP *** [5c Qc 9c]
a0a8234e: bets $0.26
5f459835: folds
Uncalled bet ($0.26) returned to a0a8234e
*** SHOWDOWN ***
a0a8234e collected $0.49 from pot
*** SUMMARY ***
Total pot $0.52 | Rake $0.03 | Jackpot $0 | Bingo $0 | Fortune $0
Board [5c Qc 9c]
Seat 2: a0a8234e (big blind) won ($0.49)
Seat 3: Hero folded before Flop (didn't bet)
Seat 5: 5f459835 (button) folded on the Flop
Seat 6: f0394623 (small blind) folded before Flop


Poker Hand #HD1143314040: Hold'em No Limit  ($0.02/$0.05) - 2023/03/02 22:04:00
Table 'NLHBlue51' 6-max Seat #3 is the button
Seat 2: a0a8234e ($4.61 in chips)
Seat 3: Hero ($6.32 in chips)
Seat 5: 5f459835 ($5.69 in chips)
Seat 6: f0394623 ($9.17 in chips)
5f459835: posts small blind $0.02
f0394623: posts big blind $0.05
*** HOLE CARDS ***
Dealt to a0a8234e 
Dealt to Hero [Jd Jc]
Dealt to 5f459835 
Dealt to f0394623 
a0a8234e: folds
Hero: raises $0.07 to $0.12
5f459835: folds
f0394623: folds
Uncalled bet ($0.07) returned to Hero
*** SHOWDOWN ***
Hero collected $0.12 from pot
*** SUMMARY ***
Total pot $0.12 | Rake $0 | Jackpot $0 | Bingo $0 | Fortune $0
Seat 2: a0a8234e folded before Flop (didn't bet)
Seat 3: Hero (button) collected ($0.12)
Seat 5: 5f459835 (small blind) folded before Flop
Seat 6: f0394623 (big blind) folded before Flop


Poker Hand #HD1143313990: Hold'em No Limit  ($0.02/$0.05) - 2023/03/02 22:03:33
Table 'NLHBlue51' 6-max Seat #2 is the button
Seat 2: a0a8234e ($4.54 in chips)
Seat 3: Hero ($6.34 in chips)
Seat 5: 5f459835 ($5.74 in chips)
Seat 6: f0394623 ($9.17 in chips)
Hero: posts small blind $0.02
5f459835: posts big blind $0.05
*** HOLE CARDS ***
Dealt to a0a8234e 
Dealt to Hero [4c Jc]
Dealt to 5f459835 
Dealt to f0394623 
f0394623: folds
a0a8234e: calls $0.05
Hero: folds
5f459835: checks
*** FLOP *** [Qc Td 8h]
5f459835: checks
a0a8234e: bets $0.09
5f459835: folds
Uncalled bet ($0.09) returned to a0a8234e
*** SHOWDOWN ***
a0a8234e collected $0.12 from pot
*** SUMMARY ***
Total pot $0.12 | Rake $0 | Jackpot $0 | Bingo $0 | Fortune $0
Board [Qc Td 8h]
Seat 2: a0a8234e (button) won ($0.12)
Seat 3: Hero (small blind) folded before Flop
Seat 5: 5f459835 (big blind) folded on the Flop
Seat 6: f0394623 folded before Flop (didn't bet)


Poker Hand #HD1143313884: Hold'em No Limit  ($0.02/$0.05) - 2023/03/02 22:02:54
Table 'NLHBlue51' 6-max Seat #6 is the button
Seat 2: a0a8234e ($4.69 in chips)
Seat 3: Hero ($7 in chips)
Seat 5: 5f459835 ($5 in chips)
Seat 6: f0394623 ($9.17 in chips)
a0a8234e: posts small blind $0.02
Hero: posts big blind $0.05
*** HOLE CARDS ***
Dealt to a0a8234e 
Dealt to Hero [Js Ah]
Dealt to 5f459835 
Dealt to f0394623 
5f459835: raises $0.1 to $0.15
f0394623: folds
a0a8234e: calls $0.13
Hero: raises $0.51 to $0.66
5f459835: calls $0.51
a0a8234e: folds
*** FLOP *** [8d 3c 9d]
Hero: checks
5f459835: bets $0.51
Hero: folds
Uncalled bet ($0.51) returned to 5f459835
*** SHOWDOWN ***
5f459835 collected $1.4 from pot
*** SUMMARY ***
Total pot $1.47 | Rake $0.07 | Jackpot $0 | Bingo $0 | Fortune $0
Board [8d 3c 9d]
Seat 2: a0a8234e (small blind) folded before Flop
Seat 3: Hero (big blind) folded on the Flop
Seat 5: 5f459835 won ($1.4)
Seat 6: f0394623 (button) folded before Flop (didn't bet)


Poker Hand #HD1143313867: Hold'em No Limit  ($0.02/$0.05) - 2023/03/02 22:02:45
Table 'NLHBlue51' 6-max Seat #5 is the button
Seat 2: a0a8234e ($4.67 in chips)
Seat 3: Hero ($7 in chips)
Seat 5: 5f459835 ($5 in chips)
Seat 6: f0394623 ($9.19 in chips)
f0394623: posts small blind $0.02
a0a8234e: posts big blind $0.05
*** HOLE CARDS ***
Dealt to a0a8234e 
Dealt to Hero [4c 9s]
Dealt to 5f459835 
Dealt to f0394623 
Hero: folds
5f459835: folds
f0394623: folds
Uncalled bet ($0.03) returned to a0a8234e
*** SHOWDOWN ***
a0a8234e collected $0.04 from pot
*** SUMMARY ***
Total pot $0.04 | Rake $0 | Jackpot $0 | Bingo $0 | Fortune $0
Seat 2: a0a8234e (big blind) collected ($0.04)
Seat 3: Hero folded before Flop (didn't bet)
Seat 5: 5f459835 (button) folded before Flop (didn't bet)
Seat 6: f0394623 (small blind) folded before Flop


Poker Hand #HD1143313751: Hold'em No Limit  ($0.02/$0.05) - 2023/03/02 22:01:47
Table 'NLHBlue51' 6-max Seat #3 is the button
Seat 2: a0a8234e ($4.67 in chips)
Seat 3: Hero ($7 in chips)
Seat 4: 33f89f96 ($3.07 in chips)
Seat 5: 5f459835 ($5 in chips)
Seat 6: f0394623 ($6.42 in chips)
33f89f96: posts small blind $0.02
5f459835: posts big blind $0.05
*** HOLE CARDS ***
Dealt to a0a8234e 
Dealt to Hero [4h 5d]
Dealt to 33f89f96 
Dealt to 5f459835 
Dealt to f0394623 
f0394623: raises $0.1 to $0.15
a0a8234e: folds
Hero: folds
33f89f96: raises $0.1 to $0.25
5f459835: folds
f0394623: calls $0.1
*** FLOP *** [4d 3d Tc]
33f89f96: bets $0.2
f0394623: calls $0.2
*** TURN *** [4d 3d Tc] [6c]
33f89f96: bets $0.6
f0394623: calls $0.6
*** RIVER *** [4d 3d Tc 6c] [Qh]
33f89f96: bets $0.8
f0394623: raises $4.57 to $5.37 and is all-in
33f89f96: calls $1.22 and is all-in
Uncalled bet ($3.35) returned to f0394623
f0394623: shows [Ac Qc] (Pair of Queens)
33f89f96: shows [9h 9c] (Pair of Nines)
*** SHOWDOWN ***
f0394623 collected $5.84 from pot
*** SUMMARY ***
Total pot $6.19 | Rake $0.3 | Jackpot $0.05 | Bingo $0 | Fortune $0
Board [4d 3d Tc 6c Qh]
Seat 2: a0a8234e folded before Flop (didn't bet)
Seat 3: Hero (button) folded before Flop (didn't bet)
Seat 4: 33f89f96 (small blind) showed [9h 9c] and lost with Pair of Nines
Seat 5: 5f459835 (big blind) folded before Flop
Seat 6: f0394623 showed [Ac Qc] and won ($5.84) with Pair of Queens


Poker Hand #HD1143313726: Hold'em No Limit  ($0.02/$0.05) - 2023/03/02 22:01:38
Table 'NLHBlue51' 6-max Seat #2 is the button
Seat 2: a0a8234e ($4.67 in chips)
Seat 3: Hero ($7.02 in chips)
Seat 4: 33f89f96 ($3.05 in chips)
Seat 5: 5f459835 ($5 in chips)
Seat 6: f0394623 ($6.42 in chips)
Hero: posts small blind $0.02
33f89f96: posts big blind $0.05
*** HOLE CARDS ***
Dealt to a0a8234e 
Dealt to Hero [Ks 2c]
Dealt to 33f89f96 
Dealt to 5f459835 
Dealt to f0394623 
5f459835: folds
f0394623: folds
a0a8234e: folds
Hero: folds
Uncalled bet ($0.03) returned to 33f89f96
*** SHOWDOWN ***
33f89f96 collected $0.04 from pot
*** SUMMARY ***
Total pot $0.04 | Rake $0 | Jackpot $0 | Bingo $0 | Fortune $0
Seat 2: a0a8234e (button) folded before Flop (didn't bet)
Seat 3: Hero (small blind) folded before Flop
Seat 4: 33f89f96 (big blind) collected ($0.04)
Seat 5: 5f459835 folded before Flop (didn't bet)
Seat 6: f0394623 folded before Flop (didn't bet)


Poker Hand #HD1143313591: Hold'em No Limit  ($0.02/$0.05) - 2023/03/02 22:00:37
Table 'NLHBlue51' 6-max Seat #6 is the button
Seat 2: a0a8234e ($4.87 in chips)
Seat 3: Hero ($6.79 in chips)
Seat 4: 33f89f96 ($3.1 in chips)
Seat 5: 5f459835 ($5 in chips)
Seat 6: f0394623 ($6.42 in chips)
a0a8234e: posts small blind $0.02
Hero: posts big blind $0.05
*** HOLE CARDS ***
Dealt to a0a8234e 
Dealt to Hero [Qd Kh]
Dealt to 33f89f96 
Dealt to 5f459835 
Dealt to f0394623 
33f89f96: calls $0.05
5f459835: folds
f0394623: folds
a0a8234e: calls $0.03
Hero: raises $0.15 to $0.2
33f89f96: folds
a0a8234e: calls $0.15
*** FLOP *** [7h 5d 4c]
a0a8234e: checks
Hero: checks
*** TURN *** [7h 5d 4c] [6d]
a0a8234e: checks
Hero: checks
*** RIVER *** [7h 5d 4c 6d] [Ts]
a0a8234e: checks
Hero: checks
a0a8234e: shows [Qs 9h] (Queen-High)
Hero: shows [Qd Kh] (King-High)
*** SHOWDOWN ***
Hero collected $0.43 from pot
*** SUMMARY ***
Total pot $0.45 | Rake $0.02 | Jackpot $0 | Bingo $0 | Fortune $0
Board [7h 5d 4c 6d Ts]
Seat 2: a0a8234e (small blind) showed [Qs 9h] and lost with Queen-High
Seat 3: Hero (big blind) showed [Qd Kh] and won ($0.43) with King-High
Seat 4: 33f89f96 folded before Flop
Seat 5: 5f459835 folded before Flop (didn't bet)
Seat 6: f0394623 (button) folded before Flop (didn't bet)


Poker Hand #HD1143313544: Hold'em No Limit  ($0.02/$0.05) - 2023/03/02 22:00:19
Table 'NLHBlue51' 6-max Seat #5 is the button
Seat 2: a0a8234e ($4.62 in chips)
Seat 3: Hero ($6.79 in chips)
Seat 4: 33f89f96 ($3.1 in chips)
Seat 5: 5f459835 ($5 in chips)
Seat 6: f0394623 ($6.37 in chips)
f0394623: posts small blind $0.02
a0a8234e: posts big blind $0.05
*** HOLE CARDS ***
Dealt to a0a8234e 
Dealt to Hero [Qh 7d]
Dealt to 33f89f96 
Dealt to 5f459835 
Dealt to f0394623 
Hero: folds
33f89f96: folds
5f459835: folds
f0394623: raises $0.1 to $0.15
a0a8234e: folds
Uncalled bet ($0.1) returned to f0394623
*** SHOWDOWN ***
f0394623 collected $0.1 from pot
*** SUMMARY ***
Total pot $0.1 | Rake $0 | Jackpot $0 | Bingo $0 | Fortune $0
Seat 2: a0a8234e (big blind) folded before Flop
Seat 3: Hero folded before Flop (didn't bet)
Seat 4: 33f89f96 folded before Flop (didn't bet)
Seat 5: 5f459835 (button) folded before Flop (didn't bet)
Seat 6: f0394623 (small blind) collected ($0.1)


Poker Hand #HD1143313491: Hold'em No Limit  ($0.02/$0.05) - 2023/03/02 21:59:56
Table 'NLHBlue51' 6-max Seat #4 is the button
Seat 1: 8a83150b ($5.55 in chips)
Seat 2: a0a8234e ($4.62 in chips)
Seat 3: Hero ($6.79 in chips)
Seat 4: 33f89f96 ($3.03 in chips)
Seat 5: 5f459835 ($5 in chips)
Seat 6: f0394623 ($6.42 in chips)
5f459835: posts small blind $0.02
f0394623: posts big blind $0.05
*** HOLE CARDS ***
Dealt to 8a83150b 
Dealt to a0a8234e 
Dealt to Hero [Qc 3c]
Dealt to 33f89f96 
Dealt to 5f459835 
Dealt to f0394623 
8a83150b: folds
a0a8234e: folds
Hero: folds
33f89f96: calls $0.05
5f459835: folds
f0394623: checks
*** FLOP *** [5c As 2s]
f0394623: checks
33f89f96: checks
*** TURN *** [5c As 2s] [5h]
f0394623: checks
33f89f96: bets $0.05
f0394623: folds
Uncalled bet ($0.05) returned to 33f89f96
*** SHOWDOWN ***
33f89f96 collected $0.12 from pot
*** SUMMARY ***
Total pot $0.12 | Rake $0 | Jackpot $0 | Bingo $0 | Fortune $0
Board [5c As 2s 5h]
Seat 1: 8a83150b folded before Flop (didn't bet)
Seat 2: a0a8234e folded before Flop (didn't bet)
Seat 3: Hero folded before Flop (didn't bet)
Seat 4: 33f89f96 (button) won ($0.12)
Seat 5: 5f459835 (small blind) folded before Flop
Seat 6: f0394623 (big blind) folded on the Turn


Poker Hand #HD1143313425: Hold'em No Limit  ($0.02/$0.05) - 2023/03/02 21:59:27
Table 'NLHBlue51' 6-max Seat #3 is the button
Seat 1: 8a83150b ($5.55 in chips)
Seat 2: a0a8234e ($4.62 in chips)
Seat 3: Hero ($6.65 in chips)
Seat 4: 33f89f96 ($3.13 in chips)
Seat 5: 5f459835 ($5 in chips)
Seat 6: f0394623 ($6.42 in chips)
33f89f96: posts small blind $0.02
5f459835: posts big blind $0.05
*** HOLE CARDS ***
Dealt to 8a83150b 
Dealt to a0a8234e 
Dealt to Hero [Ks 3s]
Dealt to 33f89f96 
Dealt to 5f459835 
Dealt to f0394623 
f0394623: folds
8a83150b: folds
a0a8234e: folds
Hero: raises $0.05 to $0.1
33f89f96: calls $0.08
5f459835: folds
*** FLOP *** [3c Jd 5h]
33f89f96: checks
Hero: checks
*** TURN *** [3c Jd 5h] [Kd]
33f89f96: checks
Hero: bets $0.19
33f89f96: folds
Uncalled bet ($0.19) returned to Hero
*** SHOWDOWN ***
Hero collected $0.24 from pot
*** SUMMARY ***
Total pot $0.25 | Rake $0.01 | Jackpot $0 | Bingo $0 | Fortune $0
Board [3c Jd 5h Kd]
Seat 1: 8a83150b folded before Flop (didn't bet)
Seat 2: a0a8234e folded before Flop (didn't bet)
Seat 3: Hero (button) won ($0.24)
Seat 4: 33f89f96 (small blind) folded on the Turn
Seat 5: 5f459835 (big blind) folded before Flop
Seat 6: f0394623 folded before Flop (didn't bet)


Poker Hand #HD1143313394: Hold'em No Limit  ($0.02/$0.05) - 2023/03/02 21:59:11
Table 'NLHBlue51' 6-max Seat #2 is the button
Seat 1: 8a83150b ($5.55 in chips)
Seat 2: a0a8234e ($4.62 in chips)
Seat 3: Hero ($6.67 in chips)
Seat 4: 33f89f96 ($3.11 in chips)
Seat 6: f0394623 ($6.42 in chips)
Hero: posts small blind $0.02
33f89f96: posts big blind $0.05
*** HOLE CARDS ***
Dealt to 8a83150b 
Dealt to a0a8234e 
Dealt to Hero [8c Qh]
Dealt to 33f89f96 
Dealt to f0394623 
f0394623: folds
8a83150b: folds
a0a8234e: folds
Hero: folds
Uncalled bet ($0.03) returned to 33f89f96
*** SHOWDOWN ***
33f89f96 collected $0.04 from pot
*** SUMMARY ***
Total pot $0.04 | Rake $0 | Jackpot $0 | Bingo $0 | Fortune $0
Seat 1: 8a83150b folded before Flop (didn't bet)
Seat 2: a0a8234e (button) folded before Flop (didn't bet)
Seat 3: Hero (small blind) folded before Flop
Seat 4: 33f89f96 (big blind) collected ($0.04)
Seat 6: f0394623 folded before Flop (didn't bet)


Poker Hand #HD1143313327: Hold'em No Limit  ($0.02/$0.05) - 2023/03/02 21:58:48
Table 'NLHBlue51' 6-max Seat #1 is the button
Seat 1: 8a83150b ($5.48 in chips)
Seat 2: a0a8234e ($4.64 in chips)
Seat 3: Hero ($6.72 in chips)
Seat 4: 33f89f96 ($3.11 in chips)
Seat 6: f0394623 ($6.42 in chips)
a0a8234e: posts small blind $0.02
Hero: posts big blind $0.05
*** HOLE CARDS ***
Dealt to 8a83150b 
Dealt to a0a8234e 
Dealt to Hero [4s 3c]
Dealt to 33f89f96 
Dealt to f0394623 
33f89f96: folds
f0394623: folds
8a83150b: raises $0.08 to $0.13
a0a8234e: folds
Hero: folds
Uncalled bet ($0.08) returned to 8a83150b
*** SHOWDOWN ***
8a83150b collected $0.12 from pot
*** SUMMARY ***
Total pot $0.12 | Rake $0 | Jackpot $0 | Bingo $0 | Fortune $0
Seat 1: 8a83150b (button) collected ($0.12)
Seat 2: a0a8234e (small blind) folded before Flop
Seat 3: Hero (big blind) folded before Flop
Seat 4: 33f89f96 folded before Flop (didn't bet)
Seat 6: f0394623 folded before Flop (didn't bet)


Poker Hand #HD1143313223: Hold'em No Limit  ($0.02/$0.05) - 2023/03/02 21:58:07
Table 'NLHBlue51' 6-max Seat #6 is the button
Seat 1: 8a83150b ($5.5 in chips)
Seat 2: a0a8234e ($5 in chips)
Seat 3: Hero ($6.72 in chips)
Seat 4: 33f89f96 ($3.11 in chips)
Seat 6: f0394623 ($6.07 in chips)
8a83150b: posts small blind $0.02
a0a8234e: posts big blind $0.05
*** HOLE CARDS ***
Dealt to 8a83150b 
Dealt to a0a8234e 
Dealt to Hero [Ac 9s]
Dealt to 33f89f96 
Dealt to f0394623 
Hero: folds
33f89f96: folds
f0394623: raises $0.1 to $0.15
8a83150b: folds
a0a8234e: calls $0.1
*** FLOP *** [3h 6s 4h]
a0a8234e: checks
f0394623: bets $0.21
a0a8234e: calls $0.21
*** TURN *** [3h 6s 4h] [Qh]
a0a8234e: checks
f0394623: bets $0.56
a0a8234e: folds
Uncalled bet ($0.56) returned to f0394623
*** SHOWDOWN ***
f0394623 collected $0.71 from pot
*** SUMMARY ***
Total pot $0.74 | Rake $0.03 | Jackpot $0 | Bingo $0 | Fortune $0
Board [3h 6s 4h Qh]
Seat 1: 8a83150b (small blind) folded before Flop
Seat 2: a0a8234e (big blind) folded on the Turn
Seat 3: Hero folded before Flop (didn't bet)
Seat 4: 33f89f96 folded before Flop (didn't bet)
Seat 6: f0394623 (button) won ($0.71)


Poker Hand #HD1143313158: Hold'em No Limit  ($0.02/$0.05) - 2023/03/02 21:57:35
Table 'NLHBlue51' 6-max Seat #4 is the button
Seat 1: 8a83150b ($5.55 in chips)
Seat 2: a0a8234e ($5 in chips)
Seat 3: Hero ($6.72 in chips)
Seat 4: 33f89f96 ($3.04 in chips)
Seat 6: f0394623 ($6.09 in chips)
f0394623: posts small blind $0.02
8a83150b: posts big blind $0.05
*** HOLE CARDS ***
Dealt to 8a83150b 
Dealt to a0a8234e 
Dealt to Hero [8h Ac]
Dealt to 33f89f96 
Dealt to f0394623 
a0a8234e: folds
Hero: folds
33f89f96: calls $0.05
f0394623: folds
8a83150b: checks
*** FLOP *** [9d 3s Qh]
8a83150b: checks
33f89f96: bets $0.05
8a83150b: folds
Uncalled bet ($0.05) returned to 33f89f96
*** SHOWDOWN ***
33f89f96 collected $0.12 from pot
*** SUMMARY ***
Total pot $0.12 | Rake $0 | Jackpot $0 | Bingo $0 | Fortune $0
Board [9d 3s Qh]
Seat 1: 8a83150b (big blind) folded on the Flop
Seat 2: a0a8234e folded before Flop (didn't bet)
Seat 3: Hero folded before Flop (didn't bet)
Seat 4: 33f89f96 (button) won ($0.12)
Seat 6: f0394623 (small blind) folded before Flop


Poker Hand #HD1143313106: Hold'em No Limit  ($0.02/$0.05) - 2023/03/02 21:57:13
Table 'NLHBlue51' 6-max Seat #3 is the button
Seat 1: 8a83150b ($5.55 in chips)
Seat 2: a0a8234e ($5 in chips)
Seat 3: Hero ($6.72 in chips)
Seat 4: 33f89f96 ($3.09 in chips)
Seat 6: f0394623 ($6.04 in chips)
33f89f96: posts small blind $0.02
f0394623: posts big blind $0.05
*** HOLE CARDS ***
Dealt to 8a83150b 
Dealt to a0a8234e 
Dealt to Hero [4d 5h]
Dealt to 33f89f96 
Dealt to f0394623 
8a83150b: folds
a0a8234e: folds
Hero: folds
33f89f96: calls $0.03
f0394623: checks
*** FLOP *** [Ks 7s Ts]
33f89f96: checks
f0394623: checks
*** TURN *** [Ks 7s Ts] [Tc]
33f89f96: checks
f0394623: bets $0.1
33f89f96: folds
Uncalled bet ($0.1) returned to f0394623
*** SHOWDOWN ***
f0394623 collected $0.1 from pot
*** SUMMARY ***
Total pot $0.1 | Rake $0 | Jackpot $0 | Bingo $0 | Fortune $0
Board [Ks 7s Ts Tc]
Seat 1: 8a83150b folded before Flop (didn't bet)
Seat 2: a0a8234e folded before Flop (didn't bet)
Seat 3: Hero (button) folded before Flop (didn't bet)
Seat 4: 33f89f96 (small blind) folded on the Turn
Seat 6: f0394623 (big blind) won ($0.1)


Poker Hand #HD1143312992: Hold'em No Limit  ($0.02/$0.05) - 2023/03/02 21:56:26
Table 'NLHBlue51' 6-max Seat #2 is the button
Seat 1: 8a83150b ($5.55 in chips)
Seat 2: a0a8234e ($4.27 in chips)
Seat 3: Hero ($6.74 in chips)
Seat 4: 33f89f96 ($3.14 in chips)
Seat 5: 49edb628 ($6.35 in chips)
Seat 6: f0394623 ($6.04 in chips)
Hero: posts small blind $0.02
33f89f96: posts big blind $0.05
*** HOLE CARDS ***
Dealt to 8a83150b 
Dealt to a0a8234e 
Dealt to Hero [5c 2d]
Dealt to 33f89f96 
Dealt to 49edb628 
Dealt to f0394623 
49edb628: folds
f0394623: folds
8a83150b: folds
a0a8234e: calls $0.05
Hero: folds
33f89f96: checks
*** FLOP *** [Qh 8h 4h]
33f89f96: checks
a0a8234e: checks
*** TURN *** [Qh 8h 4h] [Kd]
33f89f96: checks
a0a8234e: checks
*** RIVER *** [Qh 8h 4h Kd] [2h]
33f89f96: checks
a0a8234e: checks
33f89f96: shows [Ks 6c] (Pair of Kings)
a0a8234e: shows [9d 7h] (Queen High Flush)
*** SHOWDOWN ***
a0a8234e collected $0.12 from pot
*** SUMMARY ***
Total pot $0.12 | Rake $0 | Jackpot $0 | Bingo $0 | Fortune $0
Board [Qh 8h 4h Kd 2h]
Seat 1: 8a83150b folded before Flop (didn't bet)
Seat 2: a0a8234e (button) showed [9d 7h] and won ($0.12) with Queen High Flush
Seat 3: Hero (small blind) folded before Flop
Seat 4: 33f89f96 (big blind) showed [Ks 6c] and lost with Pair of Kings
Seat 5: 49edb628 folded before Flop (didn't bet)
Seat 6: f0394623 folded before Flop (didn't bet)


Poker Hand #HD1143312869: Hold'em No Limit  ($0.02/$0.05) - 2023/03/02 21:55:37
Table 'NLHBlue51' 6-max Seat #1 is the button
Seat 1: 8a83150b ($5.55 in chips)
Seat 2: a0a8234e ($4.32 in chips)
Seat 3: Hero ($6.84 in chips)
Seat 4: 33f89f96 ($3 in chips)
Seat 5: 49edb628 ($6.35 in chips)
Seat 6: f0394623 ($6.04 in chips)
a0a8234e: posts small blind $0.02
Hero: posts big blind $0.05
33f89f96: posts big blind $0.05
*** HOLE CARDS ***
Dealt to 8a83150b 
Dealt to a0a8234e 
Dealt to Hero [Qh Js]
Dealt to 33f89f96 
Dealt to 49edb628 
Dealt to f0394623 
33f89f96: checks
49edb628: folds
f0394623: folds
8a83150b: folds
a0a8234e: calls $0.03
Hero: checks
*** FLOP *** [Qd Kd Ah]
a0a8234e: checks
Hero: checks
33f89f96: bets $0.05
a0a8234e: folds
Hero: calls $0.05
*** TURN *** [Qd Kd Ah] [2c]
Hero: checks
33f89f96: bets $0.6
Hero: folds
Uncalled bet ($0.6) returned to 33f89f96
*** SHOWDOWN ***
33f89f96 collected $0.24 from pot
*** SUMMARY ***
Total pot $0.25 | Rake $0.01 | Jackpot $0 | Bingo $0 | Fortune $0
Board [Qd Kd Ah 2c]
Seat 1: 8a83150b (button) folded before Flop (didn't bet)
Seat 2: a0a8234e (small blind) folded on the Flop
Seat 3: Hero (big blind) folded on the Turn
Seat 4: 33f89f96 won ($0.24)
Seat 5: 49edb628 folded before Flop (didn't bet)
Seat 6: f0394623 folded before Flop (didn't bet)


Poker Hand #HD1143312836: Hold'em No Limit  ($0.02/$0.05) - 2023/03/02 21:55:25
Table 'NLHBlue51' 6-max Seat #6 is the button
Seat 1: 8a83150b ($5.57 in chips)
Seat 2: a0a8234e ($4.3 in chips)
Seat 3: Hero ($6.84 in chips)
Seat 5: 49edb628 ($6.35 in chips)
Seat 6: f0394623 ($6.04 in chips)
8a83150b: posts small blind $0.02
a0a8234e: posts big blind $0.05
*** HOLE CARDS ***
Dealt to 8a83150b 
Dealt to a0a8234e 
Dealt to Hero [Qd 2h]
Dealt to 49edb628 
Dealt to f0394623 
Hero: folds
49edb628: folds
f0394623: folds
8a83150b: folds
Uncalled bet ($0.03) returned to a0a8234e
*** SHOWDOWN ***
a0a8234e collected $0.04 from pot
*** SUMMARY ***
Total pot $0.04 | Rake $0 | Jackpot $0 | Bingo $0 | Fortune $0
Seat 1: 8a83150b (small blind) folded before Flop
Seat 2: a0a8234e (big blind) collected ($0.04)
Seat 3: Hero folded before Flop (didn't bet)
Seat 5: 49edb628 folded before Flop (didn't bet)
Seat 6: f0394623 (button) folded before Flop (didn't bet)


Poker Hand #HD1143312731: Hold'em No Limit  ($0.02/$0.05) - 2023/03/02 21:54:39
Table 'NLHBlue51' 6-max Seat #5 is the button
Seat 1: 8a83150b ($5 in chips)
Seat 2: a0a8234e ($4.45 in chips)
Seat 3: Hero ($6.84 in chips)
Seat 5: 49edb628 ($6.8 in chips)
Seat 6: f0394623 ($6.06 in chips)
f0394623: posts small blind $0.02
8a83150b: posts big blind $0.05
*** HOLE CARDS ***
Dealt to 8a83150b 
Dealt to a0a8234e 
Dealt to Hero [7h 5c]
Dealt to 49edb628 
Dealt to f0394623 
a0a8234e: raises $0.1 to $0.15
Hero: folds
49edb628: raises $0.3 to $0.45
f0394623: folds
8a83150b: calls $0.4
a0a8234e: folds
*** FLOP *** [Jh Tc 9d]
8a83150b: checks
49edb628: checks
*** TURN *** [Jh Tc 9d] [5d]
8a83150b: bets $0.54
49edb628: folds
Uncalled bet ($0.54) returned to 8a83150b
*** SHOWDOWN ***
8a83150b collected $1.02 from pot
*** SUMMARY ***
Total pot $1.07 | Rake $0.05 | Jackpot $0 | Bingo $0 | Fortune $0
Board [Jh Tc 9d 5d]
Seat 1: 8a83150b (big blind) won ($1.02)
Seat 2: a0a8234e folded before Flop
Seat 3: Hero folded before Flop (didn't bet)
Seat 5: 49edb628 (button) folded on the Turn
Seat 6: f0394623 (small blind) folded before Flop


Poker Hand #HD1143312702: Hold'em No Limit  ($0.02/$0.05) - 2023/03/02 21:54:30
Table 'NLHBlue51' 6-max Seat #3 is the button
Seat 1: 8a83150b ($5 in chips)
Seat 2: a0a8234e ($4.45 in chips)
Seat 3: Hero ($6.84 in chips)
Seat 5: 49edb628 ($6.82 in chips)
Seat 6: f0394623 ($6.04 in chips)
49edb628: posts small blind $0.02
f0394623: posts big blind $0.05
*** HOLE CARDS ***
Dealt to 8a83150b 
Dealt to a0a8234e 
Dealt to Hero [4d 5h]
Dealt to 49edb628 
Dealt to f0394623 
8a83150b: folds
a0a8234e: folds
Hero: folds
49edb628: folds
Uncalled bet ($0.03) returned to f0394623
*** SHOWDOWN ***
f0394623 collected $0.04 from pot
*** SUMMARY ***
Total pot $0.04 | Rake $0 | Jackpot $0 | Bingo $0 | Fortune $0
Seat 1: 8a83150b folded before Flop (didn't bet)
Seat 2: a0a8234e folded before Flop (didn't bet)
Seat 3: Hero (button) folded before Flop (didn't bet)
Seat 5: 49edb628 (small blind) folded before Flop
Seat 6: f0394623 (big blind) collected ($0.04)


Poker Hand #HD1143312541: Hold'em No Limit  ($0.02/$0.05) - 2023/03/02 21:53:27
Table 'NLHBlue51' 6-max Seat #2 is the button
Seat 1: 8a83150b ($5.8 in chips)
Seat 2: a0a8234e ($4.45 in chips)
Seat 3: Hero ($5.91 in chips)
Seat 5: 49edb628 ($6.87 in chips)
Seat 6: f0394623 ($6.04 in chips)
Hero: posts small blind $0.02
49edb628: posts big blind $0.05
*** HOLE CARDS ***
Dealt to 8a83150b 
Dealt to a0a8234e 
Dealt to Hero [Qd Jd]
Dealt to 49edb628 
Dealt to f0394623 
f0394623: folds
8a83150b: raises $0.1 to $0.15
a0a8234e: folds
Hero: raises $0.35 to $0.5
49edb628: folds
8a83150b: calls $0.35
*** FLOP *** [Qh Th Jc]
Hero: checks
8a83150b: bets $0.53
Hero: calls $0.53
*** TURN *** [Qh Th Jc] [3s]
Hero: checks
8a83150b: checks
*** RIVER *** [Qh Th Jc 3s] [3c]
Hero: bets $1.06
8a83150b: folds
Uncalled bet ($1.06) returned to Hero
*** SHOWDOWN ***
Hero collected $1.96 from pot
*** SUMMARY ***
Total pot $2.11 | Rake $0.1 | Jackpot $0.05 | Bingo $0 | Fortune $0
Board [Qh Th Jc 3s 3c]
Seat 1: 8a83150b folded on the River
Seat 2: a0a8234e (button) folded before Flop (didn't bet)
Seat 3: Hero (small blind) won ($1.96)
Seat 5: 49edb628 (big blind) folded before Flop
Seat 6: f0394623 folded before Flop (didn't bet)


Poker Hand #HD1143312521: Hold'em No Limit  ($0.02/$0.05) - 2023/03/02 21:53:18
Table 'NLHBlue51' 6-max Seat #1 is the button
Seat 1: 8a83150b ($5.8 in chips)
Seat 2: a0a8234e ($4.47 in chips)
Seat 3: Hero ($5.96 in chips)
Seat 5: 49edb628 ($6.87 in chips)
Seat 6: f0394623 ($5.97 in chips)
a0a8234e: posts small blind $0.02
Hero: posts big blind $0.05
*** HOLE CARDS ***
Dealt to 8a83150b 
Dealt to a0a8234e 
Dealt to Hero [3h Th]
Dealt to 49edb628 
Dealt to f0394623 
49edb628: folds
f0394623: raises $0.1 to $0.15
8a83150b: folds
a0a8234e: folds
Hero: folds
Uncalled bet ($0.1) returned to f0394623
*** SHOWDOWN ***
f0394623 collected $0.12 from pot
*** SUMMARY ***
Total pot $0.12 | Rake $0 | Jackpot $0 | Bingo $0 | Fortune $0
Seat 1: 8a83150b (button) folded before Flop (didn't bet)
Seat 2: a0a8234e (small blind) folded before Flop
Seat 3: Hero (big blind) folded before Flop
Seat 5: 49edb628 folded before Flop (didn't bet)
Seat 6: f0394623 collected ($0.12)


Poker Hand #HD1143312500: Hold'em No Limit  ($0.02/$0.05) - 2023/03/02 21:53:09
Table 'NLHBlue51' 6-max Seat #6 is the button
Seat 1: 8a83150b ($5.75 in chips)
Seat 2: a0a8234e ($4.52 in chips)
Seat 3: Hero ($5.96 in chips)
Seat 5: 49edb628 ($6.87 in chips)
Seat 6: f0394623 ($5.97 in chips)
8a83150b: posts small blind $0.02
a0a8234e: posts big blind $0.05
*** HOLE CARDS ***
Dealt to 8a83150b 
Dealt to a0a8234e 
Dealt to Hero [8h Td]
Dealt to 49edb628 
Dealt to f0394623 
Hero: folds
49edb628: folds
f0394623: folds
8a83150b: raises $0.08 to $0.13
a0a8234e: folds
Uncalled bet ($0.08) returned to 8a83150b
*** SHOWDOWN ***
8a83150b collected $0.1 from pot
*** SUMMARY ***
Total pot $0.1 | Rake $0 | Jackpot $0 | Bingo $0 | Fortune $0
Seat 1: 8a83150b (small blind) collected ($0.1)
Seat 2: a0a8234e (big blind) folded before Flop
Seat 3: Hero folded before Flop (didn't bet)
Seat 5: 49edb628 folded before Flop (didn't bet)
Seat 6: f0394623 (button) folded before Flop (didn't bet)


Poker Hand #HD1143312464: Hold'em No Limit  ($0.02/$0.05) - 2023/03/02 21:52:56
Table 'NLHBlue51' 6-max Seat #5 is the button
Seat 1: 8a83150b ($5.8 in chips)
Seat 2: a0a8234e ($4.52 in chips)
Seat 3: Hero ($5.96 in chips)
Seat 5: 49edb628 ($6.87 in chips)
Seat 6: f0394623 ($5.92 in chips)
f0394623: posts small blind $0.02
8a83150b: posts big blind $0.05
*** HOLE CARDS ***
Dealt to 8a83150b 
Dealt to a0a8234e 
Dealt to Hero [3c 2c]
Dealt to 49edb628 
Dealt to f0394623 
a0a8234e: folds
Hero: folds
49edb628: folds
f0394623: raises $0.1 to $0.15
8a83150b: folds
Uncalled bet ($0.1) returned to f0394623
*** SHOWDOWN ***
f0394623 collected $0.1 from pot
*** SUMMARY ***
Total pot $0.1 | Rake $0 | Jackpot $0 | Bingo $0 | Fortune $0
Seat 1: 8a83150b (big blind) folded before Flop
Seat 2: a0a8234e folded before Flop (didn't bet)
Seat 3: Hero folded before Flop (didn't bet)
Seat 5: 49edb628 (button) folded before Flop (didn't bet)
Seat 6: f0394623 (small blind) collected ($0.1)


Poker Hand #HD1143312405: Hold'em No Limit  ($0.02/$0.05) - 2023/03/02 21:52:30
Table 'NLHBlue51' 6-max Seat #3 is the button
Seat 1: 8a83150b ($5.8 in chips)
Seat 2: a0a8234e ($4.52 in chips)
Seat 3: Hero ($5.96 in chips)
Seat 5: 49edb628 ($6.82 in chips)
Seat 6: f0394623 ($5.97 in chips)
49edb628: posts small blind $0.02
f0394623: posts big blind $0.05
*** HOLE CARDS ***
Dealt to 8a83150b 
Dealt to a0a8234e 
Dealt to Hero [9s 3s]
Dealt to 49edb628 
Dealt to f0394623 
8a83150b: folds
a0a8234e: folds
Hero: folds
49edb628: raises $0.1 to $0.15
f0394623: folds
Uncalled bet ($0.1) returned to 49edb628
*** SHOWDOWN ***
49edb628 collected $0.1 from pot
*** SUMMARY ***
Total pot $0.1 | Rake $0 | Jackpot $0 | Bingo $0 | Fortune $0
Seat 1: 8a83150b folded before Flop (didn't bet)
Seat 2: a0a8234e folded before Flop (didn't bet)
Seat 3: Hero (button) folded before Flop (didn't bet)
Seat 5: 49edb628 (small blind) collected ($0.1)
Seat 6: f0394623 (big blind) folded before Flop


Poker Hand #HD1143312341: Hold'em No Limit  ($0.02/$0.05) - 2023/03/02 21:52:06
Table 'NLHBlue51' 6-max Seat #2 is the button
Seat 1: 8a83150b ($5.8 in chips)
Seat 2: a0a8234e ($4.52 in chips)
Seat 3: Hero ($5.98 in chips)
Seat 5: 49edb628 ($6.87 in chips)
Seat 6: f0394623 ($5.9 in chips)
Hero: posts small blind $0.02
49edb628: posts big blind $0.05
*** HOLE CARDS ***
Dealt to 8a83150b 
Dealt to a0a8234e 
Dealt to Hero [Qh 9c]
Dealt to 49edb628 
Dealt to f0394623 
f0394623: raises $0.1 to $0.15
8a83150b: folds
a0a8234e: folds
Hero: folds
49edb628: folds
Uncalled bet ($0.1) returned to f0394623
*** SHOWDOWN ***
f0394623 collected $0.12 from pot
*** SUMMARY ***
Total pot $0.12 | Rake $0 | Jackpot $0 | Bingo $0 | Fortune $0
Seat 1: 8a83150b folded before Flop (didn't bet)
Seat 2: a0a8234e (button) folded before Flop (didn't bet)
Seat 3: Hero (small blind) folded before Flop
Seat 5: 49edb628 (big blind) folded before Flop
Seat 6: f0394623 collected ($0.12)


Poker Hand #HD1143312269: Hold'em No Limit  ($0.02/$0.05) - 2023/03/02 21:51:35
Table 'NLHBlue51' 6-max Seat #1 is the button
Seat 1: 8a83150b ($5.63 in chips)
Seat 2: a0a8234e ($4.65 in chips)
Seat 3: Hero ($6.03 in chips)
Seat 4: 722fc417 ($5 in chips)
Seat 5: 49edb628 ($6.87 in chips)
Seat 6: f0394623 ($5.9 in chips)
a0a8234e: posts small blind $0.02
Hero: posts big blind $0.05
*** HOLE CARDS ***
Dealt to 8a83150b 
Dealt to a0a8234e 
Dealt to Hero [Js 2h]
Dealt to 722fc417 
Dealt to 49edb628 
Dealt to f0394623 
722fc417: folds
49edb628: folds
f0394623: folds
8a83150b: raises $0.08 to $0.13
a0a8234e: calls $0.11
Hero: folds
*** FLOP *** [Td 3h 7s]
a0a8234e: checks
8a83150b: bets $0.16
a0a8234e: folds
Uncalled bet ($0.16) returned to 8a83150b
*** SHOWDOWN ***
8a83150b collected $0.3 from pot
*** SUMMARY ***
Total pot $0.31 | Rake $0.01 | Jackpot $0 | Bingo $0 | Fortune $0
Board [Td 3h 7s]
Seat 1: 8a83150b (button) won ($0.3)
Seat 2: a0a8234e (small blind) folded on the Flop
Seat 3: Hero (big blind) folded before Flop
Seat 4: 722fc417 folded before Flop (didn't bet)
Seat 5: 49edb628 folded before Flop (didn't bet)
Seat 6: f0394623 folded before Flop (didn't bet)


Poker Hand #HD1143312156: Hold'em No Limit  ($0.02/$0.05) - 2023/03/02 21:50:45
Table 'NLHBlue51' 6-max Seat #6 is the button
Seat 1: 8a83150b ($5.65 in chips)
Seat 2: a0a8234e ($4.7 in chips)
Seat 3: Hero ($5.46 in chips)
Seat 4: 722fc417 ($5.4 in chips)
Seat 5: 49edb628 ($6.87 in chips)
Seat 6: f0394623 ($5.9 in chips)
8a83150b: posts small blind $0.02
a0a8234e: posts big blind $0.05
*** HOLE CARDS ***
Dealt to 8a83150b 
Dealt to a0a8234e 
Dealt to Hero [As Kh]
Dealt to 722fc417 
Dealt to 49edb628 
Dealt to f0394623 
Hero: raises $0.05 to $0.1
722fc417: raises $0.45 to $0.55
49edb628: folds
f0394623: folds
8a83150b: folds
a0a8234e: folds
Hero: raises $0.65 to $1.2
722fc417: folds
Uncalled bet ($0.65) returned to Hero
*** SHOWDOWN ***
Hero collected $1.12 from pot
*** SUMMARY ***
Total pot $1.17 | Rake $0.05 | Jackpot $0 | Bingo $0 | Fortune $0
Seat 1: 8a83150b (small blind) folded before Flop
Seat 2: a0a8234e (big blind) folded before Flop
Seat 3: Hero collected ($1.12)
Seat 4: 722fc417 folded before Flop
Seat 5: 49edb628 folded before Flop (didn't bet)
Seat 6: f0394623 (button) folded before Flop (didn't bet)


Poker Hand #HD1143312114: Hold'em No Limit  ($0.02/$0.05) - 2023/03/02 21:50:30
Table 'NLHBlue51' 6-max Seat #5 is the button
Seat 1: 8a83150b ($5.7 in chips)
Seat 2: a0a8234e ($4.7 in chips)
Seat 3: Hero ($5.46 in chips)
Seat 4: 722fc417 ($5.4 in chips)
Seat 5: 49edb628 ($6.8 in chips)
Seat 6: f0394623 ($5.92 in chips)
f0394623: posts small blind $0.02
8a83150b: posts big blind $0.05
*** HOLE CARDS ***
Dealt to 8a83150b 
Dealt to a0a8234e 
Dealt to Hero [3h Kd]
Dealt to 722fc417 
Dealt to 49edb628 
Dealt to f0394623 
a0a8234e: folds
Hero: folds
722fc417: folds
49edb628: raises $0.08 to $0.13
f0394623: folds
8a83150b: folds
Uncalled bet ($0.08) returned to 49edb628
*** SHOWDOWN ***
49edb628 collected $0.12 from pot
*** SUMMARY ***
Total pot $0.12 | Rake $0 | Jackpot $0 | Bingo $0 | Fortune $0
Seat 1: 8a83150b (big blind) folded before Flop
Seat 2: a0a8234e folded before Flop (didn't bet)
Seat 3: Hero folded before Flop (didn't bet)
Seat 4: 722fc417 folded before Flop (didn't bet)
Seat 5: 49edb628 (button) collected ($0.12)
Seat 6: f0394623 (small blind) folded before Flop


Poker Hand #HD1143312068: Hold'em No Limit  ($0.02/$0.05) - 2023/03/02 21:50:12
Table 'NLHBlue51' 6-max Seat #4 is the button
Seat 1: 8a83150b ($5.7 in chips)
Seat 2: a0a8234e ($4.7 in chips)
Seat 3: Hero ($5.46 in chips)
Seat 4: 722fc417 ($5.33 in chips)
Seat 5: 49edb628 ($6.82 in chips)
Seat 6: f0394623 ($5.97 in chips)
49edb628: posts small blind $0.02
f0394623: posts big blind $0.05
*** HOLE CARDS ***
Dealt to 8a83150b 
Dealt to a0a8234e 
Dealt to Hero [7s 9h]
Dealt to 722fc417 
Dealt to 49edb628 
Dealt to f0394623 
8a83150b: folds
a0a8234e: folds
Hero: folds
722fc417: raises $0.08 to $0.13
49edb628: folds
f0394623: folds
Uncalled bet ($0.08) returned to 722fc417
*** SHOWDOWN ***
722fc417 collected $0.12 from pot
*** SUMMARY ***
Total pot $0.12 | Rake $0 | Jackpot $0 | Bingo $0 | Fortune $0
Seat 1: 8a83150b folded before Flop (didn't bet)
Seat 2: a0a8234e folded before Flop (didn't bet)
Seat 3: Hero folded before Flop (didn't bet)
Seat 4: 722fc417 (button) collected ($0.12)
Seat 5: 49edb628 (small blind) folded before Flop
Seat 6: f0394623 (big blind) folded before Flop


Poker Hand #HD1143311973: Hold'em No Limit  ($0.02/$0.05) - 2023/03/02 21:49:33
Table 'NLHBlue51' 6-max Seat #3 is the button
Seat 1: 8a83150b ($5.7 in chips)
Seat 2: a0a8234e ($5 in chips)
Seat 3: Hero ($5.12 in chips)
Seat 4: 722fc417 ($5.35 in chips)
Seat 5: 49edb628 ($6.87 in chips)
Seat 6: f0394623 ($5.97 in chips)
722fc417: posts small blind $0.02
49edb628: posts big blind $0.05
*** HOLE CARDS ***
Dealt to 8a83150b 
Dealt to a0a8234e 
Dealt to Hero [8d Td]
Dealt to 722fc417 
Dealt to 49edb628 
Dealt to f0394623 
f0394623: folds
8a83150b: folds
a0a8234e: calls $0.05
Hero: raises $0.15 to $0.2
722fc417: folds
49edb628: folds
a0a8234e: calls $0.15
*** FLOP *** [5c Th 2c]
a0a8234e: checks
Hero: bets $0.1
a0a8234e: calls $0.1
*** TURN *** [5c Th 2c] [8h]
a0a8234e: checks
Hero: bets $0.51
a0a8234e: folds
Uncalled bet ($0.51) returned to Hero
*** SHOWDOWN ***
Hero collected $0.64 from pot
*** SUMMARY ***
Total pot $0.67 | Rake $0.03 | Jackpot $0 | Bingo $0 | Fortune $0
Board [5c Th 2c 8h]
Seat 1: 8a83150b folded before Flop (didn't bet)
Seat 2: a0a8234e folded on the Turn
Seat 3: Hero (button) won ($0.64)
Seat 4: 722fc417 (small blind) folded before Flop
Seat 5: 49edb628 (big blind) folded before Flop
Seat 6: f0394623 folded before Flop (didn't bet)


Poker Hand #HD1143311901: Hold'em No Limit  ($0.02/$0.05) - 2023/03/02 21:49:06
Table 'NLHBlue51' 6-max Seat #2 is the button
Seat 1: 8a83150b ($5.7 in chips)
Seat 2: a0a8234e ($5 in chips)
Seat 3: Hero ($5.14 in chips)
Seat 4: 722fc417 ($5.33 in chips)
Seat 5: 49edb628 ($6.87 in chips)
Seat 6: f0394623 ($5.97 in chips)
Hero: posts small blind $0.02
722fc417: posts big blind $0.05
*** HOLE CARDS ***
Dealt to 8a83150b 
Dealt to a0a8234e 
Dealt to Hero [8c Qh]
Dealt to 722fc417 
Dealt to 49edb628 
Dealt to f0394623 
49edb628: folds
f0394623: folds
8a83150b: folds
a0a8234e: folds
Hero: folds
Uncalled bet ($0.03) returned to 722fc417
*** SHOWDOWN ***
722fc417 collected $0.04 from pot
*** SUMMARY ***
Total pot $0.04 | Rake $0 | Jackpot $0 | Bingo $0 | Fortune $0
Seat 1: 8a83150b folded before Flop (didn't bet)
Seat 2: a0a8234e (button) folded before Flop (didn't bet)
Seat 3: Hero (small blind) folded before Flop
Seat 4: 722fc417 (big blind) collected ($0.04)
Seat 5: 49edb628 folded before Flop (didn't bet)
Seat 6: f0394623 folded before Flop (didn't bet)


Poker Hand #HD1143311838: Hold'em No Limit  ($0.02/$0.05) - 2023/03/02 21:48:42
Table 'NLHBlue51' 6-max Seat #1 is the button
Seat 1: 8a83150b ($5.7 in chips)
Seat 2: a0a8234e ($5.02 in chips)
Seat 3: Hero ($5.19 in chips)
Seat 4: 722fc417 ($5.26 in chips)
Seat 5: 49edb628 ($6.87 in chips)
Seat 6: f0394623 ($5.97 in chips)
a0a8234e: posts small blind $0.02
Hero: posts big blind $0.05
*** HOLE CARDS ***
Dealt to 8a83150b 
Dealt to a0a8234e 
Dealt to Hero [8c 9h]
Dealt to 722fc417 
Dealt to 49edb628 
Dealt to f0394623 
722fc417: raises $0.08 to $0.13
49edb628: folds
f0394623: folds
8a83150b: folds
a0a8234e: folds
Hero: folds
Uncalled bet ($0.08) returned to 722fc417
*** SHOWDOWN ***
722fc417 collected $0.12 from pot
*** SUMMARY ***
Total pot $0.12 | Rake $0 | Jackpot $0 | Bingo $0 | Fortune $0
Seat 1: 8a83150b (button) folded before Flop (didn't bet)
Seat 2: a0a8234e (small blind) folded before Flop
Seat 3: Hero (big blind) folded before Flop
Seat 4: 722fc417 collected ($0.12)
Seat 5: 49edb628 folded before Flop (didn't bet)
Seat 6: f0394623 folded before Flop (didn't bet)


Poker Hand #HD1143311788: Hold'em No Limit  ($0.02/$0.05) - 2023/03/02 21:48:20
Table 'NLHBlue51' 6-max Seat #6 is the button
Seat 1: 8a83150b ($5.72 in chips)
Seat 2: a0a8234e ($5 in chips)
Seat 3: Hero ($5.19 in chips)
Seat 4: 722fc417 ($5.26 in chips)
Seat 5: 49edb628 ($6.87 in chips)
Seat 6: f0394623 ($5.97 in chips)
8a83150b: posts small blind $0.02
a0a8234e: posts big blind $0.05
*** HOLE CARDS ***
Dealt to 8a83150b 
Dealt to a0a8234e 
Dealt to Hero [3s 7h]
Dealt to 722fc417 
Dealt to 49edb628 
Dealt to f0394623 
Hero: folds
722fc417: folds
49edb628: folds
f0394623: folds
8a83150b: folds
Uncalled bet ($0.03) returned to a0a8234e
*** SHOWDOWN ***
a0a8234e collected $0.04 from pot
*** SUMMARY ***
Total pot $0.04 | Rake $0 | Jackpot $0 | Bingo $0 | Fortune $0
Seat 1: 8a83150b (small blind) folded before Flop
Seat 2: a0a8234e (big blind) collected ($0.04)
Seat 3: Hero folded before Flop (didn't bet)
Seat 4: 722fc417 folded before Flop (didn't bet)
Seat 5: 49edb628 folded before Flop (didn't bet)
Seat 6: f0394623 (button) folded before Flop (didn't bet)


Poker Hand #HD1143311761: Hold'em No Limit  ($0.02/$0.05) - 2023/03/02 21:48:11
Table 'NLHBlue51' 6-max Seat #5 is the button
Seat 1: 8a83150b ($5.7 in chips)
Seat 2: a0a8234e ($4.12 in chips)
Seat 3: Hero ($5.19 in chips)
Seat 4: 722fc417 ($5.26 in chips)
Seat 5: 49edb628 ($6.87 in chips)
Seat 6: f0394623 ($5.99 in chips)
f0394623: posts small blind $0.02
8a83150b: posts big blind $0.05
*** HOLE CARDS ***
Dealt to 8a83150b 
Dealt to a0a8234e 
Dealt to Hero [Qd 4h]
Dealt to 722fc417 
Dealt to 49edb628 
Dealt to f0394623 
a0a8234e: folds
Hero: folds
722fc417: folds
49edb628: folds
f0394623: folds
Uncalled bet ($0.03) returned to 8a83150b
*** SHOWDOWN ***
8a83150b collected $0.04 from pot
*** SUMMARY ***
Total pot $0.04 | Rake $0 | Jackpot $0 | Bingo $0 | Fortune $0
Seat 1: 8a83150b (big blind) collected ($0.04)
Seat 2: a0a8234e folded before Flop (didn't bet)
Seat 3: Hero folded before Flop (didn't bet)
Seat 4: 722fc417 folded before Flop (didn't bet)
Seat 5: 49edb628 (button) folded before Flop (didn't bet)
Seat 6: f0394623 (small blind) folded before Flop


Poker Hand #HD1143311673: Hold'em No Limit  ($0.02/$0.05) - 2023/03/02 21:47:33
Table 'NLHBlue51' 6-max Seat #4 is the button
Seat 1: 8a83150b ($5.7 in chips)
Seat 2: a0a8234e ($4.37 in chips)
Seat 3: Hero ($5.19 in chips)
Seat 4: 722fc417 ($5.26 in chips)
Seat 5: 49edb628 ($6.59 in chips)
Seat 6: f0394623 ($6.04 in chips)
49edb628: posts small blind $0.02
f0394623: posts big blind $0.05
*** HOLE CARDS ***
Dealt to 8a83150b 
Dealt to a0a8234e 
Dealt to Hero [Qs 3h]
Dealt to 722fc417 
Dealt to 49edb628 
Dealt to f0394623 
8a83150b: folds
a0a8234e: calls $0.05
Hero: folds
722fc417: folds
49edb628: raises $0.2 to $0.25
f0394623: folds
a0a8234e: calls $0.2
*** FLOP *** [4c Ad 5s]
49edb628: bets $0.37
a0a8234e: folds
Uncalled bet ($0.37) returned to 49edb628
*** SHOWDOWN ***
49edb628 collected $0.53 from pot
*** SUMMARY ***
Total pot $0.55 | Rake $0.02 | Jackpot $0 | Bingo $0 | Fortune $0
Board [4c Ad 5s]
Seat 1: 8a83150b folded before Flop (didn't bet)
Seat 2: a0a8234e folded on the Flop
Seat 3: Hero folded before Flop (didn't bet)
Seat 4: 722fc417 (button) folded before Flop (didn't bet)
Seat 5: 49edb628 (small blind) won ($0.53)
Seat 6: f0394623 (big blind) folded before Flop


Poker Hand #HD1143311570: Hold'em No Limit  ($0.02/$0.05) - 2023/03/02 21:46:48
Table 'NLHBlue51' 6-max Seat #3 is the button
Seat 1: 8a83150b ($5.7 in chips)
Seat 2: a0a8234e ($4.8 in chips)
Seat 3: Hero ($5.19 in chips)
Seat 4: 722fc417 ($5.28 in chips)
Seat 5: 49edb628 ($6.64 in chips)
Seat 6: f0394623 ($5.58 in chips)
722fc417: posts small blind $0.02
49edb628: posts big blind $0.05
*** HOLE CARDS ***
Dealt to 8a83150b 
Dealt to a0a8234e 
Dealt to Hero [2s Kc]
Dealt to 722fc417 
Dealt to 49edb628 
Dealt to f0394623 
f0394623: raises $0.1 to $0.15
8a83150b: folds
a0a8234e: calls $0.15
Hero: folds
722fc417: folds
49edb628: folds
*** FLOP *** [9s 6h 3c]
f0394623: bets $0.28
a0a8234e: calls $0.28
*** TURN *** [9s 6h 3c] [Js]
f0394623: bets $0.7
a0a8234e: folds
Uncalled bet ($0.7) returned to f0394623
a0a8234e: shows [9c] (Pair of Nines)
*** SHOWDOWN ***
f0394623 collected $0.89 from pot
*** SUMMARY ***
Total pot $0.93 | Rake $0.04 | Jackpot $0 | Bingo $0 | Fortune $0
Board [9s 6h 3c Js]
Seat 1: 8a83150b folded before Flop (didn't bet)
Seat 2: a0a8234e folded on the Turn
Seat 3: Hero (button) folded before Flop (didn't bet)
Seat 4: 722fc417 (small blind) folded before Flop
Seat 5: 49edb628 (big blind) folded before Flop
Seat 6: f0394623 won ($0.89)


Poker Hand #HD1143311479: Hold'em No Limit  ($0.02/$0.05) - 2023/03/02 21:46:09
Table 'NLHBlue51' 6-max Seat #2 is the button
Seat 1: 8a83150b ($5.7 in chips)
Seat 2: a0a8234e ($4.45 in chips)
Seat 3: Hero ($5 in chips)
Seat 4: 722fc417 ($5.33 in chips)
Seat 5: 49edb628 ($6.64 in chips)
Seat 6: f0394623 ($5.58 in chips)
Hero: posts small blind $0.02
722fc417: posts big blind $0.05
*** HOLE CARDS ***
Dealt to 8a83150b 
Dealt to a0a8234e 
Dealt to Hero [Kh Kc]
Dealt to 722fc417 
Dealt to 49edb628 
Dealt to f0394623 
49edb628: folds
f0394623: folds
8a83150b: folds
a0a8234e: raises $0.1 to $0.15
Hero: raises $0.41 to $0.56
722fc417: folds
a0a8234e: folds
Uncalled bet ($0.41) returned to Hero
*** SHOWDOWN ***
Hero collected $0.34 from pot
*** SUMMARY ***
Total pot $0.35 | Rake $0.01 | Jackpot $0 | Bingo $0 | Fortune $0
Seat 1: 8a83150b folded before Flop (didn't bet)
Seat 2: a0a8234e (button) folded before Flop
Seat 3: Hero (small blind) collected ($0.34)
Seat 4: 722fc417 (big blind) folded before Flop
Seat 5: 49edb628 folded before Flop (didn't bet)
Seat 6: f0394623 folded before Flop (didn't bet)


Poker Hand #HD1143311394: Hold'em No Limit  ($0.02/$0.05) - 2023/03/02 21:45:33
Table 'NLHBlue51' 6-max Seat #1 is the button
Seat 1: 8a83150b ($5.04 in chips)
Seat 2: a0a8234e ($4.97 in chips)
Seat 3: Hero ($5 in chips)
Seat 4: 722fc417 ($5.33 in chips)
Seat 5: 49edb628 ($6.64 in chips)
Seat 6: f0394623 ($5.73 in chips)
a0a8234e: posts small blind $0.02
Hero: posts big blind $0.05
*** HOLE CARDS ***
Dealt to 8a83150b 
Dealt to a0a8234e 
Dealt to Hero [9h 4d]
Dealt to 722fc417 
Dealt to 49edb628 
Dealt to f0394623 
722fc417: folds
49edb628: folds
f0394623: raises $0.1 to $0.15
8a83150b: raises $0.37 to $0.52
a0a8234e: calls $0.5
Hero: folds
f0394623: folds
*** FLOP *** [3s 4h 4c]
a0a8234e: checks
8a83150b: bets $0.41
a0a8234e: folds
Uncalled bet ($0.41) returned to 8a83150b
*** SHOWDOWN ***
8a83150b collected $1.18 from pot
*** SUMMARY ***
Total pot $1.24 | Rake $0.06 | Jackpot $0 | Bingo $0 | Fortune $0
Board [3s 4h 4c]
Seat 1: 8a83150b (button) won ($1.18)
Seat 2: a0a8234e (small blind) folded on the Flop
Seat 3: Hero (big blind) folded before Flop
Seat 4: 722fc417 folded before Flop (didn't bet)
Seat 5: 49edb628 folded before Flop (didn't bet)
Seat 6: f0394623 folded before Flop


Poker Hand #HD1143311362: Hold'em No Limit  ($0.02/$0.05) - 2023/03/02 21:45:20
Table 'NLHBlue51' 6-max Seat #6 is the button
Seat 1: 8a83150b ($5.06 in chips)
Seat 2: a0a8234e ($4.95 in chips)
Seat 3: Hero ($5 in chips)
Seat 4: 722fc417 ($5.33 in chips)
Seat 5: 49edb628 ($6.64 in chips)
Seat 6: f0394623 ($5.73 in chips)
8a83150b: posts small blind $0.02
a0a8234e: posts big blind $0.05
*** HOLE CARDS ***
Dealt to 8a83150b 
Dealt to a0a8234e 
Dealt to Hero [Td 4h]
Dealt to 722fc417 
Dealt to 49edb628 
Dealt to f0394623 
Hero: folds
722fc417: folds
49edb628: folds
f0394623: folds
8a83150b: folds
Uncalled bet ($0.03) returned to a0a8234e
*** SHOWDOWN ***
a0a8234e collected $0.04 from pot
*** SUMMARY ***
Total pot $0.04 | Rake $0 | Jackpot $0 | Bingo $0 | Fortune $0
Seat 1: 8a83150b (small blind) folded before Flop
Seat 2: a0a8234e (big blind) collected ($0.04)
Seat 3: Hero folded before Flop (didn't bet)
Seat 4: 722fc417 folded before Flop (didn't bet)
Seat 5: 49edb628 folded before Flop (didn't bet)
Seat 6: f0394623 (button) folded before Flop (didn't bet)


Poker Hand #HD1143311281: Hold'em No Limit  ($0.02/$0.05) - 2023/03/02 21:44:50
Table 'NLHBlue51' 6-max Seat #5 is the button
Seat 1: 8a83150b ($5.21 in chips)
Seat 2: a0a8234e ($4.8 in chips)
Seat 3: Hero ($5 in chips)
Seat 4: 722fc417 ($5.33 in chips)
Seat 5: 49edb628 ($6.64 in chips)
Seat 6: f0394623 ($5.75 in chips)
f0394623: posts small blind $0.02
8a83150b: posts big blind $0.05
*** HOLE CARDS ***
Dealt to 8a83150b 
Dealt to a0a8234e 
Dealt to Hero [Ks 3h]
Dealt to 722fc417 
Dealt to 49edb628 
Dealt to f0394623 
a0a8234e: raises $0.1 to $0.15
Hero: folds
722fc417: folds
49edb628: folds
f0394623: folds
8a83150b: calls $0.1
*** FLOP *** [Ad 3c 5c]
8a83150b: checks
a0a8234e: bets $0.24
8a83150b: folds
Uncalled bet ($0.24) returned to a0a8234e
*** SHOWDOWN ***
a0a8234e collected $0.3 from pot
*** SUMMARY ***
Total pot $0.32 | Rake $0.02 | Jackpot $0 | Bingo $0 | Fortune $0
Board [Ad 3c 5c]
Seat 1: 8a83150b (big blind) folded on the Flop
Seat 2: a0a8234e won ($0.3)
Seat 3: Hero folded before Flop (didn't bet)
Seat 4: 722fc417 folded before Flop (didn't bet)
Seat 5: 49edb628 (button) folded before Flop (didn't bet)
Seat 6: f0394623 (small blind) folded before Flop


Poker Hand #HD1143311234: Hold'em No Limit  ($0.02/$0.05) - 2023/03/02 21:44:31
Table 'NLHBlue51' 6-max Seat #4 is the button
Seat 1: 8a83150b ($5.21 in chips)
Seat 2: a0a8234e ($4.73 in chips)
Seat 3: Hero ($5 in chips)
Seat 4: 722fc417 ($5.33 in chips)
Seat 5: 49edb628 ($6.66 in chips)
Seat 6: f0394623 ($5.8 in chips)
49edb628: posts small blind $0.02
f0394623: posts big blind $0.05
*** HOLE CARDS ***
Dealt to 8a83150b 
Dealt to a0a8234e 
Dealt to Hero [8s Ad]
Dealt to 722fc417 
Dealt to 49edb628 
Dealt to f0394623 
8a83150b: folds
a0a8234e: raises $0.05 to $0.1
Hero: folds
722fc417: folds
49edb628: folds
f0394623: folds
Uncalled bet ($0.05) returned to a0a8234e
*** SHOWDOWN ***
a0a8234e collected $0.12 from pot
*** SUMMARY ***
Total pot $0.12 | Rake $0 | Jackpot $0 | Bingo $0 | Fortune $0
Seat 1: 8a83150b folded before Flop (didn't bet)
Seat 2: a0a8234e collected ($0.12)
Seat 3: Hero folded before Flop (didn't bet)
Seat 4: 722fc417 (button) folded before Flop (didn't bet)
Seat 5: 49edb628 (small blind) folded before Flop
Seat 6: f0394623 (big blind) folded before Flop


Poker Hand #HD1143311150: Hold'em No Limit  ($0.02/$0.05) - 2023/03/02 21:44:01
Table 'NLHBlue51' 6-max Seat #3 is the button
Seat 1: 8a83150b ($5 in chips)
Seat 2: a0a8234e ($4.73 in chips)
Seat 3: Hero ($5 in chips)
Seat 4: 722fc417 ($5.35 in chips)
Seat 5: 49edb628 ($6.71 in chips)
Seat 6: f0394623 ($5.95 in chips)
722fc417: posts small blind $0.02
49edb628: posts big blind $0.05
*** HOLE CARDS ***
Dealt to 8a83150b 
Dealt to a0a8234e 
Dealt to Hero [8h 2c]
Dealt to 722fc417 
Dealt to 49edb628 
Dealt to f0394623 
f0394623: raises $0.1 to $0.15
8a83150b: raises $0.37 to $0.52
a0a8234e: folds
Hero: folds
722fc417: folds
49edb628: folds
f0394623: folds
Uncalled bet ($0.37) returned to 8a83150b
*** SHOWDOWN ***
8a83150b collected $0.36 from pot
*** SUMMARY ***
Total pot $0.37 | Rake $0.01 | Jackpot $0 | Bingo $0 | Fortune $0
Seat 1: 8a83150b collected ($0.36)
Seat 2: a0a8234e folded before Flop (didn't bet)
Seat 3: Hero (button) folded before Flop (didn't bet)
Seat 4: 722fc417 (small blind) folded before Flop
Seat 5: 49edb628 (big blind) folded before Flop
Seat 6: f0394623 folded before Flop


Poker Hand #HD1143311103: Hold'em No Limit  ($0.02/$0.05) - 2023/03/02 21:43:42
Table 'NLHBlue51' 6-max Seat #2 is the button
Seat 1: 8a83150b ($5 in chips)
Seat 2: a0a8234e ($4.73 in chips)
Seat 3: Hero ($5.02 in chips)
Seat 4: 722fc417 ($5.4 in chips)
Seat 5: 49edb628 ($6.71 in chips)
Seat 6: f0394623 ($5.88 in chips)
Hero: posts small blind $0.02
722fc417: posts big blind $0.05
*** HOLE CARDS ***
Dealt to 8a83150b 
Dealt to a0a8234e 
Dealt to Hero [2d 7c]
Dealt to 722fc417 
Dealt to 49edb628 
Dealt to f0394623 
49edb628: folds
f0394623: raises $0.1 to $0.15
8a83150b: folds
a0a8234e: folds
Hero: folds
722fc417: folds
Uncalled bet ($0.1) returned to f0394623
*** SHOWDOWN ***
f0394623 collected $0.12 from pot
*** SUMMARY ***
Total pot $0.12 | Rake $0 | Jackpot $0 | Bingo $0 | Fortune $0
Seat 1: 8a83150b folded before Flop (didn't bet)
Seat 2: a0a8234e (button) folded before Flop (didn't bet)
Seat 3: Hero (small blind) folded before Flop
Seat 4: 722fc417 (big blind) folded before Flop
Seat 5: 49edb628 folded before Flop (didn't bet)
Seat 6: f0394623 collected ($0.12)


Poker Hand #HD1143311015: Hold'em No Limit  ($0.02/$0.05) - 2023/03/02 21:43:06
Table 'NLHBlue51' 6-max Seat #1 is the button
Seat 1: 8a83150b ($5 in chips)
Seat 2: a0a8234e ($4.86 in chips)
Seat 3: Hero ($5.07 in chips)
Seat 4: 722fc417 ($5.23 in chips)
Seat 5: 49edb628 ($6.71 in chips)
Seat 6: f0394623 ($5.88 in chips)
a0a8234e: posts small blind $0.02
Hero: posts big blind $0.05
*** HOLE CARDS ***
Dealt to 8a83150b 
Dealt to a0a8234e 
Dealt to Hero [2h Kd]
Dealt to 722fc417 
Dealt to 49edb628 
Dealt to f0394623 
722fc417: raises $0.08 to $0.13
49edb628: folds
f0394623: folds
8a83150b: folds
a0a8234e: calls $0.11
Hero: folds
*** FLOP *** [Ks 3c As]
a0a8234e: checks
722fc417: checks
*** TURN *** [Ks 3c As] [2d]
a0a8234e: checks
722fc417: checks
*** RIVER *** [Ks 3c As 2d] [8d]
a0a8234e: checks
722fc417: checks
a0a8234e: shows [9c Tc] (Ace-High)
722fc417: shows [Th Kh] (Pair of Kings)
*** SHOWDOWN ***
722fc417 collected $0.3 from pot
*** SUMMARY ***
Total pot $0.31 | Rake $0.01 | Jackpot $0 | Bingo $0 | Fortune $0
Board [Ks 3c As 2d 8d]
Seat 1: 8a83150b (button) folded before Flop (didn't bet)
Seat 2: a0a8234e (small blind) showed [9c Tc] and lost with Ace-High
Seat 3: Hero (big blind) folded before Flop
Seat 4: 722fc417 showed [Th Kh] and won ($0.3) with Pair of Kings
Seat 5: 49edb628 folded before Flop (didn't bet)
Seat 6: f0394623 folded before Flop (didn't bet)


Poker Hand #HD1143310963: Hold'em No Limit  ($0.02/$0.05) - 2023/03/02 21:42:46
Table 'NLHBlue51' 6-max Seat #6 is the button
Seat 1: 8a83150b ($5 in chips)
Seat 2: a0a8234e ($4.91 in chips)
Seat 3: Hero ($5.07 in chips)
Seat 4: 722fc417 ($5.23 in chips)
Seat 5: 49edb628 ($6.64 in chips)
Seat 6: f0394623 ($5.88 in chips)
8a83150b: posts small blind $0.02
a0a8234e: posts big blind $0.05
*** HOLE CARDS ***
Dealt to 8a83150b 
Dealt to a0a8234e 
Dealt to Hero [6s 3s]
Dealt to 722fc417 
Dealt to 49edb628 
Dealt to f0394623 
Hero: folds
722fc417: folds
49edb628: raises $0.1 to $0.15
f0394623: folds
8a83150b: folds
a0a8234e: folds
Uncalled bet ($0.1) returned to 49edb628
*** SHOWDOWN ***
49edb628 collected $0.12 from pot
*** SUMMARY ***
Total pot $0.12 | Rake $0 | Jackpot $0 | Bingo $0 | Fortune $0
Seat 1: 8a83150b (small blind) folded before Flop
Seat 2: a0a8234e (big blind) folded before Flop
Seat 3: Hero folded before Flop (didn't bet)
Seat 4: 722fc417 folded before Flop (didn't bet)
Seat 5: 49edb628 collected ($0.12)
Seat 6: f0394623 (button) folded before Flop (didn't bet)


Poker Hand #HD1143310910: Hold'em No Limit  ($0.02/$0.05) - 2023/03/02 21:42:26
Table 'NLHBlue51' 6-max Seat #5 is the button
Seat 1: 8a83150b ($5.03 in chips)
Seat 2: a0a8234e ($4.31 in chips)
Seat 3: Hero ($5.07 in chips)
Seat 4: 722fc417 ($5.23 in chips)
Seat 5: 49edb628 ($6.57 in chips)
Seat 6: f0394623 ($5.9 in chips)
f0394623: posts small blind $0.02
8a83150b: posts big blind $0.05
*** HOLE CARDS ***
Dealt to 8a83150b 
Dealt to a0a8234e 
Dealt to Hero [Kc 2h]
Dealt to 722fc417 
Dealt to 49edb628 
Dealt to f0394623 
a0a8234e: folds
Hero: folds
722fc417: folds
49edb628: raises $0.08 to $0.13
f0394623: folds
8a83150b: folds
Uncalled bet ($0.08) returned to 49edb628
*** SHOWDOWN ***
49edb628 collected $0.12 from pot
*** SUMMARY ***
Total pot $0.12 | Rake $0 | Jackpot $0 | Bingo $0 | Fortune $0
Seat 1: 8a83150b (big blind) folded before Flop
Seat 2: a0a8234e folded before Flop (didn't bet)
Seat 3: Hero folded before Flop (didn't bet)
Seat 4: 722fc417 folded before Flop (didn't bet)
Seat 5: 49edb628 (button) collected ($0.12)
Seat 6: f0394623 (small blind) folded before Flop


Poker Hand #HD1143310892: Hold'em No Limit  ($0.02/$0.05) - 2023/03/02 21:42:15
Table 'NLHBlue51' 6-max Seat #4 is the button
Seat 1: 8a83150b ($5.03 in chips)
Seat 2: a0a8234e ($4.31 in chips)
Seat 3: Hero ($5.07 in chips)
Seat 4: 722fc417 ($5.23 in chips)
Seat 5: 49edb628 ($6.59 in chips)
Seat 6: f0394623 ($5.88 in chips)
49edb628: posts small blind $0.02
f0394623: posts big blind $0.05
*** HOLE CARDS ***
Dealt to 8a83150b 
Dealt to a0a8234e 
Dealt to Hero [6s Jc]
Dealt to 722fc417 
Dealt to 49edb628 
Dealt to f0394623 
8a83150b: folds
a0a8234e: folds
Hero: folds
722fc417: folds
49edb628: folds
Uncalled bet ($0.03) returned to f0394623
*** SHOWDOWN ***
f0394623 collected $0.04 from pot
*** SUMMARY ***
Total pot $0.04 | Rake $0 | Jackpot $0 | Bingo $0 | Fortune $0
Seat 1: 8a83150b folded before Flop (didn't bet)
Seat 2: a0a8234e folded before Flop (didn't bet)
Seat 3: Hero folded before Flop (didn't bet)
Seat 4: 722fc417 (button) folded before Flop (didn't bet)
Seat 5: 49edb628 (small blind) folded before Flop
Seat 6: f0394623 (big blind) collected ($0.04)


Poker Hand #HD1143310843: Hold'em No Limit  ($0.02/$0.05) - 2023/03/02 21:41:54
Table 'NLHBlue51' 6-max Seat #3 is the button
Seat 1: 8a83150b ($5.03 in chips)
Seat 2: a0a8234e ($4.31 in chips)
Seat 3: Hero ($5 in chips)
Seat 4: 722fc417 ($5.25 in chips)
Seat 5: 49edb628 ($6.64 in chips)
Seat 6: f0394623 ($5.88 in chips)
722fc417: posts small blind $0.02
49edb628: posts big blind $0.05
*** HOLE CARDS ***
Dealt to 8a83150b 
Dealt to a0a8234e 
Dealt to Hero [3d 3c]
Dealt to 722fc417 
Dealt to 49edb628 
Dealt to f0394623 
f0394623: folds
8a83150b: folds
a0a8234e: folds
Hero: raises $0.07 to $0.12
722fc417: folds
49edb628: folds
Uncalled bet ($0.07) returned to Hero
*** SHOWDOWN ***
Hero collected $0.12 from pot
*** SUMMARY ***
Total pot $0.12 | Rake $0 | Jackpot $0 | Bingo $0 | Fortune $0
Seat 1: 8a83150b folded before Flop (didn't bet)
Seat 2: a0a8234e folded before Flop (didn't bet)
Seat 3: Hero (button) collected ($0.12)
Seat 4: 722fc417 (small blind) folded before Flop
Seat 5: 49edb628 (big blind) folded before Flop
Seat 6: f0394623 folded before Flop (didn't bet)


Poker Hand #HD1143310697: Hold'em No Limit  ($0.02/$0.05) - 2023/03/02 21:40:55
Table 'NLHBlue51' 6-max Seat #2 is the button
Seat 1: 8a83150b ($5.18 in chips)
Seat 2: a0a8234e ($4.81 in chips)
Seat 3: Hero ($5.02 in chips)
Seat 4: 722fc417 ($5.3 in chips)
Seat 5: 49edb628 ($5.98 in chips)
Seat 6: f0394623 ($5.88 in chips)
Hero: posts small blind $0.02
722fc417: posts big blind $0.05
*** HOLE CARDS ***
Dealt to 8a83150b 
Dealt to a0a8234e 
Dealt to Hero [5h 6h]
Dealt to 722fc417 
Dealt to 49edb628 
Dealt to f0394623 
49edb628: raises $0.1 to $0.15
f0394623: folds
8a83150b: calls $0.15
a0a8234e: calls $0.15
Hero: folds
722fc417: folds
*** FLOP *** [Tc 3d Qd]
49edb628: bets $0.35
8a83150b: folds
a0a8234e: calls $0.35
*** TURN *** [Tc 3d Qd] [5c]
49edb628: checks
a0a8234e: checks
*** RIVER *** [Tc 3d Qd 5c] [7s]
49edb628: checks
a0a8234e: checks
49edb628: shows [Jd Kd] (King-High)
a0a8234e: shows [9d 8d] (Queen-High)
*** SHOWDOWN ***
49edb628 collected $1.16 from pot
*** SUMMARY ***
Total pot $1.22 | Rake $0.06 | Jackpot $0 | Bingo $0 | Fortune $0
Board [Tc 3d Qd 5c 7s]
Seat 1: 8a83150b folded on the Flop
Seat 2: a0a8234e (button) showed [9d 8d] and lost with Queen-High
Seat 3: Hero (small blind) folded before Flop
Seat 4: 722fc417 (big blind) folded before Flop
Seat 5: 49edb628 showed [Jd Kd] and won ($1.16) with King-High
Seat 6: f0394623 folded before Flop (didn't bet)


Poker Hand #HD1143310649: Hold'em No Limit  ($0.02/$0.05) - 2023/03/02 21:40:38
Table 'NLHBlue51' 6-max Seat #1 is the button
Seat 1: 8a83150b ($5.18 in chips)
Seat 2: a0a8234e ($4.83 in chips)
Seat 3: Hero ($5.07 in chips)
Seat 4: 722fc417 ($5.23 in chips)
Seat 5: 49edb628 ($5.98 in chips)
Seat 6: f0394623 ($5.88 in chips)
a0a8234e: posts small blind $0.02
Hero: posts big blind $0.05
*** HOLE CARDS ***
Dealt to 8a83150b 
Dealt to a0a8234e 
Dealt to Hero [Jh 2s]
Dealt to 722fc417 
Dealt to 49edb628 
Dealt to f0394623 
722fc417: raises $0.08 to $0.13
49edb628: folds
f0394623: folds
8a83150b: folds
a0a8234e: folds
Hero: folds
Uncalled bet ($0.08) returned to 722fc417
*** SHOWDOWN ***
722fc417 collected $0.12 from pot
*** SUMMARY ***
Total pot $0.12 | Rake $0 | Jackpot $0 | Bingo $0 | Fortune $0
Seat 1: 8a83150b (button) folded before Flop (didn't bet)
Seat 2: a0a8234e (small blind) folded before Flop
Seat 3: Hero (big blind) folded before Flop
Seat 4: 722fc417 collected ($0.12)
Seat 5: 49edb628 folded before Flop (didn't bet)
Seat 6: f0394623 folded before Flop (didn't bet)


Poker Hand #HD1143310593: Hold'em No Limit  ($0.02/$0.05) - 2023/03/02 21:40:10
Table 'NLHBlue51' 6-max Seat #6 is the button
Seat 1: 8a83150b ($5.2 in chips)
Seat 2: a0a8234e ($4.88 in chips)
Seat 3: Hero ($5.07 in chips)
Seat 4: 722fc417 ($5.23 in chips)
Seat 5: 49edb628 ($6.13 in chips)
Seat 6: f0394623 ($5.67 in chips)
8a83150b: posts small blind $0.02
a0a8234e: posts big blind $0.05
*** HOLE CARDS ***
Dealt to 8a83150b 
Dealt to a0a8234e 
Dealt to Hero [Td 8c]
Dealt to 722fc417 
Dealt to 49edb628 
Dealt to f0394623 
Hero: folds
722fc417: folds
49edb628: raises $0.1 to $0.15
f0394623: raises $0.37 to $0.52
8a83150b: folds
a0a8234e: folds
49edb628: folds
Uncalled bet ($0.37) returned to f0394623
*** SHOWDOWN ***
f0394623 collected $0.36 from pot
*** SUMMARY ***
Total pot $0.37 | Rake $0.01 | Jackpot $0 | Bingo $0 | Fortune $0
Seat 1: 8a83150b (small blind) folded before Flop
Seat 2: a0a8234e (big blind) folded before Flop
Seat 3: Hero folded before Flop (didn't bet)
Seat 4: 722fc417 folded before Flop (didn't bet)
Seat 5: 49edb628 folded before Flop
Seat 6: f0394623 (button) collected ($0.36)


Poker Hand #HD1143310532: Hold'em No Limit  ($0.02/$0.05) - 2023/03/02 21:39:45
Table 'NLHBlue51' 6-max Seat #5 is the button
Seat 1: 8a83150b ($5.06 in chips)
Seat 2: a0a8234e ($4.88 in chips)
Seat 3: Hero ($5.07 in chips)
Seat 4: 722fc417 ($5.23 in chips)
Seat 5: 49edb628 ($6.26 in chips)
Seat 6: f0394623 ($5.69 in chips)
f0394623: posts small blind $0.02
8a83150b: posts big blind $0.05
*** HOLE CARDS ***
Dealt to 8a83150b 
Dealt to a0a8234e 
Dealt to Hero [6s 3c]
Dealt to 722fc417 
Dealt to 49edb628 
Dealt to f0394623 
a0a8234e: folds
Hero: folds
722fc417: folds
49edb628: raises $0.08 to $0.13
f0394623: folds
8a83150b: raises $0.28 to $0.41
49edb628: folds
Uncalled bet ($0.28) returned to 8a83150b
*** SHOWDOWN ***
8a83150b collected $0.27 from pot
*** SUMMARY ***
Total pot $0.28 | Rake $0.01 | Jackpot $0 | Bingo $0 | Fortune $0
Seat 1: 8a83150b (big blind) collected ($0.27)
Seat 2: a0a8234e folded before Flop (didn't bet)
Seat 3: Hero folded before Flop (didn't bet)
Seat 4: 722fc417 folded before Flop (didn't bet)
Seat 5: 49edb628 (button) folded before Flop
Seat 6: f0394623 (small blind) folded before Flop


Poker Hand #HD1143310504: Hold'em No Limit  ($0.02/$0.05) - 2023/03/02 21:39:29
Table 'NLHBlue51' 6-max Seat #4 is the button
Seat 1: 8a83150b ($5.06 in chips)
Seat 2: a0a8234e ($4.88 in chips)
Seat 3: Hero ($5 in chips)
Seat 4: 722fc417 ($5.23 in chips)
Seat 5: 49edb628 ($6.28 in chips)
Seat 6: f0394623 ($5.74 in chips)
49edb628: posts small blind $0.02
f0394623: posts big blind $0.05
*** HOLE CARDS ***
Dealt to 8a83150b 
Dealt to a0a8234e 
Dealt to Hero [Ah Kh]
Dealt to 722fc417 
Dealt to 49edb628 
Dealt to f0394623 
8a83150b: folds
a0a8234e: folds
Hero: raises $0.07 to $0.12
722fc417: folds
49edb628: folds
f0394623: folds
Uncalled bet ($0.07) returned to Hero
*** SHOWDOWN ***
Hero collected $0.12 from pot
*** SUMMARY ***
Total pot $0.12 | Rake $0 | Jackpot $0 | Bingo $0 | Fortune $0
Seat 1: 8a83150b folded before Flop (didn't bet)
Seat 2: a0a8234e folded before Flop (didn't bet)
Seat 3: Hero collected ($0.12)
Seat 4: 722fc417 (button) folded before Flop (didn't bet)
Seat 5: 49edb628 (small blind) folded before Flop
Seat 6: f0394623 (big blind) folded before Flop


Poker Hand #HD1143310466: Hold'em No Limit  ($0.02/$0.05) - 2023/03/02 21:39:17
Table 'NLHBlue51' 6-max Seat #3 is the button
Seat 1: 8a83150b ($5.06 in chips)
Seat 2: a0a8234e ($4.65 in chips)
Seat 3: Hero ($5 in chips)
Seat 4: 722fc417 ($5.25 in chips)
Seat 5: 49edb628 ($6.24 in chips)
Seat 6: f0394623 ($5.74 in chips)
722fc417: posts small blind $0.02
49edb628: posts big blind $0.05
a0a8234e: posts missed blind $0.02
*** HOLE CARDS ***
Dealt to 8a83150b 
Dealt to a0a8234e 
Dealt to Hero [4s 3c]
Dealt to 722fc417 
Dealt to 49edb628 
Dealt to f0394623 
f0394623: folds
8a83150b: folds
a0a8234e: folds
Hero: folds
722fc417: folds
Uncalled bet ($0.03) returned to 49edb628
*** SHOWDOWN ***
49edb628 collected $0.06 from pot
*** SUMMARY ***
Total pot $0.06 | Rake $0 | Jackpot $0 | Bingo $0 | Fortune $0
Seat 1: 8a83150b folded before Flop (didn't bet)
Seat 2: a0a8234e folded before Flop
Seat 3: Hero (button) folded before Flop (didn't bet)
Seat 4: 722fc417 (small blind) folded before Flop
Seat 5: 49edb628 (big blind) collected ($0.06)
Seat 6: f0394623 folded before Flop (didn't bet)


Poker Hand #HD1143310338: Hold'em No Limit  ($0.02/$0.05) - 2023/03/02 21:38:25
Table 'NLHBlue51' 6-max Seat #1 is the button
Seat 1: 8a83150b ($5.21 in chips)
Seat 3: Hero ($5 in chips)
Seat 4: 722fc417 ($5.3 in chips)
Seat 5: 49edb628 ($6.24 in chips)
Seat 6: f0394623 ($5.53 in chips)
Hero: posts small blind $0.02
722fc417: posts big blind $0.05
*** HOLE CARDS ***
Dealt to 8a83150b 
Dealt to Hero [5h 9d]
Dealt to 722fc417 
Dealt to 49edb628 
Dealt to f0394623 
49edb628: folds
f0394623: raises $0.1 to $0.15
8a83150b: calls $0.15
Hero: folds
722fc417: folds
*** FLOP *** [Ks 7s 3d]
f0394623: bets $0.28
8a83150b: folds
Uncalled bet ($0.28) returned to f0394623
*** SHOWDOWN ***
f0394623 collected $0.36 from pot
*** SUMMARY ***
Total pot $0.37 | Rake $0.01 | Jackpot $0 | Bingo $0 | Fortune $0
Board [Ks 7s 3d]
Seat 1: 8a83150b (button) folded on the Flop
Seat 3: Hero (small blind) folded before Flop
Seat 4: 722fc417 (big blind) folded before Flop
Seat 5: 49edb628 folded before Flop (didn't bet)
Seat 6: f0394623 won ($0.36)


Poker Hand #HD1143310246: Hold'em No Limit  ($0.02/$0.05) - 2023/03/02 21:37:46
Table 'NLHBlue51' 6-max Seat #6 is the button
Seat 1: 8a83150b ($5.23 in chips)
Seat 2: a0a8234e ($4.7 in chips)
Seat 3: Hero ($5 in chips)
Seat 4: 722fc417 ($5.12 in chips)
Seat 5: 49edb628 ($6.24 in chips)
Seat 6: f0394623 ($5.53 in chips)
8a83150b: posts small blind $0.02
a0a8234e: posts big blind $0.05
*** HOLE CARDS ***
Dealt to 8a83150b 
Dealt to a0a8234e 
Dealt to Hero [3s 3h]
Dealt to 722fc417 
Dealt to 49edb628 
Dealt to f0394623 
Hero: raises $0.07 to $0.12
722fc417: raises $0.43 to $0.55
49edb628: folds
f0394623: folds
8a83150b: folds
a0a8234e: folds
Hero: folds
Uncalled bet ($0.43) returned to 722fc417
*** SHOWDOWN ***
722fc417 collected $0.3 from pot
*** SUMMARY ***
Total pot $0.31 | Rake $0.01 | Jackpot $0 | Bingo $0 | Fortune $0
Seat 1: 8a83150b (small blind) folded before Flop
Seat 2: a0a8234e (big blind) folded before Flop
Seat 3: Hero folded before Flop
Seat 4: 722fc417 collected ($0.3)
Seat 5: 49edb628 folded before Flop (didn't bet)
Seat 6: f0394623 (button) folded before Flop (didn't bet)


Poker Hand #HD1143310176: Hold'em No Limit  ($0.02/$0.05) - 2023/03/02 21:37:21
Table 'NLHBlue51' 6-max Seat #5 is the button
Seat 1: 8a83150b ($5.28 in chips)
Seat 3: Hero ($5 in chips)
Seat 4: 722fc417 ($5.12 in chips)
Seat 5: 49edb628 ($6.24 in chips)
Seat 6: f0394623 ($5.48 in chips)
f0394623: posts small blind $0.02
8a83150b: posts big blind $0.05
*** HOLE CARDS ***
Dealt to 8a83150b 
Dealt to Hero [3s 4s]
Dealt to 722fc417 
Dealt to 49edb628 
Dealt to f0394623 
Hero: folds
722fc417: folds
49edb628: folds
f0394623: raises $0.1 to $0.15
8a83150b: folds
Uncalled bet ($0.1) returned to f0394623
*** SHOWDOWN ***
f0394623 collected $0.1 from pot
*** SUMMARY ***
Total pot $0.1 | Rake $0 | Jackpot $0 | Bingo $0 | Fortune $0
Seat 1: 8a83150b (big blind) folded before Flop
Seat 3: Hero folded before Flop (didn't bet)
Seat 4: 722fc417 folded before Flop (didn't bet)
Seat 5: 49edb628 (button) folded before Flop (didn't bet)
Seat 6: f0394623 (small blind) collected ($0.1)


Poker Hand #HD1143310111: Hold'em No Limit  ($0.02/$0.05) - 2023/03/02 21:36:51
Table 'NLHBlue51' 6-max Seat #4 is the button
Seat 1: 8a83150b ($5.28 in chips)
Seat 2: 2968635b ($5.31 in chips)
Seat 3: Hero ($5 in chips)
Seat 4: 722fc417 ($5.12 in chips)
Seat 5: 49edb628 ($6.26 in chips)
Seat 6: f0394623 ($5.46 in chips)
49edb628: posts small blind $0.02
f0394623: posts big blind $0.05
*** HOLE CARDS ***
Dealt to 8a83150b 
Dealt to 2968635b 
Dealt to Hero [5c Ad]
Dealt to 722fc417 
Dealt to 49edb628 
Dealt to f0394623 
8a83150b: folds
2968635b: folds
Hero: folds
722fc417: folds
49edb628: folds
Uncalled bet ($0.03) returned to f0394623
*** SHOWDOWN ***
f0394623 collected $0.04 from pot
*** SUMMARY ***
Total pot $0.04 | Rake $0 | Jackpot $0 | Bingo $0 | Fortune $0
Seat 1: 8a83150b folded before Flop (didn't bet)
Seat 2: 2968635b folded before Flop (didn't bet)
Seat 3: Hero folded before Flop (didn't bet)
Seat 4: 722fc417 (button) folded before Flop (didn't bet)
Seat 5: 49edb628 (small blind) folded before Flop
Seat 6: f0394623 (big blind) collected ($0.04)


Poker Hand #HD1143310077: Hold'em No Limit  ($0.02/$0.05) - 2023/03/02 21:36:35
Table 'NLHBlue51' 6-max Seat #3 is the button
Seat 1: 8a83150b ($5.28 in chips)
Seat 2: 2968635b ($5.31 in chips)
Seat 3: Hero ($5 in chips)
Seat 4: 722fc417 ($5.14 in chips)
Seat 5: 49edb628 ($6.24 in chips)
Seat 6: f0394623 ($5.46 in chips)
722fc417: posts small blind $0.02
49edb628: posts big blind $0.05
*** HOLE CARDS ***
Dealt to 8a83150b 
Dealt to 2968635b 
Dealt to Hero [6d Jc]
Dealt to 722fc417 
Dealt to 49edb628 
Dealt to f0394623 
f0394623: folds
8a83150b: folds
2968635b: folds
Hero: folds
722fc417: folds
Uncalled bet ($0.03) returned to 49edb628
*** SHOWDOWN ***
49edb628 collected $0.04 from pot
*** SUMMARY ***
Total pot $0.04 | Rake $0 | Jackpot $0 | Bingo $0 | Fortune $0
Seat 1: 8a83150b folded before Flop (didn't bet)
Seat 2: 2968635b folded before Flop (didn't bet)
Seat 3: Hero (button) folded before Flop (didn't bet)
Seat 4: 722fc417 (small blind) folded before Flop
Seat 5: 49edb628 (big blind) collected ($0.04)
Seat 6: f0394623 folded before Flop (didn't bet)


Poker Hand #HD1143310017: Hold'em No Limit  ($0.02/$0.05) - 2023/03/02 21:36:09
Table 'NLHBlue51' 6-max Seat #2 is the button
Seat 1: 8a83150b ($5.28 in chips)
Seat 2: 2968635b ($5.24 in chips)
Seat 3: Hero ($5 in chips)
Seat 4: 722fc417 ($5.19 in chips)
Seat 5: 49edb628 ($6.24 in chips)
Seat 6: f0394623 ($5.46 in chips)
Hero: posts small blind $0.02
722fc417: posts big blind $0.05
*** HOLE CARDS ***
Dealt to 8a83150b 
Dealt to 2968635b 
Dealt to Hero [Ts 8h]
Dealt to 722fc417 
Dealt to 49edb628 
Dealt to f0394623 
49edb628: folds
f0394623: folds
8a83150b: folds
2968635b: raises $0.05 to $0.1
Hero: folds
722fc417: folds
Uncalled bet ($0.05) returned to 2968635b
*** SHOWDOWN ***
2968635b collected $0.12 from pot
*** SUMMARY ***
Total pot $0.12 | Rake $0 | Jackpot $0 | Bingo $0 | Fortune $0
Seat 1: 8a83150b folded before Flop (didn't bet)
Seat 2: 2968635b (button) collected ($0.12)
Seat 3: Hero (small blind) folded before Flop
Seat 4: 722fc417 (big blind) folded before Flop
Seat 5: 49edb628 folded before Flop (didn't bet)
Seat 6: f0394623 folded before Flop (didn't bet)


Poker Hand #HD1143309944: Hold'em No Limit  ($0.02/$0.05) - 2023/03/02 21:35:43
Table 'NLHBlue51' 6-max Seat #1 is the button
Seat 1: 8a83150b ($5.12 in chips)
Seat 2: 2968635b ($5.26 in chips)
Seat 3: Hero ($5 in chips)
Seat 4: 722fc417 ($5.19 in chips)
Seat 5: 49edb628 ($6.24 in chips)
Seat 6: f0394623 ($5.46 in chips)
2968635b: posts small blind $0.02
Hero: posts big blind $0.05
*** HOLE CARDS ***
Dealt to 8a83150b 
Dealt to 2968635b 
Dealt to Hero [8h 6h]
Dealt to 722fc417 
Dealt to 49edb628 
Dealt to f0394623 
722fc417: folds
49edb628: folds
f0394623: folds
8a83150b: raises $0.1 to $0.15
2968635b: folds
Hero: calls $0.1
*** FLOP *** [Jh 3s Ts]
Hero: checks
8a83150b: bets $0.24
Hero: folds
Uncalled bet ($0.24) returned to 8a83150b
*** SHOWDOWN ***
8a83150b collected $0.31 from pot
*** SUMMARY ***
Total pot $0.32 | Rake $0.01 | Jackpot $0 | Bingo $0 | Fortune $0
Board [Jh 3s Ts]
Seat 1: 8a83150b (button) won ($0.31)
Seat 2: 2968635b (small blind) folded before Flop
Seat 3: Hero (big blind) folded on the Flop
Seat 4: 722fc417 folded before Flop (didn't bet)
Seat 5: 49edb628 folded before Flop (didn't bet)
Seat 6: f0394623 folded before Flop (didn't bet)


Poker Hand #HD1143309876: Hold'em No Limit  ($0.02/$0.05) - 2023/03/02 21:35:12
Table 'NLHBlue51' 6-max Seat #6 is the button
Seat 1: 8a83150b ($5.07 in chips)
Seat 2: 2968635b ($5.31 in chips)
Seat 3: Hero ($5 in chips)
Seat 4: 722fc417 ($5.19 in chips)
Seat 5: 49edb628 ($6.24 in chips)
Seat 6: f0394623 ($5.46 in chips)
8a83150b: posts small blind $0.02
2968635b: posts big blind $0.05
*** HOLE CARDS ***
Dealt to 8a83150b 
Dealt to 2968635b 
Dealt to Hero [Kh 3d]
Dealt to 722fc417 
Dealt to 49edb628 
Dealt to f0394623 
Hero: folds
722fc417: folds
49edb628: folds
f0394623: folds
8a83150b: raises $0.08 to $0.13
2968635b: folds
Uncalled bet ($0.08) returned to 8a83150b
*** SHOWDOWN ***
8a83150b collected $0.1 from pot
*** SUMMARY ***
Total pot $0.1 | Rake $0 | Jackpot $0 | Bingo $0 | Fortune $0
Seat 1: 8a83150b (small blind) collected ($0.1)
Seat 2: 2968635b (big blind) folded before Flop
Seat 3: Hero folded before Flop (didn't bet)
Seat 4: 722fc417 folded before Flop (didn't bet)
Seat 5: 49edb628 folded before Flop (didn't bet)
Seat 6: f0394623 (button) folded before Flop (didn't bet)


Poker Hand #HD1143309807: Hold'em No Limit  ($0.02/$0.05) - 2023/03/02 21:34:42
Table 'NLHBlue51' 6-max Seat #5 is the button
Seat 1: 8a83150b ($5.12 in chips)
Seat 2: 2968635b ($5.31 in chips)
Seat 3: Hero ($5 in chips)
Seat 4: 722fc417 ($5.12 in chips)
Seat 5: 49edb628 ($6.24 in chips)
Seat 6: f0394623 ($5.48 in chips)
f0394623: posts small blind $0.02
8a83150b: posts big blind $0.05
*** HOLE CARDS ***
Dealt to 8a83150b 
Dealt to 2968635b 
Dealt to Hero [5d Kh]
Dealt to 722fc417 
Dealt to 49edb628 
Dealt to f0394623 
2968635b: folds
Hero: folds
722fc417: raises $0.08 to $0.13
49edb628: folds
f0394623: folds
8a83150b: folds
Uncalled bet ($0.08) returned to 722fc417
*** SHOWDOWN ***
722fc417 collected $0.12 from pot
*** SUMMARY ***
Total pot $0.12 | Rake $0 | Jackpot $0 | Bingo $0 | Fortune $0
Seat 1: 8a83150b (big blind) folded before Flop
Seat 2: 2968635b folded before Flop (didn't bet)
Seat 3: Hero folded before Flop (didn't bet)
Seat 4: 722fc417 collected ($0.12)
Seat 5: 49edb628 (button) folded before Flop (didn't bet)
Seat 6: f0394623 (small blind) folded before Flop


Poker Hand #HD1143309770: Hold'em No Limit  ($0.02/$0.05) - 2023/03/02 21:34:24
Table 'NLHBlue51' 6-max Seat #4 is the button
Seat 1: 8a83150b ($5.12 in chips)
Seat 2: 2968635b ($5.24 in chips)
Seat 3: Hero ($5 in chips)
Seat 4: 722fc417 ($5.12 in chips)
Seat 5: 49edb628 ($6.26 in chips)
Seat 6: f0394623 ($5.53 in chips)
49edb628: posts small blind $0.02
f0394623: posts big blind $0.05
*** HOLE CARDS ***
Dealt to 8a83150b 
Dealt to 2968635b 
Dealt to Hero [3d Qc]
Dealt to 722fc417 
Dealt to 49edb628 
Dealt to f0394623 
8a83150b: folds
2968635b: raises $0.1 to $0.15
Hero: folds
722fc417: folds
49edb628: folds
f0394623: folds
Uncalled bet ($0.1) returned to 2968635b
*** SHOWDOWN ***
2968635b collected $0.12 from pot
*** SUMMARY ***
Total pot $0.12 | Rake $0 | Jackpot $0 | Bingo $0 | Fortune $0
Seat 1: 8a83150b folded before Flop (didn't bet)
Seat 2: 2968635b collected ($0.12)
Seat 3: Hero folded before Flop (didn't bet)
Seat 4: 722fc417 (button) folded before Flop (didn't bet)
Seat 5: 49edb628 (small blind) folded before Flop
Seat 6: f0394623 (big blind) folded before Flop


Poker Hand #HD1143309607: Hold'em No Limit  ($0.02/$0.05) - 2023/03/02 21:33:14
Table 'NLHBlue51' 6-max Seat #3 is the button
Seat 1: 8a83150b ($5.12 in chips)
Seat 2: 2968635b ($5.24 in chips)
Seat 3: Hero ($5 in chips)
Seat 4: 722fc417 ($5 in chips)
Seat 5: 49edb628 ($6.39 in chips)
Seat 6: f0394623 ($5.53 in chips)
722fc417: posts small blind $0.02
49edb628: posts big blind $0.05
*** HOLE CARDS ***
Dealt to 8a83150b 
Dealt to 2968635b 
Dealt to Hero [Tc 8s]
Dealt to 722fc417 
Dealt to 49edb628 
Dealt to f0394623 
f0394623: folds
8a83150b: folds
2968635b: folds
Hero: folds
722fc417: raises $0.08 to $0.13
49edb628: calls $0.08
*** FLOP *** [As 2h Jh]
722fc417: checks
49edb628: checks
*** TURN *** [As 2h Jh] [6c]
722fc417: checks
49edb628: checks
*** RIVER *** [As 2h Jh 6c] [Td]
722fc417: checks
49edb628: checks
722fc417: shows [Kd 9h] (Ace-High)
49edb628: shows [4c 3c] (Ace-High)
*** SHOWDOWN ***
722fc417 collected $0.25 from pot
*** SUMMARY ***
Total pot $0.26 | Rake $0.01 | Jackpot $0 | Bingo $0 | Fortune $0
Board [As 2h Jh 6c Td]
Seat 1: 8a83150b folded before Flop (didn't bet)
Seat 2: 2968635b folded before Flop (didn't bet)
Seat 3: Hero (button) folded before Flop (didn't bet)
Seat 4: 722fc417 (small blind) showed [Kd 9h] and won ($0.25) with Ace-High
Seat 5: 49edb628 (big blind) showed [4c 3c] and lost with Ace-High
Seat 6: f0394623 folded before Flop (didn't bet)


Poker Hand #HD1143309570: Hold'em No Limit  ($0.02/$0.05) - 2023/03/02 21:32:58
Table 'NLHBlue51' 6-max Seat #2 is the button
Seat 1: 8a83150b ($5.12 in chips)
Seat 2: 2968635b ($5.17 in chips)
Seat 3: Hero ($5 in chips)
Seat 4: 722fc417 ($5 in chips)
Seat 5: 49edb628 ($6.39 in chips)
Seat 6: f0394623 ($5.53 in chips)
Hero: posts small blind $0.02
722fc417: posts big blind $0.05
*** HOLE CARDS ***
Dealt to 8a83150b 
Dealt to 2968635b 
Dealt to Hero [Kc 3s]
Dealt to 722fc417 
Dealt to 49edb628 
Dealt to f0394623 
49edb628: folds
f0394623: folds
8a83150b: folds
2968635b: raises $0.05 to $0.1
Hero: folds
722fc417: folds
Uncalled bet ($0.05) returned to 2968635b
*** SHOWDOWN ***
2968635b collected $0.12 from pot
*** SUMMARY ***
Total pot $0.12 | Rake $0 | Jackpot $0 | Bingo $0 | Fortune $0
Seat 1: 8a83150b folded before Flop (didn't bet)
Seat 2: 2968635b (button) collected ($0.12)
Seat 3: Hero (small blind) folded before Flop
Seat 4: 722fc417 (big blind) folded before Flop
Seat 5: 49edb628 folded before Flop (didn't bet)
Seat 6: f0394623 folded before Flop (didn't bet)


Poker Hand #HD1143309449: Hold'em No Limit  ($0.02/$0.05) - 2023/03/02 21:32:08
Table 'NLHBlue51' 6-max Seat #1 is the button
Seat 1: 8a83150b ($5.12 in chips)
Seat 2: 2968635b ($5.19 in chips)
Seat 3: Hero ($5 in chips)
Seat 4: 722fc417 ($5 in chips)
Seat 5: 49edb628 ($6.67 in chips)
Seat 6: f0394623 ($5.21 in chips)
2968635b: posts small blind $0.02
Hero: posts big blind $0.05
*** HOLE CARDS ***
Dealt to 8a83150b 
Dealt to 2968635b 
Dealt to Hero [3s 5c]
Dealt to 722fc417 
Dealt to 49edb628 
Dealt to f0394623 
722fc417: folds
49edb628: raises $0.1 to $0.15
f0394623: calls $0.15
8a83150b: folds
2968635b: folds
Hero: folds
*** FLOP *** [8d 9c 3c]
49edb628: bets $0.13
f0394623: calls $0.13
*** TURN *** [8d 9c 3c] [4d]
49edb628: checks
f0394623: bets $0.32
49edb628: folds
Uncalled bet ($0.32) returned to f0394623
*** SHOWDOWN ***
f0394623 collected $0.6 from pot
*** SUMMARY ***
Total pot $0.63 | Rake $0.03 | Jackpot $0 | Bingo $0 | Fortune $0
Board [8d 9c 3c 4d]
Seat 1: 8a83150b (button) folded before Flop (didn't bet)
Seat 2: 2968635b (small blind) folded before Flop
Seat 3: Hero (big blind) folded before Flop
Seat 4: 722fc417 folded before Flop (didn't bet)
Seat 5: 49edb628 folded on the Turn
Seat 6: f0394623 won ($0.6)


