Poker Hand #HD1216241951: Hold'em No Limit ($0.02/$0.05) - 2023/04/24 21:25:59
Table 'NLHBlue2' 6-max Seat #2 is the button
Seat 1: 4763d02b ($5.29 in chips)
Seat 2: a7b07123 ($9.5 in chips)
Seat 3: 90ef3577 ($8.96 in chips)
Seat 4: 9c744b0a ($5.08 in chips)
Seat 5: Hero ($5 in chips)
Seat 6: da2f24a9 ($4.85 in chips)
90ef3577: posts small blind $0.02
9c744b0a: posts big blind $0.05
*** HOLE CARDS ***
Dealt to 4763d02b 
Dealt to a7b07123 
Dealt to 90ef3577 
Dealt to 9c744b0a 
Dealt to Hero [Qd 8h]
Dealt to da2f24a9 
Hero: folds
da2f24a9: folds
4763d02b: folds
a7b07123: raises $0.08 to $0.13
90ef3577: folds
9c744b0a: folds
Uncalled bet ($0.08) returned to a7b07123
*** SHOWDOWN ***
a7b07123 collected $0.12 from pot
*** SUMMARY ***
Total pot $0.12 | Rake $0 | Jackpot $0 | Bingo $0 | Fortune $0 | Tax $0
Seat 1: 4763d02b folded before Flop (didn't bet)
Seat 2: a7b07123 (button) collected ($0.12)
Seat 3: 90ef3577 (small blind) folded before Flop
Seat 4: 9c744b0a (big blind) folded before Flop
Seat 5: Hero folded before Flop (didn't bet)
Seat 6: da2f24a9 folded before Flop (didn't bet)


Poker Hand #HD1216241910: Hold'em No Limit ($0.02/$0.05) - 2023/04/24 21:25:36
Table 'NLHBlue2' 6-max Seat #1 is the button
Seat 1: 4763d02b ($5.29 in chips)
Seat 2: a7b07123 ($9.31 in chips)
Seat 3: 90ef3577 ($9.01 in chips)
Seat 4: 9c744b0a ($5.08 in chips)
Seat 5: Hero ($5 in chips)
Seat 6: da2f24a9 ($5 in chips)
a7b07123: posts small blind $0.02
90ef3577: posts big blind $0.05
da2f24a9: posts big blind $0.05
*** HOLE CARDS ***
Dealt to 4763d02b 
Dealt to a7b07123 
Dealt to 90ef3577 
Dealt to 9c744b0a 
Dealt to Hero [Qh 5h]
Dealt to da2f24a9 
9c744b0a: folds
Hero: folds
da2f24a9: raises $0.1 to $0.15
4763d02b: folds
a7b07123: raises $0.53 to $0.68
90ef3577: folds
da2f24a9: folds
Uncalled bet ($0.53) returned to a7b07123
*** SHOWDOWN ***
a7b07123 collected $0.34 from pot
*** SUMMARY ***
Total pot $0.35 | Rake $0.01 | Jackpot $0 | Bingo $0 | Fortune $0 | Tax $0
Seat 1: 4763d02b (button) folded before Flop (didn't bet)
Seat 2: a7b07123 (small blind) collected ($0.34)
Seat 3: 90ef3577 (big blind) folded before Flop
Seat 4: 9c744b0a folded before Flop (didn't bet)
Seat 5: Hero folded before Flop (didn't bet)
Seat 6: da2f24a9 folded before Flop


Poker Hand #HD1216241821: Hold'em No Limit ($0.02/$0.05) - 2023/04/24 21:24:47
Table 'NLHBlue2' 6-max Seat #5 is the button
Seat 1: 4763d02b ($5.31 in chips)
Seat 2: a7b07123 ($9.17 in chips)
Seat 3: 90ef3577 ($9.01 in chips)
Seat 4: 9c744b0a ($5.21 in chips)
Seat 5: Hero ($5 in chips)
4763d02b: posts small blind $0.02
a7b07123: posts big blind $0.05
*** HOLE CARDS ***
Dealt to 4763d02b 
Dealt to a7b07123 
Dealt to 90ef3577 
Dealt to 9c744b0a 
Dealt to Hero [6h 8s]
90ef3577: folds
9c744b0a: raises $0.08 to $0.13
Hero: folds
4763d02b: folds
a7b07123: calls $0.08
*** FLOP *** [7s 3h Kh]
a7b07123: checks
9c744b0a: checks
*** TURN *** [7s 3h Kh] [2d]
a7b07123: bets $0.1
9c744b0a: folds
Uncalled bet ($0.1) returned to a7b07123
*** SHOWDOWN ***
a7b07123 collected $0.27 from pot
*** SUMMARY ***
Total pot $0.28 | Rake $0.01 | Jackpot $0 | Bingo $0 | Fortune $0 | Tax $0
Board [7s 3h Kh 2d]
Seat 1: 4763d02b (small blind) folded before Flop
Seat 2: a7b07123 (big blind) won ($0.27)
Seat 3: 90ef3577 folded before Flop (didn't bet)
Seat 4: 9c744b0a folded on the Turn
Seat 5: Hero (button) folded before Flop (didn't bet)


Poker Hand #HD1216241757: Hold'em No Limit ($0.02/$0.05) - 2023/04/24 21:24:08
Table 'NLHBlue2' 6-max Seat #4 is the button
Seat 1: 4763d02b ($5.36 in chips)
Seat 2: a7b07123 ($9.32 in chips)
Seat 3: 90ef3577 ($9.01 in chips)
Seat 4: 9c744b0a ($5 in chips)
Seat 5: Hero ($5 in chips)
Hero: posts small blind $0.02
4763d02b: posts big blind $0.05
*** HOLE CARDS ***
Dealt to 4763d02b 
Dealt to a7b07123 
Dealt to 90ef3577 
Dealt to 9c744b0a 
Dealt to Hero [3c 2h]
a7b07123: raises $0.1 to $0.15
90ef3577: folds
9c744b0a: calls $0.15
Hero: folds
4763d02b: folds
*** FLOP *** [8c 7c 5h]
a7b07123: checks
9c744b0a: bets $0.28
a7b07123: folds
Uncalled bet ($0.28) returned to 9c744b0a
*** SHOWDOWN ***
9c744b0a collected $0.36 from pot
*** SUMMARY ***
Total pot $0.37 | Rake $0.01 | Jackpot $0 | Bingo $0 | Fortune $0 | Tax $0
Board [8c 7c 5h]
Seat 1: 4763d02b (big blind) folded before Flop
Seat 2: a7b07123 folded on the Flop
Seat 3: 90ef3577 folded before Flop (didn't bet)
Seat 4: 9c744b0a (button) won ($0.36)
Seat 5: Hero (small blind) folded before Flop


Poker Hand #HD1216241666: Hold'em No Limit ($0.02/$0.05) - 2023/04/24 21:23:12
Table 'NLHBlue2' 6-max Seat #3 is the button
Seat 1: 4763d02b ($5.36 in chips)
Seat 2: a7b07123 ($9.32 in chips)
Seat 3: 90ef3577 ($4.75 in chips)
Seat 4: 9c744b0a ($5 in chips)
Seat 5: Hero ($7.32 in chips)
9c744b0a: posts small blind $0.02
Hero: posts big blind $0.05
*** HOLE CARDS ***
Dealt to 4763d02b 
Dealt to a7b07123 
Dealt to 90ef3577 
Dealt to 9c744b0a 
Dealt to Hero [Kd Kc]
4763d02b: folds
a7b07123: folds
90ef3577: raises $0.1 to $0.15
9c744b0a: folds
Hero: raises $0.48 to $0.63
90ef3577: calls $0.48
*** FLOP *** [Jc 6d 9c]
Hero: bets $0.96
90ef3577: raises $1.64 to $2.6
Hero: raises $4.09 to $6.69 and is all-in
90ef3577: calls $1.52 and is all-in
Uncalled bet ($2.57) returned to Hero
Hero: shows [Kd Kc] (Pair of Kings)
90ef3577: shows [Tc Qc] (Queen-High)
*** FIRST TURN *** [Jc 6d 9c] [5h]
*** FIRST RIVER *** [Jc 6d 9c 5h] [8h]
*** SECOND TURN *** [Jc 6d 9c] [As]
*** SECOND RIVER *** [Jc 6d 9c As] [8d]
*** FIRST SHOWDOWN ***
90ef3577 collected $4.51 from pot
*** SECOND SHOWDOWN ***
90ef3577 collected $4.5 from pot
*** SUMMARY ***
Total pot $9.52 | Rake $0.46 | Jackpot $0.05 | Bingo $0 | Fortune $0 | Tax $0
Hand was run two times
FIRST Board [Jc 6d 9c 5h 8h]
SECOND Board [As 8d]
Seat 1: 4763d02b folded before Flop (didn't bet)
Seat 2: a7b07123 folded before Flop (didn't bet)
Seat 3: 90ef3577 (button) showed [Tc Qc] and won ($4.51) with Queens-High Straight, and won ($4.5)
Seat 4: 9c744b0a (small blind) folded before Flop
Seat 5: Hero (big blind) showed [Kd Kc] and lost with Pair of Kings, and lost


Poker Hand #HD1216241651: Hold'em No Limit ($0.02/$0.05) - 2023/04/24 21:23:00
Table 'NLHBlue2' 6-max Seat #2 is the button
Seat 1: 4763d02b ($5.36 in chips)
Seat 2: a7b07123 ($9.32 in chips)
Seat 3: 90ef3577 ($4.77 in chips)
Seat 4: 9c744b0a ($5 in chips)
Seat 5: Hero ($7.25 in chips)
90ef3577: posts small blind $0.02
9c744b0a: posts big blind $0.05
*** HOLE CARDS ***
Dealt to 4763d02b 
Dealt to a7b07123 
Dealt to 90ef3577 
Dealt to 9c744b0a 
Dealt to Hero [Td Qd]
Hero: raises $0.07 to $0.12
4763d02b: folds
a7b07123: folds
90ef3577: folds
9c744b0a: folds
Uncalled bet ($0.07) returned to Hero
*** SHOWDOWN ***
Hero collected $0.12 from pot
*** SUMMARY ***
Total pot $0.12 | Rake $0 | Jackpot $0 | Bingo $0 | Fortune $0 | Tax $0
Seat 1: 4763d02b folded before Flop (didn't bet)
Seat 2: a7b07123 (button) folded before Flop (didn't bet)
Seat 3: 90ef3577 (small blind) folded before Flop
Seat 4: 9c744b0a (big blind) folded before Flop
Seat 5: Hero collected ($0.12)


Poker Hand #HD1216241589: Hold'em No Limit ($0.02/$0.05) - 2023/04/24 21:22:26
Table 'NLHBlue2' 6-max Seat #1 is the button
Seat 1: 4763d02b ($5.36 in chips)
Seat 2: a7b07123 ($9.34 in chips)
Seat 3: 90ef3577 ($4.89 in chips)
Seat 4: 9c744b0a ($5 in chips)
Seat 5: Hero ($7.12 in chips)
a7b07123: posts small blind $0.02
90ef3577: posts big blind $0.05
*** HOLE CARDS ***
Dealt to 4763d02b 
Dealt to a7b07123 
Dealt to 90ef3577 
Dealt to 9c744b0a 
Dealt to Hero [6c 6h]
9c744b0a: folds
Hero: raises $0.07 to $0.12
4763d02b: folds
a7b07123: folds
90ef3577: calls $0.07
*** FLOP *** [8s Kh Jd]
90ef3577: checks
Hero: checks
*** TURN *** [8s Kh Jd] [7h]
90ef3577: checks
Hero: checks
*** RIVER *** [8s Kh Jd 7h] [Ad]
90ef3577: checks
Hero: bets $0.13
90ef3577: folds
Uncalled bet ($0.13) returned to Hero
*** SHOWDOWN ***
Hero collected $0.25 from pot
*** SUMMARY ***
Total pot $0.26 | Rake $0.01 | Jackpot $0 | Bingo $0 | Fortune $0 | Tax $0
Board [8s Kh Jd 7h Ad]
Seat 1: 4763d02b (button) folded before Flop (didn't bet)
Seat 2: a7b07123 (small blind) folded before Flop
Seat 3: 90ef3577 (big blind) folded on the River
Seat 4: 9c744b0a folded before Flop (didn't bet)
Seat 5: Hero won ($0.25)


Poker Hand #HD1216241546: Hold'em No Limit ($0.02/$0.05) - 2023/04/24 21:22:00
Table 'NLHBlue2' 6-max Seat #5 is the button
Seat 1: 4763d02b ($5.38 in chips)
Seat 2: a7b07123 ($9.21 in chips)
Seat 3: 90ef3577 ($4.89 in chips)
Seat 4: 9c744b0a ($5 in chips)
Seat 5: Hero ($7.24 in chips)
4763d02b: posts small blind $0.02
a7b07123: posts big blind $0.05
*** HOLE CARDS ***
Dealt to 4763d02b 
Dealt to a7b07123 
Dealt to 90ef3577 
Dealt to 9c744b0a 
Dealt to Hero [Ah Td]
90ef3577: folds
9c744b0a: folds
Hero: raises $0.07 to $0.12
4763d02b: folds
a7b07123: raises $0.4 to $0.52
Hero: folds
Uncalled bet ($0.4) returned to a7b07123
*** SHOWDOWN ***
a7b07123 collected $0.25 from pot
*** SUMMARY ***
Total pot $0.26 | Rake $0.01 | Jackpot $0 | Bingo $0 | Fortune $0 | Tax $0
Seat 1: 4763d02b (small blind) folded before Flop
Seat 2: a7b07123 (big blind) collected ($0.25)
Seat 3: 90ef3577 folded before Flop (didn't bet)
Seat 4: 9c744b0a folded before Flop (didn't bet)
Seat 5: Hero (button) folded before Flop


Poker Hand #HD1216241459: Hold'em No Limit ($0.02/$0.05) - 2023/04/24 21:21:14
Table 'NLHBlue2' 6-max Seat #4 is the button
Seat 1: 4763d02b ($5 in chips)
Seat 2: a7b07123 ($9.21 in chips)
Seat 3: 90ef3577 ($5.23 in chips)
Seat 4: 9c744b0a ($5 in chips)
Seat 5: Hero ($7.26 in chips)
Seat 6: dc808a87 ($2.6 in chips)
Hero: posts small blind $0.02
dc808a87: posts big blind $0.05
*** HOLE CARDS ***
Dealt to 4763d02b 
Dealt to a7b07123 
Dealt to 90ef3577 
Dealt to 9c744b0a 
Dealt to Hero [2d 4d]
Dealt to dc808a87 
4763d02b: raises $0.1 to $0.15
a7b07123: folds
90ef3577: calls $0.15
9c744b0a: folds
Hero: folds
dc808a87: folds
*** FLOP *** [3c 9c Qc]
4763d02b: bets $0.19
90ef3577: calls $0.19
*** TURN *** [3c 9c Qc] [2c]
4763d02b: checks
90ef3577: checks
*** RIVER *** [3c 9c Qc 2c] [4h]
4763d02b: bets $0.38
90ef3577: folds
Uncalled bet ($0.38) returned to 4763d02b
*** SHOWDOWN ***
4763d02b collected $0.72 from pot
*** SUMMARY ***
Total pot $0.75 | Rake $0.03 | Jackpot $0 | Bingo $0 | Fortune $0 | Tax $0
Board [3c 9c Qc 2c 4h]
Seat 1: 4763d02b won ($0.72)
Seat 2: a7b07123 folded before Flop (didn't bet)
Seat 3: 90ef3577 folded on the River
Seat 4: 9c744b0a (button) folded before Flop (didn't bet)
Seat 5: Hero (small blind) folded before Flop
Seat 6: dc808a87 (big blind) folded before Flop


Poker Hand #HD1216241447: Hold'em No Limit ($0.02/$0.05) - 2023/04/24 21:21:08
Table 'NLHBlue2' 6-max Seat #3 is the button
Seat 1: 4763d02b ($5 in chips)
Seat 2: a7b07123 ($9.21 in chips)
Seat 3: 90ef3577 ($5.23 in chips)
Seat 4: 9c744b0a ($5 in chips)
Seat 5: Hero ($7.24 in chips)
9c744b0a: posts small blind $0.02
Hero: posts big blind $0.05
*** HOLE CARDS ***
Dealt to 4763d02b 
Dealt to a7b07123 
Dealt to 90ef3577 
Dealt to 9c744b0a 
Dealt to Hero [3h Ks]
4763d02b: folds
a7b07123: folds
90ef3577: folds
9c744b0a: folds
Uncalled bet ($0.03) returned to Hero
*** SHOWDOWN ***
Hero collected $0.04 from pot
*** SUMMARY ***
Total pot $0.04 | Rake $0 | Jackpot $0 | Bingo $0 | Fortune $0 | Tax $0
Seat 1: 4763d02b folded before Flop (didn't bet)
Seat 2: a7b07123 folded before Flop (didn't bet)
Seat 3: 90ef3577 (button) folded before Flop (didn't bet)
Seat 4: 9c744b0a (small blind) folded before Flop
Seat 5: Hero (big blind) collected ($0.04)


Poker Hand #HD1216241379: Hold'em No Limit ($0.02/$0.05) - 2023/04/24 21:20:24
Table 'NLHBlue2' 6-max Seat #2 is the button
Seat 1: 4763d02b ($4.69 in chips)
Seat 2: a7b07123 ($9.21 in chips)
Seat 3: 90ef3577 ($5 in chips)
Seat 4: 9c744b0a ($5.06 in chips)
Seat 5: Hero ($7.36 in chips)
90ef3577: posts small blind $0.02
9c744b0a: posts big blind $0.05
*** HOLE CARDS ***
Dealt to 4763d02b 
Dealt to a7b07123 
Dealt to 90ef3577 
Dealt to 9c744b0a 
Dealt to Hero [Ah Kh]
Hero: raises $0.07 to $0.12
4763d02b: folds
a7b07123: folds
90ef3577: calls $0.1
9c744b0a: calls $0.07
*** FLOP *** [Jh 8s 6s]
90ef3577: checks
9c744b0a: checks
Hero: checks
*** TURN *** [Jh 8s 6s] [9s]
90ef3577: bets $0.19
9c744b0a: folds
Hero: folds
Uncalled bet ($0.19) returned to 90ef3577
*** SHOWDOWN ***
90ef3577 collected $0.35 from pot
*** SUMMARY ***
Total pot $0.36 | Rake $0.01 | Jackpot $0 | Bingo $0 | Fortune $0 | Tax $0
Board [Jh 8s 6s 9s]
Seat 1: 4763d02b folded before Flop (didn't bet)
Seat 2: a7b07123 (button) folded before Flop (didn't bet)
Seat 3: 90ef3577 (small blind) won ($0.35)
Seat 4: 9c744b0a (big blind) folded on the Turn
Seat 5: Hero folded on the Turn


Poker Hand #HD1216241278: Hold'em No Limit ($0.02/$0.05) - 2023/04/24 21:19:34
Table 'NLHBlue2' 6-max Seat #1 is the button
Seat 1: 4763d02b ($4.69 in chips)
Seat 2: a7b07123 ($9.23 in chips)
Seat 3: 90ef3577 ($3.79 in chips)
Seat 4: 9c744b0a ($5.06 in chips)
Seat 5: Hero ($6.42 in chips)
a7b07123: posts small blind $0.02
90ef3577: posts big blind $0.05
*** HOLE CARDS ***
Dealt to 4763d02b 
Dealt to a7b07123 
Dealt to 90ef3577 
Dealt to 9c744b0a 
Dealt to Hero [As 6s]
9c744b0a: folds
Hero: raises $0.07 to $0.12
4763d02b: folds
a7b07123: folds
90ef3577: calls $0.07
*** FLOP *** [4d 7d 3h]
90ef3577: bets $0.14
Hero: raises $0.26 to $0.4
90ef3577: calls $0.26
*** TURN *** [4d 7d 3h] [5d]
90ef3577: bets $0.55
Hero: calls $0.55
*** RIVER *** [4d 7d 3h 5d] [Qc]
90ef3577: checks
Hero: bets $0.78
90ef3577: folds
Uncalled bet ($0.78) returned to Hero
*** SHOWDOWN ***
Hero collected $2.01 from pot
*** SUMMARY ***
Total pot $2.16 | Rake $0.1 | Jackpot $0.05 | Bingo $0 | Fortune $0 | Tax $0
Board [4d 7d 3h 5d Qc]
Seat 1: 4763d02b (button) folded before Flop (didn't bet)
Seat 2: a7b07123 (small blind) folded before Flop
Seat 3: 90ef3577 (big blind) folded on the River
Seat 4: 9c744b0a folded before Flop (didn't bet)
Seat 5: Hero won ($2.01)


Poker Hand #HD1216241251: Hold'em No Limit ($0.02/$0.05) - 2023/04/24 21:19:15
Table 'NLHBlue2' 6-max Seat #5 is the button
Seat 1: 4763d02b ($4.74 in chips)
Seat 2: a7b07123 ($9.23 in chips)
Seat 4: 9c744b0a ($5.06 in chips)
Seat 5: Hero ($6.35 in chips)
Seat 6: 129b9390 ($5.14 in chips)
129b9390: posts small blind $0.02
4763d02b: posts big blind $0.05
*** HOLE CARDS ***
Dealt to 4763d02b 
Dealt to a7b07123 
Dealt to 9c744b0a 
Dealt to Hero [Kc Jh]
Dealt to 129b9390 
a7b07123: folds
9c744b0a: folds
Hero: raises $0.07 to $0.12
129b9390: folds
4763d02b: folds
Uncalled bet ($0.07) returned to Hero
*** SHOWDOWN ***
Hero collected $0.12 from pot
*** SUMMARY ***
Total pot $0.12 | Rake $0 | Jackpot $0 | Bingo $0 | Fortune $0 | Tax $0
Seat 1: 4763d02b (big blind) folded before Flop
Seat 2: a7b07123 folded before Flop (didn't bet)
Seat 4: 9c744b0a folded before Flop (didn't bet)
Seat 5: Hero (button) collected ($0.12)
Seat 6: 129b9390 (small blind) folded before Flop


Poker Hand #HD1216241180: Hold'em No Limit ($0.02/$0.05) - 2023/04/24 21:18:39
Table 'NLHBlue2' 6-max Seat #4 is the button
Seat 1: 4763d02b ($4.74 in chips)
Seat 2: a7b07123 ($9.23 in chips)
Seat 4: 9c744b0a ($5.19 in chips)
Seat 5: Hero ($6.37 in chips)
Seat 6: 129b9390 ($5 in chips)
Hero: posts small blind $0.02
129b9390: posts big blind $0.05
*** HOLE CARDS ***
Dealt to 4763d02b 
Dealt to a7b07123 
Dealt to 9c744b0a 
Dealt to Hero [Qc 4s]
Dealt to 129b9390 
4763d02b: folds
a7b07123: folds
9c744b0a: raises $0.08 to $0.13
Hero: folds
129b9390: calls $0.08
*** FLOP *** [Jc 9c Kd]
129b9390: checks
9c744b0a: checks
*** TURN *** [Jc 9c Kd] [Ac]
129b9390: checks
9c744b0a: checks
*** RIVER *** [Jc 9c Kd Ac] [7d]
129b9390: bets $0.19
9c744b0a: folds
Uncalled bet ($0.19) returned to 129b9390
*** SHOWDOWN ***
129b9390 collected $0.27 from pot
*** SUMMARY ***
Total pot $0.28 | Rake $0.01 | Jackpot $0 | Bingo $0 | Fortune $0 | Tax $0
Board [Jc 9c Kd Ac 7d]
Seat 1: 4763d02b folded before Flop (didn't bet)
Seat 2: a7b07123 folded before Flop (didn't bet)
Seat 4: 9c744b0a (button) folded on the River
Seat 5: Hero (small blind) folded before Flop
Seat 6: 129b9390 (big blind) won ($0.27)


Poker Hand #HD1216241050: Hold'em No Limit ($0.02/$0.05) - 2023/04/24 21:17:23
Table 'NLHBlue2' 6-max Seat #3 is the button
Seat 1: 4763d02b ($5 in chips)
Seat 2: a7b07123 ($9.23 in chips)
Seat 3: 90ef3577 ($3.79 in chips)
Seat 4: 9c744b0a ($5.21 in chips)
Seat 5: Hero ($6.62 in chips)
Seat 6: 129b9390 ($5 in chips)
9c744b0a: posts small blind $0.02
Hero: posts big blind $0.05
*** HOLE CARDS ***
Dealt to 4763d02b 
Dealt to a7b07123 
Dealt to 90ef3577 
Dealt to 9c744b0a 
Dealt to Hero [Kc As]
Dealt to 129b9390 
129b9390: folds
4763d02b: raises $0.1 to $0.15
a7b07123: folds
90ef3577: folds
9c744b0a: folds
Hero: raises $0.41 to $0.56
4763d02b: raises $1.14 to $1.7
Hero: raises $4.92 to $6.62 and is all-in
4763d02b: calls $3.3 and is all-in
Uncalled bet ($1.62) returned to Hero
Hero: shows [Kc As]
4763d02b: shows [Ah Qc]
*** FIRST FLOP *** [Jc 9c Ad]
*** FIRST TURN *** [Jc 9c Ad] [7s]
*** FIRST RIVER *** [Jc 9c Ad 7s] [Kh]
*** SECOND FLOP *** [Jh Ac 8d]
*** SECOND TURN *** [Jh Ac 8d] [Qd]
*** SECOND RIVER *** [Jh Ac 8d Qd] [9d]
*** FIRST SHOWDOWN ***
Hero collected $4.75 from pot
*** SECOND SHOWDOWN ***
4763d02b collected $4.74 from pot
*** SUMMARY ***
Total pot $10.02 | Rake $0.48 | Jackpot $0.05 | Bingo $0 | Fortune $0 | Tax $0
Hand was run two times
FIRST Board [Jc 9c Ad 7s Kh]
SECOND Board [Jh Ac 8d Qd 9d]
Seat 1: 4763d02b showed [Ah Qc] and lost with Pair of Aces, and won ($4.74) with Pair of Aces and Pair of Queens
Seat 2: a7b07123 folded before Flop (didn't bet)
Seat 3: 90ef3577 (button) folded before Flop (didn't bet)
Seat 4: 9c744b0a (small blind) folded before Flop
Seat 5: Hero (big blind) showed [Kc As] and won ($4.75) with Pair of Aces and Pair of Kings, and lost with Pair of Aces
Seat 6: 129b9390 folded before Flop (didn't bet)


Poker Hand #HD1216240999: Hold'em No Limit ($0.02/$0.05) - 2023/04/24 21:16:53
Table 'NLHBlue2' 6-max Seat #2 is the button
Seat 1: 4763d02b ($5 in chips)
Seat 2: a7b07123 ($9.23 in chips)
Seat 3: 90ef3577 ($3.81 in chips)
Seat 4: 9c744b0a ($5.26 in chips)
Seat 5: Hero ($6.44 in chips)
Seat 6: 129b9390 ($5 in chips)
90ef3577: posts small blind $0.02
9c744b0a: posts big blind $0.05
*** HOLE CARDS ***
Dealt to 4763d02b 
Dealt to a7b07123 
Dealt to 90ef3577 
Dealt to 9c744b0a 
Dealt to Hero [Js Ac]
Dealt to 129b9390 
Hero: raises $0.07 to $0.12
129b9390: calls $0.12
4763d02b: folds
a7b07123: folds
90ef3577: folds
9c744b0a: folds
*** FLOP *** [6c 3h Jc]
Hero: bets $0.16
129b9390: folds
Uncalled bet ($0.16) returned to Hero
*** SHOWDOWN ***
Hero collected $0.3 from pot
*** SUMMARY ***
Total pot $0.31 | Rake $0.01 | Jackpot $0 | Bingo $0 | Fortune $0 | Tax $0
Board [6c 3h Jc]
Seat 1: 4763d02b folded before Flop (didn't bet)
Seat 2: a7b07123 (button) folded before Flop (didn't bet)
Seat 3: 90ef3577 (small blind) folded before Flop
Seat 4: 9c744b0a (big blind) folded before Flop
Seat 5: Hero won ($0.3)
Seat 6: 129b9390 folded on the Flop


Poker Hand #HD1216240982: Hold'em No Limit ($0.02/$0.05) - 2023/04/24 21:16:39
Table 'NLHBlue2' 6-max Seat #1 is the button
Seat 1: 4763d02b ($4.93 in chips)
Seat 2: a7b07123 ($9.25 in chips)
Seat 3: 90ef3577 ($3.86 in chips)
Seat 4: 9c744b0a ($5.26 in chips)
Seat 5: Hero ($6.44 in chips)
Seat 6: 129b9390 ($5 in chips)
a7b07123: posts small blind $0.02
90ef3577: posts big blind $0.05
*** HOLE CARDS ***
Dealt to 4763d02b 
Dealt to a7b07123 
Dealt to 90ef3577 
Dealt to 9c744b0a 
Dealt to Hero [7d Kc]
Dealt to 129b9390 
9c744b0a: folds
Hero: folds
129b9390: folds
4763d02b: raises $0.1 to $0.15
a7b07123: folds
90ef3577: folds
Uncalled bet ($0.1) returned to 4763d02b
*** SHOWDOWN ***
4763d02b collected $0.12 from pot
*** SUMMARY ***
Total pot $0.12 | Rake $0 | Jackpot $0 | Bingo $0 | Fortune $0 | Tax $0
Seat 1: 4763d02b (button) collected ($0.12)
Seat 2: a7b07123 (small blind) folded before Flop
Seat 3: 90ef3577 (big blind) folded before Flop
Seat 4: 9c744b0a folded before Flop (didn't bet)
Seat 5: Hero folded before Flop (didn't bet)
Seat 6: 129b9390 folded before Flop (didn't bet)


Poker Hand #HD1216240952: Hold'em No Limit ($0.02/$0.05) - 2023/04/24 21:16:19
Table 'NLHBlue2' 6-max Seat #6 is the button
Seat 1: 4763d02b ($4.95 in chips)
Seat 2: a7b07123 ($9.3 in chips)
Seat 3: 90ef3577 ($3.86 in chips)
Seat 4: 9c744b0a ($5.19 in chips)
Seat 5: Hero ($6.44 in chips)
Seat 6: 129b9390 ($5 in chips)
4763d02b: posts small blind $0.02
a7b07123: posts big blind $0.05
*** HOLE CARDS ***
Dealt to 4763d02b 
Dealt to a7b07123 
Dealt to 90ef3577 
Dealt to 9c744b0a 
Dealt to Hero [Ac 5s]
Dealt to 129b9390 
90ef3577: folds
9c744b0a: raises $0.08 to $0.13
Hero: folds
129b9390: folds
4763d02b: folds
a7b07123: folds
Uncalled bet ($0.08) returned to 9c744b0a
*** SHOWDOWN ***
9c744b0a collected $0.12 from pot
*** SUMMARY ***
Total pot $0.12 | Rake $0 | Jackpot $0 | Bingo $0 | Fortune $0 | Tax $0
Seat 1: 4763d02b (small blind) folded before Flop
Seat 2: a7b07123 (big blind) folded before Flop
Seat 3: 90ef3577 folded before Flop (didn't bet)
Seat 4: 9c744b0a collected ($0.12)
Seat 5: Hero folded before Flop (didn't bet)
Seat 6: 129b9390 (button) folded before Flop (didn't bet)


Poker Hand #HD1216240829: Hold'em No Limit ($0.02/$0.05) - 2023/04/24 21:15:10
Table 'NLHBlue2' 6-max Seat #5 is the button
Seat 1: 4763d02b ($5 in chips)
Seat 2: a7b07123 ($9.3 in chips)
Seat 3: 90ef3577 ($3.99 in chips)
Seat 4: 9c744b0a ($5 in chips)
Seat 5: Hero ($6.44 in chips)
Seat 6: 129b9390 ($5.02 in chips)
129b9390: posts small blind $0.02
4763d02b: posts big blind $0.05
*** HOLE CARDS ***
Dealt to 4763d02b 
Dealt to a7b07123 
Dealt to 90ef3577 
Dealt to 9c744b0a 
Dealt to Hero [3h 3d]
Dealt to 129b9390 
a7b07123: folds
90ef3577: raises $0.08 to $0.13
9c744b0a: calls $0.13
Hero: folds
129b9390: folds
4763d02b: folds
*** FLOP *** [5s Qh 5d]
90ef3577: checks
9c744b0a: bets $0.17
90ef3577: folds
Uncalled bet ($0.17) returned to 9c744b0a
*** SHOWDOWN ***
9c744b0a collected $0.32 from pot
*** SUMMARY ***
Total pot $0.33 | Rake $0.01 | Jackpot $0 | Bingo $0 | Fortune $0 | Tax $0
Board [5s Qh 5d]
Seat 1: 4763d02b (big blind) folded before Flop
Seat 2: a7b07123 folded before Flop (didn't bet)
Seat 3: 90ef3577 folded on the Flop
Seat 4: 9c744b0a won ($0.32)
Seat 5: Hero (button) folded before Flop (didn't bet)
Seat 6: 129b9390 (small blind) folded before Flop


Poker Hand #HD1216240810: Hold'em No Limit ($0.02/$0.05) - 2023/04/24 21:14:59
Table 'NLHBlue2' 6-max Seat #4 is the button
Seat 2: a7b07123 ($9.3 in chips)
Seat 3: 90ef3577 ($3.99 in chips)
Seat 4: 9c744b0a ($5 in chips)
Seat 5: Hero ($6.46 in chips)
Seat 6: 129b9390 ($5 in chips)
Hero: posts small blind $0.02
129b9390: posts big blind $0.05
*** HOLE CARDS ***
Dealt to a7b07123 
Dealt to 90ef3577 
Dealt to 9c744b0a 
Dealt to Hero [2c 6c]
Dealt to 129b9390 
a7b07123: folds
90ef3577: folds
9c744b0a: folds
Hero: folds
Uncalled bet ($0.03) returned to 129b9390
*** SHOWDOWN ***
129b9390 collected $0.04 from pot
*** SUMMARY ***
Total pot $0.04 | Rake $0 | Jackpot $0 | Bingo $0 | Fortune $0 | Tax $0
Seat 2: a7b07123 folded before Flop (didn't bet)
Seat 3: 90ef3577 folded before Flop (didn't bet)
Seat 4: 9c744b0a (button) folded before Flop (didn't bet)
Seat 5: Hero (small blind) folded before Flop
Seat 6: 129b9390 (big blind) collected ($0.04)


Poker Hand #HD1216240779: Hold'em No Limit ($0.02/$0.05) - 2023/04/24 21:14:45
Table 'NLHBlue2' 6-max Seat #3 is the button
Seat 1: 9e34bd45 ($4.06 in chips)
Seat 2: a7b07123 ($9.23 in chips)
Seat 3: 90ef3577 ($3.99 in chips)
Seat 4: 9c744b0a ($5 in chips)
Seat 5: Hero ($6.51 in chips)
Seat 6: 129b9390 ($5 in chips)
9c744b0a: posts small blind $0.02
Hero: posts big blind $0.05
*** HOLE CARDS ***
Dealt to 9e34bd45 
Dealt to a7b07123 
Dealt to 90ef3577 
Dealt to 9c744b0a 
Dealt to Hero [3s 5c]
Dealt to 129b9390 
129b9390: folds
9e34bd45: folds
a7b07123: raises $0.08 to $0.13
90ef3577: folds
9c744b0a: folds
Hero: folds
Uncalled bet ($0.08) returned to a7b07123
*** SHOWDOWN ***
a7b07123 collected $0.12 from pot
*** SUMMARY ***
Total pot $0.12 | Rake $0 | Jackpot $0 | Bingo $0 | Fortune $0 | Tax $0
Seat 1: 9e34bd45 folded before Flop (didn't bet)
Seat 2: a7b07123 collected ($0.12)
Seat 3: 90ef3577 (button) folded before Flop (didn't bet)
Seat 4: 9c744b0a (small blind) folded before Flop
Seat 5: Hero (big blind) folded before Flop
Seat 6: 129b9390 folded before Flop (didn't bet)


Poker Hand #HD1216240674: Hold'em No Limit ($0.02/$0.05) - 2023/04/24 21:13:47
Table 'NLHBlue2' 6-max Seat #2 is the button
Seat 1: 9e34bd45 ($2.15 in chips)
Seat 2: a7b07123 ($9.23 in chips)
Seat 3: 90ef3577 ($4.01 in chips)
Seat 4: 9c744b0a ($5.74 in chips)
Seat 5: Hero ($6.51 in chips)
Seat 6: 129b9390 ($5 in chips)
90ef3577: posts small blind $0.02
9c744b0a: posts big blind $0.05
*** HOLE CARDS ***
Dealt to 9e34bd45 
Dealt to a7b07123 
Dealt to 90ef3577 
Dealt to 9c744b0a 
Dealt to Hero [Th 3s]
Dealt to 129b9390 
Hero: folds
129b9390: folds
9e34bd45: raises $0.07 to $0.12
a7b07123: folds
90ef3577: folds
9c744b0a: calls $0.07
*** FLOP *** [2h 3d 8h]
9c744b0a: bets $0.2
9e34bd45: raises $0.5 to $0.7
9c744b0a: raises $1.25 to $1.95
9e34bd45: raises $0.08 to $2.03 and is all-in
9c744b0a: calls $0.08
9e34bd45: shows [8c Ad] (Pair of Eights)
9c744b0a: shows [Jc 8d] (Pair of Eights)
*** TURN *** [2h 3d 8h] [Kc]
*** RIVER *** [2h 3d 8h Kc] [5s]
*** SHOWDOWN ***
9e34bd45 collected $4.06 from pot
*** SUMMARY ***
Total pot $4.32 | Rake $0.21 | Jackpot $0.05 | Bingo $0 | Fortune $0 | Tax $0
Board [2h 3d 8h Kc 5s]
Seat 1: 9e34bd45 showed [8c Ad] and won ($4.06) with Pair of Eights
Seat 2: a7b07123 (button) folded before Flop (didn't bet)
Seat 3: 90ef3577 (small blind) folded before Flop
Seat 4: 9c744b0a (big blind) showed [Jc 8d] and lost with Pair of Eights
Seat 5: Hero folded before Flop (didn't bet)
Seat 6: 129b9390 folded before Flop (didn't bet)


Poker Hand #HD1216240639: Hold'em No Limit ($0.02/$0.05) - 2023/04/24 21:13:31
Table 'NLHBlue2' 6-max Seat #1 is the button
Seat 1: 9e34bd45 ($2.15 in chips)
Seat 2: a7b07123 ($9.25 in chips)
Seat 3: 90ef3577 ($4.06 in chips)
Seat 4: 9c744b0a ($5.67 in chips)
Seat 5: Hero ($6.51 in chips)
Seat 6: 129b9390 ($5 in chips)
a7b07123: posts small blind $0.02
90ef3577: posts big blind $0.05
*** HOLE CARDS ***
Dealt to 9e34bd45 
Dealt to a7b07123 
Dealt to 90ef3577 
Dealt to 9c744b0a 
Dealt to Hero [3d Tc]
Dealt to 129b9390 
9c744b0a: raises $0.08 to $0.13
Hero: folds
129b9390: folds
9e34bd45: folds
a7b07123: folds
90ef3577: folds
Uncalled bet ($0.08) returned to 9c744b0a
*** SHOWDOWN ***
9c744b0a collected $0.12 from pot
*** SUMMARY ***
Total pot $0.12 | Rake $0 | Jackpot $0 | Bingo $0 | Fortune $0 | Tax $0
Seat 1: 9e34bd45 (button) folded before Flop (didn't bet)
Seat 2: a7b07123 (small blind) folded before Flop
Seat 3: 90ef3577 (big blind) folded before Flop
Seat 4: 9c744b0a collected ($0.12)
Seat 5: Hero folded before Flop (didn't bet)
Seat 6: 129b9390 folded before Flop (didn't bet)


Poker Hand #HD1216240607: Hold'em No Limit ($0.02/$0.05) - 2023/04/24 21:13:15
Table 'NLHBlue2' 6-max Seat #6 is the button
Seat 1: 9e34bd45 ($2.17 in chips)
Seat 2: a7b07123 ($9.23 in chips)
Seat 3: 90ef3577 ($4.06 in chips)
Seat 4: 9c744b0a ($5.67 in chips)
Seat 5: Hero ($6.51 in chips)
Seat 6: 129b9390 ($5 in chips)
9e34bd45: posts small blind $0.02
a7b07123: posts big blind $0.05
*** HOLE CARDS ***
Dealt to 9e34bd45 
Dealt to a7b07123 
Dealt to 90ef3577 
Dealt to 9c744b0a 
Dealt to Hero [2c 4d]
Dealt to 129b9390 
90ef3577: folds
9c744b0a: folds
Hero: folds
129b9390: folds
9e34bd45: folds
Uncalled bet ($0.03) returned to a7b07123
*** SHOWDOWN ***
a7b07123 collected $0.04 from pot
*** SUMMARY ***
Total pot $0.04 | Rake $0 | Jackpot $0 | Bingo $0 | Fortune $0 | Tax $0
Seat 1: 9e34bd45 (small blind) folded before Flop
Seat 2: a7b07123 (big blind) collected ($0.04)
Seat 3: 90ef3577 folded before Flop (didn't bet)
Seat 4: 9c744b0a folded before Flop (didn't bet)
Seat 5: Hero folded before Flop (didn't bet)
Seat 6: 129b9390 (button) folded before Flop (didn't bet)


Poker Hand #HD1216240565: Hold'em No Limit ($0.02/$0.05) - 2023/04/24 21:12:53
Table 'NLHBlue2' 6-max Seat #5 is the button
Seat 1: 9e34bd45 ($2 in chips)
Seat 2: a7b07123 ($9.23 in chips)
Seat 3: 90ef3577 ($4.06 in chips)
Seat 4: 9c744b0a ($5.67 in chips)
Seat 5: Hero ($6.51 in chips)
Seat 6: 129b9390 ($5.02 in chips)
129b9390: posts small blind $0.02
9e34bd45: posts big blind $0.05
*** HOLE CARDS ***
Dealt to 9e34bd45 
Dealt to a7b07123 
Dealt to 90ef3577 
Dealt to 9c744b0a 
Dealt to Hero [5c 7d]
Dealt to 129b9390 
a7b07123: folds
90ef3577: folds
9c744b0a: folds
Hero: folds
129b9390: raises $0.13 to $0.18
9e34bd45: raises $0.36 to $0.54
129b9390: folds
Uncalled bet ($0.36) returned to 9e34bd45
*** SHOWDOWN ***
9e34bd45 collected $0.35 from pot
*** SUMMARY ***
Total pot $0.36 | Rake $0.01 | Jackpot $0 | Bingo $0 | Fortune $0 | Tax $0
Seat 1: 9e34bd45 (big blind) collected ($0.35)
Seat 2: a7b07123 folded before Flop (didn't bet)
Seat 3: 90ef3577 folded before Flop (didn't bet)
Seat 4: 9c744b0a folded before Flop (didn't bet)
Seat 5: Hero (button) folded before Flop (didn't bet)
Seat 6: 129b9390 (small blind) folded before Flop


Poker Hand #HD1216240533: Hold'em No Limit ($0.02/$0.05) - 2023/04/24 21:12:31
Table 'NLHBlue2' 6-max Seat #4 is the button
Seat 1: 9e34bd45 ($2 in chips)
Seat 2: a7b07123 ($9.23 in chips)
Seat 3: 90ef3577 ($4.19 in chips)
Seat 4: 9c744b0a ($5.67 in chips)
Seat 5: Hero ($6.34 in chips)
Seat 6: 129b9390 ($5.07 in chips)
Hero: posts small blind $0.02
129b9390: posts big blind $0.05
*** HOLE CARDS ***
Dealt to 9e34bd45 
Dealt to a7b07123 
Dealt to 90ef3577 
Dealt to 9c744b0a 
Dealt to Hero [Ks Kh]
Dealt to 129b9390 
9e34bd45: folds
a7b07123: folds
90ef3577: raises $0.08 to $0.13
9c744b0a: folds
Hero: raises $0.47 to $0.6
129b9390: folds
90ef3577: folds
Uncalled bet ($0.47) returned to Hero
*** SHOWDOWN ***
Hero collected $0.3 from pot
*** SUMMARY ***
Total pot $0.31 | Rake $0.01 | Jackpot $0 | Bingo $0 | Fortune $0 | Tax $0
Seat 1: 9e34bd45 folded before Flop (didn't bet)
Seat 2: a7b07123 folded before Flop (didn't bet)
Seat 3: 90ef3577 folded before Flop
Seat 4: 9c744b0a (button) folded before Flop (didn't bet)
Seat 5: Hero (small blind) collected ($0.3)
Seat 6: 129b9390 (big blind) folded before Flop


Poker Hand #HD1216240474: Hold'em No Limit ($0.02/$0.05) - 2023/04/24 21:12:00
Table 'NLHBlue2' 6-max Seat #3 is the button
Seat 1: 9e34bd45 ($2 in chips)
Seat 2: a7b07123 ($9.23 in chips)
Seat 3: 90ef3577 ($4.31 in chips)
Seat 4: 9c744b0a ($5.4 in chips)
Seat 5: Hero ($6.39 in chips)
Seat 6: 129b9390 ($5.07 in chips)
9c744b0a: posts small blind $0.02
Hero: posts big blind $0.05
*** HOLE CARDS ***
Dealt to 9e34bd45 
Dealt to a7b07123 
Dealt to 90ef3577 
Dealt to 9c744b0a 
Dealt to Hero [Qh 6s]
Dealt to 129b9390 
129b9390: folds
9e34bd45: raises $0.07 to $0.12
a7b07123: folds
90ef3577: calls $0.12
9c744b0a: calls $0.1
Hero: folds
*** FLOP *** [Td Kh 7d]
9c744b0a: checks
9e34bd45: checks
90ef3577: checks
*** TURN *** [Td Kh 7d] [2h]
9c744b0a: bets $0.21
9e34bd45: folds
90ef3577: folds
Uncalled bet ($0.21) returned to 9c744b0a
*** SHOWDOWN ***
9c744b0a collected $0.39 from pot
*** SUMMARY ***
Total pot $0.41 | Rake $0.02 | Jackpot $0 | Bingo $0 | Fortune $0 | Tax $0
Board [Td Kh 7d 2h]
Seat 1: 9e34bd45 folded on the Turn
Seat 2: a7b07123 folded before Flop (didn't bet)
Seat 3: 90ef3577 (button) folded on the Turn
Seat 4: 9c744b0a (small blind) won ($0.39)
Seat 5: Hero (big blind) folded before Flop
Seat 6: 129b9390 folded before Flop (didn't bet)


Poker Hand #HD1216240434: Hold'em No Limit ($0.02/$0.05) - 2023/04/24 21:11:40
Table 'NLHBlue2' 6-max Seat #2 is the button
Seat 1: 9e34bd45 ($2 in chips)
Seat 2: a7b07123 ($9.23 in chips)
Seat 3: 90ef3577 ($4.33 in chips)
Seat 4: 9c744b0a ($5.45 in chips)
Seat 5: Hero ($6.39 in chips)
Seat 6: 129b9390 ($5 in chips)
90ef3577: posts small blind $0.02
9c744b0a: posts big blind $0.05
*** HOLE CARDS ***
Dealt to 9e34bd45 
Dealt to a7b07123 
Dealt to 90ef3577 
Dealt to 9c744b0a 
Dealt to Hero [9d 6c]
Dealt to 129b9390 
Hero: folds
129b9390: raises $0.1 to $0.15
9e34bd45: folds
a7b07123: folds
90ef3577: folds
9c744b0a: folds
Uncalled bet ($0.1) returned to 129b9390
*** SHOWDOWN ***
129b9390 collected $0.12 from pot
*** SUMMARY ***
Total pot $0.12 | Rake $0 | Jackpot $0 | Bingo $0 | Fortune $0 | Tax $0
Seat 1: 9e34bd45 folded before Flop (didn't bet)
Seat 2: a7b07123 (button) folded before Flop (didn't bet)
Seat 3: 90ef3577 (small blind) folded before Flop
Seat 4: 9c744b0a (big blind) folded before Flop
Seat 5: Hero folded before Flop (didn't bet)
Seat 6: 129b9390 collected ($0.12)


Poker Hand #HD1216240371: Hold'em No Limit ($0.02/$0.05) - 2023/04/24 21:10:59
Table 'NLHBlue2' 6-max Seat #1 is the button
Seat 1: 9e34bd45 ($2 in chips)
Seat 2: a7b07123 ($9.25 in chips)
Seat 3: 90ef3577 ($4.67 in chips)
Seat 4: 9c744b0a ($5 in chips)
Seat 5: Hero ($6.39 in chips)
Seat 6: 129b9390 ($5.02 in chips)
a7b07123: posts small blind $0.02
90ef3577: posts big blind $0.05
*** HOLE CARDS ***
Dealt to 9e34bd45 
Dealt to a7b07123 
Dealt to 90ef3577 
Dealt to 9c744b0a 
Dealt to Hero [3h 7h]
Dealt to 129b9390 
9c744b0a: raises $0.08 to $0.13
Hero: folds
129b9390: calls $0.13
9e34bd45: folds
a7b07123: folds
90ef3577: calls $0.08
*** FLOP *** [3d 7d 4s]
90ef3577: bets $0.21
9c744b0a: calls $0.21
129b9390: folds
*** TURN *** [3d 7d 4s] [Ad]
90ef3577: checks
9c744b0a: bets $0.42
90ef3577: folds
Uncalled bet ($0.42) returned to 9c744b0a
*** SHOWDOWN ***
9c744b0a collected $0.79 from pot
*** SUMMARY ***
Total pot $0.83 | Rake $0.04 | Jackpot $0 | Bingo $0 | Fortune $0 | Tax $0
Board [3d 7d 4s Ad]
Seat 1: 9e34bd45 (button) folded before Flop (didn't bet)
Seat 2: a7b07123 (small blind) folded before Flop
Seat 3: 90ef3577 (big blind) folded on the Turn
Seat 4: 9c744b0a won ($0.79)
Seat 5: Hero folded before Flop (didn't bet)
Seat 6: 129b9390 folded on the Flop


Poker Hand #HD1216240249: Hold'em No Limit ($0.02/$0.05) - 2023/04/24 21:09:50
Table 'NLHBlue2' 6-max Seat #6 is the button
Seat 1: 9e34bd45 ($2.11 in chips)
Seat 2: a7b07123 ($7.28 in chips)
Seat 4: 9c744b0a ($5 in chips)
Seat 5: Hero ($6.51 in chips)
Seat 6: 129b9390 ($5.02 in chips)
9e34bd45: posts small blind $0.02
a7b07123: posts big blind $0.05
*** HOLE CARDS ***
Dealt to 9e34bd45 
Dealt to a7b07123 
Dealt to 9c744b0a 
Dealt to Hero [8d 8c]
Dealt to 129b9390 
9c744b0a: folds
Hero: raises $0.07 to $0.12
129b9390: folds
9e34bd45: raises $0.24 to $0.36
a7b07123: raises $0.64 to $1
Hero: folds
9e34bd45: raises $1.11 to $2.11 and is all-in
a7b07123: calls $1.11
9e34bd45: shows [Ah Kc]
a7b07123: shows [Jd Js]
*** FLOP *** [5s Tc 7h]
*** TURN *** [5s Tc 7h] [Td]
*** RIVER *** [5s Tc 7h Td] [9h]
*** SHOWDOWN ***
a7b07123 collected $4.08 from pot
*** SUMMARY ***
Total pot $4.34 | Rake $0.21 | Jackpot $0.05 | Bingo $0 | Fortune $0 | Tax $0
Board [5s Tc 7h Td 9h]
Seat 1: 9e34bd45 (small blind) showed [Ah Kc] and lost with Pair of Tens
Seat 2: a7b07123 (big blind) showed [Jd Js] and won ($4.08) with Pair of Jacks and Pair of Tens
Seat 4: 9c744b0a folded before Flop (didn't bet)
Seat 5: Hero folded before Flop
Seat 6: 129b9390 (button) folded before Flop (didn't bet)


Poker Hand #HD1216240213: Hold'em No Limit ($0.02/$0.05) - 2023/04/24 21:09:32
Table 'NLHBlue2' 6-max Seat #5 is the button
Seat 1: 9e34bd45 ($2.09 in chips)
Seat 2: a7b07123 ($7.28 in chips)
Seat 4: 9c744b0a ($5 in chips)
Seat 5: Hero ($6.51 in chips)
Seat 6: 129b9390 ($5.04 in chips)
129b9390: posts small blind $0.02
9e34bd45: posts big blind $0.05
*** HOLE CARDS ***
Dealt to 9e34bd45 
Dealt to a7b07123 
Dealt to 9c744b0a 
Dealt to Hero [6d 2c]
Dealt to 129b9390 
a7b07123: folds
9c744b0a: folds
Hero: folds
129b9390: folds
Uncalled bet ($0.03) returned to 9e34bd45
*** SHOWDOWN ***
9e34bd45 collected $0.04 from pot
*** SUMMARY ***
Total pot $0.04 | Rake $0 | Jackpot $0 | Bingo $0 | Fortune $0 | Tax $0
Seat 1: 9e34bd45 (big blind) collected ($0.04)
Seat 2: a7b07123 folded before Flop (didn't bet)
Seat 4: 9c744b0a folded before Flop (didn't bet)
Seat 5: Hero (button) folded before Flop (didn't bet)
Seat 6: 129b9390 (small blind) folded before Flop


Poker Hand #HD1216240106: Hold'em No Limit ($0.02/$0.05) - 2023/04/24 21:08:38
Table 'NLHBlue2' 6-max Seat #4 is the button
Seat 1: 9e34bd45 ($2.09 in chips)
Seat 2: a7b07123 ($6.98 in chips)
Seat 3: 90ef3577 ($4.67 in chips)
Seat 4: 9c744b0a ($5 in chips)
Seat 5: Hero ($6.53 in chips)
Seat 6: 129b9390 ($5.19 in chips)
Hero: posts small blind $0.02
129b9390: posts big blind $0.05
*** HOLE CARDS ***
Dealt to 9e34bd45 
Dealt to a7b07123 
Dealt to 90ef3577 
Dealt to 9c744b0a 
Dealt to Hero [Kh 3s]
Dealt to 129b9390 
9e34bd45: folds
a7b07123: raises $0.1 to $0.15
90ef3577: folds
9c744b0a: calls $0.15
Hero: folds
129b9390: calls $0.1
*** FLOP *** [Qd 5d Ac]
129b9390: checks
a7b07123: checks
9c744b0a: checks
*** TURN *** [Qd 5d Ac] [5s]
129b9390: checks
a7b07123: bets $0.16
9c744b0a: folds
129b9390: folds
Uncalled bet ($0.16) returned to a7b07123
*** SHOWDOWN ***
a7b07123 collected $0.45 from pot
*** SUMMARY ***
Total pot $0.47 | Rake $0.02 | Jackpot $0 | Bingo $0 | Fortune $0 | Tax $0
Board [Qd 5d Ac 5s]
Seat 1: 9e34bd45 folded before Flop (didn't bet)
Seat 2: a7b07123 won ($0.45)
Seat 3: 90ef3577 folded before Flop (didn't bet)
Seat 4: 9c744b0a (button) folded on the Turn
Seat 5: Hero (small blind) folded before Flop
Seat 6: 129b9390 (big blind) folded on the Turn


Poker Hand #HD1216240024: Hold'em No Limit ($0.02/$0.05) - 2023/04/24 21:07:56
Table 'NLHBlue2' 6-max Seat #3 is the button
Seat 1: 9e34bd45 ($2.09 in chips)
Seat 2: a7b07123 ($6.98 in chips)
Seat 3: 90ef3577 ($5.25 in chips)
Seat 4: 9c744b0a ($5 in chips)
Seat 5: Hero ($5.98 in chips)
Seat 6: 129b9390 ($5.19 in chips)
9c744b0a: posts small blind $0.02
Hero: posts big blind $0.05
*** HOLE CARDS ***
Dealt to 9e34bd45 
Dealt to a7b07123 
Dealt to 90ef3577 
Dealt to 9c744b0a 
Dealt to Hero [Jc Qd]
Dealt to 129b9390 
129b9390: folds
9e34bd45: folds
a7b07123: folds
90ef3577: raises $0.08 to $0.13
9c744b0a: folds
Hero: calls $0.08
*** FLOP *** [Ad 4c Th]
Hero: checks
90ef3577: bets $0.15
Hero: calls $0.15
*** TURN *** [Ad 4c Th] [Qh]
Hero: checks
90ef3577: bets $0.3
Hero: calls $0.3
*** RIVER *** [Ad 4c Th Qh] [Kc]
Hero: bets $0.59
90ef3577: folds
Uncalled bet ($0.59) returned to Hero
*** SHOWDOWN ***
Hero collected $1.13 from pot
*** SUMMARY ***
Total pot $1.18 | Rake $0.05 | Jackpot $0 | Bingo $0 | Fortune $0 | Tax $0
Board [Ad 4c Th Qh Kc]
Seat 1: 9e34bd45 folded before Flop (didn't bet)
Seat 2: a7b07123 folded before Flop (didn't bet)
Seat 3: 90ef3577 (button) folded on the River
Seat 4: 9c744b0a (small blind) folded before Flop
Seat 5: Hero (big blind) won ($1.13)
Seat 6: 129b9390 folded before Flop (didn't bet)


Poker Hand #HD1216239904: Hold'em No Limit ($0.02/$0.05) - 2023/04/24 21:06:49
Table 'NLHBlue2' 6-max Seat #2 is the button
Seat 1: 9e34bd45 ($2.09 in chips)
Seat 2: a7b07123 ($7.23 in chips)
Seat 3: 90ef3577 ($4.97 in chips)
Seat 4: 9c744b0a ($5 in chips)
Seat 5: Hero ($5.98 in chips)
Seat 6: 129b9390 ($5.19 in chips)
90ef3577: posts small blind $0.02
9c744b0a: posts big blind $0.05
*** HOLE CARDS ***
Dealt to 9e34bd45 
Dealt to a7b07123 
Dealt to 90ef3577 
Dealt to 9c744b0a 
Dealt to Hero [6d 5h]
Dealt to 129b9390 
Hero: folds
129b9390: folds
9e34bd45: folds
a7b07123: raises $0.08 to $0.13
90ef3577: calls $0.11
9c744b0a: folds
*** FLOP *** [Qc 3h 9c]
90ef3577: checks
a7b07123: bets $0.12
90ef3577: calls $0.12
*** TURN *** [Qc 3h 9c] [Ts]
90ef3577: checks
a7b07123: checks
*** RIVER *** [Qc 3h 9c Ts] [2c]
90ef3577: checks
a7b07123: checks
90ef3577: shows [9s Js] (Pair of Nines)
a7b07123: shows [Ad 5c] (Ace-High)
*** SHOWDOWN ***
90ef3577 collected $0.53 from pot
*** SUMMARY ***
Total pot $0.55 | Rake $0.02 | Jackpot $0 | Bingo $0 | Fortune $0 | Tax $0
Board [Qc 3h 9c Ts 2c]
Seat 1: 9e34bd45 folded before Flop (didn't bet)
Seat 2: a7b07123 (button) showed [Ad 5c] and lost with Ace-High
Seat 3: 90ef3577 (small blind) showed [9s Js] and won ($0.53) with Pair of Nines
Seat 4: 9c744b0a (big blind) folded before Flop
Seat 5: Hero folded before Flop (didn't bet)
Seat 6: 129b9390 folded before Flop (didn't bet)


Poker Hand #HD1216239853: Hold'em No Limit ($0.02/$0.05) - 2023/04/24 21:06:23
Table 'NLHBlue2' 6-max Seat #1 is the button
Seat 1: 9e34bd45 ($1.98 in chips)
Seat 2: a7b07123 ($7.25 in chips)
Seat 3: 90ef3577 ($5.07 in chips)
Seat 5: Hero ($5.98 in chips)
Seat 6: 129b9390 ($5.19 in chips)
a7b07123: posts small blind $0.02
90ef3577: posts big blind $0.05
*** HOLE CARDS ***
Dealt to 9e34bd45 
Dealt to a7b07123 
Dealt to 90ef3577 
Dealt to Hero [Qc 8h]
Dealt to 129b9390 
Hero: folds
129b9390: folds
9e34bd45: raises $0.05 to $0.1
a7b07123: folds
90ef3577: calls $0.05
*** FLOP *** [Ad 3h Qh]
90ef3577: checks
9e34bd45: bets $0.12
90ef3577: folds
Uncalled bet ($0.12) returned to 9e34bd45
*** SHOWDOWN ***
9e34bd45 collected $0.21 from pot
*** SUMMARY ***
Total pot $0.22 | Rake $0.01 | Jackpot $0 | Bingo $0 | Fortune $0 | Tax $0
Board [Ad 3h Qh]
Seat 1: 9e34bd45 (button) won ($0.21)
Seat 2: a7b07123 (small blind) folded before Flop
Seat 3: 90ef3577 (big blind) folded on the Flop
Seat 5: Hero folded before Flop (didn't bet)
Seat 6: 129b9390 folded before Flop (didn't bet)


Poker Hand #HD1216239799: Hold'em No Limit ($0.02/$0.05) - 2023/04/24 21:05:57
Table 'NLHBlue2' 6-max Seat #6 is the button
Seat 1: 9e34bd45 ($2 in chips)
Seat 2: a7b07123 ($7.3 in chips)
Seat 3: 90ef3577 ($5 in chips)
Seat 5: Hero ($5.98 in chips)
Seat 6: 129b9390 ($5.19 in chips)
9e34bd45: posts small blind $0.02
a7b07123: posts big blind $0.05
*** HOLE CARDS ***
Dealt to 9e34bd45 
Dealt to a7b07123 
Dealt to 90ef3577 
Dealt to Hero [3d 2h]
Dealt to 129b9390 
90ef3577: raises $0.08 to $0.13
Hero: folds
129b9390: folds
9e34bd45: folds
a7b07123: folds
Uncalled bet ($0.08) returned to 90ef3577
*** SHOWDOWN ***
90ef3577 collected $0.12 from pot
*** SUMMARY ***
Total pot $0.12 | Rake $0 | Jackpot $0 | Bingo $0 | Fortune $0 | Tax $0
Seat 1: 9e34bd45 (small blind) folded before Flop
Seat 2: a7b07123 (big blind) folded before Flop
Seat 3: 90ef3577 collected ($0.12)
Seat 5: Hero folded before Flop (didn't bet)
Seat 6: 129b9390 (button) folded before Flop (didn't bet)


Poker Hand #HD1216239765: Hold'em No Limit ($0.02/$0.05) - 2023/04/24 21:05:37
Table 'NLHBlue2' 6-max Seat #5 is the button
Seat 1: 9e34bd45 ($2 in chips)
Seat 2: a7b07123 ($7.3 in chips)
Seat 3: 90ef3577 ($5.13 in chips)
Seat 5: Hero ($5.98 in chips)
Seat 6: 129b9390 ($5.02 in chips)
129b9390: posts small blind $0.02
9e34bd45: posts big blind $0.05
*** HOLE CARDS ***
Dealt to 9e34bd45 
Dealt to a7b07123 
Dealt to 90ef3577 
Dealt to Hero [9s 6h]
Dealt to 129b9390 
a7b07123: folds
90ef3577: raises $0.08 to $0.13
Hero: folds
129b9390: raises $0.27 to $0.4
9e34bd45: folds
90ef3577: folds
Uncalled bet ($0.27) returned to 129b9390
*** SHOWDOWN ***
129b9390 collected $0.3 from pot
*** SUMMARY ***
Total pot $0.31 | Rake $0.01 | Jackpot $0 | Bingo $0 | Fortune $0 | Tax $0
Seat 1: 9e34bd45 (big blind) folded before Flop
Seat 2: a7b07123 folded before Flop (didn't bet)
Seat 3: 90ef3577 folded before Flop
Seat 5: Hero (button) folded before Flop (didn't bet)
Seat 6: 129b9390 (small blind) collected ($0.3)


Poker Hand #HD1216239727: Hold'em No Limit ($0.02/$0.05) - 2023/04/24 21:05:19
Table 'NLHBlue2' 6-max Seat #3 is the button
Seat 1: 9e34bd45 ($2 in chips)
Seat 2: a7b07123 ($7.3 in chips)
Seat 3: 90ef3577 ($5.13 in chips)
Seat 5: Hero ($5.93 in chips)
Seat 6: 129b9390 ($5.07 in chips)
Hero: posts small blind $0.02
129b9390: posts big blind $0.05
*** HOLE CARDS ***
Dealt to 9e34bd45 
Dealt to a7b07123 
Dealt to 90ef3577 
Dealt to Hero [7c 7h]
Dealt to 129b9390 
9e34bd45: folds
a7b07123: folds
90ef3577: folds
Hero: raises $0.09 to $0.14
129b9390: folds
Uncalled bet ($0.09) returned to Hero
*** SHOWDOWN ***
Hero collected $0.1 from pot
*** SUMMARY ***
Total pot $0.1 | Rake $0 | Jackpot $0 | Bingo $0 | Fortune $0 | Tax $0
Seat 1: 9e34bd45 folded before Flop (didn't bet)
Seat 2: a7b07123 folded before Flop (didn't bet)
Seat 3: 90ef3577 (button) folded before Flop (didn't bet)
Seat 5: Hero (small blind) collected ($0.1)
Seat 6: 129b9390 (big blind) folded before Flop


Poker Hand #HD1216239705: Hold'em No Limit ($0.02/$0.05) - 2023/04/24 21:05:09
Table 'NLHBlue2' 6-max Seat #2 is the button
Seat 1: 9e34bd45 ($2 in chips)
Seat 2: a7b07123 ($7.23 in chips)
Seat 3: 90ef3577 ($5.15 in chips)
Seat 5: Hero ($5.98 in chips)
Seat 6: 129b9390 ($5.07 in chips)
90ef3577: posts small blind $0.02
Hero: posts big blind $0.05
*** HOLE CARDS ***
Dealt to 9e34bd45 
Dealt to a7b07123 
Dealt to 90ef3577 
Dealt to Hero [8h Qd]
Dealt to 129b9390 
129b9390: folds
9e34bd45: folds
a7b07123: raises $0.08 to $0.13
90ef3577: folds
Hero: folds
Uncalled bet ($0.08) returned to a7b07123
*** SHOWDOWN ***
a7b07123 collected $0.12 from pot
*** SUMMARY ***
Total pot $0.12 | Rake $0 | Jackpot $0 | Bingo $0 | Fortune $0 | Tax $0
Seat 1: 9e34bd45 folded before Flop (didn't bet)
Seat 2: a7b07123 (button) collected ($0.12)
Seat 3: 90ef3577 (small blind) folded before Flop
Seat 5: Hero (big blind) folded before Flop
Seat 6: 129b9390 folded before Flop (didn't bet)


Poker Hand #HD1216239617: Hold'em No Limit ($0.02/$0.05) - 2023/04/24 21:04:22
Table 'NLHBlue2' 6-max Seat #1 is the button
Seat 1: 9e34bd45 ($2.78 in chips)
Seat 2: a7b07123 ($7.25 in chips)
Seat 3: 90ef3577 ($4.18 in chips)
Seat 4: 86ede633 ($5 in chips)
Seat 5: Hero ($5.98 in chips)
Seat 6: 129b9390 ($5.07 in chips)
a7b07123: posts small blind $0.02
90ef3577: posts big blind $0.05
*** HOLE CARDS ***
Dealt to 9e34bd45 
Dealt to a7b07123 
Dealt to 90ef3577 
Dealt to 86ede633 
Dealt to Hero [Jh 6c]
Dealt to 129b9390 
86ede633: folds
Hero: folds
129b9390: folds
9e34bd45: raises $0.05 to $0.1
a7b07123: folds
90ef3577: raises $0.22 to $0.32
9e34bd45: calls $0.22
*** FLOP *** [4d 6d 3h]
90ef3577: bets $0.34
9e34bd45: raises $0.45 to $0.79
90ef3577: calls $0.45
*** TURN *** [4d 6d 3h] [4c]
90ef3577: bets $0.74
9e34bd45: folds
Uncalled bet ($0.74) returned to 90ef3577
*** SHOWDOWN ***
90ef3577 collected $2.08 from pot
*** SUMMARY ***
Total pot $2.24 | Rake $0.11 | Jackpot $0.05 | Bingo $0 | Fortune $0 | Tax $0
Board [4d 6d 3h 4c]
Seat 1: 9e34bd45 (button) folded on the Turn
Seat 2: a7b07123 (small blind) folded before Flop
Seat 3: 90ef3577 (big blind) won ($2.08)
Seat 4: 86ede633 folded before Flop (didn't bet)
Seat 5: Hero folded before Flop (didn't bet)
Seat 6: 129b9390 folded before Flop (didn't bet)


Poker Hand #HD1216239583: Hold'em No Limit ($0.02/$0.05) - 2023/04/24 21:04:03
Table 'NLHBlue2' 6-max Seat #6 is the button
Seat 1: 9e34bd45 ($2.8 in chips)
Seat 2: a7b07123 ($7.3 in chips)
Seat 3: 90ef3577 ($4.18 in chips)
Seat 4: 86ede633 ($5 in chips)
Seat 5: Hero ($5.98 in chips)
Seat 6: 129b9390 ($5 in chips)
9e34bd45: posts small blind $0.02
a7b07123: posts big blind $0.05
*** HOLE CARDS ***
Dealt to 9e34bd45 
Dealt to a7b07123 
Dealt to 90ef3577 
Dealt to 86ede633 
Dealt to Hero [Qs 2s]
Dealt to 129b9390 
90ef3577: folds
86ede633: folds
Hero: folds
129b9390: raises $0.1 to $0.15
9e34bd45: folds
a7b07123: folds
Uncalled bet ($0.1) returned to 129b9390
*** SHOWDOWN ***
129b9390 collected $0.12 from pot
*** SUMMARY ***
Total pot $0.12 | Rake $0 | Jackpot $0 | Bingo $0 | Fortune $0 | Tax $0
Seat 1: 9e34bd45 (small blind) folded before Flop
Seat 2: a7b07123 (big blind) folded before Flop
Seat 3: 90ef3577 folded before Flop (didn't bet)
Seat 4: 86ede633 folded before Flop (didn't bet)
Seat 5: Hero folded before Flop (didn't bet)
Seat 6: 129b9390 (button) collected ($0.12)


Poker Hand #HD1216239434: Hold'em No Limit ($0.02/$0.05) - 2023/04/24 21:02:39
Table 'NLHBlue2' 6-max Seat #5 is the button
Seat 1: 9e34bd45 ($2.85 in chips)
Seat 2: a7b07123 ($5.75 in chips)
Seat 3: 90ef3577 ($4.18 in chips)
Seat 4: 86ede633 ($6.15 in chips)
Seat 5: Hero ($5.98 in chips)
Seat 6: 129b9390 ($5 in chips)
129b9390: posts small blind $0.02
9e34bd45: posts big blind $0.05
*** HOLE CARDS ***
Dealt to 9e34bd45 
Dealt to a7b07123 
Dealt to 90ef3577 
Dealt to 86ede633 
Dealt to Hero [Qc 2d]
Dealt to 129b9390 
a7b07123: raises $0.1 to $0.15
90ef3577: folds
86ede633: raises $0.3 to $0.45
Hero: folds
129b9390: folds
9e34bd45: folds
a7b07123: raises $0.55 to $1
86ede633: calls $0.55
*** FLOP *** [Kd 9d 7c]
a7b07123: checks
86ede633: checks
*** TURN *** [Kd 9d 7c] [9s]
a7b07123: bets $0.7
86ede633: calls $0.7
*** RIVER *** [Kd 9d 7c 9s] [Qh]
a7b07123: checks
86ede633: checks
a7b07123: shows [Ad Kh] (Pair of Kings and Pair of Nines)
86ede633: shows [Ah Qs] (Pair of Queens and Pair of Nines)
*** SHOWDOWN ***
a7b07123 collected $3.25 from pot
*** SUMMARY ***
Total pot $3.47 | Rake $0.17 | Jackpot $0.05 | Bingo $0 | Fortune $0 | Tax $0
Board [Kd 9d 7c 9s Qh]
Seat 1: 9e34bd45 (big blind) folded before Flop
Seat 2: a7b07123 showed [Ad Kh] and won ($3.25) with Pair of Kings and Pair of Nines
Seat 3: 90ef3577 folded before Flop (didn't bet)
Seat 4: 86ede633 showed [Ah Qs] and lost with Pair of Queens and Pair of Nines
Seat 5: Hero (button) folded before Flop (didn't bet)
Seat 6: 129b9390 (small blind) folded before Flop


Poker Hand #HD1216239347: Hold'em No Limit ($0.02/$0.05) - 2023/04/24 21:01:58
Table 'NLHBlue2' 6-max Seat #4 is the button
Seat 1: 9e34bd45 ($2.85 in chips)
Seat 2: a7b07123 ($5.75 in chips)
Seat 3: 90ef3577 ($4.78 in chips)
Seat 4: 86ede633 ($6.15 in chips)
Seat 5: Hero ($5.39 in chips)
Seat 6: 129b9390 ($5 in chips)
Hero: posts small blind $0.02
129b9390: posts big blind $0.05
*** HOLE CARDS ***
Dealt to 9e34bd45 
Dealt to a7b07123 
Dealt to 90ef3577 
Dealt to 86ede633 
Dealt to Hero [Kh Ac]
Dealt to 129b9390 
9e34bd45: folds
a7b07123: folds
90ef3577: raises $0.08 to $0.13
86ede633: folds
Hero: raises $0.47 to $0.6
129b9390: folds
90ef3577: calls $0.47
*** FLOP *** [6d Qs 4c]
Hero: checks
90ef3577: checks
*** TURN *** [6d Qs 4c] [3c]
Hero: checks
90ef3577: checks
*** RIVER *** [6d Qs 4c 3c] [Qh]
Hero: checks
90ef3577: checks
Hero: shows [Kh Ac] (Pair of Queens)
90ef3577: shows [Td 9d] (Pair of Queens)
*** SHOWDOWN ***
Hero collected $1.19 from pot
*** SUMMARY ***
Total pot $1.25 | Rake $0.06 | Jackpot $0 | Bingo $0 | Fortune $0 | Tax $0
Board [6d Qs 4c 3c Qh]
Seat 1: 9e34bd45 folded before Flop (didn't bet)
Seat 2: a7b07123 folded before Flop (didn't bet)
Seat 3: 90ef3577 showed [Td 9d] and lost with Pair of Queens
Seat 4: 86ede633 (button) folded before Flop (didn't bet)
Seat 5: Hero (small blind) showed [Kh Ac] and won ($1.19) with Pair of Queens
Seat 6: 129b9390 (big blind) folded before Flop


Poker Hand #HD1216239315: Hold'em No Limit ($0.02/$0.05) - 2023/04/24 21:01:42
Table 'NLHBlue2' 6-max Seat #3 is the button
Seat 1: 9e34bd45 ($2.85 in chips)
Seat 2: a7b07123 ($5.68 in chips)
Seat 3: 90ef3577 ($4.78 in chips)
Seat 4: 86ede633 ($6.17 in chips)
Seat 5: Hero ($5.44 in chips)
Seat 6: 129b9390 ($5 in chips)
86ede633: posts small blind $0.02
Hero: posts big blind $0.05
*** HOLE CARDS ***
Dealt to 9e34bd45 
Dealt to a7b07123 
Dealt to 90ef3577 
Dealt to 86ede633 
Dealt to Hero [4s Jh]
Dealt to 129b9390 
129b9390: folds
9e34bd45: folds
a7b07123: raises $0.08 to $0.13
90ef3577: folds
86ede633: folds
Hero: folds
Uncalled bet ($0.08) returned to a7b07123
*** SHOWDOWN ***
a7b07123 collected $0.12 from pot
*** SUMMARY ***
Total pot $0.12 | Rake $0 | Jackpot $0 | Bingo $0 | Fortune $0 | Tax $0
Seat 1: 9e34bd45 folded before Flop (didn't bet)
Seat 2: a7b07123 collected ($0.12)
Seat 3: 90ef3577 (button) folded before Flop (didn't bet)
Seat 4: 86ede633 (small blind) folded before Flop
Seat 5: Hero (big blind) folded before Flop
Seat 6: 129b9390 folded before Flop (didn't bet)


Poker Hand #HD1216239266: Hold'em No Limit ($0.02/$0.05) - 2023/04/24 21:01:15
Table 'NLHBlue2' 6-max Seat #2 is the button
Seat 1: 9e34bd45 ($2.85 in chips)
Seat 2: a7b07123 ($5.54 in chips)
Seat 3: 90ef3577 ($4.8 in chips)
Seat 4: 86ede633 ($6.3 in chips)
Seat 5: Hero ($5.44 in chips)
Seat 6: 129b9390 ($5 in chips)
90ef3577: posts small blind $0.02
86ede633: posts big blind $0.05
*** HOLE CARDS ***
Dealt to 9e34bd45 
Dealt to a7b07123 
Dealt to 90ef3577 
Dealt to 86ede633 
Dealt to Hero [4c Qc]
Dealt to 129b9390 
Hero: folds
129b9390: folds
9e34bd45: folds
a7b07123: raises $0.08 to $0.13
90ef3577: folds
86ede633: calls $0.08
*** FLOP *** [6d 7s Tc]
86ede633: checks
a7b07123: bets $0.1
86ede633: folds
Uncalled bet ($0.1) returned to a7b07123
*** SHOWDOWN ***
a7b07123 collected $0.27 from pot
*** SUMMARY ***
Total pot $0.28 | Rake $0.01 | Jackpot $0 | Bingo $0 | Fortune $0 | Tax $0
Board [6d 7s Tc]
Seat 1: 9e34bd45 folded before Flop (didn't bet)
Seat 2: a7b07123 (button) won ($0.27)
Seat 3: 90ef3577 (small blind) folded before Flop
Seat 4: 86ede633 (big blind) folded on the Flop
Seat 5: Hero folded before Flop (didn't bet)
Seat 6: 129b9390 folded before Flop (didn't bet)


Poker Hand #HD1216239227: Hold'em No Limit ($0.02/$0.05) - 2023/04/24 21:00:57
Table 'NLHBlue2' 6-max Seat #1 is the button
Seat 1: 9e34bd45 ($2.85 in chips)
Seat 2: a7b07123 ($5.49 in chips)
Seat 3: 90ef3577 ($4.85 in chips)
Seat 4: 86ede633 ($6.3 in chips)
Seat 5: Hero ($5.44 in chips)
Seat 6: 129b9390 ($5 in chips)
a7b07123: posts small blind $0.02
90ef3577: posts big blind $0.05
*** HOLE CARDS ***
Dealt to 9e34bd45 
Dealt to a7b07123 
Dealt to 90ef3577 
Dealt to 86ede633 
Dealt to Hero [Td 9h]
Dealt to 129b9390 
86ede633: folds
Hero: folds
129b9390: folds
9e34bd45: folds
a7b07123: raises $0.1 to $0.15
90ef3577: folds
Uncalled bet ($0.1) returned to a7b07123
*** SHOWDOWN ***
a7b07123 collected $0.1 from pot
*** SUMMARY ***
Total pot $0.1 | Rake $0 | Jackpot $0 | Bingo $0 | Fortune $0 | Tax $0
Seat 1: 9e34bd45 (button) folded before Flop (didn't bet)
Seat 2: a7b07123 (small blind) collected ($0.1)
Seat 3: 90ef3577 (big blind) folded before Flop
Seat 4: 86ede633 folded before Flop (didn't bet)
Seat 5: Hero folded before Flop (didn't bet)
Seat 6: 129b9390 folded before Flop (didn't bet)


Poker Hand #HD1216239206: Hold'em No Limit ($0.02/$0.05) - 2023/04/24 21:00:47
Table 'NLHBlue2' 6-max Seat #6 is the button
Seat 1: 9e34bd45 ($2.87 in chips)
Seat 2: a7b07123 ($5.47 in chips)
Seat 3: 90ef3577 ($4.85 in chips)
Seat 4: 86ede633 ($6.3 in chips)
Seat 5: Hero ($5.44 in chips)
Seat 6: 129b9390 ($5 in chips)
9e34bd45: posts small blind $0.02
a7b07123: posts big blind $0.05
*** HOLE CARDS ***
Dealt to 9e34bd45 
Dealt to a7b07123 
Dealt to 90ef3577 
Dealt to 86ede633 
Dealt to Hero [8d 4h]
Dealt to 129b9390 
90ef3577: folds
86ede633: folds
Hero: folds
129b9390: folds
9e34bd45: folds
Uncalled bet ($0.03) returned to a7b07123
*** SHOWDOWN ***
a7b07123 collected $0.04 from pot
*** SUMMARY ***
Total pot $0.04 | Rake $0 | Jackpot $0 | Bingo $0 | Fortune $0 | Tax $0
Seat 1: 9e34bd45 (small blind) folded before Flop
Seat 2: a7b07123 (big blind) collected ($0.04)
Seat 3: 90ef3577 folded before Flop (didn't bet)
Seat 4: 86ede633 folded before Flop (didn't bet)
Seat 5: Hero folded before Flop (didn't bet)
Seat 6: 129b9390 (button) folded before Flop (didn't bet)


Poker Hand #HD1216239135: Hold'em No Limit ($0.02/$0.05) - 2023/04/24 21:00:14
Table 'NLHBlue2' 6-max Seat #5 is the button
Seat 1: 9e34bd45 ($2.92 in chips)
Seat 2: a7b07123 ($5.28 in chips)
Seat 3: 90ef3577 ($4.85 in chips)
Seat 4: 86ede633 ($6.3 in chips)
Seat 5: Hero ($5.44 in chips)
Seat 6: 129b9390 ($5 in chips)
129b9390: posts small blind $0.02
9e34bd45: posts big blind $0.05
*** HOLE CARDS ***
Dealt to 9e34bd45 
Dealt to a7b07123 
Dealt to 90ef3577 
Dealt to 86ede633 
Dealt to Hero [Td Qh]
Dealt to 129b9390 
a7b07123: raises $0.1 to $0.15
90ef3577: folds
86ede633: folds
Hero: folds
129b9390: calls $0.13
9e34bd45: folds
*** FLOP *** [2d 7s 9s]
129b9390: checks
a7b07123: bets $0.12
129b9390: folds
Uncalled bet ($0.12) returned to a7b07123
*** SHOWDOWN ***
a7b07123 collected $0.34 from pot
*** SUMMARY ***
Total pot $0.35 | Rake $0.01 | Jackpot $0 | Bingo $0 | Fortune $0 | Tax $0
Board [2d 7s 9s]
Seat 1: 9e34bd45 (big blind) folded before Flop
Seat 2: a7b07123 won ($0.34)
Seat 3: 90ef3577 folded before Flop (didn't bet)
Seat 4: 86ede633 folded before Flop (didn't bet)
Seat 5: Hero (button) folded before Flop (didn't bet)
Seat 6: 129b9390 (small blind) folded on the Flop


Poker Hand #HD1216239067: Hold'em No Limit ($0.02/$0.05) - 2023/04/24 20:59:41
Table 'NLHBlue2' 6-max Seat #4 is the button
Seat 1: 9e34bd45 ($2.92 in chips)
Seat 2: a7b07123 ($5.28 in chips)
Seat 3: 90ef3577 ($4.85 in chips)
Seat 4: 86ede633 ($6.16 in chips)
Seat 5: Hero ($5.46 in chips)
Seat 6: 129b9390 ($5 in chips)
Hero: posts small blind $0.02
129b9390: posts big blind $0.05
*** HOLE CARDS ***
Dealt to 9e34bd45 
Dealt to a7b07123 
Dealt to 90ef3577 
Dealt to 86ede633 
Dealt to Hero [Kc 6h]
Dealt to 129b9390 
9e34bd45: folds
a7b07123: folds
90ef3577: folds
86ede633: raises $0.08 to $0.13
Hero: folds
129b9390: calls $0.08
*** FLOP *** [As 8h Kd]
129b9390: checks
86ede633: bets $0.21
129b9390: folds
Uncalled bet ($0.21) returned to 86ede633
*** SHOWDOWN ***
86ede633 collected $0.27 from pot
*** SUMMARY ***
Total pot $0.28 | Rake $0.01 | Jackpot $0 | Bingo $0 | Fortune $0 | Tax $0
Board [As 8h Kd]
Seat 1: 9e34bd45 folded before Flop (didn't bet)
Seat 2: a7b07123 folded before Flop (didn't bet)
Seat 3: 90ef3577 folded before Flop (didn't bet)
Seat 4: 86ede633 (button) won ($0.27)
Seat 5: Hero (small blind) folded before Flop
Seat 6: 129b9390 (big blind) folded on the Flop


Poker Hand #HD1216239041: Hold'em No Limit ($0.02/$0.05) - 2023/04/24 20:59:25
Table 'NLHBlue2' 6-max Seat #3 is the button
Seat 1: 9e34bd45 ($2.92 in chips)
Seat 2: a7b07123 ($5.21 in chips)
Seat 3: 90ef3577 ($4.85 in chips)
Seat 4: 86ede633 ($6.18 in chips)
Seat 5: Hero ($5.51 in chips)
Seat 6: 129b9390 ($5 in chips)
86ede633: posts small blind $0.02
Hero: posts big blind $0.05
*** HOLE CARDS ***
Dealt to 9e34bd45 
Dealt to a7b07123 
Dealt to 90ef3577 
Dealt to 86ede633 
Dealt to Hero [5h Th]
Dealt to 129b9390 
129b9390: folds
9e34bd45: folds
a7b07123: raises $0.08 to $0.13
90ef3577: folds
86ede633: folds
Hero: folds
Uncalled bet ($0.08) returned to a7b07123
*** SHOWDOWN ***
a7b07123 collected $0.12 from pot
*** SUMMARY ***
Total pot $0.12 | Rake $0 | Jackpot $0 | Bingo $0 | Fortune $0 | Tax $0
Seat 1: 9e34bd45 folded before Flop (didn't bet)
Seat 2: a7b07123 collected ($0.12)
Seat 3: 90ef3577 (button) folded before Flop (didn't bet)
Seat 4: 86ede633 (small blind) folded before Flop
Seat 5: Hero (big blind) folded before Flop
Seat 6: 129b9390 folded before Flop (didn't bet)


Poker Hand #HD1216238974: Hold'em No Limit ($0.02/$0.05) - 2023/04/24 20:58:54
Table 'NLHBlue2' 6-max Seat #2 is the button
Seat 1: 9e34bd45 ($2.92 in chips)
Seat 2: a7b07123 ($5 in chips)
Seat 3: 90ef3577 ($4.87 in chips)
Seat 4: 86ede633 ($6.23 in chips)
Seat 5: Hero ($5.51 in chips)
Seat 6: 129b9390 ($5.07 in chips)
90ef3577: posts small blind $0.02
86ede633: posts big blind $0.05
*** HOLE CARDS ***
Dealt to 9e34bd45 
Dealt to a7b07123 
Dealt to 90ef3577 
Dealt to 86ede633 
Dealt to Hero [4h 2h]
Dealt to 129b9390 
Hero: folds
129b9390: raises $0.1 to $0.15
9e34bd45: folds
a7b07123: raises $0.31 to $0.46
90ef3577: folds
86ede633: folds
129b9390: folds
Uncalled bet ($0.31) returned to a7b07123
*** SHOWDOWN ***
a7b07123 collected $0.36 from pot
*** SUMMARY ***
Total pot $0.37 | Rake $0.01 | Jackpot $0 | Bingo $0 | Fortune $0 | Tax $0
Seat 1: 9e34bd45 folded before Flop (didn't bet)
Seat 2: a7b07123 (button) collected ($0.36)
Seat 3: 90ef3577 (small blind) folded before Flop
Seat 4: 86ede633 (big blind) folded before Flop
Seat 5: Hero folded before Flop (didn't bet)
Seat 6: 129b9390 folded before Flop


Poker Hand #HD1216238871: Hold'em No Limit ($0.02/$0.05) - 2023/04/24 20:58:05
Table 'NLHBlue2' 6-max Seat #1 is the button
Seat 1: 9e34bd45 ($2.92 in chips)
Seat 2: a7b07123 ($5 in chips)
Seat 3: 90ef3577 ($4.99 in chips)
Seat 4: 86ede633 ($6.23 in chips)
Seat 5: Hero ($5.38 in chips)
Seat 6: 129b9390 ($5.07 in chips)
a7b07123: posts small blind $0.02
90ef3577: posts big blind $0.05
*** HOLE CARDS ***
Dealt to 9e34bd45 
Dealt to a7b07123 
Dealt to 90ef3577 
Dealt to 86ede633 
Dealt to Hero [Qc Jc]
Dealt to 129b9390 
86ede633: folds
Hero: raises $0.07 to $0.12
129b9390: folds
9e34bd45: folds
a7b07123: folds
90ef3577: calls $0.07
*** FLOP *** [3c Ks 5d]
90ef3577: checks
Hero: bets $0.1
90ef3577: folds
Uncalled bet ($0.1) returned to Hero
*** SHOWDOWN ***
Hero collected $0.25 from pot
*** SUMMARY ***
Total pot $0.26 | Rake $0.01 | Jackpot $0 | Bingo $0 | Fortune $0 | Tax $0
Board [3c Ks 5d]
Seat 1: 9e34bd45 (button) folded before Flop (didn't bet)
Seat 2: a7b07123 (small blind) folded before Flop
Seat 3: 90ef3577 (big blind) folded on the Flop
Seat 4: 86ede633 folded before Flop (didn't bet)
Seat 5: Hero won ($0.25)
Seat 6: 129b9390 folded before Flop (didn't bet)


Poker Hand #HD1216238832: Hold'em No Limit ($0.02/$0.05) - 2023/04/24 20:57:46
Table 'NLHBlue2' 6-max Seat #6 is the button
Seat 1: 9e34bd45 ($2.94 in chips)
Seat 2: a7b07123 ($5 in chips)
Seat 3: 90ef3577 ($4.99 in chips)
Seat 4: 86ede633 ($6.23 in chips)
Seat 5: Hero ($5.38 in chips)
Seat 6: 129b9390 ($5 in chips)
9e34bd45: posts small blind $0.02
a7b07123: posts big blind $0.05
*** HOLE CARDS ***
Dealt to 9e34bd45 
Dealt to a7b07123 
Dealt to 90ef3577 
Dealt to 86ede633 
Dealt to Hero [Jh 4s]
Dealt to 129b9390 
90ef3577: folds
86ede633: folds
Hero: folds
129b9390: raises $0.13 to $0.18
9e34bd45: folds
a7b07123: folds
Uncalled bet ($0.13) returned to 129b9390
*** SHOWDOWN ***
129b9390 collected $0.12 from pot
*** SUMMARY ***
Total pot $0.12 | Rake $0 | Jackpot $0 | Bingo $0 | Fortune $0 | Tax $0
Seat 1: 9e34bd45 (small blind) folded before Flop
Seat 2: a7b07123 (big blind) folded before Flop
Seat 3: 90ef3577 folded before Flop (didn't bet)
Seat 4: 86ede633 folded before Flop (didn't bet)
Seat 5: Hero folded before Flop (didn't bet)
Seat 6: 129b9390 (button) collected ($0.12)


Poker Hand #HD1216238805: Hold'em No Limit ($0.02/$0.05) - 2023/04/24 20:57:29
Table 'NLHBlue2' 6-max Seat #5 is the button
Seat 1: 9e34bd45 ($2.99 in chips)
Seat 2: a7b07123 ($5 in chips)
Seat 3: 90ef3577 ($4.99 in chips)
Seat 4: 86ede633 ($6.23 in chips)
Seat 5: Hero ($5.31 in chips)
Seat 6: 129b9390 ($5 in chips)
129b9390: posts small blind $0.02
9e34bd45: posts big blind $0.05
*** HOLE CARDS ***
Dealt to 9e34bd45 
Dealt to a7b07123 
Dealt to 90ef3577 
Dealt to 86ede633 
Dealt to Hero [Jd Qc]
Dealt to 129b9390 
a7b07123: folds
90ef3577: folds
86ede633: folds
Hero: raises $0.07 to $0.12
129b9390: folds
9e34bd45: folds
Uncalled bet ($0.07) returned to Hero
*** SHOWDOWN ***
Hero collected $0.12 from pot
*** SUMMARY ***
Total pot $0.12 | Rake $0 | Jackpot $0 | Bingo $0 | Fortune $0 | Tax $0
Seat 1: 9e34bd45 (big blind) folded before Flop
Seat 2: a7b07123 folded before Flop (didn't bet)
Seat 3: 90ef3577 folded before Flop (didn't bet)
Seat 4: 86ede633 folded before Flop (didn't bet)
Seat 5: Hero (button) collected ($0.12)
Seat 6: 129b9390 (small blind) folded before Flop


Poker Hand #HD1216238764: Hold'em No Limit ($0.02/$0.05) - 2023/04/24 20:57:11
Table 'NLHBlue2' 6-max Seat #4 is the button
Seat 1: 9e34bd45 ($2.92 in chips)
Seat 2: a7b07123 ($5 in chips)
Seat 3: 90ef3577 ($4.99 in chips)
Seat 4: 86ede633 ($6.23 in chips)
Seat 5: Hero ($5.33 in chips)
Seat 6: 129b9390 ($5 in chips)
Hero: posts small blind $0.02
129b9390: posts big blind $0.05
*** HOLE CARDS ***
Dealt to 9e34bd45 
Dealt to a7b07123 
Dealt to 90ef3577 
Dealt to 86ede633 
Dealt to Hero [3h Qc]
Dealt to 129b9390 
9e34bd45: raises $0.07 to $0.12
a7b07123: folds
90ef3577: folds
86ede633: folds
Hero: folds
129b9390: folds
Uncalled bet ($0.07) returned to 9e34bd45
*** SHOWDOWN ***
9e34bd45 collected $0.12 from pot
*** SUMMARY ***
Total pot $0.12 | Rake $0 | Jackpot $0 | Bingo $0 | Fortune $0 | Tax $0
Seat 1: 9e34bd45 collected ($0.12)
Seat 2: a7b07123 folded before Flop (didn't bet)
Seat 3: 90ef3577 folded before Flop (didn't bet)
Seat 4: 86ede633 (button) folded before Flop (didn't bet)
Seat 5: Hero (small blind) folded before Flop
Seat 6: 129b9390 (big blind) folded before Flop


Poker Hand #HD1216238743: Hold'em No Limit ($0.02/$0.05) - 2023/04/24 20:57:00
Table 'NLHBlue2' 6-max Seat #3 is the button
Seat 1: 9e34bd45 ($2.85 in chips)
Seat 2: a7b07123 ($5 in chips)
Seat 3: 90ef3577 ($4.99 in chips)
Seat 4: 86ede633 ($6.25 in chips)
Seat 5: Hero ($5.38 in chips)
86ede633: posts small blind $0.02
Hero: posts big blind $0.05
*** HOLE CARDS ***
Dealt to 9e34bd45 
Dealt to a7b07123 
Dealt to 90ef3577 
Dealt to 86ede633 
Dealt to Hero [5d Qc]
9e34bd45: raises $0.07 to $0.12
a7b07123: folds
90ef3577: folds
86ede633: folds
Hero: folds
Uncalled bet ($0.07) returned to 9e34bd45
*** SHOWDOWN ***
9e34bd45 collected $0.12 from pot
*** SUMMARY ***
Total pot $0.12 | Rake $0 | Jackpot $0 | Bingo $0 | Fortune $0 | Tax $0
Seat 1: 9e34bd45 collected ($0.12)
Seat 2: a7b07123 folded before Flop (didn't bet)
Seat 3: 90ef3577 (button) folded before Flop (didn't bet)
Seat 4: 86ede633 (small blind) folded before Flop
Seat 5: Hero (big blind) folded before Flop


Poker Hand #HD1216238663: Hold'em No Limit ($0.02/$0.05) - 2023/04/24 20:56:17
Table 'NLHBlue2' 6-max Seat #2 is the button
Seat 1: 9e34bd45 ($2.85 in chips)
Seat 2: a7b07123 ($5 in chips)
Seat 3: 90ef3577 ($5.44 in chips)
Seat 4: 86ede633 ($5.84 in chips)
Seat 5: Hero ($5.38 in chips)
90ef3577: posts small blind $0.02
86ede633: posts big blind $0.05
*** HOLE CARDS ***
Dealt to 9e34bd45 
Dealt to a7b07123 
Dealt to 90ef3577 
Dealt to 86ede633 
Dealt to Hero [Jc 3h]
Hero: folds
9e34bd45: folds
a7b07123: folds
90ef3577: raises $0.1 to $0.15
86ede633: raises $0.3 to $0.45
90ef3577: calls $0.3
*** FLOP *** [Kh Ks 7s]
90ef3577: checks
86ede633: bets $0.45
90ef3577: folds
Uncalled bet ($0.45) returned to 86ede633
*** SHOWDOWN ***
86ede633 collected $0.86 from pot
*** SUMMARY ***
Total pot $0.9 | Rake $0.04 | Jackpot $0 | Bingo $0 | Fortune $0 | Tax $0
Board [Kh Ks 7s]
Seat 1: 9e34bd45 folded before Flop (didn't bet)
Seat 2: a7b07123 (button) folded before Flop (didn't bet)
Seat 3: 90ef3577 (small blind) folded on the Flop
Seat 4: 86ede633 (big blind) won ($0.86)
Seat 5: Hero folded before Flop (didn't bet)


Poker Hand #HD1216238625: Hold'em No Limit ($0.02/$0.05) - 2023/04/24 20:55:52
Table 'NLHBlue2' 6-max Seat #1 is the button
Seat 1: 9e34bd45 ($2.85 in chips)
Seat 2: a7b07123 ($5 in chips)
Seat 3: 90ef3577 ($5.3 in chips)
Seat 4: 86ede633 ($5.84 in chips)
Seat 5: Hero ($5.38 in chips)
a7b07123: posts small blind $0.02
90ef3577: posts big blind $0.05
*** HOLE CARDS ***
Dealt to 9e34bd45 
Dealt to a7b07123 
Dealt to 90ef3577 
Dealt to 86ede633 
Dealt to Hero [Ah 5s]
86ede633: folds
Hero: folds
9e34bd45: folds
a7b07123: raises $0.1 to $0.15
90ef3577: raises $0.3 to $0.45
a7b07123: folds
Uncalled bet ($0.3) returned to 90ef3577
*** SHOWDOWN ***
90ef3577 collected $0.29 from pot
*** SUMMARY ***
Total pot $0.3 | Rake $0.01 | Jackpot $0 | Bingo $0 | Fortune $0 | Tax $0
Seat 1: 9e34bd45 (button) folded before Flop (didn't bet)
Seat 2: a7b07123 (small blind) folded before Flop
Seat 3: 90ef3577 (big blind) collected ($0.29)
Seat 4: 86ede633 folded before Flop (didn't bet)
Seat 5: Hero folded before Flop (didn't bet)


Poker Hand #HD1216238540: Hold'em No Limit ($0.02/$0.05) - 2023/04/24 20:55:04
Table 'NLHBlue2' 6-max Seat #5 is the button
Seat 1: 9e34bd45 ($2.87 in chips)
Seat 2: a7b07123 ($5 in chips)
Seat 3: 90ef3577 ($5.11 in chips)
Seat 4: 86ede633 ($5.84 in chips)
Seat 5: Hero ($5.51 in chips)
9e34bd45: posts small blind $0.02
a7b07123: posts big blind $0.05
*** HOLE CARDS ***
Dealt to 9e34bd45 
Dealt to a7b07123 
Dealt to 90ef3577 
Dealt to 86ede633 
Dealt to Hero [Ac Qh]
90ef3577: raises $0.08 to $0.13
86ede633: folds
Hero: calls $0.13
9e34bd45: folds
a7b07123: folds
*** FLOP *** [6s 2c 9s]
90ef3577: checks
Hero: checks
*** TURN *** [6s 2c 9s] [8s]
90ef3577: checks
Hero: checks
*** RIVER *** [6s 2c 9s 8s] [3s]
90ef3577: checks
Hero: checks
90ef3577: shows [2d 3d] (Pair of Treys and Pair of Twos)
Hero: shows [Ac Qh] (Ace-High)
*** SHOWDOWN ***
90ef3577 collected $0.32 from pot
*** SUMMARY ***
Total pot $0.33 | Rake $0.01 | Jackpot $0 | Bingo $0 | Fortune $0 | Tax $0
Board [6s 2c 9s 8s 3s]
Seat 1: 9e34bd45 (small blind) folded before Flop
Seat 2: a7b07123 (big blind) folded before Flop
Seat 3: 90ef3577 showed [2d 3d] and won ($0.32) with Pair of Treys and Pair of Twos
Seat 4: 86ede633 folded before Flop (didn't bet)
Seat 5: Hero (button) showed [Ac Qh] and lost with Ace-High


Poker Hand #HD1216238461: Hold'em No Limit ($0.02/$0.05) - 2023/04/24 20:54:21
Table 'NLHBlue2' 6-max Seat #4 is the button
Seat 1: 9e34bd45 ($2.92 in chips)
Seat 2: a7b07123 ($5.07 in chips)
Seat 3: 90ef3577 ($5.11 in chips)
Seat 4: 86ede633 ($5.07 in chips)
Seat 5: Hero ($6.15 in chips)
Hero: posts small blind $0.02
9e34bd45: posts big blind $0.05
*** HOLE CARDS ***
Dealt to 9e34bd45 
Dealt to a7b07123 
Dealt to 90ef3577 
Dealt to 86ede633 
Dealt to Hero [Qh As]
a7b07123: raises $0.1 to $0.15
90ef3577: folds
86ede633: calls $0.15
Hero: raises $0.49 to $0.64
9e34bd45: folds
a7b07123: folds
86ede633: calls $0.49
*** FLOP *** [9h 8c Ks]
Hero: checks
86ede633: bets $1.11
Hero: folds
Uncalled bet ($1.11) returned to 86ede633
*** SHOWDOWN ***
86ede633 collected $1.41 from pot
*** SUMMARY ***
Total pot $1.48 | Rake $0.07 | Jackpot $0 | Bingo $0 | Fortune $0 | Tax $0
Board [9h 8c Ks]
Seat 1: 9e34bd45 (big blind) folded before Flop
Seat 2: a7b07123 folded before Flop
Seat 3: 90ef3577 folded before Flop (didn't bet)
Seat 4: 86ede633 (button) won ($1.41)
Seat 5: Hero (small blind) folded on the Flop


Poker Hand #HD1216238407: Hold'em No Limit ($0.02/$0.05) - 2023/04/24 20:53:49
Table 'NLHBlue2' 6-max Seat #3 is the button
Seat 1: 9e34bd45 ($2.92 in chips)
Seat 2: a7b07123 ($5.07 in chips)
Seat 3: 90ef3577 ($5.74 in chips)
Seat 4: 86ede633 ($5.09 in chips)
Seat 5: Hero ($5.56 in chips)
86ede633: posts small blind $0.02
Hero: posts big blind $0.05
*** HOLE CARDS ***
Dealt to 9e34bd45 
Dealt to a7b07123 
Dealt to 90ef3577 
Dealt to 86ede633 
Dealt to Hero [Kc Jc]
9e34bd45: folds
a7b07123: folds
90ef3577: raises $0.1 to $0.15
86ede633: folds
Hero: raises $0.48 to $0.63
90ef3577: calls $0.48
*** FLOP *** [Qd 8h Qs]
Hero: checks
90ef3577: checks
*** TURN *** [Qd 8h Qs] [Tc]
Hero: bets $0.64
90ef3577: folds
Uncalled bet ($0.64) returned to Hero
*** SHOWDOWN ***
Hero collected $1.22 from pot
*** SUMMARY ***
Total pot $1.28 | Rake $0.06 | Jackpot $0 | Bingo $0 | Fortune $0 | Tax $0
Board [Qd 8h Qs Tc]
Seat 1: 9e34bd45 folded before Flop (didn't bet)
Seat 2: a7b07123 folded before Flop (didn't bet)
Seat 3: 90ef3577 (button) folded on the Turn
Seat 4: 86ede633 (small blind) folded before Flop
Seat 5: Hero (big blind) won ($1.22)


Poker Hand #HD1216238372: Hold'em No Limit ($0.02/$0.05) - 2023/04/24 20:53:30
Table 'NLHBlue2' 6-max Seat #2 is the button
Seat 1: 9e34bd45 ($2.92 in chips)
Seat 2: a7b07123 ($5 in chips)
Seat 3: 90ef3577 ($5.76 in chips)
Seat 4: 86ede633 ($5.14 in chips)
Seat 5: Hero ($5.56 in chips)
90ef3577: posts small blind $0.02
86ede633: posts big blind $0.05
*** HOLE CARDS ***
Dealt to 9e34bd45 
Dealt to a7b07123 
Dealt to 90ef3577 
Dealt to 86ede633 
Dealt to Hero [2h Jh]
Hero: folds
9e34bd45: folds
a7b07123: raises $0.08 to $0.13
90ef3577: folds
86ede633: folds
Uncalled bet ($0.08) returned to a7b07123
*** SHOWDOWN ***
a7b07123 collected $0.12 from pot
*** SUMMARY ***
Total pot $0.12 | Rake $0 | Jackpot $0 | Bingo $0 | Fortune $0 | Tax $0
Seat 1: 9e34bd45 folded before Flop (didn't bet)
Seat 2: a7b07123 (button) collected ($0.12)
Seat 3: 90ef3577 (small blind) folded before Flop
Seat 4: 86ede633 (big blind) folded before Flop
Seat 5: Hero folded before Flop (didn't bet)


Poker Hand #HD1216238340: Hold'em No Limit ($0.02/$0.05) - 2023/04/24 20:53:16
Table 'NLHBlue2' 6-max Seat #1 is the button
Seat 1: 9e34bd45 ($2.92 in chips)
Seat 2: a7b07123 ($5 in chips)
Seat 3: 90ef3577 ($5.81 in chips)
Seat 4: 86ede633 ($5.14 in chips)
Seat 5: Hero ($5.49 in chips)
a7b07123: posts small blind $0.02
90ef3577: posts big blind $0.05
*** HOLE CARDS ***
Dealt to 9e34bd45 
Dealt to a7b07123 
Dealt to 90ef3577 
Dealt to 86ede633 
Dealt to Hero [6h 6s]
86ede633: folds
Hero: raises $0.07 to $0.12
9e34bd45: folds
a7b07123: folds
90ef3577: folds
Uncalled bet ($0.07) returned to Hero
*** SHOWDOWN ***
Hero collected $0.12 from pot
*** SUMMARY ***
Total pot $0.12 | Rake $0 | Jackpot $0 | Bingo $0 | Fortune $0 | Tax $0
Seat 1: 9e34bd45 (button) folded before Flop (didn't bet)
Seat 2: a7b07123 (small blind) folded before Flop
Seat 3: 90ef3577 (big blind) folded before Flop
Seat 4: 86ede633 folded before Flop (didn't bet)
Seat 5: Hero collected ($0.12)


Poker Hand #HD1216238270: Hold'em No Limit ($0.02/$0.05) - 2023/04/24 20:52:32
Table 'NLHBlue2' 6-max Seat #5 is the button
Seat 1: 9e34bd45 ($2.94 in chips)
Seat 2: a7b07123 ($5.07 in chips)
Seat 3: 90ef3577 ($5.81 in chips)
Seat 4: 86ede633 ($5 in chips)
Seat 5: Hero ($5.49 in chips)
9e34bd45: posts small blind $0.02
a7b07123: posts big blind $0.05
*** HOLE CARDS ***
Dealt to 9e34bd45 
Dealt to a7b07123 
Dealt to 90ef3577 
Dealt to 86ede633 
Dealt to Hero [Qs 9h]
90ef3577: folds
86ede633: raises $0.08 to $0.13
Hero: folds
9e34bd45: folds
a7b07123: calls $0.08
*** FLOP *** [2h Ah Js]
a7b07123: checks
86ede633: bets $0.14
a7b07123: folds
Uncalled bet ($0.14) returned to 86ede633
*** SHOWDOWN ***
86ede633 collected $0.27 from pot
*** SUMMARY ***
Total pot $0.28 | Rake $0.01 | Jackpot $0 | Bingo $0 | Fortune $0 | Tax $0
Board [2h Ah Js]
Seat 1: 9e34bd45 (small blind) folded before Flop
Seat 2: a7b07123 (big blind) folded on the Flop
Seat 3: 90ef3577 folded before Flop (didn't bet)
Seat 4: 86ede633 won ($0.27)
Seat 5: Hero (button) folded before Flop (didn't bet)


Poker Hand #HD1216238241: Hold'em No Limit ($0.02/$0.05) - 2023/04/24 20:52:19
Table 'NLHBlue2' 6-max Seat #4 is the button
Seat 1: 9e34bd45 ($2.99 in chips)
Seat 2: a7b07123 ($5.07 in chips)
Seat 3: 90ef3577 ($5.74 in chips)
Seat 4: 86ede633 ($5 in chips)
Seat 5: Hero ($5.51 in chips)
Hero: posts small blind $0.02
9e34bd45: posts big blind $0.05
*** HOLE CARDS ***
Dealt to 9e34bd45 
Dealt to a7b07123 
Dealt to 90ef3577 
Dealt to 86ede633 
Dealt to Hero [Js 8c]
a7b07123: folds
90ef3577: raises $0.1 to $0.15
86ede633: folds
Hero: folds
9e34bd45: folds
Uncalled bet ($0.1) returned to 90ef3577
*** SHOWDOWN ***
90ef3577 collected $0.12 from pot
*** SUMMARY ***
Total pot $0.12 | Rake $0 | Jackpot $0 | Bingo $0 | Fortune $0 | Tax $0
Seat 1: 9e34bd45 (big blind) folded before Flop
Seat 2: a7b07123 folded before Flop (didn't bet)
Seat 3: 90ef3577 collected ($0.12)
Seat 4: 86ede633 (button) folded before Flop (didn't bet)
Seat 5: Hero (small blind) folded before Flop


Poker Hand #HD1216238202: Hold'em No Limit ($0.02/$0.05) - 2023/04/24 20:52:00
Table 'NLHBlue2' 6-max Seat #3 is the button
Seat 1: 9e34bd45 ($2.99 in chips)
Seat 2: a7b07123 ($5.07 in chips)
Seat 3: 90ef3577 ($5.67 in chips)
Seat 4: 86ede633 ($5 in chips)
Seat 5: Hero ($5.56 in chips)
86ede633: posts small blind $0.02
Hero: posts big blind $0.05
*** HOLE CARDS ***
Dealt to 9e34bd45 
Dealt to a7b07123 
Dealt to 90ef3577 
Dealt to 86ede633 
Dealt to Hero [5c Ah]
9e34bd45: folds
a7b07123: folds
90ef3577: raises $0.08 to $0.13
86ede633: folds
Hero: folds
Uncalled bet ($0.08) returned to 90ef3577
*** SHOWDOWN ***
90ef3577 collected $0.12 from pot
*** SUMMARY ***
Total pot $0.12 | Rake $0 | Jackpot $0 | Bingo $0 | Fortune $0 | Tax $0
Seat 1: 9e34bd45 folded before Flop (didn't bet)
Seat 2: a7b07123 folded before Flop (didn't bet)
Seat 3: 90ef3577 (button) collected ($0.12)
Seat 4: 86ede633 (small blind) folded before Flop
Seat 5: Hero (big blind) folded before Flop


Poker Hand #HD1216238168: Hold'em No Limit ($0.02/$0.05) - 2023/04/24 20:51:46
Table 'NLHBlue2' 6-max Seat #2 is the button
Seat 1: 9e34bd45 ($2.99 in chips)
Seat 2: a7b07123 ($5 in chips)
Seat 3: 90ef3577 ($5.69 in chips)
Seat 4: 86ede633 ($5 in chips)
Seat 5: Hero ($5.56 in chips)
90ef3577: posts small blind $0.02
86ede633: posts big blind $0.05
*** HOLE CARDS ***
Dealt to 9e34bd45 
Dealt to a7b07123 
Dealt to 90ef3577 
Dealt to 86ede633 
Dealt to Hero [4s Th]
Hero: folds
9e34bd45: folds
a7b07123: raises $0.08 to $0.13
90ef3577: folds
86ede633: folds
Uncalled bet ($0.08) returned to a7b07123
*** SHOWDOWN ***
a7b07123 collected $0.12 from pot
*** SUMMARY ***
Total pot $0.12 | Rake $0 | Jackpot $0 | Bingo $0 | Fortune $0 | Tax $0
Seat 1: 9e34bd45 folded before Flop (didn't bet)
Seat 2: a7b07123 (button) collected ($0.12)
Seat 3: 90ef3577 (small blind) folded before Flop
Seat 4: 86ede633 (big blind) folded before Flop
Seat 5: Hero folded before Flop (didn't bet)


Poker Hand #HD1216238129: Hold'em No Limit ($0.02/$0.05) - 2023/04/24 20:51:29
Table 'NLHBlue2' 6-max Seat #1 is the button
Seat 1: 9e34bd45 ($2.99 in chips)
Seat 2: a7b07123 ($5 in chips)
Seat 3: 90ef3577 ($5.67 in chips)
Seat 4: 86ede633 ($5 in chips)
Seat 5: Hero ($5.56 in chips)
a7b07123: posts small blind $0.02
90ef3577: posts big blind $0.05
*** HOLE CARDS ***
Dealt to 9e34bd45 
Dealt to a7b07123 
Dealt to 90ef3577 
Dealt to 86ede633 
Dealt to Hero [4h 8c]
86ede633: folds
Hero: folds
9e34bd45: folds
a7b07123: folds
Uncalled bet ($0.03) returned to 90ef3577
*** SHOWDOWN ***
90ef3577 collected $0.04 from pot
*** SUMMARY ***
Total pot $0.04 | Rake $0 | Jackpot $0 | Bingo $0 | Fortune $0 | Tax $0
Seat 1: 9e34bd45 (button) folded before Flop (didn't bet)
Seat 2: a7b07123 (small blind) folded before Flop
Seat 3: 90ef3577 (big blind) collected ($0.04)
Seat 4: 86ede633 folded before Flop (didn't bet)
Seat 5: Hero folded before Flop (didn't bet)


Poker Hand #HD1216238103: Hold'em No Limit ($0.02/$0.05) - 2023/04/24 20:51:14
Table 'NLHBlue2' 6-max Seat #5 is the button
Seat 1: 9e34bd45 ($2.94 in chips)
Seat 2: a7b07123 ($5 in chips)
Seat 3: 90ef3577 ($5.67 in chips)
Seat 4: 86ede633 ($5 in chips)
Seat 5: Hero ($5.56 in chips)
9e34bd45: posts small blind $0.02
a7b07123: posts big blind $0.05
*** HOLE CARDS ***
Dealt to 9e34bd45 
Dealt to a7b07123 
Dealt to 90ef3577 
Dealt to 86ede633 
Dealt to Hero [6d 2h]
90ef3577: folds
86ede633: folds
Hero: folds
9e34bd45: raises $0.07 to $0.12
a7b07123: folds
Uncalled bet ($0.07) returned to 9e34bd45
*** SHOWDOWN ***
9e34bd45 collected $0.1 from pot
*** SUMMARY ***
Total pot $0.1 | Rake $0 | Jackpot $0 | Bingo $0 | Fortune $0 | Tax $0
Seat 1: 9e34bd45 (small blind) collected ($0.1)
Seat 2: a7b07123 (big blind) folded before Flop
Seat 3: 90ef3577 folded before Flop (didn't bet)
Seat 4: 86ede633 folded before Flop (didn't bet)
Seat 5: Hero (button) folded before Flop (didn't bet)


Poker Hand #HD1216238014: Hold'em No Limit ($0.02/$0.05) - 2023/04/24 20:50:26
Table 'NLHBlue2' 6-max Seat #4 is the button
Seat 1: 9e34bd45 ($3.07 in chips)
Seat 2: a7b07123 ($5 in chips)
Seat 3: 90ef3577 ($5.53 in chips)
Seat 4: 86ede633 ($5 in chips)
Seat 5: Hero ($5.58 in chips)
Hero: posts small blind $0.02
9e34bd45: posts big blind $0.05
*** HOLE CARDS ***
Dealt to 9e34bd45 
Dealt to a7b07123 
Dealt to 90ef3577 
Dealt to 86ede633 
Dealt to Hero [9d Ks]
a7b07123: folds
90ef3577: raises $0.08 to $0.13
86ede633: folds
Hero: folds
9e34bd45: calls $0.08
*** FLOP *** [Js Kd 3c]
9e34bd45: checks
90ef3577: checks
*** TURN *** [Js Kd 3c] [4s]
9e34bd45: checks
90ef3577: bets $0.28
9e34bd45: folds
Uncalled bet ($0.28) returned to 90ef3577
*** SHOWDOWN ***
90ef3577 collected $0.27 from pot
*** SUMMARY ***
Total pot $0.28 | Rake $0.01 | Jackpot $0 | Bingo $0 | Fortune $0 | Tax $0
Board [Js Kd 3c 4s]
Seat 1: 9e34bd45 (big blind) folded on the Turn
Seat 2: a7b07123 folded before Flop (didn't bet)
Seat 3: 90ef3577 won ($0.27)
Seat 4: 86ede633 (button) folded before Flop (didn't bet)
Seat 5: Hero (small blind) folded before Flop


Poker Hand #HD1216237916: Hold'em No Limit ($0.02/$0.05) - 2023/04/24 20:49:38
Table 'NLHBlue2' 6-max Seat #3 is the button
Seat 1: 9e34bd45 ($3.07 in chips)
Seat 2: a7b07123 ($5 in chips)
Seat 3: 90ef3577 ($5.53 in chips)
Seat 4: 86ede633 ($5.31 in chips)
Seat 5: Hero ($5.16 in chips)
86ede633: posts small blind $0.02
Hero: posts big blind $0.05
*** HOLE CARDS ***
Dealt to 9e34bd45 
Dealt to a7b07123 
Dealt to 90ef3577 
Dealt to 86ede633 
Dealt to Hero [9h Ah]
9e34bd45: folds
a7b07123: folds
90ef3577: folds
86ede633: raises $0.1 to $0.15
Hero: raises $0.31 to $0.46
86ede633: calls $0.31
*** FLOP *** [Kc 7h 6d]
86ede633: checks
Hero: bets $0.34
86ede633: folds
Uncalled bet ($0.34) returned to Hero
*** SHOWDOWN ***
Hero collected $0.88 from pot
*** SUMMARY ***
Total pot $0.92 | Rake $0.04 | Jackpot $0 | Bingo $0 | Fortune $0 | Tax $0
Board [Kc 7h 6d]
Seat 1: 9e34bd45 folded before Flop (didn't bet)
Seat 2: a7b07123 folded before Flop (didn't bet)
Seat 3: 90ef3577 (button) folded before Flop (didn't bet)
Seat 4: 86ede633 (small blind) folded on the Flop
Seat 5: Hero (big blind) won ($0.88)


Poker Hand #HD1216237876: Hold'em No Limit ($0.02/$0.05) - 2023/04/24 20:49:19
Table 'NLHBlue2' 6-max Seat #2 is the button
Seat 1: 9e34bd45 ($3.07 in chips)
Seat 2: a7b07123 ($5 in chips)
Seat 3: 90ef3577 ($5.55 in chips)
Seat 4: 86ede633 ($5.36 in chips)
Seat 5: Hero ($5.09 in chips)
90ef3577: posts small blind $0.02
86ede633: posts big blind $0.05
*** HOLE CARDS ***
Dealt to 9e34bd45 
Dealt to a7b07123 
Dealt to 90ef3577 
Dealt to 86ede633 
Dealt to Hero [Ks Qs]
Hero: raises $0.07 to $0.12
9e34bd45: folds
a7b07123: folds
90ef3577: folds
86ede633: folds
Uncalled bet ($0.07) returned to Hero
*** SHOWDOWN ***
Hero collected $0.12 from pot
*** SUMMARY ***
Total pot $0.12 | Rake $0 | Jackpot $0 | Bingo $0 | Fortune $0 | Tax $0
Seat 1: 9e34bd45 folded before Flop (didn't bet)
Seat 2: a7b07123 (button) folded before Flop (didn't bet)
Seat 3: 90ef3577 (small blind) folded before Flop
Seat 4: 86ede633 (big blind) folded before Flop
Seat 5: Hero collected ($0.12)


Poker Hand #HD1216237798: Hold'em No Limit ($0.02/$0.05) - 2023/04/24 20:48:36
Table 'NLHBlue2' 6-max Seat #1 is the button
Seat 1: 9e34bd45 ($3.07 in chips)
Seat 2: a7b07123 ($5 in chips)
Seat 3: 90ef3577 ($5.42 in chips)
Seat 4: 86ede633 ($5.36 in chips)
Seat 5: Hero ($5.21 in chips)
a7b07123: posts small blind $0.02
90ef3577: posts big blind $0.05
*** HOLE CARDS ***
Dealt to 9e34bd45 
Dealt to a7b07123 
Dealt to 90ef3577 
Dealt to 86ede633 
Dealt to Hero [9c 8c]
86ede633: folds
Hero: raises $0.07 to $0.12
9e34bd45: folds
a7b07123: folds
90ef3577: calls $0.07
*** FLOP *** [Jd 2c 3d]
90ef3577: checks
Hero: checks
*** TURN *** [Jd 2c 3d] [2h]
90ef3577: bets $0.14
Hero: folds
Uncalled bet ($0.14) returned to 90ef3577
*** SHOWDOWN ***
90ef3577 collected $0.25 from pot
*** SUMMARY ***
Total pot $0.26 | Rake $0.01 | Jackpot $0 | Bingo $0 | Fortune $0 | Tax $0
Board [Jd 2c 3d 2h]
Seat 1: 9e34bd45 (button) folded before Flop (didn't bet)
Seat 2: a7b07123 (small blind) folded before Flop
Seat 3: 90ef3577 (big blind) won ($0.25)
Seat 4: 86ede633 folded before Flop (didn't bet)
Seat 5: Hero folded on the Turn


Poker Hand #HD1216237700: Hold'em No Limit ($0.02/$0.05) - 2023/04/24 20:47:44
Table 'NLHBlue2' 6-max Seat #5 is the button
Seat 1: 9e34bd45 ($2.26 in chips)
Seat 2: a7b07123 ($5 in chips)
Seat 3: 90ef3577 ($5.42 in chips)
Seat 4: 86ede633 ($6.26 in chips)
Seat 5: Hero ($5.21 in chips)
9e34bd45: posts small blind $0.02
a7b07123: posts big blind $0.05
*** HOLE CARDS ***
Dealt to 9e34bd45 
Dealt to a7b07123 
Dealt to 90ef3577 
Dealt to 86ede633 
Dealt to Hero [6d 2d]
90ef3577: folds
86ede633: raises $0.08 to $0.13
Hero: folds
9e34bd45: raises $0.27 to $0.4
a7b07123: folds
86ede633: calls $0.27
*** FLOP *** [Ks 7d Js]
9e34bd45: checks
86ede633: checks
*** TURN *** [Ks 7d Js] [6s]
9e34bd45: bets $0.5
86ede633: calls $0.5
*** RIVER *** [Ks 7d Js 6s] [Td]
9e34bd45: bets $1.36 and is all-in
86ede633: folds
Uncalled bet ($1.36) returned to 9e34bd45
*** SHOWDOWN ***
9e34bd45 collected $1.71 from pot
*** SUMMARY ***
Total pot $1.85 | Rake $0.09 | Jackpot $0.05 | Bingo $0 | Fortune $0 | Tax $0
Board [Ks 7d Js 6s Td]
Seat 1: 9e34bd45 (small blind) won ($1.71)
Seat 2: a7b07123 (big blind) folded before Flop
Seat 3: 90ef3577 folded before Flop (didn't bet)
Seat 4: 86ede633 folded on the River
Seat 5: Hero (button) folded before Flop (didn't bet)


Poker Hand #HD1216237655: Hold'em No Limit ($0.02/$0.05) - 2023/04/24 20:47:22
Table 'NLHBlue2' 6-max Seat #4 is the button
Seat 1: 9e34bd45 ($2.31 in chips)
Seat 2: a7b07123 ($5.05 in chips)
Seat 3: 90ef3577 ($5.42 in chips)
Seat 4: 86ede633 ($6.26 in chips)
Seat 5: Hero ($5.02 in chips)
Hero: posts small blind $0.02
9e34bd45: posts big blind $0.05
*** HOLE CARDS ***
Dealt to 9e34bd45 
Dealt to a7b07123 
Dealt to 90ef3577 
Dealt to 86ede633 
Dealt to Hero [Ad Qh]
a7b07123: raises $0.1 to $0.15
90ef3577: folds
86ede633: folds
Hero: raises $0.53 to $0.68
9e34bd45: folds
a7b07123: folds
Uncalled bet ($0.53) returned to Hero
*** SHOWDOWN ***
Hero collected $0.34 from pot
*** SUMMARY ***
Total pot $0.35 | Rake $0.01 | Jackpot $0 | Bingo $0 | Fortune $0 | Tax $0
Seat 1: 9e34bd45 (big blind) folded before Flop
Seat 2: a7b07123 folded before Flop
Seat 3: 90ef3577 folded before Flop (didn't bet)
Seat 4: 86ede633 (button) folded before Flop (didn't bet)
Seat 5: Hero (small blind) collected ($0.34)


Poker Hand #HD1216237596: Hold'em No Limit ($0.02/$0.05) - 2023/04/24 20:46:52
Table 'NLHBlue2' 6-max Seat #3 is the button
Seat 1: 9e34bd45 ($2.43 in chips)
Seat 2: a7b07123 ($5.05 in chips)
Seat 3: 90ef3577 ($5.24 in chips)
Seat 4: 86ede633 ($6.28 in chips)
Seat 5: Hero ($5.07 in chips)
86ede633: posts small blind $0.02
Hero: posts big blind $0.05
*** HOLE CARDS ***
Dealt to 9e34bd45 
Dealt to a7b07123 
Dealt to 90ef3577 
Dealt to 86ede633 
Dealt to Hero [7c 4s]
9e34bd45: raises $0.07 to $0.12
a7b07123: folds
90ef3577: raises $0.24 to $0.36
86ede633: folds
Hero: folds
9e34bd45: folds
Uncalled bet ($0.24) returned to 90ef3577
*** SHOWDOWN ***
90ef3577 collected $0.3 from pot
*** SUMMARY ***
Total pot $0.31 | Rake $0.01 | Jackpot $0 | Bingo $0 | Fortune $0 | Tax $0
Seat 1: 9e34bd45 folded before Flop
Seat 2: a7b07123 folded before Flop (didn't bet)
Seat 3: 90ef3577 (button) collected ($0.3)
Seat 4: 86ede633 (small blind) folded before Flop
Seat 5: Hero (big blind) folded before Flop


Poker Hand #HD1216237518: Hold'em No Limit ($0.02/$0.05) - 2023/04/24 20:46:10
Table 'NLHBlue2' 6-max Seat #2 is the button
Seat 1: 9e34bd45 ($2.43 in chips)
Seat 2: a7b07123 ($5.05 in chips)
Seat 3: 90ef3577 ($5.29 in chips)
Seat 4: 86ede633 ($6.23 in chips)
Seat 5: Hero ($5.07 in chips)
90ef3577: posts small blind $0.02
86ede633: posts big blind $0.05
*** HOLE CARDS ***
Dealt to 9e34bd45 
Dealt to a7b07123 
Dealt to 90ef3577 
Dealt to 86ede633 
Dealt to Hero [9c 2s]
Hero: folds
9e34bd45: folds
a7b07123: folds
90ef3577: calls $0.03
86ede633: checks
*** FLOP *** [Qs Ts 8h]
90ef3577: checks
86ede633: checks
*** TURN *** [Qs Ts 8h] [Qd]
90ef3577: checks
86ede633: checks
*** RIVER *** [Qs Ts 8h Qd] [6c]
90ef3577: checks
86ede633: checks
90ef3577: shows [9d 2d] (Pair of Queens)
86ede633: shows [Ah 3c] (Pair of Queens)
*** SHOWDOWN ***
86ede633 collected $0.1 from pot
*** SUMMARY ***
Total pot $0.1 | Rake $0 | Jackpot $0 | Bingo $0 | Fortune $0 | Tax $0
Board [Qs Ts 8h Qd 6c]
Seat 1: 9e34bd45 folded before Flop (didn't bet)
Seat 2: a7b07123 (button) folded before Flop (didn't bet)
Seat 3: 90ef3577 (small blind) showed [9d 2d] and lost with Pair of Queens
Seat 4: 86ede633 (big blind) showed [Ah 3c] and won ($0.1) with Pair of Queens
Seat 5: Hero folded before Flop (didn't bet)


Poker Hand #HD1216237474: Hold'em No Limit ($0.02/$0.05) - 2023/04/24 20:45:44
Table 'NLHBlue2' 6-max Seat #1 is the button
Seat 1: 9e34bd45 ($2.43 in chips)
Seat 2: a7b07123 ($5.07 in chips)
Seat 3: 90ef3577 ($5.34 in chips)
Seat 4: 86ede633 ($6.16 in chips)
Seat 5: Hero ($5.07 in chips)
a7b07123: posts small blind $0.02
90ef3577: posts big blind $0.05
*** HOLE CARDS ***
Dealt to 9e34bd45 
Dealt to a7b07123 
Dealt to 90ef3577 
Dealt to 86ede633 
Dealt to Hero [3c Ts]
86ede633: raises $0.08 to $0.13
Hero: folds
9e34bd45: folds
a7b07123: folds
90ef3577: folds
Uncalled bet ($0.08) returned to 86ede633
*** SHOWDOWN ***
86ede633 collected $0.12 from pot
*** SUMMARY ***
Total pot $0.12 | Rake $0 | Jackpot $0 | Bingo $0 | Fortune $0 | Tax $0
Seat 1: 9e34bd45 (button) folded before Flop (didn't bet)
Seat 2: a7b07123 (small blind) folded before Flop
Seat 3: 90ef3577 (big blind) folded before Flop
Seat 4: 86ede633 collected ($0.12)
Seat 5: Hero folded before Flop (didn't bet)


Poker Hand #HD1216237452: Hold'em No Limit ($0.02/$0.05) - 2023/04/24 20:45:33
Table 'NLHBlue2' 6-max Seat #5 is the button
Seat 1: 9e34bd45 ($2.45 in chips)
Seat 2: a7b07123 ($5.12 in chips)
Seat 3: 90ef3577 ($5.34 in chips)
Seat 4: 86ede633 ($6.16 in chips)
Seat 5: Hero ($5 in chips)
9e34bd45: posts small blind $0.02
a7b07123: posts big blind $0.05
*** HOLE CARDS ***
Dealt to 9e34bd45 
Dealt to a7b07123 
Dealt to 90ef3577 
Dealt to 86ede633 
Dealt to Hero [Jd Js]
90ef3577: folds
86ede633: folds
Hero: raises $0.07 to $0.12
9e34bd45: folds
a7b07123: folds
Uncalled bet ($0.07) returned to Hero
*** SHOWDOWN ***
Hero collected $0.12 from pot
*** SUMMARY ***
Total pot $0.12 | Rake $0 | Jackpot $0 | Bingo $0 | Fortune $0 | Tax $0
Seat 1: 9e34bd45 (small blind) folded before Flop
Seat 2: a7b07123 (big blind) folded before Flop
Seat 3: 90ef3577 folded before Flop (didn't bet)
Seat 4: 86ede633 folded before Flop (didn't bet)
Seat 5: Hero (button) collected ($0.12)


Poker Hand #HD1216237419: Hold'em No Limit ($0.02/$0.05) - 2023/04/24 20:45:16
Table 'NLHBlue2' 6-max Seat #4 is the button
Seat 1: 9e34bd45 ($2.5 in chips)
Seat 2: a7b07123 ($5.12 in chips)
Seat 3: 90ef3577 ($5.34 in chips)
Seat 4: 86ede633 ($6.09 in chips)
Seat 5: Hero ($5 in chips)
Hero: posts small blind $0.02
9e34bd45: posts big blind $0.05
*** HOLE CARDS ***
Dealt to 9e34bd45 
Dealt to a7b07123 
Dealt to 90ef3577 
Dealt to 86ede633 
Dealt to Hero [8h 4s]
a7b07123: folds
90ef3577: folds
86ede633: raises $0.08 to $0.13
Hero: folds
9e34bd45: folds
Uncalled bet ($0.08) returned to 86ede633
*** SHOWDOWN ***
86ede633 collected $0.12 from pot
*** SUMMARY ***
Total pot $0.12 | Rake $0 | Jackpot $0 | Bingo $0 | Fortune $0 | Tax $0
Seat 1: 9e34bd45 (big blind) folded before Flop
Seat 2: a7b07123 folded before Flop (didn't bet)
Seat 3: 90ef3577 folded before Flop (didn't bet)
Seat 4: 86ede633 (button) collected ($0.12)
Seat 5: Hero (small blind) folded before Flop


Poker Hand #HD1216237389: Hold'em No Limit ($0.02/$0.05) - 2023/04/24 20:44:58
Table 'NLHBlue2' 6-max Seat #3 is the button
Seat 1: 9e34bd45 ($2.43 in chips)
Seat 2: a7b07123 ($5.12 in chips)
Seat 3: 90ef3577 ($5.34 in chips)
Seat 4: 86ede633 ($6.11 in chips)
Seat 5: Hero ($5 in chips)
86ede633: posts small blind $0.02
Hero: posts big blind $0.05
*** HOLE CARDS ***
Dealt to 9e34bd45 
Dealt to a7b07123 
Dealt to 90ef3577 
Dealt to 86ede633 
Dealt to Hero [Qh 7c]
9e34bd45: raises $0.07 to $0.12
a7b07123: folds
90ef3577: folds
86ede633: folds
Hero: folds
Uncalled bet ($0.07) returned to 9e34bd45
*** SHOWDOWN ***
9e34bd45 collected $0.12 from pot
*** SUMMARY ***
Total pot $0.12 | Rake $0 | Jackpot $0 | Bingo $0 | Fortune $0 | Tax $0
Seat 1: 9e34bd45 collected ($0.12)
Seat 2: a7b07123 folded before Flop (didn't bet)
Seat 3: 90ef3577 (button) folded before Flop (didn't bet)
Seat 4: 86ede633 (small blind) folded before Flop
Seat 5: Hero (big blind) folded before Flop


Poker Hand #HD1216237362: Hold'em No Limit ($0.02/$0.05) - 2023/04/24 20:44:43
Table 'NLHBlue2' 6-max Seat #2 is the button
Seat 1: 9e34bd45 ($2.43 in chips)
Seat 2: a7b07123 ($5.05 in chips)
Seat 3: 90ef3577 ($5.36 in chips)
Seat 4: 86ede633 ($6.16 in chips)
Seat 5: Hero ($5 in chips)
90ef3577: posts small blind $0.02
86ede633: posts big blind $0.05
*** HOLE CARDS ***
Dealt to 9e34bd45 
Dealt to a7b07123 
Dealt to 90ef3577 
Dealt to 86ede633 
Dealt to Hero [Jd 6s]
Hero: folds
9e34bd45: folds
a7b07123: raises $0.08 to $0.13
90ef3577: folds
86ede633: folds
Uncalled bet ($0.08) returned to a7b07123
*** SHOWDOWN ***
a7b07123 collected $0.12 from pot
*** SUMMARY ***
Total pot $0.12 | Rake $0 | Jackpot $0 | Bingo $0 | Fortune $0 | Tax $0
Seat 1: 9e34bd45 folded before Flop (didn't bet)
Seat 2: a7b07123 (button) collected ($0.12)
Seat 3: 90ef3577 (small blind) folded before Flop
Seat 4: 86ede633 (big blind) folded before Flop
Seat 5: Hero folded before Flop (didn't bet)


Poker Hand #HD1216237289: Hold'em No Limit ($0.02/$0.05) - 2023/04/24 20:44:05
Table 'NLHBlue2' 6-max Seat #1 is the button
Seat 1: 9e34bd45 ($2.43 in chips)
Seat 2: a7b07123 ($5.07 in chips)
Seat 3: 90ef3577 ($5.1 in chips)
Seat 4: 86ede633 ($6.16 in chips)
Seat 5: Hero ($5 in chips)
a7b07123: posts small blind $0.02
90ef3577: posts big blind $0.05
*** HOLE CARDS ***
Dealt to 9e34bd45 
Dealt to a7b07123 
Dealt to 90ef3577 
Dealt to 86ede633 
Dealt to Hero [7d 7c]
86ede633: folds
Hero: raises $0.07 to $0.12
9e34bd45: folds
a7b07123: folds
90ef3577: calls $0.07
*** FLOP *** [9d Th Ad]
90ef3577: checks
Hero: bets $0.14
90ef3577: raises $0.18 to $0.32
Hero: folds
Uncalled bet ($0.18) returned to 90ef3577
*** SHOWDOWN ***
90ef3577 collected $0.52 from pot
*** SUMMARY ***
Total pot $0.54 | Rake $0.02 | Jackpot $0 | Bingo $0 | Fortune $0 | Tax $0
Board [9d Th Ad]
Seat 1: 9e34bd45 (button) folded before Flop (didn't bet)
Seat 2: a7b07123 (small blind) folded before Flop
Seat 3: 90ef3577 (big blind) won ($0.52)
Seat 4: 86ede633 folded before Flop (didn't bet)
Seat 5: Hero folded on the Flop


Poker Hand #HD1216237224: Hold'em No Limit ($0.02/$0.05) - 2023/04/24 20:43:30
Table 'NLHBlue2' 6-max Seat #5 is the button
Seat 1: 9e34bd45 ($2.41 in chips)
Seat 2: a7b07123 ($5.07 in chips)
Seat 3: 90ef3577 ($5.1 in chips)
Seat 4: 86ede633 ($6.16 in chips)
Seat 5: Hero ($5 in chips)
Seat 6: ddaa417f ($5 in chips)
ddaa417f: posts small blind $0.02
9e34bd45: posts big blind $0.05
*** HOLE CARDS ***
Dealt to 9e34bd45 
Dealt to a7b07123 
Dealt to 90ef3577 
Dealt to 86ede633 
Dealt to Hero [2c Jd]
Dealt to ddaa417f 
a7b07123: folds
90ef3577: folds
86ede633: folds
Hero: folds
ddaa417f: folds
Uncalled bet ($0.03) returned to 9e34bd45
*** SHOWDOWN ***
9e34bd45 collected $0.04 from pot
*** SUMMARY ***
Total pot $0.04 | Rake $0 | Jackpot $0 | Bingo $0 | Fortune $0 | Tax $0
Seat 1: 9e34bd45 (big blind) collected ($0.04)
Seat 2: a7b07123 folded before Flop (didn't bet)
Seat 3: 90ef3577 folded before Flop (didn't bet)
Seat 4: 86ede633 folded before Flop (didn't bet)
Seat 5: Hero (button) folded before Flop (didn't bet)
Seat 6: ddaa417f (small blind) folded before Flop


Poker Hand #HD1216237189: Hold'em No Limit ($0.02/$0.05) - 2023/04/24 20:43:16
Table 'NLHBlue2' 6-max Seat #4 is the button
Seat 1: 9e34bd45 ($2.41 in chips)
Seat 2: a7b07123 ($5 in chips)
Seat 3: 90ef3577 ($5.1 in chips)
Seat 4: 86ede633 ($6.16 in chips)
Seat 5: Hero ($5.02 in chips)
Seat 6: ddaa417f ($5 in chips)
Hero: posts small blind $0.02
ddaa417f: posts big blind $0.05
*** HOLE CARDS ***
Dealt to 9e34bd45 
Dealt to a7b07123 
Dealt to 90ef3577 
Dealt to 86ede633 
Dealt to Hero [8c 7h]
Dealt to ddaa417f 
9e34bd45: folds
a7b07123: raises $0.1 to $0.15
90ef3577: folds
86ede633: folds
Hero: folds
ddaa417f: folds
Uncalled bet ($0.1) returned to a7b07123
*** SHOWDOWN ***
a7b07123 collected $0.12 from pot
*** SUMMARY ***
Total pot $0.12 | Rake $0 | Jackpot $0 | Bingo $0 | Fortune $0 | Tax $0
Seat 1: 9e34bd45 folded before Flop (didn't bet)
Seat 2: a7b07123 collected ($0.12)
Seat 3: 90ef3577 folded before Flop (didn't bet)
Seat 4: 86ede633 (button) folded before Flop (didn't bet)
Seat 5: Hero (small blind) folded before Flop
Seat 6: ddaa417f (big blind) folded before Flop


Poker Hand #HD1216237142: Hold'em No Limit ($0.02/$0.05) - 2023/04/24 20:42:46
Table 'NLHBlue2' 6-max Seat #3 is the button
Seat 1: 9e34bd45 ($2.41 in chips)
Seat 2: a7b07123 ($5 in chips)
Seat 3: 90ef3577 ($4.91 in chips)
Seat 4: 86ede633 ($6.18 in chips)
Seat 5: Hero ($5.07 in chips)
Seat 6: ddaa417f ($5 in chips)
86ede633: posts small blind $0.02
Hero: posts big blind $0.05
*** HOLE CARDS ***
Dealt to 9e34bd45 
Dealt to a7b07123 
Dealt to 90ef3577 
Dealt to 86ede633 
Dealt to Hero [3h As]
Dealt to ddaa417f 
ddaa417f: folds
9e34bd45: folds
a7b07123: raises $0.08 to $0.13
90ef3577: raises $0.25 to $0.38
86ede633: folds
Hero: folds
a7b07123: folds
Uncalled bet ($0.25) returned to 90ef3577
*** SHOWDOWN ***
90ef3577 collected $0.32 from pot
*** SUMMARY ***
Total pot $0.33 | Rake $0.01 | Jackpot $0 | Bingo $0 | Fortune $0 | Tax $0
Seat 1: 9e34bd45 folded before Flop (didn't bet)
Seat 2: a7b07123 folded before Flop
Seat 3: 90ef3577 (button) collected ($0.32)
Seat 4: 86ede633 (small blind) folded before Flop
Seat 5: Hero (big blind) folded before Flop
Seat 6: ddaa417f folded before Flop (didn't bet)


Poker Hand #HD1216237030: Hold'em No Limit ($0.02/$0.05) - 2023/04/24 20:41:43
Table 'NLHBlue2' 6-max Seat #2 is the button
Seat 1: 9e34bd45 ($2.41 in chips)
Seat 2: a7b07123 ($5.07 in chips)
Seat 3: 90ef3577 ($4.93 in chips)
Seat 4: 86ede633 ($5.14 in chips)
Seat 5: Hero ($5.07 in chips)
Seat 6: ddaa417f ($5 in chips)
90ef3577: posts small blind $0.02
86ede633: posts big blind $0.05
*** HOLE CARDS ***
Dealt to 9e34bd45 
Dealt to a7b07123 
Dealt to 90ef3577 
Dealt to 86ede633 
Dealt to Hero [8s 5h]
Dealt to ddaa417f 
Hero: folds
ddaa417f: folds
9e34bd45: folds
a7b07123: raises $0.08 to $0.13
90ef3577: folds
86ede633: calls $0.08
*** FLOP *** [9d Jd 5c]
86ede633: checks
a7b07123: bets $0.1
86ede633: raises $0.3 to $0.4
a7b07123: calls $0.3
*** TURN *** [9d Jd 5c] [Kh]
86ede633: bets $0.65
a7b07123: calls $0.65
*** RIVER *** [9d Jd 5c Kh] [5d]
86ede633: bets $3.96 and is all-in
a7b07123: folds
Uncalled bet ($3.96) returned to 86ede633
*** SHOWDOWN ***
86ede633 collected $2.22 from pot
*** SUMMARY ***
Total pot $2.38 | Rake $0.11 | Jackpot $0.05 | Bingo $0 | Fortune $0 | Tax $0
Board [9d Jd 5c Kh 5d]
Seat 1: 9e34bd45 folded before Flop (didn't bet)
Seat 2: a7b07123 (button) folded on the River
Seat 3: 90ef3577 (small blind) folded before Flop
Seat 4: 86ede633 (big blind) won ($2.22)
Seat 5: Hero folded before Flop (didn't bet)
Seat 6: ddaa417f folded before Flop (didn't bet)


Poker Hand #HD1216237005: Hold'em No Limit ($0.02/$0.05) - 2023/04/24 20:41:34
Table 'NLHBlue2' 6-max Seat #1 is the button
Seat 1: 9e34bd45 ($2.41 in chips)
Seat 2: a7b07123 ($5.09 in chips)
Seat 3: 90ef3577 ($4.91 in chips)
Seat 4: 86ede633 ($5.14 in chips)
Seat 5: Hero ($5.07 in chips)
Seat 6: ddaa417f ($5 in chips)
a7b07123: posts small blind $0.02
90ef3577: posts big blind $0.05
*** HOLE CARDS ***
Dealt to 9e34bd45 
Dealt to a7b07123 
Dealt to 90ef3577 
Dealt to 86ede633 
Dealt to Hero [2d 8s]
Dealt to ddaa417f 
86ede633: folds
Hero: folds
ddaa417f: folds
9e34bd45: folds
a7b07123: folds
Uncalled bet ($0.03) returned to 90ef3577
*** SHOWDOWN ***
90ef3577 collected $0.04 from pot
*** SUMMARY ***
Total pot $0.04 | Rake $0 | Jackpot $0 | Bingo $0 | Fortune $0 | Tax $0
Seat 1: 9e34bd45 (button) folded before Flop (didn't bet)
Seat 2: a7b07123 (small blind) folded before Flop
Seat 3: 90ef3577 (big blind) collected ($0.04)
Seat 4: 86ede633 folded before Flop (didn't bet)
Seat 5: Hero folded before Flop (didn't bet)
Seat 6: ddaa417f folded before Flop (didn't bet)


Poker Hand #HD1216236952: Hold'em No Limit ($0.02/$0.05) - 2023/04/24 20:41:04
Table 'NLHBlue2' 6-max Seat #6 is the button
Seat 1: 9e34bd45 ($2.3 in chips)
Seat 2: a7b07123 ($5.21 in chips)
Seat 3: 90ef3577 ($4.91 in chips)
Seat 4: 86ede633 ($5.14 in chips)
Seat 5: Hero ($5.07 in chips)
Seat 6: ddaa417f ($5 in chips)
9e34bd45: posts small blind $0.02
a7b07123: posts big blind $0.05
*** HOLE CARDS ***
Dealt to 9e34bd45 
Dealt to a7b07123 
Dealt to 90ef3577 
Dealt to 86ede633 
Dealt to Hero [7h 5c]
Dealt to ddaa417f 
90ef3577: folds
86ede633: folds
Hero: folds
ddaa417f: folds
9e34bd45: raises $0.07 to $0.12
a7b07123: calls $0.07
*** FLOP *** [Jc 7d Ks]
9e34bd45: bets $0.18
a7b07123: folds
Uncalled bet ($0.18) returned to 9e34bd45
*** SHOWDOWN ***
9e34bd45 collected $0.23 from pot
*** SUMMARY ***
Total pot $0.24 | Rake $0.01 | Jackpot $0 | Bingo $0 | Fortune $0 | Tax $0
Board [Jc 7d Ks]
Seat 1: 9e34bd45 (small blind) won ($0.23)
Seat 2: a7b07123 (big blind) folded on the Flop
Seat 3: 90ef3577 folded before Flop (didn't bet)
Seat 4: 86ede633 folded before Flop (didn't bet)
Seat 5: Hero folded before Flop (didn't bet)
Seat 6: ddaa417f (button) folded before Flop (didn't bet)


Poker Hand #HD1216236921: Hold'em No Limit ($0.02/$0.05) - 2023/04/24 20:40:49
Table 'NLHBlue2' 6-max Seat #5 is the button
Seat 1: 9e34bd45 ($2.35 in chips)
Seat 2: a7b07123 ($5.21 in chips)
Seat 3: 90ef3577 ($4.91 in chips)
Seat 4: 86ede633 ($5.14 in chips)
Seat 5: Hero ($5 in chips)
Seat 6: ddaa417f ($5 in chips)
ddaa417f: posts small blind $0.02
9e34bd45: posts big blind $0.05
*** HOLE CARDS ***
Dealt to 9e34bd45 
Dealt to a7b07123 
Dealt to 90ef3577 
Dealt to 86ede633 
Dealt to Hero [Qs Ks]
Dealt to ddaa417f 
a7b07123: folds
90ef3577: folds
86ede633: folds
Hero: raises $0.07 to $0.12
ddaa417f: folds
9e34bd45: folds
Uncalled bet ($0.07) returned to Hero
*** SHOWDOWN ***
Hero collected $0.12 from pot
*** SUMMARY ***
Total pot $0.12 | Rake $0 | Jackpot $0 | Bingo $0 | Fortune $0 | Tax $0
Seat 1: 9e34bd45 (big blind) folded before Flop
Seat 2: a7b07123 folded before Flop (didn't bet)
Seat 3: 90ef3577 folded before Flop (didn't bet)
Seat 4: 86ede633 folded before Flop (didn't bet)
Seat 5: Hero (button) collected ($0.12)
Seat 6: ddaa417f (small blind) folded before Flop


Poker Hand #HD1216236848: Hold'em No Limit ($0.02/$0.05) - 2023/04/24 20:40:09
Table 'NLHBlue2' 6-max Seat #4 is the button
Seat 1: 9e34bd45 ($2.35 in chips)
Seat 2: a7b07123 ($5.21 in chips)
Seat 3: 90ef3577 ($4.91 in chips)
Seat 4: 86ede633 ($5 in chips)
Seat 5: Hero ($5.02 in chips)
Seat 6: ddaa417f ($5.07 in chips)
Hero: posts small blind $0.02
ddaa417f: posts big blind $0.05
*** HOLE CARDS ***
Dealt to 9e34bd45 
Dealt to a7b07123 
Dealt to 90ef3577 
Dealt to 86ede633 
Dealt to Hero [2s Qc]
Dealt to ddaa417f 
9e34bd45: folds
a7b07123: folds
90ef3577: folds
86ede633: raises $0.08 to $0.13
Hero: folds
ddaa417f: calls $0.08
*** FLOP *** [Ad Tc As]
ddaa417f: checks
86ede633: bets $0.21
ddaa417f: folds
Uncalled bet ($0.21) returned to 86ede633
*** SHOWDOWN ***
86ede633 collected $0.27 from pot
*** SUMMARY ***
Total pot $0.28 | Rake $0.01 | Jackpot $0 | Bingo $0 | Fortune $0 | Tax $0
Board [Ad Tc As]
Seat 1: 9e34bd45 folded before Flop (didn't bet)
Seat 2: a7b07123 folded before Flop (didn't bet)
Seat 3: 90ef3577 folded before Flop (didn't bet)
Seat 4: 86ede633 (button) won ($0.27)
Seat 5: Hero (small blind) folded before Flop
Seat 6: ddaa417f (big blind) folded on the Flop


Poker Hand #HD1216236816: Hold'em No Limit ($0.02/$0.05) - 2023/04/24 20:39:52
Table 'NLHBlue2' 6-max Seat #3 is the button
Seat 1: 9e34bd45 ($2.35 in chips)
Seat 2: a7b07123 ($5.14 in chips)
Seat 3: 90ef3577 ($4.91 in chips)
Seat 4: 86ede633 ($5 in chips)
Seat 5: Hero ($5.07 in chips)
86ede633: posts small blind $0.02
Hero: posts big blind $0.05
*** HOLE CARDS ***
Dealt to 9e34bd45 
Dealt to a7b07123 
Dealt to 90ef3577 
Dealt to 86ede633 
Dealt to Hero [3h 5h]
9e34bd45: folds
a7b07123: raises $0.08 to $0.13
90ef3577: folds
86ede633: folds
Hero: folds
Uncalled bet ($0.08) returned to a7b07123
*** SHOWDOWN ***
a7b07123 collected $0.12 from pot
*** SUMMARY ***
Total pot $0.12 | Rake $0 | Jackpot $0 | Bingo $0 | Fortune $0 | Tax $0
Seat 1: 9e34bd45 folded before Flop (didn't bet)
Seat 2: a7b07123 collected ($0.12)
Seat 3: 90ef3577 (button) folded before Flop (didn't bet)
Seat 4: 86ede633 (small blind) folded before Flop
Seat 5: Hero (big blind) folded before Flop


Poker Hand #HD1216236675: Hold'em No Limit ($0.02/$0.05) - 2023/04/24 20:38:48
Table 'NLHBlue2' 6-max Seat #2 is the button
Seat 1: 9e34bd45 ($2.28 in chips)
Seat 2: a7b07123 ($5.14 in chips)
Seat 3: 90ef3577 ($4.93 in chips)
Seat 4: 86ede633 ($5 in chips)
Seat 5: Hero ($5.07 in chips)
Seat 6: ddaa417f ($5.07 in chips)
90ef3577: posts small blind $0.02
86ede633: posts big blind $0.05
*** HOLE CARDS ***
Dealt to 9e34bd45 
Dealt to a7b07123 
Dealt to 90ef3577 
Dealt to 86ede633 
Dealt to Hero [Kd 8s]
Dealt to ddaa417f 
Hero: folds
ddaa417f: folds
9e34bd45: raises $0.06 to $0.11
a7b07123: folds
90ef3577: folds
86ede633: folds
Uncalled bet ($0.06) returned to 9e34bd45
*** SHOWDOWN ***
9e34bd45 collected $0.12 from pot
*** SUMMARY ***
Total pot $0.12 | Rake $0 | Jackpot $0 | Bingo $0 | Fortune $0 | Tax $0
Seat 1: 9e34bd45 collected ($0.12)
Seat 2: a7b07123 (button) folded before Flop (didn't bet)
Seat 3: 90ef3577 (small blind) folded before Flop
Seat 4: 86ede633 (big blind) folded before Flop
Seat 5: Hero folded before Flop (didn't bet)
Seat 6: ddaa417f folded before Flop (didn't bet)


Poker Hand #HD1216236648: Hold'em No Limit ($0.02/$0.05) - 2023/04/24 20:38:34
Table 'NLHBlue2' 6-max Seat #1 is the button
Seat 1: 9e34bd45 ($2.28 in chips)
Seat 2: a7b07123 ($5.16 in chips)
Seat 3: 90ef3577 ($4.98 in chips)
Seat 5: Hero ($5.07 in chips)
Seat 6: ddaa417f ($5 in chips)
a7b07123: posts small blind $0.02
90ef3577: posts big blind $0.05
*** HOLE CARDS ***
Dealt to 9e34bd45 
Dealt to a7b07123 
Dealt to 90ef3577 
Dealt to Hero [Js Td]
Dealt to ddaa417f 
Hero: folds
ddaa417f: raises $0.1 to $0.15
9e34bd45: folds
a7b07123: folds
90ef3577: folds
Uncalled bet ($0.1) returned to ddaa417f
*** SHOWDOWN ***
ddaa417f collected $0.12 from pot
*** SUMMARY ***
Total pot $0.12 | Rake $0 | Jackpot $0 | Bingo $0 | Fortune $0 | Tax $0
Seat 1: 9e34bd45 (button) folded before Flop (didn't bet)
Seat 2: a7b07123 (small blind) folded before Flop
Seat 3: 90ef3577 (big blind) folded before Flop
Seat 5: Hero folded before Flop (didn't bet)
Seat 6: ddaa417f collected ($0.12)


Poker Hand #HD1216236609: Hold'em No Limit ($0.02/$0.05) - 2023/04/24 20:38:15
Table 'NLHBlue2' 6-max Seat #6 is the button
Seat 1: 9e34bd45 ($2.3 in chips)
Seat 2: a7b07123 ($5.21 in chips)
Seat 3: 90ef3577 ($4.98 in chips)
Seat 5: Hero ($5 in chips)
Seat 6: ddaa417f ($5 in chips)
9e34bd45: posts small blind $0.02
a7b07123: posts big blind $0.05
*** HOLE CARDS ***
Dealt to 9e34bd45 
Dealt to a7b07123 
Dealt to 90ef3577 
Dealt to Hero [Jc Qs]
Dealt to ddaa417f 
90ef3577: folds
Hero: raises $0.07 to $0.12
ddaa417f: folds
9e34bd45: folds
a7b07123: folds
Uncalled bet ($0.07) returned to Hero
*** SHOWDOWN ***
Hero collected $0.12 from pot
*** SUMMARY ***
Total pot $0.12 | Rake $0 | Jackpot $0 | Bingo $0 | Fortune $0 | Tax $0
Seat 1: 9e34bd45 (small blind) folded before Flop
Seat 2: a7b07123 (big blind) folded before Flop
Seat 3: 90ef3577 folded before Flop (didn't bet)
Seat 5: Hero collected ($0.12)
Seat 6: ddaa417f (button) folded before Flop (didn't bet)


Poker Hand #HD1216236588: Hold'em No Limit ($0.02/$0.05) - 2023/04/24 20:38:07
Table 'NLHBlue2' 6-max Seat #5 is the button
Seat 1: 9e34bd45 ($2.28 in chips)
Seat 2: a7b07123 ($5.21 in chips)
Seat 3: 90ef3577 ($4.98 in chips)
Seat 5: Hero ($5 in chips)
Seat 6: ddaa417f ($5 in chips)
ddaa417f: posts small blind $0.02
9e34bd45: posts big blind $0.05
*** HOLE CARDS ***
Dealt to 9e34bd45 
Dealt to a7b07123 
Dealt to 90ef3577 
Dealt to Hero [2c Kd]
Dealt to ddaa417f 
a7b07123: folds
90ef3577: folds
Hero: folds
ddaa417f: folds
Uncalled bet ($0.03) returned to 9e34bd45
*** SHOWDOWN ***
9e34bd45 collected $0.04 from pot
*** SUMMARY ***
Total pot $0.04 | Rake $0 | Jackpot $0 | Bingo $0 | Fortune $0 | Tax $0
Seat 1: 9e34bd45 (big blind) collected ($0.04)
Seat 2: a7b07123 folded before Flop (didn't bet)
Seat 3: 90ef3577 folded before Flop (didn't bet)
Seat 5: Hero (button) folded before Flop (didn't bet)
Seat 6: ddaa417f (small blind) folded before Flop


Poker Hand #HD1216236566: Hold'em No Limit ($0.02/$0.05) - 2023/04/24 20:37:57
Table 'NLHBlue2' 6-max Seat #3 is the button
Seat 1: 9e34bd45 ($2.28 in chips)
Seat 2: a7b07123 ($5.14 in chips)
Seat 3: 90ef3577 ($4.98 in chips)
Seat 5: Hero ($5 in chips)
Seat 6: ddaa417f ($5 in chips)
Hero: posts small blind $0.02
ddaa417f: posts big blind $0.05
*** HOLE CARDS ***
Dealt to 9e34bd45 
Dealt to a7b07123 
Dealt to 90ef3577 
Dealt to Hero [4d 6d]
Dealt to ddaa417f 
9e34bd45: folds
a7b07123: raises $0.08 to $0.13
90ef3577: folds
Hero: folds
ddaa417f: folds
Uncalled bet ($0.08) returned to a7b07123
*** SHOWDOWN ***
a7b07123 collected $0.12 from pot
*** SUMMARY ***
Total pot $0.12 | Rake $0 | Jackpot $0 | Bingo $0 | Fortune $0 | Tax $0
Seat 1: 9e34bd45 folded before Flop (didn't bet)
Seat 2: a7b07123 collected ($0.12)
Seat 3: 90ef3577 (button) folded before Flop (didn't bet)
Seat 5: Hero (small blind) folded before Flop
Seat 6: ddaa417f (big blind) folded before Flop


Poker Hand #HD1216236479: Hold'em No Limit ($0.02/$0.05) - 2023/04/24 20:37:11
Table 'NLHBlue2' 6-max Seat #2 is the button
Seat 1: 9e34bd45 ($2.28 in chips)
Seat 2: a7b07123 ($5 in chips)
Seat 3: 90ef3577 ($5 in chips)
Seat 5: Hero ($5 in chips)
90ef3577: posts small blind $0.02
Hero: posts big blind $0.05
*** HOLE CARDS ***
Dealt to 9e34bd45 
Dealt to a7b07123 
Dealt to 90ef3577 
Dealt to Hero [8d As]
9e34bd45: folds
a7b07123: raises $0.08 to $0.13
90ef3577: folds
Hero: calls $0.08
*** FLOP *** [6c 3s 4h]
Hero: checks
a7b07123: checks
*** TURN *** [6c 3s 4h] [6s]
Hero: checks
a7b07123: checks
*** RIVER *** [6c 3s 4h 6s] [7h]
Hero: checks
a7b07123: bets $0.2
Hero: folds
Uncalled bet ($0.2) returned to a7b07123
*** SHOWDOWN ***
a7b07123 collected $0.27 from pot
*** SUMMARY ***
Total pot $0.28 | Rake $0.01 | Jackpot $0 | Bingo $0 | Fortune $0 | Tax $0
Board [6c 3s 4h 6s 7h]
Seat 1: 9e34bd45 folded before Flop (didn't bet)
Seat 2: a7b07123 (button) won ($0.27)
Seat 3: 90ef3577 (small blind) folded before Flop
Seat 5: Hero (big blind) folded on the River


Poker Hand #HD1216236428: Hold'em No Limit ($0.02/$0.05) - 2023/04/24 20:36:52
Table 'NLHBlue2' 6-max Seat #1 is the button
Seat 1: 9e34bd45 ($2.1 in chips)
Seat 2: a7b07123 ($5 in chips)
Seat 3: 90ef3577 ($5.05 in chips)
Seat 5: Hero ($5.04 in chips)
a7b07123: posts small blind $0.02
90ef3577: posts big blind $0.05
*** HOLE CARDS ***
Dealt to 9e34bd45 
Dealt to a7b07123 
Dealt to 90ef3577 
Dealt to Hero [4s 5s]
Hero: raises $0.07 to $0.12
9e34bd45: raises $0.26 to $0.38
a7b07123: folds
90ef3577: folds
Hero: folds
Uncalled bet ($0.26) returned to 9e34bd45
*** SHOWDOWN ***
9e34bd45 collected $0.3 from pot
*** SUMMARY ***
Total pot $0.31 | Rake $0.01 | Jackpot $0 | Bingo $0 | Fortune $0 | Tax $0
Seat 1: 9e34bd45 (button) collected ($0.3)
Seat 2: a7b07123 (small blind) folded before Flop
Seat 3: 90ef3577 (big blind) folded before Flop
Seat 5: Hero folded before Flop


Poker Hand #HD1216236376: Hold'em No Limit ($0.02/$0.05) - 2023/04/24 20:36:22
Table 'NLHBlue2' 6-max Seat #5 is the button
Seat 1: 9e34bd45 ($2.12 in chips)
Seat 2: a7b07123 ($5 in chips)
Seat 3: 90ef3577 ($4.86 in chips)
Seat 5: Hero ($5.17 in chips)
9e34bd45: posts small blind $0.02
a7b07123: posts big blind $0.05
*** HOLE CARDS ***
Dealt to 9e34bd45 
Dealt to a7b07123 
Dealt to 90ef3577 
Dealt to Hero [5c 5s]
90ef3577: raises $0.08 to $0.13
Hero: calls $0.13
9e34bd45: folds
a7b07123: folds
*** FLOP *** [4h 2h 7h]
90ef3577: bets $0.17
Hero: folds
Uncalled bet ($0.17) returned to 90ef3577
*** SHOWDOWN ***
90ef3577 collected $0.32 from pot
*** SUMMARY ***
Total pot $0.33 | Rake $0.01 | Jackpot $0 | Bingo $0 | Fortune $0 | Tax $0
Board [4h 2h 7h]
Seat 1: 9e34bd45 (small blind) folded before Flop
Seat 2: a7b07123 (big blind) folded before Flop
Seat 3: 90ef3577 won ($0.32)
Seat 5: Hero (button) folded on the Flop


Poker Hand #HD1216236331: Hold'em No Limit ($0.02/$0.05) - 2023/04/24 20:35:54
Table 'NLHBlue2' 6-max Seat #3 is the button
Seat 1: 9e34bd45 ($2.17 in chips)
Seat 2: a7b07123 ($5.05 in chips)
Seat 3: 90ef3577 ($4.86 in chips)
Seat 5: Hero ($5 in chips)
Hero: posts small blind $0.02
9e34bd45: posts big blind $0.05
*** HOLE CARDS ***
Dealt to 9e34bd45 
Dealt to a7b07123 
Dealt to 90ef3577 
Dealt to Hero [Qs Js]
a7b07123: raises $0.08 to $0.13
90ef3577: folds
Hero: raises $0.47 to $0.6
9e34bd45: folds
a7b07123: folds
Uncalled bet ($0.47) returned to Hero
*** SHOWDOWN ***
Hero collected $0.3 from pot
*** SUMMARY ***
Total pot $0.31 | Rake $0.01 | Jackpot $0 | Bingo $0 | Fortune $0 | Tax $0
Seat 1: 9e34bd45 (big blind) folded before Flop
Seat 2: a7b07123 folded before Flop
Seat 3: 90ef3577 (button) folded before Flop (didn't bet)
Seat 5: Hero (small blind) collected ($0.3)


Poker Hand #HD1216236291: Hold'em No Limit ($0.02/$0.05) - 2023/04/24 20:35:39
Table 'NLHBlue2' 6-max Seat #2 is the button
Seat 1: 9e34bd45 ($2.17 in chips)
Seat 2: a7b07123 ($5.05 in chips)
Seat 3: 90ef3577 ($4.81 in chips)
Seat 5: Hero ($5 in chips)
90ef3577: posts small blind $0.02
Hero: posts big blind $0.05
*** HOLE CARDS ***
Dealt to 9e34bd45 
Dealt to a7b07123 
Dealt to 90ef3577 
Dealt to Hero [Js 8h]
9e34bd45: folds
a7b07123: folds
90ef3577: raises $0.1 to $0.15
Hero: folds
Uncalled bet ($0.1) returned to 90ef3577
*** SHOWDOWN ***
90ef3577 collected $0.1 from pot
*** SUMMARY ***
Total pot $0.1 | Rake $0 | Jackpot $0 | Bingo $0 | Fortune $0 | Tax $0
Seat 1: 9e34bd45 folded before Flop (didn't bet)
Seat 2: a7b07123 (button) folded before Flop (didn't bet)
Seat 3: 90ef3577 (small blind) collected ($0.1)
Seat 5: Hero (big blind) folded before Flop


