Poker Hand #HD1166127331: Hold'em No Limit  ($0.02/$0.05) - 2023/03/18 22:41:31
Table 'NLHBlue16' 6-max Seat #3 is the button
Seat 1: 94caa234 ($5.02 in chips)
Seat 2: Hero ($5.27 in chips)
Seat 3: aae3797 ($1.89 in chips)
Seat 6: ee372a45 ($5.37 in chips)
ee372a45: posts small blind $0.02
94caa234: posts big blind $0.05
*** HOLE CARDS ***
Dealt to 94caa234 
Dealt to Hero [4s Ts]
Dealt to aae3797 
Dealt to ee372a45 
Hero: folds
aae3797: folds
ee372a45: folds
Uncalled bet ($0.03) returned to 94caa234
*** SHOWDOWN ***
94caa234 collected $0.04 from pot
*** SUMMARY ***
Total pot $0.04 | Rake $0 | Jackpot $0 | Bingo $0 | Fortune $0
Seat 1: 94caa234 (big blind) collected ($0.04)
Seat 2: Hero folded before Flop (didn't bet)
Seat 3: aae3797 (button) folded before Flop (didn't bet)
Seat 6: ee372a45 (small blind) folded before Flop


Poker Hand #HD1166127256: Hold'em No Limit  ($0.02/$0.05) - 2023/03/18 22:40:51
Table 'NLHBlue16' 6-max Seat #2 is the button
Seat 1: 94caa234 ($5.02 in chips)
Seat 2: Hero ($5.39 in chips)
Seat 3: aae3797 ($2.01 in chips)
Seat 6: ee372a45 ($5.14 in chips)
aae3797: posts small blind $0.02
ee372a45: posts big blind $0.05
*** HOLE CARDS ***
Dealt to 94caa234 
Dealt to Hero [Ac 8s]
Dealt to aae3797 
Dealt to ee372a45 
94caa234: folds
Hero: raises $0.07 to $0.12
aae3797: calls $0.1
ee372a45: raises $0.39 to $0.51
Hero: folds
aae3797: folds
Uncalled bet ($0.39) returned to ee372a45
*** SHOWDOWN ***
ee372a45 collected $0.35 from pot
*** SUMMARY ***
Total pot $0.36 | Rake $0.01 | Jackpot $0 | Bingo $0 | Fortune $0
Seat 1: 94caa234 folded before Flop (didn't bet)
Seat 2: Hero (button) folded before Flop
Seat 3: aae3797 (small blind) folded before Flop
Seat 6: ee372a45 (big blind) collected ($0.35)


Poker Hand #HD1166127230: Hold'em No Limit  ($0.02/$0.05) - 2023/03/18 22:40:40
Table 'NLHBlue16' 6-max Seat #1 is the button
Seat 1: 94caa234 ($5.02 in chips)
Seat 2: Hero ($5.41 in chips)
Seat 3: aae3797 ($2.06 in chips)
Seat 6: ee372a45 ($5.07 in chips)
Hero: posts small blind $0.02
aae3797: posts big blind $0.05
*** HOLE CARDS ***
Dealt to 94caa234 
Dealt to Hero [Ah 2h]
Dealt to aae3797 
Dealt to ee372a45 
ee372a45: raises $0.08 to $0.13
94caa234: folds
Hero: folds
aae3797: folds
Uncalled bet ($0.08) returned to ee372a45
*** SHOWDOWN ***
ee372a45 collected $0.12 from pot
*** SUMMARY ***
Total pot $0.12 | Rake $0 | Jackpot $0 | Bingo $0 | Fortune $0
Seat 1: 94caa234 (button) folded before Flop (didn't bet)
Seat 2: Hero (small blind) folded before Flop
Seat 3: aae3797 (big blind) folded before Flop
Seat 6: ee372a45 collected ($0.12)


Poker Hand #HD1166127193: Hold'em No Limit  ($0.02/$0.05) - 2023/03/18 22:40:22
Table 'NLHBlue16' 6-max Seat #6 is the button
Seat 1: 94caa234 ($5.04 in chips)
Seat 2: Hero ($5.39 in chips)
Seat 3: aae3797 ($2.06 in chips)
Seat 4: 1ceeb845 ($6.76 in chips)
Seat 6: ee372a45 ($5.07 in chips)
94caa234: posts small blind $0.02
Hero: posts big blind $0.05
*** HOLE CARDS ***
Dealt to 94caa234 
Dealt to Hero [7c 4c]
Dealt to aae3797 
Dealt to 1ceeb845 
Dealt to ee372a45 
aae3797: folds
1ceeb845: folds
ee372a45: folds
94caa234: folds
Uncalled bet ($0.03) returned to Hero
*** SHOWDOWN ***
Hero collected $0.04 from pot
*** SUMMARY ***
Total pot $0.04 | Rake $0 | Jackpot $0 | Bingo $0 | Fortune $0
Seat 1: 94caa234 (small blind) folded before Flop
Seat 2: Hero (big blind) collected ($0.04)
Seat 3: aae3797 folded before Flop (didn't bet)
Seat 4: 1ceeb845 folded before Flop (didn't bet)
Seat 6: ee372a45 (button) folded before Flop (didn't bet)


Poker Hand #HD1166127157: Hold'em No Limit  ($0.02/$0.05) - 2023/03/18 22:40:04
Table 'NLHBlue16' 6-max Seat #4 is the button
Seat 1: 94caa234 ($5.01 in chips)
Seat 2: Hero ($5.39 in chips)
Seat 3: aae3797 ($2.06 in chips)
Seat 4: 1ceeb845 ($6.69 in chips)
Seat 6: ee372a45 ($5.09 in chips)
ee372a45: posts small blind $0.02
94caa234: posts big blind $0.05
*** HOLE CARDS ***
Dealt to 94caa234 
Dealt to Hero [4d 6d]
Dealt to aae3797 
Dealt to 1ceeb845 
Dealt to ee372a45 
Hero: folds
aae3797: folds
1ceeb845: raises $0.05 to $0.1
ee372a45: folds
94caa234: folds
Uncalled bet ($0.05) returned to 1ceeb845
*** SHOWDOWN ***
1ceeb845 collected $0.12 from pot
*** SUMMARY ***
Total pot $0.12 | Rake $0 | Jackpot $0 | Bingo $0 | Fortune $0
Seat 1: 94caa234 (big blind) folded before Flop
Seat 2: Hero folded before Flop (didn't bet)
Seat 3: aae3797 folded before Flop (didn't bet)
Seat 4: 1ceeb845 (button) collected ($0.12)
Seat 6: ee372a45 (small blind) folded before Flop


Poker Hand #HD1166127124: Hold'em No Limit  ($0.02/$0.05) - 2023/03/18 22:39:39
Table 'NLHBlue16' 6-max Seat #3 is the button
Seat 1: 94caa234 ($5.01 in chips)
Seat 2: Hero ($5.39 in chips)
Seat 3: aae3797 ($2.06 in chips)
Seat 4: 1ceeb845 ($6.71 in chips)
Seat 6: ee372a45 ($5.07 in chips)
1ceeb845: posts small blind $0.02
ee372a45: posts big blind $0.05
*** HOLE CARDS ***
Dealt to 94caa234 
Dealt to Hero [Qd 7h]
Dealt to aae3797 
Dealt to 1ceeb845 
Dealt to ee372a45 
94caa234: folds
Hero: folds
aae3797: folds
1ceeb845: folds
Uncalled bet ($0.03) returned to ee372a45
*** SHOWDOWN ***
ee372a45 collected $0.04 from pot
*** SUMMARY ***
Total pot $0.04 | Rake $0 | Jackpot $0 | Bingo $0 | Fortune $0
Seat 1: 94caa234 folded before Flop (didn't bet)
Seat 2: Hero folded before Flop (didn't bet)
Seat 3: aae3797 (button) folded before Flop (didn't bet)
Seat 4: 1ceeb845 (small blind) folded before Flop
Seat 6: ee372a45 (big blind) collected ($0.04)


Poker Hand #HD1166127104: Hold'em No Limit  ($0.02/$0.05) - 2023/03/18 22:39:30
Table 'NLHBlue16' 6-max Seat #2 is the button
Seat 1: 94caa234 ($5.01 in chips)
Seat 2: Hero ($5.39 in chips)
Seat 3: aae3797 ($2.08 in chips)
Seat 4: 1ceeb845 ($6.69 in chips)
Seat 6: ee372a45 ($5.07 in chips)
aae3797: posts small blind $0.02
1ceeb845: posts big blind $0.05
*** HOLE CARDS ***
Dealt to 94caa234 
Dealt to Hero [8d Jc]
Dealt to aae3797 
Dealt to 1ceeb845 
Dealt to ee372a45 
ee372a45: folds
94caa234: folds
Hero: folds
aae3797: folds
Uncalled bet ($0.03) returned to 1ceeb845
*** SHOWDOWN ***
1ceeb845 collected $0.04 from pot
*** SUMMARY ***
Total pot $0.04 | Rake $0 | Jackpot $0 | Bingo $0 | Fortune $0
Seat 1: 94caa234 folded before Flop (didn't bet)
Seat 2: Hero (button) folded before Flop (didn't bet)
Seat 3: aae3797 (small blind) folded before Flop
Seat 4: 1ceeb845 (big blind) collected ($0.04)
Seat 6: ee372a45 folded before Flop (didn't bet)


Poker Hand #HD1166127088: Hold'em No Limit  ($0.02/$0.05) - 2023/03/18 22:39:20
Table 'NLHBlue16' 6-max Seat #1 is the button
Seat 1: 94caa234 ($5.01 in chips)
Seat 2: Hero ($5.41 in chips)
Seat 3: aae3797 ($2.06 in chips)
Seat 4: 1ceeb845 ($6.69 in chips)
Seat 6: ee372a45 ($5.07 in chips)
Hero: posts small blind $0.02
aae3797: posts big blind $0.05
*** HOLE CARDS ***
Dealt to 94caa234 
Dealt to Hero [6c Js]
Dealt to aae3797 
Dealt to 1ceeb845 
Dealt to ee372a45 
1ceeb845: folds
ee372a45: folds
94caa234: folds
Hero: folds
Uncalled bet ($0.03) returned to aae3797
*** SHOWDOWN ***
aae3797 collected $0.04 from pot
*** SUMMARY ***
Total pot $0.04 | Rake $0 | Jackpot $0 | Bingo $0 | Fortune $0
Seat 1: 94caa234 (button) folded before Flop (didn't bet)
Seat 2: Hero (small blind) folded before Flop
Seat 3: aae3797 (big blind) collected ($0.04)
Seat 4: 1ceeb845 folded before Flop (didn't bet)
Seat 6: ee372a45 folded before Flop (didn't bet)


Poker Hand #HD1166127054: Hold'em No Limit  ($0.02/$0.05) - 2023/03/18 22:39:00
Table 'NLHBlue16' 6-max Seat #6 is the button
Seat 1: 94caa234 ($5.03 in chips)
Seat 2: Hero ($5.46 in chips)
Seat 3: aae3797 ($1.99 in chips)
Seat 4: 1ceeb845 ($6.69 in chips)
Seat 6: ee372a45 ($5.07 in chips)
94caa234: posts small blind $0.02
Hero: posts big blind $0.05
*** HOLE CARDS ***
Dealt to 94caa234 
Dealt to Hero [4h 5d]
Dealt to aae3797 
Dealt to 1ceeb845 
Dealt to ee372a45 
aae3797: raises $0.1 to $0.15
1ceeb845: folds
ee372a45: folds
94caa234: folds
Hero: folds
Uncalled bet ($0.1) returned to aae3797
*** SHOWDOWN ***
aae3797 collected $0.12 from pot
*** SUMMARY ***
Total pot $0.12 | Rake $0 | Jackpot $0 | Bingo $0 | Fortune $0
Seat 1: 94caa234 (small blind) folded before Flop
Seat 2: Hero (big blind) folded before Flop
Seat 3: aae3797 collected ($0.12)
Seat 4: 1ceeb845 folded before Flop (didn't bet)
Seat 6: ee372a45 (button) folded before Flop (didn't bet)


Poker Hand #HD1166127031: Hold'em No Limit  ($0.02/$0.05) - 2023/03/18 22:38:43
Table 'NLHBlue16' 6-max Seat #4 is the button
Seat 1: 94caa234 ($5.01 in chips)
Seat 2: Hero ($5.46 in chips)
Seat 3: aae3797 ($1.99 in chips)
Seat 4: 1ceeb845 ($6.69 in chips)
Seat 6: ee372a45 ($5.09 in chips)
ee372a45: posts small blind $0.02
94caa234: posts big blind $0.05
*** HOLE CARDS ***
Dealt to 94caa234 
Dealt to Hero [6h 3c]
Dealt to aae3797 
Dealt to 1ceeb845 
Dealt to ee372a45 
Hero: folds
aae3797: folds
1ceeb845: folds
ee372a45: folds
Uncalled bet ($0.03) returned to 94caa234
*** SHOWDOWN ***
94caa234 collected $0.04 from pot
*** SUMMARY ***
Total pot $0.04 | Rake $0 | Jackpot $0 | Bingo $0 | Fortune $0
Seat 1: 94caa234 (big blind) collected ($0.04)
Seat 2: Hero folded before Flop (didn't bet)
Seat 3: aae3797 folded before Flop (didn't bet)
Seat 4: 1ceeb845 (button) folded before Flop (didn't bet)
Seat 6: ee372a45 (small blind) folded before Flop


Poker Hand #HD1166127004: Hold'em No Limit  ($0.02/$0.05) - 2023/03/18 22:38:27
Table 'NLHBlue16' 6-max Seat #3 is the button
Seat 1: 94caa234 ($5.01 in chips)
Seat 2: Hero ($5.46 in chips)
Seat 3: aae3797 ($1.99 in chips)
Seat 4: 1ceeb845 ($6.71 in chips)
Seat 6: ee372a45 ($5.07 in chips)
1ceeb845: posts small blind $0.02
ee372a45: posts big blind $0.05
*** HOLE CARDS ***
Dealt to 94caa234 
Dealt to Hero [8d Th]
Dealt to aae3797 
Dealt to 1ceeb845 
Dealt to ee372a45 
94caa234: folds
Hero: folds
aae3797: folds
1ceeb845: folds
Uncalled bet ($0.03) returned to ee372a45
*** SHOWDOWN ***
ee372a45 collected $0.04 from pot
*** SUMMARY ***
Total pot $0.04 | Rake $0 | Jackpot $0 | Bingo $0 | Fortune $0
Seat 1: 94caa234 folded before Flop (didn't bet)
Seat 2: Hero folded before Flop (didn't bet)
Seat 3: aae3797 (button) folded before Flop (didn't bet)
Seat 4: 1ceeb845 (small blind) folded before Flop
Seat 6: ee372a45 (big blind) collected ($0.04)


Poker Hand #HD1166126977: Hold'em No Limit  ($0.02/$0.05) - 2023/03/18 22:38:12
Table 'NLHBlue16' 6-max Seat #2 is the button
Seat 1: 94caa234 ($5.01 in chips)
Seat 2: Hero ($5.46 in chips)
Seat 3: aae3797 ($2.01 in chips)
Seat 4: 1ceeb845 ($6.69 in chips)
Seat 6: ee372a45 ($5.07 in chips)
aae3797: posts small blind $0.02
1ceeb845: posts big blind $0.05
*** HOLE CARDS ***
Dealt to 94caa234 
Dealt to Hero [9s 5s]
Dealt to aae3797 
Dealt to 1ceeb845 
Dealt to ee372a45 
ee372a45: folds
94caa234: folds
Hero: folds
aae3797: folds
Uncalled bet ($0.03) returned to 1ceeb845
*** SHOWDOWN ***
1ceeb845 collected $0.04 from pot
*** SUMMARY ***
Total pot $0.04 | Rake $0 | Jackpot $0 | Bingo $0 | Fortune $0
Seat 1: 94caa234 folded before Flop (didn't bet)
Seat 2: Hero (button) folded before Flop (didn't bet)
Seat 3: aae3797 (small blind) folded before Flop
Seat 4: 1ceeb845 (big blind) collected ($0.04)
Seat 6: ee372a45 folded before Flop (didn't bet)


Poker Hand #HD1166126947: Hold'em No Limit  ($0.02/$0.05) - 2023/03/18 22:37:56
Table 'NLHBlue16' 6-max Seat #1 is the button
Seat 1: 94caa234 ($5.01 in chips)
Seat 2: Hero ($5.48 in chips)
Seat 3: aae3797 ($1.99 in chips)
Seat 4: 1ceeb845 ($6.69 in chips)
Seat 6: ee372a45 ($5.07 in chips)
Hero: posts small blind $0.02
aae3797: posts big blind $0.05
*** HOLE CARDS ***
Dealt to 94caa234 
Dealt to Hero [Tc 3h]
Dealt to aae3797 
Dealt to 1ceeb845 
Dealt to ee372a45 
1ceeb845: folds
ee372a45: folds
94caa234: folds
Hero: folds
Uncalled bet ($0.03) returned to aae3797
*** SHOWDOWN ***
aae3797 collected $0.04 from pot
*** SUMMARY ***
Total pot $0.04 | Rake $0 | Jackpot $0 | Bingo $0 | Fortune $0
Seat 1: 94caa234 (button) folded before Flop (didn't bet)
Seat 2: Hero (small blind) folded before Flop
Seat 3: aae3797 (big blind) collected ($0.04)
Seat 4: 1ceeb845 folded before Flop (didn't bet)
Seat 6: ee372a45 folded before Flop (didn't bet)


Poker Hand #HD1166126917: Hold'em No Limit  ($0.02/$0.05) - 2023/03/18 22:37:40
Table 'NLHBlue16' 6-max Seat #6 is the button
Seat 1: 94caa234 ($5.03 in chips)
Seat 2: Hero ($5.53 in chips)
Seat 3: aae3797 ($1.92 in chips)
Seat 4: 1ceeb845 ($6.69 in chips)
Seat 6: ee372a45 ($5.07 in chips)
94caa234: posts small blind $0.02
Hero: posts big blind $0.05
*** HOLE CARDS ***
Dealt to 94caa234 
Dealt to Hero [3d 5s]
Dealt to aae3797 
Dealt to 1ceeb845 
Dealt to ee372a45 
aae3797: raises $0.1 to $0.15
1ceeb845: folds
ee372a45: folds
94caa234: folds
Hero: folds
Uncalled bet ($0.1) returned to aae3797
*** SHOWDOWN ***
aae3797 collected $0.12 from pot
*** SUMMARY ***
Total pot $0.12 | Rake $0 | Jackpot $0 | Bingo $0 | Fortune $0
Seat 1: 94caa234 (small blind) folded before Flop
Seat 2: Hero (big blind) folded before Flop
Seat 3: aae3797 collected ($0.12)
Seat 4: 1ceeb845 folded before Flop (didn't bet)
Seat 6: ee372a45 (button) folded before Flop (didn't bet)


Poker Hand #HD1166126878: Hold'em No Limit  ($0.02/$0.05) - 2023/03/18 22:37:15
Table 'NLHBlue16' 6-max Seat #4 is the button
Seat 1: 94caa234 ($5.02 in chips)
Seat 2: Hero ($5.53 in chips)
Seat 3: aae3797 ($1.92 in chips)
Seat 4: 1ceeb845 ($6.69 in chips)
Seat 6: ee372a45 ($5.02 in chips)
ee372a45: posts small blind $0.02
94caa234: posts big blind $0.05
*** HOLE CARDS ***
Dealt to 94caa234 
Dealt to Hero [5s Js]
Dealt to aae3797 
Dealt to 1ceeb845 
Dealt to ee372a45 
Hero: folds
aae3797: folds
1ceeb845: folds
ee372a45: raises $0.08 to $0.13
94caa234: folds
Uncalled bet ($0.08) returned to ee372a45
*** SHOWDOWN ***
ee372a45 collected $0.1 from pot
*** SUMMARY ***
Total pot $0.1 | Rake $0 | Jackpot $0 | Bingo $0 | Fortune $0
Seat 1: 94caa234 (big blind) folded before Flop
Seat 2: Hero folded before Flop (didn't bet)
Seat 3: aae3797 folded before Flop (didn't bet)
Seat 4: 1ceeb845 (button) folded before Flop (didn't bet)
Seat 6: ee372a45 (small blind) collected ($0.1)


Poker Hand #HD1166126842: Hold'em No Limit  ($0.02/$0.05) - 2023/03/18 22:36:59
Table 'NLHBlue16' 6-max Seat #3 is the button
Seat 1: 94caa234 ($5.02 in chips)
Seat 2: Hero ($5.53 in chips)
Seat 3: aae3797 ($1.92 in chips)
Seat 4: 1ceeb845 ($6.71 in chips)
Seat 6: ee372a45 ($5 in chips)
1ceeb845: posts small blind $0.02
ee372a45: posts big blind $0.05
*** HOLE CARDS ***
Dealt to 94caa234 
Dealt to Hero [2d 7d]
Dealt to aae3797 
Dealt to 1ceeb845 
Dealt to ee372a45 
94caa234: folds
Hero: folds
aae3797: folds
1ceeb845: folds
Uncalled bet ($0.03) returned to ee372a45
*** SHOWDOWN ***
ee372a45 collected $0.04 from pot
*** SUMMARY ***
Total pot $0.04 | Rake $0 | Jackpot $0 | Bingo $0 | Fortune $0
Seat 1: 94caa234 folded before Flop (didn't bet)
Seat 2: Hero folded before Flop (didn't bet)
Seat 3: aae3797 (button) folded before Flop (didn't bet)
Seat 4: 1ceeb845 (small blind) folded before Flop
Seat 6: ee372a45 (big blind) collected ($0.04)


Poker Hand #HD1166126815: Hold'em No Limit  ($0.02/$0.05) - 2023/03/18 22:36:39
Table 'NLHBlue16' 6-max Seat #2 is the button
Seat 1: 94caa234 ($5.02 in chips)
Seat 2: Hero ($5.53 in chips)
Seat 3: aae3797 ($1.94 in chips)
Seat 4: 1ceeb845 ($6.69 in chips)
aae3797: posts small blind $0.02
1ceeb845: posts big blind $0.05
*** HOLE CARDS ***
Dealt to 94caa234 
Dealt to Hero [Qh 3d]
Dealt to aae3797 
Dealt to 1ceeb845 
94caa234: folds
Hero: folds
aae3797: folds
Uncalled bet ($0.03) returned to 1ceeb845
*** SHOWDOWN ***
1ceeb845 collected $0.04 from pot
*** SUMMARY ***
Total pot $0.04 | Rake $0 | Jackpot $0 | Bingo $0 | Fortune $0
Seat 1: 94caa234 folded before Flop (didn't bet)
Seat 2: Hero (button) folded before Flop (didn't bet)
Seat 3: aae3797 (small blind) folded before Flop
Seat 4: 1ceeb845 (big blind) collected ($0.04)


Poker Hand #HD1166126748: Hold'em No Limit  ($0.02/$0.05) - 2023/03/18 22:35:56
Table 'NLHBlue16' 6-max Seat #1 is the button
Seat 1: 94caa234 ($5.02 in chips)
Seat 2: Hero ($5.55 in chips)
Seat 3: aae3797 ($2.43 in chips)
Seat 4: 1ceeb845 ($6.23 in chips)
Hero: posts small blind $0.02
aae3797: posts big blind $0.05
*** HOLE CARDS ***
Dealt to 94caa234 
Dealt to Hero [6s 4d]
Dealt to aae3797 
Dealt to 1ceeb845 
1ceeb845: raises $0.05 to $0.1
94caa234: folds
Hero: folds
aae3797: calls $0.05
*** FLOP *** [3d Th 2c]
aae3797: checks
1ceeb845: checks
*** TURN *** [3d Th 2c] [Jd]
aae3797: bets $0.14
1ceeb845: calls $0.14
*** RIVER *** [3d Th 2c Jd] [9h]
aae3797: checks
1ceeb845: bets $0.25
aae3797: calls $0.25
1ceeb845: shows [Ac Jc] (Pair of Jacks)
aae3797: shows [Kd Ts] (Pair of Tens)
*** SHOWDOWN ***
1ceeb845 collected $0.95 from pot
*** SUMMARY ***
Total pot $1 | Rake $0.05 | Jackpot $0 | Bingo $0 | Fortune $0
Board [3d Th 2c Jd 9h]
Seat 1: 94caa234 (button) folded before Flop (didn't bet)
Seat 2: Hero (small blind) folded before Flop
Seat 3: aae3797 (big blind) showed [Kd Ts] and lost with Pair of Tens
Seat 4: 1ceeb845 showed [Ac Jc] and won ($0.95) with Pair of Jacks


Poker Hand #HD1166126700: Hold'em No Limit  ($0.02/$0.05) - 2023/03/18 22:35:30
Table 'NLHBlue16' 6-max Seat #4 is the button
Seat 1: 94caa234 ($5 in chips)
Seat 2: Hero ($5.53 in chips)
Seat 3: aae3797 ($2.43 in chips)
Seat 4: 1ceeb845 ($6.23 in chips)
94caa234: posts small blind $0.02
Hero: posts big blind $0.05
*** HOLE CARDS ***
Dealt to 94caa234 
Dealt to Hero [8h Kd]
Dealt to aae3797 
Dealt to 1ceeb845 
aae3797: folds
1ceeb845: folds
94caa234: folds
Uncalled bet ($0.03) returned to Hero
*** SHOWDOWN ***
Hero collected $0.04 from pot
*** SUMMARY ***
Total pot $0.04 | Rake $0 | Jackpot $0 | Bingo $0 | Fortune $0
Seat 1: 94caa234 (small blind) folded before Flop
Seat 2: Hero (big blind) collected ($0.04)
Seat 3: aae3797 folded before Flop (didn't bet)
Seat 4: 1ceeb845 (button) folded before Flop (didn't bet)


Poker Hand #HD1166126607: Hold'em No Limit  ($0.02/$0.05) - 2023/03/18 22:34:40
Table 'NLHBlue16' 6-max Seat #3 is the button
Seat 1: 94caa234 ($5 in chips)
Seat 2: Hero ($5.01 in chips)
Seat 3: aae3797 ($2.43 in chips)
Seat 4: 1ceeb845 ($6.25 in chips)
Seat 5: 9c1b6093 ($0.53 in chips)
Seat 6: ec71941c ($2.44 in chips)
1ceeb845: posts small blind $0.02
9c1b6093: posts big blind $0.05
*** HOLE CARDS ***
Dealt to 94caa234 
Dealt to Hero [Ts Ac]
Dealt to aae3797 
Dealt to 1ceeb845 
Dealt to 9c1b6093 
Dealt to ec71941c 
ec71941c: folds
94caa234: folds
Hero: raises $0.07 to $0.12
aae3797: folds
1ceeb845: folds
9c1b6093: raises $0.41 to $0.53 and is all-in
Hero: calls $0.41
9c1b6093: shows [Tc Jd]
Hero: shows [Ts Ac]
*** FIRST FLOP *** [8c 5s Kh]
*** FIRST TURN *** [8c 5s Kh] [7d]
*** FIRST RIVER *** [8c 5s Kh 7d] [4d]
*** SECOND FLOP *** [9s Qs 6s]
*** SECOND TURN *** [9s Qs 6s] [8s]
*** SECOND RIVER *** [9s Qs 6s 8s] [Qc]
*** THIRD FLOP *** [4h Ks Kc]
*** THIRD TURN *** [4h Ks Kc] [Qd]
*** THIRD RIVER *** [4h Ks Kc Qd] [5d]
*** FIRST SHOWDOWN ***
Hero collected $0.35 from pot
*** SECOND SHOWDOWN ***
Hero collected $0.35 from pot
*** THIRD SHOWDOWN ***
Hero collected $0.35 from pot
*** SUMMARY ***
Total pot $1.08 | Rake $0.03 | Jackpot $0 | Bingo $0 | Fortune $0
Hand was run three times
FIRST Board [8c 5s Kh 7d 4d]
SECOND Board [9s Qs 6s 8s Qc]
THIRD Board [4h Ks Kc Qd 5d]
Seat 1: 94caa234 folded before Flop (didn't bet)
Seat 2: Hero showed [Ts Ac] and won ($0.35) with Ace-High, and won ($0.35) with Queen High Flush, and won ($0.35) with Pair of Kings
Seat 3: aae3797 (button) folded before Flop (didn't bet)
Seat 4: 1ceeb845 (small blind) folded before Flop
Seat 5: 9c1b6093 (big blind) showed [Tc Jd] and lost with King-High, and lost with Queens-High Straight, and lost with Pair of Kings
Seat 6: ec71941c folded before Flop (didn't bet)


Poker Hand #HD1166126567: Hold'em No Limit  ($0.02/$0.05) - 2023/03/18 22:34:15
Table 'NLHBlue16' 6-max Seat #2 is the button
Seat 1: 94caa234 ($5 in chips)
Seat 2: Hero ($5.01 in chips)
Seat 3: aae3797 ($2.45 in chips)
Seat 4: 1ceeb845 ($6.3 in chips)
Seat 5: 9c1b6093 ($0.53 in chips)
Seat 6: ec71941c ($2.37 in chips)
aae3797: posts small blind $0.02
1ceeb845: posts big blind $0.05
*** HOLE CARDS ***
Dealt to 94caa234 
Dealt to Hero [9d Kc]
Dealt to aae3797 
Dealt to 1ceeb845 
Dealt to 9c1b6093 
Dealt to ec71941c 
9c1b6093: folds
ec71941c: raises $0.05 to $0.1
94caa234: folds
Hero: folds
aae3797: folds
1ceeb845: folds
Uncalled bet ($0.05) returned to ec71941c
*** SHOWDOWN ***
ec71941c collected $0.12 from pot
*** SUMMARY ***
Total pot $0.12 | Rake $0 | Jackpot $0 | Bingo $0 | Fortune $0
Seat 1: 94caa234 folded before Flop (didn't bet)
Seat 2: Hero (button) folded before Flop (didn't bet)
Seat 3: aae3797 (small blind) folded before Flop
Seat 4: 1ceeb845 (big blind) folded before Flop
Seat 5: 9c1b6093 folded before Flop (didn't bet)
Seat 6: ec71941c collected ($0.12)


Poker Hand #HD1166126552: Hold'em No Limit  ($0.02/$0.05) - 2023/03/18 22:34:03
Table 'NLHBlue16' 6-max Seat #1 is the button
Seat 1: 94caa234 ($5 in chips)
Seat 2: Hero ($5.03 in chips)
Seat 3: aae3797 ($2.5 in chips)
Seat 4: 1ceeb845 ($6.3 in chips)
Seat 5: 9c1b6093 ($0.46 in chips)
Seat 6: ec71941c ($2.37 in chips)
Hero: posts small blind $0.02
aae3797: posts big blind $0.05
*** HOLE CARDS ***
Dealt to 94caa234 
Dealt to Hero [7d Kh]
Dealt to aae3797 
Dealt to 1ceeb845 
Dealt to 9c1b6093 
Dealt to ec71941c 
1ceeb845: folds
9c1b6093: raises $0.41 to $0.46 and is all-in
ec71941c: folds
94caa234: folds
Hero: folds
aae3797: folds
Uncalled bet ($0.41) returned to 9c1b6093
*** SHOWDOWN ***
9c1b6093 collected $0.12 from pot
*** SUMMARY ***
Total pot $0.12 | Rake $0 | Jackpot $0 | Bingo $0 | Fortune $0
Seat 1: 94caa234 (button) folded before Flop (didn't bet)
Seat 2: Hero (small blind) folded before Flop
Seat 3: aae3797 (big blind) folded before Flop
Seat 4: 1ceeb845 folded before Flop (didn't bet)
Seat 5: 9c1b6093 collected ($0.12)
Seat 6: ec71941c folded before Flop (didn't bet)


Poker Hand #HD1166126518: Hold'em No Limit  ($0.02/$0.05) - 2023/03/18 22:33:43
Table 'NLHBlue16' 6-max Seat #6 is the button
Seat 1: 94caa234 ($5 in chips)
Seat 2: Hero ($5.08 in chips)
Seat 4: 1ceeb845 ($6.3 in chips)
Seat 5: 9c1b6093 ($0.39 in chips)
Seat 6: ec71941c ($2.37 in chips)
94caa234: posts small blind $0.02
Hero: posts big blind $0.05
*** HOLE CARDS ***
Dealt to 94caa234 
Dealt to Hero [7h 4s]
Dealt to 1ceeb845 
Dealt to 9c1b6093 
Dealt to ec71941c 
1ceeb845: folds
9c1b6093: raises $0.34 to $0.39 and is all-in
ec71941c: folds
94caa234: folds
Hero: folds
Uncalled bet ($0.34) returned to 9c1b6093
*** SHOWDOWN ***
9c1b6093 collected $0.12 from pot
*** SUMMARY ***
Total pot $0.12 | Rake $0 | Jackpot $0 | Bingo $0 | Fortune $0
Seat 1: 94caa234 (small blind) folded before Flop
Seat 2: Hero (big blind) folded before Flop
Seat 4: 1ceeb845 folded before Flop (didn't bet)
Seat 5: 9c1b6093 collected ($0.12)
Seat 6: ec71941c (button) folded before Flop (didn't bet)


Poker Hand #HD1166126477: Hold'em No Limit  ($0.02/$0.05) - 2023/03/18 22:33:21
Table 'NLHBlue16' 6-max Seat #5 is the button
Seat 1: 94caa234 ($5 in chips)
Seat 2: Hero ($5.08 in chips)
Seat 4: 1ceeb845 ($6.3 in chips)
Seat 5: 9c1b6093 ($0.32 in chips)
Seat 6: ec71941c ($2.39 in chips)
ec71941c: posts small blind $0.02
94caa234: posts big blind $0.05
*** HOLE CARDS ***
Dealt to 94caa234 
Dealt to Hero [7s 4c]
Dealt to 1ceeb845 
Dealt to 9c1b6093 
Dealt to ec71941c 
Hero: folds
1ceeb845: folds
9c1b6093: raises $0.27 to $0.32 and is all-in
ec71941c: folds
94caa234: folds
Uncalled bet ($0.27) returned to 9c1b6093
*** SHOWDOWN ***
9c1b6093 collected $0.12 from pot
*** SUMMARY ***
Total pot $0.12 | Rake $0 | Jackpot $0 | Bingo $0 | Fortune $0
Seat 1: 94caa234 (big blind) folded before Flop
Seat 2: Hero folded before Flop (didn't bet)
Seat 4: 1ceeb845 folded before Flop (didn't bet)
Seat 5: 9c1b6093 (button) collected ($0.12)
Seat 6: ec71941c (small blind) folded before Flop


Poker Hand #HD1166126390: Hold'em No Limit  ($0.02/$0.05) - 2023/03/18 22:32:33
Table 'NLHBlue16' 6-max Seat #4 is the button
Seat 2: Hero ($5.08 in chips)
Seat 4: 1ceeb845 ($6.3 in chips)
Seat 5: 9c1b6093 ($1.6 in chips)
Seat 6: ec71941c ($1.28 in chips)
9c1b6093: posts small blind $0.02
ec71941c: posts big blind $0.05
*** HOLE CARDS ***
Dealt to Hero [4c 6d]
Dealt to 1ceeb845 
Dealt to 9c1b6093 
Dealt to ec71941c 
Hero: folds
1ceeb845: folds
9c1b6093: raises $0.1 to $0.15
ec71941c: raises $1.13 to $1.28 and is all-in
9c1b6093: calls $1.13
ec71941c: shows [Ad Th]
9c1b6093: shows [Ts Jh]
*** FLOP *** [As 3d 9h]
*** TURN *** [As 3d 9h] [6c]
*** RIVER *** [As 3d 9h 6c] [Js]
*** SHOWDOWN ***
ec71941c collected $2.39 from pot
*** SUMMARY ***
Total pot $2.56 | Rake $0.12 | Jackpot $0.05 | Bingo $0 | Fortune $0
Board [As 3d 9h 6c Js]
Seat 2: Hero folded before Flop (didn't bet)
Seat 4: 1ceeb845 (button) folded before Flop (didn't bet)
Seat 5: 9c1b6093 (small blind) showed [Ts Jh] and lost with Pair of Jacks
Seat 6: ec71941c (big blind) showed [Ad Th] and won ($2.39) with Pair of Aces


Poker Hand #HD1166126315: Hold'em No Limit  ($0.02/$0.05) - 2023/03/18 22:31:41
Table 'NLHBlue16' 6-max Seat #2 is the button
Seat 1: 8c51a5d4 ($1.36 in chips)
Seat 2: Hero ($5.08 in chips)
Seat 3: eb1c5005 ($2.38 in chips)
Seat 4: 1ceeb845 ($2.91 in chips)
Seat 5: 9c1b6093 ($1.6 in chips)
eb1c5005: posts small blind $0.02
1ceeb845: posts big blind $0.05
*** HOLE CARDS ***
Dealt to 8c51a5d4 
Dealt to Hero [3h Kd]
Dealt to eb1c5005 
Dealt to 1ceeb845 
Dealt to 9c1b6093 
9c1b6093: folds
8c51a5d4: raises $0.05 to $0.1
Hero: folds
eb1c5005: raises $2.28 to $2.38 and is all-in
1ceeb845: calls $2.33
8c51a5d4: calls $1.26 and is all-in
eb1c5005: shows [4c As]
1ceeb845: shows [8s 8h]
8c51a5d4: shows [2h 2c]
*** FLOP *** [8d Tc 6h]
*** TURN *** [8d Tc 6h] [Qc]
*** RIVER *** [8d Tc 6h Qc] [Qh]
*** SHOWDOWN ***
1ceeb845 collected $3.83 from pot
1ceeb845 collected $1.94 from pot
*** SUMMARY ***
Total pot $6.12 | Rake $0.3 | Jackpot $0.05 | Bingo $0 | Fortune $0
Board [8d Tc 6h Qc Qh]
Seat 1: 8c51a5d4 showed [2h 2c] and lost with Pair of Queens and Pair of Twos
Seat 2: Hero (button) folded before Flop (didn't bet)
Seat 3: eb1c5005 (small blind) showed [4c As] and lost with Pair of Queens
Seat 4: 1ceeb845 (big blind) showed [8s 8h] and won ($5.77) with Eights Full over Queens
Seat 5: 9c1b6093 folded before Flop (didn't bet)


Poker Hand #HD1166126224: Hold'em No Limit  ($0.02/$0.05) - 2023/03/18 22:30:47
Table 'NLHBlue16' 6-max Seat #1 is the button
Seat 1: 8c51a5d4 ($1.36 in chips)
Seat 2: Hero ($5.1 in chips)
Seat 3: eb1c5005 ($3.38 in chips)
Seat 4: 1ceeb845 ($2.91 in chips)
Seat 5: 9c1b6093 ($1 in chips)
Hero: posts small blind $0.02
eb1c5005: posts big blind $0.05
9c1b6093: posts big blind $0.05
*** HOLE CARDS ***
Dealt to 8c51a5d4 
Dealt to Hero [5d 9c]
Dealt to eb1c5005 
Dealt to 1ceeb845 
Dealt to 9c1b6093 
1ceeb845: folds
9c1b6093: raises $0.12 to $0.17
8c51a5d4: folds
Hero: folds
eb1c5005: raises $3.21 to $3.38 and is all-in
9c1b6093: calls $0.83 and is all-in
Uncalled bet ($2.38) returned to eb1c5005
eb1c5005: shows [Tc Jh]
9c1b6093: shows [Kc Qc]
*** FLOP *** [2c Ad 6d]
*** TURN *** [2c Ad 6d] [7h]
9c1b6093: Chooses to EV Cashout 
*** RIVER *** [2c Ad 6d 7h] [9h]
9c1b6093: Pays Cashout Risk ($0.28)
*** SHOWDOWN ***
9c1b6093 collected $1.88 from pot
*** SUMMARY ***
Total pot $2.02 | Rake $0.09 | Jackpot $0.05 | Bingo $0 | Fortune $0
Board [2c Ad 6d 7h 9h]
Seat 1: 8c51a5d4 (button) folded before Flop (didn't bet)
Seat 2: Hero (small blind) folded before Flop
Seat 3: eb1c5005 (big blind) showed [Tc Jh] and lost with Ace-High
Seat 4: 1ceeb845 folded before Flop (didn't bet)
Seat 5: 9c1b6093 showed [Kc Qc] and won ($1.88) with Ace-High, Cashout Risk ($0.28)


Poker Hand #HD1166126151: Hold'em No Limit  ($0.02/$0.05) - 2023/03/18 22:30:05
Table 'NLHBlue16' 6-max Seat #4 is the button
Seat 1: 8c51a5d4 ($1.41 in chips)
Seat 2: Hero ($5 in chips)
Seat 3: eb1c5005 ($3.43 in chips)
Seat 4: 1ceeb845 ($2.91 in chips)
8c51a5d4: posts small blind $0.02
Hero: posts big blind $0.05
eb1c5005: posts big blind $0.05
*** HOLE CARDS ***
Dealt to 8c51a5d4 
Dealt to Hero [3d 5d]
Dealt to eb1c5005 
Dealt to 1ceeb845 
eb1c5005: checks
1ceeb845: folds
8c51a5d4: calls $0.03
Hero: checks
*** FLOP *** [3c 5c Kd]
8c51a5d4: checks
Hero: bets $0.08
eb1c5005: folds
8c51a5d4: folds
Uncalled bet ($0.08) returned to Hero
*** SHOWDOWN ***
Hero collected $0.15 from pot
*** SUMMARY ***
Total pot $0.15 | Rake $0 | Jackpot $0 | Bingo $0 | Fortune $0
Board [3c 5c Kd]
Seat 1: 8c51a5d4 (small blind) folded on the Flop
Seat 2: Hero (big blind) won ($0.15)
Seat 3: eb1c5005 folded on the Flop
Seat 4: 1ceeb845 (button) folded before Flop (didn't bet)


