Poker Hand #HD1216114839: Hold'em No Limit ($0.02/$0.05) - 2023/04/24 20:20:02
Table 'NLHBlue61' 6-max Seat #5 is the button
Seat 1: ab621a5e ($5.34 in chips)
Seat 2: Hero ($5 in chips)
Seat 3: cf28ef09 ($6.66 in chips)
Seat 4: aa708d7d ($5 in chips)
Seat 5: c57e1b89 ($5.14 in chips)
Seat 6: ddcc0995 ($7.38 in chips)
ddcc0995: posts small blind $0.02
ab621a5e: posts big blind $0.05
*** HOLE CARDS ***
Dealt to ab621a5e 
Dealt to Hero [Jd Kh]
Dealt to cf28ef09 
Dealt to aa708d7d 
Dealt to c57e1b89 
Dealt to ddcc0995 
Hero: folds
cf28ef09: folds
aa708d7d: folds
c57e1b89: folds
ddcc0995: raises $0.1 to $0.15
ab621a5e: folds
Uncalled bet ($0.1) returned to ddcc0995
*** SHOWDOWN ***
ddcc0995 collected $0.1 from pot
*** SUMMARY ***
Total pot $0.1 | Rake $0 | Jackpot $0 | Bingo $0 | Fortune $0 | Tax $0
Seat 1: ab621a5e (big blind) folded before Flop
Seat 2: Hero folded before Flop (didn't bet)
Seat 3: cf28ef09 folded before Flop (didn't bet)
Seat 4: aa708d7d folded before Flop (didn't bet)
Seat 5: c57e1b89 (button) folded before Flop (didn't bet)
Seat 6: ddcc0995 (small blind) collected ($0.1)


Poker Hand #HD1216114803: Hold'em No Limit ($0.02/$0.05) - 2023/04/24 20:19:45
Table 'NLHBlue61' 6-max Seat #4 is the button
Seat 1: ab621a5e ($5.34 in chips)
Seat 2: Hero ($5 in chips)
Seat 3: cf28ef09 ($6.66 in chips)
Seat 4: aa708d7d ($5 in chips)
Seat 5: c57e1b89 ($5.16 in chips)
Seat 6: ddcc0995 ($7.36 in chips)
c57e1b89: posts small blind $0.02
ddcc0995: posts big blind $0.05
*** HOLE CARDS ***
Dealt to ab621a5e 
Dealt to Hero [Kh 6h]
Dealt to cf28ef09 
Dealt to aa708d7d 
Dealt to c57e1b89 
Dealt to ddcc0995 
ab621a5e: folds
Hero: folds
cf28ef09: folds
aa708d7d: folds
c57e1b89: folds
Uncalled bet ($0.03) returned to ddcc0995
*** SHOWDOWN ***
ddcc0995 collected $0.04 from pot
*** SUMMARY ***
Total pot $0.04 | Rake $0 | Jackpot $0 | Bingo $0 | Fortune $0 | Tax $0
Seat 1: ab621a5e folded before Flop (didn't bet)
Seat 2: Hero folded before Flop (didn't bet)
Seat 3: cf28ef09 folded before Flop (didn't bet)
Seat 4: aa708d7d (button) folded before Flop (didn't bet)
Seat 5: c57e1b89 (small blind) folded before Flop
Seat 6: ddcc0995 (big blind) collected ($0.04)


Poker Hand #HD1216114660: Hold'em No Limit ($0.02/$0.05) - 2023/04/24 20:18:28
Table 'NLHBlue61' 6-max Seat #3 is the button
Seat 1: ab621a5e ($5.34 in chips)
Seat 2: Hero ($5 in chips)
Seat 3: cf28ef09 ($6.66 in chips)
Seat 4: aa708d7d ($5 in chips)
Seat 5: c57e1b89 ($5.16 in chips)
Seat 6: ddcc0995 ($7.36 in chips)
aa708d7d: posts small blind $0.02
c57e1b89: posts big blind $0.05
*** HOLE CARDS ***
Dealt to ab621a5e 
Dealt to Hero [Jh Td]
Dealt to cf28ef09 
Dealt to aa708d7d 
Dealt to c57e1b89 
Dealt to ddcc0995 
ddcc0995: raises $0.1 to $0.15
ab621a5e: folds
Hero: folds
cf28ef09: folds
aa708d7d: folds
c57e1b89: calls $0.1
*** FLOP *** [Th 9d 7s]
c57e1b89: checks
ddcc0995: bets $0.11
c57e1b89: calls $0.11
*** TURN *** [Th 9d 7s] [3s]
c57e1b89: checks
ddcc0995: checks
*** RIVER *** [Th 9d 7s 3s] [5h]
c57e1b89: checks
ddcc0995: checks
c57e1b89: shows [6s 6d] (Pair of Sixes)
ddcc0995: shows [6c 6h] (Pair of Sixes)
*** SHOWDOWN ***
c57e1b89 collected $0.26 from pot
ddcc0995 collected $0.26 from pot
*** SUMMARY ***
Total pot $0.54 | Rake $0.02 | Jackpot $0 | Bingo $0 | Fortune $0 | Tax $0
Board [Th 9d 7s 3s 5h]
Seat 1: ab621a5e folded before Flop (didn't bet)
Seat 2: Hero folded before Flop (didn't bet)
Seat 3: cf28ef09 (button) folded before Flop (didn't bet)
Seat 4: aa708d7d (small blind) folded before Flop
Seat 5: c57e1b89 (big blind) showed [6s 6d] and won ($0.26) with Pair of Sixes
Seat 6: ddcc0995 showed [6c 6h] and won ($0.26) with Pair of Sixes


Poker Hand #HD1216114583: Hold'em No Limit ($0.02/$0.05) - 2023/04/24 20:17:41
Table 'NLHBlue61' 6-max Seat #2 is the button
Seat 1: ab621a5e ($5.34 in chips)
Seat 2: Hero ($5.87 in chips)
Seat 3: cf28ef09 ($5.54 in chips)
Seat 4: aa708d7d ($5 in chips)
Seat 5: c57e1b89 ($5.16 in chips)
Seat 6: ddcc0995 ($7.36 in chips)
cf28ef09: posts small blind $0.02
aa708d7d: posts big blind $0.05
*** HOLE CARDS ***
Dealt to ab621a5e 
Dealt to Hero [Qc Ad]
Dealt to cf28ef09 
Dealt to aa708d7d 
Dealt to c57e1b89 
Dealt to ddcc0995 
c57e1b89: folds
ddcc0995: folds
ab621a5e: folds
Hero: raises $0.07 to $0.12
cf28ef09: raises $0.38 to $0.5
aa708d7d: folds
Hero: raises $0.74 to $1.24
cf28ef09: raises $4.3 to $5.54 and is all-in
Hero: folds
Uncalled bet ($4.3) returned to cf28ef09
*** SHOWDOWN ***
cf28ef09 collected $2.36 from pot
*** SUMMARY ***
Total pot $2.53 | Rake $0.12 | Jackpot $0.05 | Bingo $0 | Fortune $0 | Tax $0
Seat 1: ab621a5e folded before Flop (didn't bet)
Seat 2: Hero (button) folded before Flop
Seat 3: cf28ef09 (small blind) collected ($2.36)
Seat 4: aa708d7d (big blind) folded before Flop
Seat 5: c57e1b89 folded before Flop (didn't bet)
Seat 6: ddcc0995 folded before Flop (didn't bet)


Poker Hand #HD1216114503: Hold'em No Limit ($0.02/$0.05) - 2023/04/24 20:16:52
Table 'NLHBlue61' 6-max Seat #1 is the button
Seat 1: ab621a5e ($5.05 in chips)
Seat 2: Hero ($6.14 in chips)
Seat 3: cf28ef09 ($5.59 in chips)
Seat 4: aa708d7d ($5 in chips)
Seat 5: c57e1b89 ($5.16 in chips)
Seat 6: ddcc0995 ($7.36 in chips)
Hero: posts small blind $0.02
cf28ef09: posts big blind $0.05
*** HOLE CARDS ***
Dealt to ab621a5e 
Dealt to Hero [7h 7d]
Dealt to cf28ef09 
Dealt to aa708d7d 
Dealt to c57e1b89 
Dealt to ddcc0995 
aa708d7d: folds
c57e1b89: folds
ddcc0995: folds
ab621a5e: raises $0.1 to $0.15
Hero: calls $0.13
cf28ef09: folds
*** FLOP *** [Ks Td 3c]
Hero: checks
ab621a5e: bets $0.12
Hero: calls $0.12
*** TURN *** [Ks Td 3c] [5s]
Hero: checks
ab621a5e: checks
*** RIVER *** [Ks Td 3c 5s] [Ac]
Hero: checks
ab621a5e: bets $0.38
Hero: folds
Uncalled bet ($0.38) returned to ab621a5e
*** SHOWDOWN ***
ab621a5e collected $0.56 from pot
*** SUMMARY ***
Total pot $0.59 | Rake $0.03 | Jackpot $0 | Bingo $0 | Fortune $0 | Tax $0
Board [Ks Td 3c 5s Ac]
Seat 1: ab621a5e (button) won ($0.56)
Seat 2: Hero (small blind) folded on the River
Seat 3: cf28ef09 (big blind) folded before Flop
Seat 4: aa708d7d folded before Flop (didn't bet)
Seat 5: c57e1b89 folded before Flop (didn't bet)
Seat 6: ddcc0995 folded before Flop (didn't bet)


Poker Hand #HD1216114454: Hold'em No Limit ($0.02/$0.05) - 2023/04/24 20:16:26
Table 'NLHBlue61' 6-max Seat #6 is the button
Seat 1: ab621a5e ($5 in chips)
Seat 2: Hero ($6.19 in chips)
Seat 3: cf28ef09 ($5.59 in chips)
Seat 4: aa708d7d ($5 in chips)
Seat 5: c57e1b89 ($5.16 in chips)
Seat 6: ddcc0995 ($7.36 in chips)
ab621a5e: posts small blind $0.02
Hero: posts big blind $0.05
*** HOLE CARDS ***
Dealt to ab621a5e 
Dealt to Hero [4c Jh]
Dealt to cf28ef09 
Dealt to aa708d7d 
Dealt to c57e1b89 
Dealt to ddcc0995 
cf28ef09: folds
aa708d7d: folds
c57e1b89: folds
ddcc0995: folds
ab621a5e: raises $0.1 to $0.15
Hero: folds
Uncalled bet ($0.1) returned to ab621a5e
*** SHOWDOWN ***
ab621a5e collected $0.1 from pot
*** SUMMARY ***
Total pot $0.1 | Rake $0 | Jackpot $0 | Bingo $0 | Fortune $0 | Tax $0
Seat 1: ab621a5e (small blind) collected ($0.1)
Seat 2: Hero (big blind) folded before Flop
Seat 3: cf28ef09 folded before Flop (didn't bet)
Seat 4: aa708d7d folded before Flop (didn't bet)
Seat 5: c57e1b89 folded before Flop (didn't bet)
Seat 6: ddcc0995 (button) folded before Flop (didn't bet)


Poker Hand #HD1216114388: Hold'em No Limit ($0.02/$0.05) - 2023/04/24 20:15:52
Table 'NLHBlue61' 6-max Seat #5 is the button
Seat 1: ab621a5e ($5 in chips)
Seat 2: Hero ($6.19 in chips)
Seat 3: cf28ef09 ($5.59 in chips)
Seat 4: aa708d7d ($5 in chips)
Seat 5: c57e1b89 ($5 in chips)
Seat 6: ddcc0995 ($7.38 in chips)
ddcc0995: posts small blind $0.02
ab621a5e: posts big blind $0.05
*** HOLE CARDS ***
Dealt to ab621a5e 
Dealt to Hero [7s 9s]
Dealt to cf28ef09 
Dealt to aa708d7d 
Dealt to c57e1b89 
Dealt to ddcc0995 
Hero: folds
cf28ef09: folds
aa708d7d: folds
c57e1b89: raises $0.1 to $0.15
ddcc0995: folds
ab621a5e: calls $0.1
*** FLOP *** [3c 7c Td]
ab621a5e: checks
c57e1b89: bets $0.16
ab621a5e: folds
Uncalled bet ($0.16) returned to c57e1b89
*** SHOWDOWN ***
c57e1b89 collected $0.31 from pot
*** SUMMARY ***
Total pot $0.32 | Rake $0.01 | Jackpot $0 | Bingo $0 | Fortune $0 | Tax $0
Board [3c 7c Td]
Seat 1: ab621a5e (big blind) folded on the Flop
Seat 2: Hero folded before Flop (didn't bet)
Seat 3: cf28ef09 folded before Flop (didn't bet)
Seat 4: aa708d7d folded before Flop (didn't bet)
Seat 5: c57e1b89 (button) won ($0.31)
Seat 6: ddcc0995 (small blind) folded before Flop


Poker Hand #HD1216114273: Hold'em No Limit ($0.02/$0.05) - 2023/04/24 20:14:53
Table 'NLHBlue61' 6-max Seat #4 is the button
Seat 1: ab621a5e ($5 in chips)
Seat 2: Hero ($6.19 in chips)
Seat 3: cf28ef09 ($5 in chips)
Seat 4: aa708d7d ($5 in chips)
Seat 5: c57e1b89 ($5.02 in chips)
Seat 6: ddcc0995 ($8.01 in chips)
c57e1b89: posts small blind $0.02
ddcc0995: posts big blind $0.05
*** HOLE CARDS ***
Dealt to ab621a5e 
Dealt to Hero [8s Qd]
Dealt to cf28ef09 
Dealt to aa708d7d 
Dealt to c57e1b89 
Dealt to ddcc0995 
ab621a5e: folds
Hero: folds
cf28ef09: raises $0.09 to $0.14
aa708d7d: folds
c57e1b89: folds
ddcc0995: calls $0.09
*** FLOP *** [9d Th 6s]
ddcc0995: checks
cf28ef09: bets $0.17
ddcc0995: calls $0.17
*** TURN *** [9d Th 6s] [7s]
ddcc0995: checks
cf28ef09: checks
*** RIVER *** [9d Th 6s 7s] [2s]
ddcc0995: bets $0.32
cf28ef09: calls $0.32
ddcc0995: shows [Kh 4h] (King-High)
cf28ef09: shows [Jd Jc] (Pair of Jacks)
*** SHOWDOWN ***
cf28ef09 collected $1.22 from pot
*** SUMMARY ***
Total pot $1.28 | Rake $0.06 | Jackpot $0 | Bingo $0 | Fortune $0 | Tax $0
Board [9d Th 6s 7s 2s]
Seat 1: ab621a5e folded before Flop (didn't bet)
Seat 2: Hero folded before Flop (didn't bet)
Seat 3: cf28ef09 showed [Jd Jc] and won ($1.22) with Pair of Jacks
Seat 4: aa708d7d (button) folded before Flop (didn't bet)
Seat 5: c57e1b89 (small blind) folded before Flop
Seat 6: ddcc0995 (big blind) showed [Kh 4h] and lost with King-High


Poker Hand #HD1216114245: Hold'em No Limit ($0.02/$0.05) - 2023/04/24 20:14:38
Table 'NLHBlue61' 6-max Seat #3 is the button
Seat 1: ab621a5e ($5 in chips)
Seat 2: Hero ($6.12 in chips)
Seat 3: cf28ef09 ($5 in chips)
Seat 4: aa708d7d ($5 in chips)
Seat 5: c57e1b89 ($5.07 in chips)
Seat 6: ddcc0995 ($8.01 in chips)
aa708d7d: posts small blind $0.02
c57e1b89: posts big blind $0.05
*** HOLE CARDS ***
Dealt to ab621a5e 
Dealt to Hero [Ks Jh]
Dealt to cf28ef09 
Dealt to aa708d7d 
Dealt to c57e1b89 
Dealt to ddcc0995 
ddcc0995: folds
ab621a5e: folds
Hero: raises $0.07 to $0.12
cf28ef09: folds
aa708d7d: folds
c57e1b89: folds
Uncalled bet ($0.07) returned to Hero
*** SHOWDOWN ***
Hero collected $0.12 from pot
*** SUMMARY ***
Total pot $0.12 | Rake $0 | Jackpot $0 | Bingo $0 | Fortune $0 | Tax $0
Seat 1: ab621a5e folded before Flop (didn't bet)
Seat 2: Hero collected ($0.12)
Seat 3: cf28ef09 (button) folded before Flop (didn't bet)
Seat 4: aa708d7d (small blind) folded before Flop
Seat 5: c57e1b89 (big blind) folded before Flop
Seat 6: ddcc0995 folded before Flop (didn't bet)


Poker Hand #HD1216114215: Hold'em No Limit ($0.02/$0.05) - 2023/04/24 20:14:23
Table 'NLHBlue61' 6-max Seat #2 is the button
Seat 1: ab621a5e ($5 in chips)
Seat 2: Hero ($6.12 in chips)
Seat 3: cf28ef09 ($5 in chips)
Seat 4: aa708d7d ($5 in chips)
Seat 5: c57e1b89 ($5 in chips)
Seat 6: ddcc0995 ($8.01 in chips)
cf28ef09: posts small blind $0.02
aa708d7d: posts big blind $0.05
*** HOLE CARDS ***
Dealt to ab621a5e 
Dealt to Hero [As 6h]
Dealt to cf28ef09 
Dealt to aa708d7d 
Dealt to c57e1b89 
Dealt to ddcc0995 
c57e1b89: raises $0.08 to $0.13
ddcc0995: folds
ab621a5e: folds
Hero: folds
cf28ef09: folds
aa708d7d: folds
Uncalled bet ($0.08) returned to c57e1b89
*** SHOWDOWN ***
c57e1b89 collected $0.12 from pot
*** SUMMARY ***
Total pot $0.12 | Rake $0 | Jackpot $0 | Bingo $0 | Fortune $0 | Tax $0
Seat 1: ab621a5e folded before Flop (didn't bet)
Seat 2: Hero (button) folded before Flop (didn't bet)
Seat 3: cf28ef09 (small blind) folded before Flop
Seat 4: aa708d7d (big blind) folded before Flop
Seat 5: c57e1b89 collected ($0.12)
Seat 6: ddcc0995 folded before Flop (didn't bet)


Poker Hand #HD1216114147: Hold'em No Limit ($0.02/$0.05) - 2023/04/24 20:13:46
Table 'NLHBlue61' 6-max Seat #1 is the button
Seat 1: ab621a5e ($5 in chips)
Seat 2: Hero ($5.93 in chips)
Seat 3: cf28ef09 ($5 in chips)
Seat 4: aa708d7d ($5 in chips)
Seat 5: c57e1b89 ($5 in chips)
Seat 6: ddcc0995 ($8.01 in chips)
Hero: posts small blind $0.02
cf28ef09: posts big blind $0.05
*** HOLE CARDS ***
Dealt to ab621a5e 
Dealt to Hero [Th Kh]
Dealt to cf28ef09 
Dealt to aa708d7d 
Dealt to c57e1b89 
Dealt to ddcc0995 
aa708d7d: folds
c57e1b89: folds
ddcc0995: folds
ab621a5e: raises $0.1 to $0.15
Hero: raises $0.33 to $0.48
cf28ef09: folds
ab621a5e: folds
Uncalled bet ($0.33) returned to Hero
*** SHOWDOWN ***
Hero collected $0.34 from pot
*** SUMMARY ***
Total pot $0.35 | Rake $0.01 | Jackpot $0 | Bingo $0 | Fortune $0 | Tax $0
Seat 1: ab621a5e (button) folded before Flop
Seat 2: Hero (small blind) collected ($0.34)
Seat 3: cf28ef09 (big blind) folded before Flop
Seat 4: aa708d7d folded before Flop (didn't bet)
Seat 5: c57e1b89 folded before Flop (didn't bet)
Seat 6: ddcc0995 folded before Flop (didn't bet)


Poker Hand #HD1216114127: Hold'em No Limit ($0.02/$0.05) - 2023/04/24 20:13:34
Table 'NLHBlue61' 6-max Seat #6 is the button
Seat 1: ab621a5e ($5 in chips)
Seat 2: Hero ($5.91 in chips)
Seat 3: cf28ef09 ($5 in chips)
Seat 4: aa708d7d ($5 in chips)
Seat 5: c57e1b89 ($5 in chips)
Seat 6: ddcc0995 ($8.01 in chips)
ab621a5e: posts small blind $0.02
Hero: posts big blind $0.05
*** HOLE CARDS ***
Dealt to ab621a5e 
Dealt to Hero [4s Qc]
Dealt to cf28ef09 
Dealt to aa708d7d 
Dealt to c57e1b89 
Dealt to ddcc0995 
cf28ef09: folds
aa708d7d: folds
c57e1b89: folds
ddcc0995: folds
ab621a5e: folds
Uncalled bet ($0.03) returned to Hero
*** SHOWDOWN ***
Hero collected $0.04 from pot
*** SUMMARY ***
Total pot $0.04 | Rake $0 | Jackpot $0 | Bingo $0 | Fortune $0 | Tax $0
Seat 1: ab621a5e (small blind) folded before Flop
Seat 2: Hero (big blind) collected ($0.04)
Seat 3: cf28ef09 folded before Flop (didn't bet)
Seat 4: aa708d7d folded before Flop (didn't bet)
Seat 5: c57e1b89 folded before Flop (didn't bet)
Seat 6: ddcc0995 (button) folded before Flop (didn't bet)


Poker Hand #HD1216114068: Hold'em No Limit ($0.02/$0.05) - 2023/04/24 20:13:05
Table 'NLHBlue61' 6-max Seat #5 is the button
Seat 1: ab621a5e ($5 in chips)
Seat 2: Hero ($5.75 in chips)
Seat 3: cf28ef09 ($5 in chips)
Seat 4: aa708d7d ($5 in chips)
Seat 5: c57e1b89 ($5 in chips)
Seat 6: ddcc0995 ($8.13 in chips)
ddcc0995: posts small blind $0.02
ab621a5e: posts big blind $0.05
*** HOLE CARDS ***
Dealt to ab621a5e 
Dealt to Hero [Ac Jc]
Dealt to cf28ef09 
Dealt to aa708d7d 
Dealt to c57e1b89 
Dealt to ddcc0995 
Hero: raises $0.07 to $0.12
cf28ef09: folds
aa708d7d: folds
c57e1b89: folds
ddcc0995: calls $0.1
ab621a5e: folds
*** FLOP *** [8c Td Kd]
ddcc0995: checks
Hero: bets $0.18
ddcc0995: folds
Uncalled bet ($0.18) returned to Hero
*** SHOWDOWN ***
Hero collected $0.28 from pot
*** SUMMARY ***
Total pot $0.29 | Rake $0.01 | Jackpot $0 | Bingo $0 | Fortune $0 | Tax $0
Board [8c Td Kd]
Seat 1: ab621a5e (big blind) folded before Flop
Seat 2: Hero won ($0.28)
Seat 3: cf28ef09 folded before Flop (didn't bet)
Seat 4: aa708d7d folded before Flop (didn't bet)
Seat 5: c57e1b89 (button) folded before Flop (didn't bet)
Seat 6: ddcc0995 (small blind) folded on the Flop


Poker Hand #HD1216114001: Hold'em No Limit ($0.02/$0.05) - 2023/04/24 20:12:26
Table 'NLHBlue61' 6-max Seat #4 is the button
Seat 2: Hero ($5.75 in chips)
Seat 3: cf28ef09 ($5.05 in chips)
Seat 4: aa708d7d ($5.05 in chips)
Seat 5: c57e1b89 ($5 in chips)
Seat 6: ddcc0995 ($7.85 in chips)
c57e1b89: posts small blind $0.02
ddcc0995: posts big blind $0.05
*** HOLE CARDS ***
Dealt to Hero [2c 4d]
Dealt to cf28ef09 
Dealt to aa708d7d 
Dealt to c57e1b89 
Dealt to ddcc0995 
Hero: folds
cf28ef09: raises $0.09 to $0.14
aa708d7d: calls $0.14
c57e1b89: folds
ddcc0995: raises $0.51 to $0.65
cf28ef09: folds
aa708d7d: folds
Uncalled bet ($0.51) returned to ddcc0995
*** SHOWDOWN ***
ddcc0995 collected $0.42 from pot
*** SUMMARY ***
Total pot $0.44 | Rake $0.02 | Jackpot $0 | Bingo $0 | Fortune $0 | Tax $0
Seat 2: Hero folded before Flop (didn't bet)
Seat 3: cf28ef09 folded before Flop
Seat 4: aa708d7d (button) folded before Flop
Seat 5: c57e1b89 (small blind) folded before Flop
Seat 6: ddcc0995 (big blind) collected ($0.42)


Poker Hand #HD1216113944: Hold'em No Limit ($0.02/$0.05) - 2023/04/24 20:12:01
Table 'NLHBlue61' 6-max Seat #3 is the button
Seat 2: Hero ($5.75 in chips)
Seat 3: cf28ef09 ($5.05 in chips)
Seat 4: aa708d7d ($5 in chips)
Seat 5: c57e1b89 ($5 in chips)
Seat 6: ddcc0995 ($7.85 in chips)
aa708d7d: posts small blind $0.02
c57e1b89: posts big blind $0.05
*** HOLE CARDS ***
Dealt to Hero [4c 8d]
Dealt to cf28ef09 
Dealt to aa708d7d 
Dealt to c57e1b89 
Dealt to ddcc0995 
ddcc0995: folds
Hero: folds
cf28ef09: folds
aa708d7d: calls $0.03
c57e1b89: checks
*** FLOP *** [2s Qs 9h]
aa708d7d: bets $0.05
c57e1b89: folds
Uncalled bet ($0.05) returned to aa708d7d
*** SHOWDOWN ***
aa708d7d collected $0.1 from pot
*** SUMMARY ***
Total pot $0.1 | Rake $0 | Jackpot $0 | Bingo $0 | Fortune $0 | Tax $0
Board [2s Qs 9h]
Seat 2: Hero folded before Flop (didn't bet)
Seat 3: cf28ef09 (button) folded before Flop (didn't bet)
Seat 4: aa708d7d (small blind) won ($0.1)
Seat 5: c57e1b89 (big blind) folded on the Flop
Seat 6: ddcc0995 folded before Flop (didn't bet)


Poker Hand #HD1216113918: Hold'em No Limit ($0.02/$0.05) - 2023/04/24 20:11:45
Table 'NLHBlue61' 6-max Seat #2 is the button
Seat 2: Hero ($5.75 in chips)
Seat 3: cf28ef09 ($5 in chips)
Seat 4: aa708d7d ($5 in chips)
Seat 5: c57e1b89 ($5 in chips)
Seat 6: ddcc0995 ($7.85 in chips)
cf28ef09: posts small blind $0.02
aa708d7d: posts big blind $0.05
*** HOLE CARDS ***
Dealt to Hero [2h Td]
Dealt to cf28ef09 
Dealt to aa708d7d 
Dealt to c57e1b89 
Dealt to ddcc0995 
c57e1b89: folds
ddcc0995: folds
Hero: folds
cf28ef09: raises $0.11 to $0.16
aa708d7d: folds
Uncalled bet ($0.11) returned to cf28ef09
*** SHOWDOWN ***
cf28ef09 collected $0.1 from pot
*** SUMMARY ***
Total pot $0.1 | Rake $0 | Jackpot $0 | Bingo $0 | Fortune $0 | Tax $0
Seat 2: Hero (button) folded before Flop (didn't bet)
Seat 3: cf28ef09 (small blind) collected ($0.1)
Seat 4: aa708d7d (big blind) folded before Flop
Seat 5: c57e1b89 folded before Flop (didn't bet)
Seat 6: ddcc0995 folded before Flop (didn't bet)


Poker Hand #HD1216113852: Hold'em No Limit ($0.02/$0.05) - 2023/04/24 20:11:11
Table 'NLHBlue61' 6-max Seat #6 is the button
Seat 2: Hero ($5.77 in chips)
Seat 3: cf28ef09 ($5 in chips)
Seat 4: aa708d7d ($5 in chips)
Seat 5: c57e1b89 ($5 in chips)
Seat 6: ddcc0995 ($7.69 in chips)
Hero: posts small blind $0.02
cf28ef09: posts big blind $0.05
*** HOLE CARDS ***
Dealt to Hero [3s 8d]
Dealt to cf28ef09 
Dealt to aa708d7d 
Dealt to c57e1b89 
Dealt to ddcc0995 
aa708d7d: folds
c57e1b89: folds
ddcc0995: raises $0.1 to $0.15
Hero: folds
cf28ef09: calls $0.1
*** FLOP *** [2s 3c 9h]
cf28ef09: checks
ddcc0995: checks
*** TURN *** [2s 3c 9h] [As]
cf28ef09: checks
ddcc0995: checks
*** RIVER *** [2s 3c 9h As] [Jh]
cf28ef09: checks
ddcc0995: checks
cf28ef09: shows [6c 7c] (Ace-High)
ddcc0995: shows [8s 8h] (Pair of Eights)
*** SHOWDOWN ***
ddcc0995 collected $0.31 from pot
*** SUMMARY ***
Total pot $0.32 | Rake $0.01 | Jackpot $0 | Bingo $0 | Fortune $0 | Tax $0
Board [2s 3c 9h As Jh]
Seat 2: Hero (small blind) folded before Flop
Seat 3: cf28ef09 (big blind) showed [6c 7c] and lost with Ace-High
Seat 4: aa708d7d folded before Flop (didn't bet)
Seat 5: c57e1b89 folded before Flop (didn't bet)
Seat 6: ddcc0995 (button) showed [8s 8h] and won ($0.31) with Pair of Eights


Poker Hand #HD1216113825: Hold'em No Limit ($0.02/$0.05) - 2023/04/24 20:11:00
Table 'NLHBlue61' 6-max Seat #5 is the button
Seat 2: Hero ($5.75 in chips)
Seat 3: cf28ef09 ($5 in chips)
Seat 4: aa708d7d ($5 in chips)
Seat 5: c57e1b89 ($5 in chips)
Seat 6: ddcc0995 ($7.71 in chips)
ddcc0995: posts small blind $0.02
Hero: posts big blind $0.05
*** HOLE CARDS ***
Dealt to Hero [9s Qh]
Dealt to cf28ef09 
Dealt to aa708d7d 
Dealt to c57e1b89 
Dealt to ddcc0995 
cf28ef09: folds
aa708d7d: folds
c57e1b89: folds
ddcc0995: folds
Uncalled bet ($0.03) returned to Hero
*** SHOWDOWN ***
Hero collected $0.04 from pot
*** SUMMARY ***
Total pot $0.04 | Rake $0 | Jackpot $0 | Bingo $0 | Fortune $0 | Tax $0
Seat 2: Hero (big blind) collected ($0.04)
Seat 3: cf28ef09 folded before Flop (didn't bet)
Seat 4: aa708d7d folded before Flop (didn't bet)
Seat 5: c57e1b89 (button) folded before Flop (didn't bet)
Seat 6: ddcc0995 (small blind) folded before Flop


Poker Hand #HD1216113662: Hold'em No Limit ($0.02/$0.05) - 2023/04/24 20:09:29
Table 'NLHBlue61' 6-max Seat #4 is the button
Seat 1: ab621a5e ($5 in chips)
Seat 2: Hero ($5.87 in chips)
Seat 3: cf28ef09 ($5 in chips)
Seat 4: aa708d7d ($5.3 in chips)
Seat 5: c57e1b89 ($5 in chips)
Seat 6: ddcc0995 ($6.28 in chips)
c57e1b89: posts small blind $0.02
ddcc0995: posts big blind $0.05
*** HOLE CARDS ***
Dealt to ab621a5e 
Dealt to Hero [4s 4d]
Dealt to cf28ef09 
Dealt to aa708d7d 
Dealt to c57e1b89 
Dealt to ddcc0995 
ab621a5e: folds
Hero: raises $0.07 to $0.12
cf28ef09: folds
aa708d7d: calls $0.12
c57e1b89: calls $0.1
ddcc0995: calls $0.07
*** FLOP *** [Tc Th Qd]
c57e1b89: checks
ddcc0995: checks
Hero: checks
aa708d7d: bets $0.16
c57e1b89: folds
ddcc0995: calls $0.16
Hero: folds
*** TURN *** [Tc Th Qd] [5c]
ddcc0995: checks
aa708d7d: bets $0.55
ddcc0995: raises $0.55 to $1.1
aa708d7d: calls $0.55
*** RIVER *** [Tc Th Qd 5c] [6d]
ddcc0995: checks
aa708d7d: checks
ddcc0995: shows [Jc Qc] (Pair of Queens and Pair of Tens)
aa708d7d: shows [9c 8c] (Pair of Tens)
*** SHOWDOWN ***
ddcc0995 collected $2.81 from pot
*** SUMMARY ***
Total pot $3 | Rake $0.14 | Jackpot $0.05 | Bingo $0 | Fortune $0 | Tax $0
Board [Tc Th Qd 5c 6d]
Seat 1: ab621a5e folded before Flop (didn't bet)
Seat 2: Hero folded on the Flop
Seat 3: cf28ef09 folded before Flop (didn't bet)
Seat 4: aa708d7d (button) showed [9c 8c] and lost with Pair of Tens
Seat 5: c57e1b89 (small blind) folded on the Flop
Seat 6: ddcc0995 (big blind) showed [Jc Qc] and won ($2.81) with Pair of Queens and Pair of Tens


Poker Hand #HD1216113601: Hold'em No Limit ($0.02/$0.05) - 2023/04/24 20:08:57
Table 'NLHBlue61' 6-max Seat #3 is the button
Seat 1: ab621a5e ($5 in chips)
Seat 2: Hero ($5.87 in chips)
Seat 3: cf28ef09 ($5 in chips)
Seat 4: aa708d7d ($5.21 in chips)
Seat 5: c57e1b89 ($5 in chips)
Seat 6: ddcc0995 ($6.28 in chips)
aa708d7d: posts small blind $0.02
c57e1b89: posts big blind $0.05
*** HOLE CARDS ***
Dealt to ab621a5e 
Dealt to Hero [5d 9d]
Dealt to cf28ef09 
Dealt to aa708d7d 
Dealt to c57e1b89 
Dealt to ddcc0995 
ddcc0995: folds
ab621a5e: folds
Hero: folds
cf28ef09: folds
aa708d7d: calls $0.03
c57e1b89: checks
*** FLOP *** [4h Qd Ad]
aa708d7d: bets $0.05
c57e1b89: calls $0.05
*** TURN *** [4h Qd Ad] [Qc]
aa708d7d: bets $0.1
c57e1b89: folds
Uncalled bet ($0.1) returned to aa708d7d
*** SHOWDOWN ***
aa708d7d collected $0.19 from pot
*** SUMMARY ***
Total pot $0.2 | Rake $0.01 | Jackpot $0 | Bingo $0 | Fortune $0 | Tax $0
Board [4h Qd Ad Qc]
Seat 1: ab621a5e folded before Flop (didn't bet)
Seat 2: Hero folded before Flop (didn't bet)
Seat 3: cf28ef09 (button) folded before Flop (didn't bet)
Seat 4: aa708d7d (small blind) won ($0.19)
Seat 5: c57e1b89 (big blind) folded on the Turn
Seat 6: ddcc0995 folded before Flop (didn't bet)


Poker Hand #HD1216113509: Hold'em No Limit ($0.02/$0.05) - 2023/04/24 20:08:16
Table 'NLHBlue61' 6-max Seat #2 is the button
Seat 1: ab621a5e ($5 in chips)
Seat 2: Hero ($5.66 in chips)
Seat 3: cf28ef09 ($5.02 in chips)
Seat 4: aa708d7d ($5.26 in chips)
Seat 5: c57e1b89 ($5 in chips)
Seat 6: ddcc0995 ($6.28 in chips)
cf28ef09: posts small blind $0.02
aa708d7d: posts big blind $0.05
*** HOLE CARDS ***
Dealt to ab621a5e 
Dealt to Hero [9d Ad]
Dealt to cf28ef09 
Dealt to aa708d7d 
Dealt to c57e1b89 
Dealt to ddcc0995 
c57e1b89: folds
ddcc0995: folds
ab621a5e: raises $0.1 to $0.15
Hero: raises $0.27 to $0.42
cf28ef09: folds
aa708d7d: folds
ab621a5e: folds
Uncalled bet ($0.27) returned to Hero
*** SHOWDOWN ***
Hero collected $0.36 from pot
*** SUMMARY ***
Total pot $0.37 | Rake $0.01 | Jackpot $0 | Bingo $0 | Fortune $0 | Tax $0
Seat 1: ab621a5e folded before Flop
Seat 2: Hero (button) collected ($0.36)
Seat 3: cf28ef09 (small blind) folded before Flop
Seat 4: aa708d7d (big blind) folded before Flop
Seat 5: c57e1b89 folded before Flop (didn't bet)
Seat 6: ddcc0995 folded before Flop (didn't bet)


Poker Hand #HD1216113432: Hold'em No Limit ($0.02/$0.05) - 2023/04/24 20:07:30
Table 'NLHBlue61' 6-max Seat #1 is the button
Seat 1: ab621a5e ($5 in chips)
Seat 2: Hero ($5.68 in chips)
Seat 3: cf28ef09 ($5.07 in chips)
Seat 4: aa708d7d ($5.74 in chips)
Seat 5: c57e1b89 ($5 in chips)
Seat 6: ddcc0995 ($5.37 in chips)
Hero: posts small blind $0.02
cf28ef09: posts big blind $0.05
*** HOLE CARDS ***
Dealt to ab621a5e 
Dealt to Hero [Js 3d]
Dealt to cf28ef09 
Dealt to aa708d7d 
Dealt to c57e1b89 
Dealt to ddcc0995 
aa708d7d: raises $0.08 to $0.13
c57e1b89: calls $0.13
ddcc0995: raises $0.35 to $0.48
ab621a5e: folds
Hero: folds
cf28ef09: folds
aa708d7d: calls $0.35
c57e1b89: calls $0.35
*** FLOP *** [2h 7c 8h]
aa708d7d: checks
c57e1b89: checks
ddcc0995: bets $0.76
aa708d7d: folds
c57e1b89: folds
Uncalled bet ($0.76) returned to ddcc0995
*** SHOWDOWN ***
ddcc0995 collected $1.39 from pot
*** SUMMARY ***
Total pot $1.51 | Rake $0.07 | Jackpot $0.05 | Bingo $0 | Fortune $0 | Tax $0
Board [2h 7c 8h]
Seat 1: ab621a5e (button) folded before Flop (didn't bet)
Seat 2: Hero (small blind) folded before Flop
Seat 3: cf28ef09 (big blind) folded before Flop
Seat 4: aa708d7d folded on the Flop
Seat 5: c57e1b89 folded on the Flop
Seat 6: ddcc0995 won ($1.39)


Poker Hand #HD1216113363: Hold'em No Limit ($0.02/$0.05) - 2023/04/24 20:06:49
Table 'NLHBlue61' 6-max Seat #6 is the button
Seat 1: ab621a5e ($5 in chips)
Seat 2: Hero ($5.73 in chips)
Seat 3: cf28ef09 ($5.07 in chips)
Seat 4: aa708d7d ($5.34 in chips)
Seat 5: c57e1b89 ($5 in chips)
Seat 6: ddcc0995 ($5.37 in chips)
ab621a5e: posts small blind $0.02
Hero: posts big blind $0.05
*** HOLE CARDS ***
Dealt to ab621a5e 
Dealt to Hero [Ts 8s]
Dealt to cf28ef09 
Dealt to aa708d7d 
Dealt to c57e1b89 
Dealt to ddcc0995 
cf28ef09: folds
aa708d7d: raises $0.08 to $0.13
c57e1b89: raises $0.25 to $0.38
ddcc0995: folds
ab621a5e: folds
Hero: folds
aa708d7d: raises $0.6 to $0.98
c57e1b89: folds
Uncalled bet ($0.6) returned to aa708d7d
*** SHOWDOWN ***
aa708d7d collected $0.78 from pot
*** SUMMARY ***
Total pot $0.83 | Rake $0.05 | Jackpot $0 | Bingo $0 | Fortune $0 | Tax $0
Seat 1: ab621a5e (small blind) folded before Flop
Seat 2: Hero (big blind) folded before Flop
Seat 3: cf28ef09 folded before Flop (didn't bet)
Seat 4: aa708d7d collected ($0.78)
Seat 5: c57e1b89 folded before Flop
Seat 6: ddcc0995 (button) folded before Flop (didn't bet)


Poker Hand #HD1216113311: Hold'em No Limit ($0.02/$0.05) - 2023/04/24 20:06:26
Table 'NLHBlue61' 6-max Seat #5 is the button
Seat 1: ab621a5e ($5 in chips)
Seat 2: Hero ($5.66 in chips)
Seat 3: cf28ef09 ($5.07 in chips)
Seat 4: aa708d7d ($5.34 in chips)
Seat 5: c57e1b89 ($5 in chips)
Seat 6: ddcc0995 ($5.39 in chips)
ddcc0995: posts small blind $0.02
ab621a5e: posts big blind $0.05
*** HOLE CARDS ***
Dealt to ab621a5e 
Dealt to Hero [6s 6c]
Dealt to cf28ef09 
Dealt to aa708d7d 
Dealt to c57e1b89 
Dealt to ddcc0995 
Hero: raises $0.07 to $0.12
cf28ef09: folds
aa708d7d: folds
c57e1b89: folds
ddcc0995: folds
ab621a5e: folds
Uncalled bet ($0.07) returned to Hero
*** SHOWDOWN ***
Hero collected $0.12 from pot
*** SUMMARY ***
Total pot $0.12 | Rake $0 | Jackpot $0 | Bingo $0 | Fortune $0 | Tax $0
Seat 1: ab621a5e (big blind) folded before Flop
Seat 2: Hero collected ($0.12)
Seat 3: cf28ef09 folded before Flop (didn't bet)
Seat 4: aa708d7d folded before Flop (didn't bet)
Seat 5: c57e1b89 (button) folded before Flop (didn't bet)
Seat 6: ddcc0995 (small blind) folded before Flop


Poker Hand #HD1216113269: Hold'em No Limit ($0.02/$0.05) - 2023/04/24 20:05:59
Table 'NLHBlue61' 6-max Seat #4 is the button
Seat 2: Hero ($5.66 in chips)
Seat 3: cf28ef09 ($5.07 in chips)
Seat 4: aa708d7d ($5.27 in chips)
Seat 5: c57e1b89 ($5 in chips)
Seat 6: ddcc0995 ($5.44 in chips)
c57e1b89: posts small blind $0.02
ddcc0995: posts big blind $0.05
*** HOLE CARDS ***
Dealt to Hero [Qs 4h]
Dealt to cf28ef09 
Dealt to aa708d7d 
Dealt to c57e1b89 
Dealt to ddcc0995 
Hero: folds
cf28ef09: folds
aa708d7d: raises $0.08 to $0.13
c57e1b89: folds
ddcc0995: folds
Uncalled bet ($0.08) returned to aa708d7d
*** SHOWDOWN ***
aa708d7d collected $0.12 from pot
*** SUMMARY ***
Total pot $0.12 | Rake $0 | Jackpot $0 | Bingo $0 | Fortune $0 | Tax $0
Seat 2: Hero folded before Flop (didn't bet)
Seat 3: cf28ef09 folded before Flop (didn't bet)
Seat 4: aa708d7d (button) collected ($0.12)
Seat 5: c57e1b89 (small blind) folded before Flop
Seat 6: ddcc0995 (big blind) folded before Flop


Poker Hand #HD1216113232: Hold'em No Limit ($0.02/$0.05) - 2023/04/24 20:05:41
Table 'NLHBlue61' 6-max Seat #3 is the button
Seat 2: Hero ($5.66 in chips)
Seat 3: cf28ef09 ($5 in chips)
Seat 4: aa708d7d ($5.29 in chips)
Seat 5: c57e1b89 ($5 in chips)
aa708d7d: posts small blind $0.02
c57e1b89: posts big blind $0.05
*** HOLE CARDS ***
Dealt to Hero [6s 6h]
Dealt to cf28ef09 
Dealt to aa708d7d 
Dealt to c57e1b89 
Hero: folds
cf28ef09: raises $0.09 to $0.14
aa708d7d: folds
c57e1b89: folds
Uncalled bet ($0.09) returned to cf28ef09
*** SHOWDOWN ***
cf28ef09 collected $0.12 from pot
*** SUMMARY ***
Total pot $0.12 | Rake $0 | Jackpot $0 | Bingo $0 | Fortune $0 | Tax $0
Seat 2: Hero folded before Flop (didn't bet)
Seat 3: cf28ef09 (button) collected ($0.12)
Seat 4: aa708d7d (small blind) folded before Flop
Seat 5: c57e1b89 (big blind) folded before Flop


Poker Hand #HD1216113209: Hold'em No Limit ($0.02/$0.05) - 2023/04/24 20:05:31
Table 'NLHBlue61' 6-max Seat #2 is the button
Seat 2: Hero ($5.66 in chips)
Seat 3: cf28ef09 ($5 in chips)
Seat 4: aa708d7d ($5.27 in chips)
Seat 5: c57e1b89 ($5 in chips)
cf28ef09: posts small blind $0.02
aa708d7d: posts big blind $0.05
*** HOLE CARDS ***
Dealt to Hero [Qs 2c]
Dealt to cf28ef09 
Dealt to aa708d7d 
Dealt to c57e1b89 
c57e1b89: folds
Hero: folds
cf28ef09: folds
Uncalled bet ($0.03) returned to aa708d7d
*** SHOWDOWN ***
aa708d7d collected $0.04 from pot
*** SUMMARY ***
Total pot $0.04 | Rake $0 | Jackpot $0 | Bingo $0 | Fortune $0 | Tax $0
Seat 2: Hero (button) folded before Flop (didn't bet)
Seat 3: cf28ef09 (small blind) folded before Flop
Seat 4: aa708d7d (big blind) collected ($0.04)
Seat 5: c57e1b89 folded before Flop (didn't bet)


Poker Hand #HD1216113142: Hold'em No Limit ($0.02/$0.05) - 2023/04/24 20:04:55
Table 'NLHBlue61' 6-max Seat #5 is the button
Seat 2: Hero ($5.49 in chips)
Seat 3: cf28ef09 ($5 in chips)
Seat 4: aa708d7d ($5.27 in chips)
Seat 5: c57e1b89 ($5 in chips)
Hero: posts small blind $0.02
cf28ef09: posts big blind $0.05
*** HOLE CARDS ***
Dealt to Hero [8c 8s]
Dealt to cf28ef09 
Dealt to aa708d7d 
Dealt to c57e1b89 
aa708d7d: folds
c57e1b89: raises $0.08 to $0.13
Hero: raises $0.47 to $0.6
cf28ef09: folds
c57e1b89: folds
Uncalled bet ($0.47) returned to Hero
*** SHOWDOWN ***
Hero collected $0.3 from pot
*** SUMMARY ***
Total pot $0.31 | Rake $0.01 | Jackpot $0 | Bingo $0 | Fortune $0 | Tax $0
Seat 2: Hero (small blind) collected ($0.3)
Seat 3: cf28ef09 (big blind) folded before Flop
Seat 4: aa708d7d folded before Flop (didn't bet)
Seat 5: c57e1b89 (button) folded before Flop


Poker Hand #HD1216113097: Hold'em No Limit ($0.02/$0.05) - 2023/04/24 20:04:29
Table 'NLHBlue61' 6-max Seat #4 is the button
Seat 2: Hero ($5.42 in chips)
Seat 3: cf28ef09 ($5 in chips)
Seat 4: aa708d7d ($5.27 in chips)
Seat 5: c57e1b89 ($5 in chips)
Seat 6: ddcc0995 ($5.49 in chips)
c57e1b89: posts small blind $0.02
ddcc0995: posts big blind $0.05
*** HOLE CARDS ***
Dealt to Hero [2h 2c]
Dealt to cf28ef09 
Dealt to aa708d7d 
Dealt to c57e1b89 
Dealt to ddcc0995 
Hero: raises $0.07 to $0.12
cf28ef09: folds
aa708d7d: folds
c57e1b89: folds
ddcc0995: folds
Uncalled bet ($0.07) returned to Hero
*** SHOWDOWN ***
Hero collected $0.12 from pot
*** SUMMARY ***
Total pot $0.12 | Rake $0 | Jackpot $0 | Bingo $0 | Fortune $0 | Tax $0
Seat 2: Hero collected ($0.12)
Seat 3: cf28ef09 folded before Flop (didn't bet)
Seat 4: aa708d7d (button) folded before Flop (didn't bet)
Seat 5: c57e1b89 (small blind) folded before Flop
Seat 6: ddcc0995 (big blind) folded before Flop


Poker Hand #HD1216113047: Hold'em No Limit ($0.02/$0.05) - 2023/04/24 20:04:06
Table 'NLHBlue61' 6-max Seat #3 is the button
Seat 2: Hero ($5.35 in chips)
Seat 3: cf28ef09 ($5 in chips)
Seat 4: aa708d7d ($5.29 in chips)
Seat 5: c57e1b89 ($5 in chips)
Seat 6: ddcc0995 ($5.49 in chips)
aa708d7d: posts small blind $0.02
c57e1b89: posts big blind $0.05
*** HOLE CARDS ***
Dealt to Hero [Ah Jc]
Dealt to cf28ef09 
Dealt to aa708d7d 
Dealt to c57e1b89 
Dealt to ddcc0995 
ddcc0995: folds
Hero: raises $0.07 to $0.12
cf28ef09: folds
aa708d7d: folds
c57e1b89: folds
Uncalled bet ($0.07) returned to Hero
*** SHOWDOWN ***
Hero collected $0.12 from pot
*** SUMMARY ***
Total pot $0.12 | Rake $0 | Jackpot $0 | Bingo $0 | Fortune $0 | Tax $0
Seat 2: Hero collected ($0.12)
Seat 3: cf28ef09 (button) folded before Flop (didn't bet)
Seat 4: aa708d7d (small blind) folded before Flop
Seat 5: c57e1b89 (big blind) folded before Flop
Seat 6: ddcc0995 folded before Flop (didn't bet)


Poker Hand #HD1216112907: Hold'em No Limit ($0.02/$0.05) - 2023/04/24 20:02:59
Table 'NLHBlue61' 6-max Seat #2 is the button
Seat 2: Hero ($5.35 in chips)
Seat 3: cf28ef09 ($5 in chips)
Seat 4: aa708d7d ($5.73 in chips)
Seat 6: ddcc0995 ($5.07 in chips)
cf28ef09: posts small blind $0.02
aa708d7d: posts big blind $0.05
*** HOLE CARDS ***
Dealt to Hero [3c 5d]
Dealt to cf28ef09 
Dealt to aa708d7d 
Dealt to ddcc0995 
ddcc0995: raises $0.1 to $0.15
Hero: folds
cf28ef09: folds
aa708d7d: calls $0.1
*** FLOP *** [Qd 6s Tc]
aa708d7d: checks
ddcc0995: bets $0.11
aa708d7d: calls $0.11
*** TURN *** [Qd 6s Tc] [Th]
aa708d7d: checks
ddcc0995: bets $0.18
aa708d7d: calls $0.18
*** RIVER *** [Qd 6s Tc Th] [2s]
aa708d7d: checks
ddcc0995: bets $0.55
aa708d7d: folds
Uncalled bet ($0.55) returned to ddcc0995
*** SHOWDOWN ***
ddcc0995 collected $0.86 from pot
*** SUMMARY ***
Total pot $0.9 | Rake $0.04 | Jackpot $0 | Bingo $0 | Fortune $0 | Tax $0
Board [Qd 6s Tc Th 2s]
Seat 2: Hero (button) folded before Flop (didn't bet)
Seat 3: cf28ef09 (small blind) folded before Flop
Seat 4: aa708d7d (big blind) folded on the River
Seat 6: ddcc0995 won ($0.86)


Poker Hand #HD1216112888: Hold'em No Limit ($0.02/$0.05) - 2023/04/24 20:02:46
Table 'NLHBlue61' 6-max Seat #6 is the button
Seat 2: Hero ($5.37 in chips)
Seat 3: cf28ef09 ($5 in chips)
Seat 4: aa708d7d ($5.66 in chips)
Seat 6: ddcc0995 ($5.07 in chips)
Hero: posts small blind $0.02
cf28ef09: posts big blind $0.05
*** HOLE CARDS ***
Dealt to Hero [6s Td]
Dealt to cf28ef09 
Dealt to aa708d7d 
Dealt to ddcc0995 
aa708d7d: raises $0.08 to $0.13
ddcc0995: folds
Hero: folds
cf28ef09: folds
Uncalled bet ($0.08) returned to aa708d7d
*** SHOWDOWN ***
aa708d7d collected $0.12 from pot
*** SUMMARY ***
Total pot $0.12 | Rake $0 | Jackpot $0 | Bingo $0 | Fortune $0 | Tax $0
Seat 2: Hero (small blind) folded before Flop
Seat 3: cf28ef09 (big blind) folded before Flop
Seat 4: aa708d7d collected ($0.12)
Seat 6: ddcc0995 (button) folded before Flop (didn't bet)


Poker Hand #HD1216112862: Hold'em No Limit ($0.02/$0.05) - 2023/04/24 20:02:33
Table 'NLHBlue61' 6-max Seat #4 is the button
Seat 2: Hero ($5.42 in chips)
Seat 3: cf28ef09 ($5 in chips)
Seat 4: aa708d7d ($5.66 in chips)
Seat 6: ddcc0995 ($5.02 in chips)
ddcc0995: posts small blind $0.02
Hero: posts big blind $0.05
*** HOLE CARDS ***
Dealt to Hero [5s Js]
Dealt to cf28ef09 
Dealt to aa708d7d 
Dealt to ddcc0995 
cf28ef09: folds
aa708d7d: folds
ddcc0995: raises $0.1 to $0.15
Hero: folds
Uncalled bet ($0.1) returned to ddcc0995
*** SHOWDOWN ***
ddcc0995 collected $0.1 from pot
*** SUMMARY ***
Total pot $0.1 | Rake $0 | Jackpot $0 | Bingo $0 | Fortune $0 | Tax $0
Seat 2: Hero (big blind) folded before Flop
Seat 3: cf28ef09 folded before Flop (didn't bet)
Seat 4: aa708d7d (button) folded before Flop (didn't bet)
Seat 6: ddcc0995 (small blind) collected ($0.1)


Poker Hand #HD1216112839: Hold'em No Limit ($0.02/$0.05) - 2023/04/24 20:02:25
Table 'NLHBlue61' 6-max Seat #3 is the button
Seat 2: Hero ($5.42 in chips)
Seat 3: cf28ef09 ($5 in chips)
Seat 4: aa708d7d ($5.68 in chips)
Seat 6: ddcc0995 ($5 in chips)
aa708d7d: posts small blind $0.02
ddcc0995: posts big blind $0.05
*** HOLE CARDS ***
Dealt to Hero [Th 4c]
Dealt to cf28ef09 
Dealt to aa708d7d 
Dealt to ddcc0995 
Hero: folds
cf28ef09: folds
aa708d7d: folds
Uncalled bet ($0.03) returned to ddcc0995
*** SHOWDOWN ***
ddcc0995 collected $0.04 from pot
*** SUMMARY ***
Total pot $0.04 | Rake $0 | Jackpot $0 | Bingo $0 | Fortune $0 | Tax $0
Seat 2: Hero folded before Flop (didn't bet)
Seat 3: cf28ef09 (button) folded before Flop (didn't bet)
Seat 4: aa708d7d (small blind) folded before Flop
Seat 6: ddcc0995 (big blind) collected ($0.04)


Poker Hand #HD1216112810: Hold'em No Limit ($0.02/$0.05) - 2023/04/24 20:02:09
Table 'NLHBlue61' 6-max Seat #2 is the button
Seat 2: Hero ($5.35 in chips)
Seat 3: cf28ef09 ($5.02 in chips)
Seat 4: aa708d7d ($5.73 in chips)
Seat 5: 9ba01f42 ($5.07 in chips)
Seat 6: ddcc0995 ($5 in chips)
cf28ef09: posts small blind $0.02
aa708d7d: posts big blind $0.05
*** HOLE CARDS ***
Dealt to Hero [2c Kc]
Dealt to cf28ef09 
Dealt to aa708d7d 
Dealt to 9ba01f42 
Dealt to ddcc0995 
9ba01f42: folds
ddcc0995: folds
Hero: raises $0.07 to $0.12
cf28ef09: folds
aa708d7d: folds
Uncalled bet ($0.07) returned to Hero
*** SHOWDOWN ***
Hero collected $0.12 from pot
*** SUMMARY ***
Total pot $0.12 | Rake $0 | Jackpot $0 | Bingo $0 | Fortune $0 | Tax $0
Seat 2: Hero (button) collected ($0.12)
Seat 3: cf28ef09 (small blind) folded before Flop
Seat 4: aa708d7d (big blind) folded before Flop
Seat 5: 9ba01f42 folded before Flop (didn't bet)
Seat 6: ddcc0995 folded before Flop (didn't bet)


Poker Hand #HD1216112796: Hold'em No Limit ($0.02/$0.05) - 2023/04/24 20:02:01
Table 'NLHBlue61' 6-max Seat #6 is the button
Seat 2: Hero ($5.37 in chips)
Seat 3: cf28ef09 ($5 in chips)
Seat 4: aa708d7d ($5.73 in chips)
Seat 5: 9ba01f42 ($5.07 in chips)
Seat 6: ddcc0995 ($5 in chips)
Hero: posts small blind $0.02
cf28ef09: posts big blind $0.05
*** HOLE CARDS ***
Dealt to Hero [4s Qd]
Dealt to cf28ef09 
Dealt to aa708d7d 
Dealt to 9ba01f42 
Dealt to ddcc0995 
aa708d7d: folds
9ba01f42: folds
ddcc0995: folds
Hero: folds
Uncalled bet ($0.03) returned to cf28ef09
*** SHOWDOWN ***
cf28ef09 collected $0.04 from pot
*** SUMMARY ***
Total pot $0.04 | Rake $0 | Jackpot $0 | Bingo $0 | Fortune $0 | Tax $0
Seat 2: Hero (small blind) folded before Flop
Seat 3: cf28ef09 (big blind) collected ($0.04)
Seat 4: aa708d7d folded before Flop (didn't bet)
Seat 5: 9ba01f42 folded before Flop (didn't bet)
Seat 6: ddcc0995 (button) folded before Flop (didn't bet)


Poker Hand #HD1216112766: Hold'em No Limit ($0.02/$0.05) - 2023/04/24 20:01:45
Table 'NLHBlue61' 6-max Seat #5 is the button
Seat 2: Hero ($5.42 in chips)
Seat 3: cf28ef09 ($5 in chips)
Seat 4: aa708d7d ($5.73 in chips)
Seat 5: 9ba01f42 ($5 in chips)
Seat 6: ddcc0995 ($5 in chips)
ddcc0995: posts small blind $0.02
Hero: posts big blind $0.05
*** HOLE CARDS ***
Dealt to Hero [2c Ks]
Dealt to cf28ef09 
Dealt to aa708d7d 
Dealt to 9ba01f42 
Dealt to ddcc0995 
cf28ef09: folds
aa708d7d: folds
9ba01f42: raises $0.07 to $0.12
ddcc0995: folds
Hero: folds
Uncalled bet ($0.07) returned to 9ba01f42
*** SHOWDOWN ***
9ba01f42 collected $0.12 from pot
*** SUMMARY ***
Total pot $0.12 | Rake $0 | Jackpot $0 | Bingo $0 | Fortune $0 | Tax $0
Seat 2: Hero (big blind) folded before Flop
Seat 3: cf28ef09 folded before Flop (didn't bet)
Seat 4: aa708d7d folded before Flop (didn't bet)
Seat 5: 9ba01f42 (button) collected ($0.12)
Seat 6: ddcc0995 (small blind) folded before Flop


Poker Hand #HD1216112660: Hold'em No Limit ($0.02/$0.05) - 2023/04/24 20:00:48
Table 'NLHBlue61' 6-max Seat #4 is the button
Seat 1: 89ee38ca ($5.69 in chips)
Seat 2: Hero ($5 in chips)
Seat 3: cf28ef09 ($5 in chips)
Seat 4: aa708d7d ($6.12 in chips)
Seat 5: 9ba01f42 ($5 in chips)
Seat 6: ddcc0995 ($5 in chips)
9ba01f42: posts small blind $0.02
ddcc0995: posts big blind $0.05
*** HOLE CARDS ***
Dealt to 89ee38ca 
Dealt to Hero [Kh As]
Dealt to cf28ef09 
Dealt to aa708d7d 
Dealt to 9ba01f42 
Dealt to ddcc0995 
89ee38ca: folds
Hero: raises $0.07 to $0.12
cf28ef09: folds
aa708d7d: raises $0.27 to $0.39
9ba01f42: folds
ddcc0995: folds
Hero: raises $0.64 to $1.03
aa708d7d: folds
Uncalled bet ($0.64) returned to Hero
*** SHOWDOWN ***
Hero collected $0.81 from pot
*** SUMMARY ***
Total pot $0.85 | Rake $0.04 | Jackpot $0 | Bingo $0 | Fortune $0 | Tax $0
Seat 1: 89ee38ca folded before Flop (didn't bet)
Seat 2: Hero collected ($0.81)
Seat 3: cf28ef09 folded before Flop (didn't bet)
Seat 4: aa708d7d (button) folded before Flop
Seat 5: 9ba01f42 (small blind) folded before Flop
Seat 6: ddcc0995 (big blind) folded before Flop


Poker Hand #HD1216112578: Hold'em No Limit ($0.02/$0.05) - 2023/04/24 20:00:10
Table 'NLHBlue61' 6-max Seat #3 is the button
Seat 1: 89ee38ca ($5.69 in chips)
Seat 2: Hero ($5 in chips)
Seat 3: cf28ef09 ($5 in chips)
Seat 4: aa708d7d ($5.95 in chips)
Seat 5: 9ba01f42 ($5 in chips)
Seat 6: ddcc0995 ($5 in chips)
aa708d7d: posts small blind $0.02
9ba01f42: posts big blind $0.05
*** HOLE CARDS ***
Dealt to 89ee38ca 
Dealt to Hero [6d Ac]
Dealt to cf28ef09 
Dealt to aa708d7d 
Dealt to 9ba01f42 
Dealt to ddcc0995 
ddcc0995: folds
89ee38ca: folds
Hero: folds
cf28ef09: raises $0.09 to $0.14
aa708d7d: raises $0.39 to $0.53
9ba01f42: folds
cf28ef09: folds
Uncalled bet ($0.39) returned to aa708d7d
*** SHOWDOWN ***
aa708d7d collected $0.31 from pot
*** SUMMARY ***
Total pot $0.33 | Rake $0.02 | Jackpot $0 | Bingo $0 | Fortune $0 | Tax $0
Seat 1: 89ee38ca folded before Flop (didn't bet)
Seat 2: Hero folded before Flop (didn't bet)
Seat 3: cf28ef09 (button) folded before Flop
Seat 4: aa708d7d (small blind) collected ($0.31)
Seat 5: 9ba01f42 (big blind) folded before Flop
Seat 6: ddcc0995 folded before Flop (didn't bet)


Poker Hand #HD1216112465: Hold'em No Limit ($0.02/$0.05) - 2023/04/24 19:59:16
Table 'NLHBlue61' 6-max Seat #2 is the button
Seat 1: 89ee38ca ($5.69 in chips)
Seat 2: Hero ($5 in chips)
Seat 3: cf28ef09 ($5.02 in chips)
Seat 4: aa708d7d ($5.7 in chips)
Seat 5: 9ba01f42 ($5.07 in chips)
Seat 6: ddcc0995 ($5 in chips)
cf28ef09: posts small blind $0.02
aa708d7d: posts big blind $0.05
*** HOLE CARDS ***
Dealt to 89ee38ca 
Dealt to Hero [6h 9s]
Dealt to cf28ef09 
Dealt to aa708d7d 
Dealt to 9ba01f42 
Dealt to ddcc0995 
9ba01f42: raises $0.07 to $0.12
ddcc0995: folds
89ee38ca: folds
Hero: folds
cf28ef09: folds
aa708d7d: calls $0.07
*** FLOP *** [6d 4h Ah]
aa708d7d: checks
9ba01f42: bets $0.14
aa708d7d: calls $0.14
*** TURN *** [6d 4h Ah] [7d]
aa708d7d: checks
9ba01f42: checks
*** RIVER *** [6d 4h Ah 7d] [Js]
aa708d7d: checks
9ba01f42: checks
aa708d7d: shows [7s 5s] (Pair of Sevens)
9ba01f42: shows [Kc Qh] (Ace-High)
*** SHOWDOWN ***
aa708d7d collected $0.51 from pot
*** SUMMARY ***
Total pot $0.54 | Rake $0.03 | Jackpot $0 | Bingo $0 | Fortune $0 | Tax $0
Board [6d 4h Ah 7d Js]
Seat 1: 89ee38ca folded before Flop (didn't bet)
Seat 2: Hero (button) folded before Flop (didn't bet)
Seat 3: cf28ef09 (small blind) folded before Flop
Seat 4: aa708d7d (big blind) showed [7s 5s] and won ($0.51) with Pair of Sevens
Seat 5: 9ba01f42 showed [Kc Qh] and lost with Ace-High
Seat 6: ddcc0995 folded before Flop (didn't bet)


Poker Hand #HD1216112439: Hold'em No Limit ($0.02/$0.05) - 2023/04/24 19:59:03
Table 'NLHBlue61' 6-max Seat #1 is the button
Seat 1: 89ee38ca ($5.69 in chips)
Seat 2: Hero ($5 in chips)
Seat 3: cf28ef09 ($5 in chips)
Seat 4: aa708d7d ($5.7 in chips)
Seat 5: 9ba01f42 ($5.07 in chips)
Seat 6: ddcc0995 ($5 in chips)
Hero: posts small blind $0.02
cf28ef09: posts big blind $0.05
*** HOLE CARDS ***
Dealt to 89ee38ca 
Dealt to Hero [Kd 8h]
Dealt to cf28ef09 
Dealt to aa708d7d 
Dealt to 9ba01f42 
Dealt to ddcc0995 
aa708d7d: folds
9ba01f42: folds
ddcc0995: folds
89ee38ca: folds
Hero: folds
Uncalled bet ($0.03) returned to cf28ef09
*** SHOWDOWN ***
cf28ef09 collected $0.04 from pot
*** SUMMARY ***
Total pot $0.04 | Rake $0 | Jackpot $0 | Bingo $0 | Fortune $0 | Tax $0
Seat 1: 89ee38ca (button) folded before Flop (didn't bet)
Seat 2: Hero (small blind) folded before Flop
Seat 3: cf28ef09 (big blind) collected ($0.04)
Seat 4: aa708d7d folded before Flop (didn't bet)
Seat 5: 9ba01f42 folded before Flop (didn't bet)
Seat 6: ddcc0995 folded before Flop (didn't bet)


Poker Hand #HD1216112402: Hold'em No Limit ($0.02/$0.05) - 2023/04/24 19:58:42
Table 'NLHBlue61' 6-max Seat #6 is the button
Seat 1: 89ee38ca ($5.26 in chips)
Seat 2: Hero ($5 in chips)
Seat 4: aa708d7d ($5.7 in chips)
Seat 5: 9ba01f42 ($5.07 in chips)
Seat 6: ddcc0995 ($5 in chips)
89ee38ca: posts small blind $0.02
Hero: posts big blind $0.05
*** HOLE CARDS ***
Dealt to 89ee38ca 
Dealt to Hero [Kd 4h]
Dealt to aa708d7d 
Dealt to 9ba01f42 
Dealt to ddcc0995 
aa708d7d: folds
9ba01f42: folds
ddcc0995: raises $0.06 to $0.11
89ee38ca: raises $0.31 to $0.42
Hero: folds
ddcc0995: calls $0.31
*** FLOP *** [Jd Qd 3c]
89ee38ca: bets $0.45
ddcc0995: folds
Uncalled bet ($0.45) returned to 89ee38ca
*** SHOWDOWN ***
89ee38ca collected $0.85 from pot
*** SUMMARY ***
Total pot $0.89 | Rake $0.04 | Jackpot $0 | Bingo $0 | Fortune $0 | Tax $0
Board [Jd Qd 3c]
Seat 1: 89ee38ca (small blind) won ($0.85)
Seat 2: Hero (big blind) folded before Flop
Seat 4: aa708d7d folded before Flop (didn't bet)
Seat 5: 9ba01f42 folded before Flop (didn't bet)
Seat 6: ddcc0995 (button) folded on the Flop


