Poker Hand #HD1181444341: Hold'em No Limit  ($0.02/$0.05) - 2023/03/29 20:38:21
Table 'NLHBlue121' 6-max Seat #5 is the button
Seat 1: 3eaf011c ($5.95 in chips)
Seat 2: Hero ($12.01 in chips)
Seat 3: b935e9 ($4.93 in chips)
Seat 4: 4dc641f9 ($3.97 in chips)
Seat 5: ca83e503 ($5 in chips)
Seat 6: 8fb2b717 ($4.77 in chips)
8fb2b717: posts small blind $0.02
3eaf011c: posts big blind $0.05
*** HOLE CARDS ***
Dealt to 3eaf011c 
Dealt to Hero [9h 3s]
Dealt to b935e9 
Dealt to 4dc641f9 
Dealt to ca83e503 
Dealt to 8fb2b717 
Hero: folds
b935e9: folds
4dc641f9: raises $0.08 to $0.13
ca83e503: folds
8fb2b717: folds
3eaf011c: folds
Uncalled bet ($0.08) returned to 4dc641f9
*** SHOWDOWN ***
4dc641f9 collected $0.12 from pot
*** SUMMARY ***
Total pot $0.12 | Rake $0 | Jackpot $0 | Bingo $0 | Fortune $0
Seat 1: 3eaf011c (big blind) folded before Flop
Seat 2: Hero folded before Flop (didn't bet)
Seat 3: b935e9 folded before Flop (didn't bet)
Seat 4: 4dc641f9 collected ($0.12)
Seat 5: ca83e503 (button) folded before Flop (didn't bet)
Seat 6: 8fb2b717 (small blind) folded before Flop


Poker Hand #HD1181444296: Hold'em No Limit  ($0.02/$0.05) - 2023/03/29 20:38:06
Table 'NLHBlue121' 6-max Seat #4 is the button
Seat 1: 3eaf011c ($5.95 in chips)
Seat 2: Hero ($12.01 in chips)
Seat 3: b935e9 ($4.93 in chips)
Seat 4: 4dc641f9 ($3.97 in chips)
Seat 5: ca83e503 ($5 in chips)
Seat 6: 8fb2b717 ($4.75 in chips)
ca83e503: posts small blind $0.02
8fb2b717: posts big blind $0.05
*** HOLE CARDS ***
Dealt to 3eaf011c 
Dealt to Hero [8d 3h]
Dealt to b935e9 
Dealt to 4dc641f9 
Dealt to ca83e503 
Dealt to 8fb2b717 
3eaf011c: folds
Hero: folds
b935e9: folds
4dc641f9: folds
ca83e503: folds
Uncalled bet ($0.03) returned to 8fb2b717
*** SHOWDOWN ***
8fb2b717 collected $0.04 from pot
*** SUMMARY ***
Total pot $0.04 | Rake $0 | Jackpot $0 | Bingo $0 | Fortune $0
Seat 1: 3eaf011c folded before Flop (didn't bet)
Seat 2: Hero folded before Flop (didn't bet)
Seat 3: b935e9 folded before Flop (didn't bet)
Seat 4: 4dc641f9 (button) folded before Flop (didn't bet)
Seat 5: ca83e503 (small blind) folded before Flop
Seat 6: 8fb2b717 (big blind) collected ($0.04)


Poker Hand #HD1181444236: Hold'em No Limit  ($0.02/$0.05) - 2023/03/29 20:37:48
Table 'NLHBlue121' 6-max Seat #3 is the button
Seat 1: 3eaf011c ($5.95 in chips)
Seat 2: Hero ($11.94 in chips)
Seat 3: b935e9 ($4.93 in chips)
Seat 4: 4dc641f9 ($3.99 in chips)
Seat 5: ca83e503 ($5.02 in chips)
Seat 6: 8fb2b717 ($4.75 in chips)
4dc641f9: posts small blind $0.02
ca83e503: posts big blind $0.05
*** HOLE CARDS ***
Dealt to 3eaf011c 
Dealt to Hero [Js Jc]
Dealt to b935e9 
Dealt to 4dc641f9 
Dealt to ca83e503 
Dealt to 8fb2b717 
8fb2b717: folds
3eaf011c: folds
Hero: raises $0.07 to $0.12
b935e9: folds
4dc641f9: folds
ca83e503: folds
Uncalled bet ($0.07) returned to Hero
*** SHOWDOWN ***
Hero collected $0.12 from pot
*** SUMMARY ***
Total pot $0.12 | Rake $0 | Jackpot $0 | Bingo $0 | Fortune $0
Seat 1: 3eaf011c folded before Flop (didn't bet)
Seat 2: Hero collected ($0.12)
Seat 3: b935e9 (button) folded before Flop (didn't bet)
Seat 4: 4dc641f9 (small blind) folded before Flop
Seat 5: ca83e503 (big blind) folded before Flop
Seat 6: 8fb2b717 folded before Flop (didn't bet)


Poker Hand #HD1181444086: Hold'em No Limit  ($0.02/$0.05) - 2023/03/29 20:36:57
Table 'NLHBlue121' 6-max Seat #2 is the button
Seat 1: 3eaf011c ($5.95 in chips)
Seat 2: Hero ($12.19 in chips)
Seat 3: b935e9 ($4.95 in chips)
Seat 4: 4dc641f9 ($3.74 in chips)
Seat 5: ca83e503 ($5.02 in chips)
Seat 6: 8fb2b717 ($4.75 in chips)
b935e9: posts small blind $0.02
4dc641f9: posts big blind $0.05
*** HOLE CARDS ***
Dealt to 3eaf011c 
Dealt to Hero [5s Qs]
Dealt to b935e9 
Dealt to 4dc641f9 
Dealt to ca83e503 
Dealt to 8fb2b717 
ca83e503: folds
8fb2b717: folds
3eaf011c: folds
Hero: raises $0.07 to $0.12
b935e9: folds
4dc641f9: calls $0.07
*** FLOP *** [6c Kd 2h]
4dc641f9: checks
Hero: checks
*** TURN *** [6c Kd 2h] [3s]
4dc641f9: checks
Hero: bets $0.13
4dc641f9: raises $0.26 to $0.39
Hero: folds
Uncalled bet ($0.26) returned to 4dc641f9
*** SHOWDOWN ***
4dc641f9 collected $0.5 from pot
*** SUMMARY ***
Total pot $0.52 | Rake $0.02 | Jackpot $0 | Bingo $0 | Fortune $0
Board [6c Kd 2h 3s]
Seat 1: 3eaf011c folded before Flop (didn't bet)
Seat 2: Hero (button) folded on the Turn
Seat 3: b935e9 (small blind) folded before Flop
Seat 4: 4dc641f9 (big blind) won ($0.5)
Seat 5: ca83e503 folded before Flop (didn't bet)
Seat 6: 8fb2b717 folded before Flop (didn't bet)


Poker Hand #HD1181444044: Hold'em No Limit  ($0.02/$0.05) - 2023/03/29 20:36:41
Table 'NLHBlue121' 6-max Seat #1 is the button
Seat 1: 3eaf011c ($5.95 in chips)
Seat 2: Hero ($12.21 in chips)
Seat 3: b935e9 ($5 in chips)
Seat 4: 4dc641f9 ($3.67 in chips)
Seat 5: ca83e503 ($5.02 in chips)
Seat 6: 8fb2b717 ($4.75 in chips)
Hero: posts small blind $0.02
b935e9: posts big blind $0.05
*** HOLE CARDS ***
Dealt to 3eaf011c 
Dealt to Hero [Ad 4c]
Dealt to b935e9 
Dealt to 4dc641f9 
Dealt to ca83e503 
Dealt to 8fb2b717 
4dc641f9: raises $0.08 to $0.13
ca83e503: folds
8fb2b717: folds
3eaf011c: folds
Hero: folds
b935e9: folds
Uncalled bet ($0.08) returned to 4dc641f9
*** SHOWDOWN ***
4dc641f9 collected $0.12 from pot
*** SUMMARY ***
Total pot $0.12 | Rake $0 | Jackpot $0 | Bingo $0 | Fortune $0
Seat 1: 3eaf011c (button) folded before Flop (didn't bet)
Seat 2: Hero (small blind) folded before Flop
Seat 3: b935e9 (big blind) folded before Flop
Seat 4: 4dc641f9 collected ($0.12)
Seat 5: ca83e503 folded before Flop (didn't bet)
Seat 6: 8fb2b717 folded before Flop (didn't bet)


Poker Hand #HD1181444002: Hold'em No Limit  ($0.02/$0.05) - 2023/03/29 20:36:26
Table 'NLHBlue121' 6-max Seat #6 is the button
Seat 1: 3eaf011c ($5.9 in chips)
Seat 2: Hero ($12.26 in chips)
Seat 3: b935e9 ($5 in chips)
Seat 4: 4dc641f9 ($3.67 in chips)
Seat 5: ca83e503 ($5.02 in chips)
Seat 6: 8fb2b717 ($4.75 in chips)
3eaf011c: posts small blind $0.02
Hero: posts big blind $0.05
*** HOLE CARDS ***
Dealt to 3eaf011c 
Dealt to Hero [Td 8s]
Dealt to b935e9 
Dealt to 4dc641f9 
Dealt to ca83e503 
Dealt to 8fb2b717 
b935e9: folds
4dc641f9: folds
ca83e503: folds
8fb2b717: folds
3eaf011c: raises $0.05 to $0.1
Hero: folds
Uncalled bet ($0.05) returned to 3eaf011c
*** SHOWDOWN ***
3eaf011c collected $0.1 from pot
*** SUMMARY ***
Total pot $0.1 | Rake $0 | Jackpot $0 | Bingo $0 | Fortune $0
Seat 1: 3eaf011c (small blind) collected ($0.1)
Seat 2: Hero (big blind) folded before Flop
Seat 3: b935e9 folded before Flop (didn't bet)
Seat 4: 4dc641f9 folded before Flop (didn't bet)
Seat 5: ca83e503 folded before Flop (didn't bet)
Seat 6: 8fb2b717 (button) folded before Flop (didn't bet)


Poker Hand #HD1181443870: Hold'em No Limit  ($0.02/$0.05) - 2023/03/29 20:35:43
Table 'NLHBlue121' 6-max Seat #5 is the button
Seat 1: 3eaf011c ($5.77 in chips)
Seat 2: Hero ($12.26 in chips)
Seat 3: b935e9 ($5 in chips)
Seat 4: 4dc641f9 ($3.67 in chips)
Seat 5: ca83e503 ($5.02 in chips)
Seat 6: 8fb2b717 ($4.89 in chips)
8fb2b717: posts small blind $0.02
3eaf011c: posts big blind $0.05
*** HOLE CARDS ***
Dealt to 3eaf011c 
Dealt to Hero [3h 7d]
Dealt to b935e9 
Dealt to 4dc641f9 
Dealt to ca83e503 
Dealt to 8fb2b717 
Hero: folds
b935e9: folds
4dc641f9: folds
ca83e503: folds
8fb2b717: calls $0.03
3eaf011c: raises $0.09 to $0.14
8fb2b717: calls $0.09
*** FLOP *** [4h 5s 5h]
8fb2b717: checks
3eaf011c: bets $0.22
8fb2b717: folds
Uncalled bet ($0.22) returned to 3eaf011c
*** SHOWDOWN ***
3eaf011c collected $0.27 from pot
*** SUMMARY ***
Total pot $0.28 | Rake $0.01 | Jackpot $0 | Bingo $0 | Fortune $0
Board [4h 5s 5h]
Seat 1: 3eaf011c (big blind) won ($0.27)
Seat 2: Hero folded before Flop (didn't bet)
Seat 3: b935e9 folded before Flop (didn't bet)
Seat 4: 4dc641f9 folded before Flop (didn't bet)
Seat 5: ca83e503 (button) folded before Flop (didn't bet)
Seat 6: 8fb2b717 (small blind) folded on the Flop


Poker Hand #HD1181443738: Hold'em No Limit  ($0.02/$0.05) - 2023/03/29 20:34:57
Table 'NLHBlue121' 6-max Seat #4 is the button
Seat 1: 3eaf011c ($5.77 in chips)
Seat 2: Hero ($12.26 in chips)
Seat 3: b935e9 ($5 in chips)
Seat 4: 4dc641f9 ($3.67 in chips)
Seat 5: ca83e503 ($5.17 in chips)
Seat 6: 8fb2b717 ($4.75 in chips)
ca83e503: posts small blind $0.02
8fb2b717: posts big blind $0.05
*** HOLE CARDS ***
Dealt to 3eaf011c 
Dealt to Hero [3d 6h]
Dealt to b935e9 
Dealt to 4dc641f9 
Dealt to ca83e503 
Dealt to 8fb2b717 
3eaf011c: folds
Hero: folds
b935e9: folds
4dc641f9: folds
ca83e503: raises $0.1 to $0.15
8fb2b717: calls $0.1
*** FLOP *** [3s 7c 6c]
ca83e503: checks
8fb2b717: bets $0.2
ca83e503: folds
Uncalled bet ($0.2) returned to 8fb2b717
*** SHOWDOWN ***
8fb2b717 collected $0.29 from pot
*** SUMMARY ***
Total pot $0.3 | Rake $0.01 | Jackpot $0 | Bingo $0 | Fortune $0
Board [3s 7c 6c]
Seat 1: 3eaf011c folded before Flop (didn't bet)
Seat 2: Hero folded before Flop (didn't bet)
Seat 3: b935e9 folded before Flop (didn't bet)
Seat 4: 4dc641f9 (button) folded before Flop (didn't bet)
Seat 5: ca83e503 (small blind) folded on the Flop
Seat 6: 8fb2b717 (big blind) won ($0.29)


Poker Hand #HD1181443686: Hold'em No Limit  ($0.02/$0.05) - 2023/03/29 20:34:41
Table 'NLHBlue121' 6-max Seat #3 is the button
Seat 1: 3eaf011c ($5.77 in chips)
Seat 2: Hero ($12.26 in chips)
Seat 3: b935e9 ($5 in chips)
Seat 4: 4dc641f9 ($3.69 in chips)
Seat 5: ca83e503 ($5.15 in chips)
Seat 6: 8fb2b717 ($4.75 in chips)
4dc641f9: posts small blind $0.02
ca83e503: posts big blind $0.05
*** HOLE CARDS ***
Dealt to 3eaf011c 
Dealt to Hero [Td 6c]
Dealt to b935e9 
Dealt to 4dc641f9 
Dealt to ca83e503 
Dealt to 8fb2b717 
8fb2b717: folds
3eaf011c: folds
Hero: folds
b935e9: folds
4dc641f9: folds
Uncalled bet ($0.03) returned to ca83e503
*** SHOWDOWN ***
ca83e503 collected $0.04 from pot
*** SUMMARY ***
Total pot $0.04 | Rake $0 | Jackpot $0 | Bingo $0 | Fortune $0
Seat 1: 3eaf011c folded before Flop (didn't bet)
Seat 2: Hero folded before Flop (didn't bet)
Seat 3: b935e9 (button) folded before Flop (didn't bet)
Seat 4: 4dc641f9 (small blind) folded before Flop
Seat 5: ca83e503 (big blind) collected ($0.04)
Seat 6: 8fb2b717 folded before Flop (didn't bet)


Poker Hand #HD1181443631: Hold'em No Limit  ($0.02/$0.05) - 2023/03/29 20:34:23
Table 'NLHBlue121' 6-max Seat #2 is the button
Seat 1: 3eaf011c ($5.7 in chips)
Seat 2: Hero ($12.26 in chips)
Seat 3: b935e9 ($5.02 in chips)
Seat 4: 4dc641f9 ($3.74 in chips)
Seat 5: ca83e503 ($5.15 in chips)
Seat 6: 8fb2b717 ($4.75 in chips)
b935e9: posts small blind $0.02
4dc641f9: posts big blind $0.05
*** HOLE CARDS ***
Dealt to 3eaf011c 
Dealt to Hero [4c 7s]
Dealt to b935e9 
Dealt to 4dc641f9 
Dealt to ca83e503 
Dealt to 8fb2b717 
ca83e503: folds
8fb2b717: folds
3eaf011c: raises $0.05 to $0.1
Hero: folds
b935e9: folds
4dc641f9: folds
Uncalled bet ($0.05) returned to 3eaf011c
*** SHOWDOWN ***
3eaf011c collected $0.12 from pot
*** SUMMARY ***
Total pot $0.12 | Rake $0 | Jackpot $0 | Bingo $0 | Fortune $0
Seat 1: 3eaf011c collected ($0.12)
Seat 2: Hero (button) folded before Flop (didn't bet)
Seat 3: b935e9 (small blind) folded before Flop
Seat 4: 4dc641f9 (big blind) folded before Flop
Seat 5: ca83e503 folded before Flop (didn't bet)
Seat 6: 8fb2b717 folded before Flop (didn't bet)


Poker Hand #HD1181443572: Hold'em No Limit  ($0.02/$0.05) - 2023/03/29 20:34:05
Table 'NLHBlue121' 6-max Seat #1 is the button
Seat 1: 3eaf011c ($5.7 in chips)
Seat 2: Hero ($12.28 in chips)
Seat 3: b935e9 ($5 in chips)
Seat 4: 4dc641f9 ($3.74 in chips)
Seat 5: ca83e503 ($5.15 in chips)
Seat 6: 8fb2b717 ($4.75 in chips)
Hero: posts small blind $0.02
b935e9: posts big blind $0.05
*** HOLE CARDS ***
Dealt to 3eaf011c 
Dealt to Hero [2s 8s]
Dealt to b935e9 
Dealt to 4dc641f9 
Dealt to ca83e503 
Dealt to 8fb2b717 
4dc641f9: folds
ca83e503: folds
8fb2b717: folds
3eaf011c: folds
Hero: folds
Uncalled bet ($0.03) returned to b935e9
*** SHOWDOWN ***
b935e9 collected $0.04 from pot
*** SUMMARY ***
Total pot $0.04 | Rake $0 | Jackpot $0 | Bingo $0 | Fortune $0
Seat 1: 3eaf011c (button) folded before Flop (didn't bet)
Seat 2: Hero (small blind) folded before Flop
Seat 3: b935e9 (big blind) collected ($0.04)
Seat 4: 4dc641f9 folded before Flop (didn't bet)
Seat 5: ca83e503 folded before Flop (didn't bet)
Seat 6: 8fb2b717 folded before Flop (didn't bet)


Poker Hand #HD1181443423: Hold'em No Limit  ($0.02/$0.05) - 2023/03/29 20:33:12
Table 'NLHBlue121' 6-max Seat #6 is the button
Seat 1: 3eaf011c ($5.39 in chips)
Seat 2: Hero ($12.62 in chips)
Seat 4: 4dc641f9 ($3.74 in chips)
Seat 5: ca83e503 ($5.15 in chips)
Seat 6: 8fb2b717 ($4.75 in chips)
3eaf011c: posts small blind $0.02
Hero: posts big blind $0.05
*** HOLE CARDS ***
Dealt to 3eaf011c 
Dealt to Hero [As 9d]
Dealt to 4dc641f9 
Dealt to ca83e503 
Dealt to 8fb2b717 
4dc641f9: folds
ca83e503: folds
8fb2b717: folds
3eaf011c: raises $0.1 to $0.15
Hero: raises $0.19 to $0.34
3eaf011c: calls $0.19
*** FLOP *** [6c Jc 5d]
3eaf011c: checks
Hero: checks
*** TURN *** [6c Jc 5d] [3c]
3eaf011c: bets $0.68
Hero: folds
Uncalled bet ($0.68) returned to 3eaf011c
*** SHOWDOWN ***
3eaf011c collected $0.65 from pot
*** SUMMARY ***
Total pot $0.68 | Rake $0.03 | Jackpot $0 | Bingo $0 | Fortune $0
Board [6c Jc 5d 3c]
Seat 1: 3eaf011c (small blind) won ($0.65)
Seat 2: Hero (big blind) folded on the Turn
Seat 4: 4dc641f9 folded before Flop (didn't bet)
Seat 5: ca83e503 folded before Flop (didn't bet)
Seat 6: 8fb2b717 (button) folded before Flop (didn't bet)


Poker Hand #HD1181443298: Hold'em No Limit  ($0.02/$0.05) - 2023/03/29 20:32:30
Table 'NLHBlue121' 6-max Seat #5 is the button
Seat 1: 3eaf011c ($5.25 in chips)
Seat 2: Hero ($12.62 in chips)
Seat 3: 1846354 ($13.67 in chips)
Seat 4: 4dc641f9 ($3.74 in chips)
Seat 5: ca83e503 ($5.15 in chips)
Seat 6: 8fb2b717 ($4.9 in chips)
8fb2b717: posts small blind $0.02
3eaf011c: posts big blind $0.05
*** HOLE CARDS ***
Dealt to 3eaf011c 
Dealt to Hero [Qh 6s]
Dealt to 1846354 
Dealt to 4dc641f9 
Dealt to ca83e503 
Dealt to 8fb2b717 
Hero: folds
1846354: folds
4dc641f9: folds
ca83e503: folds
8fb2b717: calls $0.03
3eaf011c: checks
*** FLOP *** [7c Td 2d]
8fb2b717: checks
3eaf011c: bets $0.1
8fb2b717: calls $0.1
*** TURN *** [7c Td 2d] [Jc]
8fb2b717: checks
3eaf011c: bets $0.3
8fb2b717: folds
Uncalled bet ($0.3) returned to 3eaf011c
*** SHOWDOWN ***
3eaf011c collected $0.29 from pot
*** SUMMARY ***
Total pot $0.3 | Rake $0.01 | Jackpot $0 | Bingo $0 | Fortune $0
Board [7c Td 2d Jc]
Seat 1: 3eaf011c (big blind) won ($0.29)
Seat 2: Hero folded before Flop (didn't bet)
Seat 3: 1846354 folded before Flop (didn't bet)
Seat 4: 4dc641f9 folded before Flop (didn't bet)
Seat 5: ca83e503 (button) folded before Flop (didn't bet)
Seat 6: 8fb2b717 (small blind) folded on the Turn


Poker Hand #HD1181443148: Hold'em No Limit  ($0.02/$0.05) - 2023/03/29 20:31:45
Table 'NLHBlue121' 6-max Seat #4 is the button
Seat 1: 3eaf011c ($5.6 in chips)
Seat 2: Hero ($12.62 in chips)
Seat 3: 1846354 ($13.67 in chips)
Seat 4: 4dc641f9 ($3.35 in chips)
Seat 5: ca83e503 ($5.17 in chips)
Seat 6: 8fb2b717 ($4.95 in chips)
ca83e503: posts small blind $0.02
8fb2b717: posts big blind $0.05
*** HOLE CARDS ***
Dealt to 3eaf011c 
Dealt to Hero [9c 7c]
Dealt to 1846354 
Dealt to 4dc641f9 
Dealt to ca83e503 
Dealt to 8fb2b717 
3eaf011c: raises $0.1 to $0.15
Hero: folds
1846354: folds
4dc641f9: calls $0.15
ca83e503: folds
8fb2b717: folds
*** FLOP *** [Qc 7s Qh]
3eaf011c: bets $0.2
4dc641f9: raises $0.39 to $0.59
3eaf011c: folds
Uncalled bet ($0.39) returned to 4dc641f9
*** SHOWDOWN ***
4dc641f9 collected $0.74 from pot
*** SUMMARY ***
Total pot $0.77 | Rake $0.03 | Jackpot $0 | Bingo $0 | Fortune $0
Board [Qc 7s Qh]
Seat 1: 3eaf011c folded on the Flop
Seat 2: Hero folded before Flop (didn't bet)
Seat 3: 1846354 folded before Flop (didn't bet)
Seat 4: 4dc641f9 (button) won ($0.74)
Seat 5: ca83e503 (small blind) folded before Flop
Seat 6: 8fb2b717 (big blind) folded before Flop


Poker Hand #HD1181443030: Hold'em No Limit  ($0.02/$0.05) - 2023/03/29 20:31:07
Table 'NLHBlue121' 6-max Seat #3 is the button
Seat 1: 3eaf011c ($5.6 in chips)
Seat 2: Hero ($12.62 in chips)
Seat 3: 1846354 ($13.67 in chips)
Seat 4: 4dc641f9 ($3.48 in chips)
Seat 5: ca83e503 ($5 in chips)
Seat 6: 8fb2b717 ($5 in chips)
4dc641f9: posts small blind $0.02
ca83e503: posts big blind $0.05
8fb2b717: posts big blind $0.05
*** HOLE CARDS ***
Dealt to 3eaf011c 
Dealt to Hero [6c 3s]
Dealt to 1846354 
Dealt to 4dc641f9 
Dealt to ca83e503 
Dealt to 8fb2b717 
8fb2b717: checks
3eaf011c: folds
Hero: folds
1846354: folds
4dc641f9: raises $0.08 to $0.13
ca83e503: raises $0.33 to $0.46
8fb2b717: folds
4dc641f9: folds
Uncalled bet ($0.33) returned to ca83e503
*** SHOWDOWN ***
ca83e503 collected $0.3 from pot
*** SUMMARY ***
Total pot $0.31 | Rake $0.01 | Jackpot $0 | Bingo $0 | Fortune $0
Seat 1: 3eaf011c folded before Flop (didn't bet)
Seat 2: Hero folded before Flop (didn't bet)
Seat 3: 1846354 (button) folded before Flop (didn't bet)
Seat 4: 4dc641f9 (small blind) folded before Flop
Seat 5: ca83e503 (big blind) collected ($0.3)
Seat 6: 8fb2b717 folded before Flop


Poker Hand #HD1181442992: Hold'em No Limit  ($0.02/$0.05) - 2023/03/29 20:30:51
Table 'NLHBlue121' 6-max Seat #2 is the button
Seat 1: 3eaf011c ($5.53 in chips)
Seat 2: Hero ($12.62 in chips)
Seat 3: 1846354 ($13.69 in chips)
Seat 4: 4dc641f9 ($3.53 in chips)
1846354: posts small blind $0.02
4dc641f9: posts big blind $0.05
*** HOLE CARDS ***
Dealt to 3eaf011c 
Dealt to Hero [As 3h]
Dealt to 1846354 
Dealt to 4dc641f9 
3eaf011c: raises $0.1 to $0.15
Hero: folds
1846354: folds
4dc641f9: folds
Uncalled bet ($0.1) returned to 3eaf011c
*** SHOWDOWN ***
3eaf011c collected $0.12 from pot
*** SUMMARY ***
Total pot $0.12 | Rake $0 | Jackpot $0 | Bingo $0 | Fortune $0
Seat 1: 3eaf011c collected ($0.12)
Seat 2: Hero (button) folded before Flop (didn't bet)
Seat 3: 1846354 (small blind) folded before Flop
Seat 4: 4dc641f9 (big blind) folded before Flop


Poker Hand #HD1181442969: Hold'em No Limit  ($0.02/$0.05) - 2023/03/29 20:30:42
Table 'NLHBlue121' 6-max Seat #1 is the button
Seat 1: 3eaf011c ($5.53 in chips)
Seat 2: Hero ($12.64 in chips)
Seat 3: 1846354 ($13.67 in chips)
Seat 4: 4dc641f9 ($3.53 in chips)
Hero: posts small blind $0.02
1846354: posts big blind $0.05
*** HOLE CARDS ***
Dealt to 3eaf011c 
Dealt to Hero [4d 2h]
Dealt to 1846354 
Dealt to 4dc641f9 
4dc641f9: folds
3eaf011c: folds
Hero: folds
Uncalled bet ($0.03) returned to 1846354
*** SHOWDOWN ***
1846354 collected $0.04 from pot
*** SUMMARY ***
Total pot $0.04 | Rake $0 | Jackpot $0 | Bingo $0 | Fortune $0
Seat 1: 3eaf011c (button) folded before Flop (didn't bet)
Seat 2: Hero (small blind) folded before Flop
Seat 3: 1846354 (big blind) collected ($0.04)
Seat 4: 4dc641f9 folded before Flop (didn't bet)


Poker Hand #HD1181442869: Hold'em No Limit  ($0.02/$0.05) - 2023/03/29 20:30:11
Table 'NLHBlue121' 6-max Seat #5 is the button
Seat 1: 3eaf011c ($5.1 in chips)
Seat 2: Hero ($12.69 in chips)
Seat 3: 1846354 ($14.09 in chips)
Seat 4: 4dc641f9 ($3.53 in chips)
Seat 5: 5b86ce2b ($5.96 in chips)
3eaf011c: posts small blind $0.02
Hero: posts big blind $0.05
*** HOLE CARDS ***
Dealt to 3eaf011c 
Dealt to Hero [2d Ks]
Dealt to 1846354 
Dealt to 4dc641f9 
Dealt to 5b86ce2b 
1846354: raises $0.1 to $0.15
4dc641f9: folds
5b86ce2b: folds
3eaf011c: raises $0.27 to $0.42
Hero: folds
1846354: calls $0.27
*** FLOP *** [8h 3s 9c]
3eaf011c: bets $0.68
1846354: folds
Uncalled bet ($0.68) returned to 3eaf011c
*** SHOWDOWN ***
3eaf011c collected $0.85 from pot
*** SUMMARY ***
Total pot $0.89 | Rake $0.04 | Jackpot $0 | Bingo $0 | Fortune $0
Board [8h 3s 9c]
Seat 1: 3eaf011c (small blind) won ($0.85)
Seat 2: Hero (big blind) folded before Flop
Seat 3: 1846354 folded on the Flop
Seat 4: 4dc641f9 folded before Flop (didn't bet)
Seat 5: 5b86ce2b (button) folded before Flop (didn't bet)


Poker Hand #HD1181442822: Hold'em No Limit  ($0.02/$0.05) - 2023/03/29 20:29:55
Table 'NLHBlue121' 6-max Seat #4 is the button
Seat 1: 3eaf011c ($5.1 in chips)
Seat 2: Hero ($12.69 in chips)
Seat 3: 1846354 ($14.09 in chips)
Seat 4: 4dc641f9 ($3.53 in chips)
Seat 5: 5b86ce2b ($5.91 in chips)
Seat 6: db9dff24 ($5 in chips)
5b86ce2b: posts small blind $0.02
db9dff24: posts big blind $0.05
*** HOLE CARDS ***
Dealt to 3eaf011c 
Dealt to Hero [Qs 7d]
Dealt to 1846354 
Dealt to 4dc641f9 
Dealt to 5b86ce2b 
Dealt to db9dff24 
3eaf011c: folds
Hero: folds
1846354: folds
4dc641f9: folds
5b86ce2b: raises $0.1 to $0.15
db9dff24: folds
Uncalled bet ($0.1) returned to 5b86ce2b
*** SHOWDOWN ***
5b86ce2b collected $0.1 from pot
*** SUMMARY ***
Total pot $0.1 | Rake $0 | Jackpot $0 | Bingo $0 | Fortune $0
Seat 1: 3eaf011c folded before Flop (didn't bet)
Seat 2: Hero folded before Flop (didn't bet)
Seat 3: 1846354 folded before Flop (didn't bet)
Seat 4: 4dc641f9 (button) folded before Flop (didn't bet)
Seat 5: 5b86ce2b (small blind) collected ($0.1)
Seat 6: db9dff24 (big blind) folded before Flop


Poker Hand #HD1181442630: Hold'em No Limit  ($0.02/$0.05) - 2023/03/29 20:28:55
Table 'NLHBlue121' 6-max Seat #3 is the button
Seat 1: 3eaf011c ($5.1 in chips)
Seat 2: Hero ($12.69 in chips)
Seat 3: 1846354 ($14.09 in chips)
Seat 4: 4dc641f9 ($4.39 in chips)
Seat 5: 5b86ce2b ($5.18 in chips)
Seat 6: db9dff24 ($5 in chips)
4dc641f9: posts small blind $0.02
5b86ce2b: posts big blind $0.05
*** HOLE CARDS ***
Dealt to 3eaf011c 
Dealt to Hero [2s Ts]
Dealt to 1846354 
Dealt to 4dc641f9 
Dealt to 5b86ce2b 
Dealt to db9dff24 
db9dff24: folds
3eaf011c: folds
Hero: folds
1846354: folds
4dc641f9: raises $0.08 to $0.13
5b86ce2b: raises $0.24 to $0.37
4dc641f9: calls $0.24
*** FLOP *** [9h 4h 5c]
4dc641f9: checks
5b86ce2b: checks
*** TURN *** [9h 4h 5c] [5d]
4dc641f9: bets $0.49
5b86ce2b: calls $0.49
*** RIVER *** [9h 4h 5c 5d] [As]
4dc641f9: checks
5b86ce2b: bets $0.5
4dc641f9: folds
Uncalled bet ($0.5) returned to 5b86ce2b
*** SHOWDOWN ***
5b86ce2b collected $1.59 from pot
*** SUMMARY ***
Total pot $1.72 | Rake $0.08 | Jackpot $0.05 | Bingo $0 | Fortune $0
Board [9h 4h 5c 5d As]
Seat 1: 3eaf011c folded before Flop (didn't bet)
Seat 2: Hero folded before Flop (didn't bet)
Seat 3: 1846354 (button) folded before Flop (didn't bet)
Seat 4: 4dc641f9 (small blind) folded on the River
Seat 5: 5b86ce2b (big blind) won ($1.59)
Seat 6: db9dff24 folded before Flop (didn't bet)


Poker Hand #HD1181442525: Hold'em No Limit  ($0.02/$0.05) - 2023/03/29 20:28:21
Table 'NLHBlue121' 6-max Seat #2 is the button
Seat 1: 3eaf011c ($5.1 in chips)
Seat 2: Hero ($13.84 in chips)
Seat 3: 1846354 ($12.91 in chips)
Seat 4: 4dc641f9 ($4.44 in chips)
Seat 5: 5b86ce2b ($5.18 in chips)
Seat 6: db9dff24 ($5.07 in chips)
1846354: posts small blind $0.02
4dc641f9: posts big blind $0.05
*** HOLE CARDS ***
Dealt to 3eaf011c 
Dealt to Hero [Jd Jh]
Dealt to 1846354 
Dealt to 4dc641f9 
Dealt to 5b86ce2b 
Dealt to db9dff24 
5b86ce2b: folds
db9dff24: raises $0.1 to $0.15
3eaf011c: folds
Hero: raises $0.25 to $0.4
1846354: raises $0.75 to $1.15
4dc641f9: folds
db9dff24: folds
Hero: calls $0.75
*** FLOP *** [4d Ad 6c]
1846354: bets $1.25
Hero: folds
Uncalled bet ($1.25) returned to 1846354
*** SHOWDOWN ***
1846354 collected $2.33 from pot
*** SUMMARY ***
Total pot $2.5 | Rake $0.12 | Jackpot $0.05 | Bingo $0 | Fortune $0
Board [4d Ad 6c]
Seat 1: 3eaf011c folded before Flop (didn't bet)
Seat 2: Hero (button) folded on the Flop
Seat 3: 1846354 (small blind) won ($2.33)
Seat 4: 4dc641f9 (big blind) folded before Flop
Seat 5: 5b86ce2b folded before Flop (didn't bet)
Seat 6: db9dff24 folded before Flop


Poker Hand #HD1181442490: Hold'em No Limit  ($0.02/$0.05) - 2023/03/29 20:28:08
Table 'NLHBlue121' 6-max Seat #1 is the button
Seat 1: 3eaf011c ($5.1 in chips)
Seat 2: Hero ($13.86 in chips)
Seat 3: 1846354 ($12.89 in chips)
Seat 4: 4dc641f9 ($4.44 in chips)
Seat 5: 5b86ce2b ($5.18 in chips)
Seat 6: db9dff24 ($5.07 in chips)
Hero: posts small blind $0.02
1846354: posts big blind $0.05
*** HOLE CARDS ***
Dealt to 3eaf011c 
Dealt to Hero [3s 6d]
Dealt to 1846354 
Dealt to 4dc641f9 
Dealt to 5b86ce2b 
Dealt to db9dff24 
4dc641f9: folds
5b86ce2b: folds
db9dff24: folds
3eaf011c: folds
Hero: folds
Uncalled bet ($0.03) returned to 1846354
*** SHOWDOWN ***
1846354 collected $0.04 from pot
*** SUMMARY ***
Total pot $0.04 | Rake $0 | Jackpot $0 | Bingo $0 | Fortune $0
Seat 1: 3eaf011c (button) folded before Flop (didn't bet)
Seat 2: Hero (small blind) folded before Flop
Seat 3: 1846354 (big blind) collected ($0.04)
Seat 4: 4dc641f9 folded before Flop (didn't bet)
Seat 5: 5b86ce2b folded before Flop (didn't bet)
Seat 6: db9dff24 folded before Flop (didn't bet)


Poker Hand #HD1181442453: Hold'em No Limit  ($0.02/$0.05) - 2023/03/29 20:27:55
Table 'NLHBlue121' 6-max Seat #6 is the button
Seat 1: 3eaf011c ($5.12 in chips)
Seat 2: Hero ($13.91 in chips)
Seat 3: 1846354 ($12.89 in chips)
Seat 4: 4dc641f9 ($4.44 in chips)
Seat 5: 5b86ce2b ($5.18 in chips)
Seat 6: db9dff24 ($5 in chips)
3eaf011c: posts small blind $0.02
Hero: posts big blind $0.05
*** HOLE CARDS ***
Dealt to 3eaf011c 
Dealt to Hero [2h 3h]
Dealt to 1846354 
Dealt to 4dc641f9 
Dealt to 5b86ce2b 
Dealt to db9dff24 
1846354: folds
4dc641f9: folds
5b86ce2b: folds
db9dff24: raises $0.1 to $0.15
3eaf011c: folds
Hero: folds
Uncalled bet ($0.1) returned to db9dff24
*** SHOWDOWN ***
db9dff24 collected $0.12 from pot
*** SUMMARY ***
Total pot $0.12 | Rake $0 | Jackpot $0 | Bingo $0 | Fortune $0
Seat 1: 3eaf011c (small blind) folded before Flop
Seat 2: Hero (big blind) folded before Flop
Seat 3: 1846354 folded before Flop (didn't bet)
Seat 4: 4dc641f9 folded before Flop (didn't bet)
Seat 5: 5b86ce2b folded before Flop (didn't bet)
Seat 6: db9dff24 (button) collected ($0.12)


Poker Hand #HD1181442393: Hold'em No Limit  ($0.02/$0.05) - 2023/03/29 20:27:36
Table 'NLHBlue121' 6-max Seat #5 is the button
Seat 1: 3eaf011c ($5.1 in chips)
Seat 2: Hero ($13.91 in chips)
Seat 3: 1846354 ($12.89 in chips)
Seat 4: 4dc641f9 ($4.44 in chips)
Seat 5: 5b86ce2b ($5.18 in chips)
Seat 6: db9dff24 ($5 in chips)
db9dff24: posts small blind $0.02
3eaf011c: posts big blind $0.05
*** HOLE CARDS ***
Dealt to 3eaf011c 
Dealt to Hero [4c Td]
Dealt to 1846354 
Dealt to 4dc641f9 
Dealt to 5b86ce2b 
Dealt to db9dff24 
Hero: folds
1846354: folds
4dc641f9: folds
5b86ce2b: folds
db9dff24: folds
Uncalled bet ($0.03) returned to 3eaf011c
*** SHOWDOWN ***
3eaf011c collected $0.04 from pot
*** SUMMARY ***
Total pot $0.04 | Rake $0 | Jackpot $0 | Bingo $0 | Fortune $0
Seat 1: 3eaf011c (big blind) collected ($0.04)
Seat 2: Hero folded before Flop (didn't bet)
Seat 3: 1846354 folded before Flop (didn't bet)
Seat 4: 4dc641f9 folded before Flop (didn't bet)
Seat 5: 5b86ce2b (button) folded before Flop (didn't bet)
Seat 6: db9dff24 (small blind) folded before Flop


Poker Hand #HD1181442285: Hold'em No Limit  ($0.02/$0.05) - 2023/03/29 20:26:55
Table 'NLHBlue121' 6-max Seat #4 is the button
Seat 1: 3eaf011c ($5.1 in chips)
Seat 2: Hero ($13.91 in chips)
Seat 3: 1846354 ($12.29 in chips)
Seat 4: 4dc641f9 ($4.44 in chips)
Seat 5: 5b86ce2b ($5.2 in chips)
Seat 6: db9dff24 ($5.02 in chips)
5b86ce2b: posts small blind $0.02
db9dff24: posts big blind $0.05
*** HOLE CARDS ***
Dealt to 3eaf011c 
Dealt to Hero [4c 9h]
Dealt to 1846354 
Dealt to 4dc641f9 
Dealt to 5b86ce2b 
Dealt to db9dff24 
3eaf011c: folds
Hero: folds
1846354: raises $0.1 to $0.15
4dc641f9: folds
5b86ce2b: folds
db9dff24: calls $0.1
*** FLOP *** [2s 4s Ac]
db9dff24: checks
1846354: bets $0.11
db9dff24: calls $0.11
*** TURN *** [2s 4s Ac] [8h]
db9dff24: checks
1846354: checks
*** RIVER *** [2s 4s Ac 8h] [2h]
db9dff24: bets $0.38
1846354: calls $0.38
db9dff24: shows [5h Th] (Pair of Twos)
1846354: shows [3h 4h] (Pair of Fours and Pair of Twos)
*** SHOWDOWN ***
1846354 collected $1.24 from pot
*** SUMMARY ***
Total pot $1.3 | Rake $0.06 | Jackpot $0 | Bingo $0 | Fortune $0
Board [2s 4s Ac 8h 2h]
Seat 1: 3eaf011c folded before Flop (didn't bet)
Seat 2: Hero folded before Flop (didn't bet)
Seat 3: 1846354 showed [3h 4h] and won ($1.24) with Pair of Fours and Pair of Twos
Seat 4: 4dc641f9 (button) folded before Flop (didn't bet)
Seat 5: 5b86ce2b (small blind) folded before Flop
Seat 6: db9dff24 (big blind) showed [5h Th] and lost with Pair of Twos


Poker Hand #HD1181442252: Hold'em No Limit  ($0.02/$0.05) - 2023/03/29 20:26:45
Table 'NLHBlue121' 6-max Seat #3 is the button
Seat 1: 3eaf011c ($5.1 in chips)
Seat 2: Hero ($13.91 in chips)
Seat 3: 1846354 ($12.29 in chips)
Seat 4: 4dc641f9 ($4.46 in chips)
Seat 5: 5b86ce2b ($5.18 in chips)
Seat 6: db9dff24 ($5.02 in chips)
4dc641f9: posts small blind $0.02
5b86ce2b: posts big blind $0.05
*** HOLE CARDS ***
Dealt to 3eaf011c 
Dealt to Hero [Jc 3d]
Dealt to 1846354 
Dealt to 4dc641f9 
Dealt to 5b86ce2b 
Dealt to db9dff24 
db9dff24: folds
3eaf011c: folds
Hero: folds
1846354: folds
4dc641f9: folds
Uncalled bet ($0.03) returned to 5b86ce2b
*** SHOWDOWN ***
5b86ce2b collected $0.04 from pot
*** SUMMARY ***
Total pot $0.04 | Rake $0 | Jackpot $0 | Bingo $0 | Fortune $0
Seat 1: 3eaf011c folded before Flop (didn't bet)
Seat 2: Hero folded before Flop (didn't bet)
Seat 3: 1846354 (button) folded before Flop (didn't bet)
Seat 4: 4dc641f9 (small blind) folded before Flop
Seat 5: 5b86ce2b (big blind) collected ($0.04)
Seat 6: db9dff24 folded before Flop (didn't bet)


Poker Hand #HD1181442111: Hold'em No Limit  ($0.02/$0.05) - 2023/03/29 20:25:50
Table 'NLHBlue121' 6-max Seat #2 is the button
Seat 1: 3eaf011c ($4.94 in chips)
Seat 2: Hero ($13.91 in chips)
Seat 3: 1846354 ($12.31 in chips)
Seat 4: 4dc641f9 ($4.61 in chips)
Seat 5: 5b86ce2b ($5.18 in chips)
Seat 6: db9dff24 ($5.02 in chips)
1846354: posts small blind $0.02
4dc641f9: posts big blind $0.05
*** HOLE CARDS ***
Dealt to 3eaf011c 
Dealt to Hero [8c Qd]
Dealt to 1846354 
Dealt to 4dc641f9 
Dealt to 5b86ce2b 
Dealt to db9dff24 
5b86ce2b: folds
db9dff24: folds
3eaf011c: raises $0.1 to $0.15
Hero: folds
1846354: folds
4dc641f9: calls $0.1
*** FLOP *** [Ac Jh 4d]
4dc641f9: checks
3eaf011c: checks
*** TURN *** [Ac Jh 4d] [2h]
4dc641f9: checks
3eaf011c: checks
*** RIVER *** [Ac Jh 4d 2h] [8d]
4dc641f9: checks
3eaf011c: bets $0.16
4dc641f9: folds
Uncalled bet ($0.16) returned to 3eaf011c
*** SHOWDOWN ***
3eaf011c collected $0.31 from pot
*** SUMMARY ***
Total pot $0.32 | Rake $0.01 | Jackpot $0 | Bingo $0 | Fortune $0
Board [Ac Jh 4d 2h 8d]
Seat 1: 3eaf011c won ($0.31)
Seat 2: Hero (button) folded before Flop (didn't bet)
Seat 3: 1846354 (small blind) folded before Flop
Seat 4: 4dc641f9 (big blind) folded on the River
Seat 5: 5b86ce2b folded before Flop (didn't bet)
Seat 6: db9dff24 folded before Flop (didn't bet)


Poker Hand #HD1181441935: Hold'em No Limit  ($0.02/$0.05) - 2023/03/29 20:24:51
Table 'NLHBlue121' 6-max Seat #1 is the button
Seat 1: 3eaf011c ($4.82 in chips)
Seat 2: Hero ($13.93 in chips)
Seat 3: 1846354 ($12.36 in chips)
Seat 4: 4dc641f9 ($4.61 in chips)
Seat 5: 5b86ce2b ($5.18 in chips)
Seat 6: db9dff24 ($5.07 in chips)
Hero: posts small blind $0.02
1846354: posts big blind $0.05
*** HOLE CARDS ***
Dealt to 3eaf011c 
Dealt to Hero [Qh 3c]
Dealt to 1846354 
Dealt to 4dc641f9 
Dealt to 5b86ce2b 
Dealt to db9dff24 
4dc641f9: folds
5b86ce2b: folds
db9dff24: calls $0.05
3eaf011c: calls $0.05
Hero: folds
1846354: checks
*** FLOP *** [Jd 2d 9s]
1846354: checks
db9dff24: checks
3eaf011c: bets $0.1
1846354: folds
db9dff24: folds
Uncalled bet ($0.1) returned to 3eaf011c
*** SHOWDOWN ***
3eaf011c collected $0.17 from pot
*** SUMMARY ***
Total pot $0.17 | Rake $0 | Jackpot $0 | Bingo $0 | Fortune $0
Board [Jd 2d 9s]
Seat 1: 3eaf011c (button) won ($0.17)
Seat 2: Hero (small blind) folded before Flop
Seat 3: 1846354 (big blind) folded on the Flop
Seat 4: 4dc641f9 folded before Flop (didn't bet)
Seat 5: 5b86ce2b folded before Flop (didn't bet)
Seat 6: db9dff24 folded on the Flop


Poker Hand #HD1181441910: Hold'em No Limit  ($0.02/$0.05) - 2023/03/29 20:24:41
Table 'NLHBlue121' 6-max Seat #6 is the button
Seat 1: 3eaf011c ($4.84 in chips)
Seat 2: Hero ($13.91 in chips)
Seat 3: 1846354 ($12.36 in chips)
Seat 4: 4dc641f9 ($4.61 in chips)
Seat 5: 5b86ce2b ($5.18 in chips)
Seat 6: db9dff24 ($5.07 in chips)
3eaf011c: posts small blind $0.02
Hero: posts big blind $0.05
*** HOLE CARDS ***
Dealt to 3eaf011c 
Dealt to Hero [3c Tc]
Dealt to 1846354 
Dealt to 4dc641f9 
Dealt to 5b86ce2b 
Dealt to db9dff24 
1846354: folds
4dc641f9: folds
5b86ce2b: folds
db9dff24: folds
3eaf011c: folds
Uncalled bet ($0.03) returned to Hero
*** SHOWDOWN ***
Hero collected $0.04 from pot
*** SUMMARY ***
Total pot $0.04 | Rake $0 | Jackpot $0 | Bingo $0 | Fortune $0
Seat 1: 3eaf011c (small blind) folded before Flop
Seat 2: Hero (big blind) collected ($0.04)
Seat 3: 1846354 folded before Flop (didn't bet)
Seat 4: 4dc641f9 folded before Flop (didn't bet)
Seat 5: 5b86ce2b folded before Flop (didn't bet)
Seat 6: db9dff24 (button) folded before Flop (didn't bet)


Poker Hand #HD1181441792: Hold'em No Limit  ($0.02/$0.05) - 2023/03/29 20:23:59
Table 'NLHBlue121' 6-max Seat #5 is the button
Seat 1: 3eaf011c ($4.89 in chips)
Seat 2: Hero ($13.91 in chips)
Seat 3: 1846354 ($12.36 in chips)
Seat 4: 4dc641f9 ($4.61 in chips)
Seat 5: 5b86ce2b ($5.18 in chips)
Seat 6: db9dff24 ($5.02 in chips)
db9dff24: posts small blind $0.02
3eaf011c: posts big blind $0.05
*** HOLE CARDS ***
Dealt to 3eaf011c 
Dealt to Hero [7h 6d]
Dealt to 1846354 
Dealt to 4dc641f9 
Dealt to 5b86ce2b 
Dealt to db9dff24 
Hero: folds
1846354: folds
4dc641f9: folds
5b86ce2b: folds
db9dff24: calls $0.03
3eaf011c: checks
*** FLOP *** [Qs 4c 4d]
db9dff24: checks
3eaf011c: checks
*** TURN *** [Qs 4c 4d] [Ac]
db9dff24: bets $0.05
3eaf011c: folds
Uncalled bet ($0.05) returned to db9dff24
*** SHOWDOWN ***
db9dff24 collected $0.1 from pot
*** SUMMARY ***
Total pot $0.1 | Rake $0 | Jackpot $0 | Bingo $0 | Fortune $0
Board [Qs 4c 4d Ac]
Seat 1: 3eaf011c (big blind) folded on the Turn
Seat 2: Hero folded before Flop (didn't bet)
Seat 3: 1846354 folded before Flop (didn't bet)
Seat 4: 4dc641f9 folded before Flop (didn't bet)
Seat 5: 5b86ce2b (button) folded before Flop (didn't bet)
Seat 6: db9dff24 (small blind) won ($0.1)


Poker Hand #HD1181441753: Hold'em No Limit  ($0.02/$0.05) - 2023/03/29 20:23:44
Table 'NLHBlue121' 6-max Seat #4 is the button
Seat 1: 3eaf011c ($4.89 in chips)
Seat 2: Hero ($13.91 in chips)
Seat 3: 1846354 ($12.36 in chips)
Seat 4: 4dc641f9 ($4.61 in chips)
Seat 5: 5b86ce2b ($5.2 in chips)
Seat 6: db9dff24 ($5 in chips)
5b86ce2b: posts small blind $0.02
db9dff24: posts big blind $0.05
*** HOLE CARDS ***
Dealt to 3eaf011c 
Dealt to Hero [7h 2d]
Dealt to 1846354 
Dealt to 4dc641f9 
Dealt to 5b86ce2b 
Dealt to db9dff24 
3eaf011c: folds
Hero: folds
1846354: folds
4dc641f9: folds
5b86ce2b: folds
Uncalled bet ($0.03) returned to db9dff24
*** SHOWDOWN ***
db9dff24 collected $0.04 from pot
*** SUMMARY ***
Total pot $0.04 | Rake $0 | Jackpot $0 | Bingo $0 | Fortune $0
Seat 1: 3eaf011c folded before Flop (didn't bet)
Seat 2: Hero folded before Flop (didn't bet)
Seat 3: 1846354 folded before Flop (didn't bet)
Seat 4: 4dc641f9 (button) folded before Flop (didn't bet)
Seat 5: 5b86ce2b (small blind) folded before Flop
Seat 6: db9dff24 (big blind) collected ($0.04)


Poker Hand #HD1181441702: Hold'em No Limit  ($0.02/$0.05) - 2023/03/29 20:23:30
Table 'NLHBlue121' 6-max Seat #3 is the button
Seat 1: 3eaf011c ($4.89 in chips)
Seat 2: Hero ($13.91 in chips)
Seat 3: 1846354 ($12.29 in chips)
Seat 4: 4dc641f9 ($4.63 in chips)
Seat 5: 5b86ce2b ($5.25 in chips)
Seat 6: db9dff24 ($5 in chips)
4dc641f9: posts small blind $0.02
5b86ce2b: posts big blind $0.05
*** HOLE CARDS ***
Dealt to 3eaf011c 
Dealt to Hero [8s 6c]
Dealt to 1846354 
Dealt to 4dc641f9 
Dealt to 5b86ce2b 
Dealt to db9dff24 
db9dff24: folds
3eaf011c: folds
Hero: folds
1846354: raises $0.1 to $0.15
4dc641f9: folds
5b86ce2b: folds
Uncalled bet ($0.1) returned to 1846354
*** SHOWDOWN ***
1846354 collected $0.12 from pot
*** SUMMARY ***
Total pot $0.12 | Rake $0 | Jackpot $0 | Bingo $0 | Fortune $0
Seat 1: 3eaf011c folded before Flop (didn't bet)
Seat 2: Hero folded before Flop (didn't bet)
Seat 3: 1846354 (button) collected ($0.12)
Seat 4: 4dc641f9 (small blind) folded before Flop
Seat 5: 5b86ce2b (big blind) folded before Flop
Seat 6: db9dff24 folded before Flop (didn't bet)


Poker Hand #HD1181441614: Hold'em No Limit  ($0.02/$0.05) - 2023/03/29 20:22:59
Table 'NLHBlue121' 6-max Seat #2 is the button
Seat 1: 3eaf011c ($4.68 in chips)
Seat 2: Hero ($13.91 in chips)
Seat 3: 1846354 ($12.31 in chips)
Seat 4: 4dc641f9 ($4.68 in chips)
Seat 5: 5b86ce2b ($5.25 in chips)
Seat 6: db9dff24 ($5 in chips)
1846354: posts small blind $0.02
4dc641f9: posts big blind $0.05
*** HOLE CARDS ***
Dealt to 3eaf011c 
Dealt to Hero [5s Jd]
Dealt to 1846354 
Dealt to 4dc641f9 
Dealt to 5b86ce2b 
Dealt to db9dff24 
5b86ce2b: folds
db9dff24: raises $0.1 to $0.15
3eaf011c: calls $0.15
Hero: folds
1846354: folds
4dc641f9: folds
*** FLOP *** [Ts 8d 7s]
db9dff24: checks
3eaf011c: bets $0.2
db9dff24: folds
Uncalled bet ($0.2) returned to 3eaf011c
*** SHOWDOWN ***
3eaf011c collected $0.36 from pot
*** SUMMARY ***
Total pot $0.37 | Rake $0.01 | Jackpot $0 | Bingo $0 | Fortune $0
Board [Ts 8d 7s]
Seat 1: 3eaf011c won ($0.36)
Seat 2: Hero (button) folded before Flop (didn't bet)
Seat 3: 1846354 (small blind) folded before Flop
Seat 4: 4dc641f9 (big blind) folded before Flop
Seat 5: 5b86ce2b folded before Flop (didn't bet)
Seat 6: db9dff24 folded on the Flop


Poker Hand #HD1181441470: Hold'em No Limit  ($0.02/$0.05) - 2023/03/29 20:22:11
Table 'NLHBlue121' 6-max Seat #1 is the button
Seat 1: 3eaf011c ($4.68 in chips)
Seat 2: Hero ($13.78 in chips)
Seat 3: 1846354 ($12.45 in chips)
Seat 5: 5b86ce2b ($5.25 in chips)
Seat 6: db9dff24 ($5 in chips)
Hero: posts small blind $0.02
1846354: posts big blind $0.05
*** HOLE CARDS ***
Dealt to 3eaf011c 
Dealt to Hero [Js Qc]
Dealt to 1846354 
Dealt to 5b86ce2b 
Dealt to db9dff24 
5b86ce2b: folds
db9dff24: folds
3eaf011c: folds
Hero: raises $0.09 to $0.14
1846354: calls $0.09
*** FLOP *** [Ah 6d 4d]
Hero: checks
1846354: checks
*** TURN *** [Ah 6d 4d] [Th]
Hero: checks
1846354: checks
*** RIVER *** [Ah 6d 4d Th] [4h]
Hero: checks
1846354: checks
Hero: shows [Js Qc] (Pair of Fours)
1846354: shows [9d Qs] (Pair of Fours)
*** SHOWDOWN ***
Hero collected $0.27 from pot
*** SUMMARY ***
Total pot $0.28 | Rake $0.01 | Jackpot $0 | Bingo $0 | Fortune $0
Board [Ah 6d 4d Th 4h]
Seat 1: 3eaf011c (button) folded before Flop (didn't bet)
Seat 2: Hero (small blind) showed [Js Qc] and won ($0.27) with Pair of Fours
Seat 3: 1846354 (big blind) showed [9d Qs] and lost with Pair of Fours
Seat 5: 5b86ce2b folded before Flop (didn't bet)
Seat 6: db9dff24 folded before Flop (didn't bet)


Poker Hand #HD1181441281: Hold'em No Limit  ($0.02/$0.05) - 2023/03/29 20:21:06
Table 'NLHBlue121' 6-max Seat #6 is the button
Seat 1: 3eaf011c ($4.7 in chips)
Seat 2: Hero ($8.25 in chips)
Seat 3: 1846354 ($12.45 in chips)
Seat 4: 4dc641f9 ($5.54 in chips)
Seat 5: 5b86ce2b ($5.25 in chips)
Seat 6: db9dff24 ($5.21 in chips)
3eaf011c: posts small blind $0.02
Hero: posts big blind $0.05
*** HOLE CARDS ***
Dealt to 3eaf011c 
Dealt to Hero [Ts Td]
Dealt to 1846354 
Dealt to 4dc641f9 
Dealt to 5b86ce2b 
Dealt to db9dff24 
1846354: folds
4dc641f9: raises $0.08 to $0.13
5b86ce2b: folds
db9dff24: calls $0.13
3eaf011c: folds
Hero: raises $0.39 to $0.52
4dc641f9: calls $0.39
db9dff24: calls $0.39
*** FLOP *** [5h 3s 2s]
Hero: bets $0.82
4dc641f9: calls $0.82
db9dff24: folds
*** TURN *** [5h 3s 2s] [Th]
Hero: bets $6.91 and is all-in
4dc641f9: calls $4.2 and is all-in
Uncalled bet ($2.71) returned to Hero
Hero: shows [Ts Td] (Three Tens)
4dc641f9: shows [As Js] (Ace-High)
*** FIRST RIVER *** [5h 3s 2s Th] [2d]
*** SECOND RIVER *** [5h 3s 2s Th] [9h]
*** FIRST SHOWDOWN ***
Hero collected $5.54 from pot
*** SECOND SHOWDOWN ***
Hero collected $5.53 from pot
*** SUMMARY ***
Total pot $11.62 | Rake $0.5 | Jackpot $0.05 | Bingo $0 | Fortune $0
Hand was run two times
FIRST Board [5h 3s 2s Th 2d]
SECOND Board [9h]
Seat 1: 3eaf011c (small blind) folded before Flop
Seat 2: Hero (big blind) showed [Ts Td] and won ($5.54) with Tens Full over Twos, and won ($5.53)
Seat 3: 1846354 folded before Flop (didn't bet)
Seat 4: 4dc641f9 showed [As Js] and lost with Pair of Twos, and lost
Seat 5: 5b86ce2b folded before Flop (didn't bet)
Seat 6: db9dff24 (button) folded on the Flop


Poker Hand #HD1181441253: Hold'em No Limit  ($0.02/$0.05) - 2023/03/29 20:20:56
Table 'NLHBlue121' 6-max Seat #5 is the button
Seat 1: 3eaf011c ($4.75 in chips)
Seat 2: Hero ($8.25 in chips)
Seat 3: 1846354 ($12.38 in chips)
Seat 4: 4dc641f9 ($5.54 in chips)
Seat 5: 5b86ce2b ($5.25 in chips)
Seat 6: db9dff24 ($5.23 in chips)
db9dff24: posts small blind $0.02
3eaf011c: posts big blind $0.05
*** HOLE CARDS ***
Dealt to 3eaf011c 
Dealt to Hero [5s 4s]
Dealt to 1846354 
Dealt to 4dc641f9 
Dealt to 5b86ce2b 
Dealt to db9dff24 
Hero: folds
1846354: raises $0.1 to $0.15
4dc641f9: folds
5b86ce2b: folds
db9dff24: folds
3eaf011c: folds
Uncalled bet ($0.1) returned to 1846354
*** SHOWDOWN ***
1846354 collected $0.12 from pot
*** SUMMARY ***
Total pot $0.12 | Rake $0 | Jackpot $0 | Bingo $0 | Fortune $0
Seat 1: 3eaf011c (big blind) folded before Flop
Seat 2: Hero folded before Flop (didn't bet)
Seat 3: 1846354 collected ($0.12)
Seat 4: 4dc641f9 folded before Flop (didn't bet)
Seat 5: 5b86ce2b (button) folded before Flop (didn't bet)
Seat 6: db9dff24 (small blind) folded before Flop


Poker Hand #HD1181441148: Hold'em No Limit  ($0.02/$0.05) - 2023/03/29 20:20:18
Table 'NLHBlue121' 6-max Seat #4 is the button
Seat 1: 3eaf011c ($4.75 in chips)
Seat 2: Hero ($8.25 in chips)
Seat 3: 1846354 ($12.38 in chips)
Seat 4: 4dc641f9 ($5.54 in chips)
Seat 5: 5b86ce2b ($5.5 in chips)
Seat 6: db9dff24 ($5 in chips)
5b86ce2b: posts small blind $0.02
db9dff24: posts big blind $0.05
*** HOLE CARDS ***
Dealt to 3eaf011c 
Dealt to Hero [4h Td]
Dealt to 1846354 
Dealt to 4dc641f9 
Dealt to 5b86ce2b 
Dealt to db9dff24 
3eaf011c: folds
Hero: folds
1846354: folds
4dc641f9: folds
5b86ce2b: raises $0.1 to $0.15
db9dff24: calls $0.1
*** FLOP *** [4c Qs 7c]
5b86ce2b: bets $0.1
db9dff24: calls $0.1
*** TURN *** [4c Qs 7c] [Tc]
5b86ce2b: checks
db9dff24: bets $0.35
5b86ce2b: folds
Uncalled bet ($0.35) returned to db9dff24
*** SHOWDOWN ***
db9dff24 collected $0.48 from pot
*** SUMMARY ***
Total pot $0.5 | Rake $0.02 | Jackpot $0 | Bingo $0 | Fortune $0
Board [4c Qs 7c Tc]
Seat 1: 3eaf011c folded before Flop (didn't bet)
Seat 2: Hero folded before Flop (didn't bet)
Seat 3: 1846354 folded before Flop (didn't bet)
Seat 4: 4dc641f9 (button) folded before Flop (didn't bet)
Seat 5: 5b86ce2b (small blind) folded on the Turn
Seat 6: db9dff24 (big blind) won ($0.48)


Poker Hand #HD1181441119: Hold'em No Limit  ($0.02/$0.05) - 2023/03/29 20:20:07
Table 'NLHBlue121' 6-max Seat #3 is the button
Seat 1: 3eaf011c ($4.75 in chips)
Seat 2: Hero ($8.25 in chips)
Seat 3: 1846354 ($12.38 in chips)
Seat 4: 4dc641f9 ($5.56 in chips)
Seat 5: 5b86ce2b ($5.48 in chips)
4dc641f9: posts small blind $0.02
5b86ce2b: posts big blind $0.05
*** HOLE CARDS ***
Dealt to 3eaf011c 
Dealt to Hero [8h Ts]
Dealt to 1846354 
Dealt to 4dc641f9 
Dealt to 5b86ce2b 
3eaf011c: folds
Hero: folds
1846354: folds
4dc641f9: folds
Uncalled bet ($0.03) returned to 5b86ce2b
*** SHOWDOWN ***
5b86ce2b collected $0.04 from pot
*** SUMMARY ***
Total pot $0.04 | Rake $0 | Jackpot $0 | Bingo $0 | Fortune $0
Seat 1: 3eaf011c folded before Flop (didn't bet)
Seat 2: Hero folded before Flop (didn't bet)
Seat 3: 1846354 (button) folded before Flop (didn't bet)
Seat 4: 4dc641f9 (small blind) folded before Flop
Seat 5: 5b86ce2b (big blind) collected ($0.04)


Poker Hand #HD1181441082: Hold'em No Limit  ($0.02/$0.05) - 2023/03/29 20:19:56
Table 'NLHBlue121' 6-max Seat #2 is the button
Seat 1: 3eaf011c ($4.75 in chips)
Seat 2: Hero ($8.18 in chips)
Seat 3: 1846354 ($12.4 in chips)
Seat 4: 4dc641f9 ($5.61 in chips)
Seat 5: 5b86ce2b ($5.48 in chips)
1846354: posts small blind $0.02
4dc641f9: posts big blind $0.05
*** HOLE CARDS ***
Dealt to 3eaf011c 
Dealt to Hero [Kh Qh]
Dealt to 1846354 
Dealt to 4dc641f9 
Dealt to 5b86ce2b 
5b86ce2b: folds
3eaf011c: folds
Hero: raises $0.07 to $0.12
1846354: folds
4dc641f9: folds
Uncalled bet ($0.07) returned to Hero
*** SHOWDOWN ***
Hero collected $0.12 from pot
*** SUMMARY ***
Total pot $0.12 | Rake $0 | Jackpot $0 | Bingo $0 | Fortune $0
Seat 1: 3eaf011c folded before Flop (didn't bet)
Seat 2: Hero (button) collected ($0.12)
Seat 3: 1846354 (small blind) folded before Flop
Seat 4: 4dc641f9 (big blind) folded before Flop
Seat 5: 5b86ce2b folded before Flop (didn't bet)


Poker Hand #HD1181440974: Hold'em No Limit  ($0.02/$0.05) - 2023/03/29 20:19:20
Table 'NLHBlue121' 6-max Seat #1 is the button
Seat 1: 3eaf011c ($4.75 in chips)
Seat 2: Hero ($8.53 in chips)
Seat 3: 1846354 ($12.08 in chips)
Seat 4: 4dc641f9 ($5.61 in chips)
Seat 5: 5b86ce2b ($5.48 in chips)
Hero: posts small blind $0.02
1846354: posts big blind $0.05
*** HOLE CARDS ***
Dealt to 3eaf011c 
Dealt to Hero [9s As]
Dealt to 1846354 
Dealt to 4dc641f9 
Dealt to 5b86ce2b 
4dc641f9: folds
5b86ce2b: folds
3eaf011c: folds
Hero: raises $0.09 to $0.14
1846354: raises $0.21 to $0.35
Hero: calls $0.21
*** FLOP *** [Qc 3d 6h]
Hero: checks
1846354: checks
*** TURN *** [Qc 3d 6h] [Qd]
Hero: checks
1846354: bets $0.35
Hero: folds
Uncalled bet ($0.35) returned to 1846354
*** SHOWDOWN ***
1846354 collected $0.67 from pot
*** SUMMARY ***
Total pot $0.7 | Rake $0.03 | Jackpot $0 | Bingo $0 | Fortune $0
Board [Qc 3d 6h Qd]
Seat 1: 3eaf011c (button) folded before Flop (didn't bet)
Seat 2: Hero (small blind) folded on the Turn
Seat 3: 1846354 (big blind) won ($0.67)
Seat 4: 4dc641f9 folded before Flop (didn't bet)
Seat 5: 5b86ce2b folded before Flop (didn't bet)


Poker Hand #HD1181440820: Hold'em No Limit  ($0.02/$0.05) - 2023/03/29 20:18:25
Table 'NLHBlue121' 6-max Seat #5 is the button
Seat 1: 3eaf011c ($4.77 in chips)
Seat 2: Hero ($9.12 in chips)
Seat 3: 1846354 ($12.08 in chips)
Seat 4: 4dc641f9 ($5.61 in chips)
Seat 5: 5b86ce2b ($4.93 in chips)
3eaf011c: posts small blind $0.02
Hero: posts big blind $0.05
*** HOLE CARDS ***
Dealt to 3eaf011c 
Dealt to Hero [9c 8c]
Dealt to 1846354 
Dealt to 4dc641f9 
Dealt to 5b86ce2b 
1846354: folds
4dc641f9: folds
5b86ce2b: raises $0.08 to $0.13
3eaf011c: folds
Hero: calls $0.08
*** FLOP *** [Jh 8s Ks]
Hero: checks
5b86ce2b: bets $0.1
Hero: calls $0.1
*** TURN *** [Jh 8s Ks] [2d]
Hero: checks
5b86ce2b: bets $0.36
Hero: calls $0.36
*** RIVER *** [Jh 8s Ks 2d] [Qc]
Hero: checks
5b86ce2b: bets $1.2
Hero: folds
Uncalled bet ($1.2) returned to 5b86ce2b
*** SHOWDOWN ***
5b86ce2b collected $1.14 from pot
*** SUMMARY ***
Total pot $1.2 | Rake $0.06 | Jackpot $0 | Bingo $0 | Fortune $0
Board [Jh 8s Ks 2d Qc]
Seat 1: 3eaf011c (small blind) folded before Flop
Seat 2: Hero (big blind) folded on the River
Seat 3: 1846354 folded before Flop (didn't bet)
Seat 4: 4dc641f9 folded before Flop (didn't bet)
Seat 5: 5b86ce2b (button) won ($1.14)


Poker Hand #HD1181440766: Hold'em No Limit  ($0.02/$0.05) - 2023/03/29 20:18:09
Table 'NLHBlue121' 6-max Seat #4 is the button
Seat 1: 3eaf011c ($4.82 in chips)
Seat 2: Hero ($9.12 in chips)
Seat 3: 1846354 ($12.08 in chips)
Seat 4: 4dc641f9 ($5.61 in chips)
Seat 5: 5b86ce2b ($4.88 in chips)
5b86ce2b: posts small blind $0.02
3eaf011c: posts big blind $0.05
*** HOLE CARDS ***
Dealt to 3eaf011c 
Dealt to Hero [5h 7d]
Dealt to 1846354 
Dealt to 4dc641f9 
Dealt to 5b86ce2b 
Hero: folds
1846354: folds
4dc641f9: folds
5b86ce2b: raises $0.1 to $0.15
3eaf011c: folds
Uncalled bet ($0.1) returned to 5b86ce2b
*** SHOWDOWN ***
5b86ce2b collected $0.1 from pot
*** SUMMARY ***
Total pot $0.1 | Rake $0 | Jackpot $0 | Bingo $0 | Fortune $0
Seat 1: 3eaf011c (big blind) folded before Flop
Seat 2: Hero folded before Flop (didn't bet)
Seat 3: 1846354 folded before Flop (didn't bet)
Seat 4: 4dc641f9 (button) folded before Flop (didn't bet)
Seat 5: 5b86ce2b (small blind) collected ($0.1)


Poker Hand #HD1181440729: Hold'em No Limit  ($0.02/$0.05) - 2023/03/29 20:17:58
Table 'NLHBlue121' 6-max Seat #3 is the button
Seat 1: 3eaf011c ($4.75 in chips)
Seat 2: Hero ($9.12 in chips)
Seat 3: 1846354 ($12.08 in chips)
Seat 4: 4dc641f9 ($5.63 in chips)
Seat 5: 5b86ce2b ($4.93 in chips)
4dc641f9: posts small blind $0.02
5b86ce2b: posts big blind $0.05
*** HOLE CARDS ***
Dealt to 3eaf011c 
Dealt to Hero [9d Qc]
Dealt to 1846354 
Dealt to 4dc641f9 
Dealt to 5b86ce2b 
3eaf011c: raises $0.1 to $0.15
Hero: folds
1846354: folds
4dc641f9: folds
5b86ce2b: folds
Uncalled bet ($0.1) returned to 3eaf011c
*** SHOWDOWN ***
3eaf011c collected $0.12 from pot
*** SUMMARY ***
Total pot $0.12 | Rake $0 | Jackpot $0 | Bingo $0 | Fortune $0
Seat 1: 3eaf011c collected ($0.12)
Seat 2: Hero folded before Flop (didn't bet)
Seat 3: 1846354 (button) folded before Flop (didn't bet)
Seat 4: 4dc641f9 (small blind) folded before Flop
Seat 5: 5b86ce2b (big blind) folded before Flop


Poker Hand #HD1181440643: Hold'em No Limit  ($0.02/$0.05) - 2023/03/29 20:17:29
Table 'NLHBlue121' 6-max Seat #2 is the button
Seat 1: 3eaf011c ($4.62 in chips)
Seat 2: Hero ($9.12 in chips)
Seat 3: 1846354 ($12.1 in chips)
Seat 4: 4dc641f9 ($5.75 in chips)
Seat 5: 5b86ce2b ($4.93 in chips)
1846354: posts small blind $0.02
4dc641f9: posts big blind $0.05
3eaf011c: posts big blind $0.05
3eaf011c: posts missed blind $0.02
*** HOLE CARDS ***
Dealt to 3eaf011c 
Dealt to Hero [9s 8h]
Dealt to 1846354 
Dealt to 4dc641f9 
Dealt to 5b86ce2b 
5b86ce2b: folds
3eaf011c: raises $0.07 to $0.12
Hero: folds
1846354: folds
4dc641f9: calls $0.07
*** FLOP *** [Qs 5d 4c]
4dc641f9: checks
3eaf011c: bets $0.14
4dc641f9: folds
Uncalled bet ($0.14) returned to 3eaf011c
*** SHOWDOWN ***
3eaf011c collected $0.27 from pot
*** SUMMARY ***
Total pot $0.28 | Rake $0.01 | Jackpot $0 | Bingo $0 | Fortune $0
Board [Qs 5d 4c]
Seat 1: 3eaf011c won ($0.27)
Seat 2: Hero (button) folded before Flop (didn't bet)
Seat 3: 1846354 (small blind) folded before Flop
Seat 4: 4dc641f9 (big blind) folded on the Flop
Seat 5: 5b86ce2b folded before Flop (didn't bet)


Poker Hand #HD1181440520: Hold'em No Limit  ($0.02/$0.05) - 2023/03/29 20:16:41
Table 'NLHBlue121' 6-max Seat #5 is the button
Seat 2: Hero ($6.67 in chips)
Seat 3: 1846354 ($12.1 in chips)
Seat 4: 4dc641f9 ($5.75 in chips)
Seat 5: 5b86ce2b ($4.93 in chips)
Seat 6: c5e25b88 ($2.77 in chips)
c5e25b88: posts small blind $0.02
Hero: posts big blind $0.05
*** HOLE CARDS ***
Dealt to Hero [9h Jh]
Dealt to 1846354 
Dealt to 4dc641f9 
Dealt to 5b86ce2b 
Dealt to c5e25b88 
1846354: folds
4dc641f9: folds
5b86ce2b: folds
c5e25b88: raises $0.06 to $0.11
Hero: calls $0.06
*** FLOP *** [Kh Jd Qh]
c5e25b88: checks
Hero: bets $0.11
c5e25b88: raises $0.33 to $0.44
Hero: calls $0.33
*** TURN *** [Kh Jd Qh] [5h]
c5e25b88: bets $2.22 and is all-in
Hero: calls $2.22
c5e25b88: shows [8d Td] (King-High)
Hero: shows [9h Jh] (King High Flush)
*** RIVER *** [Kh Jd Qh 5h] [7c]
*** SHOWDOWN ***
Hero collected $5.22 from pot
*** SUMMARY ***
Total pot $5.54 | Rake $0.27 | Jackpot $0.05 | Bingo $0 | Fortune $0
Board [Kh Jd Qh 5h 7c]
Seat 2: Hero (big blind) showed [9h Jh] and won ($5.22) with King High Flush
Seat 3: 1846354 folded before Flop (didn't bet)
Seat 4: 4dc641f9 folded before Flop (didn't bet)
Seat 5: 5b86ce2b (button) folded before Flop (didn't bet)
Seat 6: c5e25b88 (small blind) showed [8d Td] and lost with King-High


Poker Hand #HD1181440417: Hold'em No Limit  ($0.02/$0.05) - 2023/03/29 20:16:02
Table 'NLHBlue121' 6-max Seat #4 is the button
Seat 2: Hero ($6.67 in chips)
Seat 3: 1846354 ($11.94 in chips)
Seat 4: 4dc641f9 ($5.75 in chips)
Seat 5: 5b86ce2b ($4.95 in chips)
Seat 6: c5e25b88 ($2.92 in chips)
5b86ce2b: posts small blind $0.02
c5e25b88: posts big blind $0.05
*** HOLE CARDS ***
Dealt to Hero [9h As]
Dealt to 1846354 
Dealt to 4dc641f9 
Dealt to 5b86ce2b 
Dealt to c5e25b88 
Hero: folds
1846354: raises $0.1 to $0.15
4dc641f9: folds
5b86ce2b: folds
c5e25b88: calls $0.1
*** FLOP *** [2s Tc 7c]
c5e25b88: checks
1846354: checks
*** TURN *** [2s Tc 7c] [4s]
c5e25b88: checks
1846354: bets $0.16
c5e25b88: folds
Uncalled bet ($0.16) returned to 1846354
*** SHOWDOWN ***
1846354 collected $0.31 from pot
*** SUMMARY ***
Total pot $0.32 | Rake $0.01 | Jackpot $0 | Bingo $0 | Fortune $0
Board [2s Tc 7c 4s]
Seat 2: Hero folded before Flop (didn't bet)
Seat 3: 1846354 won ($0.31)
Seat 4: 4dc641f9 (button) folded before Flop (didn't bet)
Seat 5: 5b86ce2b (small blind) folded before Flop
Seat 6: c5e25b88 (big blind) folded on the Turn


Poker Hand #HD1181440377: Hold'em No Limit  ($0.02/$0.05) - 2023/03/29 20:15:48
Table 'NLHBlue121' 6-max Seat #3 is the button
Seat 2: Hero ($6.67 in chips)
Seat 3: 1846354 ($11.94 in chips)
Seat 4: 4dc641f9 ($5.77 in chips)
Seat 5: 5b86ce2b ($5 in chips)
Seat 6: c5e25b88 ($2.85 in chips)
4dc641f9: posts small blind $0.02
5b86ce2b: posts big blind $0.05
*** HOLE CARDS ***
Dealt to Hero [7c 4d]
Dealt to 1846354 
Dealt to 4dc641f9 
Dealt to 5b86ce2b 
Dealt to c5e25b88 
c5e25b88: raises $0.06 to $0.11
Hero: folds
1846354: folds
4dc641f9: folds
5b86ce2b: folds
Uncalled bet ($0.06) returned to c5e25b88
*** SHOWDOWN ***
c5e25b88 collected $0.12 from pot
*** SUMMARY ***
Total pot $0.12 | Rake $0 | Jackpot $0 | Bingo $0 | Fortune $0
Seat 2: Hero folded before Flop (didn't bet)
Seat 3: 1846354 (button) folded before Flop (didn't bet)
Seat 4: 4dc641f9 (small blind) folded before Flop
Seat 5: 5b86ce2b (big blind) folded before Flop
Seat 6: c5e25b88 collected ($0.12)


Poker Hand #HD1181440255: Hold'em No Limit  ($0.02/$0.05) - 2023/03/29 20:15:05
Table 'NLHBlue121' 6-max Seat #2 is the button
Seat 2: Hero ($6.67 in chips)
Seat 3: 1846354 ($11.96 in chips)
Seat 4: 4dc641f9 ($4.54 in chips)
Seat 5: 5b86ce2b ($5 in chips)
Seat 6: c5e25b88 ($4.24 in chips)
1846354: posts small blind $0.02
4dc641f9: posts big blind $0.05
*** HOLE CARDS ***
Dealt to Hero [4h 7d]
Dealt to 1846354 
Dealt to 4dc641f9 
Dealt to 5b86ce2b 
Dealt to c5e25b88 
5b86ce2b: folds
c5e25b88: raises $0.06 to $0.11
Hero: folds
1846354: folds
4dc641f9: raises $0.24 to $0.35
c5e25b88: calls $0.24
*** FLOP *** [Kh 3s Qh]
4dc641f9: bets $0.24
c5e25b88: calls $0.24
*** TURN *** [Kh 3s Qh] [9h]
4dc641f9: bets $0.8
c5e25b88: calls $0.8
*** RIVER *** [Kh 3s Qh 9h] [5c]
4dc641f9: bets $3.15 and is all-in
c5e25b88: folds
Uncalled bet ($3.15) returned to 4dc641f9
*** SHOWDOWN ***
4dc641f9 collected $2.62 from pot
*** SUMMARY ***
Total pot $2.8 | Rake $0.13 | Jackpot $0.05 | Bingo $0 | Fortune $0
Board [Kh 3s Qh 9h 5c]
Seat 2: Hero (button) folded before Flop (didn't bet)
Seat 3: 1846354 (small blind) folded before Flop
Seat 4: 4dc641f9 (big blind) won ($2.62)
Seat 5: 5b86ce2b folded before Flop (didn't bet)
Seat 6: c5e25b88 folded on the River


Poker Hand #HD1181440211: Hold'em No Limit  ($0.02/$0.05) - 2023/03/29 20:14:49
Table 'NLHBlue121' 6-max Seat #6 is the button
Seat 2: Hero ($6.62 in chips)
Seat 3: 1846354 ($12.01 in chips)
Seat 4: 4dc641f9 ($4.54 in chips)
Seat 5: 5b86ce2b ($3.4 in chips)
Seat 6: c5e25b88 ($4.24 in chips)
Hero: posts small blind $0.02
1846354: posts big blind $0.05
*** HOLE CARDS ***
Dealt to Hero [8s Ac]
Dealt to 1846354 
Dealt to 4dc641f9 
Dealt to 5b86ce2b 
Dealt to c5e25b88 
4dc641f9: folds
5b86ce2b: folds
c5e25b88: folds
Hero: raises $0.09 to $0.14
1846354: folds
Uncalled bet ($0.09) returned to Hero
*** SHOWDOWN ***
Hero collected $0.1 from pot
*** SUMMARY ***
Total pot $0.1 | Rake $0 | Jackpot $0 | Bingo $0 | Fortune $0
Seat 2: Hero (small blind) collected ($0.1)
Seat 3: 1846354 (big blind) folded before Flop
Seat 4: 4dc641f9 folded before Flop (didn't bet)
Seat 5: 5b86ce2b folded before Flop (didn't bet)
Seat 6: c5e25b88 (button) folded before Flop (didn't bet)


Poker Hand #HD1181440101: Hold'em No Limit  ($0.02/$0.05) - 2023/03/29 20:14:11
Table 'NLHBlue121' 6-max Seat #5 is the button
Seat 2: Hero ($5.52 in chips)
Seat 3: 1846354 ($12.01 in chips)
Seat 4: 4dc641f9 ($4.54 in chips)
Seat 5: 5b86ce2b ($4.65 in chips)
Seat 6: c5e25b88 ($4.26 in chips)
c5e25b88: posts small blind $0.02
Hero: posts big blind $0.05
*** HOLE CARDS ***
Dealt to Hero [Js Jd]
Dealt to 1846354 
Dealt to 4dc641f9 
Dealt to 5b86ce2b 
Dealt to c5e25b88 
1846354: folds
4dc641f9: folds
5b86ce2b: raises $0.08 to $0.13
c5e25b88: folds
Hero: raises $0.42 to $0.55
5b86ce2b: raises $0.7 to $1.25
Hero: raises $4.27 to $5.52 and is all-in
5b86ce2b: folds
Uncalled bet ($4.27) returned to Hero
*** SHOWDOWN ***
Hero collected $2.35 from pot
*** SUMMARY ***
Total pot $2.52 | Rake $0.12 | Jackpot $0.05 | Bingo $0 | Fortune $0
Seat 2: Hero (big blind) collected ($2.35)
Seat 3: 1846354 folded before Flop (didn't bet)
Seat 4: 4dc641f9 folded before Flop (didn't bet)
Seat 5: 5b86ce2b (button) folded before Flop
Seat 6: c5e25b88 (small blind) folded before Flop


Poker Hand #HD1181440060: Hold'em No Limit  ($0.02/$0.05) - 2023/03/29 20:13:54
Table 'NLHBlue121' 6-max Seat #4 is the button
Seat 2: Hero ($5.52 in chips)
Seat 3: 1846354 ($12.01 in chips)
Seat 4: 4dc641f9 ($4.54 in chips)
Seat 5: 5b86ce2b ($4.67 in chips)
Seat 6: c5e25b88 ($4.24 in chips)
5b86ce2b: posts small blind $0.02
c5e25b88: posts big blind $0.05
*** HOLE CARDS ***
Dealt to Hero [5c As]
Dealt to 1846354 
Dealt to 4dc641f9 
Dealt to 5b86ce2b 
Dealt to c5e25b88 
Hero: folds
1846354: folds
4dc641f9: folds
5b86ce2b: folds
Uncalled bet ($0.03) returned to c5e25b88
*** SHOWDOWN ***
c5e25b88 collected $0.04 from pot
*** SUMMARY ***
Total pot $0.04 | Rake $0 | Jackpot $0 | Bingo $0 | Fortune $0
Seat 2: Hero folded before Flop (didn't bet)
Seat 3: 1846354 folded before Flop (didn't bet)
Seat 4: 4dc641f9 (button) folded before Flop (didn't bet)
Seat 5: 5b86ce2b (small blind) folded before Flop
Seat 6: c5e25b88 (big blind) collected ($0.04)


Poker Hand #HD1181440025: Hold'em No Limit  ($0.02/$0.05) - 2023/03/29 20:13:43
Table 'NLHBlue121' 6-max Seat #3 is the button
Seat 2: Hero ($5.52 in chips)
Seat 3: 1846354 ($12.01 in chips)
Seat 4: 4dc641f9 ($4.56 in chips)
Seat 5: 5b86ce2b ($4.72 in chips)
Seat 6: c5e25b88 ($4.17 in chips)
4dc641f9: posts small blind $0.02
5b86ce2b: posts big blind $0.05
*** HOLE CARDS ***
Dealt to Hero [8s Ah]
Dealt to 1846354 
Dealt to 4dc641f9 
Dealt to 5b86ce2b 
Dealt to c5e25b88 
c5e25b88: raises $0.06 to $0.11
Hero: folds
1846354: folds
4dc641f9: folds
5b86ce2b: folds
Uncalled bet ($0.06) returned to c5e25b88
*** SHOWDOWN ***
c5e25b88 collected $0.12 from pot
*** SUMMARY ***
Total pot $0.12 | Rake $0 | Jackpot $0 | Bingo $0 | Fortune $0
Seat 2: Hero folded before Flop (didn't bet)
Seat 3: 1846354 (button) folded before Flop (didn't bet)
Seat 4: 4dc641f9 (small blind) folded before Flop
Seat 5: 5b86ce2b (big blind) folded before Flop
Seat 6: c5e25b88 collected ($0.12)


Poker Hand #HD1181439993: Hold'em No Limit  ($0.02/$0.05) - 2023/03/29 20:13:31
Table 'NLHBlue121' 6-max Seat #2 is the button
Seat 2: Hero ($5.52 in chips)
Seat 3: 1846354 ($11.96 in chips)
Seat 4: 4dc641f9 ($4.61 in chips)
Seat 5: 5b86ce2b ($4.72 in chips)
Seat 6: c5e25b88 ($4.17 in chips)
1846354: posts small blind $0.02
4dc641f9: posts big blind $0.05
*** HOLE CARDS ***
Dealt to Hero [9s Qh]
Dealt to 1846354 
Dealt to 4dc641f9 
Dealt to 5b86ce2b 
Dealt to c5e25b88 
5b86ce2b: folds
c5e25b88: folds
Hero: folds
1846354: raises $0.1 to $0.15
4dc641f9: folds
Uncalled bet ($0.1) returned to 1846354
*** SHOWDOWN ***
1846354 collected $0.1 from pot
*** SUMMARY ***
Total pot $0.1 | Rake $0 | Jackpot $0 | Bingo $0 | Fortune $0
Seat 2: Hero (button) folded before Flop (didn't bet)
Seat 3: 1846354 (small blind) collected ($0.1)
Seat 4: 4dc641f9 (big blind) folded before Flop
Seat 5: 5b86ce2b folded before Flop (didn't bet)
Seat 6: c5e25b88 folded before Flop (didn't bet)


Poker Hand #HD1181439898: Hold'em No Limit  ($0.02/$0.05) - 2023/03/29 20:12:53
Table 'NLHBlue121' 6-max Seat #6 is the button
Seat 2: Hero ($5.74 in chips)
Seat 3: 1846354 ($11.76 in chips)
Seat 4: 4dc641f9 ($4.61 in chips)
Seat 5: 5b86ce2b ($4.72 in chips)
Seat 6: c5e25b88 ($4.17 in chips)
Hero: posts small blind $0.02
1846354: posts big blind $0.05
*** HOLE CARDS ***
Dealt to Hero [Js 7s]
Dealt to 1846354 
Dealt to 4dc641f9 
Dealt to 5b86ce2b 
Dealt to c5e25b88 
4dc641f9: folds
5b86ce2b: folds
c5e25b88: folds
Hero: raises $0.09 to $0.14
1846354: calls $0.09
*** FLOP *** [5h 7h Ad]
Hero: bets $0.08
1846354: raises $0.22 to $0.3
Hero: folds
Uncalled bet ($0.22) returned to 1846354
*** SHOWDOWN ***
1846354 collected $0.42 from pot
*** SUMMARY ***
Total pot $0.44 | Rake $0.02 | Jackpot $0 | Bingo $0 | Fortune $0
Board [5h 7h Ad]
Seat 2: Hero (small blind) folded on the Flop
Seat 3: 1846354 (big blind) won ($0.42)
Seat 4: 4dc641f9 folded before Flop (didn't bet)
Seat 5: 5b86ce2b folded before Flop (didn't bet)
Seat 6: c5e25b88 (button) folded before Flop (didn't bet)


Poker Hand #HD1181439724: Hold'em No Limit  ($0.02/$0.05) - 2023/03/29 20:11:50
Table 'NLHBlue121' 6-max Seat #5 is the button
Seat 1: 3eaf011c ($4.67 in chips)
Seat 2: Hero ($5.74 in chips)
Seat 3: 1846354 ($11.76 in chips)
Seat 4: 4dc641f9 ($4.64 in chips)
Seat 5: 5b86ce2b ($5.09 in chips)
Seat 6: c5e25b88 ($4.19 in chips)
c5e25b88: posts small blind $0.02
3eaf011c: posts big blind $0.05
*** HOLE CARDS ***
Dealt to 3eaf011c 
Dealt to Hero [Jh 5c]
Dealt to 1846354 
Dealt to 4dc641f9 
Dealt to 5b86ce2b 
Dealt to c5e25b88 
Hero: folds
1846354: folds
4dc641f9: raises $0.08 to $0.13
5b86ce2b: raises $0.24 to $0.37
c5e25b88: calls $0.35
3eaf011c: folds
4dc641f9: raises $0.77 to $1.14
5b86ce2b: folds
c5e25b88: raises $3.05 to $4.19 and is all-in
4dc641f9: calls $3.05
c5e25b88: shows [6c 6h]
4dc641f9: shows [Ah Kh]
*** FIRST FLOP *** [Js 4s 4c]
*** FIRST TURN *** [Js 4s 4c] [3d]
*** FIRST RIVER *** [Js 4s 4c 3d] [8h]
*** SECOND FLOP *** [Ks Tc 5d]
*** SECOND TURN *** [Ks Tc 5d] [Kd]
*** SECOND RIVER *** [Ks Tc 5d Kd] [Jd]
*** FIRST SHOWDOWN ***
c5e25b88 collected $4.17 from pot
*** SECOND SHOWDOWN ***
4dc641f9 collected $4.16 from pot
*** SUMMARY ***
Total pot $8.8 | Rake $0.42 | Jackpot $0.05 | Bingo $0 | Fortune $0
Hand was run two times
FIRST Board [Js 4s 4c 3d 8h]
SECOND Board [Ks Tc 5d Kd Jd]
Seat 1: 3eaf011c (big blind) folded before Flop
Seat 2: Hero folded before Flop (didn't bet)
Seat 3: 1846354 folded before Flop (didn't bet)
Seat 4: 4dc641f9 showed [Ah Kh] and lost with Pair of Fours, and won ($4.16) with Three Kings
Seat 5: 5b86ce2b (button) folded before Flop
Seat 6: c5e25b88 (small blind) showed [6c 6h] and won ($4.17) with Pair of Sixes and Pair of Fours, and lost with Pair of Kings and Pair of Sixes


Poker Hand #HD1181439554: Hold'em No Limit  ($0.02/$0.05) - 2023/03/29 20:10:46
Table 'NLHBlue121' 6-max Seat #4 is the button
Seat 1: 3eaf011c ($4.67 in chips)
Seat 2: Hero ($5.74 in chips)
Seat 3: 1846354 ($10.07 in chips)
Seat 4: 4dc641f9 ($4.64 in chips)
Seat 5: 5b86ce2b ($5.11 in chips)
Seat 6: c5e25b88 ($5 in chips)
5b86ce2b: posts small blind $0.02
c5e25b88: posts big blind $0.05
*** HOLE CARDS ***
Dealt to 3eaf011c 
Dealt to Hero [3s Kc]
Dealt to 1846354 
Dealt to 4dc641f9 
Dealt to 5b86ce2b 
Dealt to c5e25b88 
3eaf011c: folds
Hero: folds
1846354: raises $0.1 to $0.15
4dc641f9: folds
5b86ce2b: folds
c5e25b88: calls $0.1
*** FLOP *** [2h 4h Jc]
c5e25b88: checks
1846354: bets $0.16
c5e25b88: calls $0.16
*** TURN *** [2h 4h Jc] [Td]
c5e25b88: checks
1846354: bets $0.32
c5e25b88: calls $0.32
*** RIVER *** [2h 4h Jc Td] [3h]
c5e25b88: checks
1846354: bets $1.28
c5e25b88: calls $1.28
1846354: shows [5h 7h] (Seven High Flush)
c5e25b88: shows [Ts Ac] (Pair of Tens)
*** SHOWDOWN ***
1846354 collected $3.6 from pot
*** SUMMARY ***
Total pot $3.84 | Rake $0.19 | Jackpot $0.05 | Bingo $0 | Fortune $0
Board [2h 4h Jc Td 3h]
Seat 1: 3eaf011c folded before Flop (didn't bet)
Seat 2: Hero folded before Flop (didn't bet)
Seat 3: 1846354 showed [5h 7h] and won ($3.6) with Seven High Flush
Seat 4: 4dc641f9 (button) folded before Flop (didn't bet)
Seat 5: 5b86ce2b (small blind) folded before Flop
Seat 6: c5e25b88 (big blind) showed [Ts Ac] and lost with Pair of Tens


Poker Hand #HD1181439475: Hold'em No Limit  ($0.02/$0.05) - 2023/03/29 20:10:14
Table 'NLHBlue121' 6-max Seat #3 is the button
Seat 1: 3eaf011c ($4.67 in chips)
Seat 2: Hero ($5.74 in chips)
Seat 3: 1846354 ($10.17 in chips)
Seat 4: 4dc641f9 ($4.66 in chips)
Seat 5: 5b86ce2b ($5 in chips)
4dc641f9: posts small blind $0.02
5b86ce2b: posts big blind $0.05
*** HOLE CARDS ***
Dealt to 3eaf011c 
Dealt to Hero [Js 3s]
Dealt to 1846354 
Dealt to 4dc641f9 
Dealt to 5b86ce2b 
3eaf011c: folds
Hero: folds
1846354: raises $0.05 to $0.1
4dc641f9: folds
5b86ce2b: raises $0.3 to $0.4
1846354: folds
Uncalled bet ($0.3) returned to 5b86ce2b
*** SHOWDOWN ***
5b86ce2b collected $0.21 from pot
*** SUMMARY ***
Total pot $0.22 | Rake $0.01 | Jackpot $0 | Bingo $0 | Fortune $0
Seat 1: 3eaf011c folded before Flop (didn't bet)
Seat 2: Hero folded before Flop (didn't bet)
Seat 3: 1846354 (button) folded before Flop
Seat 4: 4dc641f9 (small blind) folded before Flop
Seat 5: 5b86ce2b (big blind) collected ($0.21)


Poker Hand #HD1181439373: Hold'em No Limit  ($0.02/$0.05) - 2023/03/29 20:09:39
Table 'NLHBlue121' 6-max Seat #2 is the button
Seat 1: 3eaf011c ($4.56 in chips)
Seat 2: Hero ($5.74 in chips)
Seat 3: 1846354 ($10.19 in chips)
Seat 4: 4dc641f9 ($4.76 in chips)
1846354: posts small blind $0.02
4dc641f9: posts big blind $0.05
*** HOLE CARDS ***
Dealt to 3eaf011c 
Dealt to Hero [Qh 9s]
Dealt to 1846354 
Dealt to 4dc641f9 
3eaf011c: raises $0.05 to $0.1
Hero: folds
1846354: folds
4dc641f9: calls $0.05
*** FLOP *** [8s 4s Jh]
4dc641f9: checks
3eaf011c: bets $0.12
4dc641f9: folds
Uncalled bet ($0.12) returned to 3eaf011c
*** SHOWDOWN ***
3eaf011c collected $0.21 from pot
*** SUMMARY ***
Total pot $0.22 | Rake $0.01 | Jackpot $0 | Bingo $0 | Fortune $0
Board [8s 4s Jh]
Seat 1: 3eaf011c won ($0.21)
Seat 2: Hero (button) folded before Flop (didn't bet)
Seat 3: 1846354 (small blind) folded before Flop
Seat 4: 4dc641f9 (big blind) folded on the Flop


Poker Hand #HD1181439326: Hold'em No Limit  ($0.02/$0.05) - 2023/03/29 20:09:23
Table 'NLHBlue121' 6-max Seat #1 is the button
Seat 1: 3eaf011c ($4.56 in chips)
Seat 2: Hero ($5.76 in chips)
Seat 3: 1846354 ($10.17 in chips)
Seat 4: 4dc641f9 ($4.76 in chips)
Hero: posts small blind $0.02
1846354: posts big blind $0.05
*** HOLE CARDS ***
Dealt to 3eaf011c 
Dealt to Hero [6d 7s]
Dealt to 1846354 
Dealt to 4dc641f9 
4dc641f9: folds
3eaf011c: folds
Hero: folds
Uncalled bet ($0.03) returned to 1846354
*** SHOWDOWN ***
1846354 collected $0.04 from pot
*** SUMMARY ***
Total pot $0.04 | Rake $0 | Jackpot $0 | Bingo $0 | Fortune $0
Seat 1: 3eaf011c (button) folded before Flop (didn't bet)
Seat 2: Hero (small blind) folded before Flop
Seat 3: 1846354 (big blind) collected ($0.04)
Seat 4: 4dc641f9 folded before Flop (didn't bet)


Poker Hand #HD1181439205: Hold'em No Limit  ($0.02/$0.05) - 2023/03/29 20:08:38
Table 'NLHBlue121' 6-max Seat #4 is the button
Seat 1: 3eaf011c ($4.76 in chips)
Seat 2: Hero ($5.58 in chips)
Seat 3: 1846354 ($10.17 in chips)
Seat 4: 4dc641f9 ($4.76 in chips)
3eaf011c: posts small blind $0.02
Hero: posts big blind $0.05
*** HOLE CARDS ***
Dealt to 3eaf011c 
Dealt to Hero [Ad 6s]
Dealt to 1846354 
Dealt to 4dc641f9 
1846354: folds
4dc641f9: folds
3eaf011c: raises $0.05 to $0.1
Hero: calls $0.05
*** FLOP *** [8s 8d Kd]
3eaf011c: bets $0.1
Hero: calls $0.1
*** TURN *** [8s 8d Kd] [Td]
3eaf011c: checks
Hero: bets $0.2
3eaf011c: folds
Uncalled bet ($0.2) returned to Hero
*** SHOWDOWN ***
Hero collected $0.38 from pot
*** SUMMARY ***
Total pot $0.4 | Rake $0.02 | Jackpot $0 | Bingo $0 | Fortune $0
Board [8s 8d Kd Td]
Seat 1: 3eaf011c (small blind) folded on the Turn
Seat 2: Hero (big blind) won ($0.38)
Seat 3: 1846354 folded before Flop (didn't bet)
Seat 4: 4dc641f9 (button) folded before Flop (didn't bet)


Poker Hand #HD1181439079: Hold'em No Limit  ($0.02/$0.05) - 2023/03/29 20:07:46
Table 'NLHBlue121' 6-max Seat #3 is the button
Seat 1: 3eaf011c ($5.06 in chips)
Seat 2: Hero ($5.19 in chips)
Seat 3: 1846354 ($10.17 in chips)
Seat 4: 4dc641f9 ($4.88 in chips)
4dc641f9: posts small blind $0.02
3eaf011c: posts big blind $0.05
*** HOLE CARDS ***
Dealt to 3eaf011c 
Dealt to Hero [Qd Kd]
Dealt to 1846354 
Dealt to 4dc641f9 
Hero: raises $0.07 to $0.12
1846354: folds
4dc641f9: calls $0.1
3eaf011c: calls $0.07
*** FLOP *** [3c 4h Th]
4dc641f9: checks
3eaf011c: checks
Hero: checks
*** TURN *** [3c 4h Th] [Kh]
4dc641f9: checks
3eaf011c: checks
Hero: bets $0.18
4dc641f9: folds
3eaf011c: calls $0.18
*** RIVER *** [3c 4h Th Kh] [4s]
3eaf011c: checks
Hero: checks
3eaf011c: shows [Qs 9s] (Pair of Fours)
Hero: shows [Qd Kd] (Pair of Kings and Pair of Fours)
*** SHOWDOWN ***
Hero collected $0.69 from pot
*** SUMMARY ***
Total pot $0.72 | Rake $0.03 | Jackpot $0 | Bingo $0 | Fortune $0
Board [3c 4h Th Kh 4s]
Seat 1: 3eaf011c (big blind) showed [Qs 9s] and lost with Pair of Fours
Seat 2: Hero showed [Qd Kd] and won ($0.69) with Pair of Kings and Pair of Fours
Seat 3: 1846354 (button) folded before Flop (didn't bet)
Seat 4: 4dc641f9 (small blind) folded on the Turn


Poker Hand #HD1181438973: Hold'em No Limit  ($0.02/$0.05) - 2023/03/29 20:07:11
Table 'NLHBlue121' 6-max Seat #2 is the button
Seat 1: 3eaf011c ($5.06 in chips)
Seat 2: Hero ($5.06 in chips)
Seat 3: 1846354 ($10.19 in chips)
Seat 4: 4dc641f9 ($5 in chips)
1846354: posts small blind $0.02
4dc641f9: posts big blind $0.05
*** HOLE CARDS ***
Dealt to 3eaf011c 
Dealt to Hero [Ac 9d]
Dealt to 1846354 
Dealt to 4dc641f9 
3eaf011c: folds
Hero: raises $0.07 to $0.12
1846354: folds
4dc641f9: calls $0.07
*** FLOP *** [6d Ah 3s]
4dc641f9: checks
Hero: bets $0.13
4dc641f9: folds
Uncalled bet ($0.13) returned to Hero
*** SHOWDOWN ***
Hero collected $0.25 from pot
*** SUMMARY ***
Total pot $0.26 | Rake $0.01 | Jackpot $0 | Bingo $0 | Fortune $0
Board [6d Ah 3s]
Seat 1: 3eaf011c folded before Flop (didn't bet)
Seat 2: Hero (button) won ($0.25)
Seat 3: 1846354 (small blind) folded before Flop
Seat 4: 4dc641f9 (big blind) folded on the Flop


Poker Hand #HD1181438943: Hold'em No Limit  ($0.02/$0.05) - 2023/03/29 20:07:01
Table 'NLHBlue121' 6-max Seat #1 is the button
Seat 1: 3eaf011c ($5.06 in chips)
Seat 2: Hero ($5.08 in chips)
Seat 3: 1846354 ($10.17 in chips)
Hero: posts small blind $0.02
1846354: posts big blind $0.05
*** HOLE CARDS ***
Dealt to 3eaf011c 
Dealt to Hero [2d Th]
Dealt to 1846354 
3eaf011c: folds
Hero: folds
Uncalled bet ($0.03) returned to 1846354
*** SHOWDOWN ***
1846354 collected $0.04 from pot
*** SUMMARY ***
Total pot $0.04 | Rake $0 | Jackpot $0 | Bingo $0 | Fortune $0
Seat 1: 3eaf011c (button) folded before Flop (didn't bet)
Seat 2: Hero (small blind) folded before Flop
Seat 3: 1846354 (big blind) collected ($0.04)


Poker Hand #HD1181438916: Hold'em No Limit  ($0.02/$0.05) - 2023/03/29 20:06:52
Table 'NLHBlue121' 6-max Seat #3 is the button
Seat 1: 3eaf011c ($5.01 in chips)
Seat 2: Hero ($5.13 in chips)
Seat 3: 1846354 ($10.17 in chips)
3eaf011c: posts small blind $0.02
Hero: posts big blind $0.05
*** HOLE CARDS ***
Dealt to 3eaf011c 
Dealt to Hero [3h Th]
Dealt to 1846354 
1846354: folds
3eaf011c: raises $0.05 to $0.1
Hero: folds
Uncalled bet ($0.05) returned to 3eaf011c
*** SHOWDOWN ***
3eaf011c collected $0.1 from pot
*** SUMMARY ***
Total pot $0.1 | Rake $0 | Jackpot $0 | Bingo $0 | Fortune $0
Seat 1: 3eaf011c (small blind) collected ($0.1)
Seat 2: Hero (big blind) folded before Flop
Seat 3: 1846354 (button) folded before Flop (didn't bet)


Poker Hand #HD1181438898: Hold'em No Limit  ($0.02/$0.05) - 2023/03/29 20:06:45
Table 'NLHBlue121' 6-max Seat #2 is the button
Seat 1: 3eaf011c ($4.99 in chips)
Seat 2: Hero ($5.13 in chips)
Seat 3: 1846354 ($10.19 in chips)
1846354: posts small blind $0.02
3eaf011c: posts big blind $0.05
*** HOLE CARDS ***
Dealt to 3eaf011c 
Dealt to Hero [7d 8h]
Dealt to 1846354 
Hero: folds
1846354: folds
Uncalled bet ($0.03) returned to 3eaf011c
*** SHOWDOWN ***
3eaf011c collected $0.04 from pot
*** SUMMARY ***
Total pot $0.04 | Rake $0 | Jackpot $0 | Bingo $0 | Fortune $0
Seat 1: 3eaf011c (big blind) collected ($0.04)
Seat 2: Hero (button) folded before Flop (didn't bet)
Seat 3: 1846354 (small blind) folded before Flop


Poker Hand #HD1181438829: Hold'em No Limit  ($0.02/$0.05) - 2023/03/29 20:06:21
Table 'NLHBlue121' 6-max Seat #1 is the button
Seat 1: 3eaf011c ($4.99 in chips)
Seat 2: Hero ($5 in chips)
Seat 3: 1846354 ($10.33 in chips)
Hero: posts small blind $0.02
1846354: posts big blind $0.05
*** HOLE CARDS ***
Dealt to 3eaf011c 
Dealt to Hero [Ks Kh]
Dealt to 1846354 
3eaf011c: folds
Hero: raises $0.09 to $0.14
1846354: calls $0.09
*** FLOP *** [Kd 3d 5s]
Hero: bets $0.1
1846354: folds
Uncalled bet ($0.1) returned to Hero
*** SHOWDOWN ***
Hero collected $0.27 from pot
*** SUMMARY ***
Total pot $0.28 | Rake $0.01 | Jackpot $0 | Bingo $0 | Fortune $0
Board [Kd 3d 5s]
Seat 1: 3eaf011c (button) folded before Flop (didn't bet)
Seat 2: Hero (small blind) won ($0.27)
Seat 3: 1846354 (big blind) folded on the Flop


Poker Hand #HD1181438767: Hold'em No Limit  ($0.02/$0.05) - 2023/03/29 20:05:58
Table 'NLHBlue121' 6-max Seat #3 is the button
Seat 1: 3eaf011c ($4.8 in chips)
Seat 2: Hero ($5 in chips)
Seat 3: 1846354 ($10.48 in chips)
3eaf011c: posts small blind $0.02
Hero: posts big blind $0.05
*** HOLE CARDS ***
Dealt to 3eaf011c 
Dealt to Hero [3s 7h]
Dealt to 1846354 
1846354: raises $0.1 to $0.15
3eaf011c: calls $0.13
Hero: folds
*** FLOP *** [5s 7c Jd]
3eaf011c: bets $0.12
1846354: folds
Uncalled bet ($0.12) returned to 3eaf011c
*** SHOWDOWN ***
3eaf011c collected $0.34 from pot
*** SUMMARY ***
Total pot $0.35 | Rake $0.01 | Jackpot $0 | Bingo $0 | Fortune $0
Board [5s 7c Jd]
Seat 1: 3eaf011c (small blind) won ($0.34)
Seat 2: Hero (big blind) folded before Flop
Seat 3: 1846354 (button) folded on the Flop


Poker Hand #HD1181438603: Hold'em No Limit  ($0.02/$0.05) - 2023/03/29 20:04:57
Table 'NLHBlue121' 6-max Seat #2 is the button
Seat 1: 3eaf011c ($4.9 in chips)
Seat 2: Hero ($5 in chips)
Seat 3: 1846354 ($6.14 in chips)
Seat 6: 309a60f7 ($5.62 in chips)
1846354: posts small blind $0.02
309a60f7: posts big blind $0.05
*** HOLE CARDS ***
Dealt to 3eaf011c 
Dealt to Hero [Ad As]
Dealt to 1846354 
Dealt to 309a60f7 
3eaf011c: raises $0.05 to $0.1
Hero: raises $0.22 to $0.32
1846354: raises $0.4 to $0.72
309a60f7: folds
3eaf011c: folds
Hero: raises $4.28 to $5 and is all-in
1846354: calls $4.28
Hero: shows [Ad As]
1846354: shows [Qh Qs]
*** FLOP *** [Qc Th 7c]
1846354: Chooses to EV Cashout 
*** TURN *** [Qc Th 7c] [4s]
1846354: Pays Cashout Risk ($0.14)
1846354: Chooses to EV Cashout 
*** RIVER *** [Qc Th 7c 4s] [2h]
1846354: Pays Cashout Risk ($0.12)
*** SHOWDOWN ***
1846354 collected $9.6 from pot
*** SUMMARY ***
Total pot $10.15 | Rake $0.5 | Jackpot $0.05 | Bingo $0 | Fortune $0
Board [Qc Th 7c 4s 2h]
Seat 1: 3eaf011c folded before Flop
Seat 2: Hero (button) showed [Ad As] and lost with Pair of Aces
Seat 3: 1846354 (small blind) showed [Qh Qs] and won ($9.6) with Three Queens, Cashout Risk ($0.26)
Seat 6: 309a60f7 (big blind) folded before Flop


Poker Hand #HD1181438584: Hold'em No Limit  ($0.02/$0.05) - 2023/03/29 20:04:49
Table 'NLHBlue121' 6-max Seat #1 is the button
Seat 1: 3eaf011c ($4.9 in chips)
Seat 2: Hero ($5 in chips)
Seat 3: 1846354 ($6.12 in chips)
Seat 6: 309a60f7 ($5.62 in chips)
Hero: posts small blind $0.02
1846354: posts big blind $0.05
*** HOLE CARDS ***
Dealt to 3eaf011c 
Dealt to Hero [3c 9s]
Dealt to 1846354 
Dealt to 309a60f7 
309a60f7: folds
3eaf011c: folds
Hero: folds
Uncalled bet ($0.03) returned to 1846354
*** SHOWDOWN ***
1846354 collected $0.04 from pot
*** SUMMARY ***
Total pot $0.04 | Rake $0 | Jackpot $0 | Bingo $0 | Fortune $0
Seat 1: 3eaf011c (button) folded before Flop (didn't bet)
Seat 2: Hero (small blind) folded before Flop
Seat 3: 1846354 (big blind) collected ($0.04)
Seat 6: 309a60f7 folded before Flop (didn't bet)


Poker Hand #HD1181438549: Hold'em No Limit  ($0.02/$0.05) - 2023/03/29 20:04:39
Table 'NLHBlue121' 6-max Seat #6 is the button
Seat 1: 3eaf011c ($4.92 in chips)
Seat 2: Hero ($5 in chips)
Seat 3: 1846354 ($6.12 in chips)
Seat 6: 309a60f7 ($5.55 in chips)
3eaf011c: posts small blind $0.02
Hero: posts big blind $0.05
*** HOLE CARDS ***
Dealt to 3eaf011c 
Dealt to Hero [9s 5h]
Dealt to 1846354 
Dealt to 309a60f7 
1846354: folds
309a60f7: raises $0.08 to $0.13
3eaf011c: folds
Hero: folds
Uncalled bet ($0.08) returned to 309a60f7
*** SHOWDOWN ***
309a60f7 collected $0.12 from pot
*** SUMMARY ***
Total pot $0.12 | Rake $0 | Jackpot $0 | Bingo $0 | Fortune $0
Seat 1: 3eaf011c (small blind) folded before Flop
Seat 2: Hero (big blind) folded before Flop
Seat 3: 1846354 folded before Flop (didn't bet)
Seat 6: 309a60f7 (button) collected ($0.12)


