Poker Hand #HD1206856351: Hold'em No Limit  ($0.02/$0.05) - 2023/04/17 17:29:13
Table 'NLHBlue90' 6-max Seat #2 is the button
Seat 2: Hero ($5.37 in chips)
Seat 4: 7dc43221 ($4.41 in chips)
Seat 6: 97c4fb57 ($5.88 in chips)
7dc43221: posts small blind $0.02
97c4fb57: posts big blind $0.05
*** HOLE CARDS ***
Dealt to Hero [Tc 4s]
Dealt to 7dc43221 
Dealt to 97c4fb57 
Hero: folds
7dc43221: folds
Uncalled bet ($0.03) returned to 97c4fb57
*** SHOWDOWN ***
97c4fb57 collected $0.04 from pot
*** SUMMARY ***
Total pot $0.04 | Rake $0 | Jackpot $0 | Bingo $0 | Fortune $0
Seat 2: Hero (button) folded before Flop (didn't bet)
Seat 4: 7dc43221 (small blind) folded before Flop
Seat 6: 97c4fb57 (big blind) collected ($0.04)


Poker Hand #HD1206856339: Hold'em No Limit  ($0.02/$0.05) - 2023/04/17 17:29:04
Table 'NLHBlue90' 6-max Seat #6 is the button
Seat 2: Hero ($5.32 in chips)
Seat 4: 7dc43221 ($4.46 in chips)
Seat 6: 97c4fb57 ($5.88 in chips)
Hero: posts small blind $0.02
7dc43221: posts big blind $0.05
*** HOLE CARDS ***
Dealt to Hero [4s Js]
Dealt to 7dc43221 
Dealt to 97c4fb57 
97c4fb57: folds
Hero: raises $0.09 to $0.14
7dc43221: folds
Uncalled bet ($0.09) returned to Hero
*** SHOWDOWN ***
Hero collected $0.1 from pot
*** SUMMARY ***
Total pot $0.1 | Rake $0 | Jackpot $0 | Bingo $0 | Fortune $0
Seat 2: Hero (small blind) collected ($0.1)
Seat 4: 7dc43221 (big blind) folded before Flop
Seat 6: 97c4fb57 (button) folded before Flop (didn't bet)


Poker Hand #HD1206856228: Hold'em No Limit  ($0.02/$0.05) - 2023/04/17 17:28:11
Table 'NLHBlue90' 6-max Seat #5 is the button
Seat 2: Hero ($5.07 in chips)
Seat 3: 9266cbd2 ($14.06 in chips)
Seat 4: 7dc43221 ($4.71 in chips)
Seat 5: c39abe1e ($4.86 in chips)
Seat 6: 97c4fb57 ($5.9 in chips)
97c4fb57: posts small blind $0.02
Hero: posts big blind $0.05
*** HOLE CARDS ***
Dealt to Hero [Qh Js]
Dealt to 9266cbd2 
Dealt to 7dc43221 
Dealt to c39abe1e 
Dealt to 97c4fb57 
9266cbd2: folds
7dc43221: raises $0.07 to $0.12
c39abe1e: folds
97c4fb57: folds
Hero: calls $0.07
*** FLOP *** [Jd 2d Tc]
Hero: checks
7dc43221: bets $0.13
Hero: calls $0.13
*** TURN *** [Jd 2d Tc] [2s]
Hero: bets $0.26
7dc43221: folds
Uncalled bet ($0.26) returned to Hero
*** SHOWDOWN ***
Hero collected $0.5 from pot
*** SUMMARY ***
Total pot $0.52 | Rake $0.02 | Jackpot $0 | Bingo $0 | Fortune $0
Board [Jd 2d Tc 2s]
Seat 2: Hero (big blind) won ($0.5)
Seat 3: 9266cbd2 folded before Flop (didn't bet)
Seat 4: 7dc43221 folded on the Turn
Seat 5: c39abe1e (button) folded before Flop (didn't bet)
Seat 6: 97c4fb57 (small blind) folded before Flop


Poker Hand #HD1206856200: Hold'em No Limit  ($0.02/$0.05) - 2023/04/17 17:27:58
Table 'NLHBlue90' 6-max Seat #4 is the button
Seat 2: Hero ($5.07 in chips)
Seat 3: 9266cbd2 ($14.06 in chips)
Seat 4: 7dc43221 ($4.71 in chips)
Seat 5: c39abe1e ($4.88 in chips)
Seat 6: 97c4fb57 ($5.88 in chips)
c39abe1e: posts small blind $0.02
97c4fb57: posts big blind $0.05
*** HOLE CARDS ***
Dealt to Hero [Qc 2c]
Dealt to 9266cbd2 
Dealt to 7dc43221 
Dealt to c39abe1e 
Dealt to 97c4fb57 
Hero: folds
9266cbd2: folds
7dc43221: folds
c39abe1e: folds
Uncalled bet ($0.03) returned to 97c4fb57
*** SHOWDOWN ***
97c4fb57 collected $0.04 from pot
*** SUMMARY ***
Total pot $0.04 | Rake $0 | Jackpot $0 | Bingo $0 | Fortune $0
Seat 2: Hero folded before Flop (didn't bet)
Seat 3: 9266cbd2 folded before Flop (didn't bet)
Seat 4: 7dc43221 (button) folded before Flop (didn't bet)
Seat 5: c39abe1e (small blind) folded before Flop
Seat 6: 97c4fb57 (big blind) collected ($0.04)


Poker Hand #HD1206856169: Hold'em No Limit  ($0.02/$0.05) - 2023/04/17 17:27:41
Table 'NLHBlue90' 6-max Seat #3 is the button
Seat 2: Hero ($5.07 in chips)
Seat 3: 9266cbd2 ($14.06 in chips)
Seat 4: 7dc43221 ($4.66 in chips)
Seat 5: c39abe1e ($4.93 in chips)
Seat 6: 97c4fb57 ($5.88 in chips)
7dc43221: posts small blind $0.02
c39abe1e: posts big blind $0.05
*** HOLE CARDS ***
Dealt to Hero [7h 5c]
Dealt to 9266cbd2 
Dealt to 7dc43221 
Dealt to c39abe1e 
Dealt to 97c4fb57 
97c4fb57: folds
Hero: folds
9266cbd2: folds
7dc43221: raises $0.07 to $0.12
c39abe1e: folds
Uncalled bet ($0.07) returned to 7dc43221
*** SHOWDOWN ***
7dc43221 collected $0.1 from pot
*** SUMMARY ***
Total pot $0.1 | Rake $0 | Jackpot $0 | Bingo $0 | Fortune $0
Seat 2: Hero folded before Flop (didn't bet)
Seat 3: 9266cbd2 (button) folded before Flop (didn't bet)
Seat 4: 7dc43221 (small blind) collected ($0.1)
Seat 5: c39abe1e (big blind) folded before Flop
Seat 6: 97c4fb57 folded before Flop (didn't bet)


Poker Hand #HD1206856148: Hold'em No Limit  ($0.02/$0.05) - 2023/04/17 17:27:26
Table 'NLHBlue90' 6-max Seat #2 is the button
Seat 2: Hero ($5 in chips)
Seat 3: 9266cbd2 ($14.08 in chips)
Seat 4: 7dc43221 ($4.71 in chips)
Seat 5: c39abe1e ($4.93 in chips)
Seat 6: 97c4fb57 ($5.88 in chips)
9266cbd2: posts small blind $0.02
7dc43221: posts big blind $0.05
*** HOLE CARDS ***
Dealt to Hero [Ac 4d]
Dealt to 9266cbd2 
Dealt to 7dc43221 
Dealt to c39abe1e 
Dealt to 97c4fb57 
c39abe1e: folds
97c4fb57: folds
Hero: raises $0.07 to $0.12
9266cbd2: folds
7dc43221: folds
Uncalled bet ($0.07) returned to Hero
*** SHOWDOWN ***
Hero collected $0.12 from pot
*** SUMMARY ***
Total pot $0.12 | Rake $0 | Jackpot $0 | Bingo $0 | Fortune $0
Seat 2: Hero (button) collected ($0.12)
Seat 3: 9266cbd2 (small blind) folded before Flop
Seat 4: 7dc43221 (big blind) folded before Flop
Seat 5: c39abe1e folded before Flop (didn't bet)
Seat 6: 97c4fb57 folded before Flop (didn't bet)


Poker Hand #HD1206855982: Hold'em No Limit  ($0.02/$0.05) - 2023/04/17 17:26:06
Table 'NLHBlue90' 6-max Seat #6 is the button
Seat 1: 87fade39 ($5.39 in chips)
Seat 2: Hero ($5.14 in chips)
Seat 3: 9266cbd2 ($14.08 in chips)
Seat 4: 7dc43221 ($4.71 in chips)
Seat 5: c39abe1e ($4.93 in chips)
Seat 6: 97c4fb57 ($5 in chips)
87fade39: posts small blind $0.02
Hero: posts big blind $0.05
*** HOLE CARDS ***
Dealt to 87fade39 
Dealt to Hero [Ts 8s]
Dealt to 9266cbd2 
Dealt to 7dc43221 
Dealt to c39abe1e 
Dealt to 97c4fb57 
9266cbd2: folds
7dc43221: folds
c39abe1e: folds
97c4fb57: raises $0.07 to $0.12
87fade39: folds
Hero: calls $0.07
*** FLOP *** [7c 8c Tc]
Hero: checks
97c4fb57: bets $0.13
Hero: raises $0.25 to $0.38
97c4fb57: calls $0.25
*** TURN *** [7c 8c Tc] [Qs]
Hero: bets $0.51
97c4fb57: calls $0.51
*** RIVER *** [7c 8c Tc Qs] [4s]
Hero: checks
97c4fb57: checks
Hero: shows [Ts 8s] (Pair of Tens and Pair of Eights)
97c4fb57: shows [9h Jh] (Queens-High Straight)
*** SHOWDOWN ***
97c4fb57 collected $1.89 from pot
*** SUMMARY ***
Total pot $2.04 | Rake $0.1 | Jackpot $0.05 | Bingo $0 | Fortune $0
Board [7c 8c Tc Qs 4s]
Seat 1: 87fade39 (small blind) folded before Flop
Seat 2: Hero (big blind) showed [Ts 8s] and lost with Pair of Tens and Pair of Eights
Seat 3: 9266cbd2 folded before Flop (didn't bet)
Seat 4: 7dc43221 folded before Flop (didn't bet)
Seat 5: c39abe1e folded before Flop (didn't bet)
Seat 6: 97c4fb57 (button) showed [9h Jh] and won ($1.89) with Queens-High Straight


Poker Hand #HD1206855951: Hold'em No Limit  ($0.02/$0.05) - 2023/04/17 17:25:49
Table 'NLHBlue90' 6-max Seat #5 is the button
Seat 1: 87fade39 ($5.37 in chips)
Seat 2: Hero ($5.14 in chips)
Seat 3: 9266cbd2 ($14.08 in chips)
Seat 4: 7dc43221 ($4.71 in chips)
Seat 5: c39abe1e ($4.93 in chips)
Seat 6: 97c4fb57 ($5 in chips)
97c4fb57: posts small blind $0.02
87fade39: posts big blind $0.05
*** HOLE CARDS ***
Dealt to 87fade39 
Dealt to Hero [Td 7s]
Dealt to 9266cbd2 
Dealt to 7dc43221 
Dealt to c39abe1e 
Dealt to 97c4fb57 
Hero: folds
9266cbd2: folds
7dc43221: folds
c39abe1e: folds
97c4fb57: folds
Uncalled bet ($0.03) returned to 87fade39
*** SHOWDOWN ***
87fade39 collected $0.04 from pot
*** SUMMARY ***
Total pot $0.04 | Rake $0 | Jackpot $0 | Bingo $0 | Fortune $0
Seat 1: 87fade39 (big blind) collected ($0.04)
Seat 2: Hero folded before Flop (didn't bet)
Seat 3: 9266cbd2 folded before Flop (didn't bet)
Seat 4: 7dc43221 folded before Flop (didn't bet)
Seat 5: c39abe1e (button) folded before Flop (didn't bet)
Seat 6: 97c4fb57 (small blind) folded before Flop


Poker Hand #HD1206855914: Hold'em No Limit  ($0.02/$0.05) - 2023/04/17 17:25:34
Table 'NLHBlue90' 6-max Seat #4 is the button
Seat 1: 87fade39 ($5.37 in chips)
Seat 2: Hero ($5.07 in chips)
Seat 3: 9266cbd2 ($14.08 in chips)
Seat 4: 7dc43221 ($4.71 in chips)
Seat 5: c39abe1e ($4.95 in chips)
Seat 6: 97c4fb57 ($5 in chips)
c39abe1e: posts small blind $0.02
97c4fb57: posts big blind $0.05
*** HOLE CARDS ***
Dealt to 87fade39 
Dealt to Hero [Jh Kc]
Dealt to 9266cbd2 
Dealt to 7dc43221 
Dealt to c39abe1e 
Dealt to 97c4fb57 
87fade39: folds
Hero: raises $0.07 to $0.12
9266cbd2: folds
7dc43221: folds
c39abe1e: folds
97c4fb57: folds
Uncalled bet ($0.07) returned to Hero
*** SHOWDOWN ***
Hero collected $0.12 from pot
*** SUMMARY ***
Total pot $0.12 | Rake $0 | Jackpot $0 | Bingo $0 | Fortune $0
Seat 1: 87fade39 folded before Flop (didn't bet)
Seat 2: Hero collected ($0.12)
Seat 3: 9266cbd2 folded before Flop (didn't bet)
Seat 4: 7dc43221 (button) folded before Flop (didn't bet)
Seat 5: c39abe1e (small blind) folded before Flop
Seat 6: 97c4fb57 (big blind) folded before Flop


Poker Hand #HD1206855878: Hold'em No Limit  ($0.02/$0.05) - 2023/04/17 17:25:16
Table 'NLHBlue90' 6-max Seat #3 is the button
Seat 1: 87fade39 ($5.37 in chips)
Seat 2: Hero ($5 in chips)
Seat 3: 9266cbd2 ($14.08 in chips)
Seat 4: 7dc43221 ($4.73 in chips)
Seat 5: c39abe1e ($5 in chips)
Seat 6: 97c4fb57 ($5 in chips)
7dc43221: posts small blind $0.02
c39abe1e: posts big blind $0.05
*** HOLE CARDS ***
Dealt to 87fade39 
Dealt to Hero [Js Jd]
Dealt to 9266cbd2 
Dealt to 7dc43221 
Dealt to c39abe1e 
Dealt to 97c4fb57 
97c4fb57: folds
87fade39: folds
Hero: raises $0.07 to $0.12
9266cbd2: folds
7dc43221: folds
c39abe1e: folds
Uncalled bet ($0.07) returned to Hero
*** SHOWDOWN ***
Hero collected $0.12 from pot
*** SUMMARY ***
Total pot $0.12 | Rake $0 | Jackpot $0 | Bingo $0 | Fortune $0
Seat 1: 87fade39 folded before Flop (didn't bet)
Seat 2: Hero collected ($0.12)
Seat 3: 9266cbd2 (button) folded before Flop (didn't bet)
Seat 4: 7dc43221 (small blind) folded before Flop
Seat 5: c39abe1e (big blind) folded before Flop
Seat 6: 97c4fb57 folded before Flop (didn't bet)


Poker Hand #HD1206855856: Hold'em No Limit  ($0.02/$0.05) - 2023/04/17 17:25:04
Table 'NLHBlue90' 6-max Seat #2 is the button
Seat 1: 87fade39 ($5.37 in chips)
Seat 2: Hero ($5 in chips)
Seat 3: 9266cbd2 ($14.1 in chips)
Seat 4: 7dc43221 ($4.71 in chips)
Seat 5: c39abe1e ($5 in chips)
Seat 6: 97c4fb57 ($5 in chips)
9266cbd2: posts small blind $0.02
7dc43221: posts big blind $0.05
*** HOLE CARDS ***
Dealt to 87fade39 
Dealt to Hero [4d Jc]
Dealt to 9266cbd2 
Dealt to 7dc43221 
Dealt to c39abe1e 
Dealt to 97c4fb57 
c39abe1e: folds
97c4fb57: folds
87fade39: folds
Hero: folds
9266cbd2: folds
Uncalled bet ($0.03) returned to 7dc43221
*** SHOWDOWN ***
7dc43221 collected $0.04 from pot
*** SUMMARY ***
Total pot $0.04 | Rake $0 | Jackpot $0 | Bingo $0 | Fortune $0
Seat 1: 87fade39 folded before Flop (didn't bet)
Seat 2: Hero (button) folded before Flop (didn't bet)
Seat 3: 9266cbd2 (small blind) folded before Flop
Seat 4: 7dc43221 (big blind) collected ($0.04)
Seat 5: c39abe1e folded before Flop (didn't bet)
Seat 6: 97c4fb57 folded before Flop (didn't bet)


Poker Hand #HD1206855770: Hold'em No Limit  ($0.02/$0.05) - 2023/04/17 17:24:23
Table 'NLHBlue90' 6-max Seat #1 is the button
Seat 1: 87fade39 ($5.19 in chips)
Seat 2: Hero ($5.02 in chips)
Seat 3: 9266cbd2 ($14.15 in chips)
Seat 4: 7dc43221 ($4.83 in chips)
Seat 5: c39abe1e ($5 in chips)
Seat 6: 97c4fb57 ($5 in chips)
Hero: posts small blind $0.02
9266cbd2: posts big blind $0.05
*** HOLE CARDS ***
Dealt to 87fade39 
Dealt to Hero [Jd Ah]
Dealt to 9266cbd2 
Dealt to 7dc43221 
Dealt to c39abe1e 
Dealt to 97c4fb57 
7dc43221: raises $0.07 to $0.12
c39abe1e: folds
97c4fb57: folds
87fade39: raises $0.31 to $0.43
Hero: folds
9266cbd2: folds
7dc43221: folds
Uncalled bet ($0.31) returned to 87fade39
*** SHOWDOWN ***
87fade39 collected $0.3 from pot
*** SUMMARY ***
Total pot $0.31 | Rake $0.01 | Jackpot $0 | Bingo $0 | Fortune $0
Seat 1: 87fade39 (button) collected ($0.3)
Seat 2: Hero (small blind) folded before Flop
Seat 3: 9266cbd2 (big blind) folded before Flop
Seat 4: 7dc43221 folded before Flop
Seat 5: c39abe1e folded before Flop (didn't bet)
Seat 6: 97c4fb57 folded before Flop (didn't bet)


Poker Hand #HD1206855726: Hold'em No Limit  ($0.02/$0.05) - 2023/04/17 17:24:06
Table 'NLHBlue90' 6-max Seat #6 is the button
Seat 1: 87fade39 ($5.21 in chips)
Seat 2: Hero ($5 in chips)
Seat 3: 9266cbd2 ($14.15 in chips)
Seat 4: 7dc43221 ($4.83 in chips)
Seat 5: c39abe1e ($5 in chips)
Seat 6: 97c4fb57 ($5 in chips)
87fade39: posts small blind $0.02
Hero: posts big blind $0.05
*** HOLE CARDS ***
Dealt to 87fade39 
Dealt to Hero [6c 4c]
Dealt to 9266cbd2 
Dealt to 7dc43221 
Dealt to c39abe1e 
Dealt to 97c4fb57 
9266cbd2: folds
7dc43221: folds
c39abe1e: folds
97c4fb57: folds
87fade39: folds
Uncalled bet ($0.03) returned to Hero
*** SHOWDOWN ***
Hero collected $0.04 from pot
*** SUMMARY ***
Total pot $0.04 | Rake $0 | Jackpot $0 | Bingo $0 | Fortune $0
Seat 1: 87fade39 (small blind) folded before Flop
Seat 2: Hero (big blind) collected ($0.04)
Seat 3: 9266cbd2 folded before Flop (didn't bet)
Seat 4: 7dc43221 folded before Flop (didn't bet)
Seat 5: c39abe1e folded before Flop (didn't bet)
Seat 6: 97c4fb57 (button) folded before Flop (didn't bet)


