Poker Hand #HD1204237552: Hold'em No Limit  ($0.02/$0.05) - 2023/04/15 16:18:16
Table 'NLHBlue11' 6-max Seat #1 is the button
Seat 1: 965f5c91 ($5 in chips)
Seat 5: 72c64143 ($5 in chips)
Seat 6: Hero ($12.8 in chips)
72c64143: posts small blind $0.02
Hero: posts big blind $0.05
*** HOLE CARDS ***
Dealt to 965f5c91 
Dealt to 72c64143 
Dealt to Hero [As 7s]
965f5c91: folds
72c64143: folds
Uncalled bet ($0.03) returned to Hero
*** SHOWDOWN ***
Hero collected $0.04 from pot
*** SUMMARY ***
Total pot $0.04 | Rake $0 | Jackpot $0 | Bingo $0 | Fortune $0
Seat 1: 965f5c91 (button) folded before Flop (didn't bet)
Seat 5: 72c64143 (small blind) folded before Flop
Seat 6: Hero (big blind) collected ($0.04)


Poker Hand #HD1204237536: Hold'em No Limit  ($0.02/$0.05) - 2023/04/15 16:18:05
Table 'NLHBlue11' 6-max Seat #6 is the button
Seat 1: 965f5c91 ($5.02 in chips)
Seat 5: 72c64143 ($5 in chips)
Seat 6: Hero ($12.73 in chips)
965f5c91: posts small blind $0.02
72c64143: posts big blind $0.05
*** HOLE CARDS ***
Dealt to 965f5c91 
Dealt to 72c64143 
Dealt to Hero [Ad Td]
Hero: raises $0.07 to $0.12
965f5c91: folds
72c64143: folds
Uncalled bet ($0.07) returned to Hero
*** SHOWDOWN ***
Hero collected $0.12 from pot
*** SUMMARY ***
Total pot $0.12 | Rake $0 | Jackpot $0 | Bingo $0 | Fortune $0
Seat 1: 965f5c91 (small blind) folded before Flop
Seat 5: 72c64143 (big blind) folded before Flop
Seat 6: Hero (button) collected ($0.12)


Poker Hand #HD1204237518: Hold'em No Limit  ($0.02/$0.05) - 2023/04/15 16:17:56
Table 'NLHBlue11' 6-max Seat #5 is the button
Seat 1: 965f5c91 ($5.07 in chips)
Seat 5: 72c64143 ($5 in chips)
Seat 6: Hero ($12.68 in chips)
Hero: posts small blind $0.02
965f5c91: posts big blind $0.05
*** HOLE CARDS ***
Dealt to 965f5c91 
Dealt to 72c64143 
Dealt to Hero [Ks Qd]
72c64143: folds
Hero: raises $0.09 to $0.14
965f5c91: folds
Uncalled bet ($0.09) returned to Hero
*** SHOWDOWN ***
Hero collected $0.1 from pot
*** SUMMARY ***
Total pot $0.1 | Rake $0 | Jackpot $0 | Bingo $0 | Fortune $0
Seat 1: 965f5c91 (big blind) folded before Flop
Seat 5: 72c64143 (button) folded before Flop (didn't bet)
Seat 6: Hero (small blind) collected ($0.1)


Poker Hand #HD1204237502: Hold'em No Limit  ($0.02/$0.05) - 2023/04/15 16:17:49
Table 'NLHBlue11' 6-max Seat #1 is the button
Seat 1: 965f5c91 ($5.07 in chips)
Seat 5: 72c64143 ($5 in chips)
Seat 6: Hero ($12.66 in chips)
72c64143: posts small blind $0.02
Hero: posts big blind $0.05
*** HOLE CARDS ***
Dealt to 965f5c91 
Dealt to 72c64143 
Dealt to Hero [5h 2h]
965f5c91: folds
72c64143: folds
Uncalled bet ($0.03) returned to Hero
*** SHOWDOWN ***
Hero collected $0.04 from pot
*** SUMMARY ***
Total pot $0.04 | Rake $0 | Jackpot $0 | Bingo $0 | Fortune $0
Seat 1: 965f5c91 (button) folded before Flop (didn't bet)
Seat 5: 72c64143 (small blind) folded before Flop
Seat 6: Hero (big blind) collected ($0.04)


Poker Hand #HD1204237471: Hold'em No Limit  ($0.02/$0.05) - 2023/04/15 16:17:35
Table 'NLHBlue11' 6-max Seat #6 is the button
Seat 1: 965f5c91 ($5.02 in chips)
Seat 3: addf7238 ($5 in chips)
Seat 5: 72c64143 ($5 in chips)
Seat 6: Hero ($12.66 in chips)
965f5c91: posts small blind $0.02
addf7238: posts big blind $0.05
*** HOLE CARDS ***
Dealt to 965f5c91 
Dealt to addf7238 
Dealt to 72c64143 
Dealt to Hero [4s 3h]
72c64143: folds
Hero: folds
965f5c91: calls $0.03
addf7238: checks
*** FLOP *** [Qs Kc Kh]
965f5c91: checks
addf7238: checks
*** TURN *** [Qs Kc Kh] [Jd]
965f5c91: bets $0.05
addf7238: folds
Uncalled bet ($0.05) returned to 965f5c91
*** SHOWDOWN ***
965f5c91 collected $0.1 from pot
*** SUMMARY ***
Total pot $0.1 | Rake $0 | Jackpot $0 | Bingo $0 | Fortune $0
Board [Qs Kc Kh Jd]
Seat 1: 965f5c91 (small blind) won ($0.1)
Seat 3: addf7238 (big blind) folded on the Turn
Seat 5: 72c64143 folded before Flop (didn't bet)
Seat 6: Hero (button) folded before Flop (didn't bet)


Poker Hand #HD1204237453: Hold'em No Limit  ($0.02/$0.05) - 2023/04/15 16:17:26
Table 'NLHBlue11' 6-max Seat #5 is the button
Seat 1: 965f5c91 ($5 in chips)
Seat 3: addf7238 ($5 in chips)
Seat 5: 72c64143 ($5 in chips)
Seat 6: Hero ($12.68 in chips)
Hero: posts small blind $0.02
965f5c91: posts big blind $0.05
*** HOLE CARDS ***
Dealt to 965f5c91 
Dealt to addf7238 
Dealt to 72c64143 
Dealt to Hero [6d 5s]
addf7238: folds
72c64143: folds
Hero: folds
Uncalled bet ($0.03) returned to 965f5c91
*** SHOWDOWN ***
965f5c91 collected $0.04 from pot
*** SUMMARY ***
Total pot $0.04 | Rake $0 | Jackpot $0 | Bingo $0 | Fortune $0
Seat 1: 965f5c91 (big blind) collected ($0.04)
Seat 3: addf7238 folded before Flop (didn't bet)
Seat 5: 72c64143 (button) folded before Flop (didn't bet)
Seat 6: Hero (small blind) folded before Flop


Poker Hand #HD1204237419: Hold'em No Limit  ($0.02/$0.05) - 2023/04/15 16:17:12
Table 'NLHBlue11' 6-max Seat #3 is the button
Seat 1: 965f5c91 ($5 in chips)
Seat 2: 5968c668 ($7.2 in chips)
Seat 3: addf7238 ($5 in chips)
Seat 5: 72c64143 ($4.95 in chips)
Seat 6: Hero ($12.66 in chips)
72c64143: posts small blind $0.02
Hero: posts big blind $0.05
*** HOLE CARDS ***
Dealt to 965f5c91 
Dealt to 5968c668 
Dealt to addf7238 
Dealt to 72c64143 
Dealt to Hero [8h 3d]
965f5c91: folds
5968c668: folds
addf7238: folds
72c64143: folds
Uncalled bet ($0.03) returned to Hero
*** SHOWDOWN ***
Hero collected $0.04 from pot
*** SUMMARY ***
Total pot $0.04 | Rake $0 | Jackpot $0 | Bingo $0 | Fortune $0
Seat 1: 965f5c91 folded before Flop (didn't bet)
Seat 2: 5968c668 folded before Flop (didn't bet)
Seat 3: addf7238 (button) folded before Flop (didn't bet)
Seat 5: 72c64143 (small blind) folded before Flop
Seat 6: Hero (big blind) collected ($0.04)


Poker Hand #HD1204237330: Hold'em No Limit  ($0.02/$0.05) - 2023/04/15 16:16:33
Table 'NLHBlue11' 6-max Seat #2 is the button
Seat 1: 965f5c91 ($5 in chips)
Seat 2: 5968c668 ($7.13 in chips)
Seat 3: addf7238 ($5.02 in chips)
Seat 5: 72c64143 ($5 in chips)
Seat 6: Hero ($12.66 in chips)
addf7238: posts small blind $0.02
72c64143: posts big blind $0.05
*** HOLE CARDS ***
Dealt to 965f5c91 
Dealt to 5968c668 
Dealt to addf7238 
Dealt to 72c64143 
Dealt to Hero [6s Kc]
Hero: folds
965f5c91: folds
5968c668: raises $0.1 to $0.15
addf7238: folds
72c64143: folds
Uncalled bet ($0.1) returned to 5968c668
*** SHOWDOWN ***
5968c668 collected $0.12 from pot
*** SUMMARY ***
Total pot $0.12 | Rake $0 | Jackpot $0 | Bingo $0 | Fortune $0
Seat 1: 965f5c91 folded before Flop (didn't bet)
Seat 2: 5968c668 (button) collected ($0.12)
Seat 3: addf7238 (small blind) folded before Flop
Seat 5: 72c64143 (big blind) folded before Flop
Seat 6: Hero folded before Flop (didn't bet)


Poker Hand #HD1204237312: Hold'em No Limit  ($0.02/$0.05) - 2023/04/15 16:16:23
Table 'NLHBlue11' 6-max Seat #1 is the button
Seat 1: 965f5c91 ($5 in chips)
Seat 2: 5968c668 ($7.15 in chips)
Seat 3: addf7238 ($5 in chips)
Seat 4: 52bb8386 ($10.64 in chips)
Seat 6: Hero ($12.66 in chips)
5968c668: posts small blind $0.02
addf7238: posts big blind $0.05
*** HOLE CARDS ***
Dealt to 965f5c91 
Dealt to 5968c668 
Dealt to addf7238 
Dealt to 52bb8386 
Dealt to Hero [Th 4s]
52bb8386: folds
Hero: folds
965f5c91: folds
5968c668: folds
Uncalled bet ($0.03) returned to addf7238
*** SHOWDOWN ***
addf7238 collected $0.04 from pot
*** SUMMARY ***
Total pot $0.04 | Rake $0 | Jackpot $0 | Bingo $0 | Fortune $0
Seat 1: 965f5c91 (button) folded before Flop (didn't bet)
Seat 2: 5968c668 (small blind) folded before Flop
Seat 3: addf7238 (big blind) collected ($0.04)
Seat 4: 52bb8386 folded before Flop (didn't bet)
Seat 6: Hero folded before Flop (didn't bet)


Poker Hand #HD1204237256: Hold'em No Limit  ($0.02/$0.05) - 2023/04/15 16:15:55
Table 'NLHBlue11' 6-max Seat #6 is the button
Seat 1: 965f5c91 ($5 in chips)
Seat 2: 5968c668 ($7.2 in chips)
Seat 3: addf7238 ($5 in chips)
Seat 4: 52bb8386 ($10.57 in chips)
Seat 6: Hero ($12.66 in chips)
965f5c91: posts small blind $0.02
5968c668: posts big blind $0.05
*** HOLE CARDS ***
Dealt to 965f5c91 
Dealt to 5968c668 
Dealt to addf7238 
Dealt to 52bb8386 
Dealt to Hero [2d 9h]
addf7238: folds
52bb8386: raises $0.08 to $0.13
Hero: folds
965f5c91: folds
5968c668: folds
Uncalled bet ($0.08) returned to 52bb8386
*** SHOWDOWN ***
52bb8386 collected $0.12 from pot
*** SUMMARY ***
Total pot $0.12 | Rake $0 | Jackpot $0 | Bingo $0 | Fortune $0
Seat 1: 965f5c91 (small blind) folded before Flop
Seat 2: 5968c668 (big blind) folded before Flop
Seat 3: addf7238 folded before Flop (didn't bet)
Seat 4: 52bb8386 collected ($0.12)
Seat 6: Hero (button) folded before Flop (didn't bet)


Poker Hand #HD1204237000: Hold'em No Limit  ($0.02/$0.05) - 2023/04/15 16:13:37
Table 'NLHBlue11' 6-max Seat #4 is the button
Seat 1: 965f5c91 ($5 in chips)
Seat 2: 5968c668 ($7.2 in chips)
Seat 3: addf7238 ($5 in chips)
Seat 4: 52bb8386 ($8.16 in chips)
Seat 6: Hero ($12.68 in chips)
Hero: posts small blind $0.02
965f5c91: posts big blind $0.05
*** HOLE CARDS ***
Dealt to 965f5c91 
Dealt to 5968c668 
Dealt to addf7238 
Dealt to 52bb8386 
Dealt to Hero [Jc 6d]
5968c668: folds
addf7238: raises $0.07 to $0.12
52bb8386: raises $0.28 to $0.4
Hero: folds
965f5c91: folds
addf7238: calls $0.28
*** FLOP *** [Td 3c Ac]
addf7238: checks
52bb8386: bets $0.3
addf7238: calls $0.3
*** TURN *** [Td 3c Ac] [5s]
addf7238: checks
52bb8386: bets $0.85
addf7238: calls $0.85
*** RIVER *** [Td 3c Ac 5s] [9s]
addf7238: checks
52bb8386: bets $1.1
addf7238: calls $1.1
52bb8386: shows [Ks Ah] (Pair of Aces)
addf7238: shows [Qs Qd] (Pair of Queens)
*** SHOWDOWN ***
52bb8386 collected $5.06 from pot
*** SUMMARY ***
Total pot $5.37 | Rake $0.26 | Jackpot $0.05 | Bingo $0 | Fortune $0
Board [Td 3c Ac 5s 9s]
Seat 1: 965f5c91 (big blind) folded before Flop
Seat 2: 5968c668 folded before Flop (didn't bet)
Seat 3: addf7238 showed [Qs Qd] and lost with Pair of Queens
Seat 4: 52bb8386 (button) showed [Ks Ah] and won ($5.06) with Pair of Aces
Seat 6: Hero (small blind) folded before Flop


Poker Hand #HD1204236843: Hold'em No Limit  ($0.02/$0.05) - 2023/04/15 16:12:22
Table 'NLHBlue11' 6-max Seat #3 is the button
Seat 2: 5968c668 ($7.2 in chips)
Seat 3: addf7238 ($5 in chips)
Seat 4: 52bb8386 ($8.18 in chips)
Seat 5: 93521682 ($1.87 in chips)
Seat 6: Hero ($11.02 in chips)
52bb8386: posts small blind $0.02
93521682: posts big blind $0.05
*** HOLE CARDS ***
Dealt to 5968c668 
Dealt to addf7238 
Dealt to 52bb8386 
Dealt to 93521682 
Dealt to Hero [Jd Jh]
Hero: raises $0.07 to $0.12
5968c668: folds
addf7238: folds
52bb8386: folds
93521682: raises $0.2 to $0.32
Hero: raises $7.72 to $8.04
93521682: calls $1.55 and is all-in
Uncalled bet ($6.17) returned to Hero
Hero: shows [Jd Jh]
93521682: shows [3d 2d]
*** FLOP *** [Qd 7d 8s]
*** TURN *** [Qd 7d 8s] [Jc]
*** RIVER *** [Qd 7d 8s Jc] [3h]
*** SHOWDOWN ***
Hero collected $3.53 from pot
*** SUMMARY ***
Total pot $3.76 | Rake $0.18 | Jackpot $0.05 | Bingo $0 | Fortune $0
Board [Qd 7d 8s Jc 3h]
Seat 2: 5968c668 folded before Flop (didn't bet)
Seat 3: addf7238 (button) folded before Flop (didn't bet)
Seat 4: 52bb8386 (small blind) folded before Flop
Seat 5: 93521682 (big blind) showed [3d 2d] and lost with Pair of Treys
Seat 6: Hero showed [Jd Jh] and won ($3.53) with Three Jacks


Poker Hand #HD1204236780: Hold'em No Limit  ($0.02/$0.05) - 2023/04/15 16:11:48
Table 'NLHBlue11' 6-max Seat #2 is the button
Seat 2: 5968c668 ($7.13 in chips)
Seat 3: addf7238 ($5 in chips)
Seat 4: 52bb8386 ($8.23 in chips)
Seat 5: 93521682 ($1.87 in chips)
Seat 6: Hero ($11.02 in chips)
addf7238: posts small blind $0.02
52bb8386: posts big blind $0.05
*** HOLE CARDS ***
Dealt to 5968c668 
Dealt to addf7238 
Dealt to 52bb8386 
Dealt to 93521682 
Dealt to Hero [9h Ks]
93521682: folds
Hero: folds
5968c668: raises $0.1 to $0.15
addf7238: folds
52bb8386: folds
Uncalled bet ($0.1) returned to 5968c668
*** SHOWDOWN ***
5968c668 collected $0.12 from pot
*** SUMMARY ***
Total pot $0.12 | Rake $0 | Jackpot $0 | Bingo $0 | Fortune $0
Seat 2: 5968c668 (button) collected ($0.12)
Seat 3: addf7238 (small blind) folded before Flop
Seat 4: 52bb8386 (big blind) folded before Flop
Seat 5: 93521682 folded before Flop (didn't bet)
Seat 6: Hero folded before Flop (didn't bet)


Poker Hand #HD1204236753: Hold'em No Limit  ($0.02/$0.05) - 2023/04/15 16:11:34
Table 'NLHBlue11' 6-max Seat #6 is the button
Seat 2: 5968c668 ($7.15 in chips)
Seat 3: addf7238 ($5 in chips)
Seat 5: 93521682 ($1.8 in chips)
Seat 6: Hero ($11.02 in chips)
5968c668: posts small blind $0.02
addf7238: posts big blind $0.05
*** HOLE CARDS ***
Dealt to 5968c668 
Dealt to addf7238 
Dealt to 93521682 
Dealt to Hero [Js 6h]
93521682: raises $0.1 to $0.15
Hero: folds
5968c668: folds
addf7238: folds
Uncalled bet ($0.1) returned to 93521682
*** SHOWDOWN ***
93521682 collected $0.12 from pot
*** SUMMARY ***
Total pot $0.12 | Rake $0 | Jackpot $0 | Bingo $0 | Fortune $0
Seat 2: 5968c668 (small blind) folded before Flop
Seat 3: addf7238 (big blind) folded before Flop
Seat 5: 93521682 collected ($0.12)
Seat 6: Hero (button) folded before Flop (didn't bet)


Poker Hand #HD1204236741: Hold'em No Limit  ($0.02/$0.05) - 2023/04/15 16:11:27
Table 'NLHBlue11' 6-max Seat #5 is the button
Seat 2: 5968c668 ($7.13 in chips)
Seat 5: 93521682 ($1.8 in chips)
Seat 6: Hero ($11.04 in chips)
Hero: posts small blind $0.02
5968c668: posts big blind $0.05
*** HOLE CARDS ***
Dealt to 5968c668 
Dealt to 93521682 
Dealt to Hero [6s Th]
93521682: folds
Hero: folds
Uncalled bet ($0.03) returned to 5968c668
*** SHOWDOWN ***
5968c668 collected $0.04 from pot
*** SUMMARY ***
Total pot $0.04 | Rake $0 | Jackpot $0 | Bingo $0 | Fortune $0
Seat 2: 5968c668 (big blind) collected ($0.04)
Seat 5: 93521682 (button) folded before Flop (didn't bet)
Seat 6: Hero (small blind) folded before Flop


Poker Hand #HD1204236700: Hold'em No Limit  ($0.02/$0.05) - 2023/04/15 16:11:11
Table 'NLHBlue11' 6-max Seat #2 is the button
Seat 2: 5968c668 ($7.13 in chips)
Seat 5: 93521682 ($1.75 in chips)
Seat 6: Hero ($11.09 in chips)
93521682: posts small blind $0.02
Hero: posts big blind $0.05
*** HOLE CARDS ***
Dealt to 5968c668 
Dealt to 93521682 
Dealt to Hero [2c 3c]
5968c668: folds
93521682: raises $0.1 to $0.15
Hero: folds
Uncalled bet ($0.1) returned to 93521682
*** SHOWDOWN ***
93521682 collected $0.1 from pot
*** SUMMARY ***
Total pot $0.1 | Rake $0 | Jackpot $0 | Bingo $0 | Fortune $0
Seat 2: 5968c668 (button) folded before Flop (didn't bet)
Seat 5: 93521682 (small blind) collected ($0.1)
Seat 6: Hero (big blind) folded before Flop


Poker Hand #HD1204236687: Hold'em No Limit  ($0.02/$0.05) - 2023/04/15 16:11:04
Table 'NLHBlue11' 6-max Seat #6 is the button
Seat 2: 5968c668 ($7.15 in chips)
Seat 5: 93521682 ($1.73 in chips)
Seat 6: Hero ($11.09 in chips)
5968c668: posts small blind $0.02
93521682: posts big blind $0.05
*** HOLE CARDS ***
Dealt to 5968c668 
Dealt to 93521682 
Dealt to Hero [5c Ts]
Hero: folds
5968c668: folds
Uncalled bet ($0.03) returned to 93521682
*** SHOWDOWN ***
93521682 collected $0.04 from pot
*** SUMMARY ***
Total pot $0.04 | Rake $0 | Jackpot $0 | Bingo $0 | Fortune $0
Seat 2: 5968c668 (small blind) folded before Flop
Seat 5: 93521682 (big blind) collected ($0.04)
Seat 6: Hero (button) folded before Flop (didn't bet)


Poker Hand #HD1204236642: Hold'em No Limit  ($0.02/$0.05) - 2023/04/15 16:10:39
Table 'NLHBlue11' 6-max Seat #5 is the button
Seat 2: 5968c668 ($7.08 in chips)
Seat 3: 9c89b320 ($5.22 in chips)
Seat 5: 93521682 ($1.78 in chips)
Seat 6: Hero ($11.11 in chips)
Hero: posts small blind $0.02
5968c668: posts big blind $0.05
*** HOLE CARDS ***
Dealt to 5968c668 
Dealt to 9c89b320 
Dealt to 93521682 
Dealt to Hero [Jh 5d]
9c89b320: folds
93521682: calls $0.05
Hero: folds
5968c668: raises $0.15 to $0.2
93521682: folds
Uncalled bet ($0.15) returned to 5968c668
*** SHOWDOWN ***
5968c668 collected $0.12 from pot
*** SUMMARY ***
Total pot $0.12 | Rake $0 | Jackpot $0 | Bingo $0 | Fortune $0
Seat 2: 5968c668 (big blind) collected ($0.12)
Seat 3: 9c89b320 folded before Flop (didn't bet)
Seat 5: 93521682 (button) folded before Flop
Seat 6: Hero (small blind) folded before Flop


Poker Hand #HD1204236609: Hold'em No Limit  ($0.02/$0.05) - 2023/04/15 16:10:21
Table 'NLHBlue11' 6-max Seat #3 is the button
Seat 2: 5968c668 ($7.08 in chips)
Seat 3: 9c89b320 ($5.22 in chips)
Seat 5: 93521682 ($1.73 in chips)
Seat 6: Hero ($11.16 in chips)
93521682: posts small blind $0.02
Hero: posts big blind $0.05
*** HOLE CARDS ***
Dealt to 5968c668 
Dealt to 9c89b320 
Dealt to 93521682 
Dealt to Hero [Ts 8h]
5968c668: folds
9c89b320: folds
93521682: raises $0.1 to $0.15
Hero: folds
Uncalled bet ($0.1) returned to 93521682
*** SHOWDOWN ***
93521682 collected $0.1 from pot
*** SUMMARY ***
Total pot $0.1 | Rake $0 | Jackpot $0 | Bingo $0 | Fortune $0
Seat 2: 5968c668 folded before Flop (didn't bet)
Seat 3: 9c89b320 (button) folded before Flop (didn't bet)
Seat 5: 93521682 (small blind) collected ($0.1)
Seat 6: Hero (big blind) folded before Flop


Poker Hand #HD1204236574: Hold'em No Limit  ($0.02/$0.05) - 2023/04/15 16:10:07
Table 'NLHBlue11' 6-max Seat #2 is the button
Seat 2: 5968c668 ($7.01 in chips)
Seat 3: 9c89b320 ($5.24 in chips)
Seat 5: 93521682 ($1.78 in chips)
Seat 6: Hero ($11.16 in chips)
9c89b320: posts small blind $0.02
93521682: posts big blind $0.05
*** HOLE CARDS ***
Dealt to 5968c668 
Dealt to 9c89b320 
Dealt to 93521682 
Dealt to Hero [Jd 7h]
Hero: folds
5968c668: raises $0.1 to $0.15
9c89b320: folds
93521682: folds
Uncalled bet ($0.1) returned to 5968c668
*** SHOWDOWN ***
5968c668 collected $0.12 from pot
*** SUMMARY ***
Total pot $0.12 | Rake $0 | Jackpot $0 | Bingo $0 | Fortune $0
Seat 2: 5968c668 (button) collected ($0.12)
Seat 3: 9c89b320 (small blind) folded before Flop
Seat 5: 93521682 (big blind) folded before Flop
Seat 6: Hero folded before Flop (didn't bet)


Poker Hand #HD1204236437: Hold'em No Limit  ($0.02/$0.05) - 2023/04/15 16:08:53
Table 'NLHBlue11' 6-max Seat #6 is the button
Seat 2: 5968c668 ($7.06 in chips)
Seat 3: 9c89b320 ($5.29 in chips)
Seat 4: 52bb8386 ($8.23 in chips)
Seat 5: 93521682 ($1.68 in chips)
Seat 6: Hero ($11.16 in chips)
5968c668: posts small blind $0.02
9c89b320: posts big blind $0.05
*** HOLE CARDS ***
Dealt to 5968c668 
Dealt to 9c89b320 
Dealt to 52bb8386 
Dealt to 93521682 
Dealt to Hero [Qc 3c]
52bb8386: folds
93521682: calls $0.05
Hero: folds
5968c668: calls $0.03
9c89b320: checks
*** FLOP *** [6d 8d Js]
5968c668: checks
9c89b320: checks
93521682: checks
*** TURN *** [6d 8d Js] [Qd]
5968c668: checks
9c89b320: checks
93521682: checks
*** RIVER *** [6d 8d Js Qd] [Kd]
5968c668: checks
9c89b320: checks
93521682: bets $0.08
5968c668: folds
9c89b320: folds
Uncalled bet ($0.08) returned to 93521682
*** SHOWDOWN ***
93521682 collected $0.15 from pot
*** SUMMARY ***
Total pot $0.15 | Rake $0 | Jackpot $0 | Bingo $0 | Fortune $0
Board [6d 8d Js Qd Kd]
Seat 2: 5968c668 (small blind) folded on the River
Seat 3: 9c89b320 (big blind) folded on the River
Seat 4: 52bb8386 folded before Flop (didn't bet)
Seat 5: 93521682 won ($0.15)
Seat 6: Hero (button) folded before Flop (didn't bet)


Poker Hand #HD1204236305: Hold'em No Limit  ($0.02/$0.05) - 2023/04/15 16:07:44
Table 'NLHBlue11' 6-max Seat #5 is the button
Seat 2: 5968c668 ($7.11 in chips)
Seat 3: 9c89b320 ($5.29 in chips)
Seat 4: 52bb8386 ($9.1 in chips)
Seat 5: 93521682 ($0.87 in chips)
Seat 6: Hero ($11.18 in chips)
Hero: posts small blind $0.02
5968c668: posts big blind $0.05
*** HOLE CARDS ***
Dealt to 5968c668 
Dealt to 9c89b320 
Dealt to 52bb8386 
Dealt to 93521682 
Dealt to Hero [Tc 3c]
9c89b320: folds
52bb8386: raises $0.1 to $0.15
93521682: calls $0.15
Hero: folds
5968c668: folds
*** FLOP *** [6h Td 8c]
52bb8386: checks
93521682: checks
*** TURN *** [6h Td 8c] [Kd]
52bb8386: bets $0.15
93521682: raises $0.57 to $0.72 and is all-in
52bb8386: calls $0.57
93521682: shows [9d Qd] (King-High)
52bb8386: shows [Ac Ks] (Pair of Kings)
*** RIVER *** [6h Td 8c Kd] [2d]
*** SHOWDOWN ***
93521682 collected $1.68 from pot
*** SUMMARY ***
Total pot $1.81 | Rake $0.08 | Jackpot $0.05 | Bingo $0 | Fortune $0
Board [6h Td 8c Kd 2d]
Seat 2: 5968c668 (big blind) folded before Flop
Seat 3: 9c89b320 folded before Flop (didn't bet)
Seat 4: 52bb8386 showed [Ac Ks] and lost with Pair of Kings
Seat 5: 93521682 (button) showed [9d Qd] and won ($1.68) with King High Flush
Seat 6: Hero (small blind) folded before Flop


Poker Hand #HD1204236214: Hold'em No Limit  ($0.02/$0.05) - 2023/04/15 16:06:54
Table 'NLHBlue11' 6-max Seat #4 is the button
Seat 2: 5968c668 ($7.04 in chips)
Seat 3: 9c89b320 ($5.29 in chips)
Seat 4: 52bb8386 ($9.1 in chips)
Seat 5: 93521682 ($0.89 in chips)
Seat 6: Hero ($11.23 in chips)
93521682: posts small blind $0.02
Hero: posts big blind $0.05
*** HOLE CARDS ***
Dealt to 5968c668 
Dealt to 9c89b320 
Dealt to 52bb8386 
Dealt to 93521682 
Dealt to Hero [Jd 4c]
5968c668: calls $0.05
9c89b320: folds
52bb8386: folds
93521682: folds
Hero: checks
*** FLOP *** [2h 6c Ah]
Hero: checks
5968c668: bets $0.06
Hero: folds
Uncalled bet ($0.06) returned to 5968c668
*** SHOWDOWN ***
5968c668 collected $0.12 from pot
*** SUMMARY ***
Total pot $0.12 | Rake $0 | Jackpot $0 | Bingo $0 | Fortune $0
Board [2h 6c Ah]
Seat 2: 5968c668 won ($0.12)
Seat 3: 9c89b320 folded before Flop (didn't bet)
Seat 4: 52bb8386 (button) folded before Flop (didn't bet)
Seat 5: 93521682 (small blind) folded before Flop
Seat 6: Hero (big blind) folded on the Flop


Poker Hand #HD1204236149: Hold'em No Limit  ($0.02/$0.05) - 2023/04/15 16:06:28
Table 'NLHBlue11' 6-max Seat #3 is the button
Seat 2: 5968c668 ($7.04 in chips)
Seat 3: 9c89b320 ($5.29 in chips)
Seat 4: 52bb8386 ($9.12 in chips)
Seat 5: 93521682 ($0.87 in chips)
Seat 6: Hero ($11.23 in chips)
52bb8386: posts small blind $0.02
93521682: posts big blind $0.05
*** HOLE CARDS ***
Dealt to 5968c668 
Dealt to 9c89b320 
Dealt to 52bb8386 
Dealt to 93521682 
Dealt to Hero [2d Jd]
Hero: folds
5968c668: folds
9c89b320: folds
52bb8386: folds
Uncalled bet ($0.03) returned to 93521682
*** SHOWDOWN ***
93521682 collected $0.04 from pot
*** SUMMARY ***
Total pot $0.04 | Rake $0 | Jackpot $0 | Bingo $0 | Fortune $0
Seat 2: 5968c668 folded before Flop (didn't bet)
Seat 3: 9c89b320 (button) folded before Flop (didn't bet)
Seat 4: 52bb8386 (small blind) folded before Flop
Seat 5: 93521682 (big blind) collected ($0.04)
Seat 6: Hero folded before Flop (didn't bet)


Poker Hand #HD1204236049: Hold'em No Limit  ($0.02/$0.05) - 2023/04/15 16:05:36
Table 'NLHBlue11' 6-max Seat #2 is the button
Seat 2: 5968c668 ($7.32 in chips)
Seat 3: 9c89b320 ($5.31 in chips)
Seat 4: 52bb8386 ($9.17 in chips)
Seat 5: 93521682 ($0.28 in chips)
Seat 6: Hero ($11.51 in chips)
9c89b320: posts small blind $0.02
52bb8386: posts big blind $0.05
*** HOLE CARDS ***
Dealt to 5968c668 
Dealt to 9c89b320 
Dealt to 52bb8386 
Dealt to 93521682 
Dealt to Hero [Jh Kh]
93521682: raises $0.12 to $0.17
Hero: calls $0.17
5968c668: calls $0.17
9c89b320: folds
52bb8386: folds
*** FLOP *** [6d 3c 5s]
93521682: bets $0.11 and is all-in
Hero: calls $0.11
5968c668: calls $0.11
*** TURN *** [6d 3c 5s] [3d]
Hero: checks
5968c668: checks
*** RIVER *** [6d 3c 5s 3d] [3s]
Hero: checks
5968c668: checks
93521682: shows [Ac Ts] (Three Treys)
Hero: shows [Jh Kh] (Three Treys)
5968c668: shows [Qs 8c] (Three Treys)
*** SHOWDOWN ***
93521682 collected $0.87 from pot
*** SUMMARY ***
Total pot $0.91 | Rake $0.04 | Jackpot $0 | Bingo $0 | Fortune $0
Board [6d 3c 5s 3d 3s]
Seat 2: 5968c668 (button) showed [Qs 8c] and lost with Three Treys
Seat 3: 9c89b320 (small blind) folded before Flop
Seat 4: 52bb8386 (big blind) folded before Flop
Seat 5: 93521682 showed [Ac Ts] and won ($0.87) with Three Treys
Seat 6: Hero showed [Jh Kh] and lost with Three Treys


Poker Hand #HD1204235963: Hold'em No Limit  ($0.02/$0.05) - 2023/04/15 16:04:55
Table 'NLHBlue11' 6-max Seat #6 is the button
Seat 2: 5968c668 ($7.07 in chips)
Seat 3: 9c89b320 ($5.36 in chips)
Seat 5: 93521682 ($0.28 in chips)
Seat 6: Hero ($11.73 in chips)
5968c668: posts small blind $0.02
9c89b320: posts big blind $0.05
*** HOLE CARDS ***
Dealt to 5968c668 
Dealt to 9c89b320 
Dealt to 93521682 
Dealt to Hero [Ad Kh]
93521682: folds
Hero: raises $0.07 to $0.12
5968c668: calls $0.1
9c89b320: folds
*** FLOP *** [2s 7s Jd]
5968c668: bets $0.1
Hero: calls $0.1
*** TURN *** [2s 7s Jd] [5d]
5968c668: bets $0.37
Hero: folds
Uncalled bet ($0.37) returned to 5968c668
*** SHOWDOWN ***
5968c668 collected $0.47 from pot
*** SUMMARY ***
Total pot $0.49 | Rake $0.02 | Jackpot $0 | Bingo $0 | Fortune $0
Board [2s 7s Jd 5d]
Seat 2: 5968c668 (small blind) won ($0.47)
Seat 3: 9c89b320 (big blind) folded before Flop
Seat 5: 93521682 folded before Flop (didn't bet)
Seat 6: Hero (button) folded on the Turn


Poker Hand #HD1204235945: Hold'em No Limit  ($0.02/$0.05) - 2023/04/15 16:04:44
Table 'NLHBlue11' 6-max Seat #5 is the button
Seat 1: f65644e8 ($5.48 in chips)
Seat 2: 5968c668 ($7.07 in chips)
Seat 3: 9c89b320 ($5.36 in chips)
Seat 5: 93521682 ($0.28 in chips)
Seat 6: Hero ($11.75 in chips)
Hero: posts small blind $0.02
f65644e8: posts big blind $0.05
*** HOLE CARDS ***
Dealt to f65644e8 
Dealt to 5968c668 
Dealt to 9c89b320 
Dealt to 93521682 
Dealt to Hero [8h 4d]
5968c668: folds
9c89b320: folds
93521682: folds
Hero: folds
Uncalled bet ($0.03) returned to f65644e8
*** SHOWDOWN ***
f65644e8 collected $0.04 from pot
*** SUMMARY ***
Total pot $0.04 | Rake $0 | Jackpot $0 | Bingo $0 | Fortune $0
Seat 1: f65644e8 (big blind) collected ($0.04)
Seat 2: 5968c668 folded before Flop (didn't bet)
Seat 3: 9c89b320 folded before Flop (didn't bet)
Seat 5: 93521682 (button) folded before Flop (didn't bet)
Seat 6: Hero (small blind) folded before Flop


Poker Hand #HD1204235852: Hold'em No Limit  ($0.02/$0.05) - 2023/04/15 16:03:53
Table 'NLHBlue11' 6-max Seat #3 is the button
Seat 1: f65644e8 ($5.48 in chips)
Seat 2: 5968c668 ($5.45 in chips)
Seat 3: 9c89b320 ($5.36 in chips)
Seat 5: 93521682 ($2.07 in chips)
Seat 6: Hero ($11.8 in chips)
93521682: posts small blind $0.02
Hero: posts big blind $0.05
*** HOLE CARDS ***
Dealt to f65644e8 
Dealt to 5968c668 
Dealt to 9c89b320 
Dealt to 93521682 
Dealt to Hero [8d 9s]
f65644e8: folds
5968c668: calls $0.05
9c89b320: folds
93521682: raises $0.05 to $0.1
Hero: folds
5968c668: calls $0.05
*** FLOP *** [Kd 6h 9d]
93521682: bets $0.09
5968c668: raises $0.22 to $0.31
93521682: calls $0.22
*** TURN *** [Kd 6h 9d] [Jh]
93521682: bets $0.29
5968c668: raises $1.09 to $1.38
93521682: calls $1.09
*** RIVER *** [Kd 6h 9d Jh] [Ac]
93521682: checks
5968c668: checks
93521682: shows [Td Ad] (Pair of Aces)
5968c668: shows [Kh 9h] (Pair of Kings and Pair of Nines)
*** SHOWDOWN ***
5968c668 collected $3.41 from pot
*** SUMMARY ***
Total pot $3.63 | Rake $0.17 | Jackpot $0.05 | Bingo $0 | Fortune $0
Board [Kd 6h 9d Jh Ac]
Seat 1: f65644e8 folded before Flop (didn't bet)
Seat 2: 5968c668 showed [Kh 9h] and won ($3.41) with Pair of Kings and Pair of Nines
Seat 3: 9c89b320 (button) folded before Flop (didn't bet)
Seat 5: 93521682 (small blind) showed [Td Ad] and lost with Pair of Aces
Seat 6: Hero (big blind) folded before Flop


Poker Hand #HD1204235795: Hold'em No Limit  ($0.02/$0.05) - 2023/04/15 16:03:20
Table 'NLHBlue11' 6-max Seat #2 is the button
Seat 1: f65644e8 ($5.48 in chips)
Seat 2: 5968c668 ($5.45 in chips)
Seat 3: 9c89b320 ($5.38 in chips)
Seat 5: 93521682 ($2.19 in chips)
Seat 6: Hero ($11.67 in chips)
9c89b320: posts small blind $0.02
93521682: posts big blind $0.05
*** HOLE CARDS ***
Dealt to f65644e8 
Dealt to 5968c668 
Dealt to 9c89b320 
Dealt to 93521682 
Dealt to Hero [Ah Kd]
Hero: raises $0.07 to $0.12
f65644e8: folds
5968c668: folds
9c89b320: folds
93521682: calls $0.07
*** FLOP *** [6s 9d Jd]
93521682: checks
Hero: bets $0.13
93521682: folds
Uncalled bet ($0.13) returned to Hero
*** SHOWDOWN ***
Hero collected $0.25 from pot
*** SUMMARY ***
Total pot $0.26 | Rake $0.01 | Jackpot $0 | Bingo $0 | Fortune $0
Board [6s 9d Jd]
Seat 1: f65644e8 folded before Flop (didn't bet)
Seat 2: 5968c668 (button) folded before Flop (didn't bet)
Seat 3: 9c89b320 (small blind) folded before Flop
Seat 5: 93521682 (big blind) folded on the Flop
Seat 6: Hero won ($0.25)


Poker Hand #HD1204235695: Hold'em No Limit  ($0.02/$0.05) - 2023/04/15 16:02:24
Table 'NLHBlue11' 6-max Seat #1 is the button
Seat 1: f65644e8 ($5.77 in chips)
Seat 2: 5968c668 ($5.14 in chips)
Seat 3: 9c89b320 ($5.43 in chips)
Seat 5: 93521682 ($2.19 in chips)
Seat 6: Hero ($11.67 in chips)
5968c668: posts small blind $0.02
9c89b320: posts big blind $0.05
*** HOLE CARDS ***
Dealt to f65644e8 
Dealt to 5968c668 
Dealt to 9c89b320 
Dealt to 93521682 
Dealt to Hero [Jc 9h]
93521682: folds
Hero: folds
f65644e8: raises $0.08 to $0.13
5968c668: calls $0.11
9c89b320: folds
*** FLOP *** [4c 9d 8c]
5968c668: checks
f65644e8: bets $0.16
5968c668: calls $0.16
*** TURN *** [4c 9d 8c] [As]
5968c668: bets $0.48
f65644e8: folds
Uncalled bet ($0.48) returned to 5968c668
*** SHOWDOWN ***
5968c668 collected $0.6 from pot
*** SUMMARY ***
Total pot $0.63 | Rake $0.03 | Jackpot $0 | Bingo $0 | Fortune $0
Board [4c 9d 8c As]
Seat 1: f65644e8 (button) folded on the Turn
Seat 2: 5968c668 (small blind) won ($0.6)
Seat 3: 9c89b320 (big blind) folded before Flop
Seat 5: 93521682 folded before Flop (didn't bet)
Seat 6: Hero folded before Flop (didn't bet)


Poker Hand #HD1204125592: Hold'em No Limit  ($0.02/$0.05) - 2023/04/15 16:01:30
Table 'NLHBlue11' 6-max Seat #6 is the button
Seat 1: f65644e8 ($5.79 in chips)
Seat 2: 5968c668 ($5.33 in chips)
Seat 3: 9c89b320 ($5.43 in chips)
Seat 5: 93521682 ($2 in chips)
Seat 6: Hero ($11.67 in chips)
f65644e8: posts small blind $0.02
5968c668: posts big blind $0.05
93521682: posts big blind $0.05
*** HOLE CARDS ***
Dealt to f65644e8 
Dealt to 5968c668 
Dealt to 9c89b320 
Dealt to 93521682 
Dealt to Hero [9h 3h]
9c89b320: folds
93521682: checks
Hero: folds
f65644e8: folds
5968c668: checks
*** FLOP *** [As Tc 4h]
5968c668: bets $0.06
93521682: calls $0.06
*** TURN *** [As Tc 4h] [6h]
5968c668: checks
93521682: bets $0.08
5968c668: calls $0.08
*** RIVER *** [As Tc 4h 6h] [3d]
5968c668: checks
93521682: bets $0.14
5968c668: folds
Uncalled bet ($0.14) returned to 93521682
*** SHOWDOWN ***
93521682 collected $0.38 from pot
*** SUMMARY ***
Total pot $0.4 | Rake $0.02 | Jackpot $0 | Bingo $0 | Fortune $0
Board [As Tc 4h 6h 3d]
Seat 1: f65644e8 (small blind) folded before Flop
Seat 2: 5968c668 (big blind) folded on the River
Seat 3: 9c89b320 folded before Flop (didn't bet)
Seat 5: 93521682 won ($0.38)
Seat 6: Hero (button) folded before Flop (didn't bet)


Poker Hand #HD1204125497: Hold'em No Limit  ($0.02/$0.05) - 2023/04/15 16:00:39
Table 'NLHBlue11' 6-max Seat #3 is the button
Seat 1: f65644e8 ($5.79 in chips)
Seat 2: 5968c668 ($5.33 in chips)
Seat 3: 9c89b320 ($5.43 in chips)
Seat 6: Hero ($11.69 in chips)
Hero: posts small blind $0.02
f65644e8: posts big blind $0.05
*** HOLE CARDS ***
Dealt to f65644e8 
Dealt to 5968c668 
Dealt to 9c89b320 
Dealt to Hero [8s 2c]
5968c668: folds
9c89b320: raises $0.08 to $0.13
Hero: folds
f65644e8: calls $0.08
*** FLOP *** [Ts 7h 7c]
f65644e8: checks
9c89b320: checks
*** TURN *** [Ts 7h 7c] [5c]
f65644e8: checks
9c89b320: bets $0.21
f65644e8: calls $0.21
*** RIVER *** [Ts 7h 7c 5c] [Ad]
f65644e8: checks
9c89b320: checks
f65644e8: shows [9c Th] (Pair of Tens and Pair of Sevens)
9c89b320: shows [Tc 9h] (Pair of Tens and Pair of Sevens)
*** SHOWDOWN ***
f65644e8 collected $0.34 from pot
9c89b320 collected $0.34 from pot
*** SUMMARY ***
Total pot $0.7 | Rake $0.02 | Jackpot $0 | Bingo $0 | Fortune $0
Board [Ts 7h 7c 5c Ad]
Seat 1: f65644e8 (big blind) showed [9c Th] and won ($0.34) with Pair of Tens and Pair of Sevens
Seat 2: 5968c668 folded before Flop (didn't bet)
Seat 3: 9c89b320 (button) showed [Tc 9h] and won ($0.34) with Pair of Tens and Pair of Sevens
Seat 6: Hero (small blind) folded before Flop


Poker Hand #HD1204125458: Hold'em No Limit  ($0.02/$0.05) - 2023/04/15 16:00:17
Table 'NLHBlue11' 6-max Seat #2 is the button
Seat 1: f65644e8 ($5.79 in chips)
Seat 2: 5968c668 ($5.26 in chips)
Seat 3: 9c89b320 ($5.45 in chips)
Seat 6: Hero ($11.74 in chips)
9c89b320: posts small blind $0.02
Hero: posts big blind $0.05
*** HOLE CARDS ***
Dealt to f65644e8 
Dealt to 5968c668 
Dealt to 9c89b320 
Dealt to Hero [9d 6h]
f65644e8: folds
5968c668: calls $0.05
9c89b320: folds
Hero: checks
*** FLOP *** [Ad 3h Td]
Hero: checks
5968c668: bets $0.06
Hero: folds
Uncalled bet ($0.06) returned to 5968c668
*** SHOWDOWN ***
5968c668 collected $0.12 from pot
*** SUMMARY ***
Total pot $0.12 | Rake $0 | Jackpot $0 | Bingo $0 | Fortune $0
Board [Ad 3h Td]
Seat 1: f65644e8 folded before Flop (didn't bet)
Seat 2: 5968c668 (button) won ($0.12)
Seat 3: 9c89b320 (small blind) folded before Flop
Seat 6: Hero (big blind) folded on the Flop


Poker Hand #HD1204125418: Hold'em No Limit  ($0.02/$0.05) - 2023/04/15 15:59:57
Table 'NLHBlue11' 6-max Seat #1 is the button
Seat 1: f65644e8 ($5.79 in chips)
Seat 2: 5968c668 ($5.21 in chips)
Seat 3: 9c89b320 ($5.5 in chips)
Seat 6: Hero ($11.74 in chips)
5968c668: posts small blind $0.02
9c89b320: posts big blind $0.05
*** HOLE CARDS ***
Dealt to f65644e8 
Dealt to 5968c668 
Dealt to 9c89b320 
Dealt to Hero [Ad 8h]
Hero: folds
f65644e8: folds
5968c668: calls $0.03
9c89b320: checks
*** FLOP *** [Kd Ac 4d]
5968c668: bets $0.08
9c89b320: folds
Uncalled bet ($0.08) returned to 5968c668
*** SHOWDOWN ***
5968c668 collected $0.1 from pot
*** SUMMARY ***
Total pot $0.1 | Rake $0 | Jackpot $0 | Bingo $0 | Fortune $0
Board [Kd Ac 4d]
Seat 1: f65644e8 (button) folded before Flop (didn't bet)
Seat 2: 5968c668 (small blind) won ($0.1)
Seat 3: 9c89b320 (big blind) folded on the Flop
Seat 6: Hero folded before Flop (didn't bet)


Poker Hand #HD1204125397: Hold'em No Limit  ($0.02/$0.05) - 2023/04/15 15:59:47
Table 'NLHBlue11' 6-max Seat #6 is the button
Seat 1: f65644e8 ($5.81 in chips)
Seat 2: 5968c668 ($5.19 in chips)
Seat 3: 9c89b320 ($5.5 in chips)
Seat 6: Hero ($11.74 in chips)
f65644e8: posts small blind $0.02
5968c668: posts big blind $0.05
*** HOLE CARDS ***
Dealt to f65644e8 
Dealt to 5968c668 
Dealt to 9c89b320 
Dealt to Hero [Qd 3h]
9c89b320: folds
Hero: folds
f65644e8: folds
Uncalled bet ($0.03) returned to 5968c668
*** SHOWDOWN ***
5968c668 collected $0.04 from pot
*** SUMMARY ***
Total pot $0.04 | Rake $0 | Jackpot $0 | Bingo $0 | Fortune $0
Seat 1: f65644e8 (small blind) folded before Flop
Seat 2: 5968c668 (big blind) collected ($0.04)
Seat 3: 9c89b320 folded before Flop (didn't bet)
Seat 6: Hero (button) folded before Flop (didn't bet)


Poker Hand #HD1204125376: Hold'em No Limit  ($0.02/$0.05) - 2023/04/15 15:59:35
Table 'NLHBlue11' 6-max Seat #3 is the button
Seat 1: f65644e8 ($5.86 in chips)
Seat 2: 5968c668 ($5.19 in chips)
Seat 3: 9c89b320 ($5.43 in chips)
Seat 6: Hero ($11.76 in chips)
Hero: posts small blind $0.02
f65644e8: posts big blind $0.05
*** HOLE CARDS ***
Dealt to f65644e8 
Dealt to 5968c668 
Dealt to 9c89b320 
Dealt to Hero [Qc 7s]
5968c668: folds
9c89b320: raises $0.08 to $0.13
Hero: folds
f65644e8: folds
Uncalled bet ($0.08) returned to 9c89b320
*** SHOWDOWN ***
9c89b320 collected $0.12 from pot
*** SUMMARY ***
Total pot $0.12 | Rake $0 | Jackpot $0 | Bingo $0 | Fortune $0
Seat 1: f65644e8 (big blind) folded before Flop
Seat 2: 5968c668 folded before Flop (didn't bet)
Seat 3: 9c89b320 (button) collected ($0.12)
Seat 6: Hero (small blind) folded before Flop


Poker Hand #HD1204125327: Hold'em No Limit  ($0.02/$0.05) - 2023/04/15 15:59:13
Table 'NLHBlue11' 6-max Seat #2 is the button
Seat 1: f65644e8 ($6.01 in chips)
Seat 2: 5968c668 ($5.19 in chips)
Seat 3: 9c89b320 ($5.24 in chips)
Seat 6: Hero ($11.81 in chips)
9c89b320: posts small blind $0.02
Hero: posts big blind $0.05
*** HOLE CARDS ***
Dealt to f65644e8 
Dealt to 5968c668 
Dealt to 9c89b320 
Dealt to Hero [6c 2h]
f65644e8: raises $0.1 to $0.15
5968c668: folds
9c89b320: raises $0.35 to $0.5
Hero: folds
f65644e8: folds
Uncalled bet ($0.35) returned to 9c89b320
*** SHOWDOWN ***
9c89b320 collected $0.34 from pot
*** SUMMARY ***
Total pot $0.35 | Rake $0.01 | Jackpot $0 | Bingo $0 | Fortune $0
Seat 1: f65644e8 folded before Flop
Seat 2: 5968c668 (button) folded before Flop (didn't bet)
Seat 3: 9c89b320 (small blind) collected ($0.34)
Seat 6: Hero (big blind) folded before Flop


Poker Hand #HD1204125245: Hold'em No Limit  ($0.02/$0.05) - 2023/04/15 15:58:33
Table 'NLHBlue11' 6-max Seat #1 is the button
Seat 1: f65644e8 ($6.01 in chips)
Seat 2: 5968c668 ($5.02 in chips)
Seat 3: 9c89b320 ($5.29 in chips)
Seat 4: 52bb8386 ($9.3 in chips)
Seat 5: 8317ca27 ($6.84 in chips)
Seat 6: Hero ($11.81 in chips)
5968c668: posts small blind $0.02
9c89b320: posts big blind $0.05
*** HOLE CARDS ***
Dealt to f65644e8 
Dealt to 5968c668 
Dealt to 9c89b320 
Dealt to 52bb8386 
Dealt to 8317ca27 
Dealt to Hero [5c 6h]
52bb8386: raises $0.08 to $0.13
8317ca27: folds
Hero: folds
f65644e8: folds
5968c668: calls $0.11
9c89b320: folds
*** FLOP *** [2s 6c 4s]
5968c668: bets $0.16
52bb8386: folds
Uncalled bet ($0.16) returned to 5968c668
*** SHOWDOWN ***
5968c668 collected $0.3 from pot
*** SUMMARY ***
Total pot $0.31 | Rake $0.01 | Jackpot $0 | Bingo $0 | Fortune $0
Board [2s 6c 4s]
Seat 1: f65644e8 (button) folded before Flop (didn't bet)
Seat 2: 5968c668 (small blind) won ($0.3)
Seat 3: 9c89b320 (big blind) folded before Flop
Seat 4: 52bb8386 folded on the Flop
Seat 5: 8317ca27 folded before Flop (didn't bet)
Seat 6: Hero folded before Flop (didn't bet)


Poker Hand #HD1204125192: Hold'em No Limit  ($0.02/$0.05) - 2023/04/15 15:57:58
Table 'NLHBlue11' 6-max Seat #6 is the button
Seat 1: f65644e8 ($6.03 in chips)
Seat 2: 5968c668 ($5 in chips)
Seat 3: 9c89b320 ($5.29 in chips)
Seat 4: 52bb8386 ($9.3 in chips)
Seat 5: 8317ca27 ($6.84 in chips)
Seat 6: Hero ($11.81 in chips)
f65644e8: posts small blind $0.02
5968c668: posts big blind $0.05
*** HOLE CARDS ***
Dealt to f65644e8 
Dealt to 5968c668 
Dealt to 9c89b320 
Dealt to 52bb8386 
Dealt to 8317ca27 
Dealt to Hero [9h Js]
9c89b320: folds
52bb8386: folds
8317ca27: folds
Hero: folds
f65644e8: folds
Uncalled bet ($0.03) returned to 5968c668
*** SHOWDOWN ***
5968c668 collected $0.04 from pot
*** SUMMARY ***
Total pot $0.04 | Rake $0 | Jackpot $0 | Bingo $0 | Fortune $0
Seat 1: f65644e8 (small blind) folded before Flop
Seat 2: 5968c668 (big blind) collected ($0.04)
Seat 3: 9c89b320 folded before Flop (didn't bet)
Seat 4: 52bb8386 folded before Flop (didn't bet)
Seat 5: 8317ca27 folded before Flop (didn't bet)
Seat 6: Hero (button) folded before Flop (didn't bet)


Poker Hand #HD1204125079: Hold'em No Limit  ($0.02/$0.05) - 2023/04/15 15:56:54
Table 'NLHBlue11' 6-max Seat #5 is the button
Seat 1: f65644e8 ($5.87 in chips)
Seat 3: 9c89b320 ($5.44 in chips)
Seat 4: 52bb8386 ($9.3 in chips)
Seat 5: 8317ca27 ($6.84 in chips)
Seat 6: Hero ($11.83 in chips)
Hero: posts small blind $0.02
f65644e8: posts big blind $0.05
*** HOLE CARDS ***
Dealt to f65644e8 
Dealt to 9c89b320 
Dealt to 52bb8386 
Dealt to 8317ca27 
Dealt to Hero [Jh 4s]
9c89b320: raises $0.1 to $0.15
52bb8386: folds
8317ca27: folds
Hero: folds
f65644e8: calls $0.1
*** FLOP *** [2d 3h 6c]
f65644e8: checks
9c89b320: checks
*** TURN *** [2d 3h 6c] [8d]
f65644e8: checks
9c89b320: checks
*** RIVER *** [2d 3h 6c 8d] [3s]
f65644e8: checks
9c89b320: checks
f65644e8: shows [7s As] (Pair of Treys)
9c89b320: shows [Ad 4d] (Pair of Treys)
*** SHOWDOWN ***
f65644e8 collected $0.31 from pot
*** SUMMARY ***
Total pot $0.32 | Rake $0.01 | Jackpot $0 | Bingo $0 | Fortune $0
Board [2d 3h 6c 8d 3s]
Seat 1: f65644e8 (big blind) showed [7s As] and won ($0.31) with Pair of Treys
Seat 3: 9c89b320 showed [Ad 4d] and lost with Pair of Treys
Seat 4: 52bb8386 folded before Flop (didn't bet)
Seat 5: 8317ca27 (button) folded before Flop (didn't bet)
Seat 6: Hero (small blind) folded before Flop


Poker Hand #HD1204125047: Hold'em No Limit  ($0.02/$0.05) - 2023/04/15 15:56:39
Table 'NLHBlue11' 6-max Seat #4 is the button
Seat 1: f65644e8 ($5.8 in chips)
Seat 3: 9c89b320 ($5.44 in chips)
Seat 4: 52bb8386 ($9.3 in chips)
Seat 5: 8317ca27 ($6.86 in chips)
Seat 6: Hero ($11.88 in chips)
8317ca27: posts small blind $0.02
Hero: posts big blind $0.05
*** HOLE CARDS ***
Dealt to f65644e8 
Dealt to 9c89b320 
Dealt to 52bb8386 
Dealt to 8317ca27 
Dealt to Hero [3c 2c]
f65644e8: raises $0.1 to $0.15
9c89b320: folds
52bb8386: folds
8317ca27: folds
Hero: folds
Uncalled bet ($0.1) returned to f65644e8
*** SHOWDOWN ***
f65644e8 collected $0.12 from pot
*** SUMMARY ***
Total pot $0.12 | Rake $0 | Jackpot $0 | Bingo $0 | Fortune $0
Seat 1: f65644e8 collected ($0.12)
Seat 3: 9c89b320 folded before Flop (didn't bet)
Seat 4: 52bb8386 (button) folded before Flop (didn't bet)
Seat 5: 8317ca27 (small blind) folded before Flop
Seat 6: Hero (big blind) folded before Flop


Poker Hand #HD1204125021: Hold'em No Limit  ($0.02/$0.05) - 2023/04/15 15:56:26
Table 'NLHBlue11' 6-max Seat #3 is the button
Seat 1: f65644e8 ($5.8 in chips)
Seat 3: 9c89b320 ($5.37 in chips)
Seat 4: 52bb8386 ($9.32 in chips)
Seat 5: 8317ca27 ($6.91 in chips)
Seat 6: Hero ($11.88 in chips)
52bb8386: posts small blind $0.02
8317ca27: posts big blind $0.05
*** HOLE CARDS ***
Dealt to f65644e8 
Dealt to 9c89b320 
Dealt to 52bb8386 
Dealt to 8317ca27 
Dealt to Hero [Qs 8h]
Hero: folds
f65644e8: folds
9c89b320: raises $0.08 to $0.13
52bb8386: folds
8317ca27: folds
Uncalled bet ($0.08) returned to 9c89b320
*** SHOWDOWN ***
9c89b320 collected $0.12 from pot
*** SUMMARY ***
Total pot $0.12 | Rake $0 | Jackpot $0 | Bingo $0 | Fortune $0
Seat 1: f65644e8 folded before Flop (didn't bet)
Seat 3: 9c89b320 (button) collected ($0.12)
Seat 4: 52bb8386 (small blind) folded before Flop
Seat 5: 8317ca27 (big blind) folded before Flop
Seat 6: Hero folded before Flop (didn't bet)


Poker Hand #HD1204124994: Hold'em No Limit  ($0.02/$0.05) - 2023/04/15 15:56:14
Table 'NLHBlue11' 6-max Seat #1 is the button
Seat 1: f65644e8 ($5.73 in chips)
Seat 3: 9c89b320 ($5.39 in chips)
Seat 4: 52bb8386 ($9.37 in chips)
Seat 5: 8317ca27 ($6.91 in chips)
Seat 6: Hero ($11.88 in chips)
9c89b320: posts small blind $0.02
52bb8386: posts big blind $0.05
*** HOLE CARDS ***
Dealt to f65644e8 
Dealt to 9c89b320 
Dealt to 52bb8386 
Dealt to 8317ca27 
Dealt to Hero [Td 4h]
8317ca27: folds
Hero: folds
f65644e8: raises $0.08 to $0.13
9c89b320: folds
52bb8386: folds
Uncalled bet ($0.08) returned to f65644e8
*** SHOWDOWN ***
f65644e8 collected $0.12 from pot
*** SUMMARY ***
Total pot $0.12 | Rake $0 | Jackpot $0 | Bingo $0 | Fortune $0
Seat 1: f65644e8 (button) collected ($0.12)
Seat 3: 9c89b320 (small blind) folded before Flop
Seat 4: 52bb8386 (big blind) folded before Flop
Seat 5: 8317ca27 folded before Flop (didn't bet)
Seat 6: Hero folded before Flop (didn't bet)


Poker Hand #HD1204124958: Hold'em No Limit  ($0.02/$0.05) - 2023/04/15 15:55:51
Table 'NLHBlue11' 6-max Seat #6 is the button
Seat 1: f65644e8 ($5.75 in chips)
Seat 3: 9c89b320 ($5.37 in chips)
Seat 4: 52bb8386 ($9.37 in chips)
Seat 5: 8317ca27 ($6.91 in chips)
Seat 6: Hero ($11.88 in chips)
f65644e8: posts small blind $0.02
9c89b320: posts big blind $0.05
*** HOLE CARDS ***
Dealt to f65644e8 
Dealt to 9c89b320 
Dealt to 52bb8386 
Dealt to 8317ca27 
Dealt to Hero [2s 4c]
52bb8386: folds
8317ca27: folds
Hero: folds
f65644e8: folds
Uncalled bet ($0.03) returned to 9c89b320
*** SHOWDOWN ***
9c89b320 collected $0.04 from pot
*** SUMMARY ***
Total pot $0.04 | Rake $0 | Jackpot $0 | Bingo $0 | Fortune $0
Seat 1: f65644e8 (small blind) folded before Flop
Seat 3: 9c89b320 (big blind) collected ($0.04)
Seat 4: 52bb8386 folded before Flop (didn't bet)
Seat 5: 8317ca27 folded before Flop (didn't bet)
Seat 6: Hero (button) folded before Flop (didn't bet)


Poker Hand #HD1204124902: Hold'em No Limit  ($0.02/$0.05) - 2023/04/15 15:55:25
Table 'NLHBlue11' 6-max Seat #5 is the button
Seat 1: f65644e8 ($5.8 in chips)
Seat 3: 9c89b320 ($5.37 in chips)
Seat 4: 52bb8386 ($9.37 in chips)
Seat 5: 8317ca27 ($6.91 in chips)
Seat 6: Hero ($11.83 in chips)
Hero: posts small blind $0.02
f65644e8: posts big blind $0.05
*** HOLE CARDS ***
Dealt to f65644e8 
Dealt to 9c89b320 
Dealt to 52bb8386 
Dealt to 8317ca27 
Dealt to Hero [Qh Kc]
9c89b320: folds
52bb8386: folds
8317ca27: folds
Hero: raises $0.09 to $0.14
f65644e8: folds
Uncalled bet ($0.09) returned to Hero
*** SHOWDOWN ***
Hero collected $0.1 from pot
*** SUMMARY ***
Total pot $0.1 | Rake $0 | Jackpot $0 | Bingo $0 | Fortune $0
Seat 1: f65644e8 (big blind) folded before Flop
Seat 3: 9c89b320 folded before Flop (didn't bet)
Seat 4: 52bb8386 folded before Flop (didn't bet)
Seat 5: 8317ca27 (button) folded before Flop (didn't bet)
Seat 6: Hero (small blind) collected ($0.1)


Poker Hand #HD1204124856: Hold'em No Limit  ($0.02/$0.05) - 2023/04/15 15:54:58
Table 'NLHBlue11' 6-max Seat #4 is the button
Seat 1: f65644e8 ($5.8 in chips)
Seat 3: 9c89b320 ($5.37 in chips)
Seat 4: 52bb8386 ($9.37 in chips)
Seat 5: 8317ca27 ($6.86 in chips)
Seat 6: Hero ($11.88 in chips)
8317ca27: posts small blind $0.02
Hero: posts big blind $0.05
*** HOLE CARDS ***
Dealt to f65644e8 
Dealt to 9c89b320 
Dealt to 52bb8386 
Dealt to 8317ca27 
Dealt to Hero [Jh 6s]
f65644e8: folds
9c89b320: folds
52bb8386: folds
8317ca27: raises $0.1 to $0.15
Hero: folds
Uncalled bet ($0.1) returned to 8317ca27
*** SHOWDOWN ***
8317ca27 collected $0.1 from pot
*** SUMMARY ***
Total pot $0.1 | Rake $0 | Jackpot $0 | Bingo $0 | Fortune $0
Seat 1: f65644e8 folded before Flop (didn't bet)
Seat 3: 9c89b320 folded before Flop (didn't bet)
Seat 4: 52bb8386 (button) folded before Flop (didn't bet)
Seat 5: 8317ca27 (small blind) collected ($0.1)
Seat 6: Hero (big blind) folded before Flop


Poker Hand #HD1204124672: Hold'em No Limit  ($0.02/$0.05) - 2023/04/15 15:53:21
Table 'NLHBlue11' 6-max Seat #3 is the button
Seat 1: f65644e8 ($5.8 in chips)
Seat 2: 72734388 ($2.01 in chips)
Seat 3: 9c89b320 ($5.37 in chips)
Seat 4: 52bb8386 ($9.39 in chips)
Seat 5: 8317ca27 ($5.08 in chips)
Seat 6: Hero ($11.88 in chips)
52bb8386: posts small blind $0.02
8317ca27: posts big blind $0.05
*** HOLE CARDS ***
Dealt to f65644e8 
Dealt to 72734388 
Dealt to 9c89b320 
Dealt to 52bb8386 
Dealt to 8317ca27 
Dealt to Hero [2h 3d]
Hero: folds
f65644e8: folds
72734388: calls $0.05
9c89b320: folds
52bb8386: folds
8317ca27: checks
*** FLOP *** [Jd Td 9s]
8317ca27: checks
72734388: bets $0.1
8317ca27: raises $0.42 to $0.52
72734388: calls $0.42
*** TURN *** [Jd Td 9s] [5c]
8317ca27: bets $1.44
72734388: calls $1.44 and is all-in
8317ca27: shows [7d 8s] (Jacks-High Straight)
72734388: shows [7c Qc] (Queen-High)
*** RIVER *** [Jd Td 9s 5c] [Ad]
*** SHOWDOWN ***
8317ca27 collected $3.79 from pot
*** SUMMARY ***
Total pot $4.04 | Rake $0.2 | Jackpot $0.05 | Bingo $0 | Fortune $0
Board [Jd Td 9s 5c Ad]
Seat 1: f65644e8 folded before Flop (didn't bet)
Seat 2: 72734388 showed [7c Qc] and lost with Ace-High
Seat 3: 9c89b320 (button) folded before Flop (didn't bet)
Seat 4: 52bb8386 (small blind) folded before Flop
Seat 5: 8317ca27 (big blind) showed [7d 8s] and won ($3.79) with Jacks-High Straight
Seat 6: Hero folded before Flop (didn't bet)


Poker Hand #HD1204124621: Hold'em No Limit  ($0.02/$0.05) - 2023/04/15 15:52:58
Table 'NLHBlue11' 6-max Seat #2 is the button
Seat 1: f65644e8 ($5.73 in chips)
Seat 2: 72734388 ($2.01 in chips)
Seat 3: 9c89b320 ($5.39 in chips)
Seat 4: 52bb8386 ($9.44 in chips)
Seat 5: 8317ca27 ($5.08 in chips)
Seat 6: Hero ($11.88 in chips)
9c89b320: posts small blind $0.02
52bb8386: posts big blind $0.05
*** HOLE CARDS ***
Dealt to f65644e8 
Dealt to 72734388 
Dealt to 9c89b320 
Dealt to 52bb8386 
Dealt to 8317ca27 
Dealt to Hero [Td 3s]
8317ca27: folds
Hero: folds
f65644e8: raises $0.1 to $0.15
72734388: folds
9c89b320: folds
52bb8386: folds
Uncalled bet ($0.1) returned to f65644e8
*** SHOWDOWN ***
f65644e8 collected $0.12 from pot
*** SUMMARY ***
Total pot $0.12 | Rake $0 | Jackpot $0 | Bingo $0 | Fortune $0
Seat 1: f65644e8 collected ($0.12)
Seat 2: 72734388 (button) folded before Flop (didn't bet)
Seat 3: 9c89b320 (small blind) folded before Flop
Seat 4: 52bb8386 (big blind) folded before Flop
Seat 5: 8317ca27 folded before Flop (didn't bet)
Seat 6: Hero folded before Flop (didn't bet)


Poker Hand #HD1204124587: Hold'em No Limit  ($0.02/$0.05) - 2023/04/15 15:52:43
Table 'NLHBlue11' 6-max Seat #1 is the button
Seat 1: f65644e8 ($5.66 in chips)
Seat 2: 72734388 ($2.03 in chips)
Seat 3: 9c89b320 ($5.44 in chips)
Seat 5: 8317ca27 ($5.08 in chips)
Seat 6: Hero ($11.88 in chips)
72734388: posts small blind $0.02
9c89b320: posts big blind $0.05
*** HOLE CARDS ***
Dealt to f65644e8 
Dealt to 72734388 
Dealt to 9c89b320 
Dealt to 8317ca27 
Dealt to Hero [3h Ac]
8317ca27: folds
Hero: folds
f65644e8: raises $0.08 to $0.13
72734388: folds
9c89b320: folds
Uncalled bet ($0.08) returned to f65644e8
*** SHOWDOWN ***
f65644e8 collected $0.12 from pot
*** SUMMARY ***
Total pot $0.12 | Rake $0 | Jackpot $0 | Bingo $0 | Fortune $0
Seat 1: f65644e8 (button) collected ($0.12)
Seat 2: 72734388 (small blind) folded before Flop
Seat 3: 9c89b320 (big blind) folded before Flop
Seat 5: 8317ca27 folded before Flop (didn't bet)
Seat 6: Hero folded before Flop (didn't bet)


Poker Hand #HD1204124542: Hold'em No Limit  ($0.02/$0.05) - 2023/04/15 15:52:22
Table 'NLHBlue11' 6-max Seat #6 is the button
Seat 1: f65644e8 ($5.68 in chips)
Seat 2: 72734388 ($2.08 in chips)
Seat 3: 9c89b320 ($5.44 in chips)
Seat 5: 8317ca27 ($5.08 in chips)
Seat 6: Hero ($11.81 in chips)
f65644e8: posts small blind $0.02
72734388: posts big blind $0.05
*** HOLE CARDS ***
Dealt to f65644e8 
Dealt to 72734388 
Dealt to 9c89b320 
Dealt to 8317ca27 
Dealt to Hero [As Kh]
9c89b320: folds
8317ca27: folds
Hero: raises $0.07 to $0.12
f65644e8: folds
72734388: folds
Uncalled bet ($0.07) returned to Hero
*** SHOWDOWN ***
Hero collected $0.12 from pot
*** SUMMARY ***
Total pot $0.12 | Rake $0 | Jackpot $0 | Bingo $0 | Fortune $0
Seat 1: f65644e8 (small blind) folded before Flop
Seat 2: 72734388 (big blind) folded before Flop
Seat 3: 9c89b320 folded before Flop (didn't bet)
Seat 5: 8317ca27 folded before Flop (didn't bet)
Seat 6: Hero (button) collected ($0.12)


Poker Hand #HD1204124503: Hold'em No Limit  ($0.02/$0.05) - 2023/04/15 15:52:02
Table 'NLHBlue11' 6-max Seat #5 is the button
Seat 1: f65644e8 ($5.73 in chips)
Seat 2: 72734388 ($2.08 in chips)
Seat 3: 9c89b320 ($5.44 in chips)
Seat 5: 8317ca27 ($5.01 in chips)
Seat 6: Hero ($11.83 in chips)
Hero: posts small blind $0.02
f65644e8: posts big blind $0.05
*** HOLE CARDS ***
Dealt to f65644e8 
Dealt to 72734388 
Dealt to 9c89b320 
Dealt to 8317ca27 
Dealt to Hero [6c Tc]
72734388: folds
9c89b320: folds
8317ca27: raises $0.07 to $0.12
Hero: folds
f65644e8: folds
Uncalled bet ($0.07) returned to 8317ca27
*** SHOWDOWN ***
8317ca27 collected $0.12 from pot
*** SUMMARY ***
Total pot $0.12 | Rake $0 | Jackpot $0 | Bingo $0 | Fortune $0
Seat 1: f65644e8 (big blind) folded before Flop
Seat 2: 72734388 folded before Flop (didn't bet)
Seat 3: 9c89b320 folded before Flop (didn't bet)
Seat 5: 8317ca27 (button) collected ($0.12)
Seat 6: Hero (small blind) folded before Flop


Poker Hand #HD1204124429: Hold'em No Limit  ($0.02/$0.05) - 2023/04/15 15:51:26
Table 'NLHBlue11' 6-max Seat #3 is the button
Seat 1: f65644e8 ($5.73 in chips)
Seat 2: 72734388 ($2.08 in chips)
Seat 3: 9c89b320 ($5.27 in chips)
Seat 5: 8317ca27 ($5.14 in chips)
Seat 6: Hero ($11.88 in chips)
8317ca27: posts small blind $0.02
Hero: posts big blind $0.05
*** HOLE CARDS ***
Dealt to f65644e8 
Dealt to 72734388 
Dealt to 9c89b320 
Dealt to 8317ca27 
Dealt to Hero [4h 5d]
f65644e8: folds
72734388: folds
9c89b320: raises $0.08 to $0.13
8317ca27: calls $0.11
Hero: folds
*** FLOP *** [As 6s 9s]
8317ca27: checks
9c89b320: bets $0.14
8317ca27: folds
Uncalled bet ($0.14) returned to 9c89b320
*** SHOWDOWN ***
9c89b320 collected $0.3 from pot
*** SUMMARY ***
Total pot $0.31 | Rake $0.01 | Jackpot $0 | Bingo $0 | Fortune $0
Board [As 6s 9s]
Seat 1: f65644e8 folded before Flop (didn't bet)
Seat 2: 72734388 folded before Flop (didn't bet)
Seat 3: 9c89b320 (button) won ($0.3)
Seat 5: 8317ca27 (small blind) folded on the Flop
Seat 6: Hero (big blind) folded before Flop


Poker Hand #HD1204124257: Hold'em No Limit  ($0.02/$0.05) - 2023/04/15 15:49:59
Table 'NLHBlue11' 6-max Seat #2 is the button
Seat 1: f65644e8 ($5.73 in chips)
Seat 2: 72734388 ($2.08 in chips)
Seat 3: 9c89b320 ($5.42 in chips)
Seat 5: 8317ca27 ($5 in chips)
Seat 6: Hero ($11.88 in chips)
9c89b320: posts small blind $0.02
8317ca27: posts big blind $0.05
*** HOLE CARDS ***
Dealt to f65644e8 
Dealt to 72734388 
Dealt to 9c89b320 
Dealt to 8317ca27 
Dealt to Hero [4s Kd]
Hero: folds
f65644e8: folds
72734388: folds
9c89b320: raises $0.1 to $0.15
8317ca27: calls $0.1
*** FLOP *** [Ad 2c Jc]
9c89b320: checks
8317ca27: checks
*** TURN *** [Ad 2c Jc] [9h]
9c89b320: checks
8317ca27: checks
*** RIVER *** [Ad 2c Jc 9h] [Ac]
9c89b320: checks
8317ca27: checks
9c89b320: shows [8d Qh] (Pair of Aces)
8317ca27: shows [9c Kh] (Pair of Aces and Pair of Nines)
*** SHOWDOWN ***
8317ca27 collected $0.29 from pot
*** SUMMARY ***
Total pot $0.3 | Rake $0.01 | Jackpot $0 | Bingo $0 | Fortune $0
Board [Ad 2c Jc 9h Ac]
Seat 1: f65644e8 folded before Flop (didn't bet)
Seat 2: 72734388 (button) folded before Flop (didn't bet)
Seat 3: 9c89b320 (small blind) showed [8d Qh] and lost with Pair of Aces
Seat 5: 8317ca27 (big blind) showed [9c Kh] and won ($0.29) with Pair of Aces and Pair of Nines
Seat 6: Hero folded before Flop (didn't bet)


Poker Hand #HD1204124159: Hold'em No Limit  ($0.02/$0.05) - 2023/04/15 15:49:09
Table 'NLHBlue11' 6-max Seat #1 is the button
Seat 1: f65644e8 ($5.86 in chips)
Seat 2: 72734388 ($1.84 in chips)
Seat 3: 9c89b320 ($5.55 in chips)
Seat 5: 8317ca27 ($5 in chips)
Seat 6: Hero ($11.88 in chips)
72734388: posts small blind $0.02
9c89b320: posts big blind $0.05
*** HOLE CARDS ***
Dealt to f65644e8 
Dealt to 72734388 
Dealt to 9c89b320 
Dealt to 8317ca27 
Dealt to Hero [Js 4h]
8317ca27: folds
Hero: folds
f65644e8: raises $0.08 to $0.13
72734388: calls $0.11
9c89b320: calls $0.08
*** FLOP *** [Tc Qc 4c]
72734388: checks
9c89b320: checks
f65644e8: checks
*** TURN *** [Tc Qc 4c] [Kc]
72734388: bets $0.15
9c89b320: folds
f65644e8: folds
Uncalled bet ($0.15) returned to 72734388
*** SHOWDOWN ***
72734388 collected $0.37 from pot
*** SUMMARY ***
Total pot $0.39 | Rake $0.02 | Jackpot $0 | Bingo $0 | Fortune $0
Board [Tc Qc 4c Kc]
Seat 1: f65644e8 (button) folded on the Turn
Seat 2: 72734388 (small blind) won ($0.37)
Seat 3: 9c89b320 (big blind) folded on the Turn
Seat 5: 8317ca27 folded before Flop (didn't bet)
Seat 6: Hero folded before Flop (didn't bet)


Poker Hand #HD1204124131: Hold'em No Limit  ($0.02/$0.05) - 2023/04/15 15:48:59
Table 'NLHBlue11' 6-max Seat #6 is the button
Seat 1: f65644e8 ($5.88 in chips)
Seat 2: 72734388 ($1.82 in chips)
Seat 3: 9c89b320 ($5.55 in chips)
Seat 5: 8317ca27 ($5 in chips)
Seat 6: Hero ($11.88 in chips)
f65644e8: posts small blind $0.02
72734388: posts big blind $0.05
*** HOLE CARDS ***
Dealt to f65644e8 
Dealt to 72734388 
Dealt to 9c89b320 
Dealt to 8317ca27 
Dealt to Hero [5h 2c]
9c89b320: folds
8317ca27: folds
Hero: folds
f65644e8: folds
Uncalled bet ($0.03) returned to 72734388
*** SHOWDOWN ***
72734388 collected $0.04 from pot
*** SUMMARY ***
Total pot $0.04 | Rake $0 | Jackpot $0 | Bingo $0 | Fortune $0
Seat 1: f65644e8 (small blind) folded before Flop
Seat 2: 72734388 (big blind) collected ($0.04)
Seat 3: 9c89b320 folded before Flop (didn't bet)
Seat 5: 8317ca27 folded before Flop (didn't bet)
Seat 6: Hero (button) folded before Flop (didn't bet)


Poker Hand #HD1204124098: Hold'em No Limit  ($0.02/$0.05) - 2023/04/15 15:48:42
Table 'NLHBlue11' 6-max Seat #5 is the button
Seat 1: f65644e8 ($5.86 in chips)
Seat 2: 72734388 ($1.82 in chips)
Seat 3: 9c89b320 ($5.55 in chips)
Seat 5: 8317ca27 ($5 in chips)
Seat 6: Hero ($11.9 in chips)
Hero: posts small blind $0.02
f65644e8: posts big blind $0.05
*** HOLE CARDS ***
Dealt to f65644e8 
Dealt to 72734388 
Dealt to 9c89b320 
Dealt to 8317ca27 
Dealt to Hero [Qc 2d]
72734388: folds
9c89b320: folds
8317ca27: folds
Hero: folds
Uncalled bet ($0.03) returned to f65644e8
*** SHOWDOWN ***
f65644e8 collected $0.04 from pot
*** SUMMARY ***
Total pot $0.04 | Rake $0 | Jackpot $0 | Bingo $0 | Fortune $0
Seat 1: f65644e8 (big blind) collected ($0.04)
Seat 2: 72734388 folded before Flop (didn't bet)
Seat 3: 9c89b320 folded before Flop (didn't bet)
Seat 5: 8317ca27 (button) folded before Flop (didn't bet)
Seat 6: Hero (small blind) folded before Flop


Poker Hand #HD1204124049: Hold'em No Limit  ($0.02/$0.05) - 2023/04/15 15:48:14
Table 'NLHBlue11' 6-max Seat #3 is the button
Seat 1: f65644e8 ($5.86 in chips)
Seat 2: 72734388 ($1.82 in chips)
Seat 3: 9c89b320 ($5.48 in chips)
Seat 5: 8317ca27 ($5 in chips)
Seat 6: Hero ($11.95 in chips)
8317ca27: posts small blind $0.02
Hero: posts big blind $0.05
*** HOLE CARDS ***
Dealt to f65644e8 
Dealt to 72734388 
Dealt to 9c89b320 
Dealt to 8317ca27 
Dealt to Hero [Jc 3s]
f65644e8: folds
72734388: folds
9c89b320: raises $0.08 to $0.13
8317ca27: folds
Hero: folds
Uncalled bet ($0.08) returned to 9c89b320
*** SHOWDOWN ***
9c89b320 collected $0.12 from pot
*** SUMMARY ***
Total pot $0.12 | Rake $0 | Jackpot $0 | Bingo $0 | Fortune $0
Seat 1: f65644e8 folded before Flop (didn't bet)
Seat 2: 72734388 folded before Flop (didn't bet)
Seat 3: 9c89b320 (button) collected ($0.12)
Seat 5: 8317ca27 (small blind) folded before Flop
Seat 6: Hero (big blind) folded before Flop


Poker Hand #HD1204123980: Hold'em No Limit  ($0.02/$0.05) - 2023/04/15 15:47:35
Table 'NLHBlue11' 6-max Seat #2 is the button
Seat 1: f65644e8 ($5.86 in chips)
Seat 2: 72734388 ($1.82 in chips)
Seat 3: 9c89b320 ($5.34 in chips)
Seat 5: 8317ca27 ($5 in chips)
Seat 6: Hero ($11.95 in chips)
9c89b320: posts small blind $0.02
8317ca27: posts big blind $0.05
*** HOLE CARDS ***
Dealt to f65644e8 
Dealt to 72734388 
Dealt to 9c89b320 
Dealt to 8317ca27 
Dealt to Hero [3c 8d]
Hero: folds
f65644e8: folds
72734388: folds
9c89b320: raises $0.1 to $0.15
8317ca27: calls $0.1
*** FLOP *** [2d 6d 8h]
9c89b320: bets $0.1
8317ca27: folds
Uncalled bet ($0.1) returned to 9c89b320
*** SHOWDOWN ***
9c89b320 collected $0.29 from pot
*** SUMMARY ***
Total pot $0.3 | Rake $0.01 | Jackpot $0 | Bingo $0 | Fortune $0
Board [2d 6d 8h]
Seat 1: f65644e8 folded before Flop (didn't bet)
Seat 2: 72734388 (button) folded before Flop (didn't bet)
Seat 3: 9c89b320 (small blind) won ($0.29)
Seat 5: 8317ca27 (big blind) folded on the Flop
Seat 6: Hero folded before Flop (didn't bet)


Poker Hand #HD1204123909: Hold'em No Limit  ($0.02/$0.05) - 2023/04/15 15:46:57
Table 'NLHBlue11' 6-max Seat #1 is the button
Seat 1: f65644e8 ($5.86 in chips)
Seat 2: 72734388 ($2.19 in chips)
Seat 3: 9c89b320 ($5 in chips)
Seat 5: 8317ca27 ($5 in chips)
Seat 6: Hero ($11.95 in chips)
72734388: posts small blind $0.02
9c89b320: posts big blind $0.05
*** HOLE CARDS ***
Dealt to f65644e8 
Dealt to 72734388 
Dealt to 9c89b320 
Dealt to 8317ca27 
Dealt to Hero [Jc 5s]
8317ca27: folds
Hero: folds
f65644e8: folds
72734388: calls $0.03
9c89b320: raises $0.15 to $0.2
72734388: calls $0.15
*** FLOP *** [Ts Ad Qh]
72734388: checks
9c89b320: bets $0.17
72734388: calls $0.17
*** TURN *** [Ts Ad Qh] [8s]
72734388: checks
9c89b320: bets $0.56
72734388: folds
Uncalled bet ($0.56) returned to 9c89b320
*** SHOWDOWN ***
9c89b320 collected $0.71 from pot
*** SUMMARY ***
Total pot $0.74 | Rake $0.03 | Jackpot $0 | Bingo $0 | Fortune $0
Board [Ts Ad Qh 8s]
Seat 1: f65644e8 (button) folded before Flop (didn't bet)
Seat 2: 72734388 (small blind) folded on the Turn
Seat 3: 9c89b320 (big blind) won ($0.71)
Seat 5: 8317ca27 folded before Flop (didn't bet)
Seat 6: Hero folded before Flop (didn't bet)


Poker Hand #HD1204123839: Hold'em No Limit  ($0.02/$0.05) - 2023/04/15 15:46:23
Table 'NLHBlue11' 6-max Seat #6 is the button
Seat 1: f65644e8 ($5.88 in chips)
Seat 2: 72734388 ($2.31 in chips)
Seat 3: 9c89b320 ($5 in chips)
Seat 5: 8317ca27 ($5 in chips)
Seat 6: Hero ($11.82 in chips)
f65644e8: posts small blind $0.02
72734388: posts big blind $0.05
*** HOLE CARDS ***
Dealt to f65644e8 
Dealt to 72734388 
Dealt to 9c89b320 
Dealt to 8317ca27 
Dealt to Hero [Td Js]
9c89b320: folds
8317ca27: folds
Hero: raises $0.07 to $0.12
f65644e8: folds
72734388: calls $0.07
*** FLOP *** [Jc 3c Ad]
72734388: checks
Hero: bets $0.08
72734388: folds
Uncalled bet ($0.08) returned to Hero
*** SHOWDOWN ***
Hero collected $0.25 from pot
*** SUMMARY ***
Total pot $0.26 | Rake $0.01 | Jackpot $0 | Bingo $0 | Fortune $0
Board [Jc 3c Ad]
Seat 1: f65644e8 (small blind) folded before Flop
Seat 2: 72734388 (big blind) folded on the Flop
Seat 3: 9c89b320 folded before Flop (didn't bet)
Seat 5: 8317ca27 folded before Flop (didn't bet)
Seat 6: Hero (button) won ($0.25)


Poker Hand #HD1204123805: Hold'em No Limit  ($0.02/$0.05) - 2023/04/15 15:46:01
Table 'NLHBlue11' 6-max Seat #5 is the button
Seat 1: f65644e8 ($5.93 in chips)
Seat 2: 72734388 ($2.24 in chips)
Seat 3: 9c89b320 ($5 in chips)
Seat 5: 8317ca27 ($5 in chips)
Seat 6: Hero ($11.84 in chips)
Hero: posts small blind $0.02
f65644e8: posts big blind $0.05
*** HOLE CARDS ***
Dealt to f65644e8 
Dealt to 72734388 
Dealt to 9c89b320 
Dealt to 8317ca27 
Dealt to Hero [Kd 4h]
72734388: raises $0.13 to $0.18
9c89b320: folds
8317ca27: folds
Hero: folds
f65644e8: folds
Uncalled bet ($0.13) returned to 72734388
*** SHOWDOWN ***
72734388 collected $0.12 from pot
*** SUMMARY ***
Total pot $0.12 | Rake $0 | Jackpot $0 | Bingo $0 | Fortune $0
Seat 1: f65644e8 (big blind) folded before Flop
Seat 2: 72734388 collected ($0.12)
Seat 3: 9c89b320 folded before Flop (didn't bet)
Seat 5: 8317ca27 (button) folded before Flop (didn't bet)
Seat 6: Hero (small blind) folded before Flop


Poker Hand #HD1204123727: Hold'em No Limit  ($0.02/$0.05) - 2023/04/15 15:45:16
Table 'NLHBlue11' 6-max Seat #3 is the button
Seat 1: f65644e8 ($5.93 in chips)
Seat 2: 72734388 ($2.07 in chips)
Seat 3: 9c89b320 ($5 in chips)
Seat 5: 8317ca27 ($5.02 in chips)
Seat 6: Hero ($11.89 in chips)
8317ca27: posts small blind $0.02
Hero: posts big blind $0.05
*** HOLE CARDS ***
Dealt to f65644e8 
Dealt to 72734388 
Dealt to 9c89b320 
Dealt to 8317ca27 
Dealt to Hero [Qd 2d]
f65644e8: folds
72734388: raises $0.08 to $0.13
9c89b320: folds
8317ca27: calls $0.11
Hero: folds
*** FLOP *** [Jd Kc Ac]
8317ca27: checks
72734388: bets $0.16
8317ca27: folds
Uncalled bet ($0.16) returned to 72734388
*** SHOWDOWN ***
72734388 collected $0.3 from pot
*** SUMMARY ***
Total pot $0.31 | Rake $0.01 | Jackpot $0 | Bingo $0 | Fortune $0
Board [Jd Kc Ac]
Seat 1: f65644e8 folded before Flop (didn't bet)
Seat 2: 72734388 won ($0.3)
Seat 3: 9c89b320 (button) folded before Flop (didn't bet)
Seat 5: 8317ca27 (small blind) folded on the Flop
Seat 6: Hero (big blind) folded before Flop


Poker Hand #HD1204123712: Hold'em No Limit  ($0.02/$0.05) - 2023/04/15 15:45:07
Table 'NLHBlue11' 6-max Seat #2 is the button
Seat 1: f65644e8 ($5.93 in chips)
Seat 2: 72734388 ($2.07 in chips)
Seat 3: 9c89b320 ($5.02 in chips)
Seat 5: 8317ca27 ($5 in chips)
Seat 6: Hero ($11.89 in chips)
9c89b320: posts small blind $0.02
8317ca27: posts big blind $0.05
*** HOLE CARDS ***
Dealt to f65644e8 
Dealt to 72734388 
Dealt to 9c89b320 
Dealt to 8317ca27 
Dealt to Hero [Ah 3c]
Hero: folds
f65644e8: folds
72734388: folds
9c89b320: folds
Uncalled bet ($0.03) returned to 8317ca27
*** SHOWDOWN ***
8317ca27 collected $0.04 from pot
*** SUMMARY ***
Total pot $0.04 | Rake $0 | Jackpot $0 | Bingo $0 | Fortune $0
Seat 1: f65644e8 folded before Flop (didn't bet)
Seat 2: 72734388 (button) folded before Flop (didn't bet)
Seat 3: 9c89b320 (small blind) folded before Flop
Seat 5: 8317ca27 (big blind) collected ($0.04)
Seat 6: Hero folded before Flop (didn't bet)


Poker Hand #HD1204123668: Hold'em No Limit  ($0.02/$0.05) - 2023/04/15 15:44:44
Table 'NLHBlue11' 6-max Seat #1 is the button
Seat 1: f65644e8 ($5.93 in chips)
Seat 2: 72734388 ($2.09 in chips)
Seat 3: 9c89b320 ($5 in chips)
Seat 4: 52bb8386 ($9.44 in chips)
Seat 5: 8317ca27 ($5 in chips)
Seat 6: Hero ($11.89 in chips)
72734388: posts small blind $0.02
9c89b320: posts big blind $0.05
*** HOLE CARDS ***
Dealt to f65644e8 
Dealt to 72734388 
Dealt to 9c89b320 
Dealt to 52bb8386 
Dealt to 8317ca27 
Dealt to Hero [2h 5s]
52bb8386: folds
8317ca27: folds
Hero: folds
f65644e8: folds
72734388: folds
Uncalled bet ($0.03) returned to 9c89b320
*** SHOWDOWN ***
9c89b320 collected $0.04 from pot
*** SUMMARY ***
Total pot $0.04 | Rake $0 | Jackpot $0 | Bingo $0 | Fortune $0
Seat 1: f65644e8 (button) folded before Flop (didn't bet)
Seat 2: 72734388 (small blind) folded before Flop
Seat 3: 9c89b320 (big blind) collected ($0.04)
Seat 4: 52bb8386 folded before Flop (didn't bet)
Seat 5: 8317ca27 folded before Flop (didn't bet)
Seat 6: Hero folded before Flop (didn't bet)


Poker Hand #HD1204123616: Hold'em No Limit  ($0.02/$0.05) - 2023/04/15 15:44:14
Table 'NLHBlue11' 6-max Seat #6 is the button
Seat 1: f65644e8 ($5.95 in chips)
Seat 2: 72734388 ($2.21 in chips)
Seat 3: 9c89b320 ($5 in chips)
Seat 4: 52bb8386 ($9.44 in chips)
Seat 5: 8317ca27 ($5 in chips)
Seat 6: Hero ($11.76 in chips)
f65644e8: posts small blind $0.02
72734388: posts big blind $0.05
*** HOLE CARDS ***
Dealt to f65644e8 
Dealt to 72734388 
Dealt to 9c89b320 
Dealt to 52bb8386 
Dealt to 8317ca27 
Dealt to Hero [Ad Jh]
9c89b320: folds
52bb8386: folds
8317ca27: folds
Hero: raises $0.07 to $0.12
f65644e8: folds
72734388: calls $0.07
*** FLOP *** [8d Jd 8s]
72734388: checks
Hero: bets $0.2
72734388: folds
Uncalled bet ($0.2) returned to Hero
*** SHOWDOWN ***
Hero collected $0.25 from pot
*** SUMMARY ***
Total pot $0.26 | Rake $0.01 | Jackpot $0 | Bingo $0 | Fortune $0
Board [8d Jd 8s]
Seat 1: f65644e8 (small blind) folded before Flop
Seat 2: 72734388 (big blind) folded on the Flop
Seat 3: 9c89b320 folded before Flop (didn't bet)
Seat 4: 52bb8386 folded before Flop (didn't bet)
Seat 5: 8317ca27 folded before Flop (didn't bet)
Seat 6: Hero (button) won ($0.25)


Poker Hand #HD1204123400: Hold'em No Limit  ($0.02/$0.05) - 2023/04/15 15:42:11
Table 'NLHBlue11' 6-max Seat #5 is the button
Seat 1: f65644e8 ($5.16 in chips)
Seat 2: 72734388 ($2.21 in chips)
Seat 3: 9c89b320 ($5 in chips)
Seat 4: 52bb8386 ($10.34 in chips)
Seat 5: 8317ca27 ($5 in chips)
Seat 6: Hero ($11.78 in chips)
Hero: posts small blind $0.02
f65644e8: posts big blind $0.05
*** HOLE CARDS ***
Dealt to f65644e8 
Dealt to 72734388 
Dealt to 9c89b320 
Dealt to 52bb8386 
Dealt to 8317ca27 
Dealt to Hero [8h Qc]
72734388: folds
9c89b320: folds
52bb8386: raises $0.05 to $0.1
8317ca27: folds
Hero: folds
f65644e8: raises $0.25 to $0.35
52bb8386: calls $0.25
*** FLOP *** [9h 7s Jc]
f65644e8: checks
52bb8386: checks
*** TURN *** [9h 7s Jc] [As]
f65644e8: bets $0.55
52bb8386: calls $0.55
*** RIVER *** [9h 7s Jc As] [Ad]
f65644e8: bets $0.65
52bb8386: folds
Uncalled bet ($0.65) returned to f65644e8
*** SHOWDOWN ***
f65644e8 collected $1.69 from pot
*** SUMMARY ***
Total pot $1.82 | Rake $0.08 | Jackpot $0.05 | Bingo $0 | Fortune $0
Board [9h 7s Jc As Ad]
Seat 1: f65644e8 (big blind) won ($1.69)
Seat 2: 72734388 folded before Flop (didn't bet)
Seat 3: 9c89b320 folded before Flop (didn't bet)
Seat 4: 52bb8386 folded on the River
Seat 5: 8317ca27 (button) folded before Flop (didn't bet)
Seat 6: Hero (small blind) folded before Flop


Poker Hand #HD1204123324: Hold'em No Limit  ($0.02/$0.05) - 2023/04/15 15:41:32
Table 'NLHBlue11' 6-max Seat #4 is the button
Seat 1: f65644e8 ($5.16 in chips)
Seat 2: 72734388 ($2.21 in chips)
Seat 3: 9c89b320 ($5.14 in chips)
Seat 4: 52bb8386 ($10.34 in chips)
Seat 5: 8317ca27 ($5 in chips)
Seat 6: Hero ($11.62 in chips)
8317ca27: posts small blind $0.02
Hero: posts big blind $0.05
*** HOLE CARDS ***
Dealt to f65644e8 
Dealt to 72734388 
Dealt to 9c89b320 
Dealt to 52bb8386 
Dealt to 8317ca27 
Dealt to Hero [6c 6h]
f65644e8: folds
72734388: folds
9c89b320: raises $0.1 to $0.15
52bb8386: folds
8317ca27: folds
Hero: calls $0.1
*** FLOP *** [4s 3h 7c]
Hero: bets $0.16
9c89b320: folds
Uncalled bet ($0.16) returned to Hero
*** SHOWDOWN ***
Hero collected $0.31 from pot
*** SUMMARY ***
Total pot $0.32 | Rake $0.01 | Jackpot $0 | Bingo $0 | Fortune $0
Board [4s 3h 7c]
Seat 1: f65644e8 folded before Flop (didn't bet)
Seat 2: 72734388 folded before Flop (didn't bet)
Seat 3: 9c89b320 folded on the Flop
Seat 4: 52bb8386 (button) folded before Flop (didn't bet)
Seat 5: 8317ca27 (small blind) folded before Flop
Seat 6: Hero (big blind) won ($0.31)


Poker Hand #HD1204123225: Hold'em No Limit  ($0.02/$0.05) - 2023/04/15 15:40:29
Table 'NLHBlue11' 6-max Seat #3 is the button
Seat 1: f65644e8 ($5.16 in chips)
Seat 2: 72734388 ($1.93 in chips)
Seat 3: 9c89b320 ($5.14 in chips)
Seat 4: 52bb8386 ($10.59 in chips)
Seat 5: 8317ca27 ($5 in chips)
Seat 6: Hero ($11.62 in chips)
52bb8386: posts small blind $0.02
8317ca27: posts big blind $0.05
*** HOLE CARDS ***
Dealt to f65644e8 
Dealt to 72734388 
Dealt to 9c89b320 
Dealt to 52bb8386 
Dealt to 8317ca27 
Dealt to Hero [Ad 7s]
Hero: folds
f65644e8: folds
72734388: calls $0.05
9c89b320: folds
52bb8386: raises $0.2 to $0.25
8317ca27: folds
72734388: calls $0.2
*** FLOP *** [Ah 4s 7d]
52bb8386: checks
72734388: checks
*** TURN *** [Ah 4s 7d] [Ts]
52bb8386: checks
72734388: bets $0.28
52bb8386: folds
Uncalled bet ($0.28) returned to 72734388
*** SHOWDOWN ***
72734388 collected $0.53 from pot
*** SUMMARY ***
Total pot $0.55 | Rake $0.02 | Jackpot $0 | Bingo $0 | Fortune $0
Board [Ah 4s 7d Ts]
Seat 1: f65644e8 folded before Flop (didn't bet)
Seat 2: 72734388 won ($0.53)
Seat 3: 9c89b320 (button) folded before Flop (didn't bet)
Seat 4: 52bb8386 (small blind) folded on the Turn
Seat 5: 8317ca27 (big blind) folded before Flop
Seat 6: Hero folded before Flop (didn't bet)


Poker Hand #HD1204123134: Hold'em No Limit  ($0.02/$0.05) - 2023/04/15 15:39:38
Table 'NLHBlue11' 6-max Seat #2 is the button
Seat 1: f65644e8 ($5 in chips)
Seat 2: 72734388 ($1.93 in chips)
Seat 3: 9c89b320 ($5.16 in chips)
Seat 4: 52bb8386 ($10.74 in chips)
Seat 5: 8317ca27 ($5 in chips)
Seat 6: Hero ($11.62 in chips)
9c89b320: posts small blind $0.02
52bb8386: posts big blind $0.05
*** HOLE CARDS ***
Dealt to f65644e8 
Dealt to 72734388 
Dealt to 9c89b320 
Dealt to 52bb8386 
Dealt to 8317ca27 
Dealt to Hero [Ad 7h]
8317ca27: folds
Hero: folds
f65644e8: raises $0.1 to $0.15
72734388: folds
9c89b320: folds
52bb8386: calls $0.1
*** FLOP *** [Qh Tc As]
52bb8386: checks
f65644e8: checks
*** TURN *** [Qh Tc As] [4s]
52bb8386: checks
f65644e8: checks
*** RIVER *** [Qh Tc As 4s] [Ah]
52bb8386: checks
f65644e8: checks
52bb8386: shows [2s 2d] (Pair of Aces and Pair of Twos)
f65644e8: shows [3c 3s] (Pair of Aces and Pair of Treys)
*** SHOWDOWN ***
f65644e8 collected $0.31 from pot
*** SUMMARY ***
Total pot $0.32 | Rake $0.01 | Jackpot $0 | Bingo $0 | Fortune $0
Board [Qh Tc As 4s Ah]
Seat 1: f65644e8 showed [3c 3s] and won ($0.31) with Pair of Aces and Pair of Treys
Seat 2: 72734388 (button) folded before Flop (didn't bet)
Seat 3: 9c89b320 (small blind) folded before Flop
Seat 4: 52bb8386 (big blind) showed [2s 2d] and lost with Pair of Aces and Pair of Twos
Seat 5: 8317ca27 folded before Flop (didn't bet)
Seat 6: Hero folded before Flop (didn't bet)


Poker Hand #HD1204123108: Hold'em No Limit  ($0.02/$0.05) - 2023/04/15 15:39:23
Table 'NLHBlue11' 6-max Seat #1 is the button
Seat 1: f65644e8 ($5 in chips)
Seat 2: 72734388 ($1.95 in chips)
Seat 3: 9c89b320 ($5.21 in chips)
Seat 5: 8317ca27 ($5 in chips)
Seat 6: Hero ($11.55 in chips)
72734388: posts small blind $0.02
9c89b320: posts big blind $0.05
*** HOLE CARDS ***
Dealt to f65644e8 
Dealt to 72734388 
Dealt to 9c89b320 
Dealt to 8317ca27 
Dealt to Hero [Tc Ts]
8317ca27: folds
Hero: raises $0.07 to $0.12
f65644e8: folds
72734388: folds
9c89b320: folds
Uncalled bet ($0.07) returned to Hero
*** SHOWDOWN ***
Hero collected $0.12 from pot
*** SUMMARY ***
Total pot $0.12 | Rake $0 | Jackpot $0 | Bingo $0 | Fortune $0
Seat 1: f65644e8 (button) folded before Flop (didn't bet)
Seat 2: 72734388 (small blind) folded before Flop
Seat 3: 9c89b320 (big blind) folded before Flop
Seat 5: 8317ca27 folded before Flop (didn't bet)
Seat 6: Hero collected ($0.12)


Poker Hand #HD1204123060: Hold'em No Limit  ($0.02/$0.05) - 2023/04/15 15:38:59
Table 'NLHBlue11' 6-max Seat #6 is the button
Seat 1: f65644e8 ($5.02 in chips)
Seat 2: 72734388 ($1.79 in chips)
Seat 3: 9c89b320 ($5.21 in chips)
Seat 5: 8317ca27 ($5.07 in chips)
Seat 6: Hero ($11.55 in chips)
f65644e8: posts small blind $0.02
72734388: posts big blind $0.05
*** HOLE CARDS ***
Dealt to f65644e8 
Dealt to 72734388 
Dealt to 9c89b320 
Dealt to 8317ca27 
Dealt to Hero [4c 6s]
9c89b320: folds
8317ca27: raises $0.1 to $0.15
Hero: folds
f65644e8: folds
72734388: raises $1.64 to $1.79 and is all-in
8317ca27: folds
Uncalled bet ($1.64) returned to 72734388
*** SHOWDOWN ***
72734388 collected $0.31 from pot
*** SUMMARY ***
Total pot $0.32 | Rake $0.01 | Jackpot $0 | Bingo $0 | Fortune $0
Seat 1: f65644e8 (small blind) folded before Flop
Seat 2: 72734388 (big blind) collected ($0.31)
Seat 3: 9c89b320 folded before Flop (didn't bet)
Seat 5: 8317ca27 folded before Flop
Seat 6: Hero (button) folded before Flop (didn't bet)


Poker Hand #HD1204123045: Hold'em No Limit  ($0.02/$0.05) - 2023/04/15 15:38:48
Table 'NLHBlue11' 6-max Seat #5 is the button
Seat 1: f65644e8 ($5 in chips)
Seat 2: 72734388 ($1.79 in chips)
Seat 3: 9c89b320 ($5.21 in chips)
Seat 5: 8317ca27 ($5.07 in chips)
Seat 6: Hero ($11.57 in chips)
Hero: posts small blind $0.02
f65644e8: posts big blind $0.05
*** HOLE CARDS ***
Dealt to f65644e8 
Dealt to 72734388 
Dealt to 9c89b320 
Dealt to 8317ca27 
Dealt to Hero [9h 6c]
72734388: folds
9c89b320: folds
8317ca27: folds
Hero: folds
Uncalled bet ($0.03) returned to f65644e8
*** SHOWDOWN ***
f65644e8 collected $0.04 from pot
*** SUMMARY ***
Total pot $0.04 | Rake $0 | Jackpot $0 | Bingo $0 | Fortune $0
Seat 1: f65644e8 (big blind) collected ($0.04)
Seat 2: 72734388 folded before Flop (didn't bet)
Seat 3: 9c89b320 folded before Flop (didn't bet)
Seat 5: 8317ca27 (button) folded before Flop (didn't bet)
Seat 6: Hero (small blind) folded before Flop


Poker Hand #HD1204123016: Hold'em No Limit  ($0.02/$0.05) - 2023/04/15 15:38:32
Table 'NLHBlue11' 6-max Seat #3 is the button
Seat 1: f65644e8 ($5 in chips)
Seat 2: 72734388 ($1.79 in chips)
Seat 3: 9c89b320 ($5.21 in chips)
Seat 5: 8317ca27 ($5.02 in chips)
Seat 6: Hero ($11.62 in chips)
8317ca27: posts small blind $0.02
Hero: posts big blind $0.05
*** HOLE CARDS ***
Dealt to f65644e8 
Dealt to 72734388 
Dealt to 9c89b320 
Dealt to 8317ca27 
Dealt to Hero [Ts 2s]
f65644e8: folds
72734388: folds
9c89b320: folds
8317ca27: raises $0.1 to $0.15
Hero: folds
Uncalled bet ($0.1) returned to 8317ca27
*** SHOWDOWN ***
8317ca27 collected $0.1 from pot
*** SUMMARY ***
Total pot $0.1 | Rake $0 | Jackpot $0 | Bingo $0 | Fortune $0
Seat 1: f65644e8 folded before Flop (didn't bet)
Seat 2: 72734388 folded before Flop (didn't bet)
Seat 3: 9c89b320 (button) folded before Flop (didn't bet)
Seat 5: 8317ca27 (small blind) collected ($0.1)
Seat 6: Hero (big blind) folded before Flop


Poker Hand #HD1204122992: Hold'em No Limit  ($0.02/$0.05) - 2023/04/15 15:38:19
Table 'NLHBlue11' 6-max Seat #2 is the button
Seat 1: f65644e8 ($5 in chips)
Seat 2: 72734388 ($1.79 in chips)
Seat 3: 9c89b320 ($5.23 in chips)
Seat 5: 8317ca27 ($5 in chips)
Seat 6: Hero ($11.62 in chips)
9c89b320: posts small blind $0.02
8317ca27: posts big blind $0.05
*** HOLE CARDS ***
Dealt to f65644e8 
Dealt to 72734388 
Dealt to 9c89b320 
Dealt to 8317ca27 
Dealt to Hero [7s 5c]
Hero: folds
f65644e8: folds
72734388: folds
9c89b320: folds
Uncalled bet ($0.03) returned to 8317ca27
*** SHOWDOWN ***
8317ca27 collected $0.04 from pot
*** SUMMARY ***
Total pot $0.04 | Rake $0 | Jackpot $0 | Bingo $0 | Fortune $0
Seat 1: f65644e8 folded before Flop (didn't bet)
Seat 2: 72734388 (button) folded before Flop (didn't bet)
Seat 3: 9c89b320 (small blind) folded before Flop
Seat 5: 8317ca27 (big blind) collected ($0.04)
Seat 6: Hero folded before Flop (didn't bet)


Poker Hand #HD1204122946: Hold'em No Limit  ($0.02/$0.05) - 2023/04/15 15:37:47
Table 'NLHBlue11' 6-max Seat #1 is the button
Seat 1: f65644e8 ($5 in chips)
Seat 2: 72734388 ($1.81 in chips)
Seat 3: 9c89b320 ($5.28 in chips)
Seat 5: 8317ca27 ($5 in chips)
Seat 6: Hero ($11.44 in chips)
72734388: posts small blind $0.02
9c89b320: posts big blind $0.05
*** HOLE CARDS ***
Dealt to f65644e8 
Dealt to 72734388 
Dealt to 9c89b320 
Dealt to 8317ca27 
Dealt to Hero [4s 4c]
8317ca27: folds
Hero: raises $0.07 to $0.12
f65644e8: calls $0.12
72734388: folds
9c89b320: folds
*** FLOP *** [Qh Th 5s]
Hero: checks
f65644e8: checks
*** TURN *** [Qh Th 5s] [7d]
Hero: bets $0.12
f65644e8: folds
Uncalled bet ($0.12) returned to Hero
*** SHOWDOWN ***
Hero collected $0.3 from pot
*** SUMMARY ***
Total pot $0.31 | Rake $0.01 | Jackpot $0 | Bingo $0 | Fortune $0
Board [Qh Th 5s 7d]
Seat 1: f65644e8 (button) folded on the Turn
Seat 2: 72734388 (small blind) folded before Flop
Seat 3: 9c89b320 (big blind) folded before Flop
Seat 5: 8317ca27 folded before Flop (didn't bet)
Seat 6: Hero won ($0.3)


Poker Hand #HD1204122918: Hold'em No Limit  ($0.02/$0.05) - 2023/04/15 15:37:34
Table 'NLHBlue11' 6-max Seat #6 is the button
Seat 1: f65644e8 ($5 in chips)
Seat 2: 72734388 ($1.86 in chips)
Seat 3: 9c89b320 ($5.21 in chips)
Seat 5: 8317ca27 ($5 in chips)
Seat 6: Hero ($11.44 in chips)
f65644e8: posts small blind $0.02
72734388: posts big blind $0.05
*** HOLE CARDS ***
Dealt to f65644e8 
Dealt to 72734388 
Dealt to 9c89b320 
Dealt to 8317ca27 
Dealt to Hero [Qd 9s]
9c89b320: raises $0.1 to $0.15
8317ca27: folds
Hero: folds
f65644e8: folds
72734388: folds
Uncalled bet ($0.1) returned to 9c89b320
*** SHOWDOWN ***
9c89b320 collected $0.12 from pot
*** SUMMARY ***
Total pot $0.12 | Rake $0 | Jackpot $0 | Bingo $0 | Fortune $0
Seat 1: f65644e8 (small blind) folded before Flop
Seat 2: 72734388 (big blind) folded before Flop
Seat 3: 9c89b320 collected ($0.12)
Seat 5: 8317ca27 folded before Flop (didn't bet)
Seat 6: Hero (button) folded before Flop (didn't bet)


Poker Hand #HD1204122826: Hold'em No Limit  ($0.02/$0.05) - 2023/04/15 15:36:43
Table 'NLHBlue11' 6-max Seat #5 is the button
Seat 1: f65644e8 ($5 in chips)
Seat 2: 72734388 ($1.86 in chips)
Seat 3: 9c89b320 ($5.21 in chips)
Seat 5: 8317ca27 ($5.09 in chips)
Seat 6: Hero ($10.88 in chips)
Hero: posts small blind $0.02
f65644e8: posts big blind $0.05
*** HOLE CARDS ***
Dealt to f65644e8 
Dealt to 72734388 
Dealt to 9c89b320 
Dealt to 8317ca27 
Dealt to Hero [7s 7h]
72734388: folds
9c89b320: folds
8317ca27: raises $0.07 to $0.12
Hero: raises $0.44 to $0.56
f65644e8: folds
8317ca27: calls $0.44
*** FLOP *** [7c Kd 8h]
Hero: bets $0.43
8317ca27: folds
Uncalled bet ($0.43) returned to Hero
*** SHOWDOWN ***
Hero collected $1.12 from pot
*** SUMMARY ***
Total pot $1.17 | Rake $0.05 | Jackpot $0 | Bingo $0 | Fortune $0
Board [7c Kd 8h]
Seat 1: f65644e8 (big blind) folded before Flop
Seat 2: 72734388 folded before Flop (didn't bet)
Seat 3: 9c89b320 folded before Flop (didn't bet)
Seat 5: 8317ca27 (button) folded on the Flop
Seat 6: Hero (small blind) won ($1.12)


Poker Hand #HD1204122796: Hold'em No Limit  ($0.02/$0.05) - 2023/04/15 15:36:28
Table 'NLHBlue11' 6-max Seat #3 is the button
Seat 1: f65644e8 ($5 in chips)
Seat 2: 72734388 ($1.86 in chips)
Seat 3: 9c89b320 ($5.14 in chips)
Seat 5: 8317ca27 ($5.11 in chips)
Seat 6: Hero ($10.93 in chips)
8317ca27: posts small blind $0.02
Hero: posts big blind $0.05
*** HOLE CARDS ***
Dealt to f65644e8 
Dealt to 72734388 
Dealt to 9c89b320 
Dealt to 8317ca27 
Dealt to Hero [Jd 8c]
f65644e8: folds
72734388: folds
9c89b320: raises $0.08 to $0.13
8317ca27: folds
Hero: folds
Uncalled bet ($0.08) returned to 9c89b320
*** SHOWDOWN ***
9c89b320 collected $0.12 from pot
*** SUMMARY ***
Total pot $0.12 | Rake $0 | Jackpot $0 | Bingo $0 | Fortune $0
Seat 1: f65644e8 folded before Flop (didn't bet)
Seat 2: 72734388 folded before Flop (didn't bet)
Seat 3: 9c89b320 (button) collected ($0.12)
Seat 5: 8317ca27 (small blind) folded before Flop
Seat 6: Hero (big blind) folded before Flop


Poker Hand #HD1204122765: Hold'em No Limit  ($0.02/$0.05) - 2023/04/15 15:36:10
Table 'NLHBlue11' 6-max Seat #2 is the button
Seat 1: f65644e8 ($5 in chips)
Seat 2: 72734388 ($1.79 in chips)
Seat 3: 9c89b320 ($5.16 in chips)
Seat 5: 8317ca27 ($5.16 in chips)
Seat 6: Hero ($10.93 in chips)
9c89b320: posts small blind $0.02
8317ca27: posts big blind $0.05
*** HOLE CARDS ***
Dealt to f65644e8 
Dealt to 72734388 
Dealt to 9c89b320 
Dealt to 8317ca27 
Dealt to Hero [5c 3c]
Hero: folds
f65644e8: folds
72734388: raises $1.74 to $1.79 and is all-in
9c89b320: folds
8317ca27: folds
Uncalled bet ($1.74) returned to 72734388
*** SHOWDOWN ***
72734388 collected $0.12 from pot
*** SUMMARY ***
Total pot $0.12 | Rake $0 | Jackpot $0 | Bingo $0 | Fortune $0
Seat 1: f65644e8 folded before Flop (didn't bet)
Seat 2: 72734388 (button) collected ($0.12)
Seat 3: 9c89b320 (small blind) folded before Flop
Seat 5: 8317ca27 (big blind) folded before Flop
Seat 6: Hero folded before Flop (didn't bet)


Poker Hand #HD1204122747: Hold'em No Limit  ($0.02/$0.05) - 2023/04/15 15:35:59
Table 'NLHBlue11' 6-max Seat #1 is the button
Seat 1: f65644e8 ($5 in chips)
Seat 2: 72734388 ($1.81 in chips)
Seat 3: 9c89b320 ($5.14 in chips)
Seat 5: 8317ca27 ($5.16 in chips)
Seat 6: Hero ($10.93 in chips)
72734388: posts small blind $0.02
9c89b320: posts big blind $0.05
*** HOLE CARDS ***
Dealt to f65644e8 
Dealt to 72734388 
Dealt to 9c89b320 
Dealt to 8317ca27 
Dealt to Hero [4c Qc]
8317ca27: folds
Hero: folds
f65644e8: folds
72734388: folds
Uncalled bet ($0.03) returned to 9c89b320
*** SHOWDOWN ***
9c89b320 collected $0.04 from pot
*** SUMMARY ***
Total pot $0.04 | Rake $0 | Jackpot $0 | Bingo $0 | Fortune $0
Seat 1: f65644e8 (button) folded before Flop (didn't bet)
Seat 2: 72734388 (small blind) folded before Flop
Seat 3: 9c89b320 (big blind) collected ($0.04)
Seat 5: 8317ca27 folded before Flop (didn't bet)
Seat 6: Hero folded before Flop (didn't bet)


Poker Hand #HD1204122655: Hold'em No Limit  ($0.02/$0.05) - 2023/04/15 15:35:07
Table 'NLHBlue11' 6-max Seat #6 is the button
Seat 1: f65644e8 ($5 in chips)
Seat 2: 72734388 ($1.96 in chips)
Seat 3: 9c89b320 ($5.14 in chips)
Seat 5: 8317ca27 ($5 in chips)
Seat 6: Hero ($10.93 in chips)
f65644e8: posts small blind $0.02
72734388: posts big blind $0.05
*** HOLE CARDS ***
Dealt to f65644e8 
Dealt to 72734388 
Dealt to 9c89b320 
Dealt to 8317ca27 
Dealt to Hero [6d Qh]
9c89b320: folds
8317ca27: raises $0.1 to $0.15
Hero: folds
f65644e8: folds
72734388: calls $0.1
*** FLOP *** [Qc Jd 5c]
72734388: checks
8317ca27: checks
*** TURN *** [Qc Jd 5c] [7d]
72734388: checks
8317ca27: checks
*** RIVER *** [Qc Jd 5c 7d] [3c]
72734388: checks
8317ca27: checks
72734388: shows [3d 4c] (Pair of Treys)
8317ca27: shows [9h 9c] (Pair of Nines)
*** SHOWDOWN ***
8317ca27 collected $0.31 from pot
*** SUMMARY ***
Total pot $0.32 | Rake $0.01 | Jackpot $0 | Bingo $0 | Fortune $0
Board [Qc Jd 5c 7d 3c]
Seat 1: f65644e8 (small blind) folded before Flop
Seat 2: 72734388 (big blind) showed [3d 4c] and lost with Pair of Treys
Seat 3: 9c89b320 folded before Flop (didn't bet)
Seat 5: 8317ca27 showed [9h 9c] and won ($0.31) with Pair of Nines
Seat 6: Hero (button) folded before Flop (didn't bet)


Poker Hand #HD1204122603: Hold'em No Limit  ($0.02/$0.05) - 2023/04/15 15:34:38
Table 'NLHBlue11' 6-max Seat #5 is the button
Seat 1: f65644e8 ($5 in chips)
Seat 2: 72734388 ($1.96 in chips)
Seat 3: 9c89b320 ($5.14 in chips)
Seat 5: 8317ca27 ($5 in chips)
Seat 6: Hero ($10.8 in chips)
Hero: posts small blind $0.02
f65644e8: posts big blind $0.05
*** HOLE CARDS ***
Dealt to f65644e8 
Dealt to 72734388 
Dealt to 9c89b320 
Dealt to 8317ca27 
Dealt to Hero [3d 8d]
72734388: folds
9c89b320: folds
8317ca27: folds
Hero: raises $0.09 to $0.14
f65644e8: calls $0.09
*** FLOP *** [9s Kh 4h]
Hero: bets $0.14
f65644e8: folds
Uncalled bet ($0.14) returned to Hero
*** SHOWDOWN ***
Hero collected $0.27 from pot
*** SUMMARY ***
Total pot $0.28 | Rake $0.01 | Jackpot $0 | Bingo $0 | Fortune $0
Board [9s Kh 4h]
Seat 1: f65644e8 (big blind) folded on the Flop
Seat 2: 72734388 folded before Flop (didn't bet)
Seat 3: 9c89b320 folded before Flop (didn't bet)
Seat 5: 8317ca27 (button) folded before Flop (didn't bet)
Seat 6: Hero (small blind) won ($0.27)


Poker Hand #HD1204122569: Hold'em No Limit  ($0.02/$0.05) - 2023/04/15 15:34:22
Table 'NLHBlue11' 6-max Seat #3 is the button
Seat 1: f65644e8 ($5 in chips)
Seat 2: 72734388 ($1.96 in chips)
Seat 3: 9c89b320 ($5.07 in chips)
Seat 5: 8317ca27 ($5 in chips)
Seat 6: Hero ($10.85 in chips)
8317ca27: posts small blind $0.02
Hero: posts big blind $0.05
*** HOLE CARDS ***
Dealt to f65644e8 
Dealt to 72734388 
Dealt to 9c89b320 
Dealt to 8317ca27 
Dealt to Hero [Ts 6d]
f65644e8: folds
72734388: folds
9c89b320: raises $0.08 to $0.13
8317ca27: folds
Hero: folds
Uncalled bet ($0.08) returned to 9c89b320
*** SHOWDOWN ***
9c89b320 collected $0.12 from pot
*** SUMMARY ***
Total pot $0.12 | Rake $0 | Jackpot $0 | Bingo $0 | Fortune $0
Seat 1: f65644e8 folded before Flop (didn't bet)
Seat 2: 72734388 folded before Flop (didn't bet)
Seat 3: 9c89b320 (button) collected ($0.12)
Seat 5: 8317ca27 (small blind) folded before Flop
Seat 6: Hero (big blind) folded before Flop


Poker Hand #HD1204122544: Hold'em No Limit  ($0.02/$0.05) - 2023/04/15 15:34:04
Table 'NLHBlue11' 6-max Seat #2 is the button
Seat 1: f65644e8 ($5 in chips)
Seat 2: 72734388 ($1.96 in chips)
Seat 3: 9c89b320 ($5.09 in chips)
Seat 5: 8317ca27 ($5 in chips)
Seat 6: Hero ($10.78 in chips)
9c89b320: posts small blind $0.02
8317ca27: posts big blind $0.05
*** HOLE CARDS ***
Dealt to f65644e8 
Dealt to 72734388 
Dealt to 9c89b320 
Dealt to 8317ca27 
Dealt to Hero [3c 3d]
Hero: raises $0.07 to $0.12
f65644e8: folds
72734388: folds
9c89b320: folds
8317ca27: folds
Uncalled bet ($0.07) returned to Hero
*** SHOWDOWN ***
Hero collected $0.12 from pot
*** SUMMARY ***
Total pot $0.12 | Rake $0 | Jackpot $0 | Bingo $0 | Fortune $0
Seat 1: f65644e8 folded before Flop (didn't bet)
Seat 2: 72734388 (button) folded before Flop (didn't bet)
Seat 3: 9c89b320 (small blind) folded before Flop
Seat 5: 8317ca27 (big blind) folded before Flop
Seat 6: Hero collected ($0.12)


Poker Hand #HD1204122529: Hold'em No Limit  ($0.02/$0.05) - 2023/04/15 15:33:53
Table 'NLHBlue11' 6-max Seat #1 is the button
Seat 1: f65644e8 ($5 in chips)
Seat 2: 72734388 ($1.98 in chips)
Seat 3: 9c89b320 ($5.14 in chips)
Seat 5: 8317ca27 ($5 in chips)
Seat 6: Hero ($10.71 in chips)
72734388: posts small blind $0.02
9c89b320: posts big blind $0.05
*** HOLE CARDS ***
Dealt to f65644e8 
Dealt to 72734388 
Dealt to 9c89b320 
Dealt to 8317ca27 
Dealt to Hero [Th Kc]
8317ca27: folds
Hero: raises $0.07 to $0.12
f65644e8: folds
72734388: folds
9c89b320: folds
Uncalled bet ($0.07) returned to Hero
*** SHOWDOWN ***
Hero collected $0.12 from pot
*** SUMMARY ***
Total pot $0.12 | Rake $0 | Jackpot $0 | Bingo $0 | Fortune $0
Seat 1: f65644e8 (button) folded before Flop (didn't bet)
Seat 2: 72734388 (small blind) folded before Flop
Seat 3: 9c89b320 (big blind) folded before Flop
Seat 5: 8317ca27 folded before Flop (didn't bet)
Seat 6: Hero collected ($0.12)


Poker Hand #HD1204122445: Hold'em No Limit  ($0.02/$0.05) - 2023/04/15 15:33:05
Table 'NLHBlue11' 6-max Seat #6 is the button
Seat 1: f65644e8 ($5.02 in chips)
Seat 2: 72734388 ($2.69 in chips)
Seat 3: 9c89b320 ($5.14 in chips)
Seat 5: 8317ca27 ($5 in chips)
Seat 6: Hero ($10.05 in chips)
f65644e8: posts small blind $0.02
72734388: posts big blind $0.05
*** HOLE CARDS ***
Dealt to f65644e8 
Dealt to 72734388 
Dealt to 9c89b320 
Dealt to 8317ca27 
Dealt to Hero [9d Qs]
9c89b320: folds
8317ca27: folds
Hero: raises $0.07 to $0.12
f65644e8: folds
72734388: calls $0.07
*** FLOP *** [Qd Jd Tc]
72734388: bets $0.13
Hero: calls $0.13
*** TURN *** [Qd Jd Tc] [3d]
72734388: bets $0.15
Hero: raises $0.21 to $0.36
72734388: calls $0.21
*** RIVER *** [Qd Jd Tc 3d] [Kh]
72734388: bets $0.1
Hero: calls $0.1
72734388: shows [Jh Ks] (Pair of Kings and Pair of Jacks)
Hero: shows [9d Qs] (Kings-High Straight)
*** SHOWDOWN ***
Hero collected $1.37 from pot
*** SUMMARY ***
Total pot $1.44 | Rake $0.07 | Jackpot $0 | Bingo $0 | Fortune $0
Board [Qd Jd Tc 3d Kh]
Seat 1: f65644e8 (small blind) folded before Flop
Seat 2: 72734388 (big blind) showed [Jh Ks] and lost with Pair of Kings and Pair of Jacks
Seat 3: 9c89b320 folded before Flop (didn't bet)
Seat 5: 8317ca27 folded before Flop (didn't bet)
Seat 6: Hero (button) showed [9d Qs] and won ($1.37) with Kings-High Straight


Poker Hand #HD1204122423: Hold'em No Limit  ($0.02/$0.05) - 2023/04/15 15:32:51
Table 'NLHBlue11' 6-max Seat #5 is the button
Seat 1: f65644e8 ($5.07 in chips)
Seat 2: 72734388 ($2.69 in chips)
Seat 3: 9c89b320 ($5.07 in chips)
Seat 5: 8317ca27 ($5 in chips)
Seat 6: Hero ($10.07 in chips)
Hero: posts small blind $0.02
f65644e8: posts big blind $0.05
*** HOLE CARDS ***
Dealt to f65644e8 
Dealt to 72734388 
Dealt to 9c89b320 
Dealt to 8317ca27 
Dealt to Hero [3d 9h]
72734388: folds
9c89b320: raises $0.1 to $0.15
8317ca27: folds
Hero: folds
f65644e8: folds
Uncalled bet ($0.1) returned to 9c89b320
*** SHOWDOWN ***
9c89b320 collected $0.12 from pot
*** SUMMARY ***
Total pot $0.12 | Rake $0 | Jackpot $0 | Bingo $0 | Fortune $0
Seat 1: f65644e8 (big blind) folded before Flop
Seat 2: 72734388 folded before Flop (didn't bet)
Seat 3: 9c89b320 collected ($0.12)
Seat 5: 8317ca27 (button) folded before Flop (didn't bet)
Seat 6: Hero (small blind) folded before Flop


Poker Hand #HD1204122378: Hold'em No Limit  ($0.02/$0.05) - 2023/04/15 15:32:29
Table 'NLHBlue11' 6-max Seat #3 is the button
Seat 1: f65644e8 ($5.07 in chips)
Seat 2: 72734388 ($2.69 in chips)
Seat 3: 9c89b320 ($5 in chips)
Seat 5: 8317ca27 ($5.02 in chips)
Seat 6: Hero ($10.12 in chips)
8317ca27: posts small blind $0.02
Hero: posts big blind $0.05
*** HOLE CARDS ***
Dealt to f65644e8 
Dealt to 72734388 
Dealt to 9c89b320 
Dealt to 8317ca27 
Dealt to Hero [Tc 8h]
f65644e8: folds
72734388: folds
9c89b320: raises $0.08 to $0.13
8317ca27: folds
Hero: folds
Uncalled bet ($0.08) returned to 9c89b320
*** SHOWDOWN ***
9c89b320 collected $0.12 from pot
*** SUMMARY ***
Total pot $0.12 | Rake $0 | Jackpot $0 | Bingo $0 | Fortune $0
Seat 1: f65644e8 folded before Flop (didn't bet)
Seat 2: 72734388 folded before Flop (didn't bet)
Seat 3: 9c89b320 (button) collected ($0.12)
Seat 5: 8317ca27 (small blind) folded before Flop
Seat 6: Hero (big blind) folded before Flop


Poker Hand #HD1204122349: Hold'em No Limit  ($0.02/$0.05) - 2023/04/15 15:32:12
Table 'NLHBlue11' 6-max Seat #2 is the button
Seat 1: f65644e8 ($5 in chips)
Seat 2: 72734388 ($2.69 in chips)
Seat 3: 9c89b320 ($5.02 in chips)
Seat 5: 8317ca27 ($5.07 in chips)
Seat 6: Hero ($10.12 in chips)
9c89b320: posts small blind $0.02
8317ca27: posts big blind $0.05
*** HOLE CARDS ***
Dealt to f65644e8 
Dealt to 72734388 
Dealt to 9c89b320 
Dealt to 8317ca27 
Dealt to Hero [5h 9h]
Hero: folds
f65644e8: raises $0.1 to $0.15
72734388: folds
9c89b320: folds
8317ca27: folds
Uncalled bet ($0.1) returned to f65644e8
*** SHOWDOWN ***
f65644e8 collected $0.12 from pot
*** SUMMARY ***
Total pot $0.12 | Rake $0 | Jackpot $0 | Bingo $0 | Fortune $0
Seat 1: f65644e8 collected ($0.12)
Seat 2: 72734388 (button) folded before Flop (didn't bet)
Seat 3: 9c89b320 (small blind) folded before Flop
Seat 5: 8317ca27 (big blind) folded before Flop
Seat 6: Hero folded before Flop (didn't bet)


Poker Hand #HD1204122274: Hold'em No Limit  ($0.02/$0.05) - 2023/04/15 15:31:24
Table 'NLHBlue11' 6-max Seat #1 is the button
Seat 1: f65644e8 ($5 in chips)
Seat 2: 72734388 ($2.81 in chips)
Seat 3: 9c89b320 ($5.07 in chips)
Seat 4: 52bb8386 ($10.74 in chips)
Seat 5: 8317ca27 ($5.07 in chips)
Seat 6: Hero ($9.96 in chips)
72734388: posts small blind $0.02
9c89b320: posts big blind $0.05
*** HOLE CARDS ***
Dealt to f65644e8 
Dealt to 72734388 
Dealt to 9c89b320 
Dealt to 52bb8386 
Dealt to 8317ca27 
Dealt to Hero [Qc Ks]
52bb8386: folds
8317ca27: folds
Hero: raises $0.07 to $0.12
f65644e8: folds
72734388: calls $0.1
9c89b320: folds
*** FLOP *** [6c 7c 6s]
72734388: checks
Hero: checks
*** TURN *** [6c 7c 6s] [Js]
72734388: checks
Hero: bets $0.22
72734388: folds
Uncalled bet ($0.22) returned to Hero
*** SHOWDOWN ***
Hero collected $0.28 from pot
*** SUMMARY ***
Total pot $0.29 | Rake $0.01 | Jackpot $0 | Bingo $0 | Fortune $0
Board [6c 7c 6s Js]
Seat 1: f65644e8 (button) folded before Flop (didn't bet)
Seat 2: 72734388 (small blind) folded on the Turn
Seat 3: 9c89b320 (big blind) folded before Flop
Seat 4: 52bb8386 folded before Flop (didn't bet)
Seat 5: 8317ca27 folded before Flop (didn't bet)
Seat 6: Hero won ($0.28)


Poker Hand #HD1204122231: Hold'em No Limit  ($0.02/$0.05) - 2023/04/15 15:30:59
Table 'NLHBlue11' 6-max Seat #6 is the button
Seat 1: f65644e8 ($5 in chips)
Seat 2: 72734388 ($2.86 in chips)
Seat 3: 9c89b320 ($5.07 in chips)
Seat 4: 52bb8386 ($10.74 in chips)
Seat 5: 8317ca27 ($5.07 in chips)
Seat 6: Hero ($9.89 in chips)
f65644e8: posts small blind $0.02
72734388: posts big blind $0.05
*** HOLE CARDS ***
Dealt to f65644e8 
Dealt to 72734388 
Dealt to 9c89b320 
Dealt to 52bb8386 
Dealt to 8317ca27 
Dealt to Hero [5h Qh]
9c89b320: folds
52bb8386: folds
8317ca27: folds
Hero: raises $0.07 to $0.12
f65644e8: folds
72734388: folds
Uncalled bet ($0.07) returned to Hero
*** SHOWDOWN ***
Hero collected $0.12 from pot
*** SUMMARY ***
Total pot $0.12 | Rake $0 | Jackpot $0 | Bingo $0 | Fortune $0
Seat 1: f65644e8 (small blind) folded before Flop
Seat 2: 72734388 (big blind) folded before Flop
Seat 3: 9c89b320 folded before Flop (didn't bet)
Seat 4: 52bb8386 folded before Flop (didn't bet)
Seat 5: 8317ca27 folded before Flop (didn't bet)
Seat 6: Hero (button) collected ($0.12)


Poker Hand #HD1204122185: Hold'em No Limit  ($0.02/$0.05) - 2023/04/15 15:30:36
Table 'NLHBlue11' 6-max Seat #5 is the button
Seat 1: f65644e8 ($5 in chips)
Seat 2: 72734388 ($2.86 in chips)
Seat 3: 9c89b320 ($5.07 in chips)
Seat 4: 52bb8386 ($10.67 in chips)
Seat 5: 8317ca27 ($5.07 in chips)
Seat 6: Hero ($9.91 in chips)
Hero: posts small blind $0.02
f65644e8: posts big blind $0.05
*** HOLE CARDS ***
Dealt to f65644e8 
Dealt to 72734388 
Dealt to 9c89b320 
Dealt to 52bb8386 
Dealt to 8317ca27 
Dealt to Hero [Jd Kc]
72734388: folds
9c89b320: folds
52bb8386: raises $0.08 to $0.13
8317ca27: folds
Hero: folds
f65644e8: folds
Uncalled bet ($0.08) returned to 52bb8386
*** SHOWDOWN ***
52bb8386 collected $0.12 from pot
*** SUMMARY ***
Total pot $0.12 | Rake $0 | Jackpot $0 | Bingo $0 | Fortune $0
Seat 1: f65644e8 (big blind) folded before Flop
Seat 2: 72734388 folded before Flop (didn't bet)
Seat 3: 9c89b320 folded before Flop (didn't bet)
Seat 4: 52bb8386 collected ($0.12)
Seat 5: 8317ca27 (button) folded before Flop (didn't bet)
Seat 6: Hero (small blind) folded before Flop


Poker Hand #HD1204122079: Hold'em No Limit  ($0.02/$0.05) - 2023/04/15 15:29:28
Table 'NLHBlue11' 6-max Seat #4 is the button
Seat 1: f65644e8 ($5 in chips)
Seat 2: 72734388 ($2.86 in chips)
Seat 3: 9c89b320 ($5.07 in chips)
Seat 4: 52bb8386 ($10.4 in chips)
Seat 5: 8317ca27 ($5.09 in chips)
Seat 6: Hero ($10.18 in chips)
8317ca27: posts small blind $0.02
Hero: posts big blind $0.05
*** HOLE CARDS ***
Dealt to f65644e8 
Dealt to 72734388 
Dealt to 9c89b320 
Dealt to 52bb8386 
Dealt to 8317ca27 
Dealt to Hero [Ah 4c]
f65644e8: folds
72734388: folds
9c89b320: folds
52bb8386: raises $0.08 to $0.13
8317ca27: folds
Hero: calls $0.08
*** FLOP *** [Jh Jd Ac]
Hero: checks
52bb8386: checks
*** TURN *** [Jh Jd Ac] [Qd]
Hero: bets $0.14
52bb8386: raises $0.31 to $0.45
Hero: folds
Uncalled bet ($0.31) returned to 52bb8386
*** SHOWDOWN ***
52bb8386 collected $0.54 from pot
*** SUMMARY ***
Total pot $0.56 | Rake $0.02 | Jackpot $0 | Bingo $0 | Fortune $0
Board [Jh Jd Ac Qd]
Seat 1: f65644e8 folded before Flop (didn't bet)
Seat 2: 72734388 folded before Flop (didn't bet)
Seat 3: 9c89b320 folded before Flop (didn't bet)
Seat 4: 52bb8386 (button) won ($0.54)
Seat 5: 8317ca27 (small blind) folded before Flop
Seat 6: Hero (big blind) folded on the Turn


Poker Hand #HD1204122045: Hold'em No Limit  ($0.02/$0.05) - 2023/04/15 15:29:07
Table 'NLHBlue11' 6-max Seat #3 is the button
Seat 1: f65644e8 ($5 in chips)
Seat 2: 72734388 ($2.86 in chips)
Seat 3: 9c89b320 ($5 in chips)
Seat 4: 52bb8386 ($10.42 in chips)
Seat 5: 8317ca27 ($5.14 in chips)
Seat 6: Hero ($10.18 in chips)
52bb8386: posts small blind $0.02
8317ca27: posts big blind $0.05
*** HOLE CARDS ***
Dealt to f65644e8 
Dealt to 72734388 
Dealt to 9c89b320 
Dealt to 52bb8386 
Dealt to 8317ca27 
Dealt to Hero [Js 5c]
Hero: folds
f65644e8: folds
72734388: folds
9c89b320: raises $0.08 to $0.13
52bb8386: folds
8317ca27: folds
Uncalled bet ($0.08) returned to 9c89b320
*** SHOWDOWN ***
9c89b320 collected $0.12 from pot
*** SUMMARY ***
Total pot $0.12 | Rake $0 | Jackpot $0 | Bingo $0 | Fortune $0
Seat 1: f65644e8 folded before Flop (didn't bet)
Seat 2: 72734388 folded before Flop (didn't bet)
Seat 3: 9c89b320 (button) collected ($0.12)
Seat 4: 52bb8386 (small blind) folded before Flop
Seat 5: 8317ca27 (big blind) folded before Flop
Seat 6: Hero folded before Flop (didn't bet)


Poker Hand #HD1204122016: Hold'em No Limit  ($0.02/$0.05) - 2023/04/15 15:28:49
Table 'NLHBlue11' 6-max Seat #2 is the button
Seat 1: f65644e8 ($5 in chips)
Seat 2: 72734388 ($2.79 in chips)
Seat 3: 9c89b320 ($5 in chips)
Seat 4: 52bb8386 ($10.47 in chips)
Seat 5: 8317ca27 ($5.14 in chips)
Seat 6: Hero ($10.18 in chips)
9c89b320: posts small blind $0.02
52bb8386: posts big blind $0.05
*** HOLE CARDS ***
Dealt to f65644e8 
Dealt to 72734388 
Dealt to 9c89b320 
Dealt to 52bb8386 
Dealt to 8317ca27 
Dealt to Hero [2h 8s]
8317ca27: folds
Hero: folds
f65644e8: folds
72734388: raises $0.1 to $0.15
9c89b320: folds
52bb8386: folds
Uncalled bet ($0.1) returned to 72734388
*** SHOWDOWN ***
72734388 collected $0.12 from pot
*** SUMMARY ***
Total pot $0.12 | Rake $0 | Jackpot $0 | Bingo $0 | Fortune $0
Seat 1: f65644e8 folded before Flop (didn't bet)
Seat 2: 72734388 (button) collected ($0.12)
Seat 3: 9c89b320 (small blind) folded before Flop
Seat 4: 52bb8386 (big blind) folded before Flop
Seat 5: 8317ca27 folded before Flop (didn't bet)
Seat 6: Hero folded before Flop (didn't bet)


Poker Hand #HD1204121974: Hold'em No Limit  ($0.02/$0.05) - 2023/04/15 15:28:24
Table 'NLHBlue11' 6-max Seat #1 is the button
Seat 1: f65644e8 ($5 in chips)
Seat 2: 72734388 ($2.81 in chips)
Seat 3: 9c89b320 ($5 in chips)
Seat 4: 52bb8386 ($10.47 in chips)
Seat 5: 8317ca27 ($5.07 in chips)
Seat 6: Hero ($10.18 in chips)
72734388: posts small blind $0.02
9c89b320: posts big blind $0.05
*** HOLE CARDS ***
Dealt to f65644e8 
Dealt to 72734388 
Dealt to 9c89b320 
Dealt to 52bb8386 
Dealt to 8317ca27 
Dealt to Hero [5h 8d]
52bb8386: folds
8317ca27: raises $0.1 to $0.15
Hero: folds
f65644e8: folds
72734388: folds
9c89b320: folds
Uncalled bet ($0.1) returned to 8317ca27
*** SHOWDOWN ***
8317ca27 collected $0.12 from pot
*** SUMMARY ***
Total pot $0.12 | Rake $0 | Jackpot $0 | Bingo $0 | Fortune $0
Seat 1: f65644e8 (button) folded before Flop (didn't bet)
Seat 2: 72734388 (small blind) folded before Flop
Seat 3: 9c89b320 (big blind) folded before Flop
Seat 4: 52bb8386 folded before Flop (didn't bet)
Seat 5: 8317ca27 collected ($0.12)
Seat 6: Hero folded before Flop (didn't bet)


Poker Hand #HD1204121927: Hold'em No Limit  ($0.02/$0.05) - 2023/04/15 15:27:54
Table 'NLHBlue11' 6-max Seat #6 is the button
Seat 1: f65644e8 ($5 in chips)
Seat 2: 72734388 ($2.86 in chips)
Seat 3: 9c89b320 ($5 in chips)
Seat 4: 52bb8386 ($10.4 in chips)
Seat 5: 8317ca27 ($5.07 in chips)
Seat 6: Hero ($10.18 in chips)
f65644e8: posts small blind $0.02
72734388: posts big blind $0.05
*** HOLE CARDS ***
Dealt to f65644e8 
Dealt to 72734388 
Dealt to 9c89b320 
Dealt to 52bb8386 
Dealt to 8317ca27 
Dealt to Hero [Ah 9d]
9c89b320: folds
52bb8386: raises $0.08 to $0.13
8317ca27: folds
Hero: folds
f65644e8: folds
72734388: folds
Uncalled bet ($0.08) returned to 52bb8386
*** SHOWDOWN ***
52bb8386 collected $0.12 from pot
*** SUMMARY ***
Total pot $0.12 | Rake $0 | Jackpot $0 | Bingo $0 | Fortune $0
Seat 1: f65644e8 (small blind) folded before Flop
Seat 2: 72734388 (big blind) folded before Flop
Seat 3: 9c89b320 folded before Flop (didn't bet)
Seat 4: 52bb8386 collected ($0.12)
Seat 5: 8317ca27 folded before Flop (didn't bet)
Seat 6: Hero (button) folded before Flop (didn't bet)


Poker Hand #HD1204121805: Hold'em No Limit  ($0.02/$0.05) - 2023/04/15 15:26:44
Table 'NLHBlue11' 6-max Seat #5 is the button
Seat 1: f65644e8 ($5 in chips)
Seat 2: 72734388 ($4.24 in chips)
Seat 3: 9c89b320 ($5 in chips)
Seat 4: 52bb8386 ($10.4 in chips)
Seat 5: 8317ca27 ($5.07 in chips)
Seat 6: Hero ($8.72 in chips)
Hero: posts small blind $0.02
f65644e8: posts big blind $0.05
*** HOLE CARDS ***
Dealt to f65644e8 
Dealt to 72734388 
Dealt to 9c89b320 
Dealt to 52bb8386 
Dealt to 8317ca27 
Dealt to Hero [Kd Kh]
72734388: calls $0.05
9c89b320: folds
52bb8386: folds
8317ca27: folds
Hero: raises $0.23 to $0.28
f65644e8: calls $0.23
72734388: calls $0.23
*** FLOP *** [Th 3h Qc]
Hero: bets $0.42
f65644e8: folds
72734388: calls $0.42
*** TURN *** [Th 3h Qc] [Js]
Hero: bets $0.68
72734388: calls $0.68
*** RIVER *** [Th 3h Qc Js] [Ts]
Hero: checks
72734388: checks
Hero: shows [Kd Kh] (Pair of Kings and Pair of Tens)
72734388: shows [3c Ac] (Pair of Tens and Pair of Treys)
*** SHOWDOWN ***
Hero collected $2.84 from pot
*** SUMMARY ***
Total pot $3.04 | Rake $0.15 | Jackpot $0.05 | Bingo $0 | Fortune $0
Board [Th 3h Qc Js Ts]
Seat 1: f65644e8 (big blind) folded on the Flop
Seat 2: 72734388 showed [3c Ac] and lost with Pair of Tens and Pair of Treys
Seat 3: 9c89b320 folded before Flop (didn't bet)
Seat 4: 52bb8386 folded before Flop (didn't bet)
Seat 5: 8317ca27 (button) folded before Flop (didn't bet)
Seat 6: Hero (small blind) showed [Kd Kh] and won ($2.84) with Pair of Kings and Pair of Tens


Poker Hand #HD1204121742: Hold'em No Limit  ($0.02/$0.05) - 2023/04/15 15:26:07
Table 'NLHBlue11' 6-max Seat #4 is the button
Seat 1: f65644e8 ($5 in chips)
Seat 2: 72734388 ($4.24 in chips)
Seat 3: 9c89b320 ($5 in chips)
Seat 4: 52bb8386 ($10.33 in chips)
Seat 5: 8317ca27 ($5.09 in chips)
Seat 6: Hero ($8.77 in chips)
8317ca27: posts small blind $0.02
Hero: posts big blind $0.05
*** HOLE CARDS ***
Dealt to f65644e8 
Dealt to 72734388 
Dealt to 9c89b320 
Dealt to 52bb8386 
Dealt to 8317ca27 
Dealt to Hero [Qs 2c]
f65644e8: folds
72734388: folds
9c89b320: folds
52bb8386: raises $0.08 to $0.13
8317ca27: folds
Hero: folds
Uncalled bet ($0.08) returned to 52bb8386
*** SHOWDOWN ***
52bb8386 collected $0.12 from pot
*** SUMMARY ***
Total pot $0.12 | Rake $0 | Jackpot $0 | Bingo $0 | Fortune $0
Seat 1: f65644e8 folded before Flop (didn't bet)
Seat 2: 72734388 folded before Flop (didn't bet)
Seat 3: 9c89b320 folded before Flop (didn't bet)
Seat 4: 52bb8386 (button) collected ($0.12)
Seat 5: 8317ca27 (small blind) folded before Flop
Seat 6: Hero (big blind) folded before Flop


Poker Hand #HD1204121677: Hold'em No Limit  ($0.02/$0.05) - 2023/04/15 15:25:30
Table 'NLHBlue11' 6-max Seat #3 is the button
Seat 1: f65644e8 ($5 in chips)
Seat 2: 72734388 ($4.24 in chips)
Seat 3: 9c89b320 ($5 in chips)
Seat 4: 52bb8386 ($10.38 in chips)
Seat 5: 8317ca27 ($5.04 in chips)
Seat 6: Hero ($8.77 in chips)
52bb8386: posts small blind $0.02
8317ca27: posts big blind $0.05
*** HOLE CARDS ***
Dealt to f65644e8 
Dealt to 72734388 
Dealt to 9c89b320 
Dealt to 52bb8386 
Dealt to 8317ca27 
Dealt to Hero [Ks 4s]
Hero: folds
f65644e8: folds
72734388: folds
9c89b320: folds
52bb8386: calls $0.03
8317ca27: raises $0.15 to $0.2
52bb8386: folds
Uncalled bet ($0.15) returned to 8317ca27
*** SHOWDOWN ***
8317ca27 collected $0.1 from pot
*** SUMMARY ***
Total pot $0.1 | Rake $0 | Jackpot $0 | Bingo $0 | Fortune $0
Seat 1: f65644e8 folded before Flop (didn't bet)
Seat 2: 72734388 folded before Flop (didn't bet)
Seat 3: 9c89b320 (button) folded before Flop (didn't bet)
Seat 4: 52bb8386 (small blind) folded before Flop
Seat 5: 8317ca27 (big blind) collected ($0.1)
Seat 6: Hero folded before Flop (didn't bet)


Poker Hand #HD1204121596: Hold'em No Limit  ($0.02/$0.05) - 2023/04/15 15:24:38
Table 'NLHBlue11' 6-max Seat #2 is the button
Seat 1: f65644e8 ($5 in chips)
Seat 2: 72734388 ($4.52 in chips)
Seat 3: 9c89b320 ($5 in chips)
Seat 4: 52bb8386 ($10.43 in chips)
Seat 5: 8317ca27 ($5.04 in chips)
Seat 6: Hero ($8.45 in chips)
9c89b320: posts small blind $0.02
52bb8386: posts big blind $0.05
*** HOLE CARDS ***
Dealt to f65644e8 
Dealt to 72734388 
Dealt to 9c89b320 
Dealt to 52bb8386 
Dealt to 8317ca27 
Dealt to Hero [Qc Kh]
8317ca27: folds
Hero: raises $0.07 to $0.12
f65644e8: folds
72734388: calls $0.12
9c89b320: folds
52bb8386: folds
*** FLOP *** [6d 9s Ac]
Hero: checks
72734388: checks
*** TURN *** [6d 9s Ac] [3d]
Hero: checks
72734388: checks
*** RIVER *** [6d 9s Ac 3d] [Kc]
Hero: bets $0.16
72734388: calls $0.16
Hero: shows [Qc Kh] (Pair of Kings)
72734388: shows [5s 5h] (Pair of Fives)
*** SHOWDOWN ***
Hero collected $0.6 from pot
*** SUMMARY ***
Total pot $0.63 | Rake $0.03 | Jackpot $0 | Bingo $0 | Fortune $0
Board [6d 9s Ac 3d Kc]
Seat 1: f65644e8 folded before Flop (didn't bet)
Seat 2: 72734388 (button) showed [5s 5h] and lost with Pair of Fives
Seat 3: 9c89b320 (small blind) folded before Flop
Seat 4: 52bb8386 (big blind) folded before Flop
Seat 5: 8317ca27 folded before Flop (didn't bet)
Seat 6: Hero showed [Qc Kh] and won ($0.6) with Pair of Kings


Poker Hand #HD1204121527: Hold'em No Limit  ($0.02/$0.05) - 2023/04/15 15:23:57
Table 'NLHBlue11' 6-max Seat #1 is the button
Seat 1: f65644e8 ($5 in chips)
Seat 2: 72734388 ($4.27 in chips)
Seat 3: 9c89b320 ($5 in chips)
Seat 4: 52bb8386 ($10.43 in chips)
Seat 5: 8317ca27 ($5.04 in chips)
Seat 6: Hero ($8.67 in chips)
72734388: posts small blind $0.02
9c89b320: posts big blind $0.05
*** HOLE CARDS ***
Dealt to f65644e8 
Dealt to 72734388 
Dealt to 9c89b320 
Dealt to 52bb8386 
Dealt to 8317ca27 
Dealt to Hero [6h Th]
52bb8386: folds
8317ca27: folds
Hero: raises $0.07 to $0.12
f65644e8: folds
72734388: calls $0.1
9c89b320: folds
*** FLOP *** [9d Ts Qc]
72734388: bets $0.1
Hero: calls $0.1
*** TURN *** [9d Ts Qc] [3s]
72734388: bets $0.05
Hero: folds
Uncalled bet ($0.05) returned to 72734388
*** SHOWDOWN ***
72734388 collected $0.47 from pot
*** SUMMARY ***
Total pot $0.49 | Rake $0.02 | Jackpot $0 | Bingo $0 | Fortune $0
Board [9d Ts Qc 3s]
Seat 1: f65644e8 (button) folded before Flop (didn't bet)
Seat 2: 72734388 (small blind) won ($0.47)
Seat 3: 9c89b320 (big blind) folded before Flop
Seat 4: 52bb8386 folded before Flop (didn't bet)
Seat 5: 8317ca27 folded before Flop (didn't bet)
Seat 6: Hero folded on the Turn


Poker Hand #HD1204121444: Hold'em No Limit  ($0.02/$0.05) - 2023/04/15 15:23:09
Table 'NLHBlue11' 6-max Seat #6 is the button
Seat 1: f65644e8 ($5 in chips)
Seat 2: 72734388 ($4.11 in chips)
Seat 3: 9c89b320 ($5 in chips)
Seat 4: 52bb8386 ($10.43 in chips)
Seat 5: 8317ca27 ($5.19 in chips)
Seat 6: Hero ($8.67 in chips)
f65644e8: posts small blind $0.02
72734388: posts big blind $0.05
*** HOLE CARDS ***
Dealt to f65644e8 
Dealt to 72734388 
Dealt to 9c89b320 
Dealt to 52bb8386 
Dealt to 8317ca27 
Dealt to Hero [3s 8h]
9c89b320: folds
52bb8386: folds
8317ca27: raises $0.1 to $0.15
Hero: folds
f65644e8: folds
72734388: calls $0.1
*** FLOP *** [Qd 9d Qh]
72734388: bets $0.16
8317ca27: folds
Uncalled bet ($0.16) returned to 72734388
*** SHOWDOWN ***
72734388 collected $0.31 from pot
*** SUMMARY ***
Total pot $0.32 | Rake $0.01 | Jackpot $0 | Bingo $0 | Fortune $0
Board [Qd 9d Qh]
Seat 1: f65644e8 (small blind) folded before Flop
Seat 2: 72734388 (big blind) won ($0.31)
Seat 3: 9c89b320 folded before Flop (didn't bet)
Seat 4: 52bb8386 folded before Flop (didn't bet)
Seat 5: 8317ca27 folded on the Flop
Seat 6: Hero (button) folded before Flop (didn't bet)


Poker Hand #HD1204121360: Hold'em No Limit  ($0.02/$0.05) - 2023/04/15 15:22:17
Table 'NLHBlue11' 6-max Seat #5 is the button
Seat 1: f65644e8 ($5 in chips)
Seat 2: 72734388 ($5.34 in chips)
Seat 3: 9c89b320 ($5 in chips)
Seat 4: 52bb8386 ($10.43 in chips)
Seat 5: 8317ca27 ($5.19 in chips)
Seat 6: Hero ($7.56 in chips)
Hero: posts small blind $0.02
f65644e8: posts big blind $0.05
*** HOLE CARDS ***
Dealt to f65644e8 
Dealt to 72734388 
Dealt to 9c89b320 
Dealt to 52bb8386 
Dealt to 8317ca27 
Dealt to Hero [Tc Td]
72734388: raises $0.08 to $0.13
9c89b320: folds
52bb8386: folds
8317ca27: folds
Hero: raises $0.47 to $0.6
f65644e8: folds
72734388: calls $0.47
*** FLOP *** [4h Kc 5h]
Hero: checks
72734388: bets $0.63
Hero: calls $0.63
*** TURN *** [4h Kc 5h] [4d]
Hero: checks
72734388: checks
*** RIVER *** [4h Kc 5h 4d] [9h]
Hero: checks
72734388: checks
Hero: shows [Tc Td] (Pair of Tens and Pair of Fours)
72734388: shows [As Th] (Pair of Fours)
*** SHOWDOWN ***
Hero collected $2.34 from pot
*** SUMMARY ***
Total pot $2.51 | Rake $0.12 | Jackpot $0.05 | Bingo $0 | Fortune $0
Board [4h Kc 5h 4d 9h]
Seat 1: f65644e8 (big blind) folded before Flop
Seat 2: 72734388 showed [As Th] and lost with Pair of Fours
Seat 3: 9c89b320 folded before Flop (didn't bet)
Seat 4: 52bb8386 folded before Flop (didn't bet)
Seat 5: 8317ca27 (button) folded before Flop (didn't bet)
Seat 6: Hero (small blind) showed [Tc Td] and won ($2.34) with Pair of Tens and Pair of Fours


Poker Hand #HD1204121268: Hold'em No Limit  ($0.02/$0.05) - 2023/04/15 15:21:23
Table 'NLHBlue11' 6-max Seat #4 is the button
Seat 2: 72734388 ($5.34 in chips)
Seat 3: 9c89b320 ($5.14 in chips)
Seat 4: 52bb8386 ($10.43 in chips)
Seat 5: 8317ca27 ($5.21 in chips)
Seat 6: Hero ($6.97 in chips)
8317ca27: posts small blind $0.02
Hero: posts big blind $0.05
*** HOLE CARDS ***
Dealt to 72734388 
Dealt to 9c89b320 
Dealt to 52bb8386 
Dealt to 8317ca27 
Dealt to Hero [Th Ah]
72734388: folds
9c89b320: raises $0.1 to $0.15
52bb8386: folds
8317ca27: folds
Hero: raises $0.48 to $0.63
9c89b320: calls $0.48
*** FLOP *** [Ts 6c As]
Hero: bets $0.86
9c89b320: folds
Uncalled bet ($0.86) returned to Hero
*** SHOWDOWN ***
Hero collected $1.22 from pot
*** SUMMARY ***
Total pot $1.28 | Rake $0.06 | Jackpot $0 | Bingo $0 | Fortune $0
Board [Ts 6c As]
Seat 2: 72734388 folded before Flop (didn't bet)
Seat 3: 9c89b320 folded on the Flop
Seat 4: 52bb8386 (button) folded before Flop (didn't bet)
Seat 5: 8317ca27 (small blind) folded before Flop
Seat 6: Hero (big blind) won ($1.22)


Poker Hand #HD1204121226: Hold'em No Limit  ($0.02/$0.05) - 2023/04/15 15:20:55
Table 'NLHBlue11' 6-max Seat #3 is the button
Seat 2: 72734388 ($5.34 in chips)
Seat 3: 9c89b320 ($5.14 in chips)
Seat 4: 52bb8386 ($10.45 in chips)
Seat 5: 8317ca27 ($5.19 in chips)
Seat 6: Hero ($6.97 in chips)
52bb8386: posts small blind $0.02
8317ca27: posts big blind $0.05
*** HOLE CARDS ***
Dealt to 72734388 
Dealt to 9c89b320 
Dealt to 52bb8386 
Dealt to 8317ca27 
Dealt to Hero [Ks 6d]
Hero: folds
72734388: folds
9c89b320: folds
52bb8386: folds
Uncalled bet ($0.03) returned to 8317ca27
*** SHOWDOWN ***
8317ca27 collected $0.04 from pot
*** SUMMARY ***
Total pot $0.04 | Rake $0 | Jackpot $0 | Bingo $0 | Fortune $0
Seat 2: 72734388 folded before Flop (didn't bet)
Seat 3: 9c89b320 (button) folded before Flop (didn't bet)
Seat 4: 52bb8386 (small blind) folded before Flop
Seat 5: 8317ca27 (big blind) collected ($0.04)
Seat 6: Hero folded before Flop (didn't bet)


Poker Hand #HD1204121148: Hold'em No Limit  ($0.02/$0.05) - 2023/04/15 15:20:14
Table 'NLHBlue11' 6-max Seat #2 is the button
Seat 2: 72734388 ($5.34 in chips)
Seat 3: 9c89b320 ($4.95 in chips)
Seat 4: 52bb8386 ($10.6 in chips)
Seat 5: 8317ca27 ($5.19 in chips)
Seat 6: Hero ($6.97 in chips)
9c89b320: posts small blind $0.02
52bb8386: posts big blind $0.05
*** HOLE CARDS ***
Dealt to 72734388 
Dealt to 9c89b320 
Dealt to 52bb8386 
Dealt to 8317ca27 
Dealt to Hero [5c 3c]
8317ca27: folds
Hero: folds
72734388: folds
9c89b320: raises $0.1 to $0.15
52bb8386: calls $0.1
*** FLOP *** [6s Th 8s]
9c89b320: bets $0.23
52bb8386: folds
Uncalled bet ($0.23) returned to 9c89b320
*** SHOWDOWN ***
9c89b320 collected $0.29 from pot
*** SUMMARY ***
Total pot $0.3 | Rake $0.01 | Jackpot $0 | Bingo $0 | Fortune $0
Board [6s Th 8s]
Seat 2: 72734388 (button) folded before Flop (didn't bet)
Seat 3: 9c89b320 (small blind) won ($0.29)
Seat 4: 52bb8386 (big blind) folded on the Flop
Seat 5: 8317ca27 folded before Flop (didn't bet)
Seat 6: Hero folded before Flop (didn't bet)


Poker Hand #HD1204121102: Hold'em No Limit  ($0.02/$0.05) - 2023/04/15 15:19:48
Table 'NLHBlue11' 6-max Seat #6 is the button
Seat 2: 72734388 ($5.36 in chips)
Seat 3: 9c89b320 ($5 in chips)
Seat 4: 52bb8386 ($10.6 in chips)
Seat 5: 8317ca27 ($5.12 in chips)
Seat 6: Hero ($6.97 in chips)
72734388: posts small blind $0.02
9c89b320: posts big blind $0.05
*** HOLE CARDS ***
Dealt to 72734388 
Dealt to 9c89b320 
Dealt to 52bb8386 
Dealt to 8317ca27 
Dealt to Hero [6d Ac]
52bb8386: folds
8317ca27: raises $0.1 to $0.15
Hero: folds
72734388: folds
9c89b320: folds
Uncalled bet ($0.1) returned to 8317ca27
*** SHOWDOWN ***
8317ca27 collected $0.12 from pot
*** SUMMARY ***
Total pot $0.12 | Rake $0 | Jackpot $0 | Bingo $0 | Fortune $0
Seat 2: 72734388 (small blind) folded before Flop
Seat 3: 9c89b320 (big blind) folded before Flop
Seat 4: 52bb8386 folded before Flop (didn't bet)
Seat 5: 8317ca27 collected ($0.12)
Seat 6: Hero (button) folded before Flop (didn't bet)


Poker Hand #HD1204121045: Hold'em No Limit  ($0.02/$0.05) - 2023/04/15 15:19:09
Table 'NLHBlue11' 6-max Seat #5 is the button
Seat 2: 72734388 ($5.49 in chips)
Seat 3: 9c89b320 ($5 in chips)
Seat 4: 52bb8386 ($10.46 in chips)
Seat 5: 8317ca27 ($5.12 in chips)
Seat 6: Hero ($6.99 in chips)
Hero: posts small blind $0.02
72734388: posts big blind $0.05
*** HOLE CARDS ***
Dealt to 72734388 
Dealt to 9c89b320 
Dealt to 52bb8386 
Dealt to 8317ca27 
Dealt to Hero [Js 8h]
9c89b320: folds
52bb8386: raises $0.08 to $0.13
8317ca27: folds
Hero: folds
72734388: calls $0.08
*** FLOP *** [3h 4h Ah]
72734388: checks
52bb8386: bets $0.15
72734388: folds
Uncalled bet ($0.15) returned to 52bb8386
*** SHOWDOWN ***
52bb8386 collected $0.27 from pot
*** SUMMARY ***
Total pot $0.28 | Rake $0.01 | Jackpot $0 | Bingo $0 | Fortune $0
Board [3h 4h Ah]
Seat 2: 72734388 (big blind) folded on the Flop
Seat 3: 9c89b320 folded before Flop (didn't bet)
Seat 4: 52bb8386 won ($0.27)
Seat 5: 8317ca27 (button) folded before Flop (didn't bet)
Seat 6: Hero (small blind) folded before Flop


Poker Hand #HD1204121002: Hold'em No Limit  ($0.02/$0.05) - 2023/04/15 15:18:44
Table 'NLHBlue11' 6-max Seat #4 is the button
Seat 2: 72734388 ($5.49 in chips)
Seat 3: 9c89b320 ($5 in chips)
Seat 4: 52bb8386 ($10.39 in chips)
Seat 5: 8317ca27 ($5.14 in chips)
Seat 6: Hero ($7.04 in chips)
8317ca27: posts small blind $0.02
Hero: posts big blind $0.05
*** HOLE CARDS ***
Dealt to 72734388 
Dealt to 9c89b320 
Dealt to 52bb8386 
Dealt to 8317ca27 
Dealt to Hero [6h Ts]
72734388: folds
9c89b320: folds
52bb8386: raises $0.05 to $0.1
8317ca27: folds
Hero: folds
Uncalled bet ($0.05) returned to 52bb8386
*** SHOWDOWN ***
52bb8386 collected $0.12 from pot
*** SUMMARY ***
Total pot $0.12 | Rake $0 | Jackpot $0 | Bingo $0 | Fortune $0
Seat 2: 72734388 folded before Flop (didn't bet)
Seat 3: 9c89b320 folded before Flop (didn't bet)
Seat 4: 52bb8386 (button) collected ($0.12)
Seat 5: 8317ca27 (small blind) folded before Flop
Seat 6: Hero (big blind) folded before Flop


Poker Hand #HD1204120887: Hold'em No Limit  ($0.02/$0.05) - 2023/04/15 15:17:33
Table 'NLHBlue11' 6-max Seat #3 is the button
Seat 1: 7c5c5a3e ($2.54 in chips)
Seat 2: 72734388 ($5.49 in chips)
Seat 3: 9c89b320 ($5 in chips)
Seat 4: 52bb8386 ($10.41 in chips)
Seat 5: 8317ca27 ($5 in chips)
Seat 6: Hero ($7.04 in chips)
52bb8386: posts small blind $0.02
8317ca27: posts big blind $0.05
*** HOLE CARDS ***
Dealt to 7c5c5a3e 
Dealt to 72734388 
Dealt to 9c89b320 
Dealt to 52bb8386 
Dealt to 8317ca27 
Dealt to Hero [Qh Ts]
Hero: folds
7c5c5a3e: folds
72734388: folds
9c89b320: raises $0.08 to $0.13
52bb8386: folds
8317ca27: calls $0.08
*** FLOP *** [Kh 6d 3h]
8317ca27: checks
9c89b320: checks
*** TURN *** [Kh 6d 3h] [Th]
8317ca27: checks
9c89b320: checks
*** RIVER *** [Kh 6d 3h Th] [4h]
8317ca27: checks
9c89b320: checks
8317ca27: shows [As 2s] (Ace-High)
9c89b320: shows [8c 5c] (King-High)
*** SHOWDOWN ***
8317ca27 collected $0.27 from pot
*** SUMMARY ***
Total pot $0.28 | Rake $0.01 | Jackpot $0 | Bingo $0 | Fortune $0
Board [Kh 6d 3h Th 4h]
Seat 1: 7c5c5a3e folded before Flop (didn't bet)
Seat 2: 72734388 folded before Flop (didn't bet)
Seat 3: 9c89b320 (button) showed [8c 5c] and lost with King-High
Seat 4: 52bb8386 (small blind) folded before Flop
Seat 5: 8317ca27 (big blind) showed [As 2s] and won ($0.27) with Ace-High
Seat 6: Hero folded before Flop (didn't bet)


Poker Hand #HD1204120747: Hold'em No Limit  ($0.02/$0.05) - 2023/04/15 15:16:13
Table 'NLHBlue11' 6-max Seat #2 is the button
Seat 1: 7c5c5a3e ($2.54 in chips)
Seat 2: 72734388 ($5.82 in chips)
Seat 3: 9c89b320 ($5 in chips)
Seat 4: 52bb8386 ($10.09 in chips)
Seat 6: Hero ($7.04 in chips)
9c89b320: posts small blind $0.02
52bb8386: posts big blind $0.05
*** HOLE CARDS ***
Dealt to 7c5c5a3e 
Dealt to 72734388 
Dealt to 9c89b320 
Dealt to 52bb8386 
Dealt to Hero [Ah 2c]
Hero: folds
7c5c5a3e: folds
72734388: raises $0.08 to $0.13
9c89b320: folds
52bb8386: calls $0.08
*** FLOP *** [5h 9c Qd]
52bb8386: checks
72734388: checks
*** TURN *** [5h 9c Qd] [8s]
52bb8386: checks
72734388: checks
*** RIVER *** [5h 9c Qd 8s] [9s]
52bb8386: bets $0.2
72734388: calls $0.2
52bb8386: shows [Td 9d] (Three Nines)
72734388: shows [Jc Ks] (Pair of Nines)
*** SHOWDOWN ***
52bb8386 collected $0.65 from pot
*** SUMMARY ***
Total pot $0.68 | Rake $0.03 | Jackpot $0 | Bingo $0 | Fortune $0
Board [5h 9c Qd 8s 9s]
Seat 1: 7c5c5a3e folded before Flop (didn't bet)
Seat 2: 72734388 (button) showed [Jc Ks] and lost with Pair of Nines
Seat 3: 9c89b320 (small blind) folded before Flop
Seat 4: 52bb8386 (big blind) showed [Td 9d] and won ($0.65) with Three Nines
Seat 6: Hero folded before Flop (didn't bet)


Poker Hand #HD1204120700: Hold'em No Limit  ($0.02/$0.05) - 2023/04/15 15:15:45
Table 'NLHBlue11' 6-max Seat #1 is the button
Seat 1: 7c5c5a3e ($2.54 in chips)
Seat 2: 72734388 ($5.84 in chips)
Seat 3: 9c89b320 ($5 in chips)
Seat 4: 52bb8386 ($10.02 in chips)
Seat 5: 3c8f499 ($5.05 in chips)
Seat 6: Hero ($7.04 in chips)
72734388: posts small blind $0.02
9c89b320: posts big blind $0.05
*** HOLE CARDS ***
Dealt to 7c5c5a3e 
Dealt to 72734388 
Dealt to 9c89b320 
Dealt to 52bb8386 
Dealt to 3c8f499 
Dealt to Hero [2d 3c]
52bb8386: raises $0.08 to $0.13
3c8f499: folds
Hero: folds
7c5c5a3e: folds
72734388: folds
9c89b320: folds
Uncalled bet ($0.08) returned to 52bb8386
*** SHOWDOWN ***
52bb8386 collected $0.12 from pot
*** SUMMARY ***
Total pot $0.12 | Rake $0 | Jackpot $0 | Bingo $0 | Fortune $0
Seat 1: 7c5c5a3e (button) folded before Flop (didn't bet)
Seat 2: 72734388 (small blind) folded before Flop
Seat 3: 9c89b320 (big blind) folded before Flop
Seat 4: 52bb8386 collected ($0.12)
Seat 5: 3c8f499 folded before Flop (didn't bet)
Seat 6: Hero folded before Flop (didn't bet)


Poker Hand #HD1204120652: Hold'em No Limit  ($0.02/$0.05) - 2023/04/15 15:15:12
Table 'NLHBlue11' 6-max Seat #6 is the button
Seat 1: 7c5c5a3e ($2.56 in chips)
Seat 2: 72734388 ($5.7 in chips)
Seat 3: 9c89b320 ($5 in chips)
Seat 4: 52bb8386 ($10.02 in chips)
Seat 5: 3c8f499 ($5.18 in chips)
Seat 6: Hero ($7.04 in chips)
7c5c5a3e: posts small blind $0.02
72734388: posts big blind $0.05
*** HOLE CARDS ***
Dealt to 7c5c5a3e 
Dealt to 72734388 
Dealt to 9c89b320 
Dealt to 52bb8386 
Dealt to 3c8f499 
Dealt to Hero [Td 8c]
9c89b320: folds
52bb8386: folds
3c8f499: raises $0.08 to $0.13
Hero: folds
7c5c5a3e: folds
72734388: calls $0.08
*** FLOP *** [5c 3s Tc]
72734388: checks
3c8f499: checks
*** TURN *** [5c 3s Tc] [Kh]
72734388: checks
3c8f499: checks
*** RIVER *** [5c 3s Tc Kh] [Qh]
72734388: bets $0.1
3c8f499: folds
Uncalled bet ($0.1) returned to 72734388
*** SHOWDOWN ***
72734388 collected $0.27 from pot
*** SUMMARY ***
Total pot $0.28 | Rake $0.01 | Jackpot $0 | Bingo $0 | Fortune $0
Board [5c 3s Tc Kh Qh]
Seat 1: 7c5c5a3e (small blind) folded before Flop
Seat 2: 72734388 (big blind) won ($0.27)
Seat 3: 9c89b320 folded before Flop (didn't bet)
Seat 4: 52bb8386 folded before Flop (didn't bet)
Seat 5: 3c8f499 folded on the River
Seat 6: Hero (button) folded before Flop (didn't bet)


Poker Hand #HD1204120618: Hold'em No Limit  ($0.02/$0.05) - 2023/04/15 15:14:55
Table 'NLHBlue11' 6-max Seat #5 is the button
Seat 1: 7c5c5a3e ($2.54 in chips)
Seat 2: 72734388 ($5.7 in chips)
Seat 3: 9c89b320 ($5 in chips)
Seat 4: 52bb8386 ($10.02 in chips)
Seat 5: 3c8f499 ($5.18 in chips)
Seat 6: Hero ($7.06 in chips)
Hero: posts small blind $0.02
7c5c5a3e: posts big blind $0.05
*** HOLE CARDS ***
Dealt to 7c5c5a3e 
Dealt to 72734388 
Dealt to 9c89b320 
Dealt to 52bb8386 
Dealt to 3c8f499 
Dealt to Hero [9h 7c]
72734388: folds
9c89b320: folds
52bb8386: folds
3c8f499: folds
Hero: folds
Uncalled bet ($0.03) returned to 7c5c5a3e
*** SHOWDOWN ***
7c5c5a3e collected $0.04 from pot
*** SUMMARY ***
Total pot $0.04 | Rake $0 | Jackpot $0 | Bingo $0 | Fortune $0
Seat 1: 7c5c5a3e (big blind) collected ($0.04)
Seat 2: 72734388 folded before Flop (didn't bet)
Seat 3: 9c89b320 folded before Flop (didn't bet)
Seat 4: 52bb8386 folded before Flop (didn't bet)
Seat 5: 3c8f499 (button) folded before Flop (didn't bet)
Seat 6: Hero (small blind) folded before Flop


Poker Hand #HD1204120511: Hold'em No Limit  ($0.02/$0.05) - 2023/04/15 15:13:52
Table 'NLHBlue11' 6-max Seat #4 is the button
Seat 1: 7c5c5a3e ($2.54 in chips)
Seat 2: 72734388 ($5.7 in chips)
Seat 3: 9c89b320 ($5 in chips)
Seat 4: 52bb8386 ($9.88 in chips)
Seat 5: 3c8f499 ($5.2 in chips)
Seat 6: Hero ($7.19 in chips)
3c8f499: posts small blind $0.02
Hero: posts big blind $0.05
*** HOLE CARDS ***
Dealt to 7c5c5a3e 
Dealt to 72734388 
Dealt to 9c89b320 
Dealt to 52bb8386 
Dealt to 3c8f499 
Dealt to Hero [Ks 4s]
7c5c5a3e: folds
72734388: folds
9c89b320: folds
52bb8386: raises $0.08 to $0.13
3c8f499: folds
Hero: calls $0.08
*** FLOP *** [6h 8h 2c]
Hero: checks
52bb8386: checks
*** TURN *** [6h 8h 2c] [Qh]
Hero: checks
52bb8386: bets $0.15
Hero: folds
Uncalled bet ($0.15) returned to 52bb8386
*** SHOWDOWN ***
52bb8386 collected $0.27 from pot
*** SUMMARY ***
Total pot $0.28 | Rake $0.01 | Jackpot $0 | Bingo $0 | Fortune $0
Board [6h 8h 2c Qh]
Seat 1: 7c5c5a3e folded before Flop (didn't bet)
Seat 2: 72734388 folded before Flop (didn't bet)
Seat 3: 9c89b320 folded before Flop (didn't bet)
Seat 4: 52bb8386 (button) won ($0.27)
Seat 5: 3c8f499 (small blind) folded before Flop
Seat 6: Hero (big blind) folded on the Turn


Poker Hand #HD1204120450: Hold'em No Limit  ($0.02/$0.05) - 2023/04/15 15:13:12
Table 'NLHBlue11' 6-max Seat #3 is the button
Seat 1: 7c5c5a3e ($2.54 in chips)
Seat 2: 72734388 ($5.9 in chips)
Seat 3: 9c89b320 ($5 in chips)
Seat 4: 52bb8386 ($9.9 in chips)
Seat 5: 3c8f499 ($5 in chips)
Seat 6: Hero ($7.19 in chips)
52bb8386: posts small blind $0.02
3c8f499: posts big blind $0.05
*** HOLE CARDS ***
Dealt to 7c5c5a3e 
Dealt to 72734388 
Dealt to 9c89b320 
Dealt to 52bb8386 
Dealt to 3c8f499 
Dealt to Hero [Ad 3c]
Hero: folds
7c5c5a3e: folds
72734388: raises $0.05 to $0.1
9c89b320: folds
52bb8386: folds
3c8f499: calls $0.05
*** FLOP *** [Qd As Td]
3c8f499: checks
72734388: checks
*** TURN *** [Qd As Td] [Ac]
3c8f499: checks
72734388: bets $0.1
3c8f499: calls $0.1
*** RIVER *** [Qd As Td Ac] [2d]
3c8f499: checks
72734388: checks
3c8f499: shows [Ts Jc] (Pair of Aces and Pair of Tens)
72734388: shows [5c 5s] (Pair of Aces and Pair of Fives)
*** SHOWDOWN ***
3c8f499 collected $0.4 from pot
*** SUMMARY ***
Total pot $0.42 | Rake $0.02 | Jackpot $0 | Bingo $0 | Fortune $0
Board [Qd As Td Ac 2d]
Seat 1: 7c5c5a3e folded before Flop (didn't bet)
Seat 2: 72734388 showed [5c 5s] and lost with Pair of Aces and Pair of Fives
Seat 3: 9c89b320 (button) folded before Flop (didn't bet)
Seat 4: 52bb8386 (small blind) folded before Flop
Seat 5: 3c8f499 (big blind) showed [Ts Jc] and won ($0.4) with Pair of Aces and Pair of Tens
Seat 6: Hero folded before Flop (didn't bet)


Poker Hand #HD1204120397: Hold'em No Limit  ($0.02/$0.05) - 2023/04/15 15:12:38
Table 'NLHBlue11' 6-max Seat #2 is the button
Seat 1: 7c5c5a3e ($2.54 in chips)
Seat 2: 72734388 ($5.9 in chips)
Seat 3: 9c89b320 ($5 in chips)
Seat 4: 52bb8386 ($9.95 in chips)
Seat 6: Hero ($7.12 in chips)
9c89b320: posts small blind $0.02
52bb8386: posts big blind $0.05
*** HOLE CARDS ***
Dealt to 7c5c5a3e 
Dealt to 72734388 
Dealt to 9c89b320 
Dealt to 52bb8386 
Dealt to Hero [Ac Jc]
Hero: raises $0.07 to $0.12
7c5c5a3e: folds
72734388: folds
9c89b320: folds
52bb8386: folds
Uncalled bet ($0.07) returned to Hero
*** SHOWDOWN ***
Hero collected $0.12 from pot
*** SUMMARY ***
Total pot $0.12 | Rake $0 | Jackpot $0 | Bingo $0 | Fortune $0
Seat 1: 7c5c5a3e folded before Flop (didn't bet)
Seat 2: 72734388 (button) folded before Flop (didn't bet)
Seat 3: 9c89b320 (small blind) folded before Flop
Seat 4: 52bb8386 (big blind) folded before Flop
Seat 6: Hero collected ($0.12)


Poker Hand #HD1204120348: Hold'em No Limit  ($0.02/$0.05) - 2023/04/15 15:12:11
Table 'NLHBlue11' 6-max Seat #1 is the button
Seat 1: 7c5c5a3e ($2.54 in chips)
Seat 2: 72734388 ($5.85 in chips)
Seat 3: 9c89b320 ($5 in chips)
Seat 4: 52bb8386 ($9.95 in chips)
Seat 6: Hero ($7.12 in chips)
72734388: posts small blind $0.02
9c89b320: posts big blind $0.05
*** HOLE CARDS ***
Dealt to 7c5c5a3e 
Dealt to 72734388 
Dealt to 9c89b320 
Dealt to 52bb8386 
Dealt to Hero [8d 6c]
52bb8386: folds
Hero: folds
7c5c5a3e: folds
72734388: raises $0.13 to $0.18
9c89b320: folds
Uncalled bet ($0.13) returned to 72734388
*** SHOWDOWN ***
72734388 collected $0.1 from pot
*** SUMMARY ***
Total pot $0.1 | Rake $0 | Jackpot $0 | Bingo $0 | Fortune $0
Seat 1: 7c5c5a3e (button) folded before Flop (didn't bet)
Seat 2: 72734388 (small blind) collected ($0.1)
Seat 3: 9c89b320 (big blind) folded before Flop
Seat 4: 52bb8386 folded before Flop (didn't bet)
Seat 6: Hero folded before Flop (didn't bet)


Poker Hand #HD1204120263: Hold'em No Limit  ($0.02/$0.05) - 2023/04/15 15:11:11
Table 'NLHBlue11' 6-max Seat #6 is the button
Seat 1: 7c5c5a3e ($2.05 in chips)
Seat 2: 72734388 ($6.26 in chips)
Seat 3: 9c89b320 ($5 in chips)
Seat 4: 52bb8386 ($9.95 in chips)
Seat 6: Hero ($7.24 in chips)
7c5c5a3e: posts small blind $0.02
72734388: posts big blind $0.05
*** HOLE CARDS ***
Dealt to 7c5c5a3e 
Dealt to 72734388 
Dealt to 9c89b320 
Dealt to 52bb8386 
Dealt to Hero [8d 4d]
9c89b320: folds
52bb8386: folds
Hero: raises $0.07 to $0.12
7c5c5a3e: raises $0.29 to $0.41
72734388: calls $0.36
Hero: folds
*** FLOP *** [Ah 7s 3c]
7c5c5a3e: bets $0.47
72734388: folds
Uncalled bet ($0.47) returned to 7c5c5a3e
*** SHOWDOWN ***
7c5c5a3e collected $0.9 from pot
*** SUMMARY ***
Total pot $0.94 | Rake $0.04 | Jackpot $0 | Bingo $0 | Fortune $0
Board [Ah 7s 3c]
Seat 1: 7c5c5a3e (small blind) won ($0.9)
Seat 2: 72734388 (big blind) folded on the Flop
Seat 3: 9c89b320 folded before Flop (didn't bet)
Seat 4: 52bb8386 folded before Flop (didn't bet)
Seat 6: Hero (button) folded before Flop


Poker Hand #HD1204120173: Hold'em No Limit  ($0.02/$0.05) - 2023/04/15 15:10:14
Table 'NLHBlue11' 6-max Seat #4 is the button
Seat 1: 7c5c5a3e ($3.45 in chips)
Seat 2: 72734388 ($6.26 in chips)
Seat 3: 9c89b320 ($5 in chips)
Seat 4: 52bb8386 ($9.95 in chips)
Seat 6: Hero ($6.02 in chips)
Hero: posts small blind $0.02
7c5c5a3e: posts big blind $0.05
*** HOLE CARDS ***
Dealt to 7c5c5a3e 
Dealt to 72734388 
Dealt to 9c89b320 
Dealt to 52bb8386 
Dealt to Hero [Td Ts]
72734388: folds
9c89b320: folds
52bb8386: folds
Hero: raises $0.09 to $0.14
7c5c5a3e: raises $0.28 to $0.42
Hero: calls $0.28
*** FLOP *** [4h 2h Qd]
Hero: checks
7c5c5a3e: bets $0.42
Hero: calls $0.42
*** TURN *** [4h 2h Qd] [9d]
Hero: checks
7c5c5a3e: bets $0.56
Hero: calls $0.56
*** RIVER *** [4h 2h Qd 9d] [7c]
Hero: checks
7c5c5a3e: checks
Hero: shows [Td Ts] (Pair of Tens)
7c5c5a3e: shows [8h As] (Ace-High)
*** SHOWDOWN ***
Hero collected $2.62 from pot
*** SUMMARY ***
Total pot $2.8 | Rake $0.13 | Jackpot $0.05 | Bingo $0 | Fortune $0
Board [4h 2h Qd 9d 7c]
Seat 1: 7c5c5a3e (big blind) showed [8h As] and lost with Ace-High
Seat 2: 72734388 folded before Flop (didn't bet)
Seat 3: 9c89b320 folded before Flop (didn't bet)
Seat 4: 52bb8386 (button) folded before Flop (didn't bet)
Seat 6: Hero (small blind) showed [Td Ts] and won ($2.62) with Pair of Tens


Poker Hand #HD1204120109: Hold'em No Limit  ($0.02/$0.05) - 2023/04/15 15:09:35
Table 'NLHBlue11' 6-max Seat #3 is the button
Seat 1: 7c5c5a3e ($3.91 in chips)
Seat 2: 72734388 ($6.26 in chips)
Seat 3: 9c89b320 ($5 in chips)
Seat 4: 52bb8386 ($9.97 in chips)
Seat 6: Hero ($5.58 in chips)
52bb8386: posts small blind $0.02
Hero: posts big blind $0.05
*** HOLE CARDS ***
Dealt to 7c5c5a3e 
Dealt to 72734388 
Dealt to 9c89b320 
Dealt to 52bb8386 
Dealt to Hero [Td Kd]
7c5c5a3e: raises $0.08 to $0.13
72734388: folds
9c89b320: folds
52bb8386: folds
Hero: calls $0.08
*** FLOP *** [6d 2d Qh]
Hero: bets $0.14
7c5c5a3e: raises $0.19 to $0.33
Hero: calls $0.19
*** TURN *** [6d 2d Qh] [6h]
Hero: bets $0.47
7c5c5a3e: folds
Uncalled bet ($0.47) returned to Hero
*** SHOWDOWN ***
Hero collected $0.9 from pot
*** SUMMARY ***
Total pot $0.94 | Rake $0.04 | Jackpot $0 | Bingo $0 | Fortune $0
Board [6d 2d Qh 6h]
Seat 1: 7c5c5a3e folded on the Turn
Seat 2: 72734388 folded before Flop (didn't bet)
Seat 3: 9c89b320 (button) folded before Flop (didn't bet)
Seat 4: 52bb8386 (small blind) folded before Flop
Seat 6: Hero (big blind) won ($0.9)


Poker Hand #HD1204120005: Hold'em No Limit  ($0.02/$0.05) - 2023/04/15 15:08:29
Table 'NLHBlue11' 6-max Seat #2 is the button
Seat 1: 7c5c5a3e ($4.93 in chips)
Seat 2: 72734388 ($5.32 in chips)
Seat 3: 9c89b320 ($5 in chips)
Seat 4: 52bb8386 ($10.02 in chips)
Seat 5: 6688b273 ($5.05 in chips)
Seat 6: Hero ($5.58 in chips)
9c89b320: posts small blind $0.02
52bb8386: posts big blind $0.05
*** HOLE CARDS ***
Dealt to 7c5c5a3e 
Dealt to 72734388 
Dealt to 9c89b320 
Dealt to 52bb8386 
Dealt to 6688b273 
Dealt to Hero [Jh 3s]
6688b273: folds
Hero: folds
7c5c5a3e: raises $0.1 to $0.15
72734388: calls $0.15
9c89b320: folds
52bb8386: folds
*** FLOP *** [4c 8c 2d]
7c5c5a3e: bets $0.13
72734388: calls $0.13
*** TURN *** [4c 8c 2d] [Tc]
7c5c5a3e: bets $0.21
72734388: calls $0.21
*** RIVER *** [4c 8c 2d Tc] [4s]
7c5c5a3e: bets $0.53
72734388: calls $0.53
7c5c5a3e: shows [6s Ks] (Pair of Fours)
72734388: shows [5c 5d] (Pair of Fives and Pair of Fours)
*** SHOWDOWN ***
72734388 collected $1.96 from pot
*** SUMMARY ***
Total pot $2.11 | Rake $0.1 | Jackpot $0.05 | Bingo $0 | Fortune $0
Board [4c 8c 2d Tc 4s]
Seat 1: 7c5c5a3e showed [6s Ks] and lost with Pair of Fours
Seat 2: 72734388 (button) showed [5c 5d] and won ($1.96) with Pair of Fives and Pair of Fours
Seat 3: 9c89b320 (small blind) folded before Flop
Seat 4: 52bb8386 (big blind) folded before Flop
Seat 5: 6688b273 folded before Flop (didn't bet)
Seat 6: Hero folded before Flop (didn't bet)


Poker Hand #HD1204119928: Hold'em No Limit  ($0.02/$0.05) - 2023/04/15 15:07:40
Table 'NLHBlue11' 6-max Seat #1 is the button
Seat 1: 7c5c5a3e ($4.56 in chips)
Seat 2: 72734388 ($5.67 in chips)
Seat 3: 9c89b320 ($5 in chips)
Seat 4: 52bb8386 ($10.02 in chips)
Seat 5: 6688b273 ($5.05 in chips)
Seat 6: Hero ($5.58 in chips)
72734388: posts small blind $0.02
9c89b320: posts big blind $0.05
*** HOLE CARDS ***
Dealt to 7c5c5a3e 
Dealt to 72734388 
Dealt to 9c89b320 
Dealt to 52bb8386 
Dealt to 6688b273 
Dealt to Hero [Jh 9s]
52bb8386: folds
6688b273: folds
Hero: folds
7c5c5a3e: raises $0.1 to $0.15
72734388: calls $0.13
9c89b320: folds
*** FLOP *** [Jd Ks Th]
72734388: bets $0.1
7c5c5a3e: calls $0.1
*** TURN *** [Jd Ks Th] [4d]
72734388: bets $0.05
7c5c5a3e: calls $0.05
*** RIVER *** [Jd Ks Th 4d] [5s]
72734388: bets $0.05
7c5c5a3e: calls $0.05
72734388: shows [9h Ah] (Ace-High)
7c5c5a3e: shows [Js Ac] (Pair of Jacks)
*** SHOWDOWN ***
7c5c5a3e collected $0.72 from pot
*** SUMMARY ***
Total pot $0.75 | Rake $0.03 | Jackpot $0 | Bingo $0 | Fortune $0
Board [Jd Ks Th 4d 5s]
Seat 1: 7c5c5a3e (button) showed [Js Ac] and won ($0.72) with Pair of Jacks
Seat 2: 72734388 (small blind) showed [9h Ah] and lost with Ace-High
Seat 3: 9c89b320 (big blind) folded before Flop
Seat 4: 52bb8386 folded before Flop (didn't bet)
Seat 5: 6688b273 folded before Flop (didn't bet)
Seat 6: Hero folded before Flop (didn't bet)


Poker Hand #HD1204119891: Hold'em No Limit  ($0.02/$0.05) - 2023/04/15 15:07:19
Table 'NLHBlue11' 6-max Seat #6 is the button
Seat 1: 7c5c5a3e ($4.58 in chips)
Seat 2: 72734388 ($5.65 in chips)
Seat 3: 9c89b320 ($5 in chips)
Seat 4: 52bb8386 ($10.02 in chips)
Seat 5: 6688b273 ($5.05 in chips)
Seat 6: Hero ($5.58 in chips)
7c5c5a3e: posts small blind $0.02
72734388: posts big blind $0.05
*** HOLE CARDS ***
Dealt to 7c5c5a3e 
Dealt to 72734388 
Dealt to 9c89b320 
Dealt to 52bb8386 
Dealt to 6688b273 
Dealt to Hero [9d 4s]
9c89b320: folds
52bb8386: folds
6688b273: folds
Hero: folds
7c5c5a3e: folds
Uncalled bet ($0.03) returned to 72734388
*** SHOWDOWN ***
72734388 collected $0.04 from pot
*** SUMMARY ***
Total pot $0.04 | Rake $0 | Jackpot $0 | Bingo $0 | Fortune $0
Seat 1: 7c5c5a3e (small blind) folded before Flop
Seat 2: 72734388 (big blind) collected ($0.04)
Seat 3: 9c89b320 folded before Flop (didn't bet)
Seat 4: 52bb8386 folded before Flop (didn't bet)
Seat 5: 6688b273 folded before Flop (didn't bet)
Seat 6: Hero (button) folded before Flop (didn't bet)


Poker Hand #HD1204119791: Hold'em No Limit  ($0.02/$0.05) - 2023/04/15 15:06:18
Table 'NLHBlue11' 6-max Seat #5 is the button
Seat 1: 7c5c5a3e ($5 in chips)
Seat 2: 72734388 ($5.25 in chips)
Seat 3: 9c89b320 ($5 in chips)
Seat 4: 52bb8386 ($10.02 in chips)
Seat 5: 6688b273 ($5.05 in chips)
Seat 6: Hero ($5.6 in chips)
Hero: posts small blind $0.02
7c5c5a3e: posts big blind $0.05
*** HOLE CARDS ***
Dealt to 7c5c5a3e 
Dealt to 72734388 
Dealt to 9c89b320 
Dealt to 52bb8386 
Dealt to 6688b273 
Dealt to Hero [3d 6s]
72734388: calls $0.05
9c89b320: folds
52bb8386: folds
6688b273: folds
Hero: folds
7c5c5a3e: raises $0.12 to $0.17
72734388: calls $0.12
*** FLOP *** [4s Qd 8d]
7c5c5a3e: checks
72734388: bets $0.15
7c5c5a3e: calls $0.15
*** TURN *** [4s Qd 8d] [3h]
7c5c5a3e: checks
72734388: bets $0.1
7c5c5a3e: calls $0.1
*** RIVER *** [4s Qd 8d 3h] [8c]
7c5c5a3e: checks
72734388: checks
7c5c5a3e: shows [2d As] (Pair of Eights)
72734388: shows [Ad Th] (Pair of Eights)
*** SHOWDOWN ***
72734388 collected $0.82 from pot
*** SUMMARY ***
Total pot $0.86 | Rake $0.04 | Jackpot $0 | Bingo $0 | Fortune $0
Board [4s Qd 8d 3h 8c]
Seat 1: 7c5c5a3e (big blind) showed [2d As] and lost with Pair of Eights
Seat 2: 72734388 showed [Ad Th] and won ($0.82) with Pair of Eights
Seat 3: 9c89b320 folded before Flop (didn't bet)
Seat 4: 52bb8386 folded before Flop (didn't bet)
Seat 5: 6688b273 (button) folded before Flop (didn't bet)
Seat 6: Hero (small blind) folded before Flop


Poker Hand #HD1204119750: Hold'em No Limit  ($0.02/$0.05) - 2023/04/15 15:05:54
Table 'NLHBlue11' 6-max Seat #4 is the button
Seat 2: 72734388 ($5.25 in chips)
Seat 3: 9c89b320 ($5 in chips)
Seat 4: 52bb8386 ($10.02 in chips)
Seat 5: 6688b273 ($5.07 in chips)
Seat 6: Hero ($5.58 in chips)
6688b273: posts small blind $0.02
Hero: posts big blind $0.05
*** HOLE CARDS ***
Dealt to 72734388 
Dealt to 9c89b320 
Dealt to 52bb8386 
Dealt to 6688b273 
Dealt to Hero [Ks Qd]
72734388: folds
9c89b320: folds
52bb8386: folds
6688b273: folds
Uncalled bet ($0.03) returned to Hero
*** SHOWDOWN ***
Hero collected $0.04 from pot
*** SUMMARY ***
Total pot $0.04 | Rake $0 | Jackpot $0 | Bingo $0 | Fortune $0
Seat 2: 72734388 folded before Flop (didn't bet)
Seat 3: 9c89b320 folded before Flop (didn't bet)
Seat 4: 52bb8386 (button) folded before Flop (didn't bet)
Seat 5: 6688b273 (small blind) folded before Flop
Seat 6: Hero (big blind) collected ($0.04)


Poker Hand #HD1204119703: Hold'em No Limit  ($0.02/$0.05) - 2023/04/15 15:05:29
Table 'NLHBlue11' 6-max Seat #3 is the button
Seat 2: 72734388 ($5.25 in chips)
Seat 3: 9c89b320 ($5 in chips)
Seat 4: 52bb8386 ($10.04 in chips)
Seat 5: 6688b273 ($5.12 in chips)
Seat 6: Hero ($5.51 in chips)
52bb8386: posts small blind $0.02
6688b273: posts big blind $0.05
*** HOLE CARDS ***
Dealt to 72734388 
Dealt to 9c89b320 
Dealt to 52bb8386 
Dealt to 6688b273 
Dealt to Hero [7s As]
Hero: raises $0.07 to $0.12
72734388: folds
9c89b320: folds
52bb8386: folds
6688b273: folds
Uncalled bet ($0.07) returned to Hero
*** SHOWDOWN ***
Hero collected $0.12 from pot
*** SUMMARY ***
Total pot $0.12 | Rake $0 | Jackpot $0 | Bingo $0 | Fortune $0
Seat 2: 72734388 folded before Flop (didn't bet)
Seat 3: 9c89b320 (button) folded before Flop (didn't bet)
Seat 4: 52bb8386 (small blind) folded before Flop
Seat 5: 6688b273 (big blind) folded before Flop
Seat 6: Hero collected ($0.12)


Poker Hand #HD1204119670: Hold'em No Limit  ($0.02/$0.05) - 2023/04/15 15:05:07
Table 'NLHBlue11' 6-max Seat #2 is the button
Seat 2: 72734388 ($5.25 in chips)
Seat 3: 9c89b320 ($5 in chips)
Seat 4: 52bb8386 ($10.09 in chips)
Seat 5: 6688b273 ($5.12 in chips)
Seat 6: Hero ($5.44 in chips)
9c89b320: posts small blind $0.02
52bb8386: posts big blind $0.05
*** HOLE CARDS ***
Dealt to 72734388 
Dealt to 9c89b320 
Dealt to 52bb8386 
Dealt to 6688b273 
Dealt to Hero [Kh 8h]
6688b273: folds
Hero: raises $0.07 to $0.12
72734388: folds
9c89b320: folds
52bb8386: folds
Uncalled bet ($0.07) returned to Hero
*** SHOWDOWN ***
Hero collected $0.12 from pot
*** SUMMARY ***
Total pot $0.12 | Rake $0 | Jackpot $0 | Bingo $0 | Fortune $0
Seat 2: 72734388 (button) folded before Flop (didn't bet)
Seat 3: 9c89b320 (small blind) folded before Flop
Seat 4: 52bb8386 (big blind) folded before Flop
Seat 5: 6688b273 folded before Flop (didn't bet)
Seat 6: Hero collected ($0.12)


Poker Hand #HD1204119625: Hold'em No Limit  ($0.02/$0.05) - 2023/04/15 15:04:42
Table 'NLHBlue11' 6-max Seat #6 is the button
Seat 2: 72734388 ($5.27 in chips)
Seat 3: 9c89b320 ($5 in chips)
Seat 4: 52bb8386 ($10.09 in chips)
Seat 5: 6688b273 ($5.05 in chips)
Seat 6: Hero ($5.44 in chips)
72734388: posts small blind $0.02
9c89b320: posts big blind $0.05
*** HOLE CARDS ***
Dealt to 72734388 
Dealt to 9c89b320 
Dealt to 52bb8386 
Dealt to 6688b273 
Dealt to Hero [4c Jd]
52bb8386: folds
6688b273: raises $0.06 to $0.11
Hero: folds
72734388: folds
9c89b320: folds
Uncalled bet ($0.06) returned to 6688b273
*** SHOWDOWN ***
6688b273 collected $0.12 from pot
*** SUMMARY ***
Total pot $0.12 | Rake $0 | Jackpot $0 | Bingo $0 | Fortune $0
Seat 2: 72734388 (small blind) folded before Flop
Seat 3: 9c89b320 (big blind) folded before Flop
Seat 4: 52bb8386 folded before Flop (didn't bet)
Seat 5: 6688b273 collected ($0.12)
Seat 6: Hero (button) folded before Flop (didn't bet)


Poker Hand #HD1204119550: Hold'em No Limit  ($0.02/$0.05) - 2023/04/15 15:04:00
Table 'NLHBlue11' 6-max Seat #5 is the button
Seat 2: 72734388 ($5.25 in chips)
Seat 4: 52bb8386 ($10.09 in chips)
Seat 5: 6688b273 ($5.05 in chips)
Seat 6: Hero ($5.46 in chips)
Hero: posts small blind $0.02
72734388: posts big blind $0.05
*** HOLE CARDS ***
Dealt to 72734388 
Dealt to 52bb8386 
Dealt to 6688b273 
Dealt to Hero [9c Qh]
52bb8386: folds
6688b273: folds
Hero: folds
Uncalled bet ($0.03) returned to 72734388
*** SHOWDOWN ***
72734388 collected $0.04 from pot
*** SUMMARY ***
Total pot $0.04 | Rake $0 | Jackpot $0 | Bingo $0 | Fortune $0
Seat 2: 72734388 (big blind) collected ($0.04)
Seat 4: 52bb8386 folded before Flop (didn't bet)
Seat 5: 6688b273 (button) folded before Flop (didn't bet)
Seat 6: Hero (small blind) folded before Flop


Poker Hand #HD1204119488: Hold'em No Limit  ($0.02/$0.05) - 2023/04/15 15:03:24
Table 'NLHBlue11' 6-max Seat #4 is the button
Seat 1: f5d71749 ($5.11 in chips)
Seat 2: 72734388 ($5.25 in chips)
Seat 4: 52bb8386 ($10.09 in chips)
Seat 5: 6688b273 ($5 in chips)
Seat 6: Hero ($5.51 in chips)
6688b273: posts small blind $0.02
Hero: posts big blind $0.05
*** HOLE CARDS ***
Dealt to f5d71749 
Dealt to 72734388 
Dealt to 52bb8386 
Dealt to 6688b273 
Dealt to Hero [6c 9h]
f5d71749: folds
72734388: folds
52bb8386: folds
6688b273: raises $0.1 to $0.15
Hero: folds
Uncalled bet ($0.1) returned to 6688b273
*** SHOWDOWN ***
6688b273 collected $0.1 from pot
*** SUMMARY ***
Total pot $0.1 | Rake $0 | Jackpot $0 | Bingo $0 | Fortune $0
Seat 1: f5d71749 folded before Flop (didn't bet)
Seat 2: 72734388 folded before Flop (didn't bet)
Seat 4: 52bb8386 (button) folded before Flop (didn't bet)
Seat 5: 6688b273 (small blind) collected ($0.1)
Seat 6: Hero (big blind) folded before Flop


Poker Hand #HD1204119325: Hold'em No Limit  ($0.02/$0.05) - 2023/04/15 15:01:43
Table 'NLHBlue11' 6-max Seat #2 is the button
Seat 1: f5d71749 ($5.11 in chips)
Seat 2: 72734388 ($9.05 in chips)
Seat 4: 52bb8386 ($6.67 in chips)
Seat 5: 6688b273 ($5 in chips)
Seat 6: Hero ($5.51 in chips)
52bb8386: posts small blind $0.02
6688b273: posts big blind $0.05
*** HOLE CARDS ***
Dealt to f5d71749 
Dealt to 72734388 
Dealt to 52bb8386 
Dealt to 6688b273 
Dealt to Hero [8s Tc]
Hero: folds
f5d71749: folds
72734388: raises $0.05 to $0.1
52bb8386: calls $0.08
6688b273: folds
*** FLOP *** [9d Qc 5c]
52bb8386: checks
72734388: bets $0.19
52bb8386: raises $0.56 to $0.75
72734388: calls $0.56
*** TURN *** [9d Qc 5c] [7s]
52bb8386: bets $1.1
72734388: calls $1.1
*** RIVER *** [9d Qc 5c 7s] [7c]
52bb8386: bets $1.85
72734388: calls $1.85
52bb8386: shows [5d 5s] (Fives Full over Sevens)
72734388: shows [Qh 4h] (Pair of Queens and Pair of Sevens)
*** SHOWDOWN ***
52bb8386 collected $7.22 from pot
*** SUMMARY ***
Total pot $7.65 | Rake $0.38 | Jackpot $0.05 | Bingo $0 | Fortune $0
Board [9d Qc 5c 7s 7c]
Seat 1: f5d71749 folded before Flop (didn't bet)
Seat 2: 72734388 (button) showed [Qh 4h] and lost with Pair of Queens and Pair of Sevens
Seat 4: 52bb8386 (small blind) showed [5d 5s] and won ($7.22) with Fives Full over Sevens
Seat 5: 6688b273 (big blind) folded before Flop
Seat 6: Hero folded before Flop (didn't bet)


Poker Hand #HD1204119303: Hold'em No Limit  ($0.02/$0.05) - 2023/04/15 15:01:29
Table 'NLHBlue11' 6-max Seat #1 is the button
Seat 1: f5d71749 ($5.11 in chips)
Seat 2: 72734388 ($9.07 in chips)
Seat 3: ef897a18 ($5.34 in chips)
Seat 4: 52bb8386 ($6.6 in chips)
Seat 5: 6688b273 ($5 in chips)
Seat 6: Hero ($5.51 in chips)
72734388: posts small blind $0.02
ef897a18: posts big blind $0.05
*** HOLE CARDS ***
Dealt to f5d71749 
Dealt to 72734388 
Dealt to ef897a18 
Dealt to 52bb8386 
Dealt to 6688b273 
Dealt to Hero [6h 7h]
52bb8386: raises $0.08 to $0.13
6688b273: folds
Hero: folds
f5d71749: folds
72734388: folds
ef897a18: folds
Uncalled bet ($0.08) returned to 52bb8386
*** SHOWDOWN ***
52bb8386 collected $0.12 from pot
*** SUMMARY ***
Total pot $0.12 | Rake $0 | Jackpot $0 | Bingo $0 | Fortune $0
Seat 1: f5d71749 (button) folded before Flop (didn't bet)
Seat 2: 72734388 (small blind) folded before Flop
Seat 3: ef897a18 (big blind) folded before Flop
Seat 4: 52bb8386 collected ($0.12)
Seat 5: 6688b273 folded before Flop (didn't bet)
Seat 6: Hero folded before Flop (didn't bet)


Poker Hand #HD1204119204: Hold'em No Limit  ($0.02/$0.05) - 2023/04/15 15:00:33
Table 'NLHBlue11' 6-max Seat #6 is the button
Seat 1: f5d71749 ($5.13 in chips)
Seat 2: 72734388 ($8.93 in chips)
Seat 3: ef897a18 ($5.47 in chips)
Seat 4: 52bb8386 ($6.6 in chips)
Seat 5: 6688b273 ($5 in chips)
Seat 6: Hero ($5.51 in chips)
f5d71749: posts small blind $0.02
72734388: posts big blind $0.05
*** HOLE CARDS ***
Dealt to f5d71749 
Dealt to 72734388 
Dealt to ef897a18 
Dealt to 52bb8386 
Dealt to 6688b273 
Dealt to Hero [5c Tc]
ef897a18: raises $0.08 to $0.13
52bb8386: folds
6688b273: folds
Hero: folds
f5d71749: folds
72734388: calls $0.08
*** FLOP *** [3d 8d 4c]
72734388: checks
ef897a18: checks
*** TURN *** [3d 8d 4c] [Qd]
72734388: bets $0.15
ef897a18: folds
Uncalled bet ($0.15) returned to 72734388
*** SHOWDOWN ***
72734388 collected $0.27 from pot
*** SUMMARY ***
Total pot $0.28 | Rake $0.01 | Jackpot $0 | Bingo $0 | Fortune $0
Board [3d 8d 4c Qd]
Seat 1: f5d71749 (small blind) folded before Flop
Seat 2: 72734388 (big blind) won ($0.27)
Seat 3: ef897a18 folded on the Turn
Seat 4: 52bb8386 folded before Flop (didn't bet)
Seat 5: 6688b273 folded before Flop (didn't bet)
Seat 6: Hero (button) folded before Flop (didn't bet)


Poker Hand #HD1204119172: Hold'em No Limit  ($0.02/$0.05) - 2023/04/15 15:00:13
Table 'NLHBlue11' 6-max Seat #5 is the button
Seat 1: f5d71749 ($5.11 in chips)
Seat 2: 72734388 ($8.93 in chips)
Seat 3: ef897a18 ($5.47 in chips)
Seat 4: 52bb8386 ($6.6 in chips)
Seat 5: 6688b273 ($5 in chips)
Seat 6: Hero ($5.53 in chips)
Hero: posts small blind $0.02
f5d71749: posts big blind $0.05
*** HOLE CARDS ***
Dealt to f5d71749 
Dealt to 72734388 
Dealt to ef897a18 
Dealt to 52bb8386 
Dealt to 6688b273 
Dealt to Hero [8h 7c]
72734388: folds
ef897a18: folds
52bb8386: folds
6688b273: folds
Hero: folds
Uncalled bet ($0.03) returned to f5d71749
*** SHOWDOWN ***
f5d71749 collected $0.04 from pot
*** SUMMARY ***
Total pot $0.04 | Rake $0 | Jackpot $0 | Bingo $0 | Fortune $0
Seat 1: f5d71749 (big blind) collected ($0.04)
Seat 2: 72734388 folded before Flop (didn't bet)
Seat 3: ef897a18 folded before Flop (didn't bet)
Seat 4: 52bb8386 folded before Flop (didn't bet)
Seat 5: 6688b273 (button) folded before Flop (didn't bet)
Seat 6: Hero (small blind) folded before Flop


Poker Hand #HD1204119102: Hold'em No Limit  ($0.02/$0.05) - 2023/04/15 14:59:34
Table 'NLHBlue11' 6-max Seat #4 is the button
Seat 1: f5d71749 ($5.11 in chips)
Seat 2: 72734388 ($8.93 in chips)
Seat 3: ef897a18 ($5.47 in chips)
Seat 4: 52bb8386 ($6.73 in chips)
Seat 5: 6688b273 ($5 in chips)
Seat 6: Hero ($5.39 in chips)
6688b273: posts small blind $0.02
Hero: posts big blind $0.05
*** HOLE CARDS ***
Dealt to f5d71749 
Dealt to 72734388 
Dealt to ef897a18 
Dealt to 52bb8386 
Dealt to 6688b273 
Dealt to Hero [Qh Ad]
f5d71749: folds
72734388: folds
ef897a18: folds
52bb8386: raises $0.08 to $0.13
6688b273: folds
Hero: raises $0.42 to $0.55
52bb8386: folds
Uncalled bet ($0.42) returned to Hero
*** SHOWDOWN ***
Hero collected $0.27 from pot
*** SUMMARY ***
Total pot $0.28 | Rake $0.01 | Jackpot $0 | Bingo $0 | Fortune $0
Seat 1: f5d71749 folded before Flop (didn't bet)
Seat 2: 72734388 folded before Flop (didn't bet)
Seat 3: ef897a18 folded before Flop (didn't bet)
Seat 4: 52bb8386 (button) folded before Flop
Seat 5: 6688b273 (small blind) folded before Flop
Seat 6: Hero (big blind) collected ($0.27)


Poker Hand #HD1204119041: Hold'em No Limit  ($0.02/$0.05) - 2023/04/15 14:58:56
Table 'NLHBlue11' 6-max Seat #3 is the button
Seat 1: f5d71749 ($5.47 in chips)
Seat 2: 72734388 ($8.93 in chips)
Seat 3: ef897a18 ($5.47 in chips)
Seat 4: 52bb8386 ($6.75 in chips)
Seat 5: 6688b273 ($5 in chips)
Seat 6: Hero ($5 in chips)
52bb8386: posts small blind $0.02
6688b273: posts big blind $0.05
*** HOLE CARDS ***
Dealt to f5d71749 
Dealt to 72734388 
Dealt to ef897a18 
Dealt to 52bb8386 
Dealt to 6688b273 
Dealt to Hero [Kd Ks]
Hero: raises $0.07 to $0.12
f5d71749: raises $0.24 to $0.36
72734388: folds
ef897a18: folds
52bb8386: folds
6688b273: folds
Hero: raises $0.78 to $1.14
f5d71749: folds
Uncalled bet ($0.78) returned to Hero
*** SHOWDOWN ***
Hero collected $0.75 from pot
*** SUMMARY ***
Total pot $0.79 | Rake $0.04 | Jackpot $0 | Bingo $0 | Fortune $0
Seat 1: f5d71749 folded before Flop
Seat 2: 72734388 folded before Flop (didn't bet)
Seat 3: ef897a18 (button) folded before Flop (didn't bet)
Seat 4: 52bb8386 (small blind) folded before Flop
Seat 5: 6688b273 (big blind) folded before Flop
Seat 6: Hero collected ($0.75)


Poker Hand #HD1204118948: Hold'em No Limit  ($0.02/$0.05) - 2023/04/15 14:58:00
Table 'NLHBlue11' 6-max Seat #2 is the button
Seat 1: f5d71749 ($5.47 in chips)
Seat 2: 72734388 ($8.12 in chips)
Seat 3: ef897a18 ($5.49 in chips)
Seat 4: 52bb8386 ($6.8 in chips)
Seat 6: Hero ($5 in chips)
ef897a18: posts small blind $0.02
52bb8386: posts big blind $0.05
*** HOLE CARDS ***
Dealt to f5d71749 
Dealt to 72734388 
Dealt to ef897a18 
Dealt to 52bb8386 
Dealt to Hero [Js As]
Hero: raises $0.07 to $0.12
f5d71749: folds
72734388: raises $0.17 to $0.29
ef897a18: folds
52bb8386: folds
Hero: calls $0.17
*** FLOP *** [7s 3c 9s]
Hero: checks
72734388: bets $0.33
Hero: calls $0.33
*** TURN *** [7s 3c 9s] [7d]
Hero: checks
72734388: bets $0.25
Hero: calls $0.25
*** RIVER *** [7s 3c 9s 7d] [9c]
Hero: checks
72734388: bets $0.2
Hero: folds
Uncalled bet ($0.2) returned to 72734388
*** SHOWDOWN ***
72734388 collected $1.68 from pot
*** SUMMARY ***
Total pot $1.81 | Rake $0.08 | Jackpot $0.05 | Bingo $0 | Fortune $0
Board [7s 3c 9s 7d 9c]
Seat 1: f5d71749 folded before Flop (didn't bet)
Seat 2: 72734388 (button) won ($1.68)
Seat 3: ef897a18 (small blind) folded before Flop
Seat 4: 52bb8386 (big blind) folded before Flop
Seat 6: Hero folded on the River


Poker Hand #HD1204118864: Hold'em No Limit  ($0.02/$0.05) - 2023/04/15 14:57:06
Table 'NLHBlue11' 6-max Seat #1 is the button
Seat 1: f5d71749 ($5.6 in chips)
Seat 2: 72734388 ($8.25 in chips)
Seat 3: ef897a18 ($5.54 in chips)
Seat 4: 52bb8386 ($6.51 in chips)
Seat 6: Hero ($5 in chips)
72734388: posts small blind $0.02
ef897a18: posts big blind $0.05
*** HOLE CARDS ***
Dealt to f5d71749 
Dealt to 72734388 
Dealt to ef897a18 
Dealt to 52bb8386 
Dealt to Hero [8s 5s]
52bb8386: raises $0.08 to $0.13
Hero: folds
f5d71749: calls $0.13
72734388: calls $0.11
ef897a18: folds
*** FLOP *** [Ac Js 9h]
72734388: checks
52bb8386: bets $0.25
f5d71749: folds
72734388: folds
Uncalled bet ($0.25) returned to 52bb8386
*** SHOWDOWN ***
52bb8386 collected $0.42 from pot
*** SUMMARY ***
Total pot $0.44 | Rake $0.02 | Jackpot $0 | Bingo $0 | Fortune $0
Board [Ac Js 9h]
Seat 1: f5d71749 (button) folded on the Flop
Seat 2: 72734388 (small blind) folded on the Flop
Seat 3: ef897a18 (big blind) folded before Flop
Seat 4: 52bb8386 won ($0.42)
Seat 6: Hero folded before Flop (didn't bet)


Poker Hand #HD1204118760: Hold'em No Limit  ($0.02/$0.05) - 2023/04/15 14:56:01
Table 'NLHBlue11' 6-max Seat #6 is the button
Seat 1: f5d71749 ($5.62 in chips)
Seat 2: 72734388 ($8.11 in chips)
Seat 3: ef897a18 ($5.54 in chips)
Seat 4: 52bb8386 ($6.64 in chips)
Seat 6: Hero ($5 in chips)
f5d71749: posts small blind $0.02
72734388: posts big blind $0.05
*** HOLE CARDS ***
Dealt to f5d71749 
Dealt to 72734388 
Dealt to ef897a18 
Dealt to 52bb8386 
Dealt to Hero [Ks 3s]
ef897a18: folds
52bb8386: raises $0.08 to $0.13
Hero: folds
f5d71749: folds
72734388: calls $0.08
*** FLOP *** [2h 6h 4d]
72734388: checks
52bb8386: checks
*** TURN *** [2h 6h 4d] [5c]
72734388: bets $0.05
52bb8386: folds
Uncalled bet ($0.05) returned to 72734388
*** SHOWDOWN ***
72734388 collected $0.27 from pot
*** SUMMARY ***
Total pot $0.28 | Rake $0.01 | Jackpot $0 | Bingo $0 | Fortune $0
Board [2h 6h 4d 5c]
Seat 1: f5d71749 (small blind) folded before Flop
Seat 2: 72734388 (big blind) won ($0.27)
Seat 3: ef897a18 folded before Flop (didn't bet)
Seat 4: 52bb8386 folded on the Turn
Seat 6: Hero (button) folded before Flop (didn't bet)


Poker Hand #HD1204118651: Hold'em No Limit  ($0.02/$0.05) - 2023/04/15 14:54:50
Table 'NLHBlue11' 6-max Seat #5 is the button
Seat 1: f5d71749 ($5.67 in chips)
Seat 2: 72734388 ($5.69 in chips)
Seat 3: ef897a18 ($5.69 in chips)
Seat 4: 52bb8386 ($6.64 in chips)
Seat 5: 61811aaf ($2.5 in chips)
Seat 6: Hero ($5 in chips)
Hero: posts small blind $0.02
f5d71749: posts big blind $0.05
*** HOLE CARDS ***
Dealt to f5d71749 
Dealt to 72734388 
Dealt to ef897a18 
Dealt to 52bb8386 
Dealt to 61811aaf 
Dealt to Hero [3s 4h]
72734388: calls $0.05
ef897a18: raises $0.1 to $0.15
52bb8386: folds
61811aaf: raises $0.45 to $0.6
Hero: folds
f5d71749: folds
72734388: calls $0.55
ef897a18: folds
*** FLOP *** [6c 6d Kd]
72734388: checks
61811aaf: checks
*** TURN *** [6c 6d Kd] [2s]
72734388: bets $1.07
61811aaf: raises $0.83 to $1.9 and is all-in
72734388: calls $0.83
61811aaf: shows [Jd Ac] (Pair of Sixes)
72734388: shows [6h Kh] (Sixes Full over Kings)
*** RIVER *** [6c 6d Kd 2s] [8d]
*** SHOWDOWN ***
72734388 collected $4.92 from pot
*** SUMMARY ***
Total pot $5.22 | Rake $0.25 | Jackpot $0.05 | Bingo $0 | Fortune $0
Board [6c 6d Kd 2s 8d]
Seat 1: f5d71749 (big blind) folded before Flop
Seat 2: 72734388 showed [6h Kh] and won ($4.92) with Sixes Full over Kings
Seat 3: ef897a18 folded before Flop
Seat 4: 52bb8386 folded before Flop (didn't bet)
Seat 5: 61811aaf (button) showed [Jd Ac] and lost with Pair of Sixes
Seat 6: Hero (small blind) folded before Flop


Poker Hand #HD1204118581: Hold'em No Limit  ($0.02/$0.05) - 2023/04/15 14:54:06
Table 'NLHBlue11' 6-max Seat #4 is the button
Seat 1: f5d71749 ($5.67 in chips)
Seat 2: 72734388 ($5.69 in chips)
Seat 3: ef897a18 ($5.69 in chips)
Seat 4: 52bb8386 ($6.64 in chips)
Seat 5: 61811aaf ($2.45 in chips)
Seat 6: Hero ($5 in chips)
61811aaf: posts small blind $0.02
Hero: posts big blind $0.05
*** HOLE CARDS ***
Dealt to f5d71749 
Dealt to 72734388 
Dealt to ef897a18 
Dealt to 52bb8386 
Dealt to 61811aaf 
Dealt to Hero [4c Tc]
f5d71749: folds
72734388: folds
ef897a18: folds
52bb8386: folds
61811aaf: raises $0.11 to $0.16
Hero: folds
Uncalled bet ($0.11) returned to 61811aaf
*** SHOWDOWN ***
61811aaf collected $0.1 from pot
*** SUMMARY ***
Total pot $0.1 | Rake $0 | Jackpot $0 | Bingo $0 | Fortune $0
Seat 1: f5d71749 folded before Flop (didn't bet)
Seat 2: 72734388 folded before Flop (didn't bet)
Seat 3: ef897a18 folded before Flop (didn't bet)
Seat 4: 52bb8386 (button) folded before Flop (didn't bet)
Seat 5: 61811aaf (small blind) collected ($0.1)
Seat 6: Hero (big blind) folded before Flop


Poker Hand #HD1204118431: Hold'em No Limit  ($0.02/$0.05) - 2023/04/15 14:52:40
Table 'NLHBlue11' 6-max Seat #3 is the button
Seat 1: f5d71749 ($5.67 in chips)
Seat 2: 72734388 ($5.91 in chips)
Seat 3: ef897a18 ($5.69 in chips)
Seat 4: 52bb8386 ($6.39 in chips)
Seat 5: 61811aaf ($2.5 in chips)
Seat 6: Hero ($5 in chips)
52bb8386: posts small blind $0.02
61811aaf: posts big blind $0.05
72734388: posts big blind $0.05
72734388: posts missed blind $0.02
*** HOLE CARDS ***
Dealt to f5d71749 
Dealt to 72734388 
Dealt to ef897a18 
Dealt to 52bb8386 
Dealt to 61811aaf 
Dealt to Hero [Ac 5d]
Hero: folds
f5d71749: folds
72734388: checks
ef897a18: folds
52bb8386: raises $0.15 to $0.2
61811aaf: folds
72734388: calls $0.15
*** FLOP *** [Kh 6c Ah]
52bb8386: checks
72734388: checks
*** TURN *** [Kh 6c Ah] [4c]
52bb8386: checks
72734388: checks
*** RIVER *** [Kh 6c Ah 4c] [Ad]
52bb8386: checks
72734388: checks
52bb8386: shows [Qh Qs] (Pair of Aces and Pair of Queens)
72734388: shows [9h 8c] (Pair of Aces)
*** SHOWDOWN ***
52bb8386 collected $0.45 from pot
*** SUMMARY ***
Total pot $0.47 | Rake $0.02 | Jackpot $0 | Bingo $0 | Fortune $0
Board [Kh 6c Ah 4c Ad]
Seat 1: f5d71749 folded before Flop (didn't bet)
Seat 2: 72734388 showed [9h 8c] and lost with Pair of Aces
Seat 3: ef897a18 (button) folded before Flop (didn't bet)
Seat 4: 52bb8386 (small blind) showed [Qh Qs] and won ($0.45) with Pair of Aces and Pair of Queens
Seat 5: 61811aaf (big blind) folded before Flop
Seat 6: Hero folded before Flop (didn't bet)


Poker Hand #HD1204118339: Hold'em No Limit  ($0.02/$0.05) - 2023/04/15 14:51:48
Table 'NLHBlue11' 6-max Seat #1 is the button
Seat 1: f5d71749 ($5.67 in chips)
Seat 3: ef897a18 ($5.57 in chips)
Seat 4: 52bb8386 ($6.52 in chips)
Seat 5: 61811aaf ($2.5 in chips)
Seat 6: Hero ($5 in chips)
ef897a18: posts small blind $0.02
52bb8386: posts big blind $0.05
*** HOLE CARDS ***
Dealt to f5d71749 
Dealt to ef897a18 
Dealt to 52bb8386 
Dealt to 61811aaf 
Dealt to Hero [7c Ts]
61811aaf: folds
Hero: folds
f5d71749: folds
ef897a18: raises $0.08 to $0.13
52bb8386: calls $0.08
*** FLOP *** [2s Kd Qs]
ef897a18: bets $0.09
52bb8386: folds
Uncalled bet ($0.09) returned to ef897a18
*** SHOWDOWN ***
ef897a18 collected $0.25 from pot
*** SUMMARY ***
Total pot $0.26 | Rake $0.01 | Jackpot $0 | Bingo $0 | Fortune $0
Board [2s Kd Qs]
Seat 1: f5d71749 (button) folded before Flop (didn't bet)
Seat 3: ef897a18 (small blind) won ($0.25)
Seat 4: 52bb8386 (big blind) folded on the Flop
Seat 5: 61811aaf folded before Flop (didn't bet)
Seat 6: Hero folded before Flop (didn't bet)


Poker Hand #HD1204118278: Hold'em No Limit  ($0.02/$0.05) - 2023/04/15 14:51:03
Table 'NLHBlue11' 6-max Seat #6 is the button
Seat 1: f5d71749 ($5.69 in chips)
Seat 3: ef897a18 ($5.62 in chips)
Seat 4: 52bb8386 ($6.52 in chips)
Seat 5: 61811aaf ($2.31 in chips)
Seat 6: Hero ($5 in chips)
f5d71749: posts small blind $0.02
ef897a18: posts big blind $0.05
*** HOLE CARDS ***
Dealt to f5d71749 
Dealt to ef897a18 
Dealt to 52bb8386 
Dealt to 61811aaf 
Dealt to Hero [4c 4h]
52bb8386: folds
61811aaf: raises $0.08 to $0.13
Hero: calls $0.13
f5d71749: folds
ef897a18: folds
*** FLOP *** [7h As 8c]
61811aaf: bets $0.11
Hero: folds
Uncalled bet ($0.11) returned to 61811aaf
*** SHOWDOWN ***
61811aaf collected $0.32 from pot
*** SUMMARY ***
Total pot $0.33 | Rake $0.01 | Jackpot $0 | Bingo $0 | Fortune $0
Board [7h As 8c]
Seat 1: f5d71749 (small blind) folded before Flop
Seat 3: ef897a18 (big blind) folded before Flop
Seat 4: 52bb8386 folded before Flop (didn't bet)
Seat 5: 61811aaf won ($0.32)
Seat 6: Hero (button) folded on the Flop


Poker Hand #HD1204118203: Hold'em No Limit  ($0.02/$0.05) - 2023/04/15 14:50:12
Table 'NLHBlue11' 6-max Seat #5 is the button
Seat 1: f5d71749 ($5.74 in chips)
Seat 2: 72734388 ($5.91 in chips)
Seat 3: ef897a18 ($5.62 in chips)
Seat 4: 52bb8386 ($6.65 in chips)
Seat 5: 61811aaf ($2.12 in chips)
Seat 6: Hero ($5 in chips)
Hero: posts small blind $0.02
f5d71749: posts big blind $0.05
*** HOLE CARDS ***
Dealt to f5d71749 
Dealt to 72734388 
Dealt to ef897a18 
Dealt to 52bb8386 
Dealt to 61811aaf 
Dealt to Hero [5d Qh]
72734388: folds
ef897a18: folds
52bb8386: raises $0.08 to $0.13
61811aaf: raises $0.29 to $0.42
Hero: folds
f5d71749: folds
52bb8386: folds
Uncalled bet ($0.29) returned to 61811aaf
61811aaf: shows [Ah As]
*** SHOWDOWN ***
61811aaf collected $0.32 from pot
*** SUMMARY ***
Total pot $0.33 | Rake $0.01 | Jackpot $0 | Bingo $0 | Fortune $0
Seat 1: f5d71749 (big blind) folded before Flop
Seat 2: 72734388 folded before Flop (didn't bet)
Seat 3: ef897a18 folded before Flop (didn't bet)
Seat 4: 52bb8386 folded before Flop
Seat 5: 61811aaf (button) showed [Ah As] and collected ($0.32)
Seat 6: Hero (small blind) folded before Flop


Poker Hand #HD1204118152: Hold'em No Limit  ($0.02/$0.05) - 2023/04/15 14:49:42
Table 'NLHBlue11' 6-max Seat #4 is the button
Seat 1: f5d71749 ($5.74 in chips)
Seat 2: 72734388 ($5.77 in chips)
Seat 3: ef897a18 ($5.62 in chips)
Seat 4: 52bb8386 ($6.65 in chips)
Seat 5: 61811aaf ($2.14 in chips)
Seat 6: Hero ($5 in chips)
61811aaf: posts small blind $0.02
Hero: posts big blind $0.05
*** HOLE CARDS ***
Dealt to f5d71749 
Dealt to 72734388 
Dealt to ef897a18 
Dealt to 52bb8386 
Dealt to 61811aaf 
Dealt to Hero [3h 3d]
f5d71749: folds
72734388: raises $0.08 to $0.13
ef897a18: folds
52bb8386: folds
61811aaf: folds
Hero: calls $0.08
*** FLOP *** [7h Jd Th]
Hero: checks
72734388: bets $0.21
Hero: folds
Uncalled bet ($0.21) returned to 72734388
*** SHOWDOWN ***
72734388 collected $0.27 from pot
*** SUMMARY ***
Total pot $0.28 | Rake $0.01 | Jackpot $0 | Bingo $0 | Fortune $0
Board [7h Jd Th]
Seat 1: f5d71749 folded before Flop (didn't bet)
Seat 2: 72734388 won ($0.27)
Seat 3: ef897a18 folded before Flop (didn't bet)
Seat 4: 52bb8386 (button) folded before Flop (didn't bet)
Seat 5: 61811aaf (small blind) folded before Flop
Seat 6: Hero (big blind) folded on the Flop


Poker Hand #HD1204118024: Hold'em No Limit  ($0.02/$0.05) - 2023/04/15 14:48:16
Table 'NLHBlue11' 6-max Seat #3 is the button
Seat 1: f5d71749 ($5.74 in chips)
Seat 2: 72734388 ($5.77 in chips)
Seat 3: ef897a18 ($5.62 in chips)
Seat 4: 52bb8386 ($6.2 in chips)
Seat 5: 61811aaf ($2.64 in chips)
Seat 6: Hero ($5 in chips)
52bb8386: posts small blind $0.02
61811aaf: posts big blind $0.05
*** HOLE CARDS ***
Dealt to f5d71749 
Dealt to 72734388 
Dealt to ef897a18 
Dealt to 52bb8386 
Dealt to 61811aaf 
Dealt to Hero [9c 7d]
Hero: folds
f5d71749: folds
72734388: folds
ef897a18: folds
52bb8386: raises $0.1 to $0.15
61811aaf: calls $0.1
*** FLOP *** [As 9d 3c]
52bb8386: bets $0.1
61811aaf: calls $0.1
*** TURN *** [As 9d 3c] [7s]
52bb8386: bets $0.25
61811aaf: calls $0.25
*** RIVER *** [As 9d 3c 7s] [Jc]
52bb8386: checks
61811aaf: checks
52bb8386: shows [6s Ac] (Pair of Aces)
61811aaf: shows [9h Kd] (Pair of Nines)
*** SHOWDOWN ***
52bb8386 collected $0.95 from pot
*** SUMMARY ***
Total pot $1 | Rake $0.05 | Jackpot $0 | Bingo $0 | Fortune $0
Board [As 9d 3c 7s Jc]
Seat 1: f5d71749 folded before Flop (didn't bet)
Seat 2: 72734388 folded before Flop (didn't bet)
Seat 3: ef897a18 (button) folded before Flop (didn't bet)
Seat 4: 52bb8386 (small blind) showed [6s Ac] and won ($0.95) with Pair of Aces
Seat 5: 61811aaf (big blind) showed [9h Kd] and lost with Pair of Nines
Seat 6: Hero folded before Flop (didn't bet)


Poker Hand #HD1204117959: Hold'em No Limit  ($0.02/$0.05) - 2023/04/15 14:47:38
Table 'NLHBlue11' 6-max Seat #2 is the button
Seat 1: f5d71749 ($5.74 in chips)
Seat 2: 72734388 ($5.77 in chips)
Seat 3: ef897a18 ($5.5 in chips)
Seat 4: 52bb8386 ($6.33 in chips)
Seat 5: 61811aaf ($2.64 in chips)
Seat 6: Hero ($5 in chips)
ef897a18: posts small blind $0.02
52bb8386: posts big blind $0.05
*** HOLE CARDS ***
Dealt to f5d71749 
Dealt to 72734388 
Dealt to ef897a18 
Dealt to 52bb8386 
Dealt to 61811aaf 
Dealt to Hero [6s 3s]
61811aaf: folds
Hero: folds
f5d71749: folds
72734388: folds
ef897a18: raises $0.08 to $0.13
52bb8386: calls $0.08
*** FLOP *** [2c 2d Jh]
ef897a18: bets $0.09
52bb8386: folds
Uncalled bet ($0.09) returned to ef897a18
*** SHOWDOWN ***
ef897a18 collected $0.25 from pot
*** SUMMARY ***
Total pot $0.26 | Rake $0.01 | Jackpot $0 | Bingo $0 | Fortune $0
Board [2c 2d Jh]
Seat 1: f5d71749 folded before Flop (didn't bet)
Seat 2: 72734388 (button) folded before Flop (didn't bet)
Seat 3: ef897a18 (small blind) won ($0.25)
Seat 4: 52bb8386 (big blind) folded on the Flop
Seat 5: 61811aaf folded before Flop (didn't bet)
Seat 6: Hero folded before Flop (didn't bet)


Poker Hand #HD1204117860: Hold'em No Limit  ($0.02/$0.05) - 2023/04/15 14:46:33
Table 'NLHBlue11' 6-max Seat #1 is the button
Seat 1: f5d71749 ($5.74 in chips)
Seat 2: 72734388 ($6.32 in chips)
Seat 3: ef897a18 ($5 in chips)
Seat 4: 52bb8386 ($6.33 in chips)
Seat 5: 61811aaf ($2.64 in chips)
Seat 6: Hero ($5 in chips)
72734388: posts small blind $0.02
ef897a18: posts big blind $0.05
*** HOLE CARDS ***
Dealt to f5d71749 
Dealt to 72734388 
Dealt to ef897a18 
Dealt to 52bb8386 
Dealt to 61811aaf 
Dealt to Hero [5d Tc]
52bb8386: folds
61811aaf: folds
Hero: folds
f5d71749: folds
72734388: calls $0.03
ef897a18: raises $0.1 to $0.15
72734388: calls $0.1
*** FLOP *** [Qd 8s 8h]
72734388: bets $0.1
ef897a18: calls $0.1
*** TURN *** [Qd 8s 8h] [Qs]
72734388: bets $0.15
ef897a18: calls $0.15
*** RIVER *** [Qd 8s 8h Qs] [5h]
72734388: bets $0.15
ef897a18: calls $0.15
72734388: shows [7s 7h] (Pair of Queens and Pair of Eights)
ef897a18: shows [Kd Ac] (Pair of Queens and Pair of Eights)
*** SHOWDOWN ***
ef897a18 collected $1.05 from pot
*** SUMMARY ***
Total pot $1.1 | Rake $0.05 | Jackpot $0 | Bingo $0 | Fortune $0
Board [Qd 8s 8h Qs 5h]
Seat 1: f5d71749 (button) folded before Flop (didn't bet)
Seat 2: 72734388 (small blind) showed [7s 7h] and lost with Pair of Queens and Pair of Eights
Seat 3: ef897a18 (big blind) showed [Kd Ac] and won ($1.05) with Pair of Queens and Pair of Eights
Seat 4: 52bb8386 folded before Flop (didn't bet)
Seat 5: 61811aaf folded before Flop (didn't bet)
Seat 6: Hero folded before Flop (didn't bet)


Poker Hand #HD1204117833: Hold'em No Limit  ($0.02/$0.05) - 2023/04/15 14:46:13
Table 'NLHBlue11' 6-max Seat #6 is the button
Seat 1: f5d71749 ($5.76 in chips)
Seat 2: 72734388 ($6.3 in chips)
Seat 4: 52bb8386 ($6.33 in chips)
Seat 5: 61811aaf ($2.64 in chips)
Seat 6: Hero ($5 in chips)
f5d71749: posts small blind $0.02
72734388: posts big blind $0.05
*** HOLE CARDS ***
Dealt to f5d71749 
Dealt to 72734388 
Dealt to 52bb8386 
Dealt to 61811aaf 
Dealt to Hero [2d Ks]
52bb8386: folds
61811aaf: folds
Hero: folds
f5d71749: folds
Uncalled bet ($0.03) returned to 72734388
*** SHOWDOWN ***
72734388 collected $0.04 from pot
*** SUMMARY ***
Total pot $0.04 | Rake $0 | Jackpot $0 | Bingo $0 | Fortune $0
Seat 1: f5d71749 (small blind) folded before Flop
Seat 2: 72734388 (big blind) collected ($0.04)
Seat 4: 52bb8386 folded before Flop (didn't bet)
Seat 5: 61811aaf folded before Flop (didn't bet)
Seat 6: Hero (button) folded before Flop (didn't bet)


Poker Hand #HD1204117721: Hold'em No Limit  ($0.02/$0.05) - 2023/04/15 14:45:01
Table 'NLHBlue11' 6-max Seat #5 is the button
Seat 1: f5d71749 ($5.64 in chips)
Seat 2: 72734388 ($6.3 in chips)
Seat 4: 52bb8386 ($6.38 in chips)
Seat 5: 61811aaf ($2.69 in chips)
Seat 6: Hero ($5.02 in chips)
Hero: posts small blind $0.02
f5d71749: posts big blind $0.05
*** HOLE CARDS ***
Dealt to f5d71749 
Dealt to 72734388 
Dealt to 52bb8386 
Dealt to 61811aaf 
Dealt to Hero [Jh 2d]
72734388: folds
52bb8386: calls $0.05
61811aaf: calls $0.05
Hero: folds
f5d71749: checks
*** FLOP *** [3h 7c 6c]
f5d71749: checks
52bb8386: checks
61811aaf: checks
*** TURN *** [3h 7c 6c] [9c]
f5d71749: bets $0.09
52bb8386: folds
61811aaf: folds
Uncalled bet ($0.09) returned to f5d71749
*** SHOWDOWN ***
f5d71749 collected $0.17 from pot
*** SUMMARY ***
Total pot $0.17 | Rake $0 | Jackpot $0 | Bingo $0 | Fortune $0
Board [3h 7c 6c 9c]
Seat 1: f5d71749 (big blind) won ($0.17)
Seat 2: 72734388 folded before Flop (didn't bet)
Seat 4: 52bb8386 folded on the Turn
Seat 5: 61811aaf (button) folded on the Turn
Seat 6: Hero (small blind) folded before Flop


Poker Hand #HD1204117694: Hold'em No Limit  ($0.02/$0.05) - 2023/04/15 14:44:47
Table 'NLHBlue11' 6-max Seat #4 is the button
Seat 1: f5d71749 ($5.64 in chips)
Seat 2: 72734388 ($6.3 in chips)
Seat 4: 52bb8386 ($6.38 in chips)
Seat 5: 61811aaf ($2.71 in chips)
Seat 6: Hero ($5 in chips)
61811aaf: posts small blind $0.02
Hero: posts big blind $0.05
*** HOLE CARDS ***
Dealt to f5d71749 
Dealt to 72734388 
Dealt to 52bb8386 
Dealt to 61811aaf 
Dealt to Hero [Ah 5s]
f5d71749: folds
72734388: folds
52bb8386: folds
61811aaf: folds
Uncalled bet ($0.03) returned to Hero
*** SHOWDOWN ***
Hero collected $0.04 from pot
*** SUMMARY ***
Total pot $0.04 | Rake $0 | Jackpot $0 | Bingo $0 | Fortune $0
Seat 1: f5d71749 folded before Flop (didn't bet)
Seat 2: 72734388 folded before Flop (didn't bet)
Seat 4: 52bb8386 (button) folded before Flop (didn't bet)
Seat 5: 61811aaf (small blind) folded before Flop
Seat 6: Hero (big blind) collected ($0.04)


Poker Hand #HD1204117592: Hold'em No Limit  ($0.02/$0.05) - 2023/04/15 14:43:45
Table 'NLHBlue11' 6-max Seat #2 is the button
Seat 1: f5d71749 ($5.64 in chips)
Seat 2: 72734388 ($5.5 in chips)
Seat 4: 52bb8386 ($6.4 in chips)
Seat 5: 61811aaf ($3.63 in chips)
Seat 6: Hero ($5 in chips)
52bb8386: posts small blind $0.02
61811aaf: posts big blind $0.05
*** HOLE CARDS ***
Dealt to f5d71749 
Dealt to 72734388 
Dealt to 52bb8386 
Dealt to 61811aaf 
Dealt to Hero [9s 5d]
Hero: folds
f5d71749: folds
72734388: raises $0.05 to $0.1
52bb8386: folds
61811aaf: calls $0.05
*** FLOP *** [5c As Kc]
61811aaf: checks
72734388: bets $0.22
61811aaf: calls $0.22
*** TURN *** [5c As Kc] [3h]
61811aaf: checks
72734388: bets $0.6
61811aaf: calls $0.6
*** RIVER *** [5c As Kc 3h] [5s]
61811aaf: checks
72734388: bets $1.4
61811aaf: folds
Uncalled bet ($1.4) returned to 72734388
61811aaf: shows [7c Jc] (Pair of Fives)
*** SHOWDOWN ***
72734388 collected $1.72 from pot
*** SUMMARY ***
Total pot $1.86 | Rake $0.09 | Jackpot $0.05 | Bingo $0 | Fortune $0
Board [5c As Kc 3h 5s]
Seat 1: f5d71749 folded before Flop (didn't bet)
Seat 2: 72734388 (button) won ($1.72)
Seat 4: 52bb8386 (small blind) folded before Flop
Seat 5: 61811aaf (big blind) folded on the River
Seat 6: Hero folded before Flop (didn't bet)


Poker Hand #HD1204117493: Hold'em No Limit  ($0.02/$0.05) - 2023/04/15 14:42:41
Table 'NLHBlue11' 6-max Seat #1 is the button
Seat 1: f5d71749 ($5 in chips)
Seat 2: 72734388 ($5.52 in chips)
Seat 4: 52bb8386 ($6.45 in chips)
Seat 5: 61811aaf ($3.63 in chips)
Seat 6: Hero ($5 in chips)
72734388: posts small blind $0.02
52bb8386: posts big blind $0.05
*** HOLE CARDS ***
Dealt to f5d71749 
Dealt to 72734388 
Dealt to 52bb8386 
Dealt to 61811aaf 
Dealt to Hero [As Qh]
61811aaf: folds
Hero: raises $0.07 to $0.12
f5d71749: raises $0.24 to $0.36
72734388: folds
52bb8386: folds
Hero: calls $0.24
*** FLOP *** [Js 2h 9h]
Hero: checks
f5d71749: bets $0.27
Hero: calls $0.27
*** TURN *** [Js 2h 9h] [8c]
Hero: checks
f5d71749: checks
*** RIVER *** [Js 2h 9h 8c] [4h]
Hero: checks
f5d71749: checks
Hero: shows [As Qh] (Ace-High)
f5d71749: shows [8d Ad] (Pair of Eights)
*** SHOWDOWN ***
f5d71749 collected $1.27 from pot
*** SUMMARY ***
Total pot $1.33 | Rake $0.06 | Jackpot $0 | Bingo $0 | Fortune $0
Board [Js 2h 9h 8c 4h]
Seat 1: f5d71749 (button) showed [8d Ad] and won ($1.27) with Pair of Eights
Seat 2: 72734388 (small blind) folded before Flop
Seat 4: 52bb8386 (big blind) folded before Flop
Seat 5: 61811aaf folded before Flop (didn't bet)
Seat 6: Hero showed [As Qh] and lost with Ace-High


Poker Hand #HD1204117375: Hold'em No Limit  ($0.02/$0.05) - 2023/04/15 14:41:26
Table 'NLHBlue11' 6-max Seat #6 is the button
Seat 1: f5d71749 ($5.02 in chips)
Seat 2: 72734388 ($5.57 in chips)
Seat 3: d7652110 ($6.32 in chips)
Seat 4: 52bb8386 ($6.55 in chips)
Seat 5: 61811aaf ($3.74 in chips)
Seat 6: Hero ($5 in chips)
f5d71749: posts small blind $0.02
72734388: posts big blind $0.05
*** HOLE CARDS ***
Dealt to f5d71749 
Dealt to 72734388 
Dealt to d7652110 
Dealt to 52bb8386 
Dealt to 61811aaf 
Dealt to Hero [3h 9s]
d7652110: raises $0.1 to $0.15
52bb8386: raises $0.35 to $0.5
61811aaf: raises $3.24 to $3.74 and is all-in
Hero: folds
f5d71749: folds
72734388: folds
d7652110: folds
52bb8386: calls $3.24
61811aaf: shows [Ah Ks]
52bb8386: shows [Kd Ad]
*** FLOP *** [Kc Qc Tc]
*** TURN *** [Kc Qc Tc] [Ac]
*** RIVER *** [Kc Qc Tc Ac] [2d]
*** SHOWDOWN ***
52bb8386 collected $3.64 from pot
61811aaf collected $3.63 from pot
*** SUMMARY ***
Total pot $7.7 | Rake $0.38 | Jackpot $0.05 | Bingo $0 | Fortune $0
Board [Kc Qc Tc Ac 2d]
Seat 1: f5d71749 (small blind) folded before Flop
Seat 2: 72734388 (big blind) folded before Flop
Seat 3: d7652110 folded before Flop
Seat 4: 52bb8386 showed [Kd Ad] and won ($3.64) with Pair of Aces and Pair of Kings
Seat 5: 61811aaf showed [Ah Ks] and won ($3.63) with Pair of Aces and Pair of Kings
Seat 6: Hero (button) folded before Flop (didn't bet)


Poker Hand #HD1204117357: Hold'em No Limit  ($0.02/$0.05) - 2023/04/15 14:41:11
Table 'NLHBlue11' 6-max Seat #5 is the button
Seat 1: f5d71749 ($5 in chips)
Seat 3: d7652110 ($6.32 in chips)
Seat 4: 52bb8386 ($6.55 in chips)
Seat 5: 61811aaf ($3.74 in chips)
Seat 6: Hero ($5 in chips)
Hero: posts small blind $0.02
f5d71749: posts big blind $0.05
*** HOLE CARDS ***
Dealt to f5d71749 
Dealt to d7652110 
Dealt to 52bb8386 
Dealt to 61811aaf 
Dealt to Hero [8d 4h]
d7652110: folds
52bb8386: folds
61811aaf: folds
Hero: folds
Uncalled bet ($0.03) returned to f5d71749
*** SHOWDOWN ***
f5d71749 collected $0.04 from pot
*** SUMMARY ***
Total pot $0.04 | Rake $0 | Jackpot $0 | Bingo $0 | Fortune $0
Seat 1: f5d71749 (big blind) collected ($0.04)
Seat 3: d7652110 folded before Flop (didn't bet)
Seat 4: 52bb8386 folded before Flop (didn't bet)
Seat 5: 61811aaf (button) folded before Flop (didn't bet)
Seat 6: Hero (small blind) folded before Flop


Poker Hand #HD1204117302: Hold'em No Limit  ($0.02/$0.05) - 2023/04/15 14:40:33
Table 'NLHBlue11' 6-max Seat #4 is the button
Seat 1: f5d71749 ($5 in chips)
Seat 2: 72734388 ($5.57 in chips)
Seat 3: d7652110 ($6.32 in chips)
Seat 4: 52bb8386 ($6.48 in chips)
Seat 5: 61811aaf ($3.76 in chips)
Seat 6: Hero ($5 in chips)
61811aaf: posts small blind $0.02
Hero: posts big blind $0.05
*** HOLE CARDS ***
Dealt to f5d71749 
Dealt to 72734388 
Dealt to d7652110 
Dealt to 52bb8386 
Dealt to 61811aaf 
Dealt to Hero [9c 4s]
f5d71749: folds
72734388: folds
d7652110: folds
52bb8386: raises $0.08 to $0.13
61811aaf: folds
Hero: folds
Uncalled bet ($0.08) returned to 52bb8386
*** SHOWDOWN ***
52bb8386 collected $0.12 from pot
*** SUMMARY ***
Total pot $0.12 | Rake $0 | Jackpot $0 | Bingo $0 | Fortune $0
Seat 1: f5d71749 folded before Flop (didn't bet)
Seat 2: 72734388 folded before Flop (didn't bet)
Seat 3: d7652110 folded before Flop (didn't bet)
Seat 4: 52bb8386 (button) collected ($0.12)
Seat 5: 61811aaf (small blind) folded before Flop
Seat 6: Hero (big blind) folded before Flop


