Poker Hand #HD1140396681: Hold'em No Limit  ($0.02/$0.05) - 2023/02/28 20:45:34
Table 'NLHBlue16' 6-max Seat #3 is the button
Seat 1: be6aaafd ($8.56 in chips)
Seat 2: 155cc831 ($5.64 in chips)
Seat 3: 9583f68f ($5.11 in chips)
Seat 4: fdb38d9e ($7.62 in chips)
Seat 5: cda73d80 ($6.53 in chips)
Seat 6: Hero ($5.31 in chips)
fdb38d9e: posts small blind $0.02
cda73d80: posts big blind $0.05
*** HOLE CARDS ***
Dealt to be6aaafd 
Dealt to 155cc831 
Dealt to 9583f68f 
Dealt to fdb38d9e 
Dealt to cda73d80 
Dealt to Hero [7s Th]
Hero: folds
be6aaafd: raises $0.1 to $0.15
155cc831: folds
9583f68f: folds
fdb38d9e: folds
cda73d80: folds
Uncalled bet ($0.1) returned to be6aaafd
*** SHOWDOWN ***
be6aaafd collected $0.12 from pot
*** SUMMARY ***
Total pot $0.12 | Rake $0 | Jackpot $0 | Bingo $0 | Fortune $0
Seat 1: be6aaafd collected ($0.12)
Seat 2: 155cc831 folded before Flop (didn't bet)
Seat 3: 9583f68f (button) folded before Flop (didn't bet)
Seat 4: fdb38d9e (small blind) folded before Flop
Seat 5: cda73d80 (big blind) folded before Flop
Seat 6: Hero folded before Flop (didn't bet)


Poker Hand #HD1140396647: Hold'em No Limit  ($0.02/$0.05) - 2023/02/28 20:45:18
Table 'NLHBlue16' 6-max Seat #2 is the button
Seat 1: be6aaafd ($8.56 in chips)
Seat 2: 155cc831 ($5.57 in chips)
Seat 3: 9583f68f ($5.13 in chips)
Seat 4: fdb38d9e ($7.67 in chips)
Seat 5: cda73d80 ($6.53 in chips)
Seat 6: Hero ($5.31 in chips)
9583f68f: posts small blind $0.02
fdb38d9e: posts big blind $0.05
*** HOLE CARDS ***
Dealt to be6aaafd 
Dealt to 155cc831 
Dealt to 9583f68f 
Dealt to fdb38d9e 
Dealt to cda73d80 
Dealt to Hero [7s Jd]
cda73d80: folds
Hero: folds
be6aaafd: folds
155cc831: raises $0.07 to $0.12
9583f68f: folds
fdb38d9e: folds
Uncalled bet ($0.07) returned to 155cc831
*** SHOWDOWN ***
155cc831 collected $0.12 from pot
*** SUMMARY ***
Total pot $0.12 | Rake $0 | Jackpot $0 | Bingo $0 | Fortune $0
Seat 1: be6aaafd folded before Flop (didn't bet)
Seat 2: 155cc831 (button) collected ($0.12)
Seat 3: 9583f68f (small blind) folded before Flop
Seat 4: fdb38d9e (big blind) folded before Flop
Seat 5: cda73d80 folded before Flop (didn't bet)
Seat 6: Hero folded before Flop (didn't bet)


Poker Hand #HD1140396593: Hold'em No Limit  ($0.02/$0.05) - 2023/02/28 20:44:58
Table 'NLHBlue16' 6-max Seat #1 is the button
Seat 1: be6aaafd ($8.56 in chips)
Seat 2: 155cc831 ($5.59 in chips)
Seat 3: 9583f68f ($5.11 in chips)
Seat 4: fdb38d9e ($7.67 in chips)
Seat 5: cda73d80 ($6.53 in chips)
Seat 6: Hero ($5.31 in chips)
155cc831: posts small blind $0.02
9583f68f: posts big blind $0.05
*** HOLE CARDS ***
Dealt to be6aaafd 
Dealt to 155cc831 
Dealt to 9583f68f 
Dealt to fdb38d9e 
Dealt to cda73d80 
Dealt to Hero [8h 4d]
fdb38d9e: folds
cda73d80: folds
Hero: folds
be6aaafd: folds
155cc831: folds
Uncalled bet ($0.03) returned to 9583f68f
*** SHOWDOWN ***
9583f68f collected $0.04 from pot
*** SUMMARY ***
Total pot $0.04 | Rake $0 | Jackpot $0 | Bingo $0 | Fortune $0
Seat 1: be6aaafd (button) folded before Flop (didn't bet)
Seat 2: 155cc831 (small blind) folded before Flop
Seat 3: 9583f68f (big blind) collected ($0.04)
Seat 4: fdb38d9e folded before Flop (didn't bet)
Seat 5: cda73d80 folded before Flop (didn't bet)
Seat 6: Hero folded before Flop (didn't bet)


Poker Hand #HD1140396573: Hold'em No Limit  ($0.02/$0.05) - 2023/02/28 20:44:49
Table 'NLHBlue16' 6-max Seat #6 is the button
Seat 1: be6aaafd ($8.58 in chips)
Seat 2: 155cc831 ($5.57 in chips)
Seat 3: 9583f68f ($5.11 in chips)
Seat 4: fdb38d9e ($7.67 in chips)
Seat 5: cda73d80 ($6.53 in chips)
Seat 6: Hero ($5.31 in chips)
be6aaafd: posts small blind $0.02
155cc831: posts big blind $0.05
*** HOLE CARDS ***
Dealt to be6aaafd 
Dealt to 155cc831 
Dealt to 9583f68f 
Dealt to fdb38d9e 
Dealt to cda73d80 
Dealt to Hero [8s Qh]
9583f68f: folds
fdb38d9e: folds
cda73d80: folds
Hero: folds
be6aaafd: folds
Uncalled bet ($0.03) returned to 155cc831
*** SHOWDOWN ***
155cc831 collected $0.04 from pot
*** SUMMARY ***
Total pot $0.04 | Rake $0 | Jackpot $0 | Bingo $0 | Fortune $0
Seat 1: be6aaafd (small blind) folded before Flop
Seat 2: 155cc831 (big blind) collected ($0.04)
Seat 3: 9583f68f folded before Flop (didn't bet)
Seat 4: fdb38d9e folded before Flop (didn't bet)
Seat 5: cda73d80 folded before Flop (didn't bet)
Seat 6: Hero (button) folded before Flop (didn't bet)


Poker Hand #HD1140396428: Hold'em No Limit  ($0.02/$0.05) - 2023/02/28 20:43:50
Table 'NLHBlue16' 6-max Seat #5 is the button
Seat 1: be6aaafd ($8.63 in chips)
Seat 2: 155cc831 ($5.57 in chips)
Seat 3: 9583f68f ($5.11 in chips)
Seat 4: fdb38d9e ($7.21 in chips)
Seat 5: cda73d80 ($6.96 in chips)
Seat 6: Hero ($5.33 in chips)
Hero: posts small blind $0.02
be6aaafd: posts big blind $0.05
*** HOLE CARDS ***
Dealt to be6aaafd 
Dealt to 155cc831 
Dealt to 9583f68f 
Dealt to fdb38d9e 
Dealt to cda73d80 
Dealt to Hero [Jc 2d]
155cc831: folds
9583f68f: folds
fdb38d9e: raises $0.08 to $0.13
cda73d80: calls $0.13
Hero: folds
be6aaafd: folds
*** FLOP *** [Qs 8h 3s]
fdb38d9e: checks
cda73d80: bets $0.11
fdb38d9e: raises $0.19 to $0.3
cda73d80: calls $0.19
*** TURN *** [Qs 8h 3s] [4d]
fdb38d9e: bets $0.5
cda73d80: folds
Uncalled bet ($0.5) returned to fdb38d9e
*** SHOWDOWN ***
fdb38d9e collected $0.89 from pot
*** SUMMARY ***
Total pot $0.93 | Rake $0.04 | Jackpot $0 | Bingo $0 | Fortune $0
Board [Qs 8h 3s 4d]
Seat 1: be6aaafd (big blind) folded before Flop
Seat 2: 155cc831 folded before Flop (didn't bet)
Seat 3: 9583f68f folded before Flop (didn't bet)
Seat 4: fdb38d9e won ($0.89)
Seat 5: cda73d80 (button) folded on the Turn
Seat 6: Hero (small blind) folded before Flop


Poker Hand #HD1140396371: Hold'em No Limit  ($0.02/$0.05) - 2023/02/28 20:43:31
Table 'NLHBlue16' 6-max Seat #4 is the button
Seat 1: be6aaafd ($8.63 in chips)
Seat 2: 155cc831 ($5.57 in chips)
Seat 3: 9583f68f ($5.04 in chips)
Seat 4: fdb38d9e ($7.21 in chips)
Seat 5: cda73d80 ($6.98 in chips)
Seat 6: Hero ($5.38 in chips)
cda73d80: posts small blind $0.02
Hero: posts big blind $0.05
*** HOLE CARDS ***
Dealt to be6aaafd 
Dealt to 155cc831 
Dealt to 9583f68f 
Dealt to fdb38d9e 
Dealt to cda73d80 
Dealt to Hero [3s Td]
be6aaafd: folds
155cc831: folds
9583f68f: raises $0.1 to $0.15
fdb38d9e: folds
cda73d80: folds
Hero: folds
Uncalled bet ($0.1) returned to 9583f68f
*** SHOWDOWN ***
9583f68f collected $0.12 from pot
*** SUMMARY ***
Total pot $0.12 | Rake $0 | Jackpot $0 | Bingo $0 | Fortune $0
Seat 1: be6aaafd folded before Flop (didn't bet)
Seat 2: 155cc831 folded before Flop (didn't bet)
Seat 3: 9583f68f collected ($0.12)
Seat 4: fdb38d9e (button) folded before Flop (didn't bet)
Seat 5: cda73d80 (small blind) folded before Flop
Seat 6: Hero (big blind) folded before Flop


Poker Hand #HD1140396172: Hold'em No Limit  ($0.02/$0.05) - 2023/02/28 20:42:07
Table 'NLHBlue16' 6-max Seat #3 is the button
Seat 1: be6aaafd ($8.53 in chips)
Seat 2: 155cc831 ($5.57 in chips)
Seat 3: 9583f68f ($5.04 in chips)
Seat 4: fdb38d9e ($7.26 in chips)
Seat 5: cda73d80 ($7.03 in chips)
Seat 6: Hero ($5.38 in chips)
fdb38d9e: posts small blind $0.02
cda73d80: posts big blind $0.05
*** HOLE CARDS ***
Dealt to be6aaafd 
Dealt to 155cc831 
Dealt to 9583f68f 
Dealt to fdb38d9e 
Dealt to cda73d80 
Dealt to Hero [Ts 4c]
Hero: folds
be6aaafd: calls $0.05
155cc831: folds
9583f68f: folds
fdb38d9e: calls $0.03
cda73d80: checks
*** FLOP *** [2c 2d Ad]
fdb38d9e: checks
cda73d80: checks
be6aaafd: checks
*** TURN *** [2c 2d Ad] [9c]
fdb38d9e: checks
cda73d80: checks
be6aaafd: bets $0.15
fdb38d9e: folds
cda73d80: folds
Uncalled bet ($0.15) returned to be6aaafd
*** SHOWDOWN ***
be6aaafd collected $0.15 from pot
*** SUMMARY ***
Total pot $0.15 | Rake $0 | Jackpot $0 | Bingo $0 | Fortune $0
Board [2c 2d Ad 9c]
Seat 1: be6aaafd won ($0.15)
Seat 2: 155cc831 folded before Flop (didn't bet)
Seat 3: 9583f68f (button) folded before Flop (didn't bet)
Seat 4: fdb38d9e (small blind) folded on the Turn
Seat 5: cda73d80 (big blind) folded on the Turn
Seat 6: Hero folded before Flop (didn't bet)


Poker Hand #HD1140395982: Hold'em No Limit  ($0.02/$0.05) - 2023/02/28 20:40:52
Table 'NLHBlue16' 6-max Seat #2 is the button
Seat 1: be6aaafd ($8.33 in chips)
Seat 2: 155cc831 ($5.57 in chips)
Seat 3: 9583f68f ($5.06 in chips)
Seat 4: fdb38d9e ($7.46 in chips)
Seat 5: cda73d80 ($7.03 in chips)
Seat 6: Hero ($5.38 in chips)
9583f68f: posts small blind $0.02
fdb38d9e: posts big blind $0.05
*** HOLE CARDS ***
Dealt to be6aaafd 
Dealt to 155cc831 
Dealt to 9583f68f 
Dealt to fdb38d9e 
Dealt to cda73d80 
Dealt to Hero [8c 3h]
cda73d80: folds
Hero: folds
be6aaafd: calls $0.05
155cc831: folds
9583f68f: folds
fdb38d9e: checks
*** FLOP *** [4h Ah 2c]
fdb38d9e: checks
be6aaafd: bets $0.1
fdb38d9e: calls $0.1
*** TURN *** [4h Ah 2c] [Js]
fdb38d9e: checks
be6aaafd: bets $0.05
fdb38d9e: calls $0.05
*** RIVER *** [4h Ah 2c Js] [Tc]
fdb38d9e: checks
be6aaafd: checks
fdb38d9e: shows [Kh 3d] (Ace-High)
be6aaafd: shows [7s Ac] (Pair of Aces)
*** SHOWDOWN ***
be6aaafd collected $0.4 from pot
*** SUMMARY ***
Total pot $0.42 | Rake $0.02 | Jackpot $0 | Bingo $0 | Fortune $0
Board [4h Ah 2c Js Tc]
Seat 1: be6aaafd showed [7s Ac] and won ($0.4) with Pair of Aces
Seat 2: 155cc831 (button) folded before Flop (didn't bet)
Seat 3: 9583f68f (small blind) folded before Flop
Seat 4: fdb38d9e (big blind) showed [Kh 3d] and lost with Ace-High
Seat 5: cda73d80 folded before Flop (didn't bet)
Seat 6: Hero folded before Flop (didn't bet)


Poker Hand #HD1140395848: Hold'em No Limit  ($0.02/$0.05) - 2023/02/28 20:39:53
Table 'NLHBlue16' 6-max Seat #1 is the button
Seat 1: be6aaafd ($8.53 in chips)
Seat 2: 155cc831 ($5.59 in chips)
Seat 3: 9583f68f ($4.86 in chips)
Seat 4: fdb38d9e ($7.46 in chips)
Seat 5: cda73d80 ($7.03 in chips)
Seat 6: Hero ($5.38 in chips)
155cc831: posts small blind $0.02
9583f68f: posts big blind $0.05
*** HOLE CARDS ***
Dealt to be6aaafd 
Dealt to 155cc831 
Dealt to 9583f68f 
Dealt to fdb38d9e 
Dealt to cda73d80 
Dealt to Hero [9s Td]
fdb38d9e: folds
cda73d80: folds
Hero: folds
be6aaafd: calls $0.05
155cc831: folds
9583f68f: checks
*** FLOP *** [Ad 3c 9d]
9583f68f: checks
be6aaafd: checks
*** TURN *** [Ad 3c 9d] [9h]
9583f68f: bets $0.15
be6aaafd: calls $0.15
*** RIVER *** [Ad 3c 9d 9h] [As]
9583f68f: bets $0.32
be6aaafd: folds
Uncalled bet ($0.32) returned to 9583f68f
*** SHOWDOWN ***
9583f68f collected $0.4 from pot
*** SUMMARY ***
Total pot $0.42 | Rake $0.02 | Jackpot $0 | Bingo $0 | Fortune $0
Board [Ad 3c 9d 9h As]
Seat 1: be6aaafd (button) folded on the River
Seat 2: 155cc831 (small blind) folded before Flop
Seat 3: 9583f68f (big blind) won ($0.4)
Seat 4: fdb38d9e folded before Flop (didn't bet)
Seat 5: cda73d80 folded before Flop (didn't bet)
Seat 6: Hero folded before Flop (didn't bet)


Poker Hand #HD1140395740: Hold'em No Limit  ($0.02/$0.05) - 2023/02/28 20:39:07
Table 'NLHBlue16' 6-max Seat #6 is the button
Seat 1: be6aaafd ($8.36 in chips)
Seat 2: 155cc831 ($5.64 in chips)
Seat 3: 9583f68f ($4.86 in chips)
Seat 4: fdb38d9e ($7.59 in chips)
Seat 5: cda73d80 ($7.03 in chips)
Seat 6: Hero ($5.38 in chips)
be6aaafd: posts small blind $0.02
155cc831: posts big blind $0.05
*** HOLE CARDS ***
Dealt to be6aaafd 
Dealt to 155cc831 
Dealt to 9583f68f 
Dealt to fdb38d9e 
Dealt to cda73d80 
Dealt to Hero [3c 7h]
9583f68f: folds
fdb38d9e: raises $0.08 to $0.13
cda73d80: folds
Hero: folds
be6aaafd: calls $0.11
155cc831: folds
*** FLOP *** [5h 3s 2c]
be6aaafd: checks
fdb38d9e: checks
*** TURN *** [5h 3s 2c] [Qc]
be6aaafd: checks
fdb38d9e: checks
*** RIVER *** [5h 3s 2c Qc] [Tc]
be6aaafd: checks
fdb38d9e: checks
be6aaafd: shows [8h As] (Ace-High)
fdb38d9e: shows [9s Js] (Queen-High)
*** SHOWDOWN ***
be6aaafd collected $0.3 from pot
*** SUMMARY ***
Total pot $0.31 | Rake $0.01 | Jackpot $0 | Bingo $0 | Fortune $0
Board [5h 3s 2c Qc Tc]
Seat 1: be6aaafd (small blind) showed [8h As] and won ($0.3) with Ace-High
Seat 2: 155cc831 (big blind) folded before Flop
Seat 3: 9583f68f folded before Flop (didn't bet)
Seat 4: fdb38d9e showed [9s Js] and lost with Queen-High
Seat 5: cda73d80 folded before Flop (didn't bet)
Seat 6: Hero (button) folded before Flop (didn't bet)


Poker Hand #HD1140325546: Hold'em No Limit  ($0.02/$0.05) - 2023/02/28 20:37:52
Table 'NLHBlue16' 6-max Seat #5 is the button
Seat 1: be6aaafd ($9.1 in chips)
Seat 2: 155cc831 ($5 in chips)
Seat 3: 9583f68f ($4.86 in chips)
Seat 4: fdb38d9e ($7.59 in chips)
Seat 5: cda73d80 ($7.03 in chips)
Seat 6: Hero ($5.4 in chips)
Hero: posts small blind $0.02
be6aaafd: posts big blind $0.05
*** HOLE CARDS ***
Dealt to be6aaafd 
Dealt to 155cc831 
Dealt to 9583f68f 
Dealt to fdb38d9e 
Dealt to cda73d80 
Dealt to Hero [8s Th]
155cc831: raises $0.07 to $0.12
9583f68f: folds
fdb38d9e: folds
cda73d80: folds
Hero: folds
be6aaafd: calls $0.07
*** FLOP *** [4h Qd 2h]
be6aaafd: bets $0.05
155cc831: raises $0.12 to $0.17
be6aaafd: calls $0.12
*** TURN *** [4h Qd 2h] [As]
be6aaafd: checks
155cc831: bets $0.45
be6aaafd: calls $0.45
*** RIVER *** [4h Qd 2h As] [6s]
be6aaafd: checks
155cc831: bets $1.13
be6aaafd: folds
Uncalled bet ($1.13) returned to 155cc831
*** SHOWDOWN ***
155cc831 collected $1.38 from pot
*** SUMMARY ***
Total pot $1.5 | Rake $0.07 | Jackpot $0.05 | Bingo $0 | Fortune $0
Board [4h Qd 2h As 6s]
Seat 1: be6aaafd (big blind) folded on the River
Seat 2: 155cc831 won ($1.38)
Seat 3: 9583f68f folded before Flop (didn't bet)
Seat 4: fdb38d9e folded before Flop (didn't bet)
Seat 5: cda73d80 (button) folded before Flop (didn't bet)
Seat 6: Hero (small blind) folded before Flop


Poker Hand #HD1140325396: Hold'em No Limit  ($0.02/$0.05) - 2023/02/28 20:36:52
Table 'NLHBlue16' 6-max Seat #4 is the button
Seat 1: be6aaafd ($9.1 in chips)
Seat 2: 155cc831 ($5.03 in chips)
Seat 3: 9583f68f ($4.86 in chips)
Seat 4: fdb38d9e ($7.59 in chips)
Seat 5: cda73d80 ($7.05 in chips)
Seat 6: Hero ($5 in chips)
cda73d80: posts small blind $0.02
Hero: posts big blind $0.05
*** HOLE CARDS ***
Dealt to be6aaafd 
Dealt to 155cc831 
Dealt to 9583f68f 
Dealt to fdb38d9e 
Dealt to cda73d80 
Dealt to Hero [Kc Ac]
be6aaafd: folds
155cc831: raises $0.07 to $0.12
9583f68f: folds
fdb38d9e: folds
cda73d80: folds
Hero: raises $0.3 to $0.42
155cc831: calls $0.3
*** FLOP *** [3c 4s 5d]
Hero: checks
155cc831: checks
*** TURN *** [3c 4s 5d] [4c]
Hero: bets $0.65
155cc831: folds
Uncalled bet ($0.65) returned to Hero
*** SHOWDOWN ***
Hero collected $0.82 from pot
*** SUMMARY ***
Total pot $0.86 | Rake $0.04 | Jackpot $0 | Bingo $0 | Fortune $0
Board [3c 4s 5d 4c]
Seat 1: be6aaafd folded before Flop (didn't bet)
Seat 2: 155cc831 folded on the Turn
Seat 3: 9583f68f folded before Flop (didn't bet)
Seat 4: fdb38d9e (button) folded before Flop (didn't bet)
Seat 5: cda73d80 (small blind) folded before Flop
Seat 6: Hero (big blind) won ($0.82)


Poker Hand #HD1140325363: Hold'em No Limit  ($0.02/$0.05) - 2023/02/28 20:36:38
Table 'NLHBlue16' 6-max Seat #3 is the button
Seat 1: be6aaafd ($9.03 in chips)
Seat 2: 155cc831 ($5.03 in chips)
Seat 3: 9583f68f ($4.86 in chips)
Seat 4: fdb38d9e ($7.61 in chips)
Seat 5: cda73d80 ($7.1 in chips)
Seat 6: Hero ($5 in chips)
fdb38d9e: posts small blind $0.02
cda73d80: posts big blind $0.05
*** HOLE CARDS ***
Dealt to be6aaafd 
Dealt to 155cc831 
Dealt to 9583f68f 
Dealt to fdb38d9e 
Dealt to cda73d80 
Dealt to Hero [Js 3c]
Hero: folds
be6aaafd: raises $0.05 to $0.1
155cc831: folds
9583f68f: folds
fdb38d9e: folds
cda73d80: folds
Uncalled bet ($0.05) returned to be6aaafd
*** SHOWDOWN ***
be6aaafd collected $0.12 from pot
*** SUMMARY ***
Total pot $0.12 | Rake $0 | Jackpot $0 | Bingo $0 | Fortune $0
Seat 1: be6aaafd collected ($0.12)
Seat 2: 155cc831 folded before Flop (didn't bet)
Seat 3: 9583f68f (button) folded before Flop (didn't bet)
Seat 4: fdb38d9e (small blind) folded before Flop
Seat 5: cda73d80 (big blind) folded before Flop
Seat 6: Hero folded before Flop (didn't bet)


Poker Hand #HD1140325232: Hold'em No Limit  ($0.02/$0.05) - 2023/02/28 20:35:43
Table 'NLHBlue16' 6-max Seat #2 is the button
Seat 1: be6aaafd ($8.96 in chips)
Seat 2: 155cc831 ($5.03 in chips)
Seat 3: 9583f68f ($4.88 in chips)
Seat 4: fdb38d9e ($7.66 in chips)
Seat 5: cda73d80 ($7.1 in chips)
Seat 6: Hero ($4.35 in chips)
9583f68f: posts small blind $0.02
fdb38d9e: posts big blind $0.05
*** HOLE CARDS ***
Dealt to be6aaafd 
Dealt to 155cc831 
Dealt to 9583f68f 
Dealt to fdb38d9e 
Dealt to cda73d80 
Dealt to Hero [Qd 8s]
cda73d80: folds
Hero: folds
be6aaafd: calls $0.05
155cc831: folds
9583f68f: folds
fdb38d9e: checks
*** FLOP *** [6c 4h Ad]
fdb38d9e: checks
be6aaafd: bets $0.05
fdb38d9e: folds
Uncalled bet ($0.05) returned to be6aaafd
*** SHOWDOWN ***
be6aaafd collected $0.12 from pot
*** SUMMARY ***
Total pot $0.12 | Rake $0 | Jackpot $0 | Bingo $0 | Fortune $0
Board [6c 4h Ad]
Seat 1: be6aaafd won ($0.12)
Seat 2: 155cc831 (button) folded before Flop (didn't bet)
Seat 3: 9583f68f (small blind) folded before Flop
Seat 4: fdb38d9e (big blind) folded on the Flop
Seat 5: cda73d80 folded before Flop (didn't bet)
Seat 6: Hero folded before Flop (didn't bet)


Poker Hand #HD1140325083: Hold'em No Limit  ($0.02/$0.05) - 2023/02/28 20:34:41
Table 'NLHBlue16' 6-max Seat #1 is the button
Seat 1: be6aaafd ($8.25 in chips)
Seat 2: 155cc831 ($5.05 in chips)
Seat 3: 9583f68f ($4.93 in chips)
Seat 4: fdb38d9e ($7.66 in chips)
Seat 5: cda73d80 ($7.1 in chips)
Seat 6: Hero ($5.06 in chips)
155cc831: posts small blind $0.02
9583f68f: posts big blind $0.05
*** HOLE CARDS ***
Dealt to be6aaafd 
Dealt to 155cc831 
Dealt to 9583f68f 
Dealt to fdb38d9e 
Dealt to cda73d80 
Dealt to Hero [5s 4s]
fdb38d9e: folds
cda73d80: folds
Hero: raises $0.07 to $0.12
be6aaafd: calls $0.12
155cc831: folds
9583f68f: folds
*** FLOP *** [6c 8h 6d]
Hero: bets $0.14
be6aaafd: calls $0.14
*** TURN *** [6c 8h 6d] [2c]
Hero: bets $0.45
be6aaafd: calls $0.45
*** RIVER *** [6c 8h 6d 2c] [Ts]
Hero: checks
be6aaafd: checks
Hero: shows [5s 4s] (Pair of Sixes)
be6aaafd: shows [Kc Tc] (Pair of Tens and Pair of Sixes)
*** SHOWDOWN ***
be6aaafd collected $1.42 from pot
*** SUMMARY ***
Total pot $1.49 | Rake $0.07 | Jackpot $0 | Bingo $0 | Fortune $0
Board [6c 8h 6d 2c Ts]
Seat 1: be6aaafd (button) showed [Kc Tc] and won ($1.42) with Pair of Tens and Pair of Sixes
Seat 2: 155cc831 (small blind) folded before Flop
Seat 3: 9583f68f (big blind) folded before Flop
Seat 4: fdb38d9e folded before Flop (didn't bet)
Seat 5: cda73d80 folded before Flop (didn't bet)
Seat 6: Hero showed [5s 4s] and lost with Pair of Sixes


Poker Hand #HD1140325028: Hold'em No Limit  ($0.02/$0.05) - 2023/02/28 20:34:22
Table 'NLHBlue16' 6-max Seat #6 is the button
Seat 1: be6aaafd ($8.27 in chips)
Seat 2: 155cc831 ($5 in chips)
Seat 3: 9583f68f ($4.93 in chips)
Seat 4: fdb38d9e ($7.59 in chips)
Seat 5: cda73d80 ($7.1 in chips)
Seat 6: Hero ($5.06 in chips)
be6aaafd: posts small blind $0.02
155cc831: posts big blind $0.05
*** HOLE CARDS ***
Dealt to be6aaafd 
Dealt to 155cc831 
Dealt to 9583f68f 
Dealt to fdb38d9e 
Dealt to cda73d80 
Dealt to Hero [5c 7s]
9583f68f: folds
fdb38d9e: raises $0.08 to $0.13
cda73d80: folds
Hero: folds
be6aaafd: folds
155cc831: folds
Uncalled bet ($0.08) returned to fdb38d9e
*** SHOWDOWN ***
fdb38d9e collected $0.12 from pot
*** SUMMARY ***
Total pot $0.12 | Rake $0 | Jackpot $0 | Bingo $0 | Fortune $0
Seat 1: be6aaafd (small blind) folded before Flop
Seat 2: 155cc831 (big blind) folded before Flop
Seat 3: 9583f68f folded before Flop (didn't bet)
Seat 4: fdb38d9e collected ($0.12)
Seat 5: cda73d80 folded before Flop (didn't bet)
Seat 6: Hero (button) folded before Flop (didn't bet)


Poker Hand #HD1140324985: Hold'em No Limit  ($0.02/$0.05) - 2023/02/28 20:34:01
Table 'NLHBlue16' 6-max Seat #5 is the button
Seat 1: be6aaafd ($8.32 in chips)
Seat 2: 155cc831 ($5 in chips)
Seat 3: 9583f68f ($4.93 in chips)
Seat 4: fdb38d9e ($7.59 in chips)
Seat 5: cda73d80 ($7.03 in chips)
Seat 6: Hero ($5.08 in chips)
Hero: posts small blind $0.02
be6aaafd: posts big blind $0.05
*** HOLE CARDS ***
Dealt to be6aaafd 
Dealt to 155cc831 
Dealt to 9583f68f 
Dealt to fdb38d9e 
Dealt to cda73d80 
Dealt to Hero [Tc 5c]
155cc831: folds
9583f68f: folds
fdb38d9e: folds
cda73d80: raises $0.05 to $0.1
Hero: folds
be6aaafd: folds
Uncalled bet ($0.05) returned to cda73d80
*** SHOWDOWN ***
cda73d80 collected $0.12 from pot
*** SUMMARY ***
Total pot $0.12 | Rake $0 | Jackpot $0 | Bingo $0 | Fortune $0
Seat 1: be6aaafd (big blind) folded before Flop
Seat 2: 155cc831 folded before Flop (didn't bet)
Seat 3: 9583f68f folded before Flop (didn't bet)
Seat 4: fdb38d9e folded before Flop (didn't bet)
Seat 5: cda73d80 (button) collected ($0.12)
Seat 6: Hero (small blind) folded before Flop


Poker Hand #HD1140324873: Hold'em No Limit  ($0.02/$0.05) - 2023/02/28 20:33:16
Table 'NLHBlue16' 6-max Seat #4 is the button
Seat 1: be6aaafd ($8.32 in chips)
Seat 2: 155cc831 ($5 in chips)
Seat 3: 9583f68f ($4.93 in chips)
Seat 4: fdb38d9e ($7.45 in chips)
Seat 5: cda73d80 ($7.05 in chips)
Seat 6: Hero ($5.21 in chips)
cda73d80: posts small blind $0.02
Hero: posts big blind $0.05
*** HOLE CARDS ***
Dealt to be6aaafd 
Dealt to 155cc831 
Dealt to 9583f68f 
Dealt to fdb38d9e 
Dealt to cda73d80 
Dealt to Hero [7d Jd]
be6aaafd: folds
155cc831: folds
9583f68f: folds
fdb38d9e: raises $0.08 to $0.13
cda73d80: folds
Hero: calls $0.08
*** FLOP *** [3h Ah 9h]
Hero: checks
fdb38d9e: bets $0.1
Hero: folds
Uncalled bet ($0.1) returned to fdb38d9e
*** SHOWDOWN ***
fdb38d9e collected $0.27 from pot
*** SUMMARY ***
Total pot $0.28 | Rake $0.01 | Jackpot $0 | Bingo $0 | Fortune $0
Board [3h Ah 9h]
Seat 1: be6aaafd folded before Flop (didn't bet)
Seat 2: 155cc831 folded before Flop (didn't bet)
Seat 3: 9583f68f folded before Flop (didn't bet)
Seat 4: fdb38d9e (button) won ($0.27)
Seat 5: cda73d80 (small blind) folded before Flop
Seat 6: Hero (big blind) folded on the Flop


Poker Hand #HD1140324745: Hold'em No Limit  ($0.02/$0.05) - 2023/02/28 20:32:25
Table 'NLHBlue16' 6-max Seat #3 is the button
Seat 1: be6aaafd ($8.32 in chips)
Seat 2: 155cc831 ($5 in chips)
Seat 3: 9583f68f ($5.08 in chips)
Seat 4: fdb38d9e ($7.26 in chips)
Seat 5: cda73d80 ($7.1 in chips)
Seat 6: Hero ($5.21 in chips)
fdb38d9e: posts small blind $0.02
cda73d80: posts big blind $0.05
*** HOLE CARDS ***
Dealt to be6aaafd 
Dealt to 155cc831 
Dealt to 9583f68f 
Dealt to fdb38d9e 
Dealt to cda73d80 
Dealt to Hero [7s Kd]
Hero: folds
be6aaafd: folds
155cc831: folds
9583f68f: raises $0.1 to $0.15
fdb38d9e: raises $0.35 to $0.5
cda73d80: folds
9583f68f: folds
Uncalled bet ($0.35) returned to fdb38d9e
*** SHOWDOWN ***
fdb38d9e collected $0.34 from pot
*** SUMMARY ***
Total pot $0.35 | Rake $0.01 | Jackpot $0 | Bingo $0 | Fortune $0
Seat 1: be6aaafd folded before Flop (didn't bet)
Seat 2: 155cc831 folded before Flop (didn't bet)
Seat 3: 9583f68f (button) folded before Flop
Seat 4: fdb38d9e (small blind) collected ($0.34)
Seat 5: cda73d80 (big blind) folded before Flop
Seat 6: Hero folded before Flop (didn't bet)


Poker Hand #HD1140324592: Hold'em No Limit  ($0.02/$0.05) - 2023/02/28 20:31:25
Table 'NLHBlue16' 6-max Seat #2 is the button
Seat 1: be6aaafd ($8.32 in chips)
Seat 2: 155cc831 ($5 in chips)
Seat 3: 9583f68f ($5.1 in chips)
Seat 4: fdb38d9e ($7.47 in chips)
Seat 5: cda73d80 ($7.1 in chips)
Seat 6: Hero ($5 in chips)
9583f68f: posts small blind $0.02
fdb38d9e: posts big blind $0.05
*** HOLE CARDS ***
Dealt to be6aaafd 
Dealt to 155cc831 
Dealt to 9583f68f 
Dealt to fdb38d9e 
Dealt to cda73d80 
Dealt to Hero [Qh Qd]
cda73d80: folds
Hero: raises $0.07 to $0.12
be6aaafd: folds
155cc831: folds
9583f68f: folds
fdb38d9e: calls $0.07
*** FLOP *** [Kc 4h 9d]
fdb38d9e: checks
Hero: bets $0.09
fdb38d9e: calls $0.09
*** TURN *** [Kc 4h 9d] [7c]
fdb38d9e: checks
Hero: bets $0.22
fdb38d9e: folds
Uncalled bet ($0.22) returned to Hero
*** SHOWDOWN ***
Hero collected $0.42 from pot
*** SUMMARY ***
Total pot $0.44 | Rake $0.02 | Jackpot $0 | Bingo $0 | Fortune $0
Board [Kc 4h 9d 7c]
Seat 1: be6aaafd folded before Flop (didn't bet)
Seat 2: 155cc831 (button) folded before Flop (didn't bet)
Seat 3: 9583f68f (small blind) folded before Flop
Seat 4: fdb38d9e (big blind) folded on the Turn
Seat 5: cda73d80 folded before Flop (didn't bet)
Seat 6: Hero won ($0.42)


Poker Hand #HD1140324526: Hold'em No Limit  ($0.02/$0.05) - 2023/02/28 20:31:02
Table 'NLHBlue16' 6-max Seat #1 is the button
Seat 1: be6aaafd ($8.32 in chips)
Seat 2: 155cc831 ($5 in chips)
Seat 3: 9583f68f ($5.15 in chips)
Seat 4: fdb38d9e ($7.47 in chips)
Seat 5: cda73d80 ($7.03 in chips)
Seat 6: Hero ($5 in chips)
155cc831: posts small blind $0.02
9583f68f: posts big blind $0.05
*** HOLE CARDS ***
Dealt to be6aaafd 
Dealt to 155cc831 
Dealt to 9583f68f 
Dealt to fdb38d9e 
Dealt to cda73d80 
Dealt to Hero [Tc 5c]
fdb38d9e: folds
cda73d80: raises $0.05 to $0.1
Hero: folds
be6aaafd: folds
155cc831: folds
9583f68f: folds
Uncalled bet ($0.05) returned to cda73d80
*** SHOWDOWN ***
cda73d80 collected $0.12 from pot
*** SUMMARY ***
Total pot $0.12 | Rake $0 | Jackpot $0 | Bingo $0 | Fortune $0
Seat 1: be6aaafd (button) folded before Flop (didn't bet)
Seat 2: 155cc831 (small blind) folded before Flop
Seat 3: 9583f68f (big blind) folded before Flop
Seat 4: fdb38d9e folded before Flop (didn't bet)
Seat 5: cda73d80 collected ($0.12)
Seat 6: Hero folded before Flop (didn't bet)


Poker Hand #HD1140324346: Hold'em No Limit  ($0.02/$0.05) - 2023/02/28 20:29:50
Table 'NLHBlue16' 6-max Seat #6 is the button
Seat 1: be6aaafd ($7.66 in chips)
Seat 2: 155cc831 ($5 in chips)
Seat 3: 9583f68f ($5.15 in chips)
Seat 4: fdb38d9e ($7.9 in chips)
Seat 5: cda73d80 ($7.26 in chips)
Seat 6: Hero ($5 in chips)
be6aaafd: posts small blind $0.02
155cc831: posts big blind $0.05
*** HOLE CARDS ***
Dealt to be6aaafd 
Dealt to 155cc831 
Dealt to 9583f68f 
Dealt to fdb38d9e 
Dealt to cda73d80 
Dealt to Hero [7s 6h]
9583f68f: folds
fdb38d9e: raises $0.08 to $0.13
cda73d80: calls $0.13
Hero: folds
be6aaafd: calls $0.11
155cc831: folds
*** FLOP *** [8s Tc Ac]
be6aaafd: bets $0.1
fdb38d9e: calls $0.1
cda73d80: calls $0.1
*** TURN *** [8s Tc Ac] [7d]
be6aaafd: bets $0.2
fdb38d9e: calls $0.2
cda73d80: folds
*** RIVER *** [8s Tc Ac 7d] [5h]
be6aaafd: bets $0.57
fdb38d9e: folds
Uncalled bet ($0.57) returned to be6aaafd
*** SHOWDOWN ***
be6aaafd collected $1.09 from pot
*** SUMMARY ***
Total pot $1.14 | Rake $0.05 | Jackpot $0 | Bingo $0 | Fortune $0
Board [8s Tc Ac 7d 5h]
Seat 1: be6aaafd (small blind) won ($1.09)
Seat 2: 155cc831 (big blind) folded before Flop
Seat 3: 9583f68f folded before Flop (didn't bet)
Seat 4: fdb38d9e folded on the River
Seat 5: cda73d80 folded on the Turn
Seat 6: Hero (button) folded before Flop (didn't bet)


Poker Hand #HD1140324295: Hold'em No Limit  ($0.02/$0.05) - 2023/02/28 20:29:32
Table 'NLHBlue16' 6-max Seat #5 is the button
Seat 1: be6aaafd ($7.71 in chips)
Seat 2: 155cc831 ($5 in chips)
Seat 3: 9583f68f ($5.15 in chips)
Seat 4: fdb38d9e ($7.9 in chips)
Seat 5: cda73d80 ($7.19 in chips)
Seat 6: Hero ($5 in chips)
Hero: posts small blind $0.02
be6aaafd: posts big blind $0.05
*** HOLE CARDS ***
Dealt to be6aaafd 
Dealt to 155cc831 
Dealt to 9583f68f 
Dealt to fdb38d9e 
Dealt to cda73d80 
Dealt to Hero [3h 5c]
155cc831: folds
9583f68f: folds
fdb38d9e: folds
cda73d80: raises $0.05 to $0.1
Hero: folds
be6aaafd: folds
Uncalled bet ($0.05) returned to cda73d80
*** SHOWDOWN ***
cda73d80 collected $0.12 from pot
*** SUMMARY ***
Total pot $0.12 | Rake $0 | Jackpot $0 | Bingo $0 | Fortune $0
Seat 1: be6aaafd (big blind) folded before Flop
Seat 2: 155cc831 folded before Flop (didn't bet)
Seat 3: 9583f68f folded before Flop (didn't bet)
Seat 4: fdb38d9e folded before Flop (didn't bet)
Seat 5: cda73d80 (button) collected ($0.12)
Seat 6: Hero (small blind) folded before Flop


Poker Hand #HD1140324125: Hold'em No Limit  ($0.02/$0.05) - 2023/02/28 20:28:21
Table 'NLHBlue16' 6-max Seat #4 is the button
Seat 1: be6aaafd ($7.71 in chips)
Seat 2: 155cc831 ($5 in chips)
Seat 3: 9583f68f ($5.15 in chips)
Seat 4: fdb38d9e ($7.9 in chips)
Seat 5: cda73d80 ($5.68 in chips)
Seat 6: Hero ($5 in chips)
cda73d80: posts small blind $0.02
Hero: posts big blind $0.05
*** HOLE CARDS ***
Dealt to be6aaafd 
Dealt to 155cc831 
Dealt to 9583f68f 
Dealt to fdb38d9e 
Dealt to cda73d80 
Dealt to Hero [6d Kh]
be6aaafd: folds
155cc831: raises $0.07 to $0.12
9583f68f: folds
fdb38d9e: folds
cda73d80: calls $0.1
Hero: folds
*** FLOP *** [9c 8s Qh]
cda73d80: checks
155cc831: bets $0.1
cda73d80: calls $0.1
*** TURN *** [9c 8s Qh] [5s]
cda73d80: checks
155cc831: bets $0.37
cda73d80: calls $0.37
*** RIVER *** [9c 8s Qh 5s] [Ts]
cda73d80: bets $1.08
155cc831: calls $1.08
cda73d80: shows [Ks Js] (King High Flush)
155cc831: shows [Ac Jc] (Queens-High Straight)
*** SHOWDOWN ***
cda73d80 collected $3.18 from pot
*** SUMMARY ***
Total pot $3.39 | Rake $0.16 | Jackpot $0.05 | Bingo $0 | Fortune $0
Board [9c 8s Qh 5s Ts]
Seat 1: be6aaafd folded before Flop (didn't bet)
Seat 2: 155cc831 showed [Ac Jc] and lost with Queens-High Straight
Seat 3: 9583f68f folded before Flop (didn't bet)
Seat 4: fdb38d9e (button) folded before Flop (didn't bet)
Seat 5: cda73d80 (small blind) showed [Ks Js] and won ($3.18) with King High Flush
Seat 6: Hero (big blind) folded before Flop


Poker Hand #HD1140324088: Hold'em No Limit  ($0.02/$0.05) - 2023/02/28 20:28:06
Table 'NLHBlue16' 6-max Seat #3 is the button
Seat 1: be6aaafd ($7.71 in chips)
Seat 2: 155cc831 ($5 in chips)
Seat 3: 9583f68f ($5.15 in chips)
Seat 4: fdb38d9e ($7.92 in chips)
Seat 5: cda73d80 ($5.66 in chips)
Seat 6: Hero ($5 in chips)
fdb38d9e: posts small blind $0.02
cda73d80: posts big blind $0.05
*** HOLE CARDS ***
Dealt to be6aaafd 
Dealt to 155cc831 
Dealt to 9583f68f 
Dealt to fdb38d9e 
Dealt to cda73d80 
Dealt to Hero [Qs 6c]
Hero: folds
be6aaafd: folds
155cc831: folds
9583f68f: folds
fdb38d9e: folds
Uncalled bet ($0.03) returned to cda73d80
*** SHOWDOWN ***
cda73d80 collected $0.04 from pot
*** SUMMARY ***
Total pot $0.04 | Rake $0 | Jackpot $0 | Bingo $0 | Fortune $0
Seat 1: be6aaafd folded before Flop (didn't bet)
Seat 2: 155cc831 folded before Flop (didn't bet)
Seat 3: 9583f68f (button) folded before Flop (didn't bet)
Seat 4: fdb38d9e (small blind) folded before Flop
Seat 5: cda73d80 (big blind) collected ($0.04)
Seat 6: Hero folded before Flop (didn't bet)


Poker Hand #HD1140323951: Hold'em No Limit  ($0.02/$0.05) - 2023/02/28 20:27:16
Table 'NLHBlue16' 6-max Seat #2 is the button
Seat 1: be6aaafd ($7.71 in chips)
Seat 2: 155cc831 ($5 in chips)
Seat 3: 9583f68f ($4.9 in chips)
Seat 4: fdb38d9e ($7.97 in chips)
Seat 5: cda73d80 ($5.66 in chips)
Seat 6: Hero ($5 in chips)
9583f68f: posts small blind $0.02
fdb38d9e: posts big blind $0.05
*** HOLE CARDS ***
Dealt to be6aaafd 
Dealt to 155cc831 
Dealt to 9583f68f 
Dealt to fdb38d9e 
Dealt to cda73d80 
Dealt to Hero [9s 8d]
cda73d80: folds
Hero: folds
be6aaafd: folds
155cc831: raises $0.07 to $0.12
9583f68f: calls $0.1
fdb38d9e: folds
*** FLOP *** [6s Ac Qc]
9583f68f: checks
155cc831: bets $0.1
9583f68f: calls $0.1
*** TURN *** [6s Ac Qc] [Kd]
9583f68f: checks
155cc831: checks
*** RIVER *** [6s Ac Qc Kd] [Ks]
9583f68f: bets $0.2
155cc831: folds
Uncalled bet ($0.2) returned to 9583f68f
*** SHOWDOWN ***
9583f68f collected $0.47 from pot
*** SUMMARY ***
Total pot $0.49 | Rake $0.02 | Jackpot $0 | Bingo $0 | Fortune $0
Board [6s Ac Qc Kd Ks]
Seat 1: be6aaafd folded before Flop (didn't bet)
Seat 2: 155cc831 (button) folded on the River
Seat 3: 9583f68f (small blind) won ($0.47)
Seat 4: fdb38d9e (big blind) folded before Flop
Seat 5: cda73d80 folded before Flop (didn't bet)
Seat 6: Hero folded before Flop (didn't bet)


Poker Hand #HD1140323795: Hold'em No Limit  ($0.02/$0.05) - 2023/02/28 20:26:18
Table 'NLHBlue16' 6-max Seat #1 is the button
Seat 1: be6aaafd ($8 in chips)
Seat 2: 155cc831 ($5 in chips)
Seat 3: 9583f68f ($4.95 in chips)
Seat 4: fdb38d9e ($7.97 in chips)
Seat 5: cda73d80 ($5.33 in chips)
Seat 6: Hero ($5 in chips)
155cc831: posts small blind $0.02
9583f68f: posts big blind $0.05
*** HOLE CARDS ***
Dealt to be6aaafd 
Dealt to 155cc831 
Dealt to 9583f68f 
Dealt to fdb38d9e 
Dealt to cda73d80 
Dealt to Hero [Ts Qc]
fdb38d9e: folds
cda73d80: raises $0.05 to $0.1
Hero: folds
be6aaafd: calls $0.1
155cc831: folds
9583f68f: folds
*** FLOP *** [7s Th 8d]
cda73d80: bets $0.09
be6aaafd: calls $0.09
*** TURN *** [7s Th 8d] [Ac]
cda73d80: checks
be6aaafd: bets $0.1
cda73d80: calls $0.1
*** RIVER *** [7s Th 8d Ac] [Ks]
cda73d80: checks
be6aaafd: checks
cda73d80: shows [Jc Jd] (Pair of Jacks)
be6aaafd: shows [6d 7d] (Pair of Sevens)
*** SHOWDOWN ***
cda73d80 collected $0.62 from pot
*** SUMMARY ***
Total pot $0.65 | Rake $0.03 | Jackpot $0 | Bingo $0 | Fortune $0
Board [7s Th 8d Ac Ks]
Seat 1: be6aaafd (button) showed [6d 7d] and lost with Pair of Sevens
Seat 2: 155cc831 (small blind) folded before Flop
Seat 3: 9583f68f (big blind) folded before Flop
Seat 4: fdb38d9e folded before Flop (didn't bet)
Seat 5: cda73d80 showed [Jc Jd] and won ($0.62) with Pair of Jacks
Seat 6: Hero folded before Flop (didn't bet)


Poker Hand #HD1140323718: Hold'em No Limit  ($0.02/$0.05) - 2023/02/28 20:25:49
Table 'NLHBlue16' 6-max Seat #6 is the button
Seat 1: be6aaafd ($8.02 in chips)
Seat 2: 155cc831 ($5 in chips)
Seat 3: 9583f68f ($4.95 in chips)
Seat 4: fdb38d9e ($7.97 in chips)
Seat 5: cda73d80 ($5.26 in chips)
Seat 6: Hero ($5 in chips)
be6aaafd: posts small blind $0.02
155cc831: posts big blind $0.05
*** HOLE CARDS ***
Dealt to be6aaafd 
Dealt to 155cc831 
Dealt to 9583f68f 
Dealt to fdb38d9e 
Dealt to cda73d80 
Dealt to Hero [3h Js]
9583f68f: folds
fdb38d9e: folds
cda73d80: raises $0.05 to $0.1
Hero: folds
be6aaafd: folds
155cc831: folds
Uncalled bet ($0.05) returned to cda73d80
*** SHOWDOWN ***
cda73d80 collected $0.12 from pot
*** SUMMARY ***
Total pot $0.12 | Rake $0 | Jackpot $0 | Bingo $0 | Fortune $0
Seat 1: be6aaafd (small blind) folded before Flop
Seat 2: 155cc831 (big blind) folded before Flop
Seat 3: 9583f68f folded before Flop (didn't bet)
Seat 4: fdb38d9e folded before Flop (didn't bet)
Seat 5: cda73d80 collected ($0.12)
Seat 6: Hero (button) folded before Flop (didn't bet)


Poker Hand #HD1140323666: Hold'em No Limit  ($0.02/$0.05) - 2023/02/28 20:25:27
Table 'NLHBlue16' 6-max Seat #5 is the button
Seat 1: be6aaafd ($8.07 in chips)
Seat 2: 155cc831 ($5 in chips)
Seat 3: 9583f68f ($4.8 in chips)
Seat 4: fdb38d9e ($7.76 in chips)
Seat 5: cda73d80 ($5.26 in chips)
Seat 6: Hero ($5 in chips)
Hero: posts small blind $0.02
be6aaafd: posts big blind $0.05
*** HOLE CARDS ***
Dealt to be6aaafd 
Dealt to 155cc831 
Dealt to 9583f68f 
Dealt to fdb38d9e 
Dealt to cda73d80 
Dealt to Hero [8d 2c]
155cc831: folds
9583f68f: raises $0.1 to $0.15
fdb38d9e: raises $0.3 to $0.45
cda73d80: folds
Hero: folds
be6aaafd: folds
9583f68f: folds
Uncalled bet ($0.3) returned to fdb38d9e
*** SHOWDOWN ***
fdb38d9e collected $0.36 from pot
*** SUMMARY ***
Total pot $0.37 | Rake $0.01 | Jackpot $0 | Bingo $0 | Fortune $0
Seat 1: be6aaafd (big blind) folded before Flop
Seat 2: 155cc831 folded before Flop (didn't bet)
Seat 3: 9583f68f folded before Flop
Seat 4: fdb38d9e collected ($0.36)
Seat 5: cda73d80 (button) folded before Flop (didn't bet)
Seat 6: Hero (small blind) folded before Flop


Poker Hand #HD1140323587: Hold'em No Limit  ($0.02/$0.05) - 2023/02/28 20:24:53
Table 'NLHBlue16' 6-max Seat #4 is the button
Seat 1: be6aaafd ($8 in chips)
Seat 2: 155cc831 ($5 in chips)
Seat 3: 9583f68f ($4.8 in chips)
Seat 4: fdb38d9e ($7.76 in chips)
Seat 5: cda73d80 ($5.28 in chips)
Seat 6: Hero ($5 in chips)
cda73d80: posts small blind $0.02
Hero: posts big blind $0.05
*** HOLE CARDS ***
Dealt to be6aaafd 
Dealt to 155cc831 
Dealt to 9583f68f 
Dealt to fdb38d9e 
Dealt to cda73d80 
Dealt to Hero [2s Td]
be6aaafd: calls $0.05
155cc831: folds
9583f68f: folds
fdb38d9e: folds
cda73d80: folds
Hero: checks
*** FLOP *** [6s 7c Js]
Hero: checks
be6aaafd: bets $0.05
Hero: folds
Uncalled bet ($0.05) returned to be6aaafd
*** SHOWDOWN ***
be6aaafd collected $0.12 from pot
*** SUMMARY ***
Total pot $0.12 | Rake $0 | Jackpot $0 | Bingo $0 | Fortune $0
Board [6s 7c Js]
Seat 1: be6aaafd won ($0.12)
Seat 2: 155cc831 folded before Flop (didn't bet)
Seat 3: 9583f68f folded before Flop (didn't bet)
Seat 4: fdb38d9e (button) folded before Flop (didn't bet)
Seat 5: cda73d80 (small blind) folded before Flop
Seat 6: Hero (big blind) folded on the Flop


