Poker Hand #HD1180110704: Hold'em No Limit  ($0.02/$0.05) - 2023/03/28 21:57:03
Table 'NLHBlue41' 6-max Seat #1 is the button
Seat 1: ef24b258 ($4.37 in chips)
Seat 2: 680a6385 ($14 in chips)
Seat 4: 7bc4fcb1 ($5.07 in chips)
Seat 5: Hero ($5.07 in chips)
Seat 6: 90623335 ($7.54 in chips)
680a6385: posts small blind $0.02
7bc4fcb1: posts big blind $0.05
*** HOLE CARDS ***
Dealt to ef24b258 
Dealt to 680a6385 
Dealt to 7bc4fcb1 
Dealt to Hero [6c Qs]
Dealt to 90623335 
Hero: folds
90623335: folds
ef24b258: raises $0.08 to $0.13
680a6385: folds
7bc4fcb1: folds
Uncalled bet ($0.08) returned to ef24b258
*** SHOWDOWN ***
ef24b258 collected $0.12 from pot
*** SUMMARY ***
Total pot $0.12 | Rake $0 | Jackpot $0 | Bingo $0 | Fortune $0
Seat 1: ef24b258 (button) collected ($0.12)
Seat 2: 680a6385 (small blind) folded before Flop
Seat 4: 7bc4fcb1 (big blind) folded before Flop
Seat 5: Hero folded before Flop (didn't bet)
Seat 6: 90623335 folded before Flop (didn't bet)


Poker Hand #HD1180110673: Hold'em No Limit  ($0.02/$0.05) - 2023/03/28 21:56:49
Table 'NLHBlue41' 6-max Seat #6 is the button
Seat 1: ef24b258 ($4.39 in chips)
Seat 2: 680a6385 ($14.05 in chips)
Seat 4: 7bc4fcb1 ($5.07 in chips)
Seat 5: Hero ($5 in chips)
Seat 6: 90623335 ($7.54 in chips)
ef24b258: posts small blind $0.02
680a6385: posts big blind $0.05
*** HOLE CARDS ***
Dealt to ef24b258 
Dealt to 680a6385 
Dealt to 7bc4fcb1 
Dealt to Hero [9s 9c]
Dealt to 90623335 
7bc4fcb1: folds
Hero: raises $0.07 to $0.12
90623335: folds
ef24b258: folds
680a6385: folds
Uncalled bet ($0.07) returned to Hero
*** SHOWDOWN ***
Hero collected $0.12 from pot
*** SUMMARY ***
Total pot $0.12 | Rake $0 | Jackpot $0 | Bingo $0 | Fortune $0
Seat 1: ef24b258 (small blind) folded before Flop
Seat 2: 680a6385 (big blind) folded before Flop
Seat 4: 7bc4fcb1 folded before Flop (didn't bet)
Seat 5: Hero collected ($0.12)
Seat 6: 90623335 (button) folded before Flop (didn't bet)


Poker Hand #HD1180110614: Hold'em No Limit  ($0.02/$0.05) - 2023/03/28 21:56:31
Table 'NLHBlue41' 6-max Seat #5 is the button
Seat 1: ef24b258 ($4.44 in chips)
Seat 2: 680a6385 ($14.05 in chips)
Seat 3: 70d3b6ee ($6.11 in chips)
Seat 4: 7bc4fcb1 ($5 in chips)
Seat 5: Hero ($5 in chips)
Seat 6: 90623335 ($7.56 in chips)
90623335: posts small blind $0.02
ef24b258: posts big blind $0.05
*** HOLE CARDS ***
Dealt to ef24b258 
Dealt to 680a6385 
Dealt to 70d3b6ee 
Dealt to 7bc4fcb1 
Dealt to Hero [8h Qd]
Dealt to 90623335 
680a6385: folds
70d3b6ee: folds
7bc4fcb1: raises $0.08 to $0.13
Hero: folds
90623335: folds
ef24b258: folds
Uncalled bet ($0.08) returned to 7bc4fcb1
*** SHOWDOWN ***
7bc4fcb1 collected $0.12 from pot
*** SUMMARY ***
Total pot $0.12 | Rake $0 | Jackpot $0 | Bingo $0 | Fortune $0
Seat 1: ef24b258 (big blind) folded before Flop
Seat 2: 680a6385 folded before Flop (didn't bet)
Seat 3: 70d3b6ee folded before Flop (didn't bet)
Seat 4: 7bc4fcb1 collected ($0.12)
Seat 5: Hero (button) folded before Flop (didn't bet)
Seat 6: 90623335 (small blind) folded before Flop


Poker Hand #HD1180110558: Hold'em No Limit  ($0.02/$0.05) - 2023/03/28 21:56:11
Table 'NLHBlue41' 6-max Seat #4 is the button
Seat 1: ef24b258 ($4.44 in chips)
Seat 2: 680a6385 ($13.98 in chips)
Seat 3: 70d3b6ee ($6.11 in chips)
Seat 4: 7bc4fcb1 ($5 in chips)
Seat 5: Hero ($5 in chips)
Seat 6: 90623335 ($7.61 in chips)
Hero: posts small blind $0.02
90623335: posts big blind $0.05
*** HOLE CARDS ***
Dealt to ef24b258 
Dealt to 680a6385 
Dealt to 70d3b6ee 
Dealt to 7bc4fcb1 
Dealt to Hero [Ac 4c]
Dealt to 90623335 
ef24b258: folds
680a6385: raises $0.08 to $0.13
70d3b6ee: folds
7bc4fcb1: folds
Hero: folds
90623335: folds
Uncalled bet ($0.08) returned to 680a6385
*** SHOWDOWN ***
680a6385 collected $0.12 from pot
*** SUMMARY ***
Total pot $0.12 | Rake $0 | Jackpot $0 | Bingo $0 | Fortune $0
Seat 1: ef24b258 folded before Flop (didn't bet)
Seat 2: 680a6385 collected ($0.12)
Seat 3: 70d3b6ee folded before Flop (didn't bet)
Seat 4: 7bc4fcb1 (button) folded before Flop (didn't bet)
Seat 5: Hero (small blind) folded before Flop
Seat 6: 90623335 (big blind) folded before Flop


Poker Hand #HD1180110406: Hold'em No Limit  ($0.02/$0.05) - 2023/03/28 21:55:17
Table 'NLHBlue41' 6-max Seat #3 is the button
Seat 1: ef24b258 ($4.44 in chips)
Seat 2: 680a6385 ($13.98 in chips)
Seat 3: 70d3b6ee ($5.14 in chips)
Seat 4: 7bc4fcb1 ($5.02 in chips)
Seat 5: Hero ($5 in chips)
Seat 6: 90623335 ($7.61 in chips)
7bc4fcb1: posts small blind $0.02
Hero: posts big blind $0.05
*** HOLE CARDS ***
Dealt to ef24b258 
Dealt to 680a6385 
Dealt to 70d3b6ee 
Dealt to 7bc4fcb1 
Dealt to Hero [Kh As]
Dealt to 90623335 
90623335: folds
ef24b258: folds
680a6385: folds
70d3b6ee: raises $0.08 to $0.13
7bc4fcb1: folds
Hero: raises $0.42 to $0.55
70d3b6ee: calls $0.42
*** FLOP *** [2d 9s Qs]
Hero: bets $0.56
70d3b6ee: raises $0.56 to $1.12
Hero: folds
Uncalled bet ($0.56) returned to 70d3b6ee
*** SHOWDOWN ***
70d3b6ee collected $2.08 from pot
*** SUMMARY ***
Total pot $2.24 | Rake $0.11 | Jackpot $0.05 | Bingo $0 | Fortune $0
Board [2d 9s Qs]
Seat 1: ef24b258 folded before Flop (didn't bet)
Seat 2: 680a6385 folded before Flop (didn't bet)
Seat 3: 70d3b6ee (button) won ($2.08)
Seat 4: 7bc4fcb1 (small blind) folded before Flop
Seat 5: Hero (big blind) folded on the Flop
Seat 6: 90623335 folded before Flop (didn't bet)


Poker Hand #HD1180110376: Hold'em No Limit  ($0.02/$0.05) - 2023/03/28 21:55:05
Table 'NLHBlue41' 6-max Seat #2 is the button
Seat 1: ef24b258 ($4.44 in chips)
Seat 2: 680a6385 ($13.98 in chips)
Seat 3: 70d3b6ee ($5.16 in chips)
Seat 4: 7bc4fcb1 ($5 in chips)
Seat 5: Hero ($5 in chips)
Seat 6: 90623335 ($7.61 in chips)
70d3b6ee: posts small blind $0.02
7bc4fcb1: posts big blind $0.05
*** HOLE CARDS ***
Dealt to ef24b258 
Dealt to 680a6385 
Dealt to 70d3b6ee 
Dealt to 7bc4fcb1 
Dealt to Hero [8h Kd]
Dealt to 90623335 
Hero: folds
90623335: folds
ef24b258: folds
680a6385: folds
70d3b6ee: folds
Uncalled bet ($0.03) returned to 7bc4fcb1
*** SHOWDOWN ***
7bc4fcb1 collected $0.04 from pot
*** SUMMARY ***
Total pot $0.04 | Rake $0 | Jackpot $0 | Bingo $0 | Fortune $0
Seat 1: ef24b258 folded before Flop (didn't bet)
Seat 2: 680a6385 (button) folded before Flop (didn't bet)
Seat 3: 70d3b6ee (small blind) folded before Flop
Seat 4: 7bc4fcb1 (big blind) collected ($0.04)
Seat 5: Hero folded before Flop (didn't bet)
Seat 6: 90623335 folded before Flop (didn't bet)


Poker Hand #HD1180110310: Hold'em No Limit  ($0.02/$0.05) - 2023/03/28 21:54:45
Table 'NLHBlue41' 6-max Seat #1 is the button
Seat 1: ef24b258 ($4.37 in chips)
Seat 2: 680a6385 ($14 in chips)
Seat 3: 70d3b6ee ($5.21 in chips)
Seat 4: 7bc4fcb1 ($5 in chips)
Seat 5: Hero ($5 in chips)
Seat 6: 90623335 ($7.61 in chips)
680a6385: posts small blind $0.02
70d3b6ee: posts big blind $0.05
*** HOLE CARDS ***
Dealt to ef24b258 
Dealt to 680a6385 
Dealt to 70d3b6ee 
Dealt to 7bc4fcb1 
Dealt to Hero [7d 3h]
Dealt to 90623335 
7bc4fcb1: folds
Hero: folds
90623335: folds
ef24b258: raises $0.08 to $0.13
680a6385: folds
70d3b6ee: folds
Uncalled bet ($0.08) returned to ef24b258
*** SHOWDOWN ***
ef24b258 collected $0.12 from pot
*** SUMMARY ***
Total pot $0.12 | Rake $0 | Jackpot $0 | Bingo $0 | Fortune $0
Seat 1: ef24b258 (button) collected ($0.12)
Seat 2: 680a6385 (small blind) folded before Flop
Seat 3: 70d3b6ee (big blind) folded before Flop
Seat 4: 7bc4fcb1 folded before Flop (didn't bet)
Seat 5: Hero folded before Flop (didn't bet)
Seat 6: 90623335 folded before Flop (didn't bet)


Poker Hand #HD1180110269: Hold'em No Limit  ($0.02/$0.05) - 2023/03/28 21:54:29
Table 'NLHBlue41' 6-max Seat #6 is the button
Seat 1: ef24b258 ($4.39 in chips)
Seat 2: 680a6385 ($14.05 in chips)
Seat 3: 70d3b6ee ($5.14 in chips)
Seat 4: 7bc4fcb1 ($5 in chips)
Seat 5: Hero ($5 in chips)
Seat 6: 90623335 ($7.61 in chips)
ef24b258: posts small blind $0.02
680a6385: posts big blind $0.05
*** HOLE CARDS ***
Dealt to ef24b258 
Dealt to 680a6385 
Dealt to 70d3b6ee 
Dealt to 7bc4fcb1 
Dealt to Hero [5d 6s]
Dealt to 90623335 
70d3b6ee: raises $0.08 to $0.13
7bc4fcb1: folds
Hero: folds
90623335: folds
ef24b258: folds
680a6385: folds
Uncalled bet ($0.08) returned to 70d3b6ee
*** SHOWDOWN ***
70d3b6ee collected $0.12 from pot
*** SUMMARY ***
Total pot $0.12 | Rake $0 | Jackpot $0 | Bingo $0 | Fortune $0
Seat 1: ef24b258 (small blind) folded before Flop
Seat 2: 680a6385 (big blind) folded before Flop
Seat 3: 70d3b6ee collected ($0.12)
Seat 4: 7bc4fcb1 folded before Flop (didn't bet)
Seat 5: Hero folded before Flop (didn't bet)
Seat 6: 90623335 (button) folded before Flop (didn't bet)


Poker Hand #HD1180110233: Hold'em No Limit  ($0.02/$0.05) - 2023/03/28 21:54:17
Table 'NLHBlue41' 6-max Seat #5 is the button
Seat 1: ef24b258 ($4.37 in chips)
Seat 2: 680a6385 ($14.05 in chips)
Seat 3: 70d3b6ee ($5.14 in chips)
Seat 4: 7bc4fcb1 ($5 in chips)
Seat 5: Hero ($5 in chips)
Seat 6: 90623335 ($7.63 in chips)
90623335: posts small blind $0.02
ef24b258: posts big blind $0.05
*** HOLE CARDS ***
Dealt to ef24b258 
Dealt to 680a6385 
Dealt to 70d3b6ee 
Dealt to 7bc4fcb1 
Dealt to Hero [Ts 6c]
Dealt to 90623335 
680a6385: folds
70d3b6ee: folds
7bc4fcb1: folds
Hero: folds
90623335: folds
Uncalled bet ($0.03) returned to ef24b258
*** SHOWDOWN ***
ef24b258 collected $0.04 from pot
*** SUMMARY ***
Total pot $0.04 | Rake $0 | Jackpot $0 | Bingo $0 | Fortune $0
Seat 1: ef24b258 (big blind) collected ($0.04)
Seat 2: 680a6385 folded before Flop (didn't bet)
Seat 3: 70d3b6ee folded before Flop (didn't bet)
Seat 4: 7bc4fcb1 folded before Flop (didn't bet)
Seat 5: Hero (button) folded before Flop (didn't bet)
Seat 6: 90623335 (small blind) folded before Flop


Poker Hand #HD1180110191: Hold'em No Limit  ($0.02/$0.05) - 2023/03/28 21:53:58
Table 'NLHBlue41' 6-max Seat #4 is the button
Seat 1: ef24b258 ($4.37 in chips)
Seat 2: 680a6385 ($14.05 in chips)
Seat 3: 70d3b6ee ($5.07 in chips)
Seat 4: 7bc4fcb1 ($5 in chips)
Seat 5: Hero ($5 in chips)
Seat 6: 90623335 ($7.68 in chips)
Hero: posts small blind $0.02
90623335: posts big blind $0.05
*** HOLE CARDS ***
Dealt to ef24b258 
Dealt to 680a6385 
Dealt to 70d3b6ee 
Dealt to 7bc4fcb1 
Dealt to Hero [3c Js]
Dealt to 90623335 
ef24b258: folds
680a6385: folds
70d3b6ee: raises $0.08 to $0.13
7bc4fcb1: folds
Hero: folds
90623335: folds
Uncalled bet ($0.08) returned to 70d3b6ee
*** SHOWDOWN ***
70d3b6ee collected $0.12 from pot
*** SUMMARY ***
Total pot $0.12 | Rake $0 | Jackpot $0 | Bingo $0 | Fortune $0
Seat 1: ef24b258 folded before Flop (didn't bet)
Seat 2: 680a6385 folded before Flop (didn't bet)
Seat 3: 70d3b6ee collected ($0.12)
Seat 4: 7bc4fcb1 (button) folded before Flop (didn't bet)
Seat 5: Hero (small blind) folded before Flop
Seat 6: 90623335 (big blind) folded before Flop


Poker Hand #HD1180110126: Hold'em No Limit  ($0.02/$0.05) - 2023/03/28 21:53:34
Table 'NLHBlue41' 6-max Seat #3 is the button
Seat 1: ef24b258 ($4.37 in chips)
Seat 2: 680a6385 ($14.05 in chips)
Seat 3: 70d3b6ee ($5.07 in chips)
Seat 4: 7bc4fcb1 ($5.02 in chips)
Seat 5: Hero ($5 in chips)
Seat 6: 90623335 ($7.61 in chips)
7bc4fcb1: posts small blind $0.02
Hero: posts big blind $0.05
*** HOLE CARDS ***
Dealt to ef24b258 
Dealt to 680a6385 
Dealt to 70d3b6ee 
Dealt to 7bc4fcb1 
Dealt to Hero [Ac 7h]
Dealt to 90623335 
90623335: raises $0.08 to $0.13
ef24b258: folds
680a6385: folds
70d3b6ee: folds
7bc4fcb1: folds
Hero: folds
Uncalled bet ($0.08) returned to 90623335
*** SHOWDOWN ***
90623335 collected $0.12 from pot
*** SUMMARY ***
Total pot $0.12 | Rake $0 | Jackpot $0 | Bingo $0 | Fortune $0
Seat 1: ef24b258 folded before Flop (didn't bet)
Seat 2: 680a6385 folded before Flop (didn't bet)
Seat 3: 70d3b6ee (button) folded before Flop (didn't bet)
Seat 4: 7bc4fcb1 (small blind) folded before Flop
Seat 5: Hero (big blind) folded before Flop
Seat 6: 90623335 collected ($0.12)


Poker Hand #HD1180110082: Hold'em No Limit  ($0.02/$0.05) - 2023/03/28 21:53:19
Table 'NLHBlue41' 6-max Seat #2 is the button
Seat 1: ef24b258 ($4.37 in chips)
Seat 2: 680a6385 ($14.05 in chips)
Seat 3: 70d3b6ee ($5.02 in chips)
Seat 4: 7bc4fcb1 ($5.07 in chips)
Seat 5: Hero ($5 in chips)
Seat 6: 90623335 ($7.61 in chips)
70d3b6ee: posts small blind $0.02
7bc4fcb1: posts big blind $0.05
*** HOLE CARDS ***
Dealt to ef24b258 
Dealt to 680a6385 
Dealt to 70d3b6ee 
Dealt to 7bc4fcb1 
Dealt to Hero [Tc Qs]
Dealt to 90623335 
Hero: folds
90623335: folds
ef24b258: folds
680a6385: folds
70d3b6ee: raises $0.1 to $0.15
7bc4fcb1: folds
Uncalled bet ($0.1) returned to 70d3b6ee
*** SHOWDOWN ***
70d3b6ee collected $0.1 from pot
*** SUMMARY ***
Total pot $0.1 | Rake $0 | Jackpot $0 | Bingo $0 | Fortune $0
Seat 1: ef24b258 folded before Flop (didn't bet)
Seat 2: 680a6385 (button) folded before Flop (didn't bet)
Seat 3: 70d3b6ee (small blind) collected ($0.1)
Seat 4: 7bc4fcb1 (big blind) folded before Flop
Seat 5: Hero folded before Flop (didn't bet)
Seat 6: 90623335 folded before Flop (didn't bet)


Poker Hand #HD1180110028: Hold'em No Limit  ($0.02/$0.05) - 2023/03/28 21:53:00
Table 'NLHBlue41' 6-max Seat #1 is the button
Seat 1: ef24b258 ($4.37 in chips)
Seat 2: 680a6385 ($14.07 in chips)
Seat 3: 70d3b6ee ($5 in chips)
Seat 4: 7bc4fcb1 ($5.07 in chips)
Seat 5: Hero ($5 in chips)
Seat 6: 90623335 ($7.61 in chips)
680a6385: posts small blind $0.02
70d3b6ee: posts big blind $0.05
*** HOLE CARDS ***
Dealt to ef24b258 
Dealt to 680a6385 
Dealt to 70d3b6ee 
Dealt to 7bc4fcb1 
Dealt to Hero [9s 3d]
Dealt to 90623335 
7bc4fcb1: folds
Hero: folds
90623335: folds
ef24b258: folds
680a6385: folds
Uncalled bet ($0.03) returned to 70d3b6ee
*** SHOWDOWN ***
70d3b6ee collected $0.04 from pot
*** SUMMARY ***
Total pot $0.04 | Rake $0 | Jackpot $0 | Bingo $0 | Fortune $0
Seat 1: ef24b258 (button) folded before Flop (didn't bet)
Seat 2: 680a6385 (small blind) folded before Flop
Seat 3: 70d3b6ee (big blind) collected ($0.04)
Seat 4: 7bc4fcb1 folded before Flop (didn't bet)
Seat 5: Hero folded before Flop (didn't bet)
Seat 6: 90623335 folded before Flop (didn't bet)


Poker Hand #HD1180109988: Hold'em No Limit  ($0.02/$0.05) - 2023/03/28 21:52:47
Table 'NLHBlue41' 6-max Seat #6 is the button
Seat 1: ef24b258 ($4.39 in chips)
Seat 2: 680a6385 ($14.05 in chips)
Seat 4: 7bc4fcb1 ($5.07 in chips)
Seat 5: Hero ($5 in chips)
Seat 6: 90623335 ($7.61 in chips)
ef24b258: posts small blind $0.02
680a6385: posts big blind $0.05
*** HOLE CARDS ***
Dealt to ef24b258 
Dealt to 680a6385 
Dealt to 7bc4fcb1 
Dealt to Hero [9s 7h]
Dealt to 90623335 
7bc4fcb1: folds
Hero: folds
90623335: folds
ef24b258: folds
Uncalled bet ($0.03) returned to 680a6385
*** SHOWDOWN ***
680a6385 collected $0.04 from pot
*** SUMMARY ***
Total pot $0.04 | Rake $0 | Jackpot $0 | Bingo $0 | Fortune $0
Seat 1: ef24b258 (small blind) folded before Flop
Seat 2: 680a6385 (big blind) collected ($0.04)
Seat 4: 7bc4fcb1 folded before Flop (didn't bet)
Seat 5: Hero folded before Flop (didn't bet)
Seat 6: 90623335 (button) folded before Flop (didn't bet)


Poker Hand #HD1180109908: Hold'em No Limit  ($0.02/$0.05) - 2023/03/28 21:52:17
Table 'NLHBlue41' 6-max Seat #5 is the button
Seat 1: ef24b258 ($4.54 in chips)
Seat 2: 680a6385 ($14.05 in chips)
Seat 4: 7bc4fcb1 ($5.07 in chips)
Seat 5: Hero ($5 in chips)
Seat 6: 90623335 ($7.47 in chips)
90623335: posts small blind $0.02
ef24b258: posts big blind $0.05
*** HOLE CARDS ***
Dealt to ef24b258 
Dealt to 680a6385 
Dealt to 7bc4fcb1 
Dealt to Hero [Qc 6s]
Dealt to 90623335 
680a6385: folds
7bc4fcb1: folds
Hero: folds
90623335: raises $0.1 to $0.15
ef24b258: calls $0.1
*** FLOP *** [7h 8c As]
90623335: bets $0.2
ef24b258: folds
Uncalled bet ($0.2) returned to 90623335
*** SHOWDOWN ***
90623335 collected $0.29 from pot
*** SUMMARY ***
Total pot $0.3 | Rake $0.01 | Jackpot $0 | Bingo $0 | Fortune $0
Board [7h 8c As]
Seat 1: ef24b258 (big blind) folded on the Flop
Seat 2: 680a6385 folded before Flop (didn't bet)
Seat 4: 7bc4fcb1 folded before Flop (didn't bet)
Seat 5: Hero (button) folded before Flop (didn't bet)
Seat 6: 90623335 (small blind) won ($0.29)


Poker Hand #HD1180109875: Hold'em No Limit  ($0.02/$0.05) - 2023/03/28 21:52:05
Table 'NLHBlue41' 6-max Seat #4 is the button
Seat 1: ef24b258 ($4.54 in chips)
Seat 2: 680a6385 ($14.05 in chips)
Seat 4: 7bc4fcb1 ($5 in chips)
Seat 5: Hero ($5 in chips)
Seat 6: 90623335 ($7.52 in chips)
Hero: posts small blind $0.02
90623335: posts big blind $0.05
*** HOLE CARDS ***
Dealt to ef24b258 
Dealt to 680a6385 
Dealt to 7bc4fcb1 
Dealt to Hero [5h 3s]
Dealt to 90623335 
ef24b258: folds
680a6385: folds
7bc4fcb1: raises $0.08 to $0.13
Hero: folds
90623335: folds
Uncalled bet ($0.08) returned to 7bc4fcb1
*** SHOWDOWN ***
7bc4fcb1 collected $0.12 from pot
*** SUMMARY ***
Total pot $0.12 | Rake $0 | Jackpot $0 | Bingo $0 | Fortune $0
Seat 1: ef24b258 folded before Flop (didn't bet)
Seat 2: 680a6385 folded before Flop (didn't bet)
Seat 4: 7bc4fcb1 (button) collected ($0.12)
Seat 5: Hero (small blind) folded before Flop
Seat 6: 90623335 (big blind) folded before Flop


Poker Hand #HD1180109682: Hold'em No Limit  ($0.02/$0.05) - 2023/03/28 21:51:00
Table 'NLHBlue41' 6-max Seat #3 is the button
Seat 1: ef24b258 ($4.54 in chips)
Seat 2: 680a6385 ($10.64 in chips)
Seat 3: 62bba135 ($3.75 in chips)
Seat 4: 7bc4fcb1 ($5 in chips)
Seat 5: Hero ($5 in chips)
Seat 6: 90623335 ($7.52 in chips)
7bc4fcb1: posts small blind $0.02
Hero: posts big blind $0.05
*** HOLE CARDS ***
Dealt to ef24b258 
Dealt to 680a6385 
Dealt to 62bba135 
Dealt to 7bc4fcb1 
Dealt to Hero [5s Td]
Dealt to 90623335 
90623335: folds
ef24b258: folds
680a6385: raises $0.08 to $0.13
62bba135: calls $0.13
7bc4fcb1: folds
Hero: folds
*** FLOP *** [Qc Kh 2c]
680a6385: bets $0.22
62bba135: raises $0.26 to $0.48
680a6385: calls $0.26
*** TURN *** [Qc Kh 2c] [2d]
680a6385: checks
62bba135: bets $0.65
680a6385: raises $1.01 to $1.66
62bba135: raises $1.48 to $3.14 and is all-in
680a6385: calls $1.48
62bba135: shows [6c Kc] (Pair of Kings and Pair of Twos)
680a6385: shows [Ks Qh] (Pair of Kings and Pair of Queens)
*** FIRST RIVER *** [Qc Kh 2c 2d] [Ah]
*** SECOND RIVER *** [Qc Kh 2c 2d] [Jd]
*** FIRST SHOWDOWN ***
680a6385 collected $3.58 from pot
*** SECOND SHOWDOWN ***
680a6385 collected $3.58 from pot
*** SUMMARY ***
Total pot $7.57 | Rake $0.36 | Jackpot $0.05 | Bingo $0 | Fortune $0
Hand was run two times
FIRST Board [Qc Kh 2c 2d Ah]
SECOND Board [Jd]
Seat 1: ef24b258 folded before Flop (didn't bet)
Seat 2: 680a6385 showed [Ks Qh] and won ($3.58) with Pair of Kings and Pair of Queens, and won ($3.58)
Seat 3: 62bba135 (button) showed [6c Kc] and lost with Pair of Kings and Pair of Twos, and lost
Seat 4: 7bc4fcb1 (small blind) folded before Flop
Seat 5: Hero (big blind) folded before Flop
Seat 6: 90623335 folded before Flop (didn't bet)


Poker Hand #HD1180109545: Hold'em No Limit  ($0.02/$0.05) - 2023/03/28 21:50:07
Table 'NLHBlue41' 6-max Seat #2 is the button
Seat 1: ef24b258 ($4.54 in chips)
Seat 2: 680a6385 ($10.93 in chips)
Seat 3: 62bba135 ($3.44 in chips)
Seat 4: 7bc4fcb1 ($5 in chips)
Seat 5: Hero ($5 in chips)
Seat 6: 90623335 ($7.52 in chips)
62bba135: posts small blind $0.02
7bc4fcb1: posts big blind $0.05
*** HOLE CARDS ***
Dealt to ef24b258 
Dealt to 680a6385 
Dealt to 62bba135 
Dealt to 7bc4fcb1 
Dealt to Hero [2c Jc]
Dealt to 90623335 
Hero: folds
90623335: folds
ef24b258: folds
680a6385: raises $0.08 to $0.13
62bba135: calls $0.11
7bc4fcb1: folds
*** FLOP *** [Ad 2h 7d]
62bba135: checks
680a6385: checks
*** TURN *** [Ad 2h 7d] [7s]
62bba135: bets $0.16
680a6385: calls $0.16
*** RIVER *** [Ad 2h 7d 7s] [Kh]
62bba135: bets $0.21
680a6385: folds
Uncalled bet ($0.21) returned to 62bba135
*** SHOWDOWN ***
62bba135 collected $0.6 from pot
*** SUMMARY ***
Total pot $0.63 | Rake $0.03 | Jackpot $0 | Bingo $0 | Fortune $0
Board [Ad 2h 7d 7s Kh]
Seat 1: ef24b258 folded before Flop (didn't bet)
Seat 2: 680a6385 (button) folded on the River
Seat 3: 62bba135 (small blind) won ($0.6)
Seat 4: 7bc4fcb1 (big blind) folded before Flop
Seat 5: Hero folded before Flop (didn't bet)
Seat 6: 90623335 folded before Flop (didn't bet)


Poker Hand #HD1180109506: Hold'em No Limit  ($0.02/$0.05) - 2023/03/28 21:49:53
Table 'NLHBlue41' 6-max Seat #1 is the button
Seat 1: ef24b258 ($4.54 in chips)
Seat 2: 680a6385 ($10.95 in chips)
Seat 3: 62bba135 ($3.42 in chips)
Seat 5: Hero ($5 in chips)
Seat 6: 90623335 ($7.52 in chips)
680a6385: posts small blind $0.02
62bba135: posts big blind $0.05
*** HOLE CARDS ***
Dealt to ef24b258 
Dealt to 680a6385 
Dealt to 62bba135 
Dealt to Hero [4c Th]
Dealt to 90623335 
Hero: folds
90623335: folds
ef24b258: folds
680a6385: folds
Uncalled bet ($0.03) returned to 62bba135
*** SHOWDOWN ***
62bba135 collected $0.04 from pot
*** SUMMARY ***
Total pot $0.04 | Rake $0 | Jackpot $0 | Bingo $0 | Fortune $0
Seat 1: ef24b258 (button) folded before Flop (didn't bet)
Seat 2: 680a6385 (small blind) folded before Flop
Seat 3: 62bba135 (big blind) collected ($0.04)
Seat 5: Hero folded before Flop (didn't bet)
Seat 6: 90623335 folded before Flop (didn't bet)


Poker Hand #HD1180109385: Hold'em No Limit  ($0.02/$0.05) - 2023/03/28 21:49:09
Table 'NLHBlue41' 6-max Seat #6 is the button
Seat 1: ef24b258 ($4.56 in chips)
Seat 2: 680a6385 ($11.08 in chips)
Seat 3: 62bba135 ($3.42 in chips)
Seat 5: Hero ($5 in chips)
Seat 6: 90623335 ($7.38 in chips)
ef24b258: posts small blind $0.02
680a6385: posts big blind $0.05
*** HOLE CARDS ***
Dealt to ef24b258 
Dealt to 680a6385 
Dealt to 62bba135 
Dealt to Hero [4d Ac]
Dealt to 90623335 
62bba135: folds
Hero: folds
90623335: raises $0.08 to $0.13
ef24b258: folds
680a6385: calls $0.08
*** FLOP *** [Qc Qd 7c]
680a6385: checks
90623335: bets $0.16
680a6385: folds
Uncalled bet ($0.16) returned to 90623335
*** SHOWDOWN ***
90623335 collected $0.27 from pot
*** SUMMARY ***
Total pot $0.28 | Rake $0.01 | Jackpot $0 | Bingo $0 | Fortune $0
Board [Qc Qd 7c]
Seat 1: ef24b258 (small blind) folded before Flop
Seat 2: 680a6385 (big blind) folded on the Flop
Seat 3: 62bba135 folded before Flop (didn't bet)
Seat 5: Hero folded before Flop (didn't bet)
Seat 6: 90623335 (button) won ($0.27)


Poker Hand #HD1180109351: Hold'em No Limit  ($0.02/$0.05) - 2023/03/28 21:48:57
Table 'NLHBlue41' 6-max Seat #5 is the button
Seat 1: ef24b258 ($4.54 in chips)
Seat 2: 680a6385 ($11.08 in chips)
Seat 3: 62bba135 ($3.42 in chips)
Seat 5: Hero ($5 in chips)
Seat 6: 90623335 ($7.4 in chips)
90623335: posts small blind $0.02
ef24b258: posts big blind $0.05
*** HOLE CARDS ***
Dealt to ef24b258 
Dealt to 680a6385 
Dealt to 62bba135 
Dealt to Hero [4s 2d]
Dealt to 90623335 
680a6385: folds
62bba135: folds
Hero: folds
90623335: folds
Uncalled bet ($0.03) returned to ef24b258
*** SHOWDOWN ***
ef24b258 collected $0.04 from pot
*** SUMMARY ***
Total pot $0.04 | Rake $0 | Jackpot $0 | Bingo $0 | Fortune $0
Seat 1: ef24b258 (big blind) collected ($0.04)
Seat 2: 680a6385 folded before Flop (didn't bet)
Seat 3: 62bba135 folded before Flop (didn't bet)
Seat 5: Hero (button) folded before Flop (didn't bet)
Seat 6: 90623335 (small blind) folded before Flop


Poker Hand #HD1180109312: Hold'em No Limit  ($0.02/$0.05) - 2023/03/28 21:48:44
Table 'NLHBlue41' 6-max Seat #3 is the button
Seat 1: ef24b258 ($4.54 in chips)
Seat 2: 680a6385 ($11.08 in chips)
Seat 3: 62bba135 ($3.42 in chips)
Seat 5: Hero ($5 in chips)
Seat 6: 90623335 ($7.38 in chips)
Hero: posts small blind $0.02
90623335: posts big blind $0.05
*** HOLE CARDS ***
Dealt to ef24b258 
Dealt to 680a6385 
Dealt to 62bba135 
Dealt to Hero [2h 3h]
Dealt to 90623335 
ef24b258: folds
680a6385: folds
62bba135: folds
Hero: folds
Uncalled bet ($0.03) returned to 90623335
*** SHOWDOWN ***
90623335 collected $0.04 from pot
*** SUMMARY ***
Total pot $0.04 | Rake $0 | Jackpot $0 | Bingo $0 | Fortune $0
Seat 1: ef24b258 folded before Flop (didn't bet)
Seat 2: 680a6385 folded before Flop (didn't bet)
Seat 3: 62bba135 (button) folded before Flop (didn't bet)
Seat 5: Hero (small blind) folded before Flop
Seat 6: 90623335 (big blind) collected ($0.04)


Poker Hand #HD1180109255: Hold'em No Limit  ($0.02/$0.05) - 2023/03/28 21:48:19
Table 'NLHBlue41' 6-max Seat #2 is the button
Seat 1: ef24b258 ($4.54 in chips)
Seat 2: 680a6385 ($11.08 in chips)
Seat 3: 62bba135 ($3.28 in chips)
Seat 5: Hero ($5.08 in chips)
Seat 6: 90623335 ($7.38 in chips)
62bba135: posts small blind $0.02
Hero: posts big blind $0.05
*** HOLE CARDS ***
Dealt to ef24b258 
Dealt to 680a6385 
Dealt to 62bba135 
Dealt to Hero [As 4d]
Dealt to 90623335 
90623335: folds
ef24b258: folds
680a6385: folds
62bba135: calls $0.03
Hero: checks
*** FLOP *** [8c 9s 5s]
62bba135: bets $0.1
Hero: calls $0.1
*** TURN *** [8c 9s 5s] [7h]
62bba135: bets $0.3
Hero: folds
Uncalled bet ($0.3) returned to 62bba135
*** SHOWDOWN ***
62bba135 collected $0.29 from pot
*** SUMMARY ***
Total pot $0.3 | Rake $0.01 | Jackpot $0 | Bingo $0 | Fortune $0
Board [8c 9s 5s 7h]
Seat 1: ef24b258 folded before Flop (didn't bet)
Seat 2: 680a6385 (button) folded before Flop (didn't bet)
Seat 3: 62bba135 (small blind) won ($0.29)
Seat 5: Hero (big blind) folded on the Turn
Seat 6: 90623335 folded before Flop (didn't bet)


Poker Hand #HD1180109116: Hold'em No Limit  ($0.02/$0.05) - 2023/03/28 21:47:33
Table 'NLHBlue41' 6-max Seat #1 is the button
Seat 1: ef24b258 ($4.54 in chips)
Seat 2: 680a6385 ($11.1 in chips)
Seat 3: 62bba135 ($3.33 in chips)
Seat 4: 28d14db2 ($5.62 in chips)
Seat 5: Hero ($5.22 in chips)
Seat 6: 90623335 ($7.18 in chips)
680a6385: posts small blind $0.02
62bba135: posts big blind $0.05
*** HOLE CARDS ***
Dealt to ef24b258 
Dealt to 680a6385 
Dealt to 62bba135 
Dealt to 28d14db2 
Dealt to Hero [9h Jh]
Dealt to 90623335 
28d14db2: folds
Hero: raises $0.09 to $0.14
90623335: raises $0.26 to $0.4
ef24b258: folds
680a6385: folds
62bba135: folds
Hero: folds
Uncalled bet ($0.26) returned to 90623335
*** SHOWDOWN ***
90623335 collected $0.34 from pot
*** SUMMARY ***
Total pot $0.35 | Rake $0.01 | Jackpot $0 | Bingo $0 | Fortune $0
Seat 1: ef24b258 (button) folded before Flop (didn't bet)
Seat 2: 680a6385 (small blind) folded before Flop
Seat 3: 62bba135 (big blind) folded before Flop
Seat 4: 28d14db2 folded before Flop (didn't bet)
Seat 5: Hero folded before Flop
Seat 6: 90623335 collected ($0.34)


Poker Hand #HD1180109030: Hold'em No Limit  ($0.02/$0.05) - 2023/03/28 21:46:58
Table 'NLHBlue41' 6-max Seat #6 is the button
Seat 1: ef24b258 ($4.59 in chips)
Seat 2: 680a6385 ($10.82 in chips)
Seat 3: 62bba135 ($3.58 in chips)
Seat 4: 28d14db2 ($5.62 in chips)
Seat 5: Hero ($5.22 in chips)
Seat 6: 90623335 ($7.18 in chips)
ef24b258: posts small blind $0.02
680a6385: posts big blind $0.05
*** HOLE CARDS ***
Dealt to ef24b258 
Dealt to 680a6385 
Dealt to 62bba135 
Dealt to 28d14db2 
Dealt to Hero [9d 7s]
Dealt to 90623335 
62bba135: calls $0.05
28d14db2: folds
Hero: folds
90623335: folds
ef24b258: calls $0.03
680a6385: raises $0.2 to $0.25
62bba135: calls $0.2
ef24b258: folds
*** FLOP *** [3d 4s 3s]
680a6385: bets $0.19
62bba135: folds
Uncalled bet ($0.19) returned to 680a6385
*** SHOWDOWN ***
680a6385 collected $0.53 from pot
*** SUMMARY ***
Total pot $0.55 | Rake $0.02 | Jackpot $0 | Bingo $0 | Fortune $0
Board [3d 4s 3s]
Seat 1: ef24b258 (small blind) folded before Flop
Seat 2: 680a6385 (big blind) won ($0.53)
Seat 3: 62bba135 folded on the Flop
Seat 4: 28d14db2 folded before Flop (didn't bet)
Seat 5: Hero folded before Flop (didn't bet)
Seat 6: 90623335 (button) folded before Flop (didn't bet)


Poker Hand #HD1180108938: Hold'em No Limit  ($0.02/$0.05) - 2023/03/28 21:46:23
Table 'NLHBlue41' 6-max Seat #5 is the button
Seat 1: ef24b258 ($4.64 in chips)
Seat 2: 680a6385 ($10.82 in chips)
Seat 3: 62bba135 ($3.51 in chips)
Seat 4: 28d14db2 ($5.62 in chips)
Seat 5: Hero ($5.22 in chips)
Seat 6: 90623335 ($7.2 in chips)
90623335: posts small blind $0.02
ef24b258: posts big blind $0.05
*** HOLE CARDS ***
Dealt to ef24b258 
Dealt to 680a6385 
Dealt to 62bba135 
Dealt to 28d14db2 
Dealt to Hero [6c Td]
Dealt to 90623335 
680a6385: folds
62bba135: calls $0.05
28d14db2: folds
Hero: folds
90623335: folds
ef24b258: checks
*** FLOP *** [2c Qc 4d]
ef24b258: checks
62bba135: bets $0.06
ef24b258: folds
Uncalled bet ($0.06) returned to 62bba135
*** SHOWDOWN ***
62bba135 collected $0.12 from pot
*** SUMMARY ***
Total pot $0.12 | Rake $0 | Jackpot $0 | Bingo $0 | Fortune $0
Board [2c Qc 4d]
Seat 1: ef24b258 (big blind) folded on the Flop
Seat 2: 680a6385 folded before Flop (didn't bet)
Seat 3: 62bba135 won ($0.12)
Seat 4: 28d14db2 folded before Flop (didn't bet)
Seat 5: Hero (button) folded before Flop (didn't bet)
Seat 6: 90623335 (small blind) folded before Flop


Poker Hand #HD1180108853: Hold'em No Limit  ($0.02/$0.05) - 2023/03/28 21:45:56
Table 'NLHBlue41' 6-max Seat #4 is the button
Seat 1: ef24b258 ($4.64 in chips)
Seat 2: 680a6385 ($10.82 in chips)
Seat 3: 62bba135 ($3.51 in chips)
Seat 4: 28d14db2 ($5.62 in chips)
Seat 5: Hero ($5.09 in chips)
Seat 6: 90623335 ($7.34 in chips)
Hero: posts small blind $0.02
90623335: posts big blind $0.05
*** HOLE CARDS ***
Dealt to ef24b258 
Dealt to 680a6385 
Dealt to 62bba135 
Dealt to 28d14db2 
Dealt to Hero [Ks Qs]
Dealt to 90623335 
ef24b258: folds
680a6385: folds
62bba135: folds
28d14db2: folds
Hero: raises $0.09 to $0.14
90623335: calls $0.09
*** FLOP *** [Kh 7s Qc]
Hero: bets $0.14
90623335: folds
Uncalled bet ($0.14) returned to Hero
*** SHOWDOWN ***
Hero collected $0.27 from pot
*** SUMMARY ***
Total pot $0.28 | Rake $0.01 | Jackpot $0 | Bingo $0 | Fortune $0
Board [Kh 7s Qc]
Seat 1: ef24b258 folded before Flop (didn't bet)
Seat 2: 680a6385 folded before Flop (didn't bet)
Seat 3: 62bba135 folded before Flop (didn't bet)
Seat 4: 28d14db2 (button) folded before Flop (didn't bet)
Seat 5: Hero (small blind) won ($0.27)
Seat 6: 90623335 (big blind) folded on the Flop


Poker Hand #HD1180108777: Hold'em No Limit  ($0.02/$0.05) - 2023/03/28 21:45:25
Table 'NLHBlue41' 6-max Seat #3 is the button
Seat 1: ef24b258 ($4.64 in chips)
Seat 2: 680a6385 ($10.82 in chips)
Seat 3: 62bba135 ($3.44 in chips)
Seat 4: 28d14db2 ($5.64 in chips)
Seat 5: Hero ($5.14 in chips)
Seat 6: 90623335 ($7.34 in chips)
28d14db2: posts small blind $0.02
Hero: posts big blind $0.05
*** HOLE CARDS ***
Dealt to ef24b258 
Dealt to 680a6385 
Dealt to 62bba135 
Dealt to 28d14db2 
Dealt to Hero [5s Ac]
Dealt to 90623335 
90623335: folds
ef24b258: folds
680a6385: folds
62bba135: calls $0.05
28d14db2: folds
Hero: checks
*** FLOP *** [Qc Qh 6s]
Hero: checks
62bba135: bets $0.06
Hero: folds
Uncalled bet ($0.06) returned to 62bba135
*** SHOWDOWN ***
62bba135 collected $0.12 from pot
*** SUMMARY ***
Total pot $0.12 | Rake $0 | Jackpot $0 | Bingo $0 | Fortune $0
Board [Qc Qh 6s]
Seat 1: ef24b258 folded before Flop (didn't bet)
Seat 2: 680a6385 folded before Flop (didn't bet)
Seat 3: 62bba135 (button) won ($0.12)
Seat 4: 28d14db2 (small blind) folded before Flop
Seat 5: Hero (big blind) folded on the Flop
Seat 6: 90623335 folded before Flop (didn't bet)


Poker Hand #HD1180108659: Hold'em No Limit  ($0.02/$0.05) - 2023/03/28 21:44:45
Table 'NLHBlue41' 6-max Seat #2 is the button
Seat 1: ef24b258 ($4.64 in chips)
Seat 2: 680a6385 ($10.82 in chips)
Seat 3: 62bba135 ($3.46 in chips)
Seat 4: 28d14db2 ($5.07 in chips)
Seat 5: Hero ($5.14 in chips)
Seat 6: 90623335 ($7.95 in chips)
62bba135: posts small blind $0.02
28d14db2: posts big blind $0.05
*** HOLE CARDS ***
Dealt to ef24b258 
Dealt to 680a6385 
Dealt to 62bba135 
Dealt to 28d14db2 
Dealt to Hero [7c 5d]
Dealt to 90623335 
Hero: folds
90623335: raises $0.08 to $0.13
ef24b258: folds
680a6385: folds
62bba135: folds
28d14db2: raises $0.48 to $0.61
90623335: calls $0.48
*** FLOP *** [Th 4s Td]
28d14db2: checks
90623335: checks
*** TURN *** [Th 4s Td] [3c]
28d14db2: bets $0.93
90623335: folds
Uncalled bet ($0.93) returned to 28d14db2
*** SHOWDOWN ***
28d14db2 collected $1.18 from pot
*** SUMMARY ***
Total pot $1.24 | Rake $0.06 | Jackpot $0 | Bingo $0 | Fortune $0
Board [Th 4s Td 3c]
Seat 1: ef24b258 folded before Flop (didn't bet)
Seat 2: 680a6385 (button) folded before Flop (didn't bet)
Seat 3: 62bba135 (small blind) folded before Flop
Seat 4: 28d14db2 (big blind) won ($1.18)
Seat 5: Hero folded before Flop (didn't bet)
Seat 6: 90623335 folded on the Turn


Poker Hand #HD1180108568: Hold'em No Limit  ($0.02/$0.05) - 2023/03/28 21:44:09
Table 'NLHBlue41' 6-max Seat #1 is the button
Seat 1: ef24b258 ($4.64 in chips)
Seat 2: 680a6385 ($10.7 in chips)
Seat 3: 62bba135 ($3.59 in chips)
Seat 4: 28d14db2 ($5.07 in chips)
Seat 5: Hero ($5.14 in chips)
Seat 6: 90623335 ($7.95 in chips)
680a6385: posts small blind $0.02
62bba135: posts big blind $0.05
*** HOLE CARDS ***
Dealt to ef24b258 
Dealt to 680a6385 
Dealt to 62bba135 
Dealt to 28d14db2 
Dealt to Hero [Js Kc]
Dealt to 90623335 
28d14db2: folds
Hero: folds
90623335: folds
ef24b258: folds
680a6385: raises $0.08 to $0.13
62bba135: calls $0.08
*** FLOP *** [5c 8c 2d]
680a6385: checks
62bba135: checks
*** TURN *** [5c 8c 2d] [Qd]
680a6385: bets $0.15
62bba135: folds
Uncalled bet ($0.15) returned to 680a6385
*** SHOWDOWN ***
680a6385 collected $0.25 from pot
*** SUMMARY ***
Total pot $0.26 | Rake $0.01 | Jackpot $0 | Bingo $0 | Fortune $0
Board [5c 8c 2d Qd]
Seat 1: ef24b258 (button) folded before Flop (didn't bet)
Seat 2: 680a6385 (small blind) won ($0.25)
Seat 3: 62bba135 (big blind) folded on the Turn
Seat 4: 28d14db2 folded before Flop (didn't bet)
Seat 5: Hero folded before Flop (didn't bet)
Seat 6: 90623335 folded before Flop (didn't bet)


Poker Hand #HD1180108524: Hold'em No Limit  ($0.02/$0.05) - 2023/03/28 21:43:53
Table 'NLHBlue41' 6-max Seat #6 is the button
Seat 1: ef24b258 ($4.66 in chips)
Seat 2: 680a6385 ($10.75 in chips)
Seat 3: 62bba135 ($3.59 in chips)
Seat 4: 28d14db2 ($5 in chips)
Seat 5: Hero ($5.14 in chips)
Seat 6: 90623335 ($7.95 in chips)
ef24b258: posts small blind $0.02
680a6385: posts big blind $0.05
*** HOLE CARDS ***
Dealt to ef24b258 
Dealt to 680a6385 
Dealt to 62bba135 
Dealt to 28d14db2 
Dealt to Hero [2d Ts]
Dealt to 90623335 
62bba135: folds
28d14db2: raises $0.1 to $0.15
Hero: folds
90623335: folds
ef24b258: folds
680a6385: folds
Uncalled bet ($0.1) returned to 28d14db2
*** SHOWDOWN ***
28d14db2 collected $0.12 from pot
*** SUMMARY ***
Total pot $0.12 | Rake $0 | Jackpot $0 | Bingo $0 | Fortune $0
Seat 1: ef24b258 (small blind) folded before Flop
Seat 2: 680a6385 (big blind) folded before Flop
Seat 3: 62bba135 folded before Flop (didn't bet)
Seat 4: 28d14db2 collected ($0.12)
Seat 5: Hero folded before Flop (didn't bet)
Seat 6: 90623335 (button) folded before Flop (didn't bet)


Poker Hand #HD1180108401: Hold'em No Limit  ($0.02/$0.05) - 2023/03/28 21:43:07
Table 'NLHBlue41' 6-max Seat #5 is the button
Seat 1: ef24b258 ($4.71 in chips)
Seat 2: 680a6385 ($10.75 in chips)
Seat 3: 62bba135 ($3.52 in chips)
Seat 4: 28d14db2 ($5 in chips)
Seat 5: Hero ($5.14 in chips)
Seat 6: 90623335 ($7.97 in chips)
90623335: posts small blind $0.02
ef24b258: posts big blind $0.05
*** HOLE CARDS ***
Dealt to ef24b258 
Dealt to 680a6385 
Dealt to 62bba135 
Dealt to 28d14db2 
Dealt to Hero [Th Jc]
Dealt to 90623335 
680a6385: folds
62bba135: calls $0.05
28d14db2: folds
Hero: folds
90623335: folds
ef24b258: checks
*** FLOP *** [2d 3d 9s]
ef24b258: checks
62bba135: checks
*** TURN *** [2d 3d 9s] [3h]
ef24b258: checks
62bba135: bets $0.09
ef24b258: folds
Uncalled bet ($0.09) returned to 62bba135
*** SHOWDOWN ***
62bba135 collected $0.12 from pot
*** SUMMARY ***
Total pot $0.12 | Rake $0 | Jackpot $0 | Bingo $0 | Fortune $0
Board [2d 3d 9s 3h]
Seat 1: ef24b258 (big blind) folded on the Turn
Seat 2: 680a6385 folded before Flop (didn't bet)
Seat 3: 62bba135 won ($0.12)
Seat 4: 28d14db2 folded before Flop (didn't bet)
Seat 5: Hero (button) folded before Flop (didn't bet)
Seat 6: 90623335 (small blind) folded before Flop


Poker Hand #HD1180108301: Hold'em No Limit  ($0.02/$0.05) - 2023/03/28 21:42:31
Table 'NLHBlue41' 6-max Seat #4 is the button
Seat 1: ef24b258 ($4.71 in chips)
Seat 2: 680a6385 ($10.75 in chips)
Seat 3: 62bba135 ($3.45 in chips)
Seat 4: 28d14db2 ($5 in chips)
Seat 5: Hero ($5.16 in chips)
Seat 6: 90623335 ($8.02 in chips)
Hero: posts small blind $0.02
90623335: posts big blind $0.05
*** HOLE CARDS ***
Dealt to ef24b258 
Dealt to 680a6385 
Dealt to 62bba135 
Dealt to 28d14db2 
Dealt to Hero [6d 9d]
Dealt to 90623335 
ef24b258: folds
680a6385: folds
62bba135: calls $0.05
28d14db2: folds
Hero: folds
90623335: checks
*** FLOP *** [4h 5d Ks]
90623335: checks
62bba135: bets $0.06
90623335: folds
Uncalled bet ($0.06) returned to 62bba135
*** SHOWDOWN ***
62bba135 collected $0.12 from pot
*** SUMMARY ***
Total pot $0.12 | Rake $0 | Jackpot $0 | Bingo $0 | Fortune $0
Board [4h 5d Ks]
Seat 1: ef24b258 folded before Flop (didn't bet)
Seat 2: 680a6385 folded before Flop (didn't bet)
Seat 3: 62bba135 won ($0.12)
Seat 4: 28d14db2 (button) folded before Flop (didn't bet)
Seat 5: Hero (small blind) folded before Flop
Seat 6: 90623335 (big blind) folded on the Flop


Poker Hand #HD1180108234: Hold'em No Limit  ($0.02/$0.05) - 2023/03/28 21:42:07
Table 'NLHBlue41' 6-max Seat #3 is the button
Seat 1: ef24b258 ($4.71 in chips)
Seat 2: 680a6385 ($10.75 in chips)
Seat 3: 62bba135 ($3.38 in chips)
Seat 4: 28d14db2 ($5 in chips)
Seat 5: Hero ($5.21 in chips)
Seat 6: 90623335 ($8.02 in chips)
28d14db2: posts small blind $0.02
Hero: posts big blind $0.05
*** HOLE CARDS ***
Dealt to ef24b258 
Dealt to 680a6385 
Dealt to 62bba135 
Dealt to 28d14db2 
Dealt to Hero [Jh 7d]
Dealt to 90623335 
90623335: folds
ef24b258: folds
680a6385: folds
62bba135: calls $0.05
28d14db2: folds
Hero: checks
*** FLOP *** [6h 4d Kd]
Hero: checks
62bba135: bets $0.09
Hero: folds
Uncalled bet ($0.09) returned to 62bba135
*** SHOWDOWN ***
62bba135 collected $0.12 from pot
*** SUMMARY ***
Total pot $0.12 | Rake $0 | Jackpot $0 | Bingo $0 | Fortune $0
Board [6h 4d Kd]
Seat 1: ef24b258 folded before Flop (didn't bet)
Seat 2: 680a6385 folded before Flop (didn't bet)
Seat 3: 62bba135 (button) won ($0.12)
Seat 4: 28d14db2 (small blind) folded before Flop
Seat 5: Hero (big blind) folded on the Flop
Seat 6: 90623335 folded before Flop (didn't bet)


Poker Hand #HD1180108117: Hold'em No Limit  ($0.02/$0.05) - 2023/03/28 21:41:28
Table 'NLHBlue41' 6-max Seat #2 is the button
Seat 1: ef24b258 ($4.71 in chips)
Seat 2: 680a6385 ($10.75 in chips)
Seat 3: 62bba135 ($3.2 in chips)
Seat 4: 28d14db2 ($5.14 in chips)
Seat 5: Hero ($5.21 in chips)
Seat 6: 90623335 ($8.02 in chips)
62bba135: posts small blind $0.02
28d14db2: posts big blind $0.05
*** HOLE CARDS ***
Dealt to ef24b258 
Dealt to 680a6385 
Dealt to 62bba135 
Dealt to 28d14db2 
Dealt to Hero [Kc 8h]
Dealt to 90623335 
Hero: folds
90623335: folds
ef24b258: folds
680a6385: folds
62bba135: calls $0.03
28d14db2: checks
*** FLOP *** [4d 8d 2h]
62bba135: bets $0.05
28d14db2: calls $0.05
*** TURN *** [4d 8d 2h] [7s]
62bba135: bets $0.1
28d14db2: calls $0.1
*** RIVER *** [4d 8d 2h 7s] [Jc]
62bba135: bets $0.3
28d14db2: folds
Uncalled bet ($0.3) returned to 62bba135
*** SHOWDOWN ***
62bba135 collected $0.38 from pot
*** SUMMARY ***
Total pot $0.4 | Rake $0.02 | Jackpot $0 | Bingo $0 | Fortune $0
Board [4d 8d 2h 7s Jc]
Seat 1: ef24b258 folded before Flop (didn't bet)
Seat 2: 680a6385 (button) folded before Flop (didn't bet)
Seat 3: 62bba135 (small blind) won ($0.38)
Seat 4: 28d14db2 (big blind) folded on the River
Seat 5: Hero folded before Flop (didn't bet)
Seat 6: 90623335 folded before Flop (didn't bet)


Poker Hand #HD1180108039: Hold'em No Limit  ($0.02/$0.05) - 2023/03/28 21:41:03
Table 'NLHBlue41' 6-max Seat #1 is the button
Seat 1: ef24b258 ($4.71 in chips)
Seat 2: 680a6385 ($10.77 in chips)
Seat 3: 62bba135 ($3.25 in chips)
Seat 4: 28d14db2 ($5.07 in chips)
Seat 5: Hero ($5.21 in chips)
Seat 6: 90623335 ($8.02 in chips)
680a6385: posts small blind $0.02
62bba135: posts big blind $0.05
*** HOLE CARDS ***
Dealt to ef24b258 
Dealt to 680a6385 
Dealt to 62bba135 
Dealt to 28d14db2 
Dealt to Hero [Js Ts]
Dealt to 90623335 
28d14db2: raises $0.1 to $0.15
Hero: folds
90623335: folds
ef24b258: folds
680a6385: folds
62bba135: folds
Uncalled bet ($0.1) returned to 28d14db2
*** SHOWDOWN ***
28d14db2 collected $0.12 from pot
*** SUMMARY ***
Total pot $0.12 | Rake $0 | Jackpot $0 | Bingo $0 | Fortune $0
Seat 1: ef24b258 (button) folded before Flop (didn't bet)
Seat 2: 680a6385 (small blind) folded before Flop
Seat 3: 62bba135 (big blind) folded before Flop
Seat 4: 28d14db2 collected ($0.12)
Seat 5: Hero folded before Flop (didn't bet)
Seat 6: 90623335 folded before Flop (didn't bet)


Poker Hand #HD1180107860: Hold'em No Limit  ($0.02/$0.05) - 2023/03/28 21:39:56
Table 'NLHBlue41' 6-max Seat #6 is the button
Seat 1: ef24b258 ($4.87 in chips)
Seat 2: 680a6385 ($10.94 in chips)
Seat 3: 62bba135 ($3.45 in chips)
Seat 4: 28d14db2 ($5.07 in chips)
Seat 5: Hero ($5.21 in chips)
Seat 6: 90623335 ($8.02 in chips)
ef24b258: posts small blind $0.02
680a6385: posts big blind $0.05
*** HOLE CARDS ***
Dealt to ef24b258 
Dealt to 680a6385 
Dealt to 62bba135 
Dealt to 28d14db2 
Dealt to Hero [Ac 5d]
Dealt to 90623335 
62bba135: calls $0.05
28d14db2: folds
Hero: folds
90623335: folds
ef24b258: calls $0.03
680a6385: checks
*** FLOP *** [Qd 8h 3s]
ef24b258: checks
680a6385: checks
62bba135: checks
*** TURN *** [Qd 8h 3s] [9s]
ef24b258: checks
680a6385: bets $0.15
62bba135: calls $0.15
ef24b258: raises $0.6 to $0.75
680a6385: raises $0.6 to $1.35
62bba135: folds
ef24b258: raises $3.47 to $4.82 and is all-in
680a6385: calls $3.47
ef24b258: shows [Ts Jd] (Queens-High Straight)
680a6385: shows [Tc Js] (Queens-High Straight)
*** RIVER *** [Qd 8h 3s 9s] [3d]
*** SHOWDOWN ***
ef24b258 collected $4.71 from pot
680a6385 collected $4.7 from pot
*** SUMMARY ***
Total pot $9.94 | Rake $0.48 | Jackpot $0.05 | Bingo $0 | Fortune $0
Board [Qd 8h 3s 9s 3d]
Seat 1: ef24b258 (small blind) showed [Ts Jd] and won ($4.71) with Queens-High Straight
Seat 2: 680a6385 (big blind) showed [Tc Js] and won ($4.7) with Queens-High Straight
Seat 3: 62bba135 folded on the Turn
Seat 4: 28d14db2 folded before Flop (didn't bet)
Seat 5: Hero folded before Flop (didn't bet)
Seat 6: 90623335 (button) folded before Flop (didn't bet)


Poker Hand #HD1180107809: Hold'em No Limit  ($0.02/$0.05) - 2023/03/28 21:39:37
Table 'NLHBlue41' 6-max Seat #5 is the button
Seat 1: ef24b258 ($4.92 in chips)
Seat 2: 680a6385 ($10.87 in chips)
Seat 3: 62bba135 ($3.45 in chips)
Seat 4: 28d14db2 ($5.07 in chips)
Seat 5: Hero ($5.21 in chips)
Seat 6: 90623335 ($8.04 in chips)
90623335: posts small blind $0.02
ef24b258: posts big blind $0.05
*** HOLE CARDS ***
Dealt to ef24b258 
Dealt to 680a6385 
Dealt to 62bba135 
Dealt to 28d14db2 
Dealt to Hero [4c 4d]
Dealt to 90623335 
680a6385: raises $0.06 to $0.11
62bba135: folds
28d14db2: folds
Hero: folds
90623335: folds
ef24b258: folds
Uncalled bet ($0.06) returned to 680a6385
*** SHOWDOWN ***
680a6385 collected $0.12 from pot
*** SUMMARY ***
Total pot $0.12 | Rake $0 | Jackpot $0 | Bingo $0 | Fortune $0
Seat 1: ef24b258 (big blind) folded before Flop
Seat 2: 680a6385 collected ($0.12)
Seat 3: 62bba135 folded before Flop (didn't bet)
Seat 4: 28d14db2 folded before Flop (didn't bet)
Seat 5: Hero (button) folded before Flop (didn't bet)
Seat 6: 90623335 (small blind) folded before Flop


Poker Hand #HD1180107789: Hold'em No Limit  ($0.02/$0.05) - 2023/03/28 21:39:29
Table 'NLHBlue41' 6-max Seat #4 is the button
Seat 1: ef24b258 ($4.92 in chips)
Seat 2: 680a6385 ($10.87 in chips)
Seat 3: 62bba135 ($3.45 in chips)
Seat 4: 28d14db2 ($5.07 in chips)
Seat 5: Hero ($5.23 in chips)
Seat 6: 90623335 ($8.02 in chips)
Hero: posts small blind $0.02
90623335: posts big blind $0.05
*** HOLE CARDS ***
Dealt to ef24b258 
Dealt to 680a6385 
Dealt to 62bba135 
Dealt to 28d14db2 
Dealt to Hero [9c 2d]
Dealt to 90623335 
ef24b258: folds
680a6385: folds
62bba135: folds
28d14db2: folds
Hero: folds
Uncalled bet ($0.03) returned to 90623335
*** SHOWDOWN ***
90623335 collected $0.04 from pot
*** SUMMARY ***
Total pot $0.04 | Rake $0 | Jackpot $0 | Bingo $0 | Fortune $0
Seat 1: ef24b258 folded before Flop (didn't bet)
Seat 2: 680a6385 folded before Flop (didn't bet)
Seat 3: 62bba135 folded before Flop (didn't bet)
Seat 4: 28d14db2 (button) folded before Flop (didn't bet)
Seat 5: Hero (small blind) folded before Flop
Seat 6: 90623335 (big blind) collected ($0.04)


Poker Hand #HD1180107721: Hold'em No Limit  ($0.02/$0.05) - 2023/03/28 21:39:04
Table 'NLHBlue41' 6-max Seat #3 is the button
Seat 1: ef24b258 ($4.92 in chips)
Seat 2: 680a6385 ($10.87 in chips)
Seat 3: 62bba135 ($3.68 in chips)
Seat 4: 28d14db2 ($5.09 in chips)
Seat 5: Hero ($5 in chips)
28d14db2: posts small blind $0.02
Hero: posts big blind $0.05
*** HOLE CARDS ***
Dealt to ef24b258 
Dealt to 680a6385 
Dealt to 62bba135 
Dealt to 28d14db2 
Dealt to Hero [Qd Td]
ef24b258: folds
680a6385: folds
62bba135: calls $0.05
28d14db2: folds
Hero: raises $0.18 to $0.23
62bba135: calls $0.18
*** FLOP *** [Jc Ad Kd]
Hero: bets $0.24
62bba135: folds
Uncalled bet ($0.24) returned to Hero
*** SHOWDOWN ***
Hero collected $0.46 from pot
*** SUMMARY ***
Total pot $0.48 | Rake $0.02 | Jackpot $0 | Bingo $0 | Fortune $0
Board [Jc Ad Kd]
Seat 1: ef24b258 folded before Flop (didn't bet)
Seat 2: 680a6385 folded before Flop (didn't bet)
Seat 3: 62bba135 (button) folded on the Flop
Seat 4: 28d14db2 (small blind) folded before Flop
Seat 5: Hero (big blind) won ($0.46)


