Poker Hand #HD1175495928: Hold'em No Limit  ($0.02/$0.05) - 2023/03/25 16:34:57
Table 'NLHBlue114' 6-max Seat #6 is the button
Seat 2: fcd93ba1 ($5 in chips)
Seat 4: c2bcfed4 ($12.01 in chips)
Seat 5: Hero ($5.32 in chips)
Seat 6: 48de5afc ($2.84 in chips)
fcd93ba1: posts small blind $0.02
c2bcfed4: posts big blind $0.05
*** HOLE CARDS ***
Dealt to fcd93ba1 
Dealt to c2bcfed4 
Dealt to Hero [Kc 3s]
Dealt to 48de5afc 
Hero: folds
48de5afc: folds
fcd93ba1: raises $0.1 to $0.15
c2bcfed4: folds
Uncalled bet ($0.1) returned to fcd93ba1
*** SHOWDOWN ***
fcd93ba1 collected $0.1 from pot
*** SUMMARY ***
Total pot $0.1 | Rake $0 | Jackpot $0 | Bingo $0 | Fortune $0
Seat 2: fcd93ba1 (small blind) collected ($0.1)
Seat 4: c2bcfed4 (big blind) folded before Flop
Seat 5: Hero folded before Flop (didn't bet)
Seat 6: 48de5afc (button) folded before Flop (didn't bet)


Poker Hand #HD1175495879: Hold'em No Limit  ($0.02/$0.05) - 2023/03/25 16:34:39
Table 'NLHBlue114' 6-max Seat #5 is the button
Seat 2: fcd93ba1 ($5 in chips)
Seat 4: c2bcfed4 ($12.01 in chips)
Seat 5: Hero ($5.44 in chips)
Seat 6: 48de5afc ($2.68 in chips)
48de5afc: posts small blind $0.02
fcd93ba1: posts big blind $0.05
*** HOLE CARDS ***
Dealt to fcd93ba1 
Dealt to c2bcfed4 
Dealt to Hero [Th Jd]
Dealt to 48de5afc 
c2bcfed4: folds
Hero: raises $0.07 to $0.12
48de5afc: raises $0.22 to $0.34
fcd93ba1: folds
Hero: folds
Uncalled bet ($0.22) returned to 48de5afc
*** SHOWDOWN ***
48de5afc collected $0.28 from pot
*** SUMMARY ***
Total pot $0.29 | Rake $0.01 | Jackpot $0 | Bingo $0 | Fortune $0
Seat 2: fcd93ba1 (big blind) folded before Flop
Seat 4: c2bcfed4 folded before Flop (didn't bet)
Seat 5: Hero (button) folded before Flop
Seat 6: 48de5afc (small blind) collected ($0.28)


Poker Hand #HD1175495851: Hold'em No Limit  ($0.02/$0.05) - 2023/03/25 16:34:30
Table 'NLHBlue114' 6-max Seat #4 is the button
Seat 1: b40a6c6 ($5.42 in chips)
Seat 2: fcd93ba1 ($5 in chips)
Seat 4: c2bcfed4 ($12.01 in chips)
Seat 5: Hero ($5.46 in chips)
Seat 6: 48de5afc ($2.73 in chips)
Hero: posts small blind $0.02
48de5afc: posts big blind $0.05
*** HOLE CARDS ***
Dealt to b40a6c6 
Dealt to fcd93ba1 
Dealt to c2bcfed4 
Dealt to Hero [9s 3d]
Dealt to 48de5afc 
b40a6c6: raises $0.08 to $0.13
fcd93ba1: folds
c2bcfed4: folds
Hero: folds
48de5afc: folds
Uncalled bet ($0.08) returned to b40a6c6
*** SHOWDOWN ***
b40a6c6 collected $0.12 from pot
*** SUMMARY ***
Total pot $0.12 | Rake $0 | Jackpot $0 | Bingo $0 | Fortune $0
Seat 1: b40a6c6 collected ($0.12)
Seat 2: fcd93ba1 folded before Flop (didn't bet)
Seat 4: c2bcfed4 (button) folded before Flop (didn't bet)
Seat 5: Hero (small blind) folded before Flop
Seat 6: 48de5afc (big blind) folded before Flop


Poker Hand #HD1175495710: Hold'em No Limit  ($0.02/$0.05) - 2023/03/25 16:33:25
Table 'NLHBlue114' 6-max Seat #3 is the button
Seat 1: b40a6c6 ($5.42 in chips)
Seat 2: fcd93ba1 ($5 in chips)
Seat 3: fbb4ffb8 ($1.98 in chips)
Seat 4: c2bcfed4 ($10.13 in chips)
Seat 5: Hero ($5.51 in chips)
Seat 6: 48de5afc ($2.83 in chips)
c2bcfed4: posts small blind $0.02
Hero: posts big blind $0.05
*** HOLE CARDS ***
Dealt to b40a6c6 
Dealt to fcd93ba1 
Dealt to fbb4ffb8 
Dealt to c2bcfed4 
Dealt to Hero [6h Qs]
Dealt to 48de5afc 
48de5afc: raises $0.05 to $0.1
b40a6c6: folds
fcd93ba1: folds
fbb4ffb8: raises $0.21 to $0.31
c2bcfed4: calls $0.29
Hero: folds
48de5afc: folds
*** FLOP *** [Kh 7s 4d]
c2bcfed4: checks
fbb4ffb8: checks
*** TURN *** [Kh 7s 4d] [9h]
c2bcfed4: checks
fbb4ffb8: checks
*** RIVER *** [Kh 7s 4d 9h] [Td]
c2bcfed4: bets $4.45
fbb4ffb8: calls $1.67 and is all-in
Uncalled bet ($2.78) returned to c2bcfed4
c2bcfed4: shows [Jd Qc] (Kings-High Straight)
fbb4ffb8: shows [Ac 9s] (Pair of Nines)
*** SHOWDOWN ***
c2bcfed4 collected $3.86 from pot
*** SUMMARY ***
Total pot $4.11 | Rake $0.2 | Jackpot $0.05 | Bingo $0 | Fortune $0
Board [Kh 7s 4d 9h Td]
Seat 1: b40a6c6 folded before Flop (didn't bet)
Seat 2: fcd93ba1 folded before Flop (didn't bet)
Seat 3: fbb4ffb8 (button) showed [Ac 9s] and lost with Pair of Nines
Seat 4: c2bcfed4 (small blind) showed [Jd Qc] and won ($3.86) with Kings-High Straight
Seat 5: Hero (big blind) folded before Flop
Seat 6: 48de5afc folded before Flop


Poker Hand #HD1175495657: Hold'em No Limit  ($0.02/$0.05) - 2023/03/25 16:33:08
Table 'NLHBlue114' 6-max Seat #2 is the button
Seat 1: b40a6c6 ($5.35 in chips)
Seat 2: fcd93ba1 ($5 in chips)
Seat 3: fbb4ffb8 ($2 in chips)
Seat 4: c2bcfed4 ($10.18 in chips)
Seat 5: Hero ($5.51 in chips)
Seat 6: 48de5afc ($2.83 in chips)
fbb4ffb8: posts small blind $0.02
c2bcfed4: posts big blind $0.05
*** HOLE CARDS ***
Dealt to b40a6c6 
Dealt to fcd93ba1 
Dealt to fbb4ffb8 
Dealt to c2bcfed4 
Dealt to Hero [9s 2s]
Dealt to 48de5afc 
Hero: folds
48de5afc: folds
b40a6c6: raises $0.08 to $0.13
fcd93ba1: folds
fbb4ffb8: folds
c2bcfed4: folds
Uncalled bet ($0.08) returned to b40a6c6
*** SHOWDOWN ***
b40a6c6 collected $0.12 from pot
*** SUMMARY ***
Total pot $0.12 | Rake $0 | Jackpot $0 | Bingo $0 | Fortune $0
Seat 1: b40a6c6 collected ($0.12)
Seat 2: fcd93ba1 (button) folded before Flop (didn't bet)
Seat 3: fbb4ffb8 (small blind) folded before Flop
Seat 4: c2bcfed4 (big blind) folded before Flop
Seat 5: Hero folded before Flop (didn't bet)
Seat 6: 48de5afc folded before Flop (didn't bet)


Poker Hand #HD1175435508: Hold'em No Limit  ($0.02/$0.05) - 2023/03/25 16:32:10
Table 'NLHBlue114' 6-max Seat #1 is the button
Seat 1: b40a6c6 ($5.74 in chips)
Seat 2: fcd93ba1 ($5 in chips)
Seat 3: fbb4ffb8 ($2.05 in chips)
Seat 4: c2bcfed4 ($10.18 in chips)
Seat 5: Hero ($5.51 in chips)
Seat 6: 48de5afc ($2.41 in chips)
fcd93ba1: posts small blind $0.02
fbb4ffb8: posts big blind $0.05
*** HOLE CARDS ***
Dealt to b40a6c6 
Dealt to fcd93ba1 
Dealt to fbb4ffb8 
Dealt to c2bcfed4 
Dealt to Hero [4c 2h]
Dealt to 48de5afc 
c2bcfed4: folds
Hero: folds
48de5afc: raises $0.08 to $0.13
b40a6c6: raises $0.26 to $0.39
fcd93ba1: folds
fbb4ffb8: folds
48de5afc: raises $2.02 to $2.41 and is all-in
b40a6c6: folds
Uncalled bet ($2.02) returned to 48de5afc
*** SHOWDOWN ***
48de5afc collected $0.81 from pot
*** SUMMARY ***
Total pot $0.85 | Rake $0.04 | Jackpot $0 | Bingo $0 | Fortune $0
Seat 1: b40a6c6 (button) folded before Flop
Seat 2: fcd93ba1 (small blind) folded before Flop
Seat 3: fbb4ffb8 (big blind) folded before Flop
Seat 4: c2bcfed4 folded before Flop (didn't bet)
Seat 5: Hero folded before Flop (didn't bet)
Seat 6: 48de5afc collected ($0.81)


Poker Hand #HD1175435447: Hold'em No Limit  ($0.02/$0.05) - 2023/03/25 16:31:45
Table 'NLHBlue114' 6-max Seat #6 is the button
Seat 1: b40a6c6 ($5.76 in chips)
Seat 2: fcd93ba1 ($5 in chips)
Seat 3: fbb4ffb8 ($2.05 in chips)
Seat 4: c2bcfed4 ($10.11 in chips)
Seat 5: Hero ($5.51 in chips)
Seat 6: 48de5afc ($2.41 in chips)
b40a6c6: posts small blind $0.02
fcd93ba1: posts big blind $0.05
*** HOLE CARDS ***
Dealt to b40a6c6 
Dealt to fcd93ba1 
Dealt to fbb4ffb8 
Dealt to c2bcfed4 
Dealt to Hero [Ks 7c]
Dealt to 48de5afc 
fbb4ffb8: folds
c2bcfed4: raises $0.1 to $0.15
Hero: folds
48de5afc: folds
b40a6c6: folds
fcd93ba1: folds
Uncalled bet ($0.1) returned to c2bcfed4
*** SHOWDOWN ***
c2bcfed4 collected $0.12 from pot
*** SUMMARY ***
Total pot $0.12 | Rake $0 | Jackpot $0 | Bingo $0 | Fortune $0
Seat 1: b40a6c6 (small blind) folded before Flop
Seat 2: fcd93ba1 (big blind) folded before Flop
Seat 3: fbb4ffb8 folded before Flop (didn't bet)
Seat 4: c2bcfed4 collected ($0.12)
Seat 5: Hero folded before Flop (didn't bet)
Seat 6: 48de5afc (button) folded before Flop (didn't bet)


Poker Hand #HD1175435323: Hold'em No Limit  ($0.02/$0.05) - 2023/03/25 16:30:57
Table 'NLHBlue114' 6-max Seat #5 is the button
Seat 1: b40a6c6 ($5.81 in chips)
Seat 2: fcd93ba1 ($5 in chips)
Seat 3: fbb4ffb8 ($2.05 in chips)
Seat 4: c2bcfed4 ($9.73 in chips)
Seat 5: Hero ($5.51 in chips)
Seat 6: 48de5afc ($2.43 in chips)
48de5afc: posts small blind $0.02
b40a6c6: posts big blind $0.05
*** HOLE CARDS ***
Dealt to b40a6c6 
Dealt to fcd93ba1 
Dealt to fbb4ffb8 
Dealt to c2bcfed4 
Dealt to Hero [3c 8s]
Dealt to 48de5afc 
fcd93ba1: raises $0.1 to $0.15
fbb4ffb8: folds
c2bcfed4: calls $0.15
Hero: folds
48de5afc: folds
b40a6c6: folds
*** FLOP *** [4h 7c 6s]
fcd93ba1: checks
c2bcfed4: checks
*** TURN *** [4h 7c 6s] [Kh]
fcd93ba1: checks
c2bcfed4: bets $0.19
fcd93ba1: calls $0.19
*** RIVER *** [4h 7c 6s Kh] [8c]
fcd93ba1: checks
c2bcfed4: checks
fcd93ba1: shows [Qd Qh] (Pair of Queens)
c2bcfed4: shows [Td Kd] (Pair of Kings)
*** SHOWDOWN ***
c2bcfed4 collected $0.72 from pot
*** SUMMARY ***
Total pot $0.75 | Rake $0.03 | Jackpot $0 | Bingo $0 | Fortune $0
Board [4h 7c 6s Kh 8c]
Seat 1: b40a6c6 (big blind) folded before Flop
Seat 2: fcd93ba1 showed [Qd Qh] and lost with Pair of Queens
Seat 3: fbb4ffb8 folded before Flop (didn't bet)
Seat 4: c2bcfed4 showed [Td Kd] and won ($0.72) with Pair of Kings
Seat 5: Hero (button) folded before Flop (didn't bet)
Seat 6: 48de5afc (small blind) folded before Flop


Poker Hand #HD1175435230: Hold'em No Limit  ($0.02/$0.05) - 2023/03/25 16:30:19
Table 'NLHBlue114' 6-max Seat #4 is the button
Seat 1: b40a6c6 ($5.74 in chips)
Seat 2: fcd93ba1 ($5 in chips)
Seat 3: fbb4ffb8 ($2.05 in chips)
Seat 4: c2bcfed4 ($9.73 in chips)
Seat 5: Hero ($5.53 in chips)
Seat 6: 48de5afc ($2.48 in chips)
Hero: posts small blind $0.02
48de5afc: posts big blind $0.05
*** HOLE CARDS ***
Dealt to b40a6c6 
Dealt to fcd93ba1 
Dealt to fbb4ffb8 
Dealt to c2bcfed4 
Dealt to Hero [Qc Ks]
Dealt to 48de5afc 
b40a6c6: raises $0.08 to $0.13
fcd93ba1: folds
fbb4ffb8: folds
c2bcfed4: folds
Hero: folds
48de5afc: folds
Uncalled bet ($0.08) returned to b40a6c6
*** SHOWDOWN ***
b40a6c6 collected $0.12 from pot
*** SUMMARY ***
Total pot $0.12 | Rake $0 | Jackpot $0 | Bingo $0 | Fortune $0
Seat 1: b40a6c6 collected ($0.12)
Seat 2: fcd93ba1 folded before Flop (didn't bet)
Seat 3: fbb4ffb8 folded before Flop (didn't bet)
Seat 4: c2bcfed4 (button) folded before Flop (didn't bet)
Seat 5: Hero (small blind) folded before Flop
Seat 6: 48de5afc (big blind) folded before Flop


Poker Hand #HD1175435077: Hold'em No Limit  ($0.02/$0.05) - 2023/03/25 16:29:16
Table 'NLHBlue114' 6-max Seat #3 is the button
Seat 1: b40a6c6 ($5.87 in chips)
Seat 2: fcd93ba1 ($5 in chips)
Seat 3: fbb4ffb8 ($7.1 in chips)
Seat 4: c2bcfed4 ($5.05 in chips)
Seat 5: Hero ($5.58 in chips)
Seat 6: 48de5afc ($2.48 in chips)
c2bcfed4: posts small blind $0.02
Hero: posts big blind $0.05
*** HOLE CARDS ***
Dealt to b40a6c6 
Dealt to fcd93ba1 
Dealt to fbb4ffb8 
Dealt to c2bcfed4 
Dealt to Hero [3h Ks]
Dealt to 48de5afc 
48de5afc: folds
b40a6c6: raises $0.08 to $0.13
fcd93ba1: folds
fbb4ffb8: calls $0.13
c2bcfed4: calls $0.11
Hero: folds
*** FLOP *** [Js 6s Tc]
c2bcfed4: bets $0.22
b40a6c6: folds
fbb4ffb8: raises $0.88 to $1.1
c2bcfed4: calls $0.88
*** TURN *** [Js 6s Tc] [Ah]
c2bcfed4: checks
fbb4ffb8: bets $2.64
c2bcfed4: calls $2.64
*** RIVER *** [Js 6s Tc Ah] [3s]
c2bcfed4: bets $1.18 and is all-in
fbb4ffb8: calls $1.18
c2bcfed4: shows [As 5s] (Ace High Flush)
fbb4ffb8: shows [6c Jc] (Pair of Jacks and Pair of Sixes)
*** SHOWDOWN ***
c2bcfed4 collected $9.73 from pot
*** SUMMARY ***
Total pot $10.28 | Rake $0.5 | Jackpot $0.05 | Bingo $0 | Fortune $0
Board [Js 6s Tc Ah 3s]
Seat 1: b40a6c6 folded on the Flop
Seat 2: fcd93ba1 folded before Flop (didn't bet)
Seat 3: fbb4ffb8 (button) showed [6c Jc] and lost with Pair of Jacks and Pair of Sixes
Seat 4: c2bcfed4 (small blind) showed [As 5s] and won ($9.73) with Ace High Flush
Seat 5: Hero (big blind) folded before Flop
Seat 6: 48de5afc folded before Flop (didn't bet)


Poker Hand #HD1175435022: Hold'em No Limit  ($0.02/$0.05) - 2023/03/25 16:28:54
Table 'NLHBlue114' 6-max Seat #2 is the button
Seat 1: b40a6c6 ($5.87 in chips)
Seat 2: fcd93ba1 ($5 in chips)
Seat 3: fbb4ffb8 ($7.12 in chips)
Seat 4: c2bcfed4 ($5 in chips)
Seat 5: Hero ($5.51 in chips)
Seat 6: 48de5afc ($2.48 in chips)
fbb4ffb8: posts small blind $0.02
c2bcfed4: posts big blind $0.05
*** HOLE CARDS ***
Dealt to b40a6c6 
Dealt to fcd93ba1 
Dealt to fbb4ffb8 
Dealt to c2bcfed4 
Dealt to Hero [3h 3c]
Dealt to 48de5afc 
Hero: raises $0.07 to $0.12
48de5afc: folds
b40a6c6: folds
fcd93ba1: folds
fbb4ffb8: folds
c2bcfed4: folds
Uncalled bet ($0.07) returned to Hero
*** SHOWDOWN ***
Hero collected $0.12 from pot
*** SUMMARY ***
Total pot $0.12 | Rake $0 | Jackpot $0 | Bingo $0 | Fortune $0
Seat 1: b40a6c6 folded before Flop (didn't bet)
Seat 2: fcd93ba1 (button) folded before Flop (didn't bet)
Seat 3: fbb4ffb8 (small blind) folded before Flop
Seat 4: c2bcfed4 (big blind) folded before Flop
Seat 5: Hero collected ($0.12)
Seat 6: 48de5afc folded before Flop (didn't bet)


Poker Hand #HD1175434928: Hold'em No Limit  ($0.02/$0.05) - 2023/03/25 16:28:14
Table 'NLHBlue114' 6-max Seat #1 is the button
Seat 1: b40a6c6 ($5.87 in chips)
Seat 2: fcd93ba1 ($5 in chips)
Seat 3: fbb4ffb8 ($6.25 in chips)
Seat 4: c2bcfed4 ($5.67 in chips)
Seat 5: Hero ($5.51 in chips)
Seat 6: 48de5afc ($2.48 in chips)
fcd93ba1: posts small blind $0.02
fbb4ffb8: posts big blind $0.05
*** HOLE CARDS ***
Dealt to b40a6c6 
Dealt to fcd93ba1 
Dealt to fbb4ffb8 
Dealt to c2bcfed4 
Dealt to Hero [Tc 5d]
Dealt to 48de5afc 
c2bcfed4: raises $0.1 to $0.15
Hero: folds
48de5afc: folds
b40a6c6: folds
fcd93ba1: folds
fbb4ffb8: calls $0.1
*** FLOP *** [4s 7c 2c]
fbb4ffb8: checks
c2bcfed4: bets $0.24
fbb4ffb8: calls $0.24
*** TURN *** [4s 7c 2c] [4c]
fbb4ffb8: checks
c2bcfed4: bets $0.6
fbb4ffb8: calls $0.6
*** RIVER *** [4s 7c 2c 4c] [Ah]
fbb4ffb8: checks
c2bcfed4: checks
fbb4ffb8: shows [Jd 4h] (Three Fours)
c2bcfed4: shows [Qh Qs] (Pair of Queens and Pair of Fours)
*** SHOWDOWN ***
fbb4ffb8 collected $1.86 from pot
*** SUMMARY ***
Total pot $2 | Rake $0.09 | Jackpot $0.05 | Bingo $0 | Fortune $0
Board [4s 7c 2c 4c Ah]
Seat 1: b40a6c6 (button) folded before Flop (didn't bet)
Seat 2: fcd93ba1 (small blind) folded before Flop
Seat 3: fbb4ffb8 (big blind) showed [Jd 4h] and won ($1.86) with Three Fours
Seat 4: c2bcfed4 showed [Qh Qs] and lost with Pair of Queens and Pair of Fours
Seat 5: Hero folded before Flop (didn't bet)
Seat 6: 48de5afc folded before Flop (didn't bet)


Poker Hand #HD1175434874: Hold'em No Limit  ($0.02/$0.05) - 2023/03/25 16:27:53
Table 'NLHBlue114' 6-max Seat #6 is the button
Seat 1: b40a6c6 ($5.89 in chips)
Seat 2: fcd93ba1 ($5 in chips)
Seat 3: fbb4ffb8 ($6.18 in chips)
Seat 4: c2bcfed4 ($5.67 in chips)
Seat 5: Hero ($5.51 in chips)
Seat 6: 48de5afc ($2.48 in chips)
b40a6c6: posts small blind $0.02
fcd93ba1: posts big blind $0.05
*** HOLE CARDS ***
Dealt to b40a6c6 
Dealt to fcd93ba1 
Dealt to fbb4ffb8 
Dealt to c2bcfed4 
Dealt to Hero [8d 4c]
Dealt to 48de5afc 
fbb4ffb8: raises $0.05 to $0.1
c2bcfed4: folds
Hero: folds
48de5afc: folds
b40a6c6: folds
fcd93ba1: folds
Uncalled bet ($0.05) returned to fbb4ffb8
*** SHOWDOWN ***
fbb4ffb8 collected $0.12 from pot
*** SUMMARY ***
Total pot $0.12 | Rake $0 | Jackpot $0 | Bingo $0 | Fortune $0
Seat 1: b40a6c6 (small blind) folded before Flop
Seat 2: fcd93ba1 (big blind) folded before Flop
Seat 3: fbb4ffb8 collected ($0.12)
Seat 4: c2bcfed4 folded before Flop (didn't bet)
Seat 5: Hero folded before Flop (didn't bet)
Seat 6: 48de5afc (button) folded before Flop (didn't bet)


Poker Hand #HD1175434756: Hold'em No Limit  ($0.02/$0.05) - 2023/03/25 16:27:00
Table 'NLHBlue114' 6-max Seat #5 is the button
Seat 1: b40a6c6 ($5.94 in chips)
Seat 2: fcd93ba1 ($5 in chips)
Seat 3: fbb4ffb8 ($6.42 in chips)
Seat 4: c2bcfed4 ($5.67 in chips)
Seat 5: Hero ($5.75 in chips)
Seat 6: 48de5afc ($2.5 in chips)
48de5afc: posts small blind $0.02
b40a6c6: posts big blind $0.05
*** HOLE CARDS ***
Dealt to b40a6c6 
Dealt to fcd93ba1 
Dealt to fbb4ffb8 
Dealt to c2bcfed4 
Dealt to Hero [Ad Ks]
Dealt to 48de5afc 
fcd93ba1: folds
fbb4ffb8: raises $0.05 to $0.1
c2bcfed4: folds
Hero: raises $0.2 to $0.3
48de5afc: folds
b40a6c6: folds
fbb4ffb8: raises $0.51 to $0.81
Hero: raises $4.94 to $5.75 and is all-in
fbb4ffb8: calls $4.94
Hero: shows [Ad Ks]
fbb4ffb8: shows [Qh Ac]
*** FIRST FLOP *** [4c 5c 9s]
*** FIRST TURN *** [4c 5c 9s] [3s]
*** FIRST RIVER *** [4c 5c 9s 3s] [8c]
*** SECOND FLOP *** [5h 7d Ah]
*** SECOND TURN *** [5h 7d Ah] [Jh]
*** SECOND RIVER *** [5h 7d Ah Jh] [8h]
*** FIRST SHOWDOWN ***
Hero collected $5.51 from pot
*** SECOND SHOWDOWN ***
fbb4ffb8 collected $5.51 from pot
*** SUMMARY ***
Total pot $11.57 | Rake $0.5 | Jackpot $0.05 | Bingo $0 | Fortune $0
Hand was run two times
FIRST Board [4c 5c 9s 3s 8c]
SECOND Board [5h 7d Ah Jh 8h]
Seat 1: b40a6c6 (big blind) folded before Flop
Seat 2: fcd93ba1 folded before Flop (didn't bet)
Seat 3: fbb4ffb8 showed [Qh Ac] and lost with Ace-High, and won ($5.51) with Ace High Flush
Seat 4: c2bcfed4 folded before Flop (didn't bet)
Seat 5: Hero (button) showed [Ad Ks] and won ($5.51) with Ace-High, and lost with Pair of Aces
Seat 6: 48de5afc (small blind) folded before Flop


Poker Hand #HD1175434725: Hold'em No Limit  ($0.02/$0.05) - 2023/03/25 16:26:47
Table 'NLHBlue114' 6-max Seat #4 is the button
Seat 1: b40a6c6 ($5.94 in chips)
Seat 2: fcd93ba1 ($5 in chips)
Seat 3: fbb4ffb8 ($6.42 in chips)
Seat 4: c2bcfed4 ($5.67 in chips)
Seat 5: Hero ($5.77 in chips)
Seat 6: 48de5afc ($2.48 in chips)
Hero: posts small blind $0.02
48de5afc: posts big blind $0.05
*** HOLE CARDS ***
Dealt to b40a6c6 
Dealt to fcd93ba1 
Dealt to fbb4ffb8 
Dealt to c2bcfed4 
Dealt to Hero [9s 7d]
Dealt to 48de5afc 
b40a6c6: folds
fcd93ba1: folds
fbb4ffb8: folds
c2bcfed4: folds
Hero: folds
Uncalled bet ($0.03) returned to 48de5afc
*** SHOWDOWN ***
48de5afc collected $0.04 from pot
*** SUMMARY ***
Total pot $0.04 | Rake $0 | Jackpot $0 | Bingo $0 | Fortune $0
Seat 1: b40a6c6 folded before Flop (didn't bet)
Seat 2: fcd93ba1 folded before Flop (didn't bet)
Seat 3: fbb4ffb8 folded before Flop (didn't bet)
Seat 4: c2bcfed4 (button) folded before Flop (didn't bet)
Seat 5: Hero (small blind) folded before Flop
Seat 6: 48de5afc (big blind) collected ($0.04)


Poker Hand #HD1175434698: Hold'em No Limit  ($0.02/$0.05) - 2023/03/25 16:26:37
Table 'NLHBlue114' 6-max Seat #3 is the button
Seat 1: b40a6c6 ($5.94 in chips)
Seat 2: fcd93ba1 ($5 in chips)
Seat 3: fbb4ffb8 ($6.42 in chips)
Seat 4: c2bcfed4 ($5.69 in chips)
Seat 5: Hero ($5.75 in chips)
Seat 6: 48de5afc ($2.48 in chips)
c2bcfed4: posts small blind $0.02
Hero: posts big blind $0.05
*** HOLE CARDS ***
Dealt to b40a6c6 
Dealt to fcd93ba1 
Dealt to fbb4ffb8 
Dealt to c2bcfed4 
Dealt to Hero [Kd 3s]
Dealt to 48de5afc 
48de5afc: folds
b40a6c6: folds
fcd93ba1: folds
fbb4ffb8: folds
c2bcfed4: folds
Uncalled bet ($0.03) returned to Hero
*** SHOWDOWN ***
Hero collected $0.04 from pot
*** SUMMARY ***
Total pot $0.04 | Rake $0 | Jackpot $0 | Bingo $0 | Fortune $0
Seat 1: b40a6c6 folded before Flop (didn't bet)
Seat 2: fcd93ba1 folded before Flop (didn't bet)
Seat 3: fbb4ffb8 (button) folded before Flop (didn't bet)
Seat 4: c2bcfed4 (small blind) folded before Flop
Seat 5: Hero (big blind) collected ($0.04)
Seat 6: 48de5afc folded before Flop (didn't bet)


Poker Hand #HD1175434537: Hold'em No Limit  ($0.02/$0.05) - 2023/03/25 16:25:32
Table 'NLHBlue114' 6-max Seat #2 is the button
Seat 1: b40a6c6 ($5.94 in chips)
Seat 2: fcd93ba1 ($5 in chips)
Seat 3: fbb4ffb8 ($6.26 in chips)
Seat 4: c2bcfed4 ($5.74 in chips)
Seat 5: Hero ($5.75 in chips)
Seat 6: 48de5afc ($2.48 in chips)
fbb4ffb8: posts small blind $0.02
c2bcfed4: posts big blind $0.05
*** HOLE CARDS ***
Dealt to b40a6c6 
Dealt to fcd93ba1 
Dealt to fbb4ffb8 
Dealt to c2bcfed4 
Dealt to Hero [3d 9h]
Dealt to 48de5afc 
Hero: folds
48de5afc: folds
b40a6c6: folds
fcd93ba1: raises $0.07 to $0.12
fbb4ffb8: calls $0.1
c2bcfed4: folds
*** FLOP *** [9d 6h Ah]
fbb4ffb8: checks
fcd93ba1: checks
*** TURN *** [9d 6h Ah] [Qs]
fbb4ffb8: checks
fcd93ba1: checks
*** RIVER *** [9d 6h Ah Qs] [Js]
fbb4ffb8: bets $0.29
fcd93ba1: folds
Uncalled bet ($0.29) returned to fbb4ffb8
fbb4ffb8: shows [As] (Pair of Aces)
*** SHOWDOWN ***
fbb4ffb8 collected $0.28 from pot
*** SUMMARY ***
Total pot $0.29 | Rake $0.01 | Jackpot $0 | Bingo $0 | Fortune $0
Board [9d 6h Ah Qs Js]
Seat 1: b40a6c6 folded before Flop (didn't bet)
Seat 2: fcd93ba1 (button) folded on the River
Seat 3: fbb4ffb8 (small blind) showed [Ts As] and won ($0.28) with Pair of Aces
Seat 4: c2bcfed4 (big blind) folded before Flop
Seat 5: Hero folded before Flop (didn't bet)
Seat 6: 48de5afc folded before Flop (didn't bet)


Poker Hand #HD1175434463: Hold'em No Limit  ($0.02/$0.05) - 2023/03/25 16:25:02
Table 'NLHBlue114' 6-max Seat #1 is the button
Seat 1: b40a6c6 ($5.8 in chips)
Seat 2: fcd93ba1 ($5.02 in chips)
Seat 3: fbb4ffb8 ($6.39 in chips)
Seat 4: c2bcfed4 ($5.74 in chips)
Seat 5: Hero ($5.75 in chips)
Seat 6: 48de5afc ($2.48 in chips)
fcd93ba1: posts small blind $0.02
fbb4ffb8: posts big blind $0.05
*** HOLE CARDS ***
Dealt to b40a6c6 
Dealt to fcd93ba1 
Dealt to fbb4ffb8 
Dealt to c2bcfed4 
Dealt to Hero [Ks 3c]
Dealt to 48de5afc 
c2bcfed4: folds
Hero: folds
48de5afc: folds
b40a6c6: raises $0.08 to $0.13
fcd93ba1: folds
fbb4ffb8: calls $0.08
*** FLOP *** [7h 5d Qd]
fbb4ffb8: checks
b40a6c6: bets $0.1
fbb4ffb8: folds
Uncalled bet ($0.1) returned to b40a6c6
*** SHOWDOWN ***
b40a6c6 collected $0.27 from pot
*** SUMMARY ***
Total pot $0.28 | Rake $0.01 | Jackpot $0 | Bingo $0 | Fortune $0
Board [7h 5d Qd]
Seat 1: b40a6c6 (button) won ($0.27)
Seat 2: fcd93ba1 (small blind) folded before Flop
Seat 3: fbb4ffb8 (big blind) folded on the Flop
Seat 4: c2bcfed4 folded before Flop (didn't bet)
Seat 5: Hero folded before Flop (didn't bet)
Seat 6: 48de5afc folded before Flop (didn't bet)


Poker Hand #HD1175434415: Hold'em No Limit  ($0.02/$0.05) - 2023/03/25 16:24:40
Table 'NLHBlue114' 6-max Seat #6 is the button
Seat 1: b40a6c6 ($5.82 in chips)
Seat 2: fcd93ba1 ($5.07 in chips)
Seat 3: fbb4ffb8 ($6.39 in chips)
Seat 4: c2bcfed4 ($5.67 in chips)
Seat 5: Hero ($5.75 in chips)
Seat 6: 48de5afc ($2.48 in chips)
b40a6c6: posts small blind $0.02
fcd93ba1: posts big blind $0.05
*** HOLE CARDS ***
Dealt to b40a6c6 
Dealt to fcd93ba1 
Dealt to fbb4ffb8 
Dealt to c2bcfed4 
Dealt to Hero [3c 2d]
Dealt to 48de5afc 
fbb4ffb8: folds
c2bcfed4: raises $0.1 to $0.15
Hero: folds
48de5afc: folds
b40a6c6: folds
fcd93ba1: folds
Uncalled bet ($0.1) returned to c2bcfed4
*** SHOWDOWN ***
c2bcfed4 collected $0.12 from pot
*** SUMMARY ***
Total pot $0.12 | Rake $0 | Jackpot $0 | Bingo $0 | Fortune $0
Seat 1: b40a6c6 (small blind) folded before Flop
Seat 2: fcd93ba1 (big blind) folded before Flop
Seat 3: fbb4ffb8 folded before Flop (didn't bet)
Seat 4: c2bcfed4 collected ($0.12)
Seat 5: Hero folded before Flop (didn't bet)
Seat 6: 48de5afc (button) folded before Flop (didn't bet)


Poker Hand #HD1175434331: Hold'em No Limit  ($0.02/$0.05) - 2023/03/25 16:24:08
Table 'NLHBlue114' 6-max Seat #5 is the button
Seat 1: b40a6c6 ($5.8 in chips)
Seat 2: fcd93ba1 ($5.07 in chips)
Seat 3: fbb4ffb8 ($6.39 in chips)
Seat 4: c2bcfed4 ($5.67 in chips)
Seat 5: Hero ($5.75 in chips)
Seat 6: 48de5afc ($2.5 in chips)
48de5afc: posts small blind $0.02
b40a6c6: posts big blind $0.05
*** HOLE CARDS ***
Dealt to b40a6c6 
Dealt to fcd93ba1 
Dealt to fbb4ffb8 
Dealt to c2bcfed4 
Dealt to Hero [Th 5s]
Dealt to 48de5afc 
fcd93ba1: folds
fbb4ffb8: folds
c2bcfed4: folds
Hero: folds
48de5afc: folds
Uncalled bet ($0.03) returned to b40a6c6
*** SHOWDOWN ***
b40a6c6 collected $0.04 from pot
*** SUMMARY ***
Total pot $0.04 | Rake $0 | Jackpot $0 | Bingo $0 | Fortune $0
Seat 1: b40a6c6 (big blind) collected ($0.04)
Seat 2: fcd93ba1 folded before Flop (didn't bet)
Seat 3: fbb4ffb8 folded before Flop (didn't bet)
Seat 4: c2bcfed4 folded before Flop (didn't bet)
Seat 5: Hero (button) folded before Flop (didn't bet)
Seat 6: 48de5afc (small blind) folded before Flop


Poker Hand #HD1175434282: Hold'em No Limit  ($0.02/$0.05) - 2023/03/25 16:23:44
Table 'NLHBlue114' 6-max Seat #4 is the button
Seat 1: b40a6c6 ($5.8 in chips)
Seat 2: fcd93ba1 ($5 in chips)
Seat 3: fbb4ffb8 ($6.39 in chips)
Seat 4: c2bcfed4 ($5.67 in chips)
Seat 5: Hero ($5.77 in chips)
Seat 6: 48de5afc ($2.28 in chips)
Hero: posts small blind $0.02
48de5afc: posts big blind $0.05
*** HOLE CARDS ***
Dealt to b40a6c6 
Dealt to fcd93ba1 
Dealt to fbb4ffb8 
Dealt to c2bcfed4 
Dealt to Hero [8s Jd]
Dealt to 48de5afc 
b40a6c6: folds
fcd93ba1: raises $0.1 to $0.15
fbb4ffb8: folds
c2bcfed4: folds
Hero: folds
48de5afc: folds
Uncalled bet ($0.1) returned to fcd93ba1
*** SHOWDOWN ***
fcd93ba1 collected $0.12 from pot
*** SUMMARY ***
Total pot $0.12 | Rake $0 | Jackpot $0 | Bingo $0 | Fortune $0
Seat 1: b40a6c6 folded before Flop (didn't bet)
Seat 2: fcd93ba1 collected ($0.12)
Seat 3: fbb4ffb8 folded before Flop (didn't bet)
Seat 4: c2bcfed4 (button) folded before Flop (didn't bet)
Seat 5: Hero (small blind) folded before Flop
Seat 6: 48de5afc (big blind) folded before Flop


Poker Hand #HD1175434224: Hold'em No Limit  ($0.02/$0.05) - 2023/03/25 16:23:19
Table 'NLHBlue114' 6-max Seat #3 is the button
Seat 1: b40a6c6 ($5.8 in chips)
Seat 2: fcd93ba1 ($5 in chips)
Seat 3: fbb4ffb8 ($6.39 in chips)
Seat 4: c2bcfed4 ($5.69 in chips)
Seat 5: Hero ($5.75 in chips)
Seat 6: 48de5afc ($2.28 in chips)
c2bcfed4: posts small blind $0.02
Hero: posts big blind $0.05
*** HOLE CARDS ***
Dealt to b40a6c6 
Dealt to fcd93ba1 
Dealt to fbb4ffb8 
Dealt to c2bcfed4 
Dealt to Hero [4h As]
Dealt to 48de5afc 
48de5afc: folds
b40a6c6: folds
fcd93ba1: folds
fbb4ffb8: folds
c2bcfed4: folds
Uncalled bet ($0.03) returned to Hero
*** SHOWDOWN ***
Hero collected $0.04 from pot
*** SUMMARY ***
Total pot $0.04 | Rake $0 | Jackpot $0 | Bingo $0 | Fortune $0
Seat 1: b40a6c6 folded before Flop (didn't bet)
Seat 2: fcd93ba1 folded before Flop (didn't bet)
Seat 3: fbb4ffb8 (button) folded before Flop (didn't bet)
Seat 4: c2bcfed4 (small blind) folded before Flop
Seat 5: Hero (big blind) collected ($0.04)
Seat 6: 48de5afc folded before Flop (didn't bet)


Poker Hand #HD1175434110: Hold'em No Limit  ($0.02/$0.05) - 2023/03/25 16:22:28
Table 'NLHBlue114' 6-max Seat #2 is the button
Seat 1: b40a6c6 ($5.8 in chips)
Seat 2: fcd93ba1 ($5.21 in chips)
Seat 3: fbb4ffb8 ($6.14 in chips)
Seat 4: c2bcfed4 ($5.74 in chips)
Seat 5: Hero ($5.75 in chips)
Seat 6: 48de5afc ($2.28 in chips)
fbb4ffb8: posts small blind $0.02
c2bcfed4: posts big blind $0.05
*** HOLE CARDS ***
Dealt to b40a6c6 
Dealt to fcd93ba1 
Dealt to fbb4ffb8 
Dealt to c2bcfed4 
Dealt to Hero [4d 5c]
Dealt to 48de5afc 
Hero: folds
48de5afc: folds
b40a6c6: folds
fcd93ba1: raises $0.07 to $0.12
fbb4ffb8: calls $0.1
c2bcfed4: folds
*** FLOP *** [Qh Kc 2d]
fbb4ffb8: checks
fcd93ba1: bets $0.1
fbb4ffb8: raises $0.25 to $0.35
fcd93ba1: folds
Uncalled bet ($0.25) returned to fbb4ffb8
*** SHOWDOWN ***
fbb4ffb8 collected $0.47 from pot
*** SUMMARY ***
Total pot $0.49 | Rake $0.02 | Jackpot $0 | Bingo $0 | Fortune $0
Board [Qh Kc 2d]
Seat 1: b40a6c6 folded before Flop (didn't bet)
Seat 2: fcd93ba1 (button) folded on the Flop
Seat 3: fbb4ffb8 (small blind) won ($0.47)
Seat 4: c2bcfed4 (big blind) folded before Flop
Seat 5: Hero folded before Flop (didn't bet)
Seat 6: 48de5afc folded before Flop (didn't bet)


Poker Hand #HD1175433997: Hold'em No Limit  ($0.02/$0.05) - 2023/03/25 16:21:42
Table 'NLHBlue114' 6-max Seat #1 is the button
Seat 1: b40a6c6 ($5.48 in chips)
Seat 2: fcd93ba1 ($5.23 in chips)
Seat 3: fbb4ffb8 ($6.19 in chips)
Seat 4: c2bcfed4 ($6.02 in chips)
Seat 5: Hero ($5.75 in chips)
Seat 6: 48de5afc ($2.28 in chips)
fcd93ba1: posts small blind $0.02
fbb4ffb8: posts big blind $0.05
*** HOLE CARDS ***
Dealt to b40a6c6 
Dealt to fcd93ba1 
Dealt to fbb4ffb8 
Dealt to c2bcfed4 
Dealt to Hero [6h 7s]
Dealt to 48de5afc 
c2bcfed4: raises $0.1 to $0.15
Hero: folds
48de5afc: folds
b40a6c6: raises $0.13 to $0.28
fcd93ba1: folds
fbb4ffb8: folds
c2bcfed4: calls $0.13
*** FLOP *** [5h 4c Ad]
c2bcfed4: checks
b40a6c6: checks
*** TURN *** [5h 4c Ad] [Jc]
c2bcfed4: checks
b40a6c6: checks
*** RIVER *** [5h 4c Ad Jc] [2s]
c2bcfed4: checks
b40a6c6: bets $0.21
c2bcfed4: folds
Uncalled bet ($0.21) returned to b40a6c6
*** SHOWDOWN ***
b40a6c6 collected $0.6 from pot
*** SUMMARY ***
Total pot $0.63 | Rake $0.03 | Jackpot $0 | Bingo $0 | Fortune $0
Board [5h 4c Ad Jc 2s]
Seat 1: b40a6c6 (button) won ($0.6)
Seat 2: fcd93ba1 (small blind) folded before Flop
Seat 3: fbb4ffb8 (big blind) folded before Flop
Seat 4: c2bcfed4 folded on the River
Seat 5: Hero folded before Flop (didn't bet)
Seat 6: 48de5afc folded before Flop (didn't bet)


Poker Hand #HD1175433963: Hold'em No Limit  ($0.02/$0.05) - 2023/03/25 16:21:27
Table 'NLHBlue114' 6-max Seat #6 is the button
Seat 1: b40a6c6 ($5.5 in chips)
Seat 2: fcd93ba1 ($5.21 in chips)
Seat 3: fbb4ffb8 ($6.19 in chips)
Seat 4: c2bcfed4 ($6.02 in chips)
Seat 5: Hero ($5.75 in chips)
Seat 6: 48de5afc ($2.28 in chips)
b40a6c6: posts small blind $0.02
fcd93ba1: posts big blind $0.05
*** HOLE CARDS ***
Dealt to b40a6c6 
Dealt to fcd93ba1 
Dealt to fbb4ffb8 
Dealt to c2bcfed4 
Dealt to Hero [4c 8s]
Dealt to 48de5afc 
fbb4ffb8: folds
c2bcfed4: folds
Hero: folds
48de5afc: folds
b40a6c6: folds
Uncalled bet ($0.03) returned to fcd93ba1
*** SHOWDOWN ***
fcd93ba1 collected $0.04 from pot
*** SUMMARY ***
Total pot $0.04 | Rake $0 | Jackpot $0 | Bingo $0 | Fortune $0
Seat 1: b40a6c6 (small blind) folded before Flop
Seat 2: fcd93ba1 (big blind) collected ($0.04)
Seat 3: fbb4ffb8 folded before Flop (didn't bet)
Seat 4: c2bcfed4 folded before Flop (didn't bet)
Seat 5: Hero folded before Flop (didn't bet)
Seat 6: 48de5afc (button) folded before Flop (didn't bet)


Poker Hand #HD1175433919: Hold'em No Limit  ($0.02/$0.05) - 2023/03/25 16:21:08
Table 'NLHBlue114' 6-max Seat #5 is the button
Seat 1: b40a6c6 ($5.55 in chips)
Seat 2: fcd93ba1 ($5.14 in chips)
Seat 3: fbb4ffb8 ($6.19 in chips)
Seat 4: c2bcfed4 ($6.02 in chips)
Seat 5: Hero ($5.75 in chips)
Seat 6: 48de5afc ($2.3 in chips)
48de5afc: posts small blind $0.02
b40a6c6: posts big blind $0.05
*** HOLE CARDS ***
Dealt to b40a6c6 
Dealt to fcd93ba1 
Dealt to fbb4ffb8 
Dealt to c2bcfed4 
Dealt to Hero [2h 8s]
Dealt to 48de5afc 
fcd93ba1: raises $0.1 to $0.15
fbb4ffb8: folds
c2bcfed4: folds
Hero: folds
48de5afc: folds
b40a6c6: folds
Uncalled bet ($0.1) returned to fcd93ba1
*** SHOWDOWN ***
fcd93ba1 collected $0.12 from pot
*** SUMMARY ***
Total pot $0.12 | Rake $0 | Jackpot $0 | Bingo $0 | Fortune $0
Seat 1: b40a6c6 (big blind) folded before Flop
Seat 2: fcd93ba1 collected ($0.12)
Seat 3: fbb4ffb8 folded before Flop (didn't bet)
Seat 4: c2bcfed4 folded before Flop (didn't bet)
Seat 5: Hero (button) folded before Flop (didn't bet)
Seat 6: 48de5afc (small blind) folded before Flop


Poker Hand #HD1175433875: Hold'em No Limit  ($0.02/$0.05) - 2023/03/25 16:20:50
Table 'NLHBlue114' 6-max Seat #4 is the button
Seat 1: b40a6c6 ($5.55 in chips)
Seat 2: fcd93ba1 ($5.14 in chips)
Seat 3: fbb4ffb8 ($6.19 in chips)
Seat 4: c2bcfed4 ($6.02 in chips)
Seat 5: Hero ($5.7 in chips)
Seat 6: 48de5afc ($2.35 in chips)
Hero: posts small blind $0.02
48de5afc: posts big blind $0.05
*** HOLE CARDS ***
Dealt to b40a6c6 
Dealt to fcd93ba1 
Dealt to fbb4ffb8 
Dealt to c2bcfed4 
Dealt to Hero [9d Qs]
Dealt to 48de5afc 
b40a6c6: folds
fcd93ba1: folds
fbb4ffb8: folds
c2bcfed4: folds
Hero: raises $0.09 to $0.14
48de5afc: folds
Uncalled bet ($0.09) returned to Hero
*** SHOWDOWN ***
Hero collected $0.1 from pot
*** SUMMARY ***
Total pot $0.1 | Rake $0 | Jackpot $0 | Bingo $0 | Fortune $0
Seat 1: b40a6c6 folded before Flop (didn't bet)
Seat 2: fcd93ba1 folded before Flop (didn't bet)
Seat 3: fbb4ffb8 folded before Flop (didn't bet)
Seat 4: c2bcfed4 (button) folded before Flop (didn't bet)
Seat 5: Hero (small blind) collected ($0.1)
Seat 6: 48de5afc (big blind) folded before Flop


Poker Hand #HD1175433817: Hold'em No Limit  ($0.02/$0.05) - 2023/03/25 16:20:26
Table 'NLHBlue114' 6-max Seat #3 is the button
Seat 1: b40a6c6 ($5.55 in chips)
Seat 2: fcd93ba1 ($5.14 in chips)
Seat 3: fbb4ffb8 ($6.12 in chips)
Seat 4: c2bcfed4 ($6.04 in chips)
Seat 5: Hero ($5.75 in chips)
Seat 6: 48de5afc ($2.35 in chips)
c2bcfed4: posts small blind $0.02
Hero: posts big blind $0.05
*** HOLE CARDS ***
Dealt to b40a6c6 
Dealt to fcd93ba1 
Dealt to fbb4ffb8 
Dealt to c2bcfed4 
Dealt to Hero [8d Qc]
Dealt to 48de5afc 
48de5afc: folds
b40a6c6: folds
fcd93ba1: folds
fbb4ffb8: raises $0.1 to $0.15
c2bcfed4: folds
Hero: folds
Uncalled bet ($0.1) returned to fbb4ffb8
*** SHOWDOWN ***
fbb4ffb8 collected $0.12 from pot
*** SUMMARY ***
Total pot $0.12 | Rake $0 | Jackpot $0 | Bingo $0 | Fortune $0
Seat 1: b40a6c6 folded before Flop (didn't bet)
Seat 2: fcd93ba1 folded before Flop (didn't bet)
Seat 3: fbb4ffb8 (button) collected ($0.12)
Seat 4: c2bcfed4 (small blind) folded before Flop
Seat 5: Hero (big blind) folded before Flop
Seat 6: 48de5afc folded before Flop (didn't bet)


Poker Hand #HD1175433791: Hold'em No Limit  ($0.02/$0.05) - 2023/03/25 16:20:13
Table 'NLHBlue114' 6-max Seat #2 is the button
Seat 1: b40a6c6 ($5.55 in chips)
Seat 2: fcd93ba1 ($5.07 in chips)
Seat 3: fbb4ffb8 ($6.14 in chips)
Seat 4: c2bcfed4 ($6.09 in chips)
Seat 5: Hero ($5.75 in chips)
Seat 6: 48de5afc ($2.35 in chips)
fbb4ffb8: posts small blind $0.02
c2bcfed4: posts big blind $0.05
*** HOLE CARDS ***
Dealt to b40a6c6 
Dealt to fcd93ba1 
Dealt to fbb4ffb8 
Dealt to c2bcfed4 
Dealt to Hero [6s Qc]
Dealt to 48de5afc 
Hero: folds
48de5afc: folds
b40a6c6: folds
fcd93ba1: raises $0.07 to $0.12
fbb4ffb8: folds
c2bcfed4: folds
Uncalled bet ($0.07) returned to fcd93ba1
*** SHOWDOWN ***
fcd93ba1 collected $0.12 from pot
*** SUMMARY ***
Total pot $0.12 | Rake $0 | Jackpot $0 | Bingo $0 | Fortune $0
Seat 1: b40a6c6 folded before Flop (didn't bet)
Seat 2: fcd93ba1 (button) collected ($0.12)
Seat 3: fbb4ffb8 (small blind) folded before Flop
Seat 4: c2bcfed4 (big blind) folded before Flop
Seat 5: Hero folded before Flop (didn't bet)
Seat 6: 48de5afc folded before Flop (didn't bet)


Poker Hand #HD1175433632: Hold'em No Limit  ($0.02/$0.05) - 2023/03/25 16:19:14
Table 'NLHBlue114' 6-max Seat #1 is the button
Seat 1: b40a6c6 ($5.55 in chips)
Seat 2: fcd93ba1 ($5.09 in chips)
Seat 3: fbb4ffb8 ($5.64 in chips)
Seat 4: c2bcfed4 ($6.62 in chips)
Seat 5: Hero ($5.75 in chips)
Seat 6: 48de5afc ($2.35 in chips)
fcd93ba1: posts small blind $0.02
fbb4ffb8: posts big blind $0.05
*** HOLE CARDS ***
Dealt to b40a6c6 
Dealt to fcd93ba1 
Dealt to fbb4ffb8 
Dealt to c2bcfed4 
Dealt to Hero [Qc 4h]
Dealt to 48de5afc 
c2bcfed4: raises $0.1 to $0.15
Hero: folds
48de5afc: folds
b40a6c6: folds
fcd93ba1: folds
fbb4ffb8: calls $0.1
*** FLOP *** [6d Jc 3s]
fbb4ffb8: bets $0.11
c2bcfed4: calls $0.11
*** TURN *** [6d Jc 3s] [Kh]
fbb4ffb8: bets $0.27
c2bcfed4: calls $0.27
*** RIVER *** [6d Jc 3s Kh] [7h]
fbb4ffb8: bets $0.54
c2bcfed4: folds
Uncalled bet ($0.54) returned to fbb4ffb8
*** SHOWDOWN ***
fbb4ffb8 collected $1.03 from pot
*** SUMMARY ***
Total pot $1.08 | Rake $0.05 | Jackpot $0 | Bingo $0 | Fortune $0
Board [6d Jc 3s Kh 7h]
Seat 1: b40a6c6 (button) folded before Flop (didn't bet)
Seat 2: fcd93ba1 (small blind) folded before Flop
Seat 3: fbb4ffb8 (big blind) won ($1.03)
Seat 4: c2bcfed4 folded on the River
Seat 5: Hero folded before Flop (didn't bet)
Seat 6: 48de5afc folded before Flop (didn't bet)


Poker Hand #HD1175433593: Hold'em No Limit  ($0.02/$0.05) - 2023/03/25 16:19:00
Table 'NLHBlue114' 6-max Seat #6 is the button
Seat 1: b40a6c6 ($5.57 in chips)
Seat 2: fcd93ba1 ($5.14 in chips)
Seat 3: fbb4ffb8 ($5.57 in chips)
Seat 4: c2bcfed4 ($6.62 in chips)
Seat 5: Hero ($5.75 in chips)
Seat 6: 48de5afc ($2.35 in chips)
b40a6c6: posts small blind $0.02
fcd93ba1: posts big blind $0.05
*** HOLE CARDS ***
Dealt to b40a6c6 
Dealt to fcd93ba1 
Dealt to fbb4ffb8 
Dealt to c2bcfed4 
Dealt to Hero [Qd 9c]
Dealt to 48de5afc 
fbb4ffb8: raises $0.1 to $0.15
c2bcfed4: folds
Hero: folds
48de5afc: folds
b40a6c6: folds
fcd93ba1: folds
Uncalled bet ($0.1) returned to fbb4ffb8
*** SHOWDOWN ***
fbb4ffb8 collected $0.12 from pot
*** SUMMARY ***
Total pot $0.12 | Rake $0 | Jackpot $0 | Bingo $0 | Fortune $0
Seat 1: b40a6c6 (small blind) folded before Flop
Seat 2: fcd93ba1 (big blind) folded before Flop
Seat 3: fbb4ffb8 collected ($0.12)
Seat 4: c2bcfed4 folded before Flop (didn't bet)
Seat 5: Hero folded before Flop (didn't bet)
Seat 6: 48de5afc (button) folded before Flop (didn't bet)


Poker Hand #HD1175433475: Hold'em No Limit  ($0.02/$0.05) - 2023/03/25 16:18:07
Table 'NLHBlue114' 6-max Seat #5 is the button
Seat 1: b40a6c6 ($5.48 in chips)
Seat 3: fbb4ffb8 ($5.57 in chips)
Seat 4: c2bcfed4 ($6.62 in chips)
Seat 5: Hero ($5.75 in chips)
Seat 6: 48de5afc ($2.45 in chips)
48de5afc: posts small blind $0.02
b40a6c6: posts big blind $0.05
*** HOLE CARDS ***
Dealt to b40a6c6 
Dealt to fbb4ffb8 
Dealt to c2bcfed4 
Dealt to Hero [4s 3c]
Dealt to 48de5afc 
fbb4ffb8: folds
c2bcfed4: folds
Hero: folds
48de5afc: raises $0.05 to $0.1
b40a6c6: calls $0.05
*** FLOP *** [5c 7c Kd]
48de5afc: checks
b40a6c6: checks
*** TURN *** [5c 7c Kd] [5h]
48de5afc: checks
b40a6c6: checks
*** RIVER *** [5c 7c Kd 5h] [2s]
48de5afc: checks
b40a6c6: checks
48de5afc: shows [Jh 9h] (Pair of Fives)
b40a6c6: shows [8s Qh] (Pair of Fives)
*** SHOWDOWN ***
b40a6c6 collected $0.19 from pot
*** SUMMARY ***
Total pot $0.2 | Rake $0.01 | Jackpot $0 | Bingo $0 | Fortune $0
Board [5c 7c Kd 5h 2s]
Seat 1: b40a6c6 (big blind) showed [8s Qh] and won ($0.19) with Pair of Fives
Seat 3: fbb4ffb8 folded before Flop (didn't bet)
Seat 4: c2bcfed4 folded before Flop (didn't bet)
Seat 5: Hero (button) folded before Flop (didn't bet)
Seat 6: 48de5afc (small blind) showed [Jh 9h] and lost with Pair of Fives


Poker Hand #HD1175433435: Hold'em No Limit  ($0.02/$0.05) - 2023/03/25 16:17:48
Table 'NLHBlue114' 6-max Seat #4 is the button
Seat 1: b40a6c6 ($5.41 in chips)
Seat 3: fbb4ffb8 ($5.57 in chips)
Seat 4: c2bcfed4 ($6.62 in chips)
Seat 5: Hero ($5.77 in chips)
Seat 6: 48de5afc ($2.5 in chips)
Hero: posts small blind $0.02
48de5afc: posts big blind $0.05
*** HOLE CARDS ***
Dealt to b40a6c6 
Dealt to fbb4ffb8 
Dealt to c2bcfed4 
Dealt to Hero [3h Td]
Dealt to 48de5afc 
b40a6c6: raises $0.08 to $0.13
fbb4ffb8: folds
c2bcfed4: folds
Hero: folds
48de5afc: folds
Uncalled bet ($0.08) returned to b40a6c6
*** SHOWDOWN ***
b40a6c6 collected $0.12 from pot
*** SUMMARY ***
Total pot $0.12 | Rake $0 | Jackpot $0 | Bingo $0 | Fortune $0
Seat 1: b40a6c6 collected ($0.12)
Seat 3: fbb4ffb8 folded before Flop (didn't bet)
Seat 4: c2bcfed4 (button) folded before Flop (didn't bet)
Seat 5: Hero (small blind) folded before Flop
Seat 6: 48de5afc (big blind) folded before Flop


Poker Hand #HD1175433248: Hold'em No Limit  ($0.02/$0.05) - 2023/03/25 16:16:30
Table 'NLHBlue114' 6-max Seat #3 is the button
Seat 1: b40a6c6 ($5.41 in chips)
Seat 3: fbb4ffb8 ($5.57 in chips)
Seat 4: c2bcfed4 ($6.64 in chips)
Seat 5: Hero ($5 in chips)
Seat 6: 48de5afc ($2.81 in chips)
c2bcfed4: posts small blind $0.02
Hero: posts big blind $0.05
*** HOLE CARDS ***
Dealt to b40a6c6 
Dealt to fbb4ffb8 
Dealt to c2bcfed4 
Dealt to Hero [Kd Qh]
Dealt to 48de5afc 
48de5afc: raises $0.08 to $0.13
b40a6c6: folds
fbb4ffb8: folds
c2bcfed4: folds
Hero: calls $0.08
*** FLOP *** [Kh 9h 8s]
Hero: checks
48de5afc: checks
*** TURN *** [Kh 9h 8s] [Jc]
Hero: bets $0.2
48de5afc: calls $0.2
*** RIVER *** [Kh 9h 8s Jc] [8h]
Hero: checks
48de5afc: bets $0.55
Hero: calls $0.55
48de5afc: shows [Qs As] (Pair of Eights)
Hero: shows [Kd Qh] (Pair of Kings and Pair of Eights)
*** SHOWDOWN ***
Hero collected $1.65 from pot
*** SUMMARY ***
Total pot $1.78 | Rake $0.08 | Jackpot $0.05 | Bingo $0 | Fortune $0
Board [Kh 9h 8s Jc 8h]
Seat 1: b40a6c6 folded before Flop (didn't bet)
Seat 3: fbb4ffb8 (button) folded before Flop (didn't bet)
Seat 4: c2bcfed4 (small blind) folded before Flop
Seat 5: Hero (big blind) showed [Kd Qh] and won ($1.65) with Pair of Kings and Pair of Eights
Seat 6: 48de5afc showed [Qs As] and lost with Pair of Eights


Poker Hand #HD1175433168: Hold'em No Limit  ($0.02/$0.05) - 2023/03/25 16:15:54
Table 'NLHBlue114' 6-max Seat #1 is the button
Seat 1: b40a6c6 ($5.54 in chips)
Seat 3: fbb4ffb8 ($5.33 in chips)
Seat 4: c2bcfed4 ($6.77 in chips)
Seat 5: Hero ($5 in chips)
Seat 6: 48de5afc ($2.81 in chips)
fbb4ffb8: posts small blind $0.02
c2bcfed4: posts big blind $0.05
*** HOLE CARDS ***
Dealt to b40a6c6 
Dealt to fbb4ffb8 
Dealt to c2bcfed4 
Dealt to Hero [4h 8d]
Dealt to 48de5afc 
Hero: folds
48de5afc: folds
b40a6c6: raises $0.08 to $0.13
fbb4ffb8: calls $0.11
c2bcfed4: calls $0.08
*** FLOP *** [5s 4d Ad]
fbb4ffb8: checks
c2bcfed4: checks
b40a6c6: checks
*** TURN *** [5s 4d Ad] [7s]
fbb4ffb8: checks
c2bcfed4: checks
b40a6c6: checks
*** RIVER *** [5s 4d Ad 7s] [Ks]
fbb4ffb8: checks
c2bcfed4: checks
b40a6c6: checks
fbb4ffb8: shows [Ts 8s] (King High Flush)
c2bcfed4: shows [Tc Kd] (Pair of Kings)
b40a6c6: shows [Qd Jc] (Ace-High)
*** SHOWDOWN ***
fbb4ffb8 collected $0.37 from pot
*** SUMMARY ***
Total pot $0.39 | Rake $0.02 | Jackpot $0 | Bingo $0 | Fortune $0
Board [5s 4d Ad 7s Ks]
Seat 1: b40a6c6 (button) showed [Qd Jc] and lost with Ace-High
Seat 3: fbb4ffb8 (small blind) showed [Ts 8s] and won ($0.37) with King High Flush
Seat 4: c2bcfed4 (big blind) showed [Tc Kd] and lost with Pair of Kings
Seat 5: Hero folded before Flop (didn't bet)
Seat 6: 48de5afc folded before Flop (didn't bet)


Poker Hand #HD1175433135: Hold'em No Limit  ($0.02/$0.05) - 2023/03/25 16:15:41
Table 'NLHBlue114' 6-max Seat #6 is the button
Seat 1: b40a6c6 ($5.56 in chips)
Seat 3: fbb4ffb8 ($5.38 in chips)
Seat 4: c2bcfed4 ($6.77 in chips)
Seat 5: Hero ($5 in chips)
Seat 6: 48de5afc ($2.74 in chips)
b40a6c6: posts small blind $0.02
fbb4ffb8: posts big blind $0.05
*** HOLE CARDS ***
Dealt to b40a6c6 
Dealt to fbb4ffb8 
Dealt to c2bcfed4 
Dealt to Hero [8h 5d]
Dealt to 48de5afc 
c2bcfed4: folds
Hero: folds
48de5afc: raises $0.05 to $0.1
b40a6c6: folds
fbb4ffb8: folds
Uncalled bet ($0.05) returned to 48de5afc
*** SHOWDOWN ***
48de5afc collected $0.12 from pot
*** SUMMARY ***
Total pot $0.12 | Rake $0 | Jackpot $0 | Bingo $0 | Fortune $0
Seat 1: b40a6c6 (small blind) folded before Flop
Seat 3: fbb4ffb8 (big blind) folded before Flop
Seat 4: c2bcfed4 folded before Flop (didn't bet)
Seat 5: Hero folded before Flop (didn't bet)
Seat 6: 48de5afc (button) collected ($0.12)


Poker Hand #HD1175433101: Hold'em No Limit  ($0.02/$0.05) - 2023/03/25 16:15:26
Table 'NLHBlue114' 6-max Seat #5 is the button
Seat 1: b40a6c6 ($5.61 in chips)
Seat 3: fbb4ffb8 ($5.38 in chips)
Seat 4: c2bcfed4 ($6.7 in chips)
Seat 5: Hero ($5 in chips)
Seat 6: 48de5afc ($2.76 in chips)
48de5afc: posts small blind $0.02
b40a6c6: posts big blind $0.05
*** HOLE CARDS ***
Dealt to b40a6c6 
Dealt to fbb4ffb8 
Dealt to c2bcfed4 
Dealt to Hero [9s Qc]
Dealt to 48de5afc 
fbb4ffb8: folds
c2bcfed4: raises $0.1 to $0.15
Hero: folds
48de5afc: folds
b40a6c6: folds
Uncalled bet ($0.1) returned to c2bcfed4
*** SHOWDOWN ***
c2bcfed4 collected $0.12 from pot
*** SUMMARY ***
Total pot $0.12 | Rake $0 | Jackpot $0 | Bingo $0 | Fortune $0
Seat 1: b40a6c6 (big blind) folded before Flop
Seat 3: fbb4ffb8 folded before Flop (didn't bet)
Seat 4: c2bcfed4 collected ($0.12)
Seat 5: Hero (button) folded before Flop (didn't bet)
Seat 6: 48de5afc (small blind) folded before Flop


Poker Hand #HD1175433084: Hold'em No Limit  ($0.02/$0.05) - 2023/03/25 16:15:19
Table 'NLHBlue114' 6-max Seat #4 is the button
Seat 1: b40a6c6 ($5.61 in chips)
Seat 3: fbb4ffb8 ($5.38 in chips)
Seat 4: c2bcfed4 ($6.7 in chips)
Seat 5: Hero ($5 in chips)
Seat 6: 48de5afc ($2.74 in chips)
Hero: posts small blind $0.02
48de5afc: posts big blind $0.05
*** HOLE CARDS ***
Dealt to b40a6c6 
Dealt to fbb4ffb8 
Dealt to c2bcfed4 
Dealt to Hero [3s 7h]
Dealt to 48de5afc 
b40a6c6: folds
fbb4ffb8: folds
c2bcfed4: folds
Hero: folds
Uncalled bet ($0.03) returned to 48de5afc
*** SHOWDOWN ***
48de5afc collected $0.04 from pot
*** SUMMARY ***
Total pot $0.04 | Rake $0 | Jackpot $0 | Bingo $0 | Fortune $0
Seat 1: b40a6c6 folded before Flop (didn't bet)
Seat 3: fbb4ffb8 folded before Flop (didn't bet)
Seat 4: c2bcfed4 (button) folded before Flop (didn't bet)
Seat 5: Hero (small blind) folded before Flop
Seat 6: 48de5afc (big blind) collected ($0.04)


Poker Hand #HD1175433022: Hold'em No Limit  ($0.02/$0.05) - 2023/03/25 16:14:52
Table 'NLHBlue114' 6-max Seat #3 is the button
Seat 1: b40a6c6 ($5.61 in chips)
Seat 3: fbb4ffb8 ($5.48 in chips)
Seat 4: c2bcfed4 ($6.56 in chips)
Seat 5: Hero ($5 in chips)
Seat 6: 48de5afc ($2.74 in chips)
c2bcfed4: posts small blind $0.02
Hero: posts big blind $0.05
*** HOLE CARDS ***
Dealt to b40a6c6 
Dealt to fbb4ffb8 
Dealt to c2bcfed4 
Dealt to Hero [3d 7s]
Dealt to 48de5afc 
48de5afc: folds
b40a6c6: folds
fbb4ffb8: raises $0.05 to $0.1
c2bcfed4: raises $0.35 to $0.45
Hero: folds
fbb4ffb8: folds
Uncalled bet ($0.35) returned to c2bcfed4
*** SHOWDOWN ***
c2bcfed4 collected $0.24 from pot
*** SUMMARY ***
Total pot $0.25 | Rake $0.01 | Jackpot $0 | Bingo $0 | Fortune $0
Seat 1: b40a6c6 folded before Flop (didn't bet)
Seat 3: fbb4ffb8 (button) folded before Flop
Seat 4: c2bcfed4 (small blind) collected ($0.24)
Seat 5: Hero (big blind) folded before Flop
Seat 6: 48de5afc folded before Flop (didn't bet)


Poker Hand #HD1175432978: Hold'em No Limit  ($0.02/$0.05) - 2023/03/25 16:14:35
Table 'NLHBlue114' 6-max Seat #1 is the button
Seat 1: b40a6c6 ($5.61 in chips)
Seat 3: fbb4ffb8 ($5.43 in chips)
Seat 4: c2bcfed4 ($6.61 in chips)
Seat 5: Hero ($5 in chips)
Seat 6: 48de5afc ($2.74 in chips)
fbb4ffb8: posts small blind $0.02
c2bcfed4: posts big blind $0.05
*** HOLE CARDS ***
Dealt to b40a6c6 
Dealt to fbb4ffb8 
Dealt to c2bcfed4 
Dealt to Hero [6s 5c]
Dealt to 48de5afc 
Hero: folds
48de5afc: folds
b40a6c6: folds
fbb4ffb8: raises $0.1 to $0.15
c2bcfed4: folds
Uncalled bet ($0.1) returned to fbb4ffb8
*** SHOWDOWN ***
fbb4ffb8 collected $0.1 from pot
*** SUMMARY ***
Total pot $0.1 | Rake $0 | Jackpot $0 | Bingo $0 | Fortune $0
Seat 1: b40a6c6 (button) folded before Flop (didn't bet)
Seat 3: fbb4ffb8 (small blind) collected ($0.1)
Seat 4: c2bcfed4 (big blind) folded before Flop
Seat 5: Hero folded before Flop (didn't bet)
Seat 6: 48de5afc folded before Flop (didn't bet)


Poker Hand #HD1175432783: Hold'em No Limit  ($0.02/$0.05) - 2023/03/25 16:13:14
Table 'NLHBlue114' 6-max Seat #6 is the button
Seat 1: b40a6c6 ($5.47 in chips)
Seat 3: fbb4ffb8 ($5.58 in chips)
Seat 4: c2bcfed4 ($6.61 in chips)
Seat 5: Hero ($5 in chips)
Seat 6: 48de5afc ($2.74 in chips)
b40a6c6: posts small blind $0.02
fbb4ffb8: posts big blind $0.05
*** HOLE CARDS ***
Dealt to b40a6c6 
Dealt to fbb4ffb8 
Dealt to c2bcfed4 
Dealt to Hero [8s 7c]
Dealt to 48de5afc 
c2bcfed4: folds
Hero: folds
48de5afc: folds
b40a6c6: raises $0.1 to $0.15
fbb4ffb8: calls $0.1
*** FLOP *** [Kc Qh 3h]
b40a6c6: checks
fbb4ffb8: checks
*** TURN *** [Kc Qh 3h] [5s]
b40a6c6: checks
fbb4ffb8: checks
*** RIVER *** [Kc Qh 3h 5s] [Ac]
b40a6c6: checks
fbb4ffb8: checks
b40a6c6: shows [9h 9d] (Pair of Nines)
fbb4ffb8: shows [Th 4d] (Ace-High)
*** SHOWDOWN ***
b40a6c6 collected $0.29 from pot
*** SUMMARY ***
Total pot $0.3 | Rake $0.01 | Jackpot $0 | Bingo $0 | Fortune $0
Board [Kc Qh 3h 5s Ac]
Seat 1: b40a6c6 (small blind) showed [9h 9d] and won ($0.29) with Pair of Nines
Seat 3: fbb4ffb8 (big blind) showed [Th 4d] and lost with Ace-High
Seat 4: c2bcfed4 folded before Flop (didn't bet)
Seat 5: Hero folded before Flop (didn't bet)
Seat 6: 48de5afc (button) folded before Flop (didn't bet)


Poker Hand #HD1175432681: Hold'em No Limit  ($0.02/$0.05) - 2023/03/25 16:12:32
Table 'NLHBlue114' 6-max Seat #5 is the button
Seat 1: b40a6c6 ($5.62 in chips)
Seat 3: fbb4ffb8 ($5.42 in chips)
Seat 4: c2bcfed4 ($6.61 in chips)
Seat 5: Hero ($5 in chips)
Seat 6: 48de5afc ($2.76 in chips)
48de5afc: posts small blind $0.02
b40a6c6: posts big blind $0.05
*** HOLE CARDS ***
Dealt to b40a6c6 
Dealt to fbb4ffb8 
Dealt to c2bcfed4 
Dealt to Hero [Td 8s]
Dealt to 48de5afc 
fbb4ffb8: raises $0.1 to $0.15
c2bcfed4: folds
Hero: folds
48de5afc: folds
b40a6c6: calls $0.1
*** FLOP *** [6c 6s 6d]
b40a6c6: checks
fbb4ffb8: checks
*** TURN *** [6c 6s 6d] [Qh]
b40a6c6: checks
fbb4ffb8: checks
*** RIVER *** [6c 6s 6d Qh] [Qs]
b40a6c6: checks
fbb4ffb8: bets $0.7
b40a6c6: folds
Uncalled bet ($0.7) returned to fbb4ffb8
*** SHOWDOWN ***
fbb4ffb8 collected $0.31 from pot
*** SUMMARY ***
Total pot $0.32 | Rake $0.01 | Jackpot $0 | Bingo $0 | Fortune $0
Board [6c 6s 6d Qh Qs]
Seat 1: b40a6c6 (big blind) folded on the River
Seat 3: fbb4ffb8 won ($0.31)
Seat 4: c2bcfed4 folded before Flop (didn't bet)
Seat 5: Hero (button) folded before Flop (didn't bet)
Seat 6: 48de5afc (small blind) folded before Flop


Poker Hand #HD1175432509: Hold'em No Limit  ($0.02/$0.05) - 2023/03/25 16:11:22
Table 'NLHBlue114' 6-max Seat #4 is the button
Seat 1: b40a6c6 ($5.62 in chips)
Seat 2: fcd93ba1 ($5.14 in chips)
Seat 3: fbb4ffb8 ($5.68 in chips)
Seat 4: c2bcfed4 ($6.61 in chips)
Seat 5: Hero ($5 in chips)
Seat 6: 48de5afc ($2.5 in chips)
Hero: posts small blind $0.02
48de5afc: posts big blind $0.05
*** HOLE CARDS ***
Dealt to b40a6c6 
Dealt to fcd93ba1 
Dealt to fbb4ffb8 
Dealt to c2bcfed4 
Dealt to Hero [9s Ah]
Dealt to 48de5afc 
b40a6c6: folds
fcd93ba1: folds
fbb4ffb8: raises $0.1 to $0.15
c2bcfed4: folds
Hero: folds
48de5afc: calls $0.1
*** FLOP *** [8d 8h 6c]
48de5afc: checks
fbb4ffb8: bets $0.11
48de5afc: calls $0.11
*** TURN *** [8d 8h 6c] [5s]
48de5afc: checks
fbb4ffb8: checks
*** RIVER *** [8d 8h 6c 5s] [Qc]
48de5afc: bets $0.81
fbb4ffb8: folds
Uncalled bet ($0.81) returned to 48de5afc
*** SHOWDOWN ***
48de5afc collected $0.52 from pot
*** SUMMARY ***
Total pot $0.54 | Rake $0.02 | Jackpot $0 | Bingo $0 | Fortune $0
Board [8d 8h 6c 5s Qc]
Seat 1: b40a6c6 folded before Flop (didn't bet)
Seat 2: fcd93ba1 folded before Flop (didn't bet)
Seat 3: fbb4ffb8 folded on the River
Seat 4: c2bcfed4 (button) folded before Flop (didn't bet)
Seat 5: Hero (small blind) folded before Flop
Seat 6: 48de5afc (big blind) won ($0.52)


Poker Hand #HD1175432429: Hold'em No Limit  ($0.02/$0.05) - 2023/03/25 16:10:48
Table 'NLHBlue114' 6-max Seat #3 is the button
Seat 1: b40a6c6 ($5.62 in chips)
Seat 2: fcd93ba1 ($5.14 in chips)
Seat 3: fbb4ffb8 ($5.52 in chips)
Seat 4: c2bcfed4 ($6.63 in chips)
Seat 5: Hero ($5.02 in chips)
Seat 6: 48de5afc ($2.33 in chips)
c2bcfed4: posts small blind $0.02
Hero: posts big blind $0.05
*** HOLE CARDS ***
Dealt to b40a6c6 
Dealt to fcd93ba1 
Dealt to fbb4ffb8 
Dealt to c2bcfed4 
Dealt to Hero [Ks 9d]
Dealt to 48de5afc 
48de5afc: raises $0.05 to $0.1
b40a6c6: folds
fcd93ba1: folds
fbb4ffb8: raises $0.21 to $0.31
c2bcfed4: folds
Hero: folds
48de5afc: folds
Uncalled bet ($0.21) returned to fbb4ffb8
*** SHOWDOWN ***
fbb4ffb8 collected $0.26 from pot
*** SUMMARY ***
Total pot $0.27 | Rake $0.01 | Jackpot $0 | Bingo $0 | Fortune $0
Seat 1: b40a6c6 folded before Flop (didn't bet)
Seat 2: fcd93ba1 folded before Flop (didn't bet)
Seat 3: fbb4ffb8 (button) collected ($0.26)
Seat 4: c2bcfed4 (small blind) folded before Flop
Seat 5: Hero (big blind) folded before Flop
Seat 6: 48de5afc folded before Flop


Poker Hand #HD1175432268: Hold'em No Limit  ($0.02/$0.05) - 2023/03/25 16:09:40
Table 'NLHBlue114' 6-max Seat #2 is the button
Seat 1: b40a6c6 ($5.07 in chips)
Seat 2: fcd93ba1 ($5.14 in chips)
Seat 3: fbb4ffb8 ($5.54 in chips)
Seat 4: c2bcfed4 ($7.22 in chips)
Seat 5: Hero ($5.02 in chips)
Seat 6: 48de5afc ($2.33 in chips)
fbb4ffb8: posts small blind $0.02
c2bcfed4: posts big blind $0.05
*** HOLE CARDS ***
Dealt to b40a6c6 
Dealt to fcd93ba1 
Dealt to fbb4ffb8 
Dealt to c2bcfed4 
Dealt to Hero [9s 6s]
Dealt to 48de5afc 
Hero: folds
48de5afc: folds
b40a6c6: raises $0.08 to $0.13
fcd93ba1: folds
fbb4ffb8: folds
c2bcfed4: calls $0.08
*** FLOP *** [7c 6c 3s]
c2bcfed4: checks
b40a6c6: bets $0.1
c2bcfed4: calls $0.1
*** TURN *** [7c 6c 3s] [Qc]
c2bcfed4: checks
b40a6c6: bets $0.36
c2bcfed4: calls $0.36
*** RIVER *** [7c 6c 3s Qc] [7d]
c2bcfed4: checks
b40a6c6: bets $1.2
c2bcfed4: folds
Uncalled bet ($1.2) returned to b40a6c6
*** SHOWDOWN ***
b40a6c6 collected $1.14 from pot
*** SUMMARY ***
Total pot $1.2 | Rake $0.06 | Jackpot $0 | Bingo $0 | Fortune $0
Board [7c 6c 3s Qc 7d]
Seat 1: b40a6c6 won ($1.14)
Seat 2: fcd93ba1 (button) folded before Flop (didn't bet)
Seat 3: fbb4ffb8 (small blind) folded before Flop
Seat 4: c2bcfed4 (big blind) folded on the River
Seat 5: Hero folded before Flop (didn't bet)
Seat 6: 48de5afc folded before Flop (didn't bet)


Poker Hand #HD1175432185: Hold'em No Limit  ($0.02/$0.05) - 2023/03/25 16:09:05
Table 'NLHBlue114' 6-max Seat #1 is the button
Seat 1: b40a6c6 ($5.07 in chips)
Seat 2: fcd93ba1 ($5 in chips)
Seat 3: fbb4ffb8 ($5.59 in chips)
Seat 4: c2bcfed4 ($7.22 in chips)
Seat 5: Hero ($5.02 in chips)
Seat 6: 48de5afc ($2.43 in chips)
fcd93ba1: posts small blind $0.02
fbb4ffb8: posts big blind $0.05
*** HOLE CARDS ***
Dealt to b40a6c6 
Dealt to fcd93ba1 
Dealt to fbb4ffb8 
Dealt to c2bcfed4 
Dealt to Hero [7d Js]
Dealt to 48de5afc 
c2bcfed4: folds
Hero: folds
48de5afc: raises $0.05 to $0.1
b40a6c6: folds
fcd93ba1: raises $0.75 to $0.85
fbb4ffb8: folds
48de5afc: folds
Uncalled bet ($0.75) returned to fcd93ba1
*** SHOWDOWN ***
fcd93ba1 collected $0.24 from pot
*** SUMMARY ***
Total pot $0.25 | Rake $0.01 | Jackpot $0 | Bingo $0 | Fortune $0
Seat 1: b40a6c6 (button) folded before Flop (didn't bet)
Seat 2: fcd93ba1 (small blind) collected ($0.24)
Seat 3: fbb4ffb8 (big blind) folded before Flop
Seat 4: c2bcfed4 folded before Flop (didn't bet)
Seat 5: Hero folded before Flop (didn't bet)
Seat 6: 48de5afc folded before Flop


Poker Hand #HD1175432141: Hold'em No Limit  ($0.02/$0.05) - 2023/03/25 16:08:47
Table 'NLHBlue114' 6-max Seat #6 is the button
Seat 1: b40a6c6 ($5.09 in chips)
Seat 2: fcd93ba1 ($5 in chips)
Seat 3: fbb4ffb8 ($5.52 in chips)
Seat 4: c2bcfed4 ($7.22 in chips)
Seat 5: Hero ($5.02 in chips)
Seat 6: 48de5afc ($2.43 in chips)
b40a6c6: posts small blind $0.02
fcd93ba1: posts big blind $0.05
*** HOLE CARDS ***
Dealt to b40a6c6 
Dealt to fcd93ba1 
Dealt to fbb4ffb8 
Dealt to c2bcfed4 
Dealt to Hero [Qc 2d]
Dealt to 48de5afc 
fbb4ffb8: raises $0.05 to $0.1
c2bcfed4: folds
Hero: folds
48de5afc: folds
b40a6c6: folds
fcd93ba1: folds
Uncalled bet ($0.05) returned to fbb4ffb8
*** SHOWDOWN ***
fbb4ffb8 collected $0.12 from pot
*** SUMMARY ***
Total pot $0.12 | Rake $0 | Jackpot $0 | Bingo $0 | Fortune $0
Seat 1: b40a6c6 (small blind) folded before Flop
Seat 2: fcd93ba1 (big blind) folded before Flop
Seat 3: fbb4ffb8 collected ($0.12)
Seat 4: c2bcfed4 folded before Flop (didn't bet)
Seat 5: Hero folded before Flop (didn't bet)
Seat 6: 48de5afc (button) folded before Flop (didn't bet)


Poker Hand #HD1175432089: Hold'em No Limit  ($0.02/$0.05) - 2023/03/25 16:08:23
Table 'NLHBlue114' 6-max Seat #5 is the button
Seat 1: b40a6c6 ($4.96 in chips)
Seat 2: fcd93ba1 ($5 in chips)
Seat 3: fbb4ffb8 ($5.52 in chips)
Seat 4: c2bcfed4 ($7.22 in chips)
Seat 5: Hero ($5.14 in chips)
Seat 6: 48de5afc ($2.45 in chips)
48de5afc: posts small blind $0.02
b40a6c6: posts big blind $0.05
*** HOLE CARDS ***
Dealt to b40a6c6 
Dealt to fcd93ba1 
Dealt to fbb4ffb8 
Dealt to c2bcfed4 
Dealt to Hero [4h Ah]
Dealt to 48de5afc 
fcd93ba1: folds
fbb4ffb8: folds
c2bcfed4: folds
Hero: raises $0.07 to $0.12
48de5afc: folds
b40a6c6: raises $0.38 to $0.5
Hero: folds
Uncalled bet ($0.38) returned to b40a6c6
*** SHOWDOWN ***
b40a6c6 collected $0.25 from pot
*** SUMMARY ***
Total pot $0.26 | Rake $0.01 | Jackpot $0 | Bingo $0 | Fortune $0
Seat 1: b40a6c6 (big blind) collected ($0.25)
Seat 2: fcd93ba1 folded before Flop (didn't bet)
Seat 3: fbb4ffb8 folded before Flop (didn't bet)
Seat 4: c2bcfed4 folded before Flop (didn't bet)
Seat 5: Hero (button) folded before Flop
Seat 6: 48de5afc (small blind) folded before Flop


Poker Hand #HD1175431949: Hold'em No Limit  ($0.02/$0.05) - 2023/03/25 16:07:31
Table 'NLHBlue114' 6-max Seat #4 is the button
Seat 1: b40a6c6 ($5.2 in chips)
Seat 2: fcd93ba1 ($5 in chips)
Seat 3: fbb4ffb8 ($5.23 in chips)
Seat 4: c2bcfed4 ($7.22 in chips)
Seat 5: Hero ($5.16 in chips)
Seat 6: 48de5afc ($2.5 in chips)
Hero: posts small blind $0.02
48de5afc: posts big blind $0.05
*** HOLE CARDS ***
Dealt to b40a6c6 
Dealt to fcd93ba1 
Dealt to fbb4ffb8 
Dealt to c2bcfed4 
Dealt to Hero [3h 4h]
Dealt to 48de5afc 
b40a6c6: raises $0.08 to $0.13
fcd93ba1: folds
fbb4ffb8: calls $0.13
c2bcfed4: folds
Hero: folds
48de5afc: folds
*** FLOP *** [4s Th Jc]
b40a6c6: checks
fbb4ffb8: checks
*** TURN *** [4s Th Jc] [2d]
b40a6c6: checks
fbb4ffb8: bets $0.11
b40a6c6: calls $0.11
*** RIVER *** [4s Th Jc 2d] [9h]
b40a6c6: checks
fbb4ffb8: checks
b40a6c6: shows [As Kc] (Ace-High)
fbb4ffb8: shows [5d 5c] (Pair of Fives)
*** SHOWDOWN ***
fbb4ffb8 collected $0.53 from pot
*** SUMMARY ***
Total pot $0.55 | Rake $0.02 | Jackpot $0 | Bingo $0 | Fortune $0
Board [4s Th Jc 2d 9h]
Seat 1: b40a6c6 showed [As Kc] and lost with Ace-High
Seat 2: fcd93ba1 folded before Flop (didn't bet)
Seat 3: fbb4ffb8 showed [5d 5c] and won ($0.53) with Pair of Fives
Seat 4: c2bcfed4 (button) folded before Flop (didn't bet)
Seat 5: Hero (small blind) folded before Flop
Seat 6: 48de5afc (big blind) folded before Flop


Poker Hand #HD1175431910: Hold'em No Limit  ($0.02/$0.05) - 2023/03/25 16:07:17
Table 'NLHBlue114' 6-max Seat #3 is the button
Seat 1: b40a6c6 ($5.2 in chips)
Seat 2: fcd93ba1 ($5 in chips)
Seat 3: fbb4ffb8 ($5.23 in chips)
Seat 4: c2bcfed4 ($7.24 in chips)
Seat 5: Hero ($5.21 in chips)
Seat 6: 48de5afc ($2.43 in chips)
c2bcfed4: posts small blind $0.02
Hero: posts big blind $0.05
*** HOLE CARDS ***
Dealt to b40a6c6 
Dealt to fcd93ba1 
Dealt to fbb4ffb8 
Dealt to c2bcfed4 
Dealt to Hero [2c 8s]
Dealt to 48de5afc 
48de5afc: raises $0.05 to $0.1
b40a6c6: folds
fcd93ba1: folds
fbb4ffb8: folds
c2bcfed4: folds
Hero: folds
Uncalled bet ($0.05) returned to 48de5afc
*** SHOWDOWN ***
48de5afc collected $0.12 from pot
*** SUMMARY ***
Total pot $0.12 | Rake $0 | Jackpot $0 | Bingo $0 | Fortune $0
Seat 1: b40a6c6 folded before Flop (didn't bet)
Seat 2: fcd93ba1 folded before Flop (didn't bet)
Seat 3: fbb4ffb8 (button) folded before Flop (didn't bet)
Seat 4: c2bcfed4 (small blind) folded before Flop
Seat 5: Hero (big blind) folded before Flop
Seat 6: 48de5afc collected ($0.12)


Poker Hand #HD1175431842: Hold'em No Limit  ($0.02/$0.05) - 2023/03/25 16:06:49
Table 'NLHBlue114' 6-max Seat #2 is the button
Seat 1: b40a6c6 ($5.13 in chips)
Seat 2: fcd93ba1 ($5 in chips)
Seat 3: fbb4ffb8 ($5.25 in chips)
Seat 4: c2bcfed4 ($7.29 in chips)
Seat 5: Hero ($5.21 in chips)
Seat 6: 48de5afc ($2.43 in chips)
fbb4ffb8: posts small blind $0.02
c2bcfed4: posts big blind $0.05
*** HOLE CARDS ***
Dealt to b40a6c6 
Dealt to fcd93ba1 
Dealt to fbb4ffb8 
Dealt to c2bcfed4 
Dealt to Hero [6s Ts]
Dealt to 48de5afc 
Hero: folds
48de5afc: folds
b40a6c6: raises $0.08 to $0.13
fcd93ba1: folds
fbb4ffb8: folds
c2bcfed4: folds
Uncalled bet ($0.08) returned to b40a6c6
*** SHOWDOWN ***
b40a6c6 collected $0.12 from pot
*** SUMMARY ***
Total pot $0.12 | Rake $0 | Jackpot $0 | Bingo $0 | Fortune $0
Seat 1: b40a6c6 collected ($0.12)
Seat 2: fcd93ba1 (button) folded before Flop (didn't bet)
Seat 3: fbb4ffb8 (small blind) folded before Flop
Seat 4: c2bcfed4 (big blind) folded before Flop
Seat 5: Hero folded before Flop (didn't bet)
Seat 6: 48de5afc folded before Flop (didn't bet)


Poker Hand #HD1175431685: Hold'em No Limit  ($0.02/$0.05) - 2023/03/25 16:05:48
Table 'NLHBlue114' 6-max Seat #1 is the button
Seat 1: b40a6c6 ($5.63 in chips)
Seat 2: fcd93ba1 ($5.02 in chips)
Seat 3: fbb4ffb8 ($4.66 in chips)
Seat 4: c2bcfed4 ($7.29 in chips)
Seat 5: Hero ($5.33 in chips)
Seat 6: 48de5afc ($2.43 in chips)
fcd93ba1: posts small blind $0.02
fbb4ffb8: posts big blind $0.05
*** HOLE CARDS ***
Dealt to b40a6c6 
Dealt to fcd93ba1 
Dealt to fbb4ffb8 
Dealt to c2bcfed4 
Dealt to Hero [7d Ad]
Dealt to 48de5afc 
c2bcfed4: folds
Hero: raises $0.07 to $0.12
48de5afc: folds
b40a6c6: calls $0.12
fcd93ba1: folds
fbb4ffb8: raises $0.38 to $0.5
Hero: folds
b40a6c6: calls $0.38
*** FLOP *** [Ah Kh 3h]
fbb4ffb8: checks
b40a6c6: checks
*** TURN *** [Ah Kh 3h] [3c]
fbb4ffb8: checks
b40a6c6: checks
*** RIVER *** [Ah Kh 3h 3c] [Qc]
fbb4ffb8: checks
b40a6c6: checks
fbb4ffb8: shows [Jc As] (Pair of Aces and Pair of Treys)
b40a6c6: shows [9d 9c] (Pair of Nines and Pair of Treys)
*** SHOWDOWN ***
fbb4ffb8 collected $1.09 from pot
*** SUMMARY ***
Total pot $1.14 | Rake $0.05 | Jackpot $0 | Bingo $0 | Fortune $0
Board [Ah Kh 3h 3c Qc]
Seat 1: b40a6c6 (button) showed [9d 9c] and lost with Pair of Nines and Pair of Treys
Seat 2: fcd93ba1 (small blind) folded before Flop
Seat 3: fbb4ffb8 (big blind) showed [Jc As] and won ($1.09) with Pair of Aces and Pair of Treys
Seat 4: c2bcfed4 folded before Flop (didn't bet)
Seat 5: Hero folded before Flop
Seat 6: 48de5afc folded before Flop (didn't bet)


Poker Hand #HD1175431545: Hold'em No Limit  ($0.02/$0.05) - 2023/03/25 16:04:52
Table 'NLHBlue114' 6-max Seat #6 is the button
Seat 1: b40a6c6 ($6.55 in chips)
Seat 2: fcd93ba1 ($5.07 in chips)
Seat 3: fbb4ffb8 ($4.66 in chips)
Seat 4: c2bcfed4 ($6.46 in chips)
Seat 5: Hero ($5.33 in chips)
Seat 6: 48de5afc ($2.43 in chips)
b40a6c6: posts small blind $0.02
fcd93ba1: posts big blind $0.05
*** HOLE CARDS ***
Dealt to b40a6c6 
Dealt to fcd93ba1 
Dealt to fbb4ffb8 
Dealt to c2bcfed4 
Dealt to Hero [4h 7d]
Dealt to 48de5afc 
fbb4ffb8: folds
c2bcfed4: raises $0.1 to $0.15
Hero: folds
48de5afc: folds
b40a6c6: raises $0.45 to $0.6
fcd93ba1: folds
c2bcfed4: calls $0.45
*** FLOP *** [2c 8c 7h]
b40a6c6: bets $0.32
c2bcfed4: calls $0.32
*** TURN *** [2c 8c 7h] [9c]
b40a6c6: checks
c2bcfed4: bets $0.75
b40a6c6: folds
Uncalled bet ($0.75) returned to c2bcfed4
*** SHOWDOWN ***
c2bcfed4 collected $1.75 from pot
*** SUMMARY ***
Total pot $1.89 | Rake $0.09 | Jackpot $0.05 | Bingo $0 | Fortune $0
Board [2c 8c 7h 9c]
Seat 1: b40a6c6 (small blind) folded on the Turn
Seat 2: fcd93ba1 (big blind) folded before Flop
Seat 3: fbb4ffb8 folded before Flop (didn't bet)
Seat 4: c2bcfed4 won ($1.75)
Seat 5: Hero folded before Flop (didn't bet)
Seat 6: 48de5afc (button) folded before Flop (didn't bet)


Poker Hand #HD1175431489: Hold'em No Limit  ($0.02/$0.05) - 2023/03/25 16:04:31
Table 'NLHBlue114' 6-max Seat #5 is the button
Seat 1: b40a6c6 ($6.6 in chips)
Seat 2: fcd93ba1 ($5.07 in chips)
Seat 3: fbb4ffb8 ($4.66 in chips)
Seat 4: c2bcfed4 ($6.39 in chips)
Seat 5: Hero ($5.33 in chips)
Seat 6: 48de5afc ($2.45 in chips)
48de5afc: posts small blind $0.02
b40a6c6: posts big blind $0.05
*** HOLE CARDS ***
Dealt to b40a6c6 
Dealt to fcd93ba1 
Dealt to fbb4ffb8 
Dealt to c2bcfed4 
Dealt to Hero [Ad Th]
Dealt to 48de5afc 
fcd93ba1: folds
fbb4ffb8: folds
c2bcfed4: raises $0.1 to $0.15
Hero: folds
48de5afc: folds
b40a6c6: folds
Uncalled bet ($0.1) returned to c2bcfed4
*** SHOWDOWN ***
c2bcfed4 collected $0.12 from pot
*** SUMMARY ***
Total pot $0.12 | Rake $0 | Jackpot $0 | Bingo $0 | Fortune $0
Seat 1: b40a6c6 (big blind) folded before Flop
Seat 2: fcd93ba1 folded before Flop (didn't bet)
Seat 3: fbb4ffb8 folded before Flop (didn't bet)
Seat 4: c2bcfed4 collected ($0.12)
Seat 5: Hero (button) folded before Flop (didn't bet)
Seat 6: 48de5afc (small blind) folded before Flop


Poker Hand #HD1175431461: Hold'em No Limit  ($0.02/$0.05) - 2023/03/25 16:04:18
Table 'NLHBlue114' 6-max Seat #4 is the button
Seat 1: b40a6c6 ($6.53 in chips)
Seat 2: fcd93ba1 ($5.07 in chips)
Seat 3: fbb4ffb8 ($4.66 in chips)
Seat 4: c2bcfed4 ($6.39 in chips)
Seat 5: Hero ($5.35 in chips)
Seat 6: 48de5afc ($2.5 in chips)
Hero: posts small blind $0.02
48de5afc: posts big blind $0.05
*** HOLE CARDS ***
Dealt to b40a6c6 
Dealt to fcd93ba1 
Dealt to fbb4ffb8 
Dealt to c2bcfed4 
Dealt to Hero [9d Ts]
Dealt to 48de5afc 
b40a6c6: raises $0.08 to $0.13
fcd93ba1: folds
fbb4ffb8: folds
c2bcfed4: folds
Hero: folds
48de5afc: folds
Uncalled bet ($0.08) returned to b40a6c6
*** SHOWDOWN ***
b40a6c6 collected $0.12 from pot
*** SUMMARY ***
Total pot $0.12 | Rake $0 | Jackpot $0 | Bingo $0 | Fortune $0
Seat 1: b40a6c6 collected ($0.12)
Seat 2: fcd93ba1 folded before Flop (didn't bet)
Seat 3: fbb4ffb8 folded before Flop (didn't bet)
Seat 4: c2bcfed4 (button) folded before Flop (didn't bet)
Seat 5: Hero (small blind) folded before Flop
Seat 6: 48de5afc (big blind) folded before Flop


Poker Hand #HD1175431329: Hold'em No Limit  ($0.02/$0.05) - 2023/03/25 16:03:31
Table 'NLHBlue114' 6-max Seat #3 is the button
Seat 1: b40a6c6 ($6.53 in chips)
Seat 2: fcd93ba1 ($5.07 in chips)
Seat 3: fbb4ffb8 ($4.93 in chips)
Seat 4: c2bcfed4 ($6.1 in chips)
Seat 5: Hero ($5.4 in chips)
Seat 6: 48de5afc ($2.5 in chips)
c2bcfed4: posts small blind $0.02
Hero: posts big blind $0.05
*** HOLE CARDS ***
Dealt to b40a6c6 
Dealt to fcd93ba1 
Dealt to fbb4ffb8 
Dealt to c2bcfed4 
Dealt to Hero [Jd 2h]
Dealt to 48de5afc 
48de5afc: folds
b40a6c6: folds
fcd93ba1: folds
fbb4ffb8: raises $0.1 to $0.15
c2bcfed4: calls $0.13
Hero: folds
*** FLOP *** [Tc 8h 5s]
c2bcfed4: checks
fbb4ffb8: bets $0.12
c2bcfed4: calls $0.12
*** TURN *** [Tc 8h 5s] [2c]
c2bcfed4: checks
fbb4ffb8: checks
*** RIVER *** [Tc 8h 5s 2c] [Ad]
c2bcfed4: checks
fbb4ffb8: checks
c2bcfed4: shows [Td Ah] (Pair of Aces and Pair of Tens)
fbb4ffb8: shows [6d 4h] (Ace-High)
*** SHOWDOWN ***
c2bcfed4 collected $0.56 from pot
*** SUMMARY ***
Total pot $0.59 | Rake $0.03 | Jackpot $0 | Bingo $0 | Fortune $0
Board [Tc 8h 5s 2c Ad]
Seat 1: b40a6c6 folded before Flop (didn't bet)
Seat 2: fcd93ba1 folded before Flop (didn't bet)
Seat 3: fbb4ffb8 (button) showed [6d 4h] and lost with Ace-High
Seat 4: c2bcfed4 (small blind) showed [Td Ah] and won ($0.56) with Pair of Aces and Pair of Tens
Seat 5: Hero (big blind) folded before Flop
Seat 6: 48de5afc folded before Flop (didn't bet)


Poker Hand #HD1175431259: Hold'em No Limit  ($0.02/$0.05) - 2023/03/25 16:03:04
Table 'NLHBlue114' 6-max Seat #2 is the button
Seat 1: b40a6c6 ($6.53 in chips)
Seat 2: fcd93ba1 ($5 in chips)
Seat 3: fbb4ffb8 ($4.95 in chips)
Seat 4: c2bcfed4 ($6.15 in chips)
Seat 5: Hero ($5.4 in chips)
Seat 6: 48de5afc ($2.5 in chips)
fbb4ffb8: posts small blind $0.02
c2bcfed4: posts big blind $0.05
*** HOLE CARDS ***
Dealt to b40a6c6 
Dealt to fcd93ba1 
Dealt to fbb4ffb8 
Dealt to c2bcfed4 
Dealt to Hero [9h Qc]
Dealt to 48de5afc 
Hero: folds
48de5afc: folds
b40a6c6: folds
fcd93ba1: raises $0.07 to $0.12
fbb4ffb8: folds
c2bcfed4: folds
Uncalled bet ($0.07) returned to fcd93ba1
*** SHOWDOWN ***
fcd93ba1 collected $0.12 from pot
*** SUMMARY ***
Total pot $0.12 | Rake $0 | Jackpot $0 | Bingo $0 | Fortune $0
Seat 1: b40a6c6 folded before Flop (didn't bet)
Seat 2: fcd93ba1 (button) collected ($0.12)
Seat 3: fbb4ffb8 (small blind) folded before Flop
Seat 4: c2bcfed4 (big blind) folded before Flop
Seat 5: Hero folded before Flop (didn't bet)
Seat 6: 48de5afc folded before Flop (didn't bet)


Poker Hand #HD1175431233: Hold'em No Limit  ($0.02/$0.05) - 2023/03/25 16:02:49
Table 'NLHBlue114' 6-max Seat #1 is the button
Seat 1: b40a6c6 ($6.53 in chips)
Seat 2: fcd93ba1 ($5.02 in chips)
Seat 3: fbb4ffb8 ($5 in chips)
Seat 4: c2bcfed4 ($6.08 in chips)
Seat 5: Hero ($5.4 in chips)
Seat 6: 48de5afc ($2.5 in chips)
fcd93ba1: posts small blind $0.02
fbb4ffb8: posts big blind $0.05
*** HOLE CARDS ***
Dealt to b40a6c6 
Dealt to fcd93ba1 
Dealt to fbb4ffb8 
Dealt to c2bcfed4 
Dealt to Hero [7c 9d]
Dealt to 48de5afc 
c2bcfed4: raises $0.1 to $0.15
Hero: folds
48de5afc: folds
b40a6c6: folds
fcd93ba1: folds
fbb4ffb8: folds
Uncalled bet ($0.1) returned to c2bcfed4
*** SHOWDOWN ***
c2bcfed4 collected $0.12 from pot
*** SUMMARY ***
Total pot $0.12 | Rake $0 | Jackpot $0 | Bingo $0 | Fortune $0
Seat 1: b40a6c6 (button) folded before Flop (didn't bet)
Seat 2: fcd93ba1 (small blind) folded before Flop
Seat 3: fbb4ffb8 (big blind) folded before Flop
Seat 4: c2bcfed4 collected ($0.12)
Seat 5: Hero folded before Flop (didn't bet)
Seat 6: 48de5afc folded before Flop (didn't bet)


Poker Hand #HD1175431192: Hold'em No Limit  ($0.02/$0.05) - 2023/03/25 16:02:37
Table 'NLHBlue114' 6-max Seat #6 is the button
Seat 1: b40a6c6 ($6.55 in chips)
Seat 2: fcd93ba1 ($5 in chips)
Seat 4: c2bcfed4 ($6.08 in chips)
Seat 5: Hero ($5.4 in chips)
Seat 6: 48de5afc ($2.5 in chips)
b40a6c6: posts small blind $0.02
fcd93ba1: posts big blind $0.05
*** HOLE CARDS ***
Dealt to b40a6c6 
Dealt to fcd93ba1 
Dealt to c2bcfed4 
Dealt to Hero [Jh 5h]
Dealt to 48de5afc 
c2bcfed4: folds
Hero: folds
48de5afc: folds
b40a6c6: folds
Uncalled bet ($0.03) returned to fcd93ba1
*** SHOWDOWN ***
fcd93ba1 collected $0.04 from pot
*** SUMMARY ***
Total pot $0.04 | Rake $0 | Jackpot $0 | Bingo $0 | Fortune $0
Seat 1: b40a6c6 (small blind) folded before Flop
Seat 2: fcd93ba1 (big blind) collected ($0.04)
Seat 4: c2bcfed4 folded before Flop (didn't bet)
Seat 5: Hero folded before Flop (didn't bet)
Seat 6: 48de5afc (button) folded before Flop (didn't bet)


Poker Hand #HD1175431108: Hold'em No Limit  ($0.02/$0.05) - 2023/03/25 16:02:09
Table 'NLHBlue114' 6-max Seat #5 is the button
Seat 1: b40a6c6 ($6.6 in chips)
Seat 4: c2bcfed4 ($6.08 in chips)
Seat 5: Hero ($5.04 in chips)
Seat 6: 48de5afc ($2.37 in chips)
48de5afc: posts small blind $0.02
b40a6c6: posts big blind $0.05
*** HOLE CARDS ***
Dealt to b40a6c6 
Dealt to c2bcfed4 
Dealt to Hero [Ah Ad]
Dealt to 48de5afc 
c2bcfed4: folds
Hero: raises $0.07 to $0.12
48de5afc: raises $0.22 to $0.34
b40a6c6: folds
Hero: raises $0.6 to $0.94
48de5afc: folds
Uncalled bet ($0.6) returned to Hero
*** SHOWDOWN ***
Hero collected $0.7 from pot
*** SUMMARY ***
Total pot $0.73 | Rake $0.03 | Jackpot $0 | Bingo $0 | Fortune $0
Seat 1: b40a6c6 (big blind) folded before Flop
Seat 4: c2bcfed4 folded before Flop (didn't bet)
Seat 5: Hero (button) collected ($0.7)
Seat 6: 48de5afc (small blind) folded before Flop


Poker Hand #HD1175431081: Hold'em No Limit  ($0.02/$0.05) - 2023/03/25 16:01:57
Table 'NLHBlue114' 6-max Seat #4 is the button
Seat 1: b40a6c6 ($6.6 in chips)
Seat 4: c2bcfed4 ($6.08 in chips)
Seat 5: Hero ($5.06 in chips)
Seat 6: 48de5afc ($2.35 in chips)
Hero: posts small blind $0.02
48de5afc: posts big blind $0.05
*** HOLE CARDS ***
Dealt to b40a6c6 
Dealt to c2bcfed4 
Dealt to Hero [Jc 5d]
Dealt to 48de5afc 
b40a6c6: folds
c2bcfed4: folds
Hero: folds
Uncalled bet ($0.03) returned to 48de5afc
*** SHOWDOWN ***
48de5afc collected $0.04 from pot
*** SUMMARY ***
Total pot $0.04 | Rake $0 | Jackpot $0 | Bingo $0 | Fortune $0
Seat 1: b40a6c6 folded before Flop (didn't bet)
Seat 4: c2bcfed4 (button) folded before Flop (didn't bet)
Seat 5: Hero (small blind) folded before Flop
Seat 6: 48de5afc (big blind) collected ($0.04)


Poker Hand #HD1175430930: Hold'em No Limit  ($0.02/$0.05) - 2023/03/25 16:00:58
Table 'NLHBlue114' 6-max Seat #1 is the button
Seat 1: b40a6c6 ($6.6 in chips)
Seat 3: 2e1ac878 ($1.02 in chips)
Seat 4: c2bcfed4 ($5.21 in chips)
Seat 5: Hero ($5.06 in chips)
Seat 6: 48de5afc ($2.35 in chips)
2e1ac878: posts small blind $0.02
c2bcfed4: posts big blind $0.05
*** HOLE CARDS ***
Dealt to b40a6c6 
Dealt to 2e1ac878 
Dealt to c2bcfed4 
Dealt to Hero [5s Th]
Dealt to 48de5afc 
Hero: folds
48de5afc: folds
b40a6c6: folds
2e1ac878: raises $0.05 to $0.1
c2bcfed4: raises $0.3 to $0.4
2e1ac878: calls $0.3
*** FLOP *** [5d Kc Js]
2e1ac878: checks
c2bcfed4: bets $0.27
2e1ac878: raises $0.35 to $0.62 and is all-in
c2bcfed4: calls $0.35
2e1ac878: shows [Qs Kd] (Pair of Kings)
c2bcfed4: shows [Jd Kh] (Pair of Kings and Pair of Jacks)
*** TURN *** [5d Kc Js] [Jh]
*** RIVER *** [5d Kc Js Jh] [5h]
*** SHOWDOWN ***
c2bcfed4 collected $1.89 from pot
*** SUMMARY ***
Total pot $2.04 | Rake $0.1 | Jackpot $0.05 | Bingo $0 | Fortune $0
Board [5d Kc Js Jh 5h]
Seat 1: b40a6c6 (button) folded before Flop (didn't bet)
Seat 3: 2e1ac878 (small blind) showed [Qs Kd] and lost with Pair of Kings and Pair of Jacks
Seat 4: c2bcfed4 (big blind) showed [Jd Kh] and won ($1.89) with Jacks Full over Kings
Seat 5: Hero folded before Flop (didn't bet)
Seat 6: 48de5afc folded before Flop (didn't bet)


Poker Hand #HD1175430878: Hold'em No Limit  ($0.02/$0.05) - 2023/03/25 16:00:39
Table 'NLHBlue114' 6-max Seat #6 is the button
Seat 1: b40a6c6 ($6.62 in chips)
Seat 3: 2e1ac878 ($1.07 in chips)
Seat 4: c2bcfed4 ($5.14 in chips)
Seat 5: Hero ($5.06 in chips)
Seat 6: 48de5afc ($2.35 in chips)
b40a6c6: posts small blind $0.02
2e1ac878: posts big blind $0.05
*** HOLE CARDS ***
Dealt to b40a6c6 
Dealt to 2e1ac878 
Dealt to c2bcfed4 
Dealt to Hero [3s 3h]
Dealt to 48de5afc 
c2bcfed4: raises $0.1 to $0.15
Hero: folds
48de5afc: folds
b40a6c6: folds
2e1ac878: folds
Uncalled bet ($0.1) returned to c2bcfed4
*** SHOWDOWN ***
c2bcfed4 collected $0.12 from pot
*** SUMMARY ***
Total pot $0.12 | Rake $0 | Jackpot $0 | Bingo $0 | Fortune $0
Seat 1: b40a6c6 (small blind) folded before Flop
Seat 3: 2e1ac878 (big blind) folded before Flop
Seat 4: c2bcfed4 collected ($0.12)
Seat 5: Hero folded before Flop (didn't bet)
Seat 6: 48de5afc (button) folded before Flop (didn't bet)


Poker Hand #HD1175430835: Hold'em No Limit  ($0.02/$0.05) - 2023/03/25 16:00:21
Table 'NLHBlue114' 6-max Seat #5 is the button
Seat 1: b40a6c6 ($6.67 in chips)
Seat 3: 2e1ac878 ($1.07 in chips)
Seat 4: c2bcfed4 ($5.07 in chips)
Seat 5: Hero ($5.06 in chips)
Seat 6: 48de5afc ($2.37 in chips)
48de5afc: posts small blind $0.02
b40a6c6: posts big blind $0.05
*** HOLE CARDS ***
Dealt to b40a6c6 
Dealt to 2e1ac878 
Dealt to c2bcfed4 
Dealt to Hero [9c 2s]
Dealt to 48de5afc 
2e1ac878: folds
c2bcfed4: raises $0.1 to $0.15
Hero: folds
48de5afc: folds
b40a6c6: folds
Uncalled bet ($0.1) returned to c2bcfed4
*** SHOWDOWN ***
c2bcfed4 collected $0.12 from pot
*** SUMMARY ***
Total pot $0.12 | Rake $0 | Jackpot $0 | Bingo $0 | Fortune $0
Seat 1: b40a6c6 (big blind) folded before Flop
Seat 3: 2e1ac878 folded before Flop (didn't bet)
Seat 4: c2bcfed4 collected ($0.12)
Seat 5: Hero (button) folded before Flop (didn't bet)
Seat 6: 48de5afc (small blind) folded before Flop


Poker Hand #HD1175430810: Hold'em No Limit  ($0.02/$0.05) - 2023/03/25 16:00:11
Table 'NLHBlue114' 6-max Seat #4 is the button
Seat 1: b40a6c6 ($6.67 in chips)
Seat 3: 2e1ac878 ($1 in chips)
Seat 4: c2bcfed4 ($5.07 in chips)
Seat 5: Hero ($5.08 in chips)
Seat 6: 48de5afc ($2.42 in chips)
Hero: posts small blind $0.02
48de5afc: posts big blind $0.05
*** HOLE CARDS ***
Dealt to b40a6c6 
Dealt to 2e1ac878 
Dealt to c2bcfed4 
Dealt to Hero [Js 6c]
Dealt to 48de5afc 
b40a6c6: folds
2e1ac878: raises $0.05 to $0.1
c2bcfed4: folds
Hero: folds
48de5afc: folds
Uncalled bet ($0.05) returned to 2e1ac878
*** SHOWDOWN ***
2e1ac878 collected $0.12 from pot
*** SUMMARY ***
Total pot $0.12 | Rake $0 | Jackpot $0 | Bingo $0 | Fortune $0
Seat 1: b40a6c6 folded before Flop (didn't bet)
Seat 3: 2e1ac878 collected ($0.12)
Seat 4: c2bcfed4 (button) folded before Flop (didn't bet)
Seat 5: Hero (small blind) folded before Flop
Seat 6: 48de5afc (big blind) folded before Flop


Poker Hand #HD1175430767: Hold'em No Limit  ($0.02/$0.05) - 2023/03/25 15:59:55
Table 'NLHBlue114' 6-max Seat #3 is the button
Seat 1: b40a6c6 ($6.6 in chips)
Seat 3: 2e1ac878 ($1 in chips)
Seat 4: c2bcfed4 ($5.09 in chips)
Seat 5: Hero ($5.13 in chips)
Seat 6: 48de5afc ($2.42 in chips)
c2bcfed4: posts small blind $0.02
Hero: posts big blind $0.05
*** HOLE CARDS ***
Dealt to b40a6c6 
Dealt to 2e1ac878 
Dealt to c2bcfed4 
Dealt to Hero [2d 5c]
Dealt to 48de5afc 
48de5afc: folds
b40a6c6: raises $0.08 to $0.13
2e1ac878: folds
c2bcfed4: folds
Hero: folds
Uncalled bet ($0.08) returned to b40a6c6
*** SHOWDOWN ***
b40a6c6 collected $0.12 from pot
*** SUMMARY ***
Total pot $0.12 | Rake $0 | Jackpot $0 | Bingo $0 | Fortune $0
Seat 1: b40a6c6 collected ($0.12)
Seat 3: 2e1ac878 (button) folded before Flop (didn't bet)
Seat 4: c2bcfed4 (small blind) folded before Flop
Seat 5: Hero (big blind) folded before Flop
Seat 6: 48de5afc folded before Flop (didn't bet)


Poker Hand #HD1175430594: Hold'em No Limit  ($0.02/$0.05) - 2023/03/25 15:58:49
Table 'NLHBlue114' 6-max Seat #2 is the button
Seat 1: b40a6c6 ($4.74 in chips)
Seat 2: 2bdf5be1 ($2.04 in chips)
Seat 3: 2e1ac878 ($1.02 in chips)
Seat 4: c2bcfed4 ($5.14 in chips)
Seat 5: Hero ($5.13 in chips)
Seat 6: 48de5afc ($2.42 in chips)
2e1ac878: posts small blind $0.02
c2bcfed4: posts big blind $0.05
*** HOLE CARDS ***
Dealt to b40a6c6 
Dealt to 2bdf5be1 
Dealt to 2e1ac878 
Dealt to c2bcfed4 
Dealt to Hero [Kc 9c]
Dealt to 48de5afc 
Hero: folds
48de5afc: folds
b40a6c6: raises $0.08 to $0.13
2bdf5be1: calls $0.13
2e1ac878: folds
c2bcfed4: folds
*** FLOP *** [6h Ac Qc]
b40a6c6: bets $0.12
2bdf5be1: calls $0.12
*** TURN *** [6h Ac Qc] [Ks]
b40a6c6: checks
2bdf5be1: bets $0.19
b40a6c6: calls $0.19
*** RIVER *** [6h Ac Qc Ks] [2s]
b40a6c6: checks
2bdf5be1: bets $0.32
b40a6c6: raises $3.98 to $4.3 and is all-in
2bdf5be1: calls $1.28 and is all-in
Uncalled bet ($2.7) returned to b40a6c6
b40a6c6: shows [Jd Ts] (Aces-High Straight)
2bdf5be1: shows [6c As] (Pair of Aces and Pair of Sixes)
*** SHOWDOWN ***
b40a6c6 collected $3.9 from pot
*** SUMMARY ***
Total pot $4.15 | Rake $0.2 | Jackpot $0.05 | Bingo $0 | Fortune $0
Board [6h Ac Qc Ks 2s]
Seat 1: b40a6c6 showed [Jd Ts] and won ($3.9) with Aces-High Straight
Seat 2: 2bdf5be1 (button) showed [6c As] and lost with Pair of Aces and Pair of Sixes
Seat 3: 2e1ac878 (small blind) folded before Flop
Seat 4: c2bcfed4 (big blind) folded before Flop
Seat 5: Hero folded before Flop (didn't bet)
Seat 6: 48de5afc folded before Flop (didn't bet)


Poker Hand #HD1175430538: Hold'em No Limit  ($0.02/$0.05) - 2023/03/25 15:58:27
Table 'NLHBlue114' 6-max Seat #1 is the button
Seat 1: b40a6c6 ($4.67 in chips)
Seat 2: 2bdf5be1 ($2.06 in chips)
Seat 3: 2e1ac878 ($1.07 in chips)
Seat 4: c2bcfed4 ($5.14 in chips)
Seat 5: Hero ($5.13 in chips)
Seat 6: 48de5afc ($2.42 in chips)
2bdf5be1: posts small blind $0.02
2e1ac878: posts big blind $0.05
*** HOLE CARDS ***
Dealt to b40a6c6 
Dealt to 2bdf5be1 
Dealt to 2e1ac878 
Dealt to c2bcfed4 
Dealt to Hero [Qh Js]
Dealt to 48de5afc 
c2bcfed4: folds
Hero: folds
48de5afc: folds
b40a6c6: raises $0.08 to $0.13
2bdf5be1: folds
2e1ac878: folds
Uncalled bet ($0.08) returned to b40a6c6
*** SHOWDOWN ***
b40a6c6 collected $0.12 from pot
*** SUMMARY ***
Total pot $0.12 | Rake $0 | Jackpot $0 | Bingo $0 | Fortune $0
Seat 1: b40a6c6 (button) collected ($0.12)
Seat 2: 2bdf5be1 (small blind) folded before Flop
Seat 3: 2e1ac878 (big blind) folded before Flop
Seat 4: c2bcfed4 folded before Flop (didn't bet)
Seat 5: Hero folded before Flop (didn't bet)
Seat 6: 48de5afc folded before Flop (didn't bet)


Poker Hand #HD1175430450: Hold'em No Limit  ($0.02/$0.05) - 2023/03/25 15:57:48
Table 'NLHBlue114' 6-max Seat #6 is the button
Seat 1: b40a6c6 ($4.69 in chips)
Seat 2: 2bdf5be1 ($2.18 in chips)
Seat 3: 2e1ac878 ($1.07 in chips)
Seat 4: c2bcfed4 ($5.14 in chips)
Seat 5: Hero ($5 in chips)
Seat 6: 48de5afc ($2.42 in chips)
b40a6c6: posts small blind $0.02
2bdf5be1: posts big blind $0.05
*** HOLE CARDS ***
Dealt to b40a6c6 
Dealt to 2bdf5be1 
Dealt to 2e1ac878 
Dealt to c2bcfed4 
Dealt to Hero [Ts Td]
Dealt to 48de5afc 
2e1ac878: folds
c2bcfed4: folds
Hero: raises $0.07 to $0.12
48de5afc: folds
b40a6c6: folds
2bdf5be1: calls $0.07
*** FLOP *** [3c Kd Ac]
2bdf5be1: checks
Hero: bets $0.1
2bdf5be1: folds
Uncalled bet ($0.1) returned to Hero
*** SHOWDOWN ***
Hero collected $0.25 from pot
*** SUMMARY ***
Total pot $0.26 | Rake $0.01 | Jackpot $0 | Bingo $0 | Fortune $0
Board [3c Kd Ac]
Seat 1: b40a6c6 (small blind) folded before Flop
Seat 2: 2bdf5be1 (big blind) folded on the Flop
Seat 3: 2e1ac878 folded before Flop (didn't bet)
Seat 4: c2bcfed4 folded before Flop (didn't bet)
Seat 5: Hero won ($0.25)
Seat 6: 48de5afc (button) folded before Flop (didn't bet)


Poker Hand #HD1175430390: Hold'em No Limit  ($0.02/$0.05) - 2023/03/25 15:57:27
Table 'NLHBlue114' 6-max Seat #5 is the button
Seat 1: b40a6c6 ($4.74 in chips)
Seat 2: 2bdf5be1 ($2.11 in chips)
Seat 3: 2e1ac878 ($1.07 in chips)
Seat 4: c2bcfed4 ($5.14 in chips)
Seat 5: Hero ($5 in chips)
Seat 6: 48de5afc ($2.44 in chips)
48de5afc: posts small blind $0.02
b40a6c6: posts big blind $0.05
*** HOLE CARDS ***
Dealt to b40a6c6 
Dealt to 2bdf5be1 
Dealt to 2e1ac878 
Dealt to c2bcfed4 
Dealt to Hero [8c 2c]
Dealt to 48de5afc 
2bdf5be1: calls $0.05
2e1ac878: folds
c2bcfed4: folds
Hero: folds
48de5afc: folds
b40a6c6: checks
*** FLOP *** [9h 3s 7s]
b40a6c6: checks
2bdf5be1: bets $0.06
b40a6c6: folds
Uncalled bet ($0.06) returned to 2bdf5be1
*** SHOWDOWN ***
2bdf5be1 collected $0.12 from pot
*** SUMMARY ***
Total pot $0.12 | Rake $0 | Jackpot $0 | Bingo $0 | Fortune $0
Board [9h 3s 7s]
Seat 1: b40a6c6 (big blind) folded on the Flop
Seat 2: 2bdf5be1 won ($0.12)
Seat 3: 2e1ac878 folded before Flop (didn't bet)
Seat 4: c2bcfed4 folded before Flop (didn't bet)
Seat 5: Hero (button) folded before Flop (didn't bet)
Seat 6: 48de5afc (small blind) folded before Flop


Poker Hand #HD1175430337: Hold'em No Limit  ($0.02/$0.05) - 2023/03/25 15:57:06
Table 'NLHBlue114' 6-max Seat #4 is the button
Seat 1: b40a6c6 ($4.74 in chips)
Seat 2: 2bdf5be1 ($2.11 in chips)
Seat 3: 2e1ac878 ($1 in chips)
Seat 4: c2bcfed4 ($5.14 in chips)
Seat 5: Hero ($5 in chips)
Seat 6: 48de5afc ($2.49 in chips)
Hero: posts small blind $0.02
48de5afc: posts big blind $0.05
2e1ac878: posts big blind $0.05
*** HOLE CARDS ***
Dealt to b40a6c6 
Dealt to 2bdf5be1 
Dealt to 2e1ac878 
Dealt to c2bcfed4 
Dealt to Hero [7d 6d]
Dealt to 48de5afc 
b40a6c6: folds
2bdf5be1: folds
2e1ac878: raises $0.95 to $1 and is all-in
c2bcfed4: folds
Hero: folds
48de5afc: folds
Uncalled bet ($0.95) returned to 2e1ac878
*** SHOWDOWN ***
2e1ac878 collected $0.12 from pot
*** SUMMARY ***
Total pot $0.12 | Rake $0 | Jackpot $0 | Bingo $0 | Fortune $0
Seat 1: b40a6c6 folded before Flop (didn't bet)
Seat 2: 2bdf5be1 folded before Flop (didn't bet)
Seat 3: 2e1ac878 collected ($0.12)
Seat 4: c2bcfed4 (button) folded before Flop (didn't bet)
Seat 5: Hero (small blind) folded before Flop
Seat 6: 48de5afc (big blind) folded before Flop


Poker Hand #HD1175430252: Hold'em No Limit  ($0.02/$0.05) - 2023/03/25 15:56:34
Table 'NLHBlue114' 6-max Seat #2 is the button
Seat 1: b40a6c6 ($4.74 in chips)
Seat 2: 2bdf5be1 ($2.11 in chips)
Seat 4: c2bcfed4 ($5 in chips)
Seat 5: Hero ($5 in chips)
Seat 6: 48de5afc ($2.49 in chips)
c2bcfed4: posts small blind $0.02
Hero: posts big blind $0.05
*** HOLE CARDS ***
Dealt to b40a6c6 
Dealt to 2bdf5be1 
Dealt to c2bcfed4 
Dealt to Hero [Jd 5d]
Dealt to 48de5afc 
48de5afc: folds
b40a6c6: folds
2bdf5be1: folds
c2bcfed4: raises $0.1 to $0.15
Hero: calls $0.1
*** FLOP *** [2d Qh 7s]
c2bcfed4: bets $0.1
Hero: folds
Uncalled bet ($0.1) returned to c2bcfed4
*** SHOWDOWN ***
c2bcfed4 collected $0.29 from pot
*** SUMMARY ***
Total pot $0.3 | Rake $0.01 | Jackpot $0 | Bingo $0 | Fortune $0
Board [2d Qh 7s]
Seat 1: b40a6c6 folded before Flop (didn't bet)
Seat 2: 2bdf5be1 (button) folded before Flop (didn't bet)
Seat 4: c2bcfed4 (small blind) won ($0.29)
Seat 5: Hero (big blind) folded on the Flop
Seat 6: 48de5afc folded before Flop (didn't bet)


