Poker Hand #HD1161814419: Hold'em No Limit  ($0.02/$0.05) - 2023/03/15 22:48:41
Table 'NLHBlue57' 6-max Seat #1 is the button
Seat 1: d94b69ea ($5.43 in chips)
Seat 2: e34cdeab ($6.89 in chips)
Seat 3: 450d2ed5 ($4.08 in chips)
Seat 4: Hero ($5.98 in chips)
Seat 5: 36432548 ($6.4 in chips)
Seat 6: 4cc9e855 ($8.37 in chips)
e34cdeab: posts small blind $0.02
450d2ed5: posts big blind $0.05
*** HOLE CARDS ***
Dealt to d94b69ea 
Dealt to e34cdeab 
Dealt to 450d2ed5 
Dealt to Hero [3h Qs]
Dealt to 36432548 
Dealt to 4cc9e855 
Hero: folds
36432548: raises $0.11 to $0.16
4cc9e855: folds
d94b69ea: folds
e34cdeab: folds
450d2ed5: calls $0.11
*** FLOP *** [5h 6h Jd]
450d2ed5: checks
36432548: bets $0.14
450d2ed5: calls $0.14
*** TURN *** [5h 6h Jd] [8d]
450d2ed5: bets $0.25
36432548: calls $0.25
*** RIVER *** [5h 6h Jd 8d] [5d]
450d2ed5: bets $0.45
36432548: calls $0.45
450d2ed5: shows [4h Qd] (Pair of Fives)
36432548: shows [Ad Jc] (Pair of Jacks and Pair of Fives)
*** SHOWDOWN ***
36432548 collected $1.88 from pot
*** SUMMARY ***
Total pot $2.02 | Rake $0.09 | Jackpot $0.05 | Bingo $0 | Fortune $0
Board [5h 6h Jd 8d 5d]
Seat 1: d94b69ea (button) folded before Flop (didn't bet)
Seat 2: e34cdeab (small blind) folded before Flop
Seat 3: 450d2ed5 (big blind) showed [4h Qd] and lost with Pair of Fives
Seat 4: Hero folded before Flop (didn't bet)
Seat 5: 36432548 showed [Ad Jc] and won ($1.88) with Pair of Jacks and Pair of Fives
Seat 6: 4cc9e855 folded before Flop (didn't bet)


Poker Hand #HD1161814349: Hold'em No Limit  ($0.02/$0.05) - 2023/03/15 22:47:56
Table 'NLHBlue57' 6-max Seat #6 is the button
Seat 1: d94b69ea ($5.45 in chips)
Seat 2: e34cdeab ($6.94 in chips)
Seat 3: 450d2ed5 ($5 in chips)
Seat 4: Hero ($5.13 in chips)
Seat 5: 36432548 ($6.4 in chips)
Seat 6: 4cc9e855 ($8.37 in chips)
d94b69ea: posts small blind $0.02
e34cdeab: posts big blind $0.05
*** HOLE CARDS ***
Dealt to d94b69ea 
Dealt to e34cdeab 
Dealt to 450d2ed5 
Dealt to Hero [Th Ts]
Dealt to 36432548 
Dealt to 4cc9e855 
450d2ed5: raises $0.1 to $0.15
Hero: raises $0.29 to $0.44
36432548: folds
4cc9e855: folds
d94b69ea: folds
e34cdeab: folds
450d2ed5: calls $0.29
*** FLOP *** [2d Jd 3h]
450d2ed5: checks
Hero: bets $0.48
450d2ed5: calls $0.48
*** TURN *** [2d Jd 3h] [Tc]
450d2ed5: checks
Hero: bets $1.44
450d2ed5: folds
Uncalled bet ($1.44) returned to Hero
*** SHOWDOWN ***
Hero collected $1.77 from pot
*** SUMMARY ***
Total pot $1.91 | Rake $0.09 | Jackpot $0.05 | Bingo $0 | Fortune $0
Board [2d Jd 3h Tc]
Seat 1: d94b69ea (small blind) folded before Flop
Seat 2: e34cdeab (big blind) folded before Flop
Seat 3: 450d2ed5 folded on the Turn
Seat 4: Hero won ($1.77)
Seat 5: 36432548 folded before Flop (didn't bet)
Seat 6: 4cc9e855 (button) folded before Flop (didn't bet)


Poker Hand #HD1161814256: Hold'em No Limit  ($0.02/$0.05) - 2023/03/15 22:46:59
Table 'NLHBlue57' 6-max Seat #5 is the button
Seat 1: d94b69ea ($5.5 in chips)
Seat 2: e34cdeab ($7.06 in chips)
Seat 3: 450d2ed5 ($2.15 in chips)
Seat 4: Hero ($5.13 in chips)
Seat 5: 36432548 ($4.33 in chips)
Seat 6: 4cc9e855 ($8.39 in chips)
4cc9e855: posts small blind $0.02
d94b69ea: posts big blind $0.05
*** HOLE CARDS ***
Dealt to d94b69ea 
Dealt to e34cdeab 
Dealt to 450d2ed5 
Dealt to Hero [4h Jh]
Dealt to 36432548 
Dealt to 4cc9e855 
e34cdeab: raises $0.07 to $0.12
450d2ed5: calls $0.12
Hero: folds
36432548: raises $0.44 to $0.56
4cc9e855: folds
d94b69ea: folds
e34cdeab: folds
450d2ed5: calls $0.44
*** FLOP *** [4d Kd 8d]
450d2ed5: checks
36432548: bets $0.7
450d2ed5: raises $0.89 to $1.59 and is all-in
36432548: calls $0.89
450d2ed5: shows [Qc 9h] (King-High)
36432548: shows [Ah Ks] (Pair of Kings)
*** TURN *** [4d Kd 8d] [5c]
*** RIVER *** [4d Kd 8d 5c] [Kc]
*** SHOWDOWN ***
36432548 collected $4.22 from pot
*** SUMMARY ***
Total pot $4.49 | Rake $0.22 | Jackpot $0.05 | Bingo $0 | Fortune $0
Board [4d Kd 8d 5c Kc]
Seat 1: d94b69ea (big blind) folded before Flop
Seat 2: e34cdeab folded before Flop
Seat 3: 450d2ed5 showed [Qc 9h] and lost with Pair of Kings
Seat 4: Hero folded before Flop (didn't bet)
Seat 5: 36432548 (button) showed [Ah Ks] and won ($4.22) with Three Kings
Seat 6: 4cc9e855 (small blind) folded before Flop


Poker Hand #HD1161814230: Hold'em No Limit  ($0.02/$0.05) - 2023/03/15 22:46:44
Table 'NLHBlue57' 6-max Seat #4 is the button
Seat 1: d94b69ea ($5.5 in chips)
Seat 2: e34cdeab ($6.99 in chips)
Seat 3: 450d2ed5 ($2.15 in chips)
Seat 4: Hero ($5.13 in chips)
Seat 5: 36432548 ($4.35 in chips)
Seat 6: 4cc9e855 ($8.44 in chips)
36432548: posts small blind $0.02
4cc9e855: posts big blind $0.05
*** HOLE CARDS ***
Dealt to d94b69ea 
Dealt to e34cdeab 
Dealt to 450d2ed5 
Dealt to Hero [6c Qc]
Dealt to 36432548 
Dealt to 4cc9e855 
d94b69ea: folds
e34cdeab: raises $0.07 to $0.12
450d2ed5: folds
Hero: folds
36432548: folds
4cc9e855: folds
Uncalled bet ($0.07) returned to e34cdeab
*** SHOWDOWN ***
e34cdeab collected $0.12 from pot
*** SUMMARY ***
Total pot $0.12 | Rake $0 | Jackpot $0 | Bingo $0 | Fortune $0
Seat 1: d94b69ea folded before Flop (didn't bet)
Seat 2: e34cdeab collected ($0.12)
Seat 3: 450d2ed5 folded before Flop (didn't bet)
Seat 4: Hero (button) folded before Flop (didn't bet)
Seat 5: 36432548 (small blind) folded before Flop
Seat 6: 4cc9e855 (big blind) folded before Flop


Poker Hand #HD1161814187: Hold'em No Limit  ($0.02/$0.05) - 2023/03/15 22:46:17
Table 'NLHBlue57' 6-max Seat #3 is the button
Seat 1: d94b69ea ($5.5 in chips)
Seat 2: e34cdeab ($6.99 in chips)
Seat 3: 450d2ed5 ($2.08 in chips)
Seat 4: Hero ($5.15 in chips)
Seat 5: 36432548 ($4.4 in chips)
Seat 6: 4cc9e855 ($8.44 in chips)
Hero: posts small blind $0.02
36432548: posts big blind $0.05
*** HOLE CARDS ***
Dealt to d94b69ea 
Dealt to e34cdeab 
Dealt to 450d2ed5 
Dealt to Hero [2s 7d]
Dealt to 36432548 
Dealt to 4cc9e855 
4cc9e855: folds
d94b69ea: folds
e34cdeab: folds
450d2ed5: raises $0.05 to $0.1
Hero: folds
36432548: folds
Uncalled bet ($0.05) returned to 450d2ed5
*** SHOWDOWN ***
450d2ed5 collected $0.12 from pot
*** SUMMARY ***
Total pot $0.12 | Rake $0 | Jackpot $0 | Bingo $0 | Fortune $0
Seat 1: d94b69ea folded before Flop (didn't bet)
Seat 2: e34cdeab folded before Flop (didn't bet)
Seat 3: 450d2ed5 (button) collected ($0.12)
Seat 4: Hero (small blind) folded before Flop
Seat 5: 36432548 (big blind) folded before Flop
Seat 6: 4cc9e855 folded before Flop (didn't bet)


Poker Hand #HD1161814136: Hold'em No Limit  ($0.02/$0.05) - 2023/03/15 22:45:43
Table 'NLHBlue57' 6-max Seat #2 is the button
Seat 1: d94b69ea ($5.5 in chips)
Seat 2: e34cdeab ($7.11 in chips)
Seat 3: 450d2ed5 ($1.92 in chips)
Seat 4: Hero ($5.2 in chips)
Seat 5: 36432548 ($4.4 in chips)
Seat 6: 4cc9e855 ($8.44 in chips)
450d2ed5: posts small blind $0.02
Hero: posts big blind $0.05
*** HOLE CARDS ***
Dealt to d94b69ea 
Dealt to e34cdeab 
Dealt to 450d2ed5 
Dealt to Hero [Kh 7c]
Dealt to 36432548 
Dealt to 4cc9e855 
36432548: folds
4cc9e855: folds
d94b69ea: folds
e34cdeab: raises $0.07 to $0.12
450d2ed5: calls $0.1
Hero: folds
*** FLOP *** [9h 3d As]
450d2ed5: bets $0.15
e34cdeab: folds
Uncalled bet ($0.15) returned to 450d2ed5
*** SHOWDOWN ***
450d2ed5 collected $0.28 from pot
*** SUMMARY ***
Total pot $0.29 | Rake $0.01 | Jackpot $0 | Bingo $0 | Fortune $0
Board [9h 3d As]
Seat 1: d94b69ea folded before Flop (didn't bet)
Seat 2: e34cdeab (button) folded on the Flop
Seat 3: 450d2ed5 (small blind) won ($0.28)
Seat 4: Hero (big blind) folded before Flop
Seat 5: 36432548 folded before Flop (didn't bet)
Seat 6: 4cc9e855 folded before Flop (didn't bet)


Poker Hand #HD1161814078: Hold'em No Limit  ($0.02/$0.05) - 2023/03/15 22:45:03
Table 'NLHBlue57' 6-max Seat #1 is the button
Seat 1: d94b69ea ($5.5 in chips)
Seat 2: e34cdeab ($6.35 in chips)
Seat 3: 450d2ed5 ($2.81 in chips)
Seat 4: Hero ($5.2 in chips)
Seat 5: 36432548 ($4.4 in chips)
Seat 6: 4cc9e855 ($8.44 in chips)
e34cdeab: posts small blind $0.02
450d2ed5: posts big blind $0.05
*** HOLE CARDS ***
Dealt to d94b69ea 
Dealt to e34cdeab 
Dealt to 450d2ed5 
Dealt to Hero [3c 8s]
Dealt to 36432548 
Dealt to 4cc9e855 
Hero: folds
36432548: folds
4cc9e855: folds
d94b69ea: folds
e34cdeab: raises $0.1 to $0.15
450d2ed5: calls $0.1
*** FLOP *** [2h 7h 8h]
e34cdeab: checks
450d2ed5: bets $0.12
e34cdeab: calls $0.12
*** TURN *** [2h 7h 8h] [7c]
e34cdeab: checks
450d2ed5: bets $0.22
e34cdeab: calls $0.22
*** RIVER *** [2h 7h 8h 7c] [5s]
e34cdeab: checks
450d2ed5: bets $0.4
e34cdeab: calls $0.4
450d2ed5: shows [2d Qh] (Pair of Sevens and Pair of Twos)
e34cdeab: shows [4c 8c] (Pair of Eights and Pair of Sevens)
*** SHOWDOWN ***
e34cdeab collected $1.65 from pot
*** SUMMARY ***
Total pot $1.78 | Rake $0.08 | Jackpot $0.05 | Bingo $0 | Fortune $0
Board [2h 7h 8h 7c 5s]
Seat 1: d94b69ea (button) folded before Flop (didn't bet)
Seat 2: e34cdeab (small blind) showed [4c 8c] and won ($1.65) with Pair of Eights and Pair of Sevens
Seat 3: 450d2ed5 (big blind) showed [2d Qh] and lost with Pair of Sevens and Pair of Twos
Seat 4: Hero folded before Flop (didn't bet)
Seat 5: 36432548 folded before Flop (didn't bet)
Seat 6: 4cc9e855 folded before Flop (didn't bet)


Poker Hand #HD1161814054: Hold'em No Limit  ($0.02/$0.05) - 2023/03/15 22:44:49
Table 'NLHBlue57' 6-max Seat #6 is the button
Seat 1: d94b69ea ($5.52 in chips)
Seat 2: e34cdeab ($6.4 in chips)
Seat 3: 450d2ed5 ($2.74 in chips)
Seat 4: Hero ($5.2 in chips)
Seat 5: 36432548 ($4.4 in chips)
Seat 6: 4cc9e855 ($8.44 in chips)
d94b69ea: posts small blind $0.02
e34cdeab: posts big blind $0.05
*** HOLE CARDS ***
Dealt to d94b69ea 
Dealt to e34cdeab 
Dealt to 450d2ed5 
Dealt to Hero [Ts 3h]
Dealt to 36432548 
Dealt to 4cc9e855 
450d2ed5: raises $0.05 to $0.1
Hero: folds
36432548: folds
4cc9e855: folds
d94b69ea: folds
e34cdeab: folds
Uncalled bet ($0.05) returned to 450d2ed5
*** SHOWDOWN ***
450d2ed5 collected $0.12 from pot
*** SUMMARY ***
Total pot $0.12 | Rake $0 | Jackpot $0 | Bingo $0 | Fortune $0
Seat 1: d94b69ea (small blind) folded before Flop
Seat 2: e34cdeab (big blind) folded before Flop
Seat 3: 450d2ed5 collected ($0.12)
Seat 4: Hero folded before Flop (didn't bet)
Seat 5: 36432548 folded before Flop (didn't bet)
Seat 6: 4cc9e855 (button) folded before Flop (didn't bet)


Poker Hand #HD1161814006: Hold'em No Limit  ($0.02/$0.05) - 2023/03/15 22:44:19
Table 'NLHBlue57' 6-max Seat #5 is the button
Seat 1: d94b69ea ($5.57 in chips)
Seat 2: e34cdeab ($6.4 in chips)
Seat 3: 450d2ed5 ($2.67 in chips)
Seat 4: Hero ($5.2 in chips)
Seat 5: 36432548 ($4.4 in chips)
Seat 6: 4cc9e855 ($8.46 in chips)
4cc9e855: posts small blind $0.02
d94b69ea: posts big blind $0.05
*** HOLE CARDS ***
Dealt to d94b69ea 
Dealt to e34cdeab 
Dealt to 450d2ed5 
Dealt to Hero [Ad 7c]
Dealt to 36432548 
Dealt to 4cc9e855 
e34cdeab: folds
450d2ed5: raises $0.05 to $0.1
Hero: folds
36432548: folds
4cc9e855: folds
d94b69ea: folds
Uncalled bet ($0.05) returned to 450d2ed5
*** SHOWDOWN ***
450d2ed5 collected $0.12 from pot
*** SUMMARY ***
Total pot $0.12 | Rake $0 | Jackpot $0 | Bingo $0 | Fortune $0
Seat 1: d94b69ea (big blind) folded before Flop
Seat 2: e34cdeab folded before Flop (didn't bet)
Seat 3: 450d2ed5 collected ($0.12)
Seat 4: Hero folded before Flop (didn't bet)
Seat 5: 36432548 (button) folded before Flop (didn't bet)
Seat 6: 4cc9e855 (small blind) folded before Flop


Poker Hand #HD1161813974: Hold'em No Limit  ($0.02/$0.05) - 2023/03/15 22:43:57
Table 'NLHBlue57' 6-max Seat #4 is the button
Seat 1: d94b69ea ($5.57 in chips)
Seat 2: e34cdeab ($6.51 in chips)
Seat 3: 450d2ed5 ($2.5 in chips)
Seat 4: Hero ($5.2 in chips)
Seat 5: 36432548 ($4.42 in chips)
Seat 6: 4cc9e855 ($8.51 in chips)
36432548: posts small blind $0.02
4cc9e855: posts big blind $0.05
450d2ed5: posts big blind $0.05
*** HOLE CARDS ***
Dealt to d94b69ea 
Dealt to e34cdeab 
Dealt to 450d2ed5 
Dealt to Hero [5c 9s]
Dealt to 36432548 
Dealt to 4cc9e855 
d94b69ea: folds
e34cdeab: raises $0.06 to $0.11
450d2ed5: calls $0.06
Hero: folds
36432548: folds
4cc9e855: folds
*** FLOP *** [Jd Td 2d]
e34cdeab: checks
450d2ed5: bets $0.12
e34cdeab: folds
Uncalled bet ($0.12) returned to 450d2ed5
*** SHOWDOWN ***
450d2ed5 collected $0.28 from pot
*** SUMMARY ***
Total pot $0.29 | Rake $0.01 | Jackpot $0 | Bingo $0 | Fortune $0
Board [Jd Td 2d]
Seat 1: d94b69ea folded before Flop (didn't bet)
Seat 2: e34cdeab folded on the Flop
Seat 3: 450d2ed5 won ($0.28)
Seat 4: Hero (button) folded before Flop (didn't bet)
Seat 5: 36432548 (small blind) folded before Flop
Seat 6: 4cc9e855 (big blind) folded before Flop


Poker Hand #HD1161813889: Hold'em No Limit  ($0.02/$0.05) - 2023/03/15 22:43:01
Table 'NLHBlue57' 6-max Seat #2 is the button
Seat 1: d94b69ea ($5.57 in chips)
Seat 2: e34cdeab ($6.51 in chips)
Seat 4: Hero ($5 in chips)
Seat 5: 36432548 ($4.64 in chips)
Seat 6: 4cc9e855 ($8.51 in chips)
Hero: posts small blind $0.02
36432548: posts big blind $0.05
*** HOLE CARDS ***
Dealt to d94b69ea 
Dealt to e34cdeab 
Dealt to Hero [7h Ac]
Dealt to 36432548 
Dealt to 4cc9e855 
4cc9e855: folds
d94b69ea: folds
e34cdeab: folds
Hero: raises $0.09 to $0.14
36432548: calls $0.09
*** FLOP *** [4c Kc 2s]
Hero: checks
36432548: bets $0.08
Hero: calls $0.08
*** TURN *** [4c Kc 2s] [6c]
Hero: bets $0.22
36432548: folds
Uncalled bet ($0.22) returned to Hero
*** SHOWDOWN ***
Hero collected $0.42 from pot
*** SUMMARY ***
Total pot $0.44 | Rake $0.02 | Jackpot $0 | Bingo $0 | Fortune $0
Board [4c Kc 2s 6c]
Seat 1: d94b69ea folded before Flop (didn't bet)
Seat 2: e34cdeab (button) folded before Flop (didn't bet)
Seat 4: Hero (small blind) won ($0.42)
Seat 5: 36432548 (big blind) folded on the Turn
Seat 6: 4cc9e855 folded before Flop (didn't bet)


Poker Hand #HD1161813865: Hold'em No Limit  ($0.02/$0.05) - 2023/03/15 22:42:48
Table 'NLHBlue57' 6-max Seat #1 is the button
Seat 1: d94b69ea ($5.57 in chips)
Seat 2: e34cdeab ($6.53 in chips)
Seat 4: Hero ($5.03 in chips)
Seat 5: 36432548 ($4.57 in chips)
Seat 6: 4cc9e855 ($8.51 in chips)
e34cdeab: posts small blind $0.02
Hero: posts big blind $0.05
*** HOLE CARDS ***
Dealt to d94b69ea 
Dealt to e34cdeab 
Dealt to Hero [3c 2d]
Dealt to 36432548 
Dealt to 4cc9e855 
36432548: raises $0.09 to $0.14
4cc9e855: folds
d94b69ea: folds
e34cdeab: folds
Hero: folds
Uncalled bet ($0.09) returned to 36432548
*** SHOWDOWN ***
36432548 collected $0.12 from pot
*** SUMMARY ***
Total pot $0.12 | Rake $0 | Jackpot $0 | Bingo $0 | Fortune $0
Seat 1: d94b69ea (button) folded before Flop (didn't bet)
Seat 2: e34cdeab (small blind) folded before Flop
Seat 4: Hero (big blind) folded before Flop
Seat 5: 36432548 collected ($0.12)
Seat 6: 4cc9e855 folded before Flop (didn't bet)


Poker Hand #HD1161813806: Hold'em No Limit  ($0.02/$0.05) - 2023/03/15 22:42:16
Table 'NLHBlue57' 6-max Seat #6 is the button
Seat 1: d94b69ea ($5 in chips)
Seat 2: e34cdeab ($7.16 in chips)
Seat 4: Hero ($5.03 in chips)
Seat 5: 36432548 ($4.57 in chips)
Seat 6: 4cc9e855 ($8.51 in chips)
d94b69ea: posts small blind $0.02
e34cdeab: posts big blind $0.05
*** HOLE CARDS ***
Dealt to d94b69ea 
Dealt to e34cdeab 
Dealt to Hero [Jc 6h]
Dealt to 36432548 
Dealt to 4cc9e855 
Hero: folds
36432548: folds
4cc9e855: folds
d94b69ea: raises $0.1 to $0.15
e34cdeab: calls $0.1
*** FLOP *** [9c 2d Ac]
d94b69ea: checks
e34cdeab: bets $0.1
d94b69ea: raises $0.38 to $0.48
e34cdeab: calls $0.38
*** TURN *** [9c 2d Ac] [7d]
d94b69ea: bets $1.26
e34cdeab: folds
Uncalled bet ($1.26) returned to d94b69ea
*** SHOWDOWN ***
d94b69ea collected $1.2 from pot
*** SUMMARY ***
Total pot $1.26 | Rake $0.06 | Jackpot $0 | Bingo $0 | Fortune $0
Board [9c 2d Ac 7d]
Seat 1: d94b69ea (small blind) won ($1.2)
Seat 2: e34cdeab (big blind) folded on the Turn
Seat 4: Hero folded before Flop (didn't bet)
Seat 5: 36432548 folded before Flop (didn't bet)
Seat 6: 4cc9e855 (button) folded before Flop (didn't bet)


Poker Hand #HD1161813785: Hold'em No Limit  ($0.02/$0.05) - 2023/03/15 22:42:02
Table 'NLHBlue57' 6-max Seat #5 is the button
Seat 1: d94b69ea ($5 in chips)
Seat 2: e34cdeab ($7.16 in chips)
Seat 4: Hero ($5.03 in chips)
Seat 5: 36432548 ($4.5 in chips)
Seat 6: 4cc9e855 ($8.53 in chips)
4cc9e855: posts small blind $0.02
d94b69ea: posts big blind $0.05
*** HOLE CARDS ***
Dealt to d94b69ea 
Dealt to e34cdeab 
Dealt to Hero [6s Qd]
Dealt to 36432548 
Dealt to 4cc9e855 
e34cdeab: folds
Hero: folds
36432548: raises $0.09 to $0.14
4cc9e855: folds
d94b69ea: folds
Uncalled bet ($0.09) returned to 36432548
*** SHOWDOWN ***
36432548 collected $0.12 from pot
*** SUMMARY ***
Total pot $0.12 | Rake $0 | Jackpot $0 | Bingo $0 | Fortune $0
Seat 1: d94b69ea (big blind) folded before Flop
Seat 2: e34cdeab folded before Flop (didn't bet)
Seat 4: Hero folded before Flop (didn't bet)
Seat 5: 36432548 (button) collected ($0.12)
Seat 6: 4cc9e855 (small blind) folded before Flop


Poker Hand #HD1161813755: Hold'em No Limit  ($0.02/$0.05) - 2023/03/15 22:41:46
Table 'NLHBlue57' 6-max Seat #4 is the button
Seat 1: d94b69ea ($5 in chips)
Seat 2: e34cdeab ($7.16 in chips)
Seat 4: Hero ($5.03 in chips)
Seat 5: 36432548 ($4.45 in chips)
Seat 6: 4cc9e855 ($8.58 in chips)
36432548: posts small blind $0.02
4cc9e855: posts big blind $0.05
*** HOLE CARDS ***
Dealt to d94b69ea 
Dealt to e34cdeab 
Dealt to Hero [7d 3c]
Dealt to 36432548 
Dealt to 4cc9e855 
d94b69ea: folds
e34cdeab: folds
Hero: folds
36432548: raises $0.09 to $0.14
4cc9e855: folds
Uncalled bet ($0.09) returned to 36432548
*** SHOWDOWN ***
36432548 collected $0.1 from pot
*** SUMMARY ***
Total pot $0.1 | Rake $0 | Jackpot $0 | Bingo $0 | Fortune $0
Seat 1: d94b69ea folded before Flop (didn't bet)
Seat 2: e34cdeab folded before Flop (didn't bet)
Seat 4: Hero (button) folded before Flop (didn't bet)
Seat 5: 36432548 (small blind) collected ($0.1)
Seat 6: 4cc9e855 (big blind) folded before Flop


Poker Hand #HD1161813729: Hold'em No Limit  ($0.02/$0.05) - 2023/03/15 22:41:29
Table 'NLHBlue57' 6-max Seat #2 is the button
Seat 1: d94b69ea ($5 in chips)
Seat 2: e34cdeab ($7.16 in chips)
Seat 4: Hero ($5.05 in chips)
Seat 5: 36432548 ($4.43 in chips)
Seat 6: 4cc9e855 ($8.58 in chips)
Hero: posts small blind $0.02
36432548: posts big blind $0.05
*** HOLE CARDS ***
Dealt to d94b69ea 
Dealt to e34cdeab 
Dealt to Hero [2h Th]
Dealt to 36432548 
Dealt to 4cc9e855 
4cc9e855: folds
d94b69ea: folds
e34cdeab: folds
Hero: folds
Uncalled bet ($0.03) returned to 36432548
*** SHOWDOWN ***
36432548 collected $0.04 from pot
*** SUMMARY ***
Total pot $0.04 | Rake $0 | Jackpot $0 | Bingo $0 | Fortune $0
Seat 1: d94b69ea folded before Flop (didn't bet)
Seat 2: e34cdeab (button) folded before Flop (didn't bet)
Seat 4: Hero (small blind) folded before Flop
Seat 5: 36432548 (big blind) collected ($0.04)
Seat 6: 4cc9e855 folded before Flop (didn't bet)


Poker Hand #HD1161813699: Hold'em No Limit  ($0.02/$0.05) - 2023/03/15 22:41:11
Table 'NLHBlue57' 6-max Seat #1 is the button
Seat 1: d94b69ea ($5 in chips)
Seat 2: e34cdeab ($7.11 in chips)
Seat 4: Hero ($5 in chips)
Seat 5: 36432548 ($4.43 in chips)
Seat 6: 4cc9e855 ($8.58 in chips)
e34cdeab: posts small blind $0.02
Hero: posts big blind $0.05
*** HOLE CARDS ***
Dealt to d94b69ea 
Dealt to e34cdeab 
Dealt to Hero [2h Ks]
Dealt to 36432548 
Dealt to 4cc9e855 
36432548: folds
4cc9e855: folds
d94b69ea: folds
e34cdeab: raises $0.1 to $0.15
Hero: folds
Uncalled bet ($0.1) returned to e34cdeab
*** SHOWDOWN ***
e34cdeab collected $0.1 from pot
*** SUMMARY ***
Total pot $0.1 | Rake $0 | Jackpot $0 | Bingo $0 | Fortune $0
Seat 1: d94b69ea (button) folded before Flop (didn't bet)
Seat 2: e34cdeab (small blind) collected ($0.1)
Seat 4: Hero (big blind) folded before Flop
Seat 5: 36432548 folded before Flop (didn't bet)
Seat 6: 4cc9e855 folded before Flop (didn't bet)


Poker Hand #HD1161813656: Hold'em No Limit  ($0.02/$0.05) - 2023/03/15 22:40:46
Table 'NLHBlue57' 6-max Seat #6 is the button
Seat 1: d94b69ea ($5 in chips)
Seat 2: e34cdeab ($7.16 in chips)
Seat 4: Hero ($5 in chips)
Seat 5: 36432548 ($4.43 in chips)
Seat 6: 4cc9e855 ($8.51 in chips)
d94b69ea: posts small blind $0.02
e34cdeab: posts big blind $0.05
*** HOLE CARDS ***
Dealt to d94b69ea 
Dealt to e34cdeab 
Dealt to Hero [6d 9c]
Dealt to 36432548 
Dealt to 4cc9e855 
Hero: folds
36432548: folds
4cc9e855: raises $0.08 to $0.13
d94b69ea: folds
e34cdeab: folds
Uncalled bet ($0.08) returned to 4cc9e855
*** SHOWDOWN ***
4cc9e855 collected $0.12 from pot
*** SUMMARY ***
Total pot $0.12 | Rake $0 | Jackpot $0 | Bingo $0 | Fortune $0
Seat 1: d94b69ea (small blind) folded before Flop
Seat 2: e34cdeab (big blind) folded before Flop
Seat 4: Hero folded before Flop (didn't bet)
Seat 5: 36432548 folded before Flop (didn't bet)
Seat 6: 4cc9e855 (button) collected ($0.12)


Poker Hand #HD1161813535: Hold'em No Limit  ($0.02/$0.05) - 2023/03/15 22:39:43
Table 'NLHBlue57' 6-max Seat #5 is the button
Seat 1: d94b69ea ($5 in chips)
Seat 2: e34cdeab ($7.16 in chips)
Seat 4: Hero ($5.23 in chips)
Seat 5: 36432548 ($3.8 in chips)
Seat 6: 4cc9e855 ($8.53 in chips)
4cc9e855: posts small blind $0.02
d94b69ea: posts big blind $0.05
*** HOLE CARDS ***
Dealt to d94b69ea 
Dealt to e34cdeab 
Dealt to Hero [Tc As]
Dealt to 36432548 
Dealt to 4cc9e855 
e34cdeab: folds
Hero: raises $0.07 to $0.12
36432548: calls $0.12
4cc9e855: folds
d94b69ea: folds
*** FLOP *** [Qh Ah 5c]
Hero: bets $0.16
36432548: calls $0.16
*** TURN *** [Qh Ah 5c] [3h]
Hero: checks
36432548: bets $0.34
Hero: calls $0.34
*** RIVER *** [Qh Ah 5c 3h] [5h]
Hero: checks
36432548: checks
Hero: shows [Tc As] (Pair of Aces and Pair of Fives)
36432548: shows [Td 5d] (Three Fives)
*** SHOWDOWN ***
36432548 collected $1.25 from pot
*** SUMMARY ***
Total pot $1.31 | Rake $0.06 | Jackpot $0 | Bingo $0 | Fortune $0
Board [Qh Ah 5c 3h 5h]
Seat 1: d94b69ea (big blind) folded before Flop
Seat 2: e34cdeab folded before Flop (didn't bet)
Seat 4: Hero showed [Tc As] and lost with Pair of Aces and Pair of Fives
Seat 5: 36432548 (button) showed [Td 5d] and won ($1.25) with Three Fives
Seat 6: 4cc9e855 (small blind) folded before Flop


Poker Hand #HD1161813459: Hold'em No Limit  ($0.02/$0.05) - 2023/03/15 22:38:50
Table 'NLHBlue57' 6-max Seat #4 is the button
Seat 1: d94b69ea ($5 in chips)
Seat 2: e34cdeab ($7.16 in chips)
Seat 4: Hero ($5.23 in chips)
Seat 5: 36432548 ($4.04 in chips)
Seat 6: 4cc9e855 ($8.31 in chips)
36432548: posts small blind $0.02
4cc9e855: posts big blind $0.05
*** HOLE CARDS ***
Dealt to d94b69ea 
Dealt to e34cdeab 
Dealt to Hero [8s Tc]
Dealt to 36432548 
Dealt to 4cc9e855 
d94b69ea: folds
e34cdeab: folds
Hero: folds
36432548: raises $0.09 to $0.14
4cc9e855: calls $0.09
*** FLOP *** [Qs Ac 6s]
36432548: bets $0.1
4cc9e855: raises $0.4 to $0.5
36432548: folds
Uncalled bet ($0.4) returned to 4cc9e855
*** SHOWDOWN ***
4cc9e855 collected $0.46 from pot
*** SUMMARY ***
Total pot $0.48 | Rake $0.02 | Jackpot $0 | Bingo $0 | Fortune $0
Board [Qs Ac 6s]
Seat 1: d94b69ea folded before Flop (didn't bet)
Seat 2: e34cdeab folded before Flop (didn't bet)
Seat 4: Hero (button) folded before Flop (didn't bet)
Seat 5: 36432548 (small blind) folded on the Flop
Seat 6: 4cc9e855 (big blind) won ($0.46)


Poker Hand #HD1161813441: Hold'em No Limit  ($0.02/$0.05) - 2023/03/15 22:38:38
Table 'NLHBlue57' 6-max Seat #2 is the button
Seat 1: d94b69ea ($5 in chips)
Seat 2: e34cdeab ($7.16 in chips)
Seat 4: Hero ($5.18 in chips)
Seat 5: 36432548 ($4.09 in chips)
Seat 6: 4cc9e855 ($8.31 in chips)
Hero: posts small blind $0.02
36432548: posts big blind $0.05
*** HOLE CARDS ***
Dealt to d94b69ea 
Dealt to e34cdeab 
Dealt to Hero [Ts Qd]
Dealt to 36432548 
Dealt to 4cc9e855 
4cc9e855: folds
d94b69ea: folds
e34cdeab: folds
Hero: raises $0.09 to $0.14
36432548: folds
Uncalled bet ($0.09) returned to Hero
*** SHOWDOWN ***
Hero collected $0.1 from pot
*** SUMMARY ***
Total pot $0.1 | Rake $0 | Jackpot $0 | Bingo $0 | Fortune $0
Seat 1: d94b69ea folded before Flop (didn't bet)
Seat 2: e34cdeab (button) folded before Flop (didn't bet)
Seat 4: Hero (small blind) collected ($0.1)
Seat 5: 36432548 (big blind) folded before Flop
Seat 6: 4cc9e855 folded before Flop (didn't bet)


Poker Hand #HD1161813417: Hold'em No Limit  ($0.02/$0.05) - 2023/03/15 22:38:21
Table 'NLHBlue57' 6-max Seat #1 is the button
Seat 1: d94b69ea ($5 in chips)
Seat 2: e34cdeab ($7.18 in chips)
Seat 4: Hero ($5.23 in chips)
Seat 5: 36432548 ($4.02 in chips)
Seat 6: 4cc9e855 ($8.31 in chips)
e34cdeab: posts small blind $0.02
Hero: posts big blind $0.05
*** HOLE CARDS ***
Dealt to d94b69ea 
Dealt to e34cdeab 
Dealt to Hero [7c 3h]
Dealt to 36432548 
Dealt to 4cc9e855 
36432548: raises $0.09 to $0.14
4cc9e855: folds
d94b69ea: folds
e34cdeab: folds
Hero: folds
Uncalled bet ($0.09) returned to 36432548
*** SHOWDOWN ***
36432548 collected $0.12 from pot
*** SUMMARY ***
Total pot $0.12 | Rake $0 | Jackpot $0 | Bingo $0 | Fortune $0
Seat 1: d94b69ea (button) folded before Flop (didn't bet)
Seat 2: e34cdeab (small blind) folded before Flop
Seat 4: Hero (big blind) folded before Flop
Seat 5: 36432548 collected ($0.12)
Seat 6: 4cc9e855 folded before Flop (didn't bet)


Poker Hand #HD1161813391: Hold'em No Limit  ($0.02/$0.05) - 2023/03/15 22:38:07
Table 'NLHBlue57' 6-max Seat #6 is the button
Seat 1: d94b69ea ($5 in chips)
Seat 2: e34cdeab ($7.23 in chips)
Seat 4: Hero ($5.16 in chips)
Seat 5: 36432548 ($4.02 in chips)
Seat 6: 4cc9e855 ($8.31 in chips)
d94b69ea: posts small blind $0.02
e34cdeab: posts big blind $0.05
*** HOLE CARDS ***
Dealt to d94b69ea 
Dealt to e34cdeab 
Dealt to Hero [9s Qs]
Dealt to 36432548 
Dealt to 4cc9e855 
Hero: raises $0.07 to $0.12
36432548: folds
4cc9e855: folds
d94b69ea: folds
e34cdeab: folds
Uncalled bet ($0.07) returned to Hero
*** SHOWDOWN ***
Hero collected $0.12 from pot
*** SUMMARY ***
Total pot $0.12 | Rake $0 | Jackpot $0 | Bingo $0 | Fortune $0
Seat 1: d94b69ea (small blind) folded before Flop
Seat 2: e34cdeab (big blind) folded before Flop
Seat 4: Hero collected ($0.12)
Seat 5: 36432548 folded before Flop (didn't bet)
Seat 6: 4cc9e855 (button) folded before Flop (didn't bet)


Poker Hand #HD1161813288: Hold'em No Limit  ($0.02/$0.05) - 2023/03/15 22:37:04
Table 'NLHBlue57' 6-max Seat #5 is the button
Seat 1: d94b69ea ($5 in chips)
Seat 2: e34cdeab ($7.23 in chips)
Seat 4: Hero ($5.52 in chips)
Seat 5: 36432548 ($3.63 in chips)
Seat 6: 4cc9e855 ($8.33 in chips)
4cc9e855: posts small blind $0.02
d94b69ea: posts big blind $0.05
*** HOLE CARDS ***
Dealt to d94b69ea 
Dealt to e34cdeab 
Dealt to Hero [Js 8s]
Dealt to 36432548 
Dealt to 4cc9e855 
e34cdeab: folds
Hero: raises $0.07 to $0.12
36432548: calls $0.12
4cc9e855: folds
d94b69ea: folds
*** FLOP *** [9c Td 5c]
Hero: bets $0.24
36432548: calls $0.24
*** TURN *** [9c Td 5c] [4d]
Hero: checks
36432548: checks
*** RIVER *** [9c Td 5c 4d] [2h]
Hero: checks
36432548: checks
Hero: shows [Js 8s] (Jack-High)
36432548: shows [Th 7h] (Pair of Tens)
*** SHOWDOWN ***
36432548 collected $0.75 from pot
*** SUMMARY ***
Total pot $0.79 | Rake $0.04 | Jackpot $0 | Bingo $0 | Fortune $0
Board [9c Td 5c 4d 2h]
Seat 1: d94b69ea (big blind) folded before Flop
Seat 2: e34cdeab folded before Flop (didn't bet)
Seat 4: Hero showed [Js 8s] and lost with Jack-High
Seat 5: 36432548 (button) showed [Th 7h] and won ($0.75) with Pair of Tens
Seat 6: 4cc9e855 (small blind) folded before Flop


Poker Hand #HD1161813250: Hold'em No Limit  ($0.02/$0.05) - 2023/03/15 22:36:40
Table 'NLHBlue57' 6-max Seat #4 is the button
Seat 1: d94b69ea ($5 in chips)
Seat 2: e34cdeab ($7.23 in chips)
Seat 4: Hero ($5.52 in chips)
Seat 5: 36432548 ($3.65 in chips)
Seat 6: 4cc9e855 ($8.31 in chips)
36432548: posts small blind $0.02
4cc9e855: posts big blind $0.05
*** HOLE CARDS ***
Dealt to d94b69ea 
Dealt to e34cdeab 
Dealt to Hero [7h 2s]
Dealt to 36432548 
Dealt to 4cc9e855 
d94b69ea: folds
e34cdeab: folds
Hero: folds
36432548: folds
Uncalled bet ($0.03) returned to 4cc9e855
*** SHOWDOWN ***
4cc9e855 collected $0.04 from pot
*** SUMMARY ***
Total pot $0.04 | Rake $0 | Jackpot $0 | Bingo $0 | Fortune $0
Seat 1: d94b69ea folded before Flop (didn't bet)
Seat 2: e34cdeab folded before Flop (didn't bet)
Seat 4: Hero (button) folded before Flop (didn't bet)
Seat 5: 36432548 (small blind) folded before Flop
Seat 6: 4cc9e855 (big blind) collected ($0.04)


Poker Hand #HD1161813207: Hold'em No Limit  ($0.02/$0.05) - 2023/03/15 22:36:09
Table 'NLHBlue57' 6-max Seat #2 is the button
Seat 1: d94b69ea ($5 in chips)
Seat 2: e34cdeab ($7.23 in chips)
Seat 4: Hero ($5.66 in chips)
Seat 5: 36432548 ($3.52 in chips)
Seat 6: 4cc9e855 ($8.31 in chips)
Hero: posts small blind $0.02
36432548: posts big blind $0.05
*** HOLE CARDS ***
Dealt to d94b69ea 
Dealt to e34cdeab 
Dealt to Hero [5h Qh]
Dealt to 36432548 
Dealt to 4cc9e855 
4cc9e855: folds
d94b69ea: folds
e34cdeab: folds
Hero: raises $0.09 to $0.14
36432548: raises $0.34 to $0.48
Hero: folds
Uncalled bet ($0.34) returned to 36432548
*** SHOWDOWN ***
36432548 collected $0.27 from pot
*** SUMMARY ***
Total pot $0.28 | Rake $0.01 | Jackpot $0 | Bingo $0 | Fortune $0
Seat 1: d94b69ea folded before Flop (didn't bet)
Seat 2: e34cdeab (button) folded before Flop (didn't bet)
Seat 4: Hero (small blind) folded before Flop
Seat 5: 36432548 (big blind) collected ($0.27)
Seat 6: 4cc9e855 folded before Flop (didn't bet)


Poker Hand #HD1161813174: Hold'em No Limit  ($0.02/$0.05) - 2023/03/15 22:35:49
Table 'NLHBlue57' 6-max Seat #1 is the button
Seat 1: d94b69ea ($5 in chips)
Seat 2: e34cdeab ($7.25 in chips)
Seat 4: Hero ($5.71 in chips)
Seat 5: 36432548 ($3.52 in chips)
Seat 6: 4cc9e855 ($8.24 in chips)
e34cdeab: posts small blind $0.02
Hero: posts big blind $0.05
4cc9e855: posts big blind $0.05
4cc9e855: posts missed blind $0.02
*** HOLE CARDS ***
Dealt to d94b69ea 
Dealt to e34cdeab 
Dealt to Hero [7h Kd]
Dealt to 36432548 
Dealt to 4cc9e855 
36432548: folds
4cc9e855: raises $0.1 to $0.15
d94b69ea: folds
e34cdeab: folds
Hero: folds
Uncalled bet ($0.1) returned to 4cc9e855
*** SHOWDOWN ***
4cc9e855 collected $0.14 from pot
*** SUMMARY ***
Total pot $0.14 | Rake $0 | Jackpot $0 | Bingo $0 | Fortune $0
Seat 1: d94b69ea (button) folded before Flop (didn't bet)
Seat 2: e34cdeab (small blind) folded before Flop
Seat 4: Hero (big blind) folded before Flop
Seat 5: 36432548 folded before Flop (didn't bet)
Seat 6: 4cc9e855 collected ($0.14)


Poker Hand #HD1161813139: Hold'em No Limit  ($0.02/$0.05) - 2023/03/15 22:35:30
Table 'NLHBlue57' 6-max Seat #5 is the button
Seat 1: d94b69ea ($5 in chips)
Seat 2: e34cdeab ($7.3 in chips)
Seat 3: c09f2e68 ($5.02 in chips)
Seat 4: Hero ($5.71 in chips)
Seat 5: 36432548 ($3.45 in chips)
d94b69ea: posts small blind $0.02
e34cdeab: posts big blind $0.05
*** HOLE CARDS ***
Dealt to d94b69ea 
Dealt to e34cdeab 
Dealt to c09f2e68 
Dealt to Hero [Ad 7h]
Dealt to 36432548 
c09f2e68: folds
Hero: folds
36432548: raises $0.09 to $0.14
d94b69ea: folds
e34cdeab: folds
Uncalled bet ($0.09) returned to 36432548
*** SHOWDOWN ***
36432548 collected $0.12 from pot
*** SUMMARY ***
Total pot $0.12 | Rake $0 | Jackpot $0 | Bingo $0 | Fortune $0
Seat 1: d94b69ea (small blind) folded before Flop
Seat 2: e34cdeab (big blind) folded before Flop
Seat 3: c09f2e68 folded before Flop (didn't bet)
Seat 4: Hero folded before Flop (didn't bet)
Seat 5: 36432548 (button) collected ($0.12)


Poker Hand #HD1161813016: Hold'em No Limit  ($0.02/$0.05) - 2023/03/15 22:34:20
Table 'NLHBlue57' 6-max Seat #4 is the button
Seat 1: d94b69ea ($5 in chips)
Seat 2: e34cdeab ($7.12 in chips)
Seat 3: c09f2e68 ($5.14 in chips)
Seat 4: Hero ($5.71 in chips)
Seat 5: 36432548 ($3.47 in chips)
36432548: posts small blind $0.02
d94b69ea: posts big blind $0.05
*** HOLE CARDS ***
Dealt to d94b69ea 
Dealt to e34cdeab 
Dealt to c09f2e68 
Dealt to Hero [Kc 4c]
Dealt to 36432548 
e34cdeab: raises $0.07 to $0.12
c09f2e68: calls $0.12
Hero: folds
36432548: folds
d94b69ea: folds
*** FLOP *** [7c 7d Jh]
e34cdeab: checks
c09f2e68: checks
*** TURN *** [7c 7d Jh] [Ac]
e34cdeab: checks
c09f2e68: checks
*** RIVER *** [7c 7d Jh Ac] [5d]
e34cdeab: bets $0.11
c09f2e68: folds
Uncalled bet ($0.11) returned to e34cdeab
*** SHOWDOWN ***
e34cdeab collected $0.3 from pot
*** SUMMARY ***
Total pot $0.31 | Rake $0.01 | Jackpot $0 | Bingo $0 | Fortune $0
Board [7c 7d Jh Ac 5d]
Seat 1: d94b69ea (big blind) folded before Flop
Seat 2: e34cdeab won ($0.3)
Seat 3: c09f2e68 folded on the River
Seat 4: Hero (button) folded before Flop (didn't bet)
Seat 5: 36432548 (small blind) folded before Flop


Poker Hand #HD1161812958: Hold'em No Limit  ($0.02/$0.05) - 2023/03/15 22:33:40
Table 'NLHBlue57' 6-max Seat #3 is the button
Seat 1: d94b69ea ($5 in chips)
Seat 2: e34cdeab ($7.12 in chips)
Seat 3: c09f2e68 ($5 in chips)
Seat 4: Hero ($5.73 in chips)
Seat 5: 36432548 ($3.6 in chips)
Seat 6: 4cc9e855 ($8.24 in chips)
Hero: posts small blind $0.02
36432548: posts big blind $0.05
*** HOLE CARDS ***
Dealt to d94b69ea 
Dealt to e34cdeab 
Dealt to c09f2e68 
Dealt to Hero [3d Jh]
Dealt to 36432548 
Dealt to 4cc9e855 
4cc9e855: folds
d94b69ea: folds
e34cdeab: folds
c09f2e68: raises $0.08 to $0.13
Hero: folds
36432548: calls $0.08
*** FLOP *** [6h 5c Th]
36432548: checks
c09f2e68: bets $0.19
36432548: folds
Uncalled bet ($0.19) returned to c09f2e68
*** SHOWDOWN ***
c09f2e68 collected $0.27 from pot
*** SUMMARY ***
Total pot $0.28 | Rake $0.01 | Jackpot $0 | Bingo $0 | Fortune $0
Board [6h 5c Th]
Seat 1: d94b69ea folded before Flop (didn't bet)
Seat 2: e34cdeab folded before Flop (didn't bet)
Seat 3: c09f2e68 (button) won ($0.27)
Seat 4: Hero (small blind) folded before Flop
Seat 5: 36432548 (big blind) folded on the Flop
Seat 6: 4cc9e855 folded before Flop (didn't bet)


Poker Hand #HD1161812705: Hold'em No Limit  ($0.02/$0.05) - 2023/03/15 22:31:00
Table 'NLHBlue57' 6-max Seat #2 is the button
Seat 1: d94b69ea ($5 in chips)
Seat 2: e34cdeab ($7.12 in chips)
Seat 3: c09f2e68 ($5.94 in chips)
Seat 4: Hero ($5.78 in chips)
Seat 5: 36432548 ($3.6 in chips)
Seat 6: 4cc9e855 ($6.72 in chips)
c09f2e68: posts small blind $0.02
Hero: posts big blind $0.05
*** HOLE CARDS ***
Dealt to d94b69ea 
Dealt to e34cdeab 
Dealt to c09f2e68 
Dealt to Hero [3c 9s]
Dealt to 36432548 
Dealt to 4cc9e855 
36432548: folds
4cc9e855: raises $0.1 to $0.15
d94b69ea: folds
e34cdeab: folds
c09f2e68: raises $0.4 to $0.55
Hero: folds
4cc9e855: calls $0.4
*** FLOP *** [5c 9h 8s]
c09f2e68: bets $0.38
4cc9e855: calls $0.38
*** TURN *** [5c 9h 8s] [Qc]
c09f2e68: checks
4cc9e855: bets $0.75
c09f2e68: calls $0.75
*** RIVER *** [5c 9h 8s Qc] [3s]
c09f2e68: checks
4cc9e855: bets $1.5
c09f2e68: folds
Uncalled bet ($1.5) returned to 4cc9e855
*** SHOWDOWN ***
4cc9e855 collected $3.2 from pot
*** SUMMARY ***
Total pot $3.41 | Rake $0.16 | Jackpot $0.05 | Bingo $0 | Fortune $0
Board [5c 9h 8s Qc 3s]
Seat 1: d94b69ea folded before Flop (didn't bet)
Seat 2: e34cdeab (button) folded before Flop (didn't bet)
Seat 3: c09f2e68 (small blind) folded on the River
Seat 4: Hero (big blind) folded before Flop
Seat 5: 36432548 folded before Flop (didn't bet)
Seat 6: 4cc9e855 won ($3.2)


Poker Hand #HD1161812670: Hold'em No Limit  ($0.02/$0.05) - 2023/03/15 22:30:33
Table 'NLHBlue57' 6-max Seat #1 is the button
Seat 1: d94b69ea ($5 in chips)
Seat 2: e34cdeab ($7.14 in chips)
Seat 3: c09f2e68 ($5.99 in chips)
Seat 4: Hero ($5.78 in chips)
Seat 5: 36432548 ($3.53 in chips)
Seat 6: 4cc9e855 ($6.72 in chips)
e34cdeab: posts small blind $0.02
c09f2e68: posts big blind $0.05
*** HOLE CARDS ***
Dealt to d94b69ea 
Dealt to e34cdeab 
Dealt to c09f2e68 
Dealt to Hero [8c 2d]
Dealt to 36432548 
Dealt to 4cc9e855 
Hero: folds
36432548: raises $0.09 to $0.14
4cc9e855: folds
d94b69ea: folds
e34cdeab: folds
c09f2e68: folds
Uncalled bet ($0.09) returned to 36432548
*** SHOWDOWN ***
36432548 collected $0.12 from pot
*** SUMMARY ***
Total pot $0.12 | Rake $0 | Jackpot $0 | Bingo $0 | Fortune $0
Seat 1: d94b69ea (button) folded before Flop (didn't bet)
Seat 2: e34cdeab (small blind) folded before Flop
Seat 3: c09f2e68 (big blind) folded before Flop
Seat 4: Hero folded before Flop (didn't bet)
Seat 5: 36432548 collected ($0.12)
Seat 6: 4cc9e855 folded before Flop (didn't bet)


Poker Hand #HD1161812595: Hold'em No Limit  ($0.02/$0.05) - 2023/03/15 22:29:49
Table 'NLHBlue57' 6-max Seat #6 is the button
Seat 1: d94b69ea ($5 in chips)
Seat 2: e34cdeab ($7.19 in chips)
Seat 3: c09f2e68 ($5.99 in chips)
Seat 4: Hero ($5.78 in chips)
Seat 5: 36432548 ($3.67 in chips)
Seat 6: 4cc9e855 ($6.52 in chips)
d94b69ea: posts small blind $0.02
e34cdeab: posts big blind $0.05
*** HOLE CARDS ***
Dealt to d94b69ea 
Dealt to e34cdeab 
Dealt to c09f2e68 
Dealt to Hero [Qc 2s]
Dealt to 36432548 
Dealt to 4cc9e855 
c09f2e68: folds
Hero: folds
36432548: raises $0.09 to $0.14
4cc9e855: raises $0.36 to $0.5
d94b69ea: folds
e34cdeab: folds
36432548: folds
Uncalled bet ($0.36) returned to 4cc9e855
*** SHOWDOWN ***
4cc9e855 collected $0.34 from pot
*** SUMMARY ***
Total pot $0.35 | Rake $0.01 | Jackpot $0 | Bingo $0 | Fortune $0
Seat 1: d94b69ea (small blind) folded before Flop
Seat 2: e34cdeab (big blind) folded before Flop
Seat 3: c09f2e68 folded before Flop (didn't bet)
Seat 4: Hero folded before Flop (didn't bet)
Seat 5: 36432548 folded before Flop
Seat 6: 4cc9e855 (button) collected ($0.34)


Poker Hand #HD1161812475: Hold'em No Limit  ($0.02/$0.05) - 2023/03/15 22:28:46
Table 'NLHBlue57' 6-max Seat #5 is the button
Seat 1: d94b69ea ($5 in chips)
Seat 2: e34cdeab ($7.19 in chips)
Seat 3: c09f2e68 ($5.99 in chips)
Seat 4: Hero ($5.65 in chips)
Seat 5: 36432548 ($3.67 in chips)
Seat 6: 4cc9e855 ($6.54 in chips)
4cc9e855: posts small blind $0.02
d94b69ea: posts big blind $0.05
*** HOLE CARDS ***
Dealt to d94b69ea 
Dealt to e34cdeab 
Dealt to c09f2e68 
Dealt to Hero [Qd Kd]
Dealt to 36432548 
Dealt to 4cc9e855 
e34cdeab: folds
c09f2e68: folds
Hero: raises $0.07 to $0.12
36432548: folds
4cc9e855: folds
d94b69ea: calls $0.07
*** FLOP *** [Jc Td 4h]
d94b69ea: checks
Hero: bets $0.2
d94b69ea: folds
Uncalled bet ($0.2) returned to Hero
*** SHOWDOWN ***
Hero collected $0.25 from pot
*** SUMMARY ***
Total pot $0.26 | Rake $0.01 | Jackpot $0 | Bingo $0 | Fortune $0
Board [Jc Td 4h]
Seat 1: d94b69ea (big blind) folded on the Flop
Seat 2: e34cdeab folded before Flop (didn't bet)
Seat 3: c09f2e68 folded before Flop (didn't bet)
Seat 4: Hero won ($0.25)
Seat 5: 36432548 (button) folded before Flop (didn't bet)
Seat 6: 4cc9e855 (small blind) folded before Flop


Poker Hand #HD1161812414: Hold'em No Limit  ($0.02/$0.05) - 2023/03/15 22:28:11
Table 'NLHBlue57' 6-max Seat #4 is the button
Seat 2: e34cdeab ($7.19 in chips)
Seat 3: c09f2e68 ($5.8 in chips)
Seat 4: Hero ($5.78 in chips)
Seat 5: 36432548 ($3.69 in chips)
Seat 6: 4cc9e855 ($6.59 in chips)
36432548: posts small blind $0.02
4cc9e855: posts big blind $0.05
*** HOLE CARDS ***
Dealt to e34cdeab 
Dealt to c09f2e68 
Dealt to Hero [4d 4h]
Dealt to 36432548 
Dealt to 4cc9e855 
e34cdeab: folds
c09f2e68: raises $0.08 to $0.13
Hero: calls $0.13
36432548: folds
4cc9e855: folds
*** FLOP *** [5d Qd Ks]
c09f2e68: bets $0.11
Hero: folds
Uncalled bet ($0.11) returned to c09f2e68
*** SHOWDOWN ***
c09f2e68 collected $0.32 from pot
*** SUMMARY ***
Total pot $0.33 | Rake $0.01 | Jackpot $0 | Bingo $0 | Fortune $0
Board [5d Qd Ks]
Seat 2: e34cdeab folded before Flop (didn't bet)
Seat 3: c09f2e68 won ($0.32)
Seat 4: Hero (button) folded on the Flop
Seat 5: 36432548 (small blind) folded before Flop
Seat 6: 4cc9e855 (big blind) folded before Flop


Poker Hand #HD1161812356: Hold'em No Limit  ($0.02/$0.05) - 2023/03/15 22:27:38
Table 'NLHBlue57' 6-max Seat #3 is the button
Seat 2: e34cdeab ($7.19 in chips)
Seat 3: c09f2e68 ($5.8 in chips)
Seat 4: Hero ($5.65 in chips)
Seat 5: 36432548 ($3.83 in chips)
Seat 6: 4cc9e855 ($6.59 in chips)
Hero: posts small blind $0.02
36432548: posts big blind $0.05
*** HOLE CARDS ***
Dealt to e34cdeab 
Dealt to c09f2e68 
Dealt to Hero [Qc Jc]
Dealt to 36432548 
Dealt to 4cc9e855 
4cc9e855: folds
e34cdeab: folds
c09f2e68: folds
Hero: raises $0.09 to $0.14
36432548: calls $0.09
*** FLOP *** [4s 2d Js]
Hero: bets $0.14
36432548: folds
Uncalled bet ($0.14) returned to Hero
*** SHOWDOWN ***
Hero collected $0.27 from pot
*** SUMMARY ***
Total pot $0.28 | Rake $0.01 | Jackpot $0 | Bingo $0 | Fortune $0
Board [4s 2d Js]
Seat 2: e34cdeab folded before Flop (didn't bet)
Seat 3: c09f2e68 (button) folded before Flop (didn't bet)
Seat 4: Hero (small blind) won ($0.27)
Seat 5: 36432548 (big blind) folded on the Flop
Seat 6: 4cc9e855 folded before Flop (didn't bet)


Poker Hand #HD1161812338: Hold'em No Limit  ($0.02/$0.05) - 2023/03/15 22:27:27
Table 'NLHBlue57' 6-max Seat #2 is the button
Seat 2: e34cdeab ($7.19 in chips)
Seat 3: c09f2e68 ($5.82 in chips)
Seat 4: Hero ($5.63 in chips)
Seat 5: 36432548 ($3.83 in chips)
Seat 6: 4cc9e855 ($6.59 in chips)
c09f2e68: posts small blind $0.02
Hero: posts big blind $0.05
*** HOLE CARDS ***
Dealt to e34cdeab 
Dealt to c09f2e68 
Dealt to Hero [Kc 7h]
Dealt to 36432548 
Dealt to 4cc9e855 
36432548: folds
4cc9e855: folds
e34cdeab: folds
c09f2e68: folds
Uncalled bet ($0.03) returned to Hero
*** SHOWDOWN ***
Hero collected $0.04 from pot
*** SUMMARY ***
Total pot $0.04 | Rake $0 | Jackpot $0 | Bingo $0 | Fortune $0
Seat 2: e34cdeab (button) folded before Flop (didn't bet)
Seat 3: c09f2e68 (small blind) folded before Flop
Seat 4: Hero (big blind) collected ($0.04)
Seat 5: 36432548 folded before Flop (didn't bet)
Seat 6: 4cc9e855 folded before Flop (didn't bet)


Poker Hand #HD1161812308: Hold'em No Limit  ($0.02/$0.05) - 2023/03/15 22:27:13
Table 'NLHBlue57' 6-max Seat #6 is the button
Seat 2: e34cdeab ($7.21 in chips)
Seat 3: c09f2e68 ($5.87 in chips)
Seat 4: Hero ($5.63 in chips)
Seat 5: 36432548 ($3.76 in chips)
Seat 6: 4cc9e855 ($6.59 in chips)
e34cdeab: posts small blind $0.02
c09f2e68: posts big blind $0.05
*** HOLE CARDS ***
Dealt to e34cdeab 
Dealt to c09f2e68 
Dealt to Hero [6s Ac]
Dealt to 36432548 
Dealt to 4cc9e855 
Hero: folds
36432548: raises $0.09 to $0.14
4cc9e855: folds
e34cdeab: folds
c09f2e68: folds
Uncalled bet ($0.09) returned to 36432548
*** SHOWDOWN ***
36432548 collected $0.12 from pot
*** SUMMARY ***
Total pot $0.12 | Rake $0 | Jackpot $0 | Bingo $0 | Fortune $0
Seat 2: e34cdeab (small blind) folded before Flop
Seat 3: c09f2e68 (big blind) folded before Flop
Seat 4: Hero folded before Flop (didn't bet)
Seat 5: 36432548 collected ($0.12)
Seat 6: 4cc9e855 (button) folded before Flop (didn't bet)


Poker Hand #HD1161812255: Hold'em No Limit  ($0.02/$0.05) - 2023/03/15 22:26:38
Table 'NLHBlue57' 6-max Seat #5 is the button
Seat 2: e34cdeab ($7.34 in chips)
Seat 3: c09f2e68 ($5.73 in chips)
Seat 4: Hero ($5.63 in chips)
Seat 5: 36432548 ($3.76 in chips)
Seat 6: 4cc9e855 ($6.61 in chips)
4cc9e855: posts small blind $0.02
e34cdeab: posts big blind $0.05
*** HOLE CARDS ***
Dealt to e34cdeab 
Dealt to c09f2e68 
Dealt to Hero [6s Tc]
Dealt to 36432548 
Dealt to 4cc9e855 
c09f2e68: raises $0.08 to $0.13
Hero: folds
36432548: folds
4cc9e855: folds
e34cdeab: calls $0.08
*** FLOP *** [3s Ts 7s]
e34cdeab: checks
c09f2e68: bets $0.1
e34cdeab: folds
Uncalled bet ($0.1) returned to c09f2e68
*** SHOWDOWN ***
c09f2e68 collected $0.27 from pot
*** SUMMARY ***
Total pot $0.28 | Rake $0.01 | Jackpot $0 | Bingo $0 | Fortune $0
Board [3s Ts 7s]
Seat 2: e34cdeab (big blind) folded on the Flop
Seat 3: c09f2e68 won ($0.27)
Seat 4: Hero folded before Flop (didn't bet)
Seat 5: 36432548 (button) folded before Flop (didn't bet)
Seat 6: 4cc9e855 (small blind) folded before Flop


Poker Hand #HD1161812140: Hold'em No Limit  ($0.02/$0.05) - 2023/03/15 22:25:33
Table 'NLHBlue57' 6-max Seat #4 is the button
Seat 1: e9b69f64 ($1.74 in chips)
Seat 2: e34cdeab ($7.34 in chips)
Seat 3: c09f2e68 ($5.73 in chips)
Seat 4: Hero ($5.63 in chips)
Seat 5: 36432548 ($3.78 in chips)
Seat 6: 4cc9e855 ($5.07 in chips)
36432548: posts small blind $0.02
4cc9e855: posts big blind $0.05
*** HOLE CARDS ***
Dealt to e9b69f64 
Dealt to e34cdeab 
Dealt to c09f2e68 
Dealt to Hero [3c 8h]
Dealt to 36432548 
Dealt to 4cc9e855 
e9b69f64: calls $0.05
e34cdeab: folds
c09f2e68: folds
Hero: folds
36432548: folds
4cc9e855: raises $0.15 to $0.2
e9b69f64: calls $0.15
*** FLOP *** [Jh Ts Ah]
4cc9e855: bets $0.15
e9b69f64: calls $0.15
*** TURN *** [Jh Ts Ah] [8s]
4cc9e855: bets $0.5
e9b69f64: raises $0.5 to $1
4cc9e855: calls $0.5
*** RIVER *** [Jh Ts Ah 8s] [6s]
4cc9e855: bets $3.72 and is all-in
e9b69f64: calls $0.39 and is all-in
Uncalled bet ($3.33) returned to 4cc9e855
4cc9e855: shows [Qs As] (Ace High Flush)
e9b69f64: shows [Qh Kh] (Aces-High Straight)
*** SHOWDOWN ***
4cc9e855 collected $3.28 from pot
*** SUMMARY ***
Total pot $3.5 | Rake $0.17 | Jackpot $0.05 | Bingo $0 | Fortune $0
Board [Jh Ts Ah 8s 6s]
Seat 1: e9b69f64 showed [Qh Kh] and lost with Aces-High Straight
Seat 2: e34cdeab folded before Flop (didn't bet)
Seat 3: c09f2e68 folded before Flop (didn't bet)
Seat 4: Hero (button) folded before Flop (didn't bet)
Seat 5: 36432548 (small blind) folded before Flop
Seat 6: 4cc9e855 (big blind) showed [Qs As] and won ($3.28) with Ace High Flush


Poker Hand #HD1161812102: Hold'em No Limit  ($0.02/$0.05) - 2023/03/15 22:25:14
Table 'NLHBlue57' 6-max Seat #3 is the button
Seat 1: e9b69f64 ($1.74 in chips)
Seat 2: e34cdeab ($7.34 in chips)
Seat 3: c09f2e68 ($5.73 in chips)
Seat 4: Hero ($5.65 in chips)
Seat 5: 36432548 ($3.83 in chips)
Seat 6: 4cc9e855 ($5 in chips)
Hero: posts small blind $0.02
36432548: posts big blind $0.05
*** HOLE CARDS ***
Dealt to e9b69f64 
Dealt to e34cdeab 
Dealt to c09f2e68 
Dealt to Hero [7h 3h]
Dealt to 36432548 
Dealt to 4cc9e855 
4cc9e855: raises $0.1 to $0.15
e9b69f64: folds
e34cdeab: folds
c09f2e68: folds
Hero: folds
36432548: folds
Uncalled bet ($0.1) returned to 4cc9e855
*** SHOWDOWN ***
4cc9e855 collected $0.12 from pot
*** SUMMARY ***
Total pot $0.12 | Rake $0 | Jackpot $0 | Bingo $0 | Fortune $0
Seat 1: e9b69f64 folded before Flop (didn't bet)
Seat 2: e34cdeab folded before Flop (didn't bet)
Seat 3: c09f2e68 (button) folded before Flop (didn't bet)
Seat 4: Hero (small blind) folded before Flop
Seat 5: 36432548 (big blind) folded before Flop
Seat 6: 4cc9e855 collected ($0.12)


Poker Hand #HD1161811968: Hold'em No Limit  ($0.02/$0.05) - 2023/03/15 22:24:00
Table 'NLHBlue57' 6-max Seat #2 is the button
Seat 1: e9b69f64 ($1.88 in chips)
Seat 2: e34cdeab ($7.34 in chips)
Seat 3: c09f2e68 ($5 in chips)
Seat 4: Hero ($5.7 in chips)
Seat 5: 36432548 ($4.49 in chips)
Seat 6: 4cc9e855 ($5 in chips)
c09f2e68: posts small blind $0.02
Hero: posts big blind $0.05
*** HOLE CARDS ***
Dealt to e9b69f64 
Dealt to e34cdeab 
Dealt to c09f2e68 
Dealt to Hero [3h 6c]
Dealt to 36432548 
Dealt to 4cc9e855 
36432548: raises $0.09 to $0.14
4cc9e855: folds
e9b69f64: calls $0.14
e34cdeab: folds
c09f2e68: raises $0.52 to $0.66
Hero: folds
36432548: calls $0.52
e9b69f64: folds
*** FLOP *** [Jd Kd 9h]
c09f2e68: bets $0.76
36432548: folds
Uncalled bet ($0.76) returned to c09f2e68
*** SHOWDOWN ***
c09f2e68 collected $1.39 from pot
*** SUMMARY ***
Total pot $1.51 | Rake $0.07 | Jackpot $0.05 | Bingo $0 | Fortune $0
Board [Jd Kd 9h]
Seat 1: e9b69f64 folded before Flop
Seat 2: e34cdeab (button) folded before Flop (didn't bet)
Seat 3: c09f2e68 (small blind) won ($1.39)
Seat 4: Hero (big blind) folded before Flop
Seat 5: 36432548 folded on the Flop
Seat 6: 4cc9e855 folded before Flop (didn't bet)


Poker Hand #HD1161811935: Hold'em No Limit  ($0.02/$0.05) - 2023/03/15 22:23:43
Table 'NLHBlue57' 6-max Seat #1 is the button
Seat 1: e9b69f64 ($1.88 in chips)
Seat 2: e34cdeab ($7.36 in chips)
Seat 3: c09f2e68 ($5 in chips)
Seat 4: Hero ($5.63 in chips)
Seat 5: 36432548 ($4.49 in chips)
Seat 6: 4cc9e855 ($5 in chips)
e34cdeab: posts small blind $0.02
c09f2e68: posts big blind $0.05
*** HOLE CARDS ***
Dealt to e9b69f64 
Dealt to e34cdeab 
Dealt to c09f2e68 
Dealt to Hero [As Qd]
Dealt to 36432548 
Dealt to 4cc9e855 
Hero: raises $0.07 to $0.12
36432548: folds
4cc9e855: folds
e9b69f64: folds
e34cdeab: folds
c09f2e68: folds
Uncalled bet ($0.07) returned to Hero
*** SHOWDOWN ***
Hero collected $0.12 from pot
*** SUMMARY ***
Total pot $0.12 | Rake $0 | Jackpot $0 | Bingo $0 | Fortune $0
Seat 1: e9b69f64 (button) folded before Flop (didn't bet)
Seat 2: e34cdeab (small blind) folded before Flop
Seat 3: c09f2e68 (big blind) folded before Flop
Seat 4: Hero collected ($0.12)
Seat 5: 36432548 folded before Flop (didn't bet)
Seat 6: 4cc9e855 folded before Flop (didn't bet)


Poker Hand #HD1161811855: Hold'em No Limit  ($0.02/$0.05) - 2023/03/15 22:22:56
Table 'NLHBlue57' 6-max Seat #6 is the button
Seat 1: e9b69f64 ($1.9 in chips)
Seat 2: e34cdeab ($6.81 in chips)
Seat 3: c09f2e68 ($5 in chips)
Seat 4: Hero ($5.63 in chips)
Seat 5: 36432548 ($4.49 in chips)
Seat 6: 4cc9e855 ($5 in chips)
e9b69f64: posts small blind $0.02
e34cdeab: posts big blind $0.05
*** HOLE CARDS ***
Dealt to e9b69f64 
Dealt to e34cdeab 
Dealt to c09f2e68 
Dealt to Hero [7s Jh]
Dealt to 36432548 
Dealt to 4cc9e855 
c09f2e68: folds
Hero: folds
36432548: folds
4cc9e855: raises $0.08 to $0.13
e9b69f64: folds
e34cdeab: calls $0.08
*** FLOP *** [Ah 2s Kc]
e34cdeab: checks
4cc9e855: bets $0.1
e34cdeab: calls $0.1
*** TURN *** [Ah 2s Kc] [7d]
e34cdeab: checks
4cc9e855: bets $0.36
e34cdeab: calls $0.36
*** RIVER *** [Ah 2s Kc 7d] [Tc]
e34cdeab: checks
4cc9e855: checks
e34cdeab: shows [2h 2d] (Three Twos)
4cc9e855: shows [Ac 5c] (Pair of Aces)
*** SHOWDOWN ***
e34cdeab collected $1.14 from pot
*** SUMMARY ***
Total pot $1.2 | Rake $0.06 | Jackpot $0 | Bingo $0 | Fortune $0
Board [Ah 2s Kc 7d Tc]
Seat 1: e9b69f64 (small blind) folded before Flop
Seat 2: e34cdeab (big blind) showed [2h 2d] and won ($1.14) with Three Twos
Seat 3: c09f2e68 folded before Flop (didn't bet)
Seat 4: Hero folded before Flop (didn't bet)
Seat 5: 36432548 folded before Flop (didn't bet)
Seat 6: 4cc9e855 (button) showed [Ac 5c] and lost with Pair of Aces


Poker Hand #HD1161811765: Hold'em No Limit  ($0.02/$0.05) - 2023/03/15 22:22:03
Table 'NLHBlue57' 6-max Seat #5 is the button
Seat 1: e9b69f64 ($1.95 in chips)
Seat 2: e34cdeab ($6.81 in chips)
Seat 3: c09f2e68 ($5 in chips)
Seat 4: Hero ($5.35 in chips)
Seat 5: 36432548 ($4.72 in chips)
Seat 6: 4cc9e855 ($5 in chips)
4cc9e855: posts small blind $0.02
e9b69f64: posts big blind $0.05
*** HOLE CARDS ***
Dealt to e9b69f64 
Dealt to e34cdeab 
Dealt to c09f2e68 
Dealt to Hero [Jc Ah]
Dealt to 36432548 
Dealt to 4cc9e855 
e34cdeab: folds
c09f2e68: folds
Hero: raises $0.07 to $0.12
36432548: calls $0.12
4cc9e855: folds
e9b69f64: folds
*** FLOP *** [8c As 8d]
Hero: bets $0.11
36432548: calls $0.11
*** TURN *** [8c As 8d] [Td]
Hero: bets $0.27
36432548: folds
Uncalled bet ($0.27) returned to Hero
*** SHOWDOWN ***
Hero collected $0.51 from pot
*** SUMMARY ***
Total pot $0.53 | Rake $0.02 | Jackpot $0 | Bingo $0 | Fortune $0
Board [8c As 8d Td]
Seat 1: e9b69f64 (big blind) folded before Flop
Seat 2: e34cdeab folded before Flop (didn't bet)
Seat 3: c09f2e68 folded before Flop (didn't bet)
Seat 4: Hero won ($0.51)
Seat 5: 36432548 (button) folded on the Turn
Seat 6: 4cc9e855 (small blind) folded before Flop


Poker Hand #HD1161811657: Hold'em No Limit  ($0.02/$0.05) - 2023/03/15 22:20:52
Table 'NLHBlue57' 6-max Seat #4 is the button
Seat 1: e9b69f64 ($1.95 in chips)
Seat 2: e34cdeab ($6.81 in chips)
Seat 3: c09f2e68 ($5 in chips)
Seat 4: Hero ($5.4 in chips)
Seat 5: 36432548 ($4.77 in chips)
Seat 6: 4cc9e855 ($5 in chips)
36432548: posts small blind $0.02
4cc9e855: posts big blind $0.05
*** HOLE CARDS ***
Dealt to e9b69f64 
Dealt to e34cdeab 
Dealt to c09f2e68 
Dealt to Hero [Ad Qd]
Dealt to 36432548 
Dealt to 4cc9e855 
e9b69f64: folds
e34cdeab: folds
c09f2e68: folds
Hero: raises $0.07 to $0.12
36432548: raises $0.42 to $0.54
4cc9e855: folds
Hero: calls $0.42
*** FLOP *** [6d 5s 3c]
36432548: checks
Hero: checks
*** TURN *** [6d 5s 3c] [7d]
36432548: bets $0.48
Hero: calls $0.48
*** RIVER *** [6d 5s 3c 7d] [4h]
36432548: checks
Hero: checks
36432548: shows [3s 3d] (Sevens-High Straight)
Hero: shows [Ad Qd] (Sevens-High Straight)
e9b69f64: shows [4s 8s] (Eights-High Straight)
*** SHOWDOWN ***
36432548 collected $0.97 from pot
Hero collected $0.97 from pot
*** SUMMARY ***
Total pot $2.09 | Rake $0.1 | Jackpot $0.05 | Bingo $0 | Fortune $0
Board [6d 5s 3c 7d 4h]
Seat 1: e9b69f64 folded before Flop (didn't bet)
Seat 2: e34cdeab folded before Flop (didn't bet)
Seat 3: c09f2e68 folded before Flop (didn't bet)
Seat 4: Hero (button) showed [Ad Qd] and won ($0.97) with Sevens-High Straight
Seat 5: 36432548 (small blind) showed [3s 3d] and won ($0.97) with Sevens-High Straight
Seat 6: 4cc9e855 (big blind) folded before Flop


Poker Hand #HD1161811608: Hold'em No Limit  ($0.02/$0.05) - 2023/03/15 22:20:24
Table 'NLHBlue57' 6-max Seat #3 is the button
Seat 1: e9b69f64 ($1.95 in chips)
Seat 2: e34cdeab ($6.81 in chips)
Seat 3: c09f2e68 ($5 in chips)
Seat 4: Hero ($5.21 in chips)
Seat 5: 36432548 ($4.82 in chips)
Seat 6: 4cc9e855 ($5.14 in chips)
Hero: posts small blind $0.02
36432548: posts big blind $0.05
*** HOLE CARDS ***
Dealt to e9b69f64 
Dealt to e34cdeab 
Dealt to c09f2e68 
Dealt to Hero [As Kh]
Dealt to 36432548 
Dealt to 4cc9e855 
4cc9e855: raises $0.1 to $0.15
e9b69f64: folds
e34cdeab: folds
c09f2e68: folds
Hero: raises $0.53 to $0.68
36432548: folds
4cc9e855: folds
Uncalled bet ($0.53) returned to Hero
*** SHOWDOWN ***
Hero collected $0.34 from pot
*** SUMMARY ***
Total pot $0.35 | Rake $0.01 | Jackpot $0 | Bingo $0 | Fortune $0
Seat 1: e9b69f64 folded before Flop (didn't bet)
Seat 2: e34cdeab folded before Flop (didn't bet)
Seat 3: c09f2e68 (button) folded before Flop (didn't bet)
Seat 4: Hero (small blind) collected ($0.34)
Seat 5: 36432548 (big blind) folded before Flop
Seat 6: 4cc9e855 folded before Flop


Poker Hand #HD1161811530: Hold'em No Limit  ($0.02/$0.05) - 2023/03/15 22:19:37
Table 'NLHBlue57' 6-max Seat #2 is the button
Seat 1: e9b69f64 ($1.95 in chips)
Seat 2: e34cdeab ($7.02 in chips)
Seat 3: c09f2e68 ($5 in chips)
Seat 4: Hero ($5 in chips)
Seat 5: 36432548 ($4.82 in chips)
Seat 6: 4cc9e855 ($5.14 in chips)
c09f2e68: posts small blind $0.02
Hero: posts big blind $0.05
*** HOLE CARDS ***
Dealt to e9b69f64 
Dealt to e34cdeab 
Dealt to c09f2e68 
Dealt to Hero [2c 2d]
Dealt to 36432548 
Dealt to 4cc9e855 
36432548: folds
4cc9e855: folds
e9b69f64: folds
e34cdeab: raises $0.07 to $0.12
c09f2e68: folds
Hero: calls $0.07
*** FLOP *** [Ks Jd Kd]
Hero: checks
e34cdeab: bets $0.09
Hero: calls $0.09
*** TURN *** [Ks Jd Kd] [9h]
Hero: checks
e34cdeab: checks
*** RIVER *** [Ks Jd Kd 9h] [4d]
Hero: checks
e34cdeab: checks
Hero: shows [2c 2d] (Pair of Kings and Pair of Twos)
e34cdeab: shows [As 6c] (Pair of Kings)
*** SHOWDOWN ***
Hero collected $0.42 from pot
*** SUMMARY ***
Total pot $0.44 | Rake $0.02 | Jackpot $0 | Bingo $0 | Fortune $0
Board [Ks Jd Kd 9h 4d]
Seat 1: e9b69f64 folded before Flop (didn't bet)
Seat 2: e34cdeab (button) showed [As 6c] and lost with Pair of Kings
Seat 3: c09f2e68 (small blind) folded before Flop
Seat 4: Hero (big blind) showed [2c 2d] and won ($0.42) with Pair of Kings and Pair of Twos
Seat 5: 36432548 folded before Flop (didn't bet)
Seat 6: 4cc9e855 folded before Flop (didn't bet)


