Poker Hand #HD1211032570: Hold'em No Limit  ($0.02/$0.05) - 2023/04/20 19:59:55
Table 'NLHBlue108' 6-max Seat #2 is the button
Seat 1: d49524e3 ($5.62 in chips)
Seat 2: 9b1c6bae ($10.23 in chips)
Seat 4: 1383c5a1 ($10.72 in chips)
Seat 5: d1618618 ($5.23 in chips)
Seat 6: Hero ($5 in chips)
1383c5a1: posts small blind $0.02
d1618618: posts big blind $0.05
*** HOLE CARDS ***
Dealt to d49524e3 
Dealt to 9b1c6bae 
Dealt to 1383c5a1 
Dealt to d1618618 
Dealt to Hero [9s Qh]
Hero: folds
d49524e3: folds
9b1c6bae: folds
1383c5a1: folds
Uncalled bet ($0.03) returned to d1618618
*** SHOWDOWN ***
d1618618 collected $0.04 from pot
*** SUMMARY ***
Total pot $0.04 | Rake $0 | Jackpot $0 | Bingo $0 | Fortune $0
Seat 1: d49524e3 folded before Flop (didn't bet)
Seat 2: 9b1c6bae (button) folded before Flop (didn't bet)
Seat 4: 1383c5a1 (small blind) folded before Flop
Seat 5: d1618618 (big blind) collected ($0.04)
Seat 6: Hero folded before Flop (didn't bet)


Poker Hand #HD1211032517: Hold'em No Limit  ($0.02/$0.05) - 2023/04/20 19:59:22
Table 'NLHBlue108' 6-max Seat #1 is the button
Seat 1: d49524e3 ($5.62 in chips)
Seat 2: 9b1c6bae ($10.25 in chips)
Seat 4: 1383c5a1 ($10.77 in chips)
Seat 5: d1618618 ($5.16 in chips)
Seat 6: Hero ($5 in chips)
9b1c6bae: posts small blind $0.02
1383c5a1: posts big blind $0.05
*** HOLE CARDS ***
Dealt to d49524e3 
Dealt to 9b1c6bae 
Dealt to 1383c5a1 
Dealt to d1618618 
Dealt to Hero [Th Js]
d1618618: raises $0.1 to $0.15
Hero: folds
d49524e3: folds
9b1c6bae: folds
1383c5a1: folds
Uncalled bet ($0.1) returned to d1618618
*** SHOWDOWN ***
d1618618 collected $0.12 from pot
*** SUMMARY ***
Total pot $0.12 | Rake $0 | Jackpot $0 | Bingo $0 | Fortune $0
Seat 1: d49524e3 (button) folded before Flop (didn't bet)
Seat 2: 9b1c6bae (small blind) folded before Flop
Seat 4: 1383c5a1 (big blind) folded before Flop
Seat 5: d1618618 collected ($0.12)
Seat 6: Hero folded before Flop (didn't bet)


Poker Hand #HD1211032493: Hold'em No Limit  ($0.02/$0.05) - 2023/04/20 19:59:08
Table 'NLHBlue108' 6-max Seat #6 is the button
Seat 1: d49524e3 ($5.64 in chips)
Seat 2: 9b1c6bae ($10.3 in chips)
Seat 4: 1383c5a1 ($10.7 in chips)
Seat 5: d1618618 ($5.16 in chips)
Seat 6: Hero ($5 in chips)
d49524e3: posts small blind $0.02
9b1c6bae: posts big blind $0.05
*** HOLE CARDS ***
Dealt to d49524e3 
Dealt to 9b1c6bae 
Dealt to 1383c5a1 
Dealt to d1618618 
Dealt to Hero [7c 8h]
1383c5a1: raises $0.1 to $0.15
d1618618: folds
Hero: folds
d49524e3: folds
9b1c6bae: folds
Uncalled bet ($0.1) returned to 1383c5a1
*** SHOWDOWN ***
1383c5a1 collected $0.12 from pot
*** SUMMARY ***
Total pot $0.12 | Rake $0 | Jackpot $0 | Bingo $0 | Fortune $0
Seat 1: d49524e3 (small blind) folded before Flop
Seat 2: 9b1c6bae (big blind) folded before Flop
Seat 4: 1383c5a1 collected ($0.12)
Seat 5: d1618618 folded before Flop (didn't bet)
Seat 6: Hero (button) folded before Flop (didn't bet)


Poker Hand #HD1211032463: Hold'em No Limit  ($0.02/$0.05) - 2023/04/20 19:58:52
Table 'NLHBlue108' 6-max Seat #5 is the button
Seat 1: d49524e3 ($5.69 in chips)
Seat 2: 9b1c6bae ($10.23 in chips)
Seat 4: 1383c5a1 ($10.7 in chips)
Seat 5: d1618618 ($5.16 in chips)
Seat 6: Hero ($5.02 in chips)
Hero: posts small blind $0.02
d49524e3: posts big blind $0.05
*** HOLE CARDS ***
Dealt to d49524e3 
Dealt to 9b1c6bae 
Dealt to 1383c5a1 
Dealt to d1618618 
Dealt to Hero [Th Js]
9b1c6bae: raises $0.06 to $0.11
1383c5a1: folds
d1618618: folds
Hero: folds
d49524e3: folds
Uncalled bet ($0.06) returned to 9b1c6bae
*** SHOWDOWN ***
9b1c6bae collected $0.12 from pot
*** SUMMARY ***
Total pot $0.12 | Rake $0 | Jackpot $0 | Bingo $0 | Fortune $0
Seat 1: d49524e3 (big blind) folded before Flop
Seat 2: 9b1c6bae collected ($0.12)
Seat 4: 1383c5a1 folded before Flop (didn't bet)
Seat 5: d1618618 (button) folded before Flop (didn't bet)
Seat 6: Hero (small blind) folded before Flop


Poker Hand #HD1211032395: Hold'em No Limit  ($0.02/$0.05) - 2023/04/20 19:58:13
Table 'NLHBlue108' 6-max Seat #4 is the button
Seat 1: d49524e3 ($5.69 in chips)
Seat 2: 9b1c6bae ($10.23 in chips)
Seat 4: 1383c5a1 ($10.56 in chips)
Seat 5: d1618618 ($5.18 in chips)
Seat 6: Hero ($5.15 in chips)
d1618618: posts small blind $0.02
Hero: posts big blind $0.05
*** HOLE CARDS ***
Dealt to d49524e3 
Dealt to 9b1c6bae 
Dealt to 1383c5a1 
Dealt to d1618618 
Dealt to Hero [Kh 5h]
d49524e3: folds
9b1c6bae: folds
1383c5a1: raises $0.08 to $0.13
d1618618: folds
Hero: calls $0.08
*** FLOP *** [Ad 9d 7h]
Hero: checks
1383c5a1: checks
*** TURN *** [Ad 9d 7h] [2s]
Hero: checks
1383c5a1: bets $0.2
Hero: folds
Uncalled bet ($0.2) returned to 1383c5a1
*** SHOWDOWN ***
1383c5a1 collected $0.27 from pot
*** SUMMARY ***
Total pot $0.28 | Rake $0.01 | Jackpot $0 | Bingo $0 | Fortune $0
Board [Ad 9d 7h 2s]
Seat 1: d49524e3 folded before Flop (didn't bet)
Seat 2: 9b1c6bae folded before Flop (didn't bet)
Seat 4: 1383c5a1 (button) won ($0.27)
Seat 5: d1618618 (small blind) folded before Flop
Seat 6: Hero (big blind) folded on the Turn


Poker Hand #HD1211032325: Hold'em No Limit  ($0.02/$0.05) - 2023/04/20 19:57:31
Table 'NLHBlue108' 6-max Seat #2 is the button
Seat 1: d49524e3 ($5.79 in chips)
Seat 2: 9b1c6bae ($10.23 in chips)
Seat 4: 1383c5a1 ($10.58 in chips)
Seat 5: d1618618 ($5.07 in chips)
Seat 6: Hero ($5.15 in chips)
1383c5a1: posts small blind $0.02
d1618618: posts big blind $0.05
*** HOLE CARDS ***
Dealt to d49524e3 
Dealt to 9b1c6bae 
Dealt to 1383c5a1 
Dealt to d1618618 
Dealt to Hero [6h 3s]
Hero: folds
d49524e3: raises $0.05 to $0.1
9b1c6bae: folds
1383c5a1: folds
d1618618: calls $0.05
*** FLOP *** [2c Td 4s]
d1618618: checks
d49524e3: checks
*** TURN *** [2c Td 4s] [Jh]
d1618618: checks
d49524e3: checks
*** RIVER *** [2c Td 4s Jh] [5d]
d1618618: bets $0.36
d49524e3: folds
Uncalled bet ($0.36) returned to d1618618
*** SHOWDOWN ***
d1618618 collected $0.21 from pot
*** SUMMARY ***
Total pot $0.22 | Rake $0.01 | Jackpot $0 | Bingo $0 | Fortune $0
Board [2c Td 4s Jh 5d]
Seat 1: d49524e3 folded on the River
Seat 2: 9b1c6bae (button) folded before Flop (didn't bet)
Seat 4: 1383c5a1 (small blind) folded before Flop
Seat 5: d1618618 (big blind) won ($0.21)
Seat 6: Hero folded before Flop (didn't bet)


Poker Hand #HD1211032272: Hold'em No Limit  ($0.02/$0.05) - 2023/04/20 19:57:06
Table 'NLHBlue108' 6-max Seat #1 is the button
Seat 1: d49524e3 ($5.79 in chips)
Seat 2: 9b1c6bae ($10.25 in chips)
Seat 4: 1383c5a1 ($10.63 in chips)
Seat 5: d1618618 ($5 in chips)
Seat 6: Hero ($5.15 in chips)
9b1c6bae: posts small blind $0.02
1383c5a1: posts big blind $0.05
*** HOLE CARDS ***
Dealt to d49524e3 
Dealt to 9b1c6bae 
Dealt to 1383c5a1 
Dealt to d1618618 
Dealt to Hero [7s 2s]
d1618618: raises $0.1 to $0.15
Hero: folds
d49524e3: folds
9b1c6bae: folds
1383c5a1: folds
Uncalled bet ($0.1) returned to d1618618
*** SHOWDOWN ***
d1618618 collected $0.12 from pot
*** SUMMARY ***
Total pot $0.12 | Rake $0 | Jackpot $0 | Bingo $0 | Fortune $0
Seat 1: d49524e3 (button) folded before Flop (didn't bet)
Seat 2: 9b1c6bae (small blind) folded before Flop
Seat 4: 1383c5a1 (big blind) folded before Flop
Seat 5: d1618618 collected ($0.12)
Seat 6: Hero folded before Flop (didn't bet)


Poker Hand #HD1211032245: Hold'em No Limit  ($0.02/$0.05) - 2023/04/20 19:56:49
Table 'NLHBlue108' 6-max Seat #6 is the button
Seat 1: d49524e3 ($5.81 in chips)
Seat 2: 9b1c6bae ($10.3 in chips)
Seat 4: 1383c5a1 ($10.56 in chips)
Seat 6: Hero ($5.15 in chips)
d49524e3: posts small blind $0.02
9b1c6bae: posts big blind $0.05
*** HOLE CARDS ***
Dealt to d49524e3 
Dealt to 9b1c6bae 
Dealt to 1383c5a1 
Dealt to Hero [Js 9d]
1383c5a1: raises $0.1 to $0.15
Hero: folds
d49524e3: folds
9b1c6bae: folds
Uncalled bet ($0.1) returned to 1383c5a1
*** SHOWDOWN ***
1383c5a1 collected $0.12 from pot
*** SUMMARY ***
Total pot $0.12 | Rake $0 | Jackpot $0 | Bingo $0 | Fortune $0
Seat 1: d49524e3 (small blind) folded before Flop
Seat 2: 9b1c6bae (big blind) folded before Flop
Seat 4: 1383c5a1 collected ($0.12)
Seat 6: Hero (button) folded before Flop (didn't bet)


Poker Hand #HD1211032210: Hold'em No Limit  ($0.02/$0.05) - 2023/04/20 19:56:26
Table 'NLHBlue108' 6-max Seat #4 is the button
Seat 1: d49524e3 ($5.81 in chips)
Seat 2: 9b1c6bae ($10.3 in chips)
Seat 4: 1383c5a1 ($10.56 in chips)
Seat 5: d1618618 ($5 in chips)
Seat 6: Hero ($5.13 in chips)
d1618618: posts small blind $0.02
Hero: posts big blind $0.05
*** HOLE CARDS ***
Dealt to d49524e3 
Dealt to 9b1c6bae 
Dealt to 1383c5a1 
Dealt to d1618618 
Dealt to Hero [Qh 7c]
d49524e3: folds
9b1c6bae: folds
1383c5a1: folds
d1618618: folds
Uncalled bet ($0.03) returned to Hero
*** SHOWDOWN ***
Hero collected $0.04 from pot
*** SUMMARY ***
Total pot $0.04 | Rake $0 | Jackpot $0 | Bingo $0 | Fortune $0
Seat 1: d49524e3 folded before Flop (didn't bet)
Seat 2: 9b1c6bae folded before Flop (didn't bet)
Seat 4: 1383c5a1 (button) folded before Flop (didn't bet)
Seat 5: d1618618 (small blind) folded before Flop
Seat 6: Hero (big blind) collected ($0.04)


Poker Hand #HD1211031993: Hold'em No Limit  ($0.02/$0.05) - 2023/04/20 19:54:31
Table 'NLHBlue108' 6-max Seat #2 is the button
Seat 1: d49524e3 ($5.04 in chips)
Seat 2: 9b1c6bae ($10.3 in chips)
Seat 4: 1383c5a1 ($10.58 in chips)
Seat 5: d1618618 ($5.54 in chips)
Seat 6: Hero ($5.13 in chips)
1383c5a1: posts small blind $0.02
d1618618: posts big blind $0.05
*** HOLE CARDS ***
Dealt to d49524e3 
Dealt to 9b1c6bae 
Dealt to 1383c5a1 
Dealt to d1618618 
Dealt to Hero [5h Qc]
Hero: folds
d49524e3: raises $0.05 to $0.1
9b1c6bae: folds
1383c5a1: folds
d1618618: raises $0.3 to $0.4
d49524e3: calls $0.3
*** FLOP *** [Tc Ah Kd]
d1618618: bets $0.48
d49524e3: calls $0.48
*** TURN *** [Tc Ah Kd] [3s]
d1618618: checks
d49524e3: checks
*** RIVER *** [Tc Ah Kd 3s] [8c]
d1618618: checks
d49524e3: checks
d1618618: shows [Qd Qh] (Pair of Queens)
d49524e3: shows [Js As] (Pair of Aces)
*** SHOWDOWN ***
d49524e3 collected $1.65 from pot
*** SUMMARY ***
Total pot $1.78 | Rake $0.08 | Jackpot $0.05 | Bingo $0 | Fortune $0
Board [Tc Ah Kd 3s 8c]
Seat 1: d49524e3 showed [Js As] and won ($1.65) with Pair of Aces
Seat 2: 9b1c6bae (button) folded before Flop (didn't bet)
Seat 4: 1383c5a1 (small blind) folded before Flop
Seat 5: d1618618 (big blind) showed [Qd Qh] and lost with Pair of Queens
Seat 6: Hero folded before Flop (didn't bet)


Poker Hand #HD1211031958: Hold'em No Limit  ($0.02/$0.05) - 2023/04/20 19:54:10
Table 'NLHBlue108' 6-max Seat #1 is the button
Seat 1: d49524e3 ($5.14 in chips)
Seat 2: 9b1c6bae ($10.16 in chips)
Seat 4: 1383c5a1 ($10.63 in chips)
Seat 5: d1618618 ($5.54 in chips)
Seat 6: Hero ($5.13 in chips)
9b1c6bae: posts small blind $0.02
1383c5a1: posts big blind $0.05
*** HOLE CARDS ***
Dealt to d49524e3 
Dealt to 9b1c6bae 
Dealt to 1383c5a1 
Dealt to d1618618 
Dealt to Hero [4s 2h]
d1618618: folds
Hero: folds
d49524e3: raises $0.05 to $0.1
9b1c6bae: raises $0.45 to $0.55
1383c5a1: folds
d49524e3: folds
Uncalled bet ($0.45) returned to 9b1c6bae
*** SHOWDOWN ***
9b1c6bae collected $0.24 from pot
*** SUMMARY ***
Total pot $0.25 | Rake $0.01 | Jackpot $0 | Bingo $0 | Fortune $0
Seat 1: d49524e3 (button) folded before Flop
Seat 2: 9b1c6bae (small blind) collected ($0.24)
Seat 4: 1383c5a1 (big blind) folded before Flop
Seat 5: d1618618 folded before Flop (didn't bet)
Seat 6: Hero folded before Flop (didn't bet)


Poker Hand #HD1211031901: Hold'em No Limit  ($0.02/$0.05) - 2023/04/20 19:53:34
Table 'NLHBlue108' 6-max Seat #6 is the button
Seat 1: d49524e3 ($5.16 in chips)
Seat 2: 9b1c6bae ($10.28 in chips)
Seat 4: 1383c5a1 ($10.63 in chips)
Seat 5: d1618618 ($5.54 in chips)
Seat 6: Hero ($5 in chips)
d49524e3: posts small blind $0.02
9b1c6bae: posts big blind $0.05
*** HOLE CARDS ***
Dealt to d49524e3 
Dealt to 9b1c6bae 
Dealt to 1383c5a1 
Dealt to d1618618 
Dealt to Hero [Ah 3c]
1383c5a1: folds
d1618618: folds
Hero: raises $0.07 to $0.12
d49524e3: folds
9b1c6bae: calls $0.07
*** FLOP *** [Ad 4h 7c]
9b1c6bae: checks
Hero: bets $0.1
9b1c6bae: folds
Uncalled bet ($0.1) returned to Hero
*** SHOWDOWN ***
Hero collected $0.25 from pot
*** SUMMARY ***
Total pot $0.26 | Rake $0.01 | Jackpot $0 | Bingo $0 | Fortune $0
Board [Ad 4h 7c]
Seat 1: d49524e3 (small blind) folded before Flop
Seat 2: 9b1c6bae (big blind) folded on the Flop
Seat 4: 1383c5a1 folded before Flop (didn't bet)
Seat 5: d1618618 folded before Flop (didn't bet)
Seat 6: Hero (button) won ($0.25)


Poker Hand #HD1211031827: Hold'em No Limit  ($0.02/$0.05) - 2023/04/20 19:52:54
Table 'NLHBlue108' 6-max Seat #5 is the button
Seat 1: d49524e3 ($5.21 in chips)
Seat 2: 9b1c6bae ($10.39 in chips)
Seat 4: 1383c5a1 ($10.63 in chips)
Seat 5: d1618618 ($5.37 in chips)
Seat 6: Hero ($5 in chips)
Hero: posts small blind $0.02
d49524e3: posts big blind $0.05
*** HOLE CARDS ***
Dealt to d49524e3 
Dealt to 9b1c6bae 
Dealt to 1383c5a1 
Dealt to d1618618 
Dealt to Hero [4c 8s]
9b1c6bae: raises $0.06 to $0.11
1383c5a1: folds
d1618618: raises $0.21 to $0.32
Hero: folds
d49524e3: folds
9b1c6bae: folds
Uncalled bet ($0.21) returned to d1618618
*** SHOWDOWN ***
d1618618 collected $0.28 from pot
*** SUMMARY ***
Total pot $0.29 | Rake $0.01 | Jackpot $0 | Bingo $0 | Fortune $0
Seat 1: d49524e3 (big blind) folded before Flop
Seat 2: 9b1c6bae folded before Flop
Seat 4: 1383c5a1 folded before Flop (didn't bet)
Seat 5: d1618618 (button) collected ($0.28)
Seat 6: Hero (small blind) folded before Flop


Poker Hand #HD1211031797: Hold'em No Limit  ($0.02/$0.05) - 2023/04/20 19:52:32
Table 'NLHBlue108' 6-max Seat #4 is the button
Seat 1: d49524e3 ($5.21 in chips)
Seat 2: 9b1c6bae ($10.39 in chips)
Seat 4: 1383c5a1 ($10.63 in chips)
Seat 5: d1618618 ($5.32 in chips)
Seat 6: Hero ($5 in chips)
d1618618: posts small blind $0.02
Hero: posts big blind $0.05
*** HOLE CARDS ***
Dealt to d49524e3 
Dealt to 9b1c6bae 
Dealt to 1383c5a1 
Dealt to d1618618 
Dealt to Hero [5h 8c]
d49524e3: folds
9b1c6bae: folds
1383c5a1: folds
d1618618: raises $0.1 to $0.15
Hero: folds
Uncalled bet ($0.1) returned to d1618618
*** SHOWDOWN ***
d1618618 collected $0.1 from pot
*** SUMMARY ***
Total pot $0.1 | Rake $0 | Jackpot $0 | Bingo $0 | Fortune $0
Seat 1: d49524e3 folded before Flop (didn't bet)
Seat 2: 9b1c6bae folded before Flop (didn't bet)
Seat 4: 1383c5a1 (button) folded before Flop (didn't bet)
Seat 5: d1618618 (small blind) collected ($0.1)
Seat 6: Hero (big blind) folded before Flop


Poker Hand #HD1211031679: Hold'em No Limit  ($0.02/$0.05) - 2023/04/20 19:51:17
Table 'NLHBlue108' 6-max Seat #2 is the button
Seat 1: d49524e3 ($5.21 in chips)
Seat 2: 9b1c6bae ($10.5 in chips)
Seat 4: 1383c5a1 ($10.65 in chips)
Seat 5: d1618618 ($5.2 in chips)
Seat 6: Hero ($5 in chips)
1383c5a1: posts small blind $0.02
d1618618: posts big blind $0.05
*** HOLE CARDS ***
Dealt to d49524e3 
Dealt to 9b1c6bae 
Dealt to 1383c5a1 
Dealt to d1618618 
Dealt to Hero [5h 6d]
Hero: folds
d49524e3: folds
9b1c6bae: raises $0.06 to $0.11
1383c5a1: folds
d1618618: calls $0.06
*** FLOP *** [9c Kc Ts]
d1618618: checks
9b1c6bae: checks
*** TURN *** [9c Kc Ts] [Ac]
d1618618: checks
9b1c6bae: checks
*** RIVER *** [9c Kc Ts Ac] [6s]
d1618618: bets $0.16
9b1c6bae: folds
Uncalled bet ($0.16) returned to d1618618
*** SHOWDOWN ***
d1618618 collected $0.23 from pot
*** SUMMARY ***
Total pot $0.24 | Rake $0.01 | Jackpot $0 | Bingo $0 | Fortune $0
Board [9c Kc Ts Ac 6s]
Seat 1: d49524e3 folded before Flop (didn't bet)
Seat 2: 9b1c6bae (button) folded on the River
Seat 4: 1383c5a1 (small blind) folded before Flop
Seat 5: d1618618 (big blind) won ($0.23)
Seat 6: Hero folded before Flop (didn't bet)


Poker Hand #HD1211031652: Hold'em No Limit  ($0.02/$0.05) - 2023/04/20 19:51:02
Table 'NLHBlue108' 6-max Seat #1 is the button
Seat 1: d49524e3 ($5.21 in chips)
Seat 2: 9b1c6bae ($10.45 in chips)
Seat 4: 1383c5a1 ($10.7 in chips)
Seat 5: d1618618 ($5.2 in chips)
Seat 6: Hero ($5 in chips)
9b1c6bae: posts small blind $0.02
1383c5a1: posts big blind $0.05
*** HOLE CARDS ***
Dealt to d49524e3 
Dealt to 9b1c6bae 
Dealt to 1383c5a1 
Dealt to d1618618 
Dealt to Hero [Kd 6c]
d1618618: folds
Hero: folds
d49524e3: folds
9b1c6bae: raises $0.08 to $0.13
1383c5a1: folds
Uncalled bet ($0.08) returned to 9b1c6bae
*** SHOWDOWN ***
9b1c6bae collected $0.1 from pot
*** SUMMARY ***
Total pot $0.1 | Rake $0 | Jackpot $0 | Bingo $0 | Fortune $0
Seat 1: d49524e3 (button) folded before Flop (didn't bet)
Seat 2: 9b1c6bae (small blind) collected ($0.1)
Seat 4: 1383c5a1 (big blind) folded before Flop
Seat 5: d1618618 folded before Flop (didn't bet)
Seat 6: Hero folded before Flop (didn't bet)


Poker Hand #HD1211031534: Hold'em No Limit  ($0.02/$0.05) - 2023/04/20 19:49:49
Table 'NLHBlue108' 6-max Seat #6 is the button
Seat 1: d49524e3 ($5.23 in chips)
Seat 2: 9b1c6bae ($10.57 in chips)
Seat 4: 1383c5a1 ($10.7 in chips)
Seat 5: d1618618 ($5.07 in chips)
Seat 6: Hero ($5 in chips)
d49524e3: posts small blind $0.02
9b1c6bae: posts big blind $0.05
*** HOLE CARDS ***
Dealt to d49524e3 
Dealt to 9b1c6bae 
Dealt to 1383c5a1 
Dealt to d1618618 
Dealt to Hero [5c Qs]
1383c5a1: folds
d1618618: raises $0.07 to $0.12
Hero: folds
d49524e3: folds
9b1c6bae: calls $0.07
*** FLOP *** [3d 2s 6d]
9b1c6bae: checks
d1618618: bets $0.11
9b1c6bae: folds
Uncalled bet ($0.11) returned to d1618618
*** SHOWDOWN ***
d1618618 collected $0.25 from pot
*** SUMMARY ***
Total pot $0.26 | Rake $0.01 | Jackpot $0 | Bingo $0 | Fortune $0
Board [3d 2s 6d]
Seat 1: d49524e3 (small blind) folded before Flop
Seat 2: 9b1c6bae (big blind) folded on the Flop
Seat 4: 1383c5a1 folded before Flop (didn't bet)
Seat 5: d1618618 won ($0.25)
Seat 6: Hero (button) folded before Flop (didn't bet)


Poker Hand #HD1211031503: Hold'em No Limit  ($0.02/$0.05) - 2023/04/20 19:49:34
Table 'NLHBlue108' 6-max Seat #5 is the button
Seat 1: d49524e3 ($5.28 in chips)
Seat 2: 9b1c6bae ($10.5 in chips)
Seat 4: 1383c5a1 ($10.7 in chips)
Seat 5: d1618618 ($5.07 in chips)
Seat 6: Hero ($5 in chips)
Hero: posts small blind $0.02
d49524e3: posts big blind $0.05
*** HOLE CARDS ***
Dealt to d49524e3 
Dealt to 9b1c6bae 
Dealt to 1383c5a1 
Dealt to d1618618 
Dealt to Hero [Js 4h]
9b1c6bae: raises $0.06 to $0.11
1383c5a1: folds
d1618618: folds
Hero: folds
d49524e3: folds
Uncalled bet ($0.06) returned to 9b1c6bae
*** SHOWDOWN ***
9b1c6bae collected $0.12 from pot
*** SUMMARY ***
Total pot $0.12 | Rake $0 | Jackpot $0 | Bingo $0 | Fortune $0
Seat 1: d49524e3 (big blind) folded before Flop
Seat 2: 9b1c6bae collected ($0.12)
Seat 4: 1383c5a1 folded before Flop (didn't bet)
Seat 5: d1618618 (button) folded before Flop (didn't bet)
Seat 6: Hero (small blind) folded before Flop


Poker Hand #HD1211031426: Hold'em No Limit  ($0.02/$0.05) - 2023/04/20 19:48:52
Table 'NLHBlue108' 6-max Seat #4 is the button
Seat 1: d49524e3 ($5.07 in chips)
Seat 2: 9b1c6bae ($10.5 in chips)
Seat 4: 1383c5a1 ($10.7 in chips)
Seat 5: d1618618 ($5.09 in chips)
Seat 6: Hero ($5 in chips)
d1618618: posts small blind $0.02
Hero: posts big blind $0.05
*** HOLE CARDS ***
Dealt to d49524e3 
Dealt to 9b1c6bae 
Dealt to 1383c5a1 
Dealt to d1618618 
Dealt to Hero [5d 8d]
d49524e3: raises $0.05 to $0.1
9b1c6bae: folds
1383c5a1: folds
d1618618: folds
Hero: calls $0.05
*** FLOP *** [4s Tc 8c]
Hero: bets $0.11
d49524e3: raises $0.15 to $0.26
Hero: folds
Uncalled bet ($0.15) returned to d49524e3
*** SHOWDOWN ***
d49524e3 collected $0.42 from pot
*** SUMMARY ***
Total pot $0.44 | Rake $0.02 | Jackpot $0 | Bingo $0 | Fortune $0
Board [4s Tc 8c]
Seat 1: d49524e3 won ($0.42)
Seat 2: 9b1c6bae folded before Flop (didn't bet)
Seat 4: 1383c5a1 (button) folded before Flop (didn't bet)
Seat 5: d1618618 (small blind) folded before Flop
Seat 6: Hero (big blind) folded on the Flop


Poker Hand #HD1211031404: Hold'em No Limit  ($0.02/$0.05) - 2023/04/20 19:48:39
Table 'NLHBlue108' 6-max Seat #2 is the button
Seat 1: d49524e3 ($5.07 in chips)
Seat 2: 9b1c6bae ($10.5 in chips)
Seat 4: 1383c5a1 ($10.72 in chips)
Seat 5: d1618618 ($5.07 in chips)
Seat 6: Hero ($5 in chips)
1383c5a1: posts small blind $0.02
d1618618: posts big blind $0.05
*** HOLE CARDS ***
Dealt to d49524e3 
Dealt to 9b1c6bae 
Dealt to 1383c5a1 
Dealt to d1618618 
Dealt to Hero [5c 6s]
Hero: folds
d49524e3: folds
9b1c6bae: folds
1383c5a1: folds
Uncalled bet ($0.03) returned to d1618618
*** SHOWDOWN ***
d1618618 collected $0.04 from pot
*** SUMMARY ***
Total pot $0.04 | Rake $0 | Jackpot $0 | Bingo $0 | Fortune $0
Seat 1: d49524e3 folded before Flop (didn't bet)
Seat 2: 9b1c6bae (button) folded before Flop (didn't bet)
Seat 4: 1383c5a1 (small blind) folded before Flop
Seat 5: d1618618 (big blind) collected ($0.04)
Seat 6: Hero folded before Flop (didn't bet)


Poker Hand #HD1211031347: Hold'em No Limit  ($0.02/$0.05) - 2023/04/20 19:48:07
Table 'NLHBlue108' 6-max Seat #1 is the button
Seat 1: d49524e3 ($5 in chips)
Seat 2: 9b1c6bae ($10.52 in chips)
Seat 4: 1383c5a1 ($10.77 in chips)
Seat 5: d1618618 ($5.07 in chips)
Seat 6: Hero ($5 in chips)
9b1c6bae: posts small blind $0.02
1383c5a1: posts big blind $0.05
*** HOLE CARDS ***
Dealt to d49524e3 
Dealt to 9b1c6bae 
Dealt to 1383c5a1 
Dealt to d1618618 
Dealt to Hero [2d Js]
d1618618: folds
Hero: folds
d49524e3: raises $0.05 to $0.1
9b1c6bae: folds
1383c5a1: folds
Uncalled bet ($0.05) returned to d49524e3
*** SHOWDOWN ***
d49524e3 collected $0.12 from pot
*** SUMMARY ***
Total pot $0.12 | Rake $0 | Jackpot $0 | Bingo $0 | Fortune $0
Seat 1: d49524e3 (button) collected ($0.12)
Seat 2: 9b1c6bae (small blind) folded before Flop
Seat 4: 1383c5a1 (big blind) folded before Flop
Seat 5: d1618618 folded before Flop (didn't bet)
Seat 6: Hero folded before Flop (didn't bet)


Poker Hand #HD1211031287: Hold'em No Limit  ($0.02/$0.05) - 2023/04/20 19:47:32
Table 'NLHBlue108' 6-max Seat #6 is the button
Seat 1: d49524e3 ($5 in chips)
Seat 2: 9b1c6bae ($10.36 in chips)
Seat 4: 1383c5a1 ($10.92 in chips)
Seat 5: d1618618 ($5.07 in chips)
Seat 6: Hero ($5 in chips)
d49524e3: posts small blind $0.02
9b1c6bae: posts big blind $0.05
*** HOLE CARDS ***
Dealt to d49524e3 
Dealt to 9b1c6bae 
Dealt to 1383c5a1 
Dealt to d1618618 
Dealt to Hero [Ac 2h]
1383c5a1: raises $0.1 to $0.15
d1618618: folds
Hero: folds
d49524e3: folds
9b1c6bae: raises $0.4 to $0.55
1383c5a1: folds
Uncalled bet ($0.4) returned to 9b1c6bae
*** SHOWDOWN ***
9b1c6bae collected $0.31 from pot
*** SUMMARY ***
Total pot $0.32 | Rake $0.01 | Jackpot $0 | Bingo $0 | Fortune $0
Seat 1: d49524e3 (small blind) folded before Flop
Seat 2: 9b1c6bae (big blind) collected ($0.31)
Seat 4: 1383c5a1 folded before Flop
Seat 5: d1618618 folded before Flop (didn't bet)
Seat 6: Hero (button) folded before Flop (didn't bet)


Poker Hand #HD1211031253: Hold'em No Limit  ($0.02/$0.05) - 2023/04/20 19:47:11
Table 'NLHBlue108' 6-max Seat #5 is the button
Seat 1: d49524e3 ($5 in chips)
Seat 2: 9b1c6bae ($10.36 in chips)
Seat 4: 1383c5a1 ($10.92 in chips)
Seat 5: d1618618 ($5 in chips)
Seat 6: Hero ($5 in chips)
Hero: posts small blind $0.02
d49524e3: posts big blind $0.05
*** HOLE CARDS ***
Dealt to d49524e3 
Dealt to 9b1c6bae 
Dealt to 1383c5a1 
Dealt to d1618618 
Dealt to Hero [Qd 5s]
9b1c6bae: folds
1383c5a1: folds
d1618618: raises $0.07 to $0.12
Hero: folds
d49524e3: folds
Uncalled bet ($0.07) returned to d1618618
*** SHOWDOWN ***
d1618618 collected $0.12 from pot
*** SUMMARY ***
Total pot $0.12 | Rake $0 | Jackpot $0 | Bingo $0 | Fortune $0
Seat 1: d49524e3 (big blind) folded before Flop
Seat 2: 9b1c6bae folded before Flop (didn't bet)
Seat 4: 1383c5a1 folded before Flop (didn't bet)
Seat 5: d1618618 (button) collected ($0.12)
Seat 6: Hero (small blind) folded before Flop


Poker Hand #HD1211031216: Hold'em No Limit  ($0.02/$0.05) - 2023/04/20 19:46:48
Table 'NLHBlue108' 6-max Seat #4 is the button
Seat 1: d49524e3 ($5 in chips)
Seat 2: 9b1c6bae ($10.36 in chips)
Seat 4: 1383c5a1 ($10.85 in chips)
Seat 5: d1618618 ($5 in chips)
Seat 6: Hero ($5 in chips)
d1618618: posts small blind $0.02
Hero: posts big blind $0.05
*** HOLE CARDS ***
Dealt to d49524e3 
Dealt to 9b1c6bae 
Dealt to 1383c5a1 
Dealt to d1618618 
Dealt to Hero [2h 3d]
d49524e3: folds
9b1c6bae: folds
1383c5a1: raises $0.08 to $0.13
d1618618: folds
Hero: folds
Uncalled bet ($0.08) returned to 1383c5a1
*** SHOWDOWN ***
1383c5a1 collected $0.12 from pot
*** SUMMARY ***
Total pot $0.12 | Rake $0 | Jackpot $0 | Bingo $0 | Fortune $0
Seat 1: d49524e3 folded before Flop (didn't bet)
Seat 2: 9b1c6bae folded before Flop (didn't bet)
Seat 4: 1383c5a1 (button) collected ($0.12)
Seat 5: d1618618 (small blind) folded before Flop
Seat 6: Hero (big blind) folded before Flop


