Poker Hand #HD1602543641: Hold'em No Limit ($0.02/$0.05) - 2024/01/23 17:04:23
Table 'NLHBlue104' 6-max Seat #3 is the button
Seat 1: Hero ($5.2 in chips)
Seat 2: 9ffe8a76 ($5 in chips)
Seat 3: 49b64d0b ($5.53 in chips)
Seat 4: 6f7dbcc ($6.45 in chips)
Seat 5: 769d2f43 ($6.23 in chips)
Seat 6: 3dca18c ($5.07 in chips)
6f7dbcc: posts small blind $0.02
769d2f43: posts big blind $0.05
*** HOLE CARDS ***
Dealt to Hero [9h 9d]
Dealt to 9ffe8a76 
Dealt to 49b64d0b 
Dealt to 6f7dbcc 
Dealt to 769d2f43 
Dealt to 3dca18c 
3dca18c: folds
Hero: raises $0.07 to $0.12
9ffe8a76: folds
49b64d0b: folds
6f7dbcc: folds
769d2f43: raises $0.38 to $0.5
Hero: calls $0.38
*** FLOP *** [8c 7d 3h]
769d2f43: checks
Hero: bets $0.87
769d2f43: calls $0.87
*** TURN *** [8c 7d 3h] [2h]
769d2f43: checks
Hero: bets $0.92
769d2f43: raises $3.94 to $4.86 and is all-in
Hero: calls $2.91 and is all-in
Uncalled bet ($1.03) returned to 769d2f43
769d2f43: shows [Kh Kc] (Pair of Kings)
Hero: shows [9h 9d] (Pair of Nines)
*** RIVER *** [8c 7d 3h 2h] [2d]
*** SHOWDOWN ***
769d2f43 collected $9.87 from pot
*** SUMMARY ***
Total pot $10.42 | Rake $0.5 | Jackpot $0.05 | Bingo $0 | Fortune $0 | Tax $0
Board [8c 7d 3h 2h 2d]
Seat 1: Hero showed [9h 9d] and lost with Pair of Nines and Pair of Twos
Seat 2: 9ffe8a76 folded before Flop (didn't bet)
Seat 3: 49b64d0b (button) folded before Flop (didn't bet)
Seat 4: 6f7dbcc (small blind) folded before Flop
Seat 5: 769d2f43 (big blind) showed [Kh Kc] and won ($9.87) with Pair of Kings and Pair of Twos
Seat 6: 3dca18c folded before Flop (didn't bet)


Poker Hand #HD1602543588: Hold'em No Limit ($0.02/$0.05) - 2024/01/23 17:04:00
Table 'NLHBlue104' 6-max Seat #2 is the button
Seat 1: Hero ($5.13 in chips)
Seat 2: 9ffe8a76 ($5 in chips)
Seat 3: 49b64d0b ($5.55 in chips)
Seat 4: 6f7dbcc ($6.5 in chips)
Seat 5: 769d2f43 ($6.23 in chips)
Seat 6: 3dca18c ($5.07 in chips)
49b64d0b: posts small blind $0.02
6f7dbcc: posts big blind $0.05
*** HOLE CARDS ***
Dealt to Hero [3h 3d]
Dealt to 9ffe8a76 
Dealt to 49b64d0b 
Dealt to 6f7dbcc 
Dealt to 769d2f43 
Dealt to 3dca18c 
769d2f43: folds
3dca18c: folds
Hero: raises $0.07 to $0.12
9ffe8a76: folds
49b64d0b: folds
6f7dbcc: folds
Uncalled bet ($0.07) returned to Hero
*** SHOWDOWN ***
Hero collected $0.12 from pot
*** SUMMARY ***
Total pot $0.12 | Rake $0 | Jackpot $0 | Bingo $0 | Fortune $0 | Tax $0
Seat 1: Hero collected ($0.12)
Seat 2: 9ffe8a76 (button) folded before Flop (didn't bet)
Seat 3: 49b64d0b (small blind) folded before Flop
Seat 4: 6f7dbcc (big blind) folded before Flop
Seat 5: 769d2f43 folded before Flop (didn't bet)
Seat 6: 3dca18c folded before Flop (didn't bet)


Poker Hand #HD1602543569: Hold'em No Limit ($0.02/$0.05) - 2024/01/23 17:03:50
Table 'NLHBlue104' 6-max Seat #1 is the button
Seat 1: Hero ($5.13 in chips)
Seat 2: 9ffe8a76 ($5 in chips)
Seat 3: 49b64d0b ($5.53 in chips)
Seat 4: 6f7dbcc ($6.5 in chips)
Seat 5: 769d2f43 ($6.23 in chips)
Seat 6: 3dca18c ($5.07 in chips)
9ffe8a76: posts small blind $0.02
49b64d0b: posts big blind $0.05
*** HOLE CARDS ***
Dealt to Hero [8h Ac]
Dealt to 9ffe8a76 
Dealt to 49b64d0b 
Dealt to 6f7dbcc 
Dealt to 769d2f43 
Dealt to 3dca18c 
6f7dbcc: folds
769d2f43: folds
3dca18c: folds
Hero: folds
9ffe8a76: folds
Uncalled bet ($0.03) returned to 49b64d0b
*** SHOWDOWN ***
49b64d0b collected $0.04 from pot
*** SUMMARY ***
Total pot $0.04 | Rake $0 | Jackpot $0 | Bingo $0 | Fortune $0 | Tax $0
Seat 1: Hero (button) folded before Flop (didn't bet)
Seat 2: 9ffe8a76 (small blind) folded before Flop
Seat 3: 49b64d0b (big blind) collected ($0.04)
Seat 4: 6f7dbcc folded before Flop (didn't bet)
Seat 5: 769d2f43 folded before Flop (didn't bet)
Seat 6: 3dca18c folded before Flop (didn't bet)


Poker Hand #HD1602543499: Hold'em No Limit ($0.02/$0.05) - 2024/01/23 17:03:16
Table 'NLHBlue104' 6-max Seat #6 is the button
Seat 1: Hero ($5 in chips)
Seat 2: 9ffe8a76 ($5 in chips)
Seat 3: 49b64d0b ($5.53 in chips)
Seat 4: 6f7dbcc ($6.5 in chips)
Seat 5: 769d2f43 ($6.23 in chips)
Seat 6: 3dca18c ($5.07 in chips)
Hero: posts small blind $0.02
9ffe8a76: posts big blind $0.05
*** HOLE CARDS ***
Dealt to Hero [Kc Ks]
Dealt to 9ffe8a76 
Dealt to 49b64d0b 
Dealt to 6f7dbcc 
Dealt to 769d2f43 
Dealt to 3dca18c 
49b64d0b: folds
6f7dbcc: folds
769d2f43: folds
3dca18c: folds
Hero: raises $0.09 to $0.14
9ffe8a76: calls $0.09
*** FLOP *** [3c 2c 8s]
Hero: bets $0.16
9ffe8a76: folds
Uncalled bet ($0.16) returned to Hero
*** SHOWDOWN ***
Hero collected $0.27 from pot
*** SUMMARY ***
Total pot $0.28 | Rake $0.01 | Jackpot $0 | Bingo $0 | Fortune $0 | Tax $0
Board [3c 2c 8s]
Seat 1: Hero (small blind) won ($0.27)
Seat 2: 9ffe8a76 (big blind) folded on the Flop
Seat 3: 49b64d0b folded before Flop (didn't bet)
Seat 4: 6f7dbcc folded before Flop (didn't bet)
Seat 5: 769d2f43 folded before Flop (didn't bet)
Seat 6: 3dca18c (button) folded before Flop (didn't bet)


Poker Hand #HD1602543378: Hold'em No Limit ($0.02/$0.05) - 2024/01/23 17:02:20
Table 'NLHBlue104' 6-max Seat #5 is the button
Seat 1: Hero ($5 in chips)
Seat 2: 9ffe8a76 ($5 in chips)
Seat 3: 49b64d0b ($5.42 in chips)
Seat 4: 6f7dbcc ($6.5 in chips)
Seat 5: 769d2f43 ($6.23 in chips)
Seat 6: 3dca18c ($5.09 in chips)
3dca18c: posts small blind $0.02
Hero: posts big blind $0.05
*** HOLE CARDS ***
Dealt to Hero [5c 4c]
Dealt to 9ffe8a76 
Dealt to 49b64d0b 
Dealt to 6f7dbcc 
Dealt to 769d2f43 
Dealt to 3dca18c 
9ffe8a76: folds
49b64d0b: raises $0.05 to $0.1
6f7dbcc: folds
769d2f43: folds
3dca18c: folds
Hero: calls $0.05
*** FLOP *** [3s 8c Ks]
Hero: checks
49b64d0b: checks
*** TURN *** [3s 8c Ks] [9s]
Hero: checks
49b64d0b: checks
*** RIVER *** [3s 8c Ks 9s] [Qc]
Hero: checks
49b64d0b: checks
Hero: shows [5c 4c] (King-High)
49b64d0b: shows [Ah Js] (Ace-High)
*** SHOWDOWN ***
49b64d0b collected $0.21 from pot
*** SUMMARY ***
Total pot $0.22 | Rake $0.01 | Jackpot $0 | Bingo $0 | Fortune $0 | Tax $0
Board [3s 8c Ks 9s Qc]
Seat 1: Hero (big blind) showed [5c 4c] and lost with King-High
Seat 2: 9ffe8a76 folded before Flop (didn't bet)
Seat 3: 49b64d0b showed [Ah Js] and won ($0.21) with Ace-High
Seat 4: 6f7dbcc folded before Flop (didn't bet)
Seat 5: 769d2f43 (button) folded before Flop (didn't bet)
Seat 6: 3dca18c (small blind) folded before Flop


Poker Hand #HD1602543348: Hold'em No Limit ($0.02/$0.05) - 2024/01/23 17:02:03
Table 'NLHBlue104' 6-max Seat #4 is the button
Seat 1: Hero ($5 in chips)
Seat 2: 9ffe8a76 ($5 in chips)
Seat 3: 49b64d0b ($5.42 in chips)
Seat 4: 6f7dbcc ($6.5 in chips)
Seat 5: 769d2f43 ($6.25 in chips)
Seat 6: 3dca18c ($5.07 in chips)
769d2f43: posts small blind $0.02
3dca18c: posts big blind $0.05
*** HOLE CARDS ***
Dealt to Hero [Tc 5d]
Dealt to 9ffe8a76 
Dealt to 49b64d0b 
Dealt to 6f7dbcc 
Dealt to 769d2f43 
Dealt to 3dca18c 
Hero: folds
9ffe8a76: folds
49b64d0b: folds
6f7dbcc: folds
769d2f43: folds
Uncalled bet ($0.03) returned to 3dca18c
*** SHOWDOWN ***
3dca18c collected $0.04 from pot
*** SUMMARY ***
Total pot $0.04 | Rake $0 | Jackpot $0 | Bingo $0 | Fortune $0 | Tax $0
Seat 1: Hero folded before Flop (didn't bet)
Seat 2: 9ffe8a76 folded before Flop (didn't bet)
Seat 3: 49b64d0b folded before Flop (didn't bet)
Seat 4: 6f7dbcc (button) folded before Flop (didn't bet)
Seat 5: 769d2f43 (small blind) folded before Flop
Seat 6: 3dca18c (big blind) collected ($0.04)


Poker Hand #HD1602543257: Hold'em No Limit ($0.02/$0.05) - 2024/01/23 17:01:20
Table 'NLHBlue104' 6-max Seat #3 is the button
Seat 1: Hero ($5 in chips)
Seat 2: 9ffe8a76 ($5 in chips)
Seat 3: 49b64d0b ($5.42 in chips)
Seat 4: 6f7dbcc ($6.52 in chips)
Seat 5: 769d2f43 ($6.12 in chips)
Seat 6: 3dca18c ($5.07 in chips)
6f7dbcc: posts small blind $0.02
769d2f43: posts big blind $0.05
*** HOLE CARDS ***
Dealt to Hero [Kh Js]
Dealt to 9ffe8a76 
Dealt to 49b64d0b 
Dealt to 6f7dbcc 
Dealt to 769d2f43 
Dealt to 3dca18c 
3dca18c: folds
Hero: raises $0.07 to $0.12
9ffe8a76: folds
49b64d0b: folds
6f7dbcc: folds
769d2f43: calls $0.07
*** FLOP *** [3c 7d 8h]
769d2f43: checks
Hero: checks
*** TURN *** [3c 7d 8h] [4c]
769d2f43: checks
Hero: checks
*** RIVER *** [3c 7d 8h 4c] [Ac]
769d2f43: bets $0.14
Hero: folds
Uncalled bet ($0.14) returned to 769d2f43
*** SHOWDOWN ***
769d2f43 collected $0.25 from pot
*** SUMMARY ***
Total pot $0.26 | Rake $0.01 | Jackpot $0 | Bingo $0 | Fortune $0 | Tax $0
Board [3c 7d 8h 4c Ac]
Seat 1: Hero folded on the River
Seat 2: 9ffe8a76 folded before Flop (didn't bet)
Seat 3: 49b64d0b (button) folded before Flop (didn't bet)
Seat 4: 6f7dbcc (small blind) folded before Flop
Seat 5: 769d2f43 (big blind) won ($0.25)
Seat 6: 3dca18c folded before Flop (didn't bet)


Poker Hand #HD1602543220: Hold'em No Limit ($0.02/$0.05) - 2024/01/23 17:01:04
Table 'NLHBlue104' 6-max Seat #2 is the button
Seat 1: Hero ($5 in chips)
Seat 2: 9ffe8a76 ($5 in chips)
Seat 3: 49b64d0b ($5.44 in chips)
Seat 4: 6f7dbcc ($6.5 in chips)
Seat 5: 769d2f43 ($6.12 in chips)
Seat 6: 3dca18c ($5.07 in chips)
49b64d0b: posts small blind $0.02
6f7dbcc: posts big blind $0.05
*** HOLE CARDS ***
Dealt to Hero [Jc Qs]
Dealt to 9ffe8a76 
Dealt to 49b64d0b 
Dealt to 6f7dbcc 
Dealt to 769d2f43 
Dealt to 3dca18c 
769d2f43: folds
3dca18c: folds
Hero: folds
9ffe8a76: folds
49b64d0b: folds
Uncalled bet ($0.03) returned to 6f7dbcc
*** SHOWDOWN ***
6f7dbcc collected $0.04 from pot
*** SUMMARY ***
Total pot $0.04 | Rake $0 | Jackpot $0 | Bingo $0 | Fortune $0 | Tax $0
Seat 1: Hero folded before Flop (didn't bet)
Seat 2: 9ffe8a76 (button) folded before Flop (didn't bet)
Seat 3: 49b64d0b (small blind) folded before Flop
Seat 4: 6f7dbcc (big blind) collected ($0.04)
Seat 5: 769d2f43 folded before Flop (didn't bet)
Seat 6: 3dca18c folded before Flop (didn't bet)


Poker Hand #HD1602543162: Hold'em No Limit ($0.02/$0.05) - 2024/01/23 17:00:36
Table 'NLHBlue104' 6-max Seat #1 is the button
Seat 1: Hero ($5 in chips)
Seat 2: 9ffe8a76 ($5 in chips)
Seat 3: 49b64d0b ($5.49 in chips)
Seat 4: 6f7dbcc ($6.5 in chips)
Seat 5: 769d2f43 ($6.12 in chips)
Seat 6: 3dca18c ($5 in chips)
9ffe8a76: posts small blind $0.02
49b64d0b: posts big blind $0.05
*** HOLE CARDS ***
Dealt to Hero [2c Qs]
Dealt to 9ffe8a76 
Dealt to 49b64d0b 
Dealt to 6f7dbcc 
Dealt to 769d2f43 
Dealt to 3dca18c 
6f7dbcc: folds
769d2f43: folds
3dca18c: calls $0.05
Hero: folds
9ffe8a76: folds
49b64d0b: checks
*** FLOP *** [7c Qc Js]
49b64d0b: checks
3dca18c: bets $0.12
49b64d0b: folds
Uncalled bet ($0.12) returned to 3dca18c
*** SHOWDOWN ***
3dca18c collected $0.12 from pot
*** SUMMARY ***
Total pot $0.12 | Rake $0 | Jackpot $0 | Bingo $0 | Fortune $0 | Tax $0
Board [7c Qc Js]
Seat 1: Hero (button) folded before Flop (didn't bet)
Seat 2: 9ffe8a76 (small blind) folded before Flop
Seat 3: 49b64d0b (big blind) folded on the Flop
Seat 4: 6f7dbcc folded before Flop (didn't bet)
Seat 5: 769d2f43 folded before Flop (didn't bet)
Seat 6: 3dca18c won ($0.12)


Poker Hand #HD1602543050: Hold'em No Limit ($0.02/$0.05) - 2024/01/23 16:59:47
Table 'NLHBlue104' 6-max Seat #6 is the button
Seat 1: Hero ($5 in chips)
Seat 2: 9ffe8a76 ($5 in chips)
Seat 3: 49b64d0b ($5.33 in chips)
Seat 4: 6f7dbcc ($6.5 in chips)
Seat 5: 769d2f43 ($6.12 in chips)
Seat 6: 3dca18c ($5 in chips)
Hero: posts small blind $0.02
9ffe8a76: posts big blind $0.05
*** HOLE CARDS ***
Dealt to Hero [Td Ah]
Dealt to 9ffe8a76 
Dealt to 49b64d0b 
Dealt to 6f7dbcc 
Dealt to 769d2f43 
Dealt to 3dca18c 
49b64d0b: raises $0.05 to $0.1
6f7dbcc: folds
769d2f43: folds
3dca18c: calls $0.1
Hero: folds
9ffe8a76: folds
*** FLOP *** [Ac 3h As]
49b64d0b: checks
3dca18c: checks
*** TURN *** [Ac 3h As] [9h]
49b64d0b: checks
3dca18c: checks
*** RIVER *** [Ac 3h As 9h] [2c]
49b64d0b: checks
3dca18c: checks
49b64d0b: shows [7d 7c] (Pair of Aces and Pair of Sevens)
3dca18c: shows [Js Kd] (Pair of Aces)
*** SHOWDOWN ***
49b64d0b collected $0.26 from pot
*** SUMMARY ***
Total pot $0.27 | Rake $0.01 | Jackpot $0 | Bingo $0 | Fortune $0 | Tax $0
Board [Ac 3h As 9h 2c]
Seat 1: Hero (small blind) folded before Flop
Seat 2: 9ffe8a76 (big blind) folded before Flop
Seat 3: 49b64d0b showed [7d 7c] and won ($0.26) with Pair of Aces and Pair of Sevens
Seat 4: 6f7dbcc folded before Flop (didn't bet)
Seat 5: 769d2f43 folded before Flop (didn't bet)
Seat 6: 3dca18c (button) showed [Js Kd] and lost with Pair of Aces


Poker Hand #HD1602542993: Hold'em No Limit ($0.02/$0.05) - 2024/01/23 16:59:23
Table 'NLHBlue104' 6-max Seat #5 is the button
Seat 1: Hero ($5 in chips)
Seat 2: 9ffe8a76 ($5 in chips)
Seat 3: 49b64d0b ($5.26 in chips)
Seat 4: 6f7dbcc ($6.5 in chips)
Seat 5: 769d2f43 ($6.12 in chips)
Seat 6: 3dca18c ($5 in chips)
3dca18c: posts small blind $0.02
Hero: posts big blind $0.05
*** HOLE CARDS ***
Dealt to Hero [9s 8c]
Dealt to 9ffe8a76 
Dealt to 49b64d0b 
Dealt to 6f7dbcc 
Dealt to 769d2f43 
Dealt to 3dca18c 
9ffe8a76: folds
49b64d0b: raises $0.05 to $0.1
6f7dbcc: folds
769d2f43: folds
3dca18c: folds
Hero: folds
Uncalled bet ($0.05) returned to 49b64d0b
*** SHOWDOWN ***
49b64d0b collected $0.12 from pot
*** SUMMARY ***
Total pot $0.12 | Rake $0 | Jackpot $0 | Bingo $0 | Fortune $0 | Tax $0
Seat 1: Hero (big blind) folded before Flop
Seat 2: 9ffe8a76 folded before Flop (didn't bet)
Seat 3: 49b64d0b collected ($0.12)
Seat 4: 6f7dbcc folded before Flop (didn't bet)
Seat 5: 769d2f43 (button) folded before Flop (didn't bet)
Seat 6: 3dca18c (small blind) folded before Flop


