Poker Hand #HD1175968154: Hold'em No Limit  ($0.02/$0.05) - 2023/03/25 23:43:30
Table 'NLHBlue7' 6-max Seat #6 is the button
Seat 3: 5e10da43 ($5.05 in chips)
Seat 5: b0498646 ($5.4 in chips)
Seat 6: Hero ($5.65 in chips)
5e10da43: posts small blind $0.02
b0498646: posts big blind $0.05
*** HOLE CARDS ***
Dealt to 5e10da43 
Dealt to b0498646 
Dealt to Hero [6s 8d]
Hero: folds
5e10da43: folds
Uncalled bet ($0.03) returned to b0498646
*** SHOWDOWN ***
b0498646 collected $0.04 from pot
*** SUMMARY ***
Total pot $0.04 | Rake $0 | Jackpot $0 | Bingo $0 | Fortune $0
Seat 3: 5e10da43 (small blind) folded before Flop
Seat 5: b0498646 (big blind) collected ($0.04)
Seat 6: Hero (button) folded before Flop (didn't bet)


Poker Hand #HD1175968138: Hold'em No Limit  ($0.02/$0.05) - 2023/03/25 23:43:24
Table 'NLHBlue7' 6-max Seat #5 is the button
Seat 3: 5e10da43 ($5.03 in chips)
Seat 5: b0498646 ($5.4 in chips)
Seat 6: Hero ($5.67 in chips)
Hero: posts small blind $0.02
5e10da43: posts big blind $0.05
*** HOLE CARDS ***
Dealt to 5e10da43 
Dealt to b0498646 
Dealt to Hero [3h 8d]
b0498646: folds
Hero: folds
Uncalled bet ($0.03) returned to 5e10da43
*** SHOWDOWN ***
5e10da43 collected $0.04 from pot
*** SUMMARY ***
Total pot $0.04 | Rake $0 | Jackpot $0 | Bingo $0 | Fortune $0
Seat 3: 5e10da43 (big blind) collected ($0.04)
Seat 5: b0498646 (button) folded before Flop (didn't bet)
Seat 6: Hero (small blind) folded before Flop


Poker Hand #HD1175968128: Hold'em No Limit  ($0.02/$0.05) - 2023/03/25 23:43:17
Table 'NLHBlue7' 6-max Seat #3 is the button
Seat 3: 5e10da43 ($5.03 in chips)
Seat 5: b0498646 ($5.42 in chips)
Seat 6: Hero ($5.65 in chips)
b0498646: posts small blind $0.02
Hero: posts big blind $0.05
*** HOLE CARDS ***
Dealt to 5e10da43 
Dealt to b0498646 
Dealt to Hero [4d Ac]
5e10da43: folds
b0498646: folds
Uncalled bet ($0.03) returned to Hero
*** SHOWDOWN ***
Hero collected $0.04 from pot
*** SUMMARY ***
Total pot $0.04 | Rake $0 | Jackpot $0 | Bingo $0 | Fortune $0
Seat 3: 5e10da43 (button) folded before Flop (didn't bet)
Seat 5: b0498646 (small blind) folded before Flop
Seat 6: Hero (big blind) collected ($0.04)


Poker Hand #HD1175968074: Hold'em No Limit  ($0.02/$0.05) - 2023/03/25 23:42:52
Table 'NLHBlue7' 6-max Seat #6 is the button
Seat 3: 5e10da43 ($5.05 in chips)
Seat 5: b0498646 ($5.4 in chips)
Seat 6: Hero ($5.65 in chips)
5e10da43: posts small blind $0.02
b0498646: posts big blind $0.05
*** HOLE CARDS ***
Dealt to 5e10da43 
Dealt to b0498646 
Dealt to Hero [5d 9d]
Hero: folds
5e10da43: folds
Uncalled bet ($0.03) returned to b0498646
*** SHOWDOWN ***
b0498646 collected $0.04 from pot
*** SUMMARY ***
Total pot $0.04 | Rake $0 | Jackpot $0 | Bingo $0 | Fortune $0
Seat 3: 5e10da43 (small blind) folded before Flop
Seat 5: b0498646 (big blind) collected ($0.04)
Seat 6: Hero (button) folded before Flop (didn't bet)


Poker Hand #HD1175968027: Hold'em No Limit  ($0.02/$0.05) - 2023/03/25 23:42:25
Table 'NLHBlue7' 6-max Seat #5 is the button
Seat 3: 5e10da43 ($5.03 in chips)
Seat 4: bdb33ea1 ($5.03 in chips)
Seat 5: b0498646 ($5.4 in chips)
Seat 6: Hero ($5.67 in chips)
Hero: posts small blind $0.02
5e10da43: posts big blind $0.05
*** HOLE CARDS ***
Dealt to 5e10da43 
Dealt to bdb33ea1 
Dealt to b0498646 
Dealt to Hero [4s 6h]
bdb33ea1: folds
b0498646: folds
Hero: folds
Uncalled bet ($0.03) returned to 5e10da43
*** SHOWDOWN ***
5e10da43 collected $0.04 from pot
*** SUMMARY ***
Total pot $0.04 | Rake $0 | Jackpot $0 | Bingo $0 | Fortune $0
Seat 3: 5e10da43 (big blind) collected ($0.04)
Seat 4: bdb33ea1 folded before Flop (didn't bet)
Seat 5: b0498646 (button) folded before Flop (didn't bet)
Seat 6: Hero (small blind) folded before Flop


Poker Hand #HD1175967984: Hold'em No Limit  ($0.02/$0.05) - 2023/03/25 23:42:04
Table 'NLHBlue7' 6-max Seat #4 is the button
Seat 1: 9d5b86ea ($6.28 in chips)
Seat 3: 5e10da43 ($5.03 in chips)
Seat 4: bdb33ea1 ($5.03 in chips)
Seat 5: b0498646 ($5.42 in chips)
Seat 6: Hero ($5.65 in chips)
b0498646: posts small blind $0.02
Hero: posts big blind $0.05
*** HOLE CARDS ***
Dealt to 9d5b86ea 
Dealt to 5e10da43 
Dealt to bdb33ea1 
Dealt to b0498646 
Dealt to Hero [Kc 9c]
9d5b86ea: folds
5e10da43: folds
bdb33ea1: folds
b0498646: folds
Uncalled bet ($0.03) returned to Hero
*** SHOWDOWN ***
Hero collected $0.04 from pot
*** SUMMARY ***
Total pot $0.04 | Rake $0 | Jackpot $0 | Bingo $0 | Fortune $0
Seat 1: 9d5b86ea folded before Flop (didn't bet)
Seat 3: 5e10da43 folded before Flop (didn't bet)
Seat 4: bdb33ea1 (button) folded before Flop (didn't bet)
Seat 5: b0498646 (small blind) folded before Flop
Seat 6: Hero (big blind) collected ($0.04)


Poker Hand #HD1175967935: Hold'em No Limit  ($0.02/$0.05) - 2023/03/25 23:41:38
Table 'NLHBlue7' 6-max Seat #3 is the button
Seat 1: 9d5b86ea ($6.21 in chips)
Seat 3: 5e10da43 ($5.03 in chips)
Seat 4: bdb33ea1 ($5.05 in chips)
Seat 5: b0498646 ($5.47 in chips)
Seat 6: Hero ($5.65 in chips)
bdb33ea1: posts small blind $0.02
b0498646: posts big blind $0.05
*** HOLE CARDS ***
Dealt to 9d5b86ea 
Dealt to 5e10da43 
Dealt to bdb33ea1 
Dealt to b0498646 
Dealt to Hero [Jd 5s]
Hero: folds
9d5b86ea: raises $0.1 to $0.15
5e10da43: folds
bdb33ea1: folds
b0498646: folds
Uncalled bet ($0.1) returned to 9d5b86ea
*** SHOWDOWN ***
9d5b86ea collected $0.12 from pot
*** SUMMARY ***
Total pot $0.12 | Rake $0 | Jackpot $0 | Bingo $0 | Fortune $0
Seat 1: 9d5b86ea collected ($0.12)
Seat 3: 5e10da43 (button) folded before Flop (didn't bet)
Seat 4: bdb33ea1 (small blind) folded before Flop
Seat 5: b0498646 (big blind) folded before Flop
Seat 6: Hero folded before Flop (didn't bet)


Poker Hand #HD1175967869: Hold'em No Limit  ($0.02/$0.05) - 2023/03/25 23:41:04
Table 'NLHBlue7' 6-max Seat #1 is the button
Seat 1: 9d5b86ea ($6.14 in chips)
Seat 3: 5e10da43 ($5.05 in chips)
Seat 4: bdb33ea1 ($5 in chips)
Seat 5: b0498646 ($5.47 in chips)
Seat 6: Hero ($5.65 in chips)
5e10da43: posts small blind $0.02
bdb33ea1: posts big blind $0.05
*** HOLE CARDS ***
Dealt to 9d5b86ea 
Dealt to 5e10da43 
Dealt to bdb33ea1 
Dealt to b0498646 
Dealt to Hero [Jh 7d]
b0498646: folds
Hero: folds
9d5b86ea: raises $0.08 to $0.13
5e10da43: folds
bdb33ea1: folds
Uncalled bet ($0.08) returned to 9d5b86ea
*** SHOWDOWN ***
9d5b86ea collected $0.12 from pot
*** SUMMARY ***
Total pot $0.12 | Rake $0 | Jackpot $0 | Bingo $0 | Fortune $0
Seat 1: 9d5b86ea (button) collected ($0.12)
Seat 3: 5e10da43 (small blind) folded before Flop
Seat 4: bdb33ea1 (big blind) folded before Flop
Seat 5: b0498646 folded before Flop (didn't bet)
Seat 6: Hero folded before Flop (didn't bet)


Poker Hand #HD1175967773: Hold'em No Limit  ($0.02/$0.05) - 2023/03/25 23:40:17
Table 'NLHBlue7' 6-max Seat #6 is the button
Seat 1: 9d5b86ea ($5.5 in chips)
Seat 3: 5e10da43 ($5.1 in chips)
Seat 5: b0498646 ($6.12 in chips)
Seat 6: Hero ($5.65 in chips)
9d5b86ea: posts small blind $0.02
5e10da43: posts big blind $0.05
*** HOLE CARDS ***
Dealt to 9d5b86ea 
Dealt to 5e10da43 
Dealt to b0498646 
Dealt to Hero [2h 3h]
b0498646: raises $0.1 to $0.15
Hero: folds
9d5b86ea: raises $0.5 to $0.65
5e10da43: folds
b0498646: calls $0.5
*** FLOP *** [3d Qs 5d]
9d5b86ea: checks
b0498646: checks
*** TURN *** [3d Qs 5d] [Ks]
9d5b86ea: bets $0.99
b0498646: folds
Uncalled bet ($0.99) returned to 9d5b86ea
*** SHOWDOWN ***
9d5b86ea collected $1.29 from pot
*** SUMMARY ***
Total pot $1.35 | Rake $0.06 | Jackpot $0 | Bingo $0 | Fortune $0
Board [3d Qs 5d Ks]
Seat 1: 9d5b86ea (small blind) won ($1.29)
Seat 3: 5e10da43 (big blind) folded before Flop
Seat 5: b0498646 folded on the Turn
Seat 6: Hero (button) folded before Flop (didn't bet)


Poker Hand #HD1175967701: Hold'em No Limit  ($0.02/$0.05) - 2023/03/25 23:39:43
Table 'NLHBlue7' 6-max Seat #5 is the button
Seat 1: 9d5b86ea ($5.28 in chips)
Seat 2: c1965d92 ($9.51 in chips)
Seat 3: 5e10da43 ($5.1 in chips)
Seat 5: b0498646 ($6.12 in chips)
Seat 6: Hero ($5.89 in chips)
Hero: posts small blind $0.02
9d5b86ea: posts big blind $0.05
*** HOLE CARDS ***
Dealt to 9d5b86ea 
Dealt to c1965d92 
Dealt to 5e10da43 
Dealt to b0498646 
Dealt to Hero [Qc 9h]
c1965d92: folds
5e10da43: folds
b0498646: folds
Hero: raises $0.09 to $0.14
9d5b86ea: calls $0.09
*** FLOP *** [3d Ts 2d]
Hero: bets $0.1
9d5b86ea: raises $0.3 to $0.4
Hero: folds
Uncalled bet ($0.3) returned to 9d5b86ea
*** SHOWDOWN ***
9d5b86ea collected $0.46 from pot
*** SUMMARY ***
Total pot $0.48 | Rake $0.02 | Jackpot $0 | Bingo $0 | Fortune $0
Board [3d Ts 2d]
Seat 1: 9d5b86ea (big blind) won ($0.46)
Seat 2: c1965d92 folded before Flop (didn't bet)
Seat 3: 5e10da43 folded before Flop (didn't bet)
Seat 5: b0498646 (button) folded before Flop (didn't bet)
Seat 6: Hero (small blind) folded on the Flop


Poker Hand #HD1175967653: Hold'em No Limit  ($0.02/$0.05) - 2023/03/25 23:39:21
Table 'NLHBlue7' 6-max Seat #3 is the button
Seat 1: 9d5b86ea ($5.28 in chips)
Seat 2: c1965d92 ($9.51 in chips)
Seat 3: 5e10da43 ($5.1 in chips)
Seat 5: b0498646 ($6.14 in chips)
Seat 6: Hero ($5.87 in chips)
b0498646: posts small blind $0.02
Hero: posts big blind $0.05
*** HOLE CARDS ***
Dealt to 9d5b86ea 
Dealt to c1965d92 
Dealt to 5e10da43 
Dealt to b0498646 
Dealt to Hero [Jd Ah]
9d5b86ea: folds
c1965d92: folds
5e10da43: folds
b0498646: folds
Uncalled bet ($0.03) returned to Hero
*** SHOWDOWN ***
Hero collected $0.04 from pot
*** SUMMARY ***
Total pot $0.04 | Rake $0 | Jackpot $0 | Bingo $0 | Fortune $0
Seat 1: 9d5b86ea folded before Flop (didn't bet)
Seat 2: c1965d92 folded before Flop (didn't bet)
Seat 3: 5e10da43 (button) folded before Flop (didn't bet)
Seat 5: b0498646 (small blind) folded before Flop
Seat 6: Hero (big blind) collected ($0.04)


Poker Hand #HD1175967582: Hold'em No Limit  ($0.02/$0.05) - 2023/03/25 23:38:43
Table 'NLHBlue7' 6-max Seat #2 is the button
Seat 1: 9d5b86ea ($5.21 in chips)
Seat 2: c1965d92 ($9.51 in chips)
Seat 3: 5e10da43 ($5.12 in chips)
Seat 5: b0498646 ($6.19 in chips)
Seat 6: Hero ($5.87 in chips)
5e10da43: posts small blind $0.02
b0498646: posts big blind $0.05
*** HOLE CARDS ***
Dealt to 9d5b86ea 
Dealt to c1965d92 
Dealt to 5e10da43 
Dealt to b0498646 
Dealt to Hero [Jh 5c]
Hero: folds
9d5b86ea: calls $0.05
c1965d92: folds
5e10da43: folds
b0498646: checks
*** FLOP *** [2h 4s 8h]
b0498646: checks
9d5b86ea: bets $0.09
b0498646: folds
Uncalled bet ($0.09) returned to 9d5b86ea
*** SHOWDOWN ***
9d5b86ea collected $0.12 from pot
*** SUMMARY ***
Total pot $0.12 | Rake $0 | Jackpot $0 | Bingo $0 | Fortune $0
Board [2h 4s 8h]
Seat 1: 9d5b86ea won ($0.12)
Seat 2: c1965d92 (button) folded before Flop (didn't bet)
Seat 3: 5e10da43 (small blind) folded before Flop
Seat 5: b0498646 (big blind) folded on the Flop
Seat 6: Hero folded before Flop (didn't bet)


Poker Hand #HD1175967516: Hold'em No Limit  ($0.02/$0.05) - 2023/03/25 23:38:08
Table 'NLHBlue7' 6-max Seat #1 is the button
Seat 1: 9d5b86ea ($5 in chips)
Seat 2: c1965d92 ($9.53 in chips)
Seat 3: 5e10da43 ($5.17 in chips)
Seat 5: b0498646 ($6.34 in chips)
Seat 6: Hero ($5.87 in chips)
c1965d92: posts small blind $0.02
5e10da43: posts big blind $0.05
*** HOLE CARDS ***
Dealt to 9d5b86ea 
Dealt to c1965d92 
Dealt to 5e10da43 
Dealt to b0498646 
Dealt to Hero [3c 9h]
b0498646: raises $0.1 to $0.15
Hero: folds
9d5b86ea: raises $0.28 to $0.43
c1965d92: folds
5e10da43: folds
b0498646: folds
Uncalled bet ($0.28) returned to 9d5b86ea
*** SHOWDOWN ***
9d5b86ea collected $0.36 from pot
*** SUMMARY ***
Total pot $0.37 | Rake $0.01 | Jackpot $0 | Bingo $0 | Fortune $0
Seat 1: 9d5b86ea (button) collected ($0.36)
Seat 2: c1965d92 (small blind) folded before Flop
Seat 3: 5e10da43 (big blind) folded before Flop
Seat 5: b0498646 folded before Flop
Seat 6: Hero folded before Flop (didn't bet)


Poker Hand #HD1175967382: Hold'em No Limit  ($0.02/$0.05) - 2023/03/25 23:37:01
Table 'NLHBlue7' 6-max Seat #6 is the button
Seat 1: 9d5b86ea ($5.09 in chips)
Seat 2: c1965d92 ($8.59 in chips)
Seat 3: 5e10da43 ($5.17 in chips)
Seat 5: b0498646 ($6.49 in chips)
Seat 6: Hero ($5.87 in chips)
9d5b86ea: posts small blind $0.02
c1965d92: posts big blind $0.05
*** HOLE CARDS ***
Dealt to 9d5b86ea 
Dealt to c1965d92 
Dealt to 5e10da43 
Dealt to b0498646 
Dealt to Hero [2h Kc]
5e10da43: folds
b0498646: raises $0.1 to $0.15
Hero: folds
9d5b86ea: calls $0.13
c1965d92: calls $0.1
*** FLOP *** [Ac 4c Kd]
9d5b86ea: checks
c1965d92: checks
b0498646: checks
*** TURN *** [Ac 4c Kd] [6h]
9d5b86ea: bets $0.28
c1965d92: calls $0.28
b0498646: folds
*** RIVER *** [Ac 4c Kd 6h] [7s]
9d5b86ea: bets $0.5
c1965d92: calls $0.5
9d5b86ea: shows [3h Ah] (Pair of Aces)
c1965d92: shows [As Tc] (Pair of Aces)
*** SHOWDOWN ***
c1965d92 collected $1.87 from pot
*** SUMMARY ***
Total pot $2.01 | Rake $0.09 | Jackpot $0.05 | Bingo $0 | Fortune $0
Board [Ac 4c Kd 6h 7s]
Seat 1: 9d5b86ea (small blind) showed [3h Ah] and lost with Pair of Aces
Seat 2: c1965d92 (big blind) showed [As Tc] and won ($1.87) with Pair of Aces
Seat 3: 5e10da43 folded before Flop (didn't bet)
Seat 5: b0498646 folded on the Turn
Seat 6: Hero (button) folded before Flop (didn't bet)


Poker Hand #HD1175967354: Hold'em No Limit  ($0.02/$0.05) - 2023/03/25 23:36:49
Table 'NLHBlue7' 6-max Seat #5 is the button
Seat 1: 9d5b86ea ($5.14 in chips)
Seat 2: c1965d92 ($8.59 in chips)
Seat 3: 5e10da43 ($5.17 in chips)
Seat 5: b0498646 ($6.49 in chips)
Seat 6: Hero ($5.82 in chips)
Hero: posts small blind $0.02
9d5b86ea: posts big blind $0.05
*** HOLE CARDS ***
Dealt to 9d5b86ea 
Dealt to c1965d92 
Dealt to 5e10da43 
Dealt to b0498646 
Dealt to Hero [Kd Ah]
c1965d92: folds
5e10da43: folds
b0498646: folds
Hero: raises $0.09 to $0.14
9d5b86ea: folds
Uncalled bet ($0.09) returned to Hero
*** SHOWDOWN ***
Hero collected $0.1 from pot
*** SUMMARY ***
Total pot $0.1 | Rake $0 | Jackpot $0 | Bingo $0 | Fortune $0
Seat 1: 9d5b86ea (big blind) folded before Flop
Seat 2: c1965d92 folded before Flop (didn't bet)
Seat 3: 5e10da43 folded before Flop (didn't bet)
Seat 5: b0498646 (button) folded before Flop (didn't bet)
Seat 6: Hero (small blind) collected ($0.1)


Poker Hand #HD1175967326: Hold'em No Limit  ($0.02/$0.05) - 2023/03/25 23:36:34
Table 'NLHBlue7' 6-max Seat #3 is the button
Seat 1: 9d5b86ea ($5.07 in chips)
Seat 2: c1965d92 ($8.59 in chips)
Seat 3: 5e10da43 ($5.17 in chips)
Seat 5: b0498646 ($6.51 in chips)
Seat 6: Hero ($5.87 in chips)
b0498646: posts small blind $0.02
Hero: posts big blind $0.05
*** HOLE CARDS ***
Dealt to 9d5b86ea 
Dealt to c1965d92 
Dealt to 5e10da43 
Dealt to b0498646 
Dealt to Hero [9c 6s]
9d5b86ea: raises $0.1 to $0.15
c1965d92: folds
5e10da43: folds
b0498646: folds
Hero: folds
Uncalled bet ($0.1) returned to 9d5b86ea
*** SHOWDOWN ***
9d5b86ea collected $0.12 from pot
*** SUMMARY ***
Total pot $0.12 | Rake $0 | Jackpot $0 | Bingo $0 | Fortune $0
Seat 1: 9d5b86ea collected ($0.12)
Seat 2: c1965d92 folded before Flop (didn't bet)
Seat 3: 5e10da43 (button) folded before Flop (didn't bet)
Seat 5: b0498646 (small blind) folded before Flop
Seat 6: Hero (big blind) folded before Flop


Poker Hand #HD1175967291: Hold'em No Limit  ($0.02/$0.05) - 2023/03/25 23:36:20
Table 'NLHBlue7' 6-max Seat #2 is the button
Seat 1: 9d5b86ea ($5 in chips)
Seat 2: c1965d92 ($8.59 in chips)
Seat 3: 5e10da43 ($5.19 in chips)
Seat 5: b0498646 ($6.56 in chips)
Seat 6: Hero ($5.87 in chips)
5e10da43: posts small blind $0.02
b0498646: posts big blind $0.05
*** HOLE CARDS ***
Dealt to 9d5b86ea 
Dealt to c1965d92 
Dealt to 5e10da43 
Dealt to b0498646 
Dealt to Hero [5s Ac]
Hero: folds
9d5b86ea: raises $0.08 to $0.13
c1965d92: folds
5e10da43: folds
b0498646: folds
Uncalled bet ($0.08) returned to 9d5b86ea
*** SHOWDOWN ***
9d5b86ea collected $0.12 from pot
*** SUMMARY ***
Total pot $0.12 | Rake $0 | Jackpot $0 | Bingo $0 | Fortune $0
Seat 1: 9d5b86ea collected ($0.12)
Seat 2: c1965d92 (button) folded before Flop (didn't bet)
Seat 3: 5e10da43 (small blind) folded before Flop
Seat 5: b0498646 (big blind) folded before Flop
Seat 6: Hero folded before Flop (didn't bet)


Poker Hand #HD1175967153: Hold'em No Limit  ($0.02/$0.05) - 2023/03/25 23:35:11
Table 'NLHBlue7' 6-max Seat #1 is the button
Seat 1: 9d5b86ea ($5.4 in chips)
Seat 2: c1965d92 ($8.61 in chips)
Seat 3: 5e10da43 ($5.24 in chips)
Seat 4: bdb33ea1 ($5 in chips)
Seat 5: b0498646 ($6.56 in chips)
Seat 6: Hero ($5.06 in chips)
c1965d92: posts small blind $0.02
5e10da43: posts big blind $0.05
*** HOLE CARDS ***
Dealt to 9d5b86ea 
Dealt to c1965d92 
Dealt to 5e10da43 
Dealt to bdb33ea1 
Dealt to b0498646 
Dealt to Hero [Qc Tc]
bdb33ea1: folds
b0498646: folds
Hero: raises $0.07 to $0.12
9d5b86ea: raises $0.3 to $0.42
c1965d92: folds
5e10da43: folds
Hero: calls $0.3
*** FLOP *** [7c 5s Jh]
Hero: checks
9d5b86ea: bets $0.45
Hero: calls $0.45
*** TURN *** [7c 5s Jh] [4s]
Hero: checks
9d5b86ea: checks
*** RIVER *** [7c 5s Jh 4s] [8d]
Hero: bets $0.9
9d5b86ea: folds
Uncalled bet ($0.9) returned to Hero
*** SHOWDOWN ***
Hero collected $1.68 from pot
*** SUMMARY ***
Total pot $1.81 | Rake $0.08 | Jackpot $0.05 | Bingo $0 | Fortune $0
Board [7c 5s Jh 4s 8d]
Seat 1: 9d5b86ea (button) folded on the River
Seat 2: c1965d92 (small blind) folded before Flop
Seat 3: 5e10da43 (big blind) folded before Flop
Seat 4: bdb33ea1 folded before Flop (didn't bet)
Seat 5: b0498646 folded before Flop (didn't bet)
Seat 6: Hero won ($1.68)


Poker Hand #HD1175966993: Hold'em No Limit  ($0.02/$0.05) - 2023/03/25 23:33:45
Table 'NLHBlue7' 6-max Seat #6 is the button
Seat 1: 9d5b86ea ($5.16 in chips)
Seat 2: c1965d92 ($8.74 in chips)
Seat 3: 5e10da43 ($5.24 in chips)
Seat 4: bdb33ea1 ($5.13 in chips)
Seat 5: b0498646 ($6.56 in chips)
Seat 6: Hero ($5.06 in chips)
9d5b86ea: posts small blind $0.02
c1965d92: posts big blind $0.05
*** HOLE CARDS ***
Dealt to 9d5b86ea 
Dealt to c1965d92 
Dealt to 5e10da43 
Dealt to bdb33ea1 
Dealt to b0498646 
Dealt to Hero [9d Tc]
5e10da43: folds
bdb33ea1: raises $0.08 to $0.13
b0498646: folds
Hero: folds
9d5b86ea: calls $0.11
c1965d92: calls $0.08
*** FLOP *** [3s 5h 2c]
9d5b86ea: checks
c1965d92: checks
bdb33ea1: checks
*** TURN *** [3s 5h 2c] [7d]
9d5b86ea: bets $0.27
c1965d92: folds
bdb33ea1: folds
Uncalled bet ($0.27) returned to 9d5b86ea
*** SHOWDOWN ***
9d5b86ea collected $0.37 from pot
*** SUMMARY ***
Total pot $0.39 | Rake $0.02 | Jackpot $0 | Bingo $0 | Fortune $0
Board [3s 5h 2c 7d]
Seat 1: 9d5b86ea (small blind) won ($0.37)
Seat 2: c1965d92 (big blind) folded on the Turn
Seat 3: 5e10da43 folded before Flop (didn't bet)
Seat 4: bdb33ea1 folded on the Turn
Seat 5: b0498646 folded before Flop (didn't bet)
Seat 6: Hero (button) folded before Flop (didn't bet)


Poker Hand #HD1175966925: Hold'em No Limit  ($0.02/$0.05) - 2023/03/25 23:33:13
Table 'NLHBlue7' 6-max Seat #5 is the button
Seat 1: 9d5b86ea ($5 in chips)
Seat 2: c1965d92 ($8.74 in chips)
Seat 3: 5e10da43 ($5.24 in chips)
Seat 4: bdb33ea1 ($5.13 in chips)
Seat 5: b0498646 ($6.71 in chips)
Seat 6: Hero ($5.08 in chips)
Hero: posts small blind $0.02
9d5b86ea: posts big blind $0.05
*** HOLE CARDS ***
Dealt to 9d5b86ea 
Dealt to c1965d92 
Dealt to 5e10da43 
Dealt to bdb33ea1 
Dealt to b0498646 
Dealt to Hero [Qh 9c]
c1965d92: folds
5e10da43: folds
bdb33ea1: folds
b0498646: raises $0.1 to $0.15
Hero: folds
9d5b86ea: raises $0.45 to $0.6
b0498646: folds
Uncalled bet ($0.45) returned to 9d5b86ea
*** SHOWDOWN ***
9d5b86ea collected $0.31 from pot
*** SUMMARY ***
Total pot $0.32 | Rake $0.01 | Jackpot $0 | Bingo $0 | Fortune $0
Seat 1: 9d5b86ea (big blind) collected ($0.31)
Seat 2: c1965d92 folded before Flop (didn't bet)
Seat 3: 5e10da43 folded before Flop (didn't bet)
Seat 4: bdb33ea1 folded before Flop (didn't bet)
Seat 5: b0498646 (button) folded before Flop
Seat 6: Hero (small blind) folded before Flop


Poker Hand #HD1175966879: Hold'em No Limit  ($0.02/$0.05) - 2023/03/25 23:32:48
Table 'NLHBlue7' 6-max Seat #4 is the button
Seat 1: 9d5b86ea ($5 in chips)
Seat 2: c1965d92 ($8.85 in chips)
Seat 3: 5e10da43 ($5.07 in chips)
Seat 4: bdb33ea1 ($5.13 in chips)
Seat 5: b0498646 ($6.73 in chips)
Seat 6: Hero ($5.13 in chips)
b0498646: posts small blind $0.02
Hero: posts big blind $0.05
*** HOLE CARDS ***
Dealt to 9d5b86ea 
Dealt to c1965d92 
Dealt to 5e10da43 
Dealt to bdb33ea1 
Dealt to b0498646 
Dealt to Hero [2c 5s]
9d5b86ea: folds
c1965d92: raises $0.06 to $0.11
5e10da43: raises $0.29 to $0.4
bdb33ea1: folds
b0498646: folds
Hero: folds
c1965d92: folds
Uncalled bet ($0.29) returned to 5e10da43
*** SHOWDOWN ***
5e10da43 collected $0.28 from pot
*** SUMMARY ***
Total pot $0.29 | Rake $0.01 | Jackpot $0 | Bingo $0 | Fortune $0
Seat 1: 9d5b86ea folded before Flop (didn't bet)
Seat 2: c1965d92 folded before Flop
Seat 3: 5e10da43 collected ($0.28)
Seat 4: bdb33ea1 (button) folded before Flop (didn't bet)
Seat 5: b0498646 (small blind) folded before Flop
Seat 6: Hero (big blind) folded before Flop


Poker Hand #HD1175966835: Hold'em No Limit  ($0.02/$0.05) - 2023/03/25 23:32:23
Table 'NLHBlue7' 6-max Seat #3 is the button
Seat 1: 9d5b86ea ($5 in chips)
Seat 2: c1965d92 ($8.85 in chips)
Seat 3: 5e10da43 ($5 in chips)
Seat 4: bdb33ea1 ($5.15 in chips)
Seat 5: b0498646 ($6.78 in chips)
Seat 6: Hero ($5.13 in chips)
bdb33ea1: posts small blind $0.02
b0498646: posts big blind $0.05
*** HOLE CARDS ***
Dealt to 9d5b86ea 
Dealt to c1965d92 
Dealt to 5e10da43 
Dealt to bdb33ea1 
Dealt to b0498646 
Dealt to Hero [2h 3h]
Hero: folds
9d5b86ea: folds
c1965d92: folds
5e10da43: raises $0.07 to $0.12
bdb33ea1: folds
b0498646: folds
Uncalled bet ($0.07) returned to 5e10da43
*** SHOWDOWN ***
5e10da43 collected $0.12 from pot
*** SUMMARY ***
Total pot $0.12 | Rake $0 | Jackpot $0 | Bingo $0 | Fortune $0
Seat 1: 9d5b86ea folded before Flop (didn't bet)
Seat 2: c1965d92 folded before Flop (didn't bet)
Seat 3: 5e10da43 (button) collected ($0.12)
Seat 4: bdb33ea1 (small blind) folded before Flop
Seat 5: b0498646 (big blind) folded before Flop
Seat 6: Hero folded before Flop (didn't bet)


Poker Hand #HD1175966814: Hold'em No Limit  ($0.02/$0.05) - 2023/03/25 23:32:11
Table 'NLHBlue7' 6-max Seat #2 is the button
Seat 1: 9d5b86ea ($5 in chips)
Seat 2: c1965d92 ($8.85 in chips)
Seat 3: 5e10da43 ($5 in chips)
Seat 4: bdb33ea1 ($5.13 in chips)
Seat 5: b0498646 ($6.78 in chips)
Seat 6: Hero ($5.13 in chips)
5e10da43: posts small blind $0.02
bdb33ea1: posts big blind $0.05
*** HOLE CARDS ***
Dealt to 9d5b86ea 
Dealt to c1965d92 
Dealt to 5e10da43 
Dealt to bdb33ea1 
Dealt to b0498646 
Dealt to Hero [4s 3d]
b0498646: folds
Hero: folds
9d5b86ea: folds
c1965d92: folds
5e10da43: folds
Uncalled bet ($0.03) returned to bdb33ea1
*** SHOWDOWN ***
bdb33ea1 collected $0.04 from pot
*** SUMMARY ***
Total pot $0.04 | Rake $0 | Jackpot $0 | Bingo $0 | Fortune $0
Seat 1: 9d5b86ea folded before Flop (didn't bet)
Seat 2: c1965d92 (button) folded before Flop (didn't bet)
Seat 3: 5e10da43 (small blind) folded before Flop
Seat 4: bdb33ea1 (big blind) collected ($0.04)
Seat 5: b0498646 folded before Flop (didn't bet)
Seat 6: Hero folded before Flop (didn't bet)


Poker Hand #HD1175966737: Hold'em No Limit  ($0.02/$0.05) - 2023/03/25 23:31:30
Table 'NLHBlue7' 6-max Seat #1 is the button
Seat 1: 9d5b86ea ($5.02 in chips)
Seat 2: c1965d92 ($9.6 in chips)
Seat 3: 5e10da43 ($5 in chips)
Seat 5: b0498646 ($5.96 in chips)
Seat 6: Hero ($5.13 in chips)
c1965d92: posts small blind $0.02
5e10da43: posts big blind $0.05
*** HOLE CARDS ***
Dealt to 9d5b86ea 
Dealt to c1965d92 
Dealt to 5e10da43 
Dealt to b0498646 
Dealt to Hero [2d 5s]
b0498646: raises $0.1 to $0.15
Hero: folds
9d5b86ea: calls $0.15
c1965d92: raises $0.6 to $0.75
5e10da43: folds
b0498646: raises $1.7 to $2.45
9d5b86ea: folds
c1965d92: folds
Uncalled bet ($1.7) returned to b0498646
*** SHOWDOWN ***
b0498646 collected $1.57 from pot
*** SUMMARY ***
Total pot $1.7 | Rake $0.08 | Jackpot $0.05 | Bingo $0 | Fortune $0
Seat 1: 9d5b86ea (button) folded before Flop
Seat 2: c1965d92 (small blind) folded before Flop
Seat 3: 5e10da43 (big blind) folded before Flop
Seat 5: b0498646 collected ($1.57)
Seat 6: Hero folded before Flop (didn't bet)


Poker Hand #HD1175966713: Hold'em No Limit  ($0.02/$0.05) - 2023/03/25 23:31:15
Table 'NLHBlue7' 6-max Seat #6 is the button
Seat 1: 9d5b86ea ($5 in chips)
Seat 2: c1965d92 ($9.58 in chips)
Seat 3: 5e10da43 ($5 in chips)
Seat 5: b0498646 ($5.96 in chips)
Seat 6: Hero ($5.13 in chips)
9d5b86ea: posts small blind $0.02
c1965d92: posts big blind $0.05
*** HOLE CARDS ***
Dealt to 9d5b86ea 
Dealt to c1965d92 
Dealt to 5e10da43 
Dealt to b0498646 
Dealt to Hero [Th 8s]
5e10da43: folds
b0498646: folds
Hero: folds
9d5b86ea: folds
Uncalled bet ($0.03) returned to c1965d92
*** SHOWDOWN ***
c1965d92 collected $0.04 from pot
*** SUMMARY ***
Total pot $0.04 | Rake $0 | Jackpot $0 | Bingo $0 | Fortune $0
Seat 1: 9d5b86ea (small blind) folded before Flop
Seat 2: c1965d92 (big blind) collected ($0.04)
Seat 3: 5e10da43 folded before Flop (didn't bet)
Seat 5: b0498646 folded before Flop (didn't bet)
Seat 6: Hero (button) folded before Flop (didn't bet)


Poker Hand #HD1175966625: Hold'em No Limit  ($0.02/$0.05) - 2023/03/25 23:30:32
Table 'NLHBlue7' 6-max Seat #5 is the button
Seat 1: 9d5b86ea ($5.07 in chips)
Seat 2: c1965d92 ($9.58 in chips)
Seat 3: 5e10da43 ($5 in chips)
Seat 5: b0498646 ($5.8 in chips)
Seat 6: Hero ($5.15 in chips)
Hero: posts small blind $0.02
9d5b86ea: posts big blind $0.05
*** HOLE CARDS ***
Dealt to 9d5b86ea 
Dealt to c1965d92 
Dealt to 5e10da43 
Dealt to b0498646 
Dealt to Hero [Jd 4h]
c1965d92: folds
5e10da43: folds
b0498646: raises $0.1 to $0.15
Hero: folds
9d5b86ea: calls $0.1
*** FLOP *** [5d 5h As]
9d5b86ea: checks
b0498646: bets $0.24
9d5b86ea: folds
Uncalled bet ($0.24) returned to b0498646
*** SHOWDOWN ***
b0498646 collected $0.31 from pot
*** SUMMARY ***
Total pot $0.32 | Rake $0.01 | Jackpot $0 | Bingo $0 | Fortune $0
Board [5d 5h As]
Seat 1: 9d5b86ea (big blind) folded on the Flop
Seat 2: c1965d92 folded before Flop (didn't bet)
Seat 3: 5e10da43 folded before Flop (didn't bet)
Seat 5: b0498646 (button) won ($0.31)
Seat 6: Hero (small blind) folded before Flop


Poker Hand #HD1175966604: Hold'em No Limit  ($0.02/$0.05) - 2023/03/25 23:30:19
Table 'NLHBlue7' 6-max Seat #3 is the button
Seat 1: 9d5b86ea ($5.07 in chips)
Seat 2: c1965d92 ($9.58 in chips)
Seat 3: 5e10da43 ($5 in chips)
Seat 5: b0498646 ($5.82 in chips)
Seat 6: Hero ($5.13 in chips)
b0498646: posts small blind $0.02
Hero: posts big blind $0.05
*** HOLE CARDS ***
Dealt to 9d5b86ea 
Dealt to c1965d92 
Dealt to 5e10da43 
Dealt to b0498646 
Dealt to Hero [5s Ts]
9d5b86ea: folds
c1965d92: folds
5e10da43: folds
b0498646: folds
Uncalled bet ($0.03) returned to Hero
*** SHOWDOWN ***
Hero collected $0.04 from pot
*** SUMMARY ***
Total pot $0.04 | Rake $0 | Jackpot $0 | Bingo $0 | Fortune $0
Seat 1: 9d5b86ea folded before Flop (didn't bet)
Seat 2: c1965d92 folded before Flop (didn't bet)
Seat 3: 5e10da43 (button) folded before Flop (didn't bet)
Seat 5: b0498646 (small blind) folded before Flop
Seat 6: Hero (big blind) collected ($0.04)


Poker Hand #HD1175966585: Hold'em No Limit  ($0.02/$0.05) - 2023/03/25 23:30:07
Table 'NLHBlue7' 6-max Seat #2 is the button
Seat 1: 9d5b86ea ($5.07 in chips)
Seat 2: c1965d92 ($9.58 in chips)
Seat 3: 5e10da43 ($5 in chips)
Seat 5: b0498646 ($5.8 in chips)
Seat 6: Hero ($5.13 in chips)
5e10da43: posts small blind $0.02
b0498646: posts big blind $0.05
*** HOLE CARDS ***
Dealt to 9d5b86ea 
Dealt to c1965d92 
Dealt to 5e10da43 
Dealt to b0498646 
Dealt to Hero [Jd 6h]
Hero: folds
9d5b86ea: folds
c1965d92: folds
5e10da43: folds
Uncalled bet ($0.03) returned to b0498646
*** SHOWDOWN ***
b0498646 collected $0.04 from pot
*** SUMMARY ***
Total pot $0.04 | Rake $0 | Jackpot $0 | Bingo $0 | Fortune $0
Seat 1: 9d5b86ea folded before Flop (didn't bet)
Seat 2: c1965d92 (button) folded before Flop (didn't bet)
Seat 3: 5e10da43 (small blind) folded before Flop
Seat 5: b0498646 (big blind) collected ($0.04)
Seat 6: Hero folded before Flop (didn't bet)


Poker Hand #HD1175966534: Hold'em No Limit  ($0.02/$0.05) - 2023/03/25 23:29:43
Table 'NLHBlue7' 6-max Seat #1 is the button
Seat 1: 9d5b86ea ($5 in chips)
Seat 2: c1965d92 ($9.6 in chips)
Seat 3: 5e10da43 ($5 in chips)
Seat 5: b0498646 ($5.8 in chips)
Seat 6: Hero ($5.13 in chips)
c1965d92: posts small blind $0.02
5e10da43: posts big blind $0.05
*** HOLE CARDS ***
Dealt to 9d5b86ea 
Dealt to c1965d92 
Dealt to 5e10da43 
Dealt to b0498646 
Dealt to Hero [Ah 6s]
b0498646: folds
Hero: folds
9d5b86ea: raises $0.08 to $0.13
c1965d92: folds
5e10da43: folds
Uncalled bet ($0.08) returned to 9d5b86ea
*** SHOWDOWN ***
9d5b86ea collected $0.12 from pot
*** SUMMARY ***
Total pot $0.12 | Rake $0 | Jackpot $0 | Bingo $0 | Fortune $0
Seat 1: 9d5b86ea (button) collected ($0.12)
Seat 2: c1965d92 (small blind) folded before Flop
Seat 3: 5e10da43 (big blind) folded before Flop
Seat 5: b0498646 folded before Flop (didn't bet)
Seat 6: Hero folded before Flop (didn't bet)


Poker Hand #HD1175966448: Hold'em No Limit  ($0.02/$0.05) - 2023/03/25 23:29:00
Table 'NLHBlue7' 6-max Seat #6 is the button
Seat 1: 9d5b86ea ($5 in chips)
Seat 2: c1965d92 ($9.72 in chips)
Seat 3: 5e10da43 ($5 in chips)
Seat 5: b0498646 ($5.8 in chips)
Seat 6: Hero ($5 in chips)
9d5b86ea: posts small blind $0.02
c1965d92: posts big blind $0.05
*** HOLE CARDS ***
Dealt to 9d5b86ea 
Dealt to c1965d92 
Dealt to 5e10da43 
Dealt to b0498646 
Dealt to Hero [Ad Kh]
5e10da43: folds
b0498646: folds
Hero: raises $0.07 to $0.12
9d5b86ea: folds
c1965d92: calls $0.07
*** FLOP *** [4d 6h 4c]
c1965d92: checks
Hero: checks
*** TURN *** [4d 6h 4c] [2c]
c1965d92: checks
Hero: checks
*** RIVER *** [4d 6h 4c 2c] [5d]
c1965d92: checks
Hero: checks
c1965d92: shows [Kd Jd] (Pair of Fours)
Hero: shows [Ad Kh] (Pair of Fours)
*** SHOWDOWN ***
Hero collected $0.25 from pot
*** SUMMARY ***
Total pot $0.26 | Rake $0.01 | Jackpot $0 | Bingo $0 | Fortune $0
Board [4d 6h 4c 2c 5d]
Seat 1: 9d5b86ea (small blind) folded before Flop
Seat 2: c1965d92 (big blind) showed [Kd Jd] and lost with Pair of Fours
Seat 3: 5e10da43 folded before Flop (didn't bet)
Seat 5: b0498646 folded before Flop (didn't bet)
Seat 6: Hero (button) showed [Ad Kh] and won ($0.25) with Pair of Fours


Poker Hand #HD1175966395: Hold'em No Limit  ($0.02/$0.05) - 2023/03/25 23:28:30
Table 'NLHBlue7' 6-max Seat #5 is the button
Seat 1: 9d5b86ea ($5 in chips)
Seat 2: c1965d92 ($9.72 in chips)
Seat 3: 5e10da43 ($5.05 in chips)
Seat 5: b0498646 ($5.62 in chips)
Seat 6: Hero ($5 in chips)
Hero: posts small blind $0.02
9d5b86ea: posts big blind $0.05
*** HOLE CARDS ***
Dealt to 9d5b86ea 
Dealt to c1965d92 
Dealt to 5e10da43 
Dealt to b0498646 
Dealt to Hero [5h 4c]
c1965d92: folds
5e10da43: raises $0.07 to $0.12
b0498646: raises $0.24 to $0.36
Hero: folds
9d5b86ea: folds
5e10da43: folds
Uncalled bet ($0.24) returned to b0498646
*** SHOWDOWN ***
b0498646 collected $0.3 from pot
*** SUMMARY ***
Total pot $0.31 | Rake $0.01 | Jackpot $0 | Bingo $0 | Fortune $0
Seat 1: 9d5b86ea (big blind) folded before Flop
Seat 2: c1965d92 folded before Flop (didn't bet)
Seat 3: 5e10da43 folded before Flop
Seat 5: b0498646 (button) collected ($0.3)
Seat 6: Hero (small blind) folded before Flop


Poker Hand #HD1175966342: Hold'em No Limit  ($0.02/$0.05) - 2023/03/25 23:28:06
Table 'NLHBlue7' 6-max Seat #3 is the button
Seat 1: 9d5b86ea ($5 in chips)
Seat 2: c1965d92 ($9.72 in chips)
Seat 3: 5e10da43 ($5.05 in chips)
Seat 5: b0498646 ($5.57 in chips)
Seat 6: Hero ($5 in chips)
b0498646: posts small blind $0.02
Hero: posts big blind $0.05
*** HOLE CARDS ***
Dealt to 9d5b86ea 
Dealt to c1965d92 
Dealt to 5e10da43 
Dealt to b0498646 
Dealt to Hero [5c Qd]
9d5b86ea: folds
c1965d92: folds
5e10da43: folds
b0498646: raises $0.1 to $0.15
Hero: folds
Uncalled bet ($0.1) returned to b0498646
*** SHOWDOWN ***
b0498646 collected $0.1 from pot
*** SUMMARY ***
Total pot $0.1 | Rake $0 | Jackpot $0 | Bingo $0 | Fortune $0
Seat 1: 9d5b86ea folded before Flop (didn't bet)
Seat 2: c1965d92 folded before Flop (didn't bet)
Seat 3: 5e10da43 (button) folded before Flop (didn't bet)
Seat 5: b0498646 (small blind) collected ($0.1)
Seat 6: Hero (big blind) folded before Flop


Poker Hand #HD1175966316: Hold'em No Limit  ($0.02/$0.05) - 2023/03/25 23:27:52
Table 'NLHBlue7' 6-max Seat #2 is the button
Seat 1: 9d5b86ea ($5 in chips)
Seat 2: c1965d92 ($9.72 in chips)
Seat 3: 5e10da43 ($5 in chips)
Seat 5: b0498646 ($5.62 in chips)
Seat 6: Hero ($5 in chips)
5e10da43: posts small blind $0.02
b0498646: posts big blind $0.05
*** HOLE CARDS ***
Dealt to 9d5b86ea 
Dealt to c1965d92 
Dealt to 5e10da43 
Dealt to b0498646 
Dealt to Hero [9s 2c]
Hero: folds
9d5b86ea: folds
c1965d92: folds
5e10da43: raises $0.11 to $0.16
b0498646: folds
Uncalled bet ($0.11) returned to 5e10da43
*** SHOWDOWN ***
5e10da43 collected $0.1 from pot
*** SUMMARY ***
Total pot $0.1 | Rake $0 | Jackpot $0 | Bingo $0 | Fortune $0
Seat 1: 9d5b86ea folded before Flop (didn't bet)
Seat 2: c1965d92 (button) folded before Flop (didn't bet)
Seat 3: 5e10da43 (small blind) collected ($0.1)
Seat 5: b0498646 (big blind) folded before Flop
Seat 6: Hero folded before Flop (didn't bet)


Poker Hand #HD1175966216: Hold'em No Limit  ($0.02/$0.05) - 2023/03/25 23:27:03
Table 'NLHBlue7' 6-max Seat #1 is the button
Seat 1: 9d5b86ea ($5 in chips)
Seat 2: c1965d92 ($9.74 in chips)
Seat 3: 5e10da43 ($5 in chips)
Seat 5: b0498646 ($5.16 in chips)
Seat 6: Hero ($5 in chips)
c1965d92: posts small blind $0.02
5e10da43: posts big blind $0.05
*** HOLE CARDS ***
Dealt to 9d5b86ea 
Dealt to c1965d92 
Dealt to 5e10da43 
Dealt to b0498646 
Dealt to Hero [Js 4h]
b0498646: raises $0.1 to $0.15
Hero: folds
9d5b86ea: raises $0.28 to $0.43
c1965d92: folds
5e10da43: folds
b0498646: calls $0.28
*** FLOP *** [Jc 7h 2d]
b0498646: checks
9d5b86ea: checks
*** TURN *** [Jc 7h 2d] [4s]
b0498646: bets $0.7
9d5b86ea: folds
Uncalled bet ($0.7) returned to b0498646
*** SHOWDOWN ***
b0498646 collected $0.89 from pot
*** SUMMARY ***
Total pot $0.93 | Rake $0.04 | Jackpot $0 | Bingo $0 | Fortune $0
Board [Jc 7h 2d 4s]
Seat 1: 9d5b86ea (button) folded on the Turn
Seat 2: c1965d92 (small blind) folded before Flop
Seat 3: 5e10da43 (big blind) folded before Flop
Seat 5: b0498646 won ($0.89)
Seat 6: Hero folded before Flop (didn't bet)


Poker Hand #HD1175966087: Hold'em No Limit  ($0.02/$0.05) - 2023/03/25 23:25:51
Table 'NLHBlue7' 6-max Seat #6 is the button
Seat 1: 9d5b86ea ($5.02 in chips)
Seat 2: c1965d92 ($5.12 in chips)
Seat 3: 5e10da43 ($5 in chips)
Seat 5: b0498646 ($5.31 in chips)
Seat 6: Hero ($5 in chips)
9d5b86ea: posts small blind $0.02
c1965d92: posts big blind $0.05
*** HOLE CARDS ***
Dealt to 9d5b86ea 
Dealt to c1965d92 
Dealt to 5e10da43 
Dealt to b0498646 
Dealt to Hero [6s 3s]
5e10da43: folds
b0498646: raises $0.1 to $0.15
Hero: folds
9d5b86ea: raises $0.45 to $0.6
c1965d92: raises $0.7 to $1.3
b0498646: folds
9d5b86ea: raises $3.72 to $5.02 and is all-in
c1965d92: calls $3.72
9d5b86ea: shows [Ad Ks]
c1965d92: shows [Ah As]
*** FLOP *** [Qd 8h 2c]
*** TURN *** [Qd 8h 2c] [7d]
*** RIVER *** [Qd 8h 2c 7d] [9d]
*** SHOWDOWN ***
c1965d92 collected $9.64 from pot
*** SUMMARY ***
Total pot $10.19 | Rake $0.5 | Jackpot $0.05 | Bingo $0 | Fortune $0
Board [Qd 8h 2c 7d 9d]
Seat 1: 9d5b86ea (small blind) showed [Ad Ks] and lost with Ace-High
Seat 2: c1965d92 (big blind) showed [Ah As] and won ($9.64) with Pair of Aces
Seat 3: 5e10da43 folded before Flop (didn't bet)
Seat 5: b0498646 folded before Flop
Seat 6: Hero (button) folded before Flop (didn't bet)


Poker Hand #HD1175966075: Hold'em No Limit  ($0.02/$0.05) - 2023/03/25 23:25:43
Table 'NLHBlue7' 6-max Seat #5 is the button
Seat 1: 9d5b86ea ($5 in chips)
Seat 2: c1965d92 ($5.12 in chips)
Seat 3: 5e10da43 ($5 in chips)
Seat 5: b0498646 ($5.31 in chips)
Seat 6: Hero ($5.01 in chips)
Hero: posts small blind $0.02
9d5b86ea: posts big blind $0.05
*** HOLE CARDS ***
Dealt to 9d5b86ea 
Dealt to c1965d92 
Dealt to 5e10da43 
Dealt to b0498646 
Dealt to Hero [8h 5s]
c1965d92: folds
5e10da43: folds
b0498646: folds
Hero: folds
Uncalled bet ($0.03) returned to 9d5b86ea
*** SHOWDOWN ***
9d5b86ea collected $0.04 from pot
*** SUMMARY ***
Total pot $0.04 | Rake $0 | Jackpot $0 | Bingo $0 | Fortune $0
Seat 1: 9d5b86ea (big blind) collected ($0.04)
Seat 2: c1965d92 folded before Flop (didn't bet)
Seat 3: 5e10da43 folded before Flop (didn't bet)
Seat 5: b0498646 (button) folded before Flop (didn't bet)
Seat 6: Hero (small blind) folded before Flop


Poker Hand #HD1175966021: Hold'em No Limit  ($0.02/$0.05) - 2023/03/25 23:25:16
Table 'NLHBlue7' 6-max Seat #3 is the button
Seat 1: 9d5b86ea ($5 in chips)
Seat 2: c1965d92 ($5 in chips)
Seat 3: 5e10da43 ($5 in chips)
Seat 5: b0498646 ($5.33 in chips)
Seat 6: Hero ($5.06 in chips)
b0498646: posts small blind $0.02
Hero: posts big blind $0.05
9d5b86ea: posts big blind $0.05
*** HOLE CARDS ***
Dealt to 9d5b86ea 
Dealt to c1965d92 
Dealt to 5e10da43 
Dealt to b0498646 
Dealt to Hero [Qd 2h]
9d5b86ea: checks
c1965d92: raises $0.11 to $0.16
5e10da43: folds
b0498646: folds
Hero: folds
9d5b86ea: folds
Uncalled bet ($0.11) returned to c1965d92
*** SHOWDOWN ***
c1965d92 collected $0.17 from pot
*** SUMMARY ***
Total pot $0.17 | Rake $0 | Jackpot $0 | Bingo $0 | Fortune $0
Seat 1: 9d5b86ea folded before Flop
Seat 2: c1965d92 collected ($0.17)
Seat 3: 5e10da43 (button) folded before Flop (didn't bet)
Seat 5: b0498646 (small blind) folded before Flop
Seat 6: Hero (big blind) folded before Flop


Poker Hand #HD1175965931: Hold'em No Limit  ($0.02/$0.05) - 2023/03/25 23:24:26
Table 'NLHBlue7' 6-max Seat #2 is the button
Seat 2: c1965d92 ($5 in chips)
Seat 3: 5e10da43 ($5.13 in chips)
Seat 5: b0498646 ($5 in chips)
Seat 6: Hero ($5.06 in chips)
5e10da43: posts small blind $0.02
b0498646: posts big blind $0.05
*** HOLE CARDS ***
Dealt to c1965d92 
Dealt to 5e10da43 
Dealt to b0498646 
Dealt to Hero [Jh 8c]
Hero: folds
c1965d92: folds
5e10da43: raises $0.11 to $0.16
b0498646: calls $0.11
*** FLOP *** [3d 5h 5c]
5e10da43: checks
b0498646: checks
*** TURN *** [3d 5h 5c] [Th]
5e10da43: bets $0.2
b0498646: raises $0.45 to $0.65
5e10da43: folds
Uncalled bet ($0.45) returned to b0498646
*** SHOWDOWN ***
b0498646 collected $0.69 from pot
*** SUMMARY ***
Total pot $0.72 | Rake $0.03 | Jackpot $0 | Bingo $0 | Fortune $0
Board [3d 5h 5c Th]
Seat 2: c1965d92 (button) folded before Flop (didn't bet)
Seat 3: 5e10da43 (small blind) folded on the Turn
Seat 5: b0498646 (big blind) won ($0.69)
Seat 6: Hero folded before Flop (didn't bet)


Poker Hand #HD1175965892: Hold'em No Limit  ($0.02/$0.05) - 2023/03/25 23:24:09
Table 'NLHBlue7' 6-max Seat #6 is the button
Seat 2: c1965d92 ($5 in chips)
Seat 3: 5e10da43 ($5.18 in chips)
Seat 5: b0498646 ($4.93 in chips)
Seat 6: Hero ($5.06 in chips)
c1965d92: posts small blind $0.02
5e10da43: posts big blind $0.05
*** HOLE CARDS ***
Dealt to c1965d92 
Dealt to 5e10da43 
Dealt to b0498646 
Dealt to Hero [9s 3s]
b0498646: raises $0.1 to $0.15
Hero: folds
c1965d92: folds
5e10da43: folds
Uncalled bet ($0.1) returned to b0498646
*** SHOWDOWN ***
b0498646 collected $0.12 from pot
*** SUMMARY ***
Total pot $0.12 | Rake $0 | Jackpot $0 | Bingo $0 | Fortune $0
Seat 2: c1965d92 (small blind) folded before Flop
Seat 3: 5e10da43 (big blind) folded before Flop
Seat 5: b0498646 collected ($0.12)
Seat 6: Hero (button) folded before Flop (didn't bet)


Poker Hand #HD1175965848: Hold'em No Limit  ($0.02/$0.05) - 2023/03/25 23:23:46
Table 'NLHBlue7' 6-max Seat #5 is the button
Seat 2: c1965d92 ($5 in chips)
Seat 3: 5e10da43 ($5.18 in chips)
Seat 5: b0498646 ($4.86 in chips)
Seat 6: Hero ($5.08 in chips)
Hero: posts small blind $0.02
c1965d92: posts big blind $0.05
*** HOLE CARDS ***
Dealt to c1965d92 
Dealt to 5e10da43 
Dealt to b0498646 
Dealt to Hero [3h 4d]
5e10da43: folds
b0498646: raises $0.1 to $0.15
Hero: folds
c1965d92: folds
Uncalled bet ($0.1) returned to b0498646
*** SHOWDOWN ***
b0498646 collected $0.12 from pot
*** SUMMARY ***
Total pot $0.12 | Rake $0 | Jackpot $0 | Bingo $0 | Fortune $0
Seat 2: c1965d92 (big blind) folded before Flop
Seat 3: 5e10da43 folded before Flop (didn't bet)
Seat 5: b0498646 (button) collected ($0.12)
Seat 6: Hero (small blind) folded before Flop


Poker Hand #HD1175965774: Hold'em No Limit  ($0.02/$0.05) - 2023/03/25 23:23:12
Table 'NLHBlue7' 6-max Seat #3 is the button
Seat 2: c1965d92 ($5 in chips)
Seat 3: 5e10da43 ($5.05 in chips)
Seat 5: b0498646 ($4.88 in chips)
Seat 6: Hero ($5.2 in chips)
b0498646: posts small blind $0.02
Hero: posts big blind $0.05
*** HOLE CARDS ***
Dealt to c1965d92 
Dealt to 5e10da43 
Dealt to b0498646 
Dealt to Hero [Jc 8c]
c1965d92: folds
5e10da43: raises $0.07 to $0.12
b0498646: folds
Hero: calls $0.07
*** FLOP *** [3c Qd 6h]
Hero: checks
5e10da43: bets $0.13
Hero: folds
Uncalled bet ($0.13) returned to 5e10da43
*** SHOWDOWN ***
5e10da43 collected $0.25 from pot
*** SUMMARY ***
Total pot $0.26 | Rake $0.01 | Jackpot $0 | Bingo $0 | Fortune $0
Board [3c Qd 6h]
Seat 2: c1965d92 folded before Flop (didn't bet)
Seat 3: 5e10da43 (button) won ($0.25)
Seat 5: b0498646 (small blind) folded before Flop
Seat 6: Hero (big blind) folded on the Flop


Poker Hand #HD1175965742: Hold'em No Limit  ($0.02/$0.05) - 2023/03/25 23:22:57
Table 'NLHBlue7' 6-max Seat #2 is the button
Seat 2: c1965d92 ($5 in chips)
Seat 3: 5e10da43 ($5 in chips)
Seat 5: b0498646 ($4.93 in chips)
Seat 6: Hero ($5.2 in chips)
5e10da43: posts small blind $0.02
b0498646: posts big blind $0.05
*** HOLE CARDS ***
Dealt to c1965d92 
Dealt to 5e10da43 
Dealt to b0498646 
Dealt to Hero [3s Tc]
Hero: folds
c1965d92: folds
5e10da43: raises $0.11 to $0.16
b0498646: folds
Uncalled bet ($0.11) returned to 5e10da43
*** SHOWDOWN ***
5e10da43 collected $0.1 from pot
*** SUMMARY ***
Total pot $0.1 | Rake $0 | Jackpot $0 | Bingo $0 | Fortune $0
Seat 2: c1965d92 (button) folded before Flop (didn't bet)
Seat 3: 5e10da43 (small blind) collected ($0.1)
Seat 5: b0498646 (big blind) folded before Flop
Seat 6: Hero folded before Flop (didn't bet)


Poker Hand #HD1175905605: Hold'em No Limit  ($0.02/$0.05) - 2023/03/25 23:21:50
Table 'NLHBlue7' 6-max Seat #1 is the button
Seat 1: ab0168e1 ($4.68 in chips)
Seat 2: c1965d92 ($5 in chips)
Seat 3: 5e10da43 ($5.19 in chips)
Seat 5: b0498646 ($4.11 in chips)
Seat 6: Hero ($5.2 in chips)
c1965d92: posts small blind $0.02
5e10da43: posts big blind $0.05
*** HOLE CARDS ***
Dealt to ab0168e1 
Dealt to c1965d92 
Dealt to 5e10da43 
Dealt to b0498646 
Dealt to Hero [7s Jh]
b0498646: raises $0.1 to $0.15
Hero: folds
ab0168e1: folds
c1965d92: folds
5e10da43: calls $0.1
*** FLOP *** [8d 6s Ks]
5e10da43: checks
b0498646: bets $0.24
5e10da43: calls $0.24
*** TURN *** [8d 6s Ks] [7d]
5e10da43: checks
b0498646: bets $0.55
5e10da43: calls $0.55
*** RIVER *** [8d 6s Ks 7d] [Th]
5e10da43: checks
b0498646: checks
5e10da43: shows [Ts 8s] (Pair of Tens and Pair of Eights)
b0498646: shows [6c Kc] (Pair of Kings and Pair of Sixes)
*** SHOWDOWN ***
b0498646 collected $1.76 from pot
*** SUMMARY ***
Total pot $1.9 | Rake $0.09 | Jackpot $0.05 | Bingo $0 | Fortune $0
Board [8d 6s Ks 7d Th]
Seat 1: ab0168e1 (button) folded before Flop (didn't bet)
Seat 2: c1965d92 (small blind) folded before Flop
Seat 3: 5e10da43 (big blind) showed [Ts 8s] and lost with Pair of Tens and Pair of Eights
Seat 5: b0498646 showed [6c Kc] and won ($1.76) with Pair of Kings and Pair of Sixes
Seat 6: Hero folded before Flop (didn't bet)


Poker Hand #HD1175905569: Hold'em No Limit  ($0.02/$0.05) - 2023/03/25 23:21:33
Table 'NLHBlue7' 6-max Seat #6 is the button
Seat 1: ab0168e1 ($4.63 in chips)
Seat 2: c1965d92 ($5 in chips)
Seat 3: 5e10da43 ($5.19 in chips)
Seat 5: b0498646 ($4.11 in chips)
Seat 6: Hero ($5.2 in chips)
ab0168e1: posts small blind $0.02
c1965d92: posts big blind $0.05
*** HOLE CARDS ***
Dealt to ab0168e1 
Dealt to c1965d92 
Dealt to 5e10da43 
Dealt to b0498646 
Dealt to Hero [5s Kd]
5e10da43: folds
b0498646: folds
Hero: folds
ab0168e1: raises $0.1 to $0.15
c1965d92: folds
Uncalled bet ($0.1) returned to ab0168e1
*** SHOWDOWN ***
ab0168e1 collected $0.1 from pot
*** SUMMARY ***
Total pot $0.1 | Rake $0 | Jackpot $0 | Bingo $0 | Fortune $0
Seat 1: ab0168e1 (small blind) collected ($0.1)
Seat 2: c1965d92 (big blind) folded before Flop
Seat 3: 5e10da43 folded before Flop (didn't bet)
Seat 5: b0498646 folded before Flop (didn't bet)
Seat 6: Hero (button) folded before Flop (didn't bet)


Poker Hand #HD1175905462: Hold'em No Limit  ($0.02/$0.05) - 2023/03/25 23:20:42
Table 'NLHBlue7' 6-max Seat #5 is the button
Seat 1: ab0168e1 ($4.77 in chips)
Seat 3: 5e10da43 ($5.19 in chips)
Seat 5: b0498646 ($4.11 in chips)
Seat 6: Hero ($5.07 in chips)
Hero: posts small blind $0.02
ab0168e1: posts big blind $0.05
*** HOLE CARDS ***
Dealt to ab0168e1 
Dealt to 5e10da43 
Dealt to b0498646 
Dealt to Hero [8s Ks]
5e10da43: folds
b0498646: folds
Hero: raises $0.09 to $0.14
ab0168e1: calls $0.09
*** FLOP *** [4c Js 5h]
Hero: checks
ab0168e1: checks
*** TURN *** [4c Js 5h] [9c]
Hero: checks
ab0168e1: checks
*** RIVER *** [4c Js 5h 9c] [9d]
Hero: checks
ab0168e1: checks
Hero: shows [8s Ks] (Pair of Nines)
ab0168e1: shows [8d Qd] (Pair of Nines)
*** SHOWDOWN ***
Hero collected $0.27 from pot
*** SUMMARY ***
Total pot $0.28 | Rake $0.01 | Jackpot $0 | Bingo $0 | Fortune $0
Board [4c Js 5h 9c 9d]
Seat 1: ab0168e1 (big blind) showed [8d Qd] and lost with Pair of Nines
Seat 3: 5e10da43 folded before Flop (didn't bet)
Seat 5: b0498646 (button) folded before Flop (didn't bet)
Seat 6: Hero (small blind) showed [8s Ks] and won ($0.27) with Pair of Nines


Poker Hand #HD1175905416: Hold'em No Limit  ($0.02/$0.05) - 2023/03/25 23:20:16
Table 'NLHBlue7' 6-max Seat #3 is the button
Seat 1: ab0168e1 ($4.9 in chips)
Seat 3: 5e10da43 ($5 in chips)
Seat 5: b0498646 ($4.13 in chips)
Seat 6: Hero ($5.12 in chips)
b0498646: posts small blind $0.02
Hero: posts big blind $0.05
*** HOLE CARDS ***
Dealt to ab0168e1 
Dealt to 5e10da43 
Dealt to b0498646 
Dealt to Hero [6c 4d]
ab0168e1: raises $0.08 to $0.13
5e10da43: raises $0.29 to $0.42
b0498646: folds
Hero: folds
ab0168e1: folds
Uncalled bet ($0.29) returned to 5e10da43
*** SHOWDOWN ***
5e10da43 collected $0.32 from pot
*** SUMMARY ***
Total pot $0.33 | Rake $0.01 | Jackpot $0 | Bingo $0 | Fortune $0
Seat 1: ab0168e1 folded before Flop
Seat 3: 5e10da43 (button) collected ($0.32)
Seat 5: b0498646 (small blind) folded before Flop
Seat 6: Hero (big blind) folded before Flop


Poker Hand #HD1175905381: Hold'em No Limit  ($0.02/$0.05) - 2023/03/25 23:20:02
Table 'NLHBlue7' 6-max Seat #1 is the button
Seat 1: ab0168e1 ($4.9 in chips)
Seat 3: 5e10da43 ($5.01 in chips)
Seat 5: b0498646 ($4.11 in chips)
Seat 6: Hero ($5.12 in chips)
5e10da43: posts small blind $0.02
b0498646: posts big blind $0.05
*** HOLE CARDS ***
Dealt to ab0168e1 
Dealt to 5e10da43 
Dealt to b0498646 
Dealt to Hero [8d 4d]
Hero: folds
ab0168e1: folds
5e10da43: folds
Uncalled bet ($0.03) returned to b0498646
*** SHOWDOWN ***
b0498646 collected $0.04 from pot
*** SUMMARY ***
Total pot $0.04 | Rake $0 | Jackpot $0 | Bingo $0 | Fortune $0
Seat 1: ab0168e1 (button) folded before Flop (didn't bet)
Seat 3: 5e10da43 (small blind) folded before Flop
Seat 5: b0498646 (big blind) collected ($0.04)
Seat 6: Hero folded before Flop (didn't bet)


Poker Hand #HD1175905338: Hold'em No Limit  ($0.02/$0.05) - 2023/03/25 23:19:37
Table 'NLHBlue7' 6-max Seat #6 is the button
Seat 1: ab0168e1 ($4.92 in chips)
Seat 3: 5e10da43 ($5.06 in chips)
Seat 5: b0498646 ($4.04 in chips)
Seat 6: Hero ($5.12 in chips)
ab0168e1: posts small blind $0.02
5e10da43: posts big blind $0.05
*** HOLE CARDS ***
Dealt to ab0168e1 
Dealt to 5e10da43 
Dealt to b0498646 
Dealt to Hero [Td Jh]
b0498646: raises $0.1 to $0.15
Hero: folds
ab0168e1: folds
5e10da43: folds
Uncalled bet ($0.1) returned to b0498646
*** SHOWDOWN ***
b0498646 collected $0.12 from pot
*** SUMMARY ***
Total pot $0.12 | Rake $0 | Jackpot $0 | Bingo $0 | Fortune $0
Seat 1: ab0168e1 (small blind) folded before Flop
Seat 3: 5e10da43 (big blind) folded before Flop
Seat 5: b0498646 collected ($0.12)
Seat 6: Hero (button) folded before Flop (didn't bet)


Poker Hand #HD1175905322: Hold'em No Limit  ($0.02/$0.05) - 2023/03/25 23:19:29
Table 'NLHBlue7' 6-max Seat #5 is the button
Seat 1: ab0168e1 ($4.9 in chips)
Seat 3: 5e10da43 ($5.06 in chips)
Seat 5: b0498646 ($4.04 in chips)
Seat 6: Hero ($5.14 in chips)
Hero: posts small blind $0.02
ab0168e1: posts big blind $0.05
*** HOLE CARDS ***
Dealt to ab0168e1 
Dealt to 5e10da43 
Dealt to b0498646 
Dealt to Hero [3s Ts]
5e10da43: folds
b0498646: folds
Hero: folds
Uncalled bet ($0.03) returned to ab0168e1
*** SHOWDOWN ***
ab0168e1 collected $0.04 from pot
*** SUMMARY ***
Total pot $0.04 | Rake $0 | Jackpot $0 | Bingo $0 | Fortune $0
Seat 1: ab0168e1 (big blind) collected ($0.04)
Seat 3: 5e10da43 folded before Flop (didn't bet)
Seat 5: b0498646 (button) folded before Flop (didn't bet)
Seat 6: Hero (small blind) folded before Flop


Poker Hand #HD1175905294: Hold'em No Limit  ($0.02/$0.05) - 2023/03/25 23:19:13
Table 'NLHBlue7' 6-max Seat #3 is the button
Seat 1: ab0168e1 ($4.9 in chips)
Seat 3: 5e10da43 ($5.06 in chips)
Seat 5: b0498646 ($4.06 in chips)
Seat 6: Hero ($5.12 in chips)
b0498646: posts small blind $0.02
Hero: posts big blind $0.05
*** HOLE CARDS ***
Dealt to ab0168e1 
Dealt to 5e10da43 
Dealt to b0498646 
Dealt to Hero [Ts 8c]
ab0168e1: folds
5e10da43: folds
b0498646: folds
Uncalled bet ($0.03) returned to Hero
*** SHOWDOWN ***
Hero collected $0.04 from pot
*** SUMMARY ***
Total pot $0.04 | Rake $0 | Jackpot $0 | Bingo $0 | Fortune $0
Seat 1: ab0168e1 folded before Flop (didn't bet)
Seat 3: 5e10da43 (button) folded before Flop (didn't bet)
Seat 5: b0498646 (small blind) folded before Flop
Seat 6: Hero (big blind) collected ($0.04)


Poker Hand #HD1175905276: Hold'em No Limit  ($0.02/$0.05) - 2023/03/25 23:19:01
Table 'NLHBlue7' 6-max Seat #1 is the button
Seat 1: ab0168e1 ($4.83 in chips)
Seat 3: 5e10da43 ($5.08 in chips)
Seat 5: b0498646 ($4.11 in chips)
Seat 6: Hero ($5.12 in chips)
5e10da43: posts small blind $0.02
b0498646: posts big blind $0.05
*** HOLE CARDS ***
Dealt to ab0168e1 
Dealt to 5e10da43 
Dealt to b0498646 
Dealt to Hero [Ad 6h]
Hero: folds
ab0168e1: raises $0.08 to $0.13
5e10da43: folds
b0498646: folds
Uncalled bet ($0.08) returned to ab0168e1
*** SHOWDOWN ***
ab0168e1 collected $0.12 from pot
*** SUMMARY ***
Total pot $0.12 | Rake $0 | Jackpot $0 | Bingo $0 | Fortune $0
Seat 1: ab0168e1 (button) collected ($0.12)
Seat 3: 5e10da43 (small blind) folded before Flop
Seat 5: b0498646 (big blind) folded before Flop
Seat 6: Hero folded before Flop (didn't bet)


Poker Hand #HD1175905220: Hold'em No Limit  ($0.02/$0.05) - 2023/03/25 23:18:36
Table 'NLHBlue7' 6-max Seat #6 is the button
Seat 1: ab0168e1 ($4.78 in chips)
Seat 3: 5e10da43 ($5.13 in chips)
Seat 5: b0498646 ($4.11 in chips)
Seat 6: Hero ($5.12 in chips)
ab0168e1: posts small blind $0.02
5e10da43: posts big blind $0.05
*** HOLE CARDS ***
Dealt to ab0168e1 
Dealt to 5e10da43 
Dealt to b0498646 
Dealt to Hero [Jd 6s]
b0498646: folds
Hero: folds
ab0168e1: raises $0.1 to $0.15
5e10da43: folds
Uncalled bet ($0.1) returned to ab0168e1
*** SHOWDOWN ***
ab0168e1 collected $0.1 from pot
*** SUMMARY ***
Total pot $0.1 | Rake $0 | Jackpot $0 | Bingo $0 | Fortune $0
Seat 1: ab0168e1 (small blind) collected ($0.1)
Seat 3: 5e10da43 (big blind) folded before Flop
Seat 5: b0498646 folded before Flop (didn't bet)
Seat 6: Hero (button) folded before Flop (didn't bet)


Poker Hand #HD1175905191: Hold'em No Limit  ($0.02/$0.05) - 2023/03/25 23:18:20
Table 'NLHBlue7' 6-max Seat #5 is the button
Seat 1: ab0168e1 ($4.83 in chips)
Seat 3: 5e10da43 ($5.13 in chips)
Seat 5: b0498646 ($4.04 in chips)
Seat 6: Hero ($5.14 in chips)
Hero: posts small blind $0.02
ab0168e1: posts big blind $0.05
*** HOLE CARDS ***
Dealt to ab0168e1 
Dealt to 5e10da43 
Dealt to b0498646 
Dealt to Hero [Jh 4h]
5e10da43: folds
b0498646: raises $0.1 to $0.15
Hero: folds
ab0168e1: folds
Uncalled bet ($0.1) returned to b0498646
*** SHOWDOWN ***
b0498646 collected $0.12 from pot
*** SUMMARY ***
Total pot $0.12 | Rake $0 | Jackpot $0 | Bingo $0 | Fortune $0
Seat 1: ab0168e1 (big blind) folded before Flop
Seat 3: 5e10da43 folded before Flop (didn't bet)
Seat 5: b0498646 (button) collected ($0.12)
Seat 6: Hero (small blind) folded before Flop


Poker Hand #HD1175905156: Hold'em No Limit  ($0.02/$0.05) - 2023/03/25 23:18:06
Table 'NLHBlue7' 6-max Seat #3 is the button
Seat 1: ab0168e1 ($4.83 in chips)
Seat 3: 5e10da43 ($5.13 in chips)
Seat 5: b0498646 ($4.06 in chips)
Seat 6: Hero ($5.12 in chips)
b0498646: posts small blind $0.02
Hero: posts big blind $0.05
*** HOLE CARDS ***
Dealt to ab0168e1 
Dealt to 5e10da43 
Dealt to b0498646 
Dealt to Hero [5c Tc]
ab0168e1: folds
5e10da43: folds
b0498646: folds
Uncalled bet ($0.03) returned to Hero
*** SHOWDOWN ***
Hero collected $0.04 from pot
*** SUMMARY ***
Total pot $0.04 | Rake $0 | Jackpot $0 | Bingo $0 | Fortune $0
Seat 1: ab0168e1 folded before Flop (didn't bet)
Seat 3: 5e10da43 (button) folded before Flop (didn't bet)
Seat 5: b0498646 (small blind) folded before Flop
Seat 6: Hero (big blind) collected ($0.04)


Poker Hand #HD1175905136: Hold'em No Limit  ($0.02/$0.05) - 2023/03/25 23:17:55
Table 'NLHBlue7' 6-max Seat #1 is the button
Seat 1: ab0168e1 ($4.83 in chips)
Seat 3: 5e10da43 ($5.15 in chips)
Seat 5: b0498646 ($4.11 in chips)
Seat 6: Hero ($5.05 in chips)
5e10da43: posts small blind $0.02
b0498646: posts big blind $0.05
*** HOLE CARDS ***
Dealt to ab0168e1 
Dealt to 5e10da43 
Dealt to b0498646 
Dealt to Hero [Kh Qc]
Hero: raises $0.07 to $0.12
ab0168e1: folds
5e10da43: folds
b0498646: folds
Uncalled bet ($0.07) returned to Hero
*** SHOWDOWN ***
Hero collected $0.12 from pot
*** SUMMARY ***
Total pot $0.12 | Rake $0 | Jackpot $0 | Bingo $0 | Fortune $0
Seat 1: ab0168e1 (button) folded before Flop (didn't bet)
Seat 3: 5e10da43 (small blind) folded before Flop
Seat 5: b0498646 (big blind) folded before Flop
Seat 6: Hero collected ($0.12)


Poker Hand #HD1175905105: Hold'em No Limit  ($0.02/$0.05) - 2023/03/25 23:17:43
Table 'NLHBlue7' 6-max Seat #6 is the button
Seat 1: ab0168e1 ($4.85 in chips)
Seat 3: 5e10da43 ($5.13 in chips)
Seat 5: b0498646 ($4.11 in chips)
Seat 6: Hero ($5.05 in chips)
ab0168e1: posts small blind $0.02
5e10da43: posts big blind $0.05
*** HOLE CARDS ***
Dealt to ab0168e1 
Dealt to 5e10da43 
Dealt to b0498646 
Dealt to Hero [8h 4d]
b0498646: folds
Hero: folds
ab0168e1: folds
Uncalled bet ($0.03) returned to 5e10da43
*** SHOWDOWN ***
5e10da43 collected $0.04 from pot
*** SUMMARY ***
Total pot $0.04 | Rake $0 | Jackpot $0 | Bingo $0 | Fortune $0
Seat 1: ab0168e1 (small blind) folded before Flop
Seat 3: 5e10da43 (big blind) collected ($0.04)
Seat 5: b0498646 folded before Flop (didn't bet)
Seat 6: Hero (button) folded before Flop (didn't bet)


Poker Hand #HD1175905042: Hold'em No Limit  ($0.02/$0.05) - 2023/03/25 23:17:18
Table 'NLHBlue7' 6-max Seat #5 is the button
Seat 1: ab0168e1 ($5 in chips)
Seat 3: 5e10da43 ($5.13 in chips)
Seat 5: b0498646 ($3.95 in chips)
Seat 6: Hero ($5.07 in chips)
Hero: posts small blind $0.02
ab0168e1: posts big blind $0.05
*** HOLE CARDS ***
Dealt to ab0168e1 
Dealt to 5e10da43 
Dealt to b0498646 
Dealt to Hero [Jd 5c]
5e10da43: folds
b0498646: raises $0.1 to $0.15
Hero: folds
ab0168e1: calls $0.1
*** FLOP *** [Kd 4d 3s]
ab0168e1: checks
b0498646: bets $0.24
ab0168e1: folds
Uncalled bet ($0.24) returned to b0498646
*** SHOWDOWN ***
b0498646 collected $0.31 from pot
*** SUMMARY ***
Total pot $0.32 | Rake $0.01 | Jackpot $0 | Bingo $0 | Fortune $0
Board [Kd 4d 3s]
Seat 1: ab0168e1 (big blind) folded on the Flop
Seat 3: 5e10da43 folded before Flop (didn't bet)
Seat 5: b0498646 (button) won ($0.31)
Seat 6: Hero (small blind) folded before Flop


Poker Hand #HD1175904974: Hold'em No Limit  ($0.02/$0.05) - 2023/03/25 23:16:42
Table 'NLHBlue7' 6-max Seat #3 is the button
Seat 1: ab0168e1 ($5 in chips)
Seat 2: 8d313be8 ($5.07 in chips)
Seat 3: 5e10da43 ($5 in chips)
Seat 5: b0498646 ($3.97 in chips)
Seat 6: Hero ($5.19 in chips)
b0498646: posts small blind $0.02
Hero: posts big blind $0.05
*** HOLE CARDS ***
Dealt to ab0168e1 
Dealt to 8d313be8 
Dealt to 5e10da43 
Dealt to b0498646 
Dealt to Hero [Js Td]
ab0168e1: folds
8d313be8: folds
5e10da43: raises $0.07 to $0.12
b0498646: folds
Hero: calls $0.07
*** FLOP *** [Ac 7d Ah]
Hero: checks
5e10da43: bets $0.1
Hero: folds
Uncalled bet ($0.1) returned to 5e10da43
*** SHOWDOWN ***
5e10da43 collected $0.25 from pot
*** SUMMARY ***
Total pot $0.26 | Rake $0.01 | Jackpot $0 | Bingo $0 | Fortune $0
Board [Ac 7d Ah]
Seat 1: ab0168e1 folded before Flop (didn't bet)
Seat 2: 8d313be8 folded before Flop (didn't bet)
Seat 3: 5e10da43 (button) won ($0.25)
Seat 5: b0498646 (small blind) folded before Flop
Seat 6: Hero (big blind) folded on the Flop


Poker Hand #HD1175904930: Hold'em No Limit  ($0.02/$0.05) - 2023/03/25 23:16:16
Table 'NLHBlue7' 6-max Seat #2 is the button
Seat 1: ab0168e1 ($5 in chips)
Seat 2: 8d313be8 ($5 in chips)
Seat 3: 5e10da43 ($5 in chips)
Seat 5: b0498646 ($4.02 in chips)
Seat 6: Hero ($5.19 in chips)
5e10da43: posts small blind $0.02
b0498646: posts big blind $0.05
*** HOLE CARDS ***
Dealt to ab0168e1 
Dealt to 8d313be8 
Dealt to 5e10da43 
Dealt to b0498646 
Dealt to Hero [4h 7h]
Hero: folds
ab0168e1: folds
8d313be8: raises $0.08 to $0.13
5e10da43: folds
b0498646: folds
Uncalled bet ($0.08) returned to 8d313be8
*** SHOWDOWN ***
8d313be8 collected $0.12 from pot
*** SUMMARY ***
Total pot $0.12 | Rake $0 | Jackpot $0 | Bingo $0 | Fortune $0
Seat 1: ab0168e1 folded before Flop (didn't bet)
Seat 2: 8d313be8 (button) collected ($0.12)
Seat 3: 5e10da43 (small blind) folded before Flop
Seat 5: b0498646 (big blind) folded before Flop
Seat 6: Hero folded before Flop (didn't bet)


Poker Hand #HD1175904891: Hold'em No Limit  ($0.02/$0.05) - 2023/03/25 23:15:57
Table 'NLHBlue7' 6-max Seat #1 is the button
Seat 1: ab0168e1 ($5 in chips)
Seat 2: 8d313be8 ($5.02 in chips)
Seat 3: 5e10da43 ($5 in chips)
Seat 4: bdb33ea1 ($5.13 in chips)
Seat 5: b0498646 ($4.02 in chips)
Seat 6: Hero ($5.12 in chips)
8d313be8: posts small blind $0.02
5e10da43: posts big blind $0.05
*** HOLE CARDS ***
Dealt to ab0168e1 
Dealt to 8d313be8 
Dealt to 5e10da43 
Dealt to bdb33ea1 
Dealt to b0498646 
Dealt to Hero [Qs 8s]
bdb33ea1: folds
b0498646: folds
Hero: raises $0.07 to $0.12
ab0168e1: folds
8d313be8: folds
5e10da43: folds
Uncalled bet ($0.07) returned to Hero
*** SHOWDOWN ***
Hero collected $0.12 from pot
*** SUMMARY ***
Total pot $0.12 | Rake $0 | Jackpot $0 | Bingo $0 | Fortune $0
Seat 1: ab0168e1 (button) folded before Flop (didn't bet)
Seat 2: 8d313be8 (small blind) folded before Flop
Seat 3: 5e10da43 (big blind) folded before Flop
Seat 4: bdb33ea1 folded before Flop (didn't bet)
Seat 5: b0498646 folded before Flop (didn't bet)
Seat 6: Hero collected ($0.12)


Poker Hand #HD1175904861: Hold'em No Limit  ($0.02/$0.05) - 2023/03/25 23:15:41
Table 'NLHBlue7' 6-max Seat #6 is the button
Seat 1: ab0168e1 ($5.02 in chips)
Seat 2: 8d313be8 ($5 in chips)
Seat 4: bdb33ea1 ($5.13 in chips)
Seat 5: b0498646 ($4.02 in chips)
Seat 6: Hero ($5.12 in chips)
ab0168e1: posts small blind $0.02
8d313be8: posts big blind $0.05
*** HOLE CARDS ***
Dealt to ab0168e1 
Dealt to 8d313be8 
Dealt to bdb33ea1 
Dealt to b0498646 
Dealt to Hero [6s Kh]
bdb33ea1: folds
b0498646: folds
Hero: folds
ab0168e1: folds
Uncalled bet ($0.03) returned to 8d313be8
*** SHOWDOWN ***
8d313be8 collected $0.04 from pot
*** SUMMARY ***
Total pot $0.04 | Rake $0 | Jackpot $0 | Bingo $0 | Fortune $0
Seat 1: ab0168e1 (small blind) folded before Flop
Seat 2: 8d313be8 (big blind) collected ($0.04)
Seat 4: bdb33ea1 folded before Flop (didn't bet)
Seat 5: b0498646 folded before Flop (didn't bet)
Seat 6: Hero (button) folded before Flop (didn't bet)


Poker Hand #HD1175904842: Hold'em No Limit  ($0.02/$0.05) - 2023/03/25 23:15:32
Table 'NLHBlue7' 6-max Seat #5 is the button
Seat 1: ab0168e1 ($5 in chips)
Seat 2: 8d313be8 ($5 in chips)
Seat 4: bdb33ea1 ($5.13 in chips)
Seat 5: b0498646 ($4.02 in chips)
Seat 6: Hero ($5.14 in chips)
Hero: posts small blind $0.02
ab0168e1: posts big blind $0.05
*** HOLE CARDS ***
Dealt to ab0168e1 
Dealt to 8d313be8 
Dealt to bdb33ea1 
Dealt to b0498646 
Dealt to Hero [3d Js]
8d313be8: folds
bdb33ea1: folds
b0498646: folds
Hero: folds
Uncalled bet ($0.03) returned to ab0168e1
*** SHOWDOWN ***
ab0168e1 collected $0.04 from pot
*** SUMMARY ***
Total pot $0.04 | Rake $0 | Jackpot $0 | Bingo $0 | Fortune $0
Seat 1: ab0168e1 (big blind) collected ($0.04)
Seat 2: 8d313be8 folded before Flop (didn't bet)
Seat 4: bdb33ea1 folded before Flop (didn't bet)
Seat 5: b0498646 (button) folded before Flop (didn't bet)
Seat 6: Hero (small blind) folded before Flop


Poker Hand #HD1175904757: Hold'em No Limit  ($0.02/$0.05) - 2023/03/25 23:14:51
Table 'NLHBlue7' 6-max Seat #4 is the button
Seat 2: 8d313be8 ($5 in chips)
Seat 4: bdb33ea1 ($5.26 in chips)
Seat 5: b0498646 ($4.04 in chips)
Seat 6: Hero ($5 in chips)
b0498646: posts small blind $0.02
Hero: posts big blind $0.05
*** HOLE CARDS ***
Dealt to 8d313be8 
Dealt to bdb33ea1 
Dealt to b0498646 
Dealt to Hero [Ks 4s]
8d313be8: folds
bdb33ea1: raises $0.08 to $0.13
b0498646: folds
Hero: calls $0.08
*** FLOP *** [5d Kd 5s]
Hero: checks
bdb33ea1: checks
*** TURN *** [5d Kd 5s] [Jh]
Hero: bets $0.14
bdb33ea1: folds
Uncalled bet ($0.14) returned to Hero
*** SHOWDOWN ***
Hero collected $0.27 from pot
*** SUMMARY ***
Total pot $0.28 | Rake $0.01 | Jackpot $0 | Bingo $0 | Fortune $0
Board [5d Kd 5s Jh]
Seat 2: 8d313be8 folded before Flop (didn't bet)
Seat 4: bdb33ea1 (button) folded on the Turn
Seat 5: b0498646 (small blind) folded before Flop
Seat 6: Hero (big blind) won ($0.27)


Poker Hand #HD1175904601: Hold'em No Limit  ($0.02/$0.05) - 2023/03/25 23:13:33
Table 'NLHBlue7' 6-max Seat #3 is the button
Seat 2: 8d313be8 ($5 in chips)
Seat 3: e32d3a3f ($1.82 in chips)
Seat 4: bdb33ea1 ($5.28 in chips)
Seat 5: b0498646 ($4.09 in chips)
Seat 6: Hero ($5.07 in chips)
bdb33ea1: posts small blind $0.02
b0498646: posts big blind $0.05
*** HOLE CARDS ***
Dealt to 8d313be8 
Dealt to e32d3a3f 
Dealt to bdb33ea1 
Dealt to b0498646 
Dealt to Hero [9c Kc]
Hero: raises $0.07 to $0.12
8d313be8: folds
e32d3a3f: raises $0.11 to $0.23
bdb33ea1: folds
b0498646: folds
Hero: calls $0.11
*** FLOP *** [7d 3s 2s]
Hero: checks
e32d3a3f: checks
*** TURN *** [7d 3s 2s] [9s]
Hero: bets $0.4
e32d3a3f: calls $0.4
*** RIVER *** [7d 3s 2s 9s] [Ah]
Hero: checks
e32d3a3f: checks
Hero: shows [9c Kc] (Pair of Nines)
e32d3a3f: shows [8d As] (Pair of Aces)
*** SHOWDOWN ***
e32d3a3f collected $1.27 from pot
*** SUMMARY ***
Total pot $1.33 | Rake $0.06 | Jackpot $0 | Bingo $0 | Fortune $0
Board [7d 3s 2s 9s Ah]
Seat 2: 8d313be8 folded before Flop (didn't bet)
Seat 3: e32d3a3f (button) showed [8d As] and won ($1.27) with Pair of Aces
Seat 4: bdb33ea1 (small blind) folded before Flop
Seat 5: b0498646 (big blind) folded before Flop
Seat 6: Hero showed [9c Kc] and lost with Pair of Nines


Poker Hand #HD1175904549: Hold'em No Limit  ($0.02/$0.05) - 2023/03/25 23:13:08
Table 'NLHBlue7' 6-max Seat #2 is the button
Seat 2: 8d313be8 ($5 in chips)
Seat 3: e32d3a3f ($1.84 in chips)
Seat 4: bdb33ea1 ($5.33 in chips)
Seat 5: b0498646 ($4.09 in chips)
Seat 6: Hero ($5 in chips)
e32d3a3f: posts small blind $0.02
bdb33ea1: posts big blind $0.05
*** HOLE CARDS ***
Dealt to 8d313be8 
Dealt to e32d3a3f 
Dealt to bdb33ea1 
Dealt to b0498646 
Dealt to Hero [Qh Qs]
b0498646: folds
Hero: raises $0.07 to $0.12
8d313be8: folds
e32d3a3f: folds
bdb33ea1: folds
Uncalled bet ($0.07) returned to Hero
*** SHOWDOWN ***
Hero collected $0.12 from pot
*** SUMMARY ***
Total pot $0.12 | Rake $0 | Jackpot $0 | Bingo $0 | Fortune $0
Seat 2: 8d313be8 (button) folded before Flop (didn't bet)
Seat 3: e32d3a3f (small blind) folded before Flop
Seat 4: bdb33ea1 (big blind) folded before Flop
Seat 5: b0498646 folded before Flop (didn't bet)
Seat 6: Hero collected ($0.12)


Poker Hand #HD1175904429: Hold'em No Limit  ($0.02/$0.05) - 2023/03/25 23:12:12
Table 'NLHBlue7' 6-max Seat #1 is the button
Seat 1: 14386a52 ($4.83 in chips)
Seat 2: 8d313be8 ($5 in chips)
Seat 3: e32d3a3f ($1.49 in chips)
Seat 4: bdb33ea1 ($5.33 in chips)
Seat 5: b0498646 ($4.09 in chips)
Seat 6: Hero ($5.23 in chips)
8d313be8: posts small blind $0.02
e32d3a3f: posts big blind $0.05
*** HOLE CARDS ***
Dealt to 14386a52 
Dealt to 8d313be8 
Dealt to e32d3a3f 
Dealt to bdb33ea1 
Dealt to b0498646 
Dealt to Hero [Ah Kc]
bdb33ea1: folds
b0498646: folds
Hero: raises $0.07 to $0.12
14386a52: folds
8d313be8: folds
e32d3a3f: calls $0.07
*** FLOP *** [2c Qc Tc]
e32d3a3f: checks
Hero: bets $0.09
e32d3a3f: calls $0.09
*** TURN *** [2c Qc Tc] [4h]
e32d3a3f: checks
Hero: bets $0.15
e32d3a3f: calls $0.15
*** RIVER *** [2c Qc Tc 4h] [7h]
e32d3a3f: checks
Hero: checks
e32d3a3f: shows [3d 3c] (Pair of Treys)
Hero: shows [Ah Kc] (Ace-High)
*** SHOWDOWN ***
e32d3a3f collected $0.71 from pot
*** SUMMARY ***
Total pot $0.74 | Rake $0.03 | Jackpot $0 | Bingo $0 | Fortune $0
Board [2c Qc Tc 4h 7h]
Seat 1: 14386a52 (button) folded before Flop (didn't bet)
Seat 2: 8d313be8 (small blind) folded before Flop
Seat 3: e32d3a3f (big blind) showed [3d 3c] and won ($0.71) with Pair of Treys
Seat 4: bdb33ea1 folded before Flop (didn't bet)
Seat 5: b0498646 folded before Flop (didn't bet)
Seat 6: Hero showed [Ah Kc] and lost with Ace-High


Poker Hand #HD1175904269: Hold'em No Limit  ($0.02/$0.05) - 2023/03/25 23:10:45
Table 'NLHBlue7' 6-max Seat #6 is the button
Seat 1: 14386a52 ($5.07 in chips)
Seat 2: 8d313be8 ($5 in chips)
Seat 3: e32d3a3f ($1.22 in chips)
Seat 4: bdb33ea1 ($5.33 in chips)
Seat 5: b0498646 ($4.09 in chips)
Seat 6: Hero ($5.23 in chips)
14386a52: posts small blind $0.02
8d313be8: posts big blind $0.05
*** HOLE CARDS ***
Dealt to 14386a52 
Dealt to 8d313be8 
Dealt to e32d3a3f 
Dealt to bdb33ea1 
Dealt to b0498646 
Dealt to Hero [2s 7h]
e32d3a3f: calls $0.05
bdb33ea1: folds
b0498646: folds
Hero: folds
14386a52: calls $0.03
8d313be8: checks
*** FLOP *** [9s Ad 3s]
14386a52: checks
8d313be8: checks
e32d3a3f: bets $0.09
14386a52: calls $0.09
8d313be8: folds
*** TURN *** [9s Ad 3s] [5c]
14386a52: checks
e32d3a3f: checks
*** RIVER *** [9s Ad 3s 5c] [Qh]
14386a52: bets $0.1
e32d3a3f: calls $0.1
14386a52: shows [Js Qc] (Pair of Queens)
e32d3a3f: shows [As 2d] (Pair of Aces)
*** SHOWDOWN ***
e32d3a3f collected $0.51 from pot
*** SUMMARY ***
Total pot $0.53 | Rake $0.02 | Jackpot $0 | Bingo $0 | Fortune $0
Board [9s Ad 3s 5c Qh]
Seat 1: 14386a52 (small blind) showed [Js Qc] and lost with Pair of Queens
Seat 2: 8d313be8 (big blind) folded on the Flop
Seat 3: e32d3a3f showed [As 2d] and won ($0.51) with Pair of Aces
Seat 4: bdb33ea1 folded before Flop (didn't bet)
Seat 5: b0498646 folded before Flop (didn't bet)
Seat 6: Hero (button) folded before Flop (didn't bet)


Poker Hand #HD1175904205: Hold'em No Limit  ($0.02/$0.05) - 2023/03/25 23:10:14
Table 'NLHBlue7' 6-max Seat #5 is the button
Seat 1: 14386a52 ($5 in chips)
Seat 3: e32d3a3f ($1.27 in chips)
Seat 4: bdb33ea1 ($5.33 in chips)
Seat 5: b0498646 ($4.09 in chips)
Seat 6: Hero ($5.25 in chips)
Hero: posts small blind $0.02
14386a52: posts big blind $0.05
e32d3a3f: posts big blind $0.05
*** HOLE CARDS ***
Dealt to 14386a52 
Dealt to e32d3a3f 
Dealt to bdb33ea1 
Dealt to b0498646 
Dealt to Hero [9s 8c]
e32d3a3f: checks
bdb33ea1: folds
b0498646: folds
Hero: folds
14386a52: checks
*** FLOP *** [Ts Ah Kh]
14386a52: bets $0.05
e32d3a3f: folds
Uncalled bet ($0.05) returned to 14386a52
*** SHOWDOWN ***
14386a52 collected $0.12 from pot
*** SUMMARY ***
Total pot $0.12 | Rake $0 | Jackpot $0 | Bingo $0 | Fortune $0
Board [Ts Ah Kh]
Seat 1: 14386a52 (big blind) won ($0.12)
Seat 3: e32d3a3f folded on the Flop
Seat 4: bdb33ea1 folded before Flop (didn't bet)
Seat 5: b0498646 (button) folded before Flop (didn't bet)
Seat 6: Hero (small blind) folded before Flop


Poker Hand #HD1175904159: Hold'em No Limit  ($0.02/$0.05) - 2023/03/25 23:09:50
Table 'NLHBlue7' 6-max Seat #4 is the button
Seat 4: bdb33ea1 ($5.33 in chips)
Seat 5: b0498646 ($3.95 in chips)
Seat 6: Hero ($5.4 in chips)
b0498646: posts small blind $0.02
Hero: posts big blind $0.05
*** HOLE CARDS ***
Dealt to bdb33ea1 
Dealt to b0498646 
Dealt to Hero [4h 7h]
bdb33ea1: folds
b0498646: raises $0.1 to $0.15
Hero: calls $0.1
*** FLOP *** [7s Th Ad]
b0498646: bets $0.23
Hero: folds
Uncalled bet ($0.23) returned to b0498646
*** SHOWDOWN ***
b0498646 collected $0.29 from pot
*** SUMMARY ***
Total pot $0.3 | Rake $0.01 | Jackpot $0 | Bingo $0 | Fortune $0
Board [7s Th Ad]
Seat 4: bdb33ea1 (button) folded before Flop (didn't bet)
Seat 5: b0498646 (small blind) won ($0.29)
Seat 6: Hero (big blind) folded on the Flop


Poker Hand #HD1175903985: Hold'em No Limit  ($0.02/$0.05) - 2023/03/25 23:08:23
Table 'NLHBlue7' 6-max Seat #6 is the button
Seat 4: bdb33ea1 ($5 in chips)
Seat 5: b0498646 ($4.07 in chips)
Seat 6: Hero ($5.64 in chips)
bdb33ea1: posts small blind $0.02
b0498646: posts big blind $0.05
*** HOLE CARDS ***
Dealt to bdb33ea1 
Dealt to b0498646 
Dealt to Hero [8s Ks]
Hero: raises $0.07 to $0.12
bdb33ea1: calls $0.1
b0498646: calls $0.07
*** FLOP *** [8d 6c Td]
bdb33ea1: checks
b0498646: checks
Hero: bets $0.12
bdb33ea1: calls $0.12
b0498646: folds
*** TURN *** [8d 6c Td] [7d]
bdb33ea1: checks
Hero: checks
*** RIVER *** [8d 6c Td 7d] [Tc]
bdb33ea1: bets $0.1
Hero: folds
Uncalled bet ($0.1) returned to bdb33ea1
*** SHOWDOWN ***
bdb33ea1 collected $0.57 from pot
*** SUMMARY ***
Total pot $0.6 | Rake $0.03 | Jackpot $0 | Bingo $0 | Fortune $0
Board [8d 6c Td 7d Tc]
Seat 4: bdb33ea1 (small blind) won ($0.57)
Seat 5: b0498646 (big blind) folded on the Flop
Seat 6: Hero (button) folded on the River


Poker Hand #HD1175903942: Hold'em No Limit  ($0.02/$0.05) - 2023/03/25 23:08:04
Table 'NLHBlue7' 6-max Seat #5 is the button
Seat 4: bdb33ea1 ($5 in chips)
Seat 5: b0498646 ($4 in chips)
Seat 6: Hero ($5.66 in chips)
Hero: posts small blind $0.02
bdb33ea1: posts big blind $0.05
*** HOLE CARDS ***
Dealt to bdb33ea1 
Dealt to b0498646 
Dealt to Hero [3c 9s]
b0498646: raises $0.1 to $0.15
Hero: folds
bdb33ea1: folds
Uncalled bet ($0.1) returned to b0498646
*** SHOWDOWN ***
b0498646 collected $0.12 from pot
*** SUMMARY ***
Total pot $0.12 | Rake $0 | Jackpot $0 | Bingo $0 | Fortune $0
Seat 4: bdb33ea1 (big blind) folded before Flop
Seat 5: b0498646 (button) collected ($0.12)
Seat 6: Hero (small blind) folded before Flop


Poker Hand #HD1175903899: Hold'em No Limit  ($0.02/$0.05) - 2023/03/25 23:07:42
Table 'NLHBlue7' 6-max Seat #4 is the button
Seat 4: bdb33ea1 ($5 in chips)
Seat 5: b0498646 ($4.15 in chips)
Seat 6: Hero ($5.52 in chips)
b0498646: posts small blind $0.02
Hero: posts big blind $0.05
*** HOLE CARDS ***
Dealt to bdb33ea1 
Dealt to b0498646 
Dealt to Hero [As 8s]
bdb33ea1: folds
b0498646: raises $0.1 to $0.15
Hero: raises $0.29 to $0.44
b0498646: folds
Uncalled bet ($0.29) returned to Hero
*** SHOWDOWN ***
Hero collected $0.29 from pot
*** SUMMARY ***
Total pot $0.3 | Rake $0.01 | Jackpot $0 | Bingo $0 | Fortune $0
Seat 4: bdb33ea1 (button) folded before Flop (didn't bet)
Seat 5: b0498646 (small blind) folded before Flop
Seat 6: Hero (big blind) collected ($0.29)


Poker Hand #HD1175903881: Hold'em No Limit  ($0.02/$0.05) - 2023/03/25 23:07:31
Table 'NLHBlue7' 6-max Seat #6 is the button
Seat 4: bdb33ea1 ($5 in chips)
Seat 5: b0498646 ($4.13 in chips)
Seat 6: Hero ($5.52 in chips)
bdb33ea1: posts small blind $0.02
b0498646: posts big blind $0.05
*** HOLE CARDS ***
Dealt to bdb33ea1 
Dealt to b0498646 
Dealt to Hero [4s 3c]
Hero: folds
bdb33ea1: folds
Uncalled bet ($0.03) returned to b0498646
*** SHOWDOWN ***
b0498646 collected $0.04 from pot
*** SUMMARY ***
Total pot $0.04 | Rake $0 | Jackpot $0 | Bingo $0 | Fortune $0
Seat 4: bdb33ea1 (small blind) folded before Flop
Seat 5: b0498646 (big blind) collected ($0.04)
Seat 6: Hero (button) folded before Flop (didn't bet)


Poker Hand #HD1175903740: Hold'em No Limit  ($0.02/$0.05) - 2023/03/25 23:06:24
Table 'NLHBlue7' 6-max Seat #5 is the button
Seat 4: bdb33ea1 ($5 in chips)
Seat 5: b0498646 ($3.97 in chips)
Seat 6: Hero ($5.54 in chips)
Hero: posts small blind $0.02
bdb33ea1: posts big blind $0.05
*** HOLE CARDS ***
Dealt to bdb33ea1 
Dealt to b0498646 
Dealt to Hero [2c 7s]
b0498646: raises $0.1 to $0.15
Hero: folds
bdb33ea1: calls $0.1
*** FLOP *** [3h Td 5s]
bdb33ea1: checks
b0498646: checks
*** TURN *** [3h Td 5s] [9h]
bdb33ea1: checks
b0498646: bets $0.24
bdb33ea1: folds
Uncalled bet ($0.24) returned to b0498646
*** SHOWDOWN ***
b0498646 collected $0.31 from pot
*** SUMMARY ***
Total pot $0.32 | Rake $0.01 | Jackpot $0 | Bingo $0 | Fortune $0
Board [3h Td 5s 9h]
Seat 4: bdb33ea1 (big blind) folded on the Turn
Seat 5: b0498646 (button) won ($0.31)
Seat 6: Hero (small blind) folded before Flop


Poker Hand #HD1175903676: Hold'em No Limit  ($0.02/$0.05) - 2023/03/25 23:05:48
Table 'NLHBlue7' 6-max Seat #4 is the button
Seat 1: c8ee8025 ($4.31 in chips)
Seat 4: bdb33ea1 ($5.13 in chips)
Seat 5: b0498646 ($3.8 in chips)
Seat 6: Hero ($5.59 in chips)
b0498646: posts small blind $0.02
Hero: posts big blind $0.05
*** HOLE CARDS ***
Dealt to c8ee8025 
Dealt to bdb33ea1 
Dealt to b0498646 
Dealt to Hero [2s 5c]
c8ee8025: folds
bdb33ea1: raises $0.08 to $0.13
b0498646: raises $0.24 to $0.37
Hero: folds
bdb33ea1: folds
Uncalled bet ($0.24) returned to b0498646
*** SHOWDOWN ***
b0498646 collected $0.3 from pot
*** SUMMARY ***
Total pot $0.31 | Rake $0.01 | Jackpot $0 | Bingo $0 | Fortune $0
Seat 1: c8ee8025 folded before Flop (didn't bet)
Seat 4: bdb33ea1 (button) folded before Flop
Seat 5: b0498646 (small blind) collected ($0.3)
Seat 6: Hero (big blind) folded before Flop


Poker Hand #HD1175903582: Hold'em No Limit  ($0.02/$0.05) - 2023/03/25 23:05:09
Table 'NLHBlue7' 6-max Seat #1 is the button
Seat 1: c8ee8025 ($4.31 in chips)
Seat 4: bdb33ea1 ($5.15 in chips)
Seat 5: b0498646 ($3.69 in chips)
Seat 6: Hero ($5.69 in chips)
bdb33ea1: posts small blind $0.02
b0498646: posts big blind $0.05
*** HOLE CARDS ***
Dealt to c8ee8025 
Dealt to bdb33ea1 
Dealt to b0498646 
Dealt to Hero [Qc 8c]
Hero: raises $0.05 to $0.1
c8ee8025: folds
bdb33ea1: folds
b0498646: calls $0.05
*** FLOP *** [5h 7c 7s]
b0498646: checks
Hero: checks
*** TURN *** [5h 7c 7s] [7d]
b0498646: bets $0.15
Hero: folds
Uncalled bet ($0.15) returned to b0498646
*** SHOWDOWN ***
b0498646 collected $0.21 from pot
*** SUMMARY ***
Total pot $0.22 | Rake $0.01 | Jackpot $0 | Bingo $0 | Fortune $0
Board [5h 7c 7s 7d]
Seat 1: c8ee8025 (button) folded before Flop (didn't bet)
Seat 4: bdb33ea1 (small blind) folded before Flop
Seat 5: b0498646 (big blind) won ($0.21)
Seat 6: Hero folded on the Turn


Poker Hand #HD1175903473: Hold'em No Limit  ($0.02/$0.05) - 2023/03/25 23:04:15
Table 'NLHBlue7' 6-max Seat #6 is the button
Seat 1: c8ee8025 ($5.02 in chips)
Seat 4: bdb33ea1 ($5.2 in chips)
Seat 5: b0498646 ($3.69 in chips)
Seat 6: Hero ($5 in chips)
c8ee8025: posts small blind $0.02
bdb33ea1: posts big blind $0.05
*** HOLE CARDS ***
Dealt to c8ee8025 
Dealt to bdb33ea1 
Dealt to b0498646 
Dealt to Hero [7s Ts]
b0498646: folds
Hero: raises $0.07 to $0.12
c8ee8025: calls $0.1
bdb33ea1: folds
*** FLOP *** [Td 7h Ks]
c8ee8025: checks
Hero: bets $0.22
c8ee8025: calls $0.22
*** TURN *** [Td 7h Ks] [Ad]
c8ee8025: checks
Hero: bets $0.37
c8ee8025: calls $0.37
*** RIVER *** [Td 7h Ks Ad] [9h]
c8ee8025: checks
Hero: bets $0.42
c8ee8025: folds
Uncalled bet ($0.42) returned to Hero
*** SHOWDOWN ***
Hero collected $1.4 from pot
*** SUMMARY ***
Total pot $1.47 | Rake $0.07 | Jackpot $0 | Bingo $0 | Fortune $0
Board [Td 7h Ks Ad 9h]
Seat 1: c8ee8025 (small blind) folded on the River
Seat 4: bdb33ea1 (big blind) folded before Flop
Seat 5: b0498646 folded before Flop (didn't bet)
Seat 6: Hero (button) won ($1.4)


Poker Hand #HD1175903434: Hold'em No Limit  ($0.02/$0.05) - 2023/03/25 23:04:01
Table 'NLHBlue7' 6-max Seat #5 is the button
Seat 1: c8ee8025 ($5 in chips)
Seat 4: bdb33ea1 ($5.2 in chips)
Seat 5: b0498646 ($3.69 in chips)
Seat 6: Hero ($5.02 in chips)
Hero: posts small blind $0.02
c8ee8025: posts big blind $0.05
*** HOLE CARDS ***
Dealt to c8ee8025 
Dealt to bdb33ea1 
Dealt to b0498646 
Dealt to Hero [3c 8c]
bdb33ea1: folds
b0498646: folds
Hero: folds
Uncalled bet ($0.03) returned to c8ee8025
*** SHOWDOWN ***
c8ee8025 collected $0.04 from pot
*** SUMMARY ***
Total pot $0.04 | Rake $0 | Jackpot $0 | Bingo $0 | Fortune $0
Seat 1: c8ee8025 (big blind) collected ($0.04)
Seat 4: bdb33ea1 folded before Flop (didn't bet)
Seat 5: b0498646 (button) folded before Flop (didn't bet)
Seat 6: Hero (small blind) folded before Flop


Poker Hand #HD1175903410: Hold'em No Limit  ($0.02/$0.05) - 2023/03/25 23:03:51
Table 'NLHBlue7' 6-max Seat #4 is the button
Seat 4: bdb33ea1 ($5.2 in chips)
Seat 5: b0498646 ($3.71 in chips)
Seat 6: Hero ($5 in chips)
b0498646: posts small blind $0.02
Hero: posts big blind $0.05
*** HOLE CARDS ***
Dealt to bdb33ea1 
Dealt to b0498646 
Dealt to Hero [Ks 7h]
bdb33ea1: folds
b0498646: folds
Uncalled bet ($0.03) returned to Hero
*** SHOWDOWN ***
Hero collected $0.04 from pot
*** SUMMARY ***
Total pot $0.04 | Rake $0 | Jackpot $0 | Bingo $0 | Fortune $0
Seat 4: bdb33ea1 (button) folded before Flop (didn't bet)
Seat 5: b0498646 (small blind) folded before Flop
Seat 6: Hero (big blind) collected ($0.04)


Poker Hand #HD1175903369: Hold'em No Limit  ($0.02/$0.05) - 2023/03/25 23:03:32
Table 'NLHBlue7' 6-max Seat #6 is the button
Seat 4: bdb33ea1 ($5.22 in chips)
Seat 5: b0498646 ($3.69 in chips)
Seat 6: Hero ($5 in chips)
bdb33ea1: posts small blind $0.02
b0498646: posts big blind $0.05
*** HOLE CARDS ***
Dealt to bdb33ea1 
Dealt to b0498646 
Dealt to Hero [2c 4d]
Hero: folds
bdb33ea1: folds
Uncalled bet ($0.03) returned to b0498646
*** SHOWDOWN ***
b0498646 collected $0.04 from pot
*** SUMMARY ***
Total pot $0.04 | Rake $0 | Jackpot $0 | Bingo $0 | Fortune $0
Seat 4: bdb33ea1 (small blind) folded before Flop
Seat 5: b0498646 (big blind) collected ($0.04)
Seat 6: Hero (button) folded before Flop (didn't bet)


Poker Hand #HD1175903270: Hold'em No Limit  ($0.02/$0.05) - 2023/03/25 23:02:40
Table 'NLHBlue7' 6-max Seat #5 is the button
Seat 4: bdb33ea1 ($5.37 in chips)
Seat 5: b0498646 ($3.53 in chips)
Seat 6: Hero ($5 in chips)
Hero: posts small blind $0.02
bdb33ea1: posts big blind $0.05
*** HOLE CARDS ***
Dealt to bdb33ea1 
Dealt to b0498646 
Dealt to Hero [Ks Jd]
b0498646: raises $0.1 to $0.15
Hero: folds
bdb33ea1: calls $0.1
*** FLOP *** [Td Qh Ac]
bdb33ea1: checks
b0498646: bets $0.24
bdb33ea1: folds
Uncalled bet ($0.24) returned to b0498646
*** SHOWDOWN ***
b0498646 collected $0.31 from pot
*** SUMMARY ***
Total pot $0.32 | Rake $0.01 | Jackpot $0 | Bingo $0 | Fortune $0
Board [Td Qh Ac]
Seat 4: bdb33ea1 (big blind) folded on the Flop
Seat 5: b0498646 (button) won ($0.31)
Seat 6: Hero (small blind) folded before Flop


Poker Hand #HD1175903241: Hold'em No Limit  ($0.02/$0.05) - 2023/03/25 23:02:25
Table 'NLHBlue7' 6-max Seat #4 is the button
Seat 4: bdb33ea1 ($5.3 in chips)
Seat 5: b0498646 ($3.55 in chips)
Seat 6: Hero ($5 in chips)
b0498646: posts small blind $0.02
Hero: posts big blind $0.05
*** HOLE CARDS ***
Dealt to bdb33ea1 
Dealt to b0498646 
Dealt to Hero [2s Ah]
bdb33ea1: raises $0.05 to $0.1
b0498646: folds
Hero: folds
Uncalled bet ($0.05) returned to bdb33ea1
*** SHOWDOWN ***
bdb33ea1 collected $0.12 from pot
*** SUMMARY ***
Total pot $0.12 | Rake $0 | Jackpot $0 | Bingo $0 | Fortune $0
Seat 4: bdb33ea1 (button) collected ($0.12)
Seat 5: b0498646 (small blind) folded before Flop
Seat 6: Hero (big blind) folded before Flop


Poker Hand #HD1175903214: Hold'em No Limit  ($0.02/$0.05) - 2023/03/25 23:02:13
Table 'NLHBlue7' 6-max Seat #6 is the button
Seat 4: bdb33ea1 ($5.32 in chips)
Seat 5: b0498646 ($3.53 in chips)
Seat 6: Hero ($5 in chips)
bdb33ea1: posts small blind $0.02
b0498646: posts big blind $0.05
*** HOLE CARDS ***
Dealt to bdb33ea1 
Dealt to b0498646 
Dealt to Hero [7d Tc]
Hero: folds
bdb33ea1: folds
Uncalled bet ($0.03) returned to b0498646
*** SHOWDOWN ***
b0498646 collected $0.04 from pot
*** SUMMARY ***
Total pot $0.04 | Rake $0 | Jackpot $0 | Bingo $0 | Fortune $0
Seat 4: bdb33ea1 (small blind) folded before Flop
Seat 5: b0498646 (big blind) collected ($0.04)
Seat 6: Hero (button) folded before Flop (didn't bet)


Poker Hand #HD1175903066: Hold'em No Limit  ($0.02/$0.05) - 2023/03/25 23:01:03
Table 'NLHBlue7' 6-max Seat #4 is the button
Seat 4: bdb33ea1 ($5.09 in chips)
Seat 6: Hero ($5.02 in chips)
bdb33ea1: posts small blind $0.02
Hero: posts big blind $0.05
*** HOLE CARDS ***
Dealt to bdb33ea1 
Dealt to Hero [Qc 8c]
bdb33ea1: raises $0.05 to $0.1
Hero: calls $0.05
*** FLOP *** [Th As Qs]
Hero: checks
bdb33ea1: bets $0.15
Hero: calls $0.15
*** TURN *** [Th As Qs] [Jc]
Hero: checks
bdb33ea1: checks
*** RIVER *** [Th As Qs Jc] [Ac]
Hero: checks
bdb33ea1: bets $0.35
Hero: folds
Uncalled bet ($0.35) returned to bdb33ea1
*** SHOWDOWN ***
bdb33ea1 collected $0.48 from pot
*** SUMMARY ***
Total pot $0.5 | Rake $0.02 | Jackpot $0 | Bingo $0 | Fortune $0
Board [Th As Qs Jc Ac]
Seat 4: bdb33ea1 (small blind) won ($0.48)
Seat 6: Hero (big blind) folded on the River


Poker Hand #HD1175903029: Hold'em No Limit  ($0.02/$0.05) - 2023/03/25 23:00:44
Table 'NLHBlue7' 6-max Seat #1 is the button
Seat 1: 184bb5e0 ($5.14 in chips)
Seat 4: bdb33ea1 ($5.11 in chips)
Seat 6: Hero ($5 in chips)
bdb33ea1: posts small blind $0.02
Hero: posts big blind $0.05
*** HOLE CARDS ***
Dealt to 184bb5e0 
Dealt to bdb33ea1 
Dealt to Hero [3c Ah]
184bb5e0: folds
bdb33ea1: folds
Uncalled bet ($0.03) returned to Hero
*** SHOWDOWN ***
Hero collected $0.04 from pot
*** SUMMARY ***
Total pot $0.04 | Rake $0 | Jackpot $0 | Bingo $0 | Fortune $0
Seat 1: 184bb5e0 (button) folded before Flop (didn't bet)
Seat 4: bdb33ea1 (small blind) folded before Flop
Seat 6: Hero (big blind) collected ($0.04)


