Poker Hand #HD1160341327: Hold'em No Limit  ($0.02/$0.05) - 2023/03/14 21:30:30
Table 'NLHBlue55' 6-max Seat #6 is the button
Seat 1: c48154b5 ($4.95 in chips)
Seat 2: d7d0ca7 ($5.41 in chips)
Seat 3: 315e778b ($5.88 in chips)
Seat 4: Hero ($6.67 in chips)
Seat 5: 8d6f6c5c ($5 in chips)
Seat 6: 2a03f893 ($5.6 in chips)
c48154b5: posts small blind $0.02
d7d0ca7: posts big blind $0.05
*** HOLE CARDS ***
Dealt to c48154b5 
Dealt to d7d0ca7 
Dealt to 315e778b 
Dealt to Hero [7h Qh]
Dealt to 8d6f6c5c 
Dealt to 2a03f893 
315e778b: raises $0.08 to $0.13
Hero: folds
8d6f6c5c: folds
2a03f893: calls $0.13
c48154b5: raises $0.18 to $0.31
d7d0ca7: folds
315e778b: calls $0.18
2a03f893: calls $0.18
*** FLOP *** [Qd 8c 2h]
c48154b5: bets $0.34
315e778b: folds
2a03f893: folds
Uncalled bet ($0.34) returned to c48154b5
*** SHOWDOWN ***
c48154b5 collected $0.94 from pot
*** SUMMARY ***
Total pot $0.98 | Rake $0.04 | Jackpot $0 | Bingo $0 | Fortune $0
Board [Qd 8c 2h]
Seat 1: c48154b5 (small blind) won ($0.94)
Seat 2: d7d0ca7 (big blind) folded before Flop
Seat 3: 315e778b folded on the Flop
Seat 4: Hero folded before Flop (didn't bet)
Seat 5: 8d6f6c5c folded before Flop (didn't bet)
Seat 6: 2a03f893 (button) folded on the Flop


Poker Hand #HD1160341293: Hold'em No Limit  ($0.02/$0.05) - 2023/03/14 21:30:14
Table 'NLHBlue55' 6-max Seat #5 is the button
Seat 1: c48154b5 ($5 in chips)
Seat 2: d7d0ca7 ($5.41 in chips)
Seat 3: 315e778b ($5.88 in chips)
Seat 4: Hero ($6.6 in chips)
Seat 5: 8d6f6c5c ($5 in chips)
Seat 6: 2a03f893 ($5.62 in chips)
2a03f893: posts small blind $0.02
c48154b5: posts big blind $0.05
*** HOLE CARDS ***
Dealt to c48154b5 
Dealt to d7d0ca7 
Dealt to 315e778b 
Dealt to Hero [Qd Td]
Dealt to 8d6f6c5c 
Dealt to 2a03f893 
d7d0ca7: folds
315e778b: folds
Hero: raises $0.07 to $0.12
8d6f6c5c: folds
2a03f893: folds
c48154b5: folds
Uncalled bet ($0.07) returned to Hero
*** SHOWDOWN ***
Hero collected $0.12 from pot
*** SUMMARY ***
Total pot $0.12 | Rake $0 | Jackpot $0 | Bingo $0 | Fortune $0
Seat 1: c48154b5 (big blind) folded before Flop
Seat 2: d7d0ca7 folded before Flop (didn't bet)
Seat 3: 315e778b folded before Flop (didn't bet)
Seat 4: Hero collected ($0.12)
Seat 5: 8d6f6c5c (button) folded before Flop (didn't bet)
Seat 6: 2a03f893 (small blind) folded before Flop


Poker Hand #HD1160341210: Hold'em No Limit  ($0.02/$0.05) - 2023/03/14 21:29:39
Table 'NLHBlue55' 6-max Seat #4 is the button
Seat 2: d7d0ca7 ($5.41 in chips)
Seat 3: 315e778b ($5.88 in chips)
Seat 4: Hero ($6.6 in chips)
Seat 5: 8d6f6c5c ($5 in chips)
Seat 6: 2a03f893 ($5.48 in chips)
8d6f6c5c: posts small blind $0.02
2a03f893: posts big blind $0.05
*** HOLE CARDS ***
Dealt to d7d0ca7 
Dealt to 315e778b 
Dealt to Hero [Qd 2s]
Dealt to 8d6f6c5c 
Dealt to 2a03f893 
d7d0ca7: folds
315e778b: folds
Hero: folds
8d6f6c5c: raises $0.1 to $0.15
2a03f893: calls $0.1
*** FLOP *** [4d Qh 2c]
8d6f6c5c: checks
2a03f893: bets $0.15
8d6f6c5c: folds
Uncalled bet ($0.15) returned to 2a03f893
*** SHOWDOWN ***
2a03f893 collected $0.29 from pot
*** SUMMARY ***
Total pot $0.3 | Rake $0.01 | Jackpot $0 | Bingo $0 | Fortune $0
Board [4d Qh 2c]
Seat 2: d7d0ca7 folded before Flop (didn't bet)
Seat 3: 315e778b folded before Flop (didn't bet)
Seat 4: Hero (button) folded before Flop (didn't bet)
Seat 5: 8d6f6c5c (small blind) folded on the Flop
Seat 6: 2a03f893 (big blind) won ($0.29)


Poker Hand #HD1160341084: Hold'em No Limit  ($0.02/$0.05) - 2023/03/14 21:28:37
Table 'NLHBlue55' 6-max Seat #3 is the button
Seat 2: d7d0ca7 ($5.41 in chips)
Seat 3: 315e778b ($5.88 in chips)
Seat 4: Hero ($6.62 in chips)
Seat 5: 8d6f6c5c ($5 in chips)
Seat 6: 2a03f893 ($5.32 in chips)
Hero: posts small blind $0.02
8d6f6c5c: posts big blind $0.05
*** HOLE CARDS ***
Dealt to d7d0ca7 
Dealt to 315e778b 
Dealt to Hero [Tc 2s]
Dealt to 8d6f6c5c 
Dealt to 2a03f893 
2a03f893: raises $0.1 to $0.15
d7d0ca7: folds
315e778b: folds
Hero: folds
8d6f6c5c: calls $0.1
*** FLOP *** [Qd Jd Jc]
8d6f6c5c: checks
2a03f893: bets $0.2
8d6f6c5c: folds
Uncalled bet ($0.2) returned to 2a03f893
*** SHOWDOWN ***
2a03f893 collected $0.31 from pot
*** SUMMARY ***
Total pot $0.32 | Rake $0.01 | Jackpot $0 | Bingo $0 | Fortune $0
Board [Qd Jd Jc]
Seat 2: d7d0ca7 folded before Flop (didn't bet)
Seat 3: 315e778b (button) folded before Flop (didn't bet)
Seat 4: Hero (small blind) folded before Flop
Seat 5: 8d6f6c5c (big blind) folded on the Flop
Seat 6: 2a03f893 won ($0.31)


Poker Hand #HD1160340998: Hold'em No Limit  ($0.02/$0.05) - 2023/03/14 21:27:54
Table 'NLHBlue55' 6-max Seat #2 is the button
Seat 2: d7d0ca7 ($5.16 in chips)
Seat 3: 315e778b ($5.9 in chips)
Seat 4: Hero ($6.87 in chips)
Seat 5: 8d6f6c5c ($5 in chips)
Seat 6: 2a03f893 ($5.32 in chips)
315e778b: posts small blind $0.02
Hero: posts big blind $0.05
*** HOLE CARDS ***
Dealt to d7d0ca7 
Dealt to 315e778b 
Dealt to Hero [4d 5d]
Dealt to 8d6f6c5c 
Dealt to 2a03f893 
8d6f6c5c: folds
2a03f893: folds
d7d0ca7: raises $0.1 to $0.15
315e778b: folds
Hero: calls $0.1
*** FLOP *** [3h 5h Qs]
Hero: checks
d7d0ca7: bets $0.1
Hero: calls $0.1
*** TURN *** [3h 5h Qs] [Kc]
Hero: checks
d7d0ca7: bets $0.35
Hero: folds
Uncalled bet ($0.35) returned to d7d0ca7
*** SHOWDOWN ***
d7d0ca7 collected $0.5 from pot
*** SUMMARY ***
Total pot $0.52 | Rake $0.02 | Jackpot $0 | Bingo $0 | Fortune $0
Board [3h 5h Qs Kc]
Seat 2: d7d0ca7 (button) won ($0.5)
Seat 3: 315e778b (small blind) folded before Flop
Seat 4: Hero (big blind) folded on the Turn
Seat 5: 8d6f6c5c folded before Flop (didn't bet)
Seat 6: 2a03f893 folded before Flop (didn't bet)


Poker Hand #HD1160340967: Hold'em No Limit  ($0.02/$0.05) - 2023/03/14 21:27:41
Table 'NLHBlue55' 6-max Seat #6 is the button
Seat 2: d7d0ca7 ($5.18 in chips)
Seat 3: 315e778b ($5.95 in chips)
Seat 4: Hero ($6.8 in chips)
Seat 5: 8d6f6c5c ($5 in chips)
Seat 6: 2a03f893 ($5.32 in chips)
d7d0ca7: posts small blind $0.02
315e778b: posts big blind $0.05
*** HOLE CARDS ***
Dealt to d7d0ca7 
Dealt to 315e778b 
Dealt to Hero [Jd Td]
Dealt to 8d6f6c5c 
Dealt to 2a03f893 
Hero: raises $0.07 to $0.12
8d6f6c5c: folds
2a03f893: folds
d7d0ca7: folds
315e778b: folds
Uncalled bet ($0.07) returned to Hero
*** SHOWDOWN ***
Hero collected $0.12 from pot
*** SUMMARY ***
Total pot $0.12 | Rake $0 | Jackpot $0 | Bingo $0 | Fortune $0
Seat 2: d7d0ca7 (small blind) folded before Flop
Seat 3: 315e778b (big blind) folded before Flop
Seat 4: Hero collected ($0.12)
Seat 5: 8d6f6c5c folded before Flop (didn't bet)
Seat 6: 2a03f893 (button) folded before Flop (didn't bet)


Poker Hand #HD1160340873: Hold'em No Limit  ($0.02/$0.05) - 2023/03/14 21:26:59
Table 'NLHBlue55' 6-max Seat #5 is the button
Seat 2: d7d0ca7 ($5.05 in chips)
Seat 3: 315e778b ($5.95 in chips)
Seat 4: Hero ($6.92 in chips)
Seat 5: 8d6f6c5c ($5 in chips)
Seat 6: 2a03f893 ($5.34 in chips)
2a03f893: posts small blind $0.02
d7d0ca7: posts big blind $0.05
*** HOLE CARDS ***
Dealt to d7d0ca7 
Dealt to 315e778b 
Dealt to Hero [4d 4s]
Dealt to 8d6f6c5c 
Dealt to 2a03f893 
315e778b: folds
Hero: raises $0.07 to $0.12
8d6f6c5c: folds
2a03f893: folds
d7d0ca7: calls $0.07
*** FLOP *** [8d 5d 7h]
d7d0ca7: checks
Hero: checks
*** TURN *** [8d 5d 7h] [Jh]
d7d0ca7: checks
Hero: checks
*** RIVER *** [8d 5d 7h Jh] [5s]
d7d0ca7: bets $0.4
Hero: folds
Uncalled bet ($0.4) returned to d7d0ca7
*** SHOWDOWN ***
d7d0ca7 collected $0.25 from pot
*** SUMMARY ***
Total pot $0.26 | Rake $0.01 | Jackpot $0 | Bingo $0 | Fortune $0
Board [8d 5d 7h Jh 5s]
Seat 2: d7d0ca7 (big blind) won ($0.25)
Seat 3: 315e778b folded before Flop (didn't bet)
Seat 4: Hero folded on the River
Seat 5: 8d6f6c5c (button) folded before Flop (didn't bet)
Seat 6: 2a03f893 (small blind) folded before Flop


Poker Hand #HD1160340862: Hold'em No Limit  ($0.02/$0.05) - 2023/03/14 21:26:53
Table 'NLHBlue55' 6-max Seat #4 is the button
Seat 2: d7d0ca7 ($5.05 in chips)
Seat 3: 315e778b ($5.95 in chips)
Seat 4: Hero ($6.92 in chips)
Seat 5: 8d6f6c5c ($5.02 in chips)
Seat 6: 2a03f893 ($5.32 in chips)
8d6f6c5c: posts small blind $0.02
2a03f893: posts big blind $0.05
*** HOLE CARDS ***
Dealt to d7d0ca7 
Dealt to 315e778b 
Dealt to Hero [3s 6s]
Dealt to 8d6f6c5c 
Dealt to 2a03f893 
d7d0ca7: folds
315e778b: folds
Hero: folds
8d6f6c5c: folds
Uncalled bet ($0.03) returned to 2a03f893
*** SHOWDOWN ***
2a03f893 collected $0.04 from pot
*** SUMMARY ***
Total pot $0.04 | Rake $0 | Jackpot $0 | Bingo $0 | Fortune $0
Seat 2: d7d0ca7 folded before Flop (didn't bet)
Seat 3: 315e778b folded before Flop (didn't bet)
Seat 4: Hero (button) folded before Flop (didn't bet)
Seat 5: 8d6f6c5c (small blind) folded before Flop
Seat 6: 2a03f893 (big blind) collected ($0.04)


Poker Hand #HD1160340768: Hold'em No Limit  ($0.02/$0.05) - 2023/03/14 21:26:05
Table 'NLHBlue55' 6-max Seat #3 is the button
Seat 2: d7d0ca7 ($5.05 in chips)
Seat 3: 315e778b ($5.36 in chips)
Seat 4: Hero ($7.52 in chips)
Seat 5: 8d6f6c5c ($5.07 in chips)
Seat 6: 2a03f893 ($5.32 in chips)
Hero: posts small blind $0.02
8d6f6c5c: posts big blind $0.05
*** HOLE CARDS ***
Dealt to d7d0ca7 
Dealt to 315e778b 
Dealt to Hero [Jc Ad]
Dealt to 8d6f6c5c 
Dealt to 2a03f893 
2a03f893: folds
d7d0ca7: folds
315e778b: raises $0.08 to $0.13
Hero: raises $0.47 to $0.6
8d6f6c5c: folds
315e778b: calls $0.47
*** FLOP *** [2d 4h 5s]
Hero: checks
315e778b: checks
*** TURN *** [2d 4h 5s] [6d]
Hero: checks
315e778b: bets $1.25
Hero: folds
Uncalled bet ($1.25) returned to 315e778b
*** SHOWDOWN ***
315e778b collected $1.19 from pot
*** SUMMARY ***
Total pot $1.25 | Rake $0.06 | Jackpot $0 | Bingo $0 | Fortune $0
Board [2d 4h 5s 6d]
Seat 2: d7d0ca7 folded before Flop (didn't bet)
Seat 3: 315e778b (button) won ($1.19)
Seat 4: Hero (small blind) folded on the Turn
Seat 5: 8d6f6c5c (big blind) folded before Flop
Seat 6: 2a03f893 folded before Flop (didn't bet)


Poker Hand #HD1160340737: Hold'em No Limit  ($0.02/$0.05) - 2023/03/14 21:25:47
Table 'NLHBlue55' 6-max Seat #2 is the button
Seat 2: d7d0ca7 ($5.05 in chips)
Seat 3: 315e778b ($5.38 in chips)
Seat 4: Hero ($7.57 in chips)
Seat 5: 8d6f6c5c ($5 in chips)
Seat 6: 2a03f893 ($5.32 in chips)
315e778b: posts small blind $0.02
Hero: posts big blind $0.05
8d6f6c5c: posts big blind $0.05
*** HOLE CARDS ***
Dealt to d7d0ca7 
Dealt to 315e778b 
Dealt to Hero [3s 6c]
Dealt to 8d6f6c5c 
Dealt to 2a03f893 
8d6f6c5c: raises $0.1 to $0.15
2a03f893: folds
d7d0ca7: folds
315e778b: folds
Hero: folds
Uncalled bet ($0.1) returned to 8d6f6c5c
*** SHOWDOWN ***
8d6f6c5c collected $0.12 from pot
*** SUMMARY ***
Total pot $0.12 | Rake $0 | Jackpot $0 | Bingo $0 | Fortune $0
Seat 2: d7d0ca7 (button) folded before Flop (didn't bet)
Seat 3: 315e778b (small blind) folded before Flop
Seat 4: Hero (big blind) folded before Flop
Seat 5: 8d6f6c5c collected ($0.12)
Seat 6: 2a03f893 folded before Flop (didn't bet)


Poker Hand #HD1160340707: Hold'em No Limit  ($0.02/$0.05) - 2023/03/14 21:25:34
Table 'NLHBlue55' 6-max Seat #6 is the button
Seat 2: d7d0ca7 ($5 in chips)
Seat 3: 315e778b ($5.43 in chips)
Seat 4: Hero ($7.57 in chips)
Seat 6: 2a03f893 ($5.32 in chips)
d7d0ca7: posts small blind $0.02
315e778b: posts big blind $0.05
*** HOLE CARDS ***
Dealt to d7d0ca7 
Dealt to 315e778b 
Dealt to Hero [7d 3c]
Dealt to 2a03f893 
Hero: folds
2a03f893: folds
d7d0ca7: raises $0.1 to $0.15
315e778b: folds
Uncalled bet ($0.1) returned to d7d0ca7
*** SHOWDOWN ***
d7d0ca7 collected $0.1 from pot
*** SUMMARY ***
Total pot $0.1 | Rake $0 | Jackpot $0 | Bingo $0 | Fortune $0
Seat 2: d7d0ca7 (small blind) collected ($0.1)
Seat 3: 315e778b (big blind) folded before Flop
Seat 4: Hero folded before Flop (didn't bet)
Seat 6: 2a03f893 (button) folded before Flop (didn't bet)


Poker Hand #HD1160340677: Hold'em No Limit  ($0.02/$0.05) - 2023/03/14 21:25:18
Table 'NLHBlue55' 6-max Seat #5 is the button
Seat 2: d7d0ca7 ($5 in chips)
Seat 3: 315e778b ($5.43 in chips)
Seat 4: Hero ($7.5 in chips)
Seat 5: b378e747 ($4.19 in chips)
Seat 6: 2a03f893 ($5.34 in chips)
2a03f893: posts small blind $0.02
d7d0ca7: posts big blind $0.05
*** HOLE CARDS ***
Dealt to d7d0ca7 
Dealt to 315e778b 
Dealt to Hero [6c 7c]
Dealt to b378e747 
Dealt to 2a03f893 
315e778b: folds
Hero: raises $0.07 to $0.12
b378e747: folds
2a03f893: folds
d7d0ca7: folds
Uncalled bet ($0.07) returned to Hero
*** SHOWDOWN ***
Hero collected $0.12 from pot
*** SUMMARY ***
Total pot $0.12 | Rake $0 | Jackpot $0 | Bingo $0 | Fortune $0
Seat 2: d7d0ca7 (big blind) folded before Flop
Seat 3: 315e778b folded before Flop (didn't bet)
Seat 4: Hero collected ($0.12)
Seat 5: b378e747 (button) folded before Flop (didn't bet)
Seat 6: 2a03f893 (small blind) folded before Flop


Poker Hand #HD1160340575: Hold'em No Limit  ($0.02/$0.05) - 2023/03/14 21:24:34
Table 'NLHBlue55' 6-max Seat #4 is the button
Seat 3: 315e778b ($5.43 in chips)
Seat 4: Hero ($7.5 in chips)
Seat 5: b378e747 ($4.24 in chips)
Seat 6: 2a03f893 ($5.29 in chips)
b378e747: posts small blind $0.02
2a03f893: posts big blind $0.05
*** HOLE CARDS ***
Dealt to 315e778b 
Dealt to Hero [5s Kh]
Dealt to b378e747 
Dealt to 2a03f893 
315e778b: folds
Hero: folds
b378e747: calls $0.03
2a03f893: checks
*** FLOP *** [3h Th 9c]
b378e747: checks
2a03f893: checks
*** TURN *** [3h Th 9c] [9h]
b378e747: checks
2a03f893: checks
*** RIVER *** [3h Th 9c 9h] [5h]
b378e747: checks
2a03f893: checks
b378e747: shows [Js 8d] (Pair of Nines)
2a03f893: shows [7s 9d] (Three Nines)
*** SHOWDOWN ***
2a03f893 collected $0.1 from pot
*** SUMMARY ***
Total pot $0.1 | Rake $0 | Jackpot $0 | Bingo $0 | Fortune $0
Board [3h Th 9c 9h 5h]
Seat 3: 315e778b folded before Flop (didn't bet)
Seat 4: Hero (button) folded before Flop (didn't bet)
Seat 5: b378e747 (small blind) showed [Js 8d] and lost with Pair of Nines
Seat 6: 2a03f893 (big blind) showed [7s 9d] and won ($0.1) with Three Nines


Poker Hand #HD1160340553: Hold'em No Limit  ($0.02/$0.05) - 2023/03/14 21:24:22
Table 'NLHBlue55' 6-max Seat #3 is the button
Seat 3: 315e778b ($5.43 in chips)
Seat 4: Hero ($7.52 in chips)
Seat 5: b378e747 ($4.22 in chips)
Seat 6: 2a03f893 ($5.29 in chips)
Hero: posts small blind $0.02
b378e747: posts big blind $0.05
*** HOLE CARDS ***
Dealt to 315e778b 
Dealt to Hero [5d 4s]
Dealt to b378e747 
Dealt to 2a03f893 
2a03f893: folds
315e778b: folds
Hero: folds
Uncalled bet ($0.03) returned to b378e747
*** SHOWDOWN ***
b378e747 collected $0.04 from pot
*** SUMMARY ***
Total pot $0.04 | Rake $0 | Jackpot $0 | Bingo $0 | Fortune $0
Seat 3: 315e778b (button) folded before Flop (didn't bet)
Seat 4: Hero (small blind) folded before Flop
Seat 5: b378e747 (big blind) collected ($0.04)
Seat 6: 2a03f893 folded before Flop (didn't bet)


Poker Hand #HD1160340531: Hold'em No Limit  ($0.02/$0.05) - 2023/03/14 21:24:11
Table 'NLHBlue55' 6-max Seat #6 is the button
Seat 3: 315e778b ($5.45 in chips)
Seat 4: Hero ($7.5 in chips)
Seat 6: 2a03f893 ($5.29 in chips)
315e778b: posts small blind $0.02
Hero: posts big blind $0.05
*** HOLE CARDS ***
Dealt to 315e778b 
Dealt to Hero [9c 9h]
Dealt to 2a03f893 
2a03f893: folds
315e778b: folds
Uncalled bet ($0.03) returned to Hero
*** SHOWDOWN ***
Hero collected $0.04 from pot
*** SUMMARY ***
Total pot $0.04 | Rake $0 | Jackpot $0 | Bingo $0 | Fortune $0
Seat 3: 315e778b (small blind) folded before Flop
Seat 4: Hero (big blind) collected ($0.04)
Seat 6: 2a03f893 (button) folded before Flop (didn't bet)


Poker Hand #HD1160340495: Hold'em No Limit  ($0.02/$0.05) - 2023/03/14 21:23:52
Table 'NLHBlue55' 6-max Seat #4 is the button
Seat 3: 315e778b ($5.5 in chips)
Seat 4: Hero ($7.43 in chips)
Seat 6: 2a03f893 ($5.31 in chips)
2a03f893: posts small blind $0.02
315e778b: posts big blind $0.05
*** HOLE CARDS ***
Dealt to 315e778b 
Dealt to Hero [7h 5h]
Dealt to 2a03f893 
Hero: raises $0.07 to $0.12
2a03f893: folds
315e778b: folds
Uncalled bet ($0.07) returned to Hero
*** SHOWDOWN ***
Hero collected $0.12 from pot
*** SUMMARY ***
Total pot $0.12 | Rake $0 | Jackpot $0 | Bingo $0 | Fortune $0
Seat 3: 315e778b (big blind) folded before Flop
Seat 4: Hero (button) collected ($0.12)
Seat 6: 2a03f893 (small blind) folded before Flop


Poker Hand #HD1160340458: Hold'em No Limit  ($0.02/$0.05) - 2023/03/14 21:23:34
Table 'NLHBlue55' 6-max Seat #3 is the button
Seat 2: e6a694af ($8.07 in chips)
Seat 3: 315e778b ($5.5 in chips)
Seat 4: Hero ($7.45 in chips)
Seat 6: 2a03f893 ($5.29 in chips)
Hero: posts small blind $0.02
2a03f893: posts big blind $0.05
*** HOLE CARDS ***
Dealt to e6a694af 
Dealt to 315e778b 
Dealt to Hero [4d 5h]
Dealt to 2a03f893 
e6a694af: folds
315e778b: folds
Hero: folds
Uncalled bet ($0.03) returned to 2a03f893
*** SHOWDOWN ***
2a03f893 collected $0.04 from pot
*** SUMMARY ***
Total pot $0.04 | Rake $0 | Jackpot $0 | Bingo $0 | Fortune $0
Seat 2: e6a694af folded before Flop (didn't bet)
Seat 3: 315e778b (button) folded before Flop (didn't bet)
Seat 4: Hero (small blind) folded before Flop
Seat 6: 2a03f893 (big blind) collected ($0.04)


Poker Hand #HD1160340444: Hold'em No Limit  ($0.02/$0.05) - 2023/03/14 21:23:27
Table 'NLHBlue55' 6-max Seat #2 is the button
Seat 2: e6a694af ($8.07 in chips)
Seat 3: 315e778b ($5.52 in chips)
Seat 4: Hero ($7.43 in chips)
Seat 6: 2a03f893 ($5.29 in chips)
315e778b: posts small blind $0.02
Hero: posts big blind $0.05
*** HOLE CARDS ***
Dealt to e6a694af 
Dealt to 315e778b 
Dealt to Hero [Kh 8c]
Dealt to 2a03f893 
2a03f893: folds
e6a694af: folds
315e778b: folds
Uncalled bet ($0.03) returned to Hero
*** SHOWDOWN ***
Hero collected $0.04 from pot
*** SUMMARY ***
Total pot $0.04 | Rake $0 | Jackpot $0 | Bingo $0 | Fortune $0
Seat 2: e6a694af (button) folded before Flop (didn't bet)
Seat 3: 315e778b (small blind) folded before Flop
Seat 4: Hero (big blind) collected ($0.04)
Seat 6: 2a03f893 folded before Flop (didn't bet)


Poker Hand #HD1160340374: Hold'em No Limit  ($0.02/$0.05) - 2023/03/14 21:22:58
Table 'NLHBlue55' 6-max Seat #6 is the button
Seat 2: e6a694af ($7.87 in chips)
Seat 3: 315e778b ($5.57 in chips)
Seat 4: Hero ($7.43 in chips)
Seat 6: 2a03f893 ($5.46 in chips)
e6a694af: posts small blind $0.02
315e778b: posts big blind $0.05
*** HOLE CARDS ***
Dealt to e6a694af 
Dealt to 315e778b 
Dealt to Hero [As 6c]
Dealt to 2a03f893 
Hero: folds
2a03f893: raises $0.12 to $0.17
e6a694af: calls $0.15
315e778b: folds
*** FLOP *** [Js 8d 9h]
e6a694af: bets $0.3
2a03f893: folds
Uncalled bet ($0.3) returned to e6a694af
*** SHOWDOWN ***
e6a694af collected $0.37 from pot
*** SUMMARY ***
Total pot $0.39 | Rake $0.02 | Jackpot $0 | Bingo $0 | Fortune $0
Board [Js 8d 9h]
Seat 2: e6a694af (small blind) won ($0.37)
Seat 3: 315e778b (big blind) folded before Flop
Seat 4: Hero folded before Flop (didn't bet)
Seat 6: 2a03f893 (button) folded on the Flop


Poker Hand #HD1160340353: Hold'em No Limit  ($0.02/$0.05) - 2023/03/14 21:22:50
Table 'NLHBlue55' 6-max Seat #4 is the button
Seat 2: e6a694af ($7.85 in chips)
Seat 3: 315e778b ($5.57 in chips)
Seat 4: Hero ($7.43 in chips)
Seat 6: 2a03f893 ($5.48 in chips)
2a03f893: posts small blind $0.02
e6a694af: posts big blind $0.05
*** HOLE CARDS ***
Dealt to e6a694af 
Dealt to 315e778b 
Dealt to Hero [Jd 4h]
Dealt to 2a03f893 
315e778b: folds
Hero: folds
2a03f893: folds
Uncalled bet ($0.03) returned to e6a694af
*** SHOWDOWN ***
e6a694af collected $0.04 from pot
*** SUMMARY ***
Total pot $0.04 | Rake $0 | Jackpot $0 | Bingo $0 | Fortune $0
Seat 2: e6a694af (big blind) collected ($0.04)
Seat 3: 315e778b folded before Flop (didn't bet)
Seat 4: Hero (button) folded before Flop (didn't bet)
Seat 6: 2a03f893 (small blind) folded before Flop


Poker Hand #HD1160340324: Hold'em No Limit  ($0.02/$0.05) - 2023/03/14 21:22:33
Table 'NLHBlue55' 6-max Seat #3 is the button
Seat 2: e6a694af ($7.78 in chips)
Seat 3: 315e778b ($5.57 in chips)
Seat 4: Hero ($7.45 in chips)
Seat 6: 2a03f893 ($5.53 in chips)
Hero: posts small blind $0.02
2a03f893: posts big blind $0.05
*** HOLE CARDS ***
Dealt to e6a694af 
Dealt to 315e778b 
Dealt to Hero [Tc 4s]
Dealt to 2a03f893 
e6a694af: raises $0.15 to $0.2
315e778b: folds
Hero: folds
2a03f893: folds
Uncalled bet ($0.15) returned to e6a694af
*** SHOWDOWN ***
e6a694af collected $0.12 from pot
*** SUMMARY ***
Total pot $0.12 | Rake $0 | Jackpot $0 | Bingo $0 | Fortune $0
Seat 2: e6a694af collected ($0.12)
Seat 3: 315e778b (button) folded before Flop (didn't bet)
Seat 4: Hero (small blind) folded before Flop
Seat 6: 2a03f893 (big blind) folded before Flop


Poker Hand #HD1160340209: Hold'em No Limit  ($0.02/$0.05) - 2023/03/14 21:21:39
Table 'NLHBlue55' 6-max Seat #2 is the button
Seat 2: e6a694af ($7.54 in chips)
Seat 3: 315e778b ($5.59 in chips)
Seat 4: Hero ($7.5 in chips)
Seat 5: b378e747 ($4.41 in chips)
Seat 6: 2a03f893 ($5.53 in chips)
315e778b: posts small blind $0.02
Hero: posts big blind $0.05
*** HOLE CARDS ***
Dealt to e6a694af 
Dealt to 315e778b 
Dealt to Hero [Qh 6s]
Dealt to b378e747 
Dealt to 2a03f893 
b378e747: raises $0.05 to $0.1
2a03f893: folds
e6a694af: calls $0.1
315e778b: folds
Hero: folds
*** FLOP *** [2s Qd 4h]
b378e747: bets $0.09
e6a694af: calls $0.09
*** TURN *** [2s Qd 4h] [5c]
b378e747: checks
e6a694af: bets $0.23
b378e747: folds
Uncalled bet ($0.23) returned to e6a694af
e6a694af: shows [4s] (Pair of Fours)
*** SHOWDOWN ***
e6a694af collected $0.43 from pot
*** SUMMARY ***
Total pot $0.45 | Rake $0.02 | Jackpot $0 | Bingo $0 | Fortune $0
Board [2s Qd 4h 5c]
Seat 2: e6a694af (button) showed [4s 5s] and won ($0.43) with Pair of Fives and Pair of Fours
Seat 3: 315e778b (small blind) folded before Flop
Seat 4: Hero (big blind) folded before Flop
Seat 5: b378e747 folded on the Turn
Seat 6: 2a03f893 folded before Flop (didn't bet)


Poker Hand #HD1160340138: Hold'em No Limit  ($0.02/$0.05) - 2023/03/14 21:20:58
Table 'NLHBlue55' 6-max Seat #6 is the button
Seat 2: e6a694af ($7.94 in chips)
Seat 3: 315e778b ($5.23 in chips)
Seat 4: Hero ($7.5 in chips)
Seat 5: b378e747 ($4.41 in chips)
Seat 6: 2a03f893 ($5.53 in chips)
e6a694af: posts small blind $0.02
315e778b: posts big blind $0.05
*** HOLE CARDS ***
Dealt to e6a694af 
Dealt to 315e778b 
Dealt to Hero [8d Jh]
Dealt to b378e747 
Dealt to 2a03f893 
Hero: folds
b378e747: folds
2a03f893: folds
e6a694af: calls $0.03
315e778b: raises $0.15 to $0.2
e6a694af: raises $0.2 to $0.4
315e778b: raises $0.95 to $1.35
e6a694af: folds
Uncalled bet ($0.95) returned to 315e778b
*** SHOWDOWN ***
315e778b collected $0.76 from pot
*** SUMMARY ***
Total pot $0.8 | Rake $0.04 | Jackpot $0 | Bingo $0 | Fortune $0
Seat 2: e6a694af (small blind) folded before Flop
Seat 3: 315e778b (big blind) collected ($0.76)
Seat 4: Hero folded before Flop (didn't bet)
Seat 5: b378e747 folded before Flop (didn't bet)
Seat 6: 2a03f893 (button) folded before Flop (didn't bet)


Poker Hand #HD1160340111: Hold'em No Limit  ($0.02/$0.05) - 2023/03/14 21:20:47
Table 'NLHBlue55' 6-max Seat #5 is the button
Seat 2: e6a694af ($7.92 in chips)
Seat 3: 315e778b ($5.23 in chips)
Seat 4: Hero ($7.5 in chips)
Seat 5: b378e747 ($4.41 in chips)
Seat 6: 2a03f893 ($5.55 in chips)
2a03f893: posts small blind $0.02
e6a694af: posts big blind $0.05
*** HOLE CARDS ***
Dealt to e6a694af 
Dealt to 315e778b 
Dealt to Hero [8d 3h]
Dealt to b378e747 
Dealt to 2a03f893 
315e778b: folds
Hero: folds
b378e747: folds
2a03f893: folds
Uncalled bet ($0.03) returned to e6a694af
*** SHOWDOWN ***
e6a694af collected $0.04 from pot
*** SUMMARY ***
Total pot $0.04 | Rake $0 | Jackpot $0 | Bingo $0 | Fortune $0
Seat 2: e6a694af (big blind) collected ($0.04)
Seat 3: 315e778b folded before Flop (didn't bet)
Seat 4: Hero folded before Flop (didn't bet)
Seat 5: b378e747 (button) folded before Flop (didn't bet)
Seat 6: 2a03f893 (small blind) folded before Flop


Poker Hand #HD1160339995: Hold'em No Limit  ($0.02/$0.05) - 2023/03/14 21:19:54
Table 'NLHBlue55' 6-max Seat #4 is the button
Seat 2: e6a694af ($7.92 in chips)
Seat 3: 315e778b ($5.23 in chips)
Seat 4: Hero ($11.14 in chips)
Seat 5: b378e747 ($3.64 in chips)
Seat 6: 2a03f893 ($5.89 in chips)
b378e747: posts small blind $0.02
2a03f893: posts big blind $0.05
*** HOLE CARDS ***
Dealt to e6a694af 
Dealt to 315e778b 
Dealt to Hero [Ah 5h]
Dealt to b378e747 
Dealt to 2a03f893 
e6a694af: folds
315e778b: folds
Hero: raises $0.07 to $0.12
b378e747: raises $0.22 to $0.34
2a03f893: calls $0.29
Hero: calls $0.22
*** FLOP *** [Jh Kh Ts]
b378e747: bets $0.51
2a03f893: folds
Hero: raises $10.29 to $10.8 and is all-in
b378e747: calls $2.79 and is all-in
Uncalled bet ($7.5) returned to Hero
Hero: shows [Ah 5h] (Ace-High)
b378e747: shows [Qd Qs] (Pair of Queens)
b378e747: Chooses to EV Cashout 
*** TURN *** [Jh Kh Ts] [Ks]
*** RIVER *** [Jh Kh Ts Ks] [3d]
b378e747: Pays Cashout Risk ($2.79)
*** SHOWDOWN ***
b378e747 collected $7.2 from pot
*** SUMMARY ***
Total pot $7.62 | Rake $0.37 | Jackpot $0.05 | Bingo $0 | Fortune $0
Board [Jh Kh Ts Ks 3d]
Seat 2: e6a694af folded before Flop (didn't bet)
Seat 3: 315e778b folded before Flop (didn't bet)
Seat 4: Hero (button) showed [Ah 5h] and lost with Pair of Kings
Seat 5: b378e747 (small blind) showed [Qd Qs] and won ($7.2) with Pair of Kings and Pair of Queens, Cashout Risk ($2.79)
Seat 6: 2a03f893 (big blind) folded on the Flop


Poker Hand #HD1160339885: Hold'em No Limit  ($0.02/$0.05) - 2023/03/14 21:18:59
Table 'NLHBlue55' 6-max Seat #3 is the button
Seat 2: e6a694af ($7.92 in chips)
Seat 3: 315e778b ($5 in chips)
Seat 4: Hero ($11.16 in chips)
Seat 5: b378e747 ($3.87 in chips)
Seat 6: 2a03f893 ($5.89 in chips)
Hero: posts small blind $0.02
b378e747: posts big blind $0.05
*** HOLE CARDS ***
Dealt to e6a694af 
Dealt to 315e778b 
Dealt to Hero [8d 6s]
Dealt to b378e747 
Dealt to 2a03f893 
2a03f893: folds
e6a694af: folds
315e778b: raises $0.08 to $0.13
Hero: folds
b378e747: calls $0.08
*** FLOP *** [8s Qh 4s]
b378e747: checks
315e778b: bets $0.1
b378e747: calls $0.1
*** TURN *** [8s Qh 4s] [Kh]
b378e747: checks
315e778b: checks
*** RIVER *** [8s Qh 4s Kh] [4h]
b378e747: checks
315e778b: checks
b378e747: shows [9d Td] (Pair of Fours)
315e778b: shows [8c As] (Pair of Eights and Pair of Fours)
*** SHOWDOWN ***
315e778b collected $0.46 from pot
*** SUMMARY ***
Total pot $0.48 | Rake $0.02 | Jackpot $0 | Bingo $0 | Fortune $0
Board [8s Qh 4s Kh 4h]
Seat 2: e6a694af folded before Flop (didn't bet)
Seat 3: 315e778b (button) showed [8c As] and won ($0.46) with Pair of Eights and Pair of Fours
Seat 4: Hero (small blind) folded before Flop
Seat 5: b378e747 (big blind) showed [9d Td] and lost with Pair of Fours
Seat 6: 2a03f893 folded before Flop (didn't bet)


Poker Hand #HD1160339856: Hold'em No Limit  ($0.02/$0.05) - 2023/03/14 21:18:44
Table 'NLHBlue55' 6-max Seat #2 is the button
Seat 2: e6a694af ($7.92 in chips)
Seat 3: 315e778b ($5 in chips)
Seat 4: Hero ($11.21 in chips)
Seat 5: b378e747 ($3.8 in chips)
Seat 6: 2a03f893 ($5.89 in chips)
315e778b: posts small blind $0.02
Hero: posts big blind $0.05
*** HOLE CARDS ***
Dealt to e6a694af 
Dealt to 315e778b 
Dealt to Hero [7s 4c]
Dealt to b378e747 
Dealt to 2a03f893 
b378e747: raises $0.15 to $0.2
2a03f893: folds
e6a694af: folds
315e778b: folds
Hero: folds
Uncalled bet ($0.15) returned to b378e747
*** SHOWDOWN ***
b378e747 collected $0.12 from pot
*** SUMMARY ***
Total pot $0.12 | Rake $0 | Jackpot $0 | Bingo $0 | Fortune $0
Seat 2: e6a694af (button) folded before Flop (didn't bet)
Seat 3: 315e778b (small blind) folded before Flop
Seat 4: Hero (big blind) folded before Flop
Seat 5: b378e747 collected ($0.12)
Seat 6: 2a03f893 folded before Flop (didn't bet)


Poker Hand #HD1160339752: Hold'em No Limit  ($0.02/$0.05) - 2023/03/14 21:17:55
Table 'NLHBlue55' 6-max Seat #6 is the button
Seat 2: e6a694af ($7.94 in chips)
Seat 3: 315e778b ($5 in chips)
Seat 4: Hero ($11.21 in chips)
Seat 5: b378e747 ($4.2 in chips)
Seat 6: 2a03f893 ($5.46 in chips)
e6a694af: posts small blind $0.02
315e778b: posts big blind $0.05
*** HOLE CARDS ***
Dealt to e6a694af 
Dealt to 315e778b 
Dealt to Hero [7d 9s]
Dealt to b378e747 
Dealt to 2a03f893 
Hero: folds
b378e747: calls $0.05
2a03f893: raises $0.13 to $0.18
e6a694af: folds
315e778b: folds
b378e747: calls $0.13
*** FLOP *** [2c Qs Kd]
b378e747: bets $0.22
2a03f893: calls $0.22
*** TURN *** [2c Qs Kd] [5h]
b378e747: checks
2a03f893: bets $0.35
b378e747: folds
Uncalled bet ($0.35) returned to 2a03f893
2a03f893: shows [Jh] (King-High)
*** SHOWDOWN ***
2a03f893 collected $0.83 from pot
*** SUMMARY ***
Total pot $0.87 | Rake $0.04 | Jackpot $0 | Bingo $0 | Fortune $0
Board [2c Qs Kd 5h]
Seat 2: e6a694af (small blind) folded before Flop
Seat 3: 315e778b (big blind) folded before Flop
Seat 4: Hero folded before Flop (didn't bet)
Seat 5: b378e747 folded on the Turn
Seat 6: 2a03f893 (button) showed [Th Jh] and won ($0.83) with King-High


Poker Hand #HD1160339731: Hold'em No Limit  ($0.02/$0.05) - 2023/03/14 21:17:45
Table 'NLHBlue55' 6-max Seat #5 is the button
Seat 2: e6a694af ($7.92 in chips)
Seat 3: 315e778b ($5 in chips)
Seat 4: Hero ($11.21 in chips)
Seat 5: b378e747 ($4.2 in chips)
Seat 6: 2a03f893 ($5.48 in chips)
2a03f893: posts small blind $0.02
e6a694af: posts big blind $0.05
*** HOLE CARDS ***
Dealt to e6a694af 
Dealt to 315e778b 
Dealt to Hero [Td 7c]
Dealt to b378e747 
Dealt to 2a03f893 
315e778b: folds
Hero: folds
b378e747: folds
2a03f893: folds
Uncalled bet ($0.03) returned to e6a694af
*** SHOWDOWN ***
e6a694af collected $0.04 from pot
*** SUMMARY ***
Total pot $0.04 | Rake $0 | Jackpot $0 | Bingo $0 | Fortune $0
Seat 2: e6a694af (big blind) collected ($0.04)
Seat 3: 315e778b folded before Flop (didn't bet)
Seat 4: Hero folded before Flop (didn't bet)
Seat 5: b378e747 (button) folded before Flop (didn't bet)
Seat 6: 2a03f893 (small blind) folded before Flop


Poker Hand #HD1160339703: Hold'em No Limit  ($0.02/$0.05) - 2023/03/14 21:17:35
Table 'NLHBlue55' 6-max Seat #4 is the button
Seat 1: 7ad0c168 ($5.26 in chips)
Seat 3: 315e778b ($5 in chips)
Seat 4: Hero ($11.21 in chips)
Seat 5: b378e747 ($4.22 in chips)
Seat 6: 2a03f893 ($5.46 in chips)
b378e747: posts small blind $0.02
2a03f893: posts big blind $0.05
*** HOLE CARDS ***
Dealt to 7ad0c168 
Dealt to 315e778b 
Dealt to Hero [Jh 4s]
Dealt to b378e747 
Dealt to 2a03f893 
7ad0c168: folds
315e778b: folds
Hero: folds
b378e747: folds
Uncalled bet ($0.03) returned to 2a03f893
*** SHOWDOWN ***
2a03f893 collected $0.04 from pot
*** SUMMARY ***
Total pot $0.04 | Rake $0 | Jackpot $0 | Bingo $0 | Fortune $0
Seat 1: 7ad0c168 folded before Flop (didn't bet)
Seat 3: 315e778b folded before Flop (didn't bet)
Seat 4: Hero (button) folded before Flop (didn't bet)
Seat 5: b378e747 (small blind) folded before Flop
Seat 6: 2a03f893 (big blind) collected ($0.04)


Poker Hand #HD1160339615: Hold'em No Limit  ($0.02/$0.05) - 2023/03/14 21:16:51
Table 'NLHBlue55' 6-max Seat #3 is the button
Seat 1: 7ad0c168 ($5.12 in chips)
Seat 3: 315e778b ($5 in chips)
Seat 4: Hero ($11.23 in chips)
Seat 5: b378e747 ($4.35 in chips)
Seat 6: 2a03f893 ($5.46 in chips)
Hero: posts small blind $0.02
b378e747: posts big blind $0.05
*** HOLE CARDS ***
Dealt to 7ad0c168 
Dealt to 315e778b 
Dealt to Hero [4h 3c]
Dealt to b378e747 
Dealt to 2a03f893 
2a03f893: folds
7ad0c168: raises $0.08 to $0.13
315e778b: folds
Hero: folds
b378e747: calls $0.08
*** FLOP *** [Ah Jd 7s]
b378e747: checks
7ad0c168: bets $0.12
b378e747: folds
Uncalled bet ($0.12) returned to 7ad0c168
*** SHOWDOWN ***
7ad0c168 collected $0.27 from pot
*** SUMMARY ***
Total pot $0.28 | Rake $0.01 | Jackpot $0 | Bingo $0 | Fortune $0
Board [Ah Jd 7s]
Seat 1: 7ad0c168 won ($0.27)
Seat 3: 315e778b (button) folded before Flop (didn't bet)
Seat 4: Hero (small blind) folded before Flop
Seat 5: b378e747 (big blind) folded on the Flop
Seat 6: 2a03f893 folded before Flop (didn't bet)


Poker Hand #HD1160339523: Hold'em No Limit  ($0.02/$0.05) - 2023/03/14 21:16:11
Table 'NLHBlue55' 6-max Seat #1 is the button
Seat 1: 7ad0c168 ($5.12 in chips)
Seat 3: 315e778b ($5 in chips)
Seat 4: Hero ($11.16 in chips)
Seat 5: b378e747 ($4.4 in chips)
Seat 6: 2a03f893 ($5.46 in chips)
315e778b: posts small blind $0.02
Hero: posts big blind $0.05
*** HOLE CARDS ***
Dealt to 7ad0c168 
Dealt to 315e778b 
Dealt to Hero [Ac 8s]
Dealt to b378e747 
Dealt to 2a03f893 
b378e747: calls $0.05
2a03f893: folds
7ad0c168: folds
315e778b: folds
Hero: checks
*** FLOP *** [6d Js Kd]
Hero: checks
b378e747: checks
*** TURN *** [6d Js Kd] [2c]
Hero: checks
b378e747: checks
*** RIVER *** [6d Js Kd 2c] [4s]
Hero: checks
b378e747: checks
Hero: shows [Ac 8s] (Ace-High)
b378e747: shows [3d Ah] (Ace-High)
*** SHOWDOWN ***
Hero collected $0.12 from pot
*** SUMMARY ***
Total pot $0.12 | Rake $0 | Jackpot $0 | Bingo $0 | Fortune $0
Board [6d Js Kd 2c 4s]
Seat 1: 7ad0c168 (button) folded before Flop (didn't bet)
Seat 3: 315e778b (small blind) folded before Flop
Seat 4: Hero (big blind) showed [Ac 8s] and won ($0.12) with Ace-High
Seat 5: b378e747 showed [3d Ah] and lost with Ace-High
Seat 6: 2a03f893 folded before Flop (didn't bet)


Poker Hand #HD1160339486: Hold'em No Limit  ($0.02/$0.05) - 2023/03/14 21:15:56
Table 'NLHBlue55' 6-max Seat #6 is the button
Seat 1: 7ad0c168 ($5.14 in chips)
Seat 3: 315e778b ($5 in chips)
Seat 4: Hero ($11.09 in chips)
Seat 5: b378e747 ($4.4 in chips)
Seat 6: 2a03f893 ($5.46 in chips)
7ad0c168: posts small blind $0.02
315e778b: posts big blind $0.05
*** HOLE CARDS ***
Dealt to 7ad0c168 
Dealt to 315e778b 
Dealt to Hero [Ah 3h]
Dealt to b378e747 
Dealt to 2a03f893 
Hero: raises $0.07 to $0.12
b378e747: folds
2a03f893: folds
7ad0c168: folds
315e778b: folds
Uncalled bet ($0.07) returned to Hero
*** SHOWDOWN ***
Hero collected $0.12 from pot
*** SUMMARY ***
Total pot $0.12 | Rake $0 | Jackpot $0 | Bingo $0 | Fortune $0
Seat 1: 7ad0c168 (small blind) folded before Flop
Seat 3: 315e778b (big blind) folded before Flop
Seat 4: Hero collected ($0.12)
Seat 5: b378e747 folded before Flop (didn't bet)
Seat 6: 2a03f893 (button) folded before Flop (didn't bet)


Poker Hand #HD1160339410: Hold'em No Limit  ($0.02/$0.05) - 2023/03/14 21:15:24
Table 'NLHBlue55' 6-max Seat #5 is the button
Seat 1: 7ad0c168 ($5.19 in chips)
Seat 3: 315e778b ($5 in chips)
Seat 4: Hero ($11.21 in chips)
Seat 5: b378e747 ($4.13 in chips)
Seat 6: 2a03f893 ($5.58 in chips)
2a03f893: posts small blind $0.02
7ad0c168: posts big blind $0.05
*** HOLE CARDS ***
Dealt to 7ad0c168 
Dealt to 315e778b 
Dealt to Hero [Jh Tc]
Dealt to b378e747 
Dealt to 2a03f893 
315e778b: folds
Hero: raises $0.07 to $0.12
b378e747: calls $0.12
2a03f893: calls $0.1
7ad0c168: folds
*** FLOP *** [9d 5h 4c]
2a03f893: checks
Hero: checks
b378e747: bets $0.21
2a03f893: folds
Hero: folds
Uncalled bet ($0.21) returned to b378e747
*** SHOWDOWN ***
b378e747 collected $0.39 from pot
*** SUMMARY ***
Total pot $0.41 | Rake $0.02 | Jackpot $0 | Bingo $0 | Fortune $0
Board [9d 5h 4c]
Seat 1: 7ad0c168 (big blind) folded before Flop
Seat 3: 315e778b folded before Flop (didn't bet)
Seat 4: Hero folded on the Flop
Seat 5: b378e747 (button) won ($0.39)
Seat 6: 2a03f893 (small blind) folded on the Flop


Poker Hand #HD1160339395: Hold'em No Limit  ($0.02/$0.05) - 2023/03/14 21:15:15
Table 'NLHBlue55' 6-max Seat #4 is the button
Seat 1: 7ad0c168 ($5.19 in chips)
Seat 3: 315e778b ($5 in chips)
Seat 4: Hero ($11.21 in chips)
Seat 5: b378e747 ($4.15 in chips)
Seat 6: 2a03f893 ($5.56 in chips)
b378e747: posts small blind $0.02
2a03f893: posts big blind $0.05
*** HOLE CARDS ***
Dealt to 7ad0c168 
Dealt to 315e778b 
Dealt to Hero [Kc 6s]
Dealt to b378e747 
Dealt to 2a03f893 
7ad0c168: folds
315e778b: folds
Hero: folds
b378e747: folds
Uncalled bet ($0.03) returned to 2a03f893
*** SHOWDOWN ***
2a03f893 collected $0.04 from pot
*** SUMMARY ***
Total pot $0.04 | Rake $0 | Jackpot $0 | Bingo $0 | Fortune $0
Seat 1: 7ad0c168 folded before Flop (didn't bet)
Seat 3: 315e778b folded before Flop (didn't bet)
Seat 4: Hero (button) folded before Flop (didn't bet)
Seat 5: b378e747 (small blind) folded before Flop
Seat 6: 2a03f893 (big blind) collected ($0.04)


Poker Hand #HD1160339338: Hold'em No Limit  ($0.02/$0.05) - 2023/03/14 21:14:49
Table 'NLHBlue55' 6-max Seat #3 is the button
Seat 1: 7ad0c168 ($5.19 in chips)
Seat 3: 315e778b ($5 in chips)
Seat 4: Hero ($11.23 in chips)
Seat 5: b378e747 ($4.3 in chips)
Seat 6: 2a03f893 ($5.4 in chips)
Hero: posts small blind $0.02
b378e747: posts big blind $0.05
*** HOLE CARDS ***
Dealt to 7ad0c168 
Dealt to 315e778b 
Dealt to Hero [4c 8s]
Dealt to b378e747 
Dealt to 2a03f893 
2a03f893: raises $0.1 to $0.15
7ad0c168: folds
315e778b: folds
Hero: folds
b378e747: calls $0.1
*** FLOP *** [2d 4s Kh]
b378e747: checks
2a03f893: bets $0.16
b378e747: folds
Uncalled bet ($0.16) returned to 2a03f893
*** SHOWDOWN ***
2a03f893 collected $0.31 from pot
*** SUMMARY ***
Total pot $0.32 | Rake $0.01 | Jackpot $0 | Bingo $0 | Fortune $0
Board [2d 4s Kh]
Seat 1: 7ad0c168 folded before Flop (didn't bet)
Seat 3: 315e778b (button) folded before Flop (didn't bet)
Seat 4: Hero (small blind) folded before Flop
Seat 5: b378e747 (big blind) folded on the Flop
Seat 6: 2a03f893 won ($0.31)


Poker Hand #HD1160339265: Hold'em No Limit  ($0.02/$0.05) - 2023/03/14 21:14:14
Table 'NLHBlue55' 6-max Seat #1 is the button
Seat 1: 7ad0c168 ($5.19 in chips)
Seat 3: 315e778b ($5 in chips)
Seat 4: Hero ($11.28 in chips)
Seat 5: b378e747 ($4.23 in chips)
Seat 6: 2a03f893 ($5.4 in chips)
315e778b: posts small blind $0.02
Hero: posts big blind $0.05
*** HOLE CARDS ***
Dealt to 7ad0c168 
Dealt to 315e778b 
Dealt to Hero [4s Qc]
Dealt to b378e747 
Dealt to 2a03f893 
b378e747: raises $0.1 to $0.15
2a03f893: folds
7ad0c168: folds
315e778b: folds
Hero: folds
Uncalled bet ($0.1) returned to b378e747
*** SHOWDOWN ***
b378e747 collected $0.12 from pot
*** SUMMARY ***
Total pot $0.12 | Rake $0 | Jackpot $0 | Bingo $0 | Fortune $0
Seat 1: 7ad0c168 (button) folded before Flop (didn't bet)
Seat 3: 315e778b (small blind) folded before Flop
Seat 4: Hero (big blind) folded before Flop
Seat 5: b378e747 collected ($0.12)
Seat 6: 2a03f893 folded before Flop (didn't bet)


Poker Hand #HD1160339193: Hold'em No Limit  ($0.02/$0.05) - 2023/03/14 21:13:41
Table 'NLHBlue55' 6-max Seat #6 is the button
Seat 1: 7ad0c168 ($5.21 in chips)
Seat 3: 315e778b ($5 in chips)
Seat 4: Hero ($11.28 in chips)
Seat 5: b378e747 ($4.05 in chips)
Seat 6: 2a03f893 ($5.4 in chips)
7ad0c168: posts small blind $0.02
315e778b: posts big blind $0.05
*** HOLE CARDS ***
Dealt to 7ad0c168 
Dealt to 315e778b 
Dealt to Hero [Td 2c]
Dealt to b378e747 
Dealt to 2a03f893 
Hero: folds
b378e747: raises $0.12 to $0.17
2a03f893: folds
7ad0c168: folds
315e778b: calls $0.12
*** FLOP *** [Ah Tc 6c]
315e778b: checks
b378e747: bets $0.27
315e778b: folds
Uncalled bet ($0.27) returned to b378e747
*** SHOWDOWN ***
b378e747 collected $0.35 from pot
*** SUMMARY ***
Total pot $0.36 | Rake $0.01 | Jackpot $0 | Bingo $0 | Fortune $0
Board [Ah Tc 6c]
Seat 1: 7ad0c168 (small blind) folded before Flop
Seat 3: 315e778b (big blind) folded on the Flop
Seat 4: Hero folded before Flop (didn't bet)
Seat 5: b378e747 won ($0.35)
Seat 6: 2a03f893 (button) folded before Flop (didn't bet)


Poker Hand #HD1160339174: Hold'em No Limit  ($0.02/$0.05) - 2023/03/14 21:13:33
Table 'NLHBlue55' 6-max Seat #5 is the button
Seat 1: 7ad0c168 ($5.19 in chips)
Seat 3: 315e778b ($5 in chips)
Seat 4: Hero ($11.28 in chips)
Seat 5: b378e747 ($4.05 in chips)
Seat 6: 2a03f893 ($5.42 in chips)
2a03f893: posts small blind $0.02
7ad0c168: posts big blind $0.05
*** HOLE CARDS ***
Dealt to 7ad0c168 
Dealt to 315e778b 
Dealt to Hero [7h 4h]
Dealt to b378e747 
Dealt to 2a03f893 
315e778b: folds
Hero: folds
b378e747: folds
2a03f893: folds
Uncalled bet ($0.03) returned to 7ad0c168
*** SHOWDOWN ***
7ad0c168 collected $0.04 from pot
*** SUMMARY ***
Total pot $0.04 | Rake $0 | Jackpot $0 | Bingo $0 | Fortune $0
Seat 1: 7ad0c168 (big blind) collected ($0.04)
Seat 3: 315e778b folded before Flop (didn't bet)
Seat 4: Hero folded before Flop (didn't bet)
Seat 5: b378e747 (button) folded before Flop (didn't bet)
Seat 6: 2a03f893 (small blind) folded before Flop


Poker Hand #HD1160339073: Hold'em No Limit  ($0.02/$0.05) - 2023/03/14 21:12:44
Table 'NLHBlue55' 6-max Seat #4 is the button
Seat 1: 7ad0c168 ($5.19 in chips)
Seat 2: e6a694af ($7.92 in chips)
Seat 3: 315e778b ($5 in chips)
Seat 4: Hero ($11.28 in chips)
Seat 5: b378e747 ($4.38 in chips)
Seat 6: 2a03f893 ($5 in chips)
b378e747: posts small blind $0.02
2a03f893: posts big blind $0.05
*** HOLE CARDS ***
Dealt to 7ad0c168 
Dealt to e6a694af 
Dealt to 315e778b 
Dealt to Hero [Qd 3c]
Dealt to b378e747 
Dealt to 2a03f893 
7ad0c168: folds
e6a694af: folds
315e778b: raises $0.08 to $0.13
Hero: folds
b378e747: calls $0.11
2a03f893: calls $0.08
*** FLOP *** [9d Qh 5d]
b378e747: checks
2a03f893: checks
315e778b: checks
*** TURN *** [9d Qh 5d] [Th]
b378e747: checks
2a03f893: bets $0.2
315e778b: folds
b378e747: calls $0.2
*** RIVER *** [9d Qh 5d Th] [6d]
b378e747: checks
2a03f893: checks
b378e747: shows [9c Jc] (Pair of Nines)
2a03f893: shows [Tc Qc] (Pair of Queens and Pair of Tens)
*** SHOWDOWN ***
2a03f893 collected $0.75 from pot
*** SUMMARY ***
Total pot $0.79 | Rake $0.04 | Jackpot $0 | Bingo $0 | Fortune $0
Board [9d Qh 5d Th 6d]
Seat 1: 7ad0c168 folded before Flop (didn't bet)
Seat 2: e6a694af folded before Flop (didn't bet)
Seat 3: 315e778b folded on the Turn
Seat 4: Hero (button) folded before Flop (didn't bet)
Seat 5: b378e747 (small blind) showed [9c Jc] and lost with Pair of Nines
Seat 6: 2a03f893 (big blind) showed [Tc Qc] and won ($0.75) with Pair of Queens and Pair of Tens


Poker Hand #HD1160338941: Hold'em No Limit  ($0.02/$0.05) - 2023/03/14 21:11:40
Table 'NLHBlue55' 6-max Seat #3 is the button
Seat 1: 7ad0c168 ($5.05 in chips)
Seat 2: e6a694af ($7.92 in chips)
Seat 3: 315e778b ($5 in chips)
Seat 4: Hero ($11.3 in chips)
Seat 5: b378e747 ($4.51 in chips)
Seat 6: 2a03f893 ($5 in chips)
Hero: posts small blind $0.02
b378e747: posts big blind $0.05
*** HOLE CARDS ***
Dealt to 7ad0c168 
Dealt to e6a694af 
Dealt to 315e778b 
Dealt to Hero [6c Ad]
Dealt to b378e747 
Dealt to 2a03f893 
2a03f893: folds
7ad0c168: raises $0.08 to $0.13
e6a694af: folds
315e778b: folds
Hero: folds
b378e747: calls $0.08
*** FLOP *** [Jd 4d Qs]
b378e747: checks
7ad0c168: checks
*** TURN *** [Jd 4d Qs] [Tc]
b378e747: checks
7ad0c168: checks
*** RIVER *** [Jd 4d Qs Tc] [Kh]
b378e747: checks
7ad0c168: bets $0.21
b378e747: folds
Uncalled bet ($0.21) returned to 7ad0c168
*** SHOWDOWN ***
7ad0c168 collected $0.27 from pot
*** SUMMARY ***
Total pot $0.28 | Rake $0.01 | Jackpot $0 | Bingo $0 | Fortune $0
Board [Jd 4d Qs Tc Kh]
Seat 1: 7ad0c168 won ($0.27)
Seat 2: e6a694af folded before Flop (didn't bet)
Seat 3: 315e778b (button) folded before Flop (didn't bet)
Seat 4: Hero (small blind) folded before Flop
Seat 5: b378e747 (big blind) folded on the River
Seat 6: 2a03f893 folded before Flop (didn't bet)


Poker Hand #HD1160338840: Hold'em No Limit  ($0.02/$0.05) - 2023/03/14 21:10:50
Table 'NLHBlue55' 6-max Seat #2 is the button
Seat 1: 7ad0c168 ($5.05 in chips)
Seat 2: e6a694af ($7.92 in chips)
Seat 3: 315e778b ($5 in chips)
Seat 4: Hero ($11.41 in chips)
Seat 5: b378e747 ($4.39 in chips)
Seat 6: 2a03f893 ($5 in chips)
315e778b: posts small blind $0.02
Hero: posts big blind $0.05
*** HOLE CARDS ***
Dealt to 7ad0c168 
Dealt to e6a694af 
Dealt to 315e778b 
Dealt to Hero [5s 6s]
Dealt to b378e747 
Dealt to 2a03f893 
b378e747: calls $0.05
2a03f893: folds
7ad0c168: folds
e6a694af: folds
315e778b: folds
Hero: checks
*** FLOP *** [3c 9c 2d]
Hero: checks
b378e747: bets $0.06
Hero: calls $0.06
*** TURN *** [3c 9c 2d] [Qd]
Hero: checks
b378e747: checks
*** RIVER *** [3c 9c 2d Qd] [Jc]
Hero: checks
b378e747: checks
Hero: shows [5s 6s] (Queen-High)
b378e747: shows [4s 8s] (Queen-High)
*** SHOWDOWN ***
b378e747 collected $0.23 from pot
*** SUMMARY ***
Total pot $0.24 | Rake $0.01 | Jackpot $0 | Bingo $0 | Fortune $0
Board [3c 9c 2d Qd Jc]
Seat 1: 7ad0c168 folded before Flop (didn't bet)
Seat 2: e6a694af (button) folded before Flop (didn't bet)
Seat 3: 315e778b (small blind) folded before Flop
Seat 4: Hero (big blind) showed [5s 6s] and lost with Queen-High
Seat 5: b378e747 showed [4s 8s] and won ($0.23) with Queen-High
Seat 6: 2a03f893 folded before Flop (didn't bet)


Poker Hand #HD1160338768: Hold'em No Limit  ($0.02/$0.05) - 2023/03/14 21:10:17
Table 'NLHBlue55' 6-max Seat #1 is the button
Seat 1: 7ad0c168 ($5.05 in chips)
Seat 2: e6a694af ($7.87 in chips)
Seat 3: 315e778b ($5 in chips)
Seat 4: Hero ($11.41 in chips)
Seat 5: b378e747 ($4.39 in chips)
Seat 6: 2a03f893 ($5 in chips)
e6a694af: posts small blind $0.02
315e778b: posts big blind $0.05
*** HOLE CARDS ***
Dealt to 7ad0c168 
Dealt to e6a694af 
Dealt to 315e778b 
Dealt to Hero [6h 2d]
Dealt to b378e747 
Dealt to 2a03f893 
Hero: folds
b378e747: folds
2a03f893: folds
7ad0c168: folds
e6a694af: calls $0.03
315e778b: checks
*** FLOP *** [Qd 3s 2h]
e6a694af: bets $0.05
315e778b: folds
Uncalled bet ($0.05) returned to e6a694af
*** SHOWDOWN ***
e6a694af collected $0.1 from pot
*** SUMMARY ***
Total pot $0.1 | Rake $0 | Jackpot $0 | Bingo $0 | Fortune $0
Board [Qd 3s 2h]
Seat 1: 7ad0c168 (button) folded before Flop (didn't bet)
Seat 2: e6a694af (small blind) won ($0.1)
Seat 3: 315e778b (big blind) folded on the Flop
Seat 4: Hero folded before Flop (didn't bet)
Seat 5: b378e747 folded before Flop (didn't bet)
Seat 6: 2a03f893 folded before Flop (didn't bet)


Poker Hand #HD1160338607: Hold'em No Limit  ($0.02/$0.05) - 2023/03/14 21:09:01
Table 'NLHBlue55' 6-max Seat #6 is the button
Seat 1: 7ad0c168 ($5.07 in chips)
Seat 2: e6a694af ($8.19 in chips)
Seat 4: Hero ($11.1 in chips)
Seat 5: b378e747 ($4.39 in chips)
Seat 6: 2a03f893 ($5 in chips)
7ad0c168: posts small blind $0.02
e6a694af: posts big blind $0.05
*** HOLE CARDS ***
Dealt to 7ad0c168 
Dealt to e6a694af 
Dealt to Hero [Ts Ad]
Dealt to b378e747 
Dealt to 2a03f893 
Hero: raises $0.07 to $0.12
b378e747: folds
2a03f893: folds
7ad0c168: folds
e6a694af: calls $0.07
*** FLOP *** [Th 9c 6d]
e6a694af: bets $0.2
Hero: calls $0.2
*** TURN *** [Th 9c 6d] [Ac]
e6a694af: checks
Hero: bets $0.28
e6a694af: folds
Uncalled bet ($0.28) returned to Hero
*** SHOWDOWN ***
Hero collected $0.63 from pot
*** SUMMARY ***
Total pot $0.66 | Rake $0.03 | Jackpot $0 | Bingo $0 | Fortune $0
Board [Th 9c 6d Ac]
Seat 1: 7ad0c168 (small blind) folded before Flop
Seat 2: e6a694af (big blind) folded on the Turn
Seat 4: Hero won ($0.63)
Seat 5: b378e747 folded before Flop (didn't bet)
Seat 6: 2a03f893 (button) folded before Flop (didn't bet)


Poker Hand #HD1160338517: Hold'em No Limit  ($0.02/$0.05) - 2023/03/14 21:08:13
Table 'NLHBlue55' 6-max Seat #5 is the button
Seat 1: 7ad0c168 ($5 in chips)
Seat 2: e6a694af ($8.19 in chips)
Seat 4: Hero ($11.1 in chips)
Seat 5: b378e747 ($4.44 in chips)
Seat 6: 2a03f893 ($5 in chips)
2a03f893: posts small blind $0.02
7ad0c168: posts big blind $0.05
*** HOLE CARDS ***
Dealt to 7ad0c168 
Dealt to e6a694af 
Dealt to Hero [As 5h]
Dealt to b378e747 
Dealt to 2a03f893 
e6a694af: folds
Hero: folds
b378e747: calls $0.05
2a03f893: folds
7ad0c168: checks
*** FLOP *** [8s Jd 8h]
7ad0c168: checks
b378e747: checks
*** TURN *** [8s Jd 8h] [4h]
7ad0c168: checks
b378e747: checks
*** RIVER *** [8s Jd 8h 4h] [5s]
7ad0c168: checks
b378e747: checks
7ad0c168: shows [4c 9c] (Pair of Eights and Pair of Fours)
b378e747: shows [Ts Qh] (Pair of Eights)
*** SHOWDOWN ***
7ad0c168 collected $0.12 from pot
*** SUMMARY ***
Total pot $0.12 | Rake $0 | Jackpot $0 | Bingo $0 | Fortune $0
Board [8s Jd 8h 4h 5s]
Seat 1: 7ad0c168 (big blind) showed [4c 9c] and won ($0.12) with Pair of Eights and Pair of Fours
Seat 2: e6a694af folded before Flop (didn't bet)
Seat 4: Hero folded before Flop (didn't bet)
Seat 5: b378e747 (button) showed [Ts Qh] and lost with Pair of Eights
Seat 6: 2a03f893 (small blind) folded before Flop


Poker Hand #HD1160338476: Hold'em No Limit  ($0.02/$0.05) - 2023/03/14 21:07:53
Table 'NLHBlue55' 6-max Seat #4 is the button
Seat 1: 7ad0c168 ($5 in chips)
Seat 2: e6a694af ($8.19 in chips)
Seat 4: Hero ($11.03 in chips)
Seat 5: b378e747 ($4.46 in chips)
Seat 6: 2a03f893 ($5 in chips)
b378e747: posts small blind $0.02
2a03f893: posts big blind $0.05
*** HOLE CARDS ***
Dealt to 7ad0c168 
Dealt to e6a694af 
Dealt to Hero [6d Qd]
Dealt to b378e747 
Dealt to 2a03f893 
7ad0c168: folds
e6a694af: folds
Hero: raises $0.07 to $0.12
b378e747: folds
2a03f893: folds
Uncalled bet ($0.07) returned to Hero
*** SHOWDOWN ***
Hero collected $0.12 from pot
*** SUMMARY ***
Total pot $0.12 | Rake $0 | Jackpot $0 | Bingo $0 | Fortune $0
Seat 1: 7ad0c168 folded before Flop (didn't bet)
Seat 2: e6a694af folded before Flop (didn't bet)
Seat 4: Hero (button) collected ($0.12)
Seat 5: b378e747 (small blind) folded before Flop
Seat 6: 2a03f893 (big blind) folded before Flop


Poker Hand #HD1160338412: Hold'em No Limit  ($0.02/$0.05) - 2023/03/14 21:07:20
Table 'NLHBlue55' 6-max Seat #2 is the button
Seat 1: 7ad0c168 ($5 in chips)
Seat 2: e6a694af ($8.19 in chips)
Seat 4: Hero ($11.05 in chips)
Seat 5: b378e747 ($4.32 in chips)
Seat 6: 2a03f893 ($5 in chips)
Hero: posts small blind $0.02
b378e747: posts big blind $0.05
*** HOLE CARDS ***
Dealt to 7ad0c168 
Dealt to e6a694af 
Dealt to Hero [Qd Js]
Dealt to b378e747 
Dealt to 2a03f893 
2a03f893: folds
7ad0c168: raises $0.08 to $0.13
e6a694af: folds
Hero: folds
b378e747: raises $0.21 to $0.34
7ad0c168: folds
Uncalled bet ($0.21) returned to b378e747
*** SHOWDOWN ***
b378e747 collected $0.27 from pot
*** SUMMARY ***
Total pot $0.28 | Rake $0.01 | Jackpot $0 | Bingo $0 | Fortune $0
Seat 1: 7ad0c168 folded before Flop
Seat 2: e6a694af (button) folded before Flop (didn't bet)
Seat 4: Hero (small blind) folded before Flop
Seat 5: b378e747 (big blind) collected ($0.27)
Seat 6: 2a03f893 folded before Flop (didn't bet)


Poker Hand #HD1160338388: Hold'em No Limit  ($0.02/$0.05) - 2023/03/14 21:07:11
Table 'NLHBlue55' 6-max Seat #1 is the button
Seat 1: 7ad0c168 ($5 in chips)
Seat 2: e6a694af ($8.21 in chips)
Seat 4: Hero ($11.1 in chips)
Seat 5: b378e747 ($4.25 in chips)
Seat 6: 2a03f893 ($5 in chips)
e6a694af: posts small blind $0.02
Hero: posts big blind $0.05
*** HOLE CARDS ***
Dealt to 7ad0c168 
Dealt to e6a694af 
Dealt to Hero [6s 2d]
Dealt to b378e747 
Dealt to 2a03f893 
b378e747: raises $0.15 to $0.2
2a03f893: folds
7ad0c168: folds
e6a694af: folds
Hero: folds
Uncalled bet ($0.15) returned to b378e747
*** SHOWDOWN ***
b378e747 collected $0.12 from pot
*** SUMMARY ***
Total pot $0.12 | Rake $0 | Jackpot $0 | Bingo $0 | Fortune $0
Seat 1: 7ad0c168 (button) folded before Flop (didn't bet)
Seat 2: e6a694af (small blind) folded before Flop
Seat 4: Hero (big blind) folded before Flop
Seat 5: b378e747 collected ($0.12)
Seat 6: 2a03f893 folded before Flop (didn't bet)


Poker Hand #HD1160338298: Hold'em No Limit  ($0.02/$0.05) - 2023/03/14 21:06:27
Table 'NLHBlue55' 6-max Seat #6 is the button
Seat 1: 7ad0c168 ($5 in chips)
Seat 2: e6a694af ($8.1 in chips)
Seat 3: 6e8bdf2a ($7.04 in chips)
Seat 4: Hero ($11.1 in chips)
Seat 5: b378e747 ($4.35 in chips)
Seat 6: 2a03f893 ($5 in chips)
7ad0c168: posts small blind $0.02
e6a694af: posts big blind $0.05
*** HOLE CARDS ***
Dealt to 7ad0c168 
Dealt to e6a694af 
Dealt to 6e8bdf2a 
Dealt to Hero [3c 4c]
Dealt to b378e747 
Dealt to 2a03f893 
6e8bdf2a: folds
Hero: folds
b378e747: calls $0.05
2a03f893: folds
7ad0c168: folds
e6a694af: raises $0.05 to $0.1
b378e747: calls $0.05
*** FLOP *** [Qh 6c 2s]
e6a694af: checks
b378e747: checks
*** TURN *** [Qh 6c 2s] [Tc]
e6a694af: checks
b378e747: checks
*** RIVER *** [Qh 6c 2s Tc] [3h]
e6a694af: checks
b378e747: checks
e6a694af: shows [Ks 5h] (King-High)
b378e747: shows [Kh 4h] (King-High)
*** SHOWDOWN ***
e6a694af collected $0.21 from pot
*** SUMMARY ***
Total pot $0.22 | Rake $0.01 | Jackpot $0 | Bingo $0 | Fortune $0
Board [Qh 6c 2s Tc 3h]
Seat 1: 7ad0c168 (small blind) folded before Flop
Seat 2: e6a694af (big blind) showed [Ks 5h] and won ($0.21) with King-High
Seat 3: 6e8bdf2a folded before Flop (didn't bet)
Seat 4: Hero folded before Flop (didn't bet)
Seat 5: b378e747 showed [Kh 4h] and lost with King-High
Seat 6: 2a03f893 (button) folded before Flop (didn't bet)


Poker Hand #HD1160338257: Hold'em No Limit  ($0.02/$0.05) - 2023/03/14 21:06:09
Table 'NLHBlue55' 6-max Seat #5 is the button
Seat 1: 7ad0c168 ($5 in chips)
Seat 2: e6a694af ($8.1 in chips)
Seat 3: 6e8bdf2a ($7.04 in chips)
Seat 4: Hero ($11.1 in chips)
Seat 5: b378e747 ($4.28 in chips)
Seat 6: 2a03f893 ($5 in chips)
2a03f893: posts small blind $0.02
7ad0c168: posts big blind $0.05
*** HOLE CARDS ***
Dealt to 7ad0c168 
Dealt to e6a694af 
Dealt to 6e8bdf2a 
Dealt to Hero [Ad 4h]
Dealt to b378e747 
Dealt to 2a03f893 
e6a694af: folds
6e8bdf2a: folds
Hero: folds
b378e747: raises $0.05 to $0.1
2a03f893: folds
7ad0c168: folds
Uncalled bet ($0.05) returned to b378e747
*** SHOWDOWN ***
b378e747 collected $0.12 from pot
*** SUMMARY ***
Total pot $0.12 | Rake $0 | Jackpot $0 | Bingo $0 | Fortune $0
Seat 1: 7ad0c168 (big blind) folded before Flop
Seat 2: e6a694af folded before Flop (didn't bet)
Seat 3: 6e8bdf2a folded before Flop (didn't bet)
Seat 4: Hero folded before Flop (didn't bet)
Seat 5: b378e747 (button) collected ($0.12)
Seat 6: 2a03f893 (small blind) folded before Flop


Poker Hand #HD1160338175: Hold'em No Limit  ($0.02/$0.05) - 2023/03/14 21:05:29
Table 'NLHBlue55' 6-max Seat #4 is the button
Seat 1: 7ad0c168 ($5 in chips)
Seat 2: e6a694af ($8.1 in chips)
Seat 3: 6e8bdf2a ($7.04 in chips)
Seat 4: Hero ($11.1 in chips)
Seat 5: b378e747 ($4.11 in chips)
Seat 6: 2a03f893 ($5 in chips)
b378e747: posts small blind $0.02
2a03f893: posts big blind $0.05
*** HOLE CARDS ***
Dealt to 7ad0c168 
Dealt to e6a694af 
Dealt to 6e8bdf2a 
Dealt to Hero [Qc 5s]
Dealt to b378e747 
Dealt to 2a03f893 
7ad0c168: raises $0.08 to $0.13
e6a694af: folds
6e8bdf2a: folds
Hero: folds
b378e747: calls $0.11
2a03f893: folds
*** FLOP *** [9s 9h 6c]
b378e747: checks
7ad0c168: checks
*** TURN *** [9s 9h 6c] [Ts]
b378e747: bets $0.16
7ad0c168: folds
Uncalled bet ($0.16) returned to b378e747
*** SHOWDOWN ***
b378e747 collected $0.3 from pot
*** SUMMARY ***
Total pot $0.31 | Rake $0.01 | Jackpot $0 | Bingo $0 | Fortune $0
Board [9s 9h 6c Ts]
Seat 1: 7ad0c168 folded on the Turn
Seat 2: e6a694af folded before Flop (didn't bet)
Seat 3: 6e8bdf2a folded before Flop (didn't bet)
Seat 4: Hero (button) folded before Flop (didn't bet)
Seat 5: b378e747 (small blind) won ($0.3)
Seat 6: 2a03f893 (big blind) folded before Flop


Poker Hand #HD1160337955: Hold'em No Limit  ($0.02/$0.05) - 2023/03/14 21:03:41
Table 'NLHBlue55' 6-max Seat #3 is the button
Seat 1: 7ad0c168 ($5.24 in chips)
Seat 2: e6a694af ($7.69 in chips)
Seat 3: 6e8bdf2a ($7.04 in chips)
Seat 4: Hero ($11.12 in chips)
Seat 5: b378e747 ($4.16 in chips)
Hero: posts small blind $0.02
b378e747: posts big blind $0.05
*** HOLE CARDS ***
Dealt to 7ad0c168 
Dealt to e6a694af 
Dealt to 6e8bdf2a 
Dealt to Hero [3s Js]
Dealt to b378e747 
7ad0c168: raises $0.08 to $0.13
e6a694af: raises $0.25 to $0.38
6e8bdf2a: folds
Hero: folds
b378e747: folds
7ad0c168: calls $0.25
*** FLOP *** [Ah Ks 2h]
7ad0c168: checks
e6a694af: checks
*** TURN *** [Ah Ks 2h] [Tc]
7ad0c168: checks
e6a694af: checks
*** RIVER *** [Ah Ks 2h Tc] [9c]
7ad0c168: checks
e6a694af: bets $0.28
7ad0c168: folds
Uncalled bet ($0.28) returned to e6a694af
e6a694af: shows [Jd] (Ace-High)
*** SHOWDOWN ***
e6a694af collected $0.79 from pot
*** SUMMARY ***
Total pot $0.83 | Rake $0.04 | Jackpot $0 | Bingo $0 | Fortune $0
Board [Ah Ks 2h Tc 9c]
Seat 1: 7ad0c168 folded on the River
Seat 2: e6a694af showed [Jd Kh] and won ($0.79) with Pair of Kings
Seat 3: 6e8bdf2a (button) folded before Flop (didn't bet)
Seat 4: Hero (small blind) folded before Flop
Seat 5: b378e747 (big blind) folded before Flop


Poker Hand #HD1160337916: Hold'em No Limit  ($0.02/$0.05) - 2023/03/14 21:03:23
Table 'NLHBlue55' 6-max Seat #2 is the button
Seat 1: 7ad0c168 ($5.24 in chips)
Seat 2: e6a694af ($7.69 in chips)
Seat 3: 6e8bdf2a ($7.06 in chips)
Seat 4: Hero ($11.17 in chips)
Seat 5: b378e747 ($4.09 in chips)
6e8bdf2a: posts small blind $0.02
Hero: posts big blind $0.05
*** HOLE CARDS ***
Dealt to 7ad0c168 
Dealt to e6a694af 
Dealt to 6e8bdf2a 
Dealt to Hero [6c 8h]
Dealt to b378e747 
b378e747: raises $0.1 to $0.15
7ad0c168: folds
e6a694af: folds
6e8bdf2a: folds
Hero: folds
Uncalled bet ($0.1) returned to b378e747
*** SHOWDOWN ***
b378e747 collected $0.12 from pot
*** SUMMARY ***
Total pot $0.12 | Rake $0 | Jackpot $0 | Bingo $0 | Fortune $0
Seat 1: 7ad0c168 folded before Flop (didn't bet)
Seat 2: e6a694af (button) folded before Flop (didn't bet)
Seat 3: 6e8bdf2a (small blind) folded before Flop
Seat 4: Hero (big blind) folded before Flop
Seat 5: b378e747 collected ($0.12)


Poker Hand #HD1160337753: Hold'em No Limit  ($0.02/$0.05) - 2023/03/14 21:02:10
Table 'NLHBlue55' 6-max Seat #1 is the button
Seat 1: 7ad0c168 ($5 in chips)
Seat 2: e6a694af ($7.82 in chips)
Seat 3: 6e8bdf2a ($7.19 in chips)
Seat 4: Hero ($11.17 in chips)
Seat 5: b378e747 ($4.09 in chips)
e6a694af: posts small blind $0.02
6e8bdf2a: posts big blind $0.05
*** HOLE CARDS ***
Dealt to 7ad0c168 
Dealt to e6a694af 
Dealt to 6e8bdf2a 
Dealt to Hero [6h 9c]
Dealt to b378e747 
Hero: folds
b378e747: folds
7ad0c168: raises $0.08 to $0.13
e6a694af: calls $0.11
6e8bdf2a: calls $0.08
*** FLOP *** [4d Th 3c]
e6a694af: checks
6e8bdf2a: checks
7ad0c168: checks
*** TURN *** [4d Th 3c] [4s]
e6a694af: checks
6e8bdf2a: checks
7ad0c168: checks
*** RIVER *** [4d Th 3c 4s] [Js]
e6a694af: checks
6e8bdf2a: checks
7ad0c168: checks
e6a694af: shows [Qc 8c] (Pair of Fours)
6e8bdf2a: shows [Qh 7h] (Pair of Fours)
7ad0c168: shows [9h Ah] (Pair of Fours)
*** SHOWDOWN ***
7ad0c168 collected $0.37 from pot
*** SUMMARY ***
Total pot $0.39 | Rake $0.02 | Jackpot $0 | Bingo $0 | Fortune $0
Board [4d Th 3c 4s Js]
Seat 1: 7ad0c168 (button) showed [9h Ah] and won ($0.37) with Pair of Fours
Seat 2: e6a694af (small blind) showed [Qc 8c] and lost with Pair of Fours
Seat 3: 6e8bdf2a (big blind) showed [Qh 7h] and lost with Pair of Fours
Seat 4: Hero folded before Flop (didn't bet)
Seat 5: b378e747 folded before Flop (didn't bet)


Poker Hand #HD1160337691: Hold'em No Limit  ($0.02/$0.05) - 2023/03/14 21:01:40
Table 'NLHBlue55' 6-max Seat #6 is the button
Seat 1: 7ad0c168 ($5.02 in chips)
Seat 2: e6a694af ($7.8 in chips)
Seat 3: 6e8bdf2a ($7.19 in chips)
Seat 4: Hero ($11.17 in chips)
Seat 5: b378e747 ($4.09 in chips)
Seat 6: 7d6aafa4 ($2.41 in chips)
7ad0c168: posts small blind $0.02
e6a694af: posts big blind $0.05
*** HOLE CARDS ***
Dealt to 7ad0c168 
Dealt to e6a694af 
Dealt to 6e8bdf2a 
Dealt to Hero [6d 7s]
Dealt to b378e747 
Dealt to 7d6aafa4 
6e8bdf2a: folds
Hero: folds
b378e747: folds
7d6aafa4: folds
7ad0c168: folds
Uncalled bet ($0.03) returned to e6a694af
*** SHOWDOWN ***
e6a694af collected $0.04 from pot
*** SUMMARY ***
Total pot $0.04 | Rake $0 | Jackpot $0 | Bingo $0 | Fortune $0
Seat 1: 7ad0c168 (small blind) folded before Flop
Seat 2: e6a694af (big blind) collected ($0.04)
Seat 3: 6e8bdf2a folded before Flop (didn't bet)
Seat 4: Hero folded before Flop (didn't bet)
Seat 5: b378e747 folded before Flop (didn't bet)
Seat 6: 7d6aafa4 (button) folded before Flop (didn't bet)


Poker Hand #HD1160337634: Hold'em No Limit  ($0.02/$0.05) - 2023/03/14 21:01:11
Table 'NLHBlue55' 6-max Seat #5 is the button
Seat 1: 7ad0c168 ($5.07 in chips)
Seat 2: e6a694af ($7.85 in chips)
Seat 3: 6e8bdf2a ($7.19 in chips)
Seat 4: Hero ($11.17 in chips)
Seat 5: b378e747 ($3.97 in chips)
Seat 6: 7d6aafa4 ($2.43 in chips)
7d6aafa4: posts small blind $0.02
7ad0c168: posts big blind $0.05
*** HOLE CARDS ***
Dealt to 7ad0c168 
Dealt to e6a694af 
Dealt to 6e8bdf2a 
Dealt to Hero [Qd 6h]
Dealt to b378e747 
Dealt to 7d6aafa4 
e6a694af: calls $0.05
6e8bdf2a: folds
Hero: folds
b378e747: raises $0.09 to $0.14
7d6aafa4: folds
7ad0c168: folds
e6a694af: folds
Uncalled bet ($0.09) returned to b378e747
*** SHOWDOWN ***
b378e747 collected $0.17 from pot
*** SUMMARY ***
Total pot $0.17 | Rake $0 | Jackpot $0 | Bingo $0 | Fortune $0
Seat 1: 7ad0c168 (big blind) folded before Flop
Seat 2: e6a694af folded before Flop
Seat 3: 6e8bdf2a folded before Flop (didn't bet)
Seat 4: Hero folded before Flop (didn't bet)
Seat 5: b378e747 (button) collected ($0.17)
Seat 6: 7d6aafa4 (small blind) folded before Flop


Poker Hand #HD1160337574: Hold'em No Limit  ($0.02/$0.05) - 2023/03/14 21:00:46
Table 'NLHBlue55' 6-max Seat #4 is the button
Seat 1: 7ad0c168 ($5 in chips)
Seat 2: e6a694af ($7.85 in chips)
Seat 3: 6e8bdf2a ($7.19 in chips)
Seat 4: Hero ($11.17 in chips)
Seat 5: b378e747 ($3.99 in chips)
Seat 6: 7d6aafa4 ($2.48 in chips)
b378e747: posts small blind $0.02
7d6aafa4: posts big blind $0.05
*** HOLE CARDS ***
Dealt to 7ad0c168 
Dealt to e6a694af 
Dealt to 6e8bdf2a 
Dealt to Hero [2s 3h]
Dealt to b378e747 
Dealt to 7d6aafa4 
7ad0c168: raises $0.08 to $0.13
e6a694af: folds
6e8bdf2a: folds
Hero: folds
b378e747: folds
7d6aafa4: folds
Uncalled bet ($0.08) returned to 7ad0c168
*** SHOWDOWN ***
7ad0c168 collected $0.12 from pot
*** SUMMARY ***
Total pot $0.12 | Rake $0 | Jackpot $0 | Bingo $0 | Fortune $0
Seat 1: 7ad0c168 collected ($0.12)
Seat 2: e6a694af folded before Flop (didn't bet)
Seat 3: 6e8bdf2a folded before Flop (didn't bet)
Seat 4: Hero (button) folded before Flop (didn't bet)
Seat 5: b378e747 (small blind) folded before Flop
Seat 6: 7d6aafa4 (big blind) folded before Flop


Poker Hand #HD1160337424: Hold'em No Limit  ($0.02/$0.05) - 2023/03/14 20:59:33
Table 'NLHBlue55' 6-max Seat #3 is the button
Seat 1: 7ad0c168 ($5 in chips)
Seat 2: e6a694af ($7.9 in chips)
Seat 3: 6e8bdf2a ($7.07 in chips)
Seat 4: Hero ($11.19 in chips)
Seat 5: b378e747 ($4.04 in chips)
Seat 6: 7d6aafa4 ($2.48 in chips)
Hero: posts small blind $0.02
b378e747: posts big blind $0.05
*** HOLE CARDS ***
Dealt to 7ad0c168 
Dealt to e6a694af 
Dealt to 6e8bdf2a 
Dealt to Hero [6s Td]
Dealt to b378e747 
Dealt to 7d6aafa4 
7d6aafa4: folds
7ad0c168: folds
e6a694af: calls $0.05
6e8bdf2a: calls $0.05
Hero: folds
b378e747: checks
*** FLOP *** [6d 9h 5c]
b378e747: checks
e6a694af: checks
6e8bdf2a: checks
*** TURN *** [6d 9h 5c] [4d]
b378e747: checks
e6a694af: checks
6e8bdf2a: checks
*** RIVER *** [6d 9h 5c 4d] [4s]
b378e747: checks
e6a694af: checks
6e8bdf2a: checks
b378e747: shows [Ts 3s] (Pair of Fours)
e6a694af: shows [Qh As] (Pair of Fours)
6e8bdf2a: shows [3h 3c] (Pair of Fours and Pair of Treys)
*** SHOWDOWN ***
6e8bdf2a collected $0.17 from pot
*** SUMMARY ***
Total pot $0.17 | Rake $0 | Jackpot $0 | Bingo $0 | Fortune $0
Board [6d 9h 5c 4d 4s]
Seat 1: 7ad0c168 folded before Flop (didn't bet)
Seat 2: e6a694af showed [Qh As] and lost with Pair of Fours
Seat 3: 6e8bdf2a (button) showed [3h 3c] and won ($0.17) with Pair of Fours and Pair of Treys
Seat 4: Hero (small blind) folded before Flop
Seat 5: b378e747 (big blind) showed [Ts 3s] and lost with Pair of Fours
Seat 6: 7d6aafa4 folded before Flop (didn't bet)


Poker Hand #HD1160337241: Hold'em No Limit  ($0.02/$0.05) - 2023/03/14 20:58:12
Table 'NLHBlue55' 6-max Seat #2 is the button
Seat 1: 7ad0c168 ($5 in chips)
Seat 2: e6a694af ($7.34 in chips)
Seat 3: 6e8bdf2a ($7.09 in chips)
Seat 4: Hero ($11.24 in chips)
Seat 5: b378e747 ($4.04 in chips)
Seat 6: 7d6aafa4 ($2.48 in chips)
6e8bdf2a: posts small blind $0.02
Hero: posts big blind $0.05
*** HOLE CARDS ***
Dealt to 7ad0c168 
Dealt to e6a694af 
Dealt to 6e8bdf2a 
Dealt to Hero [3h Qc]
Dealt to b378e747 
Dealt to 7d6aafa4 
b378e747: folds
7d6aafa4: folds
7ad0c168: raises $0.08 to $0.13
e6a694af: calls $0.13
6e8bdf2a: folds
Hero: folds
*** FLOP *** [Qs Kd Js]
7ad0c168: bets $0.12
e6a694af: calls $0.12
*** TURN *** [Qs Kd Js] [8c]
7ad0c168: checks
e6a694af: checks
*** RIVER *** [Qs Kd Js 8c] [As]
7ad0c168: checks
e6a694af: bets $0.29
7ad0c168: calls $0.29
e6a694af: shows [Jh Ac] (Pair of Aces and Pair of Jacks)
7ad0c168: shows [9h Ah] (Pair of Aces)
*** SHOWDOWN ***
e6a694af collected $1.1 from pot
*** SUMMARY ***
Total pot $1.15 | Rake $0.05 | Jackpot $0 | Bingo $0 | Fortune $0
Board [Qs Kd Js 8c As]
Seat 1: 7ad0c168 showed [9h Ah] and lost with Pair of Aces
Seat 2: e6a694af (button) showed [Jh Ac] and won ($1.1) with Pair of Aces and Pair of Jacks
Seat 3: 6e8bdf2a (small blind) folded before Flop
Seat 4: Hero (big blind) folded before Flop
Seat 5: b378e747 folded before Flop (didn't bet)
Seat 6: 7d6aafa4 folded before Flop (didn't bet)


Poker Hand #HD1160337063: Hold'em No Limit  ($0.02/$0.05) - 2023/03/14 20:56:57
Table 'NLHBlue55' 6-max Seat #1 is the button
Seat 1: 7ad0c168 ($5 in chips)
Seat 2: e6a694af ($7.39 in chips)
Seat 3: 6e8bdf2a ($7.14 in chips)
Seat 4: Hero ($11.24 in chips)
Seat 5: b378e747 ($4.09 in chips)
Seat 6: 7d6aafa4 ($2.48 in chips)
e6a694af: posts small blind $0.02
6e8bdf2a: posts big blind $0.05
*** HOLE CARDS ***
Dealt to 7ad0c168 
Dealt to e6a694af 
Dealt to 6e8bdf2a 
Dealt to Hero [7h 3c]
Dealt to b378e747 
Dealt to 7d6aafa4 
Hero: folds
b378e747: raises $0.1 to $0.15
7d6aafa4: folds
7ad0c168: folds
e6a694af: raises $0.12 to $0.27
6e8bdf2a: folds
b378e747: calls $0.12
*** FLOP *** [Kd 5c 5s]
e6a694af: checks
b378e747: checks
*** TURN *** [Kd 5c 5s] [Ts]
e6a694af: bets $0.3
b378e747: calls $0.3
*** RIVER *** [Kd 5c 5s Ts] [3d]
e6a694af: bets $0.6
b378e747: calls $0.6
e6a694af: shows [8c Kc] (Pair of Kings and Pair of Fives)
b378e747: shows [Kh 9h] (Pair of Kings and Pair of Fives)
*** SHOWDOWN ***
e6a694af collected $1.12 from pot
b378e747 collected $1.12 from pot
*** SUMMARY ***
Total pot $2.39 | Rake $0.1 | Jackpot $0.05 | Bingo $0 | Fortune $0
Board [Kd 5c 5s Ts 3d]
Seat 1: 7ad0c168 (button) folded before Flop (didn't bet)
Seat 2: e6a694af (small blind) showed [8c Kc] and won ($1.12) with Pair of Kings and Pair of Fives
Seat 3: 6e8bdf2a (big blind) folded before Flop
Seat 4: Hero folded before Flop (didn't bet)
Seat 5: b378e747 showed [Kh 9h] and won ($1.12) with Pair of Kings and Pair of Fives
Seat 6: 7d6aafa4 folded before Flop (didn't bet)


Poker Hand #HD1160337011: Hold'em No Limit  ($0.02/$0.05) - 2023/03/14 20:56:31
Table 'NLHBlue55' 6-max Seat #6 is the button
Seat 1: 7ad0c168 ($5 in chips)
Seat 2: e6a694af ($7.37 in chips)
Seat 3: 6e8bdf2a ($7.14 in chips)
Seat 4: Hero ($11.24 in chips)
Seat 5: b378e747 ($4.09 in chips)
Seat 6: 7d6aafa4 ($2.48 in chips)
7ad0c168: posts small blind $0.02
e6a694af: posts big blind $0.05
*** HOLE CARDS ***
Dealt to 7ad0c168 
Dealt to e6a694af 
Dealt to 6e8bdf2a 
Dealt to Hero [Jc Ts]
Dealt to b378e747 
Dealt to 7d6aafa4 
6e8bdf2a: folds
Hero: folds
b378e747: folds
7d6aafa4: folds
7ad0c168: folds
Uncalled bet ($0.03) returned to e6a694af
*** SHOWDOWN ***
e6a694af collected $0.04 from pot
*** SUMMARY ***
Total pot $0.04 | Rake $0 | Jackpot $0 | Bingo $0 | Fortune $0
Seat 1: 7ad0c168 (small blind) folded before Flop
Seat 2: e6a694af (big blind) collected ($0.04)
Seat 3: 6e8bdf2a folded before Flop (didn't bet)
Seat 4: Hero folded before Flop (didn't bet)
Seat 5: b378e747 folded before Flop (didn't bet)
Seat 6: 7d6aafa4 (button) folded before Flop (didn't bet)


Poker Hand #HD1160336918: Hold'em No Limit  ($0.02/$0.05) - 2023/03/14 20:55:54
Table 'NLHBlue55' 6-max Seat #5 is the button
Seat 1: 7ad0c168 ($5 in chips)
Seat 2: e6a694af ($7.37 in chips)
Seat 3: 6e8bdf2a ($7.14 in chips)
Seat 4: Hero ($11.06 in chips)
Seat 5: b378e747 ($4.21 in chips)
Seat 6: 7d6aafa4 ($2.5 in chips)
7d6aafa4: posts small blind $0.02
7ad0c168: posts big blind $0.05
*** HOLE CARDS ***
Dealt to 7ad0c168 
Dealt to e6a694af 
Dealt to 6e8bdf2a 
Dealt to Hero [Jd Jc]
Dealt to b378e747 
Dealt to 7d6aafa4 
e6a694af: folds
6e8bdf2a: folds
Hero: raises $0.07 to $0.12
b378e747: calls $0.12
7d6aafa4: folds
7ad0c168: folds
*** FLOP *** [Th Ac 7h]
Hero: bets $0.16
b378e747: folds
Uncalled bet ($0.16) returned to Hero
*** SHOWDOWN ***
Hero collected $0.3 from pot
*** SUMMARY ***
Total pot $0.31 | Rake $0.01 | Jackpot $0 | Bingo $0 | Fortune $0
Board [Th Ac 7h]
Seat 1: 7ad0c168 (big blind) folded before Flop
Seat 2: e6a694af folded before Flop (didn't bet)
Seat 3: 6e8bdf2a folded before Flop (didn't bet)
Seat 4: Hero won ($0.3)
Seat 5: b378e747 (button) folded on the Flop
Seat 6: 7d6aafa4 (small blind) folded before Flop


Poker Hand #HD1160336707: Hold'em No Limit  ($0.02/$0.05) - 2023/03/14 20:54:15
Table 'NLHBlue55' 6-max Seat #4 is the button
Seat 2: e6a694af ($7.37 in chips)
Seat 3: 6e8bdf2a ($7.44 in chips)
Seat 4: Hero ($11.06 in chips)
Seat 5: b378e747 ($3.65 in chips)
Seat 6: 7d6aafa4 ($2.4 in chips)
b378e747: posts small blind $0.02
7d6aafa4: posts big blind $0.05
*** HOLE CARDS ***
Dealt to e6a694af 
Dealt to 6e8bdf2a 
Dealt to Hero [Qd 6s]
Dealt to b378e747 
Dealt to 7d6aafa4 
e6a694af: folds
6e8bdf2a: raises $0.1 to $0.15
Hero: folds
b378e747: calls $0.13
7d6aafa4: calls $0.1
*** FLOP *** [6h 3s Ks]
b378e747: checks
7d6aafa4: checks
6e8bdf2a: checks
*** TURN *** [6h 3s Ks] [Kd]
b378e747: checks
7d6aafa4: bets $0.15
6e8bdf2a: calls $0.15
b378e747: calls $0.15
*** RIVER *** [6h 3s Ks Kd] [Qh]
b378e747: bets $1.5
7d6aafa4: folds
6e8bdf2a: folds
Uncalled bet ($1.5) returned to b378e747
b378e747: shows [3c 3h] (Treys Full over Kings)
*** SHOWDOWN ***
b378e747 collected $0.86 from pot
*** SUMMARY ***
Total pot $0.9 | Rake $0.04 | Jackpot $0 | Bingo $0 | Fortune $0
Board [6h 3s Ks Kd Qh]
Seat 2: e6a694af folded before Flop (didn't bet)
Seat 3: 6e8bdf2a folded on the River
Seat 4: Hero (button) folded before Flop (didn't bet)
Seat 5: b378e747 (small blind) showed [3c 3h] and won ($0.86) with Treys Full over Kings
Seat 6: 7d6aafa4 (big blind) folded on the River


Poker Hand #HD1160336597: Hold'em No Limit  ($0.02/$0.05) - 2023/03/14 20:53:26
Table 'NLHBlue55' 6-max Seat #3 is the button
Seat 2: e6a694af ($7.42 in chips)
Seat 3: 6e8bdf2a ($7.16 in chips)
Seat 4: Hero ($11.26 in chips)
Seat 5: b378e747 ($3.7 in chips)
Seat 6: 7d6aafa4 ($2.4 in chips)
Hero: posts small blind $0.02
b378e747: posts big blind $0.05
*** HOLE CARDS ***
Dealt to e6a694af 
Dealt to 6e8bdf2a 
Dealt to Hero [Ks Js]
Dealt to b378e747 
Dealt to 7d6aafa4 
7d6aafa4: folds
e6a694af: calls $0.05
6e8bdf2a: raises $0.15 to $0.2
Hero: calls $0.18
b378e747: folds
e6a694af: folds
*** FLOP *** [2d Ac 3c]
Hero: checks
6e8bdf2a: bets $0.28
Hero: folds
Uncalled bet ($0.28) returned to 6e8bdf2a
*** SHOWDOWN ***
6e8bdf2a collected $0.48 from pot
*** SUMMARY ***
Total pot $0.5 | Rake $0.02 | Jackpot $0 | Bingo $0 | Fortune $0
Board [2d Ac 3c]
Seat 2: e6a694af folded before Flop
Seat 3: 6e8bdf2a (button) won ($0.48)
Seat 4: Hero (small blind) folded on the Flop
Seat 5: b378e747 (big blind) folded before Flop
Seat 6: 7d6aafa4 folded before Flop (didn't bet)


Poker Hand #HD1160336509: Hold'em No Limit  ($0.02/$0.05) - 2023/03/14 20:52:51
Table 'NLHBlue55' 6-max Seat #2 is the button
Seat 2: e6a694af ($7.52 in chips)
Seat 3: 6e8bdf2a ($7.18 in chips)
Seat 4: Hero ($11.36 in chips)
Seat 5: b378e747 ($3.49 in chips)
Seat 6: 7d6aafa4 ($2.4 in chips)
6e8bdf2a: posts small blind $0.02
Hero: posts big blind $0.05
*** HOLE CARDS ***
Dealt to e6a694af 
Dealt to 6e8bdf2a 
Dealt to Hero [Ah 7c]
Dealt to b378e747 
Dealt to 7d6aafa4 
b378e747: raises $0.05 to $0.1
7d6aafa4: folds
e6a694af: calls $0.1
6e8bdf2a: folds
Hero: calls $0.05
*** FLOP *** [Kd Qc 9h]
Hero: checks
b378e747: bets $0.24
e6a694af: folds
Hero: folds
Uncalled bet ($0.24) returned to b378e747
*** SHOWDOWN ***
b378e747 collected $0.31 from pot
*** SUMMARY ***
Total pot $0.32 | Rake $0.01 | Jackpot $0 | Bingo $0 | Fortune $0
Board [Kd Qc 9h]
Seat 2: e6a694af (button) folded on the Flop
Seat 3: 6e8bdf2a (small blind) folded before Flop
Seat 4: Hero (big blind) folded on the Flop
Seat 5: b378e747 won ($0.31)
Seat 6: 7d6aafa4 folded before Flop (didn't bet)


Poker Hand #HD1160336338: Hold'em No Limit  ($0.02/$0.05) - 2023/03/14 20:51:30
Table 'NLHBlue55' 6-max Seat #6 is the button
Seat 1: 96a9fb4 ($5 in chips)
Seat 2: e6a694af ($6.37 in chips)
Seat 3: 6e8bdf2a ($7.18 in chips)
Seat 4: Hero ($11.36 in chips)
Seat 5: b378e747 ($4.8 in chips)
Seat 6: 7d6aafa4 ($2.4 in chips)
96a9fb4: posts small blind $0.02
e6a694af: posts big blind $0.05
*** HOLE CARDS ***
Dealt to 96a9fb4 
Dealt to e6a694af 
Dealt to 6e8bdf2a 
Dealt to Hero [Qc 5c]
Dealt to b378e747 
Dealt to 7d6aafa4 
6e8bdf2a: folds
Hero: folds
b378e747: calls $0.05
7d6aafa4: folds
96a9fb4: folds
e6a694af: raises $0.05 to $0.1
b378e747: calls $0.05
*** FLOP *** [9c 7h As]
e6a694af: bets $0.11
b378e747: calls $0.11
*** TURN *** [9c 7h As] [6c]
e6a694af: bets $0.22
b378e747: calls $0.22
*** RIVER *** [9c 7h As 6c] [4h]
e6a694af: bets $0.88
b378e747: calls $0.88
e6a694af: shows [Ah Ad] (Three Aces)
b378e747: shows [Kh 9s] (Pair of Nines)
*** SHOWDOWN ***
e6a694af collected $2.46 from pot
*** SUMMARY ***
Total pot $2.64 | Rake $0.13 | Jackpot $0.05 | Bingo $0 | Fortune $0
Board [9c 7h As 6c 4h]
Seat 1: 96a9fb4 (small blind) folded before Flop
Seat 2: e6a694af (big blind) showed [Ah Ad] and won ($2.46) with Three Aces
Seat 3: 6e8bdf2a folded before Flop (didn't bet)
Seat 4: Hero folded before Flop (didn't bet)
Seat 5: b378e747 showed [Kh 9s] and lost with Pair of Nines
Seat 6: 7d6aafa4 (button) folded before Flop (didn't bet)


Poker Hand #HD1160336221: Hold'em No Limit  ($0.02/$0.05) - 2023/03/14 20:50:41
Table 'NLHBlue55' 6-max Seat #5 is the button
Seat 1: 96a9fb4 ($5 in chips)
Seat 2: e6a694af ($6.37 in chips)
Seat 3: 6e8bdf2a ($7.18 in chips)
Seat 4: Hero ($11.36 in chips)
Seat 5: b378e747 ($4.8 in chips)
Seat 6: 7d6aafa4 ($2.42 in chips)
7d6aafa4: posts small blind $0.02
96a9fb4: posts big blind $0.05
*** HOLE CARDS ***
Dealt to 96a9fb4 
Dealt to e6a694af 
Dealt to 6e8bdf2a 
Dealt to Hero [2c 3c]
Dealt to b378e747 
Dealt to 7d6aafa4 
e6a694af: folds
6e8bdf2a: folds
Hero: folds
b378e747: raises $0.1 to $0.15
7d6aafa4: folds
96a9fb4: calls $0.1
*** FLOP *** [Qs Qh 8h]
96a9fb4: checks
b378e747: checks
*** TURN *** [Qs Qh 8h] [Ah]
96a9fb4: checks
b378e747: bets $0.11
96a9fb4: calls $0.11
*** RIVER *** [Qs Qh 8h Ah] [3s]
96a9fb4: checks
b378e747: checks
96a9fb4: shows [7s Ad] (Pair of Aces and Pair of Queens)
b378e747: shows [Ac 7h] (Pair of Aces and Pair of Queens)
*** SHOWDOWN ***
96a9fb4 collected $0.26 from pot
b378e747 collected $0.26 from pot
*** SUMMARY ***
Total pot $0.54 | Rake $0.02 | Jackpot $0 | Bingo $0 | Fortune $0
Board [Qs Qh 8h Ah 3s]
Seat 1: 96a9fb4 (big blind) showed [7s Ad] and won ($0.26) with Pair of Aces and Pair of Queens
Seat 2: e6a694af folded before Flop (didn't bet)
Seat 3: 6e8bdf2a folded before Flop (didn't bet)
Seat 4: Hero folded before Flop (didn't bet)
Seat 5: b378e747 (button) showed [Ac 7h] and won ($0.26) with Pair of Aces and Pair of Queens
Seat 6: 7d6aafa4 (small blind) folded before Flop


Poker Hand #HD1160336138: Hold'em No Limit  ($0.02/$0.05) - 2023/03/14 20:50:06
Table 'NLHBlue55' 6-max Seat #4 is the button
Seat 1: 96a9fb4 ($5 in chips)
Seat 2: e6a694af ($6.47 in chips)
Seat 3: 6e8bdf2a ($7.18 in chips)
Seat 4: Hero ($11.36 in chips)
Seat 5: b378e747 ($4.66 in chips)
Seat 6: 7d6aafa4 ($2.47 in chips)
b378e747: posts small blind $0.02
7d6aafa4: posts big blind $0.05
*** HOLE CARDS ***
Dealt to 96a9fb4 
Dealt to e6a694af 
Dealt to 6e8bdf2a 
Dealt to Hero [9c Qh]
Dealt to b378e747 
Dealt to 7d6aafa4 
96a9fb4: folds
e6a694af: calls $0.05
6e8bdf2a: folds
Hero: folds
b378e747: raises $0.05 to $0.1
7d6aafa4: folds
e6a694af: calls $0.05
*** FLOP *** [2c 4d Jd]
b378e747: bets $0.13
e6a694af: folds
Uncalled bet ($0.13) returned to b378e747
*** SHOWDOWN ***
b378e747 collected $0.24 from pot
*** SUMMARY ***
Total pot $0.25 | Rake $0.01 | Jackpot $0 | Bingo $0 | Fortune $0
Board [2c 4d Jd]
Seat 1: 96a9fb4 folded before Flop (didn't bet)
Seat 2: e6a694af folded on the Flop
Seat 3: 6e8bdf2a folded before Flop (didn't bet)
Seat 4: Hero (button) folded before Flop (didn't bet)
Seat 5: b378e747 (small blind) won ($0.24)
Seat 6: 7d6aafa4 (big blind) folded before Flop


Poker Hand #HD1160335962: Hold'em No Limit  ($0.02/$0.05) - 2023/03/14 20:48:41
Table 'NLHBlue55' 6-max Seat #3 is the button
Seat 1: 96a9fb4 ($5 in chips)
Seat 2: e6a694af ($6.47 in chips)
Seat 3: 6e8bdf2a ($6.25 in chips)
Seat 4: Hero ($11.38 in chips)
Seat 5: b378e747 ($5 in chips)
Seat 6: 7d6aafa4 ($3.17 in chips)
Hero: posts small blind $0.02
b378e747: posts big blind $0.05
*** HOLE CARDS ***
Dealt to 96a9fb4 
Dealt to e6a694af 
Dealt to 6e8bdf2a 
Dealt to Hero [2d Ah]
Dealt to b378e747 
Dealt to 7d6aafa4 
7d6aafa4: raises $0.05 to $0.1
96a9fb4: folds
e6a694af: folds
6e8bdf2a: calls $0.1
Hero: folds
b378e747: calls $0.05
*** FLOP *** [3d 4c 5c]
b378e747: bets $0.24
7d6aafa4: raises $0.36 to $0.6
6e8bdf2a: raises $5.55 to $6.15 and is all-in
b378e747: folds
7d6aafa4: folds
Uncalled bet ($5.55) returned to 6e8bdf2a
*** SHOWDOWN ***
6e8bdf2a collected $1.63 from pot
*** SUMMARY ***
Total pot $1.76 | Rake $0.08 | Jackpot $0.05 | Bingo $0 | Fortune $0
Board [3d 4c 5c]
Seat 1: 96a9fb4 folded before Flop (didn't bet)
Seat 2: e6a694af folded before Flop (didn't bet)
Seat 3: 6e8bdf2a (button) won ($1.63)
Seat 4: Hero (small blind) folded before Flop
Seat 5: b378e747 (big blind) folded on the Flop
Seat 6: 7d6aafa4 folded on the Flop


Poker Hand #HD1160335767: Hold'em No Limit  ($0.02/$0.05) - 2023/03/14 20:47:19
Table 'NLHBlue55' 6-max Seat #2 is the button
Seat 1: 96a9fb4 ($5.07 in chips)
Seat 2: e6a694af ($6.47 in chips)
Seat 3: 6e8bdf2a ($5 in chips)
Seat 4: Hero ($11.43 in chips)
Seat 5: b378e747 ($5 in chips)
Seat 6: 7d6aafa4 ($3.17 in chips)
6e8bdf2a: posts small blind $0.02
Hero: posts big blind $0.05
*** HOLE CARDS ***
Dealt to 96a9fb4 
Dealt to e6a694af 
Dealt to 6e8bdf2a 
Dealt to Hero [5h Ks]
Dealt to b378e747 
Dealt to 7d6aafa4 
b378e747: folds
7d6aafa4: folds
96a9fb4: raises $0.08 to $0.13
e6a694af: folds
6e8bdf2a: raises $0.45 to $0.58
Hero: folds
96a9fb4: calls $0.45
*** FLOP *** [3d 9s 7h]
6e8bdf2a: checks
96a9fb4: checks
*** TURN *** [3d 9s 7h] [2d]
6e8bdf2a: checks
96a9fb4: bets $0.8
6e8bdf2a: calls $0.8
*** RIVER *** [3d 9s 7h 2d] [Js]
6e8bdf2a: checks
96a9fb4: checks
6e8bdf2a: shows [3h Ah] (Pair of Treys)
96a9fb4: shows [Ad Qc] (Ace-High)
*** SHOWDOWN ***
6e8bdf2a collected $2.63 from pot
*** SUMMARY ***
Total pot $2.81 | Rake $0.13 | Jackpot $0.05 | Bingo $0 | Fortune $0
Board [3d 9s 7h 2d Js]
Seat 1: 96a9fb4 showed [Ad Qc] and lost with Ace-High
Seat 2: e6a694af (button) folded before Flop (didn't bet)
Seat 3: 6e8bdf2a (small blind) showed [3h Ah] and won ($2.63) with Pair of Treys
Seat 4: Hero (big blind) folded before Flop
Seat 5: b378e747 folded before Flop (didn't bet)
Seat 6: 7d6aafa4 folded before Flop (didn't bet)


Poker Hand #HD1160275638: Hold'em No Limit  ($0.02/$0.05) - 2023/03/14 20:46:16
Table 'NLHBlue55' 6-max Seat #1 is the button
Seat 1: 96a9fb4 ($5.07 in chips)
Seat 2: e6a694af ($6.49 in chips)
Seat 3: 6e8bdf2a ($5 in chips)
Seat 4: Hero ($11.43 in chips)
Seat 5: b378e747 ($2.66 in chips)
Seat 6: 7d6aafa4 ($3.06 in chips)
e6a694af: posts small blind $0.02
6e8bdf2a: posts big blind $0.05
*** HOLE CARDS ***
Dealt to 96a9fb4 
Dealt to e6a694af 
Dealt to 6e8bdf2a 
Dealt to Hero [2h 4d]
Dealt to b378e747 
Dealt to 7d6aafa4 
Hero: folds
b378e747: folds
7d6aafa4: raises $0.05 to $0.1
96a9fb4: folds
e6a694af: folds
6e8bdf2a: calls $0.05
*** FLOP *** [Tc Th 6d]
6e8bdf2a: checks
7d6aafa4: bets $0.08
6e8bdf2a: folds
Uncalled bet ($0.08) returned to 7d6aafa4
*** SHOWDOWN ***
7d6aafa4 collected $0.21 from pot
*** SUMMARY ***
Total pot $0.22 | Rake $0.01 | Jackpot $0 | Bingo $0 | Fortune $0
Board [Tc Th 6d]
Seat 1: 96a9fb4 (button) folded before Flop (didn't bet)
Seat 2: e6a694af (small blind) folded before Flop
Seat 3: 6e8bdf2a (big blind) folded on the Flop
Seat 4: Hero folded before Flop (didn't bet)
Seat 5: b378e747 folded before Flop (didn't bet)
Seat 6: 7d6aafa4 won ($0.21)


Poker Hand #HD1160275611: Hold'em No Limit  ($0.02/$0.05) - 2023/03/14 20:46:05
Table 'NLHBlue55' 6-max Seat #6 is the button
Seat 1: 96a9fb4 ($5.09 in chips)
Seat 2: e6a694af ($6.54 in chips)
Seat 4: Hero ($11.43 in chips)
Seat 5: b378e747 ($2.66 in chips)
Seat 6: 7d6aafa4 ($2.99 in chips)
96a9fb4: posts small blind $0.02
e6a694af: posts big blind $0.05
*** HOLE CARDS ***
Dealt to 96a9fb4 
Dealt to e6a694af 
Dealt to Hero [6c Td]
Dealt to b378e747 
Dealt to 7d6aafa4 
Hero: folds
b378e747: folds
7d6aafa4: raises $0.05 to $0.1
96a9fb4: folds
e6a694af: folds
Uncalled bet ($0.05) returned to 7d6aafa4
*** SHOWDOWN ***
7d6aafa4 collected $0.12 from pot
*** SUMMARY ***
Total pot $0.12 | Rake $0 | Jackpot $0 | Bingo $0 | Fortune $0
Seat 1: 96a9fb4 (small blind) folded before Flop
Seat 2: e6a694af (big blind) folded before Flop
Seat 4: Hero folded before Flop (didn't bet)
Seat 5: b378e747 folded before Flop (didn't bet)
Seat 6: 7d6aafa4 (button) collected ($0.12)


Poker Hand #HD1160275558: Hold'em No Limit  ($0.02/$0.05) - 2023/03/14 20:45:42
Table 'NLHBlue55' 6-max Seat #5 is the button
Seat 1: 96a9fb4 ($5.14 in chips)
Seat 2: e6a694af ($6.54 in chips)
Seat 4: Hero ($11.43 in chips)
Seat 5: b378e747 ($2.59 in chips)
Seat 6: 7d6aafa4 ($3.01 in chips)
7d6aafa4: posts small blind $0.02
96a9fb4: posts big blind $0.05
*** HOLE CARDS ***
Dealt to 96a9fb4 
Dealt to e6a694af 
Dealt to Hero [4c Qc]
Dealt to b378e747 
Dealt to 7d6aafa4 
e6a694af: folds
Hero: folds
b378e747: raises $0.05 to $0.1
7d6aafa4: folds
96a9fb4: folds
Uncalled bet ($0.05) returned to b378e747
*** SHOWDOWN ***
b378e747 collected $0.12 from pot
*** SUMMARY ***
Total pot $0.12 | Rake $0 | Jackpot $0 | Bingo $0 | Fortune $0
Seat 1: 96a9fb4 (big blind) folded before Flop
Seat 2: e6a694af folded before Flop (didn't bet)
Seat 4: Hero folded before Flop (didn't bet)
Seat 5: b378e747 (button) collected ($0.12)
Seat 6: 7d6aafa4 (small blind) folded before Flop


Poker Hand #HD1160275276: Hold'em No Limit  ($0.02/$0.05) - 2023/03/14 20:43:35
Table 'NLHBlue55' 6-max Seat #4 is the button
Seat 1: 96a9fb4 ($5.14 in chips)
Seat 2: e6a694af ($6.44 in chips)
Seat 4: Hero ($11.43 in chips)
Seat 5: b378e747 ($2.64 in chips)
Seat 6: 7d6aafa4 ($3.06 in chips)
b378e747: posts small blind $0.02
7d6aafa4: posts big blind $0.05
*** HOLE CARDS ***
Dealt to 96a9fb4 
Dealt to e6a694af 
Dealt to Hero [Qs 2s]
Dealt to b378e747 
Dealt to 7d6aafa4 
96a9fb4: folds
e6a694af: calls $0.05
Hero: folds
b378e747: calls $0.03
7d6aafa4: checks
*** FLOP *** [Qc Qh Kc]
b378e747: checks
7d6aafa4: checks
e6a694af: checks
*** TURN *** [Qc Qh Kc] [Kh]
b378e747: checks
7d6aafa4: checks
e6a694af: checks
*** RIVER *** [Qc Qh Kc Kh] [8d]
b378e747: checks
7d6aafa4: checks
e6a694af: bets $6.39 and is all-in
b378e747: folds
7d6aafa4: folds
Uncalled bet ($6.39) returned to e6a694af
e6a694af: shows [9h] (Pair of Kings and Pair of Queens)
*** SHOWDOWN ***
e6a694af collected $0.15 from pot
*** SUMMARY ***
Total pot $0.15 | Rake $0 | Jackpot $0 | Bingo $0 | Fortune $0
Board [Qc Qh Kc Kh 8d]
Seat 1: 96a9fb4 folded before Flop (didn't bet)
Seat 2: e6a694af showed [Ks 9h] and won ($0.15) with Kings Full over Queens
Seat 4: Hero (button) folded before Flop (didn't bet)
Seat 5: b378e747 (small blind) folded on the River
Seat 6: 7d6aafa4 (big blind) folded on the River


Poker Hand #HD1160275135: Hold'em No Limit  ($0.02/$0.05) - 2023/03/14 20:42:38
Table 'NLHBlue55' 6-max Seat #2 is the button
Seat 1: 96a9fb4 ($5.14 in chips)
Seat 2: e6a694af ($6.44 in chips)
Seat 3: 7ca8c593 ($4.1 in chips)
Seat 4: Hero ($11.48 in chips)
Seat 5: b378e747 ($3.18 in chips)
Seat 6: 7d6aafa4 ($2.5 in chips)
7ca8c593: posts small blind $0.02
Hero: posts big blind $0.05
*** HOLE CARDS ***
Dealt to 96a9fb4 
Dealt to e6a694af 
Dealt to 7ca8c593 
Dealt to Hero [2c Kd]
Dealt to b378e747 
Dealt to 7d6aafa4 
b378e747: raises $0.05 to $0.1
7d6aafa4: raises $0.21 to $0.31
96a9fb4: folds
e6a694af: folds
7ca8c593: folds
Hero: folds
b378e747: calls $0.21
*** FLOP *** [6d Kh 4d]
b378e747: checks
7d6aafa4: bets $0.23
b378e747: calls $0.23
*** TURN *** [6d Kh 4d] [Qd]
b378e747: checks
7d6aafa4: checks
*** RIVER *** [6d Kh 4d Qd] [Jd]
b378e747: checks
7d6aafa4: checks
b378e747: shows [4s 5s] (Pair of Fours)
7d6aafa4: shows [9d 9c] (Queen High Flush)
*** SHOWDOWN ***
7d6aafa4 collected $1.1 from pot
*** SUMMARY ***
Total pot $1.15 | Rake $0.05 | Jackpot $0 | Bingo $0 | Fortune $0
Board [6d Kh 4d Qd Jd]
Seat 1: 96a9fb4 folded before Flop (didn't bet)
Seat 2: e6a694af (button) folded before Flop (didn't bet)
Seat 3: 7ca8c593 (small blind) folded before Flop
Seat 4: Hero (big blind) folded before Flop
Seat 5: b378e747 showed [4s 5s] and lost with Pair of Fours
Seat 6: 7d6aafa4 showed [9d 9c] and won ($1.1) with Queen High Flush


Poker Hand #HD1160275045: Hold'em No Limit  ($0.02/$0.05) - 2023/03/14 20:41:54
Table 'NLHBlue55' 6-max Seat #1 is the button
Seat 1: 96a9fb4 ($5.07 in chips)
Seat 2: e6a694af ($6.46 in chips)
Seat 3: 7ca8c593 ($4.15 in chips)
Seat 4: Hero ($11.48 in chips)
Seat 5: b378e747 ($3.18 in chips)
Seat 6: 7d6aafa4 ($2.5 in chips)
e6a694af: posts small blind $0.02
7ca8c593: posts big blind $0.05
*** HOLE CARDS ***
Dealt to 96a9fb4 
Dealt to e6a694af 
Dealt to 7ca8c593 
Dealt to Hero [Jc Qs]
Dealt to b378e747 
Dealt to 7d6aafa4 
Hero: folds
b378e747: folds
7d6aafa4: folds
96a9fb4: raises $0.08 to $0.13
e6a694af: folds
7ca8c593: folds
Uncalled bet ($0.08) returned to 96a9fb4
*** SHOWDOWN ***
96a9fb4 collected $0.12 from pot
*** SUMMARY ***
Total pot $0.12 | Rake $0 | Jackpot $0 | Bingo $0 | Fortune $0
Seat 1: 96a9fb4 (button) collected ($0.12)
Seat 2: e6a694af (small blind) folded before Flop
Seat 3: 7ca8c593 (big blind) folded before Flop
Seat 4: Hero folded before Flop (didn't bet)
Seat 5: b378e747 folded before Flop (didn't bet)
Seat 6: 7d6aafa4 folded before Flop (didn't bet)


Poker Hand #HD1160274999: Hold'em No Limit  ($0.02/$0.05) - 2023/03/14 20:41:36
Table 'NLHBlue55' 6-max Seat #6 is the button
Seat 1: 96a9fb4 ($5.09 in chips)
Seat 2: e6a694af ($6.44 in chips)
Seat 3: 7ca8c593 ($4.15 in chips)
Seat 4: Hero ($11.48 in chips)
Seat 5: b378e747 ($3.18 in chips)
Seat 6: 7d6aafa4 ($2.5 in chips)
96a9fb4: posts small blind $0.02
e6a694af: posts big blind $0.05
*** HOLE CARDS ***
Dealt to 96a9fb4 
Dealt to e6a694af 
Dealt to 7ca8c593 
Dealt to Hero [6d 5c]
Dealt to b378e747 
Dealt to 7d6aafa4 
7ca8c593: folds
Hero: folds
b378e747: folds
7d6aafa4: folds
96a9fb4: folds
Uncalled bet ($0.03) returned to e6a694af
*** SHOWDOWN ***
e6a694af collected $0.04 from pot
*** SUMMARY ***
Total pot $0.04 | Rake $0 | Jackpot $0 | Bingo $0 | Fortune $0
Seat 1: 96a9fb4 (small blind) folded before Flop
Seat 2: e6a694af (big blind) collected ($0.04)
Seat 3: 7ca8c593 folded before Flop (didn't bet)
Seat 4: Hero folded before Flop (didn't bet)
Seat 5: b378e747 folded before Flop (didn't bet)
Seat 6: 7d6aafa4 (button) folded before Flop (didn't bet)


Poker Hand #HD1160274904: Hold'em No Limit  ($0.02/$0.05) - 2023/03/14 20:40:56
Table 'NLHBlue55' 6-max Seat #5 is the button
Seat 1: 96a9fb4 ($5.14 in chips)
Seat 2: e6a694af ($6.44 in chips)
Seat 3: 7ca8c593 ($4.15 in chips)
Seat 4: Hero ($10.06 in chips)
Seat 5: b378e747 ($4.73 in chips)
Seat 6: 7d6aafa4 ($2.52 in chips)
7d6aafa4: posts small blind $0.02
96a9fb4: posts big blind $0.05
*** HOLE CARDS ***
Dealt to 96a9fb4 
Dealt to e6a694af 
Dealt to 7ca8c593 
Dealt to Hero [Js Kd]
Dealt to b378e747 
Dealt to 7d6aafa4 
e6a694af: folds
7ca8c593: folds
Hero: raises $0.07 to $0.12
b378e747: calls $0.12
7d6aafa4: folds
96a9fb4: folds
*** FLOP *** [Tc 8c Qh]
Hero: bets $0.24
b378e747: calls $0.24
*** TURN *** [Tc 8c Qh] [7s]
Hero: checks
b378e747: checks
*** RIVER *** [Tc 8c Qh 7s] [9d]
Hero: bets $1.19
b378e747: calls $1.19
Hero: shows [Js Kd] (Kings-High Straight)
b378e747: shows [6h Th] (Tens-High Straight)
*** SHOWDOWN ***
Hero collected $2.97 from pot
*** SUMMARY ***
Total pot $3.17 | Rake $0.15 | Jackpot $0.05 | Bingo $0 | Fortune $0
Board [Tc 8c Qh 7s 9d]
Seat 1: 96a9fb4 (big blind) folded before Flop
Seat 2: e6a694af folded before Flop (didn't bet)
Seat 3: 7ca8c593 folded before Flop (didn't bet)
Seat 4: Hero showed [Js Kd] and won ($2.97) with Kings-High Straight
Seat 5: b378e747 (button) showed [6h Th] and lost with Tens-High Straight
Seat 6: 7d6aafa4 (small blind) folded before Flop


Poker Hand #HD1160274818: Hold'em No Limit  ($0.02/$0.05) - 2023/03/14 20:40:19
Table 'NLHBlue55' 6-max Seat #4 is the button
Seat 1: 96a9fb4 ($5.14 in chips)
Seat 2: e6a694af ($6.44 in chips)
Seat 3: 7ca8c593 ($4.15 in chips)
Seat 4: Hero ($10.18 in chips)
Seat 5: b378e747 ($4.85 in chips)
Seat 6: 7d6aafa4 ($2.29 in chips)
b378e747: posts small blind $0.02
7d6aafa4: posts big blind $0.05
*** HOLE CARDS ***
Dealt to 96a9fb4 
Dealt to e6a694af 
Dealt to 7ca8c593 
Dealt to Hero [8c 6c]
Dealt to b378e747 
Dealt to 7d6aafa4 
96a9fb4: folds
e6a694af: folds
7ca8c593: folds
Hero: raises $0.07 to $0.12
b378e747: calls $0.1
7d6aafa4: raises $2.17 to $2.29 and is all-in
Hero: folds
b378e747: folds
Uncalled bet ($2.17) returned to 7d6aafa4
*** SHOWDOWN ***
7d6aafa4 collected $0.35 from pot
*** SUMMARY ***
Total pot $0.36 | Rake $0.01 | Jackpot $0 | Bingo $0 | Fortune $0
Seat 1: 96a9fb4 folded before Flop (didn't bet)
Seat 2: e6a694af folded before Flop (didn't bet)
Seat 3: 7ca8c593 folded before Flop (didn't bet)
Seat 4: Hero (button) folded before Flop
Seat 5: b378e747 (small blind) folded before Flop
Seat 6: 7d6aafa4 (big blind) collected ($0.35)


Poker Hand #HD1160274748: Hold'em No Limit  ($0.02/$0.05) - 2023/03/14 20:39:46
Table 'NLHBlue55' 6-max Seat #3 is the button
Seat 1: 96a9fb4 ($5.14 in chips)
Seat 2: e6a694af ($6.49 in chips)
Seat 3: 7ca8c593 ($4.15 in chips)
Seat 4: Hero ($10.2 in chips)
Seat 5: b378e747 ($4.78 in chips)
Seat 6: 7d6aafa4 ($2.29 in chips)
Hero: posts small blind $0.02
b378e747: posts big blind $0.05
*** HOLE CARDS ***
Dealt to 96a9fb4 
Dealt to e6a694af 
Dealt to 7ca8c593 
Dealt to Hero [6s Ah]
Dealt to b378e747 
Dealt to 7d6aafa4 
7d6aafa4: folds
96a9fb4: folds
e6a694af: calls $0.05
7ca8c593: folds
Hero: folds
b378e747: raises $0.12 to $0.17
e6a694af: folds
Uncalled bet ($0.12) returned to b378e747
*** SHOWDOWN ***
b378e747 collected $0.12 from pot
*** SUMMARY ***
Total pot $0.12 | Rake $0 | Jackpot $0 | Bingo $0 | Fortune $0
Seat 1: 96a9fb4 folded before Flop (didn't bet)
Seat 2: e6a694af folded before Flop
Seat 3: 7ca8c593 (button) folded before Flop (didn't bet)
Seat 4: Hero (small blind) folded before Flop
Seat 5: b378e747 (big blind) collected ($0.12)
Seat 6: 7d6aafa4 folded before Flop (didn't bet)


Poker Hand #HD1160274658: Hold'em No Limit  ($0.02/$0.05) - 2023/03/14 20:39:04
Table 'NLHBlue55' 6-max Seat #2 is the button
Seat 1: 96a9fb4 ($5.14 in chips)
Seat 2: e6a694af ($6.49 in chips)
Seat 3: 7ca8c593 ($4.17 in chips)
Seat 4: Hero ($10.08 in chips)
Seat 5: b378e747 ($4.89 in chips)
Seat 6: 7d6aafa4 ($2.29 in chips)
7ca8c593: posts small blind $0.02
Hero: posts big blind $0.05
*** HOLE CARDS ***
Dealt to 96a9fb4 
Dealt to e6a694af 
Dealt to 7ca8c593 
Dealt to Hero [3s 9s]
Dealt to b378e747 
Dealt to 7d6aafa4 
b378e747: calls $0.05
7d6aafa4: folds
96a9fb4: folds
e6a694af: folds
7ca8c593: folds
Hero: checks
*** FLOP *** [2c Qs 2s]
Hero: checks
b378e747: checks
*** TURN *** [2c Qs 2s] [6s]
Hero: bets $0.06
b378e747: calls $0.06
*** RIVER *** [2c Qs 2s 6s] [7s]
Hero: checks
b378e747: checks
Hero: shows [3s 9s] (Queen High Flush)
b378e747: shows [4h 8h] (Pair of Twos)
*** SHOWDOWN ***
Hero collected $0.23 from pot
*** SUMMARY ***
Total pot $0.24 | Rake $0.01 | Jackpot $0 | Bingo $0 | Fortune $0
Board [2c Qs 2s 6s 7s]
Seat 1: 96a9fb4 folded before Flop (didn't bet)
Seat 2: e6a694af (button) folded before Flop (didn't bet)
Seat 3: 7ca8c593 (small blind) folded before Flop
Seat 4: Hero (big blind) showed [3s 9s] and won ($0.23) with Queen High Flush
Seat 5: b378e747 showed [4h 8h] and lost with Pair of Twos
Seat 6: 7d6aafa4 folded before Flop (didn't bet)


Poker Hand #HD1160274566: Hold'em No Limit  ($0.02/$0.05) - 2023/03/14 20:38:25
Table 'NLHBlue55' 6-max Seat #1 is the button
Seat 1: 96a9fb4 ($5 in chips)
Seat 2: e6a694af ($6.51 in chips)
Seat 3: 7ca8c593 ($4.3 in chips)
Seat 4: Hero ($10.08 in chips)
Seat 5: b378e747 ($4.89 in chips)
Seat 6: 7d6aafa4 ($2.29 in chips)
e6a694af: posts small blind $0.02
7ca8c593: posts big blind $0.05
*** HOLE CARDS ***
Dealt to 96a9fb4 
Dealt to e6a694af 
Dealt to 7ca8c593 
Dealt to Hero [3d 7h]
Dealt to b378e747 
Dealt to 7d6aafa4 
Hero: folds
b378e747: folds
7d6aafa4: folds
96a9fb4: raises $0.08 to $0.13
e6a694af: folds
7ca8c593: calls $0.08
*** FLOP *** [Ah 5c 3s]
7ca8c593: checks
96a9fb4: bets $0.1
7ca8c593: folds
Uncalled bet ($0.1) returned to 96a9fb4
*** SHOWDOWN ***
96a9fb4 collected $0.27 from pot
*** SUMMARY ***
Total pot $0.28 | Rake $0.01 | Jackpot $0 | Bingo $0 | Fortune $0
Board [Ah 5c 3s]
Seat 1: 96a9fb4 (button) won ($0.27)
Seat 2: e6a694af (small blind) folded before Flop
Seat 3: 7ca8c593 (big blind) folded on the Flop
Seat 4: Hero folded before Flop (didn't bet)
Seat 5: b378e747 folded before Flop (didn't bet)
Seat 6: 7d6aafa4 folded before Flop (didn't bet)


Poker Hand #HD1160274374: Hold'em No Limit  ($0.02/$0.05) - 2023/03/14 20:37:09
Table 'NLHBlue55' 6-max Seat #6 is the button
Seat 1: 96a9fb4 ($5.46 in chips)
Seat 2: e6a694af ($5.28 in chips)
Seat 3: 7ca8c593 ($4.3 in chips)
Seat 4: Hero ($10.08 in chips)
Seat 5: b378e747 ($4.89 in chips)
Seat 6: 7d6aafa4 ($2.29 in chips)
96a9fb4: posts small blind $0.02
e6a694af: posts big blind $0.05
*** HOLE CARDS ***
Dealt to 96a9fb4 
Dealt to e6a694af 
Dealt to 7ca8c593 
Dealt to Hero [2h 8s]
Dealt to b378e747 
Dealt to 7d6aafa4 
7ca8c593: folds
Hero: folds
b378e747: folds
7d6aafa4: folds
96a9fb4: raises $0.1 to $0.15
e6a694af: raises $0.15 to $0.3
96a9fb4: calls $0.15
*** FLOP *** [2s Jd Ts]
96a9fb4: checks
e6a694af: bets $0.2
96a9fb4: calls $0.2
*** TURN *** [2s Jd Ts] [6h]
96a9fb4: checks
e6a694af: checks
*** RIVER *** [2s Jd Ts 6h] [5d]
96a9fb4: bets $0.92
e6a694af: raises $0.94 to $1.86
96a9fb4: folds
Uncalled bet ($0.94) returned to e6a694af
*** SHOWDOWN ***
e6a694af collected $2.65 from pot
*** SUMMARY ***
Total pot $2.84 | Rake $0.14 | Jackpot $0.05 | Bingo $0 | Fortune $0
Board [2s Jd Ts 6h 5d]
Seat 1: 96a9fb4 (small blind) folded on the River
Seat 2: e6a694af (big blind) won ($2.65)
Seat 3: 7ca8c593 folded before Flop (didn't bet)
Seat 4: Hero folded before Flop (didn't bet)
Seat 5: b378e747 folded before Flop (didn't bet)
Seat 6: 7d6aafa4 (button) folded before Flop (didn't bet)


Poker Hand #HD1160274258: Hold'em No Limit  ($0.02/$0.05) - 2023/03/14 20:36:20
Table 'NLHBlue55' 6-max Seat #5 is the button
Seat 1: 96a9fb4 ($5.51 in chips)
Seat 2: e6a694af ($4.96 in chips)
Seat 3: 7ca8c593 ($4.3 in chips)
Seat 4: Hero ($10.08 in chips)
Seat 5: b378e747 ($5.17 in chips)
Seat 6: 7d6aafa4 ($2.31 in chips)
7d6aafa4: posts small blind $0.02
96a9fb4: posts big blind $0.05
*** HOLE CARDS ***
Dealt to 96a9fb4 
Dealt to e6a694af 
Dealt to 7ca8c593 
Dealt to Hero [Jd 3d]
Dealt to b378e747 
Dealt to 7d6aafa4 
e6a694af: raises $0.05 to $0.1
7ca8c593: folds
Hero: folds
b378e747: raises $0.05 to $0.15
7d6aafa4: folds
96a9fb4: folds
e6a694af: raises $0.13 to $0.28
b378e747: calls $0.13
*** FLOP *** [8h Qd 4h]
e6a694af: bets $0.32
b378e747: folds
Uncalled bet ($0.32) returned to e6a694af
*** SHOWDOWN ***
e6a694af collected $0.6 from pot
*** SUMMARY ***
Total pot $0.63 | Rake $0.03 | Jackpot $0 | Bingo $0 | Fortune $0
Board [8h Qd 4h]
Seat 1: 96a9fb4 (big blind) folded before Flop
Seat 2: e6a694af won ($0.6)
Seat 3: 7ca8c593 folded before Flop (didn't bet)
Seat 4: Hero folded before Flop (didn't bet)
Seat 5: b378e747 (button) folded on the Flop
Seat 6: 7d6aafa4 (small blind) folded before Flop


Poker Hand #HD1160274146: Hold'em No Limit  ($0.02/$0.05) - 2023/03/14 20:35:28
Table 'NLHBlue55' 6-max Seat #4 is the button
Seat 1: 96a9fb4 ($5.51 in chips)
Seat 2: e6a694af ($5.01 in chips)
Seat 3: 7ca8c593 ($5 in chips)
Seat 4: Hero ($10.08 in chips)
Seat 5: b378e747 ($4.49 in chips)
Seat 6: 7d6aafa4 ($2.36 in chips)
b378e747: posts small blind $0.02
7d6aafa4: posts big blind $0.05
*** HOLE CARDS ***
Dealt to 96a9fb4 
Dealt to e6a694af 
Dealt to 7ca8c593 
Dealt to Hero [6d 9d]
Dealt to b378e747 
Dealt to 7d6aafa4 
96a9fb4: folds
e6a694af: calls $0.05
7ca8c593: raises $0.17 to $0.22
Hero: folds
b378e747: calls $0.2
7d6aafa4: folds
e6a694af: folds
*** FLOP *** [7d 7s 8d]
b378e747: checks
7ca8c593: bets $0.18
b378e747: calls $0.18
*** TURN *** [7d 7s 8d] [6s]
b378e747: bets $0.3
7ca8c593: calls $0.3
*** RIVER *** [7d 7s 8d 6s] [4d]
b378e747: bets $0.75
7ca8c593: folds
Uncalled bet ($0.75) returned to b378e747
*** SHOWDOWN ***
b378e747 collected $1.38 from pot
*** SUMMARY ***
Total pot $1.5 | Rake $0.07 | Jackpot $0.05 | Bingo $0 | Fortune $0
Board [7d 7s 8d 6s 4d]
Seat 1: 96a9fb4 folded before Flop (didn't bet)
Seat 2: e6a694af folded before Flop
Seat 3: 7ca8c593 folded on the River
Seat 4: Hero (button) folded before Flop (didn't bet)
Seat 5: b378e747 (small blind) won ($1.38)
Seat 6: 7d6aafa4 (big blind) folded before Flop


Poker Hand #HD1160274110: Hold'em No Limit  ($0.02/$0.05) - 2023/03/14 20:35:12
Table 'NLHBlue55' 6-max Seat #3 is the button
Seat 1: 96a9fb4 ($5.51 in chips)
Seat 2: e6a694af ($5.01 in chips)
Seat 3: 7ca8c593 ($5 in chips)
Seat 4: Hero ($10.1 in chips)
Seat 5: b378e747 ($4.47 in chips)
Seat 6: 7d6aafa4 ($2.36 in chips)
Hero: posts small blind $0.02
b378e747: posts big blind $0.05
*** HOLE CARDS ***
Dealt to 96a9fb4 
Dealt to e6a694af 
Dealt to 7ca8c593 
Dealt to Hero [8d 3d]
Dealt to b378e747 
Dealt to 7d6aafa4 
7d6aafa4: folds
96a9fb4: folds
e6a694af: folds
7ca8c593: folds
Hero: folds
Uncalled bet ($0.03) returned to b378e747
*** SHOWDOWN ***
b378e747 collected $0.04 from pot
*** SUMMARY ***
Total pot $0.04 | Rake $0 | Jackpot $0 | Bingo $0 | Fortune $0
Seat 1: 96a9fb4 folded before Flop (didn't bet)
Seat 2: e6a694af folded before Flop (didn't bet)
Seat 3: 7ca8c593 (button) folded before Flop (didn't bet)
Seat 4: Hero (small blind) folded before Flop
Seat 5: b378e747 (big blind) collected ($0.04)
Seat 6: 7d6aafa4 folded before Flop (didn't bet)


Poker Hand #HD1160273990: Hold'em No Limit  ($0.02/$0.05) - 2023/03/14 20:34:12
Table 'NLHBlue55' 6-max Seat #2 is the button
Seat 1: 96a9fb4 ($5.22 in chips)
Seat 2: e6a694af ($5.25 in chips)
Seat 3: 7ca8c593 ($5.02 in chips)
Seat 4: Hero ($10.15 in chips)
Seat 5: b378e747 ($4.47 in chips)
Seat 6: 7d6aafa4 ($2.36 in chips)
7ca8c593: posts small blind $0.02
Hero: posts big blind $0.05
*** HOLE CARDS ***
Dealt to 96a9fb4 
Dealt to e6a694af 
Dealt to 7ca8c593 
Dealt to Hero [3h 9s]
Dealt to b378e747 
Dealt to 7d6aafa4 
b378e747: folds
7d6aafa4: folds
96a9fb4: raises $0.08 to $0.13
e6a694af: calls $0.13
7ca8c593: folds
Hero: folds
*** FLOP *** [9c 3d 5d]
96a9fb4: checks
e6a694af: bets $0.11
96a9fb4: calls $0.11
*** TURN *** [9c 3d 5d] [Qd]
96a9fb4: checks
e6a694af: checks
*** RIVER *** [9c 3d 5d Qd] [Tc]
96a9fb4: bets $0.37
e6a694af: folds
Uncalled bet ($0.37) returned to 96a9fb4
*** SHOWDOWN ***
96a9fb4 collected $0.53 from pot
*** SUMMARY ***
Total pot $0.55 | Rake $0.02 | Jackpot $0 | Bingo $0 | Fortune $0
Board [9c 3d 5d Qd Tc]
Seat 1: 96a9fb4 won ($0.53)
Seat 2: e6a694af (button) folded on the River
Seat 3: 7ca8c593 (small blind) folded before Flop
Seat 4: Hero (big blind) folded before Flop
Seat 5: b378e747 folded before Flop (didn't bet)
Seat 6: 7d6aafa4 folded before Flop (didn't bet)


Poker Hand #HD1160273959: Hold'em No Limit  ($0.02/$0.05) - 2023/03/14 20:34:01
Table 'NLHBlue55' 6-max Seat #1 is the button
Seat 1: 96a9fb4 ($5.22 in chips)
Seat 2: e6a694af ($5.27 in chips)
Seat 3: 7ca8c593 ($5 in chips)
Seat 4: Hero ($10.15 in chips)
Seat 5: b378e747 ($4.47 in chips)
Seat 6: 7d6aafa4 ($2.36 in chips)
e6a694af: posts small blind $0.02
7ca8c593: posts big blind $0.05
*** HOLE CARDS ***
Dealt to 96a9fb4 
Dealt to e6a694af 
Dealt to 7ca8c593 
Dealt to Hero [6h Qd]
Dealt to b378e747 
Dealt to 7d6aafa4 
Hero: folds
b378e747: folds
7d6aafa4: folds
96a9fb4: folds
e6a694af: folds
Uncalled bet ($0.03) returned to 7ca8c593
*** SHOWDOWN ***
7ca8c593 collected $0.04 from pot
*** SUMMARY ***
Total pot $0.04 | Rake $0 | Jackpot $0 | Bingo $0 | Fortune $0
Seat 1: 96a9fb4 (button) folded before Flop (didn't bet)
Seat 2: e6a694af (small blind) folded before Flop
Seat 3: 7ca8c593 (big blind) collected ($0.04)
Seat 4: Hero folded before Flop (didn't bet)
Seat 5: b378e747 folded before Flop (didn't bet)
Seat 6: 7d6aafa4 folded before Flop (didn't bet)


Poker Hand #HD1160273840: Hold'em No Limit  ($0.02/$0.05) - 2023/03/14 20:33:07
Table 'NLHBlue55' 6-max Seat #6 is the button
Seat 1: 96a9fb4 ($5.24 in chips)
Seat 2: e6a694af ($5.58 in chips)
Seat 4: Hero ($10.15 in chips)
Seat 5: b378e747 ($4.17 in chips)
Seat 6: 7d6aafa4 ($2.36 in chips)
96a9fb4: posts small blind $0.02
e6a694af: posts big blind $0.05
*** HOLE CARDS ***
Dealt to 96a9fb4 
Dealt to e6a694af 
Dealt to Hero [7s Th]
Dealt to b378e747 
Dealt to 7d6aafa4 
Hero: folds
b378e747: calls $0.05
7d6aafa4: folds
96a9fb4: folds
e6a694af: raises $0.1 to $0.15
b378e747: calls $0.1
*** FLOP *** [6c 6d 8h]
e6a694af: checks
b378e747: checks
*** TURN *** [6c 6d 8h] [3d]
e6a694af: bets $0.16
b378e747: raises $0.32 to $0.48
e6a694af: folds
Uncalled bet ($0.32) returned to b378e747
*** SHOWDOWN ***
b378e747 collected $0.61 from pot
*** SUMMARY ***
Total pot $0.64 | Rake $0.03 | Jackpot $0 | Bingo $0 | Fortune $0
Board [6c 6d 8h 3d]
Seat 1: 96a9fb4 (small blind) folded before Flop
Seat 2: e6a694af (big blind) folded on the Turn
Seat 4: Hero folded before Flop (didn't bet)
Seat 5: b378e747 won ($0.61)
Seat 6: 7d6aafa4 (button) folded before Flop (didn't bet)


Poker Hand #HD1160273778: Hold'em No Limit  ($0.02/$0.05) - 2023/03/14 20:32:39
Table 'NLHBlue55' 6-max Seat #5 is the button
Seat 1: 96a9fb4 ($5.29 in chips)
Seat 2: e6a694af ($5.63 in chips)
Seat 4: Hero ($10.15 in chips)
Seat 5: b378e747 ($4.05 in chips)
Seat 6: 7d6aafa4 ($2.38 in chips)
7d6aafa4: posts small blind $0.02
96a9fb4: posts big blind $0.05
*** HOLE CARDS ***
Dealt to 96a9fb4 
Dealt to e6a694af 
Dealt to Hero [5s 6h]
Dealt to b378e747 
Dealt to 7d6aafa4 
e6a694af: calls $0.05
Hero: folds
b378e747: raises $0.13 to $0.18
7d6aafa4: folds
96a9fb4: folds
e6a694af: folds
Uncalled bet ($0.13) returned to b378e747
*** SHOWDOWN ***
b378e747 collected $0.17 from pot
*** SUMMARY ***
Total pot $0.17 | Rake $0 | Jackpot $0 | Bingo $0 | Fortune $0
Seat 1: 96a9fb4 (big blind) folded before Flop
Seat 2: e6a694af folded before Flop
Seat 4: Hero folded before Flop (didn't bet)
Seat 5: b378e747 (button) collected ($0.17)
Seat 6: 7d6aafa4 (small blind) folded before Flop


Poker Hand #HD1160273690: Hold'em No Limit  ($0.02/$0.05) - 2023/03/14 20:31:59
Table 'NLHBlue55' 6-max Seat #4 is the button
Seat 1: 96a9fb4 ($5.29 in chips)
Seat 2: e6a694af ($5.46 in chips)
Seat 4: Hero ($10.15 in chips)
Seat 5: b378e747 ($4.18 in chips)
Seat 6: 7d6aafa4 ($2.43 in chips)
b378e747: posts small blind $0.02
7d6aafa4: posts big blind $0.05
*** HOLE CARDS ***
Dealt to 96a9fb4 
Dealt to e6a694af 
Dealt to Hero [9h 7d]
Dealt to b378e747 
Dealt to 7d6aafa4 
96a9fb4: folds
e6a694af: calls $0.05
Hero: folds
b378e747: raises $0.08 to $0.13
7d6aafa4: folds
e6a694af: calls $0.08
*** FLOP *** [9s 9c 3c]
b378e747: checks
e6a694af: bets $0.11
b378e747: folds
Uncalled bet ($0.11) returned to e6a694af
*** SHOWDOWN ***
e6a694af collected $0.3 from pot
*** SUMMARY ***
Total pot $0.31 | Rake $0.01 | Jackpot $0 | Bingo $0 | Fortune $0
Board [9s 9c 3c]
Seat 1: 96a9fb4 folded before Flop (didn't bet)
Seat 2: e6a694af won ($0.3)
Seat 4: Hero (button) folded before Flop (didn't bet)
Seat 5: b378e747 (small blind) folded on the Flop
Seat 6: 7d6aafa4 (big blind) folded before Flop


Poker Hand #HD1160273572: Hold'em No Limit  ($0.02/$0.05) - 2023/03/14 20:31:11
Table 'NLHBlue55' 6-max Seat #2 is the button
Seat 1: 96a9fb4 ($5.29 in chips)
Seat 2: e6a694af ($5.14 in chips)
Seat 4: Hero ($10.25 in chips)
Seat 5: b378e747 ($4.43 in chips)
Seat 6: 7d6aafa4 ($2.43 in chips)
Hero: posts small blind $0.02
b378e747: posts big blind $0.05
*** HOLE CARDS ***
Dealt to 96a9fb4 
Dealt to e6a694af 
Dealt to Hero [9d Ad]
Dealt to b378e747 
Dealt to 7d6aafa4 
7d6aafa4: folds
96a9fb4: folds
e6a694af: raises $0.05 to $0.1
Hero: calls $0.08
b378e747: calls $0.05
*** FLOP *** [5c 5h Jd]
Hero: checks
b378e747: checks
e6a694af: bets $0.15
Hero: folds
b378e747: calls $0.15
*** TURN *** [5c 5h Jd] [3s]
b378e747: checks
e6a694af: bets $0.3
b378e747: folds
Uncalled bet ($0.3) returned to e6a694af
*** SHOWDOWN ***
e6a694af collected $0.57 from pot
*** SUMMARY ***
Total pot $0.6 | Rake $0.03 | Jackpot $0 | Bingo $0 | Fortune $0
Board [5c 5h Jd 3s]
Seat 1: 96a9fb4 folded before Flop (didn't bet)
Seat 2: e6a694af (button) won ($0.57)
Seat 4: Hero (small blind) folded on the Flop
Seat 5: b378e747 (big blind) folded on the Turn
Seat 6: 7d6aafa4 folded before Flop (didn't bet)


Poker Hand #HD1160273440: Hold'em No Limit  ($0.02/$0.05) - 2023/03/14 20:30:12
Table 'NLHBlue55' 6-max Seat #1 is the button
Seat 1: 96a9fb4 ($5.29 in chips)
Seat 2: e6a694af ($5.16 in chips)
Seat 3: 7ca8c593 ($4.95 in chips)
Seat 4: Hero ($5.82 in chips)
Seat 5: b378e747 ($4.43 in chips)
Seat 6: 7d6aafa4 ($2.43 in chips)
e6a694af: posts small blind $0.02
7ca8c593: posts big blind $0.05
*** HOLE CARDS ***
Dealt to 96a9fb4 
Dealt to e6a694af 
Dealt to 7ca8c593 
Dealt to Hero [5s 5h]
Dealt to b378e747 
Dealt to 7d6aafa4 
Hero: raises $0.07 to $0.12
b378e747: folds
7d6aafa4: folds
96a9fb4: folds
e6a694af: folds
7ca8c593: calls $0.07
*** FLOP *** [4s Ad 7d]
7ca8c593: checks
Hero: bets $0.14
7ca8c593: calls $0.14
*** TURN *** [4s Ad 7d] [6c]
7ca8c593: checks
Hero: checks
*** RIVER *** [4s Ad 7d 6c] [3c]
7ca8c593: bets $1.45
Hero: raises $4.11 to $5.56 and is all-in
7ca8c593: calls $3.24 and is all-in
Uncalled bet ($0.87) returned to Hero
Hero: shows [5s 5h] (Sevens-High Straight)
7ca8c593: shows [4d 4h] (Three Fours)
*** SHOWDOWN ***
Hero collected $9.38 from pot
*** SUMMARY ***
Total pot $9.92 | Rake $0.49 | Jackpot $0.05 | Bingo $0 | Fortune $0
Board [4s Ad 7d 6c 3c]
Seat 1: 96a9fb4 (button) folded before Flop (didn't bet)
Seat 2: e6a694af (small blind) folded before Flop
Seat 3: 7ca8c593 (big blind) showed [4d 4h] and lost with Three Fours
Seat 4: Hero showed [5s 5h] and won ($9.38) with Sevens-High Straight
Seat 5: b378e747 folded before Flop (didn't bet)
Seat 6: 7d6aafa4 folded before Flop (didn't bet)


Poker Hand #HD1160273414: Hold'em No Limit  ($0.02/$0.05) - 2023/03/14 20:29:58
Table 'NLHBlue55' 6-max Seat #6 is the button
Seat 1: 96a9fb4 ($5.31 in chips)
Seat 2: e6a694af ($5.21 in chips)
Seat 3: 7ca8c593 ($4.95 in chips)
Seat 4: Hero ($5.82 in chips)
Seat 5: b378e747 ($4.36 in chips)
Seat 6: 7d6aafa4 ($2.43 in chips)
96a9fb4: posts small blind $0.02
e6a694af: posts big blind $0.05
*** HOLE CARDS ***
Dealt to 96a9fb4 
Dealt to e6a694af 
Dealt to 7ca8c593 
Dealt to Hero [9h 3s]
Dealt to b378e747 
Dealt to 7d6aafa4 
7ca8c593: folds
Hero: folds
b378e747: raises $0.15 to $0.2
7d6aafa4: folds
96a9fb4: folds
e6a694af: folds
Uncalled bet ($0.15) returned to b378e747
*** SHOWDOWN ***
b378e747 collected $0.12 from pot
*** SUMMARY ***
Total pot $0.12 | Rake $0 | Jackpot $0 | Bingo $0 | Fortune $0
Seat 1: 96a9fb4 (small blind) folded before Flop
Seat 2: e6a694af (big blind) folded before Flop
Seat 3: 7ca8c593 folded before Flop (didn't bet)
Seat 4: Hero folded before Flop (didn't bet)
Seat 5: b378e747 collected ($0.12)
Seat 6: 7d6aafa4 (button) folded before Flop (didn't bet)


Poker Hand #HD1160273307: Hold'em No Limit  ($0.02/$0.05) - 2023/03/14 20:29:13
Table 'NLHBlue55' 6-max Seat #5 is the button
Seat 1: 96a9fb4 ($5.43 in chips)
Seat 2: e6a694af ($5.21 in chips)
Seat 3: 7ca8c593 ($4.95 in chips)
Seat 4: Hero ($5.57 in chips)
Seat 5: b378e747 ($4.48 in chips)
Seat 6: 7d6aafa4 ($2.45 in chips)
7d6aafa4: posts small blind $0.02
96a9fb4: posts big blind $0.05
*** HOLE CARDS ***
Dealt to 96a9fb4 
Dealt to e6a694af 
Dealt to 7ca8c593 
Dealt to Hero [8d 6d]
Dealt to b378e747 
Dealt to 7d6aafa4 
e6a694af: folds
7ca8c593: folds
Hero: raises $0.07 to $0.12
b378e747: calls $0.12
7d6aafa4: folds
96a9fb4: calls $0.07
*** FLOP *** [Jc 6c 6s]
96a9fb4: checks
Hero: bets $0.29
b378e747: folds
96a9fb4: folds
Uncalled bet ($0.29) returned to Hero
*** SHOWDOWN ***
Hero collected $0.37 from pot
*** SUMMARY ***
Total pot $0.38 | Rake $0.01 | Jackpot $0 | Bingo $0 | Fortune $0
Board [Jc 6c 6s]
Seat 1: 96a9fb4 (big blind) folded on the Flop
Seat 2: e6a694af folded before Flop (didn't bet)
Seat 3: 7ca8c593 folded before Flop (didn't bet)
Seat 4: Hero won ($0.37)
Seat 5: b378e747 (button) folded on the Flop
Seat 6: 7d6aafa4 (small blind) folded before Flop


Poker Hand #HD1160273185: Hold'em No Limit  ($0.02/$0.05) - 2023/03/14 20:28:20
Table 'NLHBlue55' 6-max Seat #4 is the button
Seat 1: 96a9fb4 ($5.43 in chips)
Seat 2: e6a694af ($5.21 in chips)
Seat 3: 7ca8c593 ($4.95 in chips)
Seat 4: Hero ($5.1 in chips)
Seat 5: b378e747 ($4.95 in chips)
Seat 6: 7d6aafa4 ($2.5 in chips)
b378e747: posts small blind $0.02
7d6aafa4: posts big blind $0.05
*** HOLE CARDS ***
Dealt to 96a9fb4 
Dealt to e6a694af 
Dealt to 7ca8c593 
Dealt to Hero [Qc Js]
Dealt to b378e747 
Dealt to 7d6aafa4 
96a9fb4: folds
e6a694af: folds
7ca8c593: folds
Hero: raises $0.07 to $0.12
b378e747: calls $0.1
7d6aafa4: folds
*** FLOP *** [7s Qd 2h]
b378e747: bets $0.15
Hero: calls $0.15
*** TURN *** [7s Qd 2h] [4c]
b378e747: bets $0.2
Hero: calls $0.2
*** RIVER *** [7s Qd 2h 4c] [6s]
b378e747: checks
Hero: checks
b378e747: shows [4d 5s] (Pair of Fours)
Hero: shows [Qc Js] (Pair of Queens)
*** SHOWDOWN ***
Hero collected $0.94 from pot
*** SUMMARY ***
Total pot $0.99 | Rake $0.05 | Jackpot $0 | Bingo $0 | Fortune $0
Board [7s Qd 2h 4c 6s]
Seat 1: 96a9fb4 folded before Flop (didn't bet)
Seat 2: e6a694af folded before Flop (didn't bet)
Seat 3: 7ca8c593 folded before Flop (didn't bet)
Seat 4: Hero (button) showed [Qc Js] and won ($0.94) with Pair of Queens
Seat 5: b378e747 (small blind) showed [4d 5s] and lost with Pair of Fours
Seat 6: 7d6aafa4 (big blind) folded before Flop


Poker Hand #HD1160273094: Hold'em No Limit  ($0.02/$0.05) - 2023/03/14 20:27:41
Table 'NLHBlue55' 6-max Seat #3 is the button
Seat 1: 96a9fb4 ($5.43 in chips)
Seat 2: e6a694af ($5.26 in chips)
Seat 3: 7ca8c593 ($4.95 in chips)
Seat 4: Hero ($5 in chips)
Seat 5: b378e747 ($5 in chips)
Seat 6: 7d6aafa4 ($2.5 in chips)
Hero: posts small blind $0.02
b378e747: posts big blind $0.05
*** HOLE CARDS ***
Dealt to 96a9fb4 
Dealt to e6a694af 
Dealt to 7ca8c593 
Dealt to Hero [7d 8d]
Dealt to b378e747 
Dealt to 7d6aafa4 
7d6aafa4: folds
96a9fb4: folds
e6a694af: calls $0.05
7ca8c593: folds
Hero: raises $0.21 to $0.26
b378e747: folds
e6a694af: folds
Uncalled bet ($0.21) returned to Hero
*** SHOWDOWN ***
Hero collected $0.15 from pot
*** SUMMARY ***
Total pot $0.15 | Rake $0 | Jackpot $0 | Bingo $0 | Fortune $0
Seat 1: 96a9fb4 folded before Flop (didn't bet)
Seat 2: e6a694af folded before Flop
Seat 3: 7ca8c593 (button) folded before Flop (didn't bet)
Seat 4: Hero (small blind) collected ($0.15)
Seat 5: b378e747 (big blind) folded before Flop
Seat 6: 7d6aafa4 folded before Flop (didn't bet)


Poker Hand #HD1160273026: Hold'em No Limit  ($0.02/$0.05) - 2023/03/14 20:27:13
Table 'NLHBlue55' 6-max Seat #2 is the button
Seat 1: 96a9fb4 ($5.36 in chips)
Seat 2: e6a694af ($5.26 in chips)
Seat 3: 7ca8c593 ($4.97 in chips)
Seat 4: Hero ($5 in chips)
Seat 5: 743b5ba2 ($5.07 in chips)
Seat 6: 7d6aafa4 ($2.5 in chips)
7ca8c593: posts small blind $0.02
Hero: posts big blind $0.05
*** HOLE CARDS ***
Dealt to 96a9fb4 
Dealt to e6a694af 
Dealt to 7ca8c593 
Dealt to Hero [9h 7d]
Dealt to 743b5ba2 
Dealt to 7d6aafa4 
743b5ba2: folds
7d6aafa4: folds
96a9fb4: raises $0.08 to $0.13
e6a694af: folds
7ca8c593: folds
Hero: folds
Uncalled bet ($0.08) returned to 96a9fb4
*** SHOWDOWN ***
96a9fb4 collected $0.12 from pot
*** SUMMARY ***
Total pot $0.12 | Rake $0 | Jackpot $0 | Bingo $0 | Fortune $0
Seat 1: 96a9fb4 collected ($0.12)
Seat 2: e6a694af (button) folded before Flop (didn't bet)
Seat 3: 7ca8c593 (small blind) folded before Flop
Seat 4: Hero (big blind) folded before Flop
Seat 5: 743b5ba2 folded before Flop (didn't bet)
Seat 6: 7d6aafa4 folded before Flop (didn't bet)


