Poker Hand #HD1186286385: Hold'em No Limit  ($0.02/$0.05) - 2023/04/02 13:34:26
Table 'NLHBlue22' 6-max Seat #1 is the button
Seat 1: b0166f75 ($5.13 in chips)
Seat 6: Hero ($5.16 in chips)
b0166f75: posts small blind $0.02
Hero: posts big blind $0.05
*** HOLE CARDS ***
Dealt to b0166f75 
Dealt to Hero [9s Td]
b0166f75: folds
Uncalled bet ($0.03) returned to Hero
*** SHOWDOWN ***
Hero collected $0.04 from pot
*** SUMMARY ***
Total pot $0.04 | Rake $0 | Jackpot $0 | Bingo $0 | Fortune $0
Seat 1: b0166f75 (small blind) folded before Flop
Seat 6: Hero (big blind) collected ($0.04)


Poker Hand #HD1186286366: Hold'em No Limit  ($0.02/$0.05) - 2023/04/02 13:34:19
Table 'NLHBlue22' 6-max Seat #6 is the button
Seat 1: b0166f75 ($5.18 in chips)
Seat 6: Hero ($5.11 in chips)
Hero: posts small blind $0.02
b0166f75: posts big blind $0.05
*** HOLE CARDS ***
Dealt to b0166f75 
Dealt to Hero [5h As]
Hero: raises $0.09 to $0.14
b0166f75: folds
Uncalled bet ($0.09) returned to Hero
*** SHOWDOWN ***
Hero collected $0.1 from pot
*** SUMMARY ***
Total pot $0.1 | Rake $0 | Jackpot $0 | Bingo $0 | Fortune $0
Seat 1: b0166f75 (big blind) folded before Flop
Seat 6: Hero (small blind) collected ($0.1)


Poker Hand #HD1186286352: Hold'em No Limit  ($0.02/$0.05) - 2023/04/02 13:34:10
Table 'NLHBlue22' 6-max Seat #1 is the button
Seat 1: b0166f75 ($5.13 in chips)
Seat 6: Hero ($5.16 in chips)
b0166f75: posts small blind $0.02
Hero: posts big blind $0.05
*** HOLE CARDS ***
Dealt to b0166f75 
Dealt to Hero [Kd 3s]
b0166f75: raises $0.08 to $0.13
Hero: folds
Uncalled bet ($0.08) returned to b0166f75
*** SHOWDOWN ***
b0166f75 collected $0.1 from pot
*** SUMMARY ***
Total pot $0.1 | Rake $0 | Jackpot $0 | Bingo $0 | Fortune $0
Seat 1: b0166f75 (small blind) collected ($0.1)
Seat 6: Hero (big blind) folded before Flop


Poker Hand #HD1186286342: Hold'em No Limit  ($0.02/$0.05) - 2023/04/02 13:34:04
Table 'NLHBlue22' 6-max Seat #6 is the button
Seat 1: b0166f75 ($5.11 in chips)
Seat 6: Hero ($5.18 in chips)
Hero: posts small blind $0.02
b0166f75: posts big blind $0.05
*** HOLE CARDS ***
Dealt to b0166f75 
Dealt to Hero [Kh 3d]
Hero: folds
Uncalled bet ($0.03) returned to b0166f75
*** SHOWDOWN ***
b0166f75 collected $0.04 from pot
*** SUMMARY ***
Total pot $0.04 | Rake $0 | Jackpot $0 | Bingo $0 | Fortune $0
Seat 1: b0166f75 (big blind) collected ($0.04)
Seat 6: Hero (small blind) folded before Flop


Poker Hand #HD1186286325: Hold'em No Limit  ($0.02/$0.05) - 2023/04/02 13:33:54
Table 'NLHBlue22' 6-max Seat #1 is the button
Seat 1: b0166f75 ($5.06 in chips)
Seat 6: Hero ($5.23 in chips)
b0166f75: posts small blind $0.02
Hero: posts big blind $0.05
*** HOLE CARDS ***
Dealt to b0166f75 
Dealt to Hero [8d 2d]
b0166f75: raises $0.08 to $0.13
Hero: folds
Uncalled bet ($0.08) returned to b0166f75
*** SHOWDOWN ***
b0166f75 collected $0.1 from pot
*** SUMMARY ***
Total pot $0.1 | Rake $0 | Jackpot $0 | Bingo $0 | Fortune $0
Seat 1: b0166f75 (small blind) collected ($0.1)
Seat 6: Hero (big blind) folded before Flop


Poker Hand #HD1186286243: Hold'em No Limit  ($0.02/$0.05) - 2023/04/02 13:33:02
Table 'NLHBlue22' 6-max Seat #6 is the button
Seat 1: b0166f75 ($5.2 in chips)
Seat 6: Hero ($5.1 in chips)
Hero: posts small blind $0.02
b0166f75: posts big blind $0.05
*** HOLE CARDS ***
Dealt to b0166f75 
Dealt to Hero [6c Ad]
Hero: raises $0.09 to $0.14
b0166f75: calls $0.09
*** FLOP *** [Ks Td 8s]
b0166f75: checks
Hero: checks
*** TURN *** [Ks Td 8s] [6h]
b0166f75: checks
Hero: checks
*** RIVER *** [Ks Td 8s 6h] [2s]
b0166f75: checks
Hero: checks
Hero: shows [6c Ad] (Pair of Sixes)
b0166f75: shows [9s Jd] (King-High)
*** SHOWDOWN ***
Hero collected $0.27 from pot
*** SUMMARY ***
Total pot $0.28 | Rake $0.01 | Jackpot $0 | Bingo $0 | Fortune $0
Board [Ks Td 8s 6h 2s]
Seat 1: b0166f75 (big blind) showed [9s Jd] and lost with King-High
Seat 6: Hero (small blind) showed [6c Ad] and won ($0.27) with Pair of Sixes


Poker Hand #HD1186286222: Hold'em No Limit  ($0.02/$0.05) - 2023/04/02 13:32:48
Table 'NLHBlue22' 6-max Seat #4 is the button
Seat 1: b0166f75 ($5.25 in chips)
Seat 4: 18efd4b5 ($4.91 in chips)
Seat 6: Hero ($5.05 in chips)
Hero: posts small blind $0.02
b0166f75: posts big blind $0.05
*** HOLE CARDS ***
Dealt to b0166f75 
Dealt to 18efd4b5 
Dealt to Hero [Th Qc]
18efd4b5: folds
Hero: raises $0.09 to $0.14
b0166f75: folds
Uncalled bet ($0.09) returned to Hero
*** SHOWDOWN ***
Hero collected $0.1 from pot
*** SUMMARY ***
Total pot $0.1 | Rake $0 | Jackpot $0 | Bingo $0 | Fortune $0
Seat 1: b0166f75 (big blind) folded before Flop
Seat 4: 18efd4b5 (button) folded before Flop (didn't bet)
Seat 6: Hero (small blind) collected ($0.1)


Poker Hand #HD1186286209: Hold'em No Limit  ($0.02/$0.05) - 2023/04/02 13:32:41
Table 'NLHBlue22' 6-max Seat #6 is the button
Seat 4: 18efd4b5 ($4.96 in chips)
Seat 6: Hero ($5 in chips)
Hero: posts small blind $0.02
18efd4b5: posts big blind $0.05
*** HOLE CARDS ***
Dealt to 18efd4b5 
Dealt to Hero [Jc Kd]
Hero: raises $0.09 to $0.14
18efd4b5: folds
Uncalled bet ($0.09) returned to Hero
*** SHOWDOWN ***
Hero collected $0.1 from pot
*** SUMMARY ***
Total pot $0.1 | Rake $0 | Jackpot $0 | Bingo $0 | Fortune $0
Seat 4: 18efd4b5 (big blind) folded before Flop
Seat 6: Hero (small blind) collected ($0.1)


Poker Hand #HD1186286146: Hold'em No Limit  ($0.02/$0.05) - 2023/04/02 13:32:08
Table 'NLHBlue22' 6-max Seat #4 is the button
Seat 1: b0166f75 ($5.25 in chips)
Seat 4: 18efd4b5 ($4.89 in chips)
Seat 5: e04fd392 ($5.02 in chips)
Seat 6: Hero ($5 in chips)
e04fd392: posts small blind $0.02
Hero: posts big blind $0.05
*** HOLE CARDS ***
Dealt to b0166f75 
Dealt to 18efd4b5 
Dealt to e04fd392 
Dealt to Hero [9d 2d]
b0166f75: folds
18efd4b5: calls $0.05
e04fd392: folds
Hero: checks
*** FLOP *** [Ks 9c Qs]
Hero: checks
18efd4b5: bets $0.12
Hero: folds
Uncalled bet ($0.12) returned to 18efd4b5
*** SHOWDOWN ***
18efd4b5 collected $0.12 from pot
*** SUMMARY ***
Total pot $0.12 | Rake $0 | Jackpot $0 | Bingo $0 | Fortune $0
Board [Ks 9c Qs]
Seat 1: b0166f75 folded before Flop (didn't bet)
Seat 4: 18efd4b5 (button) won ($0.12)
Seat 5: e04fd392 (small blind) folded before Flop
Seat 6: Hero (big blind) folded on the Flop


Poker Hand #HD1186286133: Hold'em No Limit  ($0.02/$0.05) - 2023/04/02 13:32:01
Table 'NLHBlue22' 6-max Seat #1 is the button
Seat 1: b0166f75 ($5.25 in chips)
Seat 4: 18efd4b5 ($4.91 in chips)
Seat 5: e04fd392 ($5 in chips)
Seat 6: Hero ($5 in chips)
18efd4b5: posts small blind $0.02
e04fd392: posts big blind $0.05
*** HOLE CARDS ***
Dealt to b0166f75 
Dealt to 18efd4b5 
Dealt to e04fd392 
Dealt to Hero [Kc 6s]
Hero: folds
b0166f75: folds
18efd4b5: folds
Uncalled bet ($0.03) returned to e04fd392
*** SHOWDOWN ***
e04fd392 collected $0.04 from pot
*** SUMMARY ***
Total pot $0.04 | Rake $0 | Jackpot $0 | Bingo $0 | Fortune $0
Seat 1: b0166f75 (button) folded before Flop (didn't bet)
Seat 4: 18efd4b5 (small blind) folded before Flop
Seat 5: e04fd392 (big blind) collected ($0.04)
Seat 6: Hero folded before Flop (didn't bet)


Poker Hand #HD1186286086: Hold'em No Limit  ($0.02/$0.05) - 2023/04/02 13:31:33
Table 'NLHBlue22' 6-max Seat #6 is the button
Seat 1: b0166f75 ($5.27 in chips)
Seat 4: 18efd4b5 ($4.89 in chips)
Seat 5: 9f907057 ($1.55 in chips)
Seat 6: Hero ($5 in chips)
b0166f75: posts small blind $0.02
18efd4b5: posts big blind $0.05
*** HOLE CARDS ***
Dealt to b0166f75 
Dealt to 18efd4b5 
Dealt to 9f907057 
Dealt to Hero [6s 4d]
9f907057: folds
Hero: folds
b0166f75: folds
Uncalled bet ($0.03) returned to 18efd4b5
*** SHOWDOWN ***
18efd4b5 collected $0.04 from pot
*** SUMMARY ***
Total pot $0.04 | Rake $0 | Jackpot $0 | Bingo $0 | Fortune $0
Seat 1: b0166f75 (small blind) folded before Flop
Seat 4: 18efd4b5 (big blind) collected ($0.04)
Seat 5: 9f907057 folded before Flop (didn't bet)
Seat 6: Hero (button) folded before Flop (didn't bet)


Poker Hand #HD1186286018: Hold'em No Limit  ($0.02/$0.05) - 2023/04/02 13:30:57
Table 'NLHBlue22' 6-max Seat #5 is the button
Seat 1: b0166f75 ($5.32 in chips)
Seat 4: 18efd4b5 ($4.77 in chips)
Seat 5: 9f907057 ($1.6 in chips)
Seat 6: Hero ($5 in chips)
Hero: posts small blind $0.02
b0166f75: posts big blind $0.05
*** HOLE CARDS ***
Dealt to b0166f75 
Dealt to 18efd4b5 
Dealt to 9f907057 
Dealt to Hero [Qd 4s]
18efd4b5: calls $0.05
9f907057: calls $0.05
Hero: folds
b0166f75: checks
*** FLOP *** [4d Qs Js]
b0166f75: checks
18efd4b5: bets $0.17
9f907057: folds
b0166f75: folds
Uncalled bet ($0.17) returned to 18efd4b5
*** SHOWDOWN ***
18efd4b5 collected $0.17 from pot
*** SUMMARY ***
Total pot $0.17 | Rake $0 | Jackpot $0 | Bingo $0 | Fortune $0
Board [4d Qs Js]
Seat 1: b0166f75 (big blind) folded on the Flop
Seat 4: 18efd4b5 won ($0.17)
Seat 5: 9f907057 (button) folded on the Flop
Seat 6: Hero (small blind) folded before Flop


Poker Hand #HD1186285960: Hold'em No Limit  ($0.02/$0.05) - 2023/04/02 13:30:22
Table 'NLHBlue22' 6-max Seat #4 is the button
Seat 1: b0166f75 ($5.32 in chips)
Seat 4: 18efd4b5 ($4.77 in chips)
Seat 5: 9f907057 ($1.42 in chips)
Seat 6: Hero ($5.2 in chips)
9f907057: posts small blind $0.02
Hero: posts big blind $0.05
*** HOLE CARDS ***
Dealt to b0166f75 
Dealt to 18efd4b5 
Dealt to 9f907057 
Dealt to Hero [Qc Td]
b0166f75: folds
18efd4b5: folds
9f907057: calls $0.03
Hero: checks
*** FLOP *** [4h Ah Qs]
9f907057: bets $0.05
Hero: calls $0.05
*** TURN *** [4h Ah Qs] [Th]
9f907057: bets $0.1
Hero: calls $0.1
*** RIVER *** [4h Ah Qs Th] [3h]
9f907057: bets $0.14
Hero: folds
Uncalled bet ($0.14) returned to 9f907057
9f907057: shows [2c Jd] (Ace-High)
*** SHOWDOWN ***
9f907057 collected $0.38 from pot
*** SUMMARY ***
Total pot $0.4 | Rake $0.02 | Jackpot $0 | Bingo $0 | Fortune $0
Board [4h Ah Qs Th 3h]
Seat 1: b0166f75 folded before Flop (didn't bet)
Seat 4: 18efd4b5 (button) folded before Flop (didn't bet)
Seat 5: 9f907057 (small blind) showed [2c Jd] and won ($0.38) with Ace-High
Seat 6: Hero (big blind) folded on the River


Poker Hand #HD1186285831: Hold'em No Limit  ($0.02/$0.05) - 2023/04/02 13:29:10
Table 'NLHBlue22' 6-max Seat #3 is the button
Seat 1: b0166f75 ($5.32 in chips)
Seat 3: ff57f9b2 ($4.95 in chips)
Seat 4: 18efd4b5 ($4.79 in chips)
Seat 5: 9f907057 ($1.35 in chips)
Seat 6: Hero ($5.2 in chips)
18efd4b5: posts small blind $0.02
9f907057: posts big blind $0.05
*** HOLE CARDS ***
Dealt to b0166f75 
Dealt to ff57f9b2 
Dealt to 18efd4b5 
Dealt to 9f907057 
Dealt to Hero [5c 8c]
Hero: folds
b0166f75: folds
ff57f9b2: calls $0.05
18efd4b5: folds
9f907057: checks
*** FLOP *** [Kd Jc Ac]
9f907057: checks
ff57f9b2: checks
*** TURN *** [Kd Jc Ac] [3s]
9f907057: bets $0.05
ff57f9b2: folds
Uncalled bet ($0.05) returned to 9f907057
*** SHOWDOWN ***
9f907057 collected $0.12 from pot
*** SUMMARY ***
Total pot $0.12 | Rake $0 | Jackpot $0 | Bingo $0 | Fortune $0
Board [Kd Jc Ac 3s]
Seat 1: b0166f75 folded before Flop (didn't bet)
Seat 3: ff57f9b2 (button) folded on the Turn
Seat 4: 18efd4b5 (small blind) folded before Flop
Seat 5: 9f907057 (big blind) won ($0.12)
Seat 6: Hero folded before Flop (didn't bet)


Poker Hand #HD1186195530: Hold'em No Limit  ($0.02/$0.05) - 2023/04/02 13:26:22
Table 'NLHBlue22' 6-max Seat #1 is the button
Seat 1: b0166f75 ($5.37 in chips)
Seat 2: 6fe8e423 ($4.38 in chips)
Seat 3: ff57f9b2 ($5 in chips)
Seat 4: 18efd4b5 ($5.07 in chips)
Seat 5: 9f907057 ($0.95 in chips)
Seat 6: Hero ($5.2 in chips)
6fe8e423: posts small blind $0.02
ff57f9b2: posts big blind $0.05
*** HOLE CARDS ***
Dealt to b0166f75 
Dealt to 6fe8e423 
Dealt to ff57f9b2 
Dealt to 18efd4b5 
Dealt to 9f907057 
Dealt to Hero [2h 9h]
18efd4b5: calls $0.05
9f907057: calls $0.05
Hero: folds
b0166f75: calls $0.05
6fe8e423: calls $0.03
ff57f9b2: checks
*** FLOP *** [Jh Js Ac]
6fe8e423: checks
ff57f9b2: checks
18efd4b5: checks
9f907057: checks
b0166f75: checks
*** TURN *** [Jh Js Ac] [2s]
6fe8e423: checks
ff57f9b2: checks
18efd4b5: checks
9f907057: bets $0.05
b0166f75: folds
6fe8e423: folds
ff57f9b2: folds
18efd4b5: calls $0.05
*** RIVER *** [Jh Js Ac 2s] [Td]
18efd4b5: checks
9f907057: bets $0.18
18efd4b5: calls $0.18
9f907057: shows [Ah 5d] (Pair of Aces and Pair of Jacks)
18efd4b5: shows [3c 3h] (Pair of Jacks and Pair of Treys)
*** SHOWDOWN ***
9f907057 collected $0.68 from pot
*** SUMMARY ***
Total pot $0.71 | Rake $0.03 | Jackpot $0 | Bingo $0 | Fortune $0
Board [Jh Js Ac 2s Td]
Seat 1: b0166f75 (button) folded on the Turn
Seat 2: 6fe8e423 (small blind) folded on the Turn
Seat 3: ff57f9b2 (big blind) folded on the Turn
Seat 4: 18efd4b5 showed [3c 3h] and lost with Pair of Jacks and Pair of Treys
Seat 5: 9f907057 showed [Ah 5d] and won ($0.68) with Pair of Aces and Pair of Jacks
Seat 6: Hero folded before Flop (didn't bet)


Poker Hand #HD1186195409: Hold'em No Limit  ($0.02/$0.05) - 2023/04/02 13:25:25
Table 'NLHBlue22' 6-max Seat #6 is the button
Seat 1: b0166f75 ($5.39 in chips)
Seat 2: 6fe8e423 ($4.26 in chips)
Seat 4: 18efd4b5 ($5.07 in chips)
Seat 5: 9f907057 ($1.06 in chips)
Seat 6: Hero ($5.2 in chips)
b0166f75: posts small blind $0.02
6fe8e423: posts big blind $0.05
*** HOLE CARDS ***
Dealt to b0166f75 
Dealt to 6fe8e423 
Dealt to 18efd4b5 
Dealt to 9f907057 
Dealt to Hero [6d 2d]
18efd4b5: folds
9f907057: calls $0.05
Hero: folds
b0166f75: folds
6fe8e423: checks
*** FLOP *** [Qh 6s Kc]
6fe8e423: bets $0.06
9f907057: calls $0.06
*** TURN *** [Qh 6s Kc] [4s]
6fe8e423: bets $0.12
9f907057: folds
Uncalled bet ($0.12) returned to 6fe8e423
*** SHOWDOWN ***
6fe8e423 collected $0.23 from pot
*** SUMMARY ***
Total pot $0.24 | Rake $0.01 | Jackpot $0 | Bingo $0 | Fortune $0
Board [Qh 6s Kc 4s]
Seat 1: b0166f75 (small blind) folded before Flop
Seat 2: 6fe8e423 (big blind) won ($0.23)
Seat 4: 18efd4b5 folded before Flop (didn't bet)
Seat 5: 9f907057 folded on the Turn
Seat 6: Hero (button) folded before Flop (didn't bet)


Poker Hand #HD1186195351: Hold'em No Limit  ($0.02/$0.05) - 2023/04/02 13:24:55
Table 'NLHBlue22' 6-max Seat #5 is the button
Seat 1: b0166f75 ($5.44 in chips)
Seat 2: 6fe8e423 ($4.26 in chips)
Seat 4: 18efd4b5 ($5.07 in chips)
Seat 5: 9f907057 ($1.11 in chips)
Seat 6: Hero ($5.1 in chips)
Hero: posts small blind $0.02
b0166f75: posts big blind $0.05
*** HOLE CARDS ***
Dealt to b0166f75 
Dealt to 6fe8e423 
Dealt to 18efd4b5 
Dealt to 9f907057 
Dealt to Hero [Kd Qh]
6fe8e423: folds
18efd4b5: folds
9f907057: calls $0.05
Hero: raises $0.15 to $0.2
b0166f75: folds
9f907057: folds
Uncalled bet ($0.15) returned to Hero
*** SHOWDOWN ***
Hero collected $0.15 from pot
*** SUMMARY ***
Total pot $0.15 | Rake $0 | Jackpot $0 | Bingo $0 | Fortune $0
Seat 1: b0166f75 (big blind) folded before Flop
Seat 2: 6fe8e423 folded before Flop (didn't bet)
Seat 4: 18efd4b5 folded before Flop (didn't bet)
Seat 5: 9f907057 (button) folded before Flop
Seat 6: Hero (small blind) collected ($0.15)


Poker Hand #HD1186195292: Hold'em No Limit  ($0.02/$0.05) - 2023/04/02 13:24:23
Table 'NLHBlue22' 6-max Seat #4 is the button
Seat 1: b0166f75 ($5.44 in chips)
Seat 2: 6fe8e423 ($4.26 in chips)
Seat 4: 18efd4b5 ($5.12 in chips)
Seat 5: 9f907057 ($1.16 in chips)
Seat 6: Hero ($5 in chips)
9f907057: posts small blind $0.02
Hero: posts big blind $0.05
*** HOLE CARDS ***
Dealt to b0166f75 
Dealt to 6fe8e423 
Dealt to 18efd4b5 
Dealt to 9f907057 
Dealt to Hero [Qc Kd]
b0166f75: folds
6fe8e423: folds
18efd4b5: calls $0.05
9f907057: calls $0.03
Hero: raises $0.23 to $0.28
18efd4b5: folds
9f907057: folds
Uncalled bet ($0.23) returned to Hero
*** SHOWDOWN ***
Hero collected $0.15 from pot
*** SUMMARY ***
Total pot $0.15 | Rake $0 | Jackpot $0 | Bingo $0 | Fortune $0
Seat 1: b0166f75 folded before Flop (didn't bet)
Seat 2: 6fe8e423 folded before Flop (didn't bet)
Seat 4: 18efd4b5 (button) folded before Flop
Seat 5: 9f907057 (small blind) folded before Flop
Seat 6: Hero (big blind) collected ($0.15)


Poker Hand #HD1186195215: Hold'em No Limit  ($0.02/$0.05) - 2023/04/02 13:23:39
Table 'NLHBlue22' 6-max Seat #2 is the button
Seat 1: b0166f75 ($5.44 in chips)
Seat 2: 6fe8e423 ($4.41 in chips)
Seat 4: 18efd4b5 ($5.14 in chips)
Seat 5: 9f907057 ($1 in chips)
Seat 6: Hero ($5 in chips)
18efd4b5: posts small blind $0.02
9f907057: posts big blind $0.05
*** HOLE CARDS ***
Dealt to b0166f75 
Dealt to 6fe8e423 
Dealt to 18efd4b5 
Dealt to 9f907057 
Dealt to Hero [2s Kh]
Hero: folds
b0166f75: folds
6fe8e423: raises $0.1 to $0.15
18efd4b5: folds
9f907057: calls $0.1
*** FLOP *** [5c Qd 9h]
9f907057: checks
6fe8e423: checks
*** TURN *** [5c Qd 9h] [6c]
9f907057: checks
6fe8e423: checks
*** RIVER *** [5c Qd 9h 6c] [6h]
9f907057: bets $0.16
6fe8e423: folds
Uncalled bet ($0.16) returned to 9f907057
*** SHOWDOWN ***
9f907057 collected $0.31 from pot
*** SUMMARY ***
Total pot $0.32 | Rake $0.01 | Jackpot $0 | Bingo $0 | Fortune $0
Board [5c Qd 9h 6c 6h]
Seat 1: b0166f75 folded before Flop (didn't bet)
Seat 2: 6fe8e423 (button) folded on the River
Seat 4: 18efd4b5 (small blind) folded before Flop
Seat 5: 9f907057 (big blind) won ($0.31)
Seat 6: Hero folded before Flop (didn't bet)


Poker Hand #HD1186195122: Hold'em No Limit  ($0.02/$0.05) - 2023/04/02 13:22:51
Table 'NLHBlue22' 6-max Seat #1 is the button
Seat 1: b0166f75 ($5.44 in chips)
Seat 2: 6fe8e423 ($4.84 in chips)
Seat 4: 18efd4b5 ($4.75 in chips)
Seat 5: 9f907057 ($1 in chips)
Seat 6: Hero ($5 in chips)
6fe8e423: posts small blind $0.02
18efd4b5: posts big blind $0.05
*** HOLE CARDS ***
Dealt to b0166f75 
Dealt to 6fe8e423 
Dealt to 18efd4b5 
Dealt to 9f907057 
Dealt to Hero [Kc 5d]
9f907057: folds
Hero: folds
b0166f75: folds
6fe8e423: raises $0.1 to $0.15
18efd4b5: calls $0.1
*** FLOP *** [9h 7s 3d]
6fe8e423: bets $0.1
18efd4b5: calls $0.1
*** TURN *** [9h 7s 3d] [6d]
6fe8e423: bets $0.18
18efd4b5: calls $0.18
*** RIVER *** [9h 7s 3d 6d] [2c]
6fe8e423: checks
18efd4b5: checks
6fe8e423: shows [3c Ah] (Pair of Treys)
18efd4b5: shows [4h 4c] (Pair of Fours)
*** SHOWDOWN ***
18efd4b5 collected $0.82 from pot
*** SUMMARY ***
Total pot $0.86 | Rake $0.04 | Jackpot $0 | Bingo $0 | Fortune $0
Board [9h 7s 3d 6d 2c]
Seat 1: b0166f75 (button) folded before Flop (didn't bet)
Seat 2: 6fe8e423 (small blind) showed [3c Ah] and lost with Pair of Treys
Seat 4: 18efd4b5 (big blind) showed [4h 4c] and won ($0.82) with Pair of Fours
Seat 5: 9f907057 folded before Flop (didn't bet)
Seat 6: Hero folded before Flop (didn't bet)


Poker Hand #HD1186195090: Hold'em No Limit  ($0.02/$0.05) - 2023/04/02 13:22:38
Table 'NLHBlue22' 6-max Seat #6 is the button
Seat 1: b0166f75 ($5.46 in chips)
Seat 2: 6fe8e423 ($4.82 in chips)
Seat 4: 18efd4b5 ($4.75 in chips)
Seat 6: Hero ($5 in chips)
b0166f75: posts small blind $0.02
6fe8e423: posts big blind $0.05
*** HOLE CARDS ***
Dealt to b0166f75 
Dealt to 6fe8e423 
Dealt to 18efd4b5 
Dealt to Hero [8c 5s]
18efd4b5: folds
Hero: folds
b0166f75: folds
Uncalled bet ($0.03) returned to 6fe8e423
*** SHOWDOWN ***
6fe8e423 collected $0.04 from pot
*** SUMMARY ***
Total pot $0.04 | Rake $0 | Jackpot $0 | Bingo $0 | Fortune $0
Seat 1: b0166f75 (small blind) folded before Flop
Seat 2: 6fe8e423 (big blind) collected ($0.04)
Seat 4: 18efd4b5 folded before Flop (didn't bet)
Seat 6: Hero (button) folded before Flop (didn't bet)


Poker Hand #HD1186195034: Hold'em No Limit  ($0.02/$0.05) - 2023/04/02 13:22:07
Table 'NLHBlue22' 6-max Seat #4 is the button
Seat 1: b0166f75 ($5.46 in chips)
Seat 2: 6fe8e423 ($5.1 in chips)
Seat 3: ff57f9b2 ($5 in chips)
Seat 4: 18efd4b5 ($4.43 in chips)
Seat 5: 9f907057 ($1.02 in chips)
Seat 6: Hero ($5 in chips)
9f907057: posts small blind $0.02
Hero: posts big blind $0.05
*** HOLE CARDS ***
Dealt to b0166f75 
Dealt to 6fe8e423 
Dealt to ff57f9b2 
Dealt to 18efd4b5 
Dealt to 9f907057 
Dealt to Hero [Jd 7c]
b0166f75: folds
6fe8e423: raises $0.1 to $0.15
ff57f9b2: folds
18efd4b5: raises $0.13 to $0.28
9f907057: folds
Hero: folds
6fe8e423: calls $0.13
*** FLOP *** [6s 4c Td]
6fe8e423: checks
18efd4b5: bets $0.63
6fe8e423: folds
Uncalled bet ($0.63) returned to 18efd4b5
*** SHOWDOWN ***
18efd4b5 collected $0.6 from pot
*** SUMMARY ***
Total pot $0.63 | Rake $0.03 | Jackpot $0 | Bingo $0 | Fortune $0
Board [6s 4c Td]
Seat 1: b0166f75 folded before Flop (didn't bet)
Seat 2: 6fe8e423 folded on the Flop
Seat 3: ff57f9b2 folded before Flop (didn't bet)
Seat 4: 18efd4b5 (button) won ($0.6)
Seat 5: 9f907057 (small blind) folded before Flop
Seat 6: Hero (big blind) folded before Flop


