Poker Hand #HD1146719254: Hold'em No Limit  ($0.02/$0.05) - 2023/03/05 09:55:29
Table 'NLHBlue25' 6-max Seat #4 is the button
Seat 1: 6272e527 ($4.5 in chips)
Seat 2: Hero ($6.1 in chips)
Seat 3: 37c1abfe ($5.12 in chips)
Seat 4: da424f48 ($10.12 in chips)
Seat 5: e16ed4ae ($5.31 in chips)
Seat 6: 2743b733 ($12.5 in chips)
e16ed4ae: posts small blind $0.02
2743b733: posts big blind $0.05
*** HOLE CARDS ***
Dealt to 6272e527 
Dealt to Hero [6c 4d]
Dealt to 37c1abfe 
Dealt to da424f48 
Dealt to e16ed4ae 
Dealt to 2743b733 
6272e527: folds
Hero: folds
37c1abfe: raises $0.1 to $0.15
da424f48: folds
e16ed4ae: folds
2743b733: folds
Uncalled bet ($0.1) returned to 37c1abfe
*** SHOWDOWN ***
37c1abfe collected $0.12 from pot
*** SUMMARY ***
Total pot $0.12 | Rake $0 | Jackpot $0 | Bingo $0 | Fortune $0
Seat 1: 6272e527 folded before Flop (didn't bet)
Seat 2: Hero folded before Flop (didn't bet)
Seat 3: 37c1abfe collected ($0.12)
Seat 4: da424f48 (button) folded before Flop (didn't bet)
Seat 5: e16ed4ae (small blind) folded before Flop
Seat 6: 2743b733 (big blind) folded before Flop


Poker Hand #HD1146719150: Hold'em No Limit  ($0.02/$0.05) - 2023/03/05 09:54:35
Table 'NLHBlue25' 6-max Seat #3 is the button
Seat 1: 6272e527 ($4.5 in chips)
Seat 2: Hero ($6.1 in chips)
Seat 3: 37c1abfe ($5.12 in chips)
Seat 4: da424f48 ($10.25 in chips)
Seat 5: e16ed4ae ($5.07 in chips)
Seat 6: 2743b733 ($12.63 in chips)
da424f48: posts small blind $0.02
e16ed4ae: posts big blind $0.05
*** HOLE CARDS ***
Dealt to 6272e527 
Dealt to Hero [Jd 2s]
Dealt to 37c1abfe 
Dealt to da424f48 
Dealt to e16ed4ae 
Dealt to 2743b733 
2743b733: raises $0.08 to $0.13
6272e527: folds
Hero: folds
37c1abfe: folds
da424f48: calls $0.11
e16ed4ae: calls $0.08
*** FLOP *** [9d Tc 9c]
da424f48: checks
e16ed4ae: bets $0.13
2743b733: folds
da424f48: folds
Uncalled bet ($0.13) returned to e16ed4ae
*** SHOWDOWN ***
e16ed4ae collected $0.37 from pot
*** SUMMARY ***
Total pot $0.39 | Rake $0.02 | Jackpot $0 | Bingo $0 | Fortune $0
Board [9d Tc 9c]
Seat 1: 6272e527 folded before Flop (didn't bet)
Seat 2: Hero folded before Flop (didn't bet)
Seat 3: 37c1abfe (button) folded before Flop (didn't bet)
Seat 4: da424f48 (small blind) folded on the Flop
Seat 5: e16ed4ae (big blind) won ($0.37)
Seat 6: 2743b733 folded on the Flop


Poker Hand #HD1146719080: Hold'em No Limit  ($0.02/$0.05) - 2023/03/05 09:54:04
Table 'NLHBlue25' 6-max Seat #2 is the button
Seat 1: 6272e527 ($4.5 in chips)
Seat 2: Hero ($6.22 in chips)
Seat 3: 37c1abfe ($5.14 in chips)
Seat 4: da424f48 ($10.12 in chips)
Seat 5: e16ed4ae ($5.07 in chips)
Seat 6: 2743b733 ($12.63 in chips)
37c1abfe: posts small blind $0.02
da424f48: posts big blind $0.05
*** HOLE CARDS ***
Dealt to 6272e527 
Dealt to Hero [Jc Ks]
Dealt to 37c1abfe 
Dealt to da424f48 
Dealt to e16ed4ae 
Dealt to 2743b733 
e16ed4ae: folds
2743b733: folds
6272e527: folds
Hero: raises $0.07 to $0.12
37c1abfe: folds
da424f48: raises $0.43 to $0.55
Hero: folds
Uncalled bet ($0.43) returned to da424f48
*** SHOWDOWN ***
da424f48 collected $0.25 from pot
*** SUMMARY ***
Total pot $0.26 | Rake $0.01 | Jackpot $0 | Bingo $0 | Fortune $0
Seat 1: 6272e527 folded before Flop (didn't bet)
Seat 2: Hero (button) folded before Flop
Seat 3: 37c1abfe (small blind) folded before Flop
Seat 4: da424f48 (big blind) collected ($0.25)
Seat 5: e16ed4ae folded before Flop (didn't bet)
Seat 6: 2743b733 folded before Flop (didn't bet)


Poker Hand #HD1146719057: Hold'em No Limit  ($0.02/$0.05) - 2023/03/05 09:53:51
Table 'NLHBlue25' 6-max Seat #1 is the button
Seat 1: 6272e527 ($4.5 in chips)
Seat 2: Hero ($6.24 in chips)
Seat 3: 37c1abfe ($5.19 in chips)
Seat 4: da424f48 ($10.12 in chips)
Seat 5: e16ed4ae ($5.07 in chips)
Seat 6: 2743b733 ($12.56 in chips)
Hero: posts small blind $0.02
37c1abfe: posts big blind $0.05
*** HOLE CARDS ***
Dealt to 6272e527 
Dealt to Hero [9s 4h]
Dealt to 37c1abfe 
Dealt to da424f48 
Dealt to e16ed4ae 
Dealt to 2743b733 
da424f48: folds
e16ed4ae: folds
2743b733: raises $0.08 to $0.13
6272e527: folds
Hero: folds
37c1abfe: folds
Uncalled bet ($0.08) returned to 2743b733
*** SHOWDOWN ***
2743b733 collected $0.12 from pot
*** SUMMARY ***
Total pot $0.12 | Rake $0 | Jackpot $0 | Bingo $0 | Fortune $0
Seat 1: 6272e527 (button) folded before Flop (didn't bet)
Seat 2: Hero (small blind) folded before Flop
Seat 3: 37c1abfe (big blind) folded before Flop
Seat 4: da424f48 folded before Flop (didn't bet)
Seat 5: e16ed4ae folded before Flop (didn't bet)
Seat 6: 2743b733 collected ($0.12)


Poker Hand #HD1146718997: Hold'em No Limit  ($0.02/$0.05) - 2023/03/05 09:53:20
Table 'NLHBlue25' 6-max Seat #6 is the button
Seat 1: 6272e527 ($4.52 in chips)
Seat 2: Hero ($6.29 in chips)
Seat 3: 37c1abfe ($5.19 in chips)
Seat 4: da424f48 ($9.92 in chips)
Seat 5: e16ed4ae ($5.07 in chips)
Seat 6: 2743b733 ($12.71 in chips)
6272e527: posts small blind $0.02
Hero: posts big blind $0.05
*** HOLE CARDS ***
Dealt to 6272e527 
Dealt to Hero [2h 9h]
Dealt to 37c1abfe 
Dealt to da424f48 
Dealt to e16ed4ae 
Dealt to 2743b733 
37c1abfe: folds
da424f48: raises $0.1 to $0.15
e16ed4ae: folds
2743b733: calls $0.15
6272e527: folds
Hero: folds
*** FLOP *** [4d 2d 9s]
da424f48: checks
2743b733: checks
*** TURN *** [4d 2d 9s] [Qd]
da424f48: bets $0.25
2743b733: folds
Uncalled bet ($0.25) returned to da424f48
*** SHOWDOWN ***
da424f48 collected $0.35 from pot
*** SUMMARY ***
Total pot $0.37 | Rake $0.02 | Jackpot $0 | Bingo $0 | Fortune $0
Board [4d 2d 9s Qd]
Seat 1: 6272e527 (small blind) folded before Flop
Seat 2: Hero (big blind) folded before Flop
Seat 3: 37c1abfe folded before Flop (didn't bet)
Seat 4: da424f48 won ($0.35)
Seat 5: e16ed4ae folded before Flop (didn't bet)
Seat 6: 2743b733 (button) folded on the Turn


Poker Hand #HD1146718946: Hold'em No Limit  ($0.02/$0.05) - 2023/03/05 09:52:58
Table 'NLHBlue25' 6-max Seat #5 is the button
Seat 1: 6272e527 ($4.57 in chips)
Seat 2: Hero ($6.22 in chips)
Seat 3: 37c1abfe ($5.19 in chips)
Seat 4: da424f48 ($9.92 in chips)
Seat 5: e16ed4ae ($5.07 in chips)
Seat 6: 2743b733 ($12.73 in chips)
2743b733: posts small blind $0.02
6272e527: posts big blind $0.05
*** HOLE CARDS ***
Dealt to 6272e527 
Dealt to Hero [6h 6s]
Dealt to 37c1abfe 
Dealt to da424f48 
Dealt to e16ed4ae 
Dealt to 2743b733 
Hero: raises $0.07 to $0.12
37c1abfe: folds
da424f48: folds
e16ed4ae: folds
2743b733: folds
6272e527: folds
Uncalled bet ($0.07) returned to Hero
*** SHOWDOWN ***
Hero collected $0.12 from pot
*** SUMMARY ***
Total pot $0.12 | Rake $0 | Jackpot $0 | Bingo $0 | Fortune $0
Seat 1: 6272e527 (big blind) folded before Flop
Seat 2: Hero collected ($0.12)
Seat 3: 37c1abfe folded before Flop (didn't bet)
Seat 4: da424f48 folded before Flop (didn't bet)
Seat 5: e16ed4ae (button) folded before Flop (didn't bet)
Seat 6: 2743b733 (small blind) folded before Flop


Poker Hand #HD1146718922: Hold'em No Limit  ($0.02/$0.05) - 2023/03/05 09:52:43
Table 'NLHBlue25' 6-max Seat #4 is the button
Seat 1: 6272e527 ($4.57 in chips)
Seat 2: Hero ($6.22 in chips)
Seat 3: 37c1abfe ($5.19 in chips)
Seat 4: da424f48 ($9.92 in chips)
Seat 5: e16ed4ae ($5.02 in chips)
Seat 6: 2743b733 ($12.78 in chips)
e16ed4ae: posts small blind $0.02
2743b733: posts big blind $0.05
*** HOLE CARDS ***
Dealt to 6272e527 
Dealt to Hero [9h 3c]
Dealt to 37c1abfe 
Dealt to da424f48 
Dealt to e16ed4ae 
Dealt to 2743b733 
6272e527: folds
Hero: folds
37c1abfe: folds
da424f48: folds
e16ed4ae: raises $0.1 to $0.15
2743b733: folds
Uncalled bet ($0.1) returned to e16ed4ae
*** SHOWDOWN ***
e16ed4ae collected $0.1 from pot
*** SUMMARY ***
Total pot $0.1 | Rake $0 | Jackpot $0 | Bingo $0 | Fortune $0
Seat 1: 6272e527 folded before Flop (didn't bet)
Seat 2: Hero folded before Flop (didn't bet)
Seat 3: 37c1abfe folded before Flop (didn't bet)
Seat 4: da424f48 (button) folded before Flop (didn't bet)
Seat 5: e16ed4ae (small blind) collected ($0.1)
Seat 6: 2743b733 (big blind) folded before Flop


Poker Hand #HD1146718888: Hold'em No Limit  ($0.02/$0.05) - 2023/03/05 09:52:25
Table 'NLHBlue25' 6-max Seat #3 is the button
Seat 1: 6272e527 ($4.57 in chips)
Seat 2: Hero ($6.22 in chips)
Seat 3: 37c1abfe ($5.19 in chips)
Seat 4: da424f48 ($9.94 in chips)
Seat 5: e16ed4ae ($5 in chips)
Seat 6: 2743b733 ($12.78 in chips)
da424f48: posts small blind $0.02
e16ed4ae: posts big blind $0.05
*** HOLE CARDS ***
Dealt to 6272e527 
Dealt to Hero [2h Kc]
Dealt to 37c1abfe 
Dealt to da424f48 
Dealt to e16ed4ae 
Dealt to 2743b733 
2743b733: folds
6272e527: folds
Hero: folds
37c1abfe: folds
da424f48: folds
Uncalled bet ($0.03) returned to e16ed4ae
*** SHOWDOWN ***
e16ed4ae collected $0.04 from pot
*** SUMMARY ***
Total pot $0.04 | Rake $0 | Jackpot $0 | Bingo $0 | Fortune $0
Seat 1: 6272e527 folded before Flop (didn't bet)
Seat 2: Hero folded before Flop (didn't bet)
Seat 3: 37c1abfe (button) folded before Flop (didn't bet)
Seat 4: da424f48 (small blind) folded before Flop
Seat 5: e16ed4ae (big blind) collected ($0.04)
Seat 6: 2743b733 folded before Flop (didn't bet)


Poker Hand #HD1146718827: Hold'em No Limit  ($0.02/$0.05) - 2023/03/05 09:51:58
Table 'NLHBlue25' 6-max Seat #2 is the button
Seat 1: 6272e527 ($4.57 in chips)
Seat 2: Hero ($6.15 in chips)
Seat 3: 37c1abfe ($5.21 in chips)
Seat 4: da424f48 ($9.99 in chips)
Seat 6: 2743b733 ($12.78 in chips)
37c1abfe: posts small blind $0.02
da424f48: posts big blind $0.05
*** HOLE CARDS ***
Dealt to 6272e527 
Dealt to Hero [Ad Kc]
Dealt to 37c1abfe 
Dealt to da424f48 
Dealt to 2743b733 
2743b733: folds
6272e527: folds
Hero: raises $0.07 to $0.12
37c1abfe: folds
da424f48: folds
Uncalled bet ($0.07) returned to Hero
*** SHOWDOWN ***
Hero collected $0.12 from pot
*** SUMMARY ***
Total pot $0.12 | Rake $0 | Jackpot $0 | Bingo $0 | Fortune $0
Seat 1: 6272e527 folded before Flop (didn't bet)
Seat 2: Hero (button) collected ($0.12)
Seat 3: 37c1abfe (small blind) folded before Flop
Seat 4: da424f48 (big blind) folded before Flop
Seat 6: 2743b733 folded before Flop (didn't bet)


Poker Hand #HD1146718791: Hold'em No Limit  ($0.02/$0.05) - 2023/03/05 09:51:43
Table 'NLHBlue25' 6-max Seat #1 is the button
Seat 1: 6272e527 ($4.57 in chips)
Seat 2: Hero ($6.17 in chips)
Seat 3: 37c1abfe ($5.19 in chips)
Seat 4: da424f48 ($9.99 in chips)
Seat 6: 2743b733 ($12.78 in chips)
Hero: posts small blind $0.02
37c1abfe: posts big blind $0.05
*** HOLE CARDS ***
Dealt to 6272e527 
Dealt to Hero [3h 7c]
Dealt to 37c1abfe 
Dealt to da424f48 
Dealt to 2743b733 
da424f48: folds
2743b733: folds
6272e527: folds
Hero: folds
Uncalled bet ($0.03) returned to 37c1abfe
*** SHOWDOWN ***
37c1abfe collected $0.04 from pot
*** SUMMARY ***
Total pot $0.04 | Rake $0 | Jackpot $0 | Bingo $0 | Fortune $0
Seat 1: 6272e527 (button) folded before Flop (didn't bet)
Seat 2: Hero (small blind) folded before Flop
Seat 3: 37c1abfe (big blind) collected ($0.04)
Seat 4: da424f48 folded before Flop (didn't bet)
Seat 6: 2743b733 folded before Flop (didn't bet)


Poker Hand #HD1146718755: Hold'em No Limit  ($0.02/$0.05) - 2023/03/05 09:51:23
Table 'NLHBlue25' 6-max Seat #6 is the button
Seat 1: 6272e527 ($4.59 in chips)
Seat 2: Hero ($6.22 in chips)
Seat 3: 37c1abfe ($5.19 in chips)
Seat 4: da424f48 ($9.99 in chips)
Seat 6: 2743b733 ($12.71 in chips)
6272e527: posts small blind $0.02
Hero: posts big blind $0.05
*** HOLE CARDS ***
Dealt to 6272e527 
Dealt to Hero [Jh 7c]
Dealt to 37c1abfe 
Dealt to da424f48 
Dealt to 2743b733 
37c1abfe: folds
da424f48: folds
2743b733: raises $0.08 to $0.13
6272e527: folds
Hero: folds
Uncalled bet ($0.08) returned to 2743b733
*** SHOWDOWN ***
2743b733 collected $0.12 from pot
*** SUMMARY ***
Total pot $0.12 | Rake $0 | Jackpot $0 | Bingo $0 | Fortune $0
Seat 1: 6272e527 (small blind) folded before Flop
Seat 2: Hero (big blind) folded before Flop
Seat 3: 37c1abfe folded before Flop (didn't bet)
Seat 4: da424f48 folded before Flop (didn't bet)
Seat 6: 2743b733 (button) collected ($0.12)


Poker Hand #HD1146718644: Hold'em No Limit  ($0.02/$0.05) - 2023/03/05 09:50:34
Table 'NLHBlue25' 6-max Seat #4 is the button
Seat 1: 6272e527 ($4.64 in chips)
Seat 2: Hero ($6.22 in chips)
Seat 3: 37c1abfe ($5 in chips)
Seat 4: da424f48 ($9.99 in chips)
Seat 6: 2743b733 ($12.86 in chips)
2743b733: posts small blind $0.02
6272e527: posts big blind $0.05
*** HOLE CARDS ***
Dealt to 6272e527 
Dealt to Hero [6c 7d]
Dealt to 37c1abfe 
Dealt to da424f48 
Dealt to 2743b733 
Hero: folds
37c1abfe: raises $0.1 to $0.15
da424f48: folds
2743b733: calls $0.13
6272e527: folds
*** FLOP *** [3h 6s Jh]
2743b733: checks
37c1abfe: checks
*** TURN *** [3h 6s Jh] [8h]
2743b733: checks
37c1abfe: checks
*** RIVER *** [3h 6s Jh 8h] [7h]
2743b733: checks
37c1abfe: bets $0.15
2743b733: folds
Uncalled bet ($0.15) returned to 37c1abfe
*** SHOWDOWN ***
37c1abfe collected $0.34 from pot
*** SUMMARY ***
Total pot $0.35 | Rake $0.01 | Jackpot $0 | Bingo $0 | Fortune $0
Board [3h 6s Jh 8h 7h]
Seat 1: 6272e527 (big blind) folded before Flop
Seat 2: Hero folded before Flop (didn't bet)
Seat 3: 37c1abfe won ($0.34)
Seat 4: da424f48 (button) folded before Flop (didn't bet)
Seat 6: 2743b733 (small blind) folded on the River


Poker Hand #HD1146718502: Hold'em No Limit  ($0.02/$0.05) - 2023/03/05 09:49:25
Table 'NLHBlue25' 6-max Seat #3 is the button
Seat 1: 6272e527 ($4.64 in chips)
Seat 2: Hero ($6.22 in chips)
Seat 3: 37c1abfe ($5 in chips)
Seat 4: da424f48 ($5.52 in chips)
Seat 5: e16ed4ae ($5.13 in chips)
Seat 6: 2743b733 ($12.86 in chips)
da424f48: posts small blind $0.02
e16ed4ae: posts big blind $0.05
*** HOLE CARDS ***
Dealt to 6272e527 
Dealt to Hero [4h Th]
Dealt to 37c1abfe 
Dealt to da424f48 
Dealt to e16ed4ae 
Dealt to 2743b733 
2743b733: folds
6272e527: folds
Hero: folds
37c1abfe: folds
da424f48: raises $0.1 to $0.15
e16ed4ae: raises $0.3 to $0.45
da424f48: calls $0.3
*** FLOP *** [5d 9s 2s]
da424f48: checks
e16ed4ae: bets $0.3
da424f48: calls $0.3
*** TURN *** [5d 9s 2s] [6h]
da424f48: checks
e16ed4ae: bets $0.5
da424f48: raises $1 to $1.5
e16ed4ae: calls $1
*** RIVER *** [5d 9s 2s 6h] [Ts]
da424f48: bets $1.49
e16ed4ae: raises $1.39 to $2.88 and is all-in
da424f48: calls $1.39
e16ed4ae: shows [6c Ah] (Pair of Sixes)
da424f48: shows [8s As] (Ace High Flush)
*** SHOWDOWN ***
da424f48 collected $9.6 from pot
*** SUMMARY ***
Total pot $10.26 | Rake $0.61 | Jackpot $0.05 | Bingo $0 | Fortune $0
Board [5d 9s 2s 6h Ts]
Seat 1: 6272e527 folded before Flop (didn't bet)
Seat 2: Hero folded before Flop (didn't bet)
Seat 3: 37c1abfe (button) folded before Flop (didn't bet)
Seat 4: da424f48 (small blind) showed [8s As] and won ($9.6) with Ace High Flush
Seat 5: e16ed4ae (big blind) showed [6c Ah] and lost with Pair of Sixes
Seat 6: 2743b733 folded before Flop (didn't bet)


Poker Hand #HD1146718469: Hold'em No Limit  ($0.02/$0.05) - 2023/03/05 09:49:10
Table 'NLHBlue25' 6-max Seat #2 is the button
Seat 1: 6272e527 ($4.64 in chips)
Seat 2: Hero ($6.22 in chips)
Seat 3: 37c1abfe ($5 in chips)
Seat 4: da424f48 ($5.57 in chips)
Seat 5: e16ed4ae ($5.13 in chips)
Seat 6: 2743b733 ($12.79 in chips)
37c1abfe: posts small blind $0.02
da424f48: posts big blind $0.05
*** HOLE CARDS ***
Dealt to 6272e527 
Dealt to Hero [Tc 3h]
Dealt to 37c1abfe 
Dealt to da424f48 
Dealt to e16ed4ae 
Dealt to 2743b733 
e16ed4ae: folds
2743b733: raises $0.08 to $0.13
6272e527: folds
Hero: folds
37c1abfe: folds
da424f48: folds
Uncalled bet ($0.08) returned to 2743b733
*** SHOWDOWN ***
2743b733 collected $0.12 from pot
*** SUMMARY ***
Total pot $0.12 | Rake $0 | Jackpot $0 | Bingo $0 | Fortune $0
Seat 1: 6272e527 folded before Flop (didn't bet)
Seat 2: Hero (button) folded before Flop (didn't bet)
Seat 3: 37c1abfe (small blind) folded before Flop
Seat 4: da424f48 (big blind) folded before Flop
Seat 5: e16ed4ae folded before Flop (didn't bet)
Seat 6: 2743b733 collected ($0.12)


Poker Hand #HD1146718439: Hold'em No Limit  ($0.02/$0.05) - 2023/03/05 09:48:52
Table 'NLHBlue25' 6-max Seat #1 is the button
Seat 1: 6272e527 ($4.64 in chips)
Seat 2: Hero ($6.17 in chips)
Seat 3: 37c1abfe ($5 in chips)
Seat 4: da424f48 ($5.57 in chips)
Seat 5: e16ed4ae ($5.13 in chips)
Seat 6: 2743b733 ($12.79 in chips)
Hero: posts small blind $0.02
37c1abfe: posts big blind $0.05
*** HOLE CARDS ***
Dealt to 6272e527 
Dealt to Hero [4d 6d]
Dealt to 37c1abfe 
Dealt to da424f48 
Dealt to e16ed4ae 
Dealt to 2743b733 
da424f48: folds
e16ed4ae: folds
2743b733: folds
6272e527: folds
Hero: raises $0.09 to $0.14
37c1abfe: folds
Uncalled bet ($0.09) returned to Hero
*** SHOWDOWN ***
Hero collected $0.1 from pot
*** SUMMARY ***
Total pot $0.1 | Rake $0 | Jackpot $0 | Bingo $0 | Fortune $0
Seat 1: 6272e527 (button) folded before Flop (didn't bet)
Seat 2: Hero (small blind) collected ($0.1)
Seat 3: 37c1abfe (big blind) folded before Flop
Seat 4: da424f48 folded before Flop (didn't bet)
Seat 5: e16ed4ae folded before Flop (didn't bet)
Seat 6: 2743b733 folded before Flop (didn't bet)


Poker Hand #HD1146718411: Hold'em No Limit  ($0.02/$0.05) - 2023/03/05 09:48:39
Table 'NLHBlue25' 6-max Seat #6 is the button
Seat 1: 6272e527 ($4.66 in chips)
Seat 2: Hero ($6.15 in chips)
Seat 3: 37c1abfe ($5 in chips)
Seat 4: da424f48 ($5.57 in chips)
Seat 5: e16ed4ae ($5.13 in chips)
Seat 6: 2743b733 ($12.79 in chips)
6272e527: posts small blind $0.02
Hero: posts big blind $0.05
*** HOLE CARDS ***
Dealt to 6272e527 
Dealt to Hero [Ad 9c]
Dealt to 37c1abfe 
Dealt to da424f48 
Dealt to e16ed4ae 
Dealt to 2743b733 
37c1abfe: folds
da424f48: folds
e16ed4ae: folds
2743b733: folds
6272e527: folds
Uncalled bet ($0.03) returned to Hero
*** SHOWDOWN ***
Hero collected $0.04 from pot
*** SUMMARY ***
Total pot $0.04 | Rake $0 | Jackpot $0 | Bingo $0 | Fortune $0
Seat 1: 6272e527 (small blind) folded before Flop
Seat 2: Hero (big blind) collected ($0.04)
Seat 3: 37c1abfe folded before Flop (didn't bet)
Seat 4: da424f48 folded before Flop (didn't bet)
Seat 5: e16ed4ae folded before Flop (didn't bet)
Seat 6: 2743b733 (button) folded before Flop (didn't bet)


Poker Hand #HD1146718285: Hold'em No Limit  ($0.02/$0.05) - 2023/03/05 09:47:39
Table 'NLHBlue25' 6-max Seat #5 is the button
Seat 1: 6272e527 ($4.71 in chips)
Seat 2: Hero ($6.15 in chips)
Seat 3: 37c1abfe ($5 in chips)
Seat 4: da424f48 ($4.69 in chips)
Seat 5: e16ed4ae ($5.13 in chips)
Seat 6: 2743b733 ($12.81 in chips)
2743b733: posts small blind $0.02
6272e527: posts big blind $0.05
*** HOLE CARDS ***
Dealt to 6272e527 
Dealt to Hero [2s 3h]
Dealt to 37c1abfe 
Dealt to da424f48 
Dealt to e16ed4ae 
Dealt to 2743b733 
Hero: folds
37c1abfe: raises $0.1 to $0.15
da424f48: calls $0.15
e16ed4ae: folds
2743b733: folds
6272e527: folds
*** FLOP *** [7c 7h 4d]
37c1abfe: bets $0.24
da424f48: calls $0.24
*** TURN *** [7c 7h 4d] [9d]
37c1abfe: bets $0.58
da424f48: calls $0.58
*** RIVER *** [7c 7h 4d 9d] [6s]
37c1abfe: checks
da424f48: checks
37c1abfe: shows [Td Jd] (Pair of Sevens)
da424f48: shows [3c 3s] (Pair of Sevens and Pair of Treys)
*** SHOWDOWN ***
da424f48 collected $1.85 from pot
*** SUMMARY ***
Total pot $2.01 | Rake $0.11 | Jackpot $0.05 | Bingo $0 | Fortune $0
Board [7c 7h 4d 9d 6s]
Seat 1: 6272e527 (big blind) folded before Flop
Seat 2: Hero folded before Flop (didn't bet)
Seat 3: 37c1abfe showed [Td Jd] and lost with Pair of Sevens
Seat 4: da424f48 showed [3c 3s] and won ($1.85) with Pair of Sevens and Pair of Treys
Seat 5: e16ed4ae (button) folded before Flop (didn't bet)
Seat 6: 2743b733 (small blind) folded before Flop


Poker Hand #HD1146718243: Hold'em No Limit  ($0.02/$0.05) - 2023/03/05 09:47:16
Table 'NLHBlue25' 6-max Seat #4 is the button
Seat 1: 6272e527 ($4.71 in chips)
Seat 2: Hero ($6.15 in chips)
Seat 3: 37c1abfe ($5 in chips)
Seat 4: da424f48 ($4.69 in chips)
Seat 5: e16ed4ae ($5.08 in chips)
Seat 6: 2743b733 ($12.86 in chips)
e16ed4ae: posts small blind $0.02
2743b733: posts big blind $0.05
*** HOLE CARDS ***
Dealt to 6272e527 
Dealt to Hero [9c Kh]
Dealt to 37c1abfe 
Dealt to da424f48 
Dealt to e16ed4ae 
Dealt to 2743b733 
6272e527: folds
Hero: folds
37c1abfe: folds
da424f48: folds
e16ed4ae: raises $0.1 to $0.15
2743b733: folds
Uncalled bet ($0.1) returned to e16ed4ae
*** SHOWDOWN ***
e16ed4ae collected $0.1 from pot
*** SUMMARY ***
Total pot $0.1 | Rake $0 | Jackpot $0 | Bingo $0 | Fortune $0
Seat 1: 6272e527 folded before Flop (didn't bet)
Seat 2: Hero folded before Flop (didn't bet)
Seat 3: 37c1abfe folded before Flop (didn't bet)
Seat 4: da424f48 (button) folded before Flop (didn't bet)
Seat 5: e16ed4ae (small blind) collected ($0.1)
Seat 6: 2743b733 (big blind) folded before Flop


Poker Hand #HD1146718209: Hold'em No Limit  ($0.02/$0.05) - 2023/03/05 09:46:58
Table 'NLHBlue25' 6-max Seat #3 is the button
Seat 1: 6272e527 ($4.71 in chips)
Seat 2: Hero ($6.15 in chips)
Seat 3: 37c1abfe ($5 in chips)
Seat 4: da424f48 ($4.71 in chips)
Seat 5: e16ed4ae ($5.06 in chips)
Seat 6: 2743b733 ($12.86 in chips)
da424f48: posts small blind $0.02
e16ed4ae: posts big blind $0.05
*** HOLE CARDS ***
Dealt to 6272e527 
Dealt to Hero [4s Qh]
Dealt to 37c1abfe 
Dealt to da424f48 
Dealt to e16ed4ae 
Dealt to 2743b733 
2743b733: folds
6272e527: folds
Hero: folds
37c1abfe: folds
da424f48: folds
Uncalled bet ($0.03) returned to e16ed4ae
*** SHOWDOWN ***
e16ed4ae collected $0.04 from pot
*** SUMMARY ***
Total pot $0.04 | Rake $0 | Jackpot $0 | Bingo $0 | Fortune $0
Seat 1: 6272e527 folded before Flop (didn't bet)
Seat 2: Hero folded before Flop (didn't bet)
Seat 3: 37c1abfe (button) folded before Flop (didn't bet)
Seat 4: da424f48 (small blind) folded before Flop
Seat 5: e16ed4ae (big blind) collected ($0.04)
Seat 6: 2743b733 folded before Flop (didn't bet)


Poker Hand #HD1146718086: Hold'em No Limit  ($0.02/$0.05) - 2023/03/05 09:46:01
Table 'NLHBlue25' 6-max Seat #2 is the button
Seat 1: 6272e527 ($4.71 in chips)
Seat 2: Hero ($6.15 in chips)
Seat 3: 37c1abfe ($5 in chips)
Seat 4: da424f48 ($4.57 in chips)
Seat 5: e16ed4ae ($5.06 in chips)
Seat 6: 2743b733 ($12.99 in chips)
37c1abfe: posts small blind $0.02
da424f48: posts big blind $0.05
*** HOLE CARDS ***
Dealt to 6272e527 
Dealt to Hero [Ad 9s]
Dealt to 37c1abfe 
Dealt to da424f48 
Dealt to e16ed4ae 
Dealt to 2743b733 
e16ed4ae: folds
2743b733: raises $0.08 to $0.13
6272e527: folds
Hero: folds
37c1abfe: folds
da424f48: calls $0.08
*** FLOP *** [2s 2h 2c]
da424f48: checks
2743b733: checks
*** TURN *** [2s 2h 2c] [3h]
da424f48: checks
2743b733: checks
*** RIVER *** [2s 2h 2c 3h] [9d]
da424f48: bets $0.19
2743b733: folds
Uncalled bet ($0.19) returned to da424f48
*** SHOWDOWN ***
da424f48 collected $0.27 from pot
*** SUMMARY ***
Total pot $0.28 | Rake $0.01 | Jackpot $0 | Bingo $0 | Fortune $0
Board [2s 2h 2c 3h 9d]
Seat 1: 6272e527 folded before Flop (didn't bet)
Seat 2: Hero (button) folded before Flop (didn't bet)
Seat 3: 37c1abfe (small blind) folded before Flop
Seat 4: da424f48 (big blind) won ($0.27)
Seat 5: e16ed4ae folded before Flop (didn't bet)
Seat 6: 2743b733 folded on the River


Poker Hand #HD1146718047: Hold'em No Limit  ($0.02/$0.05) - 2023/03/05 09:45:42
Table 'NLHBlue25' 6-max Seat #1 is the button
Seat 1: 6272e527 ($4.71 in chips)
Seat 2: Hero ($5.98 in chips)
Seat 3: 37c1abfe ($5 in chips)
Seat 4: da424f48 ($4.57 in chips)
Seat 5: e16ed4ae ($5.06 in chips)
Seat 6: 2743b733 ($13.12 in chips)
Hero: posts small blind $0.02
37c1abfe: posts big blind $0.05
*** HOLE CARDS ***
Dealt to 6272e527 
Dealt to Hero [Ah Qs]
Dealt to 37c1abfe 
Dealt to da424f48 
Dealt to e16ed4ae 
Dealt to 2743b733 
da424f48: folds
e16ed4ae: folds
2743b733: raises $0.08 to $0.13
6272e527: folds
Hero: raises $0.35 to $0.48
37c1abfe: folds
2743b733: folds
Uncalled bet ($0.35) returned to Hero
*** SHOWDOWN ***
Hero collected $0.3 from pot
*** SUMMARY ***
Total pot $0.31 | Rake $0.01 | Jackpot $0 | Bingo $0 | Fortune $0
Seat 1: 6272e527 (button) folded before Flop (didn't bet)
Seat 2: Hero (small blind) collected ($0.3)
Seat 3: 37c1abfe (big blind) folded before Flop
Seat 4: da424f48 folded before Flop (didn't bet)
Seat 5: e16ed4ae folded before Flop (didn't bet)
Seat 6: 2743b733 folded before Flop


Poker Hand #HD1146717993: Hold'em No Limit  ($0.02/$0.05) - 2023/03/05 09:45:10
Table 'NLHBlue25' 6-max Seat #6 is the button
Seat 1: 6272e527 ($4.73 in chips)
Seat 2: Hero ($6.1 in chips)
Seat 4: da424f48 ($4.57 in chips)
Seat 5: e16ed4ae ($4.93 in chips)
Seat 6: 2743b733 ($13.12 in chips)
6272e527: posts small blind $0.02
Hero: posts big blind $0.05
*** HOLE CARDS ***
Dealt to 6272e527 
Dealt to Hero [7d Kd]
Dealt to da424f48 
Dealt to e16ed4ae 
Dealt to 2743b733 
da424f48: folds
e16ed4ae: raises $0.07 to $0.12
2743b733: folds
6272e527: folds
Hero: calls $0.07
*** FLOP *** [4c 6d 2h]
Hero: checks
e16ed4ae: checks
*** TURN *** [4c 6d 2h] [Qh]
Hero: checks
e16ed4ae: bets $0.09
Hero: folds
Uncalled bet ($0.09) returned to e16ed4ae
*** SHOWDOWN ***
e16ed4ae collected $0.25 from pot
*** SUMMARY ***
Total pot $0.26 | Rake $0.01 | Jackpot $0 | Bingo $0 | Fortune $0
Board [4c 6d 2h Qh]
Seat 1: 6272e527 (small blind) folded before Flop
Seat 2: Hero (big blind) folded on the Turn
Seat 4: da424f48 folded before Flop (didn't bet)
Seat 5: e16ed4ae won ($0.25)
Seat 6: 2743b733 (button) folded before Flop (didn't bet)


Poker Hand #HD1146717836: Hold'em No Limit  ($0.02/$0.05) - 2023/03/05 09:43:59
Table 'NLHBlue25' 6-max Seat #5 is the button
Seat 1: 6272e527 ($4.78 in chips)
Seat 2: Hero ($5 in chips)
Seat 4: da424f48 ($4.87 in chips)
Seat 5: e16ed4ae ($4.93 in chips)
Seat 6: 2743b733 ($14.02 in chips)
2743b733: posts small blind $0.02
6272e527: posts big blind $0.05
*** HOLE CARDS ***
Dealt to 6272e527 
Dealt to Hero [Ad Ah]
Dealt to da424f48 
Dealt to e16ed4ae 
Dealt to 2743b733 
Hero: raises $0.07 to $0.12
da424f48: raises $0.18 to $0.3
e16ed4ae: folds
2743b733: raises $0.6 to $0.9
6272e527: folds
Hero: raises $4.1 to $5 and is all-in
da424f48: folds
2743b733: folds
Uncalled bet ($4.1) returned to Hero
*** SHOWDOWN ***
Hero collected $2 from pot
*** SUMMARY ***
Total pot $2.15 | Rake $0.1 | Jackpot $0.05 | Bingo $0 | Fortune $0
Seat 1: 6272e527 (big blind) folded before Flop
Seat 2: Hero collected ($2)
Seat 4: da424f48 folded before Flop
Seat 5: e16ed4ae (button) folded before Flop (didn't bet)
Seat 6: 2743b733 (small blind) folded before Flop


Poker Hand #HD1146717807: Hold'em No Limit  ($0.02/$0.05) - 2023/03/05 09:43:45
Table 'NLHBlue25' 6-max Seat #4 is the button
Seat 1: 6272e527 ($4.78 in chips)
Seat 2: Hero ($5 in chips)
Seat 4: da424f48 ($4.8 in chips)
Seat 5: e16ed4ae ($4.95 in chips)
Seat 6: 2743b733 ($14.07 in chips)
e16ed4ae: posts small blind $0.02
2743b733: posts big blind $0.05
*** HOLE CARDS ***
Dealt to 6272e527 
Dealt to Hero [Ks 6s]
Dealt to da424f48 
Dealt to e16ed4ae 
Dealt to 2743b733 
6272e527: folds
Hero: folds
da424f48: raises $0.08 to $0.13
e16ed4ae: folds
2743b733: folds
Uncalled bet ($0.08) returned to da424f48
*** SHOWDOWN ***
da424f48 collected $0.12 from pot
*** SUMMARY ***
Total pot $0.12 | Rake $0 | Jackpot $0 | Bingo $0 | Fortune $0
Seat 1: 6272e527 folded before Flop (didn't bet)
Seat 2: Hero folded before Flop (didn't bet)
Seat 4: da424f48 (button) collected ($0.12)
Seat 5: e16ed4ae (small blind) folded before Flop
Seat 6: 2743b733 (big blind) folded before Flop


Poker Hand #HD1146717699: Hold'em No Limit  ($0.02/$0.05) - 2023/03/05 09:42:48
Table 'NLHBlue25' 6-max Seat #2 is the button
Seat 1: 6272e527 ($4.78 in chips)
Seat 2: Hero ($6.51 in chips)
Seat 4: da424f48 ($4.82 in chips)
Seat 5: e16ed4ae ($5 in chips)
Seat 6: 2743b733 ($12.53 in chips)
da424f48: posts small blind $0.02
e16ed4ae: posts big blind $0.05
*** HOLE CARDS ***
Dealt to 6272e527 
Dealt to Hero [Td Ts]
Dealt to da424f48 
Dealt to e16ed4ae 
Dealt to 2743b733 
2743b733: raises $0.08 to $0.13
6272e527: folds
Hero: raises $0.25 to $0.38
da424f48: folds
e16ed4ae: folds
2743b733: raises $0.62 to $1
Hero: calls $0.62
*** FLOP *** [8s Kd 7d]
2743b733: bets $0.69
Hero: calls $0.69
*** TURN *** [8s Kd 7d] [8c]
2743b733: bets $1.14
Hero: folds
Uncalled bet ($1.14) returned to 2743b733
*** SHOWDOWN ***
2743b733 collected $3.23 from pot
*** SUMMARY ***
Total pot $3.45 | Rake $0.17 | Jackpot $0.05 | Bingo $0 | Fortune $0
Board [8s Kd 7d 8c]
Seat 1: 6272e527 folded before Flop (didn't bet)
Seat 2: Hero (button) folded on the Turn
Seat 4: da424f48 (small blind) folded before Flop
Seat 5: e16ed4ae (big blind) folded before Flop
Seat 6: 2743b733 won ($3.23)


Poker Hand #HD1146717681: Hold'em No Limit  ($0.02/$0.05) - 2023/03/05 09:42:37
Table 'NLHBlue25' 6-max Seat #1 is the button
Seat 1: 6272e527 ($4.78 in chips)
Seat 2: Hero ($6.53 in chips)
Seat 4: da424f48 ($4.8 in chips)
Seat 5: e16ed4ae ($5 in chips)
Seat 6: 2743b733 ($12.53 in chips)
Hero: posts small blind $0.02
da424f48: posts big blind $0.05
*** HOLE CARDS ***
Dealt to 6272e527 
Dealt to Hero [Td 5d]
Dealt to da424f48 
Dealt to e16ed4ae 
Dealt to 2743b733 
e16ed4ae: folds
2743b733: folds
6272e527: folds
Hero: folds
Uncalled bet ($0.03) returned to da424f48
*** SHOWDOWN ***
da424f48 collected $0.04 from pot
*** SUMMARY ***
Total pot $0.04 | Rake $0 | Jackpot $0 | Bingo $0 | Fortune $0
Seat 1: 6272e527 (button) folded before Flop (didn't bet)
Seat 2: Hero (small blind) folded before Flop
Seat 4: da424f48 (big blind) collected ($0.04)
Seat 5: e16ed4ae folded before Flop (didn't bet)
Seat 6: 2743b733 folded before Flop (didn't bet)


Poker Hand #HD1146717644: Hold'em No Limit  ($0.02/$0.05) - 2023/03/05 09:42:25
Table 'NLHBlue25' 6-max Seat #6 is the button
Seat 1: 6272e527 ($4.8 in chips)
Seat 2: Hero ($6.51 in chips)
Seat 4: da424f48 ($4.8 in chips)
Seat 5: e16ed4ae ($5 in chips)
Seat 6: 2743b733 ($12.53 in chips)
6272e527: posts small blind $0.02
Hero: posts big blind $0.05
*** HOLE CARDS ***
Dealt to 6272e527 
Dealt to Hero [3s 5h]
Dealt to da424f48 
Dealt to e16ed4ae 
Dealt to 2743b733 
da424f48: folds
e16ed4ae: folds
2743b733: folds
6272e527: folds
Uncalled bet ($0.03) returned to Hero
*** SHOWDOWN ***
Hero collected $0.04 from pot
*** SUMMARY ***
Total pot $0.04 | Rake $0 | Jackpot $0 | Bingo $0 | Fortune $0
Seat 1: 6272e527 (small blind) folded before Flop
Seat 2: Hero (big blind) collected ($0.04)
Seat 4: da424f48 folded before Flop (didn't bet)
Seat 5: e16ed4ae folded before Flop (didn't bet)
Seat 6: 2743b733 (button) folded before Flop (didn't bet)


Poker Hand #HD1146717617: Hold'em No Limit  ($0.02/$0.05) - 2023/03/05 09:42:10
Table 'NLHBlue25' 6-max Seat #5 is the button
Seat 1: 6272e527 ($4.78 in chips)
Seat 2: Hero ($6.51 in chips)
Seat 4: da424f48 ($4.8 in chips)
Seat 5: e16ed4ae ($5 in chips)
Seat 6: 2743b733 ($12.55 in chips)
2743b733: posts small blind $0.02
6272e527: posts big blind $0.05
*** HOLE CARDS ***
Dealt to 6272e527 
Dealt to Hero [7h 3c]
Dealt to da424f48 
Dealt to e16ed4ae 
Dealt to 2743b733 
Hero: folds
da424f48: folds
e16ed4ae: folds
2743b733: folds
Uncalled bet ($0.03) returned to 6272e527
*** SHOWDOWN ***
6272e527 collected $0.04 from pot
*** SUMMARY ***
Total pot $0.04 | Rake $0 | Jackpot $0 | Bingo $0 | Fortune $0
Seat 1: 6272e527 (big blind) collected ($0.04)
Seat 2: Hero folded before Flop (didn't bet)
Seat 4: da424f48 folded before Flop (didn't bet)
Seat 5: e16ed4ae (button) folded before Flop (didn't bet)
Seat 6: 2743b733 (small blind) folded before Flop


Poker Hand #HD1146717537: Hold'em No Limit  ($0.02/$0.05) - 2023/03/05 09:41:28
Table 'NLHBlue25' 6-max Seat #4 is the button
Seat 1: 6272e527 ($4.78 in chips)
Seat 2: Hero ($6.51 in chips)
Seat 4: da424f48 ($4.93 in chips)
Seat 5: e16ed4ae ($5.02 in chips)
Seat 6: 2743b733 ($12.05 in chips)
e16ed4ae: posts small blind $0.02
2743b733: posts big blind $0.05
*** HOLE CARDS ***
Dealt to 6272e527 
Dealt to Hero [4d 3s]
Dealt to da424f48 
Dealt to e16ed4ae 
Dealt to 2743b733 
6272e527: folds
Hero: folds
da424f48: raises $0.08 to $0.13
e16ed4ae: raises $0.28 to $0.41
2743b733: raises $0.89 to $1.3
da424f48: folds
e16ed4ae: folds
Uncalled bet ($0.89) returned to 2743b733
*** SHOWDOWN ***
2743b733 collected $0.91 from pot
*** SUMMARY ***
Total pot $0.95 | Rake $0.04 | Jackpot $0 | Bingo $0 | Fortune $0
Seat 1: 6272e527 folded before Flop (didn't bet)
Seat 2: Hero folded before Flop (didn't bet)
Seat 4: da424f48 (button) folded before Flop
Seat 5: e16ed4ae (small blind) folded before Flop
Seat 6: 2743b733 (big blind) collected ($0.91)


Poker Hand #HD1146717498: Hold'em No Limit  ($0.02/$0.05) - 2023/03/05 09:41:11
Table 'NLHBlue25' 6-max Seat #2 is the button
Seat 1: 6272e527 ($4.78 in chips)
Seat 2: Hero ($6.51 in chips)
Seat 4: da424f48 ($4.95 in chips)
Seat 5: e16ed4ae ($5 in chips)
Seat 6: 2743b733 ($12.05 in chips)
da424f48: posts small blind $0.02
e16ed4ae: posts big blind $0.05
*** HOLE CARDS ***
Dealt to 6272e527 
Dealt to Hero [3d 5h]
Dealt to da424f48 
Dealt to e16ed4ae 
Dealt to 2743b733 
2743b733: folds
6272e527: folds
Hero: folds
da424f48: folds
Uncalled bet ($0.03) returned to e16ed4ae
*** SHOWDOWN ***
e16ed4ae collected $0.04 from pot
*** SUMMARY ***
Total pot $0.04 | Rake $0 | Jackpot $0 | Bingo $0 | Fortune $0
Seat 1: 6272e527 folded before Flop (didn't bet)
Seat 2: Hero (button) folded before Flop (didn't bet)
Seat 4: da424f48 (small blind) folded before Flop
Seat 5: e16ed4ae (big blind) collected ($0.04)
Seat 6: 2743b733 folded before Flop (didn't bet)


Poker Hand #HD1146717446: Hold'em No Limit  ($0.02/$0.05) - 2023/03/05 09:40:46
Table 'NLHBlue25' 6-max Seat #1 is the button
Seat 1: 6272e527 ($5.34 in chips)
Seat 2: Hero ($5.95 in chips)
Seat 4: da424f48 ($5 in chips)
Seat 6: 2743b733 ($12.05 in chips)
Hero: posts small blind $0.02
da424f48: posts big blind $0.05
*** HOLE CARDS ***
Dealt to 6272e527 
Dealt to Hero [As Js]
Dealt to da424f48 
Dealt to 2743b733 
2743b733: folds
6272e527: raises $0.1 to $0.15
Hero: raises $0.41 to $0.56
da424f48: folds
6272e527: calls $0.41
*** FLOP *** [5h 2h 5c]
Hero: bets $0.59
6272e527: folds
Uncalled bet ($0.59) returned to Hero
*** SHOWDOWN ***
Hero collected $1.12 from pot
*** SUMMARY ***
Total pot $1.17 | Rake $0.05 | Jackpot $0 | Bingo $0 | Fortune $0
Board [5h 2h 5c]
Seat 1: 6272e527 (button) folded on the Flop
Seat 2: Hero (small blind) won ($1.12)
Seat 4: da424f48 (big blind) folded before Flop
Seat 6: 2743b733 folded before Flop (didn't bet)


Poker Hand #HD1146717419: Hold'em No Limit  ($0.02/$0.05) - 2023/03/05 09:40:32
Table 'NLHBlue25' 6-max Seat #6 is the button
Seat 1: 6272e527 ($5.36 in chips)
Seat 2: Hero ($5.93 in chips)
Seat 6: 2743b733 ($12.05 in chips)
6272e527: posts small blind $0.02
Hero: posts big blind $0.05
*** HOLE CARDS ***
Dealt to 6272e527 
Dealt to Hero [Td 7d]
Dealt to 2743b733 
2743b733: folds
6272e527: folds
Uncalled bet ($0.03) returned to Hero
*** SHOWDOWN ***
Hero collected $0.04 from pot
*** SUMMARY ***
Total pot $0.04 | Rake $0 | Jackpot $0 | Bingo $0 | Fortune $0
Seat 1: 6272e527 (small blind) folded before Flop
Seat 2: Hero (big blind) collected ($0.04)
Seat 6: 2743b733 (button) folded before Flop (didn't bet)


Poker Hand #HD1146717332: Hold'em No Limit  ($0.02/$0.05) - 2023/03/05 09:39:53
Table 'NLHBlue25' 6-max Seat #2 is the button
Seat 1: 6272e527 ($5.51 in chips)
Seat 2: Hero ($5.93 in chips)
Seat 6: 2743b733 ($11.91 in chips)
2743b733: posts small blind $0.02
6272e527: posts big blind $0.05
*** HOLE CARDS ***
Dealt to 6272e527 
Dealt to Hero [5d Ah]
Dealt to 2743b733 
Hero: folds
2743b733: raises $0.1 to $0.15
6272e527: calls $0.1
*** FLOP *** [5h Qh 4s]
2743b733: checks
6272e527: checks
*** TURN *** [5h Qh 4s] [As]
2743b733: bets $0.23
6272e527: folds
Uncalled bet ($0.23) returned to 2743b733
*** SHOWDOWN ***
2743b733 collected $0.29 from pot
*** SUMMARY ***
Total pot $0.3 | Rake $0.01 | Jackpot $0 | Bingo $0 | Fortune $0
Board [5h Qh 4s As]
Seat 1: 6272e527 (big blind) folded on the Turn
Seat 2: Hero (button) folded before Flop (didn't bet)
Seat 6: 2743b733 (small blind) won ($0.29)


Poker Hand #HD1146717306: Hold'em No Limit  ($0.02/$0.05) - 2023/03/05 09:39:42
Table 'NLHBlue25' 6-max Seat #1 is the button
Seat 1: 6272e527 ($5.51 in chips)
Seat 2: Hero ($5.88 in chips)
Seat 6: 2743b733 ($11.96 in chips)
Hero: posts small blind $0.02
2743b733: posts big blind $0.05
*** HOLE CARDS ***
Dealt to 6272e527 
Dealt to Hero [Qd Qc]
Dealt to 2743b733 
6272e527: folds
Hero: raises $0.11 to $0.16
2743b733: folds
Uncalled bet ($0.11) returned to Hero
*** SHOWDOWN ***
Hero collected $0.1 from pot
*** SUMMARY ***
Total pot $0.1 | Rake $0 | Jackpot $0 | Bingo $0 | Fortune $0
Seat 1: 6272e527 (button) folded before Flop (didn't bet)
Seat 2: Hero (small blind) collected ($0.1)
Seat 6: 2743b733 (big blind) folded before Flop


Poker Hand #HD1146717276: Hold'em No Limit  ($0.02/$0.05) - 2023/03/05 09:39:30
Table 'NLHBlue25' 6-max Seat #6 is the button
Seat 1: 6272e527 ($5.53 in chips)
Seat 2: Hero ($5.86 in chips)
Seat 6: 2743b733 ($11.96 in chips)
6272e527: posts small blind $0.02
Hero: posts big blind $0.05
*** HOLE CARDS ***
Dealt to 6272e527 
Dealt to Hero [5h Qd]
Dealt to 2743b733 
2743b733: folds
6272e527: folds
Uncalled bet ($0.03) returned to Hero
*** SHOWDOWN ***
Hero collected $0.04 from pot
*** SUMMARY ***
Total pot $0.04 | Rake $0 | Jackpot $0 | Bingo $0 | Fortune $0
Seat 1: 6272e527 (small blind) folded before Flop
Seat 2: Hero (big blind) collected ($0.04)
Seat 6: 2743b733 (button) folded before Flop (didn't bet)


Poker Hand #HD1146717261: Hold'em No Limit  ($0.02/$0.05) - 2023/03/05 09:39:22
Table 'NLHBlue25' 6-max Seat #5 is the button
Seat 1: 6272e527 ($5.51 in chips)
Seat 2: Hero ($5.86 in chips)
Seat 5: 8af51a76 ($5 in chips)
Seat 6: 2743b733 ($11.98 in chips)
2743b733: posts small blind $0.02
6272e527: posts big blind $0.05
*** HOLE CARDS ***
Dealt to 6272e527 
Dealt to Hero [3c 9h]
Dealt to 8af51a76 
Dealt to 2743b733 
Hero: folds
8af51a76: folds
2743b733: folds
Uncalled bet ($0.03) returned to 6272e527
*** SHOWDOWN ***
6272e527 collected $0.04 from pot
*** SUMMARY ***
Total pot $0.04 | Rake $0 | Jackpot $0 | Bingo $0 | Fortune $0
Seat 1: 6272e527 (big blind) collected ($0.04)
Seat 2: Hero folded before Flop (didn't bet)
Seat 5: 8af51a76 (button) folded before Flop (didn't bet)
Seat 6: 2743b733 (small blind) folded before Flop


Poker Hand #HD1146717140: Hold'em No Limit  ($0.02/$0.05) - 2023/03/05 09:38:25
Table 'NLHBlue25' 6-max Seat #2 is the button
Seat 1: 6272e527 ($5.51 in chips)
Seat 2: Hero ($5.86 in chips)
Seat 5: 8af51a76 ($5.35 in chips)
Seat 6: 2743b733 ($7.18 in chips)
8af51a76: posts small blind $0.02
2743b733: posts big blind $0.05
*** HOLE CARDS ***
Dealt to 6272e527 
Dealt to Hero [2s Jc]
Dealt to 8af51a76 
Dealt to 2743b733 
6272e527: folds
Hero: folds
8af51a76: raises $0.05 to $0.1
2743b733: calls $0.05
*** FLOP *** [Jh Qc 9s]
8af51a76: bets $0.08
2743b733: calls $0.08
*** TURN *** [Jh Qc 9s] [Kc]
8af51a76: bets $0.36
2743b733: raises $1.04 to $1.4
8af51a76: calls $1.04
*** RIVER *** [Jh Qc 9s Kc] [5h]
8af51a76: checks
2743b733: bets $5.6 and is all-in
8af51a76: calls $3.77 and is all-in
Uncalled bet ($1.83) returned to 2743b733
2743b733: shows [As Td] (Aces-High Straight)
8af51a76: shows [Kh Qs] (Pair of Kings and Pair of Queens)
*** SHOWDOWN ***
2743b733 collected $10.15 from pot
*** SUMMARY ***
Total pot $10.7 | Rake $0.5 | Jackpot $0.05 | Bingo $0 | Fortune $0
Board [Jh Qc 9s Kc 5h]
Seat 1: 6272e527 folded before Flop (didn't bet)
Seat 2: Hero (button) folded before Flop (didn't bet)
Seat 5: 8af51a76 (small blind) showed [Kh Qs] and lost with Pair of Kings and Pair of Queens
Seat 6: 2743b733 (big blind) showed [As Td] and won ($10.15) with Aces-High Straight


Poker Hand #HD1146717067: Hold'em No Limit  ($0.02/$0.05) - 2023/03/05 09:37:52
Table 'NLHBlue25' 6-max Seat #1 is the button
Seat 1: 6272e527 ($5.51 in chips)
Seat 2: Hero ($5.88 in chips)
Seat 5: 8af51a76 ($5.21 in chips)
Seat 6: 2743b733 ($7.31 in chips)
Hero: posts small blind $0.02
8af51a76: posts big blind $0.05
*** HOLE CARDS ***
Dealt to 6272e527 
Dealt to Hero [6d Jh]
Dealt to 8af51a76 
Dealt to 2743b733 
2743b733: raises $0.08 to $0.13
6272e527: folds
Hero: folds
8af51a76: calls $0.08
*** FLOP *** [Ts 9h Kc]
8af51a76: bets $0.1
2743b733: folds
Uncalled bet ($0.1) returned to 8af51a76
*** SHOWDOWN ***
8af51a76 collected $0.27 from pot
*** SUMMARY ***
Total pot $0.28 | Rake $0.01 | Jackpot $0 | Bingo $0 | Fortune $0
Board [Ts 9h Kc]
Seat 1: 6272e527 (button) folded before Flop (didn't bet)
Seat 2: Hero (small blind) folded before Flop
Seat 5: 8af51a76 (big blind) won ($0.27)
Seat 6: 2743b733 folded on the Flop


Poker Hand #HD1146717053: Hold'em No Limit  ($0.02/$0.05) - 2023/03/05 09:37:46
Table 'NLHBlue25' 6-max Seat #6 is the button
Seat 1: 6272e527 ($5.53 in chips)
Seat 2: Hero ($5.86 in chips)
Seat 5: 8af51a76 ($5.21 in chips)
Seat 6: 2743b733 ($7.31 in chips)
6272e527: posts small blind $0.02
Hero: posts big blind $0.05
*** HOLE CARDS ***
Dealt to 6272e527 
Dealt to Hero [5s Qd]
Dealt to 8af51a76 
Dealt to 2743b733 
8af51a76: folds
2743b733: folds
6272e527: folds
Uncalled bet ($0.03) returned to Hero
*** SHOWDOWN ***
Hero collected $0.04 from pot
*** SUMMARY ***
Total pot $0.04 | Rake $0 | Jackpot $0 | Bingo $0 | Fortune $0
Seat 1: 6272e527 (small blind) folded before Flop
Seat 2: Hero (big blind) collected ($0.04)
Seat 5: 8af51a76 folded before Flop (didn't bet)
Seat 6: 2743b733 (button) folded before Flop (didn't bet)


Poker Hand #HD1146716961: Hold'em No Limit  ($0.02/$0.05) - 2023/03/05 09:36:54
Table 'NLHBlue25' 6-max Seat #5 is the button
Seat 1: 6272e527 ($6.16 in chips)
Seat 2: Hero ($5.86 in chips)
Seat 5: 8af51a76 ($5.21 in chips)
Seat 6: 2743b733 ($6.74 in chips)
2743b733: posts small blind $0.02
6272e527: posts big blind $0.05
*** HOLE CARDS ***
Dealt to 6272e527 
Dealt to Hero [6c 9h]
Dealt to 8af51a76 
Dealt to 2743b733 
Hero: folds
8af51a76: folds
2743b733: raises $0.1 to $0.15
6272e527: calls $0.1
*** FLOP *** [5h Ks 8d]
2743b733: bets $0.1
6272e527: calls $0.1
*** TURN *** [5h Ks 8d] [8s]
2743b733: bets $0.38
6272e527: calls $0.38
*** RIVER *** [5h Ks 8d 8s] [6s]
2743b733: checks
6272e527: checks
2743b733: shows [Jh 8h] (Three Eights)
6272e527: shows [Qs Kh] (Pair of Kings and Pair of Eights)
*** SHOWDOWN ***
2743b733 collected $1.2 from pot
*** SUMMARY ***
Total pot $1.26 | Rake $0.06 | Jackpot $0 | Bingo $0 | Fortune $0
Board [5h Ks 8d 8s 6s]
Seat 1: 6272e527 (big blind) showed [Qs Kh] and lost with Pair of Kings and Pair of Eights
Seat 2: Hero folded before Flop (didn't bet)
Seat 5: 8af51a76 (button) folded before Flop (didn't bet)
Seat 6: 2743b733 (small blind) showed [Jh 8h] and won ($1.2) with Three Eights


Poker Hand #HD1146716925: Hold'em No Limit  ($0.02/$0.05) - 2023/03/05 09:36:42
Table 'NLHBlue25' 6-max Seat #2 is the button
Seat 1: 6272e527 ($6.16 in chips)
Seat 2: Hero ($5.86 in chips)
Seat 5: 8af51a76 ($5.23 in chips)
Seat 6: 2743b733 ($6.72 in chips)
8af51a76: posts small blind $0.02
2743b733: posts big blind $0.05
*** HOLE CARDS ***
Dealt to 6272e527 
Dealt to Hero [3d Ts]
Dealt to 8af51a76 
Dealt to 2743b733 
6272e527: folds
Hero: folds
8af51a76: folds
Uncalled bet ($0.03) returned to 2743b733
*** SHOWDOWN ***
2743b733 collected $0.04 from pot
*** SUMMARY ***
Total pot $0.04 | Rake $0 | Jackpot $0 | Bingo $0 | Fortune $0
Seat 1: 6272e527 folded before Flop (didn't bet)
Seat 2: Hero (button) folded before Flop (didn't bet)
Seat 5: 8af51a76 (small blind) folded before Flop
Seat 6: 2743b733 (big blind) collected ($0.04)


Poker Hand #HD1146716899: Hold'em No Limit  ($0.02/$0.05) - 2023/03/05 09:36:29
Table 'NLHBlue25' 6-max Seat #1 is the button
Seat 1: 6272e527 ($6.16 in chips)
Seat 2: Hero ($5.81 in chips)
Seat 5: 8af51a76 ($5.28 in chips)
Seat 6: 2743b733 ($6.72 in chips)
Hero: posts small blind $0.02
8af51a76: posts big blind $0.05
*** HOLE CARDS ***
Dealt to 6272e527 
Dealt to Hero [2c 2h]
Dealt to 8af51a76 
Dealt to 2743b733 
2743b733: folds
6272e527: folds
Hero: raises $0.09 to $0.14
8af51a76: folds
Uncalled bet ($0.09) returned to Hero
*** SHOWDOWN ***
Hero collected $0.1 from pot
*** SUMMARY ***
Total pot $0.1 | Rake $0 | Jackpot $0 | Bingo $0 | Fortune $0
Seat 1: 6272e527 (button) folded before Flop (didn't bet)
Seat 2: Hero (small blind) collected ($0.1)
Seat 5: 8af51a76 (big blind) folded before Flop
Seat 6: 2743b733 folded before Flop (didn't bet)


Poker Hand #HD1146716846: Hold'em No Limit  ($0.02/$0.05) - 2023/03/05 09:35:58
Table 'NLHBlue25' 6-max Seat #6 is the button
Seat 1: 6272e527 ($5.79 in chips)
Seat 2: Hero ($5.86 in chips)
Seat 5: 8af51a76 ($5.63 in chips)
Seat 6: 2743b733 ($6.72 in chips)
6272e527: posts small blind $0.02
Hero: posts big blind $0.05
*** HOLE CARDS ***
Dealt to 6272e527 
Dealt to Hero [Tc 2c]
Dealt to 8af51a76 
Dealt to 2743b733 
8af51a76: raises $0.05 to $0.1
2743b733: folds
6272e527: raises $0.25 to $0.35
Hero: folds
8af51a76: calls $0.25
*** FLOP *** [9h 2s 6s]
6272e527: bets $0.57
8af51a76: folds
Uncalled bet ($0.57) returned to 6272e527
*** SHOWDOWN ***
6272e527 collected $0.72 from pot
*** SUMMARY ***
Total pot $0.75 | Rake $0.03 | Jackpot $0 | Bingo $0 | Fortune $0
Board [9h 2s 6s]
Seat 1: 6272e527 (small blind) won ($0.72)
Seat 2: Hero (big blind) folded before Flop
Seat 5: 8af51a76 folded on the Flop
Seat 6: 2743b733 (button) folded before Flop (didn't bet)


Poker Hand #HD1146716818: Hold'em No Limit  ($0.02/$0.05) - 2023/03/05 09:35:48
Table 'NLHBlue25' 6-max Seat #5 is the button
Seat 1: 6272e527 ($5.77 in chips)
Seat 2: Hero ($5.86 in chips)
Seat 5: 8af51a76 ($5.63 in chips)
Seat 6: 2743b733 ($6.74 in chips)
2743b733: posts small blind $0.02
6272e527: posts big blind $0.05
*** HOLE CARDS ***
Dealt to 6272e527 
Dealt to Hero [7c 3c]
Dealt to 8af51a76 
Dealt to 2743b733 
Hero: folds
8af51a76: folds
2743b733: folds
Uncalled bet ($0.03) returned to 6272e527
*** SHOWDOWN ***
6272e527 collected $0.04 from pot
*** SUMMARY ***
Total pot $0.04 | Rake $0 | Jackpot $0 | Bingo $0 | Fortune $0
Seat 1: 6272e527 (big blind) collected ($0.04)
Seat 2: Hero folded before Flop (didn't bet)
Seat 5: 8af51a76 (button) folded before Flop (didn't bet)
Seat 6: 2743b733 (small blind) folded before Flop


Poker Hand #HD1146716793: Hold'em No Limit  ($0.02/$0.05) - 2023/03/05 09:35:33
Table 'NLHBlue25' 6-max Seat #2 is the button
Seat 1: 6272e527 ($5.77 in chips)
Seat 2: Hero ($5.79 in chips)
Seat 5: 8af51a76 ($5.65 in chips)
Seat 6: 2743b733 ($6.79 in chips)
8af51a76: posts small blind $0.02
2743b733: posts big blind $0.05
*** HOLE CARDS ***
Dealt to 6272e527 
Dealt to Hero [Ac Js]
Dealt to 8af51a76 
Dealt to 2743b733 
6272e527: folds
Hero: raises $0.07 to $0.12
8af51a76: folds
2743b733: folds
Uncalled bet ($0.07) returned to Hero
*** SHOWDOWN ***
Hero collected $0.12 from pot
*** SUMMARY ***
Total pot $0.12 | Rake $0 | Jackpot $0 | Bingo $0 | Fortune $0
Seat 1: 6272e527 folded before Flop (didn't bet)
Seat 2: Hero (button) collected ($0.12)
Seat 5: 8af51a76 (small blind) folded before Flop
Seat 6: 2743b733 (big blind) folded before Flop


Poker Hand #HD1146716769: Hold'em No Limit  ($0.02/$0.05) - 2023/03/05 09:35:22
Table 'NLHBlue25' 6-max Seat #1 is the button
Seat 1: 6272e527 ($5.77 in chips)
Seat 2: Hero ($5.81 in chips)
Seat 5: 8af51a76 ($5.63 in chips)
Seat 6: 2743b733 ($6.79 in chips)
Hero: posts small blind $0.02
8af51a76: posts big blind $0.05
*** HOLE CARDS ***
Dealt to 6272e527 
Dealt to Hero [5s Jh]
Dealt to 8af51a76 
Dealt to 2743b733 
2743b733: folds
6272e527: folds
Hero: folds
Uncalled bet ($0.03) returned to 8af51a76
*** SHOWDOWN ***
8af51a76 collected $0.04 from pot
*** SUMMARY ***
Total pot $0.04 | Rake $0 | Jackpot $0 | Bingo $0 | Fortune $0
Seat 1: 6272e527 (button) folded before Flop (didn't bet)
Seat 2: Hero (small blind) folded before Flop
Seat 5: 8af51a76 (big blind) collected ($0.04)
Seat 6: 2743b733 folded before Flop (didn't bet)


Poker Hand #HD1146716738: Hold'em No Limit  ($0.02/$0.05) - 2023/03/05 09:35:13
Table 'NLHBlue25' 6-max Seat #6 is the button
Seat 1: 6272e527 ($5.79 in chips)
Seat 2: Hero ($5.79 in chips)
Seat 5: 8af51a76 ($5.63 in chips)
Seat 6: 2743b733 ($6.79 in chips)
6272e527: posts small blind $0.02
Hero: posts big blind $0.05
*** HOLE CARDS ***
Dealt to 6272e527 
Dealt to Hero [4c 3h]
Dealt to 8af51a76 
Dealt to 2743b733 
8af51a76: folds
2743b733: folds
6272e527: folds
Uncalled bet ($0.03) returned to Hero
*** SHOWDOWN ***
Hero collected $0.04 from pot
*** SUMMARY ***
Total pot $0.04 | Rake $0 | Jackpot $0 | Bingo $0 | Fortune $0
Seat 1: 6272e527 (small blind) folded before Flop
Seat 2: Hero (big blind) collected ($0.04)
Seat 5: 8af51a76 folded before Flop (didn't bet)
Seat 6: 2743b733 (button) folded before Flop (didn't bet)


Poker Hand #HD1146716652: Hold'em No Limit  ($0.02/$0.05) - 2023/03/05 09:34:28
Table 'NLHBlue25' 6-max Seat #5 is the button
Seat 1: 6272e527 ($5.84 in chips)
Seat 2: Hero ($5.25 in chips)
Seat 5: 8af51a76 ($5.63 in chips)
Seat 6: 2743b733 ($7.33 in chips)
2743b733: posts small blind $0.02
6272e527: posts big blind $0.05
*** HOLE CARDS ***
Dealt to 6272e527 
Dealt to Hero [6d 7d]
Dealt to 8af51a76 
Dealt to 2743b733 
Hero: raises $0.07 to $0.12
8af51a76: folds
2743b733: raises $0.42 to $0.54
6272e527: folds
Hero: calls $0.42
*** FLOP *** [8h 5d Td]
2743b733: checks
Hero: bets $0.85
2743b733: folds
Uncalled bet ($0.85) returned to Hero
*** SHOWDOWN ***
Hero collected $1.08 from pot
*** SUMMARY ***
Total pot $1.13 | Rake $0.05 | Jackpot $0 | Bingo $0 | Fortune $0
Board [8h 5d Td]
Seat 1: 6272e527 (big blind) folded before Flop
Seat 2: Hero won ($1.08)
Seat 5: 8af51a76 (button) folded before Flop (didn't bet)
Seat 6: 2743b733 (small blind) folded on the Flop


Poker Hand #HD1146716627: Hold'em No Limit  ($0.02/$0.05) - 2023/03/05 09:34:14
Table 'NLHBlue25' 6-max Seat #2 is the button
Seat 1: 6272e527 ($5.84 in chips)
Seat 2: Hero ($5.25 in chips)
Seat 5: 8af51a76 ($5.65 in chips)
Seat 6: 2743b733 ($7.31 in chips)
8af51a76: posts small blind $0.02
2743b733: posts big blind $0.05
*** HOLE CARDS ***
Dealt to 6272e527 
Dealt to Hero [7d 2h]
Dealt to 8af51a76 
Dealt to 2743b733 
6272e527: folds
Hero: folds
8af51a76: folds
Uncalled bet ($0.03) returned to 2743b733
*** SHOWDOWN ***
2743b733 collected $0.04 from pot
*** SUMMARY ***
Total pot $0.04 | Rake $0 | Jackpot $0 | Bingo $0 | Fortune $0
Seat 1: 6272e527 folded before Flop (didn't bet)
Seat 2: Hero (button) folded before Flop (didn't bet)
Seat 5: 8af51a76 (small blind) folded before Flop
Seat 6: 2743b733 (big blind) collected ($0.04)


Poker Hand #HD1146716566: Hold'em No Limit  ($0.02/$0.05) - 2023/03/05 09:33:43
Table 'NLHBlue25' 6-max Seat #1 is the button
Seat 1: 6272e527 ($5.97 in chips)
Seat 2: Hero ($5.27 in chips)
Seat 5: 8af51a76 ($5.7 in chips)
Seat 6: 2743b733 ($7.12 in chips)
Hero: posts small blind $0.02
8af51a76: posts big blind $0.05
*** HOLE CARDS ***
Dealt to 6272e527 
Dealt to Hero [4d 5s]
Dealt to 8af51a76 
Dealt to 2743b733 
2743b733: raises $0.08 to $0.13
6272e527: calls $0.13
Hero: folds
8af51a76: folds
*** FLOP *** [Kc Ts 8c]
2743b733: bets $0.25
6272e527: folds
Uncalled bet ($0.25) returned to 2743b733
*** SHOWDOWN ***
2743b733 collected $0.32 from pot
*** SUMMARY ***
Total pot $0.33 | Rake $0.01 | Jackpot $0 | Bingo $0 | Fortune $0
Board [Kc Ts 8c]
Seat 1: 6272e527 (button) folded on the Flop
Seat 2: Hero (small blind) folded before Flop
Seat 5: 8af51a76 (big blind) folded before Flop
Seat 6: 2743b733 won ($0.32)


Poker Hand #HD1146716526: Hold'em No Limit  ($0.02/$0.05) - 2023/03/05 09:33:19
Table 'NLHBlue25' 6-max Seat #6 is the button
Seat 1: 6272e527 ($5.83 in chips)
Seat 2: Hero ($5.42 in chips)
Seat 5: 8af51a76 ($5.7 in chips)
Seat 6: 2743b733 ($7.12 in chips)
6272e527: posts small blind $0.02
Hero: posts big blind $0.05
*** HOLE CARDS ***
Dealt to 6272e527 
Dealt to Hero [3s 3c]
Dealt to 8af51a76 
Dealt to 2743b733 
8af51a76: folds
2743b733: folds
6272e527: raises $0.1 to $0.15
Hero: calls $0.1
*** FLOP *** [Tc Qc 2h]
6272e527: bets $0.15
Hero: folds
Uncalled bet ($0.15) returned to 6272e527
*** SHOWDOWN ***
6272e527 collected $0.29 from pot
*** SUMMARY ***
Total pot $0.3 | Rake $0.01 | Jackpot $0 | Bingo $0 | Fortune $0
Board [Tc Qc 2h]
Seat 1: 6272e527 (small blind) won ($0.29)
Seat 2: Hero (big blind) folded on the Flop
Seat 5: 8af51a76 folded before Flop (didn't bet)
Seat 6: 2743b733 (button) folded before Flop (didn't bet)


Poker Hand #HD1146716512: Hold'em No Limit  ($0.02/$0.05) - 2023/03/05 09:33:09
Table 'NLHBlue25' 6-max Seat #5 is the button
Seat 1: 6272e527 ($5.81 in chips)
Seat 2: Hero ($5.42 in chips)
Seat 5: 8af51a76 ($5.7 in chips)
Seat 6: 2743b733 ($7.14 in chips)
2743b733: posts small blind $0.02
6272e527: posts big blind $0.05
*** HOLE CARDS ***
Dealt to 6272e527 
Dealt to Hero [5s Ac]
Dealt to 8af51a76 
Dealt to 2743b733 
Hero: folds
8af51a76: folds
2743b733: folds
Uncalled bet ($0.03) returned to 6272e527
*** SHOWDOWN ***
6272e527 collected $0.04 from pot
*** SUMMARY ***
Total pot $0.04 | Rake $0 | Jackpot $0 | Bingo $0 | Fortune $0
Seat 1: 6272e527 (big blind) collected ($0.04)
Seat 2: Hero folded before Flop (didn't bet)
Seat 5: 8af51a76 (button) folded before Flop (didn't bet)
Seat 6: 2743b733 (small blind) folded before Flop


Poker Hand #HD1146716430: Hold'em No Limit  ($0.02/$0.05) - 2023/03/05 09:32:31
Table 'NLHBlue25' 6-max Seat #2 is the button
Seat 1: 6272e527 ($5.81 in chips)
Seat 2: Hero ($5.54 in chips)
Seat 5: 8af51a76 ($5.47 in chips)
Seat 6: 2743b733 ($7.26 in chips)
8af51a76: posts small blind $0.02
2743b733: posts big blind $0.05
*** HOLE CARDS ***
Dealt to 6272e527 
Dealt to Hero [7h Kh]
Dealt to 8af51a76 
Dealt to 2743b733 
6272e527: folds
Hero: raises $0.07 to $0.12
8af51a76: calls $0.1
2743b733: calls $0.07
*** FLOP *** [3c 2h Js]
8af51a76: bets $0.12
2743b733: folds
Hero: folds
Uncalled bet ($0.12) returned to 8af51a76
*** SHOWDOWN ***
8af51a76 collected $0.35 from pot
*** SUMMARY ***
Total pot $0.36 | Rake $0.01 | Jackpot $0 | Bingo $0 | Fortune $0
Board [3c 2h Js]
Seat 1: 6272e527 folded before Flop (didn't bet)
Seat 2: Hero (button) folded on the Flop
Seat 5: 8af51a76 (small blind) won ($0.35)
Seat 6: 2743b733 (big blind) folded on the Flop


Poker Hand #HD1146716396: Hold'em No Limit  ($0.02/$0.05) - 2023/03/05 09:32:12
Table 'NLHBlue25' 6-max Seat #1 is the button
Seat 1: 6272e527 ($5.81 in chips)
Seat 2: Hero ($5.56 in chips)
Seat 5: 8af51a76 ($5.45 in chips)
Seat 6: 2743b733 ($7.26 in chips)
Hero: posts small blind $0.02
8af51a76: posts big blind $0.05
*** HOLE CARDS ***
Dealt to 6272e527 
Dealt to Hero [7h Qd]
Dealt to 8af51a76 
Dealt to 2743b733 
2743b733: folds
6272e527: folds
Hero: folds
Uncalled bet ($0.03) returned to 8af51a76
*** SHOWDOWN ***
8af51a76 collected $0.04 from pot
*** SUMMARY ***
Total pot $0.04 | Rake $0 | Jackpot $0 | Bingo $0 | Fortune $0
Seat 1: 6272e527 (button) folded before Flop (didn't bet)
Seat 2: Hero (small blind) folded before Flop
Seat 5: 8af51a76 (big blind) collected ($0.04)
Seat 6: 2743b733 folded before Flop (didn't bet)


Poker Hand #HD1146716354: Hold'em No Limit  ($0.02/$0.05) - 2023/03/05 09:31:50
Table 'NLHBlue25' 6-max Seat #6 is the button
Seat 1: 6272e527 ($5.83 in chips)
Seat 2: Hero ($5.61 in chips)
Seat 5: 8af51a76 ($5.45 in chips)
Seat 6: 2743b733 ($7.19 in chips)
6272e527: posts small blind $0.02
Hero: posts big blind $0.05
*** HOLE CARDS ***
Dealt to 6272e527 
Dealt to Hero [6c Qh]
Dealt to 8af51a76 
Dealt to 2743b733 
8af51a76: folds
2743b733: raises $0.08 to $0.13
6272e527: folds
Hero: folds
Uncalled bet ($0.08) returned to 2743b733
*** SHOWDOWN ***
2743b733 collected $0.12 from pot
*** SUMMARY ***
Total pot $0.12 | Rake $0 | Jackpot $0 | Bingo $0 | Fortune $0
Seat 1: 6272e527 (small blind) folded before Flop
Seat 2: Hero (big blind) folded before Flop
Seat 5: 8af51a76 folded before Flop (didn't bet)
Seat 6: 2743b733 (button) collected ($0.12)


Poker Hand #HD1146716283: Hold'em No Limit  ($0.02/$0.05) - 2023/03/05 09:31:21
Table 'NLHBlue25' 6-max Seat #5 is the button
Seat 1: 6272e527 ($5.81 in chips)
Seat 2: Hero ($5.61 in chips)
Seat 5: 8af51a76 ($5.45 in chips)
Seat 6: 2743b733 ($7.21 in chips)
2743b733: posts small blind $0.02
6272e527: posts big blind $0.05
*** HOLE CARDS ***
Dealt to 6272e527 
Dealt to Hero [2h Kh]
Dealt to 8af51a76 
Dealt to 2743b733 
Hero: folds
8af51a76: folds
2743b733: folds
Uncalled bet ($0.03) returned to 6272e527
*** SHOWDOWN ***
6272e527 collected $0.04 from pot
*** SUMMARY ***
Total pot $0.04 | Rake $0 | Jackpot $0 | Bingo $0 | Fortune $0
Seat 1: 6272e527 (big blind) collected ($0.04)
Seat 2: Hero folded before Flop (didn't bet)
Seat 5: 8af51a76 (button) folded before Flop (didn't bet)
Seat 6: 2743b733 (small blind) folded before Flop


Poker Hand #HD1146716154: Hold'em No Limit  ($0.02/$0.05) - 2023/03/05 09:30:19
Table 'NLHBlue25' 6-max Seat #2 is the button
Seat 1: 6272e527 ($5.94 in chips)
Seat 2: Hero ($5.61 in chips)
Seat 3: 9eb1776b ($2.04 in chips)
Seat 4: e76dcfcf ($1.51 in chips)
Seat 5: 8af51a76 ($5.45 in chips)
Seat 6: 2743b733 ($5 in chips)
9eb1776b: posts small blind $0.02
e76dcfcf: posts big blind $0.05
*** HOLE CARDS ***
Dealt to 6272e527 
Dealt to Hero [4d Ks]
Dealt to 9eb1776b 
Dealt to e76dcfcf 
Dealt to 8af51a76 
Dealt to 2743b733 
8af51a76: folds
2743b733: raises $0.08 to $0.13
6272e527: calls $0.13
Hero: folds
9eb1776b: calls $0.11
e76dcfcf: calls $0.08
*** FLOP *** [Ac 4s 3d]
9eb1776b: bets $0.18
e76dcfcf: calls $0.18
2743b733: raises $0.52 to $0.7
6272e527: folds
9eb1776b: calls $0.52
e76dcfcf: folds
*** TURN *** [Ac 4s 3d] [Ts]
9eb1776b: checks
2743b733: bets $4.17 and is all-in
9eb1776b: calls $1.21 and is all-in
Uncalled bet ($2.96) returned to 2743b733
2743b733: shows [As Kh] (Pair of Aces)
9eb1776b: shows [9c Ah] (Pair of Aces)
*** FIRST RIVER *** [Ac 4s 3d Ts] [5d]
*** SECOND RIVER *** [Ac 4s 3d Ts] [7d]
*** FIRST SHOWDOWN ***
2743b733 collected $2.13 from pot
*** SECOND SHOWDOWN ***
2743b733 collected $2.12 from pot
*** SUMMARY ***
Total pot $4.52 | Rake $0.22 | Jackpot $0.05 | Bingo $0 | Fortune $0
Hand was run two times
FIRST Board [Ac 4s 3d Ts 5d]
SECOND Board [7d]
Seat 1: 6272e527 folded on the Flop
Seat 2: Hero (button) folded before Flop (didn't bet)
Seat 3: 9eb1776b (small blind) showed [9c Ah] and lost with Pair of Aces, and lost
Seat 4: e76dcfcf (big blind) folded on the Flop
Seat 5: 8af51a76 folded before Flop (didn't bet)
Seat 6: 2743b733 showed [As Kh] and won ($2.13) with Pair of Aces, and won ($2.12)


Poker Hand #HD1146716066: Hold'em No Limit  ($0.02/$0.05) - 2023/03/05 09:29:36
Table 'NLHBlue25' 6-max Seat #1 is the button
Seat 1: 6272e527 ($5.94 in chips)
Seat 2: Hero ($5.63 in chips)
Seat 3: 9eb1776b ($2.85 in chips)
Seat 4: e76dcfcf ($0.81 in chips)
Seat 5: 8af51a76 ($5.45 in chips)
Seat 6: 2743b733 ($5 in chips)
Hero: posts small blind $0.02
9eb1776b: posts big blind $0.05
*** HOLE CARDS ***
Dealt to 6272e527 
Dealt to Hero [9d Qd]
Dealt to 9eb1776b 
Dealt to e76dcfcf 
Dealt to 8af51a76 
Dealt to 2743b733 
e76dcfcf: raises $0.76 to $0.81 and is all-in
8af51a76: folds
2743b733: folds
6272e527: folds
Hero: folds
9eb1776b: calls $0.76
e76dcfcf: shows [5h 5d]
9eb1776b: shows [9h 7h]
*** FLOP *** [4h Ts 2d]
*** TURN *** [4h Ts 2d] [Th]
*** RIVER *** [4h Ts 2d Th] [4c]
*** SHOWDOWN ***
e76dcfcf collected $1.51 from pot
*** SUMMARY ***
Total pot $1.64 | Rake $0.08 | Jackpot $0.05 | Bingo $0 | Fortune $0
Board [4h Ts 2d Th 4c]
Seat 1: 6272e527 (button) folded before Flop (didn't bet)
Seat 2: Hero (small blind) folded before Flop
Seat 3: 9eb1776b (big blind) showed [9h 7h] and lost with Pair of Tens and Pair of Fours
Seat 4: e76dcfcf showed [5h 5d] and won ($1.51) with Pair of Tens and Pair of Fives
Seat 5: 8af51a76 folded before Flop (didn't bet)
Seat 6: 2743b733 folded before Flop (didn't bet)


Poker Hand #HD1146716044: Hold'em No Limit  ($0.02/$0.05) - 2023/03/05 09:29:25
Table 'NLHBlue25' 6-max Seat #6 is the button
Seat 1: 6272e527 ($5.96 in chips)
Seat 2: Hero ($5.61 in chips)
Seat 3: 9eb1776b ($2.85 in chips)
Seat 4: e76dcfcf ($0.81 in chips)
Seat 5: 8af51a76 ($5.45 in chips)
Seat 6: 2743b733 ($5 in chips)
6272e527: posts small blind $0.02
Hero: posts big blind $0.05
*** HOLE CARDS ***
Dealt to 6272e527 
Dealt to Hero [6d Th]
Dealt to 9eb1776b 
Dealt to e76dcfcf 
Dealt to 8af51a76 
Dealt to 2743b733 
9eb1776b: folds
e76dcfcf: folds
8af51a76: folds
2743b733: folds
6272e527: folds
Uncalled bet ($0.03) returned to Hero
*** SHOWDOWN ***
Hero collected $0.04 from pot
*** SUMMARY ***
Total pot $0.04 | Rake $0 | Jackpot $0 | Bingo $0 | Fortune $0
Seat 1: 6272e527 (small blind) folded before Flop
Seat 2: Hero (big blind) collected ($0.04)
Seat 3: 9eb1776b folded before Flop (didn't bet)
Seat 4: e76dcfcf folded before Flop (didn't bet)
Seat 5: 8af51a76 folded before Flop (didn't bet)
Seat 6: 2743b733 (button) folded before Flop (didn't bet)


Poker Hand #HD1146715947: Hold'em No Limit  ($0.02/$0.05) - 2023/03/05 09:28:41
Table 'NLHBlue25' 6-max Seat #5 is the button
Seat 1: 6272e527 ($6.06 in chips)
Seat 2: Hero ($5.61 in chips)
Seat 3: 9eb1776b ($2.66 in chips)
Seat 4: e76dcfcf ($0.81 in chips)
Seat 5: 8af51a76 ($5.45 in chips)
Seat 6: 2743b733 ($5 in chips)
2743b733: posts small blind $0.02
6272e527: posts big blind $0.05
*** HOLE CARDS ***
Dealt to 6272e527 
Dealt to Hero [Jh 4h]
Dealt to 9eb1776b 
Dealt to e76dcfcf 
Dealt to 8af51a76 
Dealt to 2743b733 
Hero: folds
9eb1776b: calls $0.05
e76dcfcf: folds
8af51a76: folds
2743b733: calls $0.03
6272e527: checks
*** FLOP *** [Kh 4c Jd]
2743b733: checks
6272e527: checks
9eb1776b: bets $0.05
2743b733: calls $0.05
6272e527: calls $0.05
*** TURN *** [Kh 4c Jd] [5h]
2743b733: checks
6272e527: checks
9eb1776b: bets $0.3
2743b733: folds
6272e527: folds
Uncalled bet ($0.3) returned to 9eb1776b
*** SHOWDOWN ***
9eb1776b collected $0.29 from pot
*** SUMMARY ***
Total pot $0.3 | Rake $0.01 | Jackpot $0 | Bingo $0 | Fortune $0
Board [Kh 4c Jd 5h]
Seat 1: 6272e527 (big blind) folded on the Turn
Seat 2: Hero folded before Flop (didn't bet)
Seat 3: 9eb1776b won ($0.29)
Seat 4: e76dcfcf folded before Flop (didn't bet)
Seat 5: 8af51a76 (button) folded before Flop (didn't bet)
Seat 6: 2743b733 (small blind) folded on the Turn


Poker Hand #HD1146715870: Hold'em No Limit  ($0.02/$0.05) - 2023/03/05 09:28:00
Table 'NLHBlue25' 6-max Seat #4 is the button
Seat 1: 6272e527 ($6.06 in chips)
Seat 2: Hero ($5.61 in chips)
Seat 3: 9eb1776b ($2.26 in chips)
Seat 4: e76dcfcf ($1.18 in chips)
Seat 5: 8af51a76 ($5.47 in chips)
Seat 6: 2743b733 ($5.05 in chips)
8af51a76: posts small blind $0.02
2743b733: posts big blind $0.05
*** HOLE CARDS ***
Dealt to 6272e527 
Dealt to Hero [Ac 9h]
Dealt to 9eb1776b 
Dealt to e76dcfcf 
Dealt to 8af51a76 
Dealt to 2743b733 
6272e527: folds
Hero: folds
9eb1776b: calls $0.05
e76dcfcf: raises $0.05 to $0.1
8af51a76: folds
2743b733: folds
9eb1776b: calls $0.05
*** FLOP *** [3c 4c Js]
9eb1776b: bets $0.27
e76dcfcf: calls $0.27
*** TURN *** [3c 4c Js] [6c]
9eb1776b: bets $0.27
e76dcfcf: folds
Uncalled bet ($0.27) returned to 9eb1776b
*** SHOWDOWN ***
9eb1776b collected $0.77 from pot
*** SUMMARY ***
Total pot $0.81 | Rake $0.04 | Jackpot $0 | Bingo $0 | Fortune $0
Board [3c 4c Js 6c]
Seat 1: 6272e527 folded before Flop (didn't bet)
Seat 2: Hero folded before Flop (didn't bet)
Seat 3: 9eb1776b won ($0.77)
Seat 4: e76dcfcf (button) folded on the Turn
Seat 5: 8af51a76 (small blind) folded before Flop
Seat 6: 2743b733 (big blind) folded before Flop


Poker Hand #HD1146715787: Hold'em No Limit  ($0.02/$0.05) - 2023/03/05 09:27:16
Table 'NLHBlue25' 6-max Seat #3 is the button
Seat 1: 6272e527 ($6.06 in chips)
Seat 2: Hero ($5.61 in chips)
Seat 3: 9eb1776b ($2.51 in chips)
Seat 4: e76dcfcf ($1.43 in chips)
Seat 5: 8af51a76 ($5 in chips)
Seat 6: 2743b733 ($5.05 in chips)
e76dcfcf: posts small blind $0.02
8af51a76: posts big blind $0.05
*** HOLE CARDS ***
Dealt to 6272e527 
Dealt to Hero [Qd 7h]
Dealt to 9eb1776b 
Dealt to e76dcfcf 
Dealt to 8af51a76 
Dealt to 2743b733 
2743b733: folds
6272e527: folds
Hero: folds
9eb1776b: calls $0.05
e76dcfcf: calls $0.03
8af51a76: raises $0.05 to $0.1
9eb1776b: calls $0.05
e76dcfcf: calls $0.05
*** FLOP *** [Ac 7d 7s]
e76dcfcf: bets $0.15
8af51a76: calls $0.15
9eb1776b: calls $0.15
*** TURN *** [Ac 7d 7s] [Jc]
e76dcfcf: checks
8af51a76: bets $0.26
9eb1776b: folds
e76dcfcf: folds
Uncalled bet ($0.26) returned to 8af51a76
*** SHOWDOWN ***
8af51a76 collected $0.72 from pot
*** SUMMARY ***
Total pot $0.75 | Rake $0.03 | Jackpot $0 | Bingo $0 | Fortune $0
Board [Ac 7d 7s Jc]
Seat 1: 6272e527 folded before Flop (didn't bet)
Seat 2: Hero folded before Flop (didn't bet)
Seat 3: 9eb1776b (button) folded on the Turn
Seat 4: e76dcfcf (small blind) folded on the Turn
Seat 5: 8af51a76 (big blind) won ($0.72)
Seat 6: 2743b733 folded before Flop (didn't bet)


Poker Hand #HD1146715683: Hold'em No Limit  ($0.02/$0.05) - 2023/03/05 09:26:28
Table 'NLHBlue25' 6-max Seat #2 is the button
Seat 1: 6272e527 ($6.06 in chips)
Seat 2: Hero ($5.05 in chips)
Seat 3: 9eb1776b ($2.81 in chips)
Seat 4: e76dcfcf ($1.73 in chips)
Seat 5: 94a5df7d ($10.25 in chips)
Seat 6: 2743b733 ($5.05 in chips)
9eb1776b: posts small blind $0.02
e76dcfcf: posts big blind $0.05
*** HOLE CARDS ***
Dealt to 6272e527 
Dealt to Hero [Ac 9h]
Dealt to 9eb1776b 
Dealt to e76dcfcf 
Dealt to 94a5df7d 
Dealt to 2743b733 
94a5df7d: folds
2743b733: folds
6272e527: folds
Hero: raises $0.07 to $0.12
9eb1776b: calls $0.1
e76dcfcf: calls $0.07
*** FLOP *** [Ad 6d 4c]
9eb1776b: checks
e76dcfcf: bets $0.18
Hero: calls $0.18
9eb1776b: calls $0.18
*** TURN *** [Ad 6d 4c] [Ah]
9eb1776b: checks
e76dcfcf: checks
Hero: bets $0.68
9eb1776b: folds
e76dcfcf: folds
Uncalled bet ($0.68) returned to Hero
*** SHOWDOWN ***
Hero collected $0.86 from pot
*** SUMMARY ***
Total pot $0.9 | Rake $0.04 | Jackpot $0 | Bingo $0 | Fortune $0
Board [Ad 6d 4c Ah]
Seat 1: 6272e527 folded before Flop (didn't bet)
Seat 2: Hero (button) won ($0.86)
Seat 3: 9eb1776b (small blind) folded on the Turn
Seat 4: e76dcfcf (big blind) folded on the Turn
Seat 5: 94a5df7d folded before Flop (didn't bet)
Seat 6: 2743b733 folded before Flop (didn't bet)


Poker Hand #HD1146645596: Hold'em No Limit  ($0.02/$0.05) - 2023/03/05 09:25:51
Table 'NLHBlue25' 6-max Seat #1 is the button
Seat 1: 6272e527 ($6.06 in chips)
Seat 2: Hero ($5.07 in chips)
Seat 3: 9eb1776b ($2.94 in chips)
Seat 4: e76dcfcf ($1.73 in chips)
Seat 5: 94a5df7d ($10.11 in chips)
Seat 6: 2743b733 ($5.05 in chips)
Hero: posts small blind $0.02
9eb1776b: posts big blind $0.05
*** HOLE CARDS ***
Dealt to 6272e527 
Dealt to Hero [8s 9h]
Dealt to 9eb1776b 
Dealt to e76dcfcf 
Dealt to 94a5df7d 
Dealt to 2743b733 
e76dcfcf: folds
94a5df7d: raises $0.08 to $0.13
2743b733: folds
6272e527: folds
Hero: folds
9eb1776b: calls $0.08
*** FLOP *** [3d Ts 5c]
9eb1776b: checks
94a5df7d: bets $0.1
9eb1776b: folds
Uncalled bet ($0.1) returned to 94a5df7d
*** SHOWDOWN ***
94a5df7d collected $0.27 from pot
*** SUMMARY ***
Total pot $0.28 | Rake $0.01 | Jackpot $0 | Bingo $0 | Fortune $0
Board [3d Ts 5c]
Seat 1: 6272e527 (button) folded before Flop (didn't bet)
Seat 2: Hero (small blind) folded before Flop
Seat 3: 9eb1776b (big blind) folded on the Flop
Seat 4: e76dcfcf folded before Flop (didn't bet)
Seat 5: 94a5df7d won ($0.27)
Seat 6: 2743b733 folded before Flop (didn't bet)


Poker Hand #HD1146645453: Hold'em No Limit  ($0.02/$0.05) - 2023/03/05 09:24:44
Table 'NLHBlue25' 6-max Seat #6 is the button
Seat 1: 6272e527 ($6.08 in chips)
Seat 2: Hero ($4.69 in chips)
Seat 3: 9eb1776b ($2.99 in chips)
Seat 4: e76dcfcf ($1.73 in chips)
Seat 5: 94a5df7d ($10.11 in chips)
Seat 6: 2743b733 ($5.05 in chips)
6272e527: posts small blind $0.02
Hero: posts big blind $0.05
*** HOLE CARDS ***
Dealt to 6272e527 
Dealt to Hero [7d Ah]
Dealt to 9eb1776b 
Dealt to e76dcfcf 
Dealt to 94a5df7d 
Dealt to 2743b733 
9eb1776b: calls $0.05
e76dcfcf: folds
94a5df7d: folds
2743b733: folds
6272e527: folds
Hero: checks
*** FLOP *** [2c Js 8c]
Hero: checks
9eb1776b: checks
*** TURN *** [2c Js 8c] [5s]
Hero: checks
9eb1776b: checks
*** RIVER *** [2c Js 8c 5s] [3s]
Hero: checks
9eb1776b: checks
Hero: shows [7d Ah] (Ace-High)
9eb1776b: shows [Ac 6h] (Ace-High)
*** SHOWDOWN ***
Hero collected $0.12 from pot
*** SUMMARY ***
Total pot $0.12 | Rake $0 | Jackpot $0 | Bingo $0 | Fortune $0
Board [2c Js 8c 5s 3s]
Seat 1: 6272e527 (small blind) folded before Flop
Seat 2: Hero (big blind) showed [7d Ah] and won ($0.12) with Ace-High
Seat 3: 9eb1776b showed [Ac 6h] and lost with Ace-High
Seat 4: e76dcfcf folded before Flop (didn't bet)
Seat 5: 94a5df7d folded before Flop (didn't bet)
Seat 6: 2743b733 (button) folded before Flop (didn't bet)


Poker Hand #HD1146645315: Hold'em No Limit  ($0.02/$0.05) - 2023/03/05 09:23:40
Table 'NLHBlue25' 6-max Seat #5 is the button
Seat 1: 6272e527 ($5.48 in chips)
Seat 2: Hero ($5 in chips)
Seat 3: 9eb1776b ($2.99 in chips)
Seat 4: e76dcfcf ($2.04 in chips)
Seat 5: 94a5df7d ($10.11 in chips)
Seat 6: 2743b733 ($5.07 in chips)
2743b733: posts small blind $0.02
6272e527: posts big blind $0.05
*** HOLE CARDS ***
Dealt to 6272e527 
Dealt to Hero [Ac Kc]
Dealt to 9eb1776b 
Dealt to e76dcfcf 
Dealt to 94a5df7d 
Dealt to 2743b733 
Hero: raises $0.07 to $0.12
9eb1776b: folds
e76dcfcf: calls $0.12
94a5df7d: folds
2743b733: folds
6272e527: calls $0.07
*** FLOP *** [7d Jd Jh]
6272e527: checks
Hero: bets $0.19
e76dcfcf: calls $0.19
6272e527: calls $0.19
*** TURN *** [7d Jd Jh] [4s]
6272e527: checks
Hero: checks
e76dcfcf: checks
*** RIVER *** [7d Jd Jh 4s] [Jc]
6272e527: checks
Hero: checks
e76dcfcf: checks
6272e527: shows [4d 3d] (Jacks Full over Fours)
Hero: shows [Ac Kc] (Three Jacks)
e76dcfcf: shows [9c Qh] (Three Jacks)
*** SHOWDOWN ***
6272e527 collected $0.91 from pot
*** SUMMARY ***
Total pot $0.95 | Rake $0.04 | Jackpot $0 | Bingo $0 | Fortune $0
Board [7d Jd Jh 4s Jc]
Seat 1: 6272e527 (big blind) showed [4d 3d] and won ($0.91) with Jacks Full over Fours
Seat 2: Hero showed [Ac Kc] and lost with Three Jacks
Seat 3: 9eb1776b folded before Flop (didn't bet)
Seat 4: e76dcfcf showed [9c Qh] and lost with Three Jacks
Seat 5: 94a5df7d (button) folded before Flop (didn't bet)
Seat 6: 2743b733 (small blind) folded before Flop


Poker Hand #HD1146645237: Hold'em No Limit  ($0.02/$0.05) - 2023/03/05 09:23:02
Table 'NLHBlue25' 6-max Seat #4 is the button
Seat 1: 6272e527 ($5.48 in chips)
Seat 2: Hero ($5 in chips)
Seat 3: 9eb1776b ($2.92 in chips)
Seat 4: e76dcfcf ($2.04 in chips)
Seat 5: 94a5df7d ($10.13 in chips)
Seat 6: 2743b733 ($5.12 in chips)
94a5df7d: posts small blind $0.02
2743b733: posts big blind $0.05
*** HOLE CARDS ***
Dealt to 6272e527 
Dealt to Hero [7d As]
Dealt to 9eb1776b 
Dealt to e76dcfcf 
Dealt to 94a5df7d 
Dealt to 2743b733 
6272e527: folds
Hero: folds
9eb1776b: calls $0.05
e76dcfcf: folds
94a5df7d: folds
2743b733: checks
*** FLOP *** [Ad 2s 8c]
2743b733: checks
9eb1776b: bets $0.06
2743b733: folds
Uncalled bet ($0.06) returned to 9eb1776b
*** SHOWDOWN ***
9eb1776b collected $0.12 from pot
*** SUMMARY ***
Total pot $0.12 | Rake $0 | Jackpot $0 | Bingo $0 | Fortune $0
Board [Ad 2s 8c]
Seat 1: 6272e527 folded before Flop (didn't bet)
Seat 2: Hero folded before Flop (didn't bet)
Seat 3: 9eb1776b won ($0.12)
Seat 4: e76dcfcf (button) folded before Flop (didn't bet)
Seat 5: 94a5df7d (small blind) folded before Flop
Seat 6: 2743b733 (big blind) folded on the Flop


Poker Hand #HD1146645149: Hold'em No Limit  ($0.02/$0.05) - 2023/03/05 09:22:24
Table 'NLHBlue25' 6-max Seat #3 is the button
Seat 1: 6272e527 ($5.48 in chips)
Seat 2: Hero ($5 in chips)
Seat 3: 9eb1776b ($2.92 in chips)
Seat 4: e76dcfcf ($2.14 in chips)
Seat 5: 94a5df7d ($10.04 in chips)
Seat 6: 2743b733 ($5.12 in chips)
e76dcfcf: posts small blind $0.02
94a5df7d: posts big blind $0.05
*** HOLE CARDS ***
Dealt to 6272e527 
Dealt to Hero [9s 6s]
Dealt to 9eb1776b 
Dealt to e76dcfcf 
Dealt to 94a5df7d 
Dealt to 2743b733 
2743b733: folds
6272e527: folds
Hero: folds
9eb1776b: folds
e76dcfcf: raises $0.05 to $0.1
94a5df7d: raises $0.21 to $0.31
e76dcfcf: folds
Uncalled bet ($0.21) returned to 94a5df7d
e76dcfcf: shows [4d Jc]
*** SHOWDOWN ***
94a5df7d collected $0.19 from pot
*** SUMMARY ***
Total pot $0.2 | Rake $0.01 | Jackpot $0 | Bingo $0 | Fortune $0
Seat 1: 6272e527 folded before Flop (didn't bet)
Seat 2: Hero folded before Flop (didn't bet)
Seat 3: 9eb1776b (button) folded before Flop (didn't bet)
Seat 4: e76dcfcf (small blind) folded before Flop
Seat 5: 94a5df7d (big blind) collected ($0.19)
Seat 6: 2743b733 folded before Flop (didn't bet)


Poker Hand #HD1146644933: Hold'em No Limit  ($0.02/$0.05) - 2023/03/05 09:20:41
Table 'NLHBlue25' 6-max Seat #2 is the button
Seat 1: 6272e527 ($5.63 in chips)
Seat 2: Hero ($5 in chips)
Seat 3: 9eb1776b ($3.92 in chips)
Seat 4: e76dcfcf ($1 in chips)
Seat 5: 94a5df7d ($10.04 in chips)
Seat 6: 2743b733 ($5.12 in chips)
9eb1776b: posts small blind $0.02
e76dcfcf: posts big blind $0.05
*** HOLE CARDS ***
Dealt to 6272e527 
Dealt to Hero [9h Jh]
Dealt to 9eb1776b 
Dealt to e76dcfcf 
Dealt to 94a5df7d 
Dealt to 2743b733 
94a5df7d: folds
2743b733: folds
6272e527: raises $0.1 to $0.15
Hero: calls $0.15
9eb1776b: calls $0.13
e76dcfcf: calls $0.1
*** FLOP *** [3c Qd 8d]
9eb1776b: checks
e76dcfcf: checks
6272e527: checks
Hero: checks
*** TURN *** [3c Qd 8d] [5h]
9eb1776b: checks
e76dcfcf: bets $0.3
6272e527: folds
Hero: folds
9eb1776b: calls $0.3
*** RIVER *** [3c Qd 8d 5h] [6c]
9eb1776b: bets $0.4
e76dcfcf: raises $0.15 to $0.55 and is all-in
9eb1776b: calls $0.15
e76dcfcf: shows [4c 7s] (Eights-High Straight)
9eb1776b: shows [3d Kc] (Pair of Treys)
*** SHOWDOWN ***
e76dcfcf collected $2.14 from pot
*** SUMMARY ***
Total pot $2.3 | Rake $0.11 | Jackpot $0.05 | Bingo $0 | Fortune $0
Board [3c Qd 8d 5h 6c]
Seat 1: 6272e527 folded on the Turn
Seat 2: Hero (button) folded on the Turn
Seat 3: 9eb1776b (small blind) showed [3d Kc] and lost with Pair of Treys
Seat 4: e76dcfcf (big blind) showed [4c 7s] and won ($2.14) with Eights-High Straight
Seat 5: 94a5df7d folded before Flop (didn't bet)
Seat 6: 2743b733 folded before Flop (didn't bet)


Poker Hand #HD1146644881: Hold'em No Limit  ($0.02/$0.05) - 2023/03/05 09:20:12
Table 'NLHBlue25' 6-max Seat #1 is the button
Seat 1: 6272e527 ($5.63 in chips)
Seat 2: Hero ($5.02 in chips)
Seat 3: 9eb1776b ($4.05 in chips)
Seat 5: 94a5df7d ($9.9 in chips)
Seat 6: 2743b733 ($5.12 in chips)
Hero: posts small blind $0.02
9eb1776b: posts big blind $0.05
*** HOLE CARDS ***
Dealt to 6272e527 
Dealt to Hero [7h 5d]
Dealt to 9eb1776b 
Dealt to 94a5df7d 
Dealt to 2743b733 
94a5df7d: raises $0.08 to $0.13
2743b733: folds
6272e527: folds
Hero: folds
9eb1776b: calls $0.08
*** FLOP *** [6s 6h As]
9eb1776b: checks
94a5df7d: bets $0.1
9eb1776b: folds
Uncalled bet ($0.1) returned to 94a5df7d
*** SHOWDOWN ***
94a5df7d collected $0.27 from pot
*** SUMMARY ***
Total pot $0.28 | Rake $0.01 | Jackpot $0 | Bingo $0 | Fortune $0
Board [6s 6h As]
Seat 1: 6272e527 (button) folded before Flop (didn't bet)
Seat 2: Hero (small blind) folded before Flop
Seat 3: 9eb1776b (big blind) folded on the Flop
Seat 5: 94a5df7d won ($0.27)
Seat 6: 2743b733 folded before Flop (didn't bet)


Poker Hand #HD1146644840: Hold'em No Limit  ($0.02/$0.05) - 2023/03/05 09:19:51
Table 'NLHBlue25' 6-max Seat #6 is the button
Seat 1: 6272e527 ($5.65 in chips)
Seat 2: Hero ($5.07 in chips)
Seat 3: 9eb1776b ($3.98 in chips)
Seat 5: 94a5df7d ($9.9 in chips)
Seat 6: 2743b733 ($5.12 in chips)
6272e527: posts small blind $0.02
Hero: posts big blind $0.05
*** HOLE CARDS ***
Dealt to 6272e527 
Dealt to Hero [3c Kh]
Dealt to 9eb1776b 
Dealt to 94a5df7d 
Dealt to 2743b733 
9eb1776b: raises $0.1 to $0.15
94a5df7d: folds
2743b733: folds
6272e527: folds
Hero: folds
Uncalled bet ($0.1) returned to 9eb1776b
*** SHOWDOWN ***
9eb1776b collected $0.12 from pot
*** SUMMARY ***
Total pot $0.12 | Rake $0 | Jackpot $0 | Bingo $0 | Fortune $0
Seat 1: 6272e527 (small blind) folded before Flop
Seat 2: Hero (big blind) folded before Flop
Seat 3: 9eb1776b collected ($0.12)
Seat 5: 94a5df7d folded before Flop (didn't bet)
Seat 6: 2743b733 (button) folded before Flop (didn't bet)


Poker Hand #HD1146644765: Hold'em No Limit  ($0.02/$0.05) - 2023/03/05 09:19:16
Table 'NLHBlue25' 6-max Seat #5 is the button
Seat 1: 6272e527 ($5.7 in chips)
Seat 2: Hero ($5.07 in chips)
Seat 3: 9eb1776b ($4.35 in chips)
Seat 5: 94a5df7d ($9.5 in chips)
Seat 6: 2743b733 ($5.14 in chips)
2743b733: posts small blind $0.02
6272e527: posts big blind $0.05
9eb1776b: posts big blind $0.05
*** HOLE CARDS ***
Dealt to 6272e527 
Dealt to Hero [9s 5d]
Dealt to 9eb1776b 
Dealt to 94a5df7d 
Dealt to 2743b733 
Hero: folds
9eb1776b: raises $0.05 to $0.1
94a5df7d: raises $0.27 to $0.37
2743b733: folds
6272e527: folds
9eb1776b: calls $0.27
*** FLOP *** [8c 4c 6c]
9eb1776b: checks
94a5df7d: bets $0.28
9eb1776b: folds
Uncalled bet ($0.28) returned to 94a5df7d
*** SHOWDOWN ***
94a5df7d collected $0.77 from pot
*** SUMMARY ***
Total pot $0.81 | Rake $0.04 | Jackpot $0 | Bingo $0 | Fortune $0
Board [8c 4c 6c]
Seat 1: 6272e527 (big blind) folded before Flop
Seat 2: Hero folded before Flop (didn't bet)
Seat 3: 9eb1776b folded on the Flop
Seat 5: 94a5df7d (button) won ($0.77)
Seat 6: 2743b733 (small blind) folded before Flop


Poker Hand #HD1146644725: Hold'em No Limit  ($0.02/$0.05) - 2023/03/05 09:18:58
Table 'NLHBlue25' 6-max Seat #2 is the button
Seat 1: 6272e527 ($5.7 in chips)
Seat 2: Hero ($5 in chips)
Seat 5: 94a5df7d ($9.52 in chips)
Seat 6: 2743b733 ($5.19 in chips)
94a5df7d: posts small blind $0.02
2743b733: posts big blind $0.05
*** HOLE CARDS ***
Dealt to 6272e527 
Dealt to Hero [Jc Th]
Dealt to 94a5df7d 
Dealt to 2743b733 
6272e527: folds
Hero: raises $0.07 to $0.12
94a5df7d: folds
2743b733: folds
Uncalled bet ($0.07) returned to Hero
*** SHOWDOWN ***
Hero collected $0.12 from pot
*** SUMMARY ***
Total pot $0.12 | Rake $0 | Jackpot $0 | Bingo $0 | Fortune $0
Seat 1: 6272e527 folded before Flop (didn't bet)
Seat 2: Hero (button) collected ($0.12)
Seat 5: 94a5df7d (small blind) folded before Flop
Seat 6: 2743b733 (big blind) folded before Flop


Poker Hand #HD1146644701: Hold'em No Limit  ($0.02/$0.05) - 2023/03/05 09:18:49
Table 'NLHBlue25' 6-max Seat #1 is the button
Seat 1: 6272e527 ($5.7 in chips)
Seat 2: Hero ($5 in chips)
Seat 5: 94a5df7d ($9.5 in chips)
Seat 6: 2743b733 ($5.19 in chips)
Hero: posts small blind $0.02
94a5df7d: posts big blind $0.05
*** HOLE CARDS ***
Dealt to 6272e527 
Dealt to Hero [3d 8h]
Dealt to 94a5df7d 
Dealt to 2743b733 
2743b733: folds
6272e527: folds
Hero: folds
Uncalled bet ($0.03) returned to 94a5df7d
*** SHOWDOWN ***
94a5df7d collected $0.04 from pot
*** SUMMARY ***
Total pot $0.04 | Rake $0 | Jackpot $0 | Bingo $0 | Fortune $0
Seat 1: 6272e527 (button) folded before Flop (didn't bet)
Seat 2: Hero (small blind) folded before Flop
Seat 5: 94a5df7d (big blind) collected ($0.04)
Seat 6: 2743b733 folded before Flop (didn't bet)


Poker Hand #HD1146644654: Hold'em No Limit  ($0.02/$0.05) - 2023/03/05 09:18:24
Table 'NLHBlue25' 6-max Seat #6 is the button
Seat 1: 6272e527 ($5.72 in chips)
Seat 2: Hero ($5 in chips)
Seat 3: c97355b ($3.51 in chips)
Seat 4: 4b1908bd ($5.17 in chips)
Seat 5: 94a5df7d ($9.5 in chips)
Seat 6: 2743b733 ($5.12 in chips)
6272e527: posts small blind $0.02
Hero: posts big blind $0.05
*** HOLE CARDS ***
Dealt to 6272e527 
Dealt to Hero [2s 9s]
Dealt to c97355b 
Dealt to 4b1908bd 
Dealt to 94a5df7d 
Dealt to 2743b733 
c97355b: folds
4b1908bd: folds
94a5df7d: folds
2743b733: raises $0.05 to $0.1
6272e527: folds
Hero: folds
Uncalled bet ($0.05) returned to 2743b733
*** SHOWDOWN ***
2743b733 collected $0.12 from pot
*** SUMMARY ***
Total pot $0.12 | Rake $0 | Jackpot $0 | Bingo $0 | Fortune $0
Seat 1: 6272e527 (small blind) folded before Flop
Seat 2: Hero (big blind) folded before Flop
Seat 3: c97355b folded before Flop (didn't bet)
Seat 4: 4b1908bd folded before Flop (didn't bet)
Seat 5: 94a5df7d folded before Flop (didn't bet)
Seat 6: 2743b733 (button) collected ($0.12)


Poker Hand #HD1146644631: Hold'em No Limit  ($0.02/$0.05) - 2023/03/05 09:18:16
Table 'NLHBlue25' 6-max Seat #5 is the button
Seat 1: 6272e527 ($5.7 in chips)
Seat 2: Hero ($5 in chips)
Seat 3: c97355b ($3.51 in chips)
Seat 4: 4b1908bd ($5.17 in chips)
Seat 5: 94a5df7d ($9.5 in chips)
Seat 6: 2743b733 ($5.14 in chips)
2743b733: posts small blind $0.02
6272e527: posts big blind $0.05
*** HOLE CARDS ***
Dealt to 6272e527 
Dealt to Hero [4c 5d]
Dealt to c97355b 
Dealt to 4b1908bd 
Dealt to 94a5df7d 
Dealt to 2743b733 
Hero: folds
c97355b: folds
4b1908bd: folds
94a5df7d: folds
2743b733: folds
Uncalled bet ($0.03) returned to 6272e527
*** SHOWDOWN ***
6272e527 collected $0.04 from pot
*** SUMMARY ***
Total pot $0.04 | Rake $0 | Jackpot $0 | Bingo $0 | Fortune $0
Seat 1: 6272e527 (big blind) collected ($0.04)
Seat 2: Hero folded before Flop (didn't bet)
Seat 3: c97355b folded before Flop (didn't bet)
Seat 4: 4b1908bd folded before Flop (didn't bet)
Seat 5: 94a5df7d (button) folded before Flop (didn't bet)
Seat 6: 2743b733 (small blind) folded before Flop


Poker Hand #HD1146644603: Hold'em No Limit  ($0.02/$0.05) - 2023/03/05 09:18:01
Table 'NLHBlue25' 6-max Seat #4 is the button
Seat 1: 6272e527 ($5.7 in chips)
Seat 2: Hero ($5 in chips)
Seat 3: c97355b ($3.44 in chips)
Seat 4: 4b1908bd ($5.17 in chips)
Seat 5: 94a5df7d ($9.52 in chips)
Seat 6: 2743b733 ($5.19 in chips)
94a5df7d: posts small blind $0.02
2743b733: posts big blind $0.05
*** HOLE CARDS ***
Dealt to 6272e527 
Dealt to Hero [2s 9c]
Dealt to c97355b 
Dealt to 4b1908bd 
Dealt to 94a5df7d 
Dealt to 2743b733 
6272e527: folds
Hero: folds
c97355b: raises $0.06 to $0.11
4b1908bd: folds
94a5df7d: folds
2743b733: folds
Uncalled bet ($0.06) returned to c97355b
*** SHOWDOWN ***
c97355b collected $0.12 from pot
*** SUMMARY ***
Total pot $0.12 | Rake $0 | Jackpot $0 | Bingo $0 | Fortune $0
Seat 1: 6272e527 folded before Flop (didn't bet)
Seat 2: Hero folded before Flop (didn't bet)
Seat 3: c97355b collected ($0.12)
Seat 4: 4b1908bd (button) folded before Flop (didn't bet)
Seat 5: 94a5df7d (small blind) folded before Flop
Seat 6: 2743b733 (big blind) folded before Flop


Poker Hand #HD1146644551: Hold'em No Limit  ($0.02/$0.05) - 2023/03/05 09:17:40
Table 'NLHBlue25' 6-max Seat #3 is the button
Seat 1: 6272e527 ($5.7 in chips)
Seat 2: Hero ($5 in chips)
Seat 3: c97355b ($3.37 in chips)
Seat 4: 4b1908bd ($5.19 in chips)
Seat 5: 94a5df7d ($9.57 in chips)
Seat 6: 2743b733 ($5.19 in chips)
4b1908bd: posts small blind $0.02
94a5df7d: posts big blind $0.05
*** HOLE CARDS ***
Dealt to 6272e527 
Dealt to Hero [9s 4s]
Dealt to c97355b 
Dealt to 4b1908bd 
Dealt to 94a5df7d 
Dealt to 2743b733 
2743b733: folds
6272e527: folds
Hero: folds
c97355b: raises $0.06 to $0.11
4b1908bd: folds
94a5df7d: folds
Uncalled bet ($0.06) returned to c97355b
*** SHOWDOWN ***
c97355b collected $0.12 from pot
*** SUMMARY ***
Total pot $0.12 | Rake $0 | Jackpot $0 | Bingo $0 | Fortune $0
Seat 1: 6272e527 folded before Flop (didn't bet)
Seat 2: Hero folded before Flop (didn't bet)
Seat 3: c97355b (button) collected ($0.12)
Seat 4: 4b1908bd (small blind) folded before Flop
Seat 5: 94a5df7d (big blind) folded before Flop
Seat 6: 2743b733 folded before Flop (didn't bet)


Poker Hand #HD1146644534: Hold'em No Limit  ($0.02/$0.05) - 2023/03/05 09:17:31
Table 'NLHBlue25' 6-max Seat #2 is the button
Seat 1: 6272e527 ($5.7 in chips)
Seat 2: Hero ($5 in chips)
Seat 3: c97355b ($3.39 in chips)
Seat 4: 4b1908bd ($5.17 in chips)
Seat 5: 94a5df7d ($9.57 in chips)
Seat 6: 2743b733 ($5.19 in chips)
c97355b: posts small blind $0.02
4b1908bd: posts big blind $0.05
*** HOLE CARDS ***
Dealt to 6272e527 
Dealt to Hero [5c Js]
Dealt to c97355b 
Dealt to 4b1908bd 
Dealt to 94a5df7d 
Dealt to 2743b733 
94a5df7d: folds
2743b733: folds
6272e527: folds
Hero: folds
c97355b: folds
Uncalled bet ($0.03) returned to 4b1908bd
*** SHOWDOWN ***
4b1908bd collected $0.04 from pot
*** SUMMARY ***
Total pot $0.04 | Rake $0 | Jackpot $0 | Bingo $0 | Fortune $0
Seat 1: 6272e527 folded before Flop (didn't bet)
Seat 2: Hero (button) folded before Flop (didn't bet)
Seat 3: c97355b (small blind) folded before Flop
Seat 4: 4b1908bd (big blind) collected ($0.04)
Seat 5: 94a5df7d folded before Flop (didn't bet)
Seat 6: 2743b733 folded before Flop (didn't bet)


Poker Hand #HD1146644454: Hold'em No Limit  ($0.02/$0.05) - 2023/03/05 09:16:54
Table 'NLHBlue25' 6-max Seat #1 is the button
Seat 1: 6272e527 ($5.7 in chips)
Seat 2: Hero ($5.02 in chips)
Seat 3: c97355b ($3.52 in chips)
Seat 4: 4b1908bd ($5.17 in chips)
Seat 5: 94a5df7d ($9.43 in chips)
Seat 6: 2743b733 ($5.19 in chips)
Hero: posts small blind $0.02
c97355b: posts big blind $0.05
*** HOLE CARDS ***
Dealt to 6272e527 
Dealt to Hero [Jc 8s]
Dealt to c97355b 
Dealt to 4b1908bd 
Dealt to 94a5df7d 
Dealt to 2743b733 
4b1908bd: folds
94a5df7d: raises $0.08 to $0.13
2743b733: folds
6272e527: folds
Hero: folds
c97355b: calls $0.08
*** FLOP *** [Th 3h 7c]
c97355b: checks
94a5df7d: checks
*** TURN *** [Th 3h 7c] [Ad]
c97355b: checks
94a5df7d: bets $0.22
c97355b: folds
Uncalled bet ($0.22) returned to 94a5df7d
*** SHOWDOWN ***
94a5df7d collected $0.27 from pot
*** SUMMARY ***
Total pot $0.28 | Rake $0.01 | Jackpot $0 | Bingo $0 | Fortune $0
Board [Th 3h 7c Ad]
Seat 1: 6272e527 (button) folded before Flop (didn't bet)
Seat 2: Hero (small blind) folded before Flop
Seat 3: c97355b (big blind) folded on the Turn
Seat 4: 4b1908bd folded before Flop (didn't bet)
Seat 5: 94a5df7d won ($0.27)
Seat 6: 2743b733 folded before Flop (didn't bet)


Poker Hand #HD1146644389: Hold'em No Limit  ($0.02/$0.05) - 2023/03/05 09:16:26
Table 'NLHBlue25' 6-max Seat #6 is the button
Seat 1: 6272e527 ($5.83 in chips)
Seat 2: Hero ($5.07 in chips)
Seat 3: c97355b ($3.52 in chips)
Seat 4: 4b1908bd ($5.17 in chips)
Seat 5: 94a5df7d ($9.26 in chips)
Seat 6: 2743b733 ($5.19 in chips)
6272e527: posts small blind $0.02
Hero: posts big blind $0.05
*** HOLE CARDS ***
Dealt to 6272e527 
Dealt to Hero [9d 8s]
Dealt to c97355b 
Dealt to 4b1908bd 
Dealt to 94a5df7d 
Dealt to 2743b733 
c97355b: folds
4b1908bd: folds
94a5df7d: raises $0.08 to $0.13
2743b733: folds
6272e527: calls $0.11
Hero: folds
*** FLOP *** [Js 6c Qs]
6272e527: checks
94a5df7d: bets $0.12
6272e527: folds
Uncalled bet ($0.12) returned to 94a5df7d
*** SHOWDOWN ***
94a5df7d collected $0.3 from pot
*** SUMMARY ***
Total pot $0.31 | Rake $0.01 | Jackpot $0 | Bingo $0 | Fortune $0
Board [Js 6c Qs]
Seat 1: 6272e527 (small blind) folded on the Flop
Seat 2: Hero (big blind) folded before Flop
Seat 3: c97355b folded before Flop (didn't bet)
Seat 4: 4b1908bd folded before Flop (didn't bet)
Seat 5: 94a5df7d won ($0.3)
Seat 6: 2743b733 (button) folded before Flop (didn't bet)


Poker Hand #HD1146644351: Hold'em No Limit  ($0.02/$0.05) - 2023/03/05 09:16:13
Table 'NLHBlue25' 6-max Seat #5 is the button
Seat 1: 6272e527 ($5.88 in chips)
Seat 2: Hero ($5.07 in chips)
Seat 3: c97355b ($3.45 in chips)
Seat 4: 4b1908bd ($5.17 in chips)
Seat 5: 94a5df7d ($9.26 in chips)
Seat 6: 2743b733 ($5.21 in chips)
2743b733: posts small blind $0.02
6272e527: posts big blind $0.05
*** HOLE CARDS ***
Dealt to 6272e527 
Dealt to Hero [2c 5d]
Dealt to c97355b 
Dealt to 4b1908bd 
Dealt to 94a5df7d 
Dealt to 2743b733 
Hero: folds
c97355b: raises $0.06 to $0.11
4b1908bd: folds
94a5df7d: folds
2743b733: folds
6272e527: folds
Uncalled bet ($0.06) returned to c97355b
*** SHOWDOWN ***
c97355b collected $0.12 from pot
*** SUMMARY ***
Total pot $0.12 | Rake $0 | Jackpot $0 | Bingo $0 | Fortune $0
Seat 1: 6272e527 (big blind) folded before Flop
Seat 2: Hero folded before Flop (didn't bet)
Seat 3: c97355b collected ($0.12)
Seat 4: 4b1908bd folded before Flop (didn't bet)
Seat 5: 94a5df7d (button) folded before Flop (didn't bet)
Seat 6: 2743b733 (small blind) folded before Flop


Poker Hand #HD1146644328: Hold'em No Limit  ($0.02/$0.05) - 2023/03/05 09:16:02
Table 'NLHBlue25' 6-max Seat #4 is the button
Seat 1: 6272e527 ($5.88 in chips)
Seat 2: Hero ($5.07 in chips)
Seat 3: c97355b ($3.45 in chips)
Seat 4: 4b1908bd ($5.1 in chips)
Seat 5: 94a5df7d ($9.28 in chips)
Seat 6: 2743b733 ($5.26 in chips)
94a5df7d: posts small blind $0.02
2743b733: posts big blind $0.05
*** HOLE CARDS ***
Dealt to 6272e527 
Dealt to Hero [Qc 2s]
Dealt to c97355b 
Dealt to 4b1908bd 
Dealt to 94a5df7d 
Dealt to 2743b733 
6272e527: folds
Hero: folds
c97355b: folds
4b1908bd: raises $0.1 to $0.15
94a5df7d: folds
2743b733: folds
Uncalled bet ($0.1) returned to 4b1908bd
*** SHOWDOWN ***
4b1908bd collected $0.12 from pot
*** SUMMARY ***
Total pot $0.12 | Rake $0 | Jackpot $0 | Bingo $0 | Fortune $0
Seat 1: 6272e527 folded before Flop (didn't bet)
Seat 2: Hero folded before Flop (didn't bet)
Seat 3: c97355b folded before Flop (didn't bet)
Seat 4: 4b1908bd (button) collected ($0.12)
Seat 5: 94a5df7d (small blind) folded before Flop
Seat 6: 2743b733 (big blind) folded before Flop


Poker Hand #HD1146644263: Hold'em No Limit  ($0.02/$0.05) - 2023/03/05 09:15:35
Table 'NLHBlue25' 6-max Seat #3 is the button
Seat 1: 6272e527 ($5.88 in chips)
Seat 2: Hero ($5.07 in chips)
Seat 3: c97355b ($3.56 in chips)
Seat 4: 4b1908bd ($4.95 in chips)
Seat 5: 94a5df7d ($9.33 in chips)
Seat 6: 2743b733 ($5.26 in chips)
4b1908bd: posts small blind $0.02
94a5df7d: posts big blind $0.05
*** HOLE CARDS ***
Dealt to 6272e527 
Dealt to Hero [6h Td]
Dealt to c97355b 
Dealt to 4b1908bd 
Dealt to 94a5df7d 
Dealt to 2743b733 
2743b733: folds
6272e527: folds
Hero: folds
c97355b: raises $0.06 to $0.11
4b1908bd: raises $0.27 to $0.38
94a5df7d: folds
c97355b: folds
Uncalled bet ($0.27) returned to 4b1908bd
*** SHOWDOWN ***
4b1908bd collected $0.26 from pot
*** SUMMARY ***
Total pot $0.27 | Rake $0.01 | Jackpot $0 | Bingo $0 | Fortune $0
Seat 1: 6272e527 folded before Flop (didn't bet)
Seat 2: Hero folded before Flop (didn't bet)
Seat 3: c97355b (button) folded before Flop
Seat 4: 4b1908bd (small blind) collected ($0.26)
Seat 5: 94a5df7d (big blind) folded before Flop
Seat 6: 2743b733 folded before Flop (didn't bet)


Poker Hand #HD1146644189: Hold'em No Limit  ($0.02/$0.05) - 2023/03/05 09:15:03
Table 'NLHBlue25' 6-max Seat #2 is the button
Seat 1: 6272e527 ($5.88 in chips)
Seat 2: Hero ($5.07 in chips)
Seat 3: c97355b ($3.51 in chips)
Seat 4: 4b1908bd ($5 in chips)
Seat 5: 94a5df7d ($9.33 in chips)
Seat 6: 2743b733 ($5.26 in chips)
c97355b: posts small blind $0.02
4b1908bd: posts big blind $0.05
*** HOLE CARDS ***
Dealt to 6272e527 
Dealt to Hero [5d Jh]
Dealt to c97355b 
Dealt to 4b1908bd 
Dealt to 94a5df7d 
Dealt to 2743b733 
94a5df7d: folds
2743b733: folds
6272e527: folds
Hero: folds
c97355b: calls $0.03
4b1908bd: checks
*** FLOP *** [Th 9d 4c]
c97355b: checks
4b1908bd: checks
*** TURN *** [Th 9d 4c] [Qh]
c97355b: bets $0.05
4b1908bd: folds
Uncalled bet ($0.05) returned to c97355b
*** SHOWDOWN ***
c97355b collected $0.1 from pot
*** SUMMARY ***
Total pot $0.1 | Rake $0 | Jackpot $0 | Bingo $0 | Fortune $0
Board [Th 9d 4c Qh]
Seat 1: 6272e527 folded before Flop (didn't bet)
Seat 2: Hero (button) folded before Flop (didn't bet)
Seat 3: c97355b (small blind) won ($0.1)
Seat 4: 4b1908bd (big blind) folded on the Turn
Seat 5: 94a5df7d folded before Flop (didn't bet)
Seat 6: 2743b733 folded before Flop (didn't bet)


Poker Hand #HD1146644152: Hold'em No Limit  ($0.02/$0.05) - 2023/03/05 09:14:51
Table 'NLHBlue25' 6-max Seat #1 is the button
Seat 1: 6272e527 ($5.88 in chips)
Seat 2: Hero ($5.02 in chips)
Seat 3: c97355b ($3.56 in chips)
Seat 5: 94a5df7d ($9.33 in chips)
Seat 6: 2743b733 ($5.26 in chips)
Hero: posts small blind $0.02
c97355b: posts big blind $0.05
*** HOLE CARDS ***
Dealt to 6272e527 
Dealt to Hero [8d Ah]
Dealt to c97355b 
Dealt to 94a5df7d 
Dealt to 2743b733 
94a5df7d: folds
2743b733: folds
6272e527: folds
Hero: raises $0.09 to $0.14
c97355b: folds
Uncalled bet ($0.09) returned to Hero
*** SHOWDOWN ***
Hero collected $0.1 from pot
*** SUMMARY ***
Total pot $0.1 | Rake $0 | Jackpot $0 | Bingo $0 | Fortune $0
Seat 1: 6272e527 (button) folded before Flop (didn't bet)
Seat 2: Hero (small blind) collected ($0.1)
Seat 3: c97355b (big blind) folded before Flop
Seat 5: 94a5df7d folded before Flop (didn't bet)
Seat 6: 2743b733 folded before Flop (didn't bet)


Poker Hand #HD1146644127: Hold'em No Limit  ($0.02/$0.05) - 2023/03/05 09:14:43
Table 'NLHBlue25' 6-max Seat #6 is the button
Seat 1: 6272e527 ($5.9 in chips)
Seat 2: Hero ($5 in chips)
Seat 3: c97355b ($3.56 in chips)
Seat 5: 94a5df7d ($9.33 in chips)
Seat 6: 2743b733 ($5.26 in chips)
6272e527: posts small blind $0.02
Hero: posts big blind $0.05
*** HOLE CARDS ***
Dealt to 6272e527 
Dealt to Hero [Ad Jh]
Dealt to c97355b 
Dealt to 94a5df7d 
Dealt to 2743b733 
c97355b: folds
94a5df7d: folds
2743b733: folds
6272e527: folds
Uncalled bet ($0.03) returned to Hero
*** SHOWDOWN ***
Hero collected $0.04 from pot
*** SUMMARY ***
Total pot $0.04 | Rake $0 | Jackpot $0 | Bingo $0 | Fortune $0
Seat 1: 6272e527 (small blind) folded before Flop
Seat 2: Hero (big blind) collected ($0.04)
Seat 3: c97355b folded before Flop (didn't bet)
Seat 5: 94a5df7d folded before Flop (didn't bet)
Seat 6: 2743b733 (button) folded before Flop (didn't bet)


