Poker Hand #HD1209750197: Hold'em No Limit  ($0.02/$0.05) - 2023/04/19 20:36:14
Table 'NLHBlue13' 6-max Seat #5 is the button
Seat 1: 81630182 ($5.07 in chips)
Seat 2: Hero ($5.24 in chips)
Seat 3: f95be342 ($5.28 in chips)
Seat 4: ef78423a ($6.78 in chips)
Seat 5: ff12ff38 ($7.42 in chips)
Seat 6: f4cc6694 ($5.02 in chips)
f4cc6694: posts small blind $0.02
81630182: posts big blind $0.05
*** HOLE CARDS ***
Dealt to 81630182 
Dealt to Hero [Ac 9d]
Dealt to f95be342 
Dealt to ef78423a 
Dealt to ff12ff38 
Dealt to f4cc6694 
Hero: folds
f95be342: folds
ef78423a: folds
ff12ff38: raises $0.1 to $0.15
f4cc6694: folds
81630182: calls $0.1
*** FLOP *** [As 5h Ks]
81630182: checks
ff12ff38: bets $0.21
81630182: calls $0.21
*** TURN *** [As 5h Ks] [7d]
81630182: checks
ff12ff38: checks
*** RIVER *** [As 5h Ks 7d] [8h]
81630182: bets $0.5
ff12ff38: folds
Uncalled bet ($0.5) returned to 81630182
*** SHOWDOWN ***
81630182 collected $0.71 from pot
*** SUMMARY ***
Total pot $0.74 | Rake $0.03 | Jackpot $0 | Bingo $0 | Fortune $0
Board [As 5h Ks 7d 8h]
Seat 1: 81630182 (big blind) won ($0.71)
Seat 2: Hero folded before Flop (didn't bet)
Seat 3: f95be342 folded before Flop (didn't bet)
Seat 4: ef78423a folded before Flop (didn't bet)
Seat 5: ff12ff38 (button) folded on the River
Seat 6: f4cc6694 (small blind) folded before Flop


Poker Hand #HD1209750162: Hold'em No Limit  ($0.02/$0.05) - 2023/04/19 20:35:54
Table 'NLHBlue13' 6-max Seat #4 is the button
Seat 1: 81630182 ($5 in chips)
Seat 2: Hero ($5.24 in chips)
Seat 3: f95be342 ($5.28 in chips)
Seat 4: ef78423a ($6.78 in chips)
Seat 5: ff12ff38 ($7.44 in chips)
Seat 6: f4cc6694 ($5.07 in chips)
ff12ff38: posts small blind $0.02
f4cc6694: posts big blind $0.05
*** HOLE CARDS ***
Dealt to 81630182 
Dealt to Hero [6c 8h]
Dealt to f95be342 
Dealt to ef78423a 
Dealt to ff12ff38 
Dealt to f4cc6694 
81630182: raises $0.08 to $0.13
Hero: folds
f95be342: folds
ef78423a: folds
ff12ff38: folds
f4cc6694: folds
Uncalled bet ($0.08) returned to 81630182
*** SHOWDOWN ***
81630182 collected $0.12 from pot
*** SUMMARY ***
Total pot $0.12 | Rake $0 | Jackpot $0 | Bingo $0 | Fortune $0
Seat 1: 81630182 collected ($0.12)
Seat 2: Hero folded before Flop (didn't bet)
Seat 3: f95be342 folded before Flop (didn't bet)
Seat 4: ef78423a (button) folded before Flop (didn't bet)
Seat 5: ff12ff38 (small blind) folded before Flop
Seat 6: f4cc6694 (big blind) folded before Flop


Poker Hand #HD1209750137: Hold'em No Limit  ($0.02/$0.05) - 2023/04/19 20:35:40
Table 'NLHBlue13' 6-max Seat #3 is the button
Seat 1: 81630182 ($4.93 in chips)
Seat 2: Hero ($5.24 in chips)
Seat 3: f95be342 ($5.28 in chips)
Seat 4: ef78423a ($6.8 in chips)
Seat 5: ff12ff38 ($7.49 in chips)
Seat 6: f4cc6694 ($5.07 in chips)
ef78423a: posts small blind $0.02
ff12ff38: posts big blind $0.05
*** HOLE CARDS ***
Dealt to 81630182 
Dealt to Hero [8h Kc]
Dealt to f95be342 
Dealt to ef78423a 
Dealt to ff12ff38 
Dealt to f4cc6694 
f4cc6694: folds
81630182: raises $0.08 to $0.13
Hero: folds
f95be342: folds
ef78423a: folds
ff12ff38: folds
Uncalled bet ($0.08) returned to 81630182
*** SHOWDOWN ***
81630182 collected $0.12 from pot
*** SUMMARY ***
Total pot $0.12 | Rake $0 | Jackpot $0 | Bingo $0 | Fortune $0
Seat 1: 81630182 collected ($0.12)
Seat 2: Hero folded before Flop (didn't bet)
Seat 3: f95be342 (button) folded before Flop (didn't bet)
Seat 4: ef78423a (small blind) folded before Flop
Seat 5: ff12ff38 (big blind) folded before Flop
Seat 6: f4cc6694 folded before Flop (didn't bet)


Poker Hand #HD1209750082: Hold'em No Limit  ($0.02/$0.05) - 2023/04/19 20:35:00
Table 'NLHBlue13' 6-max Seat #2 is the button
Seat 1: 81630182 ($4.93 in chips)
Seat 2: Hero ($5.24 in chips)
Seat 3: f95be342 ($5.23 in chips)
Seat 4: ef78423a ($6.85 in chips)
Seat 6: f4cc6694 ($5.07 in chips)
f95be342: posts small blind $0.02
ef78423a: posts big blind $0.05
*** HOLE CARDS ***
Dealt to 81630182 
Dealt to Hero [4s Td]
Dealt to f95be342 
Dealt to ef78423a 
Dealt to f4cc6694 
f4cc6694: folds
81630182: folds
Hero: folds
f95be342: raises $0.1 to $0.15
ef78423a: folds
Uncalled bet ($0.1) returned to f95be342
*** SHOWDOWN ***
f95be342 collected $0.1 from pot
*** SUMMARY ***
Total pot $0.1 | Rake $0 | Jackpot $0 | Bingo $0 | Fortune $0
Seat 1: 81630182 folded before Flop (didn't bet)
Seat 2: Hero (button) folded before Flop (didn't bet)
Seat 3: f95be342 (small blind) collected ($0.1)
Seat 4: ef78423a (big blind) folded before Flop
Seat 6: f4cc6694 folded before Flop (didn't bet)


Poker Hand #HD1209750040: Hold'em No Limit  ($0.02/$0.05) - 2023/04/19 20:34:30
Table 'NLHBlue13' 6-max Seat #1 is the button
Seat 1: 81630182 ($4.93 in chips)
Seat 2: Hero ($5.26 in chips)
Seat 3: f95be342 ($5.28 in chips)
Seat 4: ef78423a ($6.85 in chips)
Seat 6: f4cc6694 ($5 in chips)
Hero: posts small blind $0.02
f95be342: posts big blind $0.05
*** HOLE CARDS ***
Dealt to 81630182 
Dealt to Hero [Qs 2s]
Dealt to f95be342 
Dealt to ef78423a 
Dealt to f4cc6694 
ef78423a: folds
f4cc6694: raises $0.1 to $0.15
81630182: folds
Hero: folds
f95be342: folds
Uncalled bet ($0.1) returned to f4cc6694
*** SHOWDOWN ***
f4cc6694 collected $0.12 from pot
*** SUMMARY ***
Total pot $0.12 | Rake $0 | Jackpot $0 | Bingo $0 | Fortune $0
Seat 1: 81630182 (button) folded before Flop (didn't bet)
Seat 2: Hero (small blind) folded before Flop
Seat 3: f95be342 (big blind) folded before Flop
Seat 4: ef78423a folded before Flop (didn't bet)
Seat 6: f4cc6694 collected ($0.12)


Poker Hand #HD1209750006: Hold'em No Limit  ($0.02/$0.05) - 2023/04/19 20:34:07
Table 'NLHBlue13' 6-max Seat #6 is the button
Seat 1: 81630182 ($5.08 in chips)
Seat 2: Hero ($5.12 in chips)
Seat 3: f95be342 ($5.28 in chips)
Seat 4: ef78423a ($6.85 in chips)
Seat 6: f4cc6694 ($4.98 in chips)
81630182: posts small blind $0.02
Hero: posts big blind $0.05
*** HOLE CARDS ***
Dealt to 81630182 
Dealt to Hero [Kd Ac]
Dealt to f95be342 
Dealt to ef78423a 
Dealt to f4cc6694 
f95be342: folds
ef78423a: folds
f4cc6694: folds
81630182: raises $0.1 to $0.15
Hero: raises $0.27 to $0.42
81630182: folds
Uncalled bet ($0.27) returned to Hero
*** SHOWDOWN ***
Hero collected $0.29 from pot
*** SUMMARY ***
Total pot $0.3 | Rake $0.01 | Jackpot $0 | Bingo $0 | Fortune $0
Seat 1: 81630182 (small blind) folded before Flop
Seat 2: Hero (big blind) collected ($0.29)
Seat 3: f95be342 folded before Flop (didn't bet)
Seat 4: ef78423a folded before Flop (didn't bet)
Seat 6: f4cc6694 (button) folded before Flop (didn't bet)


Poker Hand #HD1209749990: Hold'em No Limit  ($0.02/$0.05) - 2023/04/19 20:33:57
Table 'NLHBlue13' 6-max Seat #4 is the button
Seat 1: 81630182 ($5.06 in chips)
Seat 2: Hero ($5.12 in chips)
Seat 3: f95be342 ($5.28 in chips)
Seat 4: ef78423a ($6.85 in chips)
Seat 6: f4cc6694 ($5 in chips)
f4cc6694: posts small blind $0.02
81630182: posts big blind $0.05
*** HOLE CARDS ***
Dealt to 81630182 
Dealt to Hero [6d 9s]
Dealt to f95be342 
Dealt to ef78423a 
Dealt to f4cc6694 
Hero: folds
f95be342: folds
ef78423a: folds
f4cc6694: folds
Uncalled bet ($0.03) returned to 81630182
*** SHOWDOWN ***
81630182 collected $0.04 from pot
*** SUMMARY ***
Total pot $0.04 | Rake $0 | Jackpot $0 | Bingo $0 | Fortune $0
Seat 1: 81630182 (big blind) collected ($0.04)
Seat 2: Hero folded before Flop (didn't bet)
Seat 3: f95be342 folded before Flop (didn't bet)
Seat 4: ef78423a (button) folded before Flop (didn't bet)
Seat 6: f4cc6694 (small blind) folded before Flop


Poker Hand #HD1209749895: Hold'em No Limit  ($0.02/$0.05) - 2023/04/19 20:32:56
Table 'NLHBlue13' 6-max Seat #3 is the button
Seat 1: 81630182 ($5.06 in chips)
Seat 2: Hero ($5.05 in chips)
Seat 3: f95be342 ($5.28 in chips)
Seat 4: ef78423a ($6.87 in chips)
Seat 5: ff12ff38 ($7.54 in chips)
Seat 6: f4cc6694 ($5 in chips)
ef78423a: posts small blind $0.02
ff12ff38: posts big blind $0.05
*** HOLE CARDS ***
Dealt to 81630182 
Dealt to Hero [6s Qs]
Dealt to f95be342 
Dealt to ef78423a 
Dealt to ff12ff38 
Dealt to f4cc6694 
f4cc6694: folds
81630182: folds
Hero: raises $0.07 to $0.12
f95be342: folds
ef78423a: folds
ff12ff38: folds
Uncalled bet ($0.07) returned to Hero
*** SHOWDOWN ***
Hero collected $0.12 from pot
*** SUMMARY ***
Total pot $0.12 | Rake $0 | Jackpot $0 | Bingo $0 | Fortune $0
Seat 1: 81630182 folded before Flop (didn't bet)
Seat 2: Hero collected ($0.12)
Seat 3: f95be342 (button) folded before Flop (didn't bet)
Seat 4: ef78423a (small blind) folded before Flop
Seat 5: ff12ff38 (big blind) folded before Flop
Seat 6: f4cc6694 folded before Flop (didn't bet)


Poker Hand #HD1209749872: Hold'em No Limit  ($0.02/$0.05) - 2023/04/19 20:32:42
Table 'NLHBlue13' 6-max Seat #2 is the button
Seat 1: 81630182 ($4.99 in chips)
Seat 2: Hero ($5.05 in chips)
Seat 3: f95be342 ($5.3 in chips)
Seat 4: ef78423a ($6.92 in chips)
Seat 5: ff12ff38 ($7.54 in chips)
Seat 6: f4cc6694 ($5 in chips)
f95be342: posts small blind $0.02
ef78423a: posts big blind $0.05
*** HOLE CARDS ***
Dealt to 81630182 
Dealt to Hero [4d Jc]
Dealt to f95be342 
Dealt to ef78423a 
Dealt to ff12ff38 
Dealt to f4cc6694 
ff12ff38: folds
f4cc6694: folds
81630182: raises $0.08 to $0.13
Hero: folds
f95be342: folds
ef78423a: folds
Uncalled bet ($0.08) returned to 81630182
*** SHOWDOWN ***
81630182 collected $0.12 from pot
*** SUMMARY ***
Total pot $0.12 | Rake $0 | Jackpot $0 | Bingo $0 | Fortune $0
Seat 1: 81630182 collected ($0.12)
Seat 2: Hero (button) folded before Flop (didn't bet)
Seat 3: f95be342 (small blind) folded before Flop
Seat 4: ef78423a (big blind) folded before Flop
Seat 5: ff12ff38 folded before Flop (didn't bet)
Seat 6: f4cc6694 folded before Flop (didn't bet)


Poker Hand #HD1209749844: Hold'em No Limit  ($0.02/$0.05) - 2023/04/19 20:32:23
Table 'NLHBlue13' 6-max Seat #1 is the button
Seat 1: 81630182 ($4.99 in chips)
Seat 2: Hero ($5 in chips)
Seat 3: f95be342 ($5.35 in chips)
Seat 4: ef78423a ($6.92 in chips)
Seat 5: ff12ff38 ($7.54 in chips)
Seat 6: f4cc6694 ($5 in chips)
Hero: posts small blind $0.02
f95be342: posts big blind $0.05
*** HOLE CARDS ***
Dealt to 81630182 
Dealt to Hero [7s 7c]
Dealt to f95be342 
Dealt to ef78423a 
Dealt to ff12ff38 
Dealt to f4cc6694 
ef78423a: folds
ff12ff38: folds
f4cc6694: folds
81630182: folds
Hero: raises $0.09 to $0.14
f95be342: folds
Uncalled bet ($0.09) returned to Hero
*** SHOWDOWN ***
Hero collected $0.1 from pot
*** SUMMARY ***
Total pot $0.1 | Rake $0 | Jackpot $0 | Bingo $0 | Fortune $0
Seat 1: 81630182 (button) folded before Flop (didn't bet)
Seat 2: Hero (small blind) collected ($0.1)
Seat 3: f95be342 (big blind) folded before Flop
Seat 4: ef78423a folded before Flop (didn't bet)
Seat 5: ff12ff38 folded before Flop (didn't bet)
Seat 6: f4cc6694 folded before Flop (didn't bet)


Poker Hand #HD1209749825: Hold'em No Limit  ($0.02/$0.05) - 2023/04/19 20:32:10
Table 'NLHBlue13' 6-max Seat #6 is the button
Seat 1: 81630182 ($4.94 in chips)
Seat 2: Hero ($5 in chips)
Seat 3: f95be342 ($5.35 in chips)
Seat 4: ef78423a ($6.92 in chips)
Seat 5: ff12ff38 ($7.54 in chips)
Seat 6: f4cc6694 ($5 in chips)
81630182: posts small blind $0.02
Hero: posts big blind $0.05
*** HOLE CARDS ***
Dealt to 81630182 
Dealt to Hero [6h Jc]
Dealt to f95be342 
Dealt to ef78423a 
Dealt to ff12ff38 
Dealt to f4cc6694 
f95be342: folds
ef78423a: folds
ff12ff38: folds
f4cc6694: folds
81630182: raises $0.1 to $0.15
Hero: folds
Uncalled bet ($0.1) returned to 81630182
*** SHOWDOWN ***
81630182 collected $0.1 from pot
*** SUMMARY ***
Total pot $0.1 | Rake $0 | Jackpot $0 | Bingo $0 | Fortune $0
Seat 1: 81630182 (small blind) collected ($0.1)
Seat 2: Hero (big blind) folded before Flop
Seat 3: f95be342 folded before Flop (didn't bet)
Seat 4: ef78423a folded before Flop (didn't bet)
Seat 5: ff12ff38 folded before Flop (didn't bet)
Seat 6: f4cc6694 (button) folded before Flop (didn't bet)


