Poker Hand #HD1137496837: Hold'em No Limit  ($0.02/$0.05) - 2023/02/26 19:22:15
Table 'NLHBlue87' 6-max Seat #4 is the button
Seat 1: Hero ($6.8 in chips)
Seat 2: 1dd4fdb8 ($1.25 in chips)
Seat 3: 85be3743 ($3.84 in chips)
Seat 4: a2deaee7 ($5 in chips)
Seat 5: 872df8 ($2.65 in chips)
Seat 6: b9ac7d0d ($5.42 in chips)
872df8: posts small blind $0.02
b9ac7d0d: posts big blind $0.05
*** HOLE CARDS ***
Dealt to Hero [9c 5h]
Dealt to 1dd4fdb8 
Dealt to 85be3743 
Dealt to a2deaee7 
Dealt to 872df8 
Dealt to b9ac7d0d 
Hero: folds
1dd4fdb8: calls $0.05
85be3743: calls $0.05
a2deaee7: folds
872df8: folds
b9ac7d0d: checks
*** FLOP *** [Js 7h 7d]
b9ac7d0d: bets $0.06
1dd4fdb8: folds
85be3743: folds
Uncalled bet ($0.06) returned to b9ac7d0d
*** SHOWDOWN ***
b9ac7d0d collected $0.17 from pot
*** SUMMARY ***
Total pot $0.17 | Rake $0 | Jackpot $0 | Bingo $0 | Fortune $0
Board [Js 7h 7d]
Seat 1: Hero folded before Flop (didn't bet)
Seat 2: 1dd4fdb8 folded on the Flop
Seat 3: 85be3743 folded on the Flop
Seat 4: a2deaee7 (button) folded before Flop (didn't bet)
Seat 5: 872df8 (small blind) folded before Flop
Seat 6: b9ac7d0d (big blind) won ($0.17)


Poker Hand #HD1137496726: Hold'em No Limit  ($0.02/$0.05) - 2023/02/26 19:21:41
Table 'NLHBlue87' 6-max Seat #3 is the button
Seat 1: Hero ($6.8 in chips)
Seat 2: 1dd4fdb8 ($1.25 in chips)
Seat 3: 85be3743 ($3.84 in chips)
Seat 4: a2deaee7 ($5 in chips)
Seat 5: 872df8 ($2.7 in chips)
Seat 6: b9ac7d0d ($5.35 in chips)
a2deaee7: posts small blind $0.02
872df8: posts big blind $0.05
*** HOLE CARDS ***
Dealt to Hero [4h As]
Dealt to 1dd4fdb8 
Dealt to 85be3743 
Dealt to a2deaee7 
Dealt to 872df8 
Dealt to b9ac7d0d 
b9ac7d0d: raises $0.1 to $0.15
Hero: folds
1dd4fdb8: folds
85be3743: folds
a2deaee7: folds
872df8: folds
Uncalled bet ($0.1) returned to b9ac7d0d
*** SHOWDOWN ***
b9ac7d0d collected $0.12 from pot
*** SUMMARY ***
Total pot $0.12 | Rake $0 | Jackpot $0 | Bingo $0 | Fortune $0
Seat 1: Hero folded before Flop (didn't bet)
Seat 2: 1dd4fdb8 folded before Flop (didn't bet)
Seat 3: 85be3743 (button) folded before Flop (didn't bet)
Seat 4: a2deaee7 (small blind) folded before Flop
Seat 5: 872df8 (big blind) folded before Flop
Seat 6: b9ac7d0d collected ($0.12)


Poker Hand #HD1137496440: Hold'em No Limit  ($0.02/$0.05) - 2023/02/26 19:20:07
Table 'NLHBlue87' 6-max Seat #2 is the button
Seat 1: Hero ($6.8 in chips)
Seat 2: 1dd4fdb8 ($0.92 in chips)
Seat 3: 85be3743 ($3.99 in chips)
Seat 4: a2deaee7 ($5 in chips)
Seat 5: 872df8 ($2.7 in chips)
Seat 6: b9ac7d0d ($5.5 in chips)
85be3743: posts small blind $0.02
a2deaee7: posts big blind $0.05
*** HOLE CARDS ***
Dealt to Hero [Ah 9d]
Dealt to 1dd4fdb8 
Dealt to 85be3743 
Dealt to a2deaee7 
Dealt to 872df8 
Dealt to b9ac7d0d 
872df8: folds
b9ac7d0d: raises $0.1 to $0.15
Hero: folds
1dd4fdb8: calls $0.15
85be3743: calls $0.13
a2deaee7: folds
*** FLOP *** [2s 8s Jc]
85be3743: checks
b9ac7d0d: checks
1dd4fdb8: checks
*** TURN *** [2s 8s Jc] [8h]
85be3743: checks
b9ac7d0d: checks
1dd4fdb8: checks
*** RIVER *** [2s 8s Jc 8h] [2c]
85be3743: checks
b9ac7d0d: checks
1dd4fdb8: checks
85be3743: shows [9s 7s] (Pair of Eights and Pair of Twos)
b9ac7d0d: shows [Ad Tc] (Pair of Eights and Pair of Twos)
1dd4fdb8: shows [Ts Td] (Pair of Tens and Pair of Eights)
*** SHOWDOWN ***
1dd4fdb8 collected $0.48 from pot
*** SUMMARY ***
Total pot $0.5 | Rake $0.02 | Jackpot $0 | Bingo $0 | Fortune $0
Board [2s 8s Jc 8h 2c]
Seat 1: Hero folded before Flop (didn't bet)
Seat 2: 1dd4fdb8 (button) showed [Ts Td] and won ($0.48) with Pair of Tens and Pair of Eights
Seat 3: 85be3743 (small blind) showed [9s 7s] and lost with Pair of Eights and Pair of Twos
Seat 4: a2deaee7 (big blind) folded before Flop
Seat 5: 872df8 folded before Flop (didn't bet)
Seat 6: b9ac7d0d showed [Ad Tc] and lost with Pair of Eights and Pair of Twos


Poker Hand #HD1137496376: Hold'em No Limit  ($0.02/$0.05) - 2023/02/26 19:19:45
Table 'NLHBlue87' 6-max Seat #1 is the button
Seat 1: Hero ($6.8 in chips)
Seat 2: 1dd4fdb8 ($0.94 in chips)
Seat 3: 85be3743 ($4.04 in chips)
Seat 5: 872df8 ($2.63 in chips)
Seat 6: b9ac7d0d ($5.5 in chips)
1dd4fdb8: posts small blind $0.02
85be3743: posts big blind $0.05
*** HOLE CARDS ***
Dealt to Hero [Js 2s]
Dealt to 1dd4fdb8 
Dealt to 85be3743 
Dealt to 872df8 
Dealt to b9ac7d0d 
872df8: raises $0.08 to $0.13
b9ac7d0d: folds
Hero: folds
1dd4fdb8: folds
85be3743: folds
Uncalled bet ($0.08) returned to 872df8
*** SHOWDOWN ***
872df8 collected $0.12 from pot
*** SUMMARY ***
Total pot $0.12 | Rake $0 | Jackpot $0 | Bingo $0 | Fortune $0
Seat 1: Hero (button) folded before Flop (didn't bet)
Seat 2: 1dd4fdb8 (small blind) folded before Flop
Seat 3: 85be3743 (big blind) folded before Flop
Seat 5: 872df8 collected ($0.12)
Seat 6: b9ac7d0d folded before Flop (didn't bet)


Poker Hand #HD1137496264: Hold'em No Limit  ($0.02/$0.05) - 2023/02/26 19:19:09
Table 'NLHBlue87' 6-max Seat #6 is the button
Seat 1: Hero ($6.82 in chips)
Seat 2: 1dd4fdb8 ($0.99 in chips)
Seat 3: 85be3743 ($4.04 in chips)
Seat 5: 872df8 ($2.76 in chips)
Seat 6: b9ac7d0d ($5.31 in chips)
Hero: posts small blind $0.02
1dd4fdb8: posts big blind $0.05
*** HOLE CARDS ***
Dealt to Hero [6c 6h]
Dealt to 1dd4fdb8 
Dealt to 85be3743 
Dealt to 872df8 
Dealt to b9ac7d0d 
85be3743: folds
872df8: raises $0.08 to $0.13
b9ac7d0d: raises $0.32 to $0.45
Hero: folds
1dd4fdb8: folds
872df8: folds
Uncalled bet ($0.32) returned to b9ac7d0d
*** SHOWDOWN ***
b9ac7d0d collected $0.32 from pot
*** SUMMARY ***
Total pot $0.33 | Rake $0.01 | Jackpot $0 | Bingo $0 | Fortune $0
Seat 1: Hero (small blind) folded before Flop
Seat 2: 1dd4fdb8 (big blind) folded before Flop
Seat 3: 85be3743 folded before Flop (didn't bet)
Seat 5: 872df8 folded before Flop
Seat 6: b9ac7d0d (button) collected ($0.32)


Poker Hand #HD1137496180: Hold'em No Limit  ($0.02/$0.05) - 2023/02/26 19:18:41
Table 'NLHBlue87' 6-max Seat #5 is the button
Seat 1: Hero ($6.87 in chips)
Seat 2: 1dd4fdb8 ($0.99 in chips)
Seat 3: 85be3743 ($3.79 in chips)
Seat 5: 872df8 ($2.96 in chips)
Seat 6: b9ac7d0d ($5.33 in chips)
b9ac7d0d: posts small blind $0.02
Hero: posts big blind $0.05
*** HOLE CARDS ***
Dealt to Hero [3c 4h]
Dealt to 1dd4fdb8 
Dealt to 85be3743 
Dealt to 872df8 
Dealt to b9ac7d0d 
1dd4fdb8: folds
85be3743: raises $0.15 to $0.2
872df8: calls $0.2
b9ac7d0d: folds
Hero: folds
*** FLOP *** [8h 7c 2d]
85be3743: bets $0.47
872df8: folds
Uncalled bet ($0.47) returned to 85be3743
*** SHOWDOWN ***
85be3743 collected $0.45 from pot
*** SUMMARY ***
Total pot $0.47 | Rake $0.02 | Jackpot $0 | Bingo $0 | Fortune $0
Board [8h 7c 2d]
Seat 1: Hero (big blind) folded before Flop
Seat 2: 1dd4fdb8 folded before Flop (didn't bet)
Seat 3: 85be3743 won ($0.45)
Seat 5: 872df8 (button) folded on the Flop
Seat 6: b9ac7d0d (small blind) folded before Flop


Poker Hand #HD1137496069: Hold'em No Limit  ($0.02/$0.05) - 2023/02/26 19:18:09
Table 'NLHBlue87' 6-max Seat #3 is the button
Seat 1: Hero ($6.87 in chips)
Seat 2: 1dd4fdb8 ($0.99 in chips)
Seat 3: 85be3743 ($3.79 in chips)
Seat 5: 872df8 ($2.98 in chips)
Seat 6: b9ac7d0d ($5.31 in chips)
872df8: posts small blind $0.02
b9ac7d0d: posts big blind $0.05
*** HOLE CARDS ***
Dealt to Hero [Ts 7d]
Dealt to 1dd4fdb8 
Dealt to 85be3743 
Dealt to 872df8 
Dealt to b9ac7d0d 
Hero: folds
1dd4fdb8: folds
85be3743: folds
872df8: folds
Uncalled bet ($0.03) returned to b9ac7d0d
*** SHOWDOWN ***
b9ac7d0d collected $0.04 from pot
*** SUMMARY ***
Total pot $0.04 | Rake $0 | Jackpot $0 | Bingo $0 | Fortune $0
Seat 1: Hero folded before Flop (didn't bet)
Seat 2: 1dd4fdb8 folded before Flop (didn't bet)
Seat 3: 85be3743 (button) folded before Flop (didn't bet)
Seat 5: 872df8 (small blind) folded before Flop
Seat 6: b9ac7d0d (big blind) collected ($0.04)


Poker Hand #HD1137495984: Hold'em No Limit  ($0.02/$0.05) - 2023/02/26 19:17:38
Table 'NLHBlue87' 6-max Seat #2 is the button
Seat 1: Hero ($6.87 in chips)
Seat 2: 1dd4fdb8 ($1.04 in chips)
Seat 3: 85be3743 ($3.81 in chips)
Seat 5: 872df8 ($2.91 in chips)
Seat 6: b9ac7d0d ($5.31 in chips)
85be3743: posts small blind $0.02
872df8: posts big blind $0.05
*** HOLE CARDS ***
Dealt to Hero [6h Tc]
Dealt to 1dd4fdb8 
Dealt to 85be3743 
Dealt to 872df8 
Dealt to b9ac7d0d 
b9ac7d0d: folds
Hero: folds
1dd4fdb8: calls $0.05
85be3743: folds
872df8: checks
*** FLOP *** [2h Kh 4c]
872df8: bets $0.06
1dd4fdb8: folds
Uncalled bet ($0.06) returned to 872df8
*** SHOWDOWN ***
872df8 collected $0.12 from pot
*** SUMMARY ***
Total pot $0.12 | Rake $0 | Jackpot $0 | Bingo $0 | Fortune $0
Board [2h Kh 4c]
Seat 1: Hero folded before Flop (didn't bet)
Seat 2: 1dd4fdb8 (button) folded on the Flop
Seat 3: 85be3743 (small blind) folded before Flop
Seat 5: 872df8 (big blind) won ($0.12)
Seat 6: b9ac7d0d folded before Flop (didn't bet)


Poker Hand #HD1137495906: Hold'em No Limit  ($0.02/$0.05) - 2023/02/26 19:17:15
Table 'NLHBlue87' 6-max Seat #1 is the button
Seat 1: Hero ($6.87 in chips)
Seat 2: 1dd4fdb8 ($1.06 in chips)
Seat 3: 85be3743 ($3.86 in chips)
Seat 4: d421f45e ($5.07 in chips)
Seat 6: b9ac7d0d ($5.24 in chips)
1dd4fdb8: posts small blind $0.02
85be3743: posts big blind $0.05
*** HOLE CARDS ***
Dealt to Hero [Kh 6c]
Dealt to 1dd4fdb8 
Dealt to 85be3743 
Dealt to d421f45e 
Dealt to b9ac7d0d 
d421f45e: folds
b9ac7d0d: raises $0.1 to $0.15
Hero: folds
1dd4fdb8: folds
85be3743: folds
Uncalled bet ($0.1) returned to b9ac7d0d
*** SHOWDOWN ***
b9ac7d0d collected $0.12 from pot
*** SUMMARY ***
Total pot $0.12 | Rake $0 | Jackpot $0 | Bingo $0 | Fortune $0
Seat 1: Hero (button) folded before Flop (didn't bet)
Seat 2: 1dd4fdb8 (small blind) folded before Flop
Seat 3: 85be3743 (big blind) folded before Flop
Seat 4: d421f45e folded before Flop (didn't bet)
Seat 6: b9ac7d0d collected ($0.12)


Poker Hand #HD1137495853: Hold'em No Limit  ($0.02/$0.05) - 2023/02/26 19:16:57
Table 'NLHBlue87' 6-max Seat #6 is the button
Seat 1: Hero ($6.89 in chips)
Seat 2: 1dd4fdb8 ($1.11 in chips)
Seat 3: 85be3743 ($3.86 in chips)
Seat 4: d421f45e ($5 in chips)
Seat 6: b9ac7d0d ($5.24 in chips)
Hero: posts small blind $0.02
1dd4fdb8: posts big blind $0.05
*** HOLE CARDS ***
Dealt to Hero [4h Tc]
Dealt to 1dd4fdb8 
Dealt to 85be3743 
Dealt to d421f45e 
Dealt to b9ac7d0d 
85be3743: folds
d421f45e: raises $0.08 to $0.13
b9ac7d0d: folds
Hero: folds
1dd4fdb8: folds
Uncalled bet ($0.08) returned to d421f45e
*** SHOWDOWN ***
d421f45e collected $0.12 from pot
*** SUMMARY ***
Total pot $0.12 | Rake $0 | Jackpot $0 | Bingo $0 | Fortune $0
Seat 1: Hero (small blind) folded before Flop
Seat 2: 1dd4fdb8 (big blind) folded before Flop
Seat 3: 85be3743 folded before Flop (didn't bet)
Seat 4: d421f45e collected ($0.12)
Seat 6: b9ac7d0d (button) folded before Flop (didn't bet)


Poker Hand #HD1137495782: Hold'em No Limit  ($0.02/$0.05) - 2023/02/26 19:16:31
Table 'NLHBlue87' 6-max Seat #4 is the button
Seat 1: Hero ($6.94 in chips)
Seat 2: 1dd4fdb8 ($0.95 in chips)
Seat 3: 85be3743 ($3.86 in chips)
Seat 4: d421f45e ($5 in chips)
Seat 6: b9ac7d0d ($5.26 in chips)
b9ac7d0d: posts small blind $0.02
Hero: posts big blind $0.05
*** HOLE CARDS ***
Dealt to Hero [2h 6h]
Dealt to 1dd4fdb8 
Dealt to 85be3743 
Dealt to d421f45e 
Dealt to b9ac7d0d 
1dd4fdb8: raises $0.05 to $0.1
85be3743: folds
d421f45e: calls $0.1
b9ac7d0d: folds
Hero: folds
*** FLOP *** [7h 6d As]
1dd4fdb8: bets $0.09
d421f45e: folds
Uncalled bet ($0.09) returned to 1dd4fdb8
*** SHOWDOWN ***
1dd4fdb8 collected $0.26 from pot
*** SUMMARY ***
Total pot $0.27 | Rake $0.01 | Jackpot $0 | Bingo $0 | Fortune $0
Board [7h 6d As]
Seat 1: Hero (big blind) folded before Flop
Seat 2: 1dd4fdb8 won ($0.26)
Seat 3: 85be3743 folded before Flop (didn't bet)
Seat 4: d421f45e (button) folded on the Flop
Seat 6: b9ac7d0d (small blind) folded before Flop


Poker Hand #HD1137435587: Hold'em No Limit  ($0.02/$0.05) - 2023/02/26 19:15:29
Table 'NLHBlue87' 6-max Seat #3 is the button
Seat 1: Hero ($6.94 in chips)
Seat 2: 1dd4fdb8 ($1 in chips)
Seat 3: 85be3743 ($3.86 in chips)
Seat 4: d421f45e ($5 in chips)
Seat 6: b9ac7d0d ($5.19 in chips)
d421f45e: posts small blind $0.02
b9ac7d0d: posts big blind $0.05
1dd4fdb8: posts big blind $0.05
*** HOLE CARDS ***
Dealt to Hero [7c Jd]
Dealt to 1dd4fdb8 
Dealt to 85be3743 
Dealt to d421f45e 
Dealt to b9ac7d0d 
Hero: folds
1dd4fdb8: checks
85be3743: folds
d421f45e: folds
b9ac7d0d: checks
*** FLOP *** [Ad Kc Kd]
b9ac7d0d: checks
1dd4fdb8: checks
*** TURN *** [Ad Kc Kd] [Tc]
b9ac7d0d: checks
1dd4fdb8: checks
*** RIVER *** [Ad Kc Kd Tc] [2d]
b9ac7d0d: checks
1dd4fdb8: checks
b9ac7d0d: shows [8c 2c] (Pair of Kings and Pair of Twos)
1dd4fdb8: shows [5c 9c] (Pair of Kings)
*** SHOWDOWN ***
b9ac7d0d collected $0.12 from pot
*** SUMMARY ***
Total pot $0.12 | Rake $0 | Jackpot $0 | Bingo $0 | Fortune $0
Board [Ad Kc Kd Tc 2d]
Seat 1: Hero folded before Flop (didn't bet)
Seat 2: 1dd4fdb8 showed [5c 9c] and lost with Pair of Kings
Seat 3: 85be3743 (button) folded before Flop (didn't bet)
Seat 4: d421f45e (small blind) folded before Flop
Seat 6: b9ac7d0d (big blind) showed [8c 2c] and won ($0.12) with Pair of Kings and Pair of Twos


Poker Hand #HD1137435463: Hold'em No Limit  ($0.02/$0.05) - 2023/02/26 19:14:46
Table 'NLHBlue87' 6-max Seat #1 is the button
Seat 1: Hero ($6.94 in chips)
Seat 3: 85be3743 ($3.81 in chips)
Seat 4: d421f45e ($5.03 in chips)
85be3743: posts small blind $0.02
d421f45e: posts big blind $0.05
*** HOLE CARDS ***
Dealt to Hero [2s 3h]
Dealt to 85be3743 
Dealt to d421f45e 
Hero: folds
85be3743: calls $0.03
d421f45e: checks
*** FLOP *** [Kc Td 5h]
85be3743: checks
d421f45e: checks
*** TURN *** [Kc Td 5h] [2d]
85be3743: checks
d421f45e: checks
*** RIVER *** [Kc Td 5h 2d] [8h]
85be3743: checks
d421f45e: checks
85be3743: shows [3s As] (Ace-High)
d421f45e: shows [6d 9s] (King-High)
*** SHOWDOWN ***
85be3743 collected $0.1 from pot
*** SUMMARY ***
Total pot $0.1 | Rake $0 | Jackpot $0 | Bingo $0 | Fortune $0
Board [Kc Td 5h 2d 8h]
Seat 1: Hero (button) folded before Flop (didn't bet)
Seat 3: 85be3743 (small blind) showed [3s As] and won ($0.1) with Ace-High
Seat 4: d421f45e (big blind) showed [6d 9s] and lost with King-High


Poker Hand #HD1137435419: Hold'em No Limit  ($0.02/$0.05) - 2023/02/26 19:14:30
Table 'NLHBlue87' 6-max Seat #4 is the button
Seat 1: Hero ($6.89 in chips)
Seat 3: 85be3743 ($3.86 in chips)
Seat 4: d421f45e ($5.03 in chips)
Hero: posts small blind $0.02
85be3743: posts big blind $0.05
*** HOLE CARDS ***
Dealt to Hero [7h Ac]
Dealt to 85be3743 
Dealt to d421f45e 
d421f45e: folds
Hero: raises $0.09 to $0.14
85be3743: folds
Uncalled bet ($0.09) returned to Hero
*** SHOWDOWN ***
Hero collected $0.1 from pot
*** SUMMARY ***
Total pot $0.1 | Rake $0 | Jackpot $0 | Bingo $0 | Fortune $0
Seat 1: Hero (small blind) collected ($0.1)
Seat 3: 85be3743 (big blind) folded before Flop
Seat 4: d421f45e (button) folded before Flop (didn't bet)


Poker Hand #HD1137435380: Hold'em No Limit  ($0.02/$0.05) - 2023/02/26 19:14:17
Table 'NLHBlue87' 6-max Seat #3 is the button
Seat 1: Hero ($6.87 in chips)
Seat 3: 85be3743 ($3.86 in chips)
Seat 4: d421f45e ($5.05 in chips)
d421f45e: posts small blind $0.02
Hero: posts big blind $0.05
*** HOLE CARDS ***
Dealt to Hero [Td Ah]
Dealt to 85be3743 
Dealt to d421f45e 
85be3743: folds
d421f45e: folds
Uncalled bet ($0.03) returned to Hero
*** SHOWDOWN ***
Hero collected $0.04 from pot
*** SUMMARY ***
Total pot $0.04 | Rake $0 | Jackpot $0 | Bingo $0 | Fortune $0
Seat 1: Hero (big blind) collected ($0.04)
Seat 3: 85be3743 (button) folded before Flop (didn't bet)
Seat 4: d421f45e (small blind) folded before Flop


Poker Hand #HD1137435330: Hold'em No Limit  ($0.02/$0.05) - 2023/02/26 19:13:59
Table 'NLHBlue87' 6-max Seat #1 is the button
Seat 1: Hero ($6.8 in chips)
Seat 3: 85be3743 ($3.88 in chips)
Seat 4: d421f45e ($5 in chips)
85be3743: posts small blind $0.02
d421f45e: posts big blind $0.05
*** HOLE CARDS ***
Dealt to Hero [Ac 7d]
Dealt to 85be3743 
Dealt to d421f45e 
Hero: raises $0.07 to $0.12
85be3743: folds
d421f45e: folds
Uncalled bet ($0.07) returned to Hero
*** SHOWDOWN ***
Hero collected $0.12 from pot
*** SUMMARY ***
Total pot $0.12 | Rake $0 | Jackpot $0 | Bingo $0 | Fortune $0
Seat 1: Hero (button) collected ($0.12)
Seat 3: 85be3743 (small blind) folded before Flop
Seat 4: d421f45e (big blind) folded before Flop


Poker Hand #HD1137435256: Hold'em No Limit  ($0.02/$0.05) - 2023/02/26 19:13:33
Table 'NLHBlue87' 6-max Seat #4 is the button
Seat 1: Hero ($6.75 in chips)
Seat 3: 85be3743 ($3.93 in chips)
Seat 4: d421f45e ($5 in chips)
Hero: posts small blind $0.02
85be3743: posts big blind $0.05
*** HOLE CARDS ***
Dealt to Hero [Ad Td]
Dealt to 85be3743 
Dealt to d421f45e 
d421f45e: folds
Hero: raises $0.09 to $0.14
85be3743: folds
Uncalled bet ($0.09) returned to Hero
*** SHOWDOWN ***
Hero collected $0.1 from pot
*** SUMMARY ***
Total pot $0.1 | Rake $0 | Jackpot $0 | Bingo $0 | Fortune $0
Seat 1: Hero (small blind) collected ($0.1)
Seat 3: 85be3743 (big blind) folded before Flop
Seat 4: d421f45e (button) folded before Flop (didn't bet)


Poker Hand #HD1137435173: Hold'em No Limit  ($0.02/$0.05) - 2023/02/26 19:13:04
Table 'NLHBlue87' 6-max Seat #3 is the button
Seat 1: Hero ($6.61 in chips)
Seat 3: 85be3743 ($3.93 in chips)
Seat 4: d421f45e ($5.05 in chips)
d421f45e: posts small blind $0.02
Hero: posts big blind $0.05
*** HOLE CARDS ***
Dealt to Hero [6h 4h]
Dealt to 85be3743 
Dealt to d421f45e 
85be3743: folds
d421f45e: raises $0.1 to $0.15
Hero: calls $0.1
*** FLOP *** [6s Kh Ad]
d421f45e: checks
Hero: bets $0.15
d421f45e: folds
Uncalled bet ($0.15) returned to Hero
*** SHOWDOWN ***
Hero collected $0.29 from pot
*** SUMMARY ***
Total pot $0.3 | Rake $0.01 | Jackpot $0 | Bingo $0 | Fortune $0
Board [6s Kh Ad]
Seat 1: Hero (big blind) won ($0.29)
Seat 3: 85be3743 (button) folded before Flop (didn't bet)
Seat 4: d421f45e (small blind) folded on the Flop


Poker Hand #HD1137435143: Hold'em No Limit  ($0.02/$0.05) - 2023/02/26 19:12:56
Table 'NLHBlue87' 6-max Seat #1 is the button
Seat 1: Hero ($6.61 in chips)
Seat 3: 85be3743 ($3.95 in chips)
Seat 4: d421f45e ($5.03 in chips)
85be3743: posts small blind $0.02
d421f45e: posts big blind $0.05
*** HOLE CARDS ***
Dealt to Hero [Th 8c]
Dealt to 85be3743 
Dealt to d421f45e 
Hero: folds
85be3743: folds
Uncalled bet ($0.03) returned to d421f45e
*** SHOWDOWN ***
d421f45e collected $0.04 from pot
*** SUMMARY ***
Total pot $0.04 | Rake $0 | Jackpot $0 | Bingo $0 | Fortune $0
Seat 1: Hero (button) folded before Flop (didn't bet)
Seat 3: 85be3743 (small blind) folded before Flop
Seat 4: d421f45e (big blind) collected ($0.04)


Poker Hand #HD1137435102: Hold'em No Limit  ($0.02/$0.05) - 2023/02/26 19:12:43
Table 'NLHBlue87' 6-max Seat #4 is the button
Seat 1: Hero ($6.63 in chips)
Seat 3: 85be3743 ($3.93 in chips)
Seat 4: d421f45e ($5.03 in chips)
Hero: posts small blind $0.02
85be3743: posts big blind $0.05
*** HOLE CARDS ***
Dealt to Hero [6h 9s]
Dealt to 85be3743 
Dealt to d421f45e 
d421f45e: folds
Hero: folds
Uncalled bet ($0.03) returned to 85be3743
*** SHOWDOWN ***
85be3743 collected $0.04 from pot
*** SUMMARY ***
Total pot $0.04 | Rake $0 | Jackpot $0 | Bingo $0 | Fortune $0
Seat 1: Hero (small blind) folded before Flop
Seat 3: 85be3743 (big blind) collected ($0.04)
Seat 4: d421f45e (button) folded before Flop (didn't bet)


Poker Hand #HD1137435002: Hold'em No Limit  ($0.02/$0.05) - 2023/02/26 19:12:03
Table 'NLHBlue87' 6-max Seat #3 is the button
Seat 1: Hero ($6.56 in chips)
Seat 3: 85be3743 ($3.98 in chips)
Seat 4: d421f45e ($5.05 in chips)
d421f45e: posts small blind $0.02
Hero: posts big blind $0.05
*** HOLE CARDS ***
Dealt to Hero [Js 5h]
Dealt to 85be3743 
Dealt to d421f45e 
85be3743: calls $0.05
d421f45e: folds
Hero: checks
*** FLOP *** [Qh Qd 4d]
Hero: checks
85be3743: checks
*** TURN *** [Qh Qd 4d] [Ac]
Hero: checks
85be3743: checks
*** RIVER *** [Qh Qd 4d Ac] [Ad]
Hero: checks
85be3743: checks
Hero: shows [Js 5h] (Pair of Aces and Pair of Queens)
85be3743: shows [9c 8c] (Pair of Aces and Pair of Queens)
*** SHOWDOWN ***
Hero collected $0.12 from pot
*** SUMMARY ***
Total pot $0.12 | Rake $0 | Jackpot $0 | Bingo $0 | Fortune $0
Board [Qh Qd 4d Ac Ad]
Seat 1: Hero (big blind) showed [Js 5h] and won ($0.12) with Pair of Aces and Pair of Queens
Seat 3: 85be3743 (button) showed [9c 8c] and lost with Pair of Aces and Pair of Queens
Seat 4: d421f45e (small blind) folded before Flop


Poker Hand #HD1137434823: Hold'em No Limit  ($0.02/$0.05) - 2023/02/26 19:11:03
Table 'NLHBlue87' 6-max Seat #1 is the button
Seat 1: Hero ($6.56 in chips)
Seat 3: 85be3743 ($4.03 in chips)
Seat 4: d421f45e ($5 in chips)
Seat 6: b9ac7d0d ($5.19 in chips)
85be3743: posts small blind $0.02
d421f45e: posts big blind $0.05
*** HOLE CARDS ***
Dealt to Hero [Th 4h]
Dealt to 85be3743 
Dealt to d421f45e 
Dealt to b9ac7d0d 
b9ac7d0d: folds
Hero: folds
85be3743: calls $0.03
d421f45e: checks
*** FLOP *** [Jc 5d 2s]
85be3743: checks
d421f45e: checks
*** TURN *** [Jc 5d 2s] [Td]
85be3743: checks
d421f45e: checks
*** RIVER *** [Jc 5d 2s Td] [Ks]
85be3743: checks
d421f45e: checks
85be3743: shows [9s Ah] (Ace-High)
d421f45e: shows [6s 5s] (Pair of Fives)
*** SHOWDOWN ***
d421f45e collected $0.1 from pot
*** SUMMARY ***
Total pot $0.1 | Rake $0 | Jackpot $0 | Bingo $0 | Fortune $0
Board [Jc 5d 2s Td Ks]
Seat 1: Hero (button) folded before Flop (didn't bet)
Seat 3: 85be3743 (small blind) showed [9s Ah] and lost with Ace-High
Seat 4: d421f45e (big blind) showed [6s 5s] and won ($0.1) with Pair of Fives
Seat 6: b9ac7d0d folded before Flop (didn't bet)


Poker Hand #HD1137434792: Hold'em No Limit  ($0.02/$0.05) - 2023/02/26 19:10:52
Table 'NLHBlue87' 6-max Seat #6 is the button
Seat 1: Hero ($6.51 in chips)
Seat 3: 85be3743 ($4.08 in chips)
Seat 4: d421f45e ($5 in chips)
Seat 6: b9ac7d0d ($5.19 in chips)
Hero: posts small blind $0.02
85be3743: posts big blind $0.05
*** HOLE CARDS ***
Dealt to Hero [5c Kc]
Dealt to 85be3743 
Dealt to d421f45e 
Dealt to b9ac7d0d 
d421f45e: folds
b9ac7d0d: folds
Hero: raises $0.09 to $0.14
85be3743: folds
Uncalled bet ($0.09) returned to Hero
*** SHOWDOWN ***
Hero collected $0.1 from pot
*** SUMMARY ***
Total pot $0.1 | Rake $0 | Jackpot $0 | Bingo $0 | Fortune $0
Seat 1: Hero (small blind) collected ($0.1)
Seat 3: 85be3743 (big blind) folded before Flop
Seat 4: d421f45e folded before Flop (didn't bet)
Seat 6: b9ac7d0d (button) folded before Flop (didn't bet)


Poker Hand #HD1137434683: Hold'em No Limit  ($0.02/$0.05) - 2023/02/26 19:10:17
Table 'NLHBlue87' 6-max Seat #4 is the button
Seat 1: Hero ($6.64 in chips)
Seat 3: 85be3743 ($4.08 in chips)
Seat 4: d421f45e ($5 in chips)
Seat 6: b9ac7d0d ($5.07 in chips)
b9ac7d0d: posts small blind $0.02
Hero: posts big blind $0.05
*** HOLE CARDS ***
Dealt to Hero [2d Ac]
Dealt to 85be3743 
Dealt to d421f45e 
Dealt to b9ac7d0d 
85be3743: folds
d421f45e: folds
b9ac7d0d: raises $0.08 to $0.13
Hero: calls $0.08
*** FLOP *** [8h Kd 7s]
b9ac7d0d: bets $0.1
Hero: folds
Uncalled bet ($0.1) returned to b9ac7d0d
*** SHOWDOWN ***
b9ac7d0d collected $0.25 from pot
*** SUMMARY ***
Total pot $0.26 | Rake $0.01 | Jackpot $0 | Bingo $0 | Fortune $0
Board [8h Kd 7s]
Seat 1: Hero (big blind) folded on the Flop
Seat 3: 85be3743 folded before Flop (didn't bet)
Seat 4: d421f45e (button) folded before Flop (didn't bet)
Seat 6: b9ac7d0d (small blind) won ($0.25)


Poker Hand #HD1137434546: Hold'em No Limit  ($0.02/$0.05) - 2023/02/26 19:09:25
Table 'NLHBlue87' 6-max Seat #3 is the button
Seat 1: Hero ($6.64 in chips)
Seat 3: 85be3743 ($4.01 in chips)
Seat 4: d421f45e ($5 in chips)
Seat 5: 872df8 ($2.96 in chips)
Seat 6: b9ac7d0d ($5.07 in chips)
d421f45e: posts small blind $0.02
872df8: posts big blind $0.05
*** HOLE CARDS ***
Dealt to Hero [7c 8d]
Dealt to 85be3743 
Dealt to d421f45e 
Dealt to 872df8 
Dealt to b9ac7d0d 
b9ac7d0d: folds
Hero: folds
85be3743: calls $0.05
d421f45e: folds
872df8: checks
*** FLOP *** [3h 7h 4c]
872df8: checks
85be3743: bets $0.09
872df8: folds
Uncalled bet ($0.09) returned to 85be3743
*** SHOWDOWN ***
85be3743 collected $0.12 from pot
*** SUMMARY ***
Total pot $0.12 | Rake $0 | Jackpot $0 | Bingo $0 | Fortune $0
Board [3h 7h 4c]
Seat 1: Hero folded before Flop (didn't bet)
Seat 3: 85be3743 (button) won ($0.12)
Seat 4: d421f45e (small blind) folded before Flop
Seat 5: 872df8 (big blind) folded on the Flop
Seat 6: b9ac7d0d folded before Flop (didn't bet)


Poker Hand #HD1137434480: Hold'em No Limit  ($0.02/$0.05) - 2023/02/26 19:09:01
Table 'NLHBlue87' 6-max Seat #1 is the button
Seat 1: Hero ($6.57 in chips)
Seat 3: 85be3743 ($4.03 in chips)
Seat 4: d421f45e ($5 in chips)
Seat 5: 872df8 ($2.96 in chips)
Seat 6: b9ac7d0d ($5.07 in chips)
85be3743: posts small blind $0.02
d421f45e: posts big blind $0.05
*** HOLE CARDS ***
Dealt to Hero [Ks Tc]
Dealt to 85be3743 
Dealt to d421f45e 
Dealt to 872df8 
Dealt to b9ac7d0d 
872df8: folds
b9ac7d0d: folds
Hero: raises $0.07 to $0.12
85be3743: folds
d421f45e: folds
Uncalled bet ($0.07) returned to Hero
*** SHOWDOWN ***
Hero collected $0.12 from pot
*** SUMMARY ***
Total pot $0.12 | Rake $0 | Jackpot $0 | Bingo $0 | Fortune $0
Seat 1: Hero (button) collected ($0.12)
Seat 3: 85be3743 (small blind) folded before Flop
Seat 4: d421f45e (big blind) folded before Flop
Seat 5: 872df8 folded before Flop (didn't bet)
Seat 6: b9ac7d0d folded before Flop (didn't bet)


Poker Hand #HD1137434445: Hold'em No Limit  ($0.02/$0.05) - 2023/02/26 19:08:49
Table 'NLHBlue87' 6-max Seat #6 is the button
Seat 1: Hero ($6.59 in chips)
Seat 3: 85be3743 ($4.01 in chips)
Seat 4: d421f45e ($5 in chips)
Seat 5: 872df8 ($2.96 in chips)
Seat 6: b9ac7d0d ($5.07 in chips)
Hero: posts small blind $0.02
85be3743: posts big blind $0.05
*** HOLE CARDS ***
Dealt to Hero [9s 8c]
Dealt to 85be3743 
Dealt to d421f45e 
Dealt to 872df8 
Dealt to b9ac7d0d 
d421f45e: folds
872df8: folds
b9ac7d0d: folds
Hero: folds
Uncalled bet ($0.03) returned to 85be3743
*** SHOWDOWN ***
85be3743 collected $0.04 from pot
*** SUMMARY ***
Total pot $0.04 | Rake $0 | Jackpot $0 | Bingo $0 | Fortune $0
Seat 1: Hero (small blind) folded before Flop
Seat 3: 85be3743 (big blind) collected ($0.04)
Seat 4: d421f45e folded before Flop (didn't bet)
Seat 5: 872df8 folded before Flop (didn't bet)
Seat 6: b9ac7d0d (button) folded before Flop (didn't bet)


Poker Hand #HD1137434282: Hold'em No Limit  ($0.02/$0.05) - 2023/02/26 19:07:55
Table 'NLHBlue87' 6-max Seat #5 is the button
Seat 1: Hero ($6.34 in chips)
Seat 2: 66219baf ($5.1 in chips)
Seat 3: 85be3743 ($4.01 in chips)
Seat 4: d421f45e ($5 in chips)
Seat 5: 872df8 ($2.96 in chips)
Seat 6: b9ac7d0d ($5.09 in chips)
b9ac7d0d: posts small blind $0.02
Hero: posts big blind $0.05
*** HOLE CARDS ***
Dealt to Hero [Ac Qc]
Dealt to 66219baf 
Dealt to 85be3743 
Dealt to d421f45e 
Dealt to 872df8 
Dealt to b9ac7d0d 
66219baf: raises $0.08 to $0.13
85be3743: folds
d421f45e: folds
872df8: folds
b9ac7d0d: folds
Hero: calls $0.08
*** FLOP *** [9s Tc 5s]
Hero: checks
66219baf: checks
*** TURN *** [9s Tc 5s] [6h]
Hero: bets $0.12
66219baf: calls $0.12
*** RIVER *** [9s Tc 5s 6h] [5h]
Hero: bets $0.26
66219baf: folds
Uncalled bet ($0.26) returned to Hero
*** SHOWDOWN ***
Hero collected $0.5 from pot
*** SUMMARY ***
Total pot $0.52 | Rake $0.02 | Jackpot $0 | Bingo $0 | Fortune $0
Board [9s Tc 5s 6h 5h]
Seat 1: Hero (big blind) won ($0.5)
Seat 2: 66219baf folded on the River
Seat 3: 85be3743 folded before Flop (didn't bet)
Seat 4: d421f45e folded before Flop (didn't bet)
Seat 5: 872df8 (button) folded before Flop (didn't bet)
Seat 6: b9ac7d0d (small blind) folded before Flop


Poker Hand #HD1137434261: Hold'em No Limit  ($0.02/$0.05) - 2023/02/26 19:07:46
Table 'NLHBlue87' 6-max Seat #4 is the button
Seat 1: Hero ($6.34 in chips)
Seat 2: 66219baf ($5.1 in chips)
Seat 3: 85be3743 ($4.01 in chips)
Seat 4: d421f45e ($5 in chips)
Seat 5: 872df8 ($2.98 in chips)
Seat 6: b9ac7d0d ($5.07 in chips)
872df8: posts small blind $0.02
b9ac7d0d: posts big blind $0.05
*** HOLE CARDS ***
Dealt to Hero [3s 7c]
Dealt to 66219baf 
Dealt to 85be3743 
Dealt to d421f45e 
Dealt to 872df8 
Dealt to b9ac7d0d 
Hero: folds
66219baf: folds
85be3743: folds
d421f45e: folds
872df8: folds
Uncalled bet ($0.03) returned to b9ac7d0d
*** SHOWDOWN ***
b9ac7d0d collected $0.04 from pot
*** SUMMARY ***
Total pot $0.04 | Rake $0 | Jackpot $0 | Bingo $0 | Fortune $0
Seat 1: Hero folded before Flop (didn't bet)
Seat 2: 66219baf folded before Flop (didn't bet)
Seat 3: 85be3743 folded before Flop (didn't bet)
Seat 4: d421f45e (button) folded before Flop (didn't bet)
Seat 5: 872df8 (small blind) folded before Flop
Seat 6: b9ac7d0d (big blind) collected ($0.04)


Poker Hand #HD1137434222: Hold'em No Limit  ($0.02/$0.05) - 2023/02/26 19:07:35
Table 'NLHBlue87' 6-max Seat #3 is the button
Seat 1: Hero ($6.27 in chips)
Seat 2: 66219baf ($5.1 in chips)
Seat 3: 85be3743 ($4.01 in chips)
Seat 4: d421f45e ($5 in chips)
Seat 5: 872df8 ($3.03 in chips)
Seat 6: b9ac7d0d ($5.07 in chips)
d421f45e: posts small blind $0.02
872df8: posts big blind $0.05
*** HOLE CARDS ***
Dealt to Hero [Th Ts]
Dealt to 66219baf 
Dealt to 85be3743 
Dealt to d421f45e 
Dealt to 872df8 
Dealt to b9ac7d0d 
b9ac7d0d: folds
Hero: raises $0.07 to $0.12
66219baf: folds
85be3743: folds
d421f45e: folds
872df8: folds
Uncalled bet ($0.07) returned to Hero
*** SHOWDOWN ***
Hero collected $0.12 from pot
*** SUMMARY ***
Total pot $0.12 | Rake $0 | Jackpot $0 | Bingo $0 | Fortune $0
Seat 1: Hero collected ($0.12)
Seat 2: 66219baf folded before Flop (didn't bet)
Seat 3: 85be3743 (button) folded before Flop (didn't bet)
Seat 4: d421f45e (small blind) folded before Flop
Seat 5: 872df8 (big blind) folded before Flop
Seat 6: b9ac7d0d folded before Flop (didn't bet)


Poker Hand #HD1137434129: Hold'em No Limit  ($0.02/$0.05) - 2023/02/26 19:06:58
Table 'NLHBlue87' 6-max Seat #2 is the button
Seat 1: Hero ($6.27 in chips)
Seat 2: 66219baf ($5.1 in chips)
Seat 3: 85be3743 ($4.03 in chips)
Seat 4: d421f45e ($5 in chips)
Seat 5: 872df8 ($3.03 in chips)
Seat 6: b9ac7d0d ($5 in chips)
85be3743: posts small blind $0.02
d421f45e: posts big blind $0.05
*** HOLE CARDS ***
Dealt to Hero [Ac 3d]
Dealt to 66219baf 
Dealt to 85be3743 
Dealt to d421f45e 
Dealt to 872df8 
Dealt to b9ac7d0d 
872df8: folds
b9ac7d0d: raises $0.08 to $0.13
Hero: folds
66219baf: folds
85be3743: folds
d421f45e: folds
Uncalled bet ($0.08) returned to b9ac7d0d
*** SHOWDOWN ***
b9ac7d0d collected $0.12 from pot
*** SUMMARY ***
Total pot $0.12 | Rake $0 | Jackpot $0 | Bingo $0 | Fortune $0
Seat 1: Hero folded before Flop (didn't bet)
Seat 2: 66219baf (button) folded before Flop (didn't bet)
Seat 3: 85be3743 (small blind) folded before Flop
Seat 4: d421f45e (big blind) folded before Flop
Seat 5: 872df8 folded before Flop (didn't bet)
Seat 6: b9ac7d0d collected ($0.12)


Poker Hand #HD1137433954: Hold'em No Limit  ($0.02/$0.05) - 2023/02/26 19:05:55
Table 'NLHBlue87' 6-max Seat #1 is the button
Seat 1: Hero ($5.93 in chips)
Seat 2: 66219baf ($5.12 in chips)
Seat 3: 85be3743 ($4.08 in chips)
Seat 5: 872df8 ($3.03 in chips)
Seat 6: b9ac7d0d ($5.19 in chips)
66219baf: posts small blind $0.02
85be3743: posts big blind $0.05
*** HOLE CARDS ***
Dealt to Hero [Kd Ks]
Dealt to 66219baf 
Dealt to 85be3743 
Dealt to 872df8 
Dealt to b9ac7d0d 
872df8: folds
b9ac7d0d: raises $0.08 to $0.13
Hero: raises $0.17 to $0.3
66219baf: folds
85be3743: folds
b9ac7d0d: calls $0.17
*** FLOP *** [6d Jh Qc]
b9ac7d0d: checks
Hero: bets $0.34
b9ac7d0d: folds
Uncalled bet ($0.34) returned to Hero
*** SHOWDOWN ***
Hero collected $0.64 from pot
*** SUMMARY ***
Total pot $0.67 | Rake $0.03 | Jackpot $0 | Bingo $0 | Fortune $0
Board [6d Jh Qc]
Seat 1: Hero (button) won ($0.64)
Seat 2: 66219baf (small blind) folded before Flop
Seat 3: 85be3743 (big blind) folded before Flop
Seat 5: 872df8 folded before Flop (didn't bet)
Seat 6: b9ac7d0d folded on the Flop


Poker Hand #HD1137433847: Hold'em No Limit  ($0.02/$0.05) - 2023/02/26 19:05:15
Table 'NLHBlue87' 6-max Seat #6 is the button
Seat 1: Hero ($5.95 in chips)
Seat 2: 66219baf ($5.17 in chips)
Seat 3: 85be3743 ($4.08 in chips)
Seat 4: 93a4fcd4 ($3.67 in chips)
Seat 5: 872df8 ($3.03 in chips)
Seat 6: b9ac7d0d ($5.12 in chips)
Hero: posts small blind $0.02
66219baf: posts big blind $0.05
*** HOLE CARDS ***
Dealt to Hero [2d Tc]
Dealt to 66219baf 
Dealt to 85be3743 
Dealt to 93a4fcd4 
Dealt to 872df8 
Dealt to b9ac7d0d 
85be3743: folds
93a4fcd4: folds
872df8: folds
b9ac7d0d: raises $0.08 to $0.13
Hero: folds
66219baf: folds
Uncalled bet ($0.08) returned to b9ac7d0d
*** SHOWDOWN ***
b9ac7d0d collected $0.12 from pot
*** SUMMARY ***
Total pot $0.12 | Rake $0 | Jackpot $0 | Bingo $0 | Fortune $0
Seat 1: Hero (small blind) folded before Flop
Seat 2: 66219baf (big blind) folded before Flop
Seat 3: 85be3743 folded before Flop (didn't bet)
Seat 4: 93a4fcd4 folded before Flop (didn't bet)
Seat 5: 872df8 folded before Flop (didn't bet)
Seat 6: b9ac7d0d (button) collected ($0.12)


Poker Hand #HD1137433738: Hold'em No Limit  ($0.02/$0.05) - 2023/02/26 19:04:39
Table 'NLHBlue87' 6-max Seat #5 is the button
Seat 1: Hero ($5.93 in chips)
Seat 2: 66219baf ($5.17 in chips)
Seat 3: 85be3743 ($4.08 in chips)
Seat 4: 93a4fcd4 ($3.67 in chips)
Seat 5: 872df8 ($3.03 in chips)
Seat 6: b9ac7d0d ($5.14 in chips)
b9ac7d0d: posts small blind $0.02
Hero: posts big blind $0.05
*** HOLE CARDS ***
Dealt to Hero [6s Kd]
Dealt to 66219baf 
Dealt to 85be3743 
Dealt to 93a4fcd4 
Dealt to 872df8 
Dealt to b9ac7d0d 
66219baf: folds
85be3743: folds
93a4fcd4: folds
872df8: folds
b9ac7d0d: folds
Uncalled bet ($0.03) returned to Hero
*** SHOWDOWN ***
Hero collected $0.04 from pot
*** SUMMARY ***
Total pot $0.04 | Rake $0 | Jackpot $0 | Bingo $0 | Fortune $0
Seat 1: Hero (big blind) collected ($0.04)
Seat 2: 66219baf folded before Flop (didn't bet)
Seat 3: 85be3743 folded before Flop (didn't bet)
Seat 4: 93a4fcd4 folded before Flop (didn't bet)
Seat 5: 872df8 (button) folded before Flop (didn't bet)
Seat 6: b9ac7d0d (small blind) folded before Flop


Poker Hand #HD1137433597: Hold'em No Limit  ($0.02/$0.05) - 2023/02/26 19:03:50
Table 'NLHBlue87' 6-max Seat #4 is the button
Seat 1: Hero ($5.93 in chips)
Seat 2: 66219baf ($5.17 in chips)
Seat 3: 85be3743 ($4.13 in chips)
Seat 4: 93a4fcd4 ($3.67 in chips)
Seat 5: 872df8 ($3.05 in chips)
Seat 6: b9ac7d0d ($5.07 in chips)
872df8: posts small blind $0.02
b9ac7d0d: posts big blind $0.05
*** HOLE CARDS ***
Dealt to Hero [7h 5c]
Dealt to 66219baf 
Dealt to 85be3743 
Dealt to 93a4fcd4 
Dealt to 872df8 
Dealt to b9ac7d0d 
Hero: folds
66219baf: folds
85be3743: calls $0.05
93a4fcd4: folds
872df8: folds
b9ac7d0d: checks
*** FLOP *** [Kd Jd 8s]
b9ac7d0d: checks
85be3743: checks
*** TURN *** [Kd Jd 8s] [3s]
b9ac7d0d: bets $0.06
85be3743: folds
Uncalled bet ($0.06) returned to b9ac7d0d
*** SHOWDOWN ***
b9ac7d0d collected $0.12 from pot
*** SUMMARY ***
Total pot $0.12 | Rake $0 | Jackpot $0 | Bingo $0 | Fortune $0
Board [Kd Jd 8s 3s]
Seat 1: Hero folded before Flop (didn't bet)
Seat 2: 66219baf folded before Flop (didn't bet)
Seat 3: 85be3743 folded on the Turn
Seat 4: 93a4fcd4 (button) folded before Flop (didn't bet)
Seat 5: 872df8 (small blind) folded before Flop
Seat 6: b9ac7d0d (big blind) won ($0.12)


Poker Hand #HD1137433383: Hold'em No Limit  ($0.02/$0.05) - 2023/02/26 19:02:36
Table 'NLHBlue87' 6-max Seat #3 is the button
Seat 1: Hero ($5.93 in chips)
Seat 2: 66219baf ($5.4 in chips)
Seat 3: 85be3743 ($4.13 in chips)
Seat 4: 93a4fcd4 ($3.69 in chips)
Seat 5: 872df8 ($2.82 in chips)
Seat 6: b9ac7d0d ($5.07 in chips)
93a4fcd4: posts small blind $0.02
872df8: posts big blind $0.05
*** HOLE CARDS ***
Dealt to Hero [Ad Kd]
Dealt to 66219baf 
Dealt to 85be3743 
Dealt to 93a4fcd4 
Dealt to 872df8 
Dealt to b9ac7d0d 
b9ac7d0d: folds
Hero: folds
66219baf: raises $0.08 to $0.13
85be3743: folds
93a4fcd4: folds
872df8: calls $0.08
*** FLOP *** [7d 9h Qd]
872df8: checks
66219baf: bets $0.1
872df8: calls $0.1
*** TURN *** [7d 9h Qd] [4s]
872df8: checks
66219baf: checks
*** RIVER *** [7d 9h Qd 4s] [3d]
872df8: checks
66219baf: checks
872df8: shows [Td Ts] (Pair of Tens)
66219baf: shows [Jc Kh] (King-High)
*** SHOWDOWN ***
872df8 collected $0.46 from pot
*** SUMMARY ***
Total pot $0.48 | Rake $0.02 | Jackpot $0 | Bingo $0 | Fortune $0
Board [7d 9h Qd 4s 3d]
Seat 1: Hero folded before Flop (didn't bet)
Seat 2: 66219baf showed [Jc Kh] and lost with King-High
Seat 3: 85be3743 (button) folded before Flop (didn't bet)
Seat 4: 93a4fcd4 (small blind) folded before Flop
Seat 5: 872df8 (big blind) showed [Td Ts] and won ($0.46) with Pair of Tens
Seat 6: b9ac7d0d folded before Flop (didn't bet)


Poker Hand #HD1137433309: Hold'em No Limit  ($0.02/$0.05) - 2023/02/26 19:02:16
Table 'NLHBlue87' 6-max Seat #2 is the button
Seat 1: Hero ($5.93 in chips)
Seat 2: 66219baf ($5.4 in chips)
Seat 3: 85be3743 ($4.15 in chips)
Seat 4: 93a4fcd4 ($3.74 in chips)
Seat 5: 872df8 ($2.82 in chips)
Seat 6: b9ac7d0d ($5 in chips)
85be3743: posts small blind $0.02
93a4fcd4: posts big blind $0.05
*** HOLE CARDS ***
Dealt to Hero [9c Ts]
Dealt to 66219baf 
Dealt to 85be3743 
Dealt to 93a4fcd4 
Dealt to 872df8 
Dealt to b9ac7d0d 
872df8: folds
b9ac7d0d: raises $0.1 to $0.15
Hero: folds
66219baf: folds
85be3743: folds
93a4fcd4: folds
Uncalled bet ($0.1) returned to b9ac7d0d
*** SHOWDOWN ***
b9ac7d0d collected $0.12 from pot
*** SUMMARY ***
Total pot $0.12 | Rake $0 | Jackpot $0 | Bingo $0 | Fortune $0
Seat 1: Hero folded before Flop (didn't bet)
Seat 2: 66219baf (button) folded before Flop (didn't bet)
Seat 3: 85be3743 (small blind) folded before Flop
Seat 4: 93a4fcd4 (big blind) folded before Flop
Seat 5: 872df8 folded before Flop (didn't bet)
Seat 6: b9ac7d0d collected ($0.12)


Poker Hand #HD1137433210: Hold'em No Limit  ($0.02/$0.05) - 2023/02/26 19:01:40
Table 'NLHBlue87' 6-max Seat #1 is the button
Seat 1: Hero ($5.93 in chips)
Seat 2: 66219baf ($5.42 in chips)
Seat 3: 85be3743 ($4.2 in chips)
Seat 4: 93a4fcd4 ($3.74 in chips)
Seat 5: 872df8 ($2.75 in chips)
Seat 6: b9ac7d0d ($5 in chips)
66219baf: posts small blind $0.02
85be3743: posts big blind $0.05
*** HOLE CARDS ***
Dealt to Hero [7d 8s]
Dealt to 66219baf 
Dealt to 85be3743 
Dealt to 93a4fcd4 
Dealt to 872df8 
Dealt to b9ac7d0d 
93a4fcd4: folds
872df8: raises $0.08 to $0.13
b9ac7d0d: folds
Hero: folds
66219baf: folds
85be3743: folds
Uncalled bet ($0.08) returned to 872df8
*** SHOWDOWN ***
872df8 collected $0.12 from pot
*** SUMMARY ***
Total pot $0.12 | Rake $0 | Jackpot $0 | Bingo $0 | Fortune $0
Seat 1: Hero (button) folded before Flop (didn't bet)
Seat 2: 66219baf (small blind) folded before Flop
Seat 3: 85be3743 (big blind) folded before Flop
Seat 4: 93a4fcd4 folded before Flop (didn't bet)
Seat 5: 872df8 collected ($0.12)
Seat 6: b9ac7d0d folded before Flop (didn't bet)


Poker Hand #HD1137433069: Hold'em No Limit  ($0.02/$0.05) - 2023/02/26 19:00:54
Table 'NLHBlue87' 6-max Seat #6 is the button
Seat 1: Hero ($5.95 in chips)
Seat 2: 66219baf ($5.47 in chips)
Seat 3: 85be3743 ($4.35 in chips)
Seat 4: 93a4fcd4 ($3.53 in chips)
Seat 5: 872df8 ($2.75 in chips)
Seat 6: b9ac7d0d ($5 in chips)
Hero: posts small blind $0.02
66219baf: posts big blind $0.05
*** HOLE CARDS ***
Dealt to Hero [2h Ac]
Dealt to 66219baf 
Dealt to 85be3743 
Dealt to 93a4fcd4 
Dealt to 872df8 
Dealt to b9ac7d0d 
85be3743: calls $0.05
93a4fcd4: raises $0.1 to $0.15
872df8: folds
b9ac7d0d: folds
Hero: folds
66219baf: folds
85be3743: calls $0.1
*** FLOP *** [8d 5s Ad]
85be3743: checks
93a4fcd4: bets $0.13
85be3743: folds
Uncalled bet ($0.13) returned to 93a4fcd4
*** SHOWDOWN ***
93a4fcd4 collected $0.36 from pot
*** SUMMARY ***
Total pot $0.37 | Rake $0.01 | Jackpot $0 | Bingo $0 | Fortune $0
Board [8d 5s Ad]
Seat 1: Hero (small blind) folded before Flop
Seat 2: 66219baf (big blind) folded before Flop
Seat 3: 85be3743 folded on the Flop
Seat 4: 93a4fcd4 won ($0.36)
Seat 5: 872df8 folded before Flop (didn't bet)
Seat 6: b9ac7d0d (button) folded before Flop (didn't bet)


Poker Hand #HD1137432941: Hold'em No Limit  ($0.02/$0.05) - 2023/02/26 19:00:10
Table 'NLHBlue87' 6-max Seat #5 is the button
Seat 1: Hero ($5.69 in chips)
Seat 2: 66219baf ($5.6 in chips)
Seat 3: 85be3743 ($4.48 in chips)
Seat 4: 93a4fcd4 ($3.53 in chips)
Seat 5: 872df8 ($2.75 in chips)
Seat 6: b9ac7d0d ($5 in chips)
b9ac7d0d: posts small blind $0.02
Hero: posts big blind $0.05
*** HOLE CARDS ***
Dealt to Hero [Ks Kd]
Dealt to 66219baf 
Dealt to 85be3743 
Dealt to 93a4fcd4 
Dealt to 872df8 
Dealt to b9ac7d0d 
66219baf: raises $0.08 to $0.13
85be3743: calls $0.13
93a4fcd4: folds
872df8: folds
b9ac7d0d: folds
Hero: raises $0.45 to $0.58
66219baf: folds
85be3743: folds
Uncalled bet ($0.45) returned to Hero
*** SHOWDOWN ***
Hero collected $0.39 from pot
*** SUMMARY ***
Total pot $0.41 | Rake $0.02 | Jackpot $0 | Bingo $0 | Fortune $0
Seat 1: Hero (big blind) collected ($0.39)
Seat 2: 66219baf folded before Flop
Seat 3: 85be3743 folded before Flop
Seat 4: 93a4fcd4 folded before Flop (didn't bet)
Seat 5: 872df8 (button) folded before Flop (didn't bet)
Seat 6: b9ac7d0d (small blind) folded before Flop


Poker Hand #HD1137432895: Hold'em No Limit  ($0.02/$0.05) - 2023/02/26 18:59:53
Table 'NLHBlue87' 6-max Seat #4 is the button
Seat 1: Hero ($5.62 in chips)
Seat 2: 66219baf ($5.6 in chips)
Seat 3: 85be3743 ($4.48 in chips)
Seat 4: 93a4fcd4 ($3.53 in chips)
Seat 5: 872df8 ($2.77 in chips)
Seat 6: b9ac7d0d ($5 in chips)
872df8: posts small blind $0.02
b9ac7d0d: posts big blind $0.05
*** HOLE CARDS ***
Dealt to Hero [Jd Kd]
Dealt to 66219baf 
Dealt to 85be3743 
Dealt to 93a4fcd4 
Dealt to 872df8 
Dealt to b9ac7d0d 
Hero: raises $0.07 to $0.12
66219baf: folds
85be3743: folds
93a4fcd4: folds
872df8: folds
b9ac7d0d: folds
Uncalled bet ($0.07) returned to Hero
*** SHOWDOWN ***
Hero collected $0.12 from pot
*** SUMMARY ***
Total pot $0.12 | Rake $0 | Jackpot $0 | Bingo $0 | Fortune $0
Seat 1: Hero collected ($0.12)
Seat 2: 66219baf folded before Flop (didn't bet)
Seat 3: 85be3743 folded before Flop (didn't bet)
Seat 4: 93a4fcd4 (button) folded before Flop (didn't bet)
Seat 5: 872df8 (small blind) folded before Flop
Seat 6: b9ac7d0d (big blind) folded before Flop


Poker Hand #HD1137432855: Hold'em No Limit  ($0.02/$0.05) - 2023/02/26 18:59:40
Table 'NLHBlue87' 6-max Seat #3 is the button
Seat 1: Hero ($5.62 in chips)
Seat 2: 66219baf ($5.6 in chips)
Seat 3: 85be3743 ($4.48 in chips)
Seat 4: 93a4fcd4 ($3.55 in chips)
Seat 5: 872df8 ($2.75 in chips)
Seat 6: b9ac7d0d ($5 in chips)
93a4fcd4: posts small blind $0.02
872df8: posts big blind $0.05
*** HOLE CARDS ***
Dealt to Hero [Qs 4s]
Dealt to 66219baf 
Dealt to 85be3743 
Dealt to 93a4fcd4 
Dealt to 872df8 
Dealt to b9ac7d0d 
b9ac7d0d: folds
Hero: folds
66219baf: folds
85be3743: folds
93a4fcd4: folds
Uncalled bet ($0.03) returned to 872df8
*** SHOWDOWN ***
872df8 collected $0.04 from pot
*** SUMMARY ***
Total pot $0.04 | Rake $0 | Jackpot $0 | Bingo $0 | Fortune $0
Seat 1: Hero folded before Flop (didn't bet)
Seat 2: 66219baf folded before Flop (didn't bet)
Seat 3: 85be3743 (button) folded before Flop (didn't bet)
Seat 4: 93a4fcd4 (small blind) folded before Flop
Seat 5: 872df8 (big blind) collected ($0.04)
Seat 6: b9ac7d0d folded before Flop (didn't bet)


Poker Hand #HD1137432704: Hold'em No Limit  ($0.02/$0.05) - 2023/02/26 18:58:51
Table 'NLHBlue87' 6-max Seat #2 is the button
Seat 1: Hero ($5.62 in chips)
Seat 2: 66219baf ($5.6 in chips)
Seat 3: 85be3743 ($4.3 in chips)
Seat 4: 93a4fcd4 ($3.75 in chips)
Seat 5: 872df8 ($2.75 in chips)
Seat 6: b9ac7d0d ($5 in chips)
85be3743: posts small blind $0.02
93a4fcd4: posts big blind $0.05
*** HOLE CARDS ***
Dealt to Hero [6d Ac]
Dealt to 66219baf 
Dealt to 85be3743 
Dealt to 93a4fcd4 
Dealt to 872df8 
Dealt to b9ac7d0d 
872df8: folds
b9ac7d0d: folds
Hero: folds
66219baf: folds
85be3743: calls $0.03
93a4fcd4: checks
*** FLOP *** [Ts 8d 2s]
85be3743: checks
93a4fcd4: checks
*** TURN *** [Ts 8d 2s] [3d]
85be3743: checks
93a4fcd4: checks
*** RIVER *** [Ts 8d 2s 3d] [7d]
85be3743: bets $0.15
93a4fcd4: calls $0.15
85be3743: shows [Kd 5d] (King High Flush)
93a4fcd4: shows [Jh 7c] (Pair of Sevens)
*** SHOWDOWN ***
85be3743 collected $0.38 from pot
*** SUMMARY ***
Total pot $0.4 | Rake $0.02 | Jackpot $0 | Bingo $0 | Fortune $0
Board [Ts 8d 2s 3d 7d]
Seat 1: Hero folded before Flop (didn't bet)
Seat 2: 66219baf (button) folded before Flop (didn't bet)
Seat 3: 85be3743 (small blind) showed [Kd 5d] and won ($0.38) with King High Flush
Seat 4: 93a4fcd4 (big blind) showed [Jh 7c] and lost with Pair of Sevens
Seat 5: 872df8 folded before Flop (didn't bet)
Seat 6: b9ac7d0d folded before Flop (didn't bet)


Poker Hand #HD1137432556: Hold'em No Limit  ($0.02/$0.05) - 2023/02/26 18:57:57
Table 'NLHBlue87' 6-max Seat #1 is the button
Seat 1: Hero ($5.62 in chips)
Seat 2: 66219baf ($5.62 in chips)
Seat 3: 85be3743 ($3.88 in chips)
Seat 4: 93a4fcd4 ($4.19 in chips)
Seat 5: 872df8 ($2.75 in chips)
Seat 6: b9ac7d0d ($5 in chips)
66219baf: posts small blind $0.02
85be3743: posts big blind $0.05
*** HOLE CARDS ***
Dealt to Hero [8s Tc]
Dealt to 66219baf 
Dealt to 85be3743 
Dealt to 93a4fcd4 
Dealt to 872df8 
Dealt to b9ac7d0d 
93a4fcd4: raises $0.1 to $0.15
872df8: folds
b9ac7d0d: folds
Hero: folds
66219baf: folds
85be3743: calls $0.1
*** FLOP *** [8c 7h 8d]
85be3743: checks
93a4fcd4: checks
*** TURN *** [8c 7h 8d] [9h]
85be3743: checks
93a4fcd4: checks
*** RIVER *** [8c 7h 8d 9h] [Jd]
85be3743: bets $0.11
93a4fcd4: raises $0.18 to $0.29
85be3743: calls $0.18
93a4fcd4: shows [Ah Jc] (Pair of Jacks and Pair of Eights)
85be3743: shows [Ts Qs] (Queens-High Straight)
*** SHOWDOWN ***
85be3743 collected $0.86 from pot
*** SUMMARY ***
Total pot $0.9 | Rake $0.04 | Jackpot $0 | Bingo $0 | Fortune $0
Board [8c 7h 8d 9h Jd]
Seat 1: Hero (button) folded before Flop (didn't bet)
Seat 2: 66219baf (small blind) folded before Flop
Seat 3: 85be3743 (big blind) showed [Ts Qs] and won ($0.86) with Queens-High Straight
Seat 4: 93a4fcd4 showed [Ah Jc] and lost with Pair of Jacks and Pair of Eights
Seat 5: 872df8 folded before Flop (didn't bet)
Seat 6: b9ac7d0d folded before Flop (didn't bet)


Poker Hand #HD1137432439: Hold'em No Limit  ($0.02/$0.05) - 2023/02/26 18:57:16
Table 'NLHBlue87' 6-max Seat #6 is the button
Seat 1: Hero ($5.08 in chips)
Seat 2: 66219baf ($5.67 in chips)
Seat 3: 85be3743 ($3.88 in chips)
Seat 4: 93a4fcd4 ($4.19 in chips)
Seat 5: 872df8 ($2.75 in chips)
Seat 6: b9ac7d0d ($5.09 in chips)
Hero: posts small blind $0.02
66219baf: posts big blind $0.05
*** HOLE CARDS ***
Dealt to Hero [Jc Jh]
Dealt to 66219baf 
Dealt to 85be3743 
Dealt to 93a4fcd4 
Dealt to 872df8 
Dealt to b9ac7d0d 
85be3743: folds
93a4fcd4: folds
872df8: folds
b9ac7d0d: raises $0.1 to $0.15
Hero: raises $0.39 to $0.54
66219baf: folds
b9ac7d0d: calls $0.39
*** FLOP *** [4s 6c 9c]
Hero: bets $0.85
b9ac7d0d: folds
Uncalled bet ($0.85) returned to Hero
*** SHOWDOWN ***
Hero collected $1.08 from pot
*** SUMMARY ***
Total pot $1.13 | Rake $0.05 | Jackpot $0 | Bingo $0 | Fortune $0
Board [4s 6c 9c]
Seat 1: Hero (small blind) won ($1.08)
Seat 2: 66219baf (big blind) folded before Flop
Seat 3: 85be3743 folded before Flop (didn't bet)
Seat 4: 93a4fcd4 folded before Flop (didn't bet)
Seat 5: 872df8 folded before Flop (didn't bet)
Seat 6: b9ac7d0d (button) folded on the Flop


Poker Hand #HD1137432383: Hold'em No Limit  ($0.02/$0.05) - 2023/02/26 18:56:55
Table 'NLHBlue87' 6-max Seat #5 is the button
Seat 1: Hero ($5.13 in chips)
Seat 2: 66219baf ($5.67 in chips)
Seat 3: 85be3743 ($3.88 in chips)
Seat 4: 93a4fcd4 ($4.12 in chips)
Seat 5: 872df8 ($2.75 in chips)
Seat 6: b9ac7d0d ($5.11 in chips)
b9ac7d0d: posts small blind $0.02
Hero: posts big blind $0.05
*** HOLE CARDS ***
Dealt to Hero [6h 2s]
Dealt to 66219baf 
Dealt to 85be3743 
Dealt to 93a4fcd4 
Dealt to 872df8 
Dealt to b9ac7d0d 
66219baf: folds
85be3743: folds
93a4fcd4: raises $0.05 to $0.1
872df8: folds
b9ac7d0d: folds
Hero: folds
Uncalled bet ($0.05) returned to 93a4fcd4
*** SHOWDOWN ***
93a4fcd4 collected $0.12 from pot
*** SUMMARY ***
Total pot $0.12 | Rake $0 | Jackpot $0 | Bingo $0 | Fortune $0
Seat 1: Hero (big blind) folded before Flop
Seat 2: 66219baf folded before Flop (didn't bet)
Seat 3: 85be3743 folded before Flop (didn't bet)
Seat 4: 93a4fcd4 collected ($0.12)
Seat 5: 872df8 (button) folded before Flop (didn't bet)
Seat 6: b9ac7d0d (small blind) folded before Flop


Poker Hand #HD1137432321: Hold'em No Limit  ($0.02/$0.05) - 2023/02/26 18:56:38
Table 'NLHBlue87' 6-max Seat #4 is the button
Seat 1: Hero ($5.13 in chips)
Seat 2: 66219baf ($5.6 in chips)
Seat 3: 85be3743 ($3.88 in chips)
Seat 4: 93a4fcd4 ($4.12 in chips)
Seat 5: 872df8 ($2.77 in chips)
Seat 6: b9ac7d0d ($5.16 in chips)
872df8: posts small blind $0.02
b9ac7d0d: posts big blind $0.05
*** HOLE CARDS ***
Dealt to Hero [Ad 3s]
Dealt to 66219baf 
Dealt to 85be3743 
Dealt to 93a4fcd4 
Dealt to 872df8 
Dealt to b9ac7d0d 
Hero: folds
66219baf: raises $0.08 to $0.13
85be3743: folds
93a4fcd4: folds
872df8: folds
b9ac7d0d: folds
Uncalled bet ($0.08) returned to 66219baf
*** SHOWDOWN ***
66219baf collected $0.12 from pot
*** SUMMARY ***
Total pot $0.12 | Rake $0 | Jackpot $0 | Bingo $0 | Fortune $0
Seat 1: Hero folded before Flop (didn't bet)
Seat 2: 66219baf collected ($0.12)
Seat 3: 85be3743 folded before Flop (didn't bet)
Seat 4: 93a4fcd4 (button) folded before Flop (didn't bet)
Seat 5: 872df8 (small blind) folded before Flop
Seat 6: b9ac7d0d (big blind) folded before Flop


Poker Hand #HD1137432295: Hold'em No Limit  ($0.02/$0.05) - 2023/02/26 18:56:25
Table 'NLHBlue87' 6-max Seat #3 is the button
Seat 1: Hero ($5.13 in chips)
Seat 2: 66219baf ($5.6 in chips)
Seat 3: 85be3743 ($3.88 in chips)
Seat 4: 93a4fcd4 ($4.14 in chips)
Seat 5: 872df8 ($2.75 in chips)
Seat 6: b9ac7d0d ($5.16 in chips)
93a4fcd4: posts small blind $0.02
872df8: posts big blind $0.05
*** HOLE CARDS ***
Dealt to Hero [4s Qc]
Dealt to 66219baf 
Dealt to 85be3743 
Dealt to 93a4fcd4 
Dealt to 872df8 
Dealt to b9ac7d0d 
b9ac7d0d: folds
Hero: folds
66219baf: folds
85be3743: folds
93a4fcd4: folds
Uncalled bet ($0.03) returned to 872df8
*** SHOWDOWN ***
872df8 collected $0.04 from pot
*** SUMMARY ***
Total pot $0.04 | Rake $0 | Jackpot $0 | Bingo $0 | Fortune $0
Seat 1: Hero folded before Flop (didn't bet)
Seat 2: 66219baf folded before Flop (didn't bet)
Seat 3: 85be3743 (button) folded before Flop (didn't bet)
Seat 4: 93a4fcd4 (small blind) folded before Flop
Seat 5: 872df8 (big blind) collected ($0.04)
Seat 6: b9ac7d0d folded before Flop (didn't bet)


Poker Hand #HD1137432254: Hold'em No Limit  ($0.02/$0.05) - 2023/02/26 18:56:14
Table 'NLHBlue87' 6-max Seat #2 is the button
Seat 1: Hero ($5.13 in chips)
Seat 2: 66219baf ($5.6 in chips)
Seat 3: 85be3743 ($3.9 in chips)
Seat 4: 93a4fcd4 ($4.12 in chips)
Seat 5: 872df8 ($2.75 in chips)
Seat 6: b9ac7d0d ($5.16 in chips)
85be3743: posts small blind $0.02
93a4fcd4: posts big blind $0.05
*** HOLE CARDS ***
Dealt to Hero [6c 4h]
Dealt to 66219baf 
Dealt to 85be3743 
Dealt to 93a4fcd4 
Dealt to 872df8 
Dealt to b9ac7d0d 
872df8: folds
b9ac7d0d: folds
Hero: folds
66219baf: folds
85be3743: folds
Uncalled bet ($0.03) returned to 93a4fcd4
*** SHOWDOWN ***
93a4fcd4 collected $0.04 from pot
*** SUMMARY ***
Total pot $0.04 | Rake $0 | Jackpot $0 | Bingo $0 | Fortune $0
Seat 1: Hero folded before Flop (didn't bet)
Seat 2: 66219baf (button) folded before Flop (didn't bet)
Seat 3: 85be3743 (small blind) folded before Flop
Seat 4: 93a4fcd4 (big blind) collected ($0.04)
Seat 5: 872df8 folded before Flop (didn't bet)
Seat 6: b9ac7d0d folded before Flop (didn't bet)


Poker Hand #HD1137432158: Hold'em No Limit  ($0.02/$0.05) - 2023/02/26 18:55:42
Table 'NLHBlue87' 6-max Seat #1 is the button
Seat 1: Hero ($5.13 in chips)
Seat 2: 66219baf ($5.43 in chips)
Seat 3: 85be3743 ($3.95 in chips)
Seat 4: 93a4fcd4 ($4.12 in chips)
Seat 5: 872df8 ($2.75 in chips)
Seat 6: b9ac7d0d ($5.29 in chips)
66219baf: posts small blind $0.02
85be3743: posts big blind $0.05
*** HOLE CARDS ***
Dealt to Hero [6c Kd]
Dealt to 66219baf 
Dealt to 85be3743 
Dealt to 93a4fcd4 
Dealt to 872df8 
Dealt to b9ac7d0d 
93a4fcd4: folds
872df8: folds
b9ac7d0d: raises $0.08 to $0.13
Hero: folds
66219baf: raises $0.37 to $0.5
85be3743: folds
b9ac7d0d: folds
Uncalled bet ($0.37) returned to 66219baf
*** SHOWDOWN ***
66219baf collected $0.3 from pot
*** SUMMARY ***
Total pot $0.31 | Rake $0.01 | Jackpot $0 | Bingo $0 | Fortune $0
Seat 1: Hero (button) folded before Flop (didn't bet)
Seat 2: 66219baf (small blind) collected ($0.3)
Seat 3: 85be3743 (big blind) folded before Flop
Seat 4: 93a4fcd4 folded before Flop (didn't bet)
Seat 5: 872df8 folded before Flop (didn't bet)
Seat 6: b9ac7d0d folded before Flop


Poker Hand #HD1137432095: Hold'em No Limit  ($0.02/$0.05) - 2023/02/26 18:55:20
Table 'NLHBlue87' 6-max Seat #6 is the button
Seat 1: Hero ($5.08 in chips)
Seat 2: 66219baf ($5.48 in chips)
Seat 3: 85be3743 ($3.95 in chips)
Seat 4: 93a4fcd4 ($4.12 in chips)
Seat 5: 872df8 ($2.75 in chips)
Seat 6: b9ac7d0d ($5.29 in chips)
Hero: posts small blind $0.02
66219baf: posts big blind $0.05
*** HOLE CARDS ***
Dealt to Hero [Qh Td]
Dealt to 66219baf 
Dealt to 85be3743 
Dealt to 93a4fcd4 
Dealt to 872df8 
Dealt to b9ac7d0d 
85be3743: folds
93a4fcd4: folds
872df8: folds
b9ac7d0d: folds
Hero: raises $0.09 to $0.14
66219baf: folds
Uncalled bet ($0.09) returned to Hero
*** SHOWDOWN ***
Hero collected $0.1 from pot
*** SUMMARY ***
Total pot $0.1 | Rake $0 | Jackpot $0 | Bingo $0 | Fortune $0
Seat 1: Hero (small blind) collected ($0.1)
Seat 2: 66219baf (big blind) folded before Flop
Seat 3: 85be3743 folded before Flop (didn't bet)
Seat 4: 93a4fcd4 folded before Flop (didn't bet)
Seat 5: 872df8 folded before Flop (didn't bet)
Seat 6: b9ac7d0d (button) folded before Flop (didn't bet)


Poker Hand #HD1137432024: Hold'em No Limit  ($0.02/$0.05) - 2023/02/26 18:54:59
Table 'NLHBlue87' 6-max Seat #5 is the button
Seat 1: Hero ($5.13 in chips)
Seat 2: 66219baf ($5.48 in chips)
Seat 3: 85be3743 ($3.95 in chips)
Seat 4: 93a4fcd4 ($4.12 in chips)
Seat 5: 872df8 ($2.68 in chips)
Seat 6: b9ac7d0d ($5.31 in chips)
b9ac7d0d: posts small blind $0.02
Hero: posts big blind $0.05
*** HOLE CARDS ***
Dealt to Hero [3s Js]
Dealt to 66219baf 
Dealt to 85be3743 
Dealt to 93a4fcd4 
Dealt to 872df8 
Dealt to b9ac7d0d 
66219baf: folds
85be3743: folds
93a4fcd4: folds
872df8: raises $0.08 to $0.13
b9ac7d0d: folds
Hero: folds
Uncalled bet ($0.08) returned to 872df8
*** SHOWDOWN ***
872df8 collected $0.12 from pot
*** SUMMARY ***
Total pot $0.12 | Rake $0 | Jackpot $0 | Bingo $0 | Fortune $0
Seat 1: Hero (big blind) folded before Flop
Seat 2: 66219baf folded before Flop (didn't bet)
Seat 3: 85be3743 folded before Flop (didn't bet)
Seat 4: 93a4fcd4 folded before Flop (didn't bet)
Seat 5: 872df8 (button) collected ($0.12)
Seat 6: b9ac7d0d (small blind) folded before Flop


Poker Hand #HD1137431943: Hold'em No Limit  ($0.02/$0.05) - 2023/02/26 18:54:32
Table 'NLHBlue87' 6-max Seat #4 is the button
Seat 1: Hero ($5.13 in chips)
Seat 2: 66219baf ($5.48 in chips)
Seat 3: 85be3743 ($3.88 in chips)
Seat 4: 93a4fcd4 ($4.12 in chips)
Seat 5: 872df8 ($2.7 in chips)
Seat 6: b9ac7d0d ($5.36 in chips)
872df8: posts small blind $0.02
b9ac7d0d: posts big blind $0.05
*** HOLE CARDS ***
Dealt to Hero [9h Td]
Dealt to 66219baf 
Dealt to 85be3743 
Dealt to 93a4fcd4 
Dealt to 872df8 
Dealt to b9ac7d0d 
Hero: folds
66219baf: folds
85be3743: raises $0.1 to $0.15
93a4fcd4: folds
872df8: folds
b9ac7d0d: folds
Uncalled bet ($0.1) returned to 85be3743
*** SHOWDOWN ***
85be3743 collected $0.12 from pot
*** SUMMARY ***
Total pot $0.12 | Rake $0 | Jackpot $0 | Bingo $0 | Fortune $0
Seat 1: Hero folded before Flop (didn't bet)
Seat 2: 66219baf folded before Flop (didn't bet)
Seat 3: 85be3743 collected ($0.12)
Seat 4: 93a4fcd4 (button) folded before Flop (didn't bet)
Seat 5: 872df8 (small blind) folded before Flop
Seat 6: b9ac7d0d (big blind) folded before Flop


Poker Hand #HD1137431872: Hold'em No Limit  ($0.02/$0.05) - 2023/02/26 18:54:08
Table 'NLHBlue87' 6-max Seat #3 is the button
Seat 1: Hero ($5.25 in chips)
Seat 2: 66219baf ($5.48 in chips)
Seat 3: 85be3743 ($3.88 in chips)
Seat 4: 93a4fcd4 ($4.14 in chips)
Seat 5: 872df8 ($2.57 in chips)
Seat 6: b9ac7d0d ($5.36 in chips)
93a4fcd4: posts small blind $0.02
872df8: posts big blind $0.05
*** HOLE CARDS ***
Dealt to Hero [5c 5d]
Dealt to 66219baf 
Dealt to 85be3743 
Dealt to 93a4fcd4 
Dealt to 872df8 
Dealt to b9ac7d0d 
b9ac7d0d: folds
Hero: raises $0.07 to $0.12
66219baf: folds
85be3743: folds
93a4fcd4: folds
872df8: raises $0.31 to $0.43
Hero: folds
Uncalled bet ($0.31) returned to 872df8
*** SHOWDOWN ***
872df8 collected $0.25 from pot
*** SUMMARY ***
Total pot $0.26 | Rake $0.01 | Jackpot $0 | Bingo $0 | Fortune $0
Seat 1: Hero folded before Flop
Seat 2: 66219baf folded before Flop (didn't bet)
Seat 3: 85be3743 (button) folded before Flop (didn't bet)
Seat 4: 93a4fcd4 (small blind) folded before Flop
Seat 5: 872df8 (big blind) collected ($0.25)
Seat 6: b9ac7d0d folded before Flop (didn't bet)


Poker Hand #HD1137431704: Hold'em No Limit  ($0.02/$0.05) - 2023/02/26 18:53:11
Table 'NLHBlue87' 6-max Seat #2 is the button
Seat 1: Hero ($5.25 in chips)
Seat 2: 66219baf ($5.05 in chips)
Seat 3: 85be3743 ($4.3 in chips)
Seat 4: 93a4fcd4 ($4.19 in chips)
Seat 5: 872df8 ($2.57 in chips)
Seat 6: b9ac7d0d ($5.36 in chips)
85be3743: posts small blind $0.02
93a4fcd4: posts big blind $0.05
*** HOLE CARDS ***
Dealt to Hero [4h 8d]
Dealt to 66219baf 
Dealt to 85be3743 
Dealt to 93a4fcd4 
Dealt to 872df8 
Dealt to b9ac7d0d 
872df8: folds
b9ac7d0d: folds
Hero: folds
66219baf: raises $0.08 to $0.13
85be3743: calls $0.11
93a4fcd4: folds
*** FLOP *** [Qh Ah 2d]
85be3743: bets $0.11
66219baf: calls $0.11
*** TURN *** [Qh Ah 2d] [Jh]
85be3743: checks
66219baf: bets $0.18
85be3743: calls $0.18
*** RIVER *** [Qh Ah 2d Jh] [Js]
85be3743: checks
66219baf: bets $0.78
85be3743: folds
Uncalled bet ($0.78) returned to 66219baf
*** SHOWDOWN ***
66219baf collected $0.85 from pot
*** SUMMARY ***
Total pot $0.89 | Rake $0.04 | Jackpot $0 | Bingo $0 | Fortune $0
Board [Qh Ah 2d Jh Js]
Seat 1: Hero folded before Flop (didn't bet)
Seat 2: 66219baf (button) won ($0.85)
Seat 3: 85be3743 (small blind) folded on the River
Seat 4: 93a4fcd4 (big blind) folded before Flop
Seat 5: 872df8 folded before Flop (didn't bet)
Seat 6: b9ac7d0d folded before Flop (didn't bet)


Poker Hand #HD1137431653: Hold'em No Limit  ($0.02/$0.05) - 2023/02/26 18:52:50
Table 'NLHBlue87' 6-max Seat #1 is the button
Seat 1: Hero ($5.25 in chips)
Seat 2: 66219baf ($5 in chips)
Seat 3: 85be3743 ($4.35 in chips)
Seat 4: 93a4fcd4 ($4.19 in chips)
Seat 5: 872df8 ($2.57 in chips)
Seat 6: b9ac7d0d ($5.36 in chips)
66219baf: posts small blind $0.02
85be3743: posts big blind $0.05
*** HOLE CARDS ***
Dealt to Hero [3c Qh]
Dealt to 66219baf 
Dealt to 85be3743 
Dealt to 93a4fcd4 
Dealt to 872df8 
Dealt to b9ac7d0d 
93a4fcd4: folds
872df8: folds
b9ac7d0d: folds
Hero: folds
66219baf: raises $0.1 to $0.15
85be3743: folds
Uncalled bet ($0.1) returned to 66219baf
*** SHOWDOWN ***
66219baf collected $0.1 from pot
*** SUMMARY ***
Total pot $0.1 | Rake $0 | Jackpot $0 | Bingo $0 | Fortune $0
Seat 1: Hero (button) folded before Flop (didn't bet)
Seat 2: 66219baf (small blind) collected ($0.1)
Seat 3: 85be3743 (big blind) folded before Flop
Seat 4: 93a4fcd4 folded before Flop (didn't bet)
Seat 5: 872df8 folded before Flop (didn't bet)
Seat 6: b9ac7d0d folded before Flop (didn't bet)


Poker Hand #HD1137431600: Hold'em No Limit  ($0.02/$0.05) - 2023/02/26 18:52:34
Table 'NLHBlue87' 6-max Seat #6 is the button
Seat 1: Hero ($5.27 in chips)
Seat 2: 66219baf ($5.03 in chips)
Seat 3: 85be3743 ($4.35 in chips)
Seat 4: 93a4fcd4 ($4.12 in chips)
Seat 5: 872df8 ($2.57 in chips)
Seat 6: b9ac7d0d ($5.36 in chips)
Hero: posts small blind $0.02
66219baf: posts big blind $0.05
*** HOLE CARDS ***
Dealt to Hero [3c 8c]
Dealt to 66219baf 
Dealt to 85be3743 
Dealt to 93a4fcd4 
Dealt to 872df8 
Dealt to b9ac7d0d 
85be3743: folds
93a4fcd4: raises $0.08 to $0.13
872df8: folds
b9ac7d0d: folds
Hero: folds
66219baf: folds
Uncalled bet ($0.08) returned to 93a4fcd4
*** SHOWDOWN ***
93a4fcd4 collected $0.12 from pot
*** SUMMARY ***
Total pot $0.12 | Rake $0 | Jackpot $0 | Bingo $0 | Fortune $0
Seat 1: Hero (small blind) folded before Flop
Seat 2: 66219baf (big blind) folded before Flop
Seat 3: 85be3743 folded before Flop (didn't bet)
Seat 4: 93a4fcd4 collected ($0.12)
Seat 5: 872df8 folded before Flop (didn't bet)
Seat 6: b9ac7d0d (button) folded before Flop (didn't bet)


Poker Hand #HD1137431513: Hold'em No Limit  ($0.02/$0.05) - 2023/02/26 18:52:08
Table 'NLHBlue87' 6-max Seat #5 is the button
Seat 1: Hero ($5.32 in chips)
Seat 2: 66219baf ($5.03 in chips)
Seat 3: 85be3743 ($4.35 in chips)
Seat 4: 93a4fcd4 ($4.12 in chips)
Seat 5: 872df8 ($2.5 in chips)
Seat 6: b9ac7d0d ($5.38 in chips)
b9ac7d0d: posts small blind $0.02
Hero: posts big blind $0.05
*** HOLE CARDS ***
Dealt to Hero [3c 2c]
Dealt to 66219baf 
Dealt to 85be3743 
Dealt to 93a4fcd4 
Dealt to 872df8 
Dealt to b9ac7d0d 
66219baf: folds
85be3743: folds
93a4fcd4: folds
872df8: raises $0.08 to $0.13
b9ac7d0d: folds
Hero: folds
Uncalled bet ($0.08) returned to 872df8
*** SHOWDOWN ***
872df8 collected $0.12 from pot
*** SUMMARY ***
Total pot $0.12 | Rake $0 | Jackpot $0 | Bingo $0 | Fortune $0
Seat 1: Hero (big blind) folded before Flop
Seat 2: 66219baf folded before Flop (didn't bet)
Seat 3: 85be3743 folded before Flop (didn't bet)
Seat 4: 93a4fcd4 folded before Flop (didn't bet)
Seat 5: 872df8 (button) collected ($0.12)
Seat 6: b9ac7d0d (small blind) folded before Flop


Poker Hand #HD1137431466: Hold'em No Limit  ($0.02/$0.05) - 2023/02/26 18:51:52
Table 'NLHBlue87' 6-max Seat #4 is the button
Seat 1: Hero ($5.25 in chips)
Seat 2: 66219baf ($5.03 in chips)
Seat 3: 85be3743 ($4.35 in chips)
Seat 4: 93a4fcd4 ($4.12 in chips)
Seat 5: 872df8 ($2.52 in chips)
Seat 6: b9ac7d0d ($5.43 in chips)
872df8: posts small blind $0.02
b9ac7d0d: posts big blind $0.05
*** HOLE CARDS ***
Dealt to Hero [Jc Tc]
Dealt to 66219baf 
Dealt to 85be3743 
Dealt to 93a4fcd4 
Dealt to 872df8 
Dealt to b9ac7d0d 
Hero: raises $0.07 to $0.12
66219baf: folds
85be3743: folds
93a4fcd4: folds
872df8: folds
b9ac7d0d: folds
Uncalled bet ($0.07) returned to Hero
*** SHOWDOWN ***
Hero collected $0.12 from pot
*** SUMMARY ***
Total pot $0.12 | Rake $0 | Jackpot $0 | Bingo $0 | Fortune $0
Seat 1: Hero collected ($0.12)
Seat 2: 66219baf folded before Flop (didn't bet)
Seat 3: 85be3743 folded before Flop (didn't bet)
Seat 4: 93a4fcd4 (button) folded before Flop (didn't bet)
Seat 5: 872df8 (small blind) folded before Flop
Seat 6: b9ac7d0d (big blind) folded before Flop


Poker Hand #HD1137431420: Hold'em No Limit  ($0.02/$0.05) - 2023/02/26 18:51:37
Table 'NLHBlue87' 6-max Seat #3 is the button
Seat 1: Hero ($5.25 in chips)
Seat 2: 66219baf ($5.03 in chips)
Seat 3: 85be3743 ($4.35 in chips)
Seat 4: 93a4fcd4 ($4.07 in chips)
Seat 5: 872df8 ($2.57 in chips)
Seat 6: b9ac7d0d ($5.43 in chips)
93a4fcd4: posts small blind $0.02
872df8: posts big blind $0.05
*** HOLE CARDS ***
Dealt to Hero [Qc 2h]
Dealt to 66219baf 
Dealt to 85be3743 
Dealt to 93a4fcd4 
Dealt to 872df8 
Dealt to b9ac7d0d 
b9ac7d0d: folds
Hero: folds
66219baf: folds
85be3743: folds
93a4fcd4: raises $0.1 to $0.15
872df8: folds
Uncalled bet ($0.1) returned to 93a4fcd4
*** SHOWDOWN ***
93a4fcd4 collected $0.1 from pot
*** SUMMARY ***
Total pot $0.1 | Rake $0 | Jackpot $0 | Bingo $0 | Fortune $0
Seat 1: Hero folded before Flop (didn't bet)
Seat 2: 66219baf folded before Flop (didn't bet)
Seat 3: 85be3743 (button) folded before Flop (didn't bet)
Seat 4: 93a4fcd4 (small blind) collected ($0.1)
Seat 5: 872df8 (big blind) folded before Flop
Seat 6: b9ac7d0d folded before Flop (didn't bet)


Poker Hand #HD1137431300: Hold'em No Limit  ($0.02/$0.05) - 2023/02/26 18:50:57
Table 'NLHBlue87' 6-max Seat #2 is the button
Seat 1: Hero ($5 in chips)
Seat 2: 66219baf ($5.03 in chips)
Seat 3: 85be3743 ($4.37 in chips)
Seat 4: 93a4fcd4 ($4.32 in chips)
Seat 5: 872df8 ($2.57 in chips)
Seat 6: b9ac7d0d ($5.43 in chips)
85be3743: posts small blind $0.02
93a4fcd4: posts big blind $0.05
*** HOLE CARDS ***
Dealt to Hero [9d 6d]
Dealt to 66219baf 
Dealt to 85be3743 
Dealt to 93a4fcd4 
Dealt to 872df8 
Dealt to b9ac7d0d 
872df8: folds
b9ac7d0d: folds
Hero: raises $0.07 to $0.12
66219baf: folds
85be3743: folds
93a4fcd4: calls $0.07
*** FLOP *** [9c 3h Qs]
93a4fcd4: checks
Hero: bets $0.13
93a4fcd4: calls $0.13
*** TURN *** [9c 3h Qs] [4s]
93a4fcd4: checks
Hero: bets $0.26
93a4fcd4: folds
Uncalled bet ($0.26) returned to Hero
*** SHOWDOWN ***
Hero collected $0.5 from pot
*** SUMMARY ***
Total pot $0.52 | Rake $0.02 | Jackpot $0 | Bingo $0 | Fortune $0
Board [9c 3h Qs 4s]
Seat 1: Hero won ($0.5)
Seat 2: 66219baf (button) folded before Flop (didn't bet)
Seat 3: 85be3743 (small blind) folded before Flop
Seat 4: 93a4fcd4 (big blind) folded on the Turn
Seat 5: 872df8 folded before Flop (didn't bet)
Seat 6: b9ac7d0d folded before Flop (didn't bet)


Poker Hand #HD1137431267: Hold'em No Limit  ($0.02/$0.05) - 2023/02/26 18:50:44
Table 'NLHBlue87' 6-max Seat #1 is the button
Seat 1: Hero ($5 in chips)
Seat 2: 66219baf ($5.05 in chips)
Seat 3: 85be3743 ($4.35 in chips)
Seat 4: 93a4fcd4 ($4.32 in chips)
Seat 5: 872df8 ($2.57 in chips)
Seat 6: b9ac7d0d ($5.43 in chips)
66219baf: posts small blind $0.02
85be3743: posts big blind $0.05
*** HOLE CARDS ***
Dealt to Hero [4h 5c]
Dealt to 66219baf 
Dealt to 85be3743 
Dealt to 93a4fcd4 
Dealt to 872df8 
Dealt to b9ac7d0d 
93a4fcd4: folds
872df8: folds
b9ac7d0d: folds
Hero: folds
66219baf: folds
Uncalled bet ($0.03) returned to 85be3743
*** SHOWDOWN ***
85be3743 collected $0.04 from pot
*** SUMMARY ***
Total pot $0.04 | Rake $0 | Jackpot $0 | Bingo $0 | Fortune $0
Seat 1: Hero (button) folded before Flop (didn't bet)
Seat 2: 66219baf (small blind) folded before Flop
Seat 3: 85be3743 (big blind) collected ($0.04)
Seat 4: 93a4fcd4 folded before Flop (didn't bet)
Seat 5: 872df8 folded before Flop (didn't bet)
Seat 6: b9ac7d0d folded before Flop (didn't bet)


Poker Hand #HD1137431117: Hold'em No Limit  ($0.02/$0.05) - 2023/02/26 18:49:53
Table 'NLHBlue87' 6-max Seat #6 is the button
Seat 1: Hero ($5 in chips)
Seat 2: 66219baf ($5.1 in chips)
Seat 3: 85be3743 ($4.35 in chips)
Seat 4: 93a4fcd4 ($3.93 in chips)
Seat 5: 872df8 ($2.57 in chips)
Seat 6: b9ac7d0d ($5.79 in chips)
Hero: posts small blind $0.02
66219baf: posts big blind $0.05
*** HOLE CARDS ***
Dealt to Hero [As 2d]
Dealt to 66219baf 
Dealt to 85be3743 
Dealt to 93a4fcd4 
Dealt to 872df8 
Dealt to b9ac7d0d 
85be3743: folds
93a4fcd4: raises $0.07 to $0.12
872df8: folds
b9ac7d0d: raises $0.24 to $0.36
Hero: folds
66219baf: folds
93a4fcd4: calls $0.24
*** FLOP *** [Ts 4h Tc]
93a4fcd4: checks
b9ac7d0d: checks
*** TURN *** [Ts 4h Tc] [4s]
93a4fcd4: bets $0.6
b9ac7d0d: folds
Uncalled bet ($0.6) returned to 93a4fcd4
*** SHOWDOWN ***
93a4fcd4 collected $0.75 from pot
*** SUMMARY ***
Total pot $0.79 | Rake $0.04 | Jackpot $0 | Bingo $0 | Fortune $0
Board [Ts 4h Tc 4s]
Seat 1: Hero (small blind) folded before Flop
Seat 2: 66219baf (big blind) folded before Flop
Seat 3: 85be3743 folded before Flop (didn't bet)
Seat 4: 93a4fcd4 won ($0.75)
Seat 5: 872df8 folded before Flop (didn't bet)
Seat 6: b9ac7d0d (button) folded on the Turn


Poker Hand #HD1137430866: Hold'em No Limit  ($0.02/$0.05) - 2023/02/26 18:48:30
Table 'NLHBlue87' 6-max Seat #5 is the button
Seat 1: Hero ($5 in chips)
Seat 2: 66219baf ($5.1 in chips)
Seat 3: 85be3743 ($4.35 in chips)
Seat 4: 93a4fcd4 ($4.7 in chips)
Seat 5: 872df8 ($2.57 in chips)
Seat 6: b9ac7d0d ($5.09 in chips)
b9ac7d0d: posts small blind $0.02
Hero: posts big blind $0.05
*** HOLE CARDS ***
Dealt to Hero [3s 9h]
Dealt to 66219baf 
Dealt to 85be3743 
Dealt to 93a4fcd4 
Dealt to 872df8 
Dealt to b9ac7d0d 
66219baf: folds
85be3743: folds
93a4fcd4: raises $0.07 to $0.12
872df8: folds
b9ac7d0d: raises $0.33 to $0.45
Hero: folds
93a4fcd4: calls $0.33
*** FLOP *** [Qs 6h Jd]
b9ac7d0d: checks
93a4fcd4: bets $0.32
b9ac7d0d: calls $0.32
*** TURN *** [Qs 6h Jd] [Ad]
b9ac7d0d: checks
93a4fcd4: checks
*** RIVER *** [Qs 6h Jd Ad] [Td]
b9ac7d0d: checks
93a4fcd4: checks
b9ac7d0d: shows [Jc Jh] (Three Jacks)
93a4fcd4: shows [Tc 8c] (Pair of Tens)
*** SHOWDOWN ***
b9ac7d0d collected $1.47 from pot
*** SUMMARY ***
Total pot $1.59 | Rake $0.07 | Jackpot $0.05 | Bingo $0 | Fortune $0
Board [Qs 6h Jd Ad Td]
Seat 1: Hero (big blind) folded before Flop
Seat 2: 66219baf folded before Flop (didn't bet)
Seat 3: 85be3743 folded before Flop (didn't bet)
Seat 4: 93a4fcd4 showed [Tc 8c] and lost with Pair of Tens
Seat 5: 872df8 (button) folded before Flop (didn't bet)
Seat 6: b9ac7d0d (small blind) showed [Jc Jh] and won ($1.47) with Three Jacks


