Poker Hand #HD1199311896: Hold'em No Limit  ($0.02/$0.05) - 2023/04/11 22:28:08
Table 'NLHBlue96' 6-max Seat #6 is the button
Seat 1: d2521559 ($5.14 in chips)
Seat 2: 77b0e645 ($5.94 in chips)
Seat 3: Hero ($7.47 in chips)
Seat 4: 9eb167a3 ($5.41 in chips)
Seat 5: 9b5ddd8b ($4.24 in chips)
Seat 6: 798587ae ($8.43 in chips)
d2521559: posts small blind $0.02
77b0e645: posts big blind $0.05
*** HOLE CARDS ***
Dealt to d2521559 
Dealt to 77b0e645 
Dealt to Hero [3c Tc]
Dealt to 9eb167a3 
Dealt to 9b5ddd8b 
Dealt to 798587ae 
Hero: folds
9eb167a3: folds
9b5ddd8b: folds
798587ae: folds
d2521559: folds
Uncalled bet ($0.03) returned to 77b0e645
*** SHOWDOWN ***
77b0e645 collected $0.04 from pot
*** SUMMARY ***
Total pot $0.04 | Rake $0 | Jackpot $0 | Bingo $0 | Fortune $0
Seat 1: d2521559 (small blind) folded before Flop
Seat 2: 77b0e645 (big blind) collected ($0.04)
Seat 3: Hero folded before Flop (didn't bet)
Seat 4: 9eb167a3 folded before Flop (didn't bet)
Seat 5: 9b5ddd8b folded before Flop (didn't bet)
Seat 6: 798587ae (button) folded before Flop (didn't bet)


Poker Hand #HD1199311839: Hold'em No Limit  ($0.02/$0.05) - 2023/04/11 22:27:41
Table 'NLHBlue96' 6-max Seat #5 is the button
Seat 1: d2521559 ($5 in chips)
Seat 2: 77b0e645 ($5.94 in chips)
Seat 3: Hero ($7.47 in chips)
Seat 4: 9eb167a3 ($5.41 in chips)
Seat 5: 9b5ddd8b ($4.37 in chips)
Seat 6: 798587ae ($8.45 in chips)
798587ae: posts small blind $0.02
d2521559: posts big blind $0.05
*** HOLE CARDS ***
Dealt to d2521559 
Dealt to 77b0e645 
Dealt to Hero [3c 4c]
Dealt to 9eb167a3 
Dealt to 9b5ddd8b 
Dealt to 798587ae 
77b0e645: folds
Hero: folds
9eb167a3: folds
9b5ddd8b: raises $0.08 to $0.13
798587ae: folds
d2521559: raises $0.41 to $0.54
9b5ddd8b: folds
Uncalled bet ($0.41) returned to d2521559
*** SHOWDOWN ***
d2521559 collected $0.27 from pot
*** SUMMARY ***
Total pot $0.28 | Rake $0.01 | Jackpot $0 | Bingo $0 | Fortune $0
Seat 1: d2521559 (big blind) collected ($0.27)
Seat 2: 77b0e645 folded before Flop (didn't bet)
Seat 3: Hero folded before Flop (didn't bet)
Seat 4: 9eb167a3 folded before Flop (didn't bet)
Seat 5: 9b5ddd8b (button) folded before Flop
Seat 6: 798587ae (small blind) folded before Flop


Poker Hand #HD1199311810: Hold'em No Limit  ($0.02/$0.05) - 2023/04/11 22:27:27
Table 'NLHBlue96' 6-max Seat #4 is the button
Seat 1: d2521559 ($5 in chips)
Seat 2: 77b0e645 ($5.94 in chips)
Seat 3: Hero ($7.47 in chips)
Seat 4: 9eb167a3 ($5.41 in chips)
Seat 5: 9b5ddd8b ($4.39 in chips)
Seat 6: 798587ae ($8.43 in chips)
9b5ddd8b: posts small blind $0.02
798587ae: posts big blind $0.05
*** HOLE CARDS ***
Dealt to d2521559 
Dealt to 77b0e645 
Dealt to Hero [5h Jc]
Dealt to 9eb167a3 
Dealt to 9b5ddd8b 
Dealt to 798587ae 
d2521559: folds
77b0e645: folds
Hero: folds
9eb167a3: folds
9b5ddd8b: folds
Uncalled bet ($0.03) returned to 798587ae
*** SHOWDOWN ***
798587ae collected $0.04 from pot
*** SUMMARY ***
Total pot $0.04 | Rake $0 | Jackpot $0 | Bingo $0 | Fortune $0
Seat 1: d2521559 folded before Flop (didn't bet)
Seat 2: 77b0e645 folded before Flop (didn't bet)
Seat 3: Hero folded before Flop (didn't bet)
Seat 4: 9eb167a3 (button) folded before Flop (didn't bet)
Seat 5: 9b5ddd8b (small blind) folded before Flop
Seat 6: 798587ae (big blind) collected ($0.04)


Poker Hand #HD1199311687: Hold'em No Limit  ($0.02/$0.05) - 2023/04/11 22:26:28
Table 'NLHBlue96' 6-max Seat #3 is the button
Seat 1: d2521559 ($5 in chips)
Seat 2: 77b0e645 ($5.94 in chips)
Seat 3: Hero ($7.47 in chips)
Seat 4: 9eb167a3 ($5.56 in chips)
Seat 5: 9b5ddd8b ($4.25 in chips)
Seat 6: 798587ae ($8.43 in chips)
9eb167a3: posts small blind $0.02
9b5ddd8b: posts big blind $0.05
*** HOLE CARDS ***
Dealt to d2521559 
Dealt to 77b0e645 
Dealt to Hero [3d 4c]
Dealt to 9eb167a3 
Dealt to 9b5ddd8b 
Dealt to 798587ae 
798587ae: folds
d2521559: folds
77b0e645: folds
Hero: folds
9eb167a3: raises $0.1 to $0.15
9b5ddd8b: raises $0.3 to $0.45
9eb167a3: folds
Uncalled bet ($0.3) returned to 9b5ddd8b
*** SHOWDOWN ***
9b5ddd8b collected $0.29 from pot
*** SUMMARY ***
Total pot $0.3 | Rake $0.01 | Jackpot $0 | Bingo $0 | Fortune $0
Seat 1: d2521559 folded before Flop (didn't bet)
Seat 2: 77b0e645 folded before Flop (didn't bet)
Seat 3: Hero (button) folded before Flop (didn't bet)
Seat 4: 9eb167a3 (small blind) folded before Flop
Seat 5: 9b5ddd8b (big blind) collected ($0.29)
Seat 6: 798587ae folded before Flop (didn't bet)


Poker Hand #HD1199311604: Hold'em No Limit  ($0.02/$0.05) - 2023/04/11 22:25:48
Table 'NLHBlue96' 6-max Seat #2 is the button
Seat 1: d2521559 ($5 in chips)
Seat 2: 77b0e645 ($5.75 in chips)
Seat 3: Hero ($7.49 in chips)
Seat 4: 9eb167a3 ($5.61 in chips)
Seat 5: 9b5ddd8b ($4.25 in chips)
Seat 6: 798587ae ($8.56 in chips)
Hero: posts small blind $0.02
9eb167a3: posts big blind $0.05
*** HOLE CARDS ***
Dealt to d2521559 
Dealt to 77b0e645 
Dealt to Hero [6d 7s]
Dealt to 9eb167a3 
Dealt to 9b5ddd8b 
Dealt to 798587ae 
9b5ddd8b: folds
798587ae: raises $0.08 to $0.13
d2521559: folds
77b0e645: raises $0.32 to $0.45
Hero: folds
9eb167a3: folds
798587ae: folds
Uncalled bet ($0.32) returned to 77b0e645
*** SHOWDOWN ***
77b0e645 collected $0.32 from pot
*** SUMMARY ***
Total pot $0.33 | Rake $0.01 | Jackpot $0 | Bingo $0 | Fortune $0
Seat 1: d2521559 folded before Flop (didn't bet)
Seat 2: 77b0e645 (button) collected ($0.32)
Seat 3: Hero (small blind) folded before Flop
Seat 4: 9eb167a3 (big blind) folded before Flop
Seat 5: 9b5ddd8b folded before Flop (didn't bet)
Seat 6: 798587ae folded before Flop


Poker Hand #HD1199311540: Hold'em No Limit  ($0.02/$0.05) - 2023/04/11 22:25:17
Table 'NLHBlue96' 6-max Seat #1 is the button
Seat 1: d2521559 ($5 in chips)
Seat 2: 77b0e645 ($5.77 in chips)
Seat 3: Hero ($7.54 in chips)
Seat 4: 9eb167a3 ($5.61 in chips)
Seat 5: 9b5ddd8b ($4.18 in chips)
Seat 6: 798587ae ($8.56 in chips)
77b0e645: posts small blind $0.02
Hero: posts big blind $0.05
*** HOLE CARDS ***
Dealt to d2521559 
Dealt to 77b0e645 
Dealt to Hero [Td 3h]
Dealt to 9eb167a3 
Dealt to 9b5ddd8b 
Dealt to 798587ae 
9eb167a3: folds
9b5ddd8b: raises $0.08 to $0.13
798587ae: folds
d2521559: folds
77b0e645: folds
Hero: folds
Uncalled bet ($0.08) returned to 9b5ddd8b
*** SHOWDOWN ***
9b5ddd8b collected $0.12 from pot
*** SUMMARY ***
Total pot $0.12 | Rake $0 | Jackpot $0 | Bingo $0 | Fortune $0
Seat 1: d2521559 (button) folded before Flop (didn't bet)
Seat 2: 77b0e645 (small blind) folded before Flop
Seat 3: Hero (big blind) folded before Flop
Seat 4: 9eb167a3 folded before Flop (didn't bet)
Seat 5: 9b5ddd8b collected ($0.12)
Seat 6: 798587ae folded before Flop (didn't bet)


Poker Hand #HD1199311428: Hold'em No Limit  ($0.02/$0.05) - 2023/04/11 22:24:20
Table 'NLHBlue96' 6-max Seat #6 is the button
Seat 1: d2521559 ($5 in chips)
Seat 2: 77b0e645 ($5.5 in chips)
Seat 3: Hero ($7.54 in chips)
Seat 4: 9eb167a3 ($5.61 in chips)
Seat 5: 9b5ddd8b ($4.18 in chips)
Seat 6: 798587ae ($8.83 in chips)
d2521559: posts small blind $0.02
77b0e645: posts big blind $0.05
*** HOLE CARDS ***
Dealt to d2521559 
Dealt to 77b0e645 
Dealt to Hero [7s 4s]
Dealt to 9eb167a3 
Dealt to 9b5ddd8b 
Dealt to 798587ae 
Hero: folds
9eb167a3: folds
9b5ddd8b: folds
798587ae: raises $0.08 to $0.13
d2521559: folds
77b0e645: calls $0.08
*** FLOP *** [7h 4c 8d]
77b0e645: checks
798587ae: bets $0.14
77b0e645: calls $0.14
*** TURN *** [7h 4c 8d] [5h]
77b0e645: checks
798587ae: checks
*** RIVER *** [7h 4c 8d 5h] [Js]
77b0e645: bets $0.19
798587ae: folds
Uncalled bet ($0.19) returned to 77b0e645
*** SHOWDOWN ***
77b0e645 collected $0.54 from pot
*** SUMMARY ***
Total pot $0.56 | Rake $0.02 | Jackpot $0 | Bingo $0 | Fortune $0
Board [7h 4c 8d 5h Js]
Seat 1: d2521559 (small blind) folded before Flop
Seat 2: 77b0e645 (big blind) won ($0.54)
Seat 3: Hero folded before Flop (didn't bet)
Seat 4: 9eb167a3 folded before Flop (didn't bet)
Seat 5: 9b5ddd8b folded before Flop (didn't bet)
Seat 6: 798587ae (button) folded on the River


Poker Hand #HD1199311335: Hold'em No Limit  ($0.02/$0.05) - 2023/04/11 22:23:33
Table 'NLHBlue96' 6-max Seat #5 is the button
Seat 1: d2521559 ($5 in chips)
Seat 2: 77b0e645 ($5.5 in chips)
Seat 3: Hero ($7.47 in chips)
Seat 4: 9eb167a3 ($5.61 in chips)
Seat 5: 9b5ddd8b ($4.18 in chips)
Seat 6: 798587ae ($8.85 in chips)
798587ae: posts small blind $0.02
d2521559: posts big blind $0.05
*** HOLE CARDS ***
Dealt to d2521559 
Dealt to 77b0e645 
Dealt to Hero [Ac Tc]
Dealt to 9eb167a3 
Dealt to 9b5ddd8b 
Dealt to 798587ae 
77b0e645: folds
Hero: raises $0.07 to $0.12
9eb167a3: folds
9b5ddd8b: folds
798587ae: folds
d2521559: folds
Uncalled bet ($0.07) returned to Hero
*** SHOWDOWN ***
Hero collected $0.12 from pot
*** SUMMARY ***
Total pot $0.12 | Rake $0 | Jackpot $0 | Bingo $0 | Fortune $0
Seat 1: d2521559 (big blind) folded before Flop
Seat 2: 77b0e645 folded before Flop (didn't bet)
Seat 3: Hero collected ($0.12)
Seat 4: 9eb167a3 folded before Flop (didn't bet)
Seat 5: 9b5ddd8b (button) folded before Flop (didn't bet)
Seat 6: 798587ae (small blind) folded before Flop


Poker Hand #HD1199311275: Hold'em No Limit  ($0.02/$0.05) - 2023/04/11 22:23:01
Table 'NLHBlue96' 6-max Seat #4 is the button
Seat 1: d2521559 ($5 in chips)
Seat 2: 77b0e645 ($5.5 in chips)
Seat 3: Hero ($7.4 in chips)
Seat 4: 9eb167a3 ($5.61 in chips)
Seat 5: 9b5ddd8b ($4.2 in chips)
Seat 6: 798587ae ($8.9 in chips)
9b5ddd8b: posts small blind $0.02
798587ae: posts big blind $0.05
*** HOLE CARDS ***
Dealt to d2521559 
Dealt to 77b0e645 
Dealt to Hero [Ac 3c]
Dealt to 9eb167a3 
Dealt to 9b5ddd8b 
Dealt to 798587ae 
d2521559: folds
77b0e645: folds
Hero: raises $0.07 to $0.12
9eb167a3: folds
9b5ddd8b: folds
798587ae: folds
Uncalled bet ($0.07) returned to Hero
*** SHOWDOWN ***
Hero collected $0.12 from pot
*** SUMMARY ***
Total pot $0.12 | Rake $0 | Jackpot $0 | Bingo $0 | Fortune $0
Seat 1: d2521559 folded before Flop (didn't bet)
Seat 2: 77b0e645 folded before Flop (didn't bet)
Seat 3: Hero collected ($0.12)
Seat 4: 9eb167a3 (button) folded before Flop (didn't bet)
Seat 5: 9b5ddd8b (small blind) folded before Flop
Seat 6: 798587ae (big blind) folded before Flop


Poker Hand #HD1199311167: Hold'em No Limit  ($0.02/$0.05) - 2023/04/11 22:22:10
Table 'NLHBlue96' 6-max Seat #3 is the button
Seat 1: d2521559 ($5 in chips)
Seat 2: 77b0e645 ($5.5 in chips)
Seat 3: Hero ($7.27 in chips)
Seat 4: 9eb167a3 ($5.63 in chips)
Seat 5: 9b5ddd8b ($4.32 in chips)
Seat 6: 798587ae ($8.9 in chips)
9eb167a3: posts small blind $0.02
9b5ddd8b: posts big blind $0.05
*** HOLE CARDS ***
Dealt to d2521559 
Dealt to 77b0e645 
Dealt to Hero [Kc Ac]
Dealt to 9eb167a3 
Dealt to 9b5ddd8b 
Dealt to 798587ae 
798587ae: folds
d2521559: folds
77b0e645: folds
Hero: raises $0.07 to $0.12
9eb167a3: folds
9b5ddd8b: calls $0.07
*** FLOP *** [2c 9h 4d]
9b5ddd8b: checks
Hero: checks
*** TURN *** [2c 9h 4d] [6d]
9b5ddd8b: checks
Hero: checks
*** RIVER *** [2c 9h 4d 6d] [Js]
9b5ddd8b: checks
Hero: checks
9b5ddd8b: shows [Ks 3s] (King-High)
Hero: shows [Kc Ac] (Ace-High)
*** SHOWDOWN ***
Hero collected $0.25 from pot
*** SUMMARY ***
Total pot $0.26 | Rake $0.01 | Jackpot $0 | Bingo $0 | Fortune $0
Board [2c 9h 4d 6d Js]
Seat 1: d2521559 folded before Flop (didn't bet)
Seat 2: 77b0e645 folded before Flop (didn't bet)
Seat 3: Hero (button) showed [Kc Ac] and won ($0.25) with Ace-High
Seat 4: 9eb167a3 (small blind) folded before Flop
Seat 5: 9b5ddd8b (big blind) showed [Ks 3s] and lost with King-High
Seat 6: 798587ae folded before Flop (didn't bet)


Poker Hand #HD1199311138: Hold'em No Limit  ($0.02/$0.05) - 2023/04/11 22:21:51
Table 'NLHBlue96' 6-max Seat #2 is the button
Seat 1: d2521559 ($5 in chips)
Seat 2: 77b0e645 ($5.5 in chips)
Seat 3: Hero ($7.29 in chips)
Seat 4: 9eb167a3 ($5.68 in chips)
Seat 5: 9b5ddd8b ($4.25 in chips)
Seat 6: 798587ae ($8.9 in chips)
Hero: posts small blind $0.02
9eb167a3: posts big blind $0.05
*** HOLE CARDS ***
Dealt to d2521559 
Dealt to 77b0e645 
Dealt to Hero [2c Jc]
Dealt to 9eb167a3 
Dealt to 9b5ddd8b 
Dealt to 798587ae 
9b5ddd8b: raises $0.08 to $0.13
798587ae: folds
d2521559: folds
77b0e645: folds
Hero: folds
9eb167a3: folds
Uncalled bet ($0.08) returned to 9b5ddd8b
*** SHOWDOWN ***
9b5ddd8b collected $0.12 from pot
*** SUMMARY ***
Total pot $0.12 | Rake $0 | Jackpot $0 | Bingo $0 | Fortune $0
Seat 1: d2521559 folded before Flop (didn't bet)
Seat 2: 77b0e645 (button) folded before Flop (didn't bet)
Seat 3: Hero (small blind) folded before Flop
Seat 4: 9eb167a3 (big blind) folded before Flop
Seat 5: 9b5ddd8b collected ($0.12)
Seat 6: 798587ae folded before Flop (didn't bet)


Poker Hand #HD1199311010: Hold'em No Limit  ($0.02/$0.05) - 2023/04/11 22:20:47
Table 'NLHBlue96' 6-max Seat #1 is the button
Seat 1: d2521559 ($5 in chips)
Seat 2: 77b0e645 ($5.52 in chips)
Seat 3: Hero ($7.34 in chips)
Seat 4: 9eb167a3 ($5.68 in chips)
Seat 5: 9b5ddd8b ($4.23 in chips)
Seat 6: 798587ae ($8.89 in chips)
77b0e645: posts small blind $0.02
Hero: posts big blind $0.05
*** HOLE CARDS ***
Dealt to d2521559 
Dealt to 77b0e645 
Dealt to Hero [4s 8s]
Dealt to 9eb167a3 
Dealt to 9b5ddd8b 
Dealt to 798587ae 
9eb167a3: folds
9b5ddd8b: raises $0.08 to $0.13
798587ae: raises $0.27 to $0.4
d2521559: folds
77b0e645: folds
Hero: folds
9b5ddd8b: calls $0.27
*** FLOP *** [6s 5d 7h]
9b5ddd8b: checks
798587ae: checks
*** TURN *** [6s 5d 7h] [4h]
9b5ddd8b: checks
798587ae: checks
*** RIVER *** [6s 5d 7h 4h] [8c]
9b5ddd8b: checks
798587ae: checks
9b5ddd8b: shows [Kc Jh] (Eights-High Straight)
798587ae: shows [Kd Ah] (Eights-High Straight)
*** SHOWDOWN ***
9b5ddd8b collected $0.42 from pot
798587ae collected $0.41 from pot
*** SUMMARY ***
Total pot $0.87 | Rake $0.04 | Jackpot $0 | Bingo $0 | Fortune $0
Board [6s 5d 7h 4h 8c]
Seat 1: d2521559 (button) folded before Flop (didn't bet)
Seat 2: 77b0e645 (small blind) folded before Flop
Seat 3: Hero (big blind) folded before Flop
Seat 4: 9eb167a3 folded before Flop (didn't bet)
Seat 5: 9b5ddd8b showed [Kc Jh] and won ($0.42) with Eights-High Straight
Seat 6: 798587ae showed [Kd Ah] and won ($0.41) with Eights-High Straight


Poker Hand #HD1199310950: Hold'em No Limit  ($0.02/$0.05) - 2023/04/11 22:20:21
Table 'NLHBlue96' 6-max Seat #6 is the button
Seat 1: d2521559 ($5 in chips)
Seat 2: 77b0e645 ($5.5 in chips)
Seat 3: Hero ($7.34 in chips)
Seat 4: 9eb167a3 ($5.68 in chips)
Seat 5: 9b5ddd8b ($4.23 in chips)
Seat 6: 798587ae ($8.89 in chips)
d2521559: posts small blind $0.02
77b0e645: posts big blind $0.05
*** HOLE CARDS ***
Dealt to d2521559 
Dealt to 77b0e645 
Dealt to Hero [Js 4c]
Dealt to 9eb167a3 
Dealt to 9b5ddd8b 
Dealt to 798587ae 
Hero: folds
9eb167a3: folds
9b5ddd8b: folds
798587ae: folds
d2521559: folds
Uncalled bet ($0.03) returned to 77b0e645
*** SHOWDOWN ***
77b0e645 collected $0.04 from pot
*** SUMMARY ***
Total pot $0.04 | Rake $0 | Jackpot $0 | Bingo $0 | Fortune $0
Seat 1: d2521559 (small blind) folded before Flop
Seat 2: 77b0e645 (big blind) collected ($0.04)
Seat 3: Hero folded before Flop (didn't bet)
Seat 4: 9eb167a3 folded before Flop (didn't bet)
Seat 5: 9b5ddd8b folded before Flop (didn't bet)
Seat 6: 798587ae (button) folded before Flop (didn't bet)


Poker Hand #HD1199310905: Hold'em No Limit  ($0.02/$0.05) - 2023/04/11 22:19:59
Table 'NLHBlue96' 6-max Seat #5 is the button
Seat 1: d2521559 ($5.01 in chips)
Seat 2: 77b0e645 ($5.5 in chips)
Seat 3: Hero ($7.34 in chips)
Seat 4: 9eb167a3 ($5.68 in chips)
Seat 5: 9b5ddd8b ($4.16 in chips)
Seat 6: 798587ae ($8.91 in chips)
798587ae: posts small blind $0.02
d2521559: posts big blind $0.05
*** HOLE CARDS ***
Dealt to d2521559 
Dealt to 77b0e645 
Dealt to Hero [9c 4h]
Dealt to 9eb167a3 
Dealt to 9b5ddd8b 
Dealt to 798587ae 
77b0e645: folds
Hero: folds
9eb167a3: folds
9b5ddd8b: raises $0.08 to $0.13
798587ae: folds
d2521559: folds
Uncalled bet ($0.08) returned to 9b5ddd8b
*** SHOWDOWN ***
9b5ddd8b collected $0.12 from pot
*** SUMMARY ***
Total pot $0.12 | Rake $0 | Jackpot $0 | Bingo $0 | Fortune $0
Seat 1: d2521559 (big blind) folded before Flop
Seat 2: 77b0e645 folded before Flop (didn't bet)
Seat 3: Hero folded before Flop (didn't bet)
Seat 4: 9eb167a3 folded before Flop (didn't bet)
Seat 5: 9b5ddd8b (button) collected ($0.12)
Seat 6: 798587ae (small blind) folded before Flop


Poker Hand #HD1199310818: Hold'em No Limit  ($0.02/$0.05) - 2023/04/11 22:19:18
Table 'NLHBlue96' 6-max Seat #4 is the button
Seat 1: d2521559 ($5.14 in chips)
Seat 2: 77b0e645 ($5.5 in chips)
Seat 3: Hero ($7.34 in chips)
Seat 4: 9eb167a3 ($5.68 in chips)
Seat 5: 9b5ddd8b ($4.29 in chips)
Seat 6: 798587ae ($8.67 in chips)
9b5ddd8b: posts small blind $0.02
798587ae: posts big blind $0.05
*** HOLE CARDS ***
Dealt to d2521559 
Dealt to 77b0e645 
Dealt to Hero [6h Qs]
Dealt to 9eb167a3 
Dealt to 9b5ddd8b 
Dealt to 798587ae 
d2521559: raises $0.08 to $0.13
77b0e645: folds
Hero: folds
9eb167a3: folds
9b5ddd8b: calls $0.11
798587ae: raises $0.62 to $0.75
d2521559: folds
9b5ddd8b: folds
Uncalled bet ($0.62) returned to 798587ae
*** SHOWDOWN ***
798587ae collected $0.37 from pot
*** SUMMARY ***
Total pot $0.39 | Rake $0.02 | Jackpot $0 | Bingo $0 | Fortune $0
Seat 1: d2521559 folded before Flop
Seat 2: 77b0e645 folded before Flop (didn't bet)
Seat 3: Hero folded before Flop (didn't bet)
Seat 4: 9eb167a3 (button) folded before Flop (didn't bet)
Seat 5: 9b5ddd8b (small blind) folded before Flop
Seat 6: 798587ae (big blind) collected ($0.37)


Poker Hand #HD1199310775: Hold'em No Limit  ($0.02/$0.05) - 2023/04/11 22:18:55
Table 'NLHBlue96' 6-max Seat #3 is the button
Seat 1: d2521559 ($5.14 in chips)
Seat 2: 77b0e645 ($5.5 in chips)
Seat 3: Hero ($7.27 in chips)
Seat 4: 9eb167a3 ($5.7 in chips)
Seat 5: 9b5ddd8b ($4.34 in chips)
Seat 6: 798587ae ($8.67 in chips)
9eb167a3: posts small blind $0.02
9b5ddd8b: posts big blind $0.05
*** HOLE CARDS ***
Dealt to d2521559 
Dealt to 77b0e645 
Dealt to Hero [Kh Qs]
Dealt to 9eb167a3 
Dealt to 9b5ddd8b 
Dealt to 798587ae 
798587ae: folds
d2521559: folds
77b0e645: folds
Hero: raises $0.07 to $0.12
9eb167a3: folds
9b5ddd8b: folds
Uncalled bet ($0.07) returned to Hero
*** SHOWDOWN ***
Hero collected $0.12 from pot
*** SUMMARY ***
Total pot $0.12 | Rake $0 | Jackpot $0 | Bingo $0 | Fortune $0
Seat 1: d2521559 folded before Flop (didn't bet)
Seat 2: 77b0e645 folded before Flop (didn't bet)
Seat 3: Hero (button) collected ($0.12)
Seat 4: 9eb167a3 (small blind) folded before Flop
Seat 5: 9b5ddd8b (big blind) folded before Flop
Seat 6: 798587ae folded before Flop (didn't bet)


Poker Hand #HD1199310744: Hold'em No Limit  ($0.02/$0.05) - 2023/04/11 22:18:44
Table 'NLHBlue96' 6-max Seat #2 is the button
Seat 1: d2521559 ($5.14 in chips)
Seat 2: 77b0e645 ($5.5 in chips)
Seat 3: Hero ($7.29 in chips)
Seat 4: 9eb167a3 ($5.68 in chips)
Seat 5: 9b5ddd8b ($4.34 in chips)
Seat 6: 798587ae ($8.67 in chips)
Hero: posts small blind $0.02
9eb167a3: posts big blind $0.05
*** HOLE CARDS ***
Dealt to d2521559 
Dealt to 77b0e645 
Dealt to Hero [8s 4h]
Dealt to 9eb167a3 
Dealt to 9b5ddd8b 
Dealt to 798587ae 
9b5ddd8b: folds
798587ae: folds
d2521559: folds
77b0e645: folds
Hero: folds
Uncalled bet ($0.03) returned to 9eb167a3
*** SHOWDOWN ***
9eb167a3 collected $0.04 from pot
*** SUMMARY ***
Total pot $0.04 | Rake $0 | Jackpot $0 | Bingo $0 | Fortune $0
Seat 1: d2521559 folded before Flop (didn't bet)
Seat 2: 77b0e645 (button) folded before Flop (didn't bet)
Seat 3: Hero (small blind) folded before Flop
Seat 4: 9eb167a3 (big blind) collected ($0.04)
Seat 5: 9b5ddd8b folded before Flop (didn't bet)
Seat 6: 798587ae folded before Flop (didn't bet)


Poker Hand #HD1199310670: Hold'em No Limit  ($0.02/$0.05) - 2023/04/11 22:18:03
Table 'NLHBlue96' 6-max Seat #1 is the button
Seat 1: d2521559 ($5.14 in chips)
Seat 2: 77b0e645 ($5.52 in chips)
Seat 3: Hero ($7.42 in chips)
Seat 4: 9eb167a3 ($5.68 in chips)
Seat 5: 9b5ddd8b ($4.2 in chips)
Seat 6: 798587ae ($8.67 in chips)
77b0e645: posts small blind $0.02
Hero: posts big blind $0.05
*** HOLE CARDS ***
Dealt to d2521559 
Dealt to 77b0e645 
Dealt to Hero [9c Jc]
Dealt to 9eb167a3 
Dealt to 9b5ddd8b 
Dealt to 798587ae 
9eb167a3: folds
9b5ddd8b: raises $0.08 to $0.13
798587ae: folds
d2521559: folds
77b0e645: folds
Hero: calls $0.08
*** FLOP *** [Kd 3h 8s]
Hero: checks
9b5ddd8b: checks
*** TURN *** [Kd 3h 8s] [5h]
Hero: checks
9b5ddd8b: bets $0.21
Hero: folds
Uncalled bet ($0.21) returned to 9b5ddd8b
*** SHOWDOWN ***
9b5ddd8b collected $0.27 from pot
*** SUMMARY ***
Total pot $0.28 | Rake $0.01 | Jackpot $0 | Bingo $0 | Fortune $0
Board [Kd 3h 8s 5h]
Seat 1: d2521559 (button) folded before Flop (didn't bet)
Seat 2: 77b0e645 (small blind) folded before Flop
Seat 3: Hero (big blind) folded on the Turn
Seat 4: 9eb167a3 folded before Flop (didn't bet)
Seat 5: 9b5ddd8b won ($0.27)
Seat 6: 798587ae folded before Flop (didn't bet)


Poker Hand #HD1199310588: Hold'em No Limit  ($0.02/$0.05) - 2023/04/11 22:17:28
Table 'NLHBlue96' 6-max Seat #6 is the button
Seat 1: d2521559 ($5.16 in chips)
Seat 2: 77b0e645 ($5.64 in chips)
Seat 3: Hero ($7.29 in chips)
Seat 4: 9eb167a3 ($5.68 in chips)
Seat 5: 9b5ddd8b ($4.2 in chips)
Seat 6: 798587ae ($8.67 in chips)
d2521559: posts small blind $0.02
77b0e645: posts big blind $0.05
*** HOLE CARDS ***
Dealt to d2521559 
Dealt to 77b0e645 
Dealt to Hero [Ah Jh]
Dealt to 9eb167a3 
Dealt to 9b5ddd8b 
Dealt to 798587ae 
Hero: raises $0.07 to $0.12
9eb167a3: folds
9b5ddd8b: folds
798587ae: folds
d2521559: folds
77b0e645: calls $0.07
*** FLOP *** [7c Qc Ac]
77b0e645: checks
Hero: bets $0.1
77b0e645: folds
Uncalled bet ($0.1) returned to Hero
*** SHOWDOWN ***
Hero collected $0.25 from pot
*** SUMMARY ***
Total pot $0.26 | Rake $0.01 | Jackpot $0 | Bingo $0 | Fortune $0
Board [7c Qc Ac]
Seat 1: d2521559 (small blind) folded before Flop
Seat 2: 77b0e645 (big blind) folded on the Flop
Seat 3: Hero won ($0.25)
Seat 4: 9eb167a3 folded before Flop (didn't bet)
Seat 5: 9b5ddd8b folded before Flop (didn't bet)
Seat 6: 798587ae (button) folded before Flop (didn't bet)


Poker Hand #HD1199310510: Hold'em No Limit  ($0.02/$0.05) - 2023/04/11 22:16:48
Table 'NLHBlue96' 6-max Seat #5 is the button
Seat 1: d2521559 ($5 in chips)
Seat 2: 77b0e645 ($5.79 in chips)
Seat 3: Hero ($7.29 in chips)
Seat 4: 9eb167a3 ($5.68 in chips)
Seat 5: 9b5ddd8b ($4.2 in chips)
Seat 6: 798587ae ($8.69 in chips)
798587ae: posts small blind $0.02
d2521559: posts big blind $0.05
*** HOLE CARDS ***
Dealt to d2521559 
Dealt to 77b0e645 
Dealt to Hero [Jd Qd]
Dealt to 9eb167a3 
Dealt to 9b5ddd8b 
Dealt to 798587ae 
77b0e645: raises $0.1 to $0.15
Hero: folds
9eb167a3: folds
9b5ddd8b: folds
798587ae: folds
d2521559: raises $0.45 to $0.6
77b0e645: folds
Uncalled bet ($0.45) returned to d2521559
*** SHOWDOWN ***
d2521559 collected $0.31 from pot
*** SUMMARY ***
Total pot $0.32 | Rake $0.01 | Jackpot $0 | Bingo $0 | Fortune $0
Seat 1: d2521559 (big blind) collected ($0.31)
Seat 2: 77b0e645 folded before Flop
Seat 3: Hero folded before Flop (didn't bet)
Seat 4: 9eb167a3 folded before Flop (didn't bet)
Seat 5: 9b5ddd8b (button) folded before Flop (didn't bet)
Seat 6: 798587ae (small blind) folded before Flop


Poker Hand #HD1199310415: Hold'em No Limit  ($0.02/$0.05) - 2023/04/11 22:16:00
Table 'NLHBlue96' 6-max Seat #4 is the button
Seat 1: d2521559 ($5 in chips)
Seat 2: 77b0e645 ($5.79 in chips)
Seat 3: Hero ($7.29 in chips)
Seat 4: 9eb167a3 ($5.68 in chips)
Seat 5: 9b5ddd8b ($5.25 in chips)
Seat 6: 798587ae ($7.79 in chips)
9b5ddd8b: posts small blind $0.02
798587ae: posts big blind $0.05
*** HOLE CARDS ***
Dealt to d2521559 
Dealt to 77b0e645 
Dealt to Hero [Ts 7d]
Dealt to 9eb167a3 
Dealt to 9b5ddd8b 
Dealt to 798587ae 
d2521559: folds
77b0e645: folds
Hero: folds
9eb167a3: folds
9b5ddd8b: raises $0.1 to $0.15
798587ae: raises $0.3 to $0.45
9b5ddd8b: calls $0.3
*** FLOP *** [Tc 8d 4d]
9b5ddd8b: checks
798587ae: bets $0.6
9b5ddd8b: calls $0.6
*** TURN *** [Tc 8d 4d] [2h]
9b5ddd8b: checks
798587ae: bets $1.39
9b5ddd8b: folds
Uncalled bet ($1.39) returned to 798587ae
*** SHOWDOWN ***
798587ae collected $1.95 from pot
*** SUMMARY ***
Total pot $2.1 | Rake $0.1 | Jackpot $0.05 | Bingo $0 | Fortune $0
Board [Tc 8d 4d 2h]
Seat 1: d2521559 folded before Flop (didn't bet)
Seat 2: 77b0e645 folded before Flop (didn't bet)
Seat 3: Hero folded before Flop (didn't bet)
Seat 4: 9eb167a3 (button) folded before Flop (didn't bet)
Seat 5: 9b5ddd8b (small blind) folded on the Turn
Seat 6: 798587ae (big blind) won ($1.95)


Poker Hand #HD1199310311: Hold'em No Limit  ($0.02/$0.05) - 2023/04/11 22:15:13
Table 'NLHBlue96' 6-max Seat #3 is the button
Seat 1: d2521559 ($5.01 in chips)
Seat 2: 77b0e645 ($5.79 in chips)
Seat 3: Hero ($7.29 in chips)
Seat 4: 9eb167a3 ($5.7 in chips)
Seat 5: 9b5ddd8b ($4.98 in chips)
Seat 6: 798587ae ($7.79 in chips)
9eb167a3: posts small blind $0.02
9b5ddd8b: posts big blind $0.05
*** HOLE CARDS ***
Dealt to d2521559 
Dealt to 77b0e645 
Dealt to Hero [9h Kd]
Dealt to 9eb167a3 
Dealt to 9b5ddd8b 
Dealt to 798587ae 
798587ae: folds
d2521559: raises $0.08 to $0.13
77b0e645: folds
Hero: folds
9eb167a3: folds
9b5ddd8b: calls $0.08
*** FLOP *** [8s 2h 3d]
9b5ddd8b: bets $0.14
d2521559: calls $0.14
*** TURN *** [8s 2h 3d] [9d]
9b5ddd8b: bets $0.42
d2521559: folds
Uncalled bet ($0.42) returned to 9b5ddd8b
*** SHOWDOWN ***
9b5ddd8b collected $0.54 from pot
*** SUMMARY ***
Total pot $0.56 | Rake $0.02 | Jackpot $0 | Bingo $0 | Fortune $0
Board [8s 2h 3d 9d]
Seat 1: d2521559 folded on the Turn
Seat 2: 77b0e645 folded before Flop (didn't bet)
Seat 3: Hero (button) folded before Flop (didn't bet)
Seat 4: 9eb167a3 (small blind) folded before Flop
Seat 5: 9b5ddd8b (big blind) won ($0.54)
Seat 6: 798587ae folded before Flop (didn't bet)


Poker Hand #HD1199310178: Hold'em No Limit  ($0.02/$0.05) - 2023/04/11 22:14:06
Table 'NLHBlue96' 6-max Seat #2 is the button
Seat 1: d2521559 ($5.14 in chips)
Seat 2: 77b0e645 ($5.6 in chips)
Seat 3: Hero ($7.31 in chips)
Seat 4: 9eb167a3 ($5.75 in chips)
Seat 5: 9b5ddd8b ($4.98 in chips)
Seat 6: 798587ae ($7.79 in chips)
Hero: posts small blind $0.02
9eb167a3: posts big blind $0.05
*** HOLE CARDS ***
Dealt to d2521559 
Dealt to 77b0e645 
Dealt to Hero [9h 4h]
Dealt to 9eb167a3 
Dealt to 9b5ddd8b 
Dealt to 798587ae 
9b5ddd8b: folds
798587ae: folds
d2521559: raises $0.08 to $0.13
77b0e645: raises $0.32 to $0.45
Hero: folds
9eb167a3: folds
d2521559: folds
Uncalled bet ($0.32) returned to 77b0e645
*** SHOWDOWN ***
77b0e645 collected $0.32 from pot
*** SUMMARY ***
Total pot $0.33 | Rake $0.01 | Jackpot $0 | Bingo $0 | Fortune $0
Seat 1: d2521559 folded before Flop
Seat 2: 77b0e645 (button) collected ($0.32)
Seat 3: Hero (small blind) folded before Flop
Seat 4: 9eb167a3 (big blind) folded before Flop
Seat 5: 9b5ddd8b folded before Flop (didn't bet)
Seat 6: 798587ae folded before Flop (didn't bet)


Poker Hand #HD1199310098: Hold'em No Limit  ($0.02/$0.05) - 2023/04/11 22:13:31
Table 'NLHBlue96' 6-max Seat #1 is the button
Seat 1: d2521559 ($5 in chips)
Seat 2: 77b0e645 ($5.62 in chips)
Seat 3: Hero ($7.44 in chips)
Seat 4: 9eb167a3 ($5.75 in chips)
Seat 5: 9b5ddd8b ($4.98 in chips)
Seat 6: 798587ae ($7.79 in chips)
77b0e645: posts small blind $0.02
Hero: posts big blind $0.05
*** HOLE CARDS ***
Dealt to d2521559 
Dealt to 77b0e645 
Dealt to Hero [8c 6c]
Dealt to 9eb167a3 
Dealt to 9b5ddd8b 
Dealt to 798587ae 
9eb167a3: folds
9b5ddd8b: folds
798587ae: folds
d2521559: raises $0.08 to $0.13
77b0e645: folds
Hero: calls $0.08
*** FLOP *** [9d Ts As]
Hero: checks
d2521559: bets $0.14
Hero: folds
Uncalled bet ($0.14) returned to d2521559
*** SHOWDOWN ***
d2521559 collected $0.27 from pot
*** SUMMARY ***
Total pot $0.28 | Rake $0.01 | Jackpot $0 | Bingo $0 | Fortune $0
Board [9d Ts As]
Seat 1: d2521559 (button) won ($0.27)
Seat 2: 77b0e645 (small blind) folded before Flop
Seat 3: Hero (big blind) folded on the Flop
Seat 4: 9eb167a3 folded before Flop (didn't bet)
Seat 5: 9b5ddd8b folded before Flop (didn't bet)
Seat 6: 798587ae folded before Flop (didn't bet)


Poker Hand #HD1199310050: Hold'em No Limit  ($0.02/$0.05) - 2023/04/11 22:13:10
Table 'NLHBlue96' 6-max Seat #6 is the button
Seat 1: d2521559 ($5.02 in chips)
Seat 2: 77b0e645 ($5.6 in chips)
Seat 3: Hero ($7.44 in chips)
Seat 4: 9eb167a3 ($5.75 in chips)
Seat 5: 9b5ddd8b ($4.98 in chips)
Seat 6: 798587ae ($7.79 in chips)
d2521559: posts small blind $0.02
77b0e645: posts big blind $0.05
*** HOLE CARDS ***
Dealt to d2521559 
Dealt to 77b0e645 
Dealt to Hero [Qd 7d]
Dealt to 9eb167a3 
Dealt to 9b5ddd8b 
Dealt to 798587ae 
Hero: folds
9eb167a3: folds
9b5ddd8b: folds
798587ae: folds
d2521559: folds
Uncalled bet ($0.03) returned to 77b0e645
*** SHOWDOWN ***
77b0e645 collected $0.04 from pot
*** SUMMARY ***
Total pot $0.04 | Rake $0 | Jackpot $0 | Bingo $0 | Fortune $0
Seat 1: d2521559 (small blind) folded before Flop
Seat 2: 77b0e645 (big blind) collected ($0.04)
Seat 3: Hero folded before Flop (didn't bet)
Seat 4: 9eb167a3 folded before Flop (didn't bet)
Seat 5: 9b5ddd8b folded before Flop (didn't bet)
Seat 6: 798587ae (button) folded before Flop (didn't bet)


Poker Hand #HD1199310015: Hold'em No Limit  ($0.02/$0.05) - 2023/04/11 22:12:53
Table 'NLHBlue96' 6-max Seat #5 is the button
Seat 1: d2521559 ($5 in chips)
Seat 2: 77b0e645 ($5.6 in chips)
Seat 3: Hero ($7.44 in chips)
Seat 4: 9eb167a3 ($5.75 in chips)
Seat 5: 9b5ddd8b ($4.98 in chips)
Seat 6: 798587ae ($7.81 in chips)
798587ae: posts small blind $0.02
d2521559: posts big blind $0.05
*** HOLE CARDS ***
Dealt to d2521559 
Dealt to 77b0e645 
Dealt to Hero [Ah 6d]
Dealt to 9eb167a3 
Dealt to 9b5ddd8b 
Dealt to 798587ae 
77b0e645: folds
Hero: folds
9eb167a3: folds
9b5ddd8b: folds
798587ae: folds
Uncalled bet ($0.03) returned to d2521559
*** SHOWDOWN ***
d2521559 collected $0.04 from pot
*** SUMMARY ***
Total pot $0.04 | Rake $0 | Jackpot $0 | Bingo $0 | Fortune $0
Seat 1: d2521559 (big blind) collected ($0.04)
Seat 2: 77b0e645 folded before Flop (didn't bet)
Seat 3: Hero folded before Flop (didn't bet)
Seat 4: 9eb167a3 folded before Flop (didn't bet)
Seat 5: 9b5ddd8b (button) folded before Flop (didn't bet)
Seat 6: 798587ae (small blind) folded before Flop


Poker Hand #HD1199309935: Hold'em No Limit  ($0.02/$0.05) - 2023/04/11 22:12:20
Table 'NLHBlue96' 6-max Seat #4 is the button
Seat 2: 77b0e645 ($5.44 in chips)
Seat 3: Hero ($7.44 in chips)
Seat 4: 9eb167a3 ($5.75 in chips)
Seat 5: 9b5ddd8b ($5 in chips)
Seat 6: 798587ae ($7.96 in chips)
9b5ddd8b: posts small blind $0.02
798587ae: posts big blind $0.05
*** HOLE CARDS ***
Dealt to 77b0e645 
Dealt to Hero [9c Ac]
Dealt to 9eb167a3 
Dealt to 9b5ddd8b 
Dealt to 798587ae 
77b0e645: raises $0.1 to $0.15
Hero: folds
9eb167a3: folds
9b5ddd8b: folds
798587ae: calls $0.1
*** FLOP *** [Ks Ad Ts]
798587ae: checks
77b0e645: bets $0.11
798587ae: folds
Uncalled bet ($0.11) returned to 77b0e645
*** SHOWDOWN ***
77b0e645 collected $0.31 from pot
*** SUMMARY ***
Total pot $0.32 | Rake $0.01 | Jackpot $0 | Bingo $0 | Fortune $0
Board [Ks Ad Ts]
Seat 2: 77b0e645 won ($0.31)
Seat 3: Hero folded before Flop (didn't bet)
Seat 4: 9eb167a3 (button) folded before Flop (didn't bet)
Seat 5: 9b5ddd8b (small blind) folded before Flop
Seat 6: 798587ae (big blind) folded on the Flop


Poker Hand #HD1199309875: Hold'em No Limit  ($0.02/$0.05) - 2023/04/11 22:11:48
Table 'NLHBlue96' 6-max Seat #3 is the button
Seat 2: 77b0e645 ($5.44 in chips)
Seat 3: Hero ($7.56 in chips)
Seat 4: 9eb167a3 ($5.16 in chips)
Seat 5: 9b5ddd8b ($3.48 in chips)
9eb167a3: posts small blind $0.02
9b5ddd8b: posts big blind $0.05
*** HOLE CARDS ***
Dealt to 77b0e645 
Dealt to Hero [Ad 2s]
Dealt to 9eb167a3 
Dealt to 9b5ddd8b 
77b0e645: folds
Hero: raises $0.07 to $0.12
9eb167a3: raises $0.4 to $0.52
9b5ddd8b: calls $0.47
Hero: folds
*** FLOP *** [Ac 5h 5c]
9eb167a3: bets $0.52
9b5ddd8b: folds
Uncalled bet ($0.52) returned to 9eb167a3
*** SHOWDOWN ***
9eb167a3 collected $1.11 from pot
*** SUMMARY ***
Total pot $1.16 | Rake $0.05 | Jackpot $0 | Bingo $0 | Fortune $0
Board [Ac 5h 5c]
Seat 2: 77b0e645 folded before Flop (didn't bet)
Seat 3: Hero (button) folded before Flop
Seat 4: 9eb167a3 (small blind) won ($1.11)
Seat 5: 9b5ddd8b (big blind) folded on the Flop


Poker Hand #HD1199309846: Hold'em No Limit  ($0.02/$0.05) - 2023/04/11 22:11:37
Table 'NLHBlue96' 6-max Seat #2 is the button
Seat 2: 77b0e645 ($5.37 in chips)
Seat 3: Hero ($7.58 in chips)
Seat 4: 9eb167a3 ($5.21 in chips)
Seat 5: 9b5ddd8b ($3.48 in chips)
Hero: posts small blind $0.02
9eb167a3: posts big blind $0.05
*** HOLE CARDS ***
Dealt to 77b0e645 
Dealt to Hero [2c 6h]
Dealt to 9eb167a3 
Dealt to 9b5ddd8b 
9b5ddd8b: folds
77b0e645: raises $0.1 to $0.15
Hero: folds
9eb167a3: folds
Uncalled bet ($0.1) returned to 77b0e645
*** SHOWDOWN ***
77b0e645 collected $0.12 from pot
*** SUMMARY ***
Total pot $0.12 | Rake $0 | Jackpot $0 | Bingo $0 | Fortune $0
Seat 2: 77b0e645 (button) collected ($0.12)
Seat 3: Hero (small blind) folded before Flop
Seat 4: 9eb167a3 (big blind) folded before Flop
Seat 5: 9b5ddd8b folded before Flop (didn't bet)


Poker Hand #HD1199309729: Hold'em No Limit  ($0.02/$0.05) - 2023/04/11 22:10:33
Table 'NLHBlue96' 6-max Seat #1 is the button
Seat 1: 6c80546c ($7.52 in chips)
Seat 2: 77b0e645 ($5.39 in chips)
Seat 3: Hero ($5 in chips)
Seat 4: 9eb167a3 ($5.21 in chips)
Seat 5: 9b5ddd8b ($6.37 in chips)
77b0e645: posts small blind $0.02
Hero: posts big blind $0.05
*** HOLE CARDS ***
Dealt to 6c80546c 
Dealt to 77b0e645 
Dealt to Hero [Th 9h]
Dealt to 9eb167a3 
Dealt to 9b5ddd8b 
9eb167a3: folds
9b5ddd8b: raises $0.08 to $0.13
6c80546c: folds
77b0e645: folds
Hero: calls $0.08
*** FLOP *** [5h Td Qh]
Hero: checks
9b5ddd8b: bets $0.14
Hero: raises $0.28 to $0.42
9b5ddd8b: calls $0.28
*** TURN *** [5h Td Qh] [7d]
Hero: bets $0.6
9b5ddd8b: calls $0.6
*** RIVER *** [5h Td Qh 7d] [Ah]
Hero: checks
9b5ddd8b: bets $1.74
Hero: raises $2.11 to $3.85 and is all-in
9b5ddd8b: folds
Uncalled bet ($2.11) returned to Hero
*** SHOWDOWN ***
Hero collected $5.47 from pot
*** SUMMARY ***
Total pot $5.8 | Rake $0.28 | Jackpot $0.05 | Bingo $0 | Fortune $0
Board [5h Td Qh 7d Ah]
Seat 1: 6c80546c (button) folded before Flop (didn't bet)
Seat 2: 77b0e645 (small blind) folded before Flop
Seat 3: Hero (big blind) won ($5.47)
Seat 4: 9eb167a3 folded before Flop (didn't bet)
Seat 5: 9b5ddd8b folded on the River


