Poker Hand #HD1164546839: Hold'em No Limit  ($0.02/$0.05) - 2023/03/17 19:19:19
Table 'NLHBlue2' 6-max Seat #3 is the button
Seat 1: 6e77ab8a ($1.78 in chips)
Seat 2: e9080f68 ($5.97 in chips)
Seat 3: 89272742 ($6.3 in chips)
Seat 4: d9dd3708 ($5.5 in chips)
Seat 5: 830b92 ($5.87 in chips)
Seat 6: Hero ($6.61 in chips)
d9dd3708: posts small blind $0.02
830b92: posts big blind $0.05
*** HOLE CARDS ***
Dealt to 6e77ab8a 
Dealt to e9080f68 
Dealt to 89272742 
Dealt to d9dd3708 
Dealt to 830b92 
Dealt to Hero [2c 6d]
Hero: folds
6e77ab8a: folds
e9080f68: folds
89272742: folds
d9dd3708: folds
Uncalled bet ($0.03) returned to 830b92
*** SHOWDOWN ***
830b92 collected $0.04 from pot
*** SUMMARY ***
Total pot $0.04 | Rake $0 | Jackpot $0 | Bingo $0 | Fortune $0
Seat 1: 6e77ab8a folded before Flop (didn't bet)
Seat 2: e9080f68 folded before Flop (didn't bet)
Seat 3: 89272742 (button) folded before Flop (didn't bet)
Seat 4: d9dd3708 (small blind) folded before Flop
Seat 5: 830b92 (big blind) collected ($0.04)
Seat 6: Hero folded before Flop (didn't bet)


Poker Hand #HD1164546782: Hold'em No Limit  ($0.02/$0.05) - 2023/03/17 19:18:50
Table 'NLHBlue2' 6-max Seat #2 is the button
Seat 1: 6e77ab8a ($1.9 in chips)
Seat 2: e9080f68 ($5.97 in chips)
Seat 3: 89272742 ($6.32 in chips)
Seat 4: d9dd3708 ($5.25 in chips)
Seat 5: 830b92 ($5.87 in chips)
Seat 6: Hero ($6.73 in chips)
89272742: posts small blind $0.02
d9dd3708: posts big blind $0.05
*** HOLE CARDS ***
Dealt to 6e77ab8a 
Dealt to e9080f68 
Dealt to 89272742 
Dealt to d9dd3708 
Dealt to 830b92 
Dealt to Hero [4s 5s]
830b92: folds
Hero: raises $0.07 to $0.12
6e77ab8a: calls $0.12
e9080f68: folds
89272742: folds
d9dd3708: raises $0.52 to $0.64
Hero: folds
6e77ab8a: folds
Uncalled bet ($0.52) returned to d9dd3708
*** SHOWDOWN ***
d9dd3708 collected $0.37 from pot
*** SUMMARY ***
Total pot $0.38 | Rake $0.01 | Jackpot $0 | Bingo $0 | Fortune $0
Seat 1: 6e77ab8a folded before Flop
Seat 2: e9080f68 (button) folded before Flop (didn't bet)
Seat 3: 89272742 (small blind) folded before Flop
Seat 4: d9dd3708 (big blind) collected ($0.37)
Seat 5: 830b92 folded before Flop (didn't bet)
Seat 6: Hero folded before Flop


Poker Hand #HD1164546745: Hold'em No Limit  ($0.02/$0.05) - 2023/03/17 19:18:33
Table 'NLHBlue2' 6-max Seat #1 is the button
Seat 1: 6e77ab8a ($1.9 in chips)
Seat 2: e9080f68 ($5.99 in chips)
Seat 3: 89272742 ($6.37 in chips)
Seat 4: d9dd3708 ($5.18 in chips)
Seat 5: 830b92 ($5.87 in chips)
Seat 6: Hero ($6.73 in chips)
e9080f68: posts small blind $0.02
89272742: posts big blind $0.05
*** HOLE CARDS ***
Dealt to 6e77ab8a 
Dealt to e9080f68 
Dealt to 89272742 
Dealt to d9dd3708 
Dealt to 830b92 
Dealt to Hero [2s 9c]
d9dd3708: raises $0.1 to $0.15
830b92: folds
Hero: folds
6e77ab8a: folds
e9080f68: folds
89272742: folds
Uncalled bet ($0.1) returned to d9dd3708
*** SHOWDOWN ***
d9dd3708 collected $0.12 from pot
*** SUMMARY ***
Total pot $0.12 | Rake $0 | Jackpot $0 | Bingo $0 | Fortune $0
Seat 1: 6e77ab8a (button) folded before Flop (didn't bet)
Seat 2: e9080f68 (small blind) folded before Flop
Seat 3: 89272742 (big blind) folded before Flop
Seat 4: d9dd3708 collected ($0.12)
Seat 5: 830b92 folded before Flop (didn't bet)
Seat 6: Hero folded before Flop (didn't bet)


Poker Hand #HD1164546695: Hold'em No Limit  ($0.02/$0.05) - 2023/03/17 19:18:08
Table 'NLHBlue2' 6-max Seat #6 is the button
Seat 1: 6e77ab8a ($1.95 in chips)
Seat 2: e9080f68 ($5.94 in chips)
Seat 3: 89272742 ($6.37 in chips)
Seat 4: d9dd3708 ($5.18 in chips)
Seat 5: 830b92 ($5.87 in chips)
Seat 6: Hero ($6.73 in chips)
6e77ab8a: posts small blind $0.02
e9080f68: posts big blind $0.05
*** HOLE CARDS ***
Dealt to 6e77ab8a 
Dealt to e9080f68 
Dealt to 89272742 
Dealt to d9dd3708 
Dealt to 830b92 
Dealt to Hero [3c 2h]
89272742: folds
d9dd3708: folds
830b92: folds
Hero: folds
6e77ab8a: calls $0.03
e9080f68: raises $0.14 to $0.19
6e77ab8a: folds
Uncalled bet ($0.14) returned to e9080f68
*** SHOWDOWN ***
e9080f68 collected $0.1 from pot
*** SUMMARY ***
Total pot $0.1 | Rake $0 | Jackpot $0 | Bingo $0 | Fortune $0
Seat 1: 6e77ab8a (small blind) folded before Flop
Seat 2: e9080f68 (big blind) collected ($0.1)
Seat 3: 89272742 folded before Flop (didn't bet)
Seat 4: d9dd3708 folded before Flop (didn't bet)
Seat 5: 830b92 folded before Flop (didn't bet)
Seat 6: Hero (button) folded before Flop (didn't bet)


Poker Hand #HD1164546596: Hold'em No Limit  ($0.02/$0.05) - 2023/03/17 19:17:25
Table 'NLHBlue2' 6-max Seat #5 is the button
Seat 1: 6e77ab8a ($2 in chips)
Seat 2: e9080f68 ($5.94 in chips)
Seat 3: 89272742 ($6.3 in chips)
Seat 4: d9dd3708 ($5.18 in chips)
Seat 5: 830b92 ($5.87 in chips)
Seat 6: Hero ($6.75 in chips)
Hero: posts small blind $0.02
6e77ab8a: posts big blind $0.05
*** HOLE CARDS ***
Dealt to 6e77ab8a 
Dealt to e9080f68 
Dealt to 89272742 
Dealt to d9dd3708 
Dealt to 830b92 
Dealt to Hero [3s Qs]
e9080f68: folds
89272742: calls $0.05
d9dd3708: folds
830b92: folds
Hero: folds
6e77ab8a: checks
*** FLOP *** [3h 5s 2c]
6e77ab8a: checks
89272742: checks
*** TURN *** [3h 5s 2c] [Kc]
6e77ab8a: checks
89272742: checks
*** RIVER *** [3h 5s 2c Kc] [Th]
6e77ab8a: checks
89272742: bets $0.06
6e77ab8a: folds
Uncalled bet ($0.06) returned to 89272742
*** SHOWDOWN ***
89272742 collected $0.12 from pot
*** SUMMARY ***
Total pot $0.12 | Rake $0 | Jackpot $0 | Bingo $0 | Fortune $0
Board [3h 5s 2c Kc Th]
Seat 1: 6e77ab8a (big blind) folded on the River
Seat 2: e9080f68 folded before Flop (didn't bet)
Seat 3: 89272742 won ($0.12)
Seat 4: d9dd3708 folded before Flop (didn't bet)
Seat 5: 830b92 (button) folded before Flop (didn't bet)
Seat 6: Hero (small blind) folded before Flop


Poker Hand #HD1164546529: Hold'em No Limit  ($0.02/$0.05) - 2023/03/17 19:16:58
Table 'NLHBlue2' 6-max Seat #4 is the button
Seat 2: e9080f68 ($5.94 in chips)
Seat 3: 89272742 ($6.3 in chips)
Seat 4: d9dd3708 ($5.41 in chips)
Seat 5: 830b92 ($5.89 in chips)
Seat 6: Hero ($6.52 in chips)
830b92: posts small blind $0.02
Hero: posts big blind $0.05
*** HOLE CARDS ***
Dealt to e9080f68 
Dealt to 89272742 
Dealt to d9dd3708 
Dealt to 830b92 
Dealt to Hero [Qd Ks]
e9080f68: folds
89272742: folds
d9dd3708: calls $0.05
830b92: folds
Hero: raises $0.18 to $0.23
d9dd3708: calls $0.18
*** FLOP *** [6s 6h Jh]
Hero: checks
d9dd3708: checks
*** TURN *** [6s 6h Jh] [Td]
Hero: bets $0.24
d9dd3708: folds
Uncalled bet ($0.24) returned to Hero
*** SHOWDOWN ***
Hero collected $0.46 from pot
*** SUMMARY ***
Total pot $0.48 | Rake $0.02 | Jackpot $0 | Bingo $0 | Fortune $0
Board [6s 6h Jh Td]
Seat 2: e9080f68 folded before Flop (didn't bet)
Seat 3: 89272742 folded before Flop (didn't bet)
Seat 4: d9dd3708 (button) folded on the Turn
Seat 5: 830b92 (small blind) folded before Flop
Seat 6: Hero (big blind) won ($0.46)


Poker Hand #HD1164546392: Hold'em No Limit  ($0.02/$0.05) - 2023/03/17 19:15:52
Table 'NLHBlue2' 6-max Seat #3 is the button
Seat 1: 6e77ab8a ($0.66 in chips)
Seat 2: e9080f68 ($5.94 in chips)
Seat 3: 89272742 ($6.3 in chips)
Seat 4: d9dd3708 ($5.43 in chips)
Seat 5: 830b92 ($5.94 in chips)
Seat 6: Hero ($5.86 in chips)
d9dd3708: posts small blind $0.02
830b92: posts big blind $0.05
*** HOLE CARDS ***
Dealt to 6e77ab8a 
Dealt to e9080f68 
Dealt to 89272742 
Dealt to d9dd3708 
Dealt to 830b92 
Dealt to Hero [Ks Qd]
Hero: raises $0.07 to $0.12
6e77ab8a: raises $0.54 to $0.66 and is all-in
e9080f68: folds
89272742: folds
d9dd3708: folds
830b92: folds
Hero: calls $0.54
6e77ab8a: shows [Ad Qh]
Hero: shows [Ks Qd]
*** FLOP *** [4d Jd Ac]
*** TURN *** [4d Jd Ac] [2d]
*** RIVER *** [4d Jd Ac 2d] [Ts]
*** SHOWDOWN ***
Hero collected $1.32 from pot
*** SUMMARY ***
Total pot $1.39 | Rake $0.07 | Jackpot $0 | Bingo $0 | Fortune $0
Board [4d Jd Ac 2d Ts]
Seat 1: 6e77ab8a showed [Ad Qh] and lost with Pair of Aces
Seat 2: e9080f68 folded before Flop (didn't bet)
Seat 3: 89272742 (button) folded before Flop (didn't bet)
Seat 4: d9dd3708 (small blind) folded before Flop
Seat 5: 830b92 (big blind) folded before Flop
Seat 6: Hero showed [Ks Qd] and won ($1.32) with Aces-High Straight


Poker Hand #HD1164546308: Hold'em No Limit  ($0.02/$0.05) - 2023/03/17 19:15:21
Table 'NLHBlue2' 6-max Seat #2 is the button
Seat 1: 6e77ab8a ($0.76 in chips)
Seat 2: e9080f68 ($5.94 in chips)
Seat 3: 89272742 ($6.32 in chips)
Seat 4: d9dd3708 ($5.32 in chips)
Seat 6: Hero ($5.86 in chips)
89272742: posts small blind $0.02
d9dd3708: posts big blind $0.05
*** HOLE CARDS ***
Dealt to 6e77ab8a 
Dealt to e9080f68 
Dealt to 89272742 
Dealt to d9dd3708 
Dealt to Hero [5d 4d]
Hero: folds
6e77ab8a: raises $0.05 to $0.1
e9080f68: folds
89272742: folds
d9dd3708: calls $0.05
*** FLOP *** [7d Qh Td]
d9dd3708: bets $0.15
6e77ab8a: folds
Uncalled bet ($0.15) returned to d9dd3708
*** SHOWDOWN ***
d9dd3708 collected $0.21 from pot
*** SUMMARY ***
Total pot $0.22 | Rake $0.01 | Jackpot $0 | Bingo $0 | Fortune $0
Board [7d Qh Td]
Seat 1: 6e77ab8a folded on the Flop
Seat 2: e9080f68 (button) folded before Flop (didn't bet)
Seat 3: 89272742 (small blind) folded before Flop
Seat 4: d9dd3708 (big blind) won ($0.21)
Seat 6: Hero folded before Flop (didn't bet)


Poker Hand #HD1164546264: Hold'em No Limit  ($0.02/$0.05) - 2023/03/17 19:15:00
Table 'NLHBlue2' 6-max Seat #1 is the button
Seat 1: 6e77ab8a ($0.76 in chips)
Seat 2: e9080f68 ($5.96 in chips)
Seat 3: 89272742 ($6.3 in chips)
Seat 4: d9dd3708 ($5.32 in chips)
Seat 6: Hero ($5.86 in chips)
e9080f68: posts small blind $0.02
89272742: posts big blind $0.05
*** HOLE CARDS ***
Dealt to 6e77ab8a 
Dealt to e9080f68 
Dealt to 89272742 
Dealt to d9dd3708 
Dealt to Hero [8d Kh]
d9dd3708: folds
Hero: folds
6e77ab8a: folds
e9080f68: folds
Uncalled bet ($0.03) returned to 89272742
*** SHOWDOWN ***
89272742 collected $0.04 from pot
*** SUMMARY ***
Total pot $0.04 | Rake $0 | Jackpot $0 | Bingo $0 | Fortune $0
Seat 1: 6e77ab8a (button) folded before Flop (didn't bet)
Seat 2: e9080f68 (small blind) folded before Flop
Seat 3: 89272742 (big blind) collected ($0.04)
Seat 4: d9dd3708 folded before Flop (didn't bet)
Seat 6: Hero folded before Flop (didn't bet)


Poker Hand #HD1164546136: Hold'em No Limit  ($0.02/$0.05) - 2023/03/17 19:13:56
Table 'NLHBlue2' 6-max Seat #6 is the button
Seat 1: 6e77ab8a ($0.78 in chips)
Seat 2: e9080f68 ($6.4 in chips)
Seat 3: 89272742 ($6.3 in chips)
Seat 4: d9dd3708 ($5.32 in chips)
Seat 6: Hero ($5.44 in chips)
6e77ab8a: posts small blind $0.02
e9080f68: posts big blind $0.05
*** HOLE CARDS ***
Dealt to 6e77ab8a 
Dealt to e9080f68 
Dealt to 89272742 
Dealt to d9dd3708 
Dealt to Hero [Ah Tc]
89272742: folds
d9dd3708: folds
Hero: raises $0.07 to $0.12
6e77ab8a: folds
e9080f68: calls $0.07
*** FLOP *** [7s 5d Ac]
e9080f68: checks
Hero: bets $0.09
e9080f68: raises $0.23 to $0.32
Hero: calls $0.23
*** TURN *** [7s 5d Ac] [9s]
e9080f68: checks
Hero: checks
*** RIVER *** [7s 5d Ac 9s] [3s]
e9080f68: checks
Hero: checks
e9080f68: shows [9c 6c] (Pair of Nines)
Hero: shows [Ah Tc] (Pair of Aces)
*** SHOWDOWN ***
Hero collected $0.86 from pot
*** SUMMARY ***
Total pot $0.9 | Rake $0.04 | Jackpot $0 | Bingo $0 | Fortune $0
Board [7s 5d Ac 9s 3s]
Seat 1: 6e77ab8a (small blind) folded before Flop
Seat 2: e9080f68 (big blind) showed [9c 6c] and lost with Pair of Nines
Seat 3: 89272742 folded before Flop (didn't bet)
Seat 4: d9dd3708 folded before Flop (didn't bet)
Seat 6: Hero (button) showed [Ah Tc] and won ($0.86) with Pair of Aces


Poker Hand #HD1164546068: Hold'em No Limit  ($0.02/$0.05) - 2023/03/17 19:13:23
Table 'NLHBlue2' 6-max Seat #4 is the button
Seat 1: 6e77ab8a ($0.83 in chips)
Seat 2: e9080f68 ($6.4 in chips)
Seat 3: 89272742 ($6.3 in chips)
Seat 4: d9dd3708 ($5.32 in chips)
Seat 6: Hero ($5.39 in chips)
Hero: posts small blind $0.02
6e77ab8a: posts big blind $0.05
*** HOLE CARDS ***
Dealt to 6e77ab8a 
Dealt to e9080f68 
Dealt to 89272742 
Dealt to d9dd3708 
Dealt to Hero [2s Ad]
e9080f68: folds
89272742: folds
d9dd3708: folds
Hero: raises $0.09 to $0.14
6e77ab8a: folds
Uncalled bet ($0.09) returned to Hero
*** SHOWDOWN ***
Hero collected $0.1 from pot
*** SUMMARY ***
Total pot $0.1 | Rake $0 | Jackpot $0 | Bingo $0 | Fortune $0
Seat 1: 6e77ab8a (big blind) folded before Flop
Seat 2: e9080f68 folded before Flop (didn't bet)
Seat 3: 89272742 folded before Flop (didn't bet)
Seat 4: d9dd3708 (button) folded before Flop (didn't bet)
Seat 6: Hero (small blind) collected ($0.1)


Poker Hand #HD1164546035: Hold'em No Limit  ($0.02/$0.05) - 2023/03/17 19:13:11
Table 'NLHBlue2' 6-max Seat #3 is the button
Seat 1: 6e77ab8a ($0.83 in chips)
Seat 2: e9080f68 ($6.4 in chips)
Seat 3: 89272742 ($6.3 in chips)
Seat 4: d9dd3708 ($5.34 in chips)
Seat 6: Hero ($5.37 in chips)
d9dd3708: posts small blind $0.02
Hero: posts big blind $0.05
*** HOLE CARDS ***
Dealt to 6e77ab8a 
Dealt to e9080f68 
Dealt to 89272742 
Dealt to d9dd3708 
Dealt to Hero [Kc Tc]
6e77ab8a: folds
e9080f68: folds
89272742: folds
d9dd3708: folds
Uncalled bet ($0.03) returned to Hero
*** SHOWDOWN ***
Hero collected $0.04 from pot
*** SUMMARY ***
Total pot $0.04 | Rake $0 | Jackpot $0 | Bingo $0 | Fortune $0
Seat 1: 6e77ab8a folded before Flop (didn't bet)
Seat 2: e9080f68 folded before Flop (didn't bet)
Seat 3: 89272742 (button) folded before Flop (didn't bet)
Seat 4: d9dd3708 (small blind) folded before Flop
Seat 6: Hero (big blind) collected ($0.04)


Poker Hand #HD1164545988: Hold'em No Limit  ($0.02/$0.05) - 2023/03/17 19:12:49
Table 'NLHBlue2' 6-max Seat #2 is the button
Seat 1: 6e77ab8a ($0.83 in chips)
Seat 2: e9080f68 ($6.4 in chips)
Seat 3: 89272742 ($6.32 in chips)
Seat 4: d9dd3708 ($5.32 in chips)
Seat 5: 830b92 ($5.94 in chips)
Seat 6: Hero ($5.37 in chips)
89272742: posts small blind $0.02
d9dd3708: posts big blind $0.05
*** HOLE CARDS ***
Dealt to 6e77ab8a 
Dealt to e9080f68 
Dealt to 89272742 
Dealt to d9dd3708 
Dealt to 830b92 
Dealt to Hero [9s 4c]
830b92: folds
Hero: folds
6e77ab8a: folds
e9080f68: folds
89272742: folds
Uncalled bet ($0.03) returned to d9dd3708
*** SHOWDOWN ***
d9dd3708 collected $0.04 from pot
*** SUMMARY ***
Total pot $0.04 | Rake $0 | Jackpot $0 | Bingo $0 | Fortune $0
Seat 1: 6e77ab8a folded before Flop (didn't bet)
Seat 2: e9080f68 (button) folded before Flop (didn't bet)
Seat 3: 89272742 (small blind) folded before Flop
Seat 4: d9dd3708 (big blind) collected ($0.04)
Seat 5: 830b92 folded before Flop (didn't bet)
Seat 6: Hero folded before Flop (didn't bet)


Poker Hand #HD1164545894: Hold'em No Limit  ($0.02/$0.05) - 2023/03/17 19:12:02
Table 'NLHBlue2' 6-max Seat #1 is the button
Seat 1: 6e77ab8a ($0.71 in chips)
Seat 2: e9080f68 ($6.42 in chips)
Seat 3: 89272742 ($6.37 in chips)
Seat 4: d9dd3708 ($5.37 in chips)
Seat 5: 830b92 ($5.94 in chips)
Seat 6: Hero ($5.37 in chips)
e9080f68: posts small blind $0.02
89272742: posts big blind $0.05
*** HOLE CARDS ***
Dealt to 6e77ab8a 
Dealt to e9080f68 
Dealt to 89272742 
Dealt to d9dd3708 
Dealt to 830b92 
Dealt to Hero [6d Kc]
d9dd3708: calls $0.05
830b92: folds
Hero: folds
6e77ab8a: calls $0.05
e9080f68: folds
89272742: checks
*** FLOP *** [4h Ks Kh]
89272742: checks
d9dd3708: checks
6e77ab8a: bets $0.66 and is all-in
89272742: folds
d9dd3708: folds
Uncalled bet ($0.66) returned to 6e77ab8a
*** SHOWDOWN ***
6e77ab8a collected $0.17 from pot
*** SUMMARY ***
Total pot $0.17 | Rake $0 | Jackpot $0 | Bingo $0 | Fortune $0
Board [4h Ks Kh]
Seat 1: 6e77ab8a (button) won ($0.17)
Seat 2: e9080f68 (small blind) folded before Flop
Seat 3: 89272742 (big blind) folded on the Flop
Seat 4: d9dd3708 folded on the Flop
Seat 5: 830b92 folded before Flop (didn't bet)
Seat 6: Hero folded before Flop (didn't bet)


Poker Hand #HD1164545758: Hold'em No Limit  ($0.02/$0.05) - 2023/03/17 19:11:01
Table 'NLHBlue2' 6-max Seat #6 is the button
Seat 1: 6e77ab8a ($1.1 in chips)
Seat 2: e9080f68 ($6.47 in chips)
Seat 3: 89272742 ($6.37 in chips)
Seat 4: d9dd3708 ($5.07 in chips)
Seat 5: 830b92 ($5.94 in chips)
Seat 6: Hero ($5.37 in chips)
6e77ab8a: posts small blind $0.02
e9080f68: posts big blind $0.05
*** HOLE CARDS ***
Dealt to 6e77ab8a 
Dealt to e9080f68 
Dealt to 89272742 
Dealt to d9dd3708 
Dealt to 830b92 
Dealt to Hero [Th 5h]
89272742: folds
d9dd3708: raises $0.1 to $0.15
830b92: folds
Hero: folds
6e77ab8a: raises $0.35 to $0.5
e9080f68: folds
d9dd3708: raises $0.7 to $1.2
6e77ab8a: calls $0.6 and is all-in
Uncalled bet ($0.1) returned to d9dd3708
d9dd3708: shows [As Kc]
6e77ab8a: shows [9h 9c]
*** FIRST FLOP *** [5d Jd 8c]
*** FIRST TURN *** [5d Jd 8c] [4c]
*** FIRST RIVER *** [5d Jd 8c 4c] [Qd]
*** SECOND FLOP *** [Tc Td Ad]
*** SECOND TURN *** [Tc Td Ad] [4h]
*** SECOND RIVER *** [Tc Td Ad 4h] [Ks]
*** THIRD FLOP *** [Qc 3c 7d]
*** THIRD TURN *** [Qc 3c 7d] [Kd]
*** THIRD RIVER *** [Qc 3c 7d Kd] [2c]
*** FIRST SHOWDOWN ***
6e77ab8a collected $0.71 from pot
*** SECOND SHOWDOWN ***
d9dd3708 collected $0.7 from pot
*** THIRD SHOWDOWN ***
d9dd3708 collected $0.7 from pot
*** SUMMARY ***
Total pot $2.25 | Rake $0.09 | Jackpot $0.05 | Bingo $0 | Fortune $0
Hand was run three times
FIRST Board [5d Jd 8c 4c Qd]
SECOND Board [Tc Td Ad 4h Ks]
THIRD Board [Qc 3c 7d Kd 2c]
Seat 1: 6e77ab8a (small blind) showed [9h 9c] and won ($0.71) with Pair of Nines, and lost with Pair of Tens and Pair of Nines, and lost with Pair of Nines
Seat 2: e9080f68 (big blind) folded before Flop
Seat 3: 89272742 folded before Flop (didn't bet)
Seat 4: d9dd3708 showed [As Kc] and lost with Ace-High, and won ($0.7) with Pair of Aces and Pair of Kings, and won ($0.7) with Pair of Kings
Seat 5: 830b92 folded before Flop (didn't bet)
Seat 6: Hero (button) folded before Flop (didn't bet)


Poker Hand #HD1164485591: Hold'em No Limit  ($0.02/$0.05) - 2023/03/17 19:09:47
Table 'NLHBlue2' 6-max Seat #5 is the button
Seat 1: 6e77ab8a ($1.74 in chips)
Seat 2: e9080f68 ($6.47 in chips)
Seat 3: 89272742 ($6.37 in chips)
Seat 4: d9dd3708 ($4.61 in chips)
Seat 5: 830b92 ($5.94 in chips)
Seat 6: Hero ($5.39 in chips)
Hero: posts small blind $0.02
6e77ab8a: posts big blind $0.05
*** HOLE CARDS ***
Dealt to 6e77ab8a 
Dealt to e9080f68 
Dealt to 89272742 
Dealt to d9dd3708 
Dealt to 830b92 
Dealt to Hero [Jc 3d]
e9080f68: folds
89272742: folds
d9dd3708: raises $0.1 to $0.15
830b92: folds
Hero: folds
6e77ab8a: raises $0.32 to $0.47
d9dd3708: raises $2.73 to $3.2
6e77ab8a: calls $1.27 and is all-in
Uncalled bet ($1.46) returned to d9dd3708
d9dd3708: shows [Ad Kd]
6e77ab8a: shows [Js Jh]
*** FIRST FLOP *** [6h 6d As]
*** FIRST TURN *** [6h 6d As] [Ks]
*** FIRST RIVER *** [6h 6d As Ks] [5s]
*** SECOND FLOP *** [Jd 9h Tc]
*** SECOND TURN *** [Jd 9h Tc] [4c]
*** SECOND RIVER *** [Jd 9h Tc 4c] [Ah]
*** THIRD FLOP *** [9s Kc 7c]
*** THIRD TURN *** [9s Kc 7c] [5h]
*** THIRD RIVER *** [9s Kc 7c 5h] [Th]
*** FIRST SHOWDOWN ***
d9dd3708 collected $1.1 from pot
*** SECOND SHOWDOWN ***
6e77ab8a collected $1.1 from pot
*** THIRD SHOWDOWN ***
d9dd3708 collected $1.1 from pot
*** SUMMARY ***
Total pot $3.5 | Rake $0.15 | Jackpot $0.05 | Bingo $0 | Fortune $0
Hand was run three times
FIRST Board [6h 6d As Ks 5s]
SECOND Board [Jd 9h Tc 4c Ah]
THIRD Board [9s Kc 7c 5h Th]
Seat 1: 6e77ab8a (big blind) showed [Js Jh] and lost with Pair of Jacks and Pair of Sixes, and won ($1.1) with Three Jacks, and lost with Pair of Jacks
Seat 2: e9080f68 folded before Flop (didn't bet)
Seat 3: 89272742 folded before Flop (didn't bet)
Seat 4: d9dd3708 showed [Ad Kd] and won ($1.1) with Pair of Aces and Pair of Kings, and lost with Pair of Aces, and won ($1.1) with Pair of Kings
Seat 5: 830b92 (button) folded before Flop (didn't bet)
Seat 6: Hero (small blind) folded before Flop


Poker Hand #HD1164485327: Hold'em No Limit  ($0.02/$0.05) - 2023/03/17 19:07:59
Table 'NLHBlue2' 6-max Seat #4 is the button
Seat 1: 6e77ab8a ($1.74 in chips)
Seat 2: e9080f68 ($5.13 in chips)
Seat 3: 89272742 ($6.37 in chips)
Seat 4: d9dd3708 ($4.61 in chips)
Seat 5: 830b92 ($7.42 in chips)
Seat 6: Hero ($5.44 in chips)
830b92: posts small blind $0.02
Hero: posts big blind $0.05
*** HOLE CARDS ***
Dealt to 6e77ab8a 
Dealt to e9080f68 
Dealt to 89272742 
Dealt to d9dd3708 
Dealt to 830b92 
Dealt to Hero [Jh 5c]
6e77ab8a: folds
e9080f68: raises $0.07 to $0.12
89272742: folds
d9dd3708: folds
830b92: raises $0.22 to $0.34
Hero: folds
e9080f68: calls $0.22
*** FLOP *** [Kc 3h 5d]
830b92: checks
e9080f68: checks
*** TURN *** [Kc 3h 5d] [4d]
830b92: bets $0.37
e9080f68: raises $0.77 to $1.14
830b92: calls $0.77
*** RIVER *** [Kc 3h 5d 4d] [Jd]
830b92: checks
e9080f68: bets $1.16
830b92: folds
Uncalled bet ($1.16) returned to e9080f68
*** SHOWDOWN ***
e9080f68 collected $2.82 from pot
*** SUMMARY ***
Total pot $3.01 | Rake $0.14 | Jackpot $0.05 | Bingo $0 | Fortune $0
Board [Kc 3h 5d 4d Jd]
Seat 1: 6e77ab8a folded before Flop (didn't bet)
Seat 2: e9080f68 won ($2.82)
Seat 3: 89272742 folded before Flop (didn't bet)
Seat 4: d9dd3708 (button) folded before Flop (didn't bet)
Seat 5: 830b92 (small blind) folded on the River
Seat 6: Hero (big blind) folded before Flop


Poker Hand #HD1164485260: Hold'em No Limit  ($0.02/$0.05) - 2023/03/17 19:07:32
Table 'NLHBlue2' 6-max Seat #3 is the button
Seat 1: 6e77ab8a ($1.74 in chips)
Seat 2: e9080f68 ($5.13 in chips)
Seat 3: 89272742 ($6.37 in chips)
Seat 4: d9dd3708 ($4.63 in chips)
Seat 5: 830b92 ($7.47 in chips)
Seat 6: Hero ($5.37 in chips)
d9dd3708: posts small blind $0.02
830b92: posts big blind $0.05
*** HOLE CARDS ***
Dealt to 6e77ab8a 
Dealt to e9080f68 
Dealt to 89272742 
Dealt to d9dd3708 
Dealt to 830b92 
Dealt to Hero [6d 6c]
Hero: raises $0.07 to $0.12
6e77ab8a: folds
e9080f68: folds
89272742: folds
d9dd3708: folds
830b92: folds
Uncalled bet ($0.07) returned to Hero
*** SHOWDOWN ***
Hero collected $0.12 from pot
*** SUMMARY ***
Total pot $0.12 | Rake $0 | Jackpot $0 | Bingo $0 | Fortune $0
Seat 1: 6e77ab8a folded before Flop (didn't bet)
Seat 2: e9080f68 folded before Flop (didn't bet)
Seat 3: 89272742 (button) folded before Flop (didn't bet)
Seat 4: d9dd3708 (small blind) folded before Flop
Seat 5: 830b92 (big blind) folded before Flop
Seat 6: Hero collected ($0.12)


Poker Hand #HD1164485092: Hold'em No Limit  ($0.02/$0.05) - 2023/03/17 19:06:22
Table 'NLHBlue2' 6-max Seat #2 is the button
Seat 1: 6e77ab8a ($1.74 in chips)
Seat 2: e9080f68 ($5 in chips)
Seat 3: 89272742 ($6.39 in chips)
Seat 4: d9dd3708 ($4.75 in chips)
Seat 5: 830b92 ($7.47 in chips)
Seat 6: Hero ($5.37 in chips)
89272742: posts small blind $0.02
d9dd3708: posts big blind $0.05
*** HOLE CARDS ***
Dealt to 6e77ab8a 
Dealt to e9080f68 
Dealt to 89272742 
Dealt to d9dd3708 
Dealt to 830b92 
Dealt to Hero [2c 9s]
830b92: folds
Hero: folds
6e77ab8a: folds
e9080f68: raises $0.07 to $0.12
89272742: folds
d9dd3708: calls $0.07
*** FLOP *** [As Jc 7h]
d9dd3708: checks
e9080f68: bets $0.14
d9dd3708: folds
Uncalled bet ($0.14) returned to e9080f68
*** SHOWDOWN ***
e9080f68 collected $0.25 from pot
*** SUMMARY ***
Total pot $0.26 | Rake $0.01 | Jackpot $0 | Bingo $0 | Fortune $0
Board [As Jc 7h]
Seat 1: 6e77ab8a folded before Flop (didn't bet)
Seat 2: e9080f68 (button) won ($0.25)
Seat 3: 89272742 (small blind) folded before Flop
Seat 4: d9dd3708 (big blind) folded on the Flop
Seat 5: 830b92 folded before Flop (didn't bet)
Seat 6: Hero folded before Flop (didn't bet)


Poker Hand #HD1164485052: Hold'em No Limit  ($0.02/$0.05) - 2023/03/17 19:06:00
Table 'NLHBlue2' 6-max Seat #1 is the button
Seat 1: 6e77ab8a ($1.74 in chips)
Seat 2: e9080f68 ($5 in chips)
Seat 3: 89272742 ($6.44 in chips)
Seat 4: d9dd3708 ($4.68 in chips)
Seat 5: 830b92 ($7.47 in chips)
Seat 6: Hero ($5.37 in chips)
e9080f68: posts small blind $0.02
89272742: posts big blind $0.05
*** HOLE CARDS ***
Dealt to 6e77ab8a 
Dealt to e9080f68 
Dealt to 89272742 
Dealt to d9dd3708 
Dealt to 830b92 
Dealt to Hero [7d Js]
d9dd3708: calls $0.05
830b92: folds
Hero: folds
6e77ab8a: folds
e9080f68: folds
89272742: checks
*** FLOP *** [3d Kc 4h]
89272742: checks
d9dd3708: bets $0.15
89272742: folds
Uncalled bet ($0.15) returned to d9dd3708
*** SHOWDOWN ***
d9dd3708 collected $0.12 from pot
*** SUMMARY ***
Total pot $0.12 | Rake $0 | Jackpot $0 | Bingo $0 | Fortune $0
Board [3d Kc 4h]
Seat 1: 6e77ab8a (button) folded before Flop (didn't bet)
Seat 2: e9080f68 (small blind) folded before Flop
Seat 3: 89272742 (big blind) folded on the Flop
Seat 4: d9dd3708 won ($0.12)
Seat 5: 830b92 folded before Flop (didn't bet)
Seat 6: Hero folded before Flop (didn't bet)


Poker Hand #HD1164484961: Hold'em No Limit  ($0.02/$0.05) - 2023/03/17 19:05:19
Table 'NLHBlue2' 6-max Seat #6 is the button
Seat 1: 6e77ab8a ($1.79 in chips)
Seat 2: e9080f68 ($5 in chips)
Seat 3: 89272742 ($6.44 in chips)
Seat 4: d9dd3708 ($4.58 in chips)
Seat 5: 830b92 ($7.47 in chips)
Seat 6: Hero ($5.37 in chips)
6e77ab8a: posts small blind $0.02
e9080f68: posts big blind $0.05
*** HOLE CARDS ***
Dealt to 6e77ab8a 
Dealt to e9080f68 
Dealt to 89272742 
Dealt to d9dd3708 
Dealt to 830b92 
Dealt to Hero [Th 4c]
89272742: folds
d9dd3708: calls $0.05
830b92: folds
Hero: folds
6e77ab8a: calls $0.03
e9080f68: checks
*** FLOP *** [Ac Jd 3c]
6e77ab8a: checks
e9080f68: checks
d9dd3708: bets $0.1
6e77ab8a: folds
e9080f68: folds
Uncalled bet ($0.1) returned to d9dd3708
*** SHOWDOWN ***
d9dd3708 collected $0.15 from pot
*** SUMMARY ***
Total pot $0.15 | Rake $0 | Jackpot $0 | Bingo $0 | Fortune $0
Board [Ac Jd 3c]
Seat 1: 6e77ab8a (small blind) folded on the Flop
Seat 2: e9080f68 (big blind) folded on the Flop
Seat 3: 89272742 folded before Flop (didn't bet)
Seat 4: d9dd3708 won ($0.15)
Seat 5: 830b92 folded before Flop (didn't bet)
Seat 6: Hero (button) folded before Flop (didn't bet)


Poker Hand #HD1164484920: Hold'em No Limit  ($0.02/$0.05) - 2023/03/17 19:05:02
Table 'NLHBlue2' 6-max Seat #5 is the button
Seat 1: 6e77ab8a ($1.84 in chips)
Seat 2: e9080f68 ($5 in chips)
Seat 3: 89272742 ($6.44 in chips)
Seat 4: d9dd3708 ($4.51 in chips)
Seat 5: 830b92 ($7.47 in chips)
Seat 6: Hero ($5.39 in chips)
Hero: posts small blind $0.02
6e77ab8a: posts big blind $0.05
*** HOLE CARDS ***
Dealt to 6e77ab8a 
Dealt to e9080f68 
Dealt to 89272742 
Dealt to d9dd3708 
Dealt to 830b92 
Dealt to Hero [2s 8h]
e9080f68: folds
89272742: folds
d9dd3708: raises $0.2 to $0.25
830b92: folds
Hero: folds
6e77ab8a: folds
Uncalled bet ($0.2) returned to d9dd3708
*** SHOWDOWN ***
d9dd3708 collected $0.12 from pot
*** SUMMARY ***
Total pot $0.12 | Rake $0 | Jackpot $0 | Bingo $0 | Fortune $0
Seat 1: 6e77ab8a (big blind) folded before Flop
Seat 2: e9080f68 folded before Flop (didn't bet)
Seat 3: 89272742 folded before Flop (didn't bet)
Seat 4: d9dd3708 collected ($0.12)
Seat 5: 830b92 (button) folded before Flop (didn't bet)
Seat 6: Hero (small blind) folded before Flop


Poker Hand #HD1164484806: Hold'em No Limit  ($0.02/$0.05) - 2023/03/17 19:04:10
Table 'NLHBlue2' 6-max Seat #4 is the button
Seat 1: 6e77ab8a ($1.84 in chips)
Seat 2: e9080f68 ($5 in chips)
Seat 3: 89272742 ($6.44 in chips)
Seat 4: d9dd3708 ($4.84 in chips)
Seat 5: 830b92 ($7.49 in chips)
Seat 6: Hero ($5.07 in chips)
830b92: posts small blind $0.02
Hero: posts big blind $0.05
*** HOLE CARDS ***
Dealt to 6e77ab8a 
Dealt to e9080f68 
Dealt to 89272742 
Dealt to d9dd3708 
Dealt to 830b92 
Dealt to Hero [Qc 9c]
6e77ab8a: folds
e9080f68: folds
89272742: folds
d9dd3708: calls $0.05
830b92: folds
Hero: checks
*** FLOP *** [7h 2d Ks]
Hero: checks
d9dd3708: checks
*** TURN *** [7h 2d Ks] [Jc]
Hero: bets $0.09
d9dd3708: raises $0.19 to $0.28
Hero: calls $0.19
*** RIVER *** [7h 2d Ks Jc] [Qd]
Hero: checks
d9dd3708: checks
Hero: shows [Qc 9c] (Pair of Queens)
d9dd3708: shows [9s Js] (Pair of Jacks)
*** SHOWDOWN ***
Hero collected $0.65 from pot
*** SUMMARY ***
Total pot $0.68 | Rake $0.03 | Jackpot $0 | Bingo $0 | Fortune $0
Board [7h 2d Ks Jc Qd]
Seat 1: 6e77ab8a folded before Flop (didn't bet)
Seat 2: e9080f68 folded before Flop (didn't bet)
Seat 3: 89272742 folded before Flop (didn't bet)
Seat 4: d9dd3708 (button) showed [9s Js] and lost with Pair of Jacks
Seat 5: 830b92 (small blind) folded before Flop
Seat 6: Hero (big blind) showed [Qc 9c] and won ($0.65) with Pair of Queens


Poker Hand #HD1164484660: Hold'em No Limit  ($0.02/$0.05) - 2023/03/17 19:03:05
Table 'NLHBlue2' 6-max Seat #3 is the button
Seat 1: 6e77ab8a ($1.84 in chips)
Seat 2: e9080f68 ($5.22 in chips)
Seat 3: 89272742 ($6.44 in chips)
Seat 4: d9dd3708 ($5.09 in chips)
Seat 5: 830b92 ($7.54 in chips)
Seat 6: Hero ($5.07 in chips)
d9dd3708: posts small blind $0.02
830b92: posts big blind $0.05
*** HOLE CARDS ***
Dealt to 6e77ab8a 
Dealt to e9080f68 
Dealt to 89272742 
Dealt to d9dd3708 
Dealt to 830b92 
Dealt to Hero [4s 5c]
Hero: folds
6e77ab8a: folds
e9080f68: raises $0.07 to $0.12
89272742: folds
d9dd3708: raises $0.27 to $0.39
830b92: folds
e9080f68: raises $0.69 to $1.08
d9dd3708: raises $0.79 to $1.87
e9080f68: calls $0.79
*** FLOP *** [Jd Th 5d]
d9dd3708: bets $3.22 and is all-in
e9080f68: calls $3.22
d9dd3708: shows [Ad Qs] (Ace-High)
e9080f68: shows [Kd Ac] (Ace-High)
*** FIRST TURN *** [Jd Th 5d] [Js]
*** FIRST RIVER *** [Jd Th 5d Js] [4c]
*** SECOND TURN *** [Jd Th 5d] [Kh]
*** SECOND RIVER *** [Jd Th 5d Kh] [3s]
*** FIRST SHOWDOWN ***
e9080f68 collected $4.84 from pot
*** SECOND SHOWDOWN ***
d9dd3708 collected $4.84 from pot
*** SUMMARY ***
Total pot $10.23 | Rake $0.5 | Jackpot $0.05 | Bingo $0 | Fortune $0
Hand was run two times
FIRST Board [Jd Th 5d Js 4c]
SECOND Board [Kh 3s]
Seat 1: 6e77ab8a folded before Flop (didn't bet)
Seat 2: e9080f68 showed [Kd Ac] and won ($4.84) with Pair of Jacks, and lost
Seat 3: 89272742 (button) folded before Flop (didn't bet)
Seat 4: d9dd3708 (small blind) showed [Ad Qs] and lost with Pair of Jacks, and won ($4.84)
Seat 5: 830b92 (big blind) folded before Flop
Seat 6: Hero folded before Flop (didn't bet)


Poker Hand #HD1164484636: Hold'em No Limit  ($0.02/$0.05) - 2023/03/17 19:02:55
Table 'NLHBlue2' 6-max Seat #2 is the button
Seat 1: 6e77ab8a ($1.84 in chips)
Seat 2: e9080f68 ($5.22 in chips)
Seat 3: 89272742 ($6.46 in chips)
Seat 4: d9dd3708 ($5.07 in chips)
Seat 5: 830b92 ($7.54 in chips)
Seat 6: Hero ($5.07 in chips)
89272742: posts small blind $0.02
d9dd3708: posts big blind $0.05
*** HOLE CARDS ***
Dealt to 6e77ab8a 
Dealt to e9080f68 
Dealt to 89272742 
Dealt to d9dd3708 
Dealt to 830b92 
Dealt to Hero [4d 7c]
830b92: folds
Hero: folds
6e77ab8a: folds
e9080f68: folds
89272742: folds
Uncalled bet ($0.03) returned to d9dd3708
*** SHOWDOWN ***
d9dd3708 collected $0.04 from pot
*** SUMMARY ***
Total pot $0.04 | Rake $0 | Jackpot $0 | Bingo $0 | Fortune $0
Seat 1: 6e77ab8a folded before Flop (didn't bet)
Seat 2: e9080f68 (button) folded before Flop (didn't bet)
Seat 3: 89272742 (small blind) folded before Flop
Seat 4: d9dd3708 (big blind) collected ($0.04)
Seat 5: 830b92 folded before Flop (didn't bet)
Seat 6: Hero folded before Flop (didn't bet)


Poker Hand #HD1164484608: Hold'em No Limit  ($0.02/$0.05) - 2023/03/17 19:02:41
Table 'NLHBlue2' 6-max Seat #1 is the button
Seat 1: 6e77ab8a ($1.84 in chips)
Seat 2: e9080f68 ($5.24 in chips)
Seat 3: 89272742 ($6.51 in chips)
Seat 4: d9dd3708 ($5.07 in chips)
Seat 5: 830b92 ($7.54 in chips)
Seat 6: Hero ($5 in chips)
e9080f68: posts small blind $0.02
89272742: posts big blind $0.05
*** HOLE CARDS ***
Dealt to 6e77ab8a 
Dealt to e9080f68 
Dealt to 89272742 
Dealt to d9dd3708 
Dealt to 830b92 
Dealt to Hero [Qd Kc]
d9dd3708: folds
830b92: folds
Hero: raises $0.07 to $0.12
6e77ab8a: folds
e9080f68: folds
89272742: folds
Uncalled bet ($0.07) returned to Hero
*** SHOWDOWN ***
Hero collected $0.12 from pot
*** SUMMARY ***
Total pot $0.12 | Rake $0 | Jackpot $0 | Bingo $0 | Fortune $0
Seat 1: 6e77ab8a (button) folded before Flop (didn't bet)
Seat 2: e9080f68 (small blind) folded before Flop
Seat 3: 89272742 (big blind) folded before Flop
Seat 4: d9dd3708 folded before Flop (didn't bet)
Seat 5: 830b92 folded before Flop (didn't bet)
Seat 6: Hero collected ($0.12)


Poker Hand #HD1164484574: Hold'em No Limit  ($0.02/$0.05) - 2023/03/17 19:02:28
Table 'NLHBlue2' 6-max Seat #6 is the button
Seat 1: 6e77ab8a ($1.86 in chips)
Seat 2: e9080f68 ($5.29 in chips)
Seat 3: 89272742 ($6.51 in chips)
Seat 4: d9dd3708 ($5 in chips)
Seat 5: 830b92 ($7.54 in chips)
Seat 6: Hero ($5 in chips)
6e77ab8a: posts small blind $0.02
e9080f68: posts big blind $0.05
*** HOLE CARDS ***
Dealt to 6e77ab8a 
Dealt to e9080f68 
Dealt to 89272742 
Dealt to d9dd3708 
Dealt to 830b92 
Dealt to Hero [3h Js]
89272742: folds
d9dd3708: raises $0.1 to $0.15
830b92: folds
Hero: folds
6e77ab8a: folds
e9080f68: folds
Uncalled bet ($0.1) returned to d9dd3708
*** SHOWDOWN ***
d9dd3708 collected $0.12 from pot
*** SUMMARY ***
Total pot $0.12 | Rake $0 | Jackpot $0 | Bingo $0 | Fortune $0
Seat 1: 6e77ab8a (small blind) folded before Flop
Seat 2: e9080f68 (big blind) folded before Flop
Seat 3: 89272742 folded before Flop (didn't bet)
Seat 4: d9dd3708 collected ($0.12)
Seat 5: 830b92 folded before Flop (didn't bet)
Seat 6: Hero (button) folded before Flop (didn't bet)


Poker Hand #HD1164484357: Hold'em No Limit  ($0.02/$0.05) - 2023/03/17 19:00:52
Table 'NLHBlue2' 6-max Seat #5 is the button
Seat 1: 6e77ab8a ($1.91 in chips)
Seat 2: e9080f68 ($5.02 in chips)
Seat 3: 89272742 ($6.63 in chips)
Seat 4: d9dd3708 ($2.78 in chips)
Seat 5: 830b92 ($7.54 in chips)
Seat 6: Hero ($5 in chips)
Hero: posts small blind $0.02
6e77ab8a: posts big blind $0.05
*** HOLE CARDS ***
Dealt to 6e77ab8a 
Dealt to e9080f68 
Dealt to 89272742 
Dealt to d9dd3708 
Dealt to 830b92 
Dealt to Hero [6h Ah]
e9080f68: raises $0.07 to $0.12
89272742: calls $0.12
d9dd3708: folds
830b92: folds
Hero: calls $0.1
6e77ab8a: folds
*** FLOP *** [Qd 9d 9s]
Hero: checks
e9080f68: checks
89272742: checks
*** TURN *** [Qd 9d 9s] [Kc]
Hero: checks
e9080f68: checks
89272742: checks
*** RIVER *** [Qd 9d 9s Kc] [9c]
Hero: checks
e9080f68: checks
89272742: checks
Hero: shows [6h Ah] (Three Nines)
e9080f68: shows [8d 8s] (Nines Full over Eights)
89272742: shows [4c 4d] (Nines Full over Fours)
*** SHOWDOWN ***
e9080f68 collected $0.39 from pot
*** SUMMARY ***
Total pot $0.41 | Rake $0.02 | Jackpot $0 | Bingo $0 | Fortune $0
Board [Qd 9d 9s Kc 9c]
Seat 1: 6e77ab8a (big blind) folded before Flop
Seat 2: e9080f68 showed [8d 8s] and won ($0.39) with Nines Full over Eights
Seat 3: 89272742 showed [4c 4d] and lost with Nines Full over Fours
Seat 4: d9dd3708 folded before Flop (didn't bet)
Seat 5: 830b92 (button) folded before Flop (didn't bet)
Seat 6: Hero (small blind) showed [6h Ah] and lost with Three Nines


Poker Hand #HD1164484193: Hold'em No Limit  ($0.02/$0.05) - 2023/03/17 18:59:43
Table 'NLHBlue2' 6-max Seat #4 is the button
Seat 1: 6e77ab8a ($1.91 in chips)
Seat 2: e9080f68 ($5.02 in chips)
Seat 3: 89272742 ($6.73 in chips)
Seat 4: d9dd3708 ($3.7 in chips)
Seat 5: 830b92 ($6.61 in chips)
Seat 6: Hero ($5 in chips)
830b92: posts small blind $0.02
Hero: posts big blind $0.05
*** HOLE CARDS ***
Dealt to 6e77ab8a 
Dealt to e9080f68 
Dealt to 89272742 
Dealt to d9dd3708 
Dealt to 830b92 
Dealt to Hero [7h 7d]
6e77ab8a: folds
e9080f68: folds
89272742: raises $0.05 to $0.1
d9dd3708: raises $0.25 to $0.35
830b92: raises $0.57 to $0.92
Hero: folds
89272742: folds
d9dd3708: calls $0.57
*** FLOP *** [6h Ts 8h]
830b92: checks
d9dd3708: checks
*** TURN *** [6h Ts 8h] [Ks]
830b92: bets $1.32
d9dd3708: folds
Uncalled bet ($1.32) returned to 830b92
*** SHOWDOWN ***
830b92 collected $1.85 from pot
*** SUMMARY ***
Total pot $1.99 | Rake $0.09 | Jackpot $0.05 | Bingo $0 | Fortune $0
Board [6h Ts 8h Ks]
Seat 1: 6e77ab8a folded before Flop (didn't bet)
Seat 2: e9080f68 folded before Flop (didn't bet)
Seat 3: 89272742 folded before Flop
Seat 4: d9dd3708 (button) folded on the Turn
Seat 5: 830b92 (small blind) won ($1.85)
Seat 6: Hero (big blind) folded before Flop


