Poker Hand #HD1137686115: Hold'em No Limit  ($0.02/$0.05) - 2023/02/26 22:30:18
Table 'NLHBlue90' 6-max Seat #1 is the button
Seat 1: aa0b53a3 ($8.37 in chips)
Seat 2: 3dd98a2b ($5 in chips)
Seat 4: c366a626 ($2.36 in chips)
Seat 6: Hero ($6.18 in chips)
3dd98a2b: posts small blind $0.02
c366a626: posts big blind $0.05
*** HOLE CARDS ***
Dealt to aa0b53a3 
Dealt to 3dd98a2b 
Dealt to c366a626 
Dealt to Hero [3h 2h]
Hero: folds
aa0b53a3: folds
3dd98a2b: folds
Uncalled bet ($0.03) returned to c366a626
*** SHOWDOWN ***
c366a626 collected $0.04 from pot
*** SUMMARY ***
Total pot $0.04 | Rake $0 | Jackpot $0 | Bingo $0 | Fortune $0
Seat 1: aa0b53a3 (button) folded before Flop (didn't bet)
Seat 2: 3dd98a2b (small blind) folded before Flop
Seat 4: c366a626 (big blind) collected ($0.04)
Seat 6: Hero folded before Flop (didn't bet)


Poker Hand #HD1137686061: Hold'em No Limit  ($0.02/$0.05) - 2023/02/26 22:29:46
Table 'NLHBlue90' 6-max Seat #6 is the button
Seat 1: aa0b53a3 ($8.21 in chips)
Seat 2: 3dd98a2b ($5.05 in chips)
Seat 4: c366a626 ($2.36 in chips)
Seat 5: 9f50f538 ($5.5 in chips)
Seat 6: Hero ($6.3 in chips)
aa0b53a3: posts small blind $0.02
3dd98a2b: posts big blind $0.05
*** HOLE CARDS ***
Dealt to aa0b53a3 
Dealt to 3dd98a2b 
Dealt to c366a626 
Dealt to 9f50f538 
Dealt to Hero [Jh 8h]
c366a626: folds
9f50f538: folds
Hero: raises $0.07 to $0.12
aa0b53a3: raises $0.45 to $0.57
3dd98a2b: folds
Hero: folds
Uncalled bet ($0.45) returned to aa0b53a3
*** SHOWDOWN ***
aa0b53a3 collected $0.28 from pot
*** SUMMARY ***
Total pot $0.29 | Rake $0.01 | Jackpot $0 | Bingo $0 | Fortune $0
Seat 1: aa0b53a3 (small blind) collected ($0.28)
Seat 2: 3dd98a2b (big blind) folded before Flop
Seat 4: c366a626 folded before Flop (didn't bet)
Seat 5: 9f50f538 folded before Flop (didn't bet)
Seat 6: Hero (button) folded before Flop


Poker Hand #HD1137686009: Hold'em No Limit  ($0.02/$0.05) - 2023/02/26 22:29:19
Table 'NLHBlue90' 6-max Seat #5 is the button
Seat 1: aa0b53a3 ($8.26 in chips)
Seat 2: 3dd98a2b ($5.05 in chips)
Seat 4: c366a626 ($2.29 in chips)
Seat 5: 9f50f538 ($5.5 in chips)
Seat 6: Hero ($6.32 in chips)
Hero: posts small blind $0.02
aa0b53a3: posts big blind $0.05
*** HOLE CARDS ***
Dealt to aa0b53a3 
Dealt to 3dd98a2b 
Dealt to c366a626 
Dealt to 9f50f538 
Dealt to Hero [4c Qd]
3dd98a2b: folds
c366a626: raises $0.08 to $0.13
9f50f538: folds
Hero: folds
aa0b53a3: folds
Uncalled bet ($0.08) returned to c366a626
*** SHOWDOWN ***
c366a626 collected $0.12 from pot
*** SUMMARY ***
Total pot $0.12 | Rake $0 | Jackpot $0 | Bingo $0 | Fortune $0
Seat 1: aa0b53a3 (big blind) folded before Flop
Seat 2: 3dd98a2b folded before Flop (didn't bet)
Seat 4: c366a626 collected ($0.12)
Seat 5: 9f50f538 (button) folded before Flop (didn't bet)
Seat 6: Hero (small blind) folded before Flop


Poker Hand #HD1137685942: Hold'em No Limit  ($0.02/$0.05) - 2023/02/26 22:28:47
Table 'NLHBlue90' 6-max Seat #4 is the button
Seat 1: aa0b53a3 ($8.26 in chips)
Seat 2: 3dd98a2b ($5.05 in chips)
Seat 4: c366a626 ($2.1 in chips)
Seat 5: 9f50f538 ($5.52 in chips)
Seat 6: Hero ($6.5 in chips)
9f50f538: posts small blind $0.02
Hero: posts big blind $0.05
*** HOLE CARDS ***
Dealt to aa0b53a3 
Dealt to 3dd98a2b 
Dealt to c366a626 
Dealt to 9f50f538 
Dealt to Hero [9h 8c]
aa0b53a3: folds
3dd98a2b: folds
c366a626: raises $0.05 to $0.1
9f50f538: folds
Hero: calls $0.05
*** FLOP *** [7s 6s 9s]
Hero: bets $0.08
c366a626: raises $0.12 to $0.2
Hero: folds
Uncalled bet ($0.12) returned to c366a626
*** SHOWDOWN ***
c366a626 collected $0.37 from pot
*** SUMMARY ***
Total pot $0.38 | Rake $0.01 | Jackpot $0 | Bingo $0 | Fortune $0
Board [7s 6s 9s]
Seat 1: aa0b53a3 folded before Flop (didn't bet)
Seat 2: 3dd98a2b folded before Flop (didn't bet)
Seat 4: c366a626 (button) won ($0.37)
Seat 5: 9f50f538 (small blind) folded before Flop
Seat 6: Hero (big blind) folded on the Flop


Poker Hand #HD1137685904: Hold'em No Limit  ($0.02/$0.05) - 2023/02/26 22:28:32
Table 'NLHBlue90' 6-max Seat #2 is the button
Seat 1: aa0b53a3 ($8.26 in chips)
Seat 2: 3dd98a2b ($5.05 in chips)
Seat 4: c366a626 ($2.12 in chips)
Seat 5: 9f50f538 ($5.5 in chips)
Seat 6: Hero ($6.5 in chips)
c366a626: posts small blind $0.02
9f50f538: posts big blind $0.05
*** HOLE CARDS ***
Dealt to aa0b53a3 
Dealt to 3dd98a2b 
Dealt to c366a626 
Dealt to 9f50f538 
Dealt to Hero [Ac 2h]
Hero: folds
aa0b53a3: folds
3dd98a2b: folds
c366a626: folds
Uncalled bet ($0.03) returned to 9f50f538
*** SHOWDOWN ***
9f50f538 collected $0.04 from pot
*** SUMMARY ***
Total pot $0.04 | Rake $0 | Jackpot $0 | Bingo $0 | Fortune $0
Seat 1: aa0b53a3 folded before Flop (didn't bet)
Seat 2: 3dd98a2b (button) folded before Flop (didn't bet)
Seat 4: c366a626 (small blind) folded before Flop
Seat 5: 9f50f538 (big blind) collected ($0.04)
Seat 6: Hero folded before Flop (didn't bet)


Poker Hand #HD1137685877: Hold'em No Limit  ($0.02/$0.05) - 2023/02/26 22:28:17
Table 'NLHBlue90' 6-max Seat #1 is the button
Seat 1: aa0b53a3 ($8.26 in chips)
Seat 2: 3dd98a2b ($5 in chips)
Seat 4: c366a626 ($2.17 in chips)
Seat 5: 9f50f538 ($5.5 in chips)
Seat 6: Hero ($6.5 in chips)
3dd98a2b: posts small blind $0.02
c366a626: posts big blind $0.05
*** HOLE CARDS ***
Dealt to aa0b53a3 
Dealt to 3dd98a2b 
Dealt to c366a626 
Dealt to 9f50f538 
Dealt to Hero [9s Qd]
9f50f538: folds
Hero: folds
aa0b53a3: folds
3dd98a2b: raises $0.1 to $0.15
c366a626: folds
Uncalled bet ($0.1) returned to 3dd98a2b
*** SHOWDOWN ***
3dd98a2b collected $0.1 from pot
*** SUMMARY ***
Total pot $0.1 | Rake $0 | Jackpot $0 | Bingo $0 | Fortune $0
Seat 1: aa0b53a3 (button) folded before Flop (didn't bet)
Seat 2: 3dd98a2b (small blind) collected ($0.1)
Seat 4: c366a626 (big blind) folded before Flop
Seat 5: 9f50f538 folded before Flop (didn't bet)
Seat 6: Hero folded before Flop (didn't bet)


Poker Hand #HD1137685688: Hold'em No Limit  ($0.02/$0.05) - 2023/02/26 22:26:46
Table 'NLHBlue90' 6-max Seat #6 is the button
Seat 1: aa0b53a3 ($8.28 in chips)
Seat 2: 3dd98a2b ($6.34 in chips)
Seat 4: c366a626 ($2.17 in chips)
Seat 5: 9f50f538 ($5.65 in chips)
Seat 6: Hero ($5 in chips)
aa0b53a3: posts small blind $0.02
3dd98a2b: posts big blind $0.05
*** HOLE CARDS ***
Dealt to aa0b53a3 
Dealt to 3dd98a2b 
Dealt to c366a626 
Dealt to 9f50f538 
Dealt to Hero [Ks Js]
c366a626: folds
9f50f538: raises $0.1 to $0.15
Hero: raises $0.29 to $0.44
aa0b53a3: folds
3dd98a2b: calls $0.39
9f50f538: folds
*** FLOP *** [9h 4d Kc]
3dd98a2b: checks
Hero: checks
*** TURN *** [9h 4d Kc] [7h]
3dd98a2b: bets $0.45
Hero: calls $0.45
*** RIVER *** [9h 4d Kc 7h] [6c]
3dd98a2b: checks
Hero: bets $0.65
3dd98a2b: calls $0.65
Hero: shows [Ks Js] (Pair of Kings)
3dd98a2b: shows [Th Tc] (Pair of Tens)
*** SHOWDOWN ***
Hero collected $3.04 from pot
*** SUMMARY ***
Total pot $3.25 | Rake $0.16 | Jackpot $0.05 | Bingo $0 | Fortune $0
Board [9h 4d Kc 7h 6c]
Seat 1: aa0b53a3 (small blind) folded before Flop
Seat 2: 3dd98a2b (big blind) showed [Th Tc] and lost with Pair of Tens
Seat 4: c366a626 folded before Flop (didn't bet)
Seat 5: 9f50f538 folded before Flop
Seat 6: Hero (button) showed [Ks Js] and won ($3.04) with Pair of Kings


Poker Hand #HD1137685668: Hold'em No Limit  ($0.02/$0.05) - 2023/02/26 22:26:36
Table 'NLHBlue90' 6-max Seat #5 is the button
Seat 1: aa0b53a3 ($8.26 in chips)
Seat 2: 3dd98a2b ($6.34 in chips)
Seat 4: c366a626 ($2.17 in chips)
Seat 5: 9f50f538 ($5.65 in chips)
Seat 6: Hero ($5.02 in chips)
Hero: posts small blind $0.02
aa0b53a3: posts big blind $0.05
*** HOLE CARDS ***
Dealt to aa0b53a3 
Dealt to 3dd98a2b 
Dealt to c366a626 
Dealt to 9f50f538 
Dealt to Hero [3h 9c]
3dd98a2b: folds
c366a626: folds
9f50f538: folds
Hero: folds
Uncalled bet ($0.03) returned to aa0b53a3
*** SHOWDOWN ***
aa0b53a3 collected $0.04 from pot
*** SUMMARY ***
Total pot $0.04 | Rake $0 | Jackpot $0 | Bingo $0 | Fortune $0
Seat 1: aa0b53a3 (big blind) collected ($0.04)
Seat 2: 3dd98a2b folded before Flop (didn't bet)
Seat 4: c366a626 folded before Flop (didn't bet)
Seat 5: 9f50f538 (button) folded before Flop (didn't bet)
Seat 6: Hero (small blind) folded before Flop


Poker Hand #HD1137615583: Hold'em No Limit  ($0.02/$0.05) - 2023/02/26 22:25:55
Table 'NLHBlue90' 6-max Seat #4 is the button
Seat 1: aa0b53a3 ($8.07 in chips)
Seat 2: 3dd98a2b ($6.34 in chips)
Seat 4: c366a626 ($2.3 in chips)
Seat 5: 9f50f538 ($5.67 in chips)
Seat 6: Hero ($5.07 in chips)
9f50f538: posts small blind $0.02
Hero: posts big blind $0.05
*** HOLE CARDS ***
Dealt to aa0b53a3 
Dealt to 3dd98a2b 
Dealt to c366a626 
Dealt to 9f50f538 
Dealt to Hero [3c 4h]
aa0b53a3: raises $0.08 to $0.13
3dd98a2b: folds
c366a626: calls $0.13
9f50f538: folds
Hero: folds
*** FLOP *** [Kd 4c Qd]
aa0b53a3: checks
c366a626: checks
*** TURN *** [Kd 4c Qd] [Qc]
aa0b53a3: bets $0.11
c366a626: folds
Uncalled bet ($0.11) returned to aa0b53a3
*** SHOWDOWN ***
aa0b53a3 collected $0.32 from pot
*** SUMMARY ***
Total pot $0.33 | Rake $0.01 | Jackpot $0 | Bingo $0 | Fortune $0
Board [Kd 4c Qd Qc]
Seat 1: aa0b53a3 won ($0.32)
Seat 2: 3dd98a2b folded before Flop (didn't bet)
Seat 4: c366a626 (button) folded on the Turn
Seat 5: 9f50f538 (small blind) folded before Flop
Seat 6: Hero (big blind) folded before Flop


Poker Hand #HD1137615441: Hold'em No Limit  ($0.02/$0.05) - 2023/02/26 22:24:50
Table 'NLHBlue90' 6-max Seat #2 is the button
Seat 1: aa0b53a3 ($8.07 in chips)
Seat 2: 3dd98a2b ($6.34 in chips)
Seat 3: 152e615b ($0.74 in chips)
Seat 4: c366a626 ($2.35 in chips)
Seat 5: 9f50f538 ($5 in chips)
Seat 6: Hero ($5.07 in chips)
152e615b: posts small blind $0.02
c366a626: posts big blind $0.05
*** HOLE CARDS ***
Dealt to aa0b53a3 
Dealt to 3dd98a2b 
Dealt to 152e615b 
Dealt to c366a626 
Dealt to 9f50f538 
Dealt to Hero [4s 9s]
9f50f538: raises $0.1 to $0.15
Hero: folds
aa0b53a3: folds
3dd98a2b: folds
152e615b: raises $0.59 to $0.74 and is all-in
c366a626: folds
9f50f538: calls $0.59
152e615b: shows [8h Jh]
9f50f538: shows [7s 7h]
*** FLOP *** [Tc Kh 5c]
*** TURN *** [Tc Kh 5c] [6c]
*** RIVER *** [Tc Kh 5c 6c] [Ah]
aa0b53a3: shows [Jc 4c] (Jack High Flush)
*** SHOWDOWN ***
9f50f538 collected $1.41 from pot
*** SUMMARY ***
Total pot $1.53 | Rake $0.07 | Jackpot $0.05 | Bingo $0 | Fortune $0
Board [Tc Kh 5c 6c Ah]
Seat 1: aa0b53a3 folded before Flop (didn't bet)
Seat 2: 3dd98a2b (button) folded before Flop (didn't bet)
Seat 3: 152e615b (small blind) showed [8h Jh] and lost with Ace-High
Seat 4: c366a626 (big blind) folded before Flop
Seat 5: 9f50f538 showed [7s 7h] and won ($1.41) with Pair of Sevens
Seat 6: Hero folded before Flop (didn't bet)


Poker Hand #HD1137615305: Hold'em No Limit  ($0.02/$0.05) - 2023/02/26 22:23:40
Table 'NLHBlue90' 6-max Seat #1 is the button
Seat 1: aa0b53a3 ($8.07 in chips)
Seat 2: 3dd98a2b ($6.36 in chips)
Seat 3: 152e615b ($1.99 in chips)
Seat 4: c366a626 ($1.25 in chips)
Seat 5: 9f50f538 ($5 in chips)
Seat 6: Hero ($5.07 in chips)
3dd98a2b: posts small blind $0.02
152e615b: posts big blind $0.05
*** HOLE CARDS ***
Dealt to aa0b53a3 
Dealt to 3dd98a2b 
Dealt to 152e615b 
Dealt to c366a626 
Dealt to 9f50f538 
Dealt to Hero [9d Kh]
c366a626: raises $0.05 to $0.1
9f50f538: folds
Hero: folds
aa0b53a3: folds
3dd98a2b: folds
152e615b: raises $0.22 to $0.32
c366a626: raises $0.93 to $1.25 and is all-in
152e615b: calls $0.93
c366a626: shows [Qh As]
152e615b: shows [Tc Ts]
*** FLOP *** [7c 6s Kc]
*** TURN *** [7c 6s Kc] [Jh]
*** RIVER *** [7c 6s Kc Jh] [Qd]
*** SHOWDOWN ***
c366a626 collected $2.35 from pot
*** SUMMARY ***
Total pot $2.52 | Rake $0.12 | Jackpot $0.05 | Bingo $0 | Fortune $0
Board [7c 6s Kc Jh Qd]
Seat 1: aa0b53a3 (button) folded before Flop (didn't bet)
Seat 2: 3dd98a2b (small blind) folded before Flop
Seat 3: 152e615b (big blind) showed [Tc Ts] and lost with Pair of Tens
Seat 4: c366a626 showed [Qh As] and won ($2.35) with Pair of Queens
Seat 5: 9f50f538 folded before Flop (didn't bet)
Seat 6: Hero folded before Flop (didn't bet)


Poker Hand #HD1137615248: Hold'em No Limit  ($0.02/$0.05) - 2023/02/26 22:23:15
Table 'NLHBlue90' 6-max Seat #6 is the button
Seat 1: aa0b53a3 ($8.09 in chips)
Seat 2: 3dd98a2b ($6.41 in chips)
Seat 3: 152e615b ($1.99 in chips)
Seat 4: c366a626 ($1.25 in chips)
Seat 5: 9f50f538 ($5 in chips)
Seat 6: Hero ($5 in chips)
aa0b53a3: posts small blind $0.02
3dd98a2b: posts big blind $0.05
*** HOLE CARDS ***
Dealt to aa0b53a3 
Dealt to 3dd98a2b 
Dealt to 152e615b 
Dealt to c366a626 
Dealt to 9f50f538 
Dealt to Hero [Ad 8s]
152e615b: folds
c366a626: folds
9f50f538: folds
Hero: raises $0.07 to $0.12
aa0b53a3: folds
3dd98a2b: folds
Uncalled bet ($0.07) returned to Hero
*** SHOWDOWN ***
Hero collected $0.12 from pot
*** SUMMARY ***
Total pot $0.12 | Rake $0 | Jackpot $0 | Bingo $0 | Fortune $0
Seat 1: aa0b53a3 (small blind) folded before Flop
Seat 2: 3dd98a2b (big blind) folded before Flop
Seat 3: 152e615b folded before Flop (didn't bet)
Seat 4: c366a626 folded before Flop (didn't bet)
Seat 5: 9f50f538 folded before Flop (didn't bet)
Seat 6: Hero (button) collected ($0.12)


Poker Hand #HD1137615203: Hold'em No Limit  ($0.02/$0.05) - 2023/02/26 22:22:52
Table 'NLHBlue90' 6-max Seat #5 is the button
Seat 1: aa0b53a3 ($8.19 in chips)
Seat 2: 3dd98a2b ($6.41 in chips)
Seat 3: 152e615b ($1.88 in chips)
Seat 4: c366a626 ($1.25 in chips)
Seat 5: 9f50f538 ($5 in chips)
Seat 6: Hero ($5 in chips)
Hero: posts small blind $0.02
aa0b53a3: posts big blind $0.05
*** HOLE CARDS ***
Dealt to aa0b53a3 
Dealt to 3dd98a2b 
Dealt to 152e615b 
Dealt to c366a626 
Dealt to 9f50f538 
Dealt to Hero [7c 4s]
3dd98a2b: folds
152e615b: raises $0.05 to $0.1
c366a626: folds
9f50f538: folds
Hero: folds
aa0b53a3: calls $0.05
*** FLOP *** [6s 4h 9d]
aa0b53a3: checks
152e615b: bets $0.22
aa0b53a3: folds
Uncalled bet ($0.22) returned to 152e615b
*** SHOWDOWN ***
152e615b collected $0.21 from pot
*** SUMMARY ***
Total pot $0.22 | Rake $0.01 | Jackpot $0 | Bingo $0 | Fortune $0
Board [6s 4h 9d]
Seat 1: aa0b53a3 (big blind) folded on the Flop
Seat 2: 3dd98a2b folded before Flop (didn't bet)
Seat 3: 152e615b won ($0.21)
Seat 4: c366a626 folded before Flop (didn't bet)
Seat 5: 9f50f538 (button) folded before Flop (didn't bet)
Seat 6: Hero (small blind) folded before Flop


Poker Hand #HD1137615079: Hold'em No Limit  ($0.02/$0.05) - 2023/02/26 22:21:52
Table 'NLHBlue90' 6-max Seat #4 is the button
Seat 1: aa0b53a3 ($7.67 in chips)
Seat 2: 3dd98a2b ($6.77 in chips)
Seat 3: 152e615b ($1.88 in chips)
Seat 4: c366a626 ($1.38 in chips)
Seat 5: 9f50f538 ($5 in chips)
Seat 6: Hero ($5 in chips)
9f50f538: posts small blind $0.02
Hero: posts big blind $0.05
*** HOLE CARDS ***
Dealt to aa0b53a3 
Dealt to 3dd98a2b 
Dealt to 152e615b 
Dealt to c366a626 
Dealt to 9f50f538 
Dealt to Hero [Jh 2h]
aa0b53a3: raises $0.08 to $0.13
3dd98a2b: calls $0.13
152e615b: folds
c366a626: calls $0.13
9f50f538: folds
Hero: folds
*** FLOP *** [6h 7d 2c]
aa0b53a3: bets $0.23
3dd98a2b: calls $0.23
c366a626: folds
*** TURN *** [6h 7d 2c] [3d]
aa0b53a3: bets $1.15
3dd98a2b: folds
Uncalled bet ($1.15) returned to aa0b53a3
*** SHOWDOWN ***
aa0b53a3 collected $0.88 from pot
*** SUMMARY ***
Total pot $0.92 | Rake $0.04 | Jackpot $0 | Bingo $0 | Fortune $0
Board [6h 7d 2c 3d]
Seat 1: aa0b53a3 won ($0.88)
Seat 2: 3dd98a2b folded on the Turn
Seat 3: 152e615b folded before Flop (didn't bet)
Seat 4: c366a626 (button) folded on the Flop
Seat 5: 9f50f538 (small blind) folded before Flop
Seat 6: Hero (big blind) folded before Flop


Poker Hand #HD1137614974: Hold'em No Limit  ($0.02/$0.05) - 2023/02/26 22:21:03
Table 'NLHBlue90' 6-max Seat #3 is the button
Seat 1: aa0b53a3 ($7.67 in chips)
Seat 2: 3dd98a2b ($6.77 in chips)
Seat 3: 152e615b ($1.63 in chips)
Seat 4: c366a626 ($1.4 in chips)
Seat 5: 9f50f538 ($5 in chips)
Seat 6: Hero ($5 in chips)
c366a626: posts small blind $0.02
9f50f538: posts big blind $0.05
*** HOLE CARDS ***
Dealt to aa0b53a3 
Dealt to 3dd98a2b 
Dealt to 152e615b 
Dealt to c366a626 
Dealt to 9f50f538 
Dealt to Hero [Kc 9c]
Hero: raises $0.07 to $0.12
aa0b53a3: folds
3dd98a2b: folds
152e615b: calls $0.12
c366a626: folds
9f50f538: calls $0.07
*** FLOP *** [Qc Jd 6d]
9f50f538: checks
Hero: checks
152e615b: checks
*** TURN *** [Qc Jd 6d] [Td]
9f50f538: checks
Hero: checks
152e615b: checks
*** RIVER *** [Qc Jd 6d Td] [Kd]
9f50f538: checks
Hero: checks
152e615b: checks
9f50f538: shows [Ah Th] (Aces-High Straight)
Hero: shows [Kc 9c] (Kings-High Straight)
152e615b: shows [3h 4d] (King High Flush)
aa0b53a3: shows [Qd Js] (King High Flush)
*** SHOWDOWN ***
152e615b collected $0.37 from pot
*** SUMMARY ***
Total pot $0.38 | Rake $0.01 | Jackpot $0 | Bingo $0 | Fortune $0
Board [Qc Jd 6d Td Kd]
Seat 1: aa0b53a3 folded before Flop (didn't bet)
Seat 2: 3dd98a2b folded before Flop (didn't bet)
Seat 3: 152e615b (button) showed [3h 4d] and won ($0.37) with King High Flush
Seat 4: c366a626 (small blind) folded before Flop
Seat 5: 9f50f538 (big blind) showed [Ah Th] and lost with Aces-High Straight
Seat 6: Hero showed [Kc 9c] and lost with Kings-High Straight


Poker Hand #HD1137614882: Hold'em No Limit  ($0.02/$0.05) - 2023/02/26 22:20:15
Table 'NLHBlue90' 6-max Seat #2 is the button
Seat 1: aa0b53a3 ($7.8 in chips)
Seat 2: 3dd98a2b ($6.9 in chips)
Seat 3: 152e615b ($1.34 in chips)
Seat 4: c366a626 ($1.45 in chips)
Seat 5: 9f50f538 ($5 in chips)
Seat 6: Hero ($5 in chips)
152e615b: posts small blind $0.02
c366a626: posts big blind $0.05
*** HOLE CARDS ***
Dealt to aa0b53a3 
Dealt to 3dd98a2b 
Dealt to 152e615b 
Dealt to c366a626 
Dealt to 9f50f538 
Dealt to Hero [Qh 5s]
9f50f538: folds
Hero: folds
aa0b53a3: raises $0.08 to $0.13
3dd98a2b: calls $0.13
152e615b: raises $1.21 to $1.34 and is all-in
c366a626: folds
aa0b53a3: folds
3dd98a2b: folds
Uncalled bet ($1.21) returned to 152e615b
*** SHOWDOWN ***
152e615b collected $0.42 from pot
*** SUMMARY ***
Total pot $0.44 | Rake $0.02 | Jackpot $0 | Bingo $0 | Fortune $0
Seat 1: aa0b53a3 folded before Flop
Seat 2: 3dd98a2b (button) folded before Flop
Seat 3: 152e615b (small blind) collected ($0.42)
Seat 4: c366a626 (big blind) folded before Flop
Seat 5: 9f50f538 folded before Flop (didn't bet)
Seat 6: Hero folded before Flop (didn't bet)


Poker Hand #HD1137614808: Hold'em No Limit  ($0.02/$0.05) - 2023/02/26 22:19:39
Table 'NLHBlue90' 6-max Seat #1 is the button
Seat 1: aa0b53a3 ($7.8 in chips)
Seat 2: 3dd98a2b ($6.92 in chips)
Seat 3: 152e615b ($1 in chips)
Seat 4: c366a626 ($1.45 in chips)
Seat 5: 9f50f538 ($5.21 in chips)
Seat 6: Hero ($5 in chips)
3dd98a2b: posts small blind $0.02
152e615b: posts big blind $0.05
*** HOLE CARDS ***
Dealt to aa0b53a3 
Dealt to 3dd98a2b 
Dealt to 152e615b 
Dealt to c366a626 
Dealt to 9f50f538 
Dealt to Hero [Kh Ts]
c366a626: folds
9f50f538: raises $0.1 to $0.15
Hero: folds
aa0b53a3: folds
3dd98a2b: folds
152e615b: calls $0.1
*** FLOP *** [Qc 2c 6s]
152e615b: checks
9f50f538: bets $0.2
152e615b: raises $0.65 to $0.85 and is all-in
9f50f538: folds
Uncalled bet ($0.65) returned to 152e615b
*** SHOWDOWN ***
152e615b collected $0.69 from pot
*** SUMMARY ***
Total pot $0.72 | Rake $0.03 | Jackpot $0 | Bingo $0 | Fortune $0
Board [Qc 2c 6s]
Seat 1: aa0b53a3 (button) folded before Flop (didn't bet)
Seat 2: 3dd98a2b (small blind) folded before Flop
Seat 3: 152e615b (big blind) won ($0.69)
Seat 4: c366a626 folded before Flop (didn't bet)
Seat 5: 9f50f538 folded on the Flop
Seat 6: Hero folded before Flop (didn't bet)


Poker Hand #HD1137614659: Hold'em No Limit  ($0.02/$0.05) - 2023/02/26 22:18:26
Table 'NLHBlue90' 6-max Seat #6 is the button
Seat 1: aa0b53a3 ($7.82 in chips)
Seat 2: 3dd98a2b ($6.05 in chips)
Seat 4: c366a626 ($1.45 in chips)
Seat 5: 9f50f538 ($6.2 in chips)
Seat 6: Hero ($5 in chips)
aa0b53a3: posts small blind $0.02
3dd98a2b: posts big blind $0.05
*** HOLE CARDS ***
Dealt to aa0b53a3 
Dealt to 3dd98a2b 
Dealt to c366a626 
Dealt to 9f50f538 
Dealt to Hero [Jd 4h]
c366a626: folds
9f50f538: raises $0.1 to $0.15
Hero: folds
aa0b53a3: folds
3dd98a2b: calls $0.1
*** FLOP *** [7h Qd 2c]
3dd98a2b: bets $0.24
9f50f538: calls $0.24
*** TURN *** [7h Qd 2c] [Jh]
3dd98a2b: bets $0.6
9f50f538: calls $0.6
*** RIVER *** [7h Qd 2c Jh] [3s]
3dd98a2b: bets $1.5
9f50f538: folds
Uncalled bet ($1.5) returned to 3dd98a2b
*** SHOWDOWN ***
3dd98a2b collected $1.86 from pot
*** SUMMARY ***
Total pot $2 | Rake $0.09 | Jackpot $0.05 | Bingo $0 | Fortune $0
Board [7h Qd 2c Jh 3s]
Seat 1: aa0b53a3 (small blind) folded before Flop
Seat 2: 3dd98a2b (big blind) won ($1.86)
Seat 4: c366a626 folded before Flop (didn't bet)
Seat 5: 9f50f538 folded on the River
Seat 6: Hero (button) folded before Flop (didn't bet)


Poker Hand #HD1137614549: Hold'em No Limit  ($0.02/$0.05) - 2023/02/26 22:17:31
Table 'NLHBlue90' 6-max Seat #5 is the button
Seat 1: aa0b53a3 ($7.52 in chips)
Seat 2: 3dd98a2b ($6.05 in chips)
Seat 4: c366a626 ($1.76 in chips)
Seat 5: 9f50f538 ($6.2 in chips)
Seat 6: Hero ($5 in chips)
Hero: posts small blind $0.02
aa0b53a3: posts big blind $0.05
*** HOLE CARDS ***
Dealt to aa0b53a3 
Dealt to 3dd98a2b 
Dealt to c366a626 
Dealt to 9f50f538 
Dealt to Hero [3s Ah]
3dd98a2b: folds
c366a626: raises $0.05 to $0.1
9f50f538: folds
Hero: folds
aa0b53a3: calls $0.05
*** FLOP *** [9d As Tc]
aa0b53a3: checks
c366a626: bets $0.08
aa0b53a3: calls $0.08
*** TURN *** [9d As Tc] [5d]
aa0b53a3: checks
c366a626: bets $0.13
aa0b53a3: calls $0.13
*** RIVER *** [9d As Tc 5d] [Ks]
aa0b53a3: checks
c366a626: checks
aa0b53a3: shows [Kh 9c] (Pair of Kings and Pair of Nines)
c366a626: shows [Kd Qs] (Pair of Kings)
*** SHOWDOWN ***
aa0b53a3 collected $0.61 from pot
*** SUMMARY ***
Total pot $0.64 | Rake $0.03 | Jackpot $0 | Bingo $0 | Fortune $0
Board [9d As Tc 5d Ks]
Seat 1: aa0b53a3 (big blind) showed [Kh 9c] and won ($0.61) with Pair of Kings and Pair of Nines
Seat 2: 3dd98a2b folded before Flop (didn't bet)
Seat 4: c366a626 showed [Kd Qs] and lost with Pair of Kings
Seat 5: 9f50f538 (button) folded before Flop (didn't bet)
Seat 6: Hero (small blind) folded before Flop


Poker Hand #HD1137614476: Hold'em No Limit  ($0.02/$0.05) - 2023/02/26 22:16:53
Table 'NLHBlue90' 6-max Seat #4 is the button
Seat 1: aa0b53a3 ($7.36 in chips)
Seat 2: 3dd98a2b ($6.05 in chips)
Seat 3: d84375b0 ($5 in chips)
Seat 4: c366a626 ($1.76 in chips)
Seat 5: 9f50f538 ($6.22 in chips)
Seat 6: Hero ($5 in chips)
9f50f538: posts small blind $0.02
Hero: posts big blind $0.05
*** HOLE CARDS ***
Dealt to aa0b53a3 
Dealt to 3dd98a2b 
Dealt to d84375b0 
Dealt to c366a626 
Dealt to 9f50f538 
Dealt to Hero [Ts Ah]
aa0b53a3: raises $0.1 to $0.15
3dd98a2b: folds
d84375b0: folds
c366a626: folds
9f50f538: folds
Hero: calls $0.1
*** FLOP *** [Js 2d 4s]
Hero: checks
aa0b53a3: bets $0.16
Hero: folds
Uncalled bet ($0.16) returned to aa0b53a3
*** SHOWDOWN ***
aa0b53a3 collected $0.31 from pot
*** SUMMARY ***
Total pot $0.32 | Rake $0.01 | Jackpot $0 | Bingo $0 | Fortune $0
Board [Js 2d 4s]
Seat 1: aa0b53a3 won ($0.31)
Seat 2: 3dd98a2b folded before Flop (didn't bet)
Seat 3: d84375b0 folded before Flop (didn't bet)
Seat 4: c366a626 (button) folded before Flop (didn't bet)
Seat 5: 9f50f538 (small blind) folded before Flop
Seat 6: Hero (big blind) folded on the Flop


