Poker Hand #HD1201791198: Hold'em No Limit  ($0.02/$0.05) - 2023/04/13 18:33:27
Table 'NLHBlue65' 6-max Seat #5 is the button
Seat 1: 2a37bdb5 ($5 in chips)
Seat 2: Hero ($11.92 in chips)
Seat 3: 18aa84d7 ($5.01 in chips)
Seat 4: d9baf0d5 ($3.54 in chips)
Seat 5: 833f3dae ($9.05 in chips)
Seat 6: 5336bd24 ($4.67 in chips)
5336bd24: posts small blind $0.02
2a37bdb5: posts big blind $0.05
*** HOLE CARDS ***
Dealt to 2a37bdb5 
Dealt to Hero [5c Kh]
Dealt to 18aa84d7 
Dealt to d9baf0d5 
Dealt to 833f3dae 
Dealt to 5336bd24 
Hero: folds
18aa84d7: raises $0.1 to $0.15
d9baf0d5: folds
833f3dae: folds
5336bd24: folds
2a37bdb5: folds
Uncalled bet ($0.1) returned to 18aa84d7
*** SHOWDOWN ***
18aa84d7 collected $0.12 from pot
*** SUMMARY ***
Total pot $0.12 | Rake $0 | Jackpot $0 | Bingo $0 | Fortune $0
Seat 1: 2a37bdb5 (big blind) folded before Flop
Seat 2: Hero folded before Flop (didn't bet)
Seat 3: 18aa84d7 collected ($0.12)
Seat 4: d9baf0d5 folded before Flop (didn't bet)
Seat 5: 833f3dae (button) folded before Flop (didn't bet)
Seat 6: 5336bd24 (small blind) folded before Flop


Poker Hand #HD1201791173: Hold'em No Limit  ($0.02/$0.05) - 2023/04/13 18:33:14
Table 'NLHBlue65' 6-max Seat #4 is the button
Seat 2: Hero ($11.92 in chips)
Seat 3: 18aa84d7 ($4.94 in chips)
Seat 4: d9baf0d5 ($3.54 in chips)
Seat 5: 833f3dae ($9.07 in chips)
Seat 6: 5336bd24 ($4.72 in chips)
833f3dae: posts small blind $0.02
5336bd24: posts big blind $0.05
*** HOLE CARDS ***
Dealt to Hero [Jc 3d]
Dealt to 18aa84d7 
Dealt to d9baf0d5 
Dealt to 833f3dae 
Dealt to 5336bd24 
Hero: folds
18aa84d7: raises $0.1 to $0.15
d9baf0d5: folds
833f3dae: folds
5336bd24: folds
Uncalled bet ($0.1) returned to 18aa84d7
*** SHOWDOWN ***
18aa84d7 collected $0.12 from pot
*** SUMMARY ***
Total pot $0.12 | Rake $0 | Jackpot $0 | Bingo $0 | Fortune $0
Seat 2: Hero folded before Flop (didn't bet)
Seat 3: 18aa84d7 collected ($0.12)
Seat 4: d9baf0d5 (button) folded before Flop (didn't bet)
Seat 5: 833f3dae (small blind) folded before Flop
Seat 6: 5336bd24 (big blind) folded before Flop


Poker Hand #HD1201791081: Hold'em No Limit  ($0.02/$0.05) - 2023/04/13 18:32:37
Table 'NLHBlue65' 6-max Seat #3 is the button
Seat 2: Hero ($11.92 in chips)
Seat 3: 18aa84d7 ($4.78 in chips)
Seat 4: d9baf0d5 ($3.56 in chips)
Seat 5: 833f3dae ($9.22 in chips)
Seat 6: 5336bd24 ($4.72 in chips)
d9baf0d5: posts small blind $0.02
833f3dae: posts big blind $0.05
*** HOLE CARDS ***
Dealt to Hero [3d 7d]
Dealt to 18aa84d7 
Dealt to d9baf0d5 
Dealt to 833f3dae 
Dealt to 5336bd24 
5336bd24: folds
Hero: folds
18aa84d7: raises $0.1 to $0.15
d9baf0d5: folds
833f3dae: calls $0.1
*** FLOP *** [2h Qs 7h]
833f3dae: checks
18aa84d7: bets $0.24
833f3dae: folds
Uncalled bet ($0.24) returned to 18aa84d7
*** SHOWDOWN ***
18aa84d7 collected $0.31 from pot
*** SUMMARY ***
Total pot $0.32 | Rake $0.01 | Jackpot $0 | Bingo $0 | Fortune $0
Board [2h Qs 7h]
Seat 2: Hero folded before Flop (didn't bet)
Seat 3: 18aa84d7 (button) won ($0.31)
Seat 4: d9baf0d5 (small blind) folded before Flop
Seat 5: 833f3dae (big blind) folded on the Flop
Seat 6: 5336bd24 folded before Flop (didn't bet)


Poker Hand #HD1201790980: Hold'em No Limit  ($0.02/$0.05) - 2023/04/13 18:31:59
Table 'NLHBlue65' 6-max Seat #2 is the button
Seat 2: Hero ($11.76 in chips)
Seat 3: 18aa84d7 ($4.9 in chips)
Seat 4: d9baf0d5 ($3.61 in chips)
Seat 5: 833f3dae ($9.22 in chips)
Seat 6: 5336bd24 ($4.72 in chips)
18aa84d7: posts small blind $0.02
d9baf0d5: posts big blind $0.05
*** HOLE CARDS ***
Dealt to Hero [Ad 9s]
Dealt to 18aa84d7 
Dealt to d9baf0d5 
Dealt to 833f3dae 
Dealt to 5336bd24 
833f3dae: folds
5336bd24: folds
Hero: raises $0.07 to $0.12
18aa84d7: calls $0.1
d9baf0d5: folds
*** FLOP *** [7c 3h Ks]
18aa84d7: checks
Hero: bets $0.11
18aa84d7: folds
Uncalled bet ($0.11) returned to Hero
*** SHOWDOWN ***
Hero collected $0.28 from pot
*** SUMMARY ***
Total pot $0.29 | Rake $0.01 | Jackpot $0 | Bingo $0 | Fortune $0
Board [7c 3h Ks]
Seat 2: Hero (button) won ($0.28)
Seat 3: 18aa84d7 (small blind) folded on the Flop
Seat 4: d9baf0d5 (big blind) folded before Flop
Seat 5: 833f3dae folded before Flop (didn't bet)
Seat 6: 5336bd24 folded before Flop (didn't bet)


Poker Hand #HD1201790905: Hold'em No Limit  ($0.02/$0.05) - 2023/04/13 18:31:23
Table 'NLHBlue65' 6-max Seat #6 is the button
Seat 2: Hero ($11.78 in chips)
Seat 3: 18aa84d7 ($4.78 in chips)
Seat 4: d9baf0d5 ($3.61 in chips)
Seat 5: 833f3dae ($9.22 in chips)
Seat 6: 5336bd24 ($4.83 in chips)
Hero: posts small blind $0.02
18aa84d7: posts big blind $0.05
*** HOLE CARDS ***
Dealt to Hero [Qs 9c]
Dealt to 18aa84d7 
Dealt to d9baf0d5 
Dealt to 833f3dae 
Dealt to 5336bd24 
d9baf0d5: folds
833f3dae: folds
5336bd24: raises $0.06 to $0.11
Hero: folds
18aa84d7: calls $0.06
*** FLOP *** [Th Ts 7c]
18aa84d7: bets $0.24
5336bd24: folds
Uncalled bet ($0.24) returned to 18aa84d7
*** SHOWDOWN ***
18aa84d7 collected $0.23 from pot
*** SUMMARY ***
Total pot $0.24 | Rake $0.01 | Jackpot $0 | Bingo $0 | Fortune $0
Board [Th Ts 7c]
Seat 2: Hero (small blind) folded before Flop
Seat 3: 18aa84d7 (big blind) won ($0.23)
Seat 4: d9baf0d5 folded before Flop (didn't bet)
Seat 5: 833f3dae folded before Flop (didn't bet)
Seat 6: 5336bd24 (button) folded on the Flop


Poker Hand #HD1201790873: Hold'em No Limit  ($0.02/$0.05) - 2023/04/13 18:31:10
Table 'NLHBlue65' 6-max Seat #5 is the button
Seat 2: Hero ($11.76 in chips)
Seat 3: 18aa84d7 ($4.78 in chips)
Seat 4: d9baf0d5 ($3.61 in chips)
Seat 5: 833f3dae ($9.22 in chips)
Seat 6: 5336bd24 ($4.85 in chips)
5336bd24: posts small blind $0.02
Hero: posts big blind $0.05
*** HOLE CARDS ***
Dealt to Hero [Jd 5h]
Dealt to 18aa84d7 
Dealt to d9baf0d5 
Dealt to 833f3dae 
Dealt to 5336bd24 
18aa84d7: folds
d9baf0d5: folds
833f3dae: folds
5336bd24: folds
Uncalled bet ($0.03) returned to Hero
*** SHOWDOWN ***
Hero collected $0.04 from pot
*** SUMMARY ***
Total pot $0.04 | Rake $0 | Jackpot $0 | Bingo $0 | Fortune $0
Seat 2: Hero (big blind) collected ($0.04)
Seat 3: 18aa84d7 folded before Flop (didn't bet)
Seat 4: d9baf0d5 folded before Flop (didn't bet)
Seat 5: 833f3dae (button) folded before Flop (didn't bet)
Seat 6: 5336bd24 (small blind) folded before Flop


Poker Hand #HD1201790790: Hold'em No Limit  ($0.02/$0.05) - 2023/04/13 18:30:35
Table 'NLHBlue65' 6-max Seat #4 is the button
Seat 2: Hero ($11.76 in chips)
Seat 3: 18aa84d7 ($4.78 in chips)
Seat 4: d9baf0d5 ($3.61 in chips)
Seat 5: 833f3dae ($9.24 in chips)
Seat 6: 5336bd24 ($4.85 in chips)
833f3dae: posts small blind $0.02
5336bd24: posts big blind $0.05
*** HOLE CARDS ***
Dealt to Hero [6s 9d]
Dealt to 18aa84d7 
Dealt to d9baf0d5 
Dealt to 833f3dae 
Dealt to 5336bd24 
Hero: folds
18aa84d7: folds
d9baf0d5: raises $0.05 to $0.1
833f3dae: folds
5336bd24: calls $0.05
*** FLOP *** [Kc Tc Js]
5336bd24: checks
d9baf0d5: checks
*** TURN *** [Kc Tc Js] [Jc]
5336bd24: checks
d9baf0d5: bets $0.09
5336bd24: calls $0.09
*** RIVER *** [Kc Tc Js Jc] [2s]
5336bd24: checks
d9baf0d5: checks
5336bd24: shows [9c Kh] (Pair of Kings and Pair of Jacks)
d9baf0d5: shows [Kd 6d] (Pair of Kings and Pair of Jacks)
*** SHOWDOWN ***
5336bd24 collected $0.19 from pot
d9baf0d5 collected $0.19 from pot
*** SUMMARY ***
Total pot $0.4 | Rake $0.02 | Jackpot $0 | Bingo $0 | Fortune $0
Board [Kc Tc Js Jc 2s]
Seat 2: Hero folded before Flop (didn't bet)
Seat 3: 18aa84d7 folded before Flop (didn't bet)
Seat 4: d9baf0d5 (button) showed [Kd 6d] and won ($0.19) with Pair of Kings and Pair of Jacks
Seat 5: 833f3dae (small blind) folded before Flop
Seat 6: 5336bd24 (big blind) showed [9c Kh] and won ($0.19) with Pair of Kings and Pair of Jacks


Poker Hand #HD1201790711: Hold'em No Limit  ($0.02/$0.05) - 2023/04/13 18:30:01
Table 'NLHBlue65' 6-max Seat #3 is the button
Seat 1: 7fce58b7 ($0.4 in chips)
Seat 2: Hero ($11.76 in chips)
Seat 3: 18aa84d7 ($4.78 in chips)
Seat 4: d9baf0d5 ($3.56 in chips)
Seat 5: 833f3dae ($9.29 in chips)
Seat 6: 5336bd24 ($4.85 in chips)
d9baf0d5: posts small blind $0.02
833f3dae: posts big blind $0.05
*** HOLE CARDS ***
Dealt to 7fce58b7 
Dealt to Hero [3c 2h]
Dealt to 18aa84d7 
Dealt to d9baf0d5 
Dealt to 833f3dae 
Dealt to 5336bd24 
5336bd24: folds
7fce58b7: folds
Hero: folds
18aa84d7: folds
d9baf0d5: calls $0.03
833f3dae: checks
*** FLOP *** [Th Td 6h]
d9baf0d5: checks
833f3dae: checks
*** TURN *** [Th Td 6h] [Qh]
d9baf0d5: bets $0.05
833f3dae: folds
Uncalled bet ($0.05) returned to d9baf0d5
*** SHOWDOWN ***
d9baf0d5 collected $0.1 from pot
*** SUMMARY ***
Total pot $0.1 | Rake $0 | Jackpot $0 | Bingo $0 | Fortune $0
Board [Th Td 6h Qh]
Seat 1: 7fce58b7 folded before Flop (didn't bet)
Seat 2: Hero folded before Flop (didn't bet)
Seat 3: 18aa84d7 (button) folded before Flop (didn't bet)
Seat 4: d9baf0d5 (small blind) won ($0.1)
Seat 5: 833f3dae (big blind) folded on the Turn
Seat 6: 5336bd24 folded before Flop (didn't bet)


Poker Hand #HD1201790590: Hold'em No Limit  ($0.02/$0.05) - 2023/04/13 18:29:07
Table 'NLHBlue65' 6-max Seat #2 is the button
Seat 1: 7fce58b7 ($0.1 in chips)
Seat 2: Hero ($11.76 in chips)
Seat 3: 18aa84d7 ($4.8 in chips)
Seat 4: d9baf0d5 ($3.66 in chips)
Seat 5: 833f3dae ($9.39 in chips)
Seat 6: 5336bd24 ($4.95 in chips)
18aa84d7: posts small blind $0.02
d9baf0d5: posts big blind $0.05
7fce58b7: straddle $0.1 and is all-in
*** HOLE CARDS ***
Dealt to 7fce58b7 
Dealt to Hero [7h 9s]
Dealt to 18aa84d7 
Dealt to d9baf0d5 
Dealt to 833f3dae 
Dealt to 5336bd24 
Hero: folds
18aa84d7: folds
d9baf0d5: calls $0.05
833f3dae: calls $0.1
5336bd24: calls $0.1
*** FLOP *** [6h 5s Qc]
d9baf0d5: checks
833f3dae: bets $0.14
5336bd24: folds
d9baf0d5: folds
Uncalled bet ($0.14) returned to 833f3dae
833f3dae: shows [7d 9d] (Queen-High)
7fce58b7: shows [3d Js] (Queen-High)
*** TURN *** [6h 5s Qc] [2c]
*** RIVER *** [6h 5s Qc 2c] [Ad]
*** SHOWDOWN ***
7fce58b7 collected $0.4 from pot
*** SUMMARY ***
Total pot $0.42 | Rake $0.02 | Jackpot $0 | Bingo $0 | Fortune $0
Board [6h 5s Qc 2c Ad]
Seat 1: 7fce58b7 showed [3d Js] and won ($0.4) with Ace-High
Seat 2: Hero (button) folded before Flop (didn't bet)
Seat 3: 18aa84d7 (small blind) folded before Flop
Seat 4: d9baf0d5 (big blind) folded on the Flop
Seat 5: 833f3dae showed [7d 9d] and lost with Ace-High
Seat 6: 5336bd24 folded on the Flop


Poker Hand #HD1201790461: Hold'em No Limit  ($0.02/$0.05) - 2023/04/13 18:28:08
Table 'NLHBlue65' 6-max Seat #1 is the button
Seat 1: 7fce58b7 ($5.03 in chips)
Seat 2: Hero ($11.78 in chips)
Seat 3: 18aa84d7 ($4.85 in chips)
Seat 4: d9baf0d5 ($3.66 in chips)
Seat 5: 833f3dae ($4.93 in chips)
Seat 6: 5336bd24 ($4.95 in chips)
Hero: posts small blind $0.02
18aa84d7: posts big blind $0.05
7fce58b7: straddle $0.1
7fce58b7: straddle $0.2
7fce58b7: straddle $0.4
7fce58b7: straddle $0.8
7fce58b7: straddle $1.6
7fce58b7: straddle $3.2
7fce58b7: straddle $5.03 and is all-in
*** HOLE CARDS ***
Dealt to 7fce58b7 
Dealt to Hero [5s 7d]
Dealt to 18aa84d7 
Dealt to d9baf0d5 
Dealt to 833f3dae 
Dealt to 5336bd24 
Hero: folds
18aa84d7: folds
d9baf0d5: folds
833f3dae: calls $4.93 and is all-in
5336bd24: folds
Uncalled bet ($0.1) returned to 7fce58b7
7fce58b7: shows [4s Tc]
833f3dae: shows [5c 5h]
*** FLOP *** [2h Kd 6h]
*** TURN *** [2h Kd 6h] [Ah]
*** RIVER *** [2h Kd 6h Ah] [7s]
*** SHOWDOWN ***
833f3dae collected $9.39 from pot
*** SUMMARY ***
Total pot $9.93 | Rake $0.49 | Jackpot $0.05 | Bingo $0 | Fortune $0
Board [2h Kd 6h Ah 7s]
Seat 1: 7fce58b7 (button) showed [4s Tc] and lost with Ace-High
Seat 2: Hero (small blind) folded before Flop
Seat 3: 18aa84d7 (big blind) folded before Flop
Seat 4: d9baf0d5 folded before Flop (didn't bet)
Seat 5: 833f3dae showed [5c 5h] and won ($9.39) with Pair of Fives
Seat 6: 5336bd24 folded before Flop (didn't bet)


Poker Hand #HD1201790389: Hold'em No Limit  ($0.02/$0.05) - 2023/04/13 18:27:41
Table 'NLHBlue65' 6-max Seat #6 is the button
Seat 1: 7fce58b7 ($5.05 in chips)
Seat 2: Hero ($11.83 in chips)
Seat 3: 18aa84d7 ($2.37 in chips)
Seat 4: d9baf0d5 ($3.66 in chips)
Seat 5: 833f3dae ($4.93 in chips)
Seat 6: 5336bd24 ($4.74 in chips)
7fce58b7: posts small blind $0.02
Hero: posts big blind $0.05
*** HOLE CARDS ***
Dealt to 7fce58b7 
Dealt to Hero [Ah 4s]
Dealt to 18aa84d7 
Dealt to d9baf0d5 
Dealt to 833f3dae 
Dealt to 5336bd24 
18aa84d7: raises $0.1 to $0.15
d9baf0d5: folds
833f3dae: folds
5336bd24: raises $0.1 to $0.25
7fce58b7: folds
Hero: folds
18aa84d7: folds
Uncalled bet ($0.1) returned to 5336bd24
*** SHOWDOWN ***
5336bd24 collected $0.36 from pot
*** SUMMARY ***
Total pot $0.37 | Rake $0.01 | Jackpot $0 | Bingo $0 | Fortune $0
Seat 1: 7fce58b7 (small blind) folded before Flop
Seat 2: Hero (big blind) folded before Flop
Seat 3: 18aa84d7 folded before Flop
Seat 4: d9baf0d5 folded before Flop (didn't bet)
Seat 5: 833f3dae folded before Flop (didn't bet)
Seat 6: 5336bd24 (button) collected ($0.36)


Poker Hand #HD1201790340: Hold'em No Limit  ($0.02/$0.05) - 2023/04/13 18:27:21
Table 'NLHBlue65' 6-max Seat #5 is the button
Seat 1: 7fce58b7 ($5.03 in chips)
Seat 2: Hero ($11.83 in chips)
Seat 3: 18aa84d7 ($2.37 in chips)
Seat 4: d9baf0d5 ($3.66 in chips)
Seat 5: 833f3dae ($4.93 in chips)
Seat 6: 5336bd24 ($4.76 in chips)
5336bd24: posts small blind $0.02
7fce58b7: posts big blind $0.05
*** HOLE CARDS ***
Dealt to 7fce58b7 
Dealt to Hero [8h 3h]
Dealt to 18aa84d7 
Dealt to d9baf0d5 
Dealt to 833f3dae 
Dealt to 5336bd24 
Hero: folds
18aa84d7: folds
d9baf0d5: folds
833f3dae: folds
5336bd24: folds
Uncalled bet ($0.03) returned to 7fce58b7
*** SHOWDOWN ***
7fce58b7 collected $0.04 from pot
*** SUMMARY ***
Total pot $0.04 | Rake $0 | Jackpot $0 | Bingo $0 | Fortune $0
Seat 1: 7fce58b7 (big blind) collected ($0.04)
Seat 2: Hero folded before Flop (didn't bet)
Seat 3: 18aa84d7 folded before Flop (didn't bet)
Seat 4: d9baf0d5 folded before Flop (didn't bet)
Seat 5: 833f3dae (button) folded before Flop (didn't bet)
Seat 6: 5336bd24 (small blind) folded before Flop


Poker Hand #HD1201790137: Hold'em No Limit  ($0.02/$0.05) - 2023/04/13 18:25:53
Table 'NLHBlue65' 6-max Seat #4 is the button
Seat 1: 7fce58b7 ($5.03 in chips)
Seat 2: Hero ($11.83 in chips)
Seat 3: 18aa84d7 ($5.22 in chips)
Seat 4: d9baf0d5 ($2.85 in chips)
Seat 5: 833f3dae ($4.95 in chips)
Seat 6: 5336bd24 ($4.81 in chips)
833f3dae: posts small blind $0.02
5336bd24: posts big blind $0.05
*** HOLE CARDS ***
Dealt to 7fce58b7 
Dealt to Hero [4h Td]
Dealt to 18aa84d7 
Dealt to d9baf0d5 
Dealt to 833f3dae 
Dealt to 5336bd24 
7fce58b7: folds
Hero: folds
18aa84d7: raises $0.15 to $0.2
d9baf0d5: calls $0.2
833f3dae: folds
5336bd24: folds
*** FLOP *** [3c 9c Qd]
18aa84d7: bets $0.36
d9baf0d5: raises $0.36 to $0.72
18aa84d7: calls $0.36
*** TURN *** [3c 9c Qd] [Ad]
18aa84d7: bets $0.64
d9baf0d5: raises $1.29 to $1.93 and is all-in
18aa84d7: calls $1.29
d9baf0d5: shows [Jc Qs] (Pair of Queens)
18aa84d7: shows [Qc Tc] (Pair of Queens)
d9baf0d5: Chooses to EV Cashout 
*** RIVER *** [3c 9c Qd Ad] [7h]
d9baf0d5: Pays Cashout Risk ($1.78)
*** SHOWDOWN ***
d9baf0d5 collected $5.44 from pot
*** SUMMARY ***
Total pot $5.77 | Rake $0.28 | Jackpot $0.05 | Bingo $0 | Fortune $0
Board [3c 9c Qd Ad 7h]
Seat 1: 7fce58b7 folded before Flop (didn't bet)
Seat 2: Hero folded before Flop (didn't bet)
Seat 3: 18aa84d7 showed [Qc Tc] and lost with Pair of Queens
Seat 4: d9baf0d5 (button) showed [Jc Qs] and won ($5.44) with Pair of Queens, Cashout Risk ($1.78)
Seat 5: 833f3dae (small blind) folded before Flop
Seat 6: 5336bd24 (big blind) folded before Flop


Poker Hand #HD1201790058: Hold'em No Limit  ($0.02/$0.05) - 2023/04/13 18:25:26
Table 'NLHBlue65' 6-max Seat #3 is the button
Seat 1: 7fce58b7 ($5.03 in chips)
Seat 2: Hero ($11.83 in chips)
Seat 3: 18aa84d7 ($5.03 in chips)
Seat 4: d9baf0d5 ($3 in chips)
Seat 5: 833f3dae ($5 in chips)
Seat 6: 5336bd24 ($4.81 in chips)
d9baf0d5: posts small blind $0.02
833f3dae: posts big blind $0.05
*** HOLE CARDS ***
Dealt to 7fce58b7 
Dealt to Hero [8d Qs]
Dealt to 18aa84d7 
Dealt to d9baf0d5 
Dealt to 833f3dae 
Dealt to 5336bd24 
5336bd24: folds
7fce58b7: folds
Hero: folds
18aa84d7: raises $0.1 to $0.15
d9baf0d5: calls $0.13
833f3dae: folds
*** FLOP *** [5c 3h 3d]
d9baf0d5: checks
18aa84d7: bets $0.27
d9baf0d5: folds
Uncalled bet ($0.27) returned to 18aa84d7
*** SHOWDOWN ***
18aa84d7 collected $0.34 from pot
*** SUMMARY ***
Total pot $0.35 | Rake $0.01 | Jackpot $0 | Bingo $0 | Fortune $0
Board [5c 3h 3d]
Seat 1: 7fce58b7 folded before Flop (didn't bet)
Seat 2: Hero folded before Flop (didn't bet)
Seat 3: 18aa84d7 (button) won ($0.34)
Seat 4: d9baf0d5 (small blind) folded on the Flop
Seat 5: 833f3dae (big blind) folded before Flop
Seat 6: 5336bd24 folded before Flop (didn't bet)


Poker Hand #HD1201789940: Hold'em No Limit  ($0.02/$0.05) - 2023/04/13 18:24:33
Table 'NLHBlue65' 6-max Seat #2 is the button
Seat 1: 7fce58b7 ($5.37 in chips)
Seat 2: Hero ($9.73 in chips)
Seat 3: 18aa84d7 ($5.05 in chips)
Seat 4: d9baf0d5 ($5 in chips)
Seat 6: 5336bd24 ($4.81 in chips)
18aa84d7: posts small blind $0.02
d9baf0d5: posts big blind $0.05
*** HOLE CARDS ***
Dealt to 7fce58b7 
Dealt to Hero [9c Qc]
Dealt to 18aa84d7 
Dealt to d9baf0d5 
Dealt to 5336bd24 
5336bd24: folds
7fce58b7: raises $0.05 to $0.1
Hero: calls $0.1
18aa84d7: folds
d9baf0d5: calls $0.05
*** FLOP *** [Qs 3d Td]
d9baf0d5: bets $0.24
7fce58b7: calls $0.24
Hero: calls $0.24
*** TURN *** [Qs 3d Td] [9s]
d9baf0d5: bets $0.52
7fce58b7: folds
Hero: calls $0.52
*** RIVER *** [Qs 3d Td 9s] [5s]
d9baf0d5: bets $1.14
Hero: calls $1.14
d9baf0d5: shows [Ah Qd] (Pair of Queens)
Hero: shows [9c Qc] (Pair of Queens and Pair of Nines)
*** SHOWDOWN ***
Hero collected $4.1 from pot
*** SUMMARY ***
Total pot $4.36 | Rake $0.21 | Jackpot $0.05 | Bingo $0 | Fortune $0
Board [Qs 3d Td 9s 5s]
Seat 1: 7fce58b7 folded on the Turn
Seat 2: Hero (button) showed [9c Qc] and won ($4.1) with Pair of Queens and Pair of Nines
Seat 3: 18aa84d7 (small blind) folded before Flop
Seat 4: d9baf0d5 (big blind) showed [Ah Qd] and lost with Pair of Queens
Seat 6: 5336bd24 folded before Flop (didn't bet)


Poker Hand #HD1201789907: Hold'em No Limit  ($0.02/$0.05) - 2023/04/13 18:24:20
Table 'NLHBlue65' 6-max Seat #1 is the button
Seat 1: 7fce58b7 ($5.37 in chips)
Seat 2: Hero ($9.75 in chips)
Seat 3: 18aa84d7 ($5.03 in chips)
Seat 4: d9baf0d5 ($5 in chips)
Seat 6: 5336bd24 ($4.81 in chips)
Hero: posts small blind $0.02
18aa84d7: posts big blind $0.05
*** HOLE CARDS ***
Dealt to 7fce58b7 
Dealt to Hero [4d 7h]
Dealt to 18aa84d7 
Dealt to d9baf0d5 
Dealt to 5336bd24 
d9baf0d5: folds
5336bd24: folds
7fce58b7: folds
Hero: folds
Uncalled bet ($0.03) returned to 18aa84d7
*** SHOWDOWN ***
18aa84d7 collected $0.04 from pot
*** SUMMARY ***
Total pot $0.04 | Rake $0 | Jackpot $0 | Bingo $0 | Fortune $0
Seat 1: 7fce58b7 (button) folded before Flop (didn't bet)
Seat 2: Hero (small blind) folded before Flop
Seat 3: 18aa84d7 (big blind) collected ($0.04)
Seat 4: d9baf0d5 folded before Flop (didn't bet)
Seat 6: 5336bd24 folded before Flop (didn't bet)


Poker Hand #HD1201789868: Hold'em No Limit  ($0.02/$0.05) - 2023/04/13 18:24:03
Table 'NLHBlue65' 6-max Seat #6 is the button
Seat 1: 7fce58b7 ($5.39 in chips)
Seat 2: Hero ($9.8 in chips)
Seat 3: 18aa84d7 ($4.96 in chips)
Seat 4: d9baf0d5 ($5 in chips)
Seat 6: 5336bd24 ($4.81 in chips)
7fce58b7: posts small blind $0.02
Hero: posts big blind $0.05
*** HOLE CARDS ***
Dealt to 7fce58b7 
Dealt to Hero [9s Kd]
Dealt to 18aa84d7 
Dealt to d9baf0d5 
Dealt to 5336bd24 
18aa84d7: raises $0.1 to $0.15
d9baf0d5: folds
5336bd24: folds
7fce58b7: folds
Hero: folds
Uncalled bet ($0.1) returned to 18aa84d7
*** SHOWDOWN ***
18aa84d7 collected $0.12 from pot
*** SUMMARY ***
Total pot $0.12 | Rake $0 | Jackpot $0 | Bingo $0 | Fortune $0
Seat 1: 7fce58b7 (small blind) folded before Flop
Seat 2: Hero (big blind) folded before Flop
Seat 3: 18aa84d7 collected ($0.12)
Seat 4: d9baf0d5 folded before Flop (didn't bet)
Seat 6: 5336bd24 (button) folded before Flop (didn't bet)


Poker Hand #HD1201789828: Hold'em No Limit  ($0.02/$0.05) - 2023/04/13 18:23:45
Table 'NLHBlue65' 6-max Seat #4 is the button
Seat 1: 7fce58b7 ($5.44 in chips)
Seat 2: Hero ($9.8 in chips)
Seat 3: 18aa84d7 ($4.96 in chips)
Seat 4: d9baf0d5 ($4.93 in chips)
Seat 6: 5336bd24 ($4.83 in chips)
5336bd24: posts small blind $0.02
7fce58b7: posts big blind $0.05
*** HOLE CARDS ***
Dealt to 7fce58b7 
Dealt to Hero [4h 3d]
Dealt to 18aa84d7 
Dealt to d9baf0d5 
Dealt to 5336bd24 
Hero: folds
18aa84d7: folds
d9baf0d5: raises $0.09 to $0.14
5336bd24: folds
7fce58b7: folds
Uncalled bet ($0.09) returned to d9baf0d5
*** SHOWDOWN ***
d9baf0d5 collected $0.12 from pot
*** SUMMARY ***
Total pot $0.12 | Rake $0 | Jackpot $0 | Bingo $0 | Fortune $0
Seat 1: 7fce58b7 (big blind) folded before Flop
Seat 2: Hero folded before Flop (didn't bet)
Seat 3: 18aa84d7 folded before Flop (didn't bet)
Seat 4: d9baf0d5 (button) collected ($0.12)
Seat 6: 5336bd24 (small blind) folded before Flop


Poker Hand #HD1201789739: Hold'em No Limit  ($0.02/$0.05) - 2023/04/13 18:23:09
Table 'NLHBlue65' 6-max Seat #3 is the button
Seat 1: 7fce58b7 ($5.44 in chips)
Seat 2: Hero ($9.8 in chips)
Seat 3: 18aa84d7 ($4.8 in chips)
Seat 4: d9baf0d5 ($4.95 in chips)
Seat 6: 5336bd24 ($4.98 in chips)
d9baf0d5: posts small blind $0.02
5336bd24: posts big blind $0.05
*** HOLE CARDS ***
Dealt to 7fce58b7 
Dealt to Hero [8d Jh]
Dealt to 18aa84d7 
Dealt to d9baf0d5 
Dealt to 5336bd24 
7fce58b7: folds
Hero: folds
18aa84d7: raises $0.1 to $0.15
d9baf0d5: folds
5336bd24: calls $0.1
*** FLOP *** [3h Qc 3c]
5336bd24: checks
18aa84d7: bets $0.24
5336bd24: folds
Uncalled bet ($0.24) returned to 18aa84d7
*** SHOWDOWN ***
18aa84d7 collected $0.31 from pot
*** SUMMARY ***
Total pot $0.32 | Rake $0.01 | Jackpot $0 | Bingo $0 | Fortune $0
Board [3h Qc 3c]
Seat 1: 7fce58b7 folded before Flop (didn't bet)
Seat 2: Hero folded before Flop (didn't bet)
Seat 3: 18aa84d7 (button) won ($0.31)
Seat 4: d9baf0d5 (small blind) folded before Flop
Seat 6: 5336bd24 (big blind) folded on the Flop


Poker Hand #HD1201789646: Hold'em No Limit  ($0.02/$0.05) - 2023/04/13 18:22:30
Table 'NLHBlue65' 6-max Seat #2 is the button
Seat 1: 7fce58b7 ($5.44 in chips)
Seat 2: Hero ($10.02 in chips)
Seat 3: 18aa84d7 ($4.55 in chips)
Seat 4: d9baf0d5 ($5 in chips)
Seat 5: 756282e8 ($5 in chips)
Seat 6: 5336bd24 ($4.98 in chips)
18aa84d7: posts small blind $0.02
d9baf0d5: posts big blind $0.05
*** HOLE CARDS ***
Dealt to 7fce58b7 
Dealt to Hero [9s Qc]
Dealt to 18aa84d7 
Dealt to d9baf0d5 
Dealt to 756282e8 
Dealt to 5336bd24 
756282e8: folds
5336bd24: folds
7fce58b7: folds
Hero: raises $0.07 to $0.12
18aa84d7: raises $0.1 to $0.22
d9baf0d5: folds
Hero: calls $0.1
*** FLOP *** [6d Kd 8s]
18aa84d7: checks
Hero: checks
*** TURN *** [6d Kd 8s] [3s]
18aa84d7: bets $0.25
Hero: folds
Uncalled bet ($0.25) returned to 18aa84d7
*** SHOWDOWN ***
18aa84d7 collected $0.47 from pot
*** SUMMARY ***
Total pot $0.49 | Rake $0.02 | Jackpot $0 | Bingo $0 | Fortune $0
Board [6d Kd 8s 3s]
Seat 1: 7fce58b7 folded before Flop (didn't bet)
Seat 2: Hero (button) folded on the Turn
Seat 3: 18aa84d7 (small blind) won ($0.47)
Seat 4: d9baf0d5 (big blind) folded before Flop
Seat 5: 756282e8 folded before Flop (didn't bet)
Seat 6: 5336bd24 folded before Flop (didn't bet)


Poker Hand #HD1201789598: Hold'em No Limit  ($0.02/$0.05) - 2023/04/13 18:22:12
Table 'NLHBlue65' 6-max Seat #1 is the button
Seat 1: 7fce58b7 ($5.23 in chips)
Seat 2: Hero ($10.04 in chips)
Seat 3: 18aa84d7 ($4.6 in chips)
Seat 5: 756282e8 ($5.07 in chips)
Seat 6: 5336bd24 ($4.98 in chips)
Hero: posts small blind $0.02
18aa84d7: posts big blind $0.05
*** HOLE CARDS ***
Dealt to 7fce58b7 
Dealt to Hero [Kc Jd]
Dealt to 18aa84d7 
Dealt to 756282e8 
Dealt to 5336bd24 
756282e8: raises $0.1 to $0.15
5336bd24: folds
7fce58b7: raises $0.37 to $0.52
Hero: folds
18aa84d7: folds
756282e8: folds
Uncalled bet ($0.37) returned to 7fce58b7
*** SHOWDOWN ***
7fce58b7 collected $0.36 from pot
*** SUMMARY ***
Total pot $0.37 | Rake $0.01 | Jackpot $0 | Bingo $0 | Fortune $0
Seat 1: 7fce58b7 (button) collected ($0.36)
Seat 2: Hero (small blind) folded before Flop
Seat 3: 18aa84d7 (big blind) folded before Flop
Seat 5: 756282e8 folded before Flop
Seat 6: 5336bd24 folded before Flop (didn't bet)


Poker Hand #HD1201789501: Hold'em No Limit  ($0.02/$0.05) - 2023/04/13 18:21:35
Table 'NLHBlue65' 6-max Seat #6 is the button
Seat 1: 7fce58b7 ($4.95 in chips)
Seat 2: Hero ($10.09 in chips)
Seat 3: 18aa84d7 ($4.85 in chips)
Seat 5: 756282e8 ($5.07 in chips)
Seat 6: 5336bd24 ($4.98 in chips)
7fce58b7: posts small blind $0.02
Hero: posts big blind $0.05
*** HOLE CARDS ***
Dealt to 7fce58b7 
Dealt to Hero [8d 9s]
Dealt to 18aa84d7 
Dealt to 756282e8 
Dealt to 5336bd24 
18aa84d7: raises $0.1 to $0.15
756282e8: folds
5336bd24: folds
7fce58b7: raises $0.1 to $0.25
Hero: folds
18aa84d7: calls $0.1
*** FLOP *** [8h Ad 9d]
7fce58b7: bets $0.19
18aa84d7: folds
Uncalled bet ($0.19) returned to 7fce58b7
*** SHOWDOWN ***
7fce58b7 collected $0.53 from pot
*** SUMMARY ***
Total pot $0.55 | Rake $0.02 | Jackpot $0 | Bingo $0 | Fortune $0
Board [8h Ad 9d]
Seat 1: 7fce58b7 (small blind) won ($0.53)
Seat 2: Hero (big blind) folded before Flop
Seat 3: 18aa84d7 folded on the Flop
Seat 5: 756282e8 folded before Flop (didn't bet)
Seat 6: 5336bd24 (button) folded before Flop (didn't bet)


Poker Hand #HD1201789474: Hold'em No Limit  ($0.02/$0.05) - 2023/04/13 18:21:24
Table 'NLHBlue65' 6-max Seat #5 is the button
Seat 1: 7fce58b7 ($5 in chips)
Seat 2: Hero ($10.09 in chips)
Seat 3: 18aa84d7 ($4.85 in chips)
Seat 5: 756282e8 ($5 in chips)
Seat 6: 5336bd24 ($5 in chips)
5336bd24: posts small blind $0.02
7fce58b7: posts big blind $0.05
*** HOLE CARDS ***
Dealt to 7fce58b7 
Dealt to Hero [2h 9h]
Dealt to 18aa84d7 
Dealt to 756282e8 
Dealt to 5336bd24 
Hero: folds
18aa84d7: folds
756282e8: raises $0.1 to $0.15
5336bd24: folds
7fce58b7: folds
Uncalled bet ($0.1) returned to 756282e8
*** SHOWDOWN ***
756282e8 collected $0.12 from pot
*** SUMMARY ***
Total pot $0.12 | Rake $0 | Jackpot $0 | Bingo $0 | Fortune $0
Seat 1: 7fce58b7 (big blind) folded before Flop
Seat 2: Hero folded before Flop (didn't bet)
Seat 3: 18aa84d7 folded before Flop (didn't bet)
Seat 5: 756282e8 (button) collected ($0.12)
Seat 6: 5336bd24 (small blind) folded before Flop


Poker Hand #HD1201789311: Hold'em No Limit  ($0.02/$0.05) - 2023/04/13 18:20:16
Table 'NLHBlue65' 6-max Seat #3 is the button
Seat 1: 7fce58b7 ($4.3 in chips)
Seat 2: Hero ($5.42 in chips)
Seat 3: 18aa84d7 ($4.85 in chips)
Seat 5: 756282e8 ($5 in chips)
Seat 6: 5336bd24 ($4.77 in chips)
756282e8: posts small blind $0.02
5336bd24: posts big blind $0.05
*** HOLE CARDS ***
Dealt to 7fce58b7 
Dealt to Hero [Ad Ac]
Dealt to 18aa84d7 
Dealt to 756282e8 
Dealt to 5336bd24 
7fce58b7: raises $0.05 to $0.1
Hero: raises $0.22 to $0.32
18aa84d7: folds
756282e8: folds
5336bd24: raises $0.59 to $0.91
7fce58b7: calls $0.81
Hero: raises $4.51 to $5.42 and is all-in
5336bd24: calls $3.86 and is all-in
7fce58b7: calls $3.39 and is all-in
Uncalled bet ($0.65) returned to Hero
Hero: shows [Ad Ac]
5336bd24: shows [Kd Ks]
7fce58b7: shows [5d 2d]
*** FLOP *** [6h 7h 8d]
*** TURN *** [6h 7h 8d] [5c]
Hero: Chooses to EV Cashout 
*** RIVER *** [6h 7h 8d 5c] [Qh]
Hero: Pays Cashout Risk ($3.88)
*** SHOWDOWN ***
Hero collected $12.41 from pot
Hero collected $0.91 from pot
*** SUMMARY ***
Total pot $13.86 | Rake $0.49 | Jackpot $0.05 | Bingo $0 | Fortune $0
Board [6h 7h 8d 5c Qh]
Seat 1: 7fce58b7 showed [5d 2d] and lost with Pair of Fives
Seat 2: Hero showed [Ad Ac] and won ($13.32) with Pair of Aces, Cashout Risk ($3.88)
Seat 3: 18aa84d7 (button) folded before Flop (didn't bet)
Seat 5: 756282e8 (small blind) folded before Flop
Seat 6: 5336bd24 (big blind) showed [Kd Ks] and lost with Pair of Kings


Poker Hand #HD1201789238: Hold'em No Limit  ($0.02/$0.05) - 2023/04/13 18:19:51
Table 'NLHBlue65' 6-max Seat #2 is the button
Seat 1: 7fce58b7 ($4.35 in chips)
Seat 2: Hero ($5.3 in chips)
Seat 3: 18aa84d7 ($4.87 in chips)
Seat 5: 756282e8 ($5 in chips)
Seat 6: 5336bd24 ($4.77 in chips)
18aa84d7: posts small blind $0.02
756282e8: posts big blind $0.05
*** HOLE CARDS ***
Dealt to 7fce58b7 
Dealt to Hero [Js Kh]
Dealt to 18aa84d7 
Dealt to 756282e8 
Dealt to 5336bd24 
5336bd24: folds
7fce58b7: calls $0.05
Hero: raises $0.15 to $0.2
18aa84d7: folds
756282e8: folds
7fce58b7: folds
Uncalled bet ($0.15) returned to Hero
*** SHOWDOWN ***
Hero collected $0.17 from pot
*** SUMMARY ***
Total pot $0.17 | Rake $0 | Jackpot $0 | Bingo $0 | Fortune $0
Seat 1: 7fce58b7 folded before Flop
Seat 2: Hero (button) collected ($0.17)
Seat 3: 18aa84d7 (small blind) folded before Flop
Seat 5: 756282e8 (big blind) folded before Flop
Seat 6: 5336bd24 folded before Flop (didn't bet)


Poker Hand #HD1201789210: Hold'em No Limit  ($0.02/$0.05) - 2023/04/13 18:19:39
Table 'NLHBlue65' 6-max Seat #1 is the button
Seat 1: 7fce58b7 ($4.35 in chips)
Seat 2: Hero ($5.32 in chips)
Seat 3: 18aa84d7 ($4.85 in chips)
Seat 5: 756282e8 ($5 in chips)
Seat 6: 5336bd24 ($4.77 in chips)
Hero: posts small blind $0.02
18aa84d7: posts big blind $0.05
*** HOLE CARDS ***
Dealt to 7fce58b7 
Dealt to Hero [Kc 3s]
Dealt to 18aa84d7 
Dealt to 756282e8 
Dealt to 5336bd24 
756282e8: folds
5336bd24: folds
7fce58b7: folds
Hero: folds
Uncalled bet ($0.03) returned to 18aa84d7
*** SHOWDOWN ***
18aa84d7 collected $0.04 from pot
*** SUMMARY ***
Total pot $0.04 | Rake $0 | Jackpot $0 | Bingo $0 | Fortune $0
Seat 1: 7fce58b7 (button) folded before Flop (didn't bet)
Seat 2: Hero (small blind) folded before Flop
Seat 3: 18aa84d7 (big blind) collected ($0.04)
Seat 5: 756282e8 folded before Flop (didn't bet)
Seat 6: 5336bd24 folded before Flop (didn't bet)


Poker Hand #HD1201789155: Hold'em No Limit  ($0.02/$0.05) - 2023/04/13 18:19:15
Table 'NLHBlue65' 6-max Seat #6 is the button
Seat 1: 7fce58b7 ($4.16 in chips)
Seat 2: Hero ($5.37 in chips)
Seat 3: 18aa84d7 ($5 in chips)
Seat 5: 756282e8 ($5 in chips)
Seat 6: 5336bd24 ($4.77 in chips)
7fce58b7: posts small blind $0.02
Hero: posts big blind $0.05
*** HOLE CARDS ***
Dealt to 7fce58b7 
Dealt to Hero [4s Jc]
Dealt to 18aa84d7 
Dealt to 756282e8 
Dealt to 5336bd24 
18aa84d7: raises $0.1 to $0.15
756282e8: folds
5336bd24: folds
7fce58b7: raises $0.35 to $0.5
Hero: folds
18aa84d7: folds
Uncalled bet ($0.35) returned to 7fce58b7
*** SHOWDOWN ***
7fce58b7 collected $0.34 from pot
*** SUMMARY ***
Total pot $0.35 | Rake $0.01 | Jackpot $0 | Bingo $0 | Fortune $0
Seat 1: 7fce58b7 (small blind) collected ($0.34)
Seat 2: Hero (big blind) folded before Flop
Seat 3: 18aa84d7 folded before Flop
Seat 5: 756282e8 folded before Flop (didn't bet)
Seat 6: 5336bd24 (button) folded before Flop (didn't bet)


Poker Hand #HD1201789005: Hold'em No Limit  ($0.02/$0.05) - 2023/04/13 18:18:17
Table 'NLHBlue65' 6-max Seat #5 is the button
Seat 1: 7fce58b7 ($4.55 in chips)
Seat 2: Hero ($5.37 in chips)
Seat 3: 18aa84d7 ($4.63 in chips)
Seat 5: 756282e8 ($5 in chips)
Seat 6: 5336bd24 ($4.79 in chips)
5336bd24: posts small blind $0.02
7fce58b7: posts big blind $0.05
*** HOLE CARDS ***
Dealt to 7fce58b7 
Dealt to Hero [Ah 7c]
Dealt to 18aa84d7 
Dealt to 756282e8 
Dealt to 5336bd24 
Hero: folds
18aa84d7: raises $0.1 to $0.15
756282e8: folds
5336bd24: folds
7fce58b7: calls $0.1
*** FLOP *** [4h 6h 8h]
7fce58b7: checks
18aa84d7: bets $0.24
7fce58b7: calls $0.24
*** TURN *** [4h 6h 8h] [Kd]
7fce58b7: checks
18aa84d7: checks
*** RIVER *** [4h 6h 8h Kd] [7h]
7fce58b7: checks
18aa84d7: bets $0.27
7fce58b7: folds
Uncalled bet ($0.27) returned to 18aa84d7
*** SHOWDOWN ***
18aa84d7 collected $0.76 from pot
*** SUMMARY ***
Total pot $0.8 | Rake $0.04 | Jackpot $0 | Bingo $0 | Fortune $0
Board [4h 6h 8h Kd 7h]
Seat 1: 7fce58b7 (big blind) folded on the River
Seat 2: Hero folded before Flop (didn't bet)
Seat 3: 18aa84d7 won ($0.76)
Seat 5: 756282e8 (button) folded before Flop (didn't bet)
Seat 6: 5336bd24 (small blind) folded before Flop


Poker Hand #HD1201788938: Hold'em No Limit  ($0.02/$0.05) - 2023/04/13 18:17:49
Table 'NLHBlue65' 6-max Seat #3 is the button
Seat 1: 7fce58b7 ($4.55 in chips)
Seat 2: Hero ($5.37 in chips)
Seat 3: 18aa84d7 ($4.47 in chips)
Seat 5: 756282e8 ($5 in chips)
Seat 6: 5336bd24 ($4.94 in chips)
756282e8: posts small blind $0.02
5336bd24: posts big blind $0.05
*** HOLE CARDS ***
Dealt to 7fce58b7 
Dealt to Hero [6h 8s]
Dealt to 18aa84d7 
Dealt to 756282e8 
Dealt to 5336bd24 
7fce58b7: folds
Hero: folds
18aa84d7: raises $0.1 to $0.15
756282e8: folds
5336bd24: calls $0.1
*** FLOP *** [8d 6s Qh]
5336bd24: checks
18aa84d7: bets $0.24
5336bd24: folds
Uncalled bet ($0.24) returned to 18aa84d7
*** SHOWDOWN ***
18aa84d7 collected $0.31 from pot
*** SUMMARY ***
Total pot $0.32 | Rake $0.01 | Jackpot $0 | Bingo $0 | Fortune $0
Board [8d 6s Qh]
Seat 1: 7fce58b7 folded before Flop (didn't bet)
Seat 2: Hero folded before Flop (didn't bet)
Seat 3: 18aa84d7 (button) won ($0.31)
Seat 5: 756282e8 (small blind) folded before Flop
Seat 6: 5336bd24 (big blind) folded on the Flop


Poker Hand #HD1201788909: Hold'em No Limit  ($0.02/$0.05) - 2023/04/13 18:17:38
Table 'NLHBlue65' 6-max Seat #2 is the button
Seat 1: 7fce58b7 ($4.55 in chips)
Seat 2: Hero ($5.37 in chips)
Seat 3: 18aa84d7 ($4.49 in chips)
Seat 5: 756282e8 ($5 in chips)
Seat 6: 5336bd24 ($4.87 in chips)
18aa84d7: posts small blind $0.02
756282e8: posts big blind $0.05
*** HOLE CARDS ***
Dealt to 7fce58b7 
Dealt to Hero [7s Qh]
Dealt to 18aa84d7 
Dealt to 756282e8 
Dealt to 5336bd24 
5336bd24: raises $0.06 to $0.11
7fce58b7: folds
Hero: folds
18aa84d7: folds
756282e8: folds
Uncalled bet ($0.06) returned to 5336bd24
*** SHOWDOWN ***
5336bd24 collected $0.12 from pot
*** SUMMARY ***
Total pot $0.12 | Rake $0 | Jackpot $0 | Bingo $0 | Fortune $0
Seat 1: 7fce58b7 folded before Flop (didn't bet)
Seat 2: Hero (button) folded before Flop (didn't bet)
Seat 3: 18aa84d7 (small blind) folded before Flop
Seat 5: 756282e8 (big blind) folded before Flop
Seat 6: 5336bd24 collected ($0.12)


Poker Hand #HD1201788781: Hold'em No Limit  ($0.02/$0.05) - 2023/04/13 18:16:49
Table 'NLHBlue65' 6-max Seat #1 is the button
Seat 1: 7fce58b7 ($4.24 in chips)
Seat 2: Hero ($5.39 in chips)
Seat 3: 18aa84d7 ($4.81 in chips)
Seat 5: 756282e8 ($5 in chips)
Seat 6: 5336bd24 ($4.87 in chips)
Hero: posts small blind $0.02
18aa84d7: posts big blind $0.05
*** HOLE CARDS ***
Dealt to 7fce58b7 
Dealt to Hero [5s 9h]
Dealt to 18aa84d7 
Dealt to 756282e8 
Dealt to 5336bd24 
756282e8: folds
5336bd24: folds
7fce58b7: raises $0.05 to $0.1
Hero: folds
18aa84d7: calls $0.05
*** FLOP *** [6c 3s Qc]
18aa84d7: bets $0.22
7fce58b7: calls $0.22
*** TURN *** [6c 3s Qc] [Qh]
18aa84d7: checks
7fce58b7: bets $0.66
18aa84d7: folds
Uncalled bet ($0.66) returned to 7fce58b7
*** SHOWDOWN ***
7fce58b7 collected $0.63 from pot
*** SUMMARY ***
Total pot $0.66 | Rake $0.03 | Jackpot $0 | Bingo $0 | Fortune $0
Board [6c 3s Qc Qh]
Seat 1: 7fce58b7 (button) won ($0.63)
Seat 2: Hero (small blind) folded before Flop
Seat 3: 18aa84d7 (big blind) folded on the Turn
Seat 5: 756282e8 folded before Flop (didn't bet)
Seat 6: 5336bd24 folded before Flop (didn't bet)


Poker Hand #HD1201788724: Hold'em No Limit  ($0.02/$0.05) - 2023/04/13 18:16:21
Table 'NLHBlue65' 6-max Seat #6 is the button
Seat 1: 7fce58b7 ($4.26 in chips)
Seat 2: Hero ($5.27 in chips)
Seat 3: 18aa84d7 ($4.81 in chips)
Seat 5: 756282e8 ($5 in chips)
Seat 6: 5336bd24 ($4.98 in chips)
7fce58b7: posts small blind $0.02
Hero: posts big blind $0.05
*** HOLE CARDS ***
Dealt to 7fce58b7 
Dealt to Hero [Kc 3c]
Dealt to 18aa84d7 
Dealt to 756282e8 
Dealt to 5336bd24 
18aa84d7: folds
756282e8: folds
5336bd24: raises $0.06 to $0.11
7fce58b7: folds
Hero: calls $0.06
*** FLOP *** [Kd 7h Tc]
Hero: checks
5336bd24: checks
*** TURN *** [Kd 7h Tc] [4s]
Hero: bets $0.12
5336bd24: folds
Uncalled bet ($0.12) returned to Hero
*** SHOWDOWN ***
Hero collected $0.23 from pot
*** SUMMARY ***
Total pot $0.24 | Rake $0.01 | Jackpot $0 | Bingo $0 | Fortune $0
Board [Kd 7h Tc 4s]
Seat 1: 7fce58b7 (small blind) folded before Flop
Seat 2: Hero (big blind) won ($0.23)
Seat 3: 18aa84d7 folded before Flop (didn't bet)
Seat 5: 756282e8 folded before Flop (didn't bet)
Seat 6: 5336bd24 (button) folded on the Turn


Poker Hand #HD1201788665: Hold'em No Limit  ($0.02/$0.05) - 2023/04/13 18:16:01
Table 'NLHBlue65' 6-max Seat #5 is the button
Seat 1: 7fce58b7 ($4.13 in chips)
Seat 2: Hero ($5.39 in chips)
Seat 3: 18aa84d7 ($4.81 in chips)
Seat 5: 756282e8 ($5 in chips)
Seat 6: 5336bd24 ($5 in chips)
5336bd24: posts small blind $0.02
7fce58b7: posts big blind $0.05
*** HOLE CARDS ***
Dealt to 7fce58b7 
Dealt to Hero [Kh 9h]
Dealt to 18aa84d7 
Dealt to 756282e8 
Dealt to 5336bd24 
Hero: raises $0.07 to $0.12
18aa84d7: folds
756282e8: folds
5336bd24: folds
7fce58b7: raises $0.26 to $0.38
Hero: folds
Uncalled bet ($0.26) returned to 7fce58b7
*** SHOWDOWN ***
7fce58b7 collected $0.25 from pot
*** SUMMARY ***
Total pot $0.26 | Rake $0.01 | Jackpot $0 | Bingo $0 | Fortune $0
Seat 1: 7fce58b7 (big blind) collected ($0.25)
Seat 2: Hero folded before Flop
Seat 3: 18aa84d7 folded before Flop (didn't bet)
Seat 5: 756282e8 (button) folded before Flop (didn't bet)
Seat 6: 5336bd24 (small blind) folded before Flop


Poker Hand #HD1201788632: Hold'em No Limit  ($0.02/$0.05) - 2023/04/13 18:15:46
Table 'NLHBlue65' 6-max Seat #3 is the button
Seat 1: 7fce58b7 ($4.13 in chips)
Seat 2: Hero ($5.39 in chips)
Seat 3: 18aa84d7 ($4.81 in chips)
Seat 4: 53d10509 ($4.83 in chips)
Seat 5: 756282e8 ($5 in chips)
Seat 6: 5336bd24 ($4.93 in chips)
53d10509: posts small blind $0.02
756282e8: posts big blind $0.05
*** HOLE CARDS ***
Dealt to 7fce58b7 
Dealt to Hero [8c Kd]
Dealt to 18aa84d7 
Dealt to 53d10509 
Dealt to 756282e8 
Dealt to 5336bd24 
5336bd24: raises $0.06 to $0.11
7fce58b7: folds
Hero: folds
18aa84d7: folds
53d10509: folds
756282e8: folds
Uncalled bet ($0.06) returned to 5336bd24
*** SHOWDOWN ***
5336bd24 collected $0.12 from pot
*** SUMMARY ***
Total pot $0.12 | Rake $0 | Jackpot $0 | Bingo $0 | Fortune $0
Seat 1: 7fce58b7 folded before Flop (didn't bet)
Seat 2: Hero folded before Flop (didn't bet)
Seat 3: 18aa84d7 (button) folded before Flop (didn't bet)
Seat 4: 53d10509 (small blind) folded before Flop
Seat 5: 756282e8 (big blind) folded before Flop
Seat 6: 5336bd24 collected ($0.12)


Poker Hand #HD1201788600: Hold'em No Limit  ($0.02/$0.05) - 2023/04/13 18:15:35
Table 'NLHBlue65' 6-max Seat #2 is the button
Seat 1: 7fce58b7 ($4.13 in chips)
Seat 2: Hero ($5.39 in chips)
Seat 3: 18aa84d7 ($4.83 in chips)
Seat 4: 53d10509 ($4.81 in chips)
Seat 5: 756282e8 ($5 in chips)
Seat 6: 5336bd24 ($4.93 in chips)
18aa84d7: posts small blind $0.02
53d10509: posts big blind $0.05
*** HOLE CARDS ***
Dealt to 7fce58b7 
Dealt to Hero [7s 4h]
Dealt to 18aa84d7 
Dealt to 53d10509 
Dealt to 756282e8 
Dealt to 5336bd24 
756282e8: folds
5336bd24: folds
7fce58b7: folds
Hero: folds
18aa84d7: folds
Uncalled bet ($0.03) returned to 53d10509
*** SHOWDOWN ***
53d10509 collected $0.04 from pot
*** SUMMARY ***
Total pot $0.04 | Rake $0 | Jackpot $0 | Bingo $0 | Fortune $0
Seat 1: 7fce58b7 folded before Flop (didn't bet)
Seat 2: Hero (button) folded before Flop (didn't bet)
Seat 3: 18aa84d7 (small blind) folded before Flop
Seat 4: 53d10509 (big blind) collected ($0.04)
Seat 5: 756282e8 folded before Flop (didn't bet)
Seat 6: 5336bd24 folded before Flop (didn't bet)


Poker Hand #HD1201788467: Hold'em No Limit  ($0.02/$0.05) - 2023/04/13 18:14:44
Table 'NLHBlue65' 6-max Seat #1 is the button
Seat 1: 7fce58b7 ($4.13 in chips)
Seat 2: Hero ($5.41 in chips)
Seat 3: 18aa84d7 ($4.94 in chips)
Seat 4: 53d10509 ($4.69 in chips)
Seat 5: 756282e8 ($5 in chips)
Seat 6: 5336bd24 ($4.93 in chips)
Hero: posts small blind $0.02
18aa84d7: posts big blind $0.05
*** HOLE CARDS ***
Dealt to 7fce58b7 
Dealt to Hero [9s Qc]
Dealt to 18aa84d7 
Dealt to 53d10509 
Dealt to 756282e8 
Dealt to 5336bd24 
53d10509: calls $0.05
756282e8: folds
5336bd24: folds
7fce58b7: folds
Hero: folds
18aa84d7: checks
*** FLOP *** [6h Ah Kh]
18aa84d7: checks
53d10509: bets $0.06
18aa84d7: calls $0.06
*** TURN *** [6h Ah Kh] [8s]
18aa84d7: checks
53d10509: checks
*** RIVER *** [6h Ah Kh 8s] [Qs]
18aa84d7: checks
53d10509: checks
18aa84d7: shows [6c 5s] (Pair of Sixes)
53d10509: shows [5d 8c] (Pair of Eights)
*** SHOWDOWN ***
53d10509 collected $0.23 from pot
*** SUMMARY ***
Total pot $0.24 | Rake $0.01 | Jackpot $0 | Bingo $0 | Fortune $0
Board [6h Ah Kh 8s Qs]
Seat 1: 7fce58b7 (button) folded before Flop (didn't bet)
Seat 2: Hero (small blind) folded before Flop
Seat 3: 18aa84d7 (big blind) showed [6c 5s] and lost with Pair of Sixes
Seat 4: 53d10509 showed [5d 8c] and won ($0.23) with Pair of Eights
Seat 5: 756282e8 folded before Flop (didn't bet)
Seat 6: 5336bd24 folded before Flop (didn't bet)


Poker Hand #HD1201788354: Hold'em No Limit  ($0.02/$0.05) - 2023/04/13 18:13:59
Table 'NLHBlue65' 6-max Seat #6 is the button
Seat 1: 7fce58b7 ($4.26 in chips)
Seat 2: Hero ($5.67 in chips)
Seat 3: 18aa84d7 ($4.94 in chips)
Seat 4: 53d10509 ($4.33 in chips)
Seat 5: 756282e8 ($5 in chips)
Seat 6: 5336bd24 ($4.93 in chips)
7fce58b7: posts small blind $0.02
Hero: posts big blind $0.05
*** HOLE CARDS ***
Dealt to 7fce58b7 
Dealt to Hero [9d Qc]
Dealt to 18aa84d7 
Dealt to 53d10509 
Dealt to 756282e8 
Dealt to 5336bd24 
18aa84d7: folds
53d10509: calls $0.05
756282e8: folds
5336bd24: folds
7fce58b7: calls $0.03
Hero: checks
*** FLOP *** [9h 8h 7c]
7fce58b7: checks
Hero: checks
53d10509: bets $0.08
7fce58b7: calls $0.08
Hero: calls $0.08
*** TURN *** [9h 8h 7c] [Ad]
7fce58b7: checks
Hero: checks
53d10509: bets $0.13
7fce58b7: folds
Hero: calls $0.13
*** RIVER *** [9h 8h 7c Ad] [3s]
Hero: checks
53d10509: bets $0.33
Hero: folds
Uncalled bet ($0.33) returned to 53d10509
*** SHOWDOWN ***
53d10509 collected $0.62 from pot
*** SUMMARY ***
Total pot $0.65 | Rake $0.03 | Jackpot $0 | Bingo $0 | Fortune $0
Board [9h 8h 7c Ad 3s]
Seat 1: 7fce58b7 (small blind) folded on the Turn
Seat 2: Hero (big blind) folded on the River
Seat 3: 18aa84d7 folded before Flop (didn't bet)
Seat 4: 53d10509 won ($0.62)
Seat 5: 756282e8 folded before Flop (didn't bet)
Seat 6: 5336bd24 (button) folded before Flop (didn't bet)


Poker Hand #HD1201788240: Hold'em No Limit  ($0.02/$0.05) - 2023/04/13 18:13:15
Table 'NLHBlue65' 6-max Seat #5 is the button
Seat 1: 7fce58b7 ($4.31 in chips)
Seat 2: Hero ($5 in chips)
Seat 3: 18aa84d7 ($4.94 in chips)
Seat 4: 53d10509 ($5 in chips)
Seat 5: 756282e8 ($5 in chips)
Seat 6: 5336bd24 ($4.95 in chips)
5336bd24: posts small blind $0.02
7fce58b7: posts big blind $0.05
53d10509: posts big blind $0.05
*** HOLE CARDS ***
Dealt to 7fce58b7 
Dealt to Hero [5d 6d]
Dealt to 18aa84d7 
Dealt to 53d10509 
Dealt to 756282e8 
Dealt to 5336bd24 
Hero: raises $0.09 to $0.14
18aa84d7: folds
53d10509: calls $0.09
756282e8: folds
5336bd24: folds
7fce58b7: folds
*** FLOP *** [6s Qs 2s]
Hero: bets $0.13
53d10509: calls $0.13
*** TURN *** [6s Qs 2s] [6h]
Hero: bets $0.4
53d10509: calls $0.4
*** RIVER *** [6s Qs 2s 6h] [7h]
Hero: bets $1.06
53d10509: folds
Uncalled bet ($1.06) returned to Hero
*** SHOWDOWN ***
Hero collected $1.34 from pot
*** SUMMARY ***
Total pot $1.41 | Rake $0.07 | Jackpot $0 | Bingo $0 | Fortune $0
Board [6s Qs 2s 6h 7h]
Seat 1: 7fce58b7 (big blind) folded before Flop
Seat 2: Hero won ($1.34)
Seat 3: 18aa84d7 folded before Flop (didn't bet)
Seat 4: 53d10509 folded on the River
Seat 5: 756282e8 (button) folded before Flop (didn't bet)
Seat 6: 5336bd24 (small blind) folded before Flop


Poker Hand #HD1201788201: Hold'em No Limit  ($0.02/$0.05) - 2023/04/13 18:12:55
Table 'NLHBlue65' 6-max Seat #3 is the button
Seat 1: 7fce58b7 ($4.31 in chips)
Seat 2: Hero ($5 in chips)
Seat 3: 18aa84d7 ($4.87 in chips)
Seat 5: 756282e8 ($5 in chips)
Seat 6: 5336bd24 ($5 in chips)
756282e8: posts small blind $0.02
5336bd24: posts big blind $0.05
*** HOLE CARDS ***
Dealt to 7fce58b7 
Dealt to Hero [Td Qc]
Dealt to 18aa84d7 
Dealt to 756282e8 
Dealt to 5336bd24 
7fce58b7: folds
Hero: folds
18aa84d7: raises $0.1 to $0.15
756282e8: folds
5336bd24: folds
Uncalled bet ($0.1) returned to 18aa84d7
*** SHOWDOWN ***
18aa84d7 collected $0.12 from pot
*** SUMMARY ***
Total pot $0.12 | Rake $0 | Jackpot $0 | Bingo $0 | Fortune $0
Seat 1: 7fce58b7 folded before Flop (didn't bet)
Seat 2: Hero folded before Flop (didn't bet)
Seat 3: 18aa84d7 (button) collected ($0.12)
Seat 5: 756282e8 (small blind) folded before Flop
Seat 6: 5336bd24 (big blind) folded before Flop


Poker Hand #HD1201788171: Hold'em No Limit  ($0.02/$0.05) - 2023/04/13 18:12:44
Table 'NLHBlue65' 6-max Seat #2 is the button
Seat 1: 7fce58b7 ($4.24 in chips)
Seat 2: Hero ($5 in chips)
Seat 3: 18aa84d7 ($4.89 in chips)
Seat 5: 756282e8 ($5 in chips)
18aa84d7: posts small blind $0.02
756282e8: posts big blind $0.05
*** HOLE CARDS ***
Dealt to 7fce58b7 
Dealt to Hero [Ac 8h]
Dealt to 18aa84d7 
Dealt to 756282e8 
7fce58b7: raises $0.05 to $0.1
Hero: folds
18aa84d7: folds
756282e8: folds
Uncalled bet ($0.05) returned to 7fce58b7
*** SHOWDOWN ***
7fce58b7 collected $0.12 from pot
*** SUMMARY ***
Total pot $0.12 | Rake $0 | Jackpot $0 | Bingo $0 | Fortune $0
Seat 1: 7fce58b7 collected ($0.12)
Seat 2: Hero (button) folded before Flop (didn't bet)
Seat 3: 18aa84d7 (small blind) folded before Flop
Seat 5: 756282e8 (big blind) folded before Flop


Poker Hand #HD1201788094: Hold'em No Limit  ($0.02/$0.05) - 2023/04/13 18:12:14
Table 'NLHBlue65' 6-max Seat #1 is the button
Seat 1: 7fce58b7 ($4.02 in chips)
Seat 2: Hero ($5 in chips)
Seat 3: 18aa84d7 ($4.94 in chips)
Seat 4: d2a4eb7e ($5.29 in chips)
Seat 5: 756282e8 ($5 in chips)
Hero: posts small blind $0.02
18aa84d7: posts big blind $0.05
*** HOLE CARDS ***
Dealt to 7fce58b7 
Dealt to Hero [Jd Ks]
Dealt to 18aa84d7 
Dealt to d2a4eb7e 
Dealt to 756282e8 
d2a4eb7e: folds
756282e8: folds
7fce58b7: raises $0.05 to $0.1
Hero: calls $0.08
18aa84d7: folds
*** FLOP *** [7c 8h 7h]
Hero: checks
7fce58b7: bets $0.09
Hero: calls $0.09
*** TURN *** [7c 8h 7h] [5h]
Hero: checks
7fce58b7: bets $0.22
Hero: folds
Uncalled bet ($0.22) returned to 7fce58b7
*** SHOWDOWN ***
7fce58b7 collected $0.41 from pot
*** SUMMARY ***
Total pot $0.43 | Rake $0.02 | Jackpot $0 | Bingo $0 | Fortune $0
Board [7c 8h 7h 5h]
Seat 1: 7fce58b7 (button) won ($0.41)
Seat 2: Hero (small blind) folded on the Turn
Seat 3: 18aa84d7 (big blind) folded before Flop
Seat 4: d2a4eb7e folded before Flop (didn't bet)
Seat 5: 756282e8 folded before Flop (didn't bet)


Poker Hand #HD1201788006: Hold'em No Limit  ($0.02/$0.05) - 2023/04/13 18:11:35
Table 'NLHBlue65' 6-max Seat #5 is the button
Seat 1: 7fce58b7 ($3.79 in chips)
Seat 2: Hero ($5 in chips)
Seat 3: 18aa84d7 ($4.94 in chips)
Seat 4: d2a4eb7e ($5.29 in chips)
Seat 5: 756282e8 ($5 in chips)
Seat 6: 34ea130d ($13.44 in chips)
34ea130d: posts small blind $0.02
7fce58b7: posts big blind $0.05
*** HOLE CARDS ***
Dealt to 7fce58b7 
Dealt to Hero [2s 8s]
Dealt to 18aa84d7 
Dealt to d2a4eb7e 
Dealt to 756282e8 
Dealt to 34ea130d 
Hero: folds
18aa84d7: folds
d2a4eb7e: folds
756282e8: folds
34ea130d: calls $0.03
7fce58b7: raises $0.1 to $0.15
34ea130d: calls $0.1
*** FLOP *** [7h Kh 9d]
34ea130d: bets $0.1
7fce58b7: raises $0.5 to $0.6
34ea130d: folds
Uncalled bet ($0.5) returned to 7fce58b7
*** SHOWDOWN ***
7fce58b7 collected $0.48 from pot
*** SUMMARY ***
Total pot $0.5 | Rake $0.02 | Jackpot $0 | Bingo $0 | Fortune $0
Board [7h Kh 9d]
Seat 1: 7fce58b7 (big blind) won ($0.48)
Seat 2: Hero folded before Flop (didn't bet)
Seat 3: 18aa84d7 folded before Flop (didn't bet)
Seat 4: d2a4eb7e folded before Flop (didn't bet)
Seat 5: 756282e8 (button) folded before Flop (didn't bet)
Seat 6: 34ea130d (small blind) folded on the Flop


Poker Hand #HD1201787874: Hold'em No Limit  ($0.02/$0.05) - 2023/04/13 18:10:47
Table 'NLHBlue65' 6-max Seat #4 is the button
Seat 1: 7fce58b7 ($4.11 in chips)
Seat 2: Hero ($5 in chips)
Seat 3: 18aa84d7 ($4.94 in chips)
Seat 4: d2a4eb7e ($5.29 in chips)
Seat 5: 756282e8 ($5 in chips)
Seat 6: 34ea130d ($13.13 in chips)
756282e8: posts small blind $0.02
34ea130d: posts big blind $0.05
*** HOLE CARDS ***
Dealt to 7fce58b7 
Dealt to Hero [Ac 9h]
Dealt to 18aa84d7 
Dealt to d2a4eb7e 
Dealt to 756282e8 
Dealt to 34ea130d 
7fce58b7: raises $0.05 to $0.1
Hero: folds
18aa84d7: folds
d2a4eb7e: folds
756282e8: folds
34ea130d: calls $0.05
*** FLOP *** [7d 3s 6c]
34ea130d: checks
7fce58b7: checks
*** TURN *** [7d 3s 6c] [5c]
34ea130d: checks
7fce58b7: checks
*** RIVER *** [7d 3s 6c 5c] [4s]
34ea130d: bets $0.22
7fce58b7: calls $0.22
34ea130d: shows [8d Tc] (Eights-High Straight)
7fce58b7: shows [Ad 9d] (Sevens-High Straight)
*** SHOWDOWN ***
34ea130d collected $0.63 from pot
*** SUMMARY ***
Total pot $0.66 | Rake $0.03 | Jackpot $0 | Bingo $0 | Fortune $0
Board [7d 3s 6c 5c 4s]
Seat 1: 7fce58b7 showed [Ad 9d] and lost with Sevens-High Straight
Seat 2: Hero folded before Flop (didn't bet)
Seat 3: 18aa84d7 folded before Flop (didn't bet)
Seat 4: d2a4eb7e (button) folded before Flop (didn't bet)
Seat 5: 756282e8 (small blind) folded before Flop
Seat 6: 34ea130d (big blind) showed [8d Tc] and won ($0.63) with Eights-High Straight


Poker Hand #HD1201787750: Hold'em No Limit  ($0.02/$0.05) - 2023/04/13 18:09:59
Table 'NLHBlue65' 6-max Seat #3 is the button
Seat 1: 7fce58b7 ($3.56 in chips)
Seat 2: Hero ($5 in chips)
Seat 3: 18aa84d7 ($5.33 in chips)
Seat 4: d2a4eb7e ($5.31 in chips)
Seat 5: 756282e8 ($5 in chips)
Seat 6: 34ea130d ($13.27 in chips)
d2a4eb7e: posts small blind $0.02
756282e8: posts big blind $0.05
*** HOLE CARDS ***
Dealt to 7fce58b7 
Dealt to Hero [4h Ad]
Dealt to 18aa84d7 
Dealt to d2a4eb7e 
Dealt to 756282e8 
Dealt to 34ea130d 
34ea130d: calls $0.05
7fce58b7: raises $0.09 to $0.14
Hero: folds
18aa84d7: calls $0.14
d2a4eb7e: folds
756282e8: folds
34ea130d: calls $0.09
*** FLOP *** [Js As Ah]
34ea130d: checks
7fce58b7: checks
18aa84d7: bets $0.25
34ea130d: folds
7fce58b7: calls $0.25
*** TURN *** [Js As Ah] [Jd]
7fce58b7: checks
18aa84d7: checks
*** RIVER *** [Js As Ah Jd] [8d]
7fce58b7: bets $0.99
18aa84d7: folds
Uncalled bet ($0.99) returned to 7fce58b7
*** SHOWDOWN ***
7fce58b7 collected $0.94 from pot
*** SUMMARY ***
Total pot $0.99 | Rake $0.05 | Jackpot $0 | Bingo $0 | Fortune $0
Board [Js As Ah Jd 8d]
Seat 1: 7fce58b7 won ($0.94)
Seat 2: Hero folded before Flop (didn't bet)
Seat 3: 18aa84d7 (button) folded on the River
Seat 4: d2a4eb7e (small blind) folded before Flop
Seat 5: 756282e8 (big blind) folded before Flop
Seat 6: 34ea130d folded on the Flop


Poker Hand #HD1201787729: Hold'em No Limit  ($0.02/$0.05) - 2023/04/13 18:09:48
Table 'NLHBlue65' 6-max Seat #2 is the button
Seat 1: 7fce58b7 ($3.56 in chips)
Seat 2: Hero ($5 in chips)
Seat 3: 18aa84d7 ($5.35 in chips)
Seat 4: d2a4eb7e ($5.29 in chips)
Seat 5: 756282e8 ($5 in chips)
Seat 6: 34ea130d ($13.27 in chips)
18aa84d7: posts small blind $0.02
d2a4eb7e: posts big blind $0.05
*** HOLE CARDS ***
Dealt to 7fce58b7 
Dealt to Hero [4h 7s]
Dealt to 18aa84d7 
Dealt to d2a4eb7e 
Dealt to 756282e8 
Dealt to 34ea130d 
756282e8: folds
34ea130d: folds
7fce58b7: folds
Hero: folds
18aa84d7: folds
Uncalled bet ($0.03) returned to d2a4eb7e
*** SHOWDOWN ***
d2a4eb7e collected $0.04 from pot
*** SUMMARY ***
Total pot $0.04 | Rake $0 | Jackpot $0 | Bingo $0 | Fortune $0
Seat 1: 7fce58b7 folded before Flop (didn't bet)
Seat 2: Hero (button) folded before Flop (didn't bet)
Seat 3: 18aa84d7 (small blind) folded before Flop
Seat 4: d2a4eb7e (big blind) collected ($0.04)
Seat 5: 756282e8 folded before Flop (didn't bet)
Seat 6: 34ea130d folded before Flop (didn't bet)


Poker Hand #HD1201787625: Hold'em No Limit  ($0.02/$0.05) - 2023/04/13 18:09:08
Table 'NLHBlue65' 6-max Seat #1 is the button
Seat 1: 7fce58b7 ($3.76 in chips)
Seat 2: Hero ($5 in chips)
Seat 3: 18aa84d7 ($5.4 in chips)
Seat 5: 756282e8 ($5 in chips)
Seat 6: 34ea130d ($12.85 in chips)
Hero: posts small blind $0.02
18aa84d7: posts big blind $0.05
*** HOLE CARDS ***
Dealt to 7fce58b7 
Dealt to Hero [6c 5c]
Dealt to 18aa84d7 
Dealt to 756282e8 
Dealt to 34ea130d 
756282e8: folds
34ea130d: raises $0.15 to $0.2
7fce58b7: calls $0.2
Hero: calls $0.18
18aa84d7: folds
*** FLOP *** [Ts 2d 8s]
Hero: checks
34ea130d: checks
7fce58b7: checks
*** TURN *** [Ts 2d 8s] [8h]
Hero: checks
34ea130d: bets $0.22
7fce58b7: folds
Hero: folds
Uncalled bet ($0.22) returned to 34ea130d
*** SHOWDOWN ***
34ea130d collected $0.62 from pot
*** SUMMARY ***
Total pot $0.65 | Rake $0.03 | Jackpot $0 | Bingo $0 | Fortune $0
Board [Ts 2d 8s 8h]
Seat 1: 7fce58b7 (button) folded on the Turn
Seat 2: Hero (small blind) folded on the Turn
Seat 3: 18aa84d7 (big blind) folded before Flop
Seat 5: 756282e8 folded before Flop (didn't bet)
Seat 6: 34ea130d won ($0.62)


Poker Hand #HD1201787489: Hold'em No Limit  ($0.02/$0.05) - 2023/04/13 18:08:14
Table 'NLHBlue65' 6-max Seat #6 is the button
Seat 1: 7fce58b7 ($4.11 in chips)
Seat 2: Hero ($8.16 in chips)
Seat 3: 18aa84d7 ($5.4 in chips)
Seat 5: 756282e8 ($5 in chips)
Seat 6: 34ea130d ($9.41 in chips)
7fce58b7: posts small blind $0.02
Hero: posts big blind $0.05
*** HOLE CARDS ***
Dealt to 7fce58b7 
Dealt to Hero [8h 8s]
Dealt to 18aa84d7 
Dealt to 756282e8 
Dealt to 34ea130d 
18aa84d7: folds
756282e8: folds
34ea130d: raises $0.05 to $0.1
7fce58b7: raises $0.25 to $0.35
Hero: calls $0.3
34ea130d: calls $0.25
*** FLOP *** [5s 2h 6s]
7fce58b7: checks
Hero: bets $0.53
34ea130d: calls $0.53
7fce58b7: folds
*** TURN *** [5s 2h 6s] [9s]
Hero: bets $0.78
34ea130d: calls $0.78
*** RIVER *** [5s 2h 6s 9s] [6c]
Hero: checks
34ea130d: bets $1.84
Hero: calls $1.84
34ea130d: shows [6d As] (Three Sixes)
Hero: shows [8h 8s] (Pair of Eights and Pair of Sixes)
*** SHOWDOWN ***
34ea130d collected $6.94 from pot
*** SUMMARY ***
Total pot $7.35 | Rake $0.36 | Jackpot $0.05 | Bingo $0 | Fortune $0
Board [5s 2h 6s 9s 6c]
Seat 1: 7fce58b7 (small blind) folded on the Flop
Seat 2: Hero (big blind) showed [8h 8s] and lost with Pair of Eights and Pair of Sixes
Seat 3: 18aa84d7 folded before Flop (didn't bet)
Seat 5: 756282e8 folded before Flop (didn't bet)
Seat 6: 34ea130d (button) showed [6d As] and won ($6.94) with Three Sixes


Poker Hand #HD1201787361: Hold'em No Limit  ($0.02/$0.05) - 2023/04/13 18:07:23
Table 'NLHBlue65' 6-max Seat #5 is the button
Seat 1: 7fce58b7 ($0.89 in chips)
Seat 2: Hero ($8.16 in chips)
Seat 3: 18aa84d7 ($4.93 in chips)
Seat 5: 756282e8 ($5 in chips)
Seat 6: 34ea130d ($9.43 in chips)
34ea130d: posts small blind $0.02
7fce58b7: posts big blind $0.05
*** HOLE CARDS ***
Dealt to 7fce58b7 
Dealt to Hero [Ad 9s]
Dealt to 18aa84d7 
Dealt to 756282e8 
Dealt to 34ea130d 
Hero: folds
18aa84d7: raises $0.1 to $0.15
756282e8: folds
34ea130d: folds
7fce58b7: raises $0.74 to $0.89 and is all-in
18aa84d7: calls $0.74
7fce58b7: shows [Kh Ts]
18aa84d7: shows [6s As]
*** FLOP *** [Qs 8d 4s]
18aa84d7: Chooses to EV Cashout 
*** TURN *** [Qs 8d 4s] [Tc]
*** RIVER *** [Qs 8d 4s Tc] [Ac]
18aa84d7: Pays Cashout Risk ($0.31)
*** SHOWDOWN ***
18aa84d7 collected $1.67 from pot
*** SUMMARY ***
Total pot $1.8 | Rake $0.08 | Jackpot $0.05 | Bingo $0 | Fortune $0
Board [Qs 8d 4s Tc Ac]
Seat 1: 7fce58b7 (big blind) showed [Kh Ts] and lost with Pair of Tens
Seat 2: Hero folded before Flop (didn't bet)
Seat 3: 18aa84d7 showed [6s As] and won ($1.67) with Pair of Aces, Cashout Risk ($0.31)
Seat 5: 756282e8 (button) folded before Flop (didn't bet)
Seat 6: 34ea130d (small blind) folded before Flop


Poker Hand #HD1201787315: Hold'em No Limit  ($0.02/$0.05) - 2023/04/13 18:07:08
Table 'NLHBlue65' 6-max Seat #3 is the button
Seat 1: 7fce58b7 ($0.89 in chips)
Seat 2: Hero ($8.16 in chips)
Seat 3: 18aa84d7 ($4.93 in chips)
Seat 5: 756282e8 ($5 in chips)
Seat 6: 34ea130d ($9.41 in chips)
756282e8: posts small blind $0.02
34ea130d: posts big blind $0.05
*** HOLE CARDS ***
Dealt to 7fce58b7 
Dealt to Hero [2s 7h]
Dealt to 18aa84d7 
Dealt to 756282e8 
Dealt to 34ea130d 
7fce58b7: folds
Hero: folds
18aa84d7: folds
756282e8: folds
Uncalled bet ($0.03) returned to 34ea130d
*** SHOWDOWN ***
34ea130d collected $0.04 from pot
*** SUMMARY ***
Total pot $0.04 | Rake $0 | Jackpot $0 | Bingo $0 | Fortune $0
Seat 1: 7fce58b7 folded before Flop (didn't bet)
Seat 2: Hero folded before Flop (didn't bet)
Seat 3: 18aa84d7 (button) folded before Flop (didn't bet)
Seat 5: 756282e8 (small blind) folded before Flop
Seat 6: 34ea130d (big blind) collected ($0.04)


Poker Hand #HD1201787227: Hold'em No Limit  ($0.02/$0.05) - 2023/04/13 18:06:31
Table 'NLHBlue65' 6-max Seat #2 is the button
Seat 1: 7fce58b7 ($0.43 in chips)
Seat 2: Hero ($8.16 in chips)
Seat 3: 18aa84d7 ($4.95 in chips)
Seat 5: 756282e8 ($5 in chips)
Seat 6: 34ea130d ($9.84 in chips)
18aa84d7: posts small blind $0.02
756282e8: posts big blind $0.05
*** HOLE CARDS ***
Dealt to 7fce58b7 
Dealt to Hero [8h Jc]
Dealt to 18aa84d7 
Dealt to 756282e8 
Dealt to 34ea130d 
34ea130d: calls $0.05
7fce58b7: raises $0.38 to $0.43 and is all-in
Hero: folds
18aa84d7: folds
756282e8: folds
34ea130d: calls $0.38
7fce58b7: shows [Jh Th]
34ea130d: shows [8s Kd]
*** FLOP *** [Ad 4d 9s]
*** TURN *** [Ad 4d 9s] [Jd]
*** RIVER *** [Ad 4d 9s Jd] [3c]
*** SHOWDOWN ***
7fce58b7 collected $0.89 from pot
*** SUMMARY ***
Total pot $0.93 | Rake $0.04 | Jackpot $0 | Bingo $0 | Fortune $0
Board [Ad 4d 9s Jd 3c]
Seat 1: 7fce58b7 showed [Jh Th] and won ($0.89) with Pair of Jacks
Seat 2: Hero (button) folded before Flop (didn't bet)
Seat 3: 18aa84d7 (small blind) folded before Flop
Seat 5: 756282e8 (big blind) folded before Flop
Seat 6: 34ea130d showed [8s Kd] and lost with Ace-High


Poker Hand #HD1201787142: Hold'em No Limit  ($0.02/$0.05) - 2023/04/13 18:05:57
Table 'NLHBlue65' 6-max Seat #1 is the button
Seat 1: 7fce58b7 ($0.19 in chips)
Seat 2: Hero ($8.18 in chips)
Seat 3: 18aa84d7 ($5 in chips)
Seat 4: 166383f5 ($5.54 in chips)
Seat 5: 756282e8 ($5 in chips)
Seat 6: 34ea130d ($10.03 in chips)
Hero: posts small blind $0.02
18aa84d7: posts big blind $0.05
*** HOLE CARDS ***
Dealt to 7fce58b7 
Dealt to Hero [Jh 7c]
Dealt to 18aa84d7 
Dealt to 166383f5 
Dealt to 756282e8 
Dealt to 34ea130d 
166383f5: folds
756282e8: folds
34ea130d: raises $0.05 to $0.1
7fce58b7: raises $0.09 to $0.19 and is all-in
Hero: folds
18aa84d7: folds
34ea130d: calls $0.09
7fce58b7: shows [Ts Qs]
34ea130d: shows [Kd 9d]
*** FLOP *** [2d Jc 3s]
*** TURN *** [2d Jc 3s] [Th]
*** RIVER *** [2d Jc 3s Th] [8s]
*** SHOWDOWN ***
7fce58b7 collected $0.43 from pot
*** SUMMARY ***
Total pot $0.45 | Rake $0.02 | Jackpot $0 | Bingo $0 | Fortune $0
Board [2d Jc 3s Th 8s]
Seat 1: 7fce58b7 (button) showed [Ts Qs] and won ($0.43) with Pair of Tens
Seat 2: Hero (small blind) folded before Flop
Seat 3: 18aa84d7 (big blind) folded before Flop
Seat 4: 166383f5 folded before Flop (didn't bet)
Seat 5: 756282e8 folded before Flop (didn't bet)
Seat 6: 34ea130d showed [Kd 9d] and lost with King-High


Poker Hand #HD1201786986: Hold'em No Limit  ($0.02/$0.05) - 2023/04/13 18:04:56
Table 'NLHBlue65' 6-max Seat #6 is the button
Seat 1: 7fce58b7 ($3 in chips)
Seat 2: Hero ($8.23 in chips)
Seat 3: 18aa84d7 ($5 in chips)
Seat 4: 166383f5 ($5.54 in chips)
Seat 5: 756282e8 ($5 in chips)
Seat 6: 34ea130d ($7.5 in chips)
7fce58b7: posts small blind $0.02
Hero: posts big blind $0.05
*** HOLE CARDS ***
Dealt to 7fce58b7 
Dealt to Hero [8c 6c]
Dealt to 18aa84d7 
Dealt to 166383f5 
Dealt to 756282e8 
Dealt to 34ea130d 
18aa84d7: folds
166383f5: folds
756282e8: folds
34ea130d: calls $0.05
7fce58b7: raises $0.15 to $0.2
Hero: folds
34ea130d: calls $0.15
*** FLOP *** [As 7h 4s]
7fce58b7: bets $0.15
34ea130d: calls $0.15
*** TURN *** [As 7h 4s] [Ts]
7fce58b7: bets $0.57
34ea130d: calls $0.57
*** RIVER *** [As 7h 4s Ts] [8h]
7fce58b7: bets $1.89
34ea130d: calls $1.89
7fce58b7: shows [6s 5c] (Eights-High Straight)
34ea130d: shows [9h Js] (Jacks-High Straight)
*** SHOWDOWN ***
34ea130d collected $5.34 from pot
*** SUMMARY ***
Total pot $5.67 | Rake $0.28 | Jackpot $0.05 | Bingo $0 | Fortune $0
Board [As 7h 4s Ts 8h]
Seat 1: 7fce58b7 (small blind) showed [6s 5c] and lost with Eights-High Straight
Seat 2: Hero (big blind) folded before Flop
Seat 3: 18aa84d7 folded before Flop (didn't bet)
Seat 4: 166383f5 folded before Flop (didn't bet)
Seat 5: 756282e8 folded before Flop (didn't bet)
Seat 6: 34ea130d (button) showed [9h Js] and won ($5.34) with Jacks-High Straight


Poker Hand #HD1201786801: Hold'em No Limit  ($0.02/$0.05) - 2023/04/13 18:03:39
Table 'NLHBlue65' 6-max Seat #5 is the button
Seat 1: 7fce58b7 ($6.67 in chips)
Seat 2: Hero ($8.23 in chips)
Seat 3: 18aa84d7 ($3.41 in chips)
Seat 4: 166383f5 ($5.54 in chips)
Seat 5: 756282e8 ($5 in chips)
Seat 6: 34ea130d ($3.67 in chips)
34ea130d: posts small blind $0.02
7fce58b7: posts big blind $0.05
*** HOLE CARDS ***
Dealt to 7fce58b7 
Dealt to Hero [3s 4s]
Dealt to 18aa84d7 
Dealt to 166383f5 
Dealt to 756282e8 
Dealt to 34ea130d 
Hero: folds
18aa84d7: raises $0.1 to $0.15
166383f5: folds
756282e8: folds
34ea130d: calls $0.13
7fce58b7: calls $0.1
*** FLOP *** [6c 3h 2c]
34ea130d: checks
7fce58b7: bets $0.45
18aa84d7: calls $0.45
34ea130d: calls $0.45
*** TURN *** [6c 3h 2c] [Js]
34ea130d: bets $0.9
7fce58b7: calls $0.9
18aa84d7: folds
*** RIVER *** [6c 3h 2c Js] [8s]
34ea130d: bets $2.17 and is all-in
7fce58b7: calls $2.17
34ea130d: shows [9c Jc] (Pair of Jacks)
7fce58b7: shows [9h 9d] (Pair of Nines)
*** SHOWDOWN ***
34ea130d collected $7.5 from pot
*** SUMMARY ***
Total pot $7.94 | Rake $0.39 | Jackpot $0.05 | Bingo $0 | Fortune $0
Board [6c 3h 2c Js 8s]
Seat 1: 7fce58b7 (big blind) showed [9h 9d] and lost with Pair of Nines
Seat 2: Hero folded before Flop (didn't bet)
Seat 3: 18aa84d7 folded on the Turn
Seat 4: 166383f5 folded before Flop (didn't bet)
Seat 5: 756282e8 (button) folded before Flop (didn't bet)
Seat 6: 34ea130d (small blind) showed [9c Jc] and won ($7.5) with Pair of Jacks


Poker Hand #HD1201786678: Hold'em No Limit  ($0.02/$0.05) - 2023/04/13 18:02:58
Table 'NLHBlue65' 6-max Seat #4 is the button
Seat 1: 7fce58b7 ($6.67 in chips)
Seat 2: Hero ($8.23 in chips)
Seat 3: 18aa84d7 ($3.54 in chips)
Seat 4: 166383f5 ($5.54 in chips)
Seat 5: 756282e8 ($5 in chips)
Seat 6: 34ea130d ($3.43 in chips)
756282e8: posts small blind $0.02
34ea130d: posts big blind $0.05
*** HOLE CARDS ***
Dealt to 7fce58b7 
Dealt to Hero [3h Ad]
Dealt to 18aa84d7 
Dealt to 166383f5 
Dealt to 756282e8 
Dealt to 34ea130d 
7fce58b7: folds
Hero: folds
18aa84d7: calls $0.05
166383f5: folds
756282e8: calls $0.03
34ea130d: raises $0.08 to $0.13
18aa84d7: calls $0.08
756282e8: calls $0.08
*** FLOP *** [9h 2c 4c]
756282e8: checks
34ea130d: bets $0.2
18aa84d7: folds
756282e8: folds
Uncalled bet ($0.2) returned to 34ea130d
*** SHOWDOWN ***
34ea130d collected $0.37 from pot
*** SUMMARY ***
Total pot $0.39 | Rake $0.02 | Jackpot $0 | Bingo $0 | Fortune $0
Board [9h 2c 4c]
Seat 1: 7fce58b7 folded before Flop (didn't bet)
Seat 2: Hero folded before Flop (didn't bet)
Seat 3: 18aa84d7 folded on the Flop
Seat 4: 166383f5 (button) folded before Flop (didn't bet)
Seat 5: 756282e8 (small blind) folded on the Flop
Seat 6: 34ea130d (big blind) won ($0.37)


Poker Hand #HD1201786498: Hold'em No Limit  ($0.02/$0.05) - 2023/04/13 18:01:41
Table 'NLHBlue65' 6-max Seat #3 is the button
Seat 1: 7fce58b7 ($6.67 in chips)
Seat 2: Hero ($8.23 in chips)
Seat 3: 18aa84d7 ($4.4 in chips)
Seat 4: 166383f5 ($5.56 in chips)
Seat 5: 756282e8 ($5 in chips)
Seat 6: 34ea130d ($2.63 in chips)
166383f5: posts small blind $0.02
756282e8: posts big blind $0.05
*** HOLE CARDS ***
Dealt to 7fce58b7 
Dealt to Hero [Tc 5c]
Dealt to 18aa84d7 
Dealt to 166383f5 
Dealt to 756282e8 
Dealt to 34ea130d 
34ea130d: calls $0.05
7fce58b7: folds
Hero: folds
18aa84d7: raises $0.09 to $0.14
166383f5: folds
756282e8: folds
34ea130d: calls $0.09
*** FLOP *** [9s Kc Jh]
34ea130d: checks
18aa84d7: bets $0.27
34ea130d: calls $0.27
*** TURN *** [9s Kc Jh] [Qh]
34ea130d: bets $0.45
18aa84d7: calls $0.45
*** RIVER *** [9s Kc Jh Qh] [Jd]
34ea130d: bets $1.77 and is all-in
18aa84d7: folds
Uncalled bet ($1.77) returned to 34ea130d
*** SHOWDOWN ***
34ea130d collected $1.66 from pot
*** SUMMARY ***
Total pot $1.79 | Rake $0.08 | Jackpot $0.05 | Bingo $0 | Fortune $0
Board [9s Kc Jh Qh Jd]
Seat 1: 7fce58b7 folded before Flop (didn't bet)
Seat 2: Hero folded before Flop (didn't bet)
Seat 3: 18aa84d7 (button) folded on the River
Seat 4: 166383f5 (small blind) folded before Flop
Seat 5: 756282e8 (big blind) folded before Flop
Seat 6: 34ea130d won ($1.66)


Poker Hand #HD1201786304: Hold'em No Limit  ($0.02/$0.05) - 2023/04/13 18:00:26
Table 'NLHBlue65' 6-max Seat #2 is the button
Seat 1: 7fce58b7 ($6.67 in chips)
Seat 2: Hero ($7.02 in chips)
Seat 3: 18aa84d7 ($4.42 in chips)
Seat 4: 166383f5 ($5.61 in chips)
Seat 5: 756282e8 ($5 in chips)
Seat 6: 34ea130d ($3.95 in chips)
18aa84d7: posts small blind $0.02
166383f5: posts big blind $0.05
*** HOLE CARDS ***
Dealt to 7fce58b7 
Dealt to Hero [8h 8d]
Dealt to 18aa84d7 
Dealt to 166383f5 
Dealt to 756282e8 
Dealt to 34ea130d 
756282e8: folds
34ea130d: raises $0.15 to $0.2
7fce58b7: folds
Hero: calls $0.2
18aa84d7: folds
166383f5: folds
*** FLOP *** [Jh 6s 6c]
34ea130d: bets $0.16
Hero: raises $0.28 to $0.44
34ea130d: calls $0.28
*** TURN *** [Jh 6s 6c] [7c]
34ea130d: bets $0.68
Hero: calls $0.68
*** RIVER *** [Jh 6s 6c 7c] [Qs]
34ea130d: checks
Hero: checks
34ea130d: shows [Ts Kc] (Pair of Sixes)
Hero: shows [8h 8d] (Pair of Eights and Pair of Sixes)
*** SHOWDOWN ***
Hero collected $2.53 from pot
*** SUMMARY ***
Total pot $2.71 | Rake $0.13 | Jackpot $0.05 | Bingo $0 | Fortune $0
Board [Jh 6s 6c 7c Qs]
Seat 1: 7fce58b7 folded before Flop (didn't bet)
Seat 2: Hero (button) showed [8h 8d] and won ($2.53) with Pair of Eights and Pair of Sixes
Seat 3: 18aa84d7 (small blind) folded before Flop
Seat 4: 166383f5 (big blind) folded before Flop
Seat 5: 756282e8 folded before Flop (didn't bet)
Seat 6: 34ea130d showed [Ts Kc] and lost with Pair of Sixes


Poker Hand #HD1201786282: Hold'em No Limit  ($0.02/$0.05) - 2023/04/13 18:00:15
Table 'NLHBlue65' 6-max Seat #1 is the button
Seat 1: 7fce58b7 ($6.67 in chips)
Seat 2: Hero ($7.04 in chips)
Seat 3: 18aa84d7 ($4.4 in chips)
Seat 4: 166383f5 ($5.61 in chips)
Seat 5: 756282e8 ($5 in chips)
Seat 6: 34ea130d ($3.95 in chips)
Hero: posts small blind $0.02
18aa84d7: posts big blind $0.05
*** HOLE CARDS ***
Dealt to 7fce58b7 
Dealt to Hero [3s Kh]
Dealt to 18aa84d7 
Dealt to 166383f5 
Dealt to 756282e8 
Dealt to 34ea130d 
166383f5: folds
756282e8: folds
34ea130d: folds
7fce58b7: folds
Hero: folds
Uncalled bet ($0.03) returned to 18aa84d7
*** SHOWDOWN ***
18aa84d7 collected $0.04 from pot
*** SUMMARY ***
Total pot $0.04 | Rake $0 | Jackpot $0 | Bingo $0 | Fortune $0
Seat 1: 7fce58b7 (button) folded before Flop (didn't bet)
Seat 2: Hero (small blind) folded before Flop
Seat 3: 18aa84d7 (big blind) collected ($0.04)
Seat 4: 166383f5 folded before Flop (didn't bet)
Seat 5: 756282e8 folded before Flop (didn't bet)
Seat 6: 34ea130d folded before Flop (didn't bet)


Poker Hand #HD1201786155: Hold'em No Limit  ($0.02/$0.05) - 2023/04/13 17:59:21
Table 'NLHBlue65' 6-max Seat #6 is the button
Seat 1: 7fce58b7 ($6.69 in chips)
Seat 2: Hero ($7.09 in chips)
Seat 3: 18aa84d7 ($4.4 in chips)
Seat 4: 166383f5 ($6.06 in chips)
Seat 5: 756282e8 ($5 in chips)
Seat 6: 34ea130d ($1.84 in chips)
7fce58b7: posts small blind $0.02
Hero: posts big blind $0.05
*** HOLE CARDS ***
Dealt to 7fce58b7 
Dealt to Hero [Qd 2h]
Dealt to 18aa84d7 
Dealt to 166383f5 
Dealt to 756282e8 
Dealt to 34ea130d 
18aa84d7: folds
166383f5: raises $0.1 to $0.15
756282e8: raises $0.3 to $0.45
34ea130d: calls $0.45
7fce58b7: folds
Hero: folds
166383f5: calls $0.3
*** FLOP *** [3s 4h 7c]
166383f5: checks
756282e8: bets $0.94
34ea130d: calls $0.94
166383f5: folds
*** TURN *** [3s 4h 7c] [5s]
756282e8: bets $1.09
34ea130d: calls $0.45 and is all-in
Uncalled bet ($0.64) returned to 756282e8
756282e8: shows [Ks Kd] (Pair of Kings)
34ea130d: shows [Kh 7d] (Pair of Sevens)
*** RIVER *** [3s 4h 7c 5s] [7h]
*** SHOWDOWN ***
34ea130d collected $3.95 from pot
*** SUMMARY ***
Total pot $4.2 | Rake $0.2 | Jackpot $0.05 | Bingo $0 | Fortune $0
Board [3s 4h 7c 5s 7h]
Seat 1: 7fce58b7 (small blind) folded before Flop
Seat 2: Hero (big blind) folded before Flop
Seat 3: 18aa84d7 folded before Flop (didn't bet)
Seat 4: 166383f5 folded on the Flop
Seat 5: 756282e8 showed [Ks Kd] and lost with Pair of Kings and Pair of Sevens
Seat 6: 34ea130d (button) showed [Kh 7d] and won ($3.95) with Three Sevens


Poker Hand #HD1201786118: Hold'em No Limit  ($0.02/$0.05) - 2023/04/13 17:59:08
Table 'NLHBlue65' 6-max Seat #5 is the button
Seat 1: 7fce58b7 ($6.67 in chips)
Seat 2: Hero ($7.09 in chips)
Seat 3: 18aa84d7 ($4.4 in chips)
Seat 4: 166383f5 ($6.06 in chips)
Seat 5: 756282e8 ($5 in chips)
Seat 6: 34ea130d ($1.86 in chips)
34ea130d: posts small blind $0.02
7fce58b7: posts big blind $0.05
*** HOLE CARDS ***
Dealt to 7fce58b7 
Dealt to Hero [8s 6h]
Dealt to 18aa84d7 
Dealt to 166383f5 
Dealt to 756282e8 
Dealt to 34ea130d 
Hero: folds
18aa84d7: folds
166383f5: folds
756282e8: folds
34ea130d: folds
Uncalled bet ($0.03) returned to 7fce58b7
*** SHOWDOWN ***
7fce58b7 collected $0.04 from pot
*** SUMMARY ***
Total pot $0.04 | Rake $0 | Jackpot $0 | Bingo $0 | Fortune $0
Seat 1: 7fce58b7 (big blind) collected ($0.04)
Seat 2: Hero folded before Flop (didn't bet)
Seat 3: 18aa84d7 folded before Flop (didn't bet)
Seat 4: 166383f5 folded before Flop (didn't bet)
Seat 5: 756282e8 (button) folded before Flop (didn't bet)
Seat 6: 34ea130d (small blind) folded before Flop


Poker Hand #HD1201785952: Hold'em No Limit  ($0.02/$0.05) - 2023/04/13 17:57:59
Table 'NLHBlue65' 6-max Seat #4 is the button
Seat 1: 7fce58b7 ($5.85 in chips)
Seat 2: Hero ($7.09 in chips)
Seat 3: 18aa84d7 ($4.4 in chips)
Seat 4: 166383f5 ($6.06 in chips)
Seat 5: 756282e8 ($5 in chips)
Seat 6: 34ea130d ($2.8 in chips)
756282e8: posts small blind $0.02
34ea130d: posts big blind $0.05
*** HOLE CARDS ***
Dealt to 7fce58b7 
Dealt to Hero [9h 5d]
Dealt to 18aa84d7 
Dealt to 166383f5 
Dealt to 756282e8 
Dealt to 34ea130d 
7fce58b7: raises $0.05 to $0.1
Hero: folds
18aa84d7: folds
166383f5: folds
756282e8: folds
34ea130d: calls $0.05
*** FLOP *** [7d Tc Qs]
34ea130d: checks
7fce58b7: bets $0.08
34ea130d: calls $0.08
*** TURN *** [7d Tc Qs] [6s]
34ea130d: checks
7fce58b7: bets $0.19
34ea130d: calls $0.19
*** RIVER *** [7d Tc Qs 6s] [4c]
34ea130d: bets $0.57
7fce58b7: raises $1.9 to $2.47
34ea130d: folds
Uncalled bet ($1.9) returned to 7fce58b7
*** SHOWDOWN ***
7fce58b7 collected $1.76 from pot
*** SUMMARY ***
Total pot $1.9 | Rake $0.09 | Jackpot $0.05 | Bingo $0 | Fortune $0
Board [7d Tc Qs 6s 4c]
Seat 1: 7fce58b7 won ($1.76)
Seat 2: Hero folded before Flop (didn't bet)
Seat 3: 18aa84d7 folded before Flop (didn't bet)
Seat 4: 166383f5 (button) folded before Flop (didn't bet)
Seat 5: 756282e8 (small blind) folded before Flop
Seat 6: 34ea130d (big blind) folded on the River


Poker Hand #HD1201785913: Hold'em No Limit  ($0.02/$0.05) - 2023/04/13 17:57:43
Table 'NLHBlue65' 6-max Seat #3 is the button
Seat 1: 7fce58b7 ($5.78 in chips)
Seat 2: Hero ($7.09 in chips)
Seat 3: 18aa84d7 ($4.4 in chips)
Seat 4: 166383f5 ($6.08 in chips)
Seat 5: 756282e8 ($5 in chips)
Seat 6: 34ea130d ($2.8 in chips)
166383f5: posts small blind $0.02
756282e8: posts big blind $0.05
*** HOLE CARDS ***
Dealt to 7fce58b7 
Dealt to Hero [3s Ks]
Dealt to 18aa84d7 
Dealt to 166383f5 
Dealt to 756282e8 
Dealt to 34ea130d 
34ea130d: folds
7fce58b7: raises $0.05 to $0.1
Hero: folds
18aa84d7: folds
166383f5: folds
756282e8: folds
Uncalled bet ($0.05) returned to 7fce58b7
*** SHOWDOWN ***
7fce58b7 collected $0.12 from pot
*** SUMMARY ***
Total pot $0.12 | Rake $0 | Jackpot $0 | Bingo $0 | Fortune $0
Seat 1: 7fce58b7 collected ($0.12)
Seat 2: Hero folded before Flop (didn't bet)
Seat 3: 18aa84d7 (button) folded before Flop (didn't bet)
Seat 4: 166383f5 (small blind) folded before Flop
Seat 5: 756282e8 (big blind) folded before Flop
Seat 6: 34ea130d folded before Flop (didn't bet)


Poker Hand #HD1201785795: Hold'em No Limit  ($0.02/$0.05) - 2023/04/13 17:56:54
Table 'NLHBlue65' 6-max Seat #2 is the button
Seat 1: 7fce58b7 ($7.24 in chips)
Seat 2: Hero ($7.09 in chips)
Seat 3: 18aa84d7 ($4.42 in chips)
Seat 4: 166383f5 ($6.13 in chips)
Seat 6: 34ea130d ($1.46 in chips)
18aa84d7: posts small blind $0.02
166383f5: posts big blind $0.05
*** HOLE CARDS ***
Dealt to 7fce58b7 
Dealt to Hero [Jd 2h]
Dealt to 18aa84d7 
Dealt to 166383f5 
Dealt to 34ea130d 
34ea130d: raises $0.15 to $0.2
7fce58b7: raises $0.36 to $0.56
Hero: folds
18aa84d7: folds
166383f5: folds
34ea130d: raises $0.9 to $1.46 and is all-in
7fce58b7: calls $0.9
34ea130d: shows [Qs Kh]
7fce58b7: shows [Qc 9c]
*** FLOP *** [6h 2c 6s]
*** TURN *** [6h 2c 6s] [Qd]
*** RIVER *** [6h 2c 6s Qd] [5d]
*** SHOWDOWN ***
34ea130d collected $2.8 from pot
*** SUMMARY ***
Total pot $2.99 | Rake $0.14 | Jackpot $0.05 | Bingo $0 | Fortune $0
Board [6h 2c 6s Qd 5d]
Seat 1: 7fce58b7 showed [Qc 9c] and lost with Pair of Queens and Pair of Sixes
Seat 2: Hero (button) folded before Flop (didn't bet)
Seat 3: 18aa84d7 (small blind) folded before Flop
Seat 4: 166383f5 (big blind) folded before Flop
Seat 6: 34ea130d showed [Qs Kh] and won ($2.8) with Pair of Queens and Pair of Sixes


Poker Hand #HD1201785757: Hold'em No Limit  ($0.02/$0.05) - 2023/04/13 17:56:41
Table 'NLHBlue65' 6-max Seat #1 is the button
Seat 1: 7fce58b7 ($7.24 in chips)
Seat 2: Hero ($7.04 in chips)
Seat 3: 18aa84d7 ($4.47 in chips)
Seat 6: 34ea130d ($1.46 in chips)
Hero: posts small blind $0.02
18aa84d7: posts big blind $0.05
*** HOLE CARDS ***
Dealt to 7fce58b7 
Dealt to Hero [6c Ac]
Dealt to 18aa84d7 
Dealt to 34ea130d 
34ea130d: folds
7fce58b7: folds
Hero: raises $0.09 to $0.14
18aa84d7: folds
Uncalled bet ($0.09) returned to Hero
*** SHOWDOWN ***
Hero collected $0.1 from pot
*** SUMMARY ***
Total pot $0.1 | Rake $0 | Jackpot $0 | Bingo $0 | Fortune $0
Seat 1: 7fce58b7 (button) folded before Flop (didn't bet)
Seat 2: Hero (small blind) collected ($0.1)
Seat 3: 18aa84d7 (big blind) folded before Flop
Seat 6: 34ea130d folded before Flop (didn't bet)


Poker Hand #HD1201785721: Hold'em No Limit  ($0.02/$0.05) - 2023/04/13 17:56:25
Table 'NLHBlue65' 6-max Seat #6 is the button
Seat 1: 7fce58b7 ($7.26 in chips)
Seat 2: Hero ($7.02 in chips)
Seat 3: 18aa84d7 ($4.47 in chips)
Seat 6: 34ea130d ($1.46 in chips)
7fce58b7: posts small blind $0.02
Hero: posts big blind $0.05
*** HOLE CARDS ***
Dealt to 7fce58b7 
Dealt to Hero [Ac 5h]
Dealt to 18aa84d7 
Dealt to 34ea130d 
18aa84d7: folds
34ea130d: folds
7fce58b7: folds
Uncalled bet ($0.03) returned to Hero
*** SHOWDOWN ***
Hero collected $0.04 from pot
*** SUMMARY ***
Total pot $0.04 | Rake $0 | Jackpot $0 | Bingo $0 | Fortune $0
Seat 1: 7fce58b7 (small blind) folded before Flop
Seat 2: Hero (big blind) collected ($0.04)
Seat 3: 18aa84d7 folded before Flop (didn't bet)
Seat 6: 34ea130d (button) folded before Flop (didn't bet)


Poker Hand #HD1201695599: Hold'em No Limit  ($0.02/$0.05) - 2023/04/13 17:55:34
Table 'NLHBlue65' 6-max Seat #4 is the button
Seat 1: 7fce58b7 ($7.46 in chips)
Seat 2: Hero ($7.02 in chips)
Seat 3: 18aa84d7 ($4.27 in chips)
Seat 4: 98989c69 ($5.41 in chips)
Seat 6: 34ea130d ($1.48 in chips)
34ea130d: posts small blind $0.02
7fce58b7: posts big blind $0.05
*** HOLE CARDS ***
Dealt to 7fce58b7 
Dealt to Hero [Th Jd]
Dealt to 18aa84d7 
Dealt to 98989c69 
Dealt to 34ea130d 
Hero: folds
18aa84d7: raises $0.15 to $0.2
98989c69: folds
34ea130d: folds
7fce58b7: calls $0.15
*** FLOP *** [Ad Td Qh]
7fce58b7: checks
18aa84d7: bets $0.21
7fce58b7: folds
Uncalled bet ($0.21) returned to 18aa84d7
*** SHOWDOWN ***
18aa84d7 collected $0.4 from pot
*** SUMMARY ***
Total pot $0.42 | Rake $0.02 | Jackpot $0 | Bingo $0 | Fortune $0
Board [Ad Td Qh]
Seat 1: 7fce58b7 (big blind) folded on the Flop
Seat 2: Hero folded before Flop (didn't bet)
Seat 3: 18aa84d7 won ($0.4)
Seat 4: 98989c69 (button) folded before Flop (didn't bet)
Seat 6: 34ea130d (small blind) folded before Flop


Poker Hand #HD1201695361: Hold'em No Limit  ($0.02/$0.05) - 2023/04/13 17:54:03
Table 'NLHBlue65' 6-max Seat #3 is the button
Seat 1: 7fce58b7 ($7.46 in chips)
Seat 2: Hero ($7.02 in chips)
Seat 3: 18aa84d7 ($4.78 in chips)
Seat 4: 98989c69 ($5.43 in chips)
Seat 6: 34ea130d ($1 in chips)
98989c69: posts small blind $0.02
34ea130d: posts big blind $0.05
*** HOLE CARDS ***
Dealt to 7fce58b7 
Dealt to Hero [7d 9c]
Dealt to 18aa84d7 
Dealt to 98989c69 
Dealt to 34ea130d 
7fce58b7: folds
Hero: folds
18aa84d7: raises $0.1 to $0.15
98989c69: folds
34ea130d: raises $0.1 to $0.25
18aa84d7: calls $0.1
*** FLOP *** [6c Ah 6s]
34ea130d: bets $0.26
18aa84d7: calls $0.26
*** TURN *** [6c Ah 6s] [9h]
34ea130d: bets $0.49 and is all-in
18aa84d7: folds
Uncalled bet ($0.49) returned to 34ea130d
*** SHOWDOWN ***
34ea130d collected $0.99 from pot
*** SUMMARY ***
Total pot $1.04 | Rake $0.05 | Jackpot $0 | Bingo $0 | Fortune $0
Board [6c Ah 6s 9h]
Seat 1: 7fce58b7 folded before Flop (didn't bet)
Seat 2: Hero folded before Flop (didn't bet)
Seat 3: 18aa84d7 (button) folded on the Turn
Seat 4: 98989c69 (small blind) folded before Flop
Seat 6: 34ea130d (big blind) won ($0.99)


Poker Hand #HD1201695261: Hold'em No Limit  ($0.02/$0.05) - 2023/04/13 17:53:26
Table 'NLHBlue65' 6-max Seat #2 is the button
Seat 1: 7fce58b7 ($7.46 in chips)
Seat 2: Hero ($7.02 in chips)
Seat 3: 18aa84d7 ($4.64 in chips)
Seat 4: 98989c69 ($5.58 in chips)
18aa84d7: posts small blind $0.02
98989c69: posts big blind $0.05
*** HOLE CARDS ***
Dealt to 7fce58b7 
Dealt to Hero [6d Kc]
Dealt to 18aa84d7 
Dealt to 98989c69 
7fce58b7: folds
Hero: folds
18aa84d7: raises $0.1 to $0.15
98989c69: calls $0.1
*** FLOP *** [Qh Ad 9d]
18aa84d7: bets $0.23
98989c69: folds
Uncalled bet ($0.23) returned to 18aa84d7
*** SHOWDOWN ***
18aa84d7 collected $0.29 from pot
*** SUMMARY ***
Total pot $0.3 | Rake $0.01 | Jackpot $0 | Bingo $0 | Fortune $0
Board [Qh Ad 9d]
Seat 1: 7fce58b7 folded before Flop (didn't bet)
Seat 2: Hero (button) folded before Flop (didn't bet)
Seat 3: 18aa84d7 (small blind) won ($0.29)
Seat 4: 98989c69 (big blind) folded on the Flop


Poker Hand #HD1201695233: Hold'em No Limit  ($0.02/$0.05) - 2023/04/13 17:53:15
Table 'NLHBlue65' 6-max Seat #1 is the button
Seat 1: 7fce58b7 ($7.46 in chips)
Seat 2: Hero ($7.04 in chips)
Seat 3: 18aa84d7 ($4.62 in chips)
Seat 4: 98989c69 ($5.58 in chips)
Hero: posts small blind $0.02
18aa84d7: posts big blind $0.05
*** HOLE CARDS ***
Dealt to 7fce58b7 
Dealt to Hero [2d Tc]
Dealt to 18aa84d7 
Dealt to 98989c69 
98989c69: folds
7fce58b7: folds
Hero: folds
Uncalled bet ($0.03) returned to 18aa84d7
*** SHOWDOWN ***
18aa84d7 collected $0.04 from pot
*** SUMMARY ***
Total pot $0.04 | Rake $0 | Jackpot $0 | Bingo $0 | Fortune $0
Seat 1: 7fce58b7 (button) folded before Flop (didn't bet)
Seat 2: Hero (small blind) folded before Flop
Seat 3: 18aa84d7 (big blind) collected ($0.04)
Seat 4: 98989c69 folded before Flop (didn't bet)


Poker Hand #HD1201695087: Hold'em No Limit  ($0.02/$0.05) - 2023/04/13 17:52:16
Table 'NLHBlue65' 6-max Seat #5 is the button
Seat 1: 7fce58b7 ($7.89 in chips)
Seat 2: Hero ($7.09 in chips)
Seat 3: 18aa84d7 ($4.18 in chips)
Seat 4: 98989c69 ($5.58 in chips)
Seat 5: 58f2f015 ($4.96 in chips)
7fce58b7: posts small blind $0.02
Hero: posts big blind $0.05
*** HOLE CARDS ***
Dealt to 7fce58b7 
Dealt to Hero [3h 6d]
Dealt to 18aa84d7 
Dealt to 98989c69 
Dealt to 58f2f015 
18aa84d7: raises $0.15 to $0.2
98989c69: folds
58f2f015: folds
7fce58b7: calls $0.18
Hero: folds
*** FLOP *** [Jd 9c 2s]
7fce58b7: checks
18aa84d7: bets $0.23
7fce58b7: calls $0.23
*** TURN *** [Jd 9c 2s] [Jh]
7fce58b7: checks
18aa84d7: bets $0.31
7fce58b7: folds
Uncalled bet ($0.31) returned to 18aa84d7
*** SHOWDOWN ***
18aa84d7 collected $0.87 from pot
*** SUMMARY ***
Total pot $0.91 | Rake $0.04 | Jackpot $0 | Bingo $0 | Fortune $0
Board [Jd 9c 2s Jh]
Seat 1: 7fce58b7 (small blind) folded on the Turn
Seat 2: Hero (big blind) folded before Flop
Seat 3: 18aa84d7 won ($0.87)
Seat 4: 98989c69 folded before Flop (didn't bet)
Seat 5: 58f2f015 (button) folded before Flop (didn't bet)


Poker Hand #HD1201694966: Hold'em No Limit  ($0.02/$0.05) - 2023/04/13 17:51:29
Table 'NLHBlue65' 6-max Seat #4 is the button
Seat 1: 7fce58b7 ($8.09 in chips)
Seat 2: Hero ($6.19 in chips)
Seat 3: 18aa84d7 ($5 in chips)
Seat 4: 98989c69 ($5.58 in chips)
Seat 5: 58f2f015 ($4.98 in chips)
58f2f015: posts small blind $0.02
7fce58b7: posts big blind $0.05
18aa84d7: posts big blind $0.05
*** HOLE CARDS ***
Dealt to 7fce58b7 
Dealt to Hero [Jh Qh]
Dealt to 18aa84d7 
Dealt to 98989c69 
Dealt to 58f2f015 
Hero: raises $0.15 to $0.2
18aa84d7: calls $0.15
98989c69: folds
58f2f015: folds
7fce58b7: calls $0.15
*** FLOP *** [Qd 5s 5c]
7fce58b7: checks
Hero: bets $0.23
18aa84d7: calls $0.23
7fce58b7: folds
*** TURN *** [Qd 5s 5c] [4c]
Hero: bets $0.39
18aa84d7: calls $0.39
*** RIVER *** [Qd 5s 5c 4c] [Ks]
Hero: checks
18aa84d7: checks
Hero: shows [Jh Qh] (Pair of Queens and Pair of Fives)
18aa84d7: shows [Jc Jd] (Pair of Jacks and Pair of Fives)
*** SHOWDOWN ***
Hero collected $1.72 from pot
*** SUMMARY ***
Total pot $1.86 | Rake $0.09 | Jackpot $0.05 | Bingo $0 | Fortune $0
Board [Qd 5s 5c 4c Ks]
Seat 1: 7fce58b7 (big blind) folded on the Flop
Seat 2: Hero showed [Jh Qh] and won ($1.72) with Pair of Queens and Pair of Fives
Seat 3: 18aa84d7 showed [Jc Jd] and lost with Pair of Jacks and Pair of Fives
Seat 4: 98989c69 (button) folded before Flop (didn't bet)
Seat 5: 58f2f015 (small blind) folded before Flop


Poker Hand #HD1201694884: Hold'em No Limit  ($0.02/$0.05) - 2023/04/13 17:50:57
Table 'NLHBlue65' 6-max Seat #2 is the button
Seat 1: 7fce58b7 ($8.09 in chips)
Seat 2: Hero ($6.19 in chips)
Seat 4: 98989c69 ($5.6 in chips)
Seat 5: 58f2f015 ($4.85 in chips)
Seat 6: 1e4e831 ($6.59 in chips)
98989c69: posts small blind $0.02
58f2f015: posts big blind $0.05
*** HOLE CARDS ***
Dealt to 7fce58b7 
Dealt to Hero [4s 4d]
Dealt to 98989c69 
Dealt to 58f2f015 
Dealt to 1e4e831 
1e4e831: raises $0.07 to $0.12
7fce58b7: folds
Hero: folds
98989c69: folds
58f2f015: calls $0.07
*** FLOP *** [6h Jd 5h]
58f2f015: bets $0.15
1e4e831: folds
Uncalled bet ($0.15) returned to 58f2f015
*** SHOWDOWN ***
58f2f015 collected $0.25 from pot
*** SUMMARY ***
Total pot $0.26 | Rake $0.01 | Jackpot $0 | Bingo $0 | Fortune $0
Board [6h Jd 5h]
Seat 1: 7fce58b7 folded before Flop (didn't bet)
Seat 2: Hero (button) folded before Flop (didn't bet)
Seat 4: 98989c69 (small blind) folded before Flop
Seat 5: 58f2f015 (big blind) won ($0.25)
Seat 6: 1e4e831 folded on the Flop


Poker Hand #HD1201694850: Hold'em No Limit  ($0.02/$0.05) - 2023/04/13 17:50:42
Table 'NLHBlue65' 6-max Seat #1 is the button
Seat 1: 7fce58b7 ($8.09 in chips)
Seat 2: Hero ($6.14 in chips)
Seat 4: 98989c69 ($5.65 in chips)
Seat 6: 1e4e831 ($6.59 in chips)
Hero: posts small blind $0.02
98989c69: posts big blind $0.05
*** HOLE CARDS ***
Dealt to 7fce58b7 
Dealt to Hero [Qc 9d]
Dealt to 98989c69 
Dealt to 1e4e831 
1e4e831: folds
7fce58b7: folds
Hero: raises $0.09 to $0.14
98989c69: folds
Uncalled bet ($0.09) returned to Hero
*** SHOWDOWN ***
Hero collected $0.1 from pot
*** SUMMARY ***
Total pot $0.1 | Rake $0 | Jackpot $0 | Bingo $0 | Fortune $0
Seat 1: 7fce58b7 (button) folded before Flop (didn't bet)
Seat 2: Hero (small blind) collected ($0.1)
Seat 4: 98989c69 (big blind) folded before Flop
Seat 6: 1e4e831 folded before Flop (didn't bet)


Poker Hand #HD1201694736: Hold'em No Limit  ($0.02/$0.05) - 2023/04/13 17:49:50
Table 'NLHBlue65' 6-max Seat #6 is the button
Seat 1: 7fce58b7 ($8.11 in chips)
Seat 2: Hero ($6.99 in chips)
Seat 3: 412750c8 ($5.29 in chips)
Seat 4: 98989c69 ($4.93 in chips)
Seat 6: 1e4e831 ($6.59 in chips)
7fce58b7: posts small blind $0.02
Hero: posts big blind $0.05
*** HOLE CARDS ***
Dealt to 7fce58b7 
Dealt to Hero [Ac 8c]
Dealt to 412750c8 
Dealt to 98989c69 
Dealt to 1e4e831 
412750c8: folds
98989c69: raises $0.1 to $0.15
1e4e831: folds
7fce58b7: folds
Hero: calls $0.1
*** FLOP *** [5c 7c Qd]
Hero: checks
98989c69: checks
*** TURN *** [5c 7c Qd] [Th]
Hero: bets $0.24
98989c69: calls $0.24
*** RIVER *** [5c 7c Qd Th] [Kh]
Hero: bets $0.46
98989c69: raises $1.02 to $1.48
Hero: folds
Uncalled bet ($1.02) returned to 98989c69
*** SHOWDOWN ***
98989c69 collected $1.57 from pot
*** SUMMARY ***
Total pot $1.72 | Rake $0.1 | Jackpot $0.05 | Bingo $0 | Fortune $0
Board [5c 7c Qd Th Kh]
Seat 1: 7fce58b7 (small blind) folded before Flop
Seat 2: Hero (big blind) folded on the River
Seat 3: 412750c8 folded before Flop (didn't bet)
Seat 4: 98989c69 won ($1.57)
Seat 6: 1e4e831 (button) folded before Flop (didn't bet)


Poker Hand #HD1201694710: Hold'em No Limit  ($0.02/$0.05) - 2023/04/13 17:49:38
Table 'NLHBlue65' 6-max Seat #4 is the button
Seat 1: 7fce58b7 ($8.16 in chips)
Seat 2: Hero ($6.99 in chips)
Seat 3: 412750c8 ($5.29 in chips)
Seat 4: 98989c69 ($4.93 in chips)
Seat 6: 1e4e831 ($6.54 in chips)
1e4e831: posts small blind $0.02
7fce58b7: posts big blind $0.05
*** HOLE CARDS ***
Dealt to 7fce58b7 
Dealt to Hero [Tc 7c]
Dealt to 412750c8 
Dealt to 98989c69 
Dealt to 1e4e831 
Hero: folds
412750c8: folds
98989c69: folds
1e4e831: raises $0.07 to $0.12
7fce58b7: folds
Uncalled bet ($0.07) returned to 1e4e831
*** SHOWDOWN ***
1e4e831 collected $0.1 from pot
*** SUMMARY ***
Total pot $0.1 | Rake $0 | Jackpot $0 | Bingo $0 | Fortune $0
Seat 1: 7fce58b7 (big blind) folded before Flop
Seat 2: Hero folded before Flop (didn't bet)
Seat 3: 412750c8 folded before Flop (didn't bet)
Seat 4: 98989c69 (button) folded before Flop (didn't bet)
Seat 6: 1e4e831 (small blind) collected ($0.1)


Poker Hand #HD1201694586: Hold'em No Limit  ($0.02/$0.05) - 2023/04/13 17:48:52
Table 'NLHBlue65' 6-max Seat #3 is the button
Seat 1: 7fce58b7 ($9.02 in chips)
Seat 2: Hero ($6.19 in chips)
Seat 3: 412750c8 ($5.29 in chips)
Seat 4: 98989c69 ($4.95 in chips)
Seat 6: 1e4e831 ($6.59 in chips)
98989c69: posts small blind $0.02
1e4e831: posts big blind $0.05
*** HOLE CARDS ***
Dealt to 7fce58b7 
Dealt to Hero [Qc Qs]
Dealt to 412750c8 
Dealt to 98989c69 
Dealt to 1e4e831 
7fce58b7: raises $0.05 to $0.1
Hero: raises $0.22 to $0.32
412750c8: folds
98989c69: folds
1e4e831: folds
7fce58b7: calls $0.22
*** FLOP *** [Td Jh 9h]
7fce58b7: checks
Hero: bets $0.54
7fce58b7: calls $0.54
*** TURN *** [Td Jh 9h] [4s]
7fce58b7: checks
Hero: bets $0.9
7fce58b7: folds
Uncalled bet ($0.9) returned to Hero
*** SHOWDOWN ***
Hero collected $1.66 from pot
*** SUMMARY ***
Total pot $1.79 | Rake $0.08 | Jackpot $0.05 | Bingo $0 | Fortune $0
Board [Td Jh 9h 4s]
Seat 1: 7fce58b7 folded on the Turn
Seat 2: Hero won ($1.66)
Seat 3: 412750c8 (button) folded before Flop (didn't bet)
Seat 4: 98989c69 (small blind) folded before Flop
Seat 6: 1e4e831 (big blind) folded before Flop


Poker Hand #HD1201694447: Hold'em No Limit  ($0.02/$0.05) - 2023/04/13 17:47:57
Table 'NLHBlue65' 6-max Seat #2 is the button
Seat 1: 7fce58b7 ($9.02 in chips)
Seat 2: Hero ($6.46 in chips)
Seat 3: 412750c8 ($5 in chips)
Seat 4: 98989c69 ($5 in chips)
Seat 5: 23b72e53 ($6.13 in chips)
Seat 6: 1e4e831 ($6.59 in chips)
412750c8: posts small blind $0.02
98989c69: posts big blind $0.05
*** HOLE CARDS ***
Dealt to 7fce58b7 
Dealt to Hero [Ac 3d]
Dealt to 412750c8 
Dealt to 98989c69 
Dealt to 23b72e53 
Dealt to 1e4e831 
23b72e53: folds
1e4e831: folds
7fce58b7: folds
Hero: raises $0.07 to $0.12
412750c8: calls $0.1
98989c69: folds
*** FLOP *** [3s 8c 2h]
412750c8: bets $0.15
Hero: calls $0.15
*** TURN *** [3s 8c 2h] [6c]
412750c8: bets $0.46
Hero: folds
Uncalled bet ($0.46) returned to 412750c8
*** SHOWDOWN ***
412750c8 collected $0.56 from pot
*** SUMMARY ***
Total pot $0.59 | Rake $0.03 | Jackpot $0 | Bingo $0 | Fortune $0
Board [3s 8c 2h 6c]
Seat 1: 7fce58b7 folded before Flop (didn't bet)
Seat 2: Hero (button) folded on the Turn
Seat 3: 412750c8 (small blind) won ($0.56)
Seat 4: 98989c69 (big blind) folded before Flop
Seat 5: 23b72e53 folded before Flop (didn't bet)
Seat 6: 1e4e831 folded before Flop (didn't bet)


Poker Hand #HD1201694293: Hold'em No Limit  ($0.02/$0.05) - 2023/04/13 17:46:55
Table 'NLHBlue65' 6-max Seat #1 is the button
Seat 1: 7fce58b7 ($5.42 in chips)
Seat 2: Hero ($6.48 in chips)
Seat 3: 412750c8 ($6.13 in chips)
Seat 5: 23b72e53 ($6.13 in chips)
Seat 6: 1e4e831 ($6.59 in chips)
Hero: posts small blind $0.02
412750c8: posts big blind $0.05
*** HOLE CARDS ***
Dealt to 7fce58b7 
Dealt to Hero [3d Tc]
Dealt to 412750c8 
Dealt to 23b72e53 
Dealt to 1e4e831 
23b72e53: folds
1e4e831: folds
7fce58b7: raises $0.15 to $0.2
Hero: folds
412750c8: raises $0.6 to $0.8
7fce58b7: raises $1.62 to $2.42
412750c8: calls $1.62
*** FLOP *** [9h 9s 8c]
412750c8: checks
7fce58b7: bets $1.61
412750c8: calls $1.61
*** TURN *** [9h 9s 8c] [Qc]
412750c8: checks
7fce58b7: bets $1.39 and is all-in
412750c8: folds
Uncalled bet ($1.39) returned to 7fce58b7
*** SHOWDOWN ***
7fce58b7 collected $7.63 from pot
*** SUMMARY ***
Total pot $8.08 | Rake $0.4 | Jackpot $0.05 | Bingo $0 | Fortune $0
Board [9h 9s 8c Qc]
Seat 1: 7fce58b7 (button) won ($7.63)
Seat 2: Hero (small blind) folded before Flop
Seat 3: 412750c8 (big blind) folded on the Turn
Seat 5: 23b72e53 folded before Flop (didn't bet)
Seat 6: 1e4e831 folded before Flop (didn't bet)


Poker Hand #HD1201694274: Hold'em No Limit  ($0.02/$0.05) - 2023/04/13 17:46:46
Table 'NLHBlue65' 6-max Seat #6 is the button
Seat 1: 7fce58b7 ($5.44 in chips)
Seat 2: Hero ($6.46 in chips)
Seat 3: 412750c8 ($6.13 in chips)
Seat 5: 23b72e53 ($6.13 in chips)
Seat 6: 1e4e831 ($6.59 in chips)
7fce58b7: posts small blind $0.02
Hero: posts big blind $0.05
*** HOLE CARDS ***
Dealt to 7fce58b7 
Dealt to Hero [2c 9c]
Dealt to 412750c8 
Dealt to 23b72e53 
Dealt to 1e4e831 
412750c8: folds
23b72e53: folds
1e4e831: folds
7fce58b7: folds
Uncalled bet ($0.03) returned to Hero
*** SHOWDOWN ***
Hero collected $0.04 from pot
*** SUMMARY ***
Total pot $0.04 | Rake $0 | Jackpot $0 | Bingo $0 | Fortune $0
Seat 1: 7fce58b7 (small blind) folded before Flop
Seat 2: Hero (big blind) collected ($0.04)
Seat 3: 412750c8 folded before Flop (didn't bet)
Seat 5: 23b72e53 folded before Flop (didn't bet)
Seat 6: 1e4e831 (button) folded before Flop (didn't bet)


Poker Hand #HD1201694185: Hold'em No Limit  ($0.02/$0.05) - 2023/04/13 17:46:10
Table 'NLHBlue65' 6-max Seat #5 is the button
Seat 1: 7fce58b7 ($5.85 in chips)
Seat 2: Hero ($6.46 in chips)
Seat 3: 412750c8 ($5.74 in chips)
Seat 5: 23b72e53 ($6.13 in chips)
Seat 6: 1e4e831 ($6.61 in chips)
1e4e831: posts small blind $0.02
7fce58b7: posts big blind $0.05
*** HOLE CARDS ***
Dealt to 7fce58b7 
Dealt to Hero [9h 3c]
Dealt to 412750c8 
Dealt to 23b72e53 
Dealt to 1e4e831 
Hero: folds
412750c8: raises $0.08 to $0.13
23b72e53: folds
1e4e831: folds
7fce58b7: calls $0.08
*** FLOP *** [5h 6h 2s]
7fce58b7: checks
412750c8: checks
*** TURN *** [5h 6h 2s] [9s]
7fce58b7: checks
412750c8: checks
*** RIVER *** [5h 6h 2s 9s] [Ts]
7fce58b7: checks
412750c8: bets $0.28
7fce58b7: calls $0.28
412750c8: shows [Ks Js] (King High Flush)
7fce58b7: shows [Th 3d] (Pair of Tens)
*** SHOWDOWN ***
412750c8 collected $0.8 from pot
*** SUMMARY ***
Total pot $0.84 | Rake $0.04 | Jackpot $0 | Bingo $0 | Fortune $0
Board [5h 6h 2s 9s Ts]
Seat 1: 7fce58b7 (big blind) showed [Th 3d] and lost with Pair of Tens
Seat 2: Hero folded before Flop (didn't bet)
Seat 3: 412750c8 showed [Ks Js] and won ($0.8) with King High Flush
Seat 5: 23b72e53 (button) folded before Flop (didn't bet)
Seat 6: 1e4e831 (small blind) folded before Flop


Poker Hand #HD1201694041: Hold'em No Limit  ($0.02/$0.05) - 2023/04/13 17:45:13
Table 'NLHBlue65' 6-max Seat #4 is the button
Seat 1: 7fce58b7 ($5.85 in chips)
Seat 2: Hero ($6.46 in chips)
Seat 3: 412750c8 ($5.74 in chips)
Seat 4: 90fbbb44 ($4.32 in chips)
Seat 5: 23b72e53 ($5.9 in chips)
Seat 6: 1e4e831 ($6.86 in chips)
23b72e53: posts small blind $0.02
1e4e831: posts big blind $0.05
*** HOLE CARDS ***
Dealt to 7fce58b7 
Dealt to Hero [8d 2s]
Dealt to 412750c8 
Dealt to 90fbbb44 
Dealt to 23b72e53 
Dealt to 1e4e831 
7fce58b7: folds
Hero: folds
412750c8: folds
90fbbb44: folds
23b72e53: raises $0.1 to $0.15
1e4e831: calls $0.1
*** FLOP *** [Qh 3s 5h]
23b72e53: checks
1e4e831: bets $0.1
23b72e53: calls $0.1
*** TURN *** [Qh 3s 5h] [Js]
23b72e53: checks
1e4e831: checks
*** RIVER *** [Qh 3s 5h Js] [8c]
23b72e53: checks
1e4e831: checks
23b72e53: shows [9c 9d] (Pair of Nines)
1e4e831: shows [7d Kh] (King-High)
*** SHOWDOWN ***
23b72e53 collected $0.48 from pot
*** SUMMARY ***
Total pot $0.5 | Rake $0.02 | Jackpot $0 | Bingo $0 | Fortune $0
Board [Qh 3s 5h Js 8c]
Seat 1: 7fce58b7 folded before Flop (didn't bet)
Seat 2: Hero folded before Flop (didn't bet)
Seat 3: 412750c8 folded before Flop (didn't bet)
Seat 4: 90fbbb44 (button) folded before Flop (didn't bet)
Seat 5: 23b72e53 (small blind) showed [9c 9d] and won ($0.48) with Pair of Nines
Seat 6: 1e4e831 (big blind) showed [7d Kh] and lost with King-High


Poker Hand #HD1201693962: Hold'em No Limit  ($0.02/$0.05) - 2023/04/13 17:44:37
Table 'NLHBlue65' 6-max Seat #3 is the button
Seat 1: 7fce58b7 ($5.85 in chips)
Seat 2: Hero ($6.58 in chips)
Seat 3: 412750c8 ($5 in chips)
Seat 4: 90fbbb44 ($4.96 in chips)
Seat 5: 23b72e53 ($5.95 in chips)
Seat 6: 1e4e831 ($6.86 in chips)
90fbbb44: posts small blind $0.02
23b72e53: posts big blind $0.05
*** HOLE CARDS ***
Dealt to 7fce58b7 
Dealt to Hero [Js Td]
Dealt to 412750c8 
Dealt to 90fbbb44 
Dealt to 23b72e53 
Dealt to 1e4e831 
1e4e831: folds
7fce58b7: folds
Hero: raises $0.07 to $0.12
412750c8: raises $0.22 to $0.34
90fbbb44: calls $0.32
23b72e53: folds
Hero: folds
*** FLOP *** [Jh 5s 6s]
90fbbb44: checks
412750c8: bets $0.3
90fbbb44: calls $0.3
*** TURN *** [Jh 5s 6s] [6c]
90fbbb44: checks
412750c8: checks
*** RIVER *** [Jh 5s 6s 6c] [Qc]
90fbbb44: checks
412750c8: checks
90fbbb44: shows [4c 7d] (Pair of Sixes)
412750c8: shows [Kc Tc] (Pair of Sixes)
*** SHOWDOWN ***
412750c8 collected $1.38 from pot
*** SUMMARY ***
Total pot $1.45 | Rake $0.07 | Jackpot $0 | Bingo $0 | Fortune $0
Board [Jh 5s 6s 6c Qc]
Seat 1: 7fce58b7 folded before Flop (didn't bet)
Seat 2: Hero folded before Flop
Seat 3: 412750c8 (button) showed [Kc Tc] and won ($1.38) with Pair of Sixes
Seat 4: 90fbbb44 (small blind) showed [4c 7d] and lost with Pair of Sixes
Seat 5: 23b72e53 (big blind) folded before Flop
Seat 6: 1e4e831 folded before Flop (didn't bet)


Poker Hand #HD1201693895: Hold'em No Limit  ($0.02/$0.05) - 2023/04/13 17:44:12
Table 'NLHBlue65' 6-max Seat #2 is the button
Seat 1: 7fce58b7 ($5.85 in chips)
Seat 2: Hero ($6.45 in chips)
Seat 3: 412750c8 ($5 in chips)
Seat 4: 90fbbb44 ($5.08 in chips)
Seat 5: 23b72e53 ($5.95 in chips)
Seat 6: 1e4e831 ($6.86 in chips)
412750c8: posts small blind $0.02
90fbbb44: posts big blind $0.05
*** HOLE CARDS ***
Dealt to 7fce58b7 
Dealt to Hero [Ac 3d]
Dealt to 412750c8 
Dealt to 90fbbb44 
Dealt to 23b72e53 
Dealt to 1e4e831 
23b72e53: folds
1e4e831: folds
7fce58b7: folds
Hero: raises $0.07 to $0.12
412750c8: folds
90fbbb44: calls $0.07
*** FLOP *** [Jd 5c Qh]
90fbbb44: checks
Hero: checks
*** TURN *** [Jd 5c Qh] [Qs]
90fbbb44: checks
Hero: checks
*** RIVER *** [Jd 5c Qh Qs] [Th]
90fbbb44: checks
Hero: checks
90fbbb44: shows [6d 7h] (Pair of Queens)
Hero: shows [Ac 3d] (Pair of Queens)
*** SHOWDOWN ***
Hero collected $0.25 from pot
*** SUMMARY ***
Total pot $0.26 | Rake $0.01 | Jackpot $0 | Bingo $0 | Fortune $0
Board [Jd 5c Qh Qs Th]
Seat 1: 7fce58b7 folded before Flop (didn't bet)
Seat 2: Hero (button) showed [Ac 3d] and won ($0.25) with Pair of Queens
Seat 3: 412750c8 (small blind) folded before Flop
Seat 4: 90fbbb44 (big blind) showed [6d 7h] and lost with Pair of Queens
Seat 5: 23b72e53 folded before Flop (didn't bet)
Seat 6: 1e4e831 folded before Flop (didn't bet)


Poker Hand #HD1201693794: Hold'em No Limit  ($0.02/$0.05) - 2023/04/13 17:43:30
Table 'NLHBlue65' 6-max Seat #1 is the button
Seat 1: 7fce58b7 ($4.46 in chips)
Seat 2: Hero ($6.47 in chips)
Seat 3: 412750c8 ($5 in chips)
Seat 4: 90fbbb44 ($6.6 in chips)
Seat 5: 23b72e53 ($5.95 in chips)
Seat 6: 1e4e831 ($6.86 in chips)
Hero: posts small blind $0.02
412750c8: posts big blind $0.05
*** HOLE CARDS ***
Dealt to 7fce58b7 
Dealt to Hero [4d 2c]
Dealt to 412750c8 
Dealt to 90fbbb44 
Dealt to 23b72e53 
Dealt to 1e4e831 
90fbbb44: raises $0.1 to $0.15
23b72e53: folds
1e4e831: folds
7fce58b7: raises $0.28 to $0.43
Hero: folds
412750c8: folds
90fbbb44: calls $0.28
*** FLOP *** [Qh 3s 4h]
90fbbb44: checks
7fce58b7: bets $0.31
90fbbb44: calls $0.31
*** TURN *** [Qh 3s 4h] [4c]
90fbbb44: checks
7fce58b7: bets $0.78
90fbbb44: calls $0.78
*** RIVER *** [Qh 3s 4h 4c] [Jd]
90fbbb44: checks
7fce58b7: bets $2.94 and is all-in
90fbbb44: folds
Uncalled bet ($2.94) returned to 7fce58b7
*** SHOWDOWN ***
7fce58b7 collected $2.91 from pot
*** SUMMARY ***
Total pot $3.11 | Rake $0.15 | Jackpot $0.05 | Bingo $0 | Fortune $0
Board [Qh 3s 4h 4c Jd]
Seat 1: 7fce58b7 (button) won ($2.91)
Seat 2: Hero (small blind) folded before Flop
Seat 3: 412750c8 (big blind) folded before Flop
Seat 4: 90fbbb44 folded on the River
Seat 5: 23b72e53 folded before Flop (didn't bet)
Seat 6: 1e4e831 folded before Flop (didn't bet)


Poker Hand #HD1201693628: Hold'em No Limit  ($0.02/$0.05) - 2023/04/13 17:42:18
Table 'NLHBlue65' 6-max Seat #6 is the button
Seat 1: 7fce58b7 ($4.48 in chips)
Seat 2: Hero ($5 in chips)
Seat 3: 412750c8 ($5.78 in chips)
Seat 4: 90fbbb44 ($6.73 in chips)
Seat 5: 23b72e53 ($5.95 in chips)
Seat 6: 1e4e831 ($6.86 in chips)
7fce58b7: posts small blind $0.02
Hero: posts big blind $0.05
*** HOLE CARDS ***
Dealt to 7fce58b7 
Dealt to Hero [Ac Ah]
Dealt to 412750c8 
Dealt to 90fbbb44 
Dealt to 23b72e53 
Dealt to 1e4e831 
412750c8: raises $0.08 to $0.13
90fbbb44: calls $0.13
23b72e53: folds
1e4e831: folds
7fce58b7: folds
Hero: raises $0.55 to $0.68
412750c8: raises $0.84 to $1.52
90fbbb44: folds
Hero: raises $3.48 to $5 and is all-in
412750c8: folds
Uncalled bet ($3.48) returned to Hero
*** SHOWDOWN ***
Hero collected $2.99 from pot
*** SUMMARY ***
Total pot $3.19 | Rake $0.15 | Jackpot $0.05 | Bingo $0 | Fortune $0
Seat 1: 7fce58b7 (small blind) folded before Flop
Seat 2: Hero (big blind) collected ($2.99)
Seat 3: 412750c8 folded before Flop
Seat 4: 90fbbb44 folded before Flop
Seat 5: 23b72e53 folded before Flop (didn't bet)
Seat 6: 1e4e831 (button) folded before Flop (didn't bet)


