Poker Hand #HD1157482041: Hold'em No Limit  ($0.02/$0.05) - 2023/03/12 22:00:58
Table 'NLHBlue85' 6-max Seat #1 is the button
Seat 1: c7f54e1b ($5.7 in chips)
Seat 2: 87474b1d ($4.95 in chips)
Seat 3: 76bd39c3 ($5.16 in chips)
Seat 4: Hero ($6.8 in chips)
Seat 5: 866f50ee ($1.85 in chips)
Seat 6: 864960bd ($6.04 in chips)
87474b1d: posts small blind $0.02
76bd39c3: posts big blind $0.05
*** HOLE CARDS ***
Dealt to c7f54e1b 
Dealt to 87474b1d 
Dealt to 76bd39c3 
Dealt to Hero [8c 4d]
Dealt to 866f50ee 
Dealt to 864960bd 
Hero: folds
866f50ee: folds
864960bd: folds
c7f54e1b: folds
87474b1d: raises $0.1 to $0.15
76bd39c3: folds
Uncalled bet ($0.1) returned to 87474b1d
*** SHOWDOWN ***
87474b1d collected $0.1 from pot
*** SUMMARY ***
Total pot $0.1 | Rake $0 | Jackpot $0 | Bingo $0 | Fortune $0
Seat 1: c7f54e1b (button) folded before Flop (didn't bet)
Seat 2: 87474b1d (small blind) collected ($0.1)
Seat 3: 76bd39c3 (big blind) folded before Flop
Seat 4: Hero folded before Flop (didn't bet)
Seat 5: 866f50ee folded before Flop (didn't bet)
Seat 6: 864960bd folded before Flop (didn't bet)


Poker Hand #HD1157481863: Hold'em No Limit  ($0.02/$0.05) - 2023/03/12 21:59:37
Table 'NLHBlue85' 6-max Seat #6 is the button
Seat 1: c7f54e1b ($5.42 in chips)
Seat 2: 87474b1d ($5 in chips)
Seat 3: 76bd39c3 ($5.16 in chips)
Seat 4: Hero ($6.8 in chips)
Seat 5: 866f50ee ($2.05 in chips)
Seat 6: 864960bd ($6.09 in chips)
c7f54e1b: posts small blind $0.02
87474b1d: posts big blind $0.05
*** HOLE CARDS ***
Dealt to c7f54e1b 
Dealt to 87474b1d 
Dealt to 76bd39c3 
Dealt to Hero [2s 6c]
Dealt to 866f50ee 
Dealt to 864960bd 
76bd39c3: folds
Hero: folds
866f50ee: calls $0.05
864960bd: calls $0.05
c7f54e1b: calls $0.03
87474b1d: checks
*** FLOP *** [3c Kh Jh]
c7f54e1b: checks
87474b1d: checks
866f50ee: checks
864960bd: checks
*** TURN *** [3c Kh Jh] [6d]
c7f54e1b: bets $0.1
87474b1d: folds
866f50ee: calls $0.1
864960bd: folds
*** RIVER *** [3c Kh Jh 6d] [2h]
c7f54e1b: checks
866f50ee: bets $0.05
c7f54e1b: calls $0.05
866f50ee: shows [Jd 4d] (Pair of Jacks)
c7f54e1b: shows [Js 9s] (Pair of Jacks)
*** SHOWDOWN ***
c7f54e1b collected $0.48 from pot
*** SUMMARY ***
Total pot $0.5 | Rake $0.02 | Jackpot $0 | Bingo $0 | Fortune $0
Board [3c Kh Jh 6d 2h]
Seat 1: c7f54e1b (small blind) showed [Js 9s] and won ($0.48) with Pair of Jacks
Seat 2: 87474b1d (big blind) folded on the Turn
Seat 3: 76bd39c3 folded before Flop (didn't bet)
Seat 4: Hero folded before Flop (didn't bet)
Seat 5: 866f50ee showed [Jd 4d] and lost with Pair of Jacks
Seat 6: 864960bd (button) folded on the Turn


Poker Hand #HD1157481799: Hold'em No Limit  ($0.02/$0.05) - 2023/03/12 21:59:10
Table 'NLHBlue85' 6-max Seat #5 is the button
Seat 1: c7f54e1b ($5.47 in chips)
Seat 2: 87474b1d ($5 in chips)
Seat 3: 76bd39c3 ($5.16 in chips)
Seat 4: Hero ($6.8 in chips)
Seat 5: 866f50ee ($2.1 in chips)
Seat 6: 864960bd ($5.99 in chips)
864960bd: posts small blind $0.02
c7f54e1b: posts big blind $0.05
*** HOLE CARDS ***
Dealt to c7f54e1b 
Dealt to 87474b1d 
Dealt to 76bd39c3 
Dealt to Hero [7d 5s]
Dealt to 866f50ee 
Dealt to 864960bd 
87474b1d: folds
76bd39c3: folds
Hero: folds
866f50ee: calls $0.05
864960bd: raises $0.15 to $0.2
c7f54e1b: folds
866f50ee: folds
Uncalled bet ($0.15) returned to 864960bd
*** SHOWDOWN ***
864960bd collected $0.15 from pot
*** SUMMARY ***
Total pot $0.15 | Rake $0 | Jackpot $0 | Bingo $0 | Fortune $0
Seat 1: c7f54e1b (big blind) folded before Flop
Seat 2: 87474b1d folded before Flop (didn't bet)
Seat 3: 76bd39c3 folded before Flop (didn't bet)
Seat 4: Hero folded before Flop (didn't bet)
Seat 5: 866f50ee (button) folded before Flop
Seat 6: 864960bd (small blind) collected ($0.15)


Poker Hand #HD1157481743: Hold'em No Limit  ($0.02/$0.05) - 2023/03/12 21:58:40
Table 'NLHBlue85' 6-max Seat #4 is the button
Seat 1: c7f54e1b ($5.47 in chips)
Seat 2: 87474b1d ($5 in chips)
Seat 3: 76bd39c3 ($5.16 in chips)
Seat 4: Hero ($6.92 in chips)
Seat 5: 866f50ee ($2.12 in chips)
Seat 6: 864960bd ($5.86 in chips)
866f50ee: posts small blind $0.02
864960bd: posts big blind $0.05
*** HOLE CARDS ***
Dealt to c7f54e1b 
Dealt to 87474b1d 
Dealt to 76bd39c3 
Dealt to Hero [Kh 9h]
Dealt to 866f50ee 
Dealt to 864960bd 
c7f54e1b: folds
87474b1d: folds
76bd39c3: folds
Hero: raises $0.07 to $0.12
866f50ee: folds
864960bd: raises $0.26 to $0.38
Hero: folds
Uncalled bet ($0.26) returned to 864960bd
*** SHOWDOWN ***
864960bd collected $0.25 from pot
*** SUMMARY ***
Total pot $0.26 | Rake $0.01 | Jackpot $0 | Bingo $0 | Fortune $0
Seat 1: c7f54e1b folded before Flop (didn't bet)
Seat 2: 87474b1d folded before Flop (didn't bet)
Seat 3: 76bd39c3 folded before Flop (didn't bet)
Seat 4: Hero (button) folded before Flop
Seat 5: 866f50ee (small blind) folded before Flop
Seat 6: 864960bd (big blind) collected ($0.25)


Poker Hand #HD1157481729: Hold'em No Limit  ($0.02/$0.05) - 2023/03/12 21:58:32
Table 'NLHBlue85' 6-max Seat #3 is the button
Seat 1: c7f54e1b ($5.47 in chips)
Seat 2: 87474b1d ($5 in chips)
Seat 3: 76bd39c3 ($5.16 in chips)
Seat 4: Hero ($6.94 in chips)
Seat 5: 866f50ee ($2.1 in chips)
Seat 6: 864960bd ($5.86 in chips)
Hero: posts small blind $0.02
866f50ee: posts big blind $0.05
*** HOLE CARDS ***
Dealt to c7f54e1b 
Dealt to 87474b1d 
Dealt to 76bd39c3 
Dealt to Hero [6h 7d]
Dealt to 866f50ee 
Dealt to 864960bd 
864960bd: folds
c7f54e1b: folds
87474b1d: folds
76bd39c3: folds
Hero: folds
Uncalled bet ($0.03) returned to 866f50ee
*** SHOWDOWN ***
866f50ee collected $0.04 from pot
*** SUMMARY ***
Total pot $0.04 | Rake $0 | Jackpot $0 | Bingo $0 | Fortune $0
Seat 1: c7f54e1b folded before Flop (didn't bet)
Seat 2: 87474b1d folded before Flop (didn't bet)
Seat 3: 76bd39c3 (button) folded before Flop (didn't bet)
Seat 4: Hero (small blind) folded before Flop
Seat 5: 866f50ee (big blind) collected ($0.04)
Seat 6: 864960bd folded before Flop (didn't bet)


Poker Hand #HD1157481688: Hold'em No Limit  ($0.02/$0.05) - 2023/03/12 21:58:14
Table 'NLHBlue85' 6-max Seat #2 is the button
Seat 1: c7f54e1b ($5.47 in chips)
Seat 2: 87474b1d ($5 in chips)
Seat 3: 76bd39c3 ($5.11 in chips)
Seat 4: Hero ($6.99 in chips)
Seat 5: 866f50ee ($2.1 in chips)
Seat 6: 864960bd ($5.86 in chips)
76bd39c3: posts small blind $0.02
Hero: posts big blind $0.05
*** HOLE CARDS ***
Dealt to c7f54e1b 
Dealt to 87474b1d 
Dealt to 76bd39c3 
Dealt to Hero [3s 9d]
Dealt to 866f50ee 
Dealt to 864960bd 
866f50ee: folds
864960bd: folds
c7f54e1b: folds
87474b1d: folds
76bd39c3: raises $0.1 to $0.15
Hero: folds
Uncalled bet ($0.1) returned to 76bd39c3
*** SHOWDOWN ***
76bd39c3 collected $0.1 from pot
*** SUMMARY ***
Total pot $0.1 | Rake $0 | Jackpot $0 | Bingo $0 | Fortune $0
Seat 1: c7f54e1b folded before Flop (didn't bet)
Seat 2: 87474b1d (button) folded before Flop (didn't bet)
Seat 3: 76bd39c3 (small blind) collected ($0.1)
Seat 4: Hero (big blind) folded before Flop
Seat 5: 866f50ee folded before Flop (didn't bet)
Seat 6: 864960bd folded before Flop (didn't bet)


Poker Hand #HD1157481532: Hold'em No Limit  ($0.02/$0.05) - 2023/03/12 21:56:55
Table 'NLHBlue85' 6-max Seat #1 is the button
Seat 1: c7f54e1b ($5.47 in chips)
Seat 2: 87474b1d ($4.95 in chips)
Seat 3: 76bd39c3 ($5.16 in chips)
Seat 4: Hero ($6.99 in chips)
Seat 5: 866f50ee ($1.43 in chips)
Seat 6: 864960bd ($5.86 in chips)
87474b1d: posts small blind $0.02
76bd39c3: posts big blind $0.05
*** HOLE CARDS ***
Dealt to c7f54e1b 
Dealt to 87474b1d 
Dealt to 76bd39c3 
Dealt to Hero [8d 9c]
Dealt to 866f50ee 
Dealt to 864960bd 
Hero: folds
866f50ee: calls $0.05
864960bd: folds
c7f54e1b: folds
87474b1d: raises $0.2 to $0.25
76bd39c3: folds
866f50ee: calls $0.2
*** FLOP *** [Ts Kc Qh]
87474b1d: bets $0.42
866f50ee: calls $0.42
*** TURN *** [Ts Kc Qh] [Jh]
87474b1d: bets $0.46
866f50ee: raises $0.3 to $0.76 and is all-in
87474b1d: calls $0.3
866f50ee: shows [Qs Ah] (Aces-High Straight)
87474b1d: shows [9h 5h] (Kings-High Straight)
866f50ee: Chooses to EV Cashout 
*** RIVER *** [Ts Kc Qh Jh] [4s]
866f50ee: Pays Cashout Risk ($0.62)
*** SHOWDOWN ***
866f50ee collected $2.72 from pot
*** SUMMARY ***
Total pot $2.91 | Rake $0.14 | Jackpot $0.05 | Bingo $0 | Fortune $0
Board [Ts Kc Qh Jh 4s]
Seat 1: c7f54e1b (button) folded before Flop (didn't bet)
Seat 2: 87474b1d (small blind) showed [9h 5h] and lost with Kings-High Straight
Seat 3: 76bd39c3 (big blind) folded before Flop
Seat 4: Hero folded before Flop (didn't bet)
Seat 5: 866f50ee showed [Qs Ah] and won ($2.72) with Aces-High Straight, Cashout Risk ($0.62)
Seat 6: 864960bd folded before Flop (didn't bet)


Poker Hand #HD1157481455: Hold'em No Limit  ($0.02/$0.05) - 2023/03/12 21:56:14
Table 'NLHBlue85' 6-max Seat #6 is the button
Seat 1: c7f54e1b ($5.02 in chips)
Seat 2: 87474b1d ($5 in chips)
Seat 3: 76bd39c3 ($5.16 in chips)
Seat 4: Hero ($6.99 in chips)
Seat 5: 866f50ee ($1.87 in chips)
Seat 6: 864960bd ($5.86 in chips)
c7f54e1b: posts small blind $0.02
87474b1d: posts big blind $0.05
*** HOLE CARDS ***
Dealt to c7f54e1b 
Dealt to 87474b1d 
Dealt to 76bd39c3 
Dealt to Hero [7d 2d]
Dealt to 866f50ee 
Dealt to 864960bd 
76bd39c3: folds
Hero: folds
866f50ee: calls $0.05
864960bd: folds
c7f54e1b: raises $0.2 to $0.25
87474b1d: folds
866f50ee: calls $0.2
*** FLOP *** [6h Qd 2c]
c7f54e1b: bets $0.19
866f50ee: calls $0.19
*** TURN *** [6h Qd 2c] [8c]
c7f54e1b: bets $0.7
866f50ee: folds
Uncalled bet ($0.7) returned to c7f54e1b
*** SHOWDOWN ***
c7f54e1b collected $0.89 from pot
*** SUMMARY ***
Total pot $0.93 | Rake $0.04 | Jackpot $0 | Bingo $0 | Fortune $0
Board [6h Qd 2c 8c]
Seat 1: c7f54e1b (small blind) won ($0.89)
Seat 2: 87474b1d (big blind) folded before Flop
Seat 3: 76bd39c3 folded before Flop (didn't bet)
Seat 4: Hero folded before Flop (didn't bet)
Seat 5: 866f50ee folded on the Turn
Seat 6: 864960bd (button) folded before Flop (didn't bet)


Poker Hand #HD1157481428: Hold'em No Limit  ($0.02/$0.05) - 2023/03/12 21:56:03
Table 'NLHBlue85' 6-max Seat #5 is the button
Seat 1: c7f54e1b ($5 in chips)
Seat 2: 87474b1d ($5 in chips)
Seat 3: 76bd39c3 ($5.16 in chips)
Seat 4: Hero ($6.99 in chips)
Seat 5: 866f50ee ($1.87 in chips)
Seat 6: 864960bd ($5.88 in chips)
864960bd: posts small blind $0.02
c7f54e1b: posts big blind $0.05
*** HOLE CARDS ***
Dealt to c7f54e1b 
Dealt to 87474b1d 
Dealt to 76bd39c3 
Dealt to Hero [Js 5h]
Dealt to 866f50ee 
Dealt to 864960bd 
87474b1d: folds
76bd39c3: folds
Hero: folds
866f50ee: folds
864960bd: folds
Uncalled bet ($0.03) returned to c7f54e1b
*** SHOWDOWN ***
c7f54e1b collected $0.04 from pot
*** SUMMARY ***
Total pot $0.04 | Rake $0 | Jackpot $0 | Bingo $0 | Fortune $0
Seat 1: c7f54e1b (big blind) collected ($0.04)
Seat 2: 87474b1d folded before Flop (didn't bet)
Seat 3: 76bd39c3 folded before Flop (didn't bet)
Seat 4: Hero folded before Flop (didn't bet)
Seat 5: 866f50ee (button) folded before Flop (didn't bet)
Seat 6: 864960bd (small blind) folded before Flop


Poker Hand #HD1157481363: Hold'em No Limit  ($0.02/$0.05) - 2023/03/12 21:55:30
Table 'NLHBlue85' 6-max Seat #4 is the button
Seat 1: c7f54e1b ($5 in chips)
Seat 2: 87474b1d ($5 in chips)
Seat 3: 76bd39c3 ($5.16 in chips)
Seat 4: Hero ($6.79 in chips)
Seat 5: 866f50ee ($2.04 in chips)
Seat 6: 864960bd ($5.93 in chips)
866f50ee: posts small blind $0.02
864960bd: posts big blind $0.05
*** HOLE CARDS ***
Dealt to c7f54e1b 
Dealt to 87474b1d 
Dealt to 76bd39c3 
Dealt to Hero [Qs Js]
Dealt to 866f50ee 
Dealt to 864960bd 
c7f54e1b: folds
87474b1d: folds
76bd39c3: folds
Hero: raises $0.07 to $0.12
866f50ee: calls $0.1
864960bd: folds
*** FLOP *** [8c 2d 3d]
866f50ee: checks
Hero: checks
*** TURN *** [8c 2d 3d] [Qc]
866f50ee: bets $0.05
Hero: raises $0.13 to $0.18
866f50ee: folds
Uncalled bet ($0.13) returned to Hero
*** SHOWDOWN ***
Hero collected $0.37 from pot
*** SUMMARY ***
Total pot $0.39 | Rake $0.02 | Jackpot $0 | Bingo $0 | Fortune $0
Board [8c 2d 3d Qc]
Seat 1: c7f54e1b folded before Flop (didn't bet)
Seat 2: 87474b1d folded before Flop (didn't bet)
Seat 3: 76bd39c3 folded before Flop (didn't bet)
Seat 4: Hero (button) won ($0.37)
Seat 5: 866f50ee (small blind) folded on the Turn
Seat 6: 864960bd (big blind) folded before Flop


Poker Hand #HD1157481252: Hold'em No Limit  ($0.02/$0.05) - 2023/03/12 21:54:25
Table 'NLHBlue85' 6-max Seat #3 is the button
Seat 1: c7f54e1b ($5 in chips)
Seat 2: 87474b1d ($5 in chips)
Seat 3: 76bd39c3 ($5.16 in chips)
Seat 4: Hero ($6.81 in chips)
Seat 5: 866f50ee ($1.62 in chips)
Seat 6: 864960bd ($5.93 in chips)
Hero: posts small blind $0.02
866f50ee: posts big blind $0.05
*** HOLE CARDS ***
Dealt to c7f54e1b 
Dealt to 87474b1d 
Dealt to 76bd39c3 
Dealt to Hero [6h Jh]
Dealt to 866f50ee 
Dealt to 864960bd 
864960bd: folds
c7f54e1b: raises $0.07 to $0.12
87474b1d: calls $0.12
76bd39c3: folds
Hero: folds
866f50ee: calls $0.07
*** FLOP *** [8c As Ad]
866f50ee: checks
c7f54e1b: checks
87474b1d: checks
*** TURN *** [8c As Ad] [4h]
866f50ee: checks
c7f54e1b: checks
87474b1d: bets $0.19
866f50ee: calls $0.19
c7f54e1b: folds
*** RIVER *** [8c As Ad 4h] [3s]
866f50ee: bets $0.26
87474b1d: folds
Uncalled bet ($0.26) returned to 866f50ee
*** SHOWDOWN ***
866f50ee collected $0.73 from pot
*** SUMMARY ***
Total pot $0.76 | Rake $0.03 | Jackpot $0 | Bingo $0 | Fortune $0
Board [8c As Ad 4h 3s]
Seat 1: c7f54e1b folded on the Turn
Seat 2: 87474b1d folded on the River
Seat 3: 76bd39c3 (button) folded before Flop (didn't bet)
Seat 4: Hero (small blind) folded before Flop
Seat 5: 866f50ee (big blind) won ($0.73)
Seat 6: 864960bd folded before Flop (didn't bet)


Poker Hand #HD1157481085: Hold'em No Limit  ($0.02/$0.05) - 2023/03/12 21:52:58
Table 'NLHBlue85' 6-max Seat #2 is the button
Seat 1: c7f54e1b ($5 in chips)
Seat 2: 87474b1d ($5.23 in chips)
Seat 3: 76bd39c3 ($5.18 in chips)
Seat 4: Hero ($5 in chips)
Seat 5: 866f50ee ($1.67 in chips)
Seat 6: 864960bd ($6.11 in chips)
76bd39c3: posts small blind $0.02
Hero: posts big blind $0.05
*** HOLE CARDS ***
Dealt to c7f54e1b 
Dealt to 87474b1d 
Dealt to 76bd39c3 
Dealt to Hero [Jh Ad]
Dealt to 866f50ee 
Dealt to 864960bd 
866f50ee: calls $0.05
864960bd: raises $0.13 to $0.18
c7f54e1b: folds
87474b1d: calls $0.18
76bd39c3: folds
Hero: calls $0.13
866f50ee: folds
*** FLOP *** [Kc Js As]
Hero: bets $0.46
864960bd: folds
87474b1d: calls $0.46
*** TURN *** [Kc Js As] [9h]
Hero: bets $1.15
87474b1d: calls $1.15
*** RIVER *** [Kc Js As 9h] [8c]
Hero: checks
87474b1d: checks
Hero: shows [Jh Ad] (Pair of Aces and Pair of Jacks)
87474b1d: shows [Ts 9s] (Pair of Nines)
*** SHOWDOWN ***
Hero collected $3.6 from pot
*** SUMMARY ***
Total pot $3.83 | Rake $0.18 | Jackpot $0.05 | Bingo $0 | Fortune $0
Board [Kc Js As 9h 8c]
Seat 1: c7f54e1b folded before Flop (didn't bet)
Seat 2: 87474b1d (button) showed [Ts 9s] and lost with Pair of Nines
Seat 3: 76bd39c3 (small blind) folded before Flop
Seat 4: Hero (big blind) showed [Jh Ad] and won ($3.6) with Pair of Aces and Pair of Jacks
Seat 5: 866f50ee folded before Flop
Seat 6: 864960bd folded on the Flop


Poker Hand #HD1157480986: Hold'em No Limit  ($0.02/$0.05) - 2023/03/12 21:52:10
Table 'NLHBlue85' 6-max Seat #1 is the button
Seat 1: c7f54e1b ($5.1 in chips)
Seat 2: 87474b1d ($5.25 in chips)
Seat 3: 76bd39c3 ($5.23 in chips)
Seat 4: Hero ($5 in chips)
Seat 5: 866f50ee ($1.72 in chips)
Seat 6: 864960bd ($5.58 in chips)
87474b1d: posts small blind $0.02
76bd39c3: posts big blind $0.05
*** HOLE CARDS ***
Dealt to c7f54e1b 
Dealt to 87474b1d 
Dealt to 76bd39c3 
Dealt to Hero [Js 3c]
Dealt to 866f50ee 
Dealt to 864960bd 
Hero: folds
866f50ee: calls $0.05
864960bd: calls $0.05
c7f54e1b: raises $0.2 to $0.25
87474b1d: folds
76bd39c3: folds
866f50ee: folds
864960bd: calls $0.2
*** FLOP *** [Ks 5c 6d]
864960bd: checks
c7f54e1b: bets $0.21
864960bd: raises $0.35 to $0.56
c7f54e1b: folds
Uncalled bet ($0.35) returned to 864960bd
*** SHOWDOWN ***
864960bd collected $0.99 from pot
*** SUMMARY ***
Total pot $1.04 | Rake $0.05 | Jackpot $0 | Bingo $0 | Fortune $0
Board [Ks 5c 6d]
Seat 1: c7f54e1b (button) folded on the Flop
Seat 2: 87474b1d (small blind) folded before Flop
Seat 3: 76bd39c3 (big blind) folded before Flop
Seat 4: Hero folded before Flop (didn't bet)
Seat 5: 866f50ee folded before Flop
Seat 6: 864960bd won ($0.99)


Poker Hand #HD1157480914: Hold'em No Limit  ($0.02/$0.05) - 2023/03/12 21:51:27
Table 'NLHBlue85' 6-max Seat #6 is the button
Seat 1: c7f54e1b ($5.12 in chips)
Seat 2: 87474b1d ($5.4 in chips)
Seat 3: 76bd39c3 ($5.23 in chips)
Seat 4: Hero ($5 in chips)
Seat 5: 866f50ee ($1.72 in chips)
Seat 6: 864960bd ($5.42 in chips)
c7f54e1b: posts small blind $0.02
87474b1d: posts big blind $0.05
*** HOLE CARDS ***
Dealt to c7f54e1b 
Dealt to 87474b1d 
Dealt to 76bd39c3 
Dealt to Hero [2s Ah]
Dealt to 866f50ee 
Dealt to 864960bd 
76bd39c3: folds
Hero: folds
866f50ee: folds
864960bd: raises $0.1 to $0.15
c7f54e1b: folds
87474b1d: calls $0.1
*** FLOP *** [4c Jd 2d]
87474b1d: checks
864960bd: bets $0.16
87474b1d: folds
Uncalled bet ($0.16) returned to 864960bd
*** SHOWDOWN ***
864960bd collected $0.31 from pot
*** SUMMARY ***
Total pot $0.32 | Rake $0.01 | Jackpot $0 | Bingo $0 | Fortune $0
Board [4c Jd 2d]
Seat 1: c7f54e1b (small blind) folded before Flop
Seat 2: 87474b1d (big blind) folded on the Flop
Seat 3: 76bd39c3 folded before Flop (didn't bet)
Seat 4: Hero folded before Flop (didn't bet)
Seat 5: 866f50ee folded before Flop (didn't bet)
Seat 6: 864960bd (button) won ($0.31)


Poker Hand #HD1157480845: Hold'em No Limit  ($0.02/$0.05) - 2023/03/12 21:50:52
Table 'NLHBlue85' 6-max Seat #5 is the button
Seat 1: c7f54e1b ($5.62 in chips)
Seat 2: 87474b1d ($4.93 in chips)
Seat 3: 76bd39c3 ($5.23 in chips)
Seat 4: Hero ($5 in chips)
Seat 5: 866f50ee ($1.72 in chips)
Seat 6: 864960bd ($5.44 in chips)
864960bd: posts small blind $0.02
c7f54e1b: posts big blind $0.05
*** HOLE CARDS ***
Dealt to c7f54e1b 
Dealt to 87474b1d 
Dealt to 76bd39c3 
Dealt to Hero [7d Td]
Dealt to 866f50ee 
Dealt to 864960bd 
87474b1d: raises $0.08 to $0.13
76bd39c3: folds
Hero: folds
866f50ee: folds
864960bd: folds
c7f54e1b: raises $0.37 to $0.5
87474b1d: raises $1.12 to $1.62
c7f54e1b: folds
Uncalled bet ($1.12) returned to 87474b1d
*** SHOWDOWN ***
87474b1d collected $0.97 from pot
*** SUMMARY ***
Total pot $1.02 | Rake $0.05 | Jackpot $0 | Bingo $0 | Fortune $0
Seat 1: c7f54e1b (big blind) folded before Flop
Seat 2: 87474b1d collected ($0.97)
Seat 3: 76bd39c3 folded before Flop (didn't bet)
Seat 4: Hero folded before Flop (didn't bet)
Seat 5: 866f50ee (button) folded before Flop (didn't bet)
Seat 6: 864960bd (small blind) folded before Flop


Poker Hand #HD1157480718: Hold'em No Limit  ($0.02/$0.05) - 2023/03/12 21:49:42
Table 'NLHBlue85' 6-max Seat #4 is the button
Seat 1: c7f54e1b ($5.62 in chips)
Seat 2: 87474b1d ($4.93 in chips)
Seat 3: 76bd39c3 ($5.23 in chips)
Seat 4: Hero ($5.2 in chips)
Seat 5: 866f50ee ($1.33 in chips)
Seat 6: 864960bd ($5.56 in chips)
866f50ee: posts small blind $0.02
864960bd: posts big blind $0.05
*** HOLE CARDS ***
Dealt to c7f54e1b 
Dealt to 87474b1d 
Dealt to 76bd39c3 
Dealt to Hero [Js 9s]
Dealt to 866f50ee 
Dealt to 864960bd 
c7f54e1b: folds
87474b1d: folds
76bd39c3: folds
Hero: raises $0.07 to $0.12
866f50ee: calls $0.1
864960bd: calls $0.07
*** FLOP *** [5h Jd Td]
866f50ee: checks
864960bd: checks
Hero: bets $0.18
866f50ee: calls $0.18
864960bd: folds
*** TURN *** [5h Jd Td] [Qc]
866f50ee: checks
Hero: checks
*** RIVER *** [5h Jd Td Qc] [3c]
866f50ee: bets $0.54
Hero: folds
Uncalled bet ($0.54) returned to 866f50ee
*** SHOWDOWN ***
866f50ee collected $0.69 from pot
*** SUMMARY ***
Total pot $0.72 | Rake $0.03 | Jackpot $0 | Bingo $0 | Fortune $0
Board [5h Jd Td Qc 3c]
Seat 1: c7f54e1b folded before Flop (didn't bet)
Seat 2: 87474b1d folded before Flop (didn't bet)
Seat 3: 76bd39c3 folded before Flop (didn't bet)
Seat 4: Hero (button) folded on the River
Seat 5: 866f50ee (small blind) won ($0.69)
Seat 6: 864960bd (big blind) folded on the Flop


Poker Hand #HD1157480635: Hold'em No Limit  ($0.02/$0.05) - 2023/03/12 21:49:00
Table 'NLHBlue85' 6-max Seat #3 is the button
Seat 1: c7f54e1b ($5.62 in chips)
Seat 2: 87474b1d ($4.93 in chips)
Seat 3: 76bd39c3 ($5.07 in chips)
Seat 4: Hero ($5.22 in chips)
Seat 5: 866f50ee ($1.48 in chips)
Seat 6: 864960bd ($5.56 in chips)
Hero: posts small blind $0.02
866f50ee: posts big blind $0.05
*** HOLE CARDS ***
Dealt to c7f54e1b 
Dealt to 87474b1d 
Dealt to 76bd39c3 
Dealt to Hero [Qc 4c]
Dealt to 866f50ee 
Dealt to 864960bd 
864960bd: folds
c7f54e1b: folds
87474b1d: folds
76bd39c3: raises $0.1 to $0.15
Hero: folds
866f50ee: calls $0.1
*** FLOP *** [Tc 6d Kd]
866f50ee: checks
76bd39c3: bets $0.22
866f50ee: folds
Uncalled bet ($0.22) returned to 76bd39c3
*** SHOWDOWN ***
76bd39c3 collected $0.31 from pot
*** SUMMARY ***
Total pot $0.32 | Rake $0.01 | Jackpot $0 | Bingo $0 | Fortune $0
Board [Tc 6d Kd]
Seat 1: c7f54e1b folded before Flop (didn't bet)
Seat 2: 87474b1d folded before Flop (didn't bet)
Seat 3: 76bd39c3 (button) won ($0.31)
Seat 4: Hero (small blind) folded before Flop
Seat 5: 866f50ee (big blind) folded on the Flop
Seat 6: 864960bd folded before Flop (didn't bet)


Poker Hand #HD1157480565: Hold'em No Limit  ($0.02/$0.05) - 2023/03/12 21:48:23
Table 'NLHBlue85' 6-max Seat #2 is the button
Seat 1: c7f54e1b ($5.62 in chips)
Seat 2: 87474b1d ($4.93 in chips)
Seat 3: 76bd39c3 ($5.09 in chips)
Seat 4: Hero ($5.07 in chips)
Seat 5: 866f50ee ($1.62 in chips)
Seat 6: 864960bd ($5.56 in chips)
76bd39c3: posts small blind $0.02
Hero: posts big blind $0.05
*** HOLE CARDS ***
Dealt to c7f54e1b 
Dealt to 87474b1d 
Dealt to 76bd39c3 
Dealt to Hero [6s 9c]
Dealt to 866f50ee 
Dealt to 864960bd 
866f50ee: calls $0.05
864960bd: folds
c7f54e1b: folds
87474b1d: folds
76bd39c3: folds
Hero: checks
*** FLOP *** [7h 8c 3s]
Hero: checks
866f50ee: checks
*** TURN *** [7h 8c 3s] [9d]
Hero: bets $0.09
866f50ee: calls $0.09
*** RIVER *** [7h 8c 3s 9d] [4c]
Hero: bets $0.1
866f50ee: folds
Uncalled bet ($0.1) returned to Hero
*** SHOWDOWN ***
Hero collected $0.29 from pot
*** SUMMARY ***
Total pot $0.3 | Rake $0.01 | Jackpot $0 | Bingo $0 | Fortune $0
Board [7h 8c 3s 9d 4c]
Seat 1: c7f54e1b folded before Flop (didn't bet)
Seat 2: 87474b1d (button) folded before Flop (didn't bet)
Seat 3: 76bd39c3 (small blind) folded before Flop
Seat 4: Hero (big blind) won ($0.29)
Seat 5: 866f50ee folded on the River
Seat 6: 864960bd folded before Flop (didn't bet)


Poker Hand #HD1157480501: Hold'em No Limit  ($0.02/$0.05) - 2023/03/12 21:47:51
Table 'NLHBlue85' 6-max Seat #1 is the button
Seat 1: c7f54e1b ($5.41 in chips)
Seat 2: 87474b1d ($4.95 in chips)
Seat 3: 76bd39c3 ($5.14 in chips)
Seat 4: Hero ($5.07 in chips)
Seat 5: 866f50ee ($1.62 in chips)
Seat 6: 864960bd ($5.71 in chips)
87474b1d: posts small blind $0.02
76bd39c3: posts big blind $0.05
*** HOLE CARDS ***
Dealt to c7f54e1b 
Dealt to 87474b1d 
Dealt to 76bd39c3 
Dealt to Hero [5h Ac]
Dealt to 866f50ee 
Dealt to 864960bd 
Hero: folds
866f50ee: folds
864960bd: raises $0.1 to $0.15
c7f54e1b: raises $0.3 to $0.45
87474b1d: folds
76bd39c3: folds
864960bd: folds
Uncalled bet ($0.3) returned to c7f54e1b
*** SHOWDOWN ***
c7f54e1b collected $0.36 from pot
*** SUMMARY ***
Total pot $0.37 | Rake $0.01 | Jackpot $0 | Bingo $0 | Fortune $0
Seat 1: c7f54e1b (button) collected ($0.36)
Seat 2: 87474b1d (small blind) folded before Flop
Seat 3: 76bd39c3 (big blind) folded before Flop
Seat 4: Hero folded before Flop (didn't bet)
Seat 5: 866f50ee folded before Flop (didn't bet)
Seat 6: 864960bd folded before Flop


Poker Hand #HD1157480465: Hold'em No Limit  ($0.02/$0.05) - 2023/03/12 21:47:28
Table 'NLHBlue85' 6-max Seat #6 is the button
Seat 1: c7f54e1b ($5.43 in chips)
Seat 2: 87474b1d ($5 in chips)
Seat 3: 76bd39c3 ($5.14 in chips)
Seat 4: Hero ($5 in chips)
Seat 5: 866f50ee ($1.62 in chips)
Seat 6: 864960bd ($5.71 in chips)
c7f54e1b: posts small blind $0.02
87474b1d: posts big blind $0.05
*** HOLE CARDS ***
Dealt to c7f54e1b 
Dealt to 87474b1d 
Dealt to 76bd39c3 
Dealt to Hero [Js 9s]
Dealt to 866f50ee 
Dealt to 864960bd 
76bd39c3: folds
Hero: raises $0.07 to $0.12
866f50ee: folds
864960bd: folds
c7f54e1b: folds
87474b1d: folds
Uncalled bet ($0.07) returned to Hero
*** SHOWDOWN ***
Hero collected $0.12 from pot
*** SUMMARY ***
Total pot $0.12 | Rake $0 | Jackpot $0 | Bingo $0 | Fortune $0
Seat 1: c7f54e1b (small blind) folded before Flop
Seat 2: 87474b1d (big blind) folded before Flop
Seat 3: 76bd39c3 folded before Flop (didn't bet)
Seat 4: Hero collected ($0.12)
Seat 5: 866f50ee folded before Flop (didn't bet)
Seat 6: 864960bd (button) folded before Flop (didn't bet)


Poker Hand #HD1157480375: Hold'em No Limit  ($0.02/$0.05) - 2023/03/12 21:46:44
Table 'NLHBlue85' 6-max Seat #5 is the button
Seat 1: c7f54e1b ($5.29 in chips)
Seat 2: 56a841f8 ($6.28 in chips)
Seat 3: 76bd39c3 ($5.14 in chips)
Seat 4: Hero ($5 in chips)
Seat 5: 866f50ee ($1.62 in chips)
Seat 6: 864960bd ($5.86 in chips)
864960bd: posts small blind $0.02
c7f54e1b: posts big blind $0.05
*** HOLE CARDS ***
Dealt to c7f54e1b 
Dealt to 56a841f8 
Dealt to 76bd39c3 
Dealt to Hero [7c 6h]
Dealt to 866f50ee 
Dealt to 864960bd 
56a841f8: folds
76bd39c3: folds
Hero: folds
866f50ee: folds
864960bd: raises $0.1 to $0.15
c7f54e1b: raises $0.3 to $0.45
864960bd: folds
Uncalled bet ($0.3) returned to c7f54e1b
*** SHOWDOWN ***
c7f54e1b collected $0.29 from pot
*** SUMMARY ***
Total pot $0.3 | Rake $0.01 | Jackpot $0 | Bingo $0 | Fortune $0
Seat 1: c7f54e1b (big blind) collected ($0.29)
Seat 2: 56a841f8 folded before Flop (didn't bet)
Seat 3: 76bd39c3 folded before Flop (didn't bet)
Seat 4: Hero folded before Flop (didn't bet)
Seat 5: 866f50ee (button) folded before Flop (didn't bet)
Seat 6: 864960bd (small blind) folded before Flop


Poker Hand #HD1157480170: Hold'em No Limit  ($0.02/$0.05) - 2023/03/12 21:44:59
Table 'NLHBlue85' 6-max Seat #4 is the button
Seat 1: c7f54e1b ($5.29 in chips)
Seat 2: 56a841f8 ($6.28 in chips)
Seat 3: 76bd39c3 ($5.14 in chips)
Seat 4: Hero ($5.33 in chips)
Seat 5: 866f50ee ($1.64 in chips)
Seat 6: 864960bd ($5 in chips)
866f50ee: posts small blind $0.02
864960bd: posts big blind $0.05
*** HOLE CARDS ***
Dealt to c7f54e1b 
Dealt to 56a841f8 
Dealt to 76bd39c3 
Dealt to Hero [Ad Kh]
Dealt to 866f50ee 
Dealt to 864960bd 
c7f54e1b: folds
56a841f8: folds
76bd39c3: folds
Hero: raises $0.07 to $0.12
866f50ee: folds
864960bd: calls $0.07
*** FLOP *** [Js Kc 4d]
864960bd: checks
Hero: bets $0.2
864960bd: calls $0.2
*** TURN *** [Js Kc 4d] [Td]
864960bd: checks
Hero: checks
*** RIVER *** [Js Kc 4d Td] [3s]
864960bd: bets $0.66
Hero: calls $0.66
864960bd: shows [Kd Jh] (Pair of Kings and Pair of Jacks)
Hero: shows [Ad Kh] (Pair of Kings)
*** SHOWDOWN ***
864960bd collected $1.84 from pot
*** SUMMARY ***
Total pot $1.98 | Rake $0.09 | Jackpot $0.05 | Bingo $0 | Fortune $0
Board [Js Kc 4d Td 3s]
Seat 1: c7f54e1b folded before Flop (didn't bet)
Seat 2: 56a841f8 folded before Flop (didn't bet)
Seat 3: 76bd39c3 folded before Flop (didn't bet)
Seat 4: Hero (button) showed [Ad Kh] and lost with Pair of Kings
Seat 5: 866f50ee (small blind) folded before Flop
Seat 6: 864960bd (big blind) showed [Kd Jh] and won ($1.84) with Pair of Kings and Pair of Jacks


Poker Hand #HD1157480034: Hold'em No Limit  ($0.02/$0.05) - 2023/03/12 21:43:57
Table 'NLHBlue85' 6-max Seat #3 is the button
Seat 1: c7f54e1b ($5.54 in chips)
Seat 2: 56a841f8 ($6.4 in chips)
Seat 3: 76bd39c3 ($5.14 in chips)
Seat 4: Hero ($5.35 in chips)
Seat 5: 866f50ee ($1.28 in chips)
Seat 6: 864960bd ($5 in chips)
Hero: posts small blind $0.02
866f50ee: posts big blind $0.05
*** HOLE CARDS ***
Dealt to c7f54e1b 
Dealt to 56a841f8 
Dealt to 76bd39c3 
Dealt to Hero [8d 5s]
Dealt to 866f50ee 
Dealt to 864960bd 
864960bd: folds
c7f54e1b: raises $0.07 to $0.12
56a841f8: calls $0.12
76bd39c3: folds
Hero: folds
866f50ee: calls $0.07
*** FLOP *** [2h 9c Ts]
866f50ee: checks
c7f54e1b: checks
56a841f8: checks
*** TURN *** [2h 9c Ts] [7c]
866f50ee: checks
c7f54e1b: bets $0.13
56a841f8: folds
866f50ee: calls $0.13
*** RIVER *** [2h 9c Ts 7c] [4c]
866f50ee: bets $0.32
c7f54e1b: folds
Uncalled bet ($0.32) returned to 866f50ee
*** SHOWDOWN ***
866f50ee collected $0.61 from pot
*** SUMMARY ***
Total pot $0.64 | Rake $0.03 | Jackpot $0 | Bingo $0 | Fortune $0
Board [2h 9c Ts 7c 4c]
Seat 1: c7f54e1b folded on the River
Seat 2: 56a841f8 folded on the Turn
Seat 3: 76bd39c3 (button) folded before Flop (didn't bet)
Seat 4: Hero (small blind) folded before Flop
Seat 5: 866f50ee (big blind) won ($0.61)
Seat 6: 864960bd folded before Flop (didn't bet)


Poker Hand #HD1157479870: Hold'em No Limit  ($0.02/$0.05) - 2023/03/12 21:42:43
Table 'NLHBlue85' 6-max Seat #2 is the button
Seat 1: c7f54e1b ($5.54 in chips)
Seat 2: 56a841f8 ($6.4 in chips)
Seat 3: 76bd39c3 ($5.16 in chips)
Seat 4: Hero ($5 in chips)
Seat 5: 866f50ee ($1.33 in chips)
Seat 6: 864960bd ($5.2 in chips)
76bd39c3: posts small blind $0.02
Hero: posts big blind $0.05
*** HOLE CARDS ***
Dealt to c7f54e1b 
Dealt to 56a841f8 
Dealt to 76bd39c3 
Dealt to Hero [As Qh]
Dealt to 866f50ee 
Dealt to 864960bd 
866f50ee: calls $0.05
864960bd: calls $0.05
c7f54e1b: folds
56a841f8: folds
76bd39c3: folds
Hero: raises $0.26 to $0.31
866f50ee: folds
864960bd: calls $0.26
*** FLOP *** [Kd 2h 3s]
Hero: bets $0.23
864960bd: folds
Uncalled bet ($0.23) returned to Hero
*** SHOWDOWN ***
Hero collected $0.66 from pot
*** SUMMARY ***
Total pot $0.69 | Rake $0.03 | Jackpot $0 | Bingo $0 | Fortune $0
Board [Kd 2h 3s]
Seat 1: c7f54e1b folded before Flop (didn't bet)
Seat 2: 56a841f8 (button) folded before Flop (didn't bet)
Seat 3: 76bd39c3 (small blind) folded before Flop
Seat 4: Hero (big blind) won ($0.66)
Seat 5: 866f50ee folded before Flop
Seat 6: 864960bd folded on the Flop


