Poker Hand #HD1170281323: Hold'em No Limit  ($0.02/$0.05) - 2023/03/21 23:10:01
Table 'NLHBlue97' 6-max Seat #5 is the button
Seat 3: Hero ($5.42 in chips)
Seat 5: 4eed7803 ($5.02 in chips)
4eed7803: posts small blind $0.02
Hero: posts big blind $0.05
*** HOLE CARDS ***
Dealt to Hero [Ad Kc]
Dealt to 4eed7803 
4eed7803: raises $0.05 to $0.1
Hero: raises $0.3 to $0.4
4eed7803: folds
Uncalled bet ($0.3) returned to Hero
*** SHOWDOWN ***
Hero collected $0.19 from pot
*** SUMMARY ***
Total pot $0.2 | Rake $0.01 | Jackpot $0 | Bingo $0 | Fortune $0
Seat 3: Hero (big blind) collected ($0.19)
Seat 5: 4eed7803 (small blind) folded before Flop


Poker Hand #HD1170281310: Hold'em No Limit  ($0.02/$0.05) - 2023/03/21 23:09:55
Table 'NLHBlue97' 6-max Seat #3 is the button
Seat 3: Hero ($5.44 in chips)
Seat 5: 4eed7803 ($5 in chips)
Hero: posts small blind $0.02
4eed7803: posts big blind $0.05
*** HOLE CARDS ***
Dealt to Hero [2c 5d]
Dealt to 4eed7803 
Hero: folds
Uncalled bet ($0.03) returned to 4eed7803
*** SHOWDOWN ***
4eed7803 collected $0.04 from pot
*** SUMMARY ***
Total pot $0.04 | Rake $0 | Jackpot $0 | Bingo $0 | Fortune $0
Seat 3: Hero (small blind) folded before Flop
Seat 5: 4eed7803 (big blind) collected ($0.04)


Poker Hand #HD1170281194: Hold'em No Limit  ($0.02/$0.05) - 2023/03/21 23:09:08
Table 'NLHBlue97' 6-max Seat #5 is the button
Seat 1: 767406e9 ($5.12 in chips)
Seat 3: Hero ($5.57 in chips)
Seat 5: 4eed7803 ($5 in chips)
767406e9: posts small blind $0.02
Hero: posts big blind $0.05
*** HOLE CARDS ***
Dealt to 767406e9 
Dealt to Hero [Qs Qc]
Dealt to 4eed7803 
4eed7803: raises $0.1 to $0.15
767406e9: folds
Hero: raises $0.29 to $0.44
4eed7803: raises $0.81 to $1.25
Hero: raises $4.32 to $5.57 and is all-in
4eed7803: calls $3.75 and is all-in
Uncalled bet ($0.57) returned to Hero
Hero: shows [Qs Qc]
4eed7803: shows [Ah Ad]
*** FIRST FLOP *** [5s Js Qd]
*** FIRST TURN *** [5s Js Qd] [9s]
*** FIRST RIVER *** [5s Js Qd 9s] [Ks]
*** SECOND FLOP *** [5h 8s 9c]
*** SECOND TURN *** [5h 8s 9c] [4h]
*** SECOND RIVER *** [5h 8s 9c 4h] [8h]
*** FIRST SHOWDOWN ***
Hero collected $4.87 from pot
*** SECOND SHOWDOWN ***
4eed7803 collected $4.86 from pot
*** SUMMARY ***
Total pot $10.02 | Rake $0.24 | Jackpot $0.05 | Bingo $0 | Fortune $0
Hand was run two times
FIRST Board [5s Js Qd 9s Ks]
SECOND Board [5h 8s 9c 4h 8h]
Seat 1: 767406e9 (small blind) folded before Flop
Seat 3: Hero (big blind) showed [Qs Qc] and won ($4.87) with King High Flush, and lost with Pair of Queens and Pair of Eights
Seat 5: 4eed7803 (button) showed [Ah Ad] and lost with Pair of Aces, and won ($4.86) with Pair of Aces and Pair of Eights


Poker Hand #HD1170281153: Hold'em No Limit  ($0.02/$0.05) - 2023/03/21 23:08:52
Table 'NLHBlue97' 6-max Seat #3 is the button
Seat 1: 767406e9 ($5.17 in chips)
Seat 2: aea35d26 ($5.24 in chips)
Seat 3: Hero ($5.57 in chips)
Seat 5: 4eed7803 ($5.01 in chips)
4eed7803: posts small blind $0.02
767406e9: posts big blind $0.05
*** HOLE CARDS ***
Dealt to 767406e9 
Dealt to aea35d26 
Dealt to Hero [8c Kc]
Dealt to 4eed7803 
aea35d26: raises $0.07 to $0.12
Hero: folds
4eed7803: folds
767406e9: folds
Uncalled bet ($0.07) returned to aea35d26
*** SHOWDOWN ***
aea35d26 collected $0.12 from pot
*** SUMMARY ***
Total pot $0.12 | Rake $0 | Jackpot $0 | Bingo $0 | Fortune $0
Seat 1: 767406e9 (big blind) folded before Flop
Seat 2: aea35d26 collected ($0.12)
Seat 3: Hero (button) folded before Flop (didn't bet)
Seat 5: 4eed7803 (small blind) folded before Flop


Poker Hand #HD1170281006: Hold'em No Limit  ($0.02/$0.05) - 2023/03/21 23:07:47
Table 'NLHBlue97' 6-max Seat #2 is the button
Seat 1: 767406e9 ($5.17 in chips)
Seat 2: aea35d26 ($5.04 in chips)
Seat 3: Hero ($5.59 in chips)
Seat 5: 4eed7803 ($5.21 in chips)
Hero: posts small blind $0.02
4eed7803: posts big blind $0.05
*** HOLE CARDS ***
Dealt to 767406e9 
Dealt to aea35d26 
Dealt to Hero [Qc 6s]
Dealt to 4eed7803 
767406e9: folds
aea35d26: raises $0.07 to $0.12
Hero: folds
4eed7803: calls $0.07
*** FLOP *** [4s Js 7c]
4eed7803: checks
aea35d26: bets $0.08
4eed7803: calls $0.08
*** TURN *** [4s Js 7c] [Ah]
4eed7803: checks
aea35d26: checks
*** RIVER *** [4s Js 7c Ah] [9c]
4eed7803: checks
aea35d26: checks
4eed7803: shows [5c Kc] (Ace-High)
aea35d26: shows [8d 8s] (Pair of Eights)
*** SHOWDOWN ***
aea35d26 collected $0.4 from pot
*** SUMMARY ***
Total pot $0.42 | Rake $0.02 | Jackpot $0 | Bingo $0 | Fortune $0
Board [4s Js 7c Ah 9c]
Seat 1: 767406e9 folded before Flop (didn't bet)
Seat 2: aea35d26 (button) showed [8d 8s] and won ($0.4) with Pair of Eights
Seat 3: Hero (small blind) folded before Flop
Seat 5: 4eed7803 (big blind) showed [5c Kc] and lost with Ace-High


Poker Hand #HD1170280973: Hold'em No Limit  ($0.02/$0.05) - 2023/03/21 23:07:34
Table 'NLHBlue97' 6-max Seat #1 is the button
Seat 1: 767406e9 ($5.1 in chips)
Seat 2: aea35d26 ($5.06 in chips)
Seat 3: Hero ($5.64 in chips)
Seat 5: 4eed7803 ($5.21 in chips)
aea35d26: posts small blind $0.02
Hero: posts big blind $0.05
*** HOLE CARDS ***
Dealt to 767406e9 
Dealt to aea35d26 
Dealt to Hero [Jd 5h]
Dealt to 4eed7803 
4eed7803: folds
767406e9: raises $0.08 to $0.13
aea35d26: folds
Hero: folds
Uncalled bet ($0.08) returned to 767406e9
*** SHOWDOWN ***
767406e9 collected $0.12 from pot
*** SUMMARY ***
Total pot $0.12 | Rake $0 | Jackpot $0 | Bingo $0 | Fortune $0
Seat 1: 767406e9 (button) collected ($0.12)
Seat 2: aea35d26 (small blind) folded before Flop
Seat 3: Hero (big blind) folded before Flop
Seat 5: 4eed7803 folded before Flop (didn't bet)


Poker Hand #HD1170280943: Hold'em No Limit  ($0.02/$0.05) - 2023/03/21 23:07:23
Table 'NLHBlue97' 6-max Seat #5 is the button
Seat 1: 767406e9 ($5.12 in chips)
Seat 2: aea35d26 ($5.04 in chips)
Seat 3: Hero ($5.64 in chips)
Seat 5: 4eed7803 ($5.21 in chips)
767406e9: posts small blind $0.02
aea35d26: posts big blind $0.05
*** HOLE CARDS ***
Dealt to 767406e9 
Dealt to aea35d26 
Dealt to Hero [8s 6c]
Dealt to 4eed7803 
Hero: folds
4eed7803: folds
767406e9: folds
Uncalled bet ($0.03) returned to aea35d26
*** SHOWDOWN ***
aea35d26 collected $0.04 from pot
*** SUMMARY ***
Total pot $0.04 | Rake $0 | Jackpot $0 | Bingo $0 | Fortune $0
Seat 1: 767406e9 (small blind) folded before Flop
Seat 2: aea35d26 (big blind) collected ($0.04)
Seat 3: Hero folded before Flop (didn't bet)
Seat 5: 4eed7803 (button) folded before Flop (didn't bet)


Poker Hand #HD1170280843: Hold'em No Limit  ($0.02/$0.05) - 2023/03/21 23:06:39
Table 'NLHBlue97' 6-max Seat #3 is the button
Seat 1: 767406e9 ($5.24 in chips)
Seat 2: aea35d26 ($5.04 in chips)
Seat 3: Hero ($5.51 in chips)
Seat 5: 4eed7803 ($5.23 in chips)
4eed7803: posts small blind $0.02
767406e9: posts big blind $0.05
*** HOLE CARDS ***
Dealt to 767406e9 
Dealt to aea35d26 
Dealt to Hero [8h Ac]
Dealt to 4eed7803 
aea35d26: folds
Hero: raises $0.07 to $0.12
4eed7803: folds
767406e9: calls $0.07
*** FLOP *** [Qs 4h 4d]
767406e9: checks
Hero: checks
*** TURN *** [Qs 4h 4d] [8s]
767406e9: checks
Hero: checks
*** RIVER *** [Qs 4h 4d 8s] [7c]
767406e9: checks
Hero: checks
767406e9: shows [Ts As] (Pair of Fours)
Hero: shows [8h Ac] (Pair of Eights and Pair of Fours)
*** SHOWDOWN ***
Hero collected $0.25 from pot
*** SUMMARY ***
Total pot $0.26 | Rake $0.01 | Jackpot $0 | Bingo $0 | Fortune $0
Board [Qs 4h 4d 8s 7c]
Seat 1: 767406e9 (big blind) showed [Ts As] and lost with Pair of Fours
Seat 2: aea35d26 folded before Flop (didn't bet)
Seat 3: Hero (button) showed [8h Ac] and won ($0.25) with Pair of Eights and Pair of Fours
Seat 5: 4eed7803 (small blind) folded before Flop


Poker Hand #HD1170280774: Hold'em No Limit  ($0.02/$0.05) - 2023/03/21 23:06:09
Table 'NLHBlue97' 6-max Seat #2 is the button
Seat 1: 767406e9 ($5.24 in chips)
Seat 2: aea35d26 ($5.04 in chips)
Seat 3: Hero ($5.38 in chips)
Seat 5: 4eed7803 ($5.37 in chips)
Hero: posts small blind $0.02
4eed7803: posts big blind $0.05
*** HOLE CARDS ***
Dealt to 767406e9 
Dealt to aea35d26 
Dealt to Hero [Jd Kc]
Dealt to 4eed7803 
767406e9: folds
aea35d26: folds
Hero: raises $0.09 to $0.14
4eed7803: calls $0.09
*** FLOP *** [3h 8h 3s]
Hero: checks
4eed7803: checks
*** TURN *** [3h 8h 3s] [Kd]
Hero: bets $0.21
4eed7803: folds
Uncalled bet ($0.21) returned to Hero
*** SHOWDOWN ***
Hero collected $0.27 from pot
*** SUMMARY ***
Total pot $0.28 | Rake $0.01 | Jackpot $0 | Bingo $0 | Fortune $0
Board [3h 8h 3s Kd]
Seat 1: 767406e9 folded before Flop (didn't bet)
Seat 2: aea35d26 (button) folded before Flop (didn't bet)
Seat 3: Hero (small blind) won ($0.27)
Seat 5: 4eed7803 (big blind) folded on the Turn


Poker Hand #HD1170280609: Hold'em No Limit  ($0.02/$0.05) - 2023/03/21 23:05:02
Table 'NLHBlue97' 6-max Seat #1 is the button
Seat 1: 767406e9 ($5.24 in chips)
Seat 2: aea35d26 ($4.9 in chips)
Seat 3: Hero ($5.53 in chips)
Seat 4: 51863fd7 ($5.28 in chips)
Seat 5: 4eed7803 ($5.37 in chips)
aea35d26: posts small blind $0.02
Hero: posts big blind $0.05
*** HOLE CARDS ***
Dealt to 767406e9 
Dealt to aea35d26 
Dealt to Hero [7d 5d]
Dealt to 51863fd7 
Dealt to 4eed7803 
51863fd7: folds
4eed7803: folds
767406e9: folds
aea35d26: raises $0.1 to $0.15
Hero: calls $0.1
*** FLOP *** [3d 9c Tc]
aea35d26: checks
Hero: checks
*** TURN *** [3d 9c Tc] [7s]
aea35d26: checks
Hero: checks
*** RIVER *** [3d 9c Tc 7s] [4h]
aea35d26: checks
Hero: checks
aea35d26: shows [Kh 7h] (Pair of Sevens)
Hero: shows [7d 5d] (Pair of Sevens)
*** SHOWDOWN ***
aea35d26 collected $0.29 from pot
*** SUMMARY ***
Total pot $0.3 | Rake $0.01 | Jackpot $0 | Bingo $0 | Fortune $0
Board [3d 9c Tc 7s 4h]
Seat 1: 767406e9 (button) folded before Flop (didn't bet)
Seat 2: aea35d26 (small blind) showed [Kh 7h] and won ($0.29) with Pair of Sevens
Seat 3: Hero (big blind) showed [7d 5d] and lost with Pair of Sevens
Seat 4: 51863fd7 folded before Flop (didn't bet)
Seat 5: 4eed7803 folded before Flop (didn't bet)


Poker Hand #HD1170280595: Hold'em No Limit  ($0.02/$0.05) - 2023/03/21 23:04:55
Table 'NLHBlue97' 6-max Seat #5 is the button
Seat 1: 767406e9 ($5.26 in chips)
Seat 2: aea35d26 ($4.88 in chips)
Seat 3: Hero ($5.53 in chips)
Seat 4: 51863fd7 ($5.28 in chips)
Seat 5: 4eed7803 ($5.37 in chips)
767406e9: posts small blind $0.02
aea35d26: posts big blind $0.05
*** HOLE CARDS ***
Dealt to 767406e9 
Dealt to aea35d26 
Dealt to Hero [8c 7d]
Dealt to 51863fd7 
Dealt to 4eed7803 
Hero: folds
51863fd7: folds
4eed7803: folds
767406e9: folds
Uncalled bet ($0.03) returned to aea35d26
*** SHOWDOWN ***
aea35d26 collected $0.04 from pot
*** SUMMARY ***
Total pot $0.04 | Rake $0 | Jackpot $0 | Bingo $0 | Fortune $0
Seat 1: 767406e9 (small blind) folded before Flop
Seat 2: aea35d26 (big blind) collected ($0.04)
Seat 3: Hero folded before Flop (didn't bet)
Seat 4: 51863fd7 folded before Flop (didn't bet)
Seat 5: 4eed7803 (button) folded before Flop (didn't bet)


Poker Hand #HD1170280522: Hold'em No Limit  ($0.02/$0.05) - 2023/03/21 23:04:23
Table 'NLHBlue97' 6-max Seat #4 is the button
Seat 1: 767406e9 ($5.31 in chips)
Seat 2: aea35d26 ($4.88 in chips)
Seat 3: Hero ($5.88 in chips)
Seat 4: 51863fd7 ($5.28 in chips)
Seat 5: 4eed7803 ($5 in chips)
4eed7803: posts small blind $0.02
767406e9: posts big blind $0.05
*** HOLE CARDS ***
Dealt to 767406e9 
Dealt to aea35d26 
Dealt to Hero [7c 7h]
Dealt to 51863fd7 
Dealt to 4eed7803 
aea35d26: folds
Hero: raises $0.07 to $0.12
51863fd7: folds
4eed7803: raises $0.23 to $0.35
767406e9: folds
Hero: calls $0.23
*** FLOP *** [Ah 3d Jc]
4eed7803: bets $0.23
Hero: folds
Uncalled bet ($0.23) returned to 4eed7803
*** SHOWDOWN ***
4eed7803 collected $0.72 from pot
*** SUMMARY ***
Total pot $0.75 | Rake $0.03 | Jackpot $0 | Bingo $0 | Fortune $0
Board [Ah 3d Jc]
Seat 1: 767406e9 (big blind) folded before Flop
Seat 2: aea35d26 folded before Flop (didn't bet)
Seat 3: Hero folded on the Flop
Seat 4: 51863fd7 (button) folded before Flop (didn't bet)
Seat 5: 4eed7803 (small blind) won ($0.72)


Poker Hand #HD1170280447: Hold'em No Limit  ($0.02/$0.05) - 2023/03/21 23:03:56
Table 'NLHBlue97' 6-max Seat #3 is the button
Seat 1: 767406e9 ($5.44 in chips)
Seat 2: aea35d26 ($4.88 in chips)
Seat 3: Hero ($5.69 in chips)
Seat 4: 51863fd7 ($5.3 in chips)
Seat 5: 4eed7803 ($5 in chips)
51863fd7: posts small blind $0.02
4eed7803: posts big blind $0.05
*** HOLE CARDS ***
Dealt to 767406e9 
Dealt to aea35d26 
Dealt to Hero [Kd Ac]
Dealt to 51863fd7 
Dealt to 4eed7803 
767406e9: raises $0.08 to $0.13
aea35d26: folds
Hero: raises $0.21 to $0.34
51863fd7: folds
4eed7803: folds
767406e9: folds
Uncalled bet ($0.21) returned to Hero
*** SHOWDOWN ***
Hero collected $0.32 from pot
*** SUMMARY ***
Total pot $0.33 | Rake $0.01 | Jackpot $0 | Bingo $0 | Fortune $0
Seat 1: 767406e9 folded before Flop
Seat 2: aea35d26 folded before Flop (didn't bet)
Seat 3: Hero (button) collected ($0.32)
Seat 4: 51863fd7 (small blind) folded before Flop
Seat 5: 4eed7803 (big blind) folded before Flop


Poker Hand #HD1170280409: Hold'em No Limit  ($0.02/$0.05) - 2023/03/21 23:03:41
Table 'NLHBlue97' 6-max Seat #2 is the button
Seat 1: 767406e9 ($5.44 in chips)
Seat 2: aea35d26 ($4.88 in chips)
Seat 3: Hero ($5.71 in chips)
Seat 4: 51863fd7 ($5.28 in chips)
Seat 5: 4eed7803 ($5 in chips)
Hero: posts small blind $0.02
51863fd7: posts big blind $0.05
*** HOLE CARDS ***
Dealt to 767406e9 
Dealt to aea35d26 
Dealt to Hero [9d 5s]
Dealt to 51863fd7 
Dealt to 4eed7803 
4eed7803: folds
767406e9: folds
aea35d26: folds
Hero: folds
Uncalled bet ($0.03) returned to 51863fd7
*** SHOWDOWN ***
51863fd7 collected $0.04 from pot
*** SUMMARY ***
Total pot $0.04 | Rake $0 | Jackpot $0 | Bingo $0 | Fortune $0
Seat 1: 767406e9 folded before Flop (didn't bet)
Seat 2: aea35d26 (button) folded before Flop (didn't bet)
Seat 3: Hero (small blind) folded before Flop
Seat 4: 51863fd7 (big blind) collected ($0.04)
Seat 5: 4eed7803 folded before Flop (didn't bet)


Poker Hand #HD1170280391: Hold'em No Limit  ($0.02/$0.05) - 2023/03/21 23:03:31
Table 'NLHBlue97' 6-max Seat #1 is the button
Seat 1: 767406e9 ($5.44 in chips)
Seat 2: aea35d26 ($4.9 in chips)
Seat 3: Hero ($5.69 in chips)
Seat 4: 51863fd7 ($5.28 in chips)
Seat 5: 4eed7803 ($5 in chips)
aea35d26: posts small blind $0.02
Hero: posts big blind $0.05
*** HOLE CARDS ***
Dealt to 767406e9 
Dealt to aea35d26 
Dealt to Hero [5s Jh]
Dealt to 51863fd7 
Dealt to 4eed7803 
51863fd7: folds
4eed7803: folds
767406e9: folds
aea35d26: folds
Uncalled bet ($0.03) returned to Hero
*** SHOWDOWN ***
Hero collected $0.04 from pot
*** SUMMARY ***
Total pot $0.04 | Rake $0 | Jackpot $0 | Bingo $0 | Fortune $0
Seat 1: 767406e9 (button) folded before Flop (didn't bet)
Seat 2: aea35d26 (small blind) folded before Flop
Seat 3: Hero (big blind) collected ($0.04)
Seat 4: 51863fd7 folded before Flop (didn't bet)
Seat 5: 4eed7803 folded before Flop (didn't bet)


Poker Hand #HD1170280326: Hold'em No Limit  ($0.02/$0.05) - 2023/03/21 23:03:05
Table 'NLHBlue97' 6-max Seat #5 is the button
Seat 1: 767406e9 ($5.23 in chips)
Seat 2: aea35d26 ($4.95 in chips)
Seat 3: Hero ($5.69 in chips)
Seat 4: 51863fd7 ($5.28 in chips)
Seat 5: 4eed7803 ($5.17 in chips)
767406e9: posts small blind $0.02
aea35d26: posts big blind $0.05
*** HOLE CARDS ***
Dealt to 767406e9 
Dealt to aea35d26 
Dealt to Hero [Kh 4h]
Dealt to 51863fd7 
Dealt to 4eed7803 
Hero: folds
51863fd7: folds
4eed7803: raises $0.13 to $0.18
767406e9: raises $0.42 to $0.6
aea35d26: folds
4eed7803: folds
Uncalled bet ($0.42) returned to 767406e9
*** SHOWDOWN ***
767406e9 collected $0.39 from pot
*** SUMMARY ***
Total pot $0.41 | Rake $0.02 | Jackpot $0 | Bingo $0 | Fortune $0
Seat 1: 767406e9 (small blind) collected ($0.39)
Seat 2: aea35d26 (big blind) folded before Flop
Seat 3: Hero folded before Flop (didn't bet)
Seat 4: 51863fd7 folded before Flop (didn't bet)
Seat 5: 4eed7803 (button) folded before Flop


Poker Hand #HD1170280284: Hold'em No Limit  ($0.02/$0.05) - 2023/03/21 23:02:50
Table 'NLHBlue97' 6-max Seat #4 is the button
Seat 1: 767406e9 ($5.28 in chips)
Seat 2: aea35d26 ($4.95 in chips)
Seat 3: Hero ($5.69 in chips)
Seat 4: 51863fd7 ($5.21 in chips)
Seat 5: 4eed7803 ($5.19 in chips)
4eed7803: posts small blind $0.02
767406e9: posts big blind $0.05
*** HOLE CARDS ***
Dealt to 767406e9 
Dealt to aea35d26 
Dealt to Hero [5s 2s]
Dealt to 51863fd7 
Dealt to 4eed7803 
aea35d26: folds
Hero: folds
51863fd7: raises $0.08 to $0.13
4eed7803: folds
767406e9: folds
Uncalled bet ($0.08) returned to 51863fd7
*** SHOWDOWN ***
51863fd7 collected $0.12 from pot
*** SUMMARY ***
Total pot $0.12 | Rake $0 | Jackpot $0 | Bingo $0 | Fortune $0
Seat 1: 767406e9 (big blind) folded before Flop
Seat 2: aea35d26 folded before Flop (didn't bet)
Seat 3: Hero folded before Flop (didn't bet)
Seat 4: 51863fd7 (button) collected ($0.12)
Seat 5: 4eed7803 (small blind) folded before Flop


Poker Hand #HD1170280246: Hold'em No Limit  ($0.02/$0.05) - 2023/03/21 23:02:38
Table 'NLHBlue97' 6-max Seat #3 is the button
Seat 1: 767406e9 ($5.28 in chips)
Seat 2: aea35d26 ($4.88 in chips)
Seat 3: Hero ($5.69 in chips)
Seat 4: 51863fd7 ($5.23 in chips)
Seat 5: 4eed7803 ($5.24 in chips)
51863fd7: posts small blind $0.02
4eed7803: posts big blind $0.05
*** HOLE CARDS ***
Dealt to 767406e9 
Dealt to aea35d26 
Dealt to Hero [6s 7d]
Dealt to 51863fd7 
Dealt to 4eed7803 
767406e9: folds
aea35d26: raises $0.07 to $0.12
Hero: folds
51863fd7: folds
4eed7803: folds
Uncalled bet ($0.07) returned to aea35d26
*** SHOWDOWN ***
aea35d26 collected $0.12 from pot
*** SUMMARY ***
Total pot $0.12 | Rake $0 | Jackpot $0 | Bingo $0 | Fortune $0
Seat 1: 767406e9 folded before Flop (didn't bet)
Seat 2: aea35d26 collected ($0.12)
Seat 3: Hero (button) folded before Flop (didn't bet)
Seat 4: 51863fd7 (small blind) folded before Flop
Seat 5: 4eed7803 (big blind) folded before Flop


Poker Hand #HD1170280122: Hold'em No Limit  ($0.02/$0.05) - 2023/03/21 23:01:45
Table 'NLHBlue97' 6-max Seat #2 is the button
Seat 1: 767406e9 ($5.28 in chips)
Seat 2: aea35d26 ($4.88 in chips)
Seat 3: Hero ($5.71 in chips)
Seat 4: 51863fd7 ($5.23 in chips)
Seat 5: 4eed7803 ($5.24 in chips)
Hero: posts small blind $0.02
51863fd7: posts big blind $0.05
*** HOLE CARDS ***
Dealt to 767406e9 
Dealt to aea35d26 
Dealt to Hero [6c 8s]
Dealt to 51863fd7 
Dealt to 4eed7803 
4eed7803: folds
767406e9: folds
aea35d26: raises $0.07 to $0.12
Hero: folds
51863fd7: calls $0.07
*** FLOP *** [8c 5d 5h]
51863fd7: checks
aea35d26: bets $0.08
51863fd7: calls $0.08
*** TURN *** [8c 5d 5h] [3s]
51863fd7: checks
aea35d26: checks
*** RIVER *** [8c 5d 5h 3s] [3c]
51863fd7: checks
aea35d26: checks
51863fd7: shows [Kh Qd] (Pair of Fives and Pair of Treys)
aea35d26: shows [Jc Kc] (Pair of Fives and Pair of Treys)
*** SHOWDOWN ***
51863fd7 collected $0.2 from pot
aea35d26 collected $0.2 from pot
*** SUMMARY ***
Total pot $0.42 | Rake $0.02 | Jackpot $0 | Bingo $0 | Fortune $0
Board [8c 5d 5h 3s 3c]
Seat 1: 767406e9 folded before Flop (didn't bet)
Seat 2: aea35d26 (button) showed [Jc Kc] and won ($0.2) with Pair of Fives and Pair of Treys
Seat 3: Hero (small blind) folded before Flop
Seat 4: 51863fd7 (big blind) showed [Kh Qd] and won ($0.2) with Pair of Fives and Pair of Treys
Seat 5: 4eed7803 folded before Flop (didn't bet)


Poker Hand #HD1170280083: Hold'em No Limit  ($0.02/$0.05) - 2023/03/21 23:01:34
Table 'NLHBlue97' 6-max Seat #1 is the button
Seat 1: 767406e9 ($5.28 in chips)
Seat 2: aea35d26 ($4.9 in chips)
Seat 3: Hero ($5.69 in chips)
Seat 4: 51863fd7 ($5.23 in chips)
Seat 5: 4eed7803 ($5.24 in chips)
aea35d26: posts small blind $0.02
Hero: posts big blind $0.05
*** HOLE CARDS ***
Dealt to 767406e9 
Dealt to aea35d26 
Dealt to Hero [Ks 4h]
Dealt to 51863fd7 
Dealt to 4eed7803 
51863fd7: folds
4eed7803: folds
767406e9: folds
aea35d26: folds
Uncalled bet ($0.03) returned to Hero
*** SHOWDOWN ***
Hero collected $0.04 from pot
*** SUMMARY ***
Total pot $0.04 | Rake $0 | Jackpot $0 | Bingo $0 | Fortune $0
Seat 1: 767406e9 (button) folded before Flop (didn't bet)
Seat 2: aea35d26 (small blind) folded before Flop
Seat 3: Hero (big blind) collected ($0.04)
Seat 4: 51863fd7 folded before Flop (didn't bet)
Seat 5: 4eed7803 folded before Flop (didn't bet)


Poker Hand #HD1170280031: Hold'em No Limit  ($0.02/$0.05) - 2023/03/21 23:01:14
Table 'NLHBlue97' 6-max Seat #5 is the button
Seat 1: 767406e9 ($5.23 in chips)
Seat 2: aea35d26 ($4.95 in chips)
Seat 3: Hero ($5.69 in chips)
Seat 4: 51863fd7 ($5.23 in chips)
Seat 5: 4eed7803 ($5.24 in chips)
767406e9: posts small blind $0.02
aea35d26: posts big blind $0.05
*** HOLE CARDS ***
Dealt to 767406e9 
Dealt to aea35d26 
Dealt to Hero [As 9d]
Dealt to 51863fd7 
Dealt to 4eed7803 
Hero: folds
51863fd7: folds
4eed7803: folds
767406e9: raises $0.1 to $0.15
aea35d26: folds
Uncalled bet ($0.1) returned to 767406e9
*** SHOWDOWN ***
767406e9 collected $0.1 from pot
*** SUMMARY ***
Total pot $0.1 | Rake $0 | Jackpot $0 | Bingo $0 | Fortune $0
Seat 1: 767406e9 (small blind) collected ($0.1)
Seat 2: aea35d26 (big blind) folded before Flop
Seat 3: Hero folded before Flop (didn't bet)
Seat 4: 51863fd7 folded before Flop (didn't bet)
Seat 5: 4eed7803 (button) folded before Flop (didn't bet)


Poker Hand #HD1170279989: Hold'em No Limit  ($0.02/$0.05) - 2023/03/21 23:00:59
Table 'NLHBlue97' 6-max Seat #4 is the button
Seat 1: 767406e9 ($5.28 in chips)
Seat 2: aea35d26 ($4.95 in chips)
Seat 3: Hero ($5.69 in chips)
Seat 4: 51863fd7 ($5.16 in chips)
Seat 5: 4eed7803 ($5.26 in chips)
4eed7803: posts small blind $0.02
767406e9: posts big blind $0.05
*** HOLE CARDS ***
Dealt to 767406e9 
Dealt to aea35d26 
Dealt to Hero [Kd 7s]
Dealt to 51863fd7 
Dealt to 4eed7803 
aea35d26: folds
Hero: folds
51863fd7: raises $0.08 to $0.13
4eed7803: folds
767406e9: folds
Uncalled bet ($0.08) returned to 51863fd7
*** SHOWDOWN ***
51863fd7 collected $0.12 from pot
*** SUMMARY ***
Total pot $0.12 | Rake $0 | Jackpot $0 | Bingo $0 | Fortune $0
Seat 1: 767406e9 (big blind) folded before Flop
Seat 2: aea35d26 folded before Flop (didn't bet)
Seat 3: Hero folded before Flop (didn't bet)
Seat 4: 51863fd7 (button) collected ($0.12)
Seat 5: 4eed7803 (small blind) folded before Flop


Poker Hand #HD1170279949: Hold'em No Limit  ($0.02/$0.05) - 2023/03/21 23:00:41
Table 'NLHBlue97' 6-max Seat #3 is the button
Seat 1: 767406e9 ($5.07 in chips)
Seat 2: aea35d26 ($4.95 in chips)
Seat 3: Hero ($5.69 in chips)
Seat 4: 51863fd7 ($5.18 in chips)
Seat 5: 4eed7803 ($5.31 in chips)
Seat 6: 39992561 ($10.87 in chips)
51863fd7: posts small blind $0.02
4eed7803: posts big blind $0.05
*** HOLE CARDS ***
Dealt to 767406e9 
Dealt to aea35d26 
Dealt to Hero [2s Ks]
Dealt to 51863fd7 
Dealt to 4eed7803 
Dealt to 39992561 
39992561: raises $0.1 to $0.15
767406e9: raises $0.3 to $0.45
aea35d26: folds
Hero: folds
51863fd7: folds
4eed7803: folds
39992561: folds
Uncalled bet ($0.3) returned to 767406e9
*** SHOWDOWN ***
767406e9 collected $0.36 from pot
*** SUMMARY ***
Total pot $0.37 | Rake $0.01 | Jackpot $0 | Bingo $0 | Fortune $0
Seat 1: 767406e9 collected ($0.36)
Seat 2: aea35d26 folded before Flop (didn't bet)
Seat 3: Hero (button) folded before Flop (didn't bet)
Seat 4: 51863fd7 (small blind) folded before Flop
Seat 5: 4eed7803 (big blind) folded before Flop
Seat 6: 39992561 folded before Flop


Poker Hand #HD1170279915: Hold'em No Limit  ($0.02/$0.05) - 2023/03/21 23:00:25
Table 'NLHBlue97' 6-max Seat #2 is the button
Seat 1: 767406e9 ($5.07 in chips)
Seat 2: aea35d26 ($4.88 in chips)
Seat 3: Hero ($5.71 in chips)
Seat 4: 51863fd7 ($5.23 in chips)
Seat 5: 4eed7803 ($5.31 in chips)
Seat 6: 39992561 ($10.87 in chips)
Hero: posts small blind $0.02
51863fd7: posts big blind $0.05
*** HOLE CARDS ***
Dealt to 767406e9 
Dealt to aea35d26 
Dealt to Hero [5c 4d]
Dealt to 51863fd7 
Dealt to 4eed7803 
Dealt to 39992561 
4eed7803: folds
39992561: folds
767406e9: folds
aea35d26: raises $0.07 to $0.12
Hero: folds
51863fd7: folds
Uncalled bet ($0.07) returned to aea35d26
*** SHOWDOWN ***
aea35d26 collected $0.12 from pot
*** SUMMARY ***
Total pot $0.12 | Rake $0 | Jackpot $0 | Bingo $0 | Fortune $0
Seat 1: 767406e9 folded before Flop (didn't bet)
Seat 2: aea35d26 (button) collected ($0.12)
Seat 3: Hero (small blind) folded before Flop
Seat 4: 51863fd7 (big blind) folded before Flop
Seat 5: 4eed7803 folded before Flop (didn't bet)
Seat 6: 39992561 folded before Flop (didn't bet)


Poker Hand #HD1170279780: Hold'em No Limit  ($0.02/$0.05) - 2023/03/21 22:59:27
Table 'NLHBlue97' 6-max Seat #1 is the button
Seat 1: 767406e9 ($5.07 in chips)
Seat 2: aea35d26 ($4.9 in chips)
Seat 3: Hero ($5.76 in chips)
Seat 4: 51863fd7 ($5.36 in chips)
Seat 5: 4eed7803 ($5.12 in chips)
Seat 6: 39992561 ($10.87 in chips)
aea35d26: posts small blind $0.02
Hero: posts big blind $0.05
*** HOLE CARDS ***
Dealt to 767406e9 
Dealt to aea35d26 
Dealt to Hero [3h Tc]
Dealt to 51863fd7 
Dealt to 4eed7803 
Dealt to 39992561 
51863fd7: raises $0.08 to $0.13
4eed7803: calls $0.13
39992561: folds
767406e9: folds
aea35d26: folds
Hero: folds
*** FLOP *** [3s 4s Jd]
51863fd7: checks
4eed7803: checks
*** TURN *** [3s 4s Jd] [Th]
51863fd7: checks
4eed7803: bets $0.24
51863fd7: folds
Uncalled bet ($0.24) returned to 4eed7803
*** SHOWDOWN ***
4eed7803 collected $0.32 from pot
*** SUMMARY ***
Total pot $0.33 | Rake $0.01 | Jackpot $0 | Bingo $0 | Fortune $0
Board [3s 4s Jd Th]
Seat 1: 767406e9 (button) folded before Flop (didn't bet)
Seat 2: aea35d26 (small blind) folded before Flop
Seat 3: Hero (big blind) folded before Flop
Seat 4: 51863fd7 folded on the Turn
Seat 5: 4eed7803 won ($0.32)
Seat 6: 39992561 folded before Flop (didn't bet)


Poker Hand #HD1170279704: Hold'em No Limit  ($0.02/$0.05) - 2023/03/21 22:58:55
Table 'NLHBlue97' 6-max Seat #6 is the button
Seat 1: 767406e9 ($5.09 in chips)
Seat 2: aea35d26 ($4.95 in chips)
Seat 3: Hero ($5.76 in chips)
Seat 4: 51863fd7 ($5.36 in chips)
Seat 5: 4eed7803 ($5.05 in chips)
Seat 6: 39992561 ($10.87 in chips)
767406e9: posts small blind $0.02
aea35d26: posts big blind $0.05
*** HOLE CARDS ***
Dealt to 767406e9 
Dealt to aea35d26 
Dealt to Hero [Kd 3d]
Dealt to 51863fd7 
Dealt to 4eed7803 
Dealt to 39992561 
Hero: folds
51863fd7: folds
4eed7803: raises $0.1 to $0.15
39992561: folds
767406e9: folds
aea35d26: folds
Uncalled bet ($0.1) returned to 4eed7803
*** SHOWDOWN ***
4eed7803 collected $0.12 from pot
*** SUMMARY ***
Total pot $0.12 | Rake $0 | Jackpot $0 | Bingo $0 | Fortune $0
Seat 1: 767406e9 (small blind) folded before Flop
Seat 2: aea35d26 (big blind) folded before Flop
Seat 3: Hero folded before Flop (didn't bet)
Seat 4: 51863fd7 folded before Flop (didn't bet)
Seat 5: 4eed7803 collected ($0.12)
Seat 6: 39992561 (button) folded before Flop (didn't bet)


Poker Hand #HD1170279652: Hold'em No Limit  ($0.02/$0.05) - 2023/03/21 22:58:36
Table 'NLHBlue97' 6-max Seat #5 is the button
Seat 1: 767406e9 ($5.14 in chips)
Seat 2: aea35d26 ($4.95 in chips)
Seat 3: Hero ($5.76 in chips)
Seat 4: 51863fd7 ($5.36 in chips)
Seat 5: 4eed7803 ($5.05 in chips)
Seat 6: 39992561 ($10.82 in chips)
39992561: posts small blind $0.02
767406e9: posts big blind $0.05
*** HOLE CARDS ***
Dealt to 767406e9 
Dealt to aea35d26 
Dealt to Hero [Tc 8d]
Dealt to 51863fd7 
Dealt to 4eed7803 
Dealt to 39992561 
aea35d26: folds
Hero: folds
51863fd7: folds
4eed7803: folds
39992561: raises $0.1 to $0.15
767406e9: folds
Uncalled bet ($0.1) returned to 39992561
*** SHOWDOWN ***
39992561 collected $0.1 from pot
*** SUMMARY ***
Total pot $0.1 | Rake $0 | Jackpot $0 | Bingo $0 | Fortune $0
Seat 1: 767406e9 (big blind) folded before Flop
Seat 2: aea35d26 folded before Flop (didn't bet)
Seat 3: Hero folded before Flop (didn't bet)
Seat 4: 51863fd7 folded before Flop (didn't bet)
Seat 5: 4eed7803 (button) folded before Flop (didn't bet)
Seat 6: 39992561 (small blind) collected ($0.1)


Poker Hand #HD1170279627: Hold'em No Limit  ($0.02/$0.05) - 2023/03/21 22:58:23
Table 'NLHBlue97' 6-max Seat #4 is the button
Seat 1: 767406e9 ($5.14 in chips)
Seat 2: aea35d26 ($4.95 in chips)
Seat 3: Hero ($5.76 in chips)
Seat 4: 51863fd7 ($5.36 in chips)
Seat 5: 4eed7803 ($5 in chips)
Seat 6: 39992561 ($10.87 in chips)
4eed7803: posts small blind $0.02
39992561: posts big blind $0.05
*** HOLE CARDS ***
Dealt to 767406e9 
Dealt to aea35d26 
Dealt to Hero [2c 7c]
Dealt to 51863fd7 
Dealt to 4eed7803 
Dealt to 39992561 
767406e9: folds
aea35d26: folds
Hero: folds
51863fd7: folds
4eed7803: raises $0.13 to $0.18
39992561: folds
Uncalled bet ($0.13) returned to 4eed7803
*** SHOWDOWN ***
4eed7803 collected $0.1 from pot
*** SUMMARY ***
Total pot $0.1 | Rake $0 | Jackpot $0 | Bingo $0 | Fortune $0
Seat 1: 767406e9 folded before Flop (didn't bet)
Seat 2: aea35d26 folded before Flop (didn't bet)
Seat 3: Hero folded before Flop (didn't bet)
Seat 4: 51863fd7 (button) folded before Flop (didn't bet)
Seat 5: 4eed7803 (small blind) collected ($0.1)
Seat 6: 39992561 (big blind) folded before Flop


Poker Hand #HD1170279583: Hold'em No Limit  ($0.02/$0.05) - 2023/03/21 22:58:07
Table 'NLHBlue97' 6-max Seat #3 is the button
Seat 1: 767406e9 ($5.14 in chips)
Seat 2: aea35d26 ($4.95 in chips)
Seat 3: Hero ($5.69 in chips)
Seat 4: 51863fd7 ($5.38 in chips)
Seat 5: 4eed7803 ($5 in chips)
Seat 6: 39992561 ($10.87 in chips)
51863fd7: posts small blind $0.02
4eed7803: posts big blind $0.05
*** HOLE CARDS ***
Dealt to 767406e9 
Dealt to aea35d26 
Dealt to Hero [Kc Jc]
Dealt to 51863fd7 
Dealt to 4eed7803 
Dealt to 39992561 
39992561: folds
767406e9: folds
aea35d26: folds
Hero: raises $0.07 to $0.12
51863fd7: folds
4eed7803: folds
Uncalled bet ($0.07) returned to Hero
*** SHOWDOWN ***
Hero collected $0.12 from pot
*** SUMMARY ***
Total pot $0.12 | Rake $0 | Jackpot $0 | Bingo $0 | Fortune $0
Seat 1: 767406e9 folded before Flop (didn't bet)
Seat 2: aea35d26 folded before Flop (didn't bet)
Seat 3: Hero (button) collected ($0.12)
Seat 4: 51863fd7 (small blind) folded before Flop
Seat 5: 4eed7803 (big blind) folded before Flop
Seat 6: 39992561 folded before Flop (didn't bet)


Poker Hand #HD1170279485: Hold'em No Limit  ($0.02/$0.05) - 2023/03/21 22:57:23
Table 'NLHBlue97' 6-max Seat #2 is the button
Seat 1: 767406e9 ($5.14 in chips)
Seat 2: aea35d26 ($5.23 in chips)
Seat 3: Hero ($5.71 in chips)
Seat 4: 51863fd7 ($5.1 in chips)
Seat 5: 4eed7803 ($5 in chips)
Seat 6: 39992561 ($10.87 in chips)
Hero: posts small blind $0.02
51863fd7: posts big blind $0.05
*** HOLE CARDS ***
Dealt to 767406e9 
Dealt to aea35d26 
Dealt to Hero [4s Td]
Dealt to 51863fd7 
Dealt to 4eed7803 
Dealt to 39992561 
4eed7803: folds
39992561: folds
767406e9: folds
aea35d26: raises $0.07 to $0.12
Hero: folds
51863fd7: calls $0.07
*** FLOP *** [2c Ac As]
51863fd7: checks
aea35d26: bets $0.06
51863fd7: calls $0.06
*** TURN *** [2c Ac As] [Ts]
51863fd7: checks
aea35d26: bets $0.1
51863fd7: raises $0.25 to $0.35
aea35d26: folds
Uncalled bet ($0.25) returned to 51863fd7
*** SHOWDOWN ***
51863fd7 collected $0.56 from pot
*** SUMMARY ***
Total pot $0.58 | Rake $0.02 | Jackpot $0 | Bingo $0 | Fortune $0
Board [2c Ac As Ts]
Seat 1: 767406e9 folded before Flop (didn't bet)
Seat 2: aea35d26 (button) folded on the Turn
Seat 3: Hero (small blind) folded before Flop
Seat 4: 51863fd7 (big blind) won ($0.56)
Seat 5: 4eed7803 folded before Flop (didn't bet)
Seat 6: 39992561 folded before Flop (didn't bet)


Poker Hand #HD1170279437: Hold'em No Limit  ($0.02/$0.05) - 2023/03/21 22:57:05
Table 'NLHBlue97' 6-max Seat #1 is the button
Seat 1: 767406e9 ($5.14 in chips)
Seat 2: aea35d26 ($5.25 in chips)
Seat 3: Hero ($5.76 in chips)
Seat 4: 51863fd7 ($5.1 in chips)
Seat 6: 39992561 ($10.8 in chips)
aea35d26: posts small blind $0.02
Hero: posts big blind $0.05
*** HOLE CARDS ***
Dealt to 767406e9 
Dealt to aea35d26 
Dealt to Hero [5d 8c]
Dealt to 51863fd7 
Dealt to 39992561 
51863fd7: folds
39992561: raises $0.1 to $0.15
767406e9: folds
aea35d26: folds
Hero: folds
Uncalled bet ($0.1) returned to 39992561
*** SHOWDOWN ***
39992561 collected $0.12 from pot
*** SUMMARY ***
Total pot $0.12 | Rake $0 | Jackpot $0 | Bingo $0 | Fortune $0
Seat 1: 767406e9 (button) folded before Flop (didn't bet)
Seat 2: aea35d26 (small blind) folded before Flop
Seat 3: Hero (big blind) folded before Flop
Seat 4: 51863fd7 folded before Flop (didn't bet)
Seat 6: 39992561 collected ($0.12)


Poker Hand #HD1170279372: Hold'em No Limit  ($0.02/$0.05) - 2023/03/21 22:56:45
Table 'NLHBlue97' 6-max Seat #6 is the button
Seat 1: 767406e9 ($5.09 in chips)
Seat 2: aea35d26 ($5.3 in chips)
Seat 3: Hero ($5.76 in chips)
Seat 4: 51863fd7 ($5.1 in chips)
Seat 6: 39992561 ($10.8 in chips)
767406e9: posts small blind $0.02
aea35d26: posts big blind $0.05
*** HOLE CARDS ***
Dealt to 767406e9 
Dealt to aea35d26 
Dealt to Hero [4h 9s]
Dealt to 51863fd7 
Dealt to 39992561 
Hero: folds
51863fd7: folds
39992561: folds
767406e9: raises $0.1 to $0.15
aea35d26: folds
Uncalled bet ($0.1) returned to 767406e9
*** SHOWDOWN ***
767406e9 collected $0.1 from pot
*** SUMMARY ***
Total pot $0.1 | Rake $0 | Jackpot $0 | Bingo $0 | Fortune $0
Seat 1: 767406e9 (small blind) collected ($0.1)
Seat 2: aea35d26 (big blind) folded before Flop
Seat 3: Hero folded before Flop (didn't bet)
Seat 4: 51863fd7 folded before Flop (didn't bet)
Seat 6: 39992561 (button) folded before Flop (didn't bet)


Poker Hand #HD1170279333: Hold'em No Limit  ($0.02/$0.05) - 2023/03/21 22:56:24
Table 'NLHBlue97' 6-max Seat #5 is the button
Seat 1: 767406e9 ($5.07 in chips)
Seat 2: aea35d26 ($5.3 in chips)
Seat 3: Hero ($5.76 in chips)
Seat 4: 51863fd7 ($5.1 in chips)
Seat 5: 4eed7803 ($5 in chips)
Seat 6: 39992561 ($10.82 in chips)
39992561: posts small blind $0.02
767406e9: posts big blind $0.05
*** HOLE CARDS ***
Dealt to 767406e9 
Dealt to aea35d26 
Dealt to Hero [Kc Ts]
Dealt to 51863fd7 
Dealt to 4eed7803 
Dealt to 39992561 
aea35d26: folds
Hero: folds
51863fd7: folds
4eed7803: folds
39992561: folds
Uncalled bet ($0.03) returned to 767406e9
*** SHOWDOWN ***
767406e9 collected $0.04 from pot
*** SUMMARY ***
Total pot $0.04 | Rake $0 | Jackpot $0 | Bingo $0 | Fortune $0
Seat 1: 767406e9 (big blind) collected ($0.04)
Seat 2: aea35d26 folded before Flop (didn't bet)
Seat 3: Hero folded before Flop (didn't bet)
Seat 4: 51863fd7 folded before Flop (didn't bet)
Seat 5: 4eed7803 (button) folded before Flop (didn't bet)
Seat 6: 39992561 (small blind) folded before Flop


Poker Hand #HD1170279187: Hold'em No Limit  ($0.02/$0.05) - 2023/03/21 22:55:25
Table 'NLHBlue97' 6-max Seat #4 is the button
Seat 1: 767406e9 ($5.07 in chips)
Seat 2: aea35d26 ($5.28 in chips)
Seat 3: Hero ($5.76 in chips)
Seat 4: 51863fd7 ($5.09 in chips)
Seat 5: 4eed7803 ($5.02 in chips)
Seat 6: 39992561 ($10.87 in chips)
4eed7803: posts small blind $0.02
39992561: posts big blind $0.05
*** HOLE CARDS ***
Dealt to 767406e9 
Dealt to aea35d26 
Dealt to Hero [2s Kc]
Dealt to 51863fd7 
Dealt to 4eed7803 
Dealt to 39992561 
767406e9: folds
aea35d26: raises $0.07 to $0.12
Hero: folds
51863fd7: calls $0.12
4eed7803: folds
39992561: folds
*** FLOP *** [8c Qs 7c]
aea35d26: bets $0.14
51863fd7: calls $0.14
*** TURN *** [8c Qs 7c] [9d]
aea35d26: checks
51863fd7: bets $0.29
aea35d26: calls $0.29
*** RIVER *** [8c Qs 7c 9d] [5s]
aea35d26: checks
51863fd7: checks
aea35d26: shows [Qc Ks] (Pair of Queens)
51863fd7: shows [Qd Kd] (Pair of Queens)
*** SHOWDOWN ***
aea35d26 collected $0.57 from pot
51863fd7 collected $0.56 from pot
*** SUMMARY ***
Total pot $1.17 | Rake $0.04 | Jackpot $0 | Bingo $0 | Fortune $0
Board [8c Qs 7c 9d 5s]
Seat 1: 767406e9 folded before Flop (didn't bet)
Seat 2: aea35d26 showed [Qc Ks] and won ($0.57) with Pair of Queens
Seat 3: Hero folded before Flop (didn't bet)
Seat 4: 51863fd7 (button) showed [Qd Kd] and won ($0.56) with Pair of Queens
Seat 5: 4eed7803 (small blind) folded before Flop
Seat 6: 39992561 (big blind) folded before Flop


Poker Hand #HD1170279158: Hold'em No Limit  ($0.02/$0.05) - 2023/03/21 22:55:16
Table 'NLHBlue97' 6-max Seat #3 is the button
Seat 1: 767406e9 ($5.07 in chips)
Seat 2: aea35d26 ($5.28 in chips)
Seat 3: Hero ($5.76 in chips)
Seat 4: 51863fd7 ($5.11 in chips)
Seat 5: 4eed7803 ($5 in chips)
Seat 6: 39992561 ($10.87 in chips)
51863fd7: posts small blind $0.02
4eed7803: posts big blind $0.05
*** HOLE CARDS ***
Dealt to 767406e9 
Dealt to aea35d26 
Dealt to Hero [Kc 7d]
Dealt to 51863fd7 
Dealt to 4eed7803 
Dealt to 39992561 
39992561: folds
767406e9: folds
aea35d26: folds
Hero: folds
51863fd7: folds
Uncalled bet ($0.03) returned to 4eed7803
*** SHOWDOWN ***
4eed7803 collected $0.04 from pot
*** SUMMARY ***
Total pot $0.04 | Rake $0 | Jackpot $0 | Bingo $0 | Fortune $0
Seat 1: 767406e9 folded before Flop (didn't bet)
Seat 2: aea35d26 folded before Flop (didn't bet)
Seat 3: Hero (button) folded before Flop (didn't bet)
Seat 4: 51863fd7 (small blind) folded before Flop
Seat 5: 4eed7803 (big blind) collected ($0.04)
Seat 6: 39992561 folded before Flop (didn't bet)


Poker Hand #HD1170279123: Hold'em No Limit  ($0.02/$0.05) - 2023/03/21 22:55:00
Table 'NLHBlue97' 6-max Seat #2 is the button
Seat 1: 767406e9 ($5 in chips)
Seat 2: aea35d26 ($5.28 in chips)
Seat 3: Hero ($5.78 in chips)
Seat 4: 51863fd7 ($5.16 in chips)
Seat 6: 39992561 ($10.87 in chips)
Hero: posts small blind $0.02
51863fd7: posts big blind $0.05
*** HOLE CARDS ***
Dealt to 767406e9 
Dealt to aea35d26 
Dealt to Hero [2s Kd]
Dealt to 51863fd7 
Dealt to 39992561 
39992561: folds
767406e9: raises $0.08 to $0.13
aea35d26: folds
Hero: folds
51863fd7: folds
Uncalled bet ($0.08) returned to 767406e9
*** SHOWDOWN ***
767406e9 collected $0.12 from pot
*** SUMMARY ***
Total pot $0.12 | Rake $0 | Jackpot $0 | Bingo $0 | Fortune $0
Seat 1: 767406e9 collected ($0.12)
Seat 2: aea35d26 (button) folded before Flop (didn't bet)
Seat 3: Hero (small blind) folded before Flop
Seat 4: 51863fd7 (big blind) folded before Flop
Seat 6: 39992561 folded before Flop (didn't bet)


Poker Hand #HD1170278983: Hold'em No Limit  ($0.02/$0.05) - 2023/03/21 22:54:02
Table 'NLHBlue97' 6-max Seat #1 is the button
Seat 1: 767406e9 ($5 in chips)
Seat 2: aea35d26 ($5.3 in chips)
Seat 3: Hero ($5 in chips)
Seat 4: 51863fd7 ($5.16 in chips)
Seat 6: 39992561 ($11.76 in chips)
aea35d26: posts small blind $0.02
Hero: posts big blind $0.05
*** HOLE CARDS ***
Dealt to 767406e9 
Dealt to aea35d26 
Dealt to Hero [Qs 9s]
Dealt to 51863fd7 
Dealt to 39992561 
51863fd7: folds
39992561: raises $0.1 to $0.15
767406e9: folds
aea35d26: folds
Hero: calls $0.1
*** FLOP *** [Qc 4s Js]
Hero: bets $0.24
39992561: calls $0.24
*** TURN *** [Qc 4s Js] [7h]
Hero: bets $0.5
39992561: calls $0.5
*** RIVER *** [Qc 4s Js 7h] [6h]
Hero: checks
39992561: checks
Hero: shows [Qs 9s] (Pair of Queens)
39992561: shows [As Th] (Ace-High)
*** SHOWDOWN ***
Hero collected $1.67 from pot
*** SUMMARY ***
Total pot $1.8 | Rake $0.08 | Jackpot $0.05 | Bingo $0 | Fortune $0
Board [Qc 4s Js 7h 6h]
Seat 1: 767406e9 (button) folded before Flop (didn't bet)
Seat 2: aea35d26 (small blind) folded before Flop
Seat 3: Hero (big blind) showed [Qs 9s] and won ($1.67) with Pair of Queens
Seat 4: 51863fd7 folded before Flop (didn't bet)
Seat 6: 39992561 showed [As Th] and lost with Ace-High


Poker Hand #HD1170278802: Hold'em No Limit  ($0.02/$0.05) - 2023/03/21 22:52:45
Table 'NLHBlue97' 6-max Seat #6 is the button
Seat 1: 767406e9 ($5 in chips)
Seat 2: aea35d26 ($5.35 in chips)
Seat 3: Hero ($5 in chips)
Seat 4: 51863fd7 ($5.16 in chips)
Seat 6: 39992561 ($10.01 in chips)
767406e9: posts small blind $0.02
aea35d26: posts big blind $0.05
*** HOLE CARDS ***
Dealt to 767406e9 
Dealt to aea35d26 
Dealt to Hero [Ah Ac]
Dealt to 51863fd7 
Dealt to 39992561 
Hero: raises $0.07 to $0.12
51863fd7: folds
39992561: raises $0.28 to $0.4
767406e9: folds
aea35d26: folds
Hero: raises $0.74 to $1.14
39992561: calls $0.74
*** FLOP *** [Js Qs 6s]
Hero: bets $0.78
39992561: calls $0.78
*** TURN *** [Js Qs 6s] [Ks]
Hero: checks
39992561: checks
*** RIVER *** [Js Qs 6s Ks] [Ad]
Hero: checks
39992561: checks
Hero: shows [Ah Ac] (Three Aces)
39992561: shows [Kh Th] (Aces-High Straight)
*** SHOWDOWN ***
39992561 collected $3.67 from pot
*** SUMMARY ***
Total pot $3.91 | Rake $0.19 | Jackpot $0.05 | Bingo $0 | Fortune $0
Board [Js Qs 6s Ks Ad]
Seat 1: 767406e9 (small blind) folded before Flop
Seat 2: aea35d26 (big blind) folded before Flop
Seat 3: Hero showed [Ah Ac] and lost with Three Aces
Seat 4: 51863fd7 folded before Flop (didn't bet)
Seat 6: 39992561 (button) showed [Kh Th] and won ($3.67) with Aces-High Straight


Poker Hand #HD1170278689: Hold'em No Limit  ($0.02/$0.05) - 2023/03/21 22:51:58
Table 'NLHBlue97' 6-max Seat #4 is the button
Seat 1: 767406e9 ($5 in chips)
Seat 2: aea35d26 ($5.35 in chips)
Seat 3: Hero ($5 in chips)
Seat 4: 51863fd7 ($5.02 in chips)
Seat 6: 39992561 ($10.03 in chips)
39992561: posts small blind $0.02
767406e9: posts big blind $0.05
*** HOLE CARDS ***
Dealt to 767406e9 
Dealt to aea35d26 
Dealt to Hero [6s 5d]
Dealt to 51863fd7 
Dealt to 39992561 
aea35d26: folds
Hero: folds
51863fd7: raises $0.08 to $0.13
39992561: folds
767406e9: calls $0.08
*** FLOP *** [2d 7h 7d]
767406e9: checks
51863fd7: checks
*** TURN *** [2d 7h 7d] [6c]
767406e9: checks
51863fd7: bets $0.12
767406e9: folds
Uncalled bet ($0.12) returned to 51863fd7
*** SHOWDOWN ***
51863fd7 collected $0.27 from pot
*** SUMMARY ***
Total pot $0.28 | Rake $0.01 | Jackpot $0 | Bingo $0 | Fortune $0
Board [2d 7h 7d 6c]
Seat 1: 767406e9 (big blind) folded on the Turn
Seat 2: aea35d26 folded before Flop (didn't bet)
Seat 3: Hero folded before Flop (didn't bet)
Seat 4: 51863fd7 (button) won ($0.27)
Seat 6: 39992561 (small blind) folded before Flop


Poker Hand #HD1170278662: Hold'em No Limit  ($0.02/$0.05) - 2023/03/21 22:51:49
Table 'NLHBlue97' 6-max Seat #3 is the button
Seat 1: 767406e9 ($5 in chips)
Seat 2: aea35d26 ($5.35 in chips)
Seat 3: Hero ($5 in chips)
Seat 4: 51863fd7 ($5 in chips)
Seat 6: 39992561 ($10.01 in chips)
51863fd7: posts small blind $0.02
39992561: posts big blind $0.05
*** HOLE CARDS ***
Dealt to 767406e9 
Dealt to aea35d26 
Dealt to Hero [2s 9h]
Dealt to 51863fd7 
Dealt to 39992561 
767406e9: folds
aea35d26: folds
Hero: folds
51863fd7: folds
Uncalled bet ($0.03) returned to 39992561
*** SHOWDOWN ***
39992561 collected $0.04 from pot
*** SUMMARY ***
Total pot $0.04 | Rake $0 | Jackpot $0 | Bingo $0 | Fortune $0
Seat 1: 767406e9 folded before Flop (didn't bet)
Seat 2: aea35d26 folded before Flop (didn't bet)
Seat 3: Hero (button) folded before Flop (didn't bet)
Seat 4: 51863fd7 (small blind) folded before Flop
Seat 6: 39992561 (big blind) collected ($0.04)


Poker Hand #HD1170278576: Hold'em No Limit  ($0.02/$0.05) - 2023/03/21 22:51:13
Table 'NLHBlue97' 6-max Seat #2 is the button
Seat 1: 767406e9 ($5 in chips)
Seat 2: aea35d26 ($5.35 in chips)
Seat 3: Hero ($5 in chips)
Seat 4: 51863fd7 ($5.07 in chips)
Seat 5: 2c828329 ($17.59 in chips)
Seat 6: 39992561 ($9.85 in chips)
Hero: posts small blind $0.02
51863fd7: posts big blind $0.05
*** HOLE CARDS ***
Dealt to 767406e9 
Dealt to aea35d26 
Dealt to Hero [Ad 5h]
Dealt to 51863fd7 
Dealt to 2c828329 
Dealt to 39992561 
2c828329: folds
39992561: raises $0.1 to $0.15
767406e9: folds
aea35d26: folds
Hero: folds
51863fd7: calls $0.1
*** FLOP *** [6c 5s 4d]
51863fd7: checks
39992561: bets $0.08
51863fd7: folds
Uncalled bet ($0.08) returned to 39992561
*** SHOWDOWN ***
39992561 collected $0.31 from pot
*** SUMMARY ***
Total pot $0.32 | Rake $0.01 | Jackpot $0 | Bingo $0 | Fortune $0
Board [6c 5s 4d]
Seat 1: 767406e9 folded before Flop (didn't bet)
Seat 2: aea35d26 (button) folded before Flop (didn't bet)
Seat 3: Hero (small blind) folded before Flop
Seat 4: 51863fd7 (big blind) folded on the Flop
Seat 5: 2c828329 folded before Flop (didn't bet)
Seat 6: 39992561 won ($0.31)


Poker Hand #HD1170278553: Hold'em No Limit  ($0.02/$0.05) - 2023/03/21 22:51:04
Table 'NLHBlue97' 6-max Seat #1 is the button
Seat 1: 767406e9 ($5 in chips)
Seat 2: aea35d26 ($5.3 in chips)
Seat 3: Hero ($5 in chips)
Seat 4: 51863fd7 ($5.07 in chips)
Seat 5: 2c828329 ($17.59 in chips)
Seat 6: 39992561 ($9.85 in chips)
aea35d26: posts small blind $0.02
Hero: posts big blind $0.05
*** HOLE CARDS ***
Dealt to 767406e9 
Dealt to aea35d26 
Dealt to Hero [6c 8s]
Dealt to 51863fd7 
Dealt to 2c828329 
Dealt to 39992561 
51863fd7: folds
2c828329: folds
39992561: folds
767406e9: folds
aea35d26: raises $0.1 to $0.15
Hero: folds
Uncalled bet ($0.1) returned to aea35d26
*** SHOWDOWN ***
aea35d26 collected $0.1 from pot
*** SUMMARY ***
Total pot $0.1 | Rake $0 | Jackpot $0 | Bingo $0 | Fortune $0
Seat 1: 767406e9 (button) folded before Flop (didn't bet)
Seat 2: aea35d26 (small blind) collected ($0.1)
Seat 3: Hero (big blind) folded before Flop
Seat 4: 51863fd7 folded before Flop (didn't bet)
Seat 5: 2c828329 folded before Flop (didn't bet)
Seat 6: 39992561 folded before Flop (didn't bet)


