Poker Hand #HD1184149753: Hold'em No Limit  ($0.02/$0.05) - 2023/03/31 23:03:24
Table 'NLHBlue75' 6-max Seat #1 is the button
Seat 1: 4cb8636f ($9.13 in chips)
Seat 3: afb732c2 ($7.05 in chips)
Seat 5: Hero ($5.58 in chips)
Seat 6: bfe1c7ce ($5 in chips)
afb732c2: posts small blind $0.02
Hero: posts big blind $0.05
*** HOLE CARDS ***
Dealt to 4cb8636f 
Dealt to afb732c2 
Dealt to Hero [Qd Qc]
Dealt to bfe1c7ce 
bfe1c7ce: folds
4cb8636f: folds
afb732c2: raises $0.15 to $0.2
Hero: raises $0.36 to $0.56
afb732c2: raises $0.56 to $1.12
Hero: raises $4.46 to $5.58 and is all-in
afb732c2: calls $4.46
Hero: shows [Qd Qc]
afb732c2: shows [Kc Kd]
*** FLOP *** [6c 8s 6s]
*** TURN *** [6c 8s 6s] [5s]
*** RIVER *** [6c 8s 6s 5s] [9h]
*** SHOWDOWN ***
afb732c2 collected $10.61 from pot
*** SUMMARY ***
Total pot $11.16 | Rake $0.5 | Jackpot $0.05 | Bingo $0 | Fortune $0
Board [6c 8s 6s 5s 9h]
Seat 1: 4cb8636f (button) folded before Flop (didn't bet)
Seat 3: afb732c2 (small blind) showed [Kc Kd] and won ($10.61) with Pair of Kings and Pair of Sixes
Seat 5: Hero (big blind) showed [Qd Qc] and lost with Pair of Queens and Pair of Sixes
Seat 6: bfe1c7ce folded before Flop (didn't bet)


Poker Hand #HD1184149734: Hold'em No Limit  ($0.02/$0.05) - 2023/03/31 23:03:12
Table 'NLHBlue75' 6-max Seat #6 is the button
Seat 1: 4cb8636f ($9.15 in chips)
Seat 3: afb732c2 ($7.03 in chips)
Seat 5: Hero ($5.58 in chips)
Seat 6: bfe1c7ce ($5 in chips)
4cb8636f: posts small blind $0.02
afb732c2: posts big blind $0.05
*** HOLE CARDS ***
Dealt to 4cb8636f 
Dealt to afb732c2 
Dealt to Hero [Jh 5d]
Dealt to bfe1c7ce 
Hero: folds
bfe1c7ce: folds
4cb8636f: folds
Uncalled bet ($0.03) returned to afb732c2
*** SHOWDOWN ***
afb732c2 collected $0.04 from pot
*** SUMMARY ***
Total pot $0.04 | Rake $0 | Jackpot $0 | Bingo $0 | Fortune $0
Seat 1: 4cb8636f (small blind) folded before Flop
Seat 3: afb732c2 (big blind) collected ($0.04)
Seat 5: Hero folded before Flop (didn't bet)
Seat 6: bfe1c7ce (button) folded before Flop (didn't bet)


Poker Hand #HD1184149698: Hold'em No Limit  ($0.02/$0.05) - 2023/03/31 23:02:57
Table 'NLHBlue75' 6-max Seat #5 is the button
Seat 1: 4cb8636f ($9.2 in chips)
Seat 3: afb732c2 ($7.03 in chips)
Seat 5: Hero ($5.51 in chips)
Seat 6: bfe1c7ce ($5.02 in chips)
bfe1c7ce: posts small blind $0.02
4cb8636f: posts big blind $0.05
*** HOLE CARDS ***
Dealt to 4cb8636f 
Dealt to afb732c2 
Dealt to Hero [3s 3c]
Dealt to bfe1c7ce 
afb732c2: folds
Hero: raises $0.07 to $0.12
bfe1c7ce: folds
4cb8636f: folds
Uncalled bet ($0.07) returned to Hero
*** SHOWDOWN ***
Hero collected $0.12 from pot
*** SUMMARY ***
Total pot $0.12 | Rake $0 | Jackpot $0 | Bingo $0 | Fortune $0
Seat 1: 4cb8636f (big blind) folded before Flop
Seat 3: afb732c2 folded before Flop (didn't bet)
Seat 5: Hero (button) collected ($0.12)
Seat 6: bfe1c7ce (small blind) folded before Flop


Poker Hand #HD1184149675: Hold'em No Limit  ($0.02/$0.05) - 2023/03/31 23:02:48
Table 'NLHBlue75' 6-max Seat #3 is the button
Seat 1: 4cb8636f ($9.2 in chips)
Seat 3: afb732c2 ($6.96 in chips)
Seat 5: Hero ($5.53 in chips)
Seat 6: bfe1c7ce ($5.07 in chips)
Hero: posts small blind $0.02
bfe1c7ce: posts big blind $0.05
*** HOLE CARDS ***
Dealt to 4cb8636f 
Dealt to afb732c2 
Dealt to Hero [6s 8d]
Dealt to bfe1c7ce 
4cb8636f: folds
afb732c2: raises $0.1 to $0.15
Hero: folds
bfe1c7ce: folds
Uncalled bet ($0.1) returned to afb732c2
*** SHOWDOWN ***
afb732c2 collected $0.12 from pot
*** SUMMARY ***
Total pot $0.12 | Rake $0 | Jackpot $0 | Bingo $0 | Fortune $0
Seat 1: 4cb8636f folded before Flop (didn't bet)
Seat 3: afb732c2 (button) collected ($0.12)
Seat 5: Hero (small blind) folded before Flop
Seat 6: bfe1c7ce (big blind) folded before Flop


Poker Hand #HD1184149573: Hold'em No Limit  ($0.02/$0.05) - 2023/03/31 23:01:49
Table 'NLHBlue75' 6-max Seat #2 is the button
Seat 1: 4cb8636f ($9.33 in chips)
Seat 2: 72a3b282 ($7.41 in chips)
Seat 3: afb732c2 ($6.79 in chips)
Seat 4: bbd3279a ($5 in chips)
Seat 5: Hero ($5.53 in chips)
Seat 6: bfe1c7ce ($5.07 in chips)
afb732c2: posts small blind $0.02
bbd3279a: posts big blind $0.05
*** HOLE CARDS ***
Dealt to 4cb8636f 
Dealt to 72a3b282 
Dealt to afb732c2 
Dealt to bbd3279a 
Dealt to Hero [6s 4h]
Dealt to bfe1c7ce 
Hero: folds
bfe1c7ce: folds
4cb8636f: raises $0.08 to $0.13
72a3b282: folds
afb732c2: calls $0.11
bbd3279a: folds
*** FLOP *** [6c 4c 2s]
afb732c2: bets $0.16
4cb8636f: folds
Uncalled bet ($0.16) returned to afb732c2
*** SHOWDOWN ***
afb732c2 collected $0.3 from pot
*** SUMMARY ***
Total pot $0.31 | Rake $0.01 | Jackpot $0 | Bingo $0 | Fortune $0
Board [6c 4c 2s]
Seat 1: 4cb8636f folded on the Flop
Seat 2: 72a3b282 (button) folded before Flop (didn't bet)
Seat 3: afb732c2 (small blind) won ($0.3)
Seat 4: bbd3279a (big blind) folded before Flop
Seat 5: Hero folded before Flop (didn't bet)
Seat 6: bfe1c7ce folded before Flop (didn't bet)


Poker Hand #HD1184149540: Hold'em No Limit  ($0.02/$0.05) - 2023/03/31 23:01:34
Table 'NLHBlue75' 6-max Seat #1 is the button
Seat 1: 4cb8636f ($9.33 in chips)
Seat 2: 72a3b282 ($7.43 in chips)
Seat 3: afb732c2 ($6.77 in chips)
Seat 5: Hero ($5.53 in chips)
Seat 6: bfe1c7ce ($5.07 in chips)
72a3b282: posts small blind $0.02
afb732c2: posts big blind $0.05
*** HOLE CARDS ***
Dealt to 4cb8636f 
Dealt to 72a3b282 
Dealt to afb732c2 
Dealt to Hero [5h Th]
Dealt to bfe1c7ce 
Hero: folds
bfe1c7ce: folds
4cb8636f: folds
72a3b282: folds
Uncalled bet ($0.03) returned to afb732c2
*** SHOWDOWN ***
afb732c2 collected $0.04 from pot
*** SUMMARY ***
Total pot $0.04 | Rake $0 | Jackpot $0 | Bingo $0 | Fortune $0
Seat 1: 4cb8636f (button) folded before Flop (didn't bet)
Seat 2: 72a3b282 (small blind) folded before Flop
Seat 3: afb732c2 (big blind) collected ($0.04)
Seat 5: Hero folded before Flop (didn't bet)
Seat 6: bfe1c7ce folded before Flop (didn't bet)


Poker Hand #HD1184149517: Hold'em No Limit  ($0.02/$0.05) - 2023/03/31 23:01:18
Table 'NLHBlue75' 6-max Seat #6 is the button
Seat 1: 4cb8636f ($9.35 in chips)
Seat 2: 72a3b282 ($7.48 in chips)
Seat 3: afb732c2 ($6.77 in chips)
Seat 5: Hero ($5.53 in chips)
Seat 6: bfe1c7ce ($5 in chips)
4cb8636f: posts small blind $0.02
72a3b282: posts big blind $0.05
*** HOLE CARDS ***
Dealt to 4cb8636f 
Dealt to 72a3b282 
Dealt to afb732c2 
Dealt to Hero [6h Jh]
Dealt to bfe1c7ce 
afb732c2: folds
Hero: folds
bfe1c7ce: raises $0.05 to $0.1
4cb8636f: folds
72a3b282: folds
Uncalled bet ($0.05) returned to bfe1c7ce
*** SHOWDOWN ***
bfe1c7ce collected $0.12 from pot
*** SUMMARY ***
Total pot $0.12 | Rake $0 | Jackpot $0 | Bingo $0 | Fortune $0
Seat 1: 4cb8636f (small blind) folded before Flop
Seat 2: 72a3b282 (big blind) folded before Flop
Seat 3: afb732c2 folded before Flop (didn't bet)
Seat 5: Hero folded before Flop (didn't bet)
Seat 6: bfe1c7ce (button) collected ($0.12)


Poker Hand #HD1184149493: Hold'em No Limit  ($0.02/$0.05) - 2023/03/31 23:01:04
Table 'NLHBlue75' 6-max Seat #5 is the button
Seat 1: 4cb8636f ($9.4 in chips)
Seat 2: 72a3b282 ($7.48 in chips)
Seat 3: afb732c2 ($6.7 in chips)
Seat 5: Hero ($5.53 in chips)
Seat 6: bfe1c7ce ($5 in chips)
bfe1c7ce: posts small blind $0.02
4cb8636f: posts big blind $0.05
*** HOLE CARDS ***
Dealt to 4cb8636f 
Dealt to 72a3b282 
Dealt to afb732c2 
Dealt to Hero [Kh 4h]
Dealt to bfe1c7ce 
72a3b282: folds
afb732c2: raises $0.15 to $0.2
Hero: folds
bfe1c7ce: folds
4cb8636f: folds
Uncalled bet ($0.15) returned to afb732c2
*** SHOWDOWN ***
afb732c2 collected $0.12 from pot
*** SUMMARY ***
Total pot $0.12 | Rake $0 | Jackpot $0 | Bingo $0 | Fortune $0
Seat 1: 4cb8636f (big blind) folded before Flop
Seat 2: 72a3b282 folded before Flop (didn't bet)
Seat 3: afb732c2 collected ($0.12)
Seat 5: Hero (button) folded before Flop (didn't bet)
Seat 6: bfe1c7ce (small blind) folded before Flop


Poker Hand #HD1184149410: Hold'em No Limit  ($0.02/$0.05) - 2023/03/31 23:00:17
Table 'NLHBlue75' 6-max Seat #3 is the button
Seat 1: 4cb8636f ($9.4 in chips)
Seat 2: 72a3b282 ($7.48 in chips)
Seat 3: afb732c2 ($6.63 in chips)
Seat 5: Hero ($5.55 in chips)
Seat 6: bfe1c7ce ($5 in chips)
Hero: posts small blind $0.02
bfe1c7ce: posts big blind $0.05
*** HOLE CARDS ***
Dealt to 4cb8636f 
Dealt to 72a3b282 
Dealt to afb732c2 
Dealt to Hero [Kc 4h]
Dealt to bfe1c7ce 
4cb8636f: folds
72a3b282: folds
afb732c2: calls $0.05
Hero: folds
bfe1c7ce: checks
*** FLOP *** [9c 7c 4s]
bfe1c7ce: checks
afb732c2: checks
*** TURN *** [9c 7c 4s] [9s]
bfe1c7ce: checks
afb732c2: bets $0.06
bfe1c7ce: folds
Uncalled bet ($0.06) returned to afb732c2
*** SHOWDOWN ***
afb732c2 collected $0.12 from pot
*** SUMMARY ***
Total pot $0.12 | Rake $0 | Jackpot $0 | Bingo $0 | Fortune $0
Board [9c 7c 4s 9s]
Seat 1: 4cb8636f folded before Flop (didn't bet)
Seat 2: 72a3b282 folded before Flop (didn't bet)
Seat 3: afb732c2 (button) won ($0.12)
Seat 5: Hero (small blind) folded before Flop
Seat 6: bfe1c7ce (big blind) folded on the Turn


Poker Hand #HD1184149326: Hold'em No Limit  ($0.02/$0.05) - 2023/03/31 22:59:30
Table 'NLHBlue75' 6-max Seat #2 is the button
Seat 1: 4cb8636f ($9.4 in chips)
Seat 2: 72a3b282 ($6.57 in chips)
Seat 3: afb732c2 ($7.64 in chips)
Seat 5: Hero ($5.6 in chips)
Seat 6: bfe1c7ce ($5 in chips)
afb732c2: posts small blind $0.02
Hero: posts big blind $0.05
*** HOLE CARDS ***
Dealt to 4cb8636f 
Dealt to 72a3b282 
Dealt to afb732c2 
Dealt to Hero [Td 5d]
Dealt to bfe1c7ce 
bfe1c7ce: folds
4cb8636f: folds
72a3b282: raises $0.05 to $0.1
afb732c2: raises $0.13 to $0.23
Hero: folds
72a3b282: calls $0.13
*** FLOP *** [2c Qd 8d]
afb732c2: bets $0.26
72a3b282: calls $0.26
*** TURN *** [2c Qd 8d] [Ac]
afb732c2: bets $0.52
72a3b282: raises $5.56 to $6.08 and is all-in
afb732c2: folds
Uncalled bet ($5.56) returned to 72a3b282
afb732c2: shows [9c 9h] (Pair of Nines)
72a3b282: shows [Qs] (Pair of Queens)
*** SHOWDOWN ***
72a3b282 collected $1.92 from pot
*** SUMMARY ***
Total pot $2.07 | Rake $0.1 | Jackpot $0.05 | Bingo $0 | Fortune $0
Board [2c Qd 8d Ac]
Seat 1: 4cb8636f folded before Flop (didn't bet)
Seat 2: 72a3b282 (button) showed [Qh Qs] and won ($1.92) with Three Queens
Seat 3: afb732c2 (small blind) folded on the Turn
Seat 5: Hero (big blind) folded before Flop
Seat 6: bfe1c7ce folded before Flop (didn't bet)


Poker Hand #HD1184149298: Hold'em No Limit  ($0.02/$0.05) - 2023/03/31 22:59:13
Table 'NLHBlue75' 6-max Seat #1 is the button
Seat 1: 4cb8636f ($9.4 in chips)
Seat 2: 72a3b282 ($6.59 in chips)
Seat 3: afb732c2 ($7.62 in chips)
Seat 5: Hero ($5.6 in chips)
Seat 6: bfe1c7ce ($5 in chips)
72a3b282: posts small blind $0.02
afb732c2: posts big blind $0.05
*** HOLE CARDS ***
Dealt to 4cb8636f 
Dealt to 72a3b282 
Dealt to afb732c2 
Dealt to Hero [Jh Qs]
Dealt to bfe1c7ce 
Hero: folds
bfe1c7ce: folds
4cb8636f: folds
72a3b282: folds
Uncalled bet ($0.03) returned to afb732c2
*** SHOWDOWN ***
afb732c2 collected $0.04 from pot
*** SUMMARY ***
Total pot $0.04 | Rake $0 | Jackpot $0 | Bingo $0 | Fortune $0
Seat 1: 4cb8636f (button) folded before Flop (didn't bet)
Seat 2: 72a3b282 (small blind) folded before Flop
Seat 3: afb732c2 (big blind) collected ($0.04)
Seat 5: Hero folded before Flop (didn't bet)
Seat 6: bfe1c7ce folded before Flop (didn't bet)


Poker Hand #HD1184149254: Hold'em No Limit  ($0.02/$0.05) - 2023/03/31 22:58:53
Table 'NLHBlue75' 6-max Seat #6 is the button
Seat 1: 4cb8636f ($9.42 in chips)
Seat 2: 72a3b282 ($6.64 in chips)
Seat 3: afb732c2 ($7.62 in chips)
Seat 4: 2acc74ef ($0.99 in chips)
Seat 5: Hero ($5.44 in chips)
Seat 6: bfe1c7ce ($5 in chips)
4cb8636f: posts small blind $0.02
72a3b282: posts big blind $0.05
*** HOLE CARDS ***
Dealt to 4cb8636f 
Dealt to 72a3b282 
Dealt to afb732c2 
Dealt to 2acc74ef 
Dealt to Hero [Jh Ac]
Dealt to bfe1c7ce 
afb732c2: folds
2acc74ef: raises $0.05 to $0.1
Hero: raises $0.22 to $0.32
bfe1c7ce: folds
4cb8636f: folds
72a3b282: folds
2acc74ef: folds
Uncalled bet ($0.22) returned to Hero
*** SHOWDOWN ***
Hero collected $0.26 from pot
*** SUMMARY ***
Total pot $0.27 | Rake $0.01 | Jackpot $0 | Bingo $0 | Fortune $0
Seat 1: 4cb8636f (small blind) folded before Flop
Seat 2: 72a3b282 (big blind) folded before Flop
Seat 3: afb732c2 folded before Flop (didn't bet)
Seat 4: 2acc74ef folded before Flop
Seat 5: Hero collected ($0.26)
Seat 6: bfe1c7ce (button) folded before Flop (didn't bet)


Poker Hand #HD1184149157: Hold'em No Limit  ($0.02/$0.05) - 2023/03/31 22:57:57
Table 'NLHBlue75' 6-max Seat #5 is the button
Seat 1: 4cb8636f ($9.47 in chips)
Seat 2: 72a3b282 ($6.64 in chips)
Seat 3: afb732c2 ($6.43 in chips)
Seat 4: 2acc74ef ($2.29 in chips)
Seat 5: Hero ($5.44 in chips)
Seat 6: bfe1c7ce ($5 in chips)
bfe1c7ce: posts small blind $0.02
4cb8636f: posts big blind $0.05
*** HOLE CARDS ***
Dealt to 4cb8636f 
Dealt to 72a3b282 
Dealt to afb732c2 
Dealt to 2acc74ef 
Dealt to Hero [2d 9c]
Dealt to bfe1c7ce 
72a3b282: folds
afb732c2: calls $0.05
2acc74ef: calls $0.05
Hero: folds
bfe1c7ce: folds
4cb8636f: checks
*** FLOP *** [5c Jd 8s]
4cb8636f: checks
afb732c2: bets $0.09
2acc74ef: calls $0.09
4cb8636f: folds
*** TURN *** [5c Jd 8s] [4d]
afb732c2: bets $0.27
2acc74ef: calls $0.27
*** RIVER *** [5c Jd 8s 4d] [5h]
afb732c2: bets $0.89
2acc74ef: calls $0.89
afb732c2: shows [Qs 5s] (Three Fives)
2acc74ef: shows [6h Js] (Pair of Jacks and Pair of Fives)
*** SHOWDOWN ***
afb732c2 collected $2.49 from pot
*** SUMMARY ***
Total pot $2.67 | Rake $0.13 | Jackpot $0.05 | Bingo $0 | Fortune $0
Board [5c Jd 8s 4d 5h]
Seat 1: 4cb8636f (big blind) folded on the Flop
Seat 2: 72a3b282 folded before Flop (didn't bet)
Seat 3: afb732c2 showed [Qs 5s] and won ($2.49) with Three Fives
Seat 4: 2acc74ef showed [6h Js] and lost with Pair of Jacks and Pair of Fives
Seat 5: Hero (button) folded before Flop (didn't bet)
Seat 6: bfe1c7ce (small blind) folded before Flop


Poker Hand #HD1184149090: Hold'em No Limit  ($0.02/$0.05) - 2023/03/31 22:57:20
Table 'NLHBlue75' 6-max Seat #4 is the button
Seat 2: 72a3b282 ($6.64 in chips)
Seat 3: afb732c2 ($5.97 in chips)
Seat 4: 2acc74ef ($2.72 in chips)
Seat 5: Hero ($5.46 in chips)
Seat 6: bfe1c7ce ($5 in chips)
Hero: posts small blind $0.02
bfe1c7ce: posts big blind $0.05
*** HOLE CARDS ***
Dealt to 72a3b282 
Dealt to afb732c2 
Dealt to 2acc74ef 
Dealt to Hero [Ts 7s]
Dealt to bfe1c7ce 
72a3b282: folds
afb732c2: calls $0.05
2acc74ef: raises $0.1 to $0.15
Hero: folds
bfe1c7ce: folds
afb732c2: raises $0.28 to $0.43
2acc74ef: calls $0.28
*** FLOP *** [8s 3d 6h]
afb732c2: bets $0.47
2acc74ef: folds
Uncalled bet ($0.47) returned to afb732c2
*** SHOWDOWN ***
afb732c2 collected $0.89 from pot
*** SUMMARY ***
Total pot $0.93 | Rake $0.04 | Jackpot $0 | Bingo $0 | Fortune $0
Board [8s 3d 6h]
Seat 2: 72a3b282 folded before Flop (didn't bet)
Seat 3: afb732c2 won ($0.89)
Seat 4: 2acc74ef (button) folded on the Flop
Seat 5: Hero (small blind) folded before Flop
Seat 6: bfe1c7ce (big blind) folded before Flop


Poker Hand #HD1184149024: Hold'em No Limit  ($0.02/$0.05) - 2023/03/31 22:56:41
Table 'NLHBlue75' 6-max Seat #3 is the button
Seat 2: 72a3b282 ($6.64 in chips)
Seat 3: afb732c2 ($7.79 in chips)
Seat 4: 2acc74ef ($1.82 in chips)
Seat 5: Hero ($5.51 in chips)
Seat 6: bfe1c7ce ($5 in chips)
2acc74ef: posts small blind $0.02
Hero: posts big blind $0.05
*** HOLE CARDS ***
Dealt to 72a3b282 
Dealt to afb732c2 
Dealt to 2acc74ef 
Dealt to Hero [Kc 4c]
Dealt to bfe1c7ce 
bfe1c7ce: folds
72a3b282: folds
afb732c2: calls $0.05
2acc74ef: raises $0.15 to $0.2
Hero: folds
afb732c2: raises $0.34 to $0.54
2acc74ef: calls $0.34
*** FLOP *** [6h Qh 3c]
2acc74ef: bets $1.28 and is all-in
afb732c2: calls $1.28
2acc74ef: shows [7c Qs] (Pair of Queens)
afb732c2: shows [As 6c] (Pair of Sixes)
2acc74ef: Chooses to EV Cashout 
*** TURN *** [6h Qh 3c] [4h]
*** RIVER *** [6h Qh 3c 4h] [Kh]
2acc74ef: Pays Cashout Risk ($0.74)
*** SHOWDOWN ***
2acc74ef collected $3.46 from pot
*** SUMMARY ***
Total pot $3.69 | Rake $0.18 | Jackpot $0.05 | Bingo $0 | Fortune $0
Board [6h Qh 3c 4h Kh]
Seat 2: 72a3b282 folded before Flop (didn't bet)
Seat 3: afb732c2 (button) showed [As 6c] and lost with Pair of Sixes
Seat 4: 2acc74ef (small blind) showed [7c Qs] and won ($3.46) with Pair of Queens, Cashout Risk ($0.74)
Seat 5: Hero (big blind) folded before Flop
Seat 6: bfe1c7ce folded before Flop (didn't bet)


Poker Hand #HD1184148973: Hold'em No Limit  ($0.02/$0.05) - 2023/03/31 22:56:11
Table 'NLHBlue75' 6-max Seat #2 is the button
Seat 2: 72a3b282 ($6.64 in chips)
Seat 3: afb732c2 ($7.61 in chips)
Seat 4: 2acc74ef ($2.02 in chips)
Seat 5: Hero ($5.51 in chips)
Seat 6: bfe1c7ce ($5 in chips)
afb732c2: posts small blind $0.02
2acc74ef: posts big blind $0.05
*** HOLE CARDS ***
Dealt to 72a3b282 
Dealt to afb732c2 
Dealt to 2acc74ef 
Dealt to Hero [Jd 8c]
Dealt to bfe1c7ce 
Hero: folds
bfe1c7ce: folds
72a3b282: folds
afb732c2: calls $0.03
2acc74ef: checks
*** FLOP *** [6d 9s 2c]
afb732c2: bets $0.05
2acc74ef: calls $0.05
*** TURN *** [6d 9s 2c] [Ts]
afb732c2: bets $0.1
2acc74ef: calls $0.1
*** RIVER *** [6d 9s 2c Ts] [Qh]
afb732c2: bets $0.3
2acc74ef: folds
Uncalled bet ($0.3) returned to afb732c2
*** SHOWDOWN ***
afb732c2 collected $0.38 from pot
*** SUMMARY ***
Total pot $0.4 | Rake $0.02 | Jackpot $0 | Bingo $0 | Fortune $0
Board [6d 9s 2c Ts Qh]
Seat 2: 72a3b282 (button) folded before Flop (didn't bet)
Seat 3: afb732c2 (small blind) won ($0.38)
Seat 4: 2acc74ef (big blind) folded on the River
Seat 5: Hero folded before Flop (didn't bet)
Seat 6: bfe1c7ce folded before Flop (didn't bet)


Poker Hand #HD1184148917: Hold'em No Limit  ($0.02/$0.05) - 2023/03/31 22:55:37
Table 'NLHBlue75' 6-max Seat #6 is the button
Seat 2: 72a3b282 ($6.66 in chips)
Seat 3: afb732c2 ($7.22 in chips)
Seat 4: 2acc74ef ($2.43 in chips)
Seat 5: Hero ($5.51 in chips)
Seat 6: bfe1c7ce ($5 in chips)
72a3b282: posts small blind $0.02
afb732c2: posts big blind $0.05
*** HOLE CARDS ***
Dealt to 72a3b282 
Dealt to afb732c2 
Dealt to 2acc74ef 
Dealt to Hero [6s 5h]
Dealt to bfe1c7ce 
2acc74ef: raises $0.15 to $0.2
Hero: folds
bfe1c7ce: folds
72a3b282: folds
afb732c2: raises $0.21 to $0.41
2acc74ef: calls $0.21
*** FLOP *** [Qs 7d 3h]
afb732c2: bets $0.42
2acc74ef: folds
Uncalled bet ($0.42) returned to afb732c2
*** SHOWDOWN ***
afb732c2 collected $0.8 from pot
*** SUMMARY ***
Total pot $0.84 | Rake $0.04 | Jackpot $0 | Bingo $0 | Fortune $0
Board [Qs 7d 3h]
Seat 2: 72a3b282 (small blind) folded before Flop
Seat 3: afb732c2 (big blind) won ($0.8)
Seat 4: 2acc74ef folded on the Flop
Seat 5: Hero folded before Flop (didn't bet)
Seat 6: bfe1c7ce (button) folded before Flop (didn't bet)


Poker Hand #HD1184148841: Hold'em No Limit  ($0.02/$0.05) - 2023/03/31 22:54:54
Table 'NLHBlue75' 6-max Seat #5 is the button
Seat 2: 72a3b282 ($6.71 in chips)
Seat 3: afb732c2 ($6.95 in chips)
Seat 4: 2acc74ef ($2.65 in chips)
Seat 5: Hero ($5.51 in chips)
Seat 6: bfe1c7ce ($5 in chips)
bfe1c7ce: posts small blind $0.02
72a3b282: posts big blind $0.05
*** HOLE CARDS ***
Dealt to 72a3b282 
Dealt to afb732c2 
Dealt to 2acc74ef 
Dealt to Hero [Js 7s]
Dealt to bfe1c7ce 
afb732c2: calls $0.05
2acc74ef: raises $0.17 to $0.22
Hero: folds
bfe1c7ce: folds
72a3b282: folds
afb732c2: calls $0.17
*** FLOP *** [2h Ad 4s]
afb732c2: checks
2acc74ef: checks
*** TURN *** [2h Ad 4s] [Th]
afb732c2: bets $0.26
2acc74ef: folds
Uncalled bet ($0.26) returned to afb732c2
*** SHOWDOWN ***
afb732c2 collected $0.49 from pot
*** SUMMARY ***
Total pot $0.51 | Rake $0.02 | Jackpot $0 | Bingo $0 | Fortune $0
Board [2h Ad 4s Th]
Seat 2: 72a3b282 (big blind) folded before Flop
Seat 3: afb732c2 won ($0.49)
Seat 4: 2acc74ef folded on the Turn
Seat 5: Hero (button) folded before Flop (didn't bet)
Seat 6: bfe1c7ce (small blind) folded before Flop


Poker Hand #HD1184148810: Hold'em No Limit  ($0.02/$0.05) - 2023/03/31 22:54:37
Table 'NLHBlue75' 6-max Seat #4 is the button
Seat 2: 72a3b282 ($6.71 in chips)
Seat 3: afb732c2 ($6.95 in chips)
Seat 4: 2acc74ef ($2.58 in chips)
Seat 5: Hero ($5.53 in chips)
Seat 6: bfe1c7ce ($5 in chips)
Hero: posts small blind $0.02
bfe1c7ce: posts big blind $0.05
*** HOLE CARDS ***
Dealt to 72a3b282 
Dealt to afb732c2 
Dealt to 2acc74ef 
Dealt to Hero [8h 2s]
Dealt to bfe1c7ce 
72a3b282: folds
afb732c2: folds
2acc74ef: raises $0.15 to $0.2
Hero: folds
bfe1c7ce: folds
Uncalled bet ($0.15) returned to 2acc74ef
*** SHOWDOWN ***
2acc74ef collected $0.12 from pot
*** SUMMARY ***
Total pot $0.12 | Rake $0 | Jackpot $0 | Bingo $0 | Fortune $0
Seat 2: 72a3b282 folded before Flop (didn't bet)
Seat 3: afb732c2 folded before Flop (didn't bet)
Seat 4: 2acc74ef (button) collected ($0.12)
Seat 5: Hero (small blind) folded before Flop
Seat 6: bfe1c7ce (big blind) folded before Flop


Poker Hand #HD1184148763: Hold'em No Limit  ($0.02/$0.05) - 2023/03/31 22:54:07
Table 'NLHBlue75' 6-max Seat #3 is the button
Seat 2: 72a3b282 ($6.71 in chips)
Seat 3: afb732c2 ($6.76 in chips)
Seat 4: 2acc74ef ($2.73 in chips)
Seat 5: Hero ($5.58 in chips)
Seat 6: bfe1c7ce ($5 in chips)
2acc74ef: posts small blind $0.02
Hero: posts big blind $0.05
*** HOLE CARDS ***
Dealt to 72a3b282 
Dealt to afb732c2 
Dealt to 2acc74ef 
Dealt to Hero [9d 7c]
Dealt to bfe1c7ce 
bfe1c7ce: folds
72a3b282: folds
afb732c2: calls $0.05
2acc74ef: raises $0.1 to $0.15
Hero: folds
afb732c2: calls $0.1
*** FLOP *** [Kd 2c Td]
2acc74ef: checks
afb732c2: bets $0.12
2acc74ef: folds
Uncalled bet ($0.12) returned to afb732c2
*** SHOWDOWN ***
afb732c2 collected $0.34 from pot
*** SUMMARY ***
Total pot $0.35 | Rake $0.01 | Jackpot $0 | Bingo $0 | Fortune $0
Board [Kd 2c Td]
Seat 2: 72a3b282 folded before Flop (didn't bet)
Seat 3: afb732c2 (button) won ($0.34)
Seat 4: 2acc74ef (small blind) folded on the Flop
Seat 5: Hero (big blind) folded before Flop
Seat 6: bfe1c7ce folded before Flop (didn't bet)


Poker Hand #HD1184148651: Hold'em No Limit  ($0.02/$0.05) - 2023/03/31 22:53:11
Table 'NLHBlue75' 6-max Seat #2 is the button
Seat 2: 72a3b282 ($6.71 in chips)
Seat 3: afb732c2 ($7.44 in chips)
Seat 4: 2acc74ef ($2.02 in chips)
Seat 5: Hero ($5.58 in chips)
Seat 6: bfe1c7ce ($5 in chips)
afb732c2: posts small blind $0.02
2acc74ef: posts big blind $0.05
*** HOLE CARDS ***
Dealt to 72a3b282 
Dealt to afb732c2 
Dealt to 2acc74ef 
Dealt to Hero [Js 9d]
Dealt to bfe1c7ce 
Hero: folds
bfe1c7ce: raises $0.1 to $0.15
72a3b282: folds
afb732c2: calls $0.13
2acc74ef: calls $0.1
*** FLOP *** [3h 6d Kh]
afb732c2: checks
2acc74ef: checks
bfe1c7ce: checks
*** TURN *** [3h 6d Kh] [4h]
afb732c2: bets $0.15
2acc74ef: calls $0.15
bfe1c7ce: folds
*** RIVER *** [3h 6d Kh 4h] [Kc]
afb732c2: bets $0.38
2acc74ef: calls $0.38
afb732c2: shows [Jd 7c] (Pair of Kings)
2acc74ef: shows [8s 8d] (Pair of Kings and Pair of Eights)
*** SHOWDOWN ***
2acc74ef collected $1.39 from pot
*** SUMMARY ***
Total pot $1.51 | Rake $0.07 | Jackpot $0.05 | Bingo $0 | Fortune $0
Board [3h 6d Kh 4h Kc]
Seat 2: 72a3b282 (button) folded before Flop (didn't bet)
Seat 3: afb732c2 (small blind) showed [Jd 7c] and lost with Pair of Kings
Seat 4: 2acc74ef (big blind) showed [8s 8d] and won ($1.39) with Pair of Kings and Pair of Eights
Seat 5: Hero folded before Flop (didn't bet)
Seat 6: bfe1c7ce folded on the Turn


Poker Hand #HD1184148550: Hold'em No Limit  ($0.02/$0.05) - 2023/03/31 22:52:07
Table 'NLHBlue75' 6-max Seat #6 is the button
Seat 2: 72a3b282 ($6.73 in chips)
Seat 3: afb732c2 ($6.19 in chips)
Seat 4: 2acc74ef ($2.19 in chips)
Seat 5: Hero ($5.58 in chips)
Seat 6: bfe1c7ce ($5 in chips)
72a3b282: posts small blind $0.02
afb732c2: posts big blind $0.05
*** HOLE CARDS ***
Dealt to 72a3b282 
Dealt to afb732c2 
Dealt to 2acc74ef 
Dealt to Hero [2h 7h]
Dealt to bfe1c7ce 
2acc74ef: raises $0.12 to $0.17
Hero: folds
bfe1c7ce: calls $0.17
72a3b282: folds
afb732c2: calls $0.12
*** FLOP *** [7d As 8d]
afb732c2: bets $0.4
2acc74ef: folds
bfe1c7ce: calls $0.4
*** TURN *** [7d As 8d] [Ac]
afb732c2: bets $0.67
bfe1c7ce: calls $0.67
*** RIVER *** [7d As 8d Ac] [4h]
afb732c2: bets $2.01
bfe1c7ce: folds
Uncalled bet ($2.01) returned to afb732c2
*** SHOWDOWN ***
afb732c2 collected $2.49 from pot
*** SUMMARY ***
Total pot $2.67 | Rake $0.13 | Jackpot $0.05 | Bingo $0 | Fortune $0
Board [7d As 8d Ac 4h]
Seat 2: 72a3b282 (small blind) folded before Flop
Seat 3: afb732c2 (big blind) won ($2.49)
Seat 4: 2acc74ef folded on the Flop
Seat 5: Hero folded before Flop (didn't bet)
Seat 6: bfe1c7ce (button) folded on the River


Poker Hand #HD1184148479: Hold'em No Limit  ($0.02/$0.05) - 2023/03/31 22:51:28
Table 'NLHBlue75' 6-max Seat #5 is the button
Seat 2: 72a3b282 ($6.78 in chips)
Seat 3: afb732c2 ($5.8 in chips)
Seat 4: 2acc74ef ($2.55 in chips)
Seat 5: Hero ($5.58 in chips)
Seat 6: bfe1c7ce ($5 in chips)
bfe1c7ce: posts small blind $0.02
72a3b282: posts big blind $0.05
*** HOLE CARDS ***
Dealt to 72a3b282 
Dealt to afb732c2 
Dealt to 2acc74ef 
Dealt to Hero [Ac 4s]
Dealt to bfe1c7ce 
afb732c2: calls $0.05
2acc74ef: raises $0.15 to $0.2
Hero: folds
bfe1c7ce: folds
72a3b282: folds
afb732c2: calls $0.15
*** FLOP *** [2h Qd 3h]
afb732c2: checks
2acc74ef: checks
*** TURN *** [2h Qd 3h] [8s]
afb732c2: bets $0.16
2acc74ef: calls $0.16
*** RIVER *** [2h Qd 3h 8s] [Qh]
afb732c2: bets $0.6
2acc74ef: folds
Uncalled bet ($0.6) returned to afb732c2
*** SHOWDOWN ***
afb732c2 collected $0.75 from pot
*** SUMMARY ***
Total pot $0.79 | Rake $0.04 | Jackpot $0 | Bingo $0 | Fortune $0
Board [2h Qd 3h 8s Qh]
Seat 2: 72a3b282 (big blind) folded before Flop
Seat 3: afb732c2 won ($0.75)
Seat 4: 2acc74ef folded on the River
Seat 5: Hero (button) folded before Flop (didn't bet)
Seat 6: bfe1c7ce (small blind) folded before Flop


Poker Hand #HD1184148434: Hold'em No Limit  ($0.02/$0.05) - 2023/03/31 22:51:02
Table 'NLHBlue75' 6-max Seat #4 is the button
Seat 1: 4cb8636f ($9.47 in chips)
Seat 2: 72a3b282 ($6.43 in chips)
Seat 3: afb732c2 ($5.8 in chips)
Seat 4: 2acc74ef ($2.86 in chips)
Seat 5: Hero ($5.6 in chips)
Seat 6: bfe1c7ce ($5 in chips)
Hero: posts small blind $0.02
bfe1c7ce: posts big blind $0.05
*** HOLE CARDS ***
Dealt to 4cb8636f 
Dealt to 72a3b282 
Dealt to afb732c2 
Dealt to 2acc74ef 
Dealt to Hero [Ts 5c]
Dealt to bfe1c7ce 
4cb8636f: folds
72a3b282: raises $0.05 to $0.1
afb732c2: folds
2acc74ef: raises $0.21 to $0.31
Hero: folds
bfe1c7ce: folds
72a3b282: raises $6.12 to $6.43 and is all-in
2acc74ef: folds
Uncalled bet ($6.12) returned to 72a3b282
*** SHOWDOWN ***
72a3b282 collected $0.66 from pot
*** SUMMARY ***
Total pot $0.69 | Rake $0.03 | Jackpot $0 | Bingo $0 | Fortune $0
Seat 1: 4cb8636f folded before Flop (didn't bet)
Seat 2: 72a3b282 collected ($0.66)
Seat 3: afb732c2 folded before Flop (didn't bet)
Seat 4: 2acc74ef (button) folded before Flop
Seat 5: Hero (small blind) folded before Flop
Seat 6: bfe1c7ce (big blind) folded before Flop


Poker Hand #HD1184148358: Hold'em No Limit  ($0.02/$0.05) - 2023/03/31 22:50:16
Table 'NLHBlue75' 6-max Seat #3 is the button
Seat 1: 4cb8636f ($9.71 in chips)
Seat 2: 72a3b282 ($6.43 in chips)
Seat 3: afb732c2 ($5.51 in chips)
Seat 4: 2acc74ef ($2.88 in chips)
Seat 5: Hero ($5.65 in chips)
Seat 6: bfe1c7ce ($5 in chips)
2acc74ef: posts small blind $0.02
Hero: posts big blind $0.05
*** HOLE CARDS ***
Dealt to 4cb8636f 
Dealt to 72a3b282 
Dealt to afb732c2 
Dealt to 2acc74ef 
Dealt to Hero [9s 4c]
Dealt to bfe1c7ce 
bfe1c7ce: folds
4cb8636f: raises $0.08 to $0.13
72a3b282: folds
afb732c2: calls $0.13
2acc74ef: folds
Hero: folds
*** FLOP *** [Qs Th Ts]
4cb8636f: checks
afb732c2: bets $0.11
4cb8636f: calls $0.11
*** TURN *** [Qs Th Ts] [Qd]
4cb8636f: checks
afb732c2: bets $0.28
4cb8636f: folds
Uncalled bet ($0.28) returned to afb732c2
*** SHOWDOWN ***
afb732c2 collected $0.53 from pot
*** SUMMARY ***
Total pot $0.55 | Rake $0.02 | Jackpot $0 | Bingo $0 | Fortune $0
Board [Qs Th Ts Qd]
Seat 1: 4cb8636f folded on the Turn
Seat 2: 72a3b282 folded before Flop (didn't bet)
Seat 3: afb732c2 (button) won ($0.53)
Seat 4: 2acc74ef (small blind) folded before Flop
Seat 5: Hero (big blind) folded before Flop
Seat 6: bfe1c7ce folded before Flop (didn't bet)


Poker Hand #HD1184148226: Hold'em No Limit  ($0.02/$0.05) - 2023/03/31 22:49:02
Table 'NLHBlue75' 6-max Seat #2 is the button
Seat 1: 4cb8636f ($9.84 in chips)
Seat 2: 72a3b282 ($6.43 in chips)
Seat 3: afb732c2 ($5.53 in chips)
Seat 4: 2acc74ef ($2.74 in chips)
Seat 5: Hero ($5.65 in chips)
Seat 6: bfe1c7ce ($5 in chips)
afb732c2: posts small blind $0.02
2acc74ef: posts big blind $0.05
*** HOLE CARDS ***
Dealt to 4cb8636f 
Dealt to 72a3b282 
Dealt to afb732c2 
Dealt to 2acc74ef 
Dealt to Hero [7h 6s]
Dealt to bfe1c7ce 
Hero: folds
bfe1c7ce: folds
4cb8636f: raises $0.08 to $0.13
72a3b282: folds
afb732c2: folds
2acc74ef: calls $0.08
*** FLOP *** [Qc Kc 8h]
2acc74ef: checks
4cb8636f: checks
*** TURN *** [Qc Kc 8h] [4s]
2acc74ef: checks
4cb8636f: checks
*** RIVER *** [Qc Kc 8h 4s] [6d]
2acc74ef: bets $0.14
4cb8636f: folds
Uncalled bet ($0.14) returned to 2acc74ef
*** SHOWDOWN ***
2acc74ef collected $0.27 from pot
*** SUMMARY ***
Total pot $0.28 | Rake $0.01 | Jackpot $0 | Bingo $0 | Fortune $0
Board [Qc Kc 8h 4s 6d]
Seat 1: 4cb8636f folded on the River
Seat 2: 72a3b282 (button) folded before Flop (didn't bet)
Seat 3: afb732c2 (small blind) folded before Flop
Seat 4: 2acc74ef (big blind) won ($0.27)
Seat 5: Hero folded before Flop (didn't bet)
Seat 6: bfe1c7ce folded before Flop (didn't bet)


Poker Hand #HD1184148176: Hold'em No Limit  ($0.02/$0.05) - 2023/03/31 22:48:31
Table 'NLHBlue75' 6-max Seat #1 is the button
Seat 1: 4cb8636f ($9.84 in chips)
Seat 2: 72a3b282 ($6.2 in chips)
Seat 3: afb732c2 ($5.58 in chips)
Seat 4: 2acc74ef ($2.94 in chips)
Seat 5: Hero ($5.65 in chips)
Seat 6: bfe1c7ce ($5 in chips)
72a3b282: posts small blind $0.02
afb732c2: posts big blind $0.05
*** HOLE CARDS ***
Dealt to 4cb8636f 
Dealt to 72a3b282 
Dealt to afb732c2 
Dealt to 2acc74ef 
Dealt to Hero [4h 3d]
Dealt to bfe1c7ce 
2acc74ef: raises $0.15 to $0.2
Hero: folds
bfe1c7ce: folds
4cb8636f: folds
72a3b282: calls $0.18
afb732c2: folds
*** FLOP *** [Th 9h 7d]
72a3b282: checks
2acc74ef: checks
*** TURN *** [Th 9h 7d] [7h]
72a3b282: bets $0.23
2acc74ef: folds
Uncalled bet ($0.23) returned to 72a3b282
*** SHOWDOWN ***
72a3b282 collected $0.43 from pot
*** SUMMARY ***
Total pot $0.45 | Rake $0.02 | Jackpot $0 | Bingo $0 | Fortune $0
Board [Th 9h 7d 7h]
Seat 1: 4cb8636f (button) folded before Flop (didn't bet)
Seat 2: 72a3b282 (small blind) won ($0.43)
Seat 3: afb732c2 (big blind) folded before Flop
Seat 4: 2acc74ef folded on the Turn
Seat 5: Hero folded before Flop (didn't bet)
Seat 6: bfe1c7ce folded before Flop (didn't bet)


Poker Hand #HD1184148119: Hold'em No Limit  ($0.02/$0.05) - 2023/03/31 22:47:59
Table 'NLHBlue75' 6-max Seat #6 is the button
Seat 1: 4cb8636f ($9.86 in chips)
Seat 2: 72a3b282 ($6.25 in chips)
Seat 3: afb732c2 ($5.8 in chips)
Seat 4: 2acc74ef ($2.46 in chips)
Seat 5: Hero ($5.65 in chips)
Seat 6: bfe1c7ce ($5 in chips)
4cb8636f: posts small blind $0.02
72a3b282: posts big blind $0.05
*** HOLE CARDS ***
Dealt to 4cb8636f 
Dealt to 72a3b282 
Dealt to afb732c2 
Dealt to 2acc74ef 
Dealt to Hero [8c Th]
Dealt to bfe1c7ce 
afb732c2: calls $0.05
2acc74ef: raises $0.17 to $0.22
Hero: folds
bfe1c7ce: calls $0.22
4cb8636f: folds
72a3b282: folds
afb732c2: calls $0.17
*** FLOP *** [7h 2s Qc]
afb732c2: checks
2acc74ef: bets $0.37
bfe1c7ce: folds
afb732c2: folds
Uncalled bet ($0.37) returned to 2acc74ef
*** SHOWDOWN ***
2acc74ef collected $0.7 from pot
*** SUMMARY ***
Total pot $0.73 | Rake $0.03 | Jackpot $0 | Bingo $0 | Fortune $0
Board [7h 2s Qc]
Seat 1: 4cb8636f (small blind) folded before Flop
Seat 2: 72a3b282 (big blind) folded before Flop
Seat 3: afb732c2 folded on the Flop
Seat 4: 2acc74ef won ($0.7)
Seat 5: Hero folded before Flop (didn't bet)
Seat 6: bfe1c7ce (button) folded on the Flop


Poker Hand #HD1184148019: Hold'em No Limit  ($0.02/$0.05) - 2023/03/31 22:46:54
Table 'NLHBlue75' 6-max Seat #5 is the button
Seat 1: 4cb8636f ($9.91 in chips)
Seat 2: 72a3b282 ($6.25 in chips)
Seat 3: afb732c2 ($5.85 in chips)
Seat 4: 2acc74ef ($3 in chips)
Seat 5: Hero ($5.05 in chips)
Seat 6: bfe1c7ce ($5 in chips)
bfe1c7ce: posts small blind $0.02
4cb8636f: posts big blind $0.05
2acc74ef: posts big blind $0.05
*** HOLE CARDS ***
Dealt to 4cb8636f 
Dealt to 72a3b282 
Dealt to afb732c2 
Dealt to 2acc74ef 
Dealt to Hero [Ts As]
Dealt to bfe1c7ce 
72a3b282: folds
afb732c2: calls $0.05
2acc74ef: raises $0.1 to $0.15
Hero: raises $0.39 to $0.54
bfe1c7ce: folds
4cb8636f: folds
afb732c2: folds
2acc74ef: calls $0.39
*** FLOP *** [5s Kd 2c]
2acc74ef: checks
Hero: bets $0.44
2acc74ef: folds
Uncalled bet ($0.44) returned to Hero
*** SHOWDOWN ***
Hero collected $1.14 from pot
*** SUMMARY ***
Total pot $1.2 | Rake $0.06 | Jackpot $0 | Bingo $0 | Fortune $0
Board [5s Kd 2c]
Seat 1: 4cb8636f (big blind) folded before Flop
Seat 2: 72a3b282 folded before Flop (didn't bet)
Seat 3: afb732c2 folded before Flop
Seat 4: 2acc74ef folded on the Flop
Seat 5: Hero (button) won ($1.14)
Seat 6: bfe1c7ce (small blind) folded before Flop


Poker Hand #HD1184147996: Hold'em No Limit  ($0.02/$0.05) - 2023/03/31 22:46:41
Table 'NLHBlue75' 6-max Seat #3 is the button
Seat 1: 4cb8636f ($9.91 in chips)
Seat 2: 72a3b282 ($6.25 in chips)
Seat 3: afb732c2 ($5.85 in chips)
Seat 5: Hero ($5 in chips)
Seat 6: bfe1c7ce ($5 in chips)
Hero: posts small blind $0.02
bfe1c7ce: posts big blind $0.05
*** HOLE CARDS ***
Dealt to 4cb8636f 
Dealt to 72a3b282 
Dealt to afb732c2 
Dealt to Hero [As 4s]
Dealt to bfe1c7ce 
4cb8636f: folds
72a3b282: folds
afb732c2: folds
Hero: raises $0.09 to $0.14
bfe1c7ce: folds
Uncalled bet ($0.09) returned to Hero
*** SHOWDOWN ***
Hero collected $0.1 from pot
*** SUMMARY ***
Total pot $0.1 | Rake $0 | Jackpot $0 | Bingo $0 | Fortune $0
Seat 1: 4cb8636f folded before Flop (didn't bet)
Seat 2: 72a3b282 folded before Flop (didn't bet)
Seat 3: afb732c2 (button) folded before Flop (didn't bet)
Seat 5: Hero (small blind) collected ($0.1)
Seat 6: bfe1c7ce (big blind) folded before Flop


Poker Hand #HD1184147852: Hold'em No Limit  ($0.02/$0.05) - 2023/03/31 22:45:25
Table 'NLHBlue75' 6-max Seat #2 is the button
Seat 1: 4cb8636f ($10.06 in chips)
Seat 2: 72a3b282 ($5 in chips)
Seat 3: afb732c2 ($5.87 in chips)
Seat 4: 5d67f136 ($5.4 in chips)
Seat 5: Hero ($5 in chips)
Seat 6: bfe1c7ce ($5.33 in chips)
afb732c2: posts small blind $0.02
5d67f136: posts big blind $0.05
*** HOLE CARDS ***
Dealt to 4cb8636f 
Dealt to 72a3b282 
Dealt to afb732c2 
Dealt to 5d67f136 
Dealt to Hero [4h 5s]
Dealt to bfe1c7ce 
Hero: folds
bfe1c7ce: raises $0.1 to $0.15
4cb8636f: calls $0.15
72a3b282: raises $0.39 to $0.54
afb732c2: folds
5d67f136: folds
bfe1c7ce: raises $0.66 to $1.2
4cb8636f: folds
72a3b282: raises $3.8 to $5 and is all-in
bfe1c7ce: folds
Uncalled bet ($3.8) returned to 72a3b282
*** SHOWDOWN ***
72a3b282 collected $2.45 from pot
*** SUMMARY ***
Total pot $2.62 | Rake $0.12 | Jackpot $0.05 | Bingo $0 | Fortune $0
Seat 1: 4cb8636f folded before Flop
Seat 2: 72a3b282 (button) collected ($2.45)
Seat 3: afb732c2 (small blind) folded before Flop
Seat 4: 5d67f136 (big blind) folded before Flop
Seat 5: Hero folded before Flop (didn't bet)
Seat 6: bfe1c7ce folded before Flop


Poker Hand #HD1184147812: Hold'em No Limit  ($0.02/$0.05) - 2023/03/31 22:44:59
Table 'NLHBlue75' 6-max Seat #1 is the button
Seat 1: 4cb8636f ($10.06 in chips)
Seat 2: 72a3b282 ($5 in chips)
Seat 3: afb732c2 ($6.02 in chips)
Seat 4: 5d67f136 ($5.4 in chips)
Seat 5: Hero ($5 in chips)
Seat 6: bfe1c7ce ($5.17 in chips)
72a3b282: posts small blind $0.02
afb732c2: posts big blind $0.05
*** HOLE CARDS ***
Dealt to 4cb8636f 
Dealt to 72a3b282 
Dealt to afb732c2 
Dealt to 5d67f136 
Dealt to Hero [8h 6c]
Dealt to bfe1c7ce 
5d67f136: folds
Hero: folds
bfe1c7ce: raises $0.1 to $0.15
4cb8636f: folds
72a3b282: folds
afb732c2: calls $0.1
*** FLOP *** [Tc 4h 3d]
afb732c2: checks
bfe1c7ce: bets $0.2
afb732c2: folds
Uncalled bet ($0.2) returned to bfe1c7ce
*** SHOWDOWN ***
bfe1c7ce collected $0.31 from pot
*** SUMMARY ***
Total pot $0.32 | Rake $0.01 | Jackpot $0 | Bingo $0 | Fortune $0
Board [Tc 4h 3d]
Seat 1: 4cb8636f (button) folded before Flop (didn't bet)
Seat 2: 72a3b282 (small blind) folded before Flop
Seat 3: afb732c2 (big blind) folded on the Flop
Seat 4: 5d67f136 folded before Flop (didn't bet)
Seat 5: Hero folded before Flop (didn't bet)
Seat 6: bfe1c7ce won ($0.31)


Poker Hand #HD1184147746: Hold'em No Limit  ($0.02/$0.05) - 2023/03/31 22:44:22
Table 'NLHBlue75' 6-max Seat #6 is the button
Seat 1: 4cb8636f ($10.08 in chips)
Seat 2: 72a3b282 ($5 in chips)
Seat 3: afb732c2 ($5.95 in chips)
Seat 4: 5d67f136 ($5.4 in chips)
Seat 5: Hero ($5 in chips)
Seat 6: bfe1c7ce ($5.17 in chips)
4cb8636f: posts small blind $0.02
72a3b282: posts big blind $0.05
*** HOLE CARDS ***
Dealt to 4cb8636f 
Dealt to 72a3b282 
Dealt to afb732c2 
Dealt to 5d67f136 
Dealt to Hero [Th 7d]
Dealt to bfe1c7ce 
afb732c2: calls $0.05
5d67f136: folds
Hero: folds
bfe1c7ce: folds
4cb8636f: folds
72a3b282: checks
*** FLOP *** [6d 2h Ac]
72a3b282: checks
afb732c2: bets $0.06
72a3b282: folds
Uncalled bet ($0.06) returned to afb732c2
*** SHOWDOWN ***
afb732c2 collected $0.12 from pot
*** SUMMARY ***
Total pot $0.12 | Rake $0 | Jackpot $0 | Bingo $0 | Fortune $0
Board [6d 2h Ac]
Seat 1: 4cb8636f (small blind) folded before Flop
Seat 2: 72a3b282 (big blind) folded on the Flop
Seat 3: afb732c2 won ($0.12)
Seat 4: 5d67f136 folded before Flop (didn't bet)
Seat 5: Hero folded before Flop (didn't bet)
Seat 6: bfe1c7ce (button) folded before Flop (didn't bet)


Poker Hand #HD1184147685: Hold'em No Limit  ($0.02/$0.05) - 2023/03/31 22:43:46
Table 'NLHBlue75' 6-max Seat #5 is the button
Seat 1: 4cb8636f ($10.13 in chips)
Seat 2: 72a3b282 ($5 in chips)
Seat 3: afb732c2 ($5.88 in chips)
Seat 4: 5d67f136 ($5.4 in chips)
Seat 5: Hero ($5 in chips)
Seat 6: bfe1c7ce ($5.19 in chips)
bfe1c7ce: posts small blind $0.02
4cb8636f: posts big blind $0.05
*** HOLE CARDS ***
Dealt to 4cb8636f 
Dealt to 72a3b282 
Dealt to afb732c2 
Dealt to 5d67f136 
Dealt to Hero [6s 4h]
Dealt to bfe1c7ce 
72a3b282: folds
afb732c2: calls $0.05
5d67f136: folds
Hero: folds
bfe1c7ce: folds
4cb8636f: checks
*** FLOP *** [6h Ad 4c]
4cb8636f: checks
afb732c2: bets $0.06
4cb8636f: folds
Uncalled bet ($0.06) returned to afb732c2
*** SHOWDOWN ***
afb732c2 collected $0.12 from pot
*** SUMMARY ***
Total pot $0.12 | Rake $0 | Jackpot $0 | Bingo $0 | Fortune $0
Board [6h Ad 4c]
Seat 1: 4cb8636f (big blind) folded on the Flop
Seat 2: 72a3b282 folded before Flop (didn't bet)
Seat 3: afb732c2 won ($0.12)
Seat 4: 5d67f136 folded before Flop (didn't bet)
Seat 5: Hero (button) folded before Flop (didn't bet)
Seat 6: bfe1c7ce (small blind) folded before Flop


Poker Hand #HD1184147665: Hold'em No Limit  ($0.02/$0.05) - 2023/03/31 22:43:35
Table 'NLHBlue75' 6-max Seat #4 is the button
Seat 1: 4cb8636f ($10.13 in chips)
Seat 2: 72a3b282 ($5 in chips)
Seat 3: afb732c2 ($5.88 in chips)
Seat 4: 5d67f136 ($5.4 in chips)
Seat 5: Hero ($5 in chips)
Seat 6: bfe1c7ce ($5.17 in chips)
Hero: posts small blind $0.02
bfe1c7ce: posts big blind $0.05
*** HOLE CARDS ***
Dealt to 4cb8636f 
Dealt to 72a3b282 
Dealt to afb732c2 
Dealt to 5d67f136 
Dealt to Hero [Ts 4d]
Dealt to bfe1c7ce 
4cb8636f: folds
72a3b282: folds
afb732c2: folds
5d67f136: folds
Hero: folds
Uncalled bet ($0.03) returned to bfe1c7ce
*** SHOWDOWN ***
bfe1c7ce collected $0.04 from pot
*** SUMMARY ***
Total pot $0.04 | Rake $0 | Jackpot $0 | Bingo $0 | Fortune $0
Seat 1: 4cb8636f folded before Flop (didn't bet)
Seat 2: 72a3b282 folded before Flop (didn't bet)
Seat 3: afb732c2 folded before Flop (didn't bet)
Seat 4: 5d67f136 (button) folded before Flop (didn't bet)
Seat 5: Hero (small blind) folded before Flop
Seat 6: bfe1c7ce (big blind) collected ($0.04)


Poker Hand #HD1184147561: Hold'em No Limit  ($0.02/$0.05) - 2023/03/31 22:42:40
Table 'NLHBlue75' 6-max Seat #3 is the button
Seat 1: 4cb8636f ($10.13 in chips)
Seat 2: 72a3b282 ($5 in chips)
Seat 3: afb732c2 ($5.51 in chips)
Seat 4: 5d67f136 ($5.42 in chips)
Seat 5: Hero ($5 in chips)
Seat 6: bfe1c7ce ($5.17 in chips)
5d67f136: posts small blind $0.02
Hero: posts big blind $0.05
*** HOLE CARDS ***
Dealt to 4cb8636f 
Dealt to 72a3b282 
Dealt to afb732c2 
Dealt to 5d67f136 
Dealt to Hero [8s 8h]
Dealt to bfe1c7ce 
bfe1c7ce: folds
4cb8636f: folds
72a3b282: folds
afb732c2: calls $0.05
5d67f136: folds
Hero: checks
*** FLOP *** [4s 9c 3c]
Hero: checks
afb732c2: bets $0.06
Hero: calls $0.06
*** TURN *** [4s 9c 3c] [Kh]
Hero: checks
afb732c2: bets $0.08
Hero: calls $0.08
*** RIVER *** [4s 9c 3c Kh] [Ks]
Hero: bets $0.2
afb732c2: raises $0.4 to $0.6
Hero: folds
Uncalled bet ($0.4) returned to afb732c2
*** SHOWDOWN ***
afb732c2 collected $0.76 from pot
*** SUMMARY ***
Total pot $0.8 | Rake $0.04 | Jackpot $0 | Bingo $0 | Fortune $0
Board [4s 9c 3c Kh Ks]
Seat 1: 4cb8636f folded before Flop (didn't bet)
Seat 2: 72a3b282 folded before Flop (didn't bet)
Seat 3: afb732c2 (button) won ($0.76)
Seat 4: 5d67f136 (small blind) folded before Flop
Seat 5: Hero (big blind) folded on the River
Seat 6: bfe1c7ce folded before Flop (didn't bet)


Poker Hand #HD1184147495: Hold'em No Limit  ($0.02/$0.05) - 2023/03/31 22:42:05
Table 'NLHBlue75' 6-max Seat #2 is the button
Seat 1: 4cb8636f ($10.13 in chips)
Seat 2: 72a3b282 ($5 in chips)
Seat 3: afb732c2 ($5.35 in chips)
Seat 4: 5d67f136 ($5.47 in chips)
Seat 5: Hero ($5 in chips)
Seat 6: bfe1c7ce ($5.17 in chips)
afb732c2: posts small blind $0.02
5d67f136: posts big blind $0.05
*** HOLE CARDS ***
Dealt to 4cb8636f 
Dealt to 72a3b282 
Dealt to afb732c2 
Dealt to 5d67f136 
Dealt to Hero [Qh Th]
Dealt to bfe1c7ce 
Hero: raises $0.07 to $0.12
bfe1c7ce: folds
4cb8636f: folds
72a3b282: folds
afb732c2: calls $0.1
5d67f136: folds
*** FLOP *** [Ac 5s 8d]
afb732c2: bets $0.1
Hero: folds
Uncalled bet ($0.1) returned to afb732c2
*** SHOWDOWN ***
afb732c2 collected $0.28 from pot
*** SUMMARY ***
Total pot $0.29 | Rake $0.01 | Jackpot $0 | Bingo $0 | Fortune $0
Board [Ac 5s 8d]
Seat 1: 4cb8636f folded before Flop (didn't bet)
Seat 2: 72a3b282 (button) folded before Flop (didn't bet)
Seat 3: afb732c2 (small blind) won ($0.28)
Seat 4: 5d67f136 (big blind) folded before Flop
Seat 5: Hero folded on the Flop
Seat 6: bfe1c7ce folded before Flop (didn't bet)


Poker Hand #HD1184147384: Hold'em No Limit  ($0.02/$0.05) - 2023/03/31 22:41:09
Table 'NLHBlue75' 6-max Seat #1 is the button
Seat 1: 4cb8636f ($10.13 in chips)
Seat 2: 72a3b282 ($5 in chips)
Seat 3: afb732c2 ($5 in chips)
Seat 4: 5d67f136 ($5.47 in chips)
Seat 5: Hero ($5 in chips)
Seat 6: bfe1c7ce ($5.17 in chips)
72a3b282: posts small blind $0.02
afb732c2: posts big blind $0.05
*** HOLE CARDS ***
Dealt to 4cb8636f 
Dealt to 72a3b282 
Dealt to afb732c2 
Dealt to 5d67f136 
Dealt to Hero [Ac Qh]
Dealt to bfe1c7ce 
5d67f136: folds
Hero: raises $0.07 to $0.12
bfe1c7ce: folds
4cb8636f: folds
72a3b282: folds
afb732c2: calls $0.07
*** FLOP *** [2s As 3s]
afb732c2: bets $0.09
Hero: calls $0.09
*** TURN *** [2s As 3s] [9h]
afb732c2: bets $0.15
Hero: calls $0.15
*** RIVER *** [2s As 3s 9h] [Js]
afb732c2: bets $0.37
Hero: folds
Uncalled bet ($0.37) returned to afb732c2
*** SHOWDOWN ***
afb732c2 collected $0.71 from pot
*** SUMMARY ***
Total pot $0.74 | Rake $0.03 | Jackpot $0 | Bingo $0 | Fortune $0
Board [2s As 3s 9h Js]
Seat 1: 4cb8636f (button) folded before Flop (didn't bet)
Seat 2: 72a3b282 (small blind) folded before Flop
Seat 3: afb732c2 (big blind) won ($0.71)
Seat 4: 5d67f136 folded before Flop (didn't bet)
Seat 5: Hero folded on the River
Seat 6: bfe1c7ce folded before Flop (didn't bet)


Poker Hand #HD1184147257: Hold'em No Limit  ($0.02/$0.05) - 2023/03/31 22:40:04
Table 'NLHBlue75' 6-max Seat #6 is the button
Seat 1: 4cb8636f ($8.6 in chips)
Seat 2: 72a3b282 ($5.05 in chips)
Seat 3: ce1e645f ($5.46 in chips)
Seat 4: 5d67f136 ($5.47 in chips)
Seat 5: Hero ($5.24 in chips)
Seat 6: bfe1c7ce ($5.17 in chips)
4cb8636f: posts small blind $0.02
72a3b282: posts big blind $0.05
*** HOLE CARDS ***
Dealt to 4cb8636f 
Dealt to 72a3b282 
Dealt to ce1e645f 
Dealt to 5d67f136 
Dealt to Hero [Tc Jc]
Dealt to bfe1c7ce 
ce1e645f: folds
5d67f136: folds
Hero: raises $0.07 to $0.12
bfe1c7ce: folds
4cb8636f: raises $0.29 to $0.41
72a3b282: folds
Hero: calls $0.29
*** FLOP *** [6h 8h Js]
4cb8636f: bets $0.44
Hero: calls $0.44
*** TURN *** [6h 8h Js] [4h]
4cb8636f: bets $0.88
Hero: calls $0.88
*** RIVER *** [6h 8h Js 4h] [5d]
4cb8636f: bets $3.51
Hero: folds
Uncalled bet ($3.51) returned to 4cb8636f
*** SHOWDOWN ***
4cb8636f collected $3.26 from pot
*** SUMMARY ***
Total pot $3.51 | Rake $0.2 | Jackpot $0.05 | Bingo $0 | Fortune $0
Board [6h 8h Js 4h 5d]
Seat 1: 4cb8636f (small blind) won ($3.26)
Seat 2: 72a3b282 (big blind) folded before Flop
Seat 3: ce1e645f folded before Flop (didn't bet)
Seat 4: 5d67f136 folded before Flop (didn't bet)
Seat 5: Hero folded on the River
Seat 6: bfe1c7ce (button) folded before Flop (didn't bet)


Poker Hand #HD1184147232: Hold'em No Limit  ($0.02/$0.05) - 2023/03/31 22:39:52
Table 'NLHBlue75' 6-max Seat #5 is the button
Seat 1: 4cb8636f ($8.58 in chips)
Seat 2: 72a3b282 ($5.05 in chips)
Seat 3: ce1e645f ($5.46 in chips)
Seat 4: 5d67f136 ($5.47 in chips)
Seat 5: Hero ($5.24 in chips)
Seat 6: bfe1c7ce ($5.19 in chips)
bfe1c7ce: posts small blind $0.02
4cb8636f: posts big blind $0.05
*** HOLE CARDS ***
Dealt to 4cb8636f 
Dealt to 72a3b282 
Dealt to ce1e645f 
Dealt to 5d67f136 
Dealt to Hero [4s Kh]
Dealt to bfe1c7ce 
72a3b282: folds
ce1e645f: folds
5d67f136: folds
Hero: folds
bfe1c7ce: folds
Uncalled bet ($0.03) returned to 4cb8636f
*** SHOWDOWN ***
4cb8636f collected $0.04 from pot
*** SUMMARY ***
Total pot $0.04 | Rake $0 | Jackpot $0 | Bingo $0 | Fortune $0
Seat 1: 4cb8636f (big blind) collected ($0.04)
Seat 2: 72a3b282 folded before Flop (didn't bet)
Seat 3: ce1e645f folded before Flop (didn't bet)
Seat 4: 5d67f136 folded before Flop (didn't bet)
Seat 5: Hero (button) folded before Flop (didn't bet)
Seat 6: bfe1c7ce (small blind) folded before Flop


Poker Hand #HD1184147186: Hold'em No Limit  ($0.02/$0.05) - 2023/03/31 22:39:29
Table 'NLHBlue75' 6-max Seat #4 is the button
Seat 1: 4cb8636f ($8.58 in chips)
Seat 2: 72a3b282 ($5.05 in chips)
Seat 3: ce1e645f ($5.46 in chips)
Seat 4: 5d67f136 ($5.4 in chips)
Seat 5: Hero ($5.26 in chips)
Seat 6: bfe1c7ce ($5.24 in chips)
Hero: posts small blind $0.02
bfe1c7ce: posts big blind $0.05
*** HOLE CARDS ***
Dealt to 4cb8636f 
Dealt to 72a3b282 
Dealt to ce1e645f 
Dealt to 5d67f136 
Dealt to Hero [7c 4s]
Dealt to bfe1c7ce 
4cb8636f: folds
72a3b282: folds
ce1e645f: folds
5d67f136: raises $0.1 to $0.15
Hero: folds
bfe1c7ce: folds
Uncalled bet ($0.1) returned to 5d67f136
*** SHOWDOWN ***
5d67f136 collected $0.12 from pot
*** SUMMARY ***
Total pot $0.12 | Rake $0 | Jackpot $0 | Bingo $0 | Fortune $0
Seat 1: 4cb8636f folded before Flop (didn't bet)
Seat 2: 72a3b282 folded before Flop (didn't bet)
Seat 3: ce1e645f folded before Flop (didn't bet)
Seat 4: 5d67f136 (button) collected ($0.12)
Seat 5: Hero (small blind) folded before Flop
Seat 6: bfe1c7ce (big blind) folded before Flop


Poker Hand #HD1184147114: Hold'em No Limit  ($0.02/$0.05) - 2023/03/31 22:38:57
Table 'NLHBlue75' 6-max Seat #3 is the button
Seat 1: 4cb8636f ($8.51 in chips)
Seat 2: 72a3b282 ($5.05 in chips)
Seat 3: ce1e645f ($5.46 in chips)
Seat 4: 5d67f136 ($5.42 in chips)
Seat 5: Hero ($5.31 in chips)
Seat 6: bfe1c7ce ($5.24 in chips)
5d67f136: posts small blind $0.02
Hero: posts big blind $0.05
*** HOLE CARDS ***
Dealt to 4cb8636f 
Dealt to 72a3b282 
Dealt to ce1e645f 
Dealt to 5d67f136 
Dealt to Hero [Ts Jh]
Dealt to bfe1c7ce 
bfe1c7ce: folds
4cb8636f: raises $0.08 to $0.13
72a3b282: folds
ce1e645f: folds
5d67f136: folds
Hero: folds
Uncalled bet ($0.08) returned to 4cb8636f
*** SHOWDOWN ***
4cb8636f collected $0.12 from pot
*** SUMMARY ***
Total pot $0.12 | Rake $0 | Jackpot $0 | Bingo $0 | Fortune $0
Seat 1: 4cb8636f collected ($0.12)
Seat 2: 72a3b282 folded before Flop (didn't bet)
Seat 3: ce1e645f (button) folded before Flop (didn't bet)
Seat 4: 5d67f136 (small blind) folded before Flop
Seat 5: Hero (big blind) folded before Flop
Seat 6: bfe1c7ce folded before Flop (didn't bet)


Poker Hand #HD1184147082: Hold'em No Limit  ($0.02/$0.05) - 2023/03/31 22:38:39
Table 'NLHBlue75' 6-max Seat #2 is the button
Seat 1: 4cb8636f ($8.51 in chips)
Seat 2: 72a3b282 ($5.05 in chips)
Seat 3: ce1e645f ($5.48 in chips)
Seat 4: 5d67f136 ($5.47 in chips)
Seat 5: Hero ($5.31 in chips)
Seat 6: bfe1c7ce ($5.17 in chips)
ce1e645f: posts small blind $0.02
5d67f136: posts big blind $0.05
*** HOLE CARDS ***
Dealt to 4cb8636f 
Dealt to 72a3b282 
Dealt to ce1e645f 
Dealt to 5d67f136 
Dealt to Hero [9h 4s]
Dealt to bfe1c7ce 
Hero: folds
bfe1c7ce: raises $0.1 to $0.15
4cb8636f: folds
72a3b282: folds
ce1e645f: folds
5d67f136: folds
Uncalled bet ($0.1) returned to bfe1c7ce
*** SHOWDOWN ***
bfe1c7ce collected $0.12 from pot
*** SUMMARY ***
Total pot $0.12 | Rake $0 | Jackpot $0 | Bingo $0 | Fortune $0
Seat 1: 4cb8636f folded before Flop (didn't bet)
Seat 2: 72a3b282 (button) folded before Flop (didn't bet)
Seat 3: ce1e645f (small blind) folded before Flop
Seat 4: 5d67f136 (big blind) folded before Flop
Seat 5: Hero folded before Flop (didn't bet)
Seat 6: bfe1c7ce collected ($0.12)


Poker Hand #HD1184147053: Hold'em No Limit  ($0.02/$0.05) - 2023/03/31 22:38:25
Table 'NLHBlue75' 6-max Seat #1 is the button
Seat 1: 4cb8636f ($8.51 in chips)
Seat 2: 72a3b282 ($5 in chips)
Seat 3: ce1e645f ($5.53 in chips)
Seat 4: 5d67f136 ($5.47 in chips)
Seat 5: Hero ($5.31 in chips)
Seat 6: bfe1c7ce ($5.17 in chips)
72a3b282: posts small blind $0.02
ce1e645f: posts big blind $0.05
*** HOLE CARDS ***
Dealt to 4cb8636f 
Dealt to 72a3b282 
Dealt to ce1e645f 
Dealt to 5d67f136 
Dealt to Hero [Tc Kd]
Dealt to bfe1c7ce 
5d67f136: folds
Hero: folds
bfe1c7ce: folds
4cb8636f: folds
72a3b282: raises $0.05 to $0.1
ce1e645f: folds
Uncalled bet ($0.05) returned to 72a3b282
*** SHOWDOWN ***
72a3b282 collected $0.1 from pot
*** SUMMARY ***
Total pot $0.1 | Rake $0 | Jackpot $0 | Bingo $0 | Fortune $0
Seat 1: 4cb8636f (button) folded before Flop (didn't bet)
Seat 2: 72a3b282 (small blind) collected ($0.1)
Seat 3: ce1e645f (big blind) folded before Flop
Seat 4: 5d67f136 folded before Flop (didn't bet)
Seat 5: Hero folded before Flop (didn't bet)
Seat 6: bfe1c7ce folded before Flop (didn't bet)


Poker Hand #HD1184146975: Hold'em No Limit  ($0.02/$0.05) - 2023/03/31 22:37:44
Table 'NLHBlue75' 6-max Seat #6 is the button
Seat 1: 4cb8636f ($8.61 in chips)
Seat 2: 72a3b282 ($5 in chips)
Seat 3: ce1e645f ($5.53 in chips)
Seat 4: 5d67f136 ($5.47 in chips)
Seat 5: Hero ($5.31 in chips)
Seat 6: bfe1c7ce ($5.03 in chips)
4cb8636f: posts small blind $0.02
72a3b282: posts big blind $0.05
*** HOLE CARDS ***
Dealt to 4cb8636f 
Dealt to 72a3b282 
Dealt to ce1e645f 
Dealt to 5d67f136 
Dealt to Hero [Ks 9c]
Dealt to bfe1c7ce 
ce1e645f: folds
5d67f136: folds
Hero: folds
bfe1c7ce: raises $0.05 to $0.1
4cb8636f: calls $0.08
72a3b282: folds
*** FLOP *** [Th 3d Qd]
4cb8636f: checks
bfe1c7ce: bets $0.15
4cb8636f: folds
Uncalled bet ($0.15) returned to bfe1c7ce
*** SHOWDOWN ***
bfe1c7ce collected $0.24 from pot
*** SUMMARY ***
Total pot $0.25 | Rake $0.01 | Jackpot $0 | Bingo $0 | Fortune $0
Board [Th 3d Qd]
Seat 1: 4cb8636f (small blind) folded on the Flop
Seat 2: 72a3b282 (big blind) folded before Flop
Seat 3: ce1e645f folded before Flop (didn't bet)
Seat 4: 5d67f136 folded before Flop (didn't bet)
Seat 5: Hero folded before Flop (didn't bet)
Seat 6: bfe1c7ce (button) won ($0.24)


Poker Hand #HD1184146942: Hold'em No Limit  ($0.02/$0.05) - 2023/03/31 22:37:29
Table 'NLHBlue75' 6-max Seat #5 is the button
Seat 1: 4cb8636f ($8.66 in chips)
Seat 3: ce1e645f ($5.46 in chips)
Seat 4: 5d67f136 ($5.47 in chips)
Seat 5: Hero ($5.31 in chips)
Seat 6: bfe1c7ce ($5.05 in chips)
bfe1c7ce: posts small blind $0.02
4cb8636f: posts big blind $0.05
*** HOLE CARDS ***
Dealt to 4cb8636f 
Dealt to ce1e645f 
Dealt to 5d67f136 
Dealt to Hero [Td 2c]
Dealt to bfe1c7ce 
ce1e645f: raises $0.1 to $0.15
5d67f136: folds
Hero: folds
bfe1c7ce: folds
4cb8636f: folds
Uncalled bet ($0.1) returned to ce1e645f
*** SHOWDOWN ***
ce1e645f collected $0.12 from pot
*** SUMMARY ***
Total pot $0.12 | Rake $0 | Jackpot $0 | Bingo $0 | Fortune $0
Seat 1: 4cb8636f (big blind) folded before Flop
Seat 3: ce1e645f collected ($0.12)
Seat 4: 5d67f136 folded before Flop (didn't bet)
Seat 5: Hero (button) folded before Flop (didn't bet)
Seat 6: bfe1c7ce (small blind) folded before Flop


Poker Hand #HD1184146887: Hold'em No Limit  ($0.02/$0.05) - 2023/03/31 22:36:57
Table 'NLHBlue75' 6-max Seat #4 is the button
Seat 1: 4cb8636f ($8.66 in chips)
Seat 3: ce1e645f ($5.39 in chips)
Seat 4: 5d67f136 ($5.47 in chips)
Seat 5: Hero ($5.33 in chips)
Seat 6: bfe1c7ce ($5.1 in chips)
Hero: posts small blind $0.02
bfe1c7ce: posts big blind $0.05
*** HOLE CARDS ***
Dealt to 4cb8636f 
Dealt to ce1e645f 
Dealt to 5d67f136 
Dealt to Hero [Jc 2d]
Dealt to bfe1c7ce 
4cb8636f: folds
ce1e645f: raises $0.1 to $0.15
5d67f136: folds
Hero: folds
bfe1c7ce: folds
Uncalled bet ($0.1) returned to ce1e645f
*** SHOWDOWN ***
ce1e645f collected $0.12 from pot
*** SUMMARY ***
Total pot $0.12 | Rake $0 | Jackpot $0 | Bingo $0 | Fortune $0
Seat 1: 4cb8636f folded before Flop (didn't bet)
Seat 3: ce1e645f collected ($0.12)
Seat 4: 5d67f136 (button) folded before Flop (didn't bet)
Seat 5: Hero (small blind) folded before Flop
Seat 6: bfe1c7ce (big blind) folded before Flop


Poker Hand #HD1184146760: Hold'em No Limit  ($0.02/$0.05) - 2023/03/31 22:35:51
Table 'NLHBlue75' 6-max Seat #3 is the button
Seat 1: 4cb8636f ($6.56 in chips)
Seat 2: b820b698 ($1.94 in chips)
Seat 3: ce1e645f ($5.39 in chips)
Seat 4: 5d67f136 ($5.49 in chips)
Seat 5: Hero ($5.55 in chips)
Seat 6: bfe1c7ce ($5.32 in chips)
5d67f136: posts small blind $0.02
Hero: posts big blind $0.05
*** HOLE CARDS ***
Dealt to 4cb8636f 
Dealt to b820b698 
Dealt to ce1e645f 
Dealt to 5d67f136 
Dealt to Hero [2h 2c]
Dealt to bfe1c7ce 
bfe1c7ce: calls $0.05
4cb8636f: raises $0.17 to $0.22
b820b698: calls $0.22
ce1e645f: folds
5d67f136: folds
Hero: calls $0.17
bfe1c7ce: calls $0.17
*** FLOP *** [Kc Qs 3h]
Hero: checks
bfe1c7ce: checks
4cb8636f: checks
b820b698: bets $0.6
Hero: folds
bfe1c7ce: folds
4cb8636f: calls $0.6
*** TURN *** [Kc Qs 3h] [5h]
4cb8636f: checks
b820b698: bets $1.12 and is all-in
4cb8636f: calls $1.12
b820b698: shows [Js Ks] (Pair of Kings)
4cb8636f: shows [Ah Jh] (Ace-High)
*** RIVER *** [Kc Qs 3h 5h] [9h]
*** SHOWDOWN ***
4cb8636f collected $4.04 from pot
*** SUMMARY ***
Total pot $4.34 | Rake $0.25 | Jackpot $0.05 | Bingo $0 | Fortune $0
Board [Kc Qs 3h 5h 9h]
Seat 1: 4cb8636f showed [Ah Jh] and won ($4.04) with Ace High Flush
Seat 2: b820b698 showed [Js Ks] and lost with Pair of Kings
Seat 3: ce1e645f (button) folded before Flop (didn't bet)
Seat 4: 5d67f136 (small blind) folded before Flop
Seat 5: Hero (big blind) folded on the Flop
Seat 6: bfe1c7ce folded on the Flop


Poker Hand #HD1184146730: Hold'em No Limit  ($0.02/$0.05) - 2023/03/31 22:35:36
Table 'NLHBlue75' 6-max Seat #2 is the button
Seat 1: 4cb8636f ($6.56 in chips)
Seat 2: b820b698 ($1.94 in chips)
Seat 3: ce1e645f ($5.41 in chips)
Seat 4: 5d67f136 ($5.47 in chips)
Seat 5: Hero ($5.55 in chips)
Seat 6: bfe1c7ce ($5.32 in chips)
ce1e645f: posts small blind $0.02
5d67f136: posts big blind $0.05
*** HOLE CARDS ***
Dealt to 4cb8636f 
Dealt to b820b698 
Dealt to ce1e645f 
Dealt to 5d67f136 
Dealt to Hero [3d 8d]
Dealt to bfe1c7ce 
Hero: folds
bfe1c7ce: folds
4cb8636f: folds
b820b698: folds
ce1e645f: folds
Uncalled bet ($0.03) returned to 5d67f136
*** SHOWDOWN ***
5d67f136 collected $0.04 from pot
*** SUMMARY ***
Total pot $0.04 | Rake $0 | Jackpot $0 | Bingo $0 | Fortune $0
Seat 1: 4cb8636f folded before Flop (didn't bet)
Seat 2: b820b698 (button) folded before Flop (didn't bet)
Seat 3: ce1e645f (small blind) folded before Flop
Seat 4: 5d67f136 (big blind) collected ($0.04)
Seat 5: Hero folded before Flop (didn't bet)
Seat 6: bfe1c7ce folded before Flop (didn't bet)


Poker Hand #HD1184146629: Hold'em No Limit  ($0.02/$0.05) - 2023/03/31 22:34:43
Table 'NLHBlue75' 6-max Seat #1 is the button
Seat 1: 4cb8636f ($6.39 in chips)
Seat 2: b820b698 ($2.07 in chips)
Seat 3: ce1e645f ($5.46 in chips)
Seat 4: 5d67f136 ($5.47 in chips)
Seat 5: Hero ($5.55 in chips)
Seat 6: bfe1c7ce ($5.32 in chips)
b820b698: posts small blind $0.02
ce1e645f: posts big blind $0.05
*** HOLE CARDS ***
Dealt to 4cb8636f 
Dealt to b820b698 
Dealt to ce1e645f 
Dealt to 5d67f136 
Dealt to Hero [Td 4c]
Dealt to bfe1c7ce 
5d67f136: folds
Hero: folds
bfe1c7ce: folds
4cb8636f: raises $0.08 to $0.13
b820b698: calls $0.11
ce1e645f: folds
*** FLOP *** [8d 6d Kc]
b820b698: checks
4cb8636f: bets $0.11
b820b698: folds
Uncalled bet ($0.11) returned to 4cb8636f
*** SHOWDOWN ***
4cb8636f collected $0.3 from pot
*** SUMMARY ***
Total pot $0.31 | Rake $0.01 | Jackpot $0 | Bingo $0 | Fortune $0
Board [8d 6d Kc]
Seat 1: 4cb8636f (button) won ($0.3)
Seat 2: b820b698 (small blind) folded on the Flop
Seat 3: ce1e645f (big blind) folded before Flop
Seat 4: 5d67f136 folded before Flop (didn't bet)
Seat 5: Hero folded before Flop (didn't bet)
Seat 6: bfe1c7ce folded before Flop (didn't bet)


Poker Hand #HD1184146566: Hold'em No Limit  ($0.02/$0.05) - 2023/03/31 22:34:13
Table 'NLHBlue75' 6-max Seat #6 is the button
Seat 1: 4cb8636f ($6.41 in chips)
Seat 2: b820b698 ($2.22 in chips)
Seat 3: ce1e645f ($5.3 in chips)
Seat 4: 5d67f136 ($5.47 in chips)
Seat 5: Hero ($5.55 in chips)
Seat 6: bfe1c7ce ($5.32 in chips)
4cb8636f: posts small blind $0.02
b820b698: posts big blind $0.05
*** HOLE CARDS ***
Dealt to 4cb8636f 
Dealt to b820b698 
Dealt to ce1e645f 
Dealt to 5d67f136 
Dealt to Hero [6s 3s]
Dealt to bfe1c7ce 
ce1e645f: raises $0.1 to $0.15
5d67f136: folds
Hero: folds
bfe1c7ce: folds
4cb8636f: folds
b820b698: calls $0.1
*** FLOP *** [5s Td Jh]
b820b698: checks
ce1e645f: bets $0.16
b820b698: folds
Uncalled bet ($0.16) returned to ce1e645f
*** SHOWDOWN ***
ce1e645f collected $0.31 from pot
*** SUMMARY ***
Total pot $0.32 | Rake $0.01 | Jackpot $0 | Bingo $0 | Fortune $0
Board [5s Td Jh]
Seat 1: 4cb8636f (small blind) folded before Flop
Seat 2: b820b698 (big blind) folded on the Flop
Seat 3: ce1e645f won ($0.31)
Seat 4: 5d67f136 folded before Flop (didn't bet)
Seat 5: Hero folded before Flop (didn't bet)
Seat 6: bfe1c7ce (button) folded before Flop (didn't bet)


Poker Hand #HD1184146529: Hold'em No Limit  ($0.02/$0.05) - 2023/03/31 22:33:52
Table 'NLHBlue75' 6-max Seat #5 is the button
Seat 1: 4cb8636f ($6.46 in chips)
Seat 2: b820b698 ($2.22 in chips)
Seat 3: ce1e645f ($5.23 in chips)
Seat 4: 5d67f136 ($5.47 in chips)
Seat 5: Hero ($5.55 in chips)
Seat 6: bfe1c7ce ($5.34 in chips)
bfe1c7ce: posts small blind $0.02
4cb8636f: posts big blind $0.05
*** HOLE CARDS ***
Dealt to 4cb8636f 
Dealt to b820b698 
Dealt to ce1e645f 
Dealt to 5d67f136 
Dealt to Hero [2h Kc]
Dealt to bfe1c7ce 
b820b698: folds
ce1e645f: raises $0.1 to $0.15
5d67f136: folds
Hero: folds
bfe1c7ce: folds
4cb8636f: folds
Uncalled bet ($0.1) returned to ce1e645f
*** SHOWDOWN ***
ce1e645f collected $0.12 from pot
*** SUMMARY ***
Total pot $0.12 | Rake $0 | Jackpot $0 | Bingo $0 | Fortune $0
Seat 1: 4cb8636f (big blind) folded before Flop
Seat 2: b820b698 folded before Flop (didn't bet)
Seat 3: ce1e645f collected ($0.12)
Seat 4: 5d67f136 folded before Flop (didn't bet)
Seat 5: Hero (button) folded before Flop (didn't bet)
Seat 6: bfe1c7ce (small blind) folded before Flop


Poker Hand #HD1184146481: Hold'em No Limit  ($0.02/$0.05) - 2023/03/31 22:33:28
Table 'NLHBlue75' 6-max Seat #4 is the button
Seat 1: 4cb8636f ($6.46 in chips)
Seat 2: b820b698 ($2.22 in chips)
Seat 3: ce1e645f ($5.23 in chips)
Seat 4: 5d67f136 ($5.4 in chips)
Seat 5: Hero ($5.57 in chips)
Seat 6: bfe1c7ce ($5.39 in chips)
Hero: posts small blind $0.02
bfe1c7ce: posts big blind $0.05
*** HOLE CARDS ***
Dealt to 4cb8636f 
Dealt to b820b698 
Dealt to ce1e645f 
Dealt to 5d67f136 
Dealt to Hero [Kd Jh]
Dealt to bfe1c7ce 
4cb8636f: folds
b820b698: folds
ce1e645f: folds
5d67f136: raises $0.1 to $0.15
Hero: folds
bfe1c7ce: folds
Uncalled bet ($0.1) returned to 5d67f136
*** SHOWDOWN ***
5d67f136 collected $0.12 from pot
*** SUMMARY ***
Total pot $0.12 | Rake $0 | Jackpot $0 | Bingo $0 | Fortune $0
Seat 1: 4cb8636f folded before Flop (didn't bet)
Seat 2: b820b698 folded before Flop (didn't bet)
Seat 3: ce1e645f folded before Flop (didn't bet)
Seat 4: 5d67f136 (button) collected ($0.12)
Seat 5: Hero (small blind) folded before Flop
Seat 6: bfe1c7ce (big blind) folded before Flop


Poker Hand #HD1184146409: Hold'em No Limit  ($0.02/$0.05) - 2023/03/31 22:32:58
Table 'NLHBlue75' 6-max Seat #3 is the button
Seat 1: 4cb8636f ($6.26 in chips)
Seat 2: b820b698 ($2.22 in chips)
Seat 3: ce1e645f ($5.23 in chips)
Seat 4: 5d67f136 ($5.42 in chips)
Seat 5: Hero ($5.62 in chips)
Seat 6: bfe1c7ce ($5.54 in chips)
5d67f136: posts small blind $0.02
Hero: posts big blind $0.05
*** HOLE CARDS ***
Dealt to 4cb8636f 
Dealt to b820b698 
Dealt to ce1e645f 
Dealt to 5d67f136 
Dealt to Hero [6d Qc]
Dealt to bfe1c7ce 
bfe1c7ce: raises $0.1 to $0.15
4cb8636f: raises $0.37 to $0.52
b820b698: folds
ce1e645f: folds
5d67f136: folds
Hero: folds
bfe1c7ce: folds
Uncalled bet ($0.37) returned to 4cb8636f
*** SHOWDOWN ***
4cb8636f collected $0.35 from pot
*** SUMMARY ***
Total pot $0.37 | Rake $0.02 | Jackpot $0 | Bingo $0 | Fortune $0
Seat 1: 4cb8636f collected ($0.35)
Seat 2: b820b698 folded before Flop (didn't bet)
Seat 3: ce1e645f (button) folded before Flop (didn't bet)
Seat 4: 5d67f136 (small blind) folded before Flop
Seat 5: Hero (big blind) folded before Flop
Seat 6: bfe1c7ce folded before Flop


Poker Hand #HD1184146374: Hold'em No Limit  ($0.02/$0.05) - 2023/03/31 22:32:35
Table 'NLHBlue75' 6-max Seat #2 is the button
Seat 1: 4cb8636f ($6.26 in chips)
Seat 2: b820b698 ($2.22 in chips)
Seat 3: ce1e645f ($5.18 in chips)
Seat 4: 5d67f136 ($5.47 in chips)
Seat 5: Hero ($5.62 in chips)
Seat 6: bfe1c7ce ($5.54 in chips)
ce1e645f: posts small blind $0.02
5d67f136: posts big blind $0.05
*** HOLE CARDS ***
Dealt to 4cb8636f 
Dealt to b820b698 
Dealt to ce1e645f 
Dealt to 5d67f136 
Dealt to Hero [6h 8h]
Dealt to bfe1c7ce 
Hero: folds
bfe1c7ce: folds
4cb8636f: folds
b820b698: folds
ce1e645f: raises $0.1 to $0.15
5d67f136: folds
Uncalled bet ($0.1) returned to ce1e645f
*** SHOWDOWN ***
ce1e645f collected $0.1 from pot
*** SUMMARY ***
Total pot $0.1 | Rake $0 | Jackpot $0 | Bingo $0 | Fortune $0
Seat 1: 4cb8636f folded before Flop (didn't bet)
Seat 2: b820b698 (button) folded before Flop (didn't bet)
Seat 3: ce1e645f (small blind) collected ($0.1)
Seat 4: 5d67f136 (big blind) folded before Flop
Seat 5: Hero folded before Flop (didn't bet)
Seat 6: bfe1c7ce folded before Flop (didn't bet)


Poker Hand #HD1184146337: Hold'em No Limit  ($0.02/$0.05) - 2023/03/31 22:32:18
Table 'NLHBlue75' 6-max Seat #1 is the button
Seat 1: 4cb8636f ($6.19 in chips)
Seat 2: b820b698 ($2.24 in chips)
Seat 3: ce1e645f ($5.23 in chips)
Seat 4: 5d67f136 ($5.47 in chips)
Seat 5: Hero ($5.62 in chips)
Seat 6: bfe1c7ce ($5.54 in chips)
b820b698: posts small blind $0.02
ce1e645f: posts big blind $0.05
*** HOLE CARDS ***
Dealt to 4cb8636f 
Dealt to b820b698 
Dealt to ce1e645f 
Dealt to 5d67f136 
Dealt to Hero [9d 8h]
Dealt to bfe1c7ce 
5d67f136: folds
Hero: folds
bfe1c7ce: folds
4cb8636f: raises $0.08 to $0.13
b820b698: folds
ce1e645f: folds
Uncalled bet ($0.08) returned to 4cb8636f
*** SHOWDOWN ***
4cb8636f collected $0.12 from pot
*** SUMMARY ***
Total pot $0.12 | Rake $0 | Jackpot $0 | Bingo $0 | Fortune $0
Seat 1: 4cb8636f (button) collected ($0.12)
Seat 2: b820b698 (small blind) folded before Flop
Seat 3: ce1e645f (big blind) folded before Flop
Seat 4: 5d67f136 folded before Flop (didn't bet)
Seat 5: Hero folded before Flop (didn't bet)
Seat 6: bfe1c7ce folded before Flop (didn't bet)


Poker Hand #HD1184146236: Hold'em No Limit  ($0.02/$0.05) - 2023/03/31 22:31:31
Table 'NLHBlue75' 6-max Seat #6 is the button
Seat 1: 4cb8636f ($6.21 in chips)
Seat 2: b820b698 ($2.5 in chips)
Seat 3: ce1e645f ($5.23 in chips)
Seat 4: 5d67f136 ($5.21 in chips)
Seat 5: Hero ($5.62 in chips)
Seat 6: bfe1c7ce ($5.54 in chips)
4cb8636f: posts small blind $0.02
b820b698: posts big blind $0.05
*** HOLE CARDS ***
Dealt to 4cb8636f 
Dealt to b820b698 
Dealt to ce1e645f 
Dealt to 5d67f136 
Dealt to Hero [Kh Jd]
Dealt to bfe1c7ce 
ce1e645f: folds
5d67f136: raises $0.1 to $0.15
Hero: folds
bfe1c7ce: folds
4cb8636f: folds
b820b698: calls $0.1
*** FLOP *** [8s 3d Ah]
b820b698: checks
5d67f136: bets $0.11
b820b698: calls $0.11
*** TURN *** [8s 3d Ah] [Th]
b820b698: checks
5d67f136: bets $0.41
b820b698: folds
Uncalled bet ($0.41) returned to 5d67f136
*** SHOWDOWN ***
5d67f136 collected $0.52 from pot
*** SUMMARY ***
Total pot $0.54 | Rake $0.02 | Jackpot $0 | Bingo $0 | Fortune $0
Board [8s 3d Ah Th]
Seat 1: 4cb8636f (small blind) folded before Flop
Seat 2: b820b698 (big blind) folded on the Turn
Seat 3: ce1e645f folded before Flop (didn't bet)
Seat 4: 5d67f136 won ($0.52)
Seat 5: Hero folded before Flop (didn't bet)
Seat 6: bfe1c7ce (button) folded before Flop (didn't bet)


Poker Hand #HD1184146167: Hold'em No Limit  ($0.02/$0.05) - 2023/03/31 22:30:56
Table 'NLHBlue75' 6-max Seat #5 is the button
Seat 1: 4cb8636f ($6.26 in chips)
Seat 2: b820b698 ($2.43 in chips)
Seat 3: ce1e645f ($5.23 in chips)
Seat 4: 5d67f136 ($5.21 in chips)
Seat 5: Hero ($5.62 in chips)
Seat 6: bfe1c7ce ($5.56 in chips)
bfe1c7ce: posts small blind $0.02
4cb8636f: posts big blind $0.05
*** HOLE CARDS ***
Dealt to 4cb8636f 
Dealt to b820b698 
Dealt to ce1e645f 
Dealt to 5d67f136 
Dealt to Hero [Js 8s]
Dealt to bfe1c7ce 
b820b698: raises $0.1 to $0.15
ce1e645f: folds
5d67f136: folds
Hero: folds
bfe1c7ce: folds
4cb8636f: folds
Uncalled bet ($0.1) returned to b820b698
*** SHOWDOWN ***
b820b698 collected $0.12 from pot
*** SUMMARY ***
Total pot $0.12 | Rake $0 | Jackpot $0 | Bingo $0 | Fortune $0
Seat 1: 4cb8636f (big blind) folded before Flop
Seat 2: b820b698 collected ($0.12)
Seat 3: ce1e645f folded before Flop (didn't bet)
Seat 4: 5d67f136 folded before Flop (didn't bet)
Seat 5: Hero (button) folded before Flop (didn't bet)
Seat 6: bfe1c7ce (small blind) folded before Flop


Poker Hand #HD1184146092: Hold'em No Limit  ($0.02/$0.05) - 2023/03/31 22:30:13
Table 'NLHBlue75' 6-max Seat #4 is the button
Seat 1: 4cb8636f ($6.26 in chips)
Seat 2: b820b698 ($2.73 in chips)
Seat 3: ce1e645f ($4.89 in chips)
Seat 4: 5d67f136 ($5.21 in chips)
Seat 5: Hero ($5.64 in chips)
Seat 6: bfe1c7ce ($5.61 in chips)
Hero: posts small blind $0.02
bfe1c7ce: posts big blind $0.05
*** HOLE CARDS ***
Dealt to 4cb8636f 
Dealt to b820b698 
Dealt to ce1e645f 
Dealt to 5d67f136 
Dealt to Hero [9s 8s]
Dealt to bfe1c7ce 
4cb8636f: folds
b820b698: calls $0.05
ce1e645f: raises $0.25 to $0.3
5d67f136: folds
Hero: folds
bfe1c7ce: folds
b820b698: calls $0.25
*** FLOP *** [3d 7h Ac]
b820b698: checks
ce1e645f: bets $0.23
b820b698: folds
Uncalled bet ($0.23) returned to ce1e645f
*** SHOWDOWN ***
ce1e645f collected $0.64 from pot
*** SUMMARY ***
Total pot $0.67 | Rake $0.03 | Jackpot $0 | Bingo $0 | Fortune $0
Board [3d 7h Ac]
Seat 1: 4cb8636f folded before Flop (didn't bet)
Seat 2: b820b698 folded on the Flop
Seat 3: ce1e645f won ($0.64)
Seat 4: 5d67f136 (button) folded before Flop (didn't bet)
Seat 5: Hero (small blind) folded before Flop
Seat 6: bfe1c7ce (big blind) folded before Flop


Poker Hand #HD1184146048: Hold'em No Limit  ($0.02/$0.05) - 2023/03/31 22:29:52
Table 'NLHBlue75' 6-max Seat #3 is the button
Seat 1: 4cb8636f ($6.26 in chips)
Seat 2: b820b698 ($2.73 in chips)
Seat 3: ce1e645f ($4.89 in chips)
Seat 4: 5d67f136 ($5.23 in chips)
Seat 5: Hero ($5.69 in chips)
Seat 6: bfe1c7ce ($5.54 in chips)
5d67f136: posts small blind $0.02
Hero: posts big blind $0.05
*** HOLE CARDS ***
Dealt to 4cb8636f 
Dealt to b820b698 
Dealt to ce1e645f 
Dealt to 5d67f136 
Dealt to Hero [7s 3h]
Dealt to bfe1c7ce 
bfe1c7ce: raises $0.1 to $0.15
4cb8636f: folds
b820b698: folds
ce1e645f: folds
5d67f136: folds
Hero: folds
Uncalled bet ($0.1) returned to bfe1c7ce
*** SHOWDOWN ***
bfe1c7ce collected $0.12 from pot
*** SUMMARY ***
Total pot $0.12 | Rake $0 | Jackpot $0 | Bingo $0 | Fortune $0
Seat 1: 4cb8636f folded before Flop (didn't bet)
Seat 2: b820b698 folded before Flop (didn't bet)
Seat 3: ce1e645f (button) folded before Flop (didn't bet)
Seat 4: 5d67f136 (small blind) folded before Flop
Seat 5: Hero (big blind) folded before Flop
Seat 6: bfe1c7ce collected ($0.12)


Poker Hand #HD1184145953: Hold'em No Limit  ($0.02/$0.05) - 2023/03/31 22:29:07
Table 'NLHBlue75' 6-max Seat #2 is the button
Seat 1: 4cb8636f ($6.26 in chips)
Seat 2: b820b698 ($2.73 in chips)
Seat 3: ce1e645f ($5.14 in chips)
Seat 4: 5d67f136 ($5 in chips)
Seat 5: Hero ($5.69 in chips)
Seat 6: bfe1c7ce ($5.54 in chips)
ce1e645f: posts small blind $0.02
5d67f136: posts big blind $0.05
*** HOLE CARDS ***
Dealt to 4cb8636f 
Dealt to b820b698 
Dealt to ce1e645f 
Dealt to 5d67f136 
Dealt to Hero [As 8c]
Dealt to bfe1c7ce 
Hero: folds
bfe1c7ce: folds
4cb8636f: folds
b820b698: folds
ce1e645f: raises $0.1 to $0.15
5d67f136: calls $0.1
*** FLOP *** [Tc 9s 6h]
ce1e645f: bets $0.1
5d67f136: calls $0.1
*** TURN *** [Tc 9s 6h] [Ts]
ce1e645f: checks
5d67f136: bets $0.38
ce1e645f: folds
Uncalled bet ($0.38) returned to 5d67f136
*** SHOWDOWN ***
5d67f136 collected $0.48 from pot
*** SUMMARY ***
Total pot $0.5 | Rake $0.02 | Jackpot $0 | Bingo $0 | Fortune $0
Board [Tc 9s 6h Ts]
Seat 1: 4cb8636f folded before Flop (didn't bet)
Seat 2: b820b698 (button) folded before Flop (didn't bet)
Seat 3: ce1e645f (small blind) folded on the Turn
Seat 4: 5d67f136 (big blind) won ($0.48)
Seat 5: Hero folded before Flop (didn't bet)
Seat 6: bfe1c7ce folded before Flop (didn't bet)


Poker Hand #HD1184145848: Hold'em No Limit  ($0.02/$0.05) - 2023/03/31 22:28:11
Table 'NLHBlue75' 6-max Seat #1 is the button
Seat 1: 4cb8636f ($6.26 in chips)
Seat 2: b820b698 ($2.88 in chips)
Seat 3: ce1e645f ($5 in chips)
Seat 4: fe7288cf ($6.13 in chips)
Seat 5: Hero ($5.69 in chips)
Seat 6: bfe1c7ce ($5.54 in chips)
b820b698: posts small blind $0.02
ce1e645f: posts big blind $0.05
*** HOLE CARDS ***
Dealt to 4cb8636f 
Dealt to b820b698 
Dealt to ce1e645f 
Dealt to fe7288cf 
Dealt to Hero [Th 7h]
Dealt to bfe1c7ce 
fe7288cf: folds
Hero: folds
bfe1c7ce: folds
4cb8636f: folds
b820b698: calls $0.03
ce1e645f: checks
*** FLOP *** [9h Qh 5c]
b820b698: checks
ce1e645f: checks
*** TURN *** [9h Qh 5c] [7c]
b820b698: bets $0.1
ce1e645f: calls $0.1
*** RIVER *** [9h Qh 5c 7c] [4d]
b820b698: checks
ce1e645f: checks
b820b698: shows [Jh 8s] (Queen-High)
ce1e645f: shows [Qs 6c] (Pair of Queens)
*** SHOWDOWN ***
ce1e645f collected $0.29 from pot
*** SUMMARY ***
Total pot $0.3 | Rake $0.01 | Jackpot $0 | Bingo $0 | Fortune $0
Board [9h Qh 5c 7c 4d]
Seat 1: 4cb8636f (button) folded before Flop (didn't bet)
Seat 2: b820b698 (small blind) showed [Jh 8s] and lost with Queen-High
Seat 3: ce1e645f (big blind) showed [Qs 6c] and won ($0.29) with Pair of Queens
Seat 4: fe7288cf folded before Flop (didn't bet)
Seat 5: Hero folded before Flop (didn't bet)
Seat 6: bfe1c7ce folded before Flop (didn't bet)


Poker Hand #HD1184145738: Hold'em No Limit  ($0.02/$0.05) - 2023/03/31 22:27:10
Table 'NLHBlue75' 6-max Seat #6 is the button
Seat 1: 4cb8636f ($6.28 in chips)
Seat 2: b820b698 ($5.03 in chips)
Seat 3: df2f1fdf ($4.73 in chips)
Seat 4: fe7288cf ($4.22 in chips)
Seat 5: Hero ($5.69 in chips)
Seat 6: bfe1c7ce ($5.54 in chips)
4cb8636f: posts small blind $0.02
b820b698: posts big blind $0.05
*** HOLE CARDS ***
Dealt to 4cb8636f 
Dealt to b820b698 
Dealt to df2f1fdf 
Dealt to fe7288cf 
Dealt to Hero [3c 2c]
Dealt to bfe1c7ce 
df2f1fdf: folds
fe7288cf: raises $0.08 to $0.13
Hero: folds
bfe1c7ce: folds
4cb8636f: folds
b820b698: calls $0.08
*** FLOP *** [7s 2s Tc]
b820b698: checks
fe7288cf: bets $0.37
b820b698: calls $0.37
*** TURN *** [7s 2s Tc] [9c]
b820b698: bets $0.5
fe7288cf: calls $0.5
*** RIVER *** [7s 2s Tc 9c] [7c]
b820b698: bets $1.15
fe7288cf: calls $1.15
b820b698: shows [Qs Kh] (Pair of Sevens)
fe7288cf: shows [Qd Qc] (Pair of Queens and Pair of Sevens)
*** SHOWDOWN ***
fe7288cf collected $4.06 from pot
*** SUMMARY ***
Total pot $4.32 | Rake $0.21 | Jackpot $0.05 | Bingo $0 | Fortune $0
Board [7s 2s Tc 9c 7c]
Seat 1: 4cb8636f (small blind) folded before Flop
Seat 2: b820b698 (big blind) showed [Qs Kh] and lost with Pair of Sevens
Seat 3: df2f1fdf folded before Flop (didn't bet)
Seat 4: fe7288cf showed [Qd Qc] and won ($4.06) with Pair of Queens and Pair of Sevens
Seat 5: Hero folded before Flop (didn't bet)
Seat 6: bfe1c7ce (button) folded before Flop (didn't bet)


Poker Hand #HD1184075633: Hold'em No Limit  ($0.02/$0.05) - 2023/03/31 22:26:18
Table 'NLHBlue75' 6-max Seat #5 is the button
Seat 1: 4cb8636f ($6.51 in chips)
Seat 2: b820b698 ($5.03 in chips)
Seat 3: df2f1fdf ($4.28 in chips)
Seat 4: fe7288cf ($4.45 in chips)
Seat 5: Hero ($5.69 in chips)
Seat 6: bfe1c7ce ($5.56 in chips)
bfe1c7ce: posts small blind $0.02
4cb8636f: posts big blind $0.05
*** HOLE CARDS ***
Dealt to 4cb8636f 
Dealt to b820b698 
Dealt to df2f1fdf 
Dealt to fe7288cf 
Dealt to Hero [3d Ac]
Dealt to bfe1c7ce 
b820b698: folds
df2f1fdf: calls $0.05
fe7288cf: raises $0.06 to $0.11
Hero: folds
bfe1c7ce: folds
4cb8636f: calls $0.06
df2f1fdf: calls $0.06
*** FLOP *** [9s Jc 5c]
4cb8636f: checks
df2f1fdf: bets $0.12
fe7288cf: calls $0.12
4cb8636f: calls $0.12
*** TURN *** [9s Jc 5c] [3s]
4cb8636f: checks
df2f1fdf: bets $0.71
fe7288cf: folds
4cb8636f: folds
Uncalled bet ($0.71) returned to df2f1fdf
*** SHOWDOWN ***
df2f1fdf collected $0.68 from pot
*** SUMMARY ***
Total pot $0.71 | Rake $0.03 | Jackpot $0 | Bingo $0 | Fortune $0
Board [9s Jc 5c 3s]
Seat 1: 4cb8636f (big blind) folded on the Turn
Seat 2: b820b698 folded before Flop (didn't bet)
Seat 3: df2f1fdf won ($0.68)
Seat 4: fe7288cf folded on the Turn
Seat 5: Hero (button) folded before Flop (didn't bet)
Seat 6: bfe1c7ce (small blind) folded before Flop


Poker Hand #HD1184075609: Hold'em No Limit  ($0.02/$0.05) - 2023/03/31 22:26:03
Table 'NLHBlue75' 6-max Seat #4 is the button
Seat 1: 4cb8636f ($6.51 in chips)
Seat 2: b820b698 ($5.03 in chips)
Seat 3: df2f1fdf ($4.28 in chips)
Seat 4: fe7288cf ($4.45 in chips)
Seat 5: Hero ($5.71 in chips)
Seat 6: bfe1c7ce ($5.54 in chips)
Hero: posts small blind $0.02
bfe1c7ce: posts big blind $0.05
*** HOLE CARDS ***
Dealt to 4cb8636f 
Dealt to b820b698 
Dealt to df2f1fdf 
Dealt to fe7288cf 
Dealt to Hero [5s Jh]
Dealt to bfe1c7ce 
4cb8636f: folds
b820b698: folds
df2f1fdf: folds
fe7288cf: folds
Hero: folds
Uncalled bet ($0.03) returned to bfe1c7ce
*** SHOWDOWN ***
bfe1c7ce collected $0.04 from pot
*** SUMMARY ***
Total pot $0.04 | Rake $0 | Jackpot $0 | Bingo $0 | Fortune $0
Seat 1: 4cb8636f folded before Flop (didn't bet)
Seat 2: b820b698 folded before Flop (didn't bet)
Seat 3: df2f1fdf folded before Flop (didn't bet)
Seat 4: fe7288cf (button) folded before Flop (didn't bet)
Seat 5: Hero (small blind) folded before Flop
Seat 6: bfe1c7ce (big blind) collected ($0.04)


Poker Hand #HD1184075559: Hold'em No Limit  ($0.02/$0.05) - 2023/03/31 22:25:42
Table 'NLHBlue75' 6-max Seat #3 is the button
Seat 1: 4cb8636f ($6.51 in chips)
Seat 2: b820b698 ($5.03 in chips)
Seat 3: df2f1fdf ($4.21 in chips)
Seat 4: fe7288cf ($4.47 in chips)
Seat 5: Hero ($5.76 in chips)
Seat 6: bfe1c7ce ($5.54 in chips)
fe7288cf: posts small blind $0.02
Hero: posts big blind $0.05
*** HOLE CARDS ***
Dealt to 4cb8636f 
Dealt to b820b698 
Dealt to df2f1fdf 
Dealt to fe7288cf 
Dealt to Hero [6h 5s]
Dealt to bfe1c7ce 
bfe1c7ce: folds
4cb8636f: folds
b820b698: folds
df2f1fdf: calls $0.05
fe7288cf: folds
Hero: checks
*** FLOP *** [Tc 2d Th]
Hero: checks
df2f1fdf: bets $0.05
Hero: folds
Uncalled bet ($0.05) returned to df2f1fdf
*** SHOWDOWN ***
df2f1fdf collected $0.12 from pot
*** SUMMARY ***
Total pot $0.12 | Rake $0 | Jackpot $0 | Bingo $0 | Fortune $0
Board [Tc 2d Th]
Seat 1: 4cb8636f folded before Flop (didn't bet)
Seat 2: b820b698 folded before Flop (didn't bet)
Seat 3: df2f1fdf (button) won ($0.12)
Seat 4: fe7288cf (small blind) folded before Flop
Seat 5: Hero (big blind) folded on the Flop
Seat 6: bfe1c7ce folded before Flop (didn't bet)


Poker Hand #HD1184075541: Hold'em No Limit  ($0.02/$0.05) - 2023/03/31 22:25:33
Table 'NLHBlue75' 6-max Seat #2 is the button
Seat 1: 4cb8636f ($6.51 in chips)
Seat 2: b820b698 ($5.03 in chips)
Seat 3: df2f1fdf ($4.23 in chips)
Seat 4: fe7288cf ($4.45 in chips)
Seat 5: Hero ($5.76 in chips)
Seat 6: bfe1c7ce ($5.54 in chips)
df2f1fdf: posts small blind $0.02
fe7288cf: posts big blind $0.05
*** HOLE CARDS ***
Dealt to 4cb8636f 
Dealt to b820b698 
Dealt to df2f1fdf 
Dealt to fe7288cf 
Dealt to Hero [8s 3d]
Dealt to bfe1c7ce 
Hero: folds
bfe1c7ce: folds
4cb8636f: folds
b820b698: folds
df2f1fdf: folds
Uncalled bet ($0.03) returned to fe7288cf
*** SHOWDOWN ***
fe7288cf collected $0.04 from pot
*** SUMMARY ***
Total pot $0.04 | Rake $0 | Jackpot $0 | Bingo $0 | Fortune $0
Seat 1: 4cb8636f folded before Flop (didn't bet)
Seat 2: b820b698 (button) folded before Flop (didn't bet)
Seat 3: df2f1fdf (small blind) folded before Flop
Seat 4: fe7288cf (big blind) collected ($0.04)
Seat 5: Hero folded before Flop (didn't bet)
Seat 6: bfe1c7ce folded before Flop (didn't bet)


Poker Hand #HD1184075468: Hold'em No Limit  ($0.02/$0.05) - 2023/03/31 22:24:52
Table 'NLHBlue75' 6-max Seat #1 is the button
Seat 1: 4cb8636f ($6.1 in chips)
Seat 2: b820b698 ($5.05 in chips)
Seat 3: df2f1fdf ($4.67 in chips)
Seat 4: fe7288cf ($4.45 in chips)
Seat 5: Hero ($5.76 in chips)
Seat 6: bfe1c7ce ($5.54 in chips)
b820b698: posts small blind $0.02
df2f1fdf: posts big blind $0.05
*** HOLE CARDS ***
Dealt to 4cb8636f 
Dealt to b820b698 
Dealt to df2f1fdf 
Dealt to fe7288cf 
Dealt to Hero [2h 7s]
Dealt to bfe1c7ce 
fe7288cf: folds
Hero: folds
bfe1c7ce: folds
4cb8636f: raises $0.08 to $0.13
b820b698: folds
df2f1fdf: calls $0.08
*** FLOP *** [3d 6s 3c]
df2f1fdf: bets $0.21
4cb8636f: calls $0.21
*** TURN *** [3d 6s 3c] [Ac]
df2f1fdf: bets $0.05
4cb8636f: calls $0.05
*** RIVER *** [3d 6s 3c Ac] [9c]
df2f1fdf: bets $0.05
4cb8636f: raises $0.45 to $0.5
df2f1fdf: folds
Uncalled bet ($0.45) returned to 4cb8636f
*** SHOWDOWN ***
4cb8636f collected $0.85 from pot
*** SUMMARY ***
Total pot $0.9 | Rake $0.05 | Jackpot $0 | Bingo $0 | Fortune $0
Board [3d 6s 3c Ac 9c]
Seat 1: 4cb8636f (button) won ($0.85)
Seat 2: b820b698 (small blind) folded before Flop
Seat 3: df2f1fdf (big blind) folded on the River
Seat 4: fe7288cf folded before Flop (didn't bet)
Seat 5: Hero folded before Flop (didn't bet)
Seat 6: bfe1c7ce folded before Flop (didn't bet)


Poker Hand #HD1184075408: Hold'em No Limit  ($0.02/$0.05) - 2023/03/31 22:24:19
Table 'NLHBlue75' 6-max Seat #6 is the button
Seat 1: 4cb8636f ($5.74 in chips)
Seat 2: b820b698 ($5.4 in chips)
Seat 3: df2f1fdf ($4.72 in chips)
Seat 4: fe7288cf ($4.45 in chips)
Seat 5: Hero ($5.76 in chips)
Seat 6: bfe1c7ce ($5.54 in chips)
4cb8636f: posts small blind $0.02
b820b698: posts big blind $0.05
*** HOLE CARDS ***
Dealt to 4cb8636f 
Dealt to b820b698 
Dealt to df2f1fdf 
Dealt to fe7288cf 
Dealt to Hero [5d 3s]
Dealt to bfe1c7ce 
df2f1fdf: calls $0.05
fe7288cf: folds
Hero: folds
bfe1c7ce: folds
4cb8636f: raises $0.15 to $0.2
b820b698: calls $0.15
df2f1fdf: folds
*** FLOP *** [Kc Kd Qs]
4cb8636f: bets $0.15
b820b698: calls $0.15
*** TURN *** [Kc Kd Qs] [Td]
4cb8636f: bets $0.38
b820b698: folds
Uncalled bet ($0.38) returned to 4cb8636f
*** SHOWDOWN ***
4cb8636f collected $0.71 from pot
*** SUMMARY ***
Total pot $0.75 | Rake $0.04 | Jackpot $0 | Bingo $0 | Fortune $0
Board [Kc Kd Qs Td]
Seat 1: 4cb8636f (small blind) won ($0.71)
Seat 2: b820b698 (big blind) folded on the Turn
Seat 3: df2f1fdf folded before Flop
Seat 4: fe7288cf folded before Flop (didn't bet)
Seat 5: Hero folded before Flop (didn't bet)
Seat 6: bfe1c7ce (button) folded before Flop (didn't bet)


Poker Hand #HD1184075336: Hold'em No Limit  ($0.02/$0.05) - 2023/03/31 22:23:43
Table 'NLHBlue75' 6-max Seat #5 is the button
Seat 1: 4cb8636f ($5.79 in chips)
Seat 2: b820b698 ($5.4 in chips)
Seat 3: df2f1fdf ($4.77 in chips)
Seat 4: fe7288cf ($4.5 in chips)
Seat 5: Hero ($5.76 in chips)
Seat 6: bfe1c7ce ($5.4 in chips)
bfe1c7ce: posts small blind $0.02
4cb8636f: posts big blind $0.05
*** HOLE CARDS ***
Dealt to 4cb8636f 
Dealt to b820b698 
Dealt to df2f1fdf 
Dealt to fe7288cf 
Dealt to Hero [8c Qc]
Dealt to bfe1c7ce 
b820b698: folds
df2f1fdf: calls $0.05
fe7288cf: calls $0.05
Hero: folds
bfe1c7ce: raises $0.2 to $0.25
4cb8636f: folds
df2f1fdf: folds
fe7288cf: folds
Uncalled bet ($0.2) returned to bfe1c7ce
*** SHOWDOWN ***
bfe1c7ce collected $0.19 from pot
*** SUMMARY ***
Total pot $0.2 | Rake $0.01 | Jackpot $0 | Bingo $0 | Fortune $0
Seat 1: 4cb8636f (big blind) folded before Flop
Seat 2: b820b698 folded before Flop (didn't bet)
Seat 3: df2f1fdf folded before Flop
Seat 4: fe7288cf folded before Flop
Seat 5: Hero (button) folded before Flop (didn't bet)
Seat 6: bfe1c7ce (small blind) collected ($0.19)


Poker Hand #HD1184075306: Hold'em No Limit  ($0.02/$0.05) - 2023/03/31 22:23:27
Table 'NLHBlue75' 6-max Seat #4 is the button
Seat 1: 4cb8636f ($5.79 in chips)
Seat 2: b820b698 ($5.4 in chips)
Seat 3: df2f1fdf ($4.77 in chips)
Seat 4: fe7288cf ($4.5 in chips)
Seat 5: Hero ($5.71 in chips)
Seat 6: bfe1c7ce ($5.45 in chips)
Hero: posts small blind $0.02
bfe1c7ce: posts big blind $0.05
*** HOLE CARDS ***
Dealt to 4cb8636f 
Dealt to b820b698 
Dealt to df2f1fdf 
Dealt to fe7288cf 
Dealt to Hero [9s Ts]
Dealt to bfe1c7ce 
4cb8636f: folds
b820b698: folds
df2f1fdf: folds
fe7288cf: folds
Hero: raises $0.09 to $0.14
bfe1c7ce: folds
Uncalled bet ($0.09) returned to Hero
*** SHOWDOWN ***
Hero collected $0.1 from pot
*** SUMMARY ***
Total pot $0.1 | Rake $0 | Jackpot $0 | Bingo $0 | Fortune $0
Seat 1: 4cb8636f folded before Flop (didn't bet)
Seat 2: b820b698 folded before Flop (didn't bet)
Seat 3: df2f1fdf folded before Flop (didn't bet)
Seat 4: fe7288cf (button) folded before Flop (didn't bet)
Seat 5: Hero (small blind) collected ($0.1)
Seat 6: bfe1c7ce (big blind) folded before Flop


Poker Hand #HD1184075224: Hold'em No Limit  ($0.02/$0.05) - 2023/03/31 22:22:42
Table 'NLHBlue75' 6-max Seat #3 is the button
Seat 1: 4cb8636f ($5.79 in chips)
Seat 2: b820b698 ($5.77 in chips)
Seat 3: df2f1fdf ($4.82 in chips)
Seat 4: fe7288cf ($4.07 in chips)
Seat 5: Hero ($5.76 in chips)
Seat 6: bfe1c7ce ($5.45 in chips)
fe7288cf: posts small blind $0.02
Hero: posts big blind $0.05
*** HOLE CARDS ***
Dealt to 4cb8636f 
Dealt to b820b698 
Dealt to df2f1fdf 
Dealt to fe7288cf 
Dealt to Hero [3h 7d]
Dealt to bfe1c7ce 
bfe1c7ce: folds
4cb8636f: folds
b820b698: calls $0.05
df2f1fdf: calls $0.05
fe7288cf: calls $0.03
Hero: checks
*** FLOP *** [Td 7s Qs]
fe7288cf: bets $0.15
Hero: folds
b820b698: calls $0.15
df2f1fdf: folds
*** TURN *** [Td 7s Qs] [5d]
fe7288cf: bets $0.17
b820b698: calls $0.17
*** RIVER *** [Td 7s Qs 5d] [Qd]
fe7288cf: bets $0.42
b820b698: folds
Uncalled bet ($0.42) returned to fe7288cf
*** SHOWDOWN ***
fe7288cf collected $0.8 from pot
*** SUMMARY ***
Total pot $0.84 | Rake $0.04 | Jackpot $0 | Bingo $0 | Fortune $0
Board [Td 7s Qs 5d Qd]
Seat 1: 4cb8636f folded before Flop (didn't bet)
Seat 2: b820b698 folded on the River
Seat 3: df2f1fdf (button) folded on the Flop
Seat 4: fe7288cf (small blind) won ($0.8)
Seat 5: Hero (big blind) folded on the Flop
Seat 6: bfe1c7ce folded before Flop (didn't bet)


Poker Hand #HD1184075130: Hold'em No Limit  ($0.02/$0.05) - 2023/03/31 22:21:48
Table 'NLHBlue75' 6-max Seat #2 is the button
Seat 1: 4cb8636f ($5.79 in chips)
Seat 2: b820b698 ($5.77 in chips)
Seat 3: df2f1fdf ($4.84 in chips)
Seat 4: fe7288cf ($3.73 in chips)
Seat 5: Hero ($5.76 in chips)
Seat 6: bfe1c7ce ($5.8 in chips)
df2f1fdf: posts small blind $0.02
fe7288cf: posts big blind $0.05
*** HOLE CARDS ***
Dealt to 4cb8636f 
Dealt to b820b698 
Dealt to df2f1fdf 
Dealt to fe7288cf 
Dealt to Hero [Ac 8d]
Dealt to bfe1c7ce 
Hero: folds
bfe1c7ce: raises $0.1 to $0.15
4cb8636f: folds
b820b698: folds
df2f1fdf: folds
fe7288cf: calls $0.1
*** FLOP *** [7d 6h Th]
fe7288cf: checks
bfe1c7ce: bets $0.2
fe7288cf: calls $0.2
*** TURN *** [7d 6h Th] [Kh]
fe7288cf: checks
bfe1c7ce: checks
*** RIVER *** [7d 6h Th Kh] [Qh]
fe7288cf: bets $0.24
bfe1c7ce: folds
Uncalled bet ($0.24) returned to fe7288cf
*** SHOWDOWN ***
fe7288cf collected $0.69 from pot
*** SUMMARY ***
Total pot $0.72 | Rake $0.03 | Jackpot $0 | Bingo $0 | Fortune $0
Board [7d 6h Th Kh Qh]
Seat 1: 4cb8636f folded before Flop (didn't bet)
Seat 2: b820b698 (button) folded before Flop (didn't bet)
Seat 3: df2f1fdf (small blind) folded before Flop
Seat 4: fe7288cf (big blind) won ($0.69)
Seat 5: Hero folded before Flop (didn't bet)
Seat 6: bfe1c7ce folded on the River


Poker Hand #HD1184075041: Hold'em No Limit  ($0.02/$0.05) - 2023/03/31 22:21:01
Table 'NLHBlue75' 6-max Seat #1 is the button
Seat 1: 4cb8636f ($5.79 in chips)
Seat 2: b820b698 ($5.79 in chips)
Seat 3: df2f1fdf ($5.15 in chips)
Seat 4: fe7288cf ($3.73 in chips)
Seat 5: Hero ($5.76 in chips)
Seat 6: bfe1c7ce ($5.5 in chips)
b820b698: posts small blind $0.02
df2f1fdf: posts big blind $0.05
*** HOLE CARDS ***
Dealt to 4cb8636f 
Dealt to b820b698 
Dealt to df2f1fdf 
Dealt to fe7288cf 
Dealt to Hero [Js 8d]
Dealt to bfe1c7ce 
fe7288cf: folds
Hero: folds
bfe1c7ce: raises $0.1 to $0.15
4cb8636f: folds
b820b698: folds
df2f1fdf: calls $0.1
*** FLOP *** [Tc Qc 6s]
df2f1fdf: bets $0.16
bfe1c7ce: calls $0.16
*** TURN *** [Tc Qc 6s] [Ac]
df2f1fdf: checks
bfe1c7ce: bets $0.45
df2f1fdf: folds
Uncalled bet ($0.45) returned to bfe1c7ce
*** SHOWDOWN ***
bfe1c7ce collected $0.61 from pot
*** SUMMARY ***
Total pot $0.64 | Rake $0.03 | Jackpot $0 | Bingo $0 | Fortune $0
Board [Tc Qc 6s Ac]
Seat 1: 4cb8636f (button) folded before Flop (didn't bet)
Seat 2: b820b698 (small blind) folded before Flop
Seat 3: df2f1fdf (big blind) folded on the Turn
Seat 4: fe7288cf folded before Flop (didn't bet)
Seat 5: Hero folded before Flop (didn't bet)
Seat 6: bfe1c7ce won ($0.61)


Poker Hand #HD1184074988: Hold'em No Limit  ($0.02/$0.05) - 2023/03/31 22:20:31
Table 'NLHBlue75' 6-max Seat #6 is the button
Seat 1: 4cb8636f ($5.99 in chips)
Seat 2: b820b698 ($5.84 in chips)
Seat 3: df2f1fdf ($4.92 in chips)
Seat 4: fe7288cf ($3.73 in chips)
Seat 5: Hero ($5.76 in chips)
Seat 6: bfe1c7ce ($5.5 in chips)
4cb8636f: posts small blind $0.02
b820b698: posts big blind $0.05
*** HOLE CARDS ***
Dealt to 4cb8636f 
Dealt to b820b698 
Dealt to df2f1fdf 
Dealt to fe7288cf 
Dealt to Hero [Ks 3c]
Dealt to bfe1c7ce 
df2f1fdf: calls $0.05
fe7288cf: folds
Hero: folds
bfe1c7ce: folds
4cb8636f: raises $0.15 to $0.2
b820b698: folds
df2f1fdf: calls $0.15
*** FLOP *** [7d Td 6d]
4cb8636f: checks
df2f1fdf: bets $0.23
4cb8636f: folds
Uncalled bet ($0.23) returned to df2f1fdf
*** SHOWDOWN ***
df2f1fdf collected $0.43 from pot
*** SUMMARY ***
Total pot $0.45 | Rake $0.02 | Jackpot $0 | Bingo $0 | Fortune $0
Board [7d Td 6d]
Seat 1: 4cb8636f (small blind) folded on the Flop
Seat 2: b820b698 (big blind) folded before Flop
Seat 3: df2f1fdf won ($0.43)
Seat 4: fe7288cf folded before Flop (didn't bet)
Seat 5: Hero folded before Flop (didn't bet)
Seat 6: bfe1c7ce (button) folded before Flop (didn't bet)


Poker Hand #HD1184074945: Hold'em No Limit  ($0.02/$0.05) - 2023/03/31 22:20:11
Table 'NLHBlue75' 6-max Seat #5 is the button
Seat 1: 4cb8636f ($6.04 in chips)
Seat 3: df2f1fdf ($4.97 in chips)
Seat 4: fe7288cf ($3.73 in chips)
Seat 5: Hero ($5.64 in chips)
Seat 6: bfe1c7ce ($5.52 in chips)
bfe1c7ce: posts small blind $0.02
4cb8636f: posts big blind $0.05
*** HOLE CARDS ***
Dealt to 4cb8636f 
Dealt to df2f1fdf 
Dealt to fe7288cf 
Dealt to Hero [7c 7h]
Dealt to bfe1c7ce 
df2f1fdf: calls $0.05
fe7288cf: folds
Hero: raises $0.15 to $0.2
bfe1c7ce: folds
4cb8636f: folds
df2f1fdf: folds
Uncalled bet ($0.15) returned to Hero
*** SHOWDOWN ***
Hero collected $0.17 from pot
*** SUMMARY ***
Total pot $0.17 | Rake $0 | Jackpot $0 | Bingo $0 | Fortune $0
Seat 1: 4cb8636f (big blind) folded before Flop
Seat 3: df2f1fdf folded before Flop
Seat 4: fe7288cf folded before Flop (didn't bet)
Seat 5: Hero (button) collected ($0.17)
Seat 6: bfe1c7ce (small blind) folded before Flop


Poker Hand #HD1184074919: Hold'em No Limit  ($0.02/$0.05) - 2023/03/31 22:19:57
Table 'NLHBlue75' 6-max Seat #4 is the button
Seat 1: 4cb8636f ($6.04 in chips)
Seat 3: df2f1fdf ($4.97 in chips)
Seat 4: fe7288cf ($3.73 in chips)
Seat 5: Hero ($5.66 in chips)
Seat 6: bfe1c7ce ($5.5 in chips)
Hero: posts small blind $0.02
bfe1c7ce: posts big blind $0.05
*** HOLE CARDS ***
Dealt to 4cb8636f 
Dealt to df2f1fdf 
Dealt to fe7288cf 
Dealt to Hero [Qs 6c]
Dealt to bfe1c7ce 
4cb8636f: folds
df2f1fdf: folds
fe7288cf: folds
Hero: folds
Uncalled bet ($0.03) returned to bfe1c7ce
*** SHOWDOWN ***
bfe1c7ce collected $0.04 from pot
*** SUMMARY ***
Total pot $0.04 | Rake $0 | Jackpot $0 | Bingo $0 | Fortune $0
Seat 1: 4cb8636f folded before Flop (didn't bet)
Seat 3: df2f1fdf folded before Flop (didn't bet)
Seat 4: fe7288cf (button) folded before Flop (didn't bet)
Seat 5: Hero (small blind) folded before Flop
Seat 6: bfe1c7ce (big blind) collected ($0.04)


Poker Hand #HD1184074903: Hold'em No Limit  ($0.02/$0.05) - 2023/03/31 22:19:50
Table 'NLHBlue75' 6-max Seat #3 is the button
Seat 1: 4cb8636f ($6.04 in chips)
Seat 3: df2f1fdf ($4.97 in chips)
Seat 4: fe7288cf ($3.75 in chips)
Seat 5: Hero ($5.64 in chips)
Seat 6: bfe1c7ce ($5.5 in chips)
fe7288cf: posts small blind $0.02
Hero: posts big blind $0.05
*** HOLE CARDS ***
Dealt to 4cb8636f 
Dealt to df2f1fdf 
Dealt to fe7288cf 
Dealt to Hero [Tc 8h]
Dealt to bfe1c7ce 
bfe1c7ce: folds
4cb8636f: folds
df2f1fdf: folds
fe7288cf: folds
Uncalled bet ($0.03) returned to Hero
*** SHOWDOWN ***
Hero collected $0.04 from pot
*** SUMMARY ***
Total pot $0.04 | Rake $0 | Jackpot $0 | Bingo $0 | Fortune $0
Seat 1: 4cb8636f folded before Flop (didn't bet)
Seat 3: df2f1fdf (button) folded before Flop (didn't bet)
Seat 4: fe7288cf (small blind) folded before Flop
Seat 5: Hero (big blind) collected ($0.04)
Seat 6: bfe1c7ce folded before Flop (didn't bet)


Poker Hand #HD1184074747: Hold'em No Limit  ($0.02/$0.05) - 2023/03/31 22:18:23
Table 'NLHBlue75' 6-max Seat #1 is the button
Seat 1: 4cb8636f ($5.33 in chips)
Seat 3: df2f1fdf ($4.99 in chips)
Seat 4: fe7288cf ($4 in chips)
Seat 5: Hero ($6.15 in chips)
Seat 6: bfe1c7ce ($5.5 in chips)
df2f1fdf: posts small blind $0.02
fe7288cf: posts big blind $0.05
*** HOLE CARDS ***
Dealt to 4cb8636f 
Dealt to df2f1fdf 
Dealt to fe7288cf 
Dealt to Hero [Tc Jc]
Dealt to bfe1c7ce 
Hero: raises $0.07 to $0.12
bfe1c7ce: folds
4cb8636f: calls $0.12
df2f1fdf: folds
fe7288cf: calls $0.07
*** FLOP *** [9d 6d Js]
fe7288cf: bets $0.13
Hero: calls $0.13
4cb8636f: calls $0.13
*** TURN *** [9d 6d Js] [Ks]
fe7288cf: checks
Hero: checks
4cb8636f: checks
*** RIVER *** [9d 6d Js Ks] [7h]
fe7288cf: checks
Hero: checks
4cb8636f: bets $0.26
fe7288cf: folds
Hero: calls $0.26
4cb8636f: shows [Ts Kd] (Pair of Kings)
Hero: shows [Tc Jc] (Pair of Jacks)
*** SHOWDOWN ***
4cb8636f collected $1.22 from pot
*** SUMMARY ***
Total pot $1.29 | Rake $0.07 | Jackpot $0 | Bingo $0 | Fortune $0
Board [9d 6d Js Ks 7h]
Seat 1: 4cb8636f (button) showed [Ts Kd] and won ($1.22) with Pair of Kings
Seat 3: df2f1fdf (small blind) folded before Flop
Seat 4: fe7288cf (big blind) folded on the River
Seat 5: Hero showed [Tc Jc] and lost with Pair of Jacks
Seat 6: bfe1c7ce folded before Flop (didn't bet)


Poker Hand #HD1184074667: Hold'em No Limit  ($0.02/$0.05) - 2023/03/31 22:17:41
Table 'NLHBlue75' 6-max Seat #6 is the button
Seat 1: 4cb8636f ($5.35 in chips)
Seat 3: df2f1fdf ($5.04 in chips)
Seat 4: fe7288cf ($4.36 in chips)
Seat 5: Hero ($5.76 in chips)
Seat 6: bfe1c7ce ($5.5 in chips)
4cb8636f: posts small blind $0.02
df2f1fdf: posts big blind $0.05
*** HOLE CARDS ***
Dealt to 4cb8636f 
Dealt to df2f1fdf 
Dealt to fe7288cf 
Dealt to Hero [Jh Kh]
Dealt to bfe1c7ce 
fe7288cf: calls $0.05
Hero: raises $0.15 to $0.2
bfe1c7ce: folds
4cb8636f: folds
df2f1fdf: folds
fe7288cf: calls $0.15
*** FLOP *** [Ad 5c Ks]
fe7288cf: checks
Hero: bets $0.16
fe7288cf: calls $0.16
*** TURN *** [Ad 5c Ks] [3s]
fe7288cf: checks
Hero: checks
*** RIVER *** [Ad 5c Ks 3s] [6d]
fe7288cf: checks
Hero: checks
fe7288cf: shows [2h 3h] (Pair of Treys)
Hero: shows [Jh Kh] (Pair of Kings)
*** SHOWDOWN ***
Hero collected $0.75 from pot
*** SUMMARY ***
Total pot $0.79 | Rake $0.04 | Jackpot $0 | Bingo $0 | Fortune $0
Board [Ad 5c Ks 3s 6d]
Seat 1: 4cb8636f (small blind) folded before Flop
Seat 3: df2f1fdf (big blind) folded before Flop
Seat 4: fe7288cf showed [2h 3h] and lost with Pair of Treys
Seat 5: Hero showed [Jh Kh] and won ($0.75) with Pair of Kings
Seat 6: bfe1c7ce (button) folded before Flop (didn't bet)


Poker Hand #HD1184074577: Hold'em No Limit  ($0.02/$0.05) - 2023/03/31 22:16:53
Table 'NLHBlue75' 6-max Seat #5 is the button
Seat 1: 4cb8636f ($5.4 in chips)
Seat 2: b820b698 ($6.95 in chips)
Seat 3: df2f1fdf ($5.04 in chips)
Seat 4: fe7288cf ($3.34 in chips)
Seat 5: Hero ($5.76 in chips)
Seat 6: bfe1c7ce ($5.52 in chips)
bfe1c7ce: posts small blind $0.02
4cb8636f: posts big blind $0.05
*** HOLE CARDS ***
Dealt to 4cb8636f 
Dealt to b820b698 
Dealt to df2f1fdf 
Dealt to fe7288cf 
Dealt to Hero [Kh Td]
Dealt to bfe1c7ce 
b820b698: raises $0.1 to $0.15
df2f1fdf: folds
fe7288cf: calls $0.15
Hero: folds
bfe1c7ce: folds
4cb8636f: folds
*** FLOP *** [Ad 8c 9d]
b820b698: bets $0.15
fe7288cf: calls $0.15
*** TURN *** [Ad 8c 9d] [2h]
b820b698: bets $0.2
fe7288cf: calls $0.2
*** RIVER *** [Ad 8c 9d 2h] [Ts]
b820b698: bets $0.15
fe7288cf: raises $0.46 to $0.61
b820b698: calls $0.46
fe7288cf: shows [Ah Tc] (Pair of Aces and Pair of Tens)
b820b698: shows [Kd Ac] (Pair of Aces)
*** SHOWDOWN ***
fe7288cf collected $2.13 from pot
*** SUMMARY ***
Total pot $2.29 | Rake $0.11 | Jackpot $0.05 | Bingo $0 | Fortune $0
Board [Ad 8c 9d 2h Ts]
Seat 1: 4cb8636f (big blind) folded before Flop
Seat 2: b820b698 showed [Kd Ac] and lost with Pair of Aces
Seat 3: df2f1fdf folded before Flop (didn't bet)
Seat 4: fe7288cf showed [Ah Tc] and won ($2.13) with Pair of Aces and Pair of Tens
Seat 5: Hero (button) folded before Flop (didn't bet)
Seat 6: bfe1c7ce (small blind) folded before Flop


Poker Hand #HD1184074546: Hold'em No Limit  ($0.02/$0.05) - 2023/03/31 22:16:38
Table 'NLHBlue75' 6-max Seat #4 is the button
Seat 1: 4cb8636f ($5.4 in chips)
Seat 2: b820b698 ($6.95 in chips)
Seat 3: df2f1fdf ($5.04 in chips)
Seat 4: fe7288cf ($3.27 in chips)
Seat 5: Hero ($5.78 in chips)
Seat 6: bfe1c7ce ($5.57 in chips)
Hero: posts small blind $0.02
bfe1c7ce: posts big blind $0.05
*** HOLE CARDS ***
Dealt to 4cb8636f 
Dealt to b820b698 
Dealt to df2f1fdf 
Dealt to fe7288cf 
Dealt to Hero [Qd 5d]
Dealt to bfe1c7ce 
4cb8636f: folds
b820b698: folds
df2f1fdf: folds
fe7288cf: raises $0.08 to $0.13
Hero: folds
bfe1c7ce: folds
Uncalled bet ($0.08) returned to fe7288cf
*** SHOWDOWN ***
fe7288cf collected $0.12 from pot
*** SUMMARY ***
Total pot $0.12 | Rake $0 | Jackpot $0 | Bingo $0 | Fortune $0
Seat 1: 4cb8636f folded before Flop (didn't bet)
Seat 2: b820b698 folded before Flop (didn't bet)
Seat 3: df2f1fdf folded before Flop (didn't bet)
Seat 4: fe7288cf (button) collected ($0.12)
Seat 5: Hero (small blind) folded before Flop
Seat 6: bfe1c7ce (big blind) folded before Flop


Poker Hand #HD1184074465: Hold'em No Limit  ($0.02/$0.05) - 2023/03/31 22:15:50
Table 'NLHBlue75' 6-max Seat #3 is the button
Seat 1: 4cb8636f ($5.4 in chips)
Seat 2: b820b698 ($6.95 in chips)
Seat 3: df2f1fdf ($5.23 in chips)
Seat 4: fe7288cf ($3.32 in chips)
Seat 5: Hero ($5.56 in chips)
Seat 6: bfe1c7ce ($5.57 in chips)
fe7288cf: posts small blind $0.02
Hero: posts big blind $0.05
*** HOLE CARDS ***
Dealt to 4cb8636f 
Dealt to b820b698 
Dealt to df2f1fdf 
Dealt to fe7288cf 
Dealt to Hero [Td 9c]
Dealt to bfe1c7ce 
bfe1c7ce: folds
4cb8636f: folds
b820b698: folds
df2f1fdf: calls $0.05
fe7288cf: calls $0.03
Hero: checks
*** FLOP *** [5d Jh Ah]
fe7288cf: checks
Hero: checks
df2f1fdf: checks
*** TURN *** [5d Jh Ah] [8s]
fe7288cf: checks
Hero: bets $0.14
df2f1fdf: calls $0.14
fe7288cf: folds
*** RIVER *** [5d Jh Ah 8s] [2s]
Hero: bets $0.33
df2f1fdf: folds
Uncalled bet ($0.33) returned to Hero
*** SHOWDOWN ***
Hero collected $0.41 from pot
*** SUMMARY ***
Total pot $0.43 | Rake $0.02 | Jackpot $0 | Bingo $0 | Fortune $0
Board [5d Jh Ah 8s 2s]
Seat 1: 4cb8636f folded before Flop (didn't bet)
Seat 2: b820b698 folded before Flop (didn't bet)
Seat 3: df2f1fdf (button) folded on the River
Seat 4: fe7288cf (small blind) folded on the Turn
Seat 5: Hero (big blind) won ($0.41)
Seat 6: bfe1c7ce folded before Flop (didn't bet)


Poker Hand #HD1184074397: Hold'em No Limit  ($0.02/$0.05) - 2023/03/31 22:15:14
Table 'NLHBlue75' 6-max Seat #2 is the button
Seat 1: 4cb8636f ($5.52 in chips)
Seat 2: b820b698 ($6.95 in chips)
Seat 3: df2f1fdf ($5.25 in chips)
Seat 4: fe7288cf ($3.37 in chips)
Seat 5: Hero ($5.38 in chips)
Seat 6: bfe1c7ce ($5.57 in chips)
df2f1fdf: posts small blind $0.02
fe7288cf: posts big blind $0.05
*** HOLE CARDS ***
Dealt to 4cb8636f 
Dealt to b820b698 
Dealt to df2f1fdf 
Dealt to fe7288cf 
Dealt to Hero [Ks Jc]
Dealt to bfe1c7ce 
Hero: raises $0.07 to $0.12
bfe1c7ce: folds
4cb8636f: calls $0.12
b820b698: folds
df2f1fdf: folds
fe7288cf: folds
*** FLOP *** [5c Qd 2d]
Hero: checks
4cb8636f: checks
*** TURN *** [5c Qd 2d] [Jd]
Hero: bets $0.11
4cb8636f: folds
Uncalled bet ($0.11) returned to Hero
*** SHOWDOWN ***
Hero collected $0.3 from pot
*** SUMMARY ***
Total pot $0.31 | Rake $0.01 | Jackpot $0 | Bingo $0 | Fortune $0
Board [5c Qd 2d Jd]
Seat 1: 4cb8636f folded on the Turn
Seat 2: b820b698 (button) folded before Flop (didn't bet)
Seat 3: df2f1fdf (small blind) folded before Flop
Seat 4: fe7288cf (big blind) folded before Flop
Seat 5: Hero won ($0.3)
Seat 6: bfe1c7ce folded before Flop (didn't bet)


Poker Hand #HD1184074315: Hold'em No Limit  ($0.02/$0.05) - 2023/03/31 22:14:21
Table 'NLHBlue75' 6-max Seat #1 is the button
Seat 1: 4cb8636f ($5.52 in chips)
Seat 2: b820b698 ($7 in chips)
Seat 3: df2f1fdf ($5.08 in chips)
Seat 4: fe7288cf ($3.5 in chips)
Seat 5: Hero ($5.38 in chips)
Seat 6: bfe1c7ce ($5.57 in chips)
b820b698: posts small blind $0.02
df2f1fdf: posts big blind $0.05
*** HOLE CARDS ***
Dealt to 4cb8636f 
Dealt to b820b698 
Dealt to df2f1fdf 
Dealt to fe7288cf 
Dealt to Hero [Th 5d]
Dealt to bfe1c7ce 
fe7288cf: calls $0.05
Hero: folds
bfe1c7ce: folds
4cb8636f: folds
b820b698: calls $0.03
df2f1fdf: checks
*** FLOP *** [Qh 6h Kc]
b820b698: checks
df2f1fdf: checks
fe7288cf: checks
*** TURN *** [Qh 6h Kc] [Qs]
b820b698: checks
df2f1fdf: bets $0.08
fe7288cf: calls $0.08
b820b698: folds
*** RIVER *** [Qh 6h Kc Qs] [Ah]
df2f1fdf: bets $0.31
fe7288cf: folds
Uncalled bet ($0.31) returned to df2f1fdf
*** SHOWDOWN ***
df2f1fdf collected $0.3 from pot
*** SUMMARY ***
Total pot $0.31 | Rake $0.01 | Jackpot $0 | Bingo $0 | Fortune $0
Board [Qh 6h Kc Qs Ah]
Seat 1: 4cb8636f (button) folded before Flop (didn't bet)
Seat 2: b820b698 (small blind) folded on the Turn
Seat 3: df2f1fdf (big blind) won ($0.3)
Seat 4: fe7288cf folded on the River
Seat 5: Hero folded before Flop (didn't bet)
Seat 6: bfe1c7ce folded before Flop (didn't bet)


Poker Hand #HD1184074176: Hold'em No Limit  ($0.02/$0.05) - 2023/03/31 22:13:06
Table 'NLHBlue75' 6-max Seat #6 is the button
Seat 1: 4cb8636f ($5.54 in chips)
Seat 2: b820b698 ($7.05 in chips)
Seat 3: df2f1fdf ($5.08 in chips)
Seat 4: fe7288cf ($4.06 in chips)
Seat 5: Hero ($5.38 in chips)
Seat 6: bfe1c7ce ($5 in chips)
4cb8636f: posts small blind $0.02
b820b698: posts big blind $0.05
*** HOLE CARDS ***
Dealt to 4cb8636f 
Dealt to b820b698 
Dealt to df2f1fdf 
Dealt to fe7288cf 
Dealt to Hero [9d 5s]
Dealt to bfe1c7ce 
df2f1fdf: folds
fe7288cf: calls $0.05
Hero: folds
bfe1c7ce: raises $0.15 to $0.2
4cb8636f: folds
b820b698: folds
fe7288cf: calls $0.15
*** FLOP *** [Jh 3c Qh]
fe7288cf: bets $0.36
bfe1c7ce: calls $0.36
*** TURN *** [Jh 3c Qh] [8h]
fe7288cf: checks
bfe1c7ce: checks
*** RIVER *** [Jh 3c Qh 8h] [4h]
fe7288cf: checks
bfe1c7ce: checks
fe7288cf: shows [2d Kd] (King-High)
bfe1c7ce: shows [Ks Qc] (Pair of Queens)
*** SHOWDOWN ***
bfe1c7ce collected $1.13 from pot
*** SUMMARY ***
Total pot $1.19 | Rake $0.06 | Jackpot $0 | Bingo $0 | Fortune $0
Board [Jh 3c Qh 8h 4h]
Seat 1: 4cb8636f (small blind) folded before Flop
Seat 2: b820b698 (big blind) folded before Flop
Seat 3: df2f1fdf folded before Flop (didn't bet)
Seat 4: fe7288cf showed [2d Kd] and lost with King-High
Seat 5: Hero folded before Flop (didn't bet)
Seat 6: bfe1c7ce (button) showed [Ks Qc] and won ($1.13) with Pair of Queens


Poker Hand #HD1184074151: Hold'em No Limit  ($0.02/$0.05) - 2023/03/31 22:12:54
Table 'NLHBlue75' 6-max Seat #5 is the button
Seat 1: 4cb8636f ($5.59 in chips)
Seat 2: b820b698 ($7.05 in chips)
Seat 3: df2f1fdf ($5.01 in chips)
Seat 4: fe7288cf ($4.06 in chips)
Seat 5: Hero ($5.38 in chips)
Seat 6: bfe1c7ce ($5 in chips)
bfe1c7ce: posts small blind $0.02
4cb8636f: posts big blind $0.05
*** HOLE CARDS ***
Dealt to 4cb8636f 
Dealt to b820b698 
Dealt to df2f1fdf 
Dealt to fe7288cf 
Dealt to Hero [Kh 8c]
Dealt to bfe1c7ce 
b820b698: folds
df2f1fdf: raises $0.1 to $0.15
fe7288cf: folds
Hero: folds
bfe1c7ce: folds
4cb8636f: folds
Uncalled bet ($0.1) returned to df2f1fdf
*** SHOWDOWN ***
df2f1fdf collected $0.12 from pot
*** SUMMARY ***
Total pot $0.12 | Rake $0 | Jackpot $0 | Bingo $0 | Fortune $0
Seat 1: 4cb8636f (big blind) folded before Flop
Seat 2: b820b698 folded before Flop (didn't bet)
Seat 3: df2f1fdf collected ($0.12)
Seat 4: fe7288cf folded before Flop (didn't bet)
Seat 5: Hero (button) folded before Flop (didn't bet)
Seat 6: bfe1c7ce (small blind) folded before Flop


Poker Hand #HD1184074079: Hold'em No Limit  ($0.02/$0.05) - 2023/03/31 22:12:14
Table 'NLHBlue75' 6-max Seat #4 is the button
Seat 1: 4cb8636f ($5.59 in chips)
Seat 2: b820b698 ($7.5 in chips)
Seat 3: df2f1fdf ($4.53 in chips)
Seat 4: fe7288cf ($4.06 in chips)
Seat 5: Hero ($5.4 in chips)
Seat 6: bfe1c7ce ($5 in chips)
Hero: posts small blind $0.02
bfe1c7ce: posts big blind $0.05
*** HOLE CARDS ***
Dealt to 4cb8636f 
Dealt to b820b698 
Dealt to df2f1fdf 
Dealt to fe7288cf 
Dealt to Hero [6s 4d]
Dealt to bfe1c7ce 
4cb8636f: folds
b820b698: raises $0.1 to $0.15
df2f1fdf: calls $0.15
fe7288cf: folds
Hero: folds
bfe1c7ce: folds
*** FLOP *** [Th 6h Jh]
b820b698: bets $0.15
df2f1fdf: calls $0.15
*** TURN *** [Th 6h Jh] [Jd]
b820b698: bets $0.15
df2f1fdf: calls $0.15
*** RIVER *** [Th 6h Jh Jd] [2c]
b820b698: checks
df2f1fdf: checks
b820b698: shows [Qc Ah] (Pair of Jacks)
df2f1fdf: shows [5h 5s] (Pair of Jacks and Pair of Fives)
*** SHOWDOWN ***
df2f1fdf collected $0.93 from pot
*** SUMMARY ***
Total pot $0.97 | Rake $0.04 | Jackpot $0 | Bingo $0 | Fortune $0
Board [Th 6h Jh Jd 2c]
Seat 1: 4cb8636f folded before Flop (didn't bet)
Seat 2: b820b698 showed [Qc Ah] and lost with Pair of Jacks
Seat 3: df2f1fdf showed [5h 5s] and won ($0.93) with Pair of Jacks and Pair of Fives
Seat 4: fe7288cf (button) folded before Flop (didn't bet)
Seat 5: Hero (small blind) folded before Flop
Seat 6: bfe1c7ce (big blind) folded before Flop


Poker Hand #HD1184074057: Hold'em No Limit  ($0.02/$0.05) - 2023/03/31 22:11:58
Table 'NLHBlue75' 6-max Seat #3 is the button
Seat 1: 4cb8636f ($5.59 in chips)
Seat 2: b820b698 ($7.43 in chips)
Seat 3: df2f1fdf ($4.53 in chips)
Seat 4: fe7288cf ($4.08 in chips)
Seat 5: Hero ($5.45 in chips)
Seat 6: bfe1c7ce ($5 in chips)
fe7288cf: posts small blind $0.02
Hero: posts big blind $0.05
*** HOLE CARDS ***
Dealt to 4cb8636f 
Dealt to b820b698 
Dealt to df2f1fdf 
Dealt to fe7288cf 
Dealt to Hero [4d Qh]
Dealt to bfe1c7ce 
bfe1c7ce: folds
4cb8636f: folds
b820b698: raises $0.1 to $0.15
df2f1fdf: folds
fe7288cf: folds
Hero: folds
Uncalled bet ($0.1) returned to b820b698
*** SHOWDOWN ***
b820b698 collected $0.12 from pot
*** SUMMARY ***
Total pot $0.12 | Rake $0 | Jackpot $0 | Bingo $0 | Fortune $0
Seat 1: 4cb8636f folded before Flop (didn't bet)
Seat 2: b820b698 collected ($0.12)
Seat 3: df2f1fdf (button) folded before Flop (didn't bet)
Seat 4: fe7288cf (small blind) folded before Flop
Seat 5: Hero (big blind) folded before Flop
Seat 6: bfe1c7ce folded before Flop (didn't bet)


Poker Hand #HD1184074032: Hold'em No Limit  ($0.02/$0.05) - 2023/03/31 22:11:43
Table 'NLHBlue75' 6-max Seat #2 is the button
Seat 1: 4cb8636f ($5.59 in chips)
Seat 2: b820b698 ($7.43 in chips)
Seat 3: df2f1fdf ($4.55 in chips)
Seat 4: fe7288cf ($4.06 in chips)
Seat 5: Hero ($5.45 in chips)
Seat 6: bfe1c7ce ($5 in chips)
df2f1fdf: posts small blind $0.02
fe7288cf: posts big blind $0.05
*** HOLE CARDS ***
Dealt to 4cb8636f 
Dealt to b820b698 
Dealt to df2f1fdf 
Dealt to fe7288cf 
Dealt to Hero [9s Jc]
Dealt to bfe1c7ce 
Hero: folds
bfe1c7ce: folds
4cb8636f: folds
b820b698: folds
df2f1fdf: folds
Uncalled bet ($0.03) returned to fe7288cf
*** SHOWDOWN ***
fe7288cf collected $0.04 from pot
*** SUMMARY ***
Total pot $0.04 | Rake $0 | Jackpot $0 | Bingo $0 | Fortune $0
Seat 1: 4cb8636f folded before Flop (didn't bet)
Seat 2: b820b698 (button) folded before Flop (didn't bet)
Seat 3: df2f1fdf (small blind) folded before Flop
Seat 4: fe7288cf (big blind) collected ($0.04)
Seat 5: Hero folded before Flop (didn't bet)
Seat 6: bfe1c7ce folded before Flop (didn't bet)


Poker Hand #HD1184073998: Hold'em No Limit  ($0.02/$0.05) - 2023/03/31 22:11:26
Table 'NLHBlue75' 6-max Seat #1 is the button
Seat 1: 4cb8636f ($5.59 in chips)
Seat 2: b820b698 ($7.45 in chips)
Seat 3: df2f1fdf ($4.6 in chips)
Seat 4: fe7288cf ($3.99 in chips)
Seat 5: Hero ($5.45 in chips)
Seat 6: bfe1c7ce ($5 in chips)
b820b698: posts small blind $0.02
df2f1fdf: posts big blind $0.05
*** HOLE CARDS ***
Dealt to 4cb8636f 
Dealt to b820b698 
Dealt to df2f1fdf 
Dealt to fe7288cf 
Dealt to Hero [7h 2d]
Dealt to bfe1c7ce 
fe7288cf: raises $0.08 to $0.13
Hero: folds
bfe1c7ce: folds
4cb8636f: folds
b820b698: folds
df2f1fdf: folds
Uncalled bet ($0.08) returned to fe7288cf
*** SHOWDOWN ***
fe7288cf collected $0.12 from pot
*** SUMMARY ***
Total pot $0.12 | Rake $0 | Jackpot $0 | Bingo $0 | Fortune $0
Seat 1: 4cb8636f (button) folded before Flop (didn't bet)
Seat 2: b820b698 (small blind) folded before Flop
Seat 3: df2f1fdf (big blind) folded before Flop
Seat 4: fe7288cf collected ($0.12)
Seat 5: Hero folded before Flop (didn't bet)
Seat 6: bfe1c7ce folded before Flop (didn't bet)


Poker Hand #HD1184073930: Hold'em No Limit  ($0.02/$0.05) - 2023/03/31 22:10:48
Table 'NLHBlue75' 6-max Seat #6 is the button
Seat 1: 4cb8636f ($5.61 in chips)
Seat 2: b820b698 ($7.2 in chips)
Seat 3: df2f1fdf ($4.6 in chips)
Seat 4: fe7288cf ($3.99 in chips)
Seat 5: Hero ($5.45 in chips)
Seat 6: bfe1c7ce ($5 in chips)
4cb8636f: posts small blind $0.02
b820b698: posts big blind $0.05
*** HOLE CARDS ***
Dealt to 4cb8636f 
Dealt to b820b698 
Dealt to df2f1fdf 
Dealt to fe7288cf 
Dealt to Hero [3c Th]
Dealt to bfe1c7ce 
df2f1fdf: folds
fe7288cf: folds
Hero: folds
bfe1c7ce: raises $0.05 to $0.1
4cb8636f: folds
b820b698: calls $0.05
*** FLOP *** [Ks 6s Ah]
b820b698: checks
bfe1c7ce: bets $0.15
b820b698: calls $0.15
*** TURN *** [Ks 6s Ah] [9c]
b820b698: checks
bfe1c7ce: checks
*** RIVER *** [Ks 6s Ah 9c] [Kh]
b820b698: checks
bfe1c7ce: checks
b820b698: shows [Ac Jd] (Pair of Aces and Pair of Kings)
bfe1c7ce: shows [8h 8d] (Pair of Kings and Pair of Eights)
*** SHOWDOWN ***
b820b698 collected $0.5 from pot
*** SUMMARY ***
Total pot $0.52 | Rake $0.02 | Jackpot $0 | Bingo $0 | Fortune $0
Board [Ks 6s Ah 9c Kh]
Seat 1: 4cb8636f (small blind) folded before Flop
Seat 2: b820b698 (big blind) showed [Ac Jd] and won ($0.5) with Pair of Aces and Pair of Kings
Seat 3: df2f1fdf folded before Flop (didn't bet)
Seat 4: fe7288cf folded before Flop (didn't bet)
Seat 5: Hero folded before Flop (didn't bet)
Seat 6: bfe1c7ce (button) showed [8h 8d] and lost with Pair of Kings and Pair of Eights


Poker Hand #HD1184073851: Hold'em No Limit  ($0.02/$0.05) - 2023/03/31 22:10:00
Table 'NLHBlue75' 6-max Seat #5 is the button
Seat 1: 4cb8636f ($5 in chips)
Seat 2: b820b698 ($7.2 in chips)
Seat 3: df2f1fdf ($5.21 in chips)
Seat 4: fe7288cf ($4.04 in chips)
Seat 5: Hero ($5.45 in chips)
Seat 6: bfe1c7ce ($5 in chips)
bfe1c7ce: posts small blind $0.02
4cb8636f: posts big blind $0.05
*** HOLE CARDS ***
Dealt to 4cb8636f 
Dealt to b820b698 
Dealt to df2f1fdf 
Dealt to fe7288cf 
Dealt to Hero [Qh 7d]
Dealt to bfe1c7ce 
b820b698: folds
df2f1fdf: calls $0.05
fe7288cf: calls $0.05
Hero: folds
bfe1c7ce: folds
4cb8636f: checks
*** FLOP *** [Tc 5d Qd]
4cb8636f: checks
df2f1fdf: bets $0.17
fe7288cf: folds
4cb8636f: raises $0.39 to $0.56
df2f1fdf: calls $0.39
*** TURN *** [Tc 5d Qd] [9c]
4cb8636f: bets $0.97
df2f1fdf: folds
Uncalled bet ($0.97) returned to 4cb8636f
*** SHOWDOWN ***
4cb8636f collected $1.22 from pot
*** SUMMARY ***
Total pot $1.29 | Rake $0.07 | Jackpot $0 | Bingo $0 | Fortune $0
Board [Tc 5d Qd 9c]
Seat 1: 4cb8636f (big blind) won ($1.22)
Seat 2: b820b698 folded before Flop (didn't bet)
Seat 3: df2f1fdf folded on the Turn
Seat 4: fe7288cf folded on the Flop
Seat 5: Hero (button) folded before Flop (didn't bet)
Seat 6: bfe1c7ce (small blind) folded before Flop


Poker Hand #HD1184073800: Hold'em No Limit  ($0.02/$0.05) - 2023/03/31 22:09:32
Table 'NLHBlue75' 6-max Seat #4 is the button
Seat 1: 4cb8636f ($5 in chips)
Seat 2: b820b698 ($7.2 in chips)
Seat 3: df2f1fdf ($5.21 in chips)
Seat 4: fe7288cf ($4.04 in chips)
Seat 5: Hero ($5.32 in chips)
Seat 6: bfe1c7ce ($5 in chips)
Hero: posts small blind $0.02
bfe1c7ce: posts big blind $0.05
*** HOLE CARDS ***
Dealt to 4cb8636f 
Dealt to b820b698 
Dealt to df2f1fdf 
Dealt to fe7288cf 
Dealt to Hero [Th Kh]
Dealt to bfe1c7ce 
4cb8636f: folds
b820b698: folds
df2f1fdf: folds
fe7288cf: folds
Hero: raises $0.09 to $0.14
bfe1c7ce: calls $0.09
*** FLOP *** [Td 7h Jh]
Hero: bets $0.14
bfe1c7ce: folds
Uncalled bet ($0.14) returned to Hero
*** SHOWDOWN ***
Hero collected $0.27 from pot
*** SUMMARY ***
Total pot $0.28 | Rake $0.01 | Jackpot $0 | Bingo $0 | Fortune $0
Board [Td 7h Jh]
Seat 1: 4cb8636f folded before Flop (didn't bet)
Seat 2: b820b698 folded before Flop (didn't bet)
Seat 3: df2f1fdf folded before Flop (didn't bet)
Seat 4: fe7288cf (button) folded before Flop (didn't bet)
Seat 5: Hero (small blind) won ($0.27)
Seat 6: bfe1c7ce (big blind) folded on the Flop


Poker Hand #HD1184073765: Hold'em No Limit  ($0.02/$0.05) - 2023/03/31 22:09:10
Table 'NLHBlue75' 6-max Seat #3 is the button
Seat 1: 4cb8636f ($5 in chips)
Seat 2: b820b698 ($7.2 in chips)
Seat 3: df2f1fdf ($5.21 in chips)
Seat 4: fe7288cf ($3.99 in chips)
Seat 5: Hero ($5.37 in chips)
Seat 6: bfe1c7ce ($5 in chips)
fe7288cf: posts small blind $0.02
Hero: posts big blind $0.05
*** HOLE CARDS ***
Dealt to 4cb8636f 
Dealt to b820b698 
Dealt to df2f1fdf 
Dealt to fe7288cf 
Dealt to Hero [Qs Tc]
Dealt to bfe1c7ce 
bfe1c7ce: folds
4cb8636f: folds
b820b698: folds
df2f1fdf: folds
fe7288cf: calls $0.03
Hero: checks
*** FLOP *** [Ac 4s 6s]
fe7288cf: bets $0.08
Hero: folds
Uncalled bet ($0.08) returned to fe7288cf
*** SHOWDOWN ***
fe7288cf collected $0.1 from pot
*** SUMMARY ***
Total pot $0.1 | Rake $0 | Jackpot $0 | Bingo $0 | Fortune $0
Board [Ac 4s 6s]
Seat 1: 4cb8636f folded before Flop (didn't bet)
Seat 2: b820b698 folded before Flop (didn't bet)
Seat 3: df2f1fdf (button) folded before Flop (didn't bet)
Seat 4: fe7288cf (small blind) won ($0.1)
Seat 5: Hero (big blind) folded on the Flop
Seat 6: bfe1c7ce folded before Flop (didn't bet)


Poker Hand #HD1184073742: Hold'em No Limit  ($0.02/$0.05) - 2023/03/31 22:09:01
Table 'NLHBlue75' 6-max Seat #2 is the button
Seat 1: 4cb8636f ($5 in chips)
Seat 2: b820b698 ($7.2 in chips)
Seat 3: df2f1fdf ($5.23 in chips)
Seat 4: fe7288cf ($3.97 in chips)
Seat 5: Hero ($5.37 in chips)
Seat 6: bfe1c7ce ($5 in chips)
df2f1fdf: posts small blind $0.02
fe7288cf: posts big blind $0.05
*** HOLE CARDS ***
Dealt to 4cb8636f 
Dealt to b820b698 
Dealt to df2f1fdf 
Dealt to fe7288cf 
Dealt to Hero [4c 6s]
Dealt to bfe1c7ce 
Hero: folds
bfe1c7ce: folds
4cb8636f: folds
b820b698: folds
df2f1fdf: folds
Uncalled bet ($0.03) returned to fe7288cf
*** SHOWDOWN ***
fe7288cf collected $0.04 from pot
*** SUMMARY ***
Total pot $0.04 | Rake $0 | Jackpot $0 | Bingo $0 | Fortune $0
Seat 1: 4cb8636f folded before Flop (didn't bet)
Seat 2: b820b698 (button) folded before Flop (didn't bet)
Seat 3: df2f1fdf (small blind) folded before Flop
Seat 4: fe7288cf (big blind) collected ($0.04)
Seat 5: Hero folded before Flop (didn't bet)
Seat 6: bfe1c7ce folded before Flop (didn't bet)


Poker Hand #HD1184073689: Hold'em No Limit  ($0.02/$0.05) - 2023/03/31 22:08:28
Table 'NLHBlue75' 6-max Seat #1 is the button
Seat 1: 4cb8636f ($5 in chips)
Seat 2: b820b698 ($7.22 in chips)
Seat 3: df2f1fdf ($5.61 in chips)
Seat 4: fe7288cf ($3.97 in chips)
Seat 5: Hero ($5 in chips)
Seat 6: bfe1c7ce ($5 in chips)
b820b698: posts small blind $0.02
df2f1fdf: posts big blind $0.05
*** HOLE CARDS ***
Dealt to 4cb8636f 
Dealt to b820b698 
Dealt to df2f1fdf 
Dealt to fe7288cf 
Dealt to Hero [5s As]
Dealt to bfe1c7ce 
fe7288cf: folds
Hero: raises $0.07 to $0.12
bfe1c7ce: folds
4cb8636f: folds
b820b698: folds
df2f1fdf: calls $0.07
*** FLOP *** [Ts 4s 2h]
df2f1fdf: bets $0.26
Hero: raises $0.4 to $0.66
df2f1fdf: folds
Uncalled bet ($0.4) returned to Hero
*** SHOWDOWN ***
Hero collected $0.75 from pot
*** SUMMARY ***
Total pot $0.78 | Rake $0.03 | Jackpot $0 | Bingo $0 | Fortune $0
Board [Ts 4s 2h]
Seat 1: 4cb8636f (button) folded before Flop (didn't bet)
Seat 2: b820b698 (small blind) folded before Flop
Seat 3: df2f1fdf (big blind) folded on the Flop
Seat 4: fe7288cf folded before Flop (didn't bet)
Seat 5: Hero won ($0.75)
Seat 6: bfe1c7ce folded before Flop (didn't bet)


Poker Hand #HD1184073574: Hold'em No Limit  ($0.02/$0.05) - 2023/03/31 22:07:30
Table 'NLHBlue75' 6-max Seat #6 is the button
Seat 1: 4cb8636f ($5 in chips)
Seat 2: b820b698 ($6.92 in chips)
Seat 3: df2f1fdf ($5.92 in chips)
Seat 4: fe7288cf ($3.97 in chips)
Seat 5: Hero ($5 in chips)
Seat 6: bfe1c7ce ($5 in chips)
4cb8636f: posts small blind $0.02
b820b698: posts big blind $0.05
*** HOLE CARDS ***
Dealt to 4cb8636f 
Dealt to b820b698 
Dealt to df2f1fdf 
Dealt to fe7288cf 
Dealt to Hero [4s 7h]
Dealt to bfe1c7ce 
df2f1fdf: calls $0.05
fe7288cf: folds
Hero: folds
bfe1c7ce: folds
4cb8636f: folds
b820b698: checks
*** FLOP *** [7c Js Kd]
b820b698: bets $0.1
df2f1fdf: calls $0.1
*** TURN *** [7c Js Kd] [As]
b820b698: checks
df2f1fdf: bets $0.16
b820b698: calls $0.16
*** RIVER *** [7c Js Kd As] [8h]
b820b698: checks
df2f1fdf: checks
b820b698: shows [6h Kh] (Pair of Kings)
df2f1fdf: shows [Jd Tc] (Pair of Jacks)
*** SHOWDOWN ***
b820b698 collected $0.61 from pot
*** SUMMARY ***
Total pot $0.64 | Rake $0.03 | Jackpot $0 | Bingo $0 | Fortune $0
Board [7c Js Kd As 8h]
Seat 1: 4cb8636f (small blind) folded before Flop
Seat 2: b820b698 (big blind) showed [6h Kh] and won ($0.61) with Pair of Kings
Seat 3: df2f1fdf showed [Jd Tc] and lost with Pair of Jacks
Seat 4: fe7288cf folded before Flop (didn't bet)
Seat 5: Hero folded before Flop (didn't bet)
Seat 6: bfe1c7ce (button) folded before Flop (didn't bet)


Poker Hand #HD1184073445: Hold'em No Limit  ($0.02/$0.05) - 2023/03/31 22:06:19
Table 'NLHBlue75' 6-max Seat #5 is the button
Seat 1: 4cb8636f ($5 in chips)
Seat 2: b820b698 ($6.21 in chips)
Seat 3: df2f1fdf ($5.92 in chips)
Seat 4: fe7288cf ($4.68 in chips)
Seat 5: Hero ($5 in chips)
Seat 6: bfe1c7ce ($5 in chips)
bfe1c7ce: posts small blind $0.02
4cb8636f: posts big blind $0.05
*** HOLE CARDS ***
Dealt to 4cb8636f 
Dealt to b820b698 
Dealt to df2f1fdf 
Dealt to fe7288cf 
Dealt to Hero [2h 4s]
Dealt to bfe1c7ce 
b820b698: calls $0.05
df2f1fdf: folds
fe7288cf: raises $0.09 to $0.14
Hero: folds
bfe1c7ce: folds
4cb8636f: folds
b820b698: calls $0.09
*** FLOP *** [3h Tc 6c]
b820b698: checks
fe7288cf: bets $0.12
b820b698: calls $0.12
*** TURN *** [3h Tc 6c] [3d]
b820b698: checks
fe7288cf: bets $0.45
b820b698: calls $0.45
*** RIVER *** [3h Tc 6c 3d] [7c]
b820b698: checks
fe7288cf: checks
b820b698: shows [Th 8h] (Pair of Tens and Pair of Treys)
fe7288cf: shows [Ah Qh] (Pair of Treys)
*** SHOWDOWN ***
b820b698 collected $1.42 from pot
*** SUMMARY ***
Total pot $1.49 | Rake $0.07 | Jackpot $0 | Bingo $0 | Fortune $0
Board [3h Tc 6c 3d 7c]
Seat 1: 4cb8636f (big blind) folded before Flop
Seat 2: b820b698 showed [Th 8h] and won ($1.42) with Pair of Tens and Pair of Treys
Seat 3: df2f1fdf folded before Flop (didn't bet)
Seat 4: fe7288cf showed [Ah Qh] and lost with Pair of Treys
Seat 5: Hero (button) folded before Flop (didn't bet)
Seat 6: bfe1c7ce (small blind) folded before Flop


Poker Hand #HD1184073391: Hold'em No Limit  ($0.02/$0.05) - 2023/03/31 22:05:46
Table 'NLHBlue75' 6-max Seat #4 is the button
Seat 1: 4cb8636f ($5 in chips)
Seat 2: b820b698 ($6.21 in chips)
Seat 3: df2f1fdf ($5.8 in chips)
Seat 4: fe7288cf ($4.73 in chips)
Seat 5: Hero ($5 in chips)
Seat 6: bfe1c7ce ($5.05 in chips)
Hero: posts small blind $0.02
bfe1c7ce: posts big blind $0.05
*** HOLE CARDS ***
Dealt to 4cb8636f 
Dealt to b820b698 
Dealt to df2f1fdf 
Dealt to fe7288cf 
Dealt to Hero [Th Kd]
Dealt to bfe1c7ce 
4cb8636f: folds
b820b698: folds
df2f1fdf: calls $0.05
fe7288cf: calls $0.05
Hero: folds
bfe1c7ce: checks
*** FLOP *** [7d Ad Ah]
bfe1c7ce: checks
df2f1fdf: bets $0.13
fe7288cf: folds
bfe1c7ce: folds
Uncalled bet ($0.13) returned to df2f1fdf
*** SHOWDOWN ***
df2f1fdf collected $0.17 from pot
*** SUMMARY ***
Total pot $0.17 | Rake $0 | Jackpot $0 | Bingo $0 | Fortune $0
Board [7d Ad Ah]
Seat 1: 4cb8636f folded before Flop (didn't bet)
Seat 2: b820b698 folded before Flop (didn't bet)
Seat 3: df2f1fdf won ($0.17)
Seat 4: fe7288cf (button) folded on the Flop
Seat 5: Hero (small blind) folded before Flop
Seat 6: bfe1c7ce (big blind) folded on the Flop


Poker Hand #HD1184073298: Hold'em No Limit  ($0.02/$0.05) - 2023/03/31 22:04:57
Table 'NLHBlue75' 6-max Seat #3 is the button
Seat 1: 4cb8636f ($5 in chips)
Seat 2: b820b698 ($6.21 in chips)
Seat 3: df2f1fdf ($5.66 in chips)
Seat 4: fe7288cf ($4.78 in chips)
Seat 5: Hero ($5 in chips)
Seat 6: bfe1c7ce ($5.05 in chips)
fe7288cf: posts small blind $0.02
Hero: posts big blind $0.05
*** HOLE CARDS ***
Dealt to 4cb8636f 
Dealt to b820b698 
Dealt to df2f1fdf 
Dealt to fe7288cf 
Dealt to Hero [6d 8h]
Dealt to bfe1c7ce 
bfe1c7ce: folds
4cb8636f: folds
b820b698: folds
df2f1fdf: calls $0.05
fe7288cf: calls $0.03
Hero: checks
*** FLOP *** [8s As 4d]
fe7288cf: checks
Hero: bets $0.05
df2f1fdf: raises $0.25 to $0.3
fe7288cf: folds
Hero: folds
Uncalled bet ($0.25) returned to df2f1fdf
*** SHOWDOWN ***
df2f1fdf collected $0.24 from pot
*** SUMMARY ***
Total pot $0.25 | Rake $0.01 | Jackpot $0 | Bingo $0 | Fortune $0
Board [8s As 4d]
Seat 1: 4cb8636f folded before Flop (didn't bet)
Seat 2: b820b698 folded before Flop (didn't bet)
Seat 3: df2f1fdf (button) won ($0.24)
Seat 4: fe7288cf (small blind) folded on the Flop
Seat 5: Hero (big blind) folded on the Flop
Seat 6: bfe1c7ce folded before Flop (didn't bet)


