Poker Hand #HD1147204591: Hold'em No Limit  ($0.02/$0.05) - 2023/03/05 17:06:28
Table 'NLHBlue6' 6-max Seat #6 is the button
Seat 1: 5d061231 ($11.28 in chips)
Seat 3: 85b36d2d ($6.34 in chips)
Seat 4: Hero ($5.6 in chips)
Seat 6: 406bd7a4 ($3.07 in chips)
5d061231: posts small blind $0.02
85b36d2d: posts big blind $0.05
*** HOLE CARDS ***
Dealt to 5d061231 
Dealt to 85b36d2d 
Dealt to Hero [8s Js]
Dealt to 406bd7a4 
Hero: folds
406bd7a4: raises $0.08 to $0.13
5d061231: folds
85b36d2d: folds
Uncalled bet ($0.08) returned to 406bd7a4
*** SHOWDOWN ***
406bd7a4 collected $0.12 from pot
*** SUMMARY ***
Total pot $0.12 | Rake $0 | Jackpot $0 | Bingo $0 | Fortune $0
Seat 1: 5d061231 (small blind) folded before Flop
Seat 3: 85b36d2d (big blind) folded before Flop
Seat 4: Hero folded before Flop (didn't bet)
Seat 6: 406bd7a4 (button) collected ($0.12)


Poker Hand #HD1147204570: Hold'em No Limit  ($0.02/$0.05) - 2023/03/05 17:06:19
Table 'NLHBlue6' 6-max Seat #4 is the button
Seat 1: 5d061231 ($11.26 in chips)
Seat 3: 85b36d2d ($6.34 in chips)
Seat 4: Hero ($5.6 in chips)
Seat 6: 406bd7a4 ($3.09 in chips)
406bd7a4: posts small blind $0.02
5d061231: posts big blind $0.05
*** HOLE CARDS ***
Dealt to 5d061231 
Dealt to 85b36d2d 
Dealt to Hero [Kc 3s]
Dealt to 406bd7a4 
85b36d2d: folds
Hero: folds
406bd7a4: folds
Uncalled bet ($0.03) returned to 5d061231
*** SHOWDOWN ***
5d061231 collected $0.04 from pot
*** SUMMARY ***
Total pot $0.04 | Rake $0 | Jackpot $0 | Bingo $0 | Fortune $0
Seat 1: 5d061231 (big blind) collected ($0.04)
Seat 3: 85b36d2d folded before Flop (didn't bet)
Seat 4: Hero (button) folded before Flop (didn't bet)
Seat 6: 406bd7a4 (small blind) folded before Flop


Poker Hand #HD1147204393: Hold'em No Limit  ($0.02/$0.05) - 2023/03/05 17:05:14
Table 'NLHBlue6' 6-max Seat #3 is the button
Seat 1: 5d061231 ($9.61 in chips)
Seat 3: 85b36d2d ($6.34 in chips)
Seat 4: Hero ($5.62 in chips)
Seat 6: 406bd7a4 ($4.95 in chips)
Hero: posts small blind $0.02
406bd7a4: posts big blind $0.05
*** HOLE CARDS ***
Dealt to 5d061231 
Dealt to 85b36d2d 
Dealt to Hero [Qd 8d]
Dealt to 406bd7a4 
5d061231: raises $0.08 to $0.13
85b36d2d: folds
Hero: folds
406bd7a4: calls $0.08
*** FLOP *** [5d 4c 5h]
406bd7a4: checks
5d061231: bets $0.18
406bd7a4: calls $0.18
*** TURN *** [5d 4c 5h] [6d]
406bd7a4: checks
5d061231: bets $0.41
406bd7a4: calls $0.41
*** RIVER *** [5d 4c 5h 6d] [8c]
406bd7a4: checks
5d061231: bets $1.14
406bd7a4: calls $1.14
5d061231: shows [6h 7h] (Eights-High Straight)
406bd7a4: shows [2s 3s] (Sixes-High Straight)
*** SHOWDOWN ***
5d061231 collected $3.51 from pot
*** SUMMARY ***
Total pot $3.74 | Rake $0.18 | Jackpot $0.05 | Bingo $0 | Fortune $0
Board [5d 4c 5h 6d 8c]
Seat 1: 5d061231 showed [6h 7h] and won ($3.51) with Eights-High Straight
Seat 3: 85b36d2d (button) folded before Flop (didn't bet)
Seat 4: Hero (small blind) folded before Flop
Seat 6: 406bd7a4 (big blind) showed [2s 3s] and lost with Sixes-High Straight


Poker Hand #HD1147204350: Hold'em No Limit  ($0.02/$0.05) - 2023/03/05 17:04:59
Table 'NLHBlue6' 6-max Seat #1 is the button
Seat 1: 5d061231 ($9.61 in chips)
Seat 3: 85b36d2d ($6.36 in chips)
Seat 4: Hero ($5.55 in chips)
Seat 6: 406bd7a4 ($5 in chips)
85b36d2d: posts small blind $0.02
Hero: posts big blind $0.05
406bd7a4: posts big blind $0.05
*** HOLE CARDS ***
Dealt to 5d061231 
Dealt to 85b36d2d 
Dealt to Hero [Td Tc]
Dealt to 406bd7a4 
406bd7a4: checks
5d061231: folds
85b36d2d: folds
Hero: raises $0.21 to $0.26
406bd7a4: folds
Uncalled bet ($0.21) returned to Hero
*** SHOWDOWN ***
Hero collected $0.12 from pot
*** SUMMARY ***
Total pot $0.12 | Rake $0 | Jackpot $0 | Bingo $0 | Fortune $0
Seat 1: 5d061231 (button) folded before Flop (didn't bet)
Seat 3: 85b36d2d (small blind) folded before Flop
Seat 4: Hero (big blind) collected ($0.12)
Seat 6: 406bd7a4 folded before Flop


Poker Hand #HD1147204316: Hold'em No Limit  ($0.02/$0.05) - 2023/03/05 17:04:46
Table 'NLHBlue6' 6-max Seat #4 is the button
Seat 1: 5d061231 ($9.63 in chips)
Seat 3: 85b36d2d ($6.41 in chips)
Seat 4: Hero ($5.48 in chips)
5d061231: posts small blind $0.02
85b36d2d: posts big blind $0.05
*** HOLE CARDS ***
Dealt to 5d061231 
Dealt to 85b36d2d 
Dealt to Hero [Kh Qc]
Hero: raises $0.07 to $0.12
5d061231: folds
85b36d2d: folds
Uncalled bet ($0.07) returned to Hero
*** SHOWDOWN ***
Hero collected $0.12 from pot
*** SUMMARY ***
Total pot $0.12 | Rake $0 | Jackpot $0 | Bingo $0 | Fortune $0
Seat 1: 5d061231 (small blind) folded before Flop
Seat 3: 85b36d2d (big blind) folded before Flop
Seat 4: Hero (button) collected ($0.12)


Poker Hand #HD1147204270: Hold'em No Limit  ($0.02/$0.05) - 2023/03/05 17:04:30
Table 'NLHBlue6' 6-max Seat #3 is the button
Seat 1: 5d061231 ($9.68 in chips)
Seat 2: 355d1c07 ($6.49 in chips)
Seat 3: 85b36d2d ($6.34 in chips)
Seat 4: Hero ($5.5 in chips)
Hero: posts small blind $0.02
5d061231: posts big blind $0.05
*** HOLE CARDS ***
Dealt to 5d061231 
Dealt to 355d1c07 
Dealt to 85b36d2d 
Dealt to Hero [5s Jc]
355d1c07: folds
85b36d2d: raises $0.08 to $0.13
Hero: folds
5d061231: folds
Uncalled bet ($0.08) returned to 85b36d2d
*** SHOWDOWN ***
85b36d2d collected $0.12 from pot
*** SUMMARY ***
Total pot $0.12 | Rake $0 | Jackpot $0 | Bingo $0 | Fortune $0
Seat 1: 5d061231 (big blind) folded before Flop
Seat 2: 355d1c07 folded before Flop (didn't bet)
Seat 3: 85b36d2d (button) collected ($0.12)
Seat 4: Hero (small blind) folded before Flop


Poker Hand #HD1147204172: Hold'em No Limit  ($0.02/$0.05) - 2023/03/05 17:03:54
Table 'NLHBlue6' 6-max Seat #2 is the button
Seat 1: 5d061231 ($9.68 in chips)
Seat 2: 355d1c07 ($6.22 in chips)
Seat 3: 85b36d2d ($6.36 in chips)
Seat 4: Hero ($5.77 in chips)
85b36d2d: posts small blind $0.02
Hero: posts big blind $0.05
*** HOLE CARDS ***
Dealt to 5d061231 
Dealt to 355d1c07 
Dealt to 85b36d2d 
Dealt to Hero [Td Kc]
5d061231: folds
355d1c07: raises $0.08 to $0.13
85b36d2d: folds
Hero: calls $0.08
*** FLOP *** [Jh Qd Th]
Hero: bets $0.14
355d1c07: calls $0.14
*** TURN *** [Jh Qd Th] [3h]
Hero: checks
355d1c07: checks
*** RIVER *** [Jh Qd Th 3h] [Jc]
Hero: checks
355d1c07: checks
Hero: shows [Td Kc] (Pair of Jacks and Pair of Tens)
355d1c07: shows [8c Qc] (Pair of Queens and Pair of Jacks)
*** SHOWDOWN ***
355d1c07 collected $0.54 from pot
*** SUMMARY ***
Total pot $0.56 | Rake $0.02 | Jackpot $0 | Bingo $0 | Fortune $0
Board [Jh Qd Th 3h Jc]
Seat 1: 5d061231 folded before Flop (didn't bet)
Seat 2: 355d1c07 (button) showed [8c Qc] and won ($0.54) with Pair of Queens and Pair of Jacks
Seat 3: 85b36d2d (small blind) folded before Flop
Seat 4: Hero (big blind) showed [Td Kc] and lost with Pair of Jacks and Pair of Tens


Poker Hand #HD1147204136: Hold'em No Limit  ($0.02/$0.05) - 2023/03/05 17:03:41
Table 'NLHBlue6' 6-max Seat #1 is the button
Seat 1: 5d061231 ($9.61 in chips)
Seat 2: 355d1c07 ($6.24 in chips)
Seat 3: 85b36d2d ($6.41 in chips)
Seat 4: Hero ($5.77 in chips)
355d1c07: posts small blind $0.02
85b36d2d: posts big blind $0.05
*** HOLE CARDS ***
Dealt to 5d061231 
Dealt to 355d1c07 
Dealt to 85b36d2d 
Dealt to Hero [3c 4h]
Hero: folds
5d061231: raises $0.05 to $0.1
355d1c07: folds
85b36d2d: folds
Uncalled bet ($0.05) returned to 5d061231
*** SHOWDOWN ***
5d061231 collected $0.12 from pot
*** SUMMARY ***
Total pot $0.12 | Rake $0 | Jackpot $0 | Bingo $0 | Fortune $0
Seat 1: 5d061231 (button) collected ($0.12)
Seat 2: 355d1c07 (small blind) folded before Flop
Seat 3: 85b36d2d (big blind) folded before Flop
Seat 4: Hero folded before Flop (didn't bet)


Poker Hand #HD1147203991: Hold'em No Limit  ($0.02/$0.05) - 2023/03/05 17:02:44
Table 'NLHBlue6' 6-max Seat #4 is the button
Seat 1: 5d061231 ($9.63 in chips)
Seat 2: 355d1c07 ($5.35 in chips)
Seat 3: 85b36d2d ($6.41 in chips)
Seat 4: Hero ($6.79 in chips)
5d061231: posts small blind $0.02
355d1c07: posts big blind $0.05
*** HOLE CARDS ***
Dealt to 5d061231 
Dealt to 355d1c07 
Dealt to 85b36d2d 
Dealt to Hero [Qs Js]
85b36d2d: folds
Hero: raises $0.07 to $0.12
5d061231: folds
355d1c07: raises $0.35 to $0.47
Hero: calls $0.35
*** FLOP *** [2s 5c 5s]
355d1c07: checks
Hero: checks
*** TURN *** [2s 5c 5s] [Kh]
355d1c07: bets $0.55
Hero: calls $0.55
*** RIVER *** [2s 5c 5s Kh] [5h]
355d1c07: checks
Hero: checks
355d1c07: shows [As Jh] (Three Fives)
Hero: shows [Qs Js] (Three Fives)
*** SHOWDOWN ***
355d1c07 collected $1.91 from pot
*** SUMMARY ***
Total pot $2.06 | Rake $0.1 | Jackpot $0.05 | Bingo $0 | Fortune $0
Board [2s 5c 5s Kh 5h]
Seat 1: 5d061231 (small blind) folded before Flop
Seat 2: 355d1c07 (big blind) showed [As Jh] and won ($1.91) with Three Fives
Seat 3: 85b36d2d folded before Flop (didn't bet)
Seat 4: Hero (button) showed [Qs Js] and lost with Three Fives


Poker Hand #HD1147203906: Hold'em No Limit  ($0.02/$0.05) - 2023/03/05 17:02:14
Table 'NLHBlue6' 6-max Seat #3 is the button
Seat 1: 5d061231 ($9.68 in chips)
Seat 2: 355d1c07 ($5.14 in chips)
Seat 3: 85b36d2d ($6.56 in chips)
Seat 4: Hero ($6.81 in chips)
Hero: posts small blind $0.02
5d061231: posts big blind $0.05
*** HOLE CARDS ***
Dealt to 5d061231 
Dealt to 355d1c07 
Dealt to 85b36d2d 
Dealt to Hero [2h 7d]
355d1c07: raises $0.1 to $0.15
85b36d2d: calls $0.15
Hero: folds
5d061231: folds
*** FLOP *** [Th Kd 6d]
355d1c07: checks
85b36d2d: checks
*** TURN *** [Th Kd 6d] [3d]
355d1c07: checks
85b36d2d: checks
*** RIVER *** [Th Kd 6d 3d] [6s]
355d1c07: checks
85b36d2d: checks
355d1c07: shows [8h 8c] (Pair of Eights and Pair of Sixes)
85b36d2d: shows [Qc Jc] (Pair of Sixes)
*** SHOWDOWN ***
355d1c07 collected $0.36 from pot
*** SUMMARY ***
Total pot $0.37 | Rake $0.01 | Jackpot $0 | Bingo $0 | Fortune $0
Board [Th Kd 6d 3d 6s]
Seat 1: 5d061231 (big blind) folded before Flop
Seat 2: 355d1c07 showed [8h 8c] and won ($0.36) with Pair of Eights and Pair of Sixes
Seat 3: 85b36d2d (button) showed [Qc Jc] and lost with Pair of Sixes
Seat 4: Hero (small blind) folded before Flop


Poker Hand #HD1147203886: Hold'em No Limit  ($0.02/$0.05) - 2023/03/05 17:02:06
Table 'NLHBlue6' 6-max Seat #2 is the button
Seat 1: 5d061231 ($9.68 in chips)
Seat 2: 355d1c07 ($5.14 in chips)
Seat 3: 85b36d2d ($6.58 in chips)
Seat 4: Hero ($6.79 in chips)
85b36d2d: posts small blind $0.02
Hero: posts big blind $0.05
*** HOLE CARDS ***
Dealt to 5d061231 
Dealt to 355d1c07 
Dealt to 85b36d2d 
Dealt to Hero [Kd 7c]
5d061231: folds
355d1c07: folds
85b36d2d: folds
Uncalled bet ($0.03) returned to Hero
*** SHOWDOWN ***
Hero collected $0.04 from pot
*** SUMMARY ***
Total pot $0.04 | Rake $0 | Jackpot $0 | Bingo $0 | Fortune $0
Seat 1: 5d061231 folded before Flop (didn't bet)
Seat 2: 355d1c07 (button) folded before Flop (didn't bet)
Seat 3: 85b36d2d (small blind) folded before Flop
Seat 4: Hero (big blind) collected ($0.04)


Poker Hand #HD1147203848: Hold'em No Limit  ($0.02/$0.05) - 2023/03/05 17:01:52
Table 'NLHBlue6' 6-max Seat #1 is the button
Seat 1: 5d061231 ($9.68 in chips)
Seat 2: 355d1c07 ($5.09 in chips)
Seat 3: 85b36d2d ($6.63 in chips)
Seat 4: Hero ($6.79 in chips)
355d1c07: posts small blind $0.02
85b36d2d: posts big blind $0.05
*** HOLE CARDS ***
Dealt to 5d061231 
Dealt to 355d1c07 
Dealt to 85b36d2d 
Dealt to Hero [4c 5s]
Hero: folds
5d061231: folds
355d1c07: raises $0.1 to $0.15
85b36d2d: folds
Uncalled bet ($0.1) returned to 355d1c07
*** SHOWDOWN ***
355d1c07 collected $0.1 from pot
*** SUMMARY ***
Total pot $0.1 | Rake $0 | Jackpot $0 | Bingo $0 | Fortune $0
Seat 1: 5d061231 (button) folded before Flop (didn't bet)
Seat 2: 355d1c07 (small blind) collected ($0.1)
Seat 3: 85b36d2d (big blind) folded before Flop
Seat 4: Hero folded before Flop (didn't bet)


Poker Hand #HD1147203811: Hold'em No Limit  ($0.02/$0.05) - 2023/03/05 17:01:38
Table 'NLHBlue6' 6-max Seat #4 is the button
Seat 1: 5d061231 ($9.7 in chips)
Seat 2: 355d1c07 ($5.07 in chips)
Seat 4: Hero ($6.79 in chips)
5d061231: posts small blind $0.02
355d1c07: posts big blind $0.05
*** HOLE CARDS ***
Dealt to 5d061231 
Dealt to 355d1c07 
Dealt to Hero [3h 6c]
Hero: folds
5d061231: folds
Uncalled bet ($0.03) returned to 355d1c07
*** SHOWDOWN ***
355d1c07 collected $0.04 from pot
*** SUMMARY ***
Total pot $0.04 | Rake $0 | Jackpot $0 | Bingo $0 | Fortune $0
Seat 1: 5d061231 (small blind) folded before Flop
Seat 2: 355d1c07 (big blind) collected ($0.04)
Seat 4: Hero (button) folded before Flop (didn't bet)


Poker Hand #HD1147203790: Hold'em No Limit  ($0.02/$0.05) - 2023/03/05 17:01:29
Table 'NLHBlue6' 6-max Seat #2 is the button
Seat 1: 5d061231 ($9.75 in chips)
Seat 2: 355d1c07 ($5 in chips)
Seat 4: Hero ($6.81 in chips)
Hero: posts small blind $0.02
5d061231: posts big blind $0.05
*** HOLE CARDS ***
Dealt to 5d061231 
Dealt to 355d1c07 
Dealt to Hero [Ks Td]
355d1c07: raises $0.08 to $0.13
Hero: folds
5d061231: folds
Uncalled bet ($0.08) returned to 355d1c07
*** SHOWDOWN ***
355d1c07 collected $0.12 from pot
*** SUMMARY ***
Total pot $0.12 | Rake $0 | Jackpot $0 | Bingo $0 | Fortune $0
Seat 1: 5d061231 (big blind) folded before Flop
Seat 2: 355d1c07 (button) collected ($0.12)
Seat 4: Hero (small blind) folded before Flop


Poker Hand #HD1147203703: Hold'em No Limit  ($0.02/$0.05) - 2023/03/05 17:00:56
Table 'NLHBlue6' 6-max Seat #1 is the button
Seat 1: 5d061231 ($9.75 in chips)
Seat 2: 355d1c07 ($5 in chips)
Seat 4: Hero ($6.67 in chips)
355d1c07: posts small blind $0.02
Hero: posts big blind $0.05
*** HOLE CARDS ***
Dealt to 5d061231 
Dealt to 355d1c07 
Dealt to Hero [9h Tc]
5d061231: folds
355d1c07: raises $0.1 to $0.15
Hero: calls $0.1
*** FLOP *** [3d 9s 3c]
355d1c07: checks
Hero: bets $0.1
355d1c07: folds
Uncalled bet ($0.1) returned to Hero
*** SHOWDOWN ***
Hero collected $0.29 from pot
*** SUMMARY ***
Total pot $0.3 | Rake $0.01 | Jackpot $0 | Bingo $0 | Fortune $0
Board [3d 9s 3c]
Seat 1: 5d061231 (button) folded before Flop (didn't bet)
Seat 2: 355d1c07 (small blind) folded on the Flop
Seat 4: Hero (big blind) won ($0.29)


Poker Hand #HD1147203680: Hold'em No Limit  ($0.02/$0.05) - 2023/03/05 17:00:46
Table 'NLHBlue6' 6-max Seat #4 is the button
Seat 1: 5d061231 ($9.7 in chips)
Seat 2: 355d1c07 ($5 in chips)
Seat 4: Hero ($6.67 in chips)
5d061231: posts small blind $0.02
355d1c07: posts big blind $0.05
*** HOLE CARDS ***
Dealt to 5d061231 
Dealt to 355d1c07 
Dealt to Hero [9h 3c]
Hero: folds
5d061231: raises $0.1 to $0.15
355d1c07: folds
Uncalled bet ($0.1) returned to 5d061231
*** SHOWDOWN ***
5d061231 collected $0.1 from pot
*** SUMMARY ***
Total pot $0.1 | Rake $0 | Jackpot $0 | Bingo $0 | Fortune $0
Seat 1: 5d061231 (small blind) collected ($0.1)
Seat 2: 355d1c07 (big blind) folded before Flop
Seat 4: Hero (button) folded before Flop (didn't bet)


Poker Hand #HD1147203614: Hold'em No Limit  ($0.02/$0.05) - 2023/03/05 17:00:20
Table 'NLHBlue6' 6-max Seat #2 is the button
Seat 1: 5d061231 ($9.56 in chips)
Seat 2: 355d1c07 ($5 in chips)
Seat 4: Hero ($6.69 in chips)
Hero: posts small blind $0.02
5d061231: posts big blind $0.05
*** HOLE CARDS ***
Dealt to 5d061231 
Dealt to 355d1c07 
Dealt to Hero [Js 8c]
355d1c07: raises $0.08 to $0.13
Hero: folds
5d061231: calls $0.08
*** FLOP *** [Jc 5h 8s]
5d061231: checks
355d1c07: checks
*** TURN *** [Jc 5h 8s] [Kc]
5d061231: bets $0.18
355d1c07: folds
Uncalled bet ($0.18) returned to 5d061231
*** SHOWDOWN ***
5d061231 collected $0.27 from pot
*** SUMMARY ***
Total pot $0.28 | Rake $0.01 | Jackpot $0 | Bingo $0 | Fortune $0
Board [Jc 5h 8s Kc]
Seat 1: 5d061231 (big blind) won ($0.27)
Seat 2: 355d1c07 (button) folded on the Turn
Seat 4: Hero (small blind) folded before Flop


Poker Hand #HD1147203525: Hold'em No Limit  ($0.02/$0.05) - 2023/03/05 16:59:49
Table 'NLHBlue6' 6-max Seat #1 is the button
Seat 1: 5d061231 ($9.56 in chips)
Seat 2: 355d1c07 ($5 in chips)
Seat 4: Hero ($6.55 in chips)
Seat 6: 5ca014c3 ($8.05 in chips)
355d1c07: posts small blind $0.02
Hero: posts big blind $0.05
*** HOLE CARDS ***
Dealt to 5d061231 
Dealt to 355d1c07 
Dealt to Hero [Kh Qs]
Dealt to 5ca014c3 
5ca014c3: folds
5d061231: folds
355d1c07: raises $0.1 to $0.15
Hero: raises $0.31 to $0.46
355d1c07: folds
Uncalled bet ($0.31) returned to Hero
*** SHOWDOWN ***
Hero collected $0.29 from pot
*** SUMMARY ***
Total pot $0.3 | Rake $0.01 | Jackpot $0 | Bingo $0 | Fortune $0
Seat 1: 5d061231 (button) folded before Flop (didn't bet)
Seat 2: 355d1c07 (small blind) folded before Flop
Seat 4: Hero (big blind) collected ($0.29)
Seat 6: 5ca014c3 folded before Flop (didn't bet)


Poker Hand #HD1147203471: Hold'em No Limit  ($0.02/$0.05) - 2023/03/05 16:59:29
Table 'NLHBlue6' 6-max Seat #6 is the button
Seat 1: 5d061231 ($9.58 in chips)
Seat 2: 355d1c07 ($5 in chips)
Seat 4: Hero ($6.55 in chips)
Seat 6: 5ca014c3 ($7.98 in chips)
5d061231: posts small blind $0.02
355d1c07: posts big blind $0.05
*** HOLE CARDS ***
Dealt to 5d061231 
Dealt to 355d1c07 
Dealt to Hero [9d 2h]
Dealt to 5ca014c3 
Hero: folds
5ca014c3: raises $0.15 to $0.2
5d061231: folds
355d1c07: folds
Uncalled bet ($0.15) returned to 5ca014c3
*** SHOWDOWN ***
5ca014c3 collected $0.12 from pot
*** SUMMARY ***
Total pot $0.12 | Rake $0 | Jackpot $0 | Bingo $0 | Fortune $0
Seat 1: 5d061231 (small blind) folded before Flop
Seat 2: 355d1c07 (big blind) folded before Flop
Seat 4: Hero folded before Flop (didn't bet)
Seat 6: 5ca014c3 (button) collected ($0.12)


Poker Hand #HD1147203335: Hold'em No Limit  ($0.02/$0.05) - 2023/03/05 16:58:43
Table 'NLHBlue6' 6-max Seat #4 is the button
Seat 1: 5d061231 ($9.63 in chips)
Seat 2: 355d1c07 ($5.04 in chips)
Seat 4: Hero ($6.55 in chips)
Seat 6: 5ca014c3 ($7.63 in chips)
5ca014c3: posts small blind $0.02
5d061231: posts big blind $0.05
*** HOLE CARDS ***
Dealt to 5d061231 
Dealt to 355d1c07 
Dealt to Hero [9h Qc]
Dealt to 5ca014c3 
355d1c07: raises $0.1 to $0.15
Hero: folds
5ca014c3: calls $0.13
5d061231: folds
*** FLOP *** [3s 8d 6c]
5ca014c3: checks
355d1c07: bets $0.18
5ca014c3: raises $0.45 to $0.63
355d1c07: folds
Uncalled bet ($0.45) returned to 5ca014c3
*** SHOWDOWN ***
5ca014c3 collected $0.68 from pot
*** SUMMARY ***
Total pot $0.71 | Rake $0.03 | Jackpot $0 | Bingo $0 | Fortune $0
Board [3s 8d 6c]
Seat 1: 5d061231 (big blind) folded before Flop
Seat 2: 355d1c07 folded on the Flop
Seat 4: Hero (button) folded before Flop (didn't bet)
Seat 6: 5ca014c3 (small blind) won ($0.68)


Poker Hand #HD1147202992: Hold'em No Limit  ($0.02/$0.05) - 2023/03/05 16:56:43
Table 'NLHBlue6' 6-max Seat #3 is the button
Seat 1: 5d061231 ($5.3 in chips)
Seat 2: 355d1c07 ($5.04 in chips)
Seat 3: 85b36d2d ($6.63 in chips)
Seat 4: Hero ($6.57 in chips)
Seat 5: 8984a61f ($4.84 in chips)
Seat 6: 5ca014c3 ($7.63 in chips)
Hero: posts small blind $0.02
8984a61f: posts big blind $0.05
*** HOLE CARDS ***
Dealt to 5d061231 
Dealt to 355d1c07 
Dealt to 85b36d2d 
Dealt to Hero [9d 2h]
Dealt to 8984a61f 
Dealt to 5ca014c3 
5ca014c3: folds
5d061231: raises $0.08 to $0.13
355d1c07: folds
85b36d2d: folds
Hero: folds
8984a61f: calls $0.08
*** FLOP *** [4s 6h Qc]
8984a61f: bets $0.14
5d061231: raises $0.36 to $0.5
8984a61f: calls $0.36
*** TURN *** [4s 6h Qc] [Ac]
8984a61f: checks
5d061231: bets $0.82
8984a61f: raises $0.82 to $1.64
5d061231: calls $0.82
*** RIVER *** [4s 6h Qc Ac] [Ks]
8984a61f: checks
5d061231: bets $3.03 and is all-in
8984a61f: calls $2.57 and is all-in
Uncalled bet ($0.46) returned to 5d061231
5d061231: shows [Ah Ad] (Three Aces)
8984a61f: shows [6c Kd] (Pair of Kings and Pair of Sixes)
*** SHOWDOWN ***
5d061231 collected $9.17 from pot
*** SUMMARY ***
Total pot $9.7 | Rake $0.48 | Jackpot $0.05 | Bingo $0 | Fortune $0
Board [4s 6h Qc Ac Ks]
Seat 1: 5d061231 showed [Ah Ad] and won ($9.17) with Three Aces
Seat 2: 355d1c07 folded before Flop (didn't bet)
Seat 3: 85b36d2d (button) folded before Flop (didn't bet)
Seat 4: Hero (small blind) folded before Flop
Seat 5: 8984a61f (big blind) showed [6c Kd] and lost with Pair of Kings and Pair of Sixes
Seat 6: 5ca014c3 folded before Flop (didn't bet)


Poker Hand #HD1147202838: Hold'em No Limit  ($0.02/$0.05) - 2023/03/05 16:55:44
Table 'NLHBlue6' 6-max Seat #2 is the button
Seat 1: 5d061231 ($5.3 in chips)
Seat 2: 355d1c07 ($5.8 in chips)
Seat 3: 85b36d2d ($6.65 in chips)
Seat 4: Hero ($6.62 in chips)
Seat 5: 8984a61f ($4.13 in chips)
Seat 6: 5ca014c3 ($7.63 in chips)
85b36d2d: posts small blind $0.02
Hero: posts big blind $0.05
*** HOLE CARDS ***
Dealt to 5d061231 
Dealt to 355d1c07 
Dealt to 85b36d2d 
Dealt to Hero [9d 4s]
Dealt to 8984a61f 
Dealt to 5ca014c3 
8984a61f: raises $0.05 to $0.1
5ca014c3: folds
5d061231: folds
355d1c07: calls $0.1
85b36d2d: folds
Hero: folds
*** FLOP *** [8c 7d Ac]
8984a61f: bets $0.21
355d1c07: calls $0.21
*** TURN *** [8c 7d Ac] [4h]
8984a61f: checks
355d1c07: bets $0.45
8984a61f: calls $0.45
*** RIVER *** [8c 7d Ac 4h] [6d]
8984a61f: checks
355d1c07: checks
8984a61f: shows [Ah Qc] (Pair of Aces)
355d1c07: shows [Js Ad] (Pair of Aces)
*** SHOWDOWN ***
8984a61f collected $1.47 from pot
*** SUMMARY ***
Total pot $1.59 | Rake $0.07 | Jackpot $0.05 | Bingo $0 | Fortune $0
Board [8c 7d Ac 4h 6d]
Seat 1: 5d061231 folded before Flop (didn't bet)
Seat 2: 355d1c07 (button) showed [Js Ad] and lost with Pair of Aces
Seat 3: 85b36d2d (small blind) folded before Flop
Seat 4: Hero (big blind) folded before Flop
Seat 5: 8984a61f showed [Ah Qc] and won ($1.47) with Pair of Aces
Seat 6: 5ca014c3 folded before Flop (didn't bet)


Poker Hand #HD1147202715: Hold'em No Limit  ($0.02/$0.05) - 2023/03/05 16:55:00
Table 'NLHBlue6' 6-max Seat #1 is the button
Seat 1: 5d061231 ($5.05 in chips)
Seat 2: 355d1c07 ($5.82 in chips)
Seat 3: 85b36d2d ($6.9 in chips)
Seat 4: Hero ($6.62 in chips)
Seat 5: 8984a61f ($4.13 in chips)
Seat 6: 5ca014c3 ($7.63 in chips)
355d1c07: posts small blind $0.02
85b36d2d: posts big blind $0.05
*** HOLE CARDS ***
Dealt to 5d061231 
Dealt to 355d1c07 
Dealt to 85b36d2d 
Dealt to Hero [Td 5d]
Dealt to 8984a61f 
Dealt to 5ca014c3 
Hero: folds
8984a61f: folds
5ca014c3: folds
5d061231: raises $0.05 to $0.1
355d1c07: folds
85b36d2d: calls $0.05
*** FLOP *** [Jh As 2h]
85b36d2d: checks
5d061231: bets $0.15
85b36d2d: calls $0.15
*** TURN *** [Jh As 2h] [9d]
85b36d2d: checks
5d061231: checks
*** RIVER *** [Jh As 2h 9d] [4s]
85b36d2d: checks
5d061231: checks
85b36d2d: shows [Kd Qs] (Ace-High)
5d061231: shows [9s Kh] (Pair of Nines)
*** SHOWDOWN ***
5d061231 collected $0.5 from pot
*** SUMMARY ***
Total pot $0.52 | Rake $0.02 | Jackpot $0 | Bingo $0 | Fortune $0
Board [Jh As 2h 9d 4s]
Seat 1: 5d061231 (button) showed [9s Kh] and won ($0.5) with Pair of Nines
Seat 2: 355d1c07 (small blind) folded before Flop
Seat 3: 85b36d2d (big blind) showed [Kd Qs] and lost with Ace-High
Seat 4: Hero folded before Flop (didn't bet)
Seat 5: 8984a61f folded before Flop (didn't bet)
Seat 6: 5ca014c3 folded before Flop (didn't bet)


Poker Hand #HD1147202662: Hold'em No Limit  ($0.02/$0.05) - 2023/03/05 16:54:44
Table 'NLHBlue6' 6-max Seat #6 is the button
Seat 1: 5d061231 ($5.07 in chips)
Seat 2: 355d1c07 ($5.87 in chips)
Seat 3: 85b36d2d ($6.9 in chips)
Seat 4: Hero ($6.62 in chips)
Seat 5: 8984a61f ($4.06 in chips)
Seat 6: 5ca014c3 ($7.63 in chips)
5d061231: posts small blind $0.02
355d1c07: posts big blind $0.05
*** HOLE CARDS ***
Dealt to 5d061231 
Dealt to 355d1c07 
Dealt to 85b36d2d 
Dealt to Hero [Qd 2h]
Dealt to 8984a61f 
Dealt to 5ca014c3 
85b36d2d: folds
Hero: folds
8984a61f: raises $0.05 to $0.1
5ca014c3: folds
5d061231: folds
355d1c07: folds
Uncalled bet ($0.05) returned to 8984a61f
*** SHOWDOWN ***
8984a61f collected $0.12 from pot
*** SUMMARY ***
Total pot $0.12 | Rake $0 | Jackpot $0 | Bingo $0 | Fortune $0
Seat 1: 5d061231 (small blind) folded before Flop
Seat 2: 355d1c07 (big blind) folded before Flop
Seat 3: 85b36d2d folded before Flop (didn't bet)
Seat 4: Hero folded before Flop (didn't bet)
Seat 5: 8984a61f collected ($0.12)
Seat 6: 5ca014c3 (button) folded before Flop (didn't bet)


Poker Hand #HD1147202566: Hold'em No Limit  ($0.02/$0.05) - 2023/03/05 16:54:06
Table 'NLHBlue6' 6-max Seat #5 is the button
Seat 1: 5d061231 ($5.17 in chips)
Seat 2: 355d1c07 ($5.87 in chips)
Seat 3: 85b36d2d ($6.9 in chips)
Seat 4: Hero ($6.62 in chips)
Seat 5: 8984a61f ($3.87 in chips)
Seat 6: 5ca014c3 ($7.73 in chips)
5ca014c3: posts small blind $0.02
5d061231: posts big blind $0.05
*** HOLE CARDS ***
Dealt to 5d061231 
Dealt to 355d1c07 
Dealt to 85b36d2d 
Dealt to Hero [Jh 8c]
Dealt to 8984a61f 
Dealt to 5ca014c3 
355d1c07: folds
85b36d2d: folds
Hero: folds
8984a61f: raises $0.05 to $0.1
5ca014c3: calls $0.08
5d061231: calls $0.05
*** FLOP *** [7d Qs 3c]
5ca014c3: checks
5d061231: checks
8984a61f: bets $0.15
5ca014c3: folds
5d061231: folds
Uncalled bet ($0.15) returned to 8984a61f
*** SHOWDOWN ***
8984a61f collected $0.29 from pot
*** SUMMARY ***
Total pot $0.3 | Rake $0.01 | Jackpot $0 | Bingo $0 | Fortune $0
Board [7d Qs 3c]
Seat 1: 5d061231 (big blind) folded on the Flop
Seat 2: 355d1c07 folded before Flop (didn't bet)
Seat 3: 85b36d2d folded before Flop (didn't bet)
Seat 4: Hero folded before Flop (didn't bet)
Seat 5: 8984a61f (button) won ($0.29)
Seat 6: 5ca014c3 (small blind) folded on the Flop


Poker Hand #HD1147202521: Hold'em No Limit  ($0.02/$0.05) - 2023/03/05 16:53:53
Table 'NLHBlue6' 6-max Seat #4 is the button
Seat 1: 5d061231 ($5.17 in chips)
Seat 2: 355d1c07 ($5.87 in chips)
Seat 3: 85b36d2d ($6.9 in chips)
Seat 4: Hero ($6.62 in chips)
Seat 5: 8984a61f ($3.82 in chips)
Seat 6: 5ca014c3 ($7.78 in chips)
8984a61f: posts small blind $0.02
5ca014c3: posts big blind $0.05
*** HOLE CARDS ***
Dealt to 5d061231 
Dealt to 355d1c07 
Dealt to 85b36d2d 
Dealt to Hero [2c Jd]
Dealt to 8984a61f 
Dealt to 5ca014c3 
5d061231: folds
355d1c07: folds
85b36d2d: folds
Hero: folds
8984a61f: raises $0.05 to $0.1
5ca014c3: folds
Uncalled bet ($0.05) returned to 8984a61f
*** SHOWDOWN ***
8984a61f collected $0.1 from pot
*** SUMMARY ***
Total pot $0.1 | Rake $0 | Jackpot $0 | Bingo $0 | Fortune $0
Seat 1: 5d061231 folded before Flop (didn't bet)
Seat 2: 355d1c07 folded before Flop (didn't bet)
Seat 3: 85b36d2d folded before Flop (didn't bet)
Seat 4: Hero (button) folded before Flop (didn't bet)
Seat 5: 8984a61f (small blind) collected ($0.1)
Seat 6: 5ca014c3 (big blind) folded before Flop


Poker Hand #HD1147202471: Hold'em No Limit  ($0.02/$0.05) - 2023/03/05 16:53:34
Table 'NLHBlue6' 6-max Seat #3 is the button
Seat 1: 5d061231 ($5.17 in chips)
Seat 2: 355d1c07 ($5.87 in chips)
Seat 3: 85b36d2d ($6.83 in chips)
Seat 4: Hero ($6.64 in chips)
Seat 5: 8984a61f ($3.87 in chips)
Seat 6: 5ca014c3 ($7.78 in chips)
Hero: posts small blind $0.02
8984a61f: posts big blind $0.05
*** HOLE CARDS ***
Dealt to 5d061231 
Dealt to 355d1c07 
Dealt to 85b36d2d 
Dealt to Hero [Ad 2d]
Dealt to 8984a61f 
Dealt to 5ca014c3 
5ca014c3: folds
5d061231: folds
355d1c07: folds
85b36d2d: raises $0.08 to $0.13
Hero: folds
8984a61f: folds
Uncalled bet ($0.08) returned to 85b36d2d
*** SHOWDOWN ***
85b36d2d collected $0.12 from pot
*** SUMMARY ***
Total pot $0.12 | Rake $0 | Jackpot $0 | Bingo $0 | Fortune $0
Seat 1: 5d061231 folded before Flop (didn't bet)
Seat 2: 355d1c07 folded before Flop (didn't bet)
Seat 3: 85b36d2d (button) collected ($0.12)
Seat 4: Hero (small blind) folded before Flop
Seat 5: 8984a61f (big blind) folded before Flop
Seat 6: 5ca014c3 folded before Flop (didn't bet)


Poker Hand #HD1147202368: Hold'em No Limit  ($0.02/$0.05) - 2023/03/05 16:52:58
Table 'NLHBlue6' 6-max Seat #2 is the button
Seat 1: 5d061231 ($5.17 in chips)
Seat 2: 355d1c07 ($5.87 in chips)
Seat 3: 85b36d2d ($6.85 in chips)
Seat 4: Hero ($6.57 in chips)
Seat 5: 8984a61f ($3.92 in chips)
Seat 6: 5ca014c3 ($7.78 in chips)
85b36d2d: posts small blind $0.02
Hero: posts big blind $0.05
*** HOLE CARDS ***
Dealt to 5d061231 
Dealt to 355d1c07 
Dealt to 85b36d2d 
Dealt to Hero [9d Qd]
Dealt to 8984a61f 
Dealt to 5ca014c3 
8984a61f: calls $0.05
5ca014c3: folds
5d061231: folds
355d1c07: folds
85b36d2d: folds
Hero: raises $0.18 to $0.23
8984a61f: folds
Uncalled bet ($0.18) returned to Hero
*** SHOWDOWN ***
Hero collected $0.12 from pot
*** SUMMARY ***
Total pot $0.12 | Rake $0 | Jackpot $0 | Bingo $0 | Fortune $0
Seat 1: 5d061231 folded before Flop (didn't bet)
Seat 2: 355d1c07 (button) folded before Flop (didn't bet)
Seat 3: 85b36d2d (small blind) folded before Flop
Seat 4: Hero (big blind) collected ($0.12)
Seat 5: 8984a61f folded before Flop
Seat 6: 5ca014c3 folded before Flop (didn't bet)


Poker Hand #HD1147202316: Hold'em No Limit  ($0.02/$0.05) - 2023/03/05 16:52:37
Table 'NLHBlue6' 6-max Seat #1 is the button
Seat 1: 5d061231 ($5.1 in chips)
Seat 2: 355d1c07 ($5.89 in chips)
Seat 3: 85b36d2d ($6.9 in chips)
Seat 4: Hero ($6.57 in chips)
Seat 5: 8984a61f ($3.92 in chips)
Seat 6: 5ca014c3 ($7.78 in chips)
355d1c07: posts small blind $0.02
85b36d2d: posts big blind $0.05
*** HOLE CARDS ***
Dealt to 5d061231 
Dealt to 355d1c07 
Dealt to 85b36d2d 
Dealt to Hero [8s Js]
Dealt to 8984a61f 
Dealt to 5ca014c3 
Hero: folds
8984a61f: folds
5ca014c3: folds
5d061231: raises $0.05 to $0.1
355d1c07: folds
85b36d2d: folds
Uncalled bet ($0.05) returned to 5d061231
*** SHOWDOWN ***
5d061231 collected $0.12 from pot
*** SUMMARY ***
Total pot $0.12 | Rake $0 | Jackpot $0 | Bingo $0 | Fortune $0
Seat 1: 5d061231 (button) collected ($0.12)
Seat 2: 355d1c07 (small blind) folded before Flop
Seat 3: 85b36d2d (big blind) folded before Flop
Seat 4: Hero folded before Flop (didn't bet)
Seat 5: 8984a61f folded before Flop (didn't bet)
Seat 6: 5ca014c3 folded before Flop (didn't bet)


Poker Hand #HD1147202269: Hold'em No Limit  ($0.02/$0.05) - 2023/03/05 16:52:20
Table 'NLHBlue6' 6-max Seat #6 is the button
Seat 1: 5d061231 ($5.12 in chips)
Seat 2: 355d1c07 ($5.94 in chips)
Seat 3: 85b36d2d ($6.9 in chips)
Seat 4: Hero ($6.57 in chips)
Seat 5: 8984a61f ($3.92 in chips)
Seat 6: 5ca014c3 ($7.71 in chips)
5d061231: posts small blind $0.02
355d1c07: posts big blind $0.05
*** HOLE CARDS ***
Dealt to 5d061231 
Dealt to 355d1c07 
Dealt to 85b36d2d 
Dealt to Hero [7s 3h]
Dealt to 8984a61f 
Dealt to 5ca014c3 
85b36d2d: folds
Hero: folds
8984a61f: folds
5ca014c3: raises $0.15 to $0.2
5d061231: folds
355d1c07: folds
Uncalled bet ($0.15) returned to 5ca014c3
*** SHOWDOWN ***
5ca014c3 collected $0.12 from pot
*** SUMMARY ***
Total pot $0.12 | Rake $0 | Jackpot $0 | Bingo $0 | Fortune $0
Seat 1: 5d061231 (small blind) folded before Flop
Seat 2: 355d1c07 (big blind) folded before Flop
Seat 3: 85b36d2d folded before Flop (didn't bet)
Seat 4: Hero folded before Flop (didn't bet)
Seat 5: 8984a61f folded before Flop (didn't bet)
Seat 6: 5ca014c3 (button) collected ($0.12)


Poker Hand #HD1147202226: Hold'em No Limit  ($0.02/$0.05) - 2023/03/05 16:52:06
Table 'NLHBlue6' 6-max Seat #5 is the button
Seat 1: 5d061231 ($5.17 in chips)
Seat 2: 355d1c07 ($5.94 in chips)
Seat 3: 85b36d2d ($6.83 in chips)
Seat 4: Hero ($6.57 in chips)
Seat 5: 8984a61f ($3.92 in chips)
Seat 6: 5ca014c3 ($7.73 in chips)
5ca014c3: posts small blind $0.02
5d061231: posts big blind $0.05
*** HOLE CARDS ***
Dealt to 5d061231 
Dealt to 355d1c07 
Dealt to 85b36d2d 
Dealt to Hero [4h 2c]
Dealt to 8984a61f 
Dealt to 5ca014c3 
355d1c07: folds
85b36d2d: raises $0.08 to $0.13
Hero: folds
8984a61f: folds
5ca014c3: folds
5d061231: folds
Uncalled bet ($0.08) returned to 85b36d2d
*** SHOWDOWN ***
85b36d2d collected $0.12 from pot
*** SUMMARY ***
Total pot $0.12 | Rake $0 | Jackpot $0 | Bingo $0 | Fortune $0
Seat 1: 5d061231 (big blind) folded before Flop
Seat 2: 355d1c07 folded before Flop (didn't bet)
Seat 3: 85b36d2d collected ($0.12)
Seat 4: Hero folded before Flop (didn't bet)
Seat 5: 8984a61f (button) folded before Flop (didn't bet)
Seat 6: 5ca014c3 (small blind) folded before Flop


Poker Hand #HD1147202100: Hold'em No Limit  ($0.02/$0.05) - 2023/03/05 16:51:18
Table 'NLHBlue6' 6-max Seat #4 is the button
Seat 1: 5d061231 ($5 in chips)
Seat 2: 355d1c07 ($5.94 in chips)
Seat 3: 85b36d2d ($6.83 in chips)
Seat 4: Hero ($6.57 in chips)
Seat 5: 8984a61f ($4.05 in chips)
Seat 6: 5ca014c3 ($7.78 in chips)
8984a61f: posts small blind $0.02
5ca014c3: posts big blind $0.05
*** HOLE CARDS ***
Dealt to 5d061231 
Dealt to 355d1c07 
Dealt to 85b36d2d 
Dealt to Hero [Th Jc]
Dealt to 8984a61f 
Dealt to 5ca014c3 
5d061231: raises $0.08 to $0.13
355d1c07: folds
85b36d2d: folds
Hero: folds
8984a61f: calls $0.11
5ca014c3: folds
*** FLOP *** [2d 7h Jh]
8984a61f: checks
5d061231: bets $0.2
8984a61f: folds
Uncalled bet ($0.2) returned to 5d061231
*** SHOWDOWN ***
5d061231 collected $0.3 from pot
*** SUMMARY ***
Total pot $0.31 | Rake $0.01 | Jackpot $0 | Bingo $0 | Fortune $0
Board [2d 7h Jh]
Seat 1: 5d061231 won ($0.3)
Seat 2: 355d1c07 folded before Flop (didn't bet)
Seat 3: 85b36d2d folded before Flop (didn't bet)
Seat 4: Hero (button) folded before Flop (didn't bet)
Seat 5: 8984a61f (small blind) folded on the Flop
Seat 6: 5ca014c3 (big blind) folded before Flop


Poker Hand #HD1147201866: Hold'em No Limit  ($0.02/$0.05) - 2023/03/05 16:49:52
Table 'NLHBlue6' 6-max Seat #3 is the button
Seat 1: 5d061231 ($5.12 in chips)
Seat 2: 355d1c07 ($5.94 in chips)
Seat 3: 85b36d2d ($6.83 in chips)
Seat 4: Hero ($6.59 in chips)
Seat 5: 8984a61f ($3.75 in chips)
Seat 6: 5ca014c3 ($7.78 in chips)
Hero: posts small blind $0.02
8984a61f: posts big blind $0.05
*** HOLE CARDS ***
Dealt to 5d061231 
Dealt to 355d1c07 
Dealt to 85b36d2d 
Dealt to Hero [6d 4c]
Dealt to 8984a61f 
Dealt to 5ca014c3 
5ca014c3: folds
5d061231: raises $0.08 to $0.13
355d1c07: folds
85b36d2d: folds
Hero: folds
8984a61f: calls $0.08
*** FLOP *** [Qc 8h 2h]
8984a61f: checks
5d061231: bets $0.18
8984a61f: calls $0.18
*** TURN *** [Qc 8h 2h] [Kh]
8984a61f: checks
5d061231: checks
*** RIVER *** [Qc 8h 2h Kh] [Ad]
8984a61f: bets $0.48
5d061231: folds
Uncalled bet ($0.48) returned to 8984a61f
*** SHOWDOWN ***
8984a61f collected $0.61 from pot
*** SUMMARY ***
Total pot $0.64 | Rake $0.03 | Jackpot $0 | Bingo $0 | Fortune $0
Board [Qc 8h 2h Kh Ad]
Seat 1: 5d061231 folded on the River
Seat 2: 355d1c07 folded before Flop (didn't bet)
Seat 3: 85b36d2d (button) folded before Flop (didn't bet)
Seat 4: Hero (small blind) folded before Flop
Seat 5: 8984a61f (big blind) won ($0.61)
Seat 6: 5ca014c3 folded before Flop (didn't bet)


Poker Hand #HD1147201765: Hold'em No Limit  ($0.02/$0.05) - 2023/03/05 16:49:14
Table 'NLHBlue6' 6-max Seat #2 is the button
Seat 1: 5d061231 ($5 in chips)
Seat 2: 355d1c07 ($5.94 in chips)
Seat 3: 85b36d2d ($6.85 in chips)
Seat 4: Hero ($6.64 in chips)
Seat 5: 8984a61f ($3.8 in chips)
Seat 6: 5ca014c3 ($7.78 in chips)
85b36d2d: posts small blind $0.02
Hero: posts big blind $0.05
*** HOLE CARDS ***
Dealt to 5d061231 
Dealt to 355d1c07 
Dealt to 85b36d2d 
Dealt to Hero [Jh 9d]
Dealt to 8984a61f 
Dealt to 5ca014c3 
8984a61f: calls $0.05
5ca014c3: folds
5d061231: raises $0.09 to $0.14
355d1c07: folds
85b36d2d: folds
Hero: folds
8984a61f: folds
Uncalled bet ($0.09) returned to 5d061231
*** SHOWDOWN ***
5d061231 collected $0.17 from pot
*** SUMMARY ***
Total pot $0.17 | Rake $0 | Jackpot $0 | Bingo $0 | Fortune $0
Seat 1: 5d061231 collected ($0.17)
Seat 2: 355d1c07 (button) folded before Flop (didn't bet)
Seat 3: 85b36d2d (small blind) folded before Flop
Seat 4: Hero (big blind) folded before Flop
Seat 5: 8984a61f folded before Flop
Seat 6: 5ca014c3 folded before Flop (didn't bet)


Poker Hand #HD1147201737: Hold'em No Limit  ($0.02/$0.05) - 2023/03/05 16:49:05
Table 'NLHBlue6' 6-max Seat #1 is the button
Seat 1: 5d061231 ($5 in chips)
Seat 2: 355d1c07 ($5.96 in chips)
Seat 3: 85b36d2d ($6.9 in chips)
Seat 4: Hero ($6.57 in chips)
Seat 5: 8984a61f ($3.8 in chips)
Seat 6: 5ca014c3 ($7.78 in chips)
355d1c07: posts small blind $0.02
85b36d2d: posts big blind $0.05
*** HOLE CARDS ***
Dealt to 5d061231 
Dealt to 355d1c07 
Dealt to 85b36d2d 
Dealt to Hero [Ac 9c]
Dealt to 8984a61f 
Dealt to 5ca014c3 
Hero: raises $0.07 to $0.12
8984a61f: folds
5ca014c3: folds
5d061231: folds
355d1c07: folds
85b36d2d: folds
Uncalled bet ($0.07) returned to Hero
*** SHOWDOWN ***
Hero collected $0.12 from pot
*** SUMMARY ***
Total pot $0.12 | Rake $0 | Jackpot $0 | Bingo $0 | Fortune $0
Seat 1: 5d061231 (button) folded before Flop (didn't bet)
Seat 2: 355d1c07 (small blind) folded before Flop
Seat 3: 85b36d2d (big blind) folded before Flop
Seat 4: Hero collected ($0.12)
Seat 5: 8984a61f folded before Flop (didn't bet)
Seat 6: 5ca014c3 folded before Flop (didn't bet)


Poker Hand #HD1147201566: Hold'em No Limit  ($0.02/$0.05) - 2023/03/05 16:48:05
Table 'NLHBlue6' 6-max Seat #6 is the button
Seat 1: 5d061231 ($5 in chips)
Seat 2: 355d1c07 ($6.01 in chips)
Seat 3: 85b36d2d ($5.2 in chips)
Seat 4: Hero ($6.57 in chips)
Seat 5: 8984a61f ($5.66 in chips)
Seat 6: 5ca014c3 ($7.78 in chips)
5d061231: posts small blind $0.02
355d1c07: posts big blind $0.05
*** HOLE CARDS ***
Dealt to 5d061231 
Dealt to 355d1c07 
Dealt to 85b36d2d 
Dealt to Hero [8h Ac]
Dealt to 8984a61f 
Dealt to 5ca014c3 
85b36d2d: raises $0.09 to $0.14
Hero: folds
8984a61f: calls $0.14
5ca014c3: folds
5d061231: folds
355d1c07: folds
*** FLOP *** [8d 3c Ad]
85b36d2d: bets $0.12
8984a61f: calls $0.12
*** TURN *** [8d 3c Ad] [Jc]
85b36d2d: bets $0.46
8984a61f: calls $0.46
*** RIVER *** [8d 3c Ad Jc] [7h]
85b36d2d: checks
8984a61f: bets $1.14
85b36d2d: calls $1.14
8984a61f: shows [Th Kd] (Ace-High)
85b36d2d: shows [Kh As] (Pair of Aces)
*** SHOWDOWN ***
85b36d2d collected $3.56 from pot
*** SUMMARY ***
Total pot $3.79 | Rake $0.18 | Jackpot $0.05 | Bingo $0 | Fortune $0
Board [8d 3c Ad Jc 7h]
Seat 1: 5d061231 (small blind) folded before Flop
Seat 2: 355d1c07 (big blind) folded before Flop
Seat 3: 85b36d2d showed [Kh As] and won ($3.56) with Pair of Aces
Seat 4: Hero folded before Flop (didn't bet)
Seat 5: 8984a61f showed [Th Kd] and lost with Ace-High
Seat 6: 5ca014c3 (button) folded before Flop (didn't bet)


Poker Hand #HD1147201545: Hold'em No Limit  ($0.02/$0.05) - 2023/03/05 16:47:55
Table 'NLHBlue6' 6-max Seat #5 is the button
Seat 1: 5d061231 ($5 in chips)
Seat 2: 355d1c07 ($6.01 in chips)
Seat 3: 85b36d2d ($5.13 in chips)
Seat 4: Hero ($6.57 in chips)
Seat 5: 8984a61f ($5.66 in chips)
Seat 6: 5ca014c3 ($7.8 in chips)
5ca014c3: posts small blind $0.02
5d061231: posts big blind $0.05
*** HOLE CARDS ***
Dealt to 5d061231 
Dealt to 355d1c07 
Dealt to 85b36d2d 
Dealt to Hero [Jc 7s]
Dealt to 8984a61f 
Dealt to 5ca014c3 
355d1c07: folds
85b36d2d: raises $0.09 to $0.14
Hero: folds
8984a61f: folds
5ca014c3: folds
5d061231: folds
Uncalled bet ($0.09) returned to 85b36d2d
*** SHOWDOWN ***
85b36d2d collected $0.12 from pot
*** SUMMARY ***
Total pot $0.12 | Rake $0 | Jackpot $0 | Bingo $0 | Fortune $0
Seat 1: 5d061231 (big blind) folded before Flop
Seat 2: 355d1c07 folded before Flop (didn't bet)
Seat 3: 85b36d2d collected ($0.12)
Seat 4: Hero folded before Flop (didn't bet)
Seat 5: 8984a61f (button) folded before Flop (didn't bet)
Seat 6: 5ca014c3 (small blind) folded before Flop


Poker Hand #HD1147201325: Hold'em No Limit  ($0.02/$0.05) - 2023/03/05 16:46:38
Table 'NLHBlue6' 6-max Seat #4 is the button
Seat 1: 5d061231 ($5 in chips)
Seat 2: 355d1c07 ($5 in chips)
Seat 3: 85b36d2d ($5.13 in chips)
Seat 4: Hero ($6.57 in chips)
Seat 5: 8984a61f ($6.46 in chips)
Seat 6: 5ca014c3 ($8.15 in chips)
8984a61f: posts small blind $0.02
5ca014c3: posts big blind $0.05
*** HOLE CARDS ***
Dealt to 5d061231 
Dealt to 355d1c07 
Dealt to 85b36d2d 
Dealt to Hero [7h 9h]
Dealt to 8984a61f 
Dealt to 5ca014c3 
5d061231: folds
355d1c07: raises $0.1 to $0.15
85b36d2d: folds
Hero: folds
8984a61f: raises $0.1 to $0.25
5ca014c3: calls $0.2
355d1c07: calls $0.1
*** FLOP *** [Tc 6c 6s]
8984a61f: bets $0.05
5ca014c3: calls $0.05
355d1c07: calls $0.05
*** TURN *** [Tc 6c 6s] [Js]
8984a61f: bets $0.05
5ca014c3: calls $0.05
355d1c07: raises $0.45 to $0.5
8984a61f: calls $0.45
5ca014c3: folds
*** RIVER *** [Tc 6c 6s Js] [Qd]
8984a61f: checks
355d1c07: checks
8984a61f: shows [8s 8c] (Pair of Eights and Pair of Sixes)
355d1c07: shows [Kd Jc] (Pair of Jacks and Pair of Sixes)
*** SHOWDOWN ***
355d1c07 collected $1.81 from pot
*** SUMMARY ***
Total pot $1.95 | Rake $0.09 | Jackpot $0.05 | Bingo $0 | Fortune $0
Board [Tc 6c 6s Js Qd]
Seat 1: 5d061231 folded before Flop (didn't bet)
Seat 2: 355d1c07 showed [Kd Jc] and won ($1.81) with Pair of Jacks and Pair of Sixes
Seat 3: 85b36d2d folded before Flop (didn't bet)
Seat 4: Hero (button) folded before Flop (didn't bet)
Seat 5: 8984a61f (small blind) showed [8s 8c] and lost with Pair of Eights and Pair of Sixes
Seat 6: 5ca014c3 (big blind) folded on the Turn


Poker Hand #HD1147201235: Hold'em No Limit  ($0.02/$0.05) - 2023/03/05 16:45:58
Table 'NLHBlue6' 6-max Seat #3 is the button
Seat 1: 5d061231 ($5 in chips)
Seat 2: 355d1c07 ($5 in chips)
Seat 3: 85b36d2d ($5.13 in chips)
Seat 4: Hero ($6.59 in chips)
Seat 5: 8984a61f ($6.3 in chips)
Seat 6: 5ca014c3 ($8.15 in chips)
Hero: posts small blind $0.02
8984a61f: posts big blind $0.05
*** HOLE CARDS ***
Dealt to 5d061231 
Dealt to 355d1c07 
Dealt to 85b36d2d 
Dealt to Hero [Qc 6c]
Dealt to 8984a61f 
Dealt to 5ca014c3 
5ca014c3: folds
5d061231: folds
355d1c07: raises $0.1 to $0.15
85b36d2d: folds
Hero: folds
8984a61f: calls $0.1
*** FLOP *** [7h 5d 6s]
8984a61f: checks
355d1c07: checks
*** TURN *** [7h 5d 6s] [9h]
8984a61f: checks
355d1c07: checks
*** RIVER *** [7h 5d 6s 9h] [2s]
8984a61f: bets $0.24
355d1c07: folds
Uncalled bet ($0.24) returned to 8984a61f
*** SHOWDOWN ***
8984a61f collected $0.31 from pot
*** SUMMARY ***
Total pot $0.32 | Rake $0.01 | Jackpot $0 | Bingo $0 | Fortune $0
Board [7h 5d 6s 9h 2s]
Seat 1: 5d061231 folded before Flop (didn't bet)
Seat 2: 355d1c07 folded on the River
Seat 3: 85b36d2d (button) folded before Flop (didn't bet)
Seat 4: Hero (small blind) folded before Flop
Seat 5: 8984a61f (big blind) won ($0.31)
Seat 6: 5ca014c3 folded before Flop (didn't bet)


Poker Hand #HD1147201166: Hold'em No Limit  ($0.02/$0.05) - 2023/03/05 16:45:34
Table 'NLHBlue6' 6-max Seat #2 is the button
Seat 1: 5d061231 ($5 in chips)
Seat 2: 355d1c07 ($5 in chips)
Seat 3: 85b36d2d ($5.15 in chips)
Seat 4: Hero ($6.64 in chips)
Seat 5: 8984a61f ($6.3 in chips)
Seat 6: 5ca014c3 ($8.08 in chips)
85b36d2d: posts small blind $0.02
Hero: posts big blind $0.05
*** HOLE CARDS ***
Dealt to 5d061231 
Dealt to 355d1c07 
Dealt to 85b36d2d 
Dealt to Hero [7h As]
Dealt to 8984a61f 
Dealt to 5ca014c3 
8984a61f: folds
5ca014c3: raises $0.2 to $0.25
5d061231: folds
355d1c07: folds
85b36d2d: folds
Hero: folds
Uncalled bet ($0.2) returned to 5ca014c3
*** SHOWDOWN ***
5ca014c3 collected $0.12 from pot
*** SUMMARY ***
Total pot $0.12 | Rake $0 | Jackpot $0 | Bingo $0 | Fortune $0
Seat 1: 5d061231 folded before Flop (didn't bet)
Seat 2: 355d1c07 (button) folded before Flop (didn't bet)
Seat 3: 85b36d2d (small blind) folded before Flop
Seat 4: Hero (big blind) folded before Flop
Seat 5: 8984a61f folded before Flop (didn't bet)
Seat 6: 5ca014c3 collected ($0.12)


Poker Hand #HD1147201089: Hold'em No Limit  ($0.02/$0.05) - 2023/03/05 16:45:03
Table 'NLHBlue6' 6-max Seat #1 is the button
Seat 1: 5d061231 ($5 in chips)
Seat 2: 355d1c07 ($5 in chips)
Seat 3: 85b36d2d ($5.2 in chips)
Seat 4: Hero ($6.64 in chips)
Seat 5: 8984a61f ($6.3 in chips)
Seat 6: 5ca014c3 ($7.83 in chips)
355d1c07: posts small blind $0.02
85b36d2d: posts big blind $0.05
*** HOLE CARDS ***
Dealt to 5d061231 
Dealt to 355d1c07 
Dealt to 85b36d2d 
Dealt to Hero [4c Kc]
Dealt to 8984a61f 
Dealt to 5ca014c3 
Hero: folds
8984a61f: folds
5ca014c3: raises $0.15 to $0.2
5d061231: calls $0.2
355d1c07: folds
85b36d2d: folds
*** FLOP *** [2s 9s 3c]
5ca014c3: bets $0.37
5d061231: folds
Uncalled bet ($0.37) returned to 5ca014c3
*** SHOWDOWN ***
5ca014c3 collected $0.45 from pot
*** SUMMARY ***
Total pot $0.47 | Rake $0.02 | Jackpot $0 | Bingo $0 | Fortune $0
Board [2s 9s 3c]
Seat 1: 5d061231 (button) folded on the Flop
Seat 2: 355d1c07 (small blind) folded before Flop
Seat 3: 85b36d2d (big blind) folded before Flop
Seat 4: Hero folded before Flop (didn't bet)
Seat 5: 8984a61f folded before Flop (didn't bet)
Seat 6: 5ca014c3 won ($0.45)


Poker Hand #HD1147201058: Hold'em No Limit  ($0.02/$0.05) - 2023/03/05 16:44:46
Table 'NLHBlue6' 6-max Seat #6 is the button
Seat 1: 5d061231 ($5 in chips)
Seat 2: 355d1c07 ($5 in chips)
Seat 3: 85b36d2d ($5.13 in chips)
Seat 4: Hero ($6.64 in chips)
Seat 5: 8984a61f ($6.3 in chips)
Seat 6: 5ca014c3 ($7.83 in chips)
5d061231: posts small blind $0.02
355d1c07: posts big blind $0.05
*** HOLE CARDS ***
Dealt to 5d061231 
Dealt to 355d1c07 
Dealt to 85b36d2d 
Dealt to Hero [8c As]
Dealt to 8984a61f 
Dealt to 5ca014c3 
85b36d2d: raises $0.08 to $0.13
Hero: folds
8984a61f: folds
5ca014c3: folds
5d061231: folds
355d1c07: folds
Uncalled bet ($0.08) returned to 85b36d2d
*** SHOWDOWN ***
85b36d2d collected $0.12 from pot
*** SUMMARY ***
Total pot $0.12 | Rake $0 | Jackpot $0 | Bingo $0 | Fortune $0
Seat 1: 5d061231 (small blind) folded before Flop
Seat 2: 355d1c07 (big blind) folded before Flop
Seat 3: 85b36d2d collected ($0.12)
Seat 4: Hero folded before Flop (didn't bet)
Seat 5: 8984a61f folded before Flop (didn't bet)
Seat 6: 5ca014c3 (button) folded before Flop (didn't bet)


Poker Hand #HD1147201003: Hold'em No Limit  ($0.02/$0.05) - 2023/03/05 16:44:29
Table 'NLHBlue6' 6-max Seat #5 is the button
Seat 1: 5d061231 ($5 in chips)
Seat 2: 355d1c07 ($5 in chips)
Seat 3: 85b36d2d ($5.13 in chips)
Seat 4: Hero ($6.64 in chips)
Seat 5: 8984a61f ($6.23 in chips)
Seat 6: 5ca014c3 ($7.85 in chips)
5ca014c3: posts small blind $0.02
5d061231: posts big blind $0.05
*** HOLE CARDS ***
Dealt to 5d061231 
Dealt to 355d1c07 
Dealt to 85b36d2d 
Dealt to Hero [8s Qc]
Dealt to 8984a61f 
Dealt to 5ca014c3 
355d1c07: folds
85b36d2d: folds
Hero: folds
8984a61f: raises $0.05 to $0.1
5ca014c3: folds
5d061231: folds
Uncalled bet ($0.05) returned to 8984a61f
*** SHOWDOWN ***
8984a61f collected $0.12 from pot
*** SUMMARY ***
Total pot $0.12 | Rake $0 | Jackpot $0 | Bingo $0 | Fortune $0
Seat 1: 5d061231 (big blind) folded before Flop
Seat 2: 355d1c07 folded before Flop (didn't bet)
Seat 3: 85b36d2d folded before Flop (didn't bet)
Seat 4: Hero folded before Flop (didn't bet)
Seat 5: 8984a61f (button) collected ($0.12)
Seat 6: 5ca014c3 (small blind) folded before Flop


Poker Hand #HD1147200878: Hold'em No Limit  ($0.02/$0.05) - 2023/03/05 16:43:44
Table 'NLHBlue6' 6-max Seat #4 is the button
Seat 1: 5d061231 ($5 in chips)
Seat 2: 355d1c07 ($5 in chips)
Seat 3: 85b36d2d ($5.13 in chips)
Seat 4: Hero ($6.64 in chips)
Seat 5: 8984a61f ($6.18 in chips)
Seat 6: 5ca014c3 ($7.9 in chips)
8984a61f: posts small blind $0.02
5ca014c3: posts big blind $0.05
*** HOLE CARDS ***
Dealt to 5d061231 
Dealt to 355d1c07 
Dealt to 85b36d2d 
Dealt to Hero [7d 3s]
Dealt to 8984a61f 
Dealt to 5ca014c3 
5d061231: folds
355d1c07: folds
85b36d2d: folds
Hero: folds
8984a61f: calls $0.03
5ca014c3: checks
*** FLOP *** [Qc Kd 2s]
8984a61f: checks
5ca014c3: checks
*** TURN *** [Qc Kd 2s] [Qh]
8984a61f: bets $0.08
5ca014c3: folds
Uncalled bet ($0.08) returned to 8984a61f
*** SHOWDOWN ***
8984a61f collected $0.1 from pot
*** SUMMARY ***
Total pot $0.1 | Rake $0 | Jackpot $0 | Bingo $0 | Fortune $0
Board [Qc Kd 2s Qh]
Seat 1: 5d061231 folded before Flop (didn't bet)
Seat 2: 355d1c07 folded before Flop (didn't bet)
Seat 3: 85b36d2d folded before Flop (didn't bet)
Seat 4: Hero (button) folded before Flop (didn't bet)
Seat 5: 8984a61f (small blind) won ($0.1)
Seat 6: 5ca014c3 (big blind) folded on the Turn


Poker Hand #HD1147200701: Hold'em No Limit  ($0.02/$0.05) - 2023/03/05 16:42:42
Table 'NLHBlue6' 6-max Seat #3 is the button
Seat 1: 5d061231 ($5 in chips)
Seat 2: 355d1c07 ($5 in chips)
Seat 3: 85b36d2d ($5.13 in chips)
Seat 4: Hero ($6.66 in chips)
Seat 5: 8984a61f ($6.02 in chips)
Seat 6: 5ca014c3 ($7.9 in chips)
Hero: posts small blind $0.02
8984a61f: posts big blind $0.05
*** HOLE CARDS ***
Dealt to 5d061231 
Dealt to 355d1c07 
Dealt to 85b36d2d 
Dealt to Hero [7h Kd]
Dealt to 8984a61f 
Dealt to 5ca014c3 
5ca014c3: folds
5d061231: folds
355d1c07: raises $0.1 to $0.15
85b36d2d: folds
Hero: folds
8984a61f: calls $0.1
*** FLOP *** [2h Td 4d]
8984a61f: checks
355d1c07: checks
*** TURN *** [2h Td 4d] [Jc]
8984a61f: checks
355d1c07: checks
*** RIVER *** [2h Td 4d Jc] [5d]
8984a61f: checks
355d1c07: checks
8984a61f: shows [2s Ad] (Pair of Twos)
355d1c07: shows [Ah 8h] (Ace-High)
*** SHOWDOWN ***
8984a61f collected $0.31 from pot
*** SUMMARY ***
Total pot $0.32 | Rake $0.01 | Jackpot $0 | Bingo $0 | Fortune $0
Board [2h Td 4d Jc 5d]
Seat 1: 5d061231 folded before Flop (didn't bet)
Seat 2: 355d1c07 showed [Ah 8h] and lost with Ace-High
Seat 3: 85b36d2d (button) folded before Flop (didn't bet)
Seat 4: Hero (small blind) folded before Flop
Seat 5: 8984a61f (big blind) showed [2s Ad] and won ($0.31) with Pair of Twos
Seat 6: 5ca014c3 folded before Flop (didn't bet)


Poker Hand #HD1147200679: Hold'em No Limit  ($0.02/$0.05) - 2023/03/05 16:42:31
Table 'NLHBlue6' 6-max Seat #2 is the button
Seat 1: 5d061231 ($5 in chips)
Seat 2: 355d1c07 ($5 in chips)
Seat 3: 85b36d2d ($5.15 in chips)
Seat 4: Hero ($6.64 in chips)
Seat 5: 8984a61f ($6.02 in chips)
Seat 6: 5ca014c3 ($7.9 in chips)
85b36d2d: posts small blind $0.02
Hero: posts big blind $0.05
*** HOLE CARDS ***
Dealt to 5d061231 
Dealt to 355d1c07 
Dealt to 85b36d2d 
Dealt to Hero [7h 7c]
Dealt to 8984a61f 
Dealt to 5ca014c3 
8984a61f: folds
5ca014c3: folds
5d061231: folds
355d1c07: folds
85b36d2d: folds
Uncalled bet ($0.03) returned to Hero
*** SHOWDOWN ***
Hero collected $0.04 from pot
*** SUMMARY ***
Total pot $0.04 | Rake $0 | Jackpot $0 | Bingo $0 | Fortune $0
Seat 1: 5d061231 folded before Flop (didn't bet)
Seat 2: 355d1c07 (button) folded before Flop (didn't bet)
Seat 3: 85b36d2d (small blind) folded before Flop
Seat 4: Hero (big blind) collected ($0.04)
Seat 5: 8984a61f folded before Flop (didn't bet)
Seat 6: 5ca014c3 folded before Flop (didn't bet)


Poker Hand #HD1147200439: Hold'em No Limit  ($0.02/$0.05) - 2023/03/05 16:41:01
Table 'NLHBlue6' 6-max Seat #1 is the button
Seat 1: 5d061231 ($5 in chips)
Seat 2: 355d1c07 ($5 in chips)
Seat 3: 85b36d2d ($5.2 in chips)
Seat 4: Hero ($6.64 in chips)
Seat 5: 8984a61f ($4.43 in chips)
Seat 6: 5ca014c3 ($9.64 in chips)
355d1c07: posts small blind $0.02
85b36d2d: posts big blind $0.05
*** HOLE CARDS ***
Dealt to 5d061231 
Dealt to 355d1c07 
Dealt to 85b36d2d 
Dealt to Hero [Th 2c]
Dealt to 8984a61f 
Dealt to 5ca014c3 
Hero: folds
8984a61f: raises $0.05 to $0.1
5ca014c3: raises $0.21 to $0.31
5d061231: folds
355d1c07: folds
85b36d2d: folds
8984a61f: calls $0.21
*** FLOP *** [2h Ts 8d]
8984a61f: checks
5ca014c3: bets $0.44
8984a61f: calls $0.44
*** TURN *** [2h Ts 8d] [Jd]
8984a61f: checks
5ca014c3: bets $0.99
8984a61f: raises $0.99 to $1.98
5ca014c3: folds
Uncalled bet ($0.99) returned to 8984a61f
*** SHOWDOWN ***
8984a61f collected $3.33 from pot
*** SUMMARY ***
Total pot $3.55 | Rake $0.17 | Jackpot $0.05 | Bingo $0 | Fortune $0
Board [2h Ts 8d Jd]
Seat 1: 5d061231 (button) folded before Flop (didn't bet)
Seat 2: 355d1c07 (small blind) folded before Flop
Seat 3: 85b36d2d (big blind) folded before Flop
Seat 4: Hero folded before Flop (didn't bet)
Seat 5: 8984a61f won ($3.33)
Seat 6: 5ca014c3 folded on the Turn


Poker Hand #HD1147200311: Hold'em No Limit  ($0.02/$0.05) - 2023/03/05 16:40:10
Table 'NLHBlue6' 6-max Seat #6 is the button
Seat 1: 5d061231 ($5 in chips)
Seat 2: 355d1c07 ($5 in chips)
Seat 3: 85b36d2d ($5.2 in chips)
Seat 4: Hero ($6.64 in chips)
Seat 5: 8984a61f ($4.36 in chips)
Seat 6: 5ca014c3 ($9.64 in chips)
5d061231: posts small blind $0.02
355d1c07: posts big blind $0.05
*** HOLE CARDS ***
Dealt to 5d061231 
Dealt to 355d1c07 
Dealt to 85b36d2d 
Dealt to Hero [5s 7s]
Dealt to 8984a61f 
Dealt to 5ca014c3 
85b36d2d: folds
Hero: folds
8984a61f: calls $0.05
5ca014c3: folds
5d061231: folds
355d1c07: checks
*** FLOP *** [Ad 9c Ah]
355d1c07: checks
8984a61f: checks
*** TURN *** [Ad 9c Ah] [Js]
355d1c07: checks
8984a61f: bets $0.09
355d1c07: folds
Uncalled bet ($0.09) returned to 8984a61f
*** SHOWDOWN ***
8984a61f collected $0.12 from pot
*** SUMMARY ***
Total pot $0.12 | Rake $0 | Jackpot $0 | Bingo $0 | Fortune $0
Board [Ad 9c Ah Js]
Seat 1: 5d061231 (small blind) folded before Flop
Seat 2: 355d1c07 (big blind) folded on the Turn
Seat 3: 85b36d2d folded before Flop (didn't bet)
Seat 4: Hero folded before Flop (didn't bet)
Seat 5: 8984a61f won ($0.12)
Seat 6: 5ca014c3 (button) folded before Flop (didn't bet)


Poker Hand #HD1147200124: Hold'em No Limit  ($0.02/$0.05) - 2023/03/05 16:38:57
Table 'NLHBlue6' 6-max Seat #5 is the button
Seat 1: 5d061231 ($5 in chips)
Seat 2: 355d1c07 ($5 in chips)
Seat 3: 85b36d2d ($5.2 in chips)
Seat 4: Hero ($6.64 in chips)
Seat 5: 8984a61f ($3.98 in chips)
Seat 6: 5ca014c3 ($9.66 in chips)
5ca014c3: posts small blind $0.02
5d061231: posts big blind $0.05
*** HOLE CARDS ***
Dealt to 5d061231 
Dealt to 355d1c07 
Dealt to 85b36d2d 
Dealt to Hero [9h 8d]
Dealt to 8984a61f 
Dealt to 5ca014c3 
355d1c07: folds
85b36d2d: folds
Hero: folds
8984a61f: raises $0.05 to $0.1
5ca014c3: folds
5d061231: calls $0.05
*** FLOP *** [7c 5d Tc]
5d061231: checks
8984a61f: checks
*** TURN *** [7c 5d Tc] [4d]
5d061231: bets $0.15
8984a61f: raises $0.15 to $0.3
5d061231: calls $0.15
*** RIVER *** [7c 5d Tc 4d] [Kd]
5d061231: checks
8984a61f: bets $2
5d061231: folds
Uncalled bet ($2) returned to 8984a61f
*** SHOWDOWN ***
8984a61f collected $0.78 from pot
*** SUMMARY ***
Total pot $0.82 | Rake $0.04 | Jackpot $0 | Bingo $0 | Fortune $0
Board [7c 5d Tc 4d Kd]
Seat 1: 5d061231 (big blind) folded on the River
Seat 2: 355d1c07 folded before Flop (didn't bet)
Seat 3: 85b36d2d folded before Flop (didn't bet)
Seat 4: Hero folded before Flop (didn't bet)
Seat 5: 8984a61f (button) won ($0.78)
Seat 6: 5ca014c3 (small blind) folded before Flop


Poker Hand #HD1147199953: Hold'em No Limit  ($0.02/$0.05) - 2023/03/05 16:37:58
Table 'NLHBlue6' 6-max Seat #4 is the button
Seat 2: 355d1c07 ($5 in chips)
Seat 3: 85b36d2d ($5.2 in chips)
Seat 4: Hero ($6.64 in chips)
Seat 5: 8984a61f ($4.18 in chips)
Seat 6: 5ca014c3 ($9.48 in chips)
8984a61f: posts small blind $0.02
5ca014c3: posts big blind $0.05
*** HOLE CARDS ***
Dealt to 355d1c07 
Dealt to 85b36d2d 
Dealt to Hero [Qc 6d]
Dealt to 8984a61f 
Dealt to 5ca014c3 
355d1c07: folds
85b36d2d: folds
Hero: folds
8984a61f: raises $0.05 to $0.1
5ca014c3: calls $0.05
*** FLOP *** [6h 8s Qs]
8984a61f: bets $0.1
5ca014c3: calls $0.1
*** TURN *** [6h 8s Qs] [5d]
8984a61f: checks
5ca014c3: checks
*** RIVER *** [6h 8s Qs 5d] [5h]
8984a61f: checks
5ca014c3: checks
8984a61f: shows [Tc 9s] (Pair of Fives)
5ca014c3: shows [As 3h] (Pair of Fives)
*** SHOWDOWN ***
5ca014c3 collected $0.38 from pot
*** SUMMARY ***
Total pot $0.4 | Rake $0.02 | Jackpot $0 | Bingo $0 | Fortune $0
Board [6h 8s Qs 5d 5h]
Seat 2: 355d1c07 folded before Flop (didn't bet)
Seat 3: 85b36d2d folded before Flop (didn't bet)
Seat 4: Hero (button) folded before Flop (didn't bet)
Seat 5: 8984a61f (small blind) showed [Tc 9s] and lost with Pair of Fives
Seat 6: 5ca014c3 (big blind) showed [As 3h] and won ($0.38) with Pair of Fives


Poker Hand #HD1147199926: Hold'em No Limit  ($0.02/$0.05) - 2023/03/05 16:37:47
Table 'NLHBlue6' 6-max Seat #3 is the button
Seat 2: 355d1c07 ($5 in chips)
Seat 3: 85b36d2d ($5.2 in chips)
Seat 4: Hero ($6.59 in chips)
Seat 5: 8984a61f ($4.23 in chips)
Seat 6: 5ca014c3 ($9.48 in chips)
Hero: posts small blind $0.02
8984a61f: posts big blind $0.05
*** HOLE CARDS ***
Dealt to 355d1c07 
Dealt to 85b36d2d 
Dealt to Hero [2h Ad]
Dealt to 8984a61f 
Dealt to 5ca014c3 
5ca014c3: folds
355d1c07: folds
85b36d2d: folds
Hero: raises $0.09 to $0.14
8984a61f: folds
Uncalled bet ($0.09) returned to Hero
*** SHOWDOWN ***
Hero collected $0.1 from pot
*** SUMMARY ***
Total pot $0.1 | Rake $0 | Jackpot $0 | Bingo $0 | Fortune $0
Seat 2: 355d1c07 folded before Flop (didn't bet)
Seat 3: 85b36d2d (button) folded before Flop (didn't bet)
Seat 4: Hero (small blind) collected ($0.1)
Seat 5: 8984a61f (big blind) folded before Flop
Seat 6: 5ca014c3 folded before Flop (didn't bet)


Poker Hand #HD1147199901: Hold'em No Limit  ($0.02/$0.05) - 2023/03/05 16:37:36
Table 'NLHBlue6' 6-max Seat #2 is the button
Seat 2: 355d1c07 ($5 in chips)
Seat 3: 85b36d2d ($5.22 in chips)
Seat 4: Hero ($6.57 in chips)
Seat 5: 8984a61f ($4.23 in chips)
Seat 6: 5ca014c3 ($9.48 in chips)
85b36d2d: posts small blind $0.02
Hero: posts big blind $0.05
*** HOLE CARDS ***
Dealt to 355d1c07 
Dealt to 85b36d2d 
Dealt to Hero [2h 9c]
Dealt to 8984a61f 
Dealt to 5ca014c3 
8984a61f: folds
5ca014c3: folds
355d1c07: folds
85b36d2d: folds
Uncalled bet ($0.03) returned to Hero
*** SHOWDOWN ***
Hero collected $0.04 from pot
*** SUMMARY ***
Total pot $0.04 | Rake $0 | Jackpot $0 | Bingo $0 | Fortune $0
Seat 2: 355d1c07 (button) folded before Flop (didn't bet)
Seat 3: 85b36d2d (small blind) folded before Flop
Seat 4: Hero (big blind) collected ($0.04)
Seat 5: 8984a61f folded before Flop (didn't bet)
Seat 6: 5ca014c3 folded before Flop (didn't bet)


Poker Hand #HD1147199836: Hold'em No Limit  ($0.02/$0.05) - 2023/03/05 16:37:16
Table 'NLHBlue6' 6-max Seat #6 is the button
Seat 1: f0fdfa00 ($5 in chips)
Seat 2: 355d1c07 ($5 in chips)
Seat 3: 85b36d2d ($5.22 in chips)
Seat 4: Hero ($6.5 in chips)
Seat 5: 8984a61f ($4.23 in chips)
Seat 6: 5ca014c3 ($9.48 in chips)
f0fdfa00: posts small blind $0.02
355d1c07: posts big blind $0.05
*** HOLE CARDS ***
Dealt to f0fdfa00 
Dealt to 355d1c07 
Dealt to 85b36d2d 
Dealt to Hero [Qh Jh]
Dealt to 8984a61f 
Dealt to 5ca014c3 
85b36d2d: folds
Hero: raises $0.07 to $0.12
8984a61f: folds
5ca014c3: folds
f0fdfa00: folds
355d1c07: folds
Uncalled bet ($0.07) returned to Hero
*** SHOWDOWN ***
Hero collected $0.12 from pot
*** SUMMARY ***
Total pot $0.12 | Rake $0 | Jackpot $0 | Bingo $0 | Fortune $0
Seat 1: f0fdfa00 (small blind) folded before Flop
Seat 2: 355d1c07 (big blind) folded before Flop
Seat 3: 85b36d2d folded before Flop (didn't bet)
Seat 4: Hero collected ($0.12)
Seat 5: 8984a61f folded before Flop (didn't bet)
Seat 6: 5ca014c3 (button) folded before Flop (didn't bet)


Poker Hand #HD1147199780: Hold'em No Limit  ($0.02/$0.05) - 2023/03/05 16:36:56
Table 'NLHBlue6' 6-max Seat #5 is the button
Seat 1: f0fdfa00 ($5 in chips)
Seat 2: 355d1c07 ($5 in chips)
Seat 3: 85b36d2d ($5.22 in chips)
Seat 4: Hero ($6.5 in chips)
Seat 5: 8984a61f ($4.16 in chips)
Seat 6: 5ca014c3 ($9.5 in chips)
5ca014c3: posts small blind $0.02
f0fdfa00: posts big blind $0.05
*** HOLE CARDS ***
Dealt to f0fdfa00 
Dealt to 355d1c07 
Dealt to 85b36d2d 
Dealt to Hero [9s 2s]
Dealt to 8984a61f 
Dealt to 5ca014c3 
355d1c07: folds
85b36d2d: folds
Hero: folds
8984a61f: raises $0.05 to $0.1
5ca014c3: folds
f0fdfa00: folds
Uncalled bet ($0.05) returned to 8984a61f
*** SHOWDOWN ***
8984a61f collected $0.12 from pot
*** SUMMARY ***
Total pot $0.12 | Rake $0 | Jackpot $0 | Bingo $0 | Fortune $0
Seat 1: f0fdfa00 (big blind) folded before Flop
Seat 2: 355d1c07 folded before Flop (didn't bet)
Seat 3: 85b36d2d folded before Flop (didn't bet)
Seat 4: Hero folded before Flop (didn't bet)
Seat 5: 8984a61f (button) collected ($0.12)
Seat 6: 5ca014c3 (small blind) folded before Flop


Poker Hand #HD1147199679: Hold'em No Limit  ($0.02/$0.05) - 2023/03/05 16:36:21
Table 'NLHBlue6' 6-max Seat #4 is the button
Seat 1: f0fdfa00 ($5 in chips)
Seat 2: 355d1c07 ($5 in chips)
Seat 3: 85b36d2d ($5.05 in chips)
Seat 4: Hero ($6.5 in chips)
Seat 5: 8984a61f ($4.29 in chips)
Seat 6: 5ca014c3 ($9.55 in chips)
8984a61f: posts small blind $0.02
5ca014c3: posts big blind $0.05
*** HOLE CARDS ***
Dealt to f0fdfa00 
Dealt to 355d1c07 
Dealt to 85b36d2d 
Dealt to Hero [2c Td]
Dealt to 8984a61f 
Dealt to 5ca014c3 
f0fdfa00: folds
355d1c07: folds
85b36d2d: raises $0.08 to $0.13
Hero: folds
8984a61f: calls $0.11
5ca014c3: folds
*** FLOP *** [9s Ts 8h]
8984a61f: checks
85b36d2d: bets $0.12
8984a61f: folds
Uncalled bet ($0.12) returned to 85b36d2d
*** SHOWDOWN ***
85b36d2d collected $0.3 from pot
*** SUMMARY ***
Total pot $0.31 | Rake $0.01 | Jackpot $0 | Bingo $0 | Fortune $0
Board [9s Ts 8h]
Seat 1: f0fdfa00 folded before Flop (didn't bet)
Seat 2: 355d1c07 folded before Flop (didn't bet)
Seat 3: 85b36d2d won ($0.3)
Seat 4: Hero (button) folded before Flop (didn't bet)
Seat 5: 8984a61f (small blind) folded on the Flop
Seat 6: 5ca014c3 (big blind) folded before Flop


Poker Hand #HD1147199636: Hold'em No Limit  ($0.02/$0.05) - 2023/03/05 16:36:07
Table 'NLHBlue6' 6-max Seat #3 is the button
Seat 1: f0fdfa00 ($5 in chips)
Seat 2: 355d1c07 ($5 in chips)
Seat 3: 85b36d2d ($5.05 in chips)
Seat 4: Hero ($6.45 in chips)
Seat 5: 8984a61f ($4.34 in chips)
Seat 6: 5ca014c3 ($9.55 in chips)
Hero: posts small blind $0.02
8984a61f: posts big blind $0.05
*** HOLE CARDS ***
Dealt to f0fdfa00 
Dealt to 355d1c07 
Dealt to 85b36d2d 
Dealt to Hero [Qc 9s]
Dealt to 8984a61f 
Dealt to 5ca014c3 
5ca014c3: folds
f0fdfa00: folds
355d1c07: folds
85b36d2d: folds
Hero: raises $0.11 to $0.16
8984a61f: folds
Uncalled bet ($0.11) returned to Hero
*** SHOWDOWN ***
Hero collected $0.1 from pot
*** SUMMARY ***
Total pot $0.1 | Rake $0 | Jackpot $0 | Bingo $0 | Fortune $0
Seat 1: f0fdfa00 folded before Flop (didn't bet)
Seat 2: 355d1c07 folded before Flop (didn't bet)
Seat 3: 85b36d2d (button) folded before Flop (didn't bet)
Seat 4: Hero (small blind) collected ($0.1)
Seat 5: 8984a61f (big blind) folded before Flop
Seat 6: 5ca014c3 folded before Flop (didn't bet)


Poker Hand #HD1147199588: Hold'em No Limit  ($0.02/$0.05) - 2023/03/05 16:35:51
Table 'NLHBlue6' 6-max Seat #2 is the button
Seat 1: f0fdfa00 ($5 in chips)
Seat 2: 355d1c07 ($5 in chips)
Seat 3: 85b36d2d ($5 in chips)
Seat 4: Hero ($6.5 in chips)
Seat 5: 8984a61f ($4.34 in chips)
Seat 6: 5ca014c3 ($9.55 in chips)
85b36d2d: posts small blind $0.02
Hero: posts big blind $0.05
*** HOLE CARDS ***
Dealt to f0fdfa00 
Dealt to 355d1c07 
Dealt to 85b36d2d 
Dealt to Hero [Ks 4c]
Dealt to 8984a61f 
Dealt to 5ca014c3 
8984a61f: folds
5ca014c3: folds
f0fdfa00: folds
355d1c07: folds
85b36d2d: raises $0.05 to $0.1
Hero: folds
Uncalled bet ($0.05) returned to 85b36d2d
*** SHOWDOWN ***
85b36d2d collected $0.1 from pot
*** SUMMARY ***
Total pot $0.1 | Rake $0 | Jackpot $0 | Bingo $0 | Fortune $0
Seat 1: f0fdfa00 folded before Flop (didn't bet)
Seat 2: 355d1c07 (button) folded before Flop (didn't bet)
Seat 3: 85b36d2d (small blind) collected ($0.1)
Seat 4: Hero (big blind) folded before Flop
Seat 5: 8984a61f folded before Flop (didn't bet)
Seat 6: 5ca014c3 folded before Flop (didn't bet)


Poker Hand #HD1147199444: Hold'em No Limit  ($0.02/$0.05) - 2023/03/05 16:35:04
Table 'NLHBlue6' 6-max Seat #1 is the button
Seat 1: f0fdfa00 ($5 in chips)
Seat 2: 355d1c07 ($5 in chips)
Seat 3: 85b36d2d ($5.05 in chips)
Seat 4: Hero ($6.5 in chips)
Seat 5: 8984a61f ($3.94 in chips)
Seat 6: 5ca014c3 ($9.55 in chips)
355d1c07: posts small blind $0.02
85b36d2d: posts big blind $0.05
*** HOLE CARDS ***
Dealt to f0fdfa00 
Dealt to 355d1c07 
Dealt to 85b36d2d 
Dealt to Hero [Th 3d]
Dealt to 8984a61f 
Dealt to 5ca014c3 
Hero: folds
8984a61f: raises $0.05 to $0.1
5ca014c3: folds
f0fdfa00: calls $0.1
355d1c07: folds
85b36d2d: folds
*** FLOP *** [Jd 4h Jh]
8984a61f: checks
f0fdfa00: checks
*** TURN *** [Jd 4h Jh] [5d]
8984a61f: checks
f0fdfa00: checks
*** RIVER *** [Jd 4h Jh 5d] [Qh]
8984a61f: bets $0.27
f0fdfa00: calls $0.27
8984a61f: shows [Js Ad] (Three Jacks)
f0fdfa00: shows [6s 5s] (Pair of Jacks and Pair of Fives)
*** SHOWDOWN ***
8984a61f collected $0.77 from pot
*** SUMMARY ***
Total pot $0.81 | Rake $0.04 | Jackpot $0 | Bingo $0 | Fortune $0
Board [Jd 4h Jh 5d Qh]
Seat 1: f0fdfa00 (button) showed [6s 5s] and lost with Pair of Jacks and Pair of Fives
Seat 2: 355d1c07 (small blind) folded before Flop
Seat 3: 85b36d2d (big blind) folded before Flop
Seat 4: Hero folded before Flop (didn't bet)
Seat 5: 8984a61f showed [Js Ad] and won ($0.77) with Three Jacks
Seat 6: 5ca014c3 folded before Flop (didn't bet)


Poker Hand #HD1147199383: Hold'em No Limit  ($0.02/$0.05) - 2023/03/05 16:34:44
Table 'NLHBlue6' 6-max Seat #6 is the button
Seat 1: f0fdfa00 ($5 in chips)
Seat 2: 355d1c07 ($5.03 in chips)
Seat 3: 85b36d2d ($5.05 in chips)
Seat 4: Hero ($6.5 in chips)
Seat 5: 8984a61f ($3.87 in chips)
Seat 6: 5ca014c3 ($9.55 in chips)
f0fdfa00: posts small blind $0.02
355d1c07: posts big blind $0.05
*** HOLE CARDS ***
Dealt to f0fdfa00 
Dealt to 355d1c07 
Dealt to 85b36d2d 
Dealt to Hero [8h Tc]
Dealt to 8984a61f 
Dealt to 5ca014c3 
85b36d2d: folds
Hero: folds
8984a61f: calls $0.05
5ca014c3: folds
f0fdfa00: folds
355d1c07: checks
*** FLOP *** [Ah 7c 5h]
355d1c07: checks
8984a61f: bets $0.06
355d1c07: folds
Uncalled bet ($0.06) returned to 8984a61f
*** SHOWDOWN ***
8984a61f collected $0.12 from pot
*** SUMMARY ***
Total pot $0.12 | Rake $0 | Jackpot $0 | Bingo $0 | Fortune $0
Board [Ah 7c 5h]
Seat 1: f0fdfa00 (small blind) folded before Flop
Seat 2: 355d1c07 (big blind) folded on the Flop
Seat 3: 85b36d2d folded before Flop (didn't bet)
Seat 4: Hero folded before Flop (didn't bet)
Seat 5: 8984a61f won ($0.12)
Seat 6: 5ca014c3 (button) folded before Flop (didn't bet)


Poker Hand #HD1147199319: Hold'em No Limit  ($0.02/$0.05) - 2023/03/05 16:34:19
Table 'NLHBlue6' 6-max Seat #5 is the button
Seat 1: f0fdfa00 ($5 in chips)
Seat 2: 355d1c07 ($5.03 in chips)
Seat 3: 85b36d2d ($5.05 in chips)
Seat 4: Hero ($6.43 in chips)
Seat 5: 8984a61f ($3.87 in chips)
Seat 6: 5ca014c3 ($9.57 in chips)
5ca014c3: posts small blind $0.02
f0fdfa00: posts big blind $0.05
*** HOLE CARDS ***
Dealt to f0fdfa00 
Dealt to 355d1c07 
Dealt to 85b36d2d 
Dealt to Hero [Ah Js]
Dealt to 8984a61f 
Dealt to 5ca014c3 
355d1c07: folds
85b36d2d: folds
Hero: raises $0.07 to $0.12
8984a61f: folds
5ca014c3: folds
f0fdfa00: folds
Uncalled bet ($0.07) returned to Hero
*** SHOWDOWN ***
Hero collected $0.12 from pot
*** SUMMARY ***
Total pot $0.12 | Rake $0 | Jackpot $0 | Bingo $0 | Fortune $0
Seat 1: f0fdfa00 (big blind) folded before Flop
Seat 2: 355d1c07 folded before Flop (didn't bet)
Seat 3: 85b36d2d folded before Flop (didn't bet)
Seat 4: Hero collected ($0.12)
Seat 5: 8984a61f (button) folded before Flop (didn't bet)
Seat 6: 5ca014c3 (small blind) folded before Flop


Poker Hand #HD1147199179: Hold'em No Limit  ($0.02/$0.05) - 2023/03/05 16:33:24
Table 'NLHBlue6' 6-max Seat #4 is the button
Seat 1: f0fdfa00 ($5 in chips)
Seat 2: 355d1c07 ($5.03 in chips)
Seat 3: 85b36d2d ($5.05 in chips)
Seat 4: Hero ($6.43 in chips)
Seat 5: 8984a61f ($3.2 in chips)
Seat 6: 5ca014c3 ($9.62 in chips)
8984a61f: posts small blind $0.02
5ca014c3: posts big blind $0.05
*** HOLE CARDS ***
Dealt to f0fdfa00 
Dealt to 355d1c07 
Dealt to 85b36d2d 
Dealt to Hero [8h 6c]
Dealt to 8984a61f 
Dealt to 5ca014c3 
f0fdfa00: raises $0.08 to $0.13
355d1c07: folds
85b36d2d: folds
Hero: folds
8984a61f: calls $0.11
5ca014c3: folds
*** FLOP *** [Th Kc Qc]
8984a61f: checks
f0fdfa00: bets $0.15
8984a61f: calls $0.15
*** TURN *** [Th Kc Qc] [Ts]
8984a61f: bets $0.46
f0fdfa00: calls $0.46
*** RIVER *** [Th Kc Qc Ts] [2h]
8984a61f: checks
f0fdfa00: checks
8984a61f: shows [Jd 9h] (Kings-High Straight)
f0fdfa00: shows [Ac 4c] (Pair of Tens)
*** SHOWDOWN ***
8984a61f collected $1.41 from pot
*** SUMMARY ***
Total pot $1.53 | Rake $0.07 | Jackpot $0.05 | Bingo $0 | Fortune $0
Board [Th Kc Qc Ts 2h]
Seat 1: f0fdfa00 showed [Ac 4c] and lost with Pair of Tens
Seat 2: 355d1c07 folded before Flop (didn't bet)
Seat 3: 85b36d2d folded before Flop (didn't bet)
Seat 4: Hero (button) folded before Flop (didn't bet)
Seat 5: 8984a61f (small blind) showed [Jd 9h] and won ($1.41) with Kings-High Straight
Seat 6: 5ca014c3 (big blind) folded before Flop


Poker Hand #HD1147199072: Hold'em No Limit  ($0.02/$0.05) - 2023/03/05 16:32:42
Table 'NLHBlue6' 6-max Seat #3 is the button
Seat 1: f0fdfa00 ($5 in chips)
Seat 2: 355d1c07 ($5.03 in chips)
Seat 3: 85b36d2d ($5.05 in chips)
Seat 4: Hero ($6.45 in chips)
Seat 5: 8984a61f ($3.06 in chips)
Seat 6: 5ca014c3 ($9.62 in chips)
Hero: posts small blind $0.02
8984a61f: posts big blind $0.05
*** HOLE CARDS ***
Dealt to f0fdfa00 
Dealt to 355d1c07 
Dealt to 85b36d2d 
Dealt to Hero [Jh 5d]
Dealt to 8984a61f 
Dealt to 5ca014c3 
5ca014c3: folds
f0fdfa00: raises $0.08 to $0.13
355d1c07: folds
85b36d2d: folds
Hero: folds
8984a61f: calls $0.08
*** FLOP *** [2h 4h Kh]
8984a61f: bets $0.21
f0fdfa00: folds
Uncalled bet ($0.21) returned to 8984a61f
*** SHOWDOWN ***
8984a61f collected $0.27 from pot
*** SUMMARY ***
Total pot $0.28 | Rake $0.01 | Jackpot $0 | Bingo $0 | Fortune $0
Board [2h 4h Kh]
Seat 1: f0fdfa00 folded on the Flop
Seat 2: 355d1c07 folded before Flop (didn't bet)
Seat 3: 85b36d2d (button) folded before Flop (didn't bet)
Seat 4: Hero (small blind) folded before Flop
Seat 5: 8984a61f (big blind) won ($0.27)
Seat 6: 5ca014c3 folded before Flop (didn't bet)


Poker Hand #HD1147199033: Hold'em No Limit  ($0.02/$0.05) - 2023/03/05 16:32:28
Table 'NLHBlue6' 6-max Seat #2 is the button
Seat 1: f0fdfa00 ($5 in chips)
Seat 2: 355d1c07 ($5.03 in chips)
Seat 3: 85b36d2d ($5 in chips)
Seat 4: Hero ($6.5 in chips)
Seat 5: 8984a61f ($3.06 in chips)
Seat 6: 5ca014c3 ($9.62 in chips)
85b36d2d: posts small blind $0.02
Hero: posts big blind $0.05
*** HOLE CARDS ***
Dealt to f0fdfa00 
Dealt to 355d1c07 
Dealt to 85b36d2d 
Dealt to Hero [4d 7c]
Dealt to 8984a61f 
Dealt to 5ca014c3 
8984a61f: folds
5ca014c3: folds
f0fdfa00: folds
355d1c07: folds
85b36d2d: raises $0.08 to $0.13
Hero: folds
Uncalled bet ($0.08) returned to 85b36d2d
*** SHOWDOWN ***
85b36d2d collected $0.1 from pot
*** SUMMARY ***
Total pot $0.1 | Rake $0 | Jackpot $0 | Bingo $0 | Fortune $0
Seat 1: f0fdfa00 folded before Flop (didn't bet)
Seat 2: 355d1c07 (button) folded before Flop (didn't bet)
Seat 3: 85b36d2d (small blind) collected ($0.1)
Seat 4: Hero (big blind) folded before Flop
Seat 5: 8984a61f folded before Flop (didn't bet)
Seat 6: 5ca014c3 folded before Flop (didn't bet)


Poker Hand #HD1147198838: Hold'em No Limit  ($0.02/$0.05) - 2023/03/05 16:31:22
Table 'NLHBlue6' 6-max Seat #1 is the button
Seat 1: f0fdfa00 ($5.05 in chips)
Seat 2: 355d1c07 ($5.05 in chips)
Seat 3: 85b36d2d ($5 in chips)
Seat 4: Hero ($6.5 in chips)
Seat 5: 8984a61f ($3.16 in chips)
Seat 6: 5ca014c3 ($5 in chips)
355d1c07: posts small blind $0.02
85b36d2d: posts big blind $0.05
*** HOLE CARDS ***
Dealt to f0fdfa00 
Dealt to 355d1c07 
Dealt to 85b36d2d 
Dealt to Hero [Ts 6c]
Dealt to 8984a61f 
Dealt to 5ca014c3 
Hero: folds
8984a61f: raises $0.05 to $0.1
5ca014c3: raises $0.21 to $0.31
f0fdfa00: raises $0.99 to $1.3
355d1c07: folds
85b36d2d: folds
8984a61f: folds
5ca014c3: raises $3.7 to $5 and is all-in
f0fdfa00: calls $3.7
5ca014c3: shows [Ks Kc]
f0fdfa00: shows [Jc Js]
*** FLOP *** [9c 9d 9h]
*** TURN *** [9c 9d 9h] [4h]
*** RIVER *** [9c 9d 9h 4h] [8c]
*** SHOWDOWN ***
5ca014c3 collected $9.62 from pot
*** SUMMARY ***
Total pot $10.17 | Rake $0.5 | Jackpot $0.05 | Bingo $0 | Fortune $0
Board [9c 9d 9h 4h 8c]
Seat 1: f0fdfa00 (button) showed [Jc Js] and lost with Nines Full over Jacks
Seat 2: 355d1c07 (small blind) folded before Flop
Seat 3: 85b36d2d (big blind) folded before Flop
Seat 4: Hero folded before Flop (didn't bet)
Seat 5: 8984a61f folded before Flop
Seat 6: 5ca014c3 showed [Ks Kc] and won ($9.62) with Nines Full over Kings


Poker Hand #HD1147198783: Hold'em No Limit  ($0.02/$0.05) - 2023/03/05 16:31:01
Table 'NLHBlue6' 6-max Seat #6 is the button
Seat 1: f0fdfa00 ($5 in chips)
Seat 2: 355d1c07 ($5.1 in chips)
Seat 4: Hero ($6.5 in chips)
Seat 5: 8984a61f ($3.16 in chips)
Seat 6: 5ca014c3 ($5 in chips)
f0fdfa00: posts small blind $0.02
355d1c07: posts big blind $0.05
*** HOLE CARDS ***
Dealt to f0fdfa00 
Dealt to 355d1c07 
Dealt to Hero [8c Js]
Dealt to 8984a61f 
Dealt to 5ca014c3 
Hero: folds
8984a61f: folds
5ca014c3: folds
f0fdfa00: raises $0.08 to $0.13
355d1c07: folds
Uncalled bet ($0.08) returned to f0fdfa00
*** SHOWDOWN ***
f0fdfa00 collected $0.1 from pot
*** SUMMARY ***
Total pot $0.1 | Rake $0 | Jackpot $0 | Bingo $0 | Fortune $0
Seat 1: f0fdfa00 (small blind) collected ($0.1)
Seat 2: 355d1c07 (big blind) folded before Flop
Seat 4: Hero folded before Flop (didn't bet)
Seat 5: 8984a61f folded before Flop (didn't bet)
Seat 6: 5ca014c3 (button) folded before Flop (didn't bet)


Poker Hand #HD1147198660: Hold'em No Limit  ($0.02/$0.05) - 2023/03/05 16:30:18
Table 'NLHBlue6' 6-max Seat #5 is the button
Seat 1: f0fdfa00 ($5.34 in chips)
Seat 2: 355d1c07 ($5.1 in chips)
Seat 4: Hero ($5.95 in chips)
Seat 5: 8984a61f ($3.16 in chips)
Seat 6: 5ca014c3 ($5 in chips)
5ca014c3: posts small blind $0.02
f0fdfa00: posts big blind $0.05
*** HOLE CARDS ***
Dealt to f0fdfa00 
Dealt to 355d1c07 
Dealt to Hero [2s 2h]
Dealt to 8984a61f 
Dealt to 5ca014c3 
355d1c07: folds
Hero: raises $0.07 to $0.12
8984a61f: folds
5ca014c3: folds
f0fdfa00: raises $0.17 to $0.29
Hero: calls $0.17
*** FLOP *** [Kc 2d 5c]
f0fdfa00: bets $0.3
Hero: raises $0.5 to $0.8
f0fdfa00: folds
Uncalled bet ($0.5) returned to Hero
*** SHOWDOWN ***
Hero collected $1.14 from pot
*** SUMMARY ***
Total pot $1.2 | Rake $0.06 | Jackpot $0 | Bingo $0 | Fortune $0
Board [Kc 2d 5c]
Seat 1: f0fdfa00 (big blind) folded on the Flop
Seat 2: 355d1c07 folded before Flop (didn't bet)
Seat 4: Hero won ($1.14)
Seat 5: 8984a61f (button) folded before Flop (didn't bet)
Seat 6: 5ca014c3 (small blind) folded before Flop


Poker Hand #HD1147198626: Hold'em No Limit  ($0.02/$0.05) - 2023/03/05 16:30:06
Table 'NLHBlue6' 6-max Seat #4 is the button
Seat 1: f0fdfa00 ($5.27 in chips)
Seat 2: 355d1c07 ($5.1 in chips)
Seat 4: Hero ($5.95 in chips)
Seat 5: 8984a61f ($3.18 in chips)
Seat 6: 5ca014c3 ($5 in chips)
8984a61f: posts small blind $0.02
5ca014c3: posts big blind $0.05
*** HOLE CARDS ***
Dealt to f0fdfa00 
Dealt to 355d1c07 
Dealt to Hero [Js 3h]
Dealt to 8984a61f 
Dealt to 5ca014c3 
f0fdfa00: raises $0.08 to $0.13
355d1c07: folds
Hero: folds
8984a61f: folds
5ca014c3: folds
Uncalled bet ($0.08) returned to f0fdfa00
*** SHOWDOWN ***
f0fdfa00 collected $0.12 from pot
*** SUMMARY ***
Total pot $0.12 | Rake $0 | Jackpot $0 | Bingo $0 | Fortune $0
Seat 1: f0fdfa00 collected ($0.12)
Seat 2: 355d1c07 folded before Flop (didn't bet)
Seat 4: Hero (button) folded before Flop (didn't bet)
Seat 5: 8984a61f (small blind) folded before Flop
Seat 6: 5ca014c3 (big blind) folded before Flop


Poker Hand #HD1147198602: Hold'em No Limit  ($0.02/$0.05) - 2023/03/05 16:29:57
Table 'NLHBlue6' 6-max Seat #2 is the button
Seat 1: f0fdfa00 ($5.27 in chips)
Seat 2: 355d1c07 ($5.1 in chips)
Seat 4: Hero ($5.97 in chips)
Seat 5: 8984a61f ($3.16 in chips)
Seat 6: 5ca014c3 ($5 in chips)
Hero: posts small blind $0.02
8984a61f: posts big blind $0.05
*** HOLE CARDS ***
Dealt to f0fdfa00 
Dealt to 355d1c07 
Dealt to Hero [2s 9s]
Dealt to 8984a61f 
Dealt to 5ca014c3 
5ca014c3: folds
f0fdfa00: folds
355d1c07: folds
Hero: folds
Uncalled bet ($0.03) returned to 8984a61f
*** SHOWDOWN ***
8984a61f collected $0.04 from pot
*** SUMMARY ***
Total pot $0.04 | Rake $0 | Jackpot $0 | Bingo $0 | Fortune $0
Seat 1: f0fdfa00 folded before Flop (didn't bet)
Seat 2: 355d1c07 (button) folded before Flop (didn't bet)
Seat 4: Hero (small blind) folded before Flop
Seat 5: 8984a61f (big blind) collected ($0.04)
Seat 6: 5ca014c3 folded before Flop (didn't bet)


Poker Hand #HD1147198556: Hold'em No Limit  ($0.02/$0.05) - 2023/03/05 16:29:41
Table 'NLHBlue6' 6-max Seat #1 is the button
Seat 1: f0fdfa00 ($5.27 in chips)
Seat 2: 355d1c07 ($5.12 in chips)
Seat 4: Hero ($6.02 in chips)
Seat 5: 8984a61f ($3.09 in chips)
Seat 6: 5ca014c3 ($5 in chips)
355d1c07: posts small blind $0.02
Hero: posts big blind $0.05
*** HOLE CARDS ***
Dealt to f0fdfa00 
Dealt to 355d1c07 
Dealt to Hero [Jc 3h]
Dealt to 8984a61f 
Dealt to 5ca014c3 
8984a61f: raises $0.05 to $0.1
5ca014c3: folds
f0fdfa00: folds
355d1c07: folds
Hero: folds
Uncalled bet ($0.05) returned to 8984a61f
*** SHOWDOWN ***
8984a61f collected $0.12 from pot
*** SUMMARY ***
Total pot $0.12 | Rake $0 | Jackpot $0 | Bingo $0 | Fortune $0
Seat 1: f0fdfa00 (button) folded before Flop (didn't bet)
Seat 2: 355d1c07 (small blind) folded before Flop
Seat 4: Hero (big blind) folded before Flop
Seat 5: 8984a61f collected ($0.12)
Seat 6: 5ca014c3 folded before Flop (didn't bet)


Poker Hand #HD1147198420: Hold'em No Limit  ($0.02/$0.05) - 2023/03/05 16:28:53
Table 'NLHBlue6' 6-max Seat #6 is the button
Seat 1: f0fdfa00 ($5.29 in chips)
Seat 2: 355d1c07 ($5.17 in chips)
Seat 3: 646a7f98 ($7.3 in chips)
Seat 4: Hero ($6.3 in chips)
Seat 5: 8984a61f ($2.77 in chips)
Seat 6: 5ca014c3 ($5 in chips)
f0fdfa00: posts small blind $0.02
355d1c07: posts big blind $0.05
*** HOLE CARDS ***
Dealt to f0fdfa00 
Dealt to 355d1c07 
Dealt to 646a7f98 
Dealt to Hero [Ts 9s]
Dealt to 8984a61f 
Dealt to 5ca014c3 
646a7f98: folds
Hero: raises $0.07 to $0.12
8984a61f: calls $0.12
5ca014c3: folds
f0fdfa00: folds
355d1c07: folds
*** FLOP *** [Jd Kh Th]
Hero: bets $0.16
8984a61f: calls $0.16
*** TURN *** [Jd Kh Th] [6s]
Hero: checks
8984a61f: checks
*** RIVER *** [Jd Kh Th 6s] [3d]
Hero: checks
8984a61f: bets $0.48
Hero: folds
Uncalled bet ($0.48) returned to 8984a61f
*** SHOWDOWN ***
8984a61f collected $0.6 from pot
*** SUMMARY ***
Total pot $0.63 | Rake $0.03 | Jackpot $0 | Bingo $0 | Fortune $0
Board [Jd Kh Th 6s 3d]
Seat 1: f0fdfa00 (small blind) folded before Flop
Seat 2: 355d1c07 (big blind) folded before Flop
Seat 3: 646a7f98 folded before Flop (didn't bet)
Seat 4: Hero folded on the River
Seat 5: 8984a61f won ($0.6)
Seat 6: 5ca014c3 (button) folded before Flop (didn't bet)


Poker Hand #HD1147198385: Hold'em No Limit  ($0.02/$0.05) - 2023/03/05 16:28:38
Table 'NLHBlue6' 6-max Seat #5 is the button
Seat 1: f0fdfa00 ($5.34 in chips)
Seat 2: 355d1c07 ($5.17 in chips)
Seat 3: 646a7f98 ($7.23 in chips)
Seat 4: Hero ($6.3 in chips)
Seat 5: 8984a61f ($2.77 in chips)
Seat 6: 5ca014c3 ($5 in chips)
5ca014c3: posts small blind $0.02
f0fdfa00: posts big blind $0.05
*** HOLE CARDS ***
Dealt to f0fdfa00 
Dealt to 355d1c07 
Dealt to 646a7f98 
Dealt to Hero [Ks 5d]
Dealt to 8984a61f 
Dealt to 5ca014c3 
355d1c07: folds
646a7f98: raises $0.1 to $0.15
Hero: folds
8984a61f: folds
5ca014c3: folds
f0fdfa00: folds
Uncalled bet ($0.1) returned to 646a7f98
*** SHOWDOWN ***
646a7f98 collected $0.12 from pot
*** SUMMARY ***
Total pot $0.12 | Rake $0 | Jackpot $0 | Bingo $0 | Fortune $0
Seat 1: f0fdfa00 (big blind) folded before Flop
Seat 2: 355d1c07 folded before Flop (didn't bet)
Seat 3: 646a7f98 collected ($0.12)
Seat 4: Hero folded before Flop (didn't bet)
Seat 5: 8984a61f (button) folded before Flop (didn't bet)
Seat 6: 5ca014c3 (small blind) folded before Flop


Poker Hand #HD1147198247: Hold'em No Limit  ($0.02/$0.05) - 2023/03/05 16:27:49
Table 'NLHBlue6' 6-max Seat #4 is the button
Seat 1: f0fdfa00 ($5.47 in chips)
Seat 2: 355d1c07 ($5.17 in chips)
Seat 3: 646a7f98 ($6.84 in chips)
Seat 4: Hero ($6.3 in chips)
Seat 5: 8984a61f ($2.79 in chips)
Seat 6: 5ca014c3 ($5 in chips)
8984a61f: posts small blind $0.02
5ca014c3: posts big blind $0.05
*** HOLE CARDS ***
Dealt to f0fdfa00 
Dealt to 355d1c07 
Dealt to 646a7f98 
Dealt to Hero [Qh 7s]
Dealt to 8984a61f 
Dealt to 5ca014c3 
f0fdfa00: raises $0.08 to $0.13
355d1c07: folds
646a7f98: calls $0.13
Hero: folds
8984a61f: folds
5ca014c3: calls $0.08
*** FLOP *** [3c 8s 2d]
5ca014c3: checks
f0fdfa00: checks
646a7f98: bets $0.14
5ca014c3: calls $0.14
f0fdfa00: folds
*** TURN *** [3c 8s 2d] [9h]
5ca014c3: checks
646a7f98: bets $0.35
5ca014c3: folds
Uncalled bet ($0.35) returned to 646a7f98
*** SHOWDOWN ***
646a7f98 collected $0.66 from pot
*** SUMMARY ***
Total pot $0.69 | Rake $0.03 | Jackpot $0 | Bingo $0 | Fortune $0
Board [3c 8s 2d 9h]
Seat 1: f0fdfa00 folded on the Flop
Seat 2: 355d1c07 folded before Flop (didn't bet)
Seat 3: 646a7f98 won ($0.66)
Seat 4: Hero (button) folded before Flop (didn't bet)
Seat 5: 8984a61f (small blind) folded before Flop
Seat 6: 5ca014c3 (big blind) folded on the Turn


Poker Hand #HD1147198023: Hold'em No Limit  ($0.02/$0.05) - 2023/03/05 16:26:31
Table 'NLHBlue6' 6-max Seat #3 is the button
Seat 1: f0fdfa00 ($5.47 in chips)
Seat 2: 355d1c07 ($5.17 in chips)
Seat 3: 646a7f98 ($3.39 in chips)
Seat 4: Hero ($6.32 in chips)
Seat 5: 8984a61f ($6.18 in chips)
Seat 6: 5ca014c3 ($5 in chips)
Hero: posts small blind $0.02
8984a61f: posts big blind $0.05
*** HOLE CARDS ***
Dealt to f0fdfa00 
Dealt to 355d1c07 
Dealt to 646a7f98 
Dealt to Hero [Jc Th]
Dealt to 8984a61f 
Dealt to 5ca014c3 
5ca014c3: raises $0.2 to $0.25
f0fdfa00: folds
355d1c07: folds
646a7f98: calls $0.25
Hero: folds
8984a61f: raises $0.2 to $0.45
5ca014c3: calls $0.2
646a7f98: raises $2.94 to $3.39 and is all-in
8984a61f: raises $2.79 to $6.18 and is all-in
5ca014c3: folds
Uncalled bet ($2.79) returned to 8984a61f
8984a61f: shows [Ac As]
646a7f98: shows [8c 9c]
*** FLOP *** [8h 5h 9d]
*** TURN *** [8h 5h 9d] [Tc]
*** RIVER *** [8h 5h 9d Tc] [6s]
*** SHOWDOWN ***
646a7f98 collected $6.84 from pot
*** SUMMARY ***
Total pot $7.25 | Rake $0.36 | Jackpot $0.05 | Bingo $0 | Fortune $0
Board [8h 5h 9d Tc 6s]
Seat 1: f0fdfa00 folded before Flop (didn't bet)
Seat 2: 355d1c07 folded before Flop (didn't bet)
Seat 3: 646a7f98 (button) showed [8c 9c] and won ($6.84) with Pair of Nines and Pair of Eights
Seat 4: Hero (small blind) folded before Flop
Seat 5: 8984a61f (big blind) showed [Ac As] and lost with Pair of Aces
Seat 6: 5ca014c3 folded before Flop


Poker Hand #HD1147197905: Hold'em No Limit  ($0.02/$0.05) - 2023/03/05 16:25:46
Table 'NLHBlue6' 6-max Seat #2 is the button
Seat 2: 355d1c07 ($5.17 in chips)
Seat 3: 646a7f98 ($3.56 in chips)
Seat 4: Hero ($5.52 in chips)
Seat 5: 8984a61f ($6.94 in chips)
Seat 6: 5ca014c3 ($5 in chips)
646a7f98: posts small blind $0.02
Hero: posts big blind $0.05
*** HOLE CARDS ***
Dealt to 355d1c07 
Dealt to 646a7f98 
Dealt to Hero [Kc Ks]
Dealt to 8984a61f 
Dealt to 5ca014c3 
8984a61f: calls $0.05
5ca014c3: folds
355d1c07: folds
646a7f98: raises $0.12 to $0.17
Hero: raises $0.59 to $0.76
8984a61f: calls $0.71
646a7f98: folds
*** FLOP *** [Qs 2c 4d]
Hero: bets $0.85
8984a61f: folds
Uncalled bet ($0.85) returned to Hero
*** SHOWDOWN ***
Hero collected $1.56 from pot
*** SUMMARY ***
Total pot $1.69 | Rake $0.08 | Jackpot $0.05 | Bingo $0 | Fortune $0
Board [Qs 2c 4d]
Seat 2: 355d1c07 (button) folded before Flop (didn't bet)
Seat 3: 646a7f98 (small blind) folded before Flop
Seat 4: Hero (big blind) won ($1.56)
Seat 5: 8984a61f folded on the Flop
Seat 6: 5ca014c3 folded before Flop (didn't bet)


Poker Hand #HD1147197774: Hold'em No Limit  ($0.02/$0.05) - 2023/03/05 16:24:54
Table 'NLHBlue6' 6-max Seat #1 is the button
Seat 1: f0fdfa00 ($5.47 in chips)
Seat 2: 355d1c07 ($5.19 in chips)
Seat 3: 646a7f98 ($3.61 in chips)
Seat 4: Hero ($5.52 in chips)
Seat 5: 8984a61f ($5.35 in chips)
Seat 6: 5ca014c3 ($5.05 in chips)
355d1c07: posts small blind $0.02
646a7f98: posts big blind $0.05
*** HOLE CARDS ***
Dealt to f0fdfa00 
Dealt to 355d1c07 
Dealt to 646a7f98 
Dealt to Hero [Kd 5c]
Dealt to 8984a61f 
Dealt to 5ca014c3 
Hero: folds
8984a61f: raises $0.05 to $0.1
5ca014c3: raises $0.21 to $0.31
f0fdfa00: folds
355d1c07: folds
646a7f98: folds
8984a61f: calls $0.21
*** FLOP *** [6h 8h Qd]
8984a61f: checks
5ca014c3: bets $0.44
8984a61f: calls $0.44
*** TURN *** [6h 8h Qd] [6c]
8984a61f: checks
5ca014c3: bets $0.99
8984a61f: raises $0.99 to $1.98
5ca014c3: folds
Uncalled bet ($0.99) returned to 8984a61f
*** SHOWDOWN ***
8984a61f collected $3.33 from pot
*** SUMMARY ***
Total pot $3.55 | Rake $0.17 | Jackpot $0.05 | Bingo $0 | Fortune $0
Board [6h 8h Qd 6c]
Seat 1: f0fdfa00 (button) folded before Flop (didn't bet)
Seat 2: 355d1c07 (small blind) folded before Flop
Seat 3: 646a7f98 (big blind) folded before Flop
Seat 4: Hero folded before Flop (didn't bet)
Seat 5: 8984a61f won ($3.33)
Seat 6: 5ca014c3 folded on the Turn


Poker Hand #HD1147197733: Hold'em No Limit  ($0.02/$0.05) - 2023/03/05 16:24:40
Table 'NLHBlue6' 6-max Seat #6 is the button
Seat 1: f0fdfa00 ($5.49 in chips)
Seat 2: 355d1c07 ($5.24 in chips)
Seat 3: 646a7f98 ($3.61 in chips)
Seat 4: Hero ($5.45 in chips)
Seat 5: 8984a61f ($5.35 in chips)
Seat 6: 5ca014c3 ($5.05 in chips)
f0fdfa00: posts small blind $0.02
355d1c07: posts big blind $0.05
*** HOLE CARDS ***
Dealt to f0fdfa00 
Dealt to 355d1c07 
Dealt to 646a7f98 
Dealt to Hero [Qc As]
Dealt to 8984a61f 
Dealt to 5ca014c3 
646a7f98: folds
Hero: raises $0.07 to $0.12
8984a61f: folds
5ca014c3: folds
f0fdfa00: folds
355d1c07: folds
Uncalled bet ($0.07) returned to Hero
*** SHOWDOWN ***
Hero collected $0.12 from pot
*** SUMMARY ***
Total pot $0.12 | Rake $0 | Jackpot $0 | Bingo $0 | Fortune $0
Seat 1: f0fdfa00 (small blind) folded before Flop
Seat 2: 355d1c07 (big blind) folded before Flop
Seat 3: 646a7f98 folded before Flop (didn't bet)
Seat 4: Hero collected ($0.12)
Seat 5: 8984a61f folded before Flop (didn't bet)
Seat 6: 5ca014c3 (button) folded before Flop (didn't bet)


Poker Hand #HD1147197662: Hold'em No Limit  ($0.02/$0.05) - 2023/03/05 16:24:14
Table 'NLHBlue6' 6-max Seat #5 is the button
Seat 1: f0fdfa00 ($5.54 in chips)
Seat 2: 355d1c07 ($5.24 in chips)
Seat 3: 646a7f98 ($3.61 in chips)
Seat 4: Hero ($5.45 in chips)
Seat 5: 8984a61f ($5.35 in chips)
Seat 6: 5ca014c3 ($5 in chips)
5ca014c3: posts small blind $0.02
f0fdfa00: posts big blind $0.05
*** HOLE CARDS ***
Dealt to f0fdfa00 
Dealt to 355d1c07 
Dealt to 646a7f98 
Dealt to Hero [8h Ac]
Dealt to 8984a61f 
Dealt to 5ca014c3 
355d1c07: folds
646a7f98: folds
Hero: folds
8984a61f: folds
5ca014c3: raises $0.15 to $0.2
f0fdfa00: folds
Uncalled bet ($0.15) returned to 5ca014c3
*** SHOWDOWN ***
5ca014c3 collected $0.1 from pot
*** SUMMARY ***
Total pot $0.1 | Rake $0 | Jackpot $0 | Bingo $0 | Fortune $0
Seat 1: f0fdfa00 (big blind) folded before Flop
Seat 2: 355d1c07 folded before Flop (didn't bet)
Seat 3: 646a7f98 folded before Flop (didn't bet)
Seat 4: Hero folded before Flop (didn't bet)
Seat 5: 8984a61f (button) folded before Flop (didn't bet)
Seat 6: 5ca014c3 (small blind) collected ($0.1)


Poker Hand #HD1147197601: Hold'em No Limit  ($0.02/$0.05) - 2023/03/05 16:23:56
Table 'NLHBlue6' 6-max Seat #4 is the button
Seat 1: f0fdfa00 ($5.54 in chips)
Seat 2: 355d1c07 ($5.17 in chips)
Seat 3: 646a7f98 ($3.61 in chips)
Seat 4: Hero ($5.45 in chips)
Seat 5: 8984a61f ($5.37 in chips)
Seat 6: 5ca014c3 ($5 in chips)
8984a61f: posts small blind $0.02
5ca014c3: posts big blind $0.05
*** HOLE CARDS ***
Dealt to f0fdfa00 
Dealt to 355d1c07 
Dealt to 646a7f98 
Dealt to Hero [4d 8d]
Dealt to 8984a61f 
Dealt to 5ca014c3 
f0fdfa00: folds
355d1c07: raises $0.1 to $0.15
646a7f98: folds
Hero: folds
8984a61f: folds
5ca014c3: folds
Uncalled bet ($0.1) returned to 355d1c07
*** SHOWDOWN ***
355d1c07 collected $0.12 from pot
*** SUMMARY ***
Total pot $0.12 | Rake $0 | Jackpot $0 | Bingo $0 | Fortune $0
Seat 1: f0fdfa00 folded before Flop (didn't bet)
Seat 2: 355d1c07 collected ($0.12)
Seat 3: 646a7f98 folded before Flop (didn't bet)
Seat 4: Hero (button) folded before Flop (didn't bet)
Seat 5: 8984a61f (small blind) folded before Flop
Seat 6: 5ca014c3 (big blind) folded before Flop


Poker Hand #HD1147197498: Hold'em No Limit  ($0.02/$0.05) - 2023/03/05 16:23:17
Table 'NLHBlue6' 6-max Seat #3 is the button
Seat 1: f0fdfa00 ($5.33 in chips)
Seat 2: 355d1c07 ($5.17 in chips)
Seat 3: 646a7f98 ($3.61 in chips)
Seat 4: Hero ($5.47 in chips)
Seat 5: 8984a61f ($5.58 in chips)
Hero: posts small blind $0.02
8984a61f: posts big blind $0.05
*** HOLE CARDS ***
Dealt to f0fdfa00 
Dealt to 355d1c07 
Dealt to 646a7f98 
Dealt to Hero [8h As]
Dealt to 8984a61f 
f0fdfa00: raises $0.08 to $0.13
355d1c07: folds
646a7f98: folds
Hero: folds
8984a61f: raises $0.08 to $0.21
f0fdfa00: raises $0.55 to $0.76
8984a61f: folds
Uncalled bet ($0.55) returned to f0fdfa00
*** SHOWDOWN ***
f0fdfa00 collected $0.42 from pot
*** SUMMARY ***
Total pot $0.44 | Rake $0.02 | Jackpot $0 | Bingo $0 | Fortune $0
Seat 1: f0fdfa00 collected ($0.42)
Seat 2: 355d1c07 folded before Flop (didn't bet)
Seat 3: 646a7f98 (button) folded before Flop (didn't bet)
Seat 4: Hero (small blind) folded before Flop
Seat 5: 8984a61f (big blind) folded before Flop


Poker Hand #HD1147197422: Hold'em No Limit  ($0.02/$0.05) - 2023/03/05 16:22:48
Table 'NLHBlue6' 6-max Seat #2 is the button
Seat 1: f0fdfa00 ($5.33 in chips)
Seat 2: 355d1c07 ($5.27 in chips)
Seat 3: 646a7f98 ($3.63 in chips)
Seat 4: Hero ($5.52 in chips)
Seat 5: 8984a61f ($5.42 in chips)
646a7f98: posts small blind $0.02
Hero: posts big blind $0.05
*** HOLE CARDS ***
Dealt to f0fdfa00 
Dealt to 355d1c07 
Dealt to 646a7f98 
Dealt to Hero [8h 3h]
Dealt to 8984a61f 
8984a61f: raises $0.05 to $0.1
f0fdfa00: folds
355d1c07: calls $0.1
646a7f98: folds
Hero: folds
*** FLOP *** [5c 3c 9d]
8984a61f: checks
355d1c07: checks
*** TURN *** [5c 3c 9d] [5d]
8984a61f: bets $0.14
355d1c07: folds
Uncalled bet ($0.14) returned to 8984a61f
*** SHOWDOWN ***
8984a61f collected $0.26 from pot
*** SUMMARY ***
Total pot $0.27 | Rake $0.01 | Jackpot $0 | Bingo $0 | Fortune $0
Board [5c 3c 9d 5d]
Seat 1: f0fdfa00 folded before Flop (didn't bet)
Seat 2: 355d1c07 (button) folded on the Turn
Seat 3: 646a7f98 (small blind) folded before Flop
Seat 4: Hero (big blind) folded before Flop
Seat 5: 8984a61f won ($0.26)


Poker Hand #HD1147197283: Hold'em No Limit  ($0.02/$0.05) - 2023/03/05 16:21:54
Table 'NLHBlue6' 6-max Seat #1 is the button
Seat 1: f0fdfa00 ($5 in chips)
Seat 2: 355d1c07 ($5.29 in chips)
Seat 3: 646a7f98 ($3.97 in chips)
Seat 4: Hero ($5.52 in chips)
Seat 5: 8984a61f ($5.42 in chips)
355d1c07: posts small blind $0.02
646a7f98: posts big blind $0.05
*** HOLE CARDS ***
Dealt to f0fdfa00 
Dealt to 355d1c07 
Dealt to 646a7f98 
Dealt to Hero [4s Tc]
Dealt to 8984a61f 
Hero: folds
8984a61f: folds
f0fdfa00: raises $0.08 to $0.13
355d1c07: folds
646a7f98: calls $0.08
*** FLOP *** [Ad Ks 6d]
646a7f98: checks
f0fdfa00: checks
*** TURN *** [Ad Ks 6d] [3s]
646a7f98: bets $0.21
f0fdfa00: calls $0.21
*** RIVER *** [Ad Ks 6d 3s] [5c]
646a7f98: checks
f0fdfa00: checks
646a7f98: shows [Qc Js] (Ace-High)
f0fdfa00: shows [8s 6s] (Pair of Sixes)
*** SHOWDOWN ***
f0fdfa00 collected $0.67 from pot
*** SUMMARY ***
Total pot $0.7 | Rake $0.03 | Jackpot $0 | Bingo $0 | Fortune $0
Board [Ad Ks 6d 3s 5c]
Seat 1: f0fdfa00 (button) showed [8s 6s] and won ($0.67) with Pair of Sixes
Seat 2: 355d1c07 (small blind) folded before Flop
Seat 3: 646a7f98 (big blind) showed [Qc Js] and lost with Ace-High
Seat 4: Hero folded before Flop (didn't bet)
Seat 5: 8984a61f folded before Flop (didn't bet)


Poker Hand #HD1147197240: Hold'em No Limit  ($0.02/$0.05) - 2023/03/05 16:21:38
Table 'NLHBlue6' 6-max Seat #5 is the button
Seat 1: f0fdfa00 ($5 in chips)
Seat 2: 355d1c07 ($5.34 in chips)
Seat 3: 646a7f98 ($3.97 in chips)
Seat 4: Hero ($5.52 in chips)
Seat 5: 8984a61f ($5.35 in chips)
f0fdfa00: posts small blind $0.02
355d1c07: posts big blind $0.05
*** HOLE CARDS ***
Dealt to f0fdfa00 
Dealt to 355d1c07 
Dealt to 646a7f98 
Dealt to Hero [7c 9s]
Dealt to 8984a61f 
646a7f98: folds
Hero: folds
8984a61f: raises $0.05 to $0.1
f0fdfa00: folds
355d1c07: folds
Uncalled bet ($0.05) returned to 8984a61f
*** SHOWDOWN ***
8984a61f collected $0.12 from pot
*** SUMMARY ***
Total pot $0.12 | Rake $0 | Jackpot $0 | Bingo $0 | Fortune $0
Seat 1: f0fdfa00 (small blind) folded before Flop
Seat 2: 355d1c07 (big blind) folded before Flop
Seat 3: 646a7f98 folded before Flop (didn't bet)
Seat 4: Hero folded before Flop (didn't bet)
Seat 5: 8984a61f (button) collected ($0.12)


Poker Hand #HD1147197182: Hold'em No Limit  ($0.02/$0.05) - 2023/03/05 16:21:15
Table 'NLHBlue6' 6-max Seat #4 is the button
Seat 1: f0fdfa00 ($5.07 in chips)
Seat 2: 355d1c07 ($5.34 in chips)
Seat 3: 646a7f98 ($3.81 in chips)
Seat 4: Hero ($5.52 in chips)
Seat 5: 8984a61f ($5.37 in chips)
8984a61f: posts small blind $0.02
f0fdfa00: posts big blind $0.05
*** HOLE CARDS ***
Dealt to f0fdfa00 
Dealt to 355d1c07 
Dealt to 646a7f98 
Dealt to Hero [6s 9d]
Dealt to 8984a61f 
355d1c07: folds
646a7f98: raises $0.1 to $0.15
Hero: folds
8984a61f: folds
f0fdfa00: calls $0.1
*** FLOP *** [Jc Ts Kh]
f0fdfa00: checks
646a7f98: bets $0.11
f0fdfa00: folds
Uncalled bet ($0.11) returned to 646a7f98
*** SHOWDOWN ***
646a7f98 collected $0.31 from pot
*** SUMMARY ***
Total pot $0.32 | Rake $0.01 | Jackpot $0 | Bingo $0 | Fortune $0
Board [Jc Ts Kh]
Seat 1: f0fdfa00 (big blind) folded on the Flop
Seat 2: 355d1c07 folded before Flop (didn't bet)
Seat 3: 646a7f98 won ($0.31)
Seat 4: Hero (button) folded before Flop (didn't bet)
Seat 5: 8984a61f (small blind) folded before Flop


Poker Hand #HD1147196883: Hold'em No Limit  ($0.02/$0.05) - 2023/03/05 16:19:27
Table 'NLHBlue6' 6-max Seat #3 is the button
Seat 1: f0fdfa00 ($5.07 in chips)
Seat 2: 355d1c07 ($5.34 in chips)
Seat 3: 646a7f98 ($4.5 in chips)
Seat 4: Hero ($5.54 in chips)
Seat 5: 8984a61f ($4.52 in chips)
Seat 6: b33861e5 ($9.36 in chips)
Hero: posts small blind $0.02
8984a61f: posts big blind $0.05
*** HOLE CARDS ***
Dealt to f0fdfa00 
Dealt to 355d1c07 
Dealt to 646a7f98 
Dealt to Hero [3s 2h]
Dealt to 8984a61f 
Dealt to b33861e5 
b33861e5: raises $0.08 to $0.13
f0fdfa00: folds
355d1c07: folds
646a7f98: calls $0.13
Hero: folds
8984a61f: calls $0.08
*** FLOP *** [6d Kc 8s]
8984a61f: checks
b33861e5: bets $0.14
646a7f98: calls $0.14
8984a61f: calls $0.14
*** TURN *** [6d Kc 8s] [7d]
8984a61f: checks
b33861e5: checks
646a7f98: bets $0.42
8984a61f: calls $0.42
b33861e5: folds
*** RIVER *** [6d Kc 8s 7d] [Qc]
8984a61f: bets $1.26
646a7f98: folds
Uncalled bet ($1.26) returned to 8984a61f
b33861e5: shows [Qh] (Pair of Queens)
*** SHOWDOWN ***
8984a61f collected $1.54 from pot
*** SUMMARY ***
Total pot $1.67 | Rake $0.08 | Jackpot $0.05 | Bingo $0 | Fortune $0
Board [6d Kc 8s 7d Qc]
Seat 1: f0fdfa00 folded before Flop (didn't bet)
Seat 2: 355d1c07 folded before Flop (didn't bet)
Seat 3: 646a7f98 (button) folded on the River
Seat 4: Hero (small blind) folded before Flop
Seat 5: 8984a61f (big blind) won ($1.54)
Seat 6: b33861e5 folded on the Turn


Poker Hand #HD1147196831: Hold'em No Limit  ($0.02/$0.05) - 2023/03/05 16:19:09
Table 'NLHBlue6' 6-max Seat #2 is the button
Seat 1: f0fdfa00 ($5.07 in chips)
Seat 2: 355d1c07 ($5.34 in chips)
Seat 3: 646a7f98 ($4.52 in chips)
Seat 4: Hero ($5.59 in chips)
Seat 5: 8984a61f ($4.45 in chips)
Seat 6: b33861e5 ($9.36 in chips)
646a7f98: posts small blind $0.02
Hero: posts big blind $0.05
*** HOLE CARDS ***
Dealt to f0fdfa00 
Dealt to 355d1c07 
Dealt to 646a7f98 
Dealt to Hero [2s 3d]
Dealt to 8984a61f 
Dealt to b33861e5 
8984a61f: raises $0.05 to $0.1
b33861e5: folds
f0fdfa00: folds
355d1c07: folds
646a7f98: folds
Hero: folds
Uncalled bet ($0.05) returned to 8984a61f
*** SHOWDOWN ***
8984a61f collected $0.12 from pot
*** SUMMARY ***
Total pot $0.12 | Rake $0 | Jackpot $0 | Bingo $0 | Fortune $0
Seat 1: f0fdfa00 folded before Flop (didn't bet)
Seat 2: 355d1c07 (button) folded before Flop (didn't bet)
Seat 3: 646a7f98 (small blind) folded before Flop
Seat 4: Hero (big blind) folded before Flop
Seat 5: 8984a61f collected ($0.12)
Seat 6: b33861e5 folded before Flop (didn't bet)


Poker Hand #HD1147196785: Hold'em No Limit  ($0.02/$0.05) - 2023/03/05 16:18:53
Table 'NLHBlue6' 6-max Seat #1 is the button
Seat 1: f0fdfa00 ($5.07 in chips)
Seat 2: 355d1c07 ($5.36 in chips)
Seat 3: 646a7f98 ($4.57 in chips)
Seat 4: Hero ($5.59 in chips)
Seat 5: 8984a61f ($4.38 in chips)
Seat 6: b33861e5 ($9.36 in chips)
355d1c07: posts small blind $0.02
646a7f98: posts big blind $0.05
*** HOLE CARDS ***
Dealt to f0fdfa00 
Dealt to 355d1c07 
Dealt to 646a7f98 
Dealt to Hero [6d Qh]
Dealt to 8984a61f 
Dealt to b33861e5 
Hero: folds
8984a61f: raises $0.05 to $0.1
b33861e5: folds
f0fdfa00: folds
355d1c07: folds
646a7f98: folds
Uncalled bet ($0.05) returned to 8984a61f
*** SHOWDOWN ***
8984a61f collected $0.12 from pot
*** SUMMARY ***
Total pot $0.12 | Rake $0 | Jackpot $0 | Bingo $0 | Fortune $0
Seat 1: f0fdfa00 (button) folded before Flop (didn't bet)
Seat 2: 355d1c07 (small blind) folded before Flop
Seat 3: 646a7f98 (big blind) folded before Flop
Seat 4: Hero folded before Flop (didn't bet)
Seat 5: 8984a61f collected ($0.12)
Seat 6: b33861e5 folded before Flop (didn't bet)


Poker Hand #HD1147196578: Hold'em No Limit  ($0.02/$0.05) - 2023/03/05 16:17:34
Table 'NLHBlue6' 6-max Seat #6 is the button
Seat 1: f0fdfa00 ($5.17 in chips)
Seat 2: 355d1c07 ($5.46 in chips)
Seat 3: 646a7f98 ($4.57 in chips)
Seat 4: Hero ($5.59 in chips)
Seat 5: 8984a61f ($4.78 in chips)
Seat 6: b33861e5 ($8.81 in chips)
f0fdfa00: posts small blind $0.02
355d1c07: posts big blind $0.05
*** HOLE CARDS ***
Dealt to f0fdfa00 
Dealt to 355d1c07 
Dealt to 646a7f98 
Dealt to Hero [6s Ad]
Dealt to 8984a61f 
Dealt to b33861e5 
646a7f98: folds
Hero: folds
8984a61f: raises $0.05 to $0.1
b33861e5: calls $0.1
f0fdfa00: calls $0.08
355d1c07: calls $0.05
*** FLOP *** [7s 6h 5c]
f0fdfa00: checks
355d1c07: checks
8984a61f: checks
b33861e5: checks
*** TURN *** [7s 6h 5c] [Qs]
f0fdfa00: checks
355d1c07: checks
8984a61f: bets $0.05
b33861e5: raises $0.25 to $0.3
f0fdfa00: folds
355d1c07: folds
8984a61f: calls $0.25
*** RIVER *** [7s 6h 5c Qs] [Js]
8984a61f: checks
b33861e5: checks
8984a61f: shows [Kc 4s] (King-High)
b33861e5: shows [Td Qh] (Pair of Queens)
*** SHOWDOWN ***
b33861e5 collected $0.95 from pot
*** SUMMARY ***
Total pot $1 | Rake $0.05 | Jackpot $0 | Bingo $0 | Fortune $0
Board [7s 6h 5c Qs Js]
Seat 1: f0fdfa00 (small blind) folded on the Turn
Seat 2: 355d1c07 (big blind) folded on the Turn
Seat 3: 646a7f98 folded before Flop (didn't bet)
Seat 4: Hero folded before Flop (didn't bet)
Seat 5: 8984a61f showed [Kc 4s] and lost with King-High
Seat 6: b33861e5 (button) showed [Td Qh] and won ($0.95) with Pair of Queens


Poker Hand #HD1147196377: Hold'em No Limit  ($0.02/$0.05) - 2023/03/05 16:16:19
Table 'NLHBlue6' 6-max Seat #5 is the button
Seat 1: f0fdfa00 ($5.22 in chips)
Seat 2: 355d1c07 ($5 in chips)
Seat 3: 646a7f98 ($5 in chips)
Seat 4: Hero ($5.59 in chips)
Seat 5: 8984a61f ($4.78 in chips)
Seat 6: b33861e5 ($8.83 in chips)
b33861e5: posts small blind $0.02
f0fdfa00: posts big blind $0.05
*** HOLE CARDS ***
Dealt to f0fdfa00 
Dealt to 355d1c07 
Dealt to 646a7f98 
Dealt to Hero [6h 4s]
Dealt to 8984a61f 
Dealt to b33861e5 
355d1c07: raises $0.1 to $0.15
646a7f98: raises $0.28 to $0.43
Hero: folds
8984a61f: folds
b33861e5: folds
f0fdfa00: folds
355d1c07: calls $0.28
*** FLOP *** [8c As Kd]
355d1c07: checks
646a7f98: checks
*** TURN *** [8c As Kd] [8d]
355d1c07: checks
646a7f98: checks
*** RIVER *** [8c As Kd 8d] [Qh]
355d1c07: bets $0.55
646a7f98: folds
Uncalled bet ($0.55) returned to 355d1c07
646a7f98: shows [Jh Jd] (Pair of Jacks and Pair of Eights)
*** SHOWDOWN ***
355d1c07 collected $0.89 from pot
*** SUMMARY ***
Total pot $0.93 | Rake $0.04 | Jackpot $0 | Bingo $0 | Fortune $0
Board [8c As Kd 8d Qh]
Seat 1: f0fdfa00 (big blind) folded before Flop
Seat 2: 355d1c07 won ($0.89)
Seat 3: 646a7f98 folded on the River
Seat 4: Hero folded before Flop (didn't bet)
Seat 5: 8984a61f (button) folded before Flop (didn't bet)
Seat 6: b33861e5 (small blind) folded before Flop


Poker Hand #HD1147196315: Hold'em No Limit  ($0.02/$0.05) - 2023/03/05 16:15:56
Table 'NLHBlue6' 6-max Seat #4 is the button
Seat 2: 355d1c07 ($5 in chips)
Seat 3: 646a7f98 ($5 in chips)
Seat 4: Hero ($5.59 in chips)
Seat 5: 8984a61f ($4.73 in chips)
Seat 6: b33861e5 ($8.88 in chips)
8984a61f: posts small blind $0.02
b33861e5: posts big blind $0.05
*** HOLE CARDS ***
Dealt to 355d1c07 
Dealt to 646a7f98 
Dealt to Hero [Jc 7h]
Dealt to 8984a61f 
Dealt to b33861e5 
355d1c07: folds
646a7f98: folds
Hero: folds
8984a61f: raises $0.05 to $0.1
b33861e5: folds
Uncalled bet ($0.05) returned to 8984a61f
*** SHOWDOWN ***
8984a61f collected $0.1 from pot
*** SUMMARY ***
Total pot $0.1 | Rake $0 | Jackpot $0 | Bingo $0 | Fortune $0
Seat 2: 355d1c07 folded before Flop (didn't bet)
Seat 3: 646a7f98 folded before Flop (didn't bet)
Seat 4: Hero (button) folded before Flop (didn't bet)
Seat 5: 8984a61f (small blind) collected ($0.1)
Seat 6: b33861e5 (big blind) folded before Flop


Poker Hand #HD1147196240: Hold'em No Limit  ($0.02/$0.05) - 2023/03/05 16:15:26
Table 'NLHBlue6' 6-max Seat #3 is the button
Seat 2: 355d1c07 ($5.05 in chips)
Seat 3: 646a7f98 ($4.79 in chips)
Seat 4: Hero ($5.61 in chips)
Seat 5: 8984a61f ($4.78 in chips)
Seat 6: b33861e5 ($8.88 in chips)
Hero: posts small blind $0.02
8984a61f: posts big blind $0.05
*** HOLE CARDS ***
Dealt to 355d1c07 
Dealt to 646a7f98 
Dealt to Hero [6c Jc]
Dealt to 8984a61f 
Dealt to b33861e5 
b33861e5: folds
355d1c07: raises $0.1 to $0.15
646a7f98: calls $0.15
Hero: folds
8984a61f: folds
*** FLOP *** [4d Kc Qs]
355d1c07: checks
646a7f98: bets $0.19
355d1c07: folds
Uncalled bet ($0.19) returned to 646a7f98
*** SHOWDOWN ***
646a7f98 collected $0.36 from pot
*** SUMMARY ***
Total pot $0.37 | Rake $0.01 | Jackpot $0 | Bingo $0 | Fortune $0
Board [4d Kc Qs]
Seat 2: 355d1c07 folded on the Flop
Seat 3: 646a7f98 (button) won ($0.36)
Seat 4: Hero (small blind) folded before Flop
Seat 5: 8984a61f (big blind) folded before Flop
Seat 6: b33861e5 folded before Flop (didn't bet)


Poker Hand #HD1147196103: Hold'em No Limit  ($0.02/$0.05) - 2023/03/05 16:14:35
Table 'NLHBlue6' 6-max Seat #2 is the button
Seat 2: 355d1c07 ($5.05 in chips)
Seat 3: 646a7f98 ($4.81 in chips)
Seat 4: Hero ($5.71 in chips)
Seat 5: 8984a61f ($5.04 in chips)
Seat 6: b33861e5 ($8.53 in chips)
646a7f98: posts small blind $0.02
Hero: posts big blind $0.05
*** HOLE CARDS ***
Dealt to 355d1c07 
Dealt to 646a7f98 
Dealt to Hero [As 3s]
Dealt to 8984a61f 
Dealt to b33861e5 
8984a61f: raises $0.05 to $0.1
b33861e5: calls $0.1
355d1c07: folds
646a7f98: folds
Hero: calls $0.05
*** FLOP *** [Kc 6d Kd]
Hero: checks
8984a61f: bets $0.16
b33861e5: calls $0.16
Hero: folds
*** TURN *** [Kc 6d Kd] [3d]
8984a61f: checks
b33861e5: checks
*** RIVER *** [Kc 6d Kd 3d] [7s]
8984a61f: checks
b33861e5: checks
8984a61f: shows [Jh Ac] (Pair of Kings)
b33861e5: shows [4s 4d] (Pair of Kings and Pair of Fours)
*** SHOWDOWN ***
b33861e5 collected $0.61 from pot
*** SUMMARY ***
Total pot $0.64 | Rake $0.03 | Jackpot $0 | Bingo $0 | Fortune $0
Board [Kc 6d Kd 3d 7s]
Seat 2: 355d1c07 (button) folded before Flop (didn't bet)
Seat 3: 646a7f98 (small blind) folded before Flop
Seat 4: Hero (big blind) folded on the Flop
Seat 5: 8984a61f showed [Jh Ac] and lost with Pair of Kings
Seat 6: b33861e5 showed [4s 4d] and won ($0.61) with Pair of Kings and Pair of Fours


Poker Hand #HD1147195970: Hold'em No Limit  ($0.02/$0.05) - 2023/03/05 16:13:50
Table 'NLHBlue6' 6-max Seat #6 is the button
Seat 2: 355d1c07 ($5.07 in chips)
Seat 3: 646a7f98 ($5.5 in chips)
Seat 4: Hero ($5 in chips)
Seat 5: 8984a61f ($5.16 in chips)
Seat 6: b33861e5 ($8.53 in chips)
355d1c07: posts small blind $0.02
646a7f98: posts big blind $0.05
*** HOLE CARDS ***
Dealt to 355d1c07 
Dealt to 646a7f98 
Dealt to Hero [Th Tc]
Dealt to 8984a61f 
Dealt to b33861e5 
Hero: raises $0.07 to $0.12
8984a61f: calls $0.12
b33861e5: folds
355d1c07: folds
646a7f98: calls $0.07
*** FLOP *** [5d 7d 3h]
646a7f98: checks
Hero: bets $0.19
8984a61f: folds
646a7f98: raises $0.38 to $0.57
Hero: calls $0.38
*** TURN *** [5d 7d 3h] [Ad]
646a7f98: checks
Hero: checks
*** RIVER *** [5d 7d 3h Ad] [Kd]
646a7f98: checks
Hero: checks
646a7f98: shows [6c 7c] (Pair of Sevens)
Hero: shows [Th Tc] (Pair of Tens)
*** SHOWDOWN ***
Hero collected $1.4 from pot
*** SUMMARY ***
Total pot $1.52 | Rake $0.07 | Jackpot $0.05 | Bingo $0 | Fortune $0
Board [5d 7d 3h Ad Kd]
Seat 2: 355d1c07 (small blind) folded before Flop
Seat 3: 646a7f98 (big blind) showed [6c 7c] and lost with Pair of Sevens
Seat 4: Hero showed [Th Tc] and won ($1.4) with Pair of Tens
Seat 5: 8984a61f folded on the Flop
Seat 6: b33861e5 (button) folded before Flop (didn't bet)


Poker Hand #HD1147195928: Hold'em No Limit  ($0.02/$0.05) - 2023/03/05 16:13:36
Table 'NLHBlue6' 6-max Seat #5 is the button
Seat 2: 355d1c07 ($5.12 in chips)
Seat 3: 646a7f98 ($5.5 in chips)
Seat 4: Hero ($5 in chips)
Seat 5: 8984a61f ($5.09 in chips)
Seat 6: b33861e5 ($8.55 in chips)
b33861e5: posts small blind $0.02
355d1c07: posts big blind $0.05
*** HOLE CARDS ***
Dealt to 355d1c07 
Dealt to 646a7f98 
Dealt to Hero [5d Js]
Dealt to 8984a61f 
Dealt to b33861e5 
646a7f98: folds
Hero: folds
8984a61f: raises $0.05 to $0.1
b33861e5: folds
355d1c07: folds
Uncalled bet ($0.05) returned to 8984a61f
*** SHOWDOWN ***
8984a61f collected $0.12 from pot
*** SUMMARY ***
Total pot $0.12 | Rake $0 | Jackpot $0 | Bingo $0 | Fortune $0
Seat 2: 355d1c07 (big blind) folded before Flop
Seat 3: 646a7f98 folded before Flop (didn't bet)
Seat 4: Hero folded before Flop (didn't bet)
Seat 5: 8984a61f (button) collected ($0.12)
Seat 6: b33861e5 (small blind) folded before Flop


Poker Hand #HD1147195875: Hold'em No Limit  ($0.02/$0.05) - 2023/03/05 16:13:16
Table 'NLHBlue6' 6-max Seat #4 is the button
Seat 2: 355d1c07 ($5.12 in chips)
Seat 3: 646a7f98 ($5.5 in chips)
Seat 4: Hero ($5 in chips)
Seat 5: 8984a61f ($5.04 in chips)
Seat 6: b33861e5 ($8.6 in chips)
8984a61f: posts small blind $0.02
b33861e5: posts big blind $0.05
*** HOLE CARDS ***
Dealt to 355d1c07 
Dealt to 646a7f98 
Dealt to Hero [4h 6c]
Dealt to 8984a61f 
Dealt to b33861e5 
355d1c07: folds
646a7f98: folds
Hero: folds
8984a61f: raises $0.05 to $0.1
b33861e5: folds
Uncalled bet ($0.05) returned to 8984a61f
*** SHOWDOWN ***
8984a61f collected $0.1 from pot
*** SUMMARY ***
Total pot $0.1 | Rake $0 | Jackpot $0 | Bingo $0 | Fortune $0
Seat 2: 355d1c07 folded before Flop (didn't bet)
Seat 3: 646a7f98 folded before Flop (didn't bet)
Seat 4: Hero (button) folded before Flop (didn't bet)
Seat 5: 8984a61f (small blind) collected ($0.1)
Seat 6: b33861e5 (big blind) folded before Flop


Poker Hand #HD1147195794: Hold'em No Limit  ($0.02/$0.05) - 2023/03/05 16:12:47
Table 'NLHBlue6' 6-max Seat #3 is the button
Seat 2: 355d1c07 ($5.12 in chips)
Seat 3: 646a7f98 ($5.31 in chips)
Seat 4: Hero ($5 in chips)
Seat 5: 8984a61f ($5.09 in chips)
Seat 6: b33861e5 ($8.73 in chips)
Hero: posts small blind $0.02
8984a61f: posts big blind $0.05
*** HOLE CARDS ***
Dealt to 355d1c07 
Dealt to 646a7f98 
Dealt to Hero [5h 6c]
Dealt to 8984a61f 
Dealt to b33861e5 
b33861e5: raises $0.08 to $0.13
355d1c07: folds
646a7f98: calls $0.13
Hero: folds
8984a61f: folds
*** FLOP *** [5c Qh Qs]
b33861e5: checks
646a7f98: checks
*** TURN *** [5c Qh Qs] [Qc]
b33861e5: checks
646a7f98: bets $0.17
b33861e5: folds
Uncalled bet ($0.17) returned to 646a7f98
*** SHOWDOWN ***
646a7f98 collected $0.32 from pot
*** SUMMARY ***
Total pot $0.33 | Rake $0.01 | Jackpot $0 | Bingo $0 | Fortune $0
Board [5c Qh Qs Qc]
Seat 2: 355d1c07 folded before Flop (didn't bet)
Seat 3: 646a7f98 (button) won ($0.32)
Seat 4: Hero (small blind) folded before Flop
Seat 5: 8984a61f (big blind) folded before Flop
Seat 6: b33861e5 folded on the Turn


Poker Hand #HD1147115597: Hold'em No Limit  ($0.02/$0.05) - 2023/03/05 16:11:32
Table 'NLHBlue6' 6-max Seat #2 is the button
Seat 2: 355d1c07 ($5.12 in chips)
Seat 3: 646a7f98 ($5.83 in chips)
Seat 4: Hero ($5.02 in chips)
Seat 5: 8984a61f ($5.19 in chips)
Seat 6: b33861e5 ($8.12 in chips)
646a7f98: posts small blind $0.02
Hero: posts big blind $0.05
*** HOLE CARDS ***
Dealt to 355d1c07 
Dealt to 646a7f98 
Dealt to Hero [3d 5s]
Dealt to 8984a61f 
Dealt to b33861e5 
8984a61f: raises $0.05 to $0.1
b33861e5: calls $0.1
355d1c07: folds
646a7f98: calls $0.08
Hero: folds
*** FLOP *** [4h 2d 8s]
646a7f98: checks
8984a61f: checks
b33861e5: bets $0.18
646a7f98: calls $0.18
8984a61f: folds
*** TURN *** [4h 2d 8s] [Tc]
646a7f98: checks
b33861e5: checks
*** RIVER *** [4h 2d 8s Tc] [Ts]
646a7f98: bets $0.24
b33861e5: calls $0.24
646a7f98: shows [4s As] (Pair of Tens and Pair of Fours)
b33861e5: shows [Jc 8c] (Pair of Tens and Pair of Eights)
*** SHOWDOWN ***
b33861e5 collected $1.13 from pot
*** SUMMARY ***
Total pot $1.19 | Rake $0.06 | Jackpot $0 | Bingo $0 | Fortune $0
Board [4h 2d 8s Tc Ts]
Seat 2: 355d1c07 (button) folded before Flop (didn't bet)
Seat 3: 646a7f98 (small blind) showed [4s As] and lost with Pair of Tens and Pair of Fours
Seat 4: Hero (big blind) folded before Flop
Seat 5: 8984a61f folded on the Flop
Seat 6: b33861e5 showed [Jc 8c] and won ($1.13) with Pair of Tens and Pair of Eights


Poker Hand #HD1147115553: Hold'em No Limit  ($0.02/$0.05) - 2023/03/05 16:11:15
Table 'NLHBlue6' 6-max Seat #6 is the button
Seat 2: 355d1c07 ($5.14 in chips)
Seat 3: 646a7f98 ($5.88 in chips)
Seat 4: Hero ($5.02 in chips)
Seat 5: 8984a61f ($5.12 in chips)
Seat 6: b33861e5 ($8.12 in chips)
355d1c07: posts small blind $0.02
646a7f98: posts big blind $0.05
*** HOLE CARDS ***
Dealt to 355d1c07 
Dealt to 646a7f98 
Dealt to Hero [Kd 6s]
Dealt to 8984a61f 
Dealt to b33861e5 
Hero: folds
8984a61f: raises $0.05 to $0.1
b33861e5: folds
355d1c07: folds
646a7f98: folds
Uncalled bet ($0.05) returned to 8984a61f
*** SHOWDOWN ***
8984a61f collected $0.12 from pot
*** SUMMARY ***
Total pot $0.12 | Rake $0 | Jackpot $0 | Bingo $0 | Fortune $0
Seat 2: 355d1c07 (small blind) folded before Flop
Seat 3: 646a7f98 (big blind) folded before Flop
Seat 4: Hero folded before Flop (didn't bet)
Seat 5: 8984a61f collected ($0.12)
Seat 6: b33861e5 (button) folded before Flop (didn't bet)


Poker Hand #HD1147115493: Hold'em No Limit  ($0.02/$0.05) - 2023/03/05 16:10:51
Table 'NLHBlue6' 6-max Seat #5 is the button
Seat 2: 355d1c07 ($5.19 in chips)
Seat 3: 646a7f98 ($5.88 in chips)
Seat 4: Hero ($5.02 in chips)
Seat 5: 8984a61f ($5.05 in chips)
Seat 6: b33861e5 ($8.14 in chips)
b33861e5: posts small blind $0.02
355d1c07: posts big blind $0.05
*** HOLE CARDS ***
Dealt to 355d1c07 
Dealt to 646a7f98 
Dealt to Hero [As 7c]
Dealt to 8984a61f 
Dealt to b33861e5 
646a7f98: folds
Hero: folds
8984a61f: calls $0.05
b33861e5: folds
355d1c07: checks
*** FLOP *** [Ks 5h Kd]
355d1c07: checks
8984a61f: checks
*** TURN *** [Ks 5h Kd] [Ts]
355d1c07: checks
8984a61f: bets $0.06
355d1c07: folds
Uncalled bet ($0.06) returned to 8984a61f
*** SHOWDOWN ***
8984a61f collected $0.12 from pot
*** SUMMARY ***
Total pot $0.12 | Rake $0 | Jackpot $0 | Bingo $0 | Fortune $0
Board [Ks 5h Kd Ts]
Seat 2: 355d1c07 (big blind) folded on the Turn
Seat 3: 646a7f98 folded before Flop (didn't bet)
Seat 4: Hero folded before Flop (didn't bet)
Seat 5: 8984a61f (button) won ($0.12)
Seat 6: b33861e5 (small blind) folded before Flop


Poker Hand #HD1147115460: Hold'em No Limit  ($0.02/$0.05) - 2023/03/05 16:10:38
Table 'NLHBlue6' 6-max Seat #4 is the button
Seat 1: f0fdfa00 ($5.22 in chips)
Seat 2: 355d1c07 ($5.19 in chips)
Seat 3: 646a7f98 ($5.88 in chips)
Seat 4: Hero ($5.02 in chips)
Seat 5: 8984a61f ($5 in chips)
Seat 6: b33861e5 ($8.19 in chips)
8984a61f: posts small blind $0.02
b33861e5: posts big blind $0.05
*** HOLE CARDS ***
Dealt to f0fdfa00 
Dealt to 355d1c07 
Dealt to 646a7f98 
Dealt to Hero [Qc 8d]
Dealt to 8984a61f 
Dealt to b33861e5 
f0fdfa00: folds
355d1c07: folds
646a7f98: folds
Hero: folds
8984a61f: raises $0.05 to $0.1
b33861e5: folds
Uncalled bet ($0.05) returned to 8984a61f
*** SHOWDOWN ***
8984a61f collected $0.1 from pot
*** SUMMARY ***
Total pot $0.1 | Rake $0 | Jackpot $0 | Bingo $0 | Fortune $0
Seat 1: f0fdfa00 folded before Flop (didn't bet)
Seat 2: 355d1c07 folded before Flop (didn't bet)
Seat 3: 646a7f98 folded before Flop (didn't bet)
Seat 4: Hero (button) folded before Flop (didn't bet)
Seat 5: 8984a61f (small blind) collected ($0.1)
Seat 6: b33861e5 (big blind) folded before Flop


Poker Hand #HD1147115435: Hold'em No Limit  ($0.02/$0.05) - 2023/03/05 16:10:29
Table 'NLHBlue6' 6-max Seat #3 is the button
Seat 1: f0fdfa00 ($5.22 in chips)
Seat 2: 355d1c07 ($5.19 in chips)
Seat 3: 646a7f98 ($5.88 in chips)
Seat 4: Hero ($5 in chips)
Seat 5: 8984a61f ($4.98 in chips)
Seat 6: b33861e5 ($8.19 in chips)
Hero: posts small blind $0.02
8984a61f: posts big blind $0.05
*** HOLE CARDS ***
Dealt to f0fdfa00 
Dealt to 355d1c07 
Dealt to 646a7f98 
Dealt to Hero [Jc 5c]
Dealt to 8984a61f 
Dealt to b33861e5 
b33861e5: folds
f0fdfa00: folds
355d1c07: folds
646a7f98: folds
Hero: folds
Uncalled bet ($0.03) returned to 8984a61f
*** SHOWDOWN ***
8984a61f collected $0.04 from pot
*** SUMMARY ***
Total pot $0.04 | Rake $0 | Jackpot $0 | Bingo $0 | Fortune $0
Seat 1: f0fdfa00 folded before Flop (didn't bet)
Seat 2: 355d1c07 folded before Flop (didn't bet)
Seat 3: 646a7f98 (button) folded before Flop (didn't bet)
Seat 4: Hero (small blind) folded before Flop
Seat 5: 8984a61f (big blind) collected ($0.04)
Seat 6: b33861e5 folded before Flop (didn't bet)


Poker Hand #HD1147115356: Hold'em No Limit  ($0.02/$0.05) - 2023/03/05 16:10:04
Table 'NLHBlue6' 6-max Seat #2 is the button
Seat 1: f0fdfa00 ($5.22 in chips)
Seat 2: 355d1c07 ($5 in chips)
Seat 3: 646a7f98 ($5.9 in chips)
Seat 4: Hero ($5 in chips)
Seat 5: 8984a61f ($4.98 in chips)
Seat 6: b33861e5 ($8.32 in chips)
646a7f98: posts small blind $0.02
Hero: posts big blind $0.05
*** HOLE CARDS ***
Dealt to f0fdfa00 
Dealt to 355d1c07 
Dealt to 646a7f98 
Dealt to Hero [3c Kd]
Dealt to 8984a61f 
Dealt to b33861e5 
8984a61f: folds
b33861e5: raises $0.08 to $0.13
f0fdfa00: folds
355d1c07: raises $0.3 to $0.43
646a7f98: folds
Hero: folds
b33861e5: folds
Uncalled bet ($0.3) returned to 355d1c07
*** SHOWDOWN ***
355d1c07 collected $0.32 from pot
*** SUMMARY ***
Total pot $0.33 | Rake $0.01 | Jackpot $0 | Bingo $0 | Fortune $0
Seat 1: f0fdfa00 folded before Flop (didn't bet)
Seat 2: 355d1c07 (button) collected ($0.32)
Seat 3: 646a7f98 (small blind) folded before Flop
Seat 4: Hero (big blind) folded before Flop
Seat 5: 8984a61f folded before Flop (didn't bet)
Seat 6: b33861e5 folded before Flop


