Poker Hand #HD1150218314: Hold'em No Limit  ($0.02/$0.05) - 2023/03/07 18:48:58
Table 'NLHBlue5' 6-max Seat #3 is the button
Seat 1: Hero ($5 in chips)
Seat 2: 57da97c4 ($3.83 in chips)
Seat 3: 8595a917 ($5 in chips)
Seat 4: 3ace8f77 ($9.97 in chips)
Seat 6: 894c8bfc ($5.82 in chips)
3ace8f77: posts small blind $0.02
894c8bfc: posts big blind $0.05
*** HOLE CARDS ***
Dealt to Hero [Js Kd]
Dealt to 57da97c4 
Dealt to 8595a917 
Dealt to 3ace8f77 
Dealt to 894c8bfc 
Hero: folds
57da97c4: calls $0.05
8595a917: folds
3ace8f77: folds
894c8bfc: checks
*** FLOP *** [9h Jh 3h]
894c8bfc: checks
57da97c4: bets $0.06
894c8bfc: folds
Uncalled bet ($0.06) returned to 57da97c4
*** SHOWDOWN ***
57da97c4 collected $0.12 from pot
*** SUMMARY ***
Total pot $0.12 | Rake $0 | Jackpot $0 | Bingo $0 | Fortune $0
Board [9h Jh 3h]
Seat 1: Hero folded before Flop (didn't bet)
Seat 2: 57da97c4 won ($0.12)
Seat 3: 8595a917 (button) folded before Flop (didn't bet)
Seat 4: 3ace8f77 (small blind) folded before Flop
Seat 6: 894c8bfc (big blind) folded on the Flop


Poker Hand #HD1150218238: Hold'em No Limit  ($0.02/$0.05) - 2023/03/07 18:48:24
Table 'NLHBlue5' 6-max Seat #2 is the button
Seat 1: Hero ($5 in chips)
Seat 2: 57da97c4 ($3.88 in chips)
Seat 3: 8595a917 ($5 in chips)
Seat 4: 3ace8f77 ($9.9 in chips)
Seat 6: 894c8bfc ($5.82 in chips)
8595a917: posts small blind $0.02
3ace8f77: posts big blind $0.05
*** HOLE CARDS ***
Dealt to Hero [2s 3c]
Dealt to 57da97c4 
Dealt to 8595a917 
Dealt to 3ace8f77 
Dealt to 894c8bfc 
894c8bfc: folds
Hero: folds
57da97c4: calls $0.05
8595a917: folds
3ace8f77: checks
*** FLOP *** [Qc Ad 8c]
3ace8f77: checks
57da97c4: checks
*** TURN *** [Qc Ad 8c] [2h]
3ace8f77: checks
57da97c4: checks
*** RIVER *** [Qc Ad 8c 2h] [Td]
3ace8f77: checks
57da97c4: checks
3ace8f77: shows [Kh 6d] (Ace-High)
57da97c4: shows [7s Jc] (Ace-High)
*** SHOWDOWN ***
3ace8f77 collected $0.12 from pot
*** SUMMARY ***
Total pot $0.12 | Rake $0 | Jackpot $0 | Bingo $0 | Fortune $0
Board [Qc Ad 8c 2h Td]
Seat 1: Hero folded before Flop (didn't bet)
Seat 2: 57da97c4 (button) showed [7s Jc] and lost with Ace-High
Seat 3: 8595a917 (small blind) folded before Flop
Seat 4: 3ace8f77 (big blind) showed [Kh 6d] and won ($0.12) with Ace-High
Seat 6: 894c8bfc folded before Flop (didn't bet)


Poker Hand #HD1150218143: Hold'em No Limit  ($0.02/$0.05) - 2023/03/07 18:47:43
Table 'NLHBlue5' 6-max Seat #1 is the button
Seat 1: Hero ($5.35 in chips)
Seat 2: 57da97c4 ($3.9 in chips)
Seat 3: 8595a917 ($5 in chips)
Seat 4: 3ace8f77 ($8.78 in chips)
Seat 6: 894c8bfc ($5.82 in chips)
57da97c4: posts small blind $0.02
8595a917: posts big blind $0.05
*** HOLE CARDS ***
Dealt to Hero [Ac As]
Dealt to 57da97c4 
Dealt to 8595a917 
Dealt to 3ace8f77 
Dealt to 894c8bfc 
3ace8f77: raises $0.05 to $0.1
894c8bfc: folds
Hero: raises $0.22 to $0.32
57da97c4: folds
8595a917: folds
3ace8f77: calls $0.22
*** FLOP *** [4d Qs Th]
3ace8f77: checks
Hero: bets $0.4
3ace8f77: calls $0.4
*** TURN *** [4d Qs Th] [Js]
3ace8f77: checks
Hero: checks
*** RIVER *** [4d Qs Th Js] [2c]
3ace8f77: bets $0.5
Hero: calls $0.5
3ace8f77: shows [Jc Qc] (Pair of Queens and Pair of Jacks)
Hero: shows [Ac As] (Pair of Aces)
*** SHOWDOWN ***
3ace8f77 collected $2.34 from pot
*** SUMMARY ***
Total pot $2.51 | Rake $0.12 | Jackpot $0.05 | Bingo $0 | Fortune $0
Board [4d Qs Th Js 2c]
Seat 1: Hero (button) showed [Ac As] and lost with Pair of Aces
Seat 2: 57da97c4 (small blind) folded before Flop
Seat 3: 8595a917 (big blind) folded before Flop
Seat 4: 3ace8f77 showed [Jc Qc] and won ($2.34) with Pair of Queens and Pair of Jacks
Seat 6: 894c8bfc folded before Flop (didn't bet)


Poker Hand #HD1150218122: Hold'em No Limit  ($0.02/$0.05) - 2023/03/07 18:47:34
Table 'NLHBlue5' 6-max Seat #6 is the button
Seat 1: Hero ($5.37 in chips)
Seat 2: 57da97c4 ($3.88 in chips)
Seat 4: 3ace8f77 ($8.78 in chips)
Seat 6: 894c8bfc ($5.82 in chips)
Hero: posts small blind $0.02
57da97c4: posts big blind $0.05
*** HOLE CARDS ***
Dealt to Hero [8c Kh]
Dealt to 57da97c4 
Dealt to 3ace8f77 
Dealt to 894c8bfc 
3ace8f77: folds
894c8bfc: folds
Hero: folds
Uncalled bet ($0.03) returned to 57da97c4
*** SHOWDOWN ***
57da97c4 collected $0.04 from pot
*** SUMMARY ***
Total pot $0.04 | Rake $0 | Jackpot $0 | Bingo $0 | Fortune $0
Seat 1: Hero (small blind) folded before Flop
Seat 2: 57da97c4 (big blind) collected ($0.04)
Seat 4: 3ace8f77 folded before Flop (didn't bet)
Seat 6: 894c8bfc (button) folded before Flop (didn't bet)


Poker Hand #HD1150217995: Hold'em No Limit  ($0.02/$0.05) - 2023/03/07 18:46:48
Table 'NLHBlue5' 6-max Seat #4 is the button
Seat 1: Hero ($5.12 in chips)
Seat 2: 57da97c4 ($3.93 in chips)
Seat 4: 3ace8f77 ($8.98 in chips)
Seat 6: 894c8bfc ($5.84 in chips)
894c8bfc: posts small blind $0.02
Hero: posts big blind $0.05
*** HOLE CARDS ***
Dealt to Hero [Td Ts]
Dealt to 57da97c4 
Dealt to 3ace8f77 
Dealt to 894c8bfc 
57da97c4: calls $0.05
3ace8f77: raises $0.15 to $0.2
894c8bfc: folds
Hero: calls $0.15
57da97c4: folds
*** FLOP *** [3d 3c 9s]
Hero: checks
3ace8f77: checks
*** TURN *** [3d 3c 9s] [Qh]
Hero: checks
3ace8f77: checks
*** RIVER *** [3d 3c 9s Qh] [6d]
Hero: bets $0.24
3ace8f77: folds
Uncalled bet ($0.24) returned to Hero
*** SHOWDOWN ***
Hero collected $0.45 from pot
*** SUMMARY ***
Total pot $0.47 | Rake $0.02 | Jackpot $0 | Bingo $0 | Fortune $0
Board [3d 3c 9s Qh 6d]
Seat 1: Hero (big blind) won ($0.45)
Seat 2: 57da97c4 folded before Flop
Seat 4: 3ace8f77 (button) folded on the River
Seat 6: 894c8bfc (small blind) folded before Flop


Poker Hand #HD1150217956: Hold'em No Limit  ($0.02/$0.05) - 2023/03/07 18:46:29
Table 'NLHBlue5' 6-max Seat #2 is the button
Seat 1: Hero ($5.12 in chips)
Seat 2: 57da97c4 ($3.98 in chips)
Seat 3: 32f8f5fd ($5.13 in chips)
Seat 4: 3ace8f77 ($9.03 in chips)
Seat 6: 894c8bfc ($5.84 in chips)
32f8f5fd: posts small blind $0.02
3ace8f77: posts big blind $0.05
*** HOLE CARDS ***
Dealt to Hero [8h 6s]
Dealt to 57da97c4 
Dealt to 32f8f5fd 
Dealt to 3ace8f77 
Dealt to 894c8bfc 
894c8bfc: folds
Hero: folds
57da97c4: calls $0.05
32f8f5fd: calls $0.03
3ace8f77: checks
*** FLOP *** [Qc 9c 4h]
32f8f5fd: bets $0.08
3ace8f77: folds
57da97c4: folds
Uncalled bet ($0.08) returned to 32f8f5fd
*** SHOWDOWN ***
32f8f5fd collected $0.15 from pot
*** SUMMARY ***
Total pot $0.15 | Rake $0 | Jackpot $0 | Bingo $0 | Fortune $0
Board [Qc 9c 4h]
Seat 1: Hero folded before Flop (didn't bet)
Seat 2: 57da97c4 (button) folded on the Flop
Seat 3: 32f8f5fd (small blind) won ($0.15)
Seat 4: 3ace8f77 (big blind) folded on the Flop
Seat 6: 894c8bfc folded before Flop (didn't bet)


Poker Hand #HD1150217843: Hold'em No Limit  ($0.02/$0.05) - 2023/03/07 18:45:48
Table 'NLHBlue5' 6-max Seat #1 is the button
Seat 1: Hero ($5.12 in chips)
Seat 2: 57da97c4 ($3.93 in chips)
Seat 3: 32f8f5fd ($5.18 in chips)
Seat 4: 3ace8f77 ($9.03 in chips)
Seat 6: 894c8bfc ($5.84 in chips)
57da97c4: posts small blind $0.02
32f8f5fd: posts big blind $0.05
*** HOLE CARDS ***
Dealt to Hero [5s 2d]
Dealt to 57da97c4 
Dealt to 32f8f5fd 
Dealt to 3ace8f77 
Dealt to 894c8bfc 
3ace8f77: folds
894c8bfc: folds
Hero: folds
57da97c4: calls $0.03
32f8f5fd: checks
*** FLOP *** [9c Ac Qd]
57da97c4: checks
32f8f5fd: checks
*** TURN *** [9c Ac Qd] [6h]
57da97c4: bets $0.05
32f8f5fd: folds
Uncalled bet ($0.05) returned to 57da97c4
*** SHOWDOWN ***
57da97c4 collected $0.1 from pot
*** SUMMARY ***
Total pot $0.1 | Rake $0 | Jackpot $0 | Bingo $0 | Fortune $0
Board [9c Ac Qd 6h]
Seat 1: Hero (button) folded before Flop (didn't bet)
Seat 2: 57da97c4 (small blind) won ($0.1)
Seat 3: 32f8f5fd (big blind) folded on the Turn
Seat 4: 3ace8f77 folded before Flop (didn't bet)
Seat 6: 894c8bfc folded before Flop (didn't bet)


Poker Hand #HD1150217831: Hold'em No Limit  ($0.02/$0.05) - 2023/03/07 18:45:40
Table 'NLHBlue5' 6-max Seat #6 is the button
Seat 1: Hero ($5.14 in chips)
Seat 2: 57da97c4 ($3.91 in chips)
Seat 3: 32f8f5fd ($5.18 in chips)
Seat 4: 3ace8f77 ($9.03 in chips)
Seat 6: 894c8bfc ($5.84 in chips)
Hero: posts small blind $0.02
57da97c4: posts big blind $0.05
*** HOLE CARDS ***
Dealt to Hero [Ts 8d]
Dealt to 57da97c4 
Dealt to 32f8f5fd 
Dealt to 3ace8f77 
Dealt to 894c8bfc 
32f8f5fd: folds
3ace8f77: folds
894c8bfc: folds
Hero: folds
Uncalled bet ($0.03) returned to 57da97c4
*** SHOWDOWN ***
57da97c4 collected $0.04 from pot
*** SUMMARY ***
Total pot $0.04 | Rake $0 | Jackpot $0 | Bingo $0 | Fortune $0
Seat 1: Hero (small blind) folded before Flop
Seat 2: 57da97c4 (big blind) collected ($0.04)
Seat 3: 32f8f5fd folded before Flop (didn't bet)
Seat 4: 3ace8f77 folded before Flop (didn't bet)
Seat 6: 894c8bfc (button) folded before Flop (didn't bet)


Poker Hand #HD1150217661: Hold'em No Limit  ($0.02/$0.05) - 2023/03/07 18:44:34
Table 'NLHBlue5' 6-max Seat #4 is the button
Seat 1: Hero ($5.34 in chips)
Seat 2: 57da97c4 ($3.68 in chips)
Seat 3: 32f8f5fd ($5.18 in chips)
Seat 4: 3ace8f77 ($9.03 in chips)
Seat 6: 894c8bfc ($5.89 in chips)
894c8bfc: posts small blind $0.02
Hero: posts big blind $0.05
*** HOLE CARDS ***
Dealt to Hero [9d 2d]
Dealt to 57da97c4 
Dealt to 32f8f5fd 
Dealt to 3ace8f77 
Dealt to 894c8bfc 
57da97c4: calls $0.05
32f8f5fd: folds
3ace8f77: folds
894c8bfc: calls $0.03
Hero: checks
*** FLOP *** [6d 8h 3s]
894c8bfc: checks
Hero: checks
57da97c4: checks
*** TURN *** [6d 8h 3s] [9s]
894c8bfc: checks
Hero: bets $0.05
57da97c4: calls $0.05
894c8bfc: folds
*** RIVER *** [6d 8h 3s 9s] [As]
Hero: bets $0.1
57da97c4: calls $0.1
Hero: shows [9d 2d] (Pair of Nines)
57da97c4: shows [Kd 9c] (Pair of Nines)
*** SHOWDOWN ***
57da97c4 collected $0.43 from pot
*** SUMMARY ***
Total pot $0.45 | Rake $0.02 | Jackpot $0 | Bingo $0 | Fortune $0
Board [6d 8h 3s 9s As]
Seat 1: Hero (big blind) showed [9d 2d] and lost with Pair of Nines
Seat 2: 57da97c4 showed [Kd 9c] and won ($0.43) with Pair of Nines
Seat 3: 32f8f5fd folded before Flop (didn't bet)
Seat 4: 3ace8f77 (button) folded before Flop (didn't bet)
Seat 6: 894c8bfc (small blind) folded on the Turn


Poker Hand #HD1150217510: Hold'em No Limit  ($0.02/$0.05) - 2023/03/07 18:43:30
Table 'NLHBlue5' 6-max Seat #3 is the button
Seat 1: Hero ($5.34 in chips)
Seat 2: 57da97c4 ($3.61 in chips)
Seat 3: 32f8f5fd ($5.18 in chips)
Seat 4: 3ace8f77 ($9.05 in chips)
Seat 6: 894c8bfc ($5.94 in chips)
3ace8f77: posts small blind $0.02
894c8bfc: posts big blind $0.05
*** HOLE CARDS ***
Dealt to Hero [4h Qd]
Dealt to 57da97c4 
Dealt to 32f8f5fd 
Dealt to 3ace8f77 
Dealt to 894c8bfc 
Hero: folds
57da97c4: calls $0.05
32f8f5fd: folds
3ace8f77: folds
894c8bfc: checks
*** FLOP *** [2s 4s 2c]
894c8bfc: checks
57da97c4: checks
*** TURN *** [2s 4s 2c] [2h]
894c8bfc: checks
57da97c4: checks
*** RIVER *** [2s 4s 2c 2h] [7d]
894c8bfc: checks
57da97c4: checks
894c8bfc: shows [6d Qh] (Three Twos)
57da97c4: shows [5c As] (Three Twos)
*** SHOWDOWN ***
57da97c4 collected $0.12 from pot
*** SUMMARY ***
Total pot $0.12 | Rake $0 | Jackpot $0 | Bingo $0 | Fortune $0
Board [2s 4s 2c 2h 7d]
Seat 1: Hero folded before Flop (didn't bet)
Seat 2: 57da97c4 showed [5c As] and won ($0.12) with Three Twos
Seat 3: 32f8f5fd (button) folded before Flop (didn't bet)
Seat 4: 3ace8f77 (small blind) folded before Flop
Seat 6: 894c8bfc (big blind) showed [6d Qh] and lost with Three Twos


Poker Hand #HD1150217477: Hold'em No Limit  ($0.02/$0.05) - 2023/03/07 18:43:16
Table 'NLHBlue5' 6-max Seat #2 is the button
Seat 1: Hero ($5.34 in chips)
Seat 2: 57da97c4 ($3.54 in chips)
Seat 3: 32f8f5fd ($5.2 in chips)
Seat 4: 3ace8f77 ($9.1 in chips)
Seat 6: 894c8bfc ($5.94 in chips)
32f8f5fd: posts small blind $0.02
3ace8f77: posts big blind $0.05
*** HOLE CARDS ***
Dealt to Hero [6h As]
Dealt to 57da97c4 
Dealt to 32f8f5fd 
Dealt to 3ace8f77 
Dealt to 894c8bfc 
894c8bfc: folds
Hero: folds
57da97c4: calls $0.05
32f8f5fd: folds
3ace8f77: checks
*** FLOP *** [2s 3d Tc]
3ace8f77: checks
57da97c4: bets $0.06
3ace8f77: folds
Uncalled bet ($0.06) returned to 57da97c4
*** SHOWDOWN ***
57da97c4 collected $0.12 from pot
*** SUMMARY ***
Total pot $0.12 | Rake $0 | Jackpot $0 | Bingo $0 | Fortune $0
Board [2s 3d Tc]
Seat 1: Hero folded before Flop (didn't bet)
Seat 2: 57da97c4 (button) won ($0.12)
Seat 3: 32f8f5fd (small blind) folded before Flop
Seat 4: 3ace8f77 (big blind) folded on the Flop
Seat 6: 894c8bfc folded before Flop (didn't bet)


Poker Hand #HD1150217356: Hold'em No Limit  ($0.02/$0.05) - 2023/03/07 18:42:28
Table 'NLHBlue5' 6-max Seat #1 is the button
Seat 1: Hero ($5.34 in chips)
Seat 2: 57da97c4 ($3.56 in chips)
Seat 3: 32f8f5fd ($5.3 in chips)
Seat 4: 3ace8f77 ($8.99 in chips)
Seat 6: 894c8bfc ($5.94 in chips)
57da97c4: posts small blind $0.02
32f8f5fd: posts big blind $0.05
*** HOLE CARDS ***
Dealt to Hero [Td Js]
Dealt to 57da97c4 
Dealt to 32f8f5fd 
Dealt to 3ace8f77 
Dealt to 894c8bfc 
3ace8f77: raises $0.05 to $0.1
894c8bfc: folds
Hero: folds
57da97c4: folds
32f8f5fd: calls $0.05
*** FLOP *** [5c 5s Ks]
32f8f5fd: checks
3ace8f77: checks
*** TURN *** [5c 5s Ks] [2h]
32f8f5fd: checks
3ace8f77: checks
*** RIVER *** [5c 5s Ks 2h] [4h]
32f8f5fd: checks
3ace8f77: bets $0.08
32f8f5fd: folds
Uncalled bet ($0.08) returned to 3ace8f77
*** SHOWDOWN ***
3ace8f77 collected $0.21 from pot
*** SUMMARY ***
Total pot $0.22 | Rake $0.01 | Jackpot $0 | Bingo $0 | Fortune $0
Board [5c 5s Ks 2h 4h]
Seat 1: Hero (button) folded before Flop (didn't bet)
Seat 2: 57da97c4 (small blind) folded before Flop
Seat 3: 32f8f5fd (big blind) folded on the River
Seat 4: 3ace8f77 won ($0.21)
Seat 6: 894c8bfc folded before Flop (didn't bet)


Poker Hand #HD1150217339: Hold'em No Limit  ($0.02/$0.05) - 2023/03/07 18:42:18
Table 'NLHBlue5' 6-max Seat #6 is the button
Seat 1: Hero ($5.36 in chips)
Seat 2: 57da97c4 ($3.61 in chips)
Seat 3: 32f8f5fd ($5.3 in chips)
Seat 4: 3ace8f77 ($8.99 in chips)
Seat 6: 894c8bfc ($5.87 in chips)
Hero: posts small blind $0.02
57da97c4: posts big blind $0.05
*** HOLE CARDS ***
Dealt to Hero [2s 8h]
Dealt to 57da97c4 
Dealt to 32f8f5fd 
Dealt to 3ace8f77 
Dealt to 894c8bfc 
32f8f5fd: folds
3ace8f77: folds
894c8bfc: raises $0.08 to $0.13
Hero: folds
57da97c4: folds
Uncalled bet ($0.08) returned to 894c8bfc
*** SHOWDOWN ***
894c8bfc collected $0.12 from pot
*** SUMMARY ***
Total pot $0.12 | Rake $0 | Jackpot $0 | Bingo $0 | Fortune $0
Seat 1: Hero (small blind) folded before Flop
Seat 2: 57da97c4 (big blind) folded before Flop
Seat 3: 32f8f5fd folded before Flop (didn't bet)
Seat 4: 3ace8f77 folded before Flop (didn't bet)
Seat 6: 894c8bfc (button) collected ($0.12)


Poker Hand #HD1150217144: Hold'em No Limit  ($0.02/$0.05) - 2023/03/07 18:40:51
Table 'NLHBlue5' 6-max Seat #4 is the button
Seat 1: Hero ($5.36 in chips)
Seat 2: 57da97c4 ($3.66 in chips)
Seat 3: 32f8f5fd ($5.3 in chips)
Seat 4: 3ace8f77 ($8.99 in chips)
Seat 5: a442bb1b ($0.91 in chips)
Seat 6: 894c8bfc ($5.05 in chips)
a442bb1b: posts small blind $0.02
894c8bfc: posts big blind $0.05
*** HOLE CARDS ***
Dealt to Hero [Th Js]
Dealt to 57da97c4 
Dealt to 32f8f5fd 
Dealt to 3ace8f77 
Dealt to a442bb1b 
Dealt to 894c8bfc 
Hero: folds
57da97c4: calls $0.05
32f8f5fd: folds
3ace8f77: folds
a442bb1b: calls $0.03
894c8bfc: raises $0.23 to $0.28
57da97c4: folds
a442bb1b: calls $0.23
*** FLOP *** [Qh Kh Jc]
a442bb1b: checks
894c8bfc: bets $0.31
a442bb1b: raises $0.32 to $0.63 and is all-in
894c8bfc: calls $0.32
a442bb1b: shows [8h Jd] (Pair of Jacks)
894c8bfc: shows [Qd Ad] (Pair of Queens)
*** TURN *** [Qh Kh Jc] [6d]
*** RIVER *** [Qh Kh Jc 6d] [6s]
*** SHOWDOWN ***
894c8bfc collected $1.73 from pot
*** SUMMARY ***
Total pot $1.87 | Rake $0.09 | Jackpot $0.05 | Bingo $0 | Fortune $0
Board [Qh Kh Jc 6d 6s]
Seat 1: Hero folded before Flop (didn't bet)
Seat 2: 57da97c4 folded before Flop
Seat 3: 32f8f5fd folded before Flop (didn't bet)
Seat 4: 3ace8f77 (button) folded before Flop (didn't bet)
Seat 5: a442bb1b (small blind) showed [8h Jd] and lost with Pair of Jacks and Pair of Sixes
Seat 6: 894c8bfc (big blind) showed [Qd Ad] and won ($1.73) with Pair of Queens and Pair of Sixes


Poker Hand #HD1150217111: Hold'em No Limit  ($0.02/$0.05) - 2023/03/07 18:40:38
Table 'NLHBlue5' 6-max Seat #3 is the button
Seat 1: Hero ($5.36 in chips)
Seat 2: 57da97c4 ($3.66 in chips)
Seat 3: 32f8f5fd ($5.23 in chips)
Seat 4: 3ace8f77 ($9.01 in chips)
Seat 5: a442bb1b ($0.96 in chips)
Seat 6: 894c8bfc ($5.05 in chips)
3ace8f77: posts small blind $0.02
a442bb1b: posts big blind $0.05
*** HOLE CARDS ***
Dealt to Hero [Jh 6d]
Dealt to 57da97c4 
Dealt to 32f8f5fd 
Dealt to 3ace8f77 
Dealt to a442bb1b 
Dealt to 894c8bfc 
894c8bfc: folds
Hero: folds
57da97c4: folds
32f8f5fd: raises $0.05 to $0.1
3ace8f77: folds
a442bb1b: folds
Uncalled bet ($0.05) returned to 32f8f5fd
*** SHOWDOWN ***
32f8f5fd collected $0.12 from pot
*** SUMMARY ***
Total pot $0.12 | Rake $0 | Jackpot $0 | Bingo $0 | Fortune $0
Seat 1: Hero folded before Flop (didn't bet)
Seat 2: 57da97c4 folded before Flop (didn't bet)
Seat 3: 32f8f5fd (button) collected ($0.12)
Seat 4: 3ace8f77 (small blind) folded before Flop
Seat 5: a442bb1b (big blind) folded before Flop
Seat 6: 894c8bfc folded before Flop (didn't bet)


Poker Hand #HD1150216973: Hold'em No Limit  ($0.02/$0.05) - 2023/03/07 18:39:41
Table 'NLHBlue5' 6-max Seat #2 is the button
Seat 1: Hero ($5.56 in chips)
Seat 2: 57da97c4 ($3.66 in chips)
Seat 3: 32f8f5fd ($4.61 in chips)
Seat 4: 3ace8f77 ($9.06 in chips)
Seat 5: a442bb1b ($1.38 in chips)
Seat 6: 894c8bfc ($5.05 in chips)
32f8f5fd: posts small blind $0.02
3ace8f77: posts big blind $0.05
*** HOLE CARDS ***
Dealt to Hero [Qd Qc]
Dealt to 57da97c4 
Dealt to 32f8f5fd 
Dealt to 3ace8f77 
Dealt to a442bb1b 
Dealt to 894c8bfc 
a442bb1b: raises $0.15 to $0.2
894c8bfc: folds
Hero: calls $0.2
57da97c4: folds
32f8f5fd: calls $0.18
3ace8f77: folds
*** FLOP *** [4d Ac 6s]
32f8f5fd: checks
a442bb1b: checks
Hero: checks
*** TURN *** [4d Ac 6s] [2d]
32f8f5fd: checks
a442bb1b: checks
Hero: checks
*** RIVER *** [4d Ac 6s 2d] [7d]
32f8f5fd: bets $0.22
a442bb1b: calls $0.22
Hero: folds
32f8f5fd: shows [Kd Ts] (Ace-High)
a442bb1b: shows [Qs 8s] (Ace-High)
*** SHOWDOWN ***
32f8f5fd collected $1.04 from pot
*** SUMMARY ***
Total pot $1.09 | Rake $0.05 | Jackpot $0 | Bingo $0 | Fortune $0
Board [4d Ac 6s 2d 7d]
Seat 1: Hero folded on the River
Seat 2: 57da97c4 (button) folded before Flop (didn't bet)
Seat 3: 32f8f5fd (small blind) showed [Kd Ts] and won ($1.04) with Ace-High
Seat 4: 3ace8f77 (big blind) folded before Flop
Seat 5: a442bb1b showed [Qs 8s] and lost with Ace-High
Seat 6: 894c8bfc folded before Flop (didn't bet)


Poker Hand #HD1150216871: Hold'em No Limit  ($0.02/$0.05) - 2023/03/07 18:38:59
Table 'NLHBlue5' 6-max Seat #1 is the button
Seat 1: Hero ($5.56 in chips)
Seat 2: 57da97c4 ($3.68 in chips)
Seat 3: 32f8f5fd ($5.05 in chips)
Seat 4: 3ace8f77 ($9.06 in chips)
Seat 5: a442bb1b ($0.96 in chips)
Seat 6: 894c8bfc ($5.05 in chips)
57da97c4: posts small blind $0.02
32f8f5fd: posts big blind $0.05
*** HOLE CARDS ***
Dealt to Hero [7d 9c]
Dealt to 57da97c4 
Dealt to 32f8f5fd 
Dealt to 3ace8f77 
Dealt to a442bb1b 
Dealt to 894c8bfc 
3ace8f77: folds
a442bb1b: raises $0.1 to $0.15
894c8bfc: folds
Hero: folds
57da97c4: folds
32f8f5fd: calls $0.1
*** FLOP *** [6s Ts 8h]
32f8f5fd: checks
a442bb1b: bets $0.11
32f8f5fd: calls $0.11
*** TURN *** [6s Ts 8h] [Kh]
32f8f5fd: checks
a442bb1b: bets $0.18
32f8f5fd: calls $0.18
*** RIVER *** [6s Ts 8h Kh] [9d]
32f8f5fd: checks
a442bb1b: bets $0.52 and is all-in
32f8f5fd: folds
Uncalled bet ($0.52) returned to a442bb1b
*** SHOWDOWN ***
a442bb1b collected $0.86 from pot
*** SUMMARY ***
Total pot $0.9 | Rake $0.04 | Jackpot $0 | Bingo $0 | Fortune $0
Board [6s Ts 8h Kh 9d]
Seat 1: Hero (button) folded before Flop (didn't bet)
Seat 2: 57da97c4 (small blind) folded before Flop
Seat 3: 32f8f5fd (big blind) folded on the River
Seat 4: 3ace8f77 folded before Flop (didn't bet)
Seat 5: a442bb1b won ($0.86)
Seat 6: 894c8bfc folded before Flop (didn't bet)


Poker Hand #HD1150216705: Hold'em No Limit  ($0.02/$0.05) - 2023/03/07 18:37:48
Table 'NLHBlue5' 6-max Seat #6 is the button
Seat 1: Hero ($5.58 in chips)
Seat 2: 57da97c4 ($3.57 in chips)
Seat 3: 32f8f5fd ($5.15 in chips)
Seat 4: 3ace8f77 ($9.06 in chips)
Seat 5: a442bb1b ($0.96 in chips)
Seat 6: 894c8bfc ($5.05 in chips)
Hero: posts small blind $0.02
57da97c4: posts big blind $0.05
*** HOLE CARDS ***
Dealt to Hero [5s Ts]
Dealt to 57da97c4 
Dealt to 32f8f5fd 
Dealt to 3ace8f77 
Dealt to a442bb1b 
Dealt to 894c8bfc 
32f8f5fd: raises $0.05 to $0.1
3ace8f77: folds
a442bb1b: folds
894c8bfc: folds
Hero: folds
57da97c4: calls $0.05
*** FLOP *** [9c 3s 9s]
57da97c4: checks
32f8f5fd: checks
*** TURN *** [9c 3s 9s] [Tc]
57da97c4: checks
32f8f5fd: checks
*** RIVER *** [9c 3s 9s Tc] [Kc]
57da97c4: bets $0.22
32f8f5fd: folds
Uncalled bet ($0.22) returned to 57da97c4
*** SHOWDOWN ***
57da97c4 collected $0.21 from pot
*** SUMMARY ***
Total pot $0.22 | Rake $0.01 | Jackpot $0 | Bingo $0 | Fortune $0
Board [9c 3s 9s Tc Kc]
Seat 1: Hero (small blind) folded before Flop
Seat 2: 57da97c4 (big blind) won ($0.21)
Seat 3: 32f8f5fd folded on the River
Seat 4: 3ace8f77 folded before Flop (didn't bet)
Seat 5: a442bb1b folded before Flop (didn't bet)
Seat 6: 894c8bfc (button) folded before Flop (didn't bet)


Poker Hand #HD1150216532: Hold'em No Limit  ($0.02/$0.05) - 2023/03/07 18:36:43
Table 'NLHBlue5' 6-max Seat #5 is the button
Seat 1: Hero ($5.63 in chips)
Seat 2: 57da97c4 ($3.9 in chips)
Seat 3: 32f8f5fd ($4.64 in chips)
Seat 4: 3ace8f77 ($9.06 in chips)
Seat 5: a442bb1b ($1.11 in chips)
Seat 6: 894c8bfc ($5.07 in chips)
894c8bfc: posts small blind $0.02
Hero: posts big blind $0.05
*** HOLE CARDS ***
Dealt to Hero [4h Qh]
Dealt to 57da97c4 
Dealt to 32f8f5fd 
Dealt to 3ace8f77 
Dealt to a442bb1b 
Dealt to 894c8bfc 
57da97c4: calls $0.05
32f8f5fd: raises $0.1 to $0.15
3ace8f77: folds
a442bb1b: calls $0.15
894c8bfc: folds
Hero: folds
57da97c4: calls $0.1
*** FLOP *** [9s Kc Jd]
57da97c4: checks
32f8f5fd: checks
a442bb1b: checks
*** TURN *** [9s Kc Jd] [8s]
57da97c4: checks
32f8f5fd: checks
a442bb1b: checks
*** RIVER *** [9s Kc Jd 8s] [7h]
57da97c4: bets $0.18
32f8f5fd: calls $0.18
a442bb1b: folds
57da97c4: shows [7d Ah] (Pair of Sevens)
32f8f5fd: shows [8c As] (Pair of Eights)
*** SHOWDOWN ***
32f8f5fd collected $0.84 from pot
*** SUMMARY ***
Total pot $0.88 | Rake $0.04 | Jackpot $0 | Bingo $0 | Fortune $0
Board [9s Kc Jd 8s 7h]
Seat 1: Hero (big blind) folded before Flop
Seat 2: 57da97c4 showed [7d Ah] and lost with Pair of Sevens
Seat 3: 32f8f5fd showed [8c As] and won ($0.84) with Pair of Eights
Seat 4: 3ace8f77 folded before Flop (didn't bet)
Seat 5: a442bb1b (button) folded on the River
Seat 6: 894c8bfc (small blind) folded before Flop


Poker Hand #HD1150216362: Hold'em No Limit  ($0.02/$0.05) - 2023/03/07 18:35:38
Table 'NLHBlue5' 6-max Seat #4 is the button
Seat 1: Hero ($5.63 in chips)
Seat 2: 57da97c4 ($3.95 in chips)
Seat 3: 32f8f5fd ($4.21 in chips)
Seat 4: 3ace8f77 ($9.06 in chips)
Seat 5: a442bb1b ($1.48 in chips)
Seat 6: 894c8bfc ($5.12 in chips)
a442bb1b: posts small blind $0.02
894c8bfc: posts big blind $0.05
*** HOLE CARDS ***
Dealt to Hero [7s Jc]
Dealt to 57da97c4 
Dealt to 32f8f5fd 
Dealt to 3ace8f77 
Dealt to a442bb1b 
Dealt to 894c8bfc 
Hero: folds
57da97c4: calls $0.05
32f8f5fd: calls $0.05
3ace8f77: folds
a442bb1b: calls $0.03
894c8bfc: checks
*** FLOP *** [Th 8c 5s]
a442bb1b: checks
894c8bfc: checks
57da97c4: checks
32f8f5fd: bets $0.15
a442bb1b: calls $0.15
894c8bfc: folds
57da97c4: folds
*** TURN *** [Th 8c 5s] [Ah]
a442bb1b: bets $0.17
32f8f5fd: calls $0.17
*** RIVER *** [Th 8c 5s Ah] [3s]
a442bb1b: checks
32f8f5fd: checks
a442bb1b: shows [8d 7c] (Pair of Eights)
32f8f5fd: shows [9h 8h] (Pair of Eights)
*** SHOWDOWN ***
32f8f5fd collected $0.8 from pot
*** SUMMARY ***
Total pot $0.84 | Rake $0.04 | Jackpot $0 | Bingo $0 | Fortune $0
Board [Th 8c 5s Ah 3s]
Seat 1: Hero folded before Flop (didn't bet)
Seat 2: 57da97c4 folded on the Flop
Seat 3: 32f8f5fd showed [9h 8h] and won ($0.8) with Pair of Eights
Seat 4: 3ace8f77 (button) folded before Flop (didn't bet)
Seat 5: a442bb1b (small blind) showed [8d 7c] and lost with Pair of Eights
Seat 6: 894c8bfc (big blind) folded on the Flop


Poker Hand #HD1150216279: Hold'em No Limit  ($0.02/$0.05) - 2023/03/07 18:35:02
Table 'NLHBlue5' 6-max Seat #3 is the button
Seat 1: Hero ($5.63 in chips)
Seat 2: 57da97c4 ($4 in chips)
Seat 3: 32f8f5fd ($4.21 in chips)
Seat 4: 3ace8f77 ($9.49 in chips)
Seat 5: a442bb1b ($1.04 in chips)
Seat 6: 894c8bfc ($5.12 in chips)
3ace8f77: posts small blind $0.02
a442bb1b: posts big blind $0.05
57da97c4: posts big blind $0.05
*** HOLE CARDS ***
Dealt to Hero [Kc 8c]
Dealt to 57da97c4 
Dealt to 32f8f5fd 
Dealt to 3ace8f77 
Dealt to a442bb1b 
Dealt to 894c8bfc 
894c8bfc: folds
Hero: folds
57da97c4: checks
32f8f5fd: folds
3ace8f77: raises $0.15 to $0.2
a442bb1b: calls $0.15
57da97c4: folds
*** FLOP *** [4s Qh Jh]
3ace8f77: checks
a442bb1b: bets $0.23
3ace8f77: calls $0.23
*** TURN *** [4s Qh Jh] [3c]
3ace8f77: checks
a442bb1b: bets $0.46
3ace8f77: folds
Uncalled bet ($0.46) returned to a442bb1b
*** SHOWDOWN ***
a442bb1b collected $0.87 from pot
*** SUMMARY ***
Total pot $0.91 | Rake $0.04 | Jackpot $0 | Bingo $0 | Fortune $0
Board [4s Qh Jh 3c]
Seat 1: Hero folded before Flop (didn't bet)
Seat 2: 57da97c4 folded before Flop
Seat 3: 32f8f5fd (button) folded before Flop (didn't bet)
Seat 4: 3ace8f77 (small blind) folded on the Turn
Seat 5: a442bb1b (big blind) won ($0.87)
Seat 6: 894c8bfc folded before Flop (didn't bet)


Poker Hand #HD1150216211: Hold'em No Limit  ($0.02/$0.05) - 2023/03/07 18:34:37
Table 'NLHBlue5' 6-max Seat #1 is the button
Seat 1: Hero ($5.63 in chips)
Seat 3: 32f8f5fd ($4.23 in chips)
Seat 4: 3ace8f77 ($9.54 in chips)
Seat 5: a442bb1b ($1.09 in chips)
Seat 6: 894c8bfc ($5 in chips)
32f8f5fd: posts small blind $0.02
3ace8f77: posts big blind $0.05
*** HOLE CARDS ***
Dealt to Hero [7h 2h]
Dealt to 32f8f5fd 
Dealt to 3ace8f77 
Dealt to a442bb1b 
Dealt to 894c8bfc 
a442bb1b: calls $0.05
894c8bfc: raises $0.15 to $0.2
Hero: folds
32f8f5fd: folds
3ace8f77: folds
a442bb1b: folds
Uncalled bet ($0.15) returned to 894c8bfc
*** SHOWDOWN ***
894c8bfc collected $0.17 from pot
*** SUMMARY ***
Total pot $0.17 | Rake $0 | Jackpot $0 | Bingo $0 | Fortune $0
Seat 1: Hero (button) folded before Flop (didn't bet)
Seat 3: 32f8f5fd (small blind) folded before Flop
Seat 4: 3ace8f77 (big blind) folded before Flop
Seat 5: a442bb1b folded before Flop
Seat 6: 894c8bfc collected ($0.17)


Poker Hand #HD1150216128: Hold'em No Limit  ($0.02/$0.05) - 2023/03/07 18:34:05
Table 'NLHBlue5' 6-max Seat #6 is the button
Seat 1: Hero ($5.65 in chips)
Seat 3: 32f8f5fd ($4.34 in chips)
Seat 4: 3ace8f77 ($9.54 in chips)
Seat 5: a442bb1b ($0.97 in chips)
Seat 6: 894c8bfc ($5 in chips)
Hero: posts small blind $0.02
32f8f5fd: posts big blind $0.05
*** HOLE CARDS ***
Dealt to Hero [8d 3s]
Dealt to 32f8f5fd 
Dealt to 3ace8f77 
Dealt to a442bb1b 
Dealt to 894c8bfc 
3ace8f77: folds
a442bb1b: calls $0.05
894c8bfc: folds
Hero: folds
32f8f5fd: checks
*** FLOP *** [3c 5h 5c]
32f8f5fd: checks
a442bb1b: checks
*** TURN *** [3c 5h 5c] [Ks]
32f8f5fd: bets $0.06
a442bb1b: calls $0.06
*** RIVER *** [3c 5h 5c Ks] [9s]
32f8f5fd: checks
a442bb1b: checks
32f8f5fd: shows [Qc 6h] (Pair of Fives)
a442bb1b: shows [Qd As] (Pair of Fives)
*** SHOWDOWN ***
a442bb1b collected $0.23 from pot
*** SUMMARY ***
Total pot $0.24 | Rake $0.01 | Jackpot $0 | Bingo $0 | Fortune $0
Board [3c 5h 5c Ks 9s]
Seat 1: Hero (small blind) folded before Flop
Seat 3: 32f8f5fd (big blind) showed [Qc 6h] and lost with Pair of Fives
Seat 4: 3ace8f77 folded before Flop (didn't bet)
Seat 5: a442bb1b showed [Qd As] and won ($0.23) with Pair of Fives
Seat 6: 894c8bfc (button) folded before Flop (didn't bet)


Poker Hand #HD1150216087: Hold'em No Limit  ($0.02/$0.05) - 2023/03/07 18:33:49
Table 'NLHBlue5' 6-max Seat #5 is the button
Seat 1: Hero ($5.7 in chips)
Seat 3: 32f8f5fd ($4.34 in chips)
Seat 4: 3ace8f77 ($9.54 in chips)
Seat 5: a442bb1b ($0.9 in chips)
Seat 6: 894c8bfc ($5.02 in chips)
894c8bfc: posts small blind $0.02
Hero: posts big blind $0.05
*** HOLE CARDS ***
Dealt to Hero [2d Ts]
Dealt to 32f8f5fd 
Dealt to 3ace8f77 
Dealt to a442bb1b 
Dealt to 894c8bfc 
32f8f5fd: folds
3ace8f77: folds
a442bb1b: raises $0.12 to $0.17
894c8bfc: folds
Hero: folds
Uncalled bet ($0.12) returned to a442bb1b
*** SHOWDOWN ***
a442bb1b collected $0.12 from pot
*** SUMMARY ***
Total pot $0.12 | Rake $0 | Jackpot $0 | Bingo $0 | Fortune $0
Seat 1: Hero (big blind) folded before Flop
Seat 3: 32f8f5fd folded before Flop (didn't bet)
Seat 4: 3ace8f77 folded before Flop (didn't bet)
Seat 5: a442bb1b (button) collected ($0.12)
Seat 6: 894c8bfc (small blind) folded before Flop


Poker Hand #HD1150216065: Hold'em No Limit  ($0.02/$0.05) - 2023/03/07 18:33:40
Table 'NLHBlue5' 6-max Seat #4 is the button
Seat 1: Hero ($5.7 in chips)
Seat 3: 32f8f5fd ($4.34 in chips)
Seat 4: 3ace8f77 ($9.54 in chips)
Seat 5: a442bb1b ($0.92 in chips)
Seat 6: 894c8bfc ($5 in chips)
a442bb1b: posts small blind $0.02
894c8bfc: posts big blind $0.05
*** HOLE CARDS ***
Dealt to Hero [5c Ad]
Dealt to 32f8f5fd 
Dealt to 3ace8f77 
Dealt to a442bb1b 
Dealt to 894c8bfc 
Hero: folds
32f8f5fd: folds
3ace8f77: folds
a442bb1b: folds
Uncalled bet ($0.03) returned to 894c8bfc
*** SHOWDOWN ***
894c8bfc collected $0.04 from pot
*** SUMMARY ***
Total pot $0.04 | Rake $0 | Jackpot $0 | Bingo $0 | Fortune $0
Seat 1: Hero folded before Flop (didn't bet)
Seat 3: 32f8f5fd folded before Flop (didn't bet)
Seat 4: 3ace8f77 (button) folded before Flop (didn't bet)
Seat 5: a442bb1b (small blind) folded before Flop
Seat 6: 894c8bfc (big blind) collected ($0.04)


Poker Hand #HD1150215970: Hold'em No Limit  ($0.02/$0.05) - 2023/03/07 18:33:07
Table 'NLHBlue5' 6-max Seat #3 is the button
Seat 1: Hero ($5.7 in chips)
Seat 3: 32f8f5fd ($4.44 in chips)
Seat 4: 3ace8f77 ($9.56 in chips)
Seat 5: a442bb1b ($0.81 in chips)
Seat 6: 894c8bfc ($5 in chips)
3ace8f77: posts small blind $0.02
a442bb1b: posts big blind $0.05
*** HOLE CARDS ***
Dealt to Hero [2d 9h]
Dealt to 32f8f5fd 
Dealt to 3ace8f77 
Dealt to a442bb1b 
Dealt to 894c8bfc 
894c8bfc: folds
Hero: folds
32f8f5fd: raises $0.05 to $0.1
3ace8f77: folds
a442bb1b: calls $0.05
*** FLOP *** [Qh Qd Jd]
a442bb1b: bets $0.22
32f8f5fd: folds
Uncalled bet ($0.22) returned to a442bb1b
*** SHOWDOWN ***
a442bb1b collected $0.21 from pot
*** SUMMARY ***
Total pot $0.22 | Rake $0.01 | Jackpot $0 | Bingo $0 | Fortune $0
Board [Qh Qd Jd]
Seat 1: Hero folded before Flop (didn't bet)
Seat 3: 32f8f5fd (button) folded on the Flop
Seat 4: 3ace8f77 (small blind) folded before Flop
Seat 5: a442bb1b (big blind) won ($0.21)
Seat 6: 894c8bfc folded before Flop (didn't bet)


Poker Hand #HD1150215884: Hold'em No Limit  ($0.02/$0.05) - 2023/03/07 18:32:31
Table 'NLHBlue5' 6-max Seat #2 is the button
Seat 1: Hero ($5.7 in chips)
Seat 2: 55a25e6e ($5.94 in chips)
Seat 3: 32f8f5fd ($4.46 in chips)
Seat 4: 3ace8f77 ($9.61 in chips)
Seat 5: a442bb1b ($0.74 in chips)
Seat 6: 894c8bfc ($5 in chips)
32f8f5fd: posts small blind $0.02
3ace8f77: posts big blind $0.05
*** HOLE CARDS ***
Dealt to Hero [2c As]
Dealt to 55a25e6e 
Dealt to 32f8f5fd 
Dealt to 3ace8f77 
Dealt to a442bb1b 
Dealt to 894c8bfc 
a442bb1b: calls $0.05
894c8bfc: folds
Hero: folds
55a25e6e: folds
32f8f5fd: folds
3ace8f77: checks
*** FLOP *** [Qs 5d 5h]
3ace8f77: checks
a442bb1b: bets $0.06
3ace8f77: folds
Uncalled bet ($0.06) returned to a442bb1b
*** SHOWDOWN ***
a442bb1b collected $0.12 from pot
*** SUMMARY ***
Total pot $0.12 | Rake $0 | Jackpot $0 | Bingo $0 | Fortune $0
Board [Qs 5d 5h]
Seat 1: Hero folded before Flop (didn't bet)
Seat 2: 55a25e6e (button) folded before Flop (didn't bet)
Seat 3: 32f8f5fd (small blind) folded before Flop
Seat 4: 3ace8f77 (big blind) folded on the Flop
Seat 5: a442bb1b won ($0.12)
Seat 6: 894c8bfc folded before Flop (didn't bet)


Poker Hand #HD1150215778: Hold'em No Limit  ($0.02/$0.05) - 2023/03/07 18:31:52
Table 'NLHBlue5' 6-max Seat #1 is the button
Seat 1: Hero ($5.47 in chips)
Seat 2: 55a25e6e ($5.96 in chips)
Seat 3: 32f8f5fd ($4.51 in chips)
Seat 4: 3ace8f77 ($9.61 in chips)
Seat 5: a442bb1b ($0.92 in chips)
Seat 6: 894c8bfc ($5 in chips)
55a25e6e: posts small blind $0.02
32f8f5fd: posts big blind $0.05
*** HOLE CARDS ***
Dealt to Hero [Ks Qh]
Dealt to 55a25e6e 
Dealt to 32f8f5fd 
Dealt to 3ace8f77 
Dealt to a442bb1b 
Dealt to 894c8bfc 
3ace8f77: folds
a442bb1b: calls $0.05
894c8bfc: folds
Hero: raises $0.13 to $0.18
55a25e6e: folds
32f8f5fd: folds
a442bb1b: calls $0.13
*** FLOP *** [Qd Ts 3s]
a442bb1b: checks
Hero: bets $0.22
a442bb1b: folds
Uncalled bet ($0.22) returned to Hero
*** SHOWDOWN ***
Hero collected $0.41 from pot
*** SUMMARY ***
Total pot $0.43 | Rake $0.02 | Jackpot $0 | Bingo $0 | Fortune $0
Board [Qd Ts 3s]
Seat 1: Hero (button) won ($0.41)
Seat 2: 55a25e6e (small blind) folded before Flop
Seat 3: 32f8f5fd (big blind) folded before Flop
Seat 4: 3ace8f77 folded before Flop (didn't bet)
Seat 5: a442bb1b folded on the Flop
Seat 6: 894c8bfc folded before Flop (didn't bet)


Poker Hand #HD1150215654: Hold'em No Limit  ($0.02/$0.05) - 2023/03/07 18:31:03
Table 'NLHBlue5' 6-max Seat #6 is the button
Seat 1: Hero ($5.49 in chips)
Seat 2: 55a25e6e ($6.01 in chips)
Seat 3: 32f8f5fd ($5.52 in chips)
Seat 4: 3ace8f77 ($8.68 in chips)
Seat 5: a442bb1b ($0.92 in chips)
Seat 6: 894c8bfc ($5 in chips)
Hero: posts small blind $0.02
55a25e6e: posts big blind $0.05
*** HOLE CARDS ***
Dealt to Hero [Js 7h]
Dealt to 55a25e6e 
Dealt to 32f8f5fd 
Dealt to 3ace8f77 
Dealt to a442bb1b 
Dealt to 894c8bfc 
32f8f5fd: raises $0.05 to $0.1
3ace8f77: raises $0.21 to $0.31
a442bb1b: folds
894c8bfc: folds
Hero: folds
55a25e6e: folds
32f8f5fd: calls $0.21
*** FLOP *** [6c 3h 5c]
32f8f5fd: bets $0.35
3ace8f77: raises $0.35 to $0.7
32f8f5fd: calls $0.35
*** TURN *** [6c 3h 5c] [6s]
32f8f5fd: checks
3ace8f77: bets $1.57
32f8f5fd: folds
Uncalled bet ($1.57) returned to 3ace8f77
*** SHOWDOWN ***
3ace8f77 collected $1.94 from pot
*** SUMMARY ***
Total pot $2.09 | Rake $0.1 | Jackpot $0.05 | Bingo $0 | Fortune $0
Board [6c 3h 5c 6s]
Seat 1: Hero (small blind) folded before Flop
Seat 2: 55a25e6e (big blind) folded before Flop
Seat 3: 32f8f5fd folded on the Turn
Seat 4: 3ace8f77 won ($1.94)
Seat 5: a442bb1b folded before Flop (didn't bet)
Seat 6: 894c8bfc (button) folded before Flop (didn't bet)


Poker Hand #HD1150135454: Hold'em No Limit  ($0.02/$0.05) - 2023/03/07 18:29:54
Table 'NLHBlue5' 6-max Seat #5 is the button
Seat 1: Hero ($5.12 in chips)
Seat 2: 55a25e6e ($6.01 in chips)
Seat 3: 32f8f5fd ($5.52 in chips)
Seat 4: 3ace8f77 ($8.68 in chips)
Seat 5: a442bb1b ($1.31 in chips)
Seat 6: 894c8bfc ($5 in chips)
894c8bfc: posts small blind $0.02
Hero: posts big blind $0.05
*** HOLE CARDS ***
Dealt to Hero [Jd Ah]
Dealt to 55a25e6e 
Dealt to 32f8f5fd 
Dealt to 3ace8f77 
Dealt to a442bb1b 
Dealt to 894c8bfc 
55a25e6e: folds
32f8f5fd: folds
3ace8f77: folds
a442bb1b: calls $0.05
894c8bfc: folds
Hero: raises $0.18 to $0.23
a442bb1b: calls $0.18
*** FLOP *** [Td 3h 5d]
Hero: checks
a442bb1b: bets $0.16
Hero: calls $0.16
*** TURN *** [Td 3h 5d] [6h]
Hero: checks
a442bb1b: checks
*** RIVER *** [Td 3h 5d 6h] [Qs]
Hero: checks
a442bb1b: checks
Hero: shows [Jd Ah] (Ace-High)
a442bb1b: shows [Kh 9s] (King-High)
*** SHOWDOWN ***
Hero collected $0.76 from pot
*** SUMMARY ***
Total pot $0.8 | Rake $0.04 | Jackpot $0 | Bingo $0 | Fortune $0
Board [Td 3h 5d 6h Qs]
Seat 1: Hero (big blind) showed [Jd Ah] and won ($0.76) with Ace-High
Seat 2: 55a25e6e folded before Flop (didn't bet)
Seat 3: 32f8f5fd folded before Flop (didn't bet)
Seat 4: 3ace8f77 folded before Flop (didn't bet)
Seat 5: a442bb1b (button) showed [Kh 9s] and lost with King-High
Seat 6: 894c8bfc (small blind) folded before Flop


Poker Hand #HD1150135387: Hold'em No Limit  ($0.02/$0.05) - 2023/03/07 18:29:29
Table 'NLHBlue5' 6-max Seat #4 is the button
Seat 1: Hero ($5.12 in chips)
Seat 2: 55a25e6e ($6.01 in chips)
Seat 3: 32f8f5fd ($5.45 in chips)
Seat 4: 3ace8f77 ($8.68 in chips)
Seat 5: a442bb1b ($1.33 in chips)
Seat 6: 894c8bfc ($5 in chips)
a442bb1b: posts small blind $0.02
894c8bfc: posts big blind $0.05
*** HOLE CARDS ***
Dealt to Hero [9s Qh]
Dealt to 55a25e6e 
Dealt to 32f8f5fd 
Dealt to 3ace8f77 
Dealt to a442bb1b 
Dealt to 894c8bfc 
Hero: folds
55a25e6e: folds
32f8f5fd: raises $0.1 to $0.15
3ace8f77: folds
a442bb1b: folds
894c8bfc: folds
Uncalled bet ($0.1) returned to 32f8f5fd
*** SHOWDOWN ***
32f8f5fd collected $0.12 from pot
*** SUMMARY ***
Total pot $0.12 | Rake $0 | Jackpot $0 | Bingo $0 | Fortune $0
Seat 1: Hero folded before Flop (didn't bet)
Seat 2: 55a25e6e folded before Flop (didn't bet)
Seat 3: 32f8f5fd collected ($0.12)
Seat 4: 3ace8f77 (button) folded before Flop (didn't bet)
Seat 5: a442bb1b (small blind) folded before Flop
Seat 6: 894c8bfc (big blind) folded before Flop


Poker Hand #HD1150135285: Hold'em No Limit  ($0.02/$0.05) - 2023/03/07 18:28:50
Table 'NLHBlue5' 6-max Seat #3 is the button
Seat 1: Hero ($5.12 in chips)
Seat 2: 55a25e6e ($6.27 in chips)
Seat 3: 32f8f5fd ($5.45 in chips)
Seat 4: 3ace8f77 ($8.7 in chips)
Seat 5: a442bb1b ($1.07 in chips)
Seat 6: 894c8bfc ($5 in chips)
3ace8f77: posts small blind $0.02
a442bb1b: posts big blind $0.05
*** HOLE CARDS ***
Dealt to Hero [9s Ah]
Dealt to 55a25e6e 
Dealt to 32f8f5fd 
Dealt to 3ace8f77 
Dealt to a442bb1b 
Dealt to 894c8bfc 
894c8bfc: folds
Hero: folds
55a25e6e: raises $0.1 to $0.15
32f8f5fd: folds
3ace8f77: folds
a442bb1b: calls $0.1
*** FLOP *** [9c 4d 7h]
a442bb1b: bets $0.11
55a25e6e: calls $0.11
*** TURN *** [9c 4d 7h] [7d]
a442bb1b: bets $0.27
55a25e6e: folds
Uncalled bet ($0.27) returned to a442bb1b
*** SHOWDOWN ***
a442bb1b collected $0.52 from pot
*** SUMMARY ***
Total pot $0.54 | Rake $0.02 | Jackpot $0 | Bingo $0 | Fortune $0
Board [9c 4d 7h 7d]
Seat 1: Hero folded before Flop (didn't bet)
Seat 2: 55a25e6e folded on the Turn
Seat 3: 32f8f5fd (button) folded before Flop (didn't bet)
Seat 4: 3ace8f77 (small blind) folded before Flop
Seat 5: a442bb1b (big blind) won ($0.52)
Seat 6: 894c8bfc folded before Flop (didn't bet)


Poker Hand #HD1150135181: Hold'em No Limit  ($0.02/$0.05) - 2023/03/07 18:28:12
Table 'NLHBlue5' 6-max Seat #2 is the button
Seat 1: Hero ($5.12 in chips)
Seat 2: 55a25e6e ($6.27 in chips)
Seat 3: 32f8f5fd ($5.47 in chips)
Seat 4: 3ace8f77 ($8.75 in chips)
Seat 5: a442bb1b ($1 in chips)
Seat 6: 894c8bfc ($5 in chips)
32f8f5fd: posts small blind $0.02
3ace8f77: posts big blind $0.05
a442bb1b: posts big blind $0.05
*** HOLE CARDS ***
Dealt to Hero [3h 9s]
Dealt to 55a25e6e 
Dealt to 32f8f5fd 
Dealt to 3ace8f77 
Dealt to a442bb1b 
Dealt to 894c8bfc 
a442bb1b: checks
894c8bfc: folds
Hero: folds
55a25e6e: folds
32f8f5fd: folds
3ace8f77: checks
*** FLOP *** [As 5h Ts]
3ace8f77: checks
a442bb1b: checks
*** TURN *** [As 5h Ts] [5d]
3ace8f77: checks
a442bb1b: checks
*** RIVER *** [As 5h Ts 5d] [Jd]
3ace8f77: checks
a442bb1b: checks
3ace8f77: shows [Qc 2h] (Pair of Fives)
a442bb1b: shows [7d Td] (Pair of Tens and Pair of Fives)
*** SHOWDOWN ***
a442bb1b collected $0.12 from pot
*** SUMMARY ***
Total pot $0.12 | Rake $0 | Jackpot $0 | Bingo $0 | Fortune $0
Board [As 5h Ts 5d Jd]
Seat 1: Hero folded before Flop (didn't bet)
Seat 2: 55a25e6e (button) folded before Flop (didn't bet)
Seat 3: 32f8f5fd (small blind) folded before Flop
Seat 4: 3ace8f77 (big blind) showed [Qc 2h] and lost with Pair of Fives
Seat 5: a442bb1b showed [7d Td] and won ($0.12) with Pair of Tens and Pair of Fives
Seat 6: 894c8bfc folded before Flop (didn't bet)


Poker Hand #HD1150135052: Hold'em No Limit  ($0.02/$0.05) - 2023/03/07 18:27:24
Table 'NLHBlue5' 6-max Seat #1 is the button
Seat 1: Hero ($5.12 in chips)
Seat 2: 55a25e6e ($6.29 in chips)
Seat 3: 32f8f5fd ($5.24 in chips)
Seat 4: 3ace8f77 ($8.75 in chips)
Seat 6: 894c8bfc ($5.2 in chips)
55a25e6e: posts small blind $0.02
32f8f5fd: posts big blind $0.05
*** HOLE CARDS ***
Dealt to Hero [Tc 8d]
Dealt to 55a25e6e 
Dealt to 32f8f5fd 
Dealt to 3ace8f77 
Dealt to 894c8bfc 
3ace8f77: folds
894c8bfc: raises $0.08 to $0.13
Hero: folds
55a25e6e: folds
32f8f5fd: calls $0.08
*** FLOP *** [5s 5d Jh]
32f8f5fd: checks
894c8bfc: bets $0.1
32f8f5fd: calls $0.1
*** TURN *** [5s 5d Jh] [6c]
32f8f5fd: checks
894c8bfc: checks
*** RIVER *** [5s 5d Jh 6c] [3c]
32f8f5fd: bets $0.24
894c8bfc: folds
Uncalled bet ($0.24) returned to 32f8f5fd
*** SHOWDOWN ***
32f8f5fd collected $0.46 from pot
*** SUMMARY ***
Total pot $0.48 | Rake $0.02 | Jackpot $0 | Bingo $0 | Fortune $0
Board [5s 5d Jh 6c 3c]
Seat 1: Hero (button) folded before Flop (didn't bet)
Seat 2: 55a25e6e (small blind) folded before Flop
Seat 3: 32f8f5fd (big blind) won ($0.46)
Seat 4: 3ace8f77 folded before Flop (didn't bet)
Seat 6: 894c8bfc folded on the River


Poker Hand #HD1150135034: Hold'em No Limit  ($0.02/$0.05) - 2023/03/07 18:27:14
Table 'NLHBlue5' 6-max Seat #6 is the button
Seat 1: Hero ($5.14 in chips)
Seat 2: 55a25e6e ($6.27 in chips)
Seat 3: 32f8f5fd ($5.24 in chips)
Seat 4: 3ace8f77 ($8.75 in chips)
Seat 6: 894c8bfc ($5.2 in chips)
Hero: posts small blind $0.02
55a25e6e: posts big blind $0.05
*** HOLE CARDS ***
Dealt to Hero [2d Td]
Dealt to 55a25e6e 
Dealt to 32f8f5fd 
Dealt to 3ace8f77 
Dealt to 894c8bfc 
32f8f5fd: folds
3ace8f77: folds
894c8bfc: folds
Hero: folds
Uncalled bet ($0.03) returned to 55a25e6e
*** SHOWDOWN ***
55a25e6e collected $0.04 from pot
*** SUMMARY ***
Total pot $0.04 | Rake $0 | Jackpot $0 | Bingo $0 | Fortune $0
Seat 1: Hero (small blind) folded before Flop
Seat 2: 55a25e6e (big blind) collected ($0.04)
Seat 3: 32f8f5fd folded before Flop (didn't bet)
Seat 4: 3ace8f77 folded before Flop (didn't bet)
Seat 6: 894c8bfc (button) folded before Flop (didn't bet)


Poker Hand #HD1150135003: Hold'em No Limit  ($0.02/$0.05) - 2023/03/07 18:27:02
Table 'NLHBlue5' 6-max Seat #4 is the button
Seat 1: Hero ($5.12 in chips)
Seat 2: 55a25e6e ($6.27 in chips)
Seat 4: 3ace8f77 ($8.75 in chips)
Seat 6: 894c8bfc ($5.22 in chips)
894c8bfc: posts small blind $0.02
Hero: posts big blind $0.05
*** HOLE CARDS ***
Dealt to Hero [7h Jh]
Dealt to 55a25e6e 
Dealt to 3ace8f77 
Dealt to 894c8bfc 
55a25e6e: folds
3ace8f77: folds
894c8bfc: folds
Uncalled bet ($0.03) returned to Hero
*** SHOWDOWN ***
Hero collected $0.04 from pot
*** SUMMARY ***
Total pot $0.04 | Rake $0 | Jackpot $0 | Bingo $0 | Fortune $0
Seat 1: Hero (big blind) collected ($0.04)
Seat 2: 55a25e6e folded before Flop (didn't bet)
Seat 4: 3ace8f77 (button) folded before Flop (didn't bet)
Seat 6: 894c8bfc (small blind) folded before Flop


Poker Hand #HD1150134948: Hold'em No Limit  ($0.02/$0.05) - 2023/03/07 18:26:41
Table 'NLHBlue5' 6-max Seat #2 is the button
Seat 1: Hero ($5.12 in chips)
Seat 2: 55a25e6e ($6.27 in chips)
Seat 3: 32f8f5fd ($5.26 in chips)
Seat 4: 3ace8f77 ($8.73 in chips)
Seat 6: 894c8bfc ($5.22 in chips)
32f8f5fd: posts small blind $0.02
3ace8f77: posts big blind $0.05
*** HOLE CARDS ***
Dealt to Hero [9s 5d]
Dealt to 55a25e6e 
Dealt to 32f8f5fd 
Dealt to 3ace8f77 
Dealt to 894c8bfc 
894c8bfc: folds
Hero: folds
55a25e6e: folds
32f8f5fd: folds
Uncalled bet ($0.03) returned to 3ace8f77
*** SHOWDOWN ***
3ace8f77 collected $0.04 from pot
*** SUMMARY ***
Total pot $0.04 | Rake $0 | Jackpot $0 | Bingo $0 | Fortune $0
Seat 1: Hero folded before Flop (didn't bet)
Seat 2: 55a25e6e (button) folded before Flop (didn't bet)
Seat 3: 32f8f5fd (small blind) folded before Flop
Seat 4: 3ace8f77 (big blind) collected ($0.04)
Seat 6: 894c8bfc folded before Flop (didn't bet)


Poker Hand #HD1150134922: Hold'em No Limit  ($0.02/$0.05) - 2023/03/07 18:26:26
Table 'NLHBlue5' 6-max Seat #1 is the button
Seat 1: Hero ($5.12 in chips)
Seat 2: 55a25e6e ($6.22 in chips)
Seat 3: 32f8f5fd ($5.31 in chips)
Seat 4: 3ace8f77 ($8.73 in chips)
Seat 6: 894c8bfc ($5.22 in chips)
55a25e6e: posts small blind $0.02
32f8f5fd: posts big blind $0.05
*** HOLE CARDS ***
Dealt to Hero [3s 5h]
Dealt to 55a25e6e 
Dealt to 32f8f5fd 
Dealt to 3ace8f77 
Dealt to 894c8bfc 
3ace8f77: folds
894c8bfc: folds
Hero: folds
55a25e6e: raises $0.08 to $0.13
32f8f5fd: folds
Uncalled bet ($0.08) returned to 55a25e6e
*** SHOWDOWN ***
55a25e6e collected $0.1 from pot
*** SUMMARY ***
Total pot $0.1 | Rake $0 | Jackpot $0 | Bingo $0 | Fortune $0
Seat 1: Hero (button) folded before Flop (didn't bet)
Seat 2: 55a25e6e (small blind) collected ($0.1)
Seat 3: 32f8f5fd (big blind) folded before Flop
Seat 4: 3ace8f77 folded before Flop (didn't bet)
Seat 6: 894c8bfc folded before Flop (didn't bet)


Poker Hand #HD1150134882: Hold'em No Limit  ($0.02/$0.05) - 2023/03/07 18:26:12
Table 'NLHBlue5' 6-max Seat #6 is the button
Seat 1: Hero ($5.07 in chips)
Seat 2: 55a25e6e ($6.27 in chips)
Seat 3: 32f8f5fd ($5.31 in chips)
Seat 4: 3ace8f77 ($8.73 in chips)
Seat 6: 894c8bfc ($5.22 in chips)
Hero: posts small blind $0.02
55a25e6e: posts big blind $0.05
*** HOLE CARDS ***
Dealt to Hero [4d 4s]
Dealt to 55a25e6e 
Dealt to 32f8f5fd 
Dealt to 3ace8f77 
Dealt to 894c8bfc 
32f8f5fd: folds
3ace8f77: folds
894c8bfc: folds
Hero: raises $0.09 to $0.14
55a25e6e: folds
Uncalled bet ($0.09) returned to Hero
*** SHOWDOWN ***
Hero collected $0.1 from pot
*** SUMMARY ***
Total pot $0.1 | Rake $0 | Jackpot $0 | Bingo $0 | Fortune $0
Seat 1: Hero (small blind) collected ($0.1)
Seat 2: 55a25e6e (big blind) folded before Flop
Seat 3: 32f8f5fd folded before Flop (didn't bet)
Seat 4: 3ace8f77 folded before Flop (didn't bet)
Seat 6: 894c8bfc (button) folded before Flop (didn't bet)


Poker Hand #HD1150134769: Hold'em No Limit  ($0.02/$0.05) - 2023/03/07 18:25:20
Table 'NLHBlue5' 6-max Seat #4 is the button
Seat 1: Hero ($5.07 in chips)
Seat 2: 55a25e6e ($6.27 in chips)
Seat 3: 32f8f5fd ($5.31 in chips)
Seat 4: 3ace8f77 ($6.79 in chips)
Seat 5: bb9400a7 ($2.15 in chips)
Seat 6: 894c8bfc ($5.27 in chips)
bb9400a7: posts small blind $0.02
894c8bfc: posts big blind $0.05
*** HOLE CARDS ***
Dealt to Hero [2d 5c]
Dealt to 55a25e6e 
Dealt to 32f8f5fd 
Dealt to 3ace8f77 
Dealt to bb9400a7 
Dealt to 894c8bfc 
Hero: folds
55a25e6e: folds
32f8f5fd: folds
3ace8f77: raises $0.05 to $0.1
bb9400a7: calls $0.08
894c8bfc: folds
*** FLOP *** [7h 5d 8d]
bb9400a7: checks
3ace8f77: checks
*** TURN *** [7h 5d 8d] [9h]
bb9400a7: checks
3ace8f77: checks
*** RIVER *** [7h 5d 8d 9h] [Kh]
bb9400a7: checks
3ace8f77: bets $0.1
bb9400a7: raises $0.15 to $0.25
3ace8f77: raises $6.44 to $6.69 and is all-in
bb9400a7: calls $1.8 and is all-in
Uncalled bet ($4.64) returned to 3ace8f77
3ace8f77: shows [Ah Qh] (Ace High Flush)
bb9400a7: shows [Th Kd] (Pair of Kings)
*** SHOWDOWN ***
3ace8f77 collected $4.09 from pot
*** SUMMARY ***
Total pot $4.35 | Rake $0.21 | Jackpot $0.05 | Bingo $0 | Fortune $0
Board [7h 5d 8d 9h Kh]
Seat 1: Hero folded before Flop (didn't bet)
Seat 2: 55a25e6e folded before Flop (didn't bet)
Seat 3: 32f8f5fd folded before Flop (didn't bet)
Seat 4: 3ace8f77 (button) showed [Ah Qh] and won ($4.09) with Ace High Flush
Seat 5: bb9400a7 (small blind) showed [Th Kd] and lost with Pair of Kings
Seat 6: 894c8bfc (big blind) folded before Flop


Poker Hand #HD1150134705: Hold'em No Limit  ($0.02/$0.05) - 2023/03/07 18:24:48
Table 'NLHBlue5' 6-max Seat #3 is the button
Seat 1: Hero ($5.07 in chips)
Seat 2: 55a25e6e ($6.2 in chips)
Seat 3: 32f8f5fd ($5.31 in chips)
Seat 4: 3ace8f77 ($6.81 in chips)
Seat 5: bb9400a7 ($2.2 in chips)
Seat 6: 894c8bfc ($5.27 in chips)
3ace8f77: posts small blind $0.02
bb9400a7: posts big blind $0.05
*** HOLE CARDS ***
Dealt to Hero [3c Tc]
Dealt to 55a25e6e 
Dealt to 32f8f5fd 
Dealt to 3ace8f77 
Dealt to bb9400a7 
Dealt to 894c8bfc 
894c8bfc: folds
Hero: folds
55a25e6e: raises $0.1 to $0.15
32f8f5fd: folds
3ace8f77: folds
bb9400a7: folds
Uncalled bet ($0.1) returned to 55a25e6e
*** SHOWDOWN ***
55a25e6e collected $0.12 from pot
*** SUMMARY ***
Total pot $0.12 | Rake $0 | Jackpot $0 | Bingo $0 | Fortune $0
Seat 1: Hero folded before Flop (didn't bet)
Seat 2: 55a25e6e collected ($0.12)
Seat 3: 32f8f5fd (button) folded before Flop (didn't bet)
Seat 4: 3ace8f77 (small blind) folded before Flop
Seat 5: bb9400a7 (big blind) folded before Flop
Seat 6: 894c8bfc folded before Flop (didn't bet)


Poker Hand #HD1150134672: Hold'em No Limit  ($0.02/$0.05) - 2023/03/07 18:24:35
Table 'NLHBlue5' 6-max Seat #2 is the button
Seat 1: Hero ($5 in chips)
Seat 2: 55a25e6e ($6.2 in chips)
Seat 3: 32f8f5fd ($5.33 in chips)
Seat 4: 3ace8f77 ($6.86 in chips)
Seat 5: bb9400a7 ($2.2 in chips)
Seat 6: 894c8bfc ($5.27 in chips)
32f8f5fd: posts small blind $0.02
3ace8f77: posts big blind $0.05
*** HOLE CARDS ***
Dealt to Hero [Qs Js]
Dealt to 55a25e6e 
Dealt to 32f8f5fd 
Dealt to 3ace8f77 
Dealt to bb9400a7 
Dealt to 894c8bfc 
bb9400a7: folds
894c8bfc: folds
Hero: raises $0.07 to $0.12
55a25e6e: folds
32f8f5fd: folds
3ace8f77: folds
Uncalled bet ($0.07) returned to Hero
*** SHOWDOWN ***
Hero collected $0.12 from pot
*** SUMMARY ***
Total pot $0.12 | Rake $0 | Jackpot $0 | Bingo $0 | Fortune $0
Seat 1: Hero collected ($0.12)
Seat 2: 55a25e6e (button) folded before Flop (didn't bet)
Seat 3: 32f8f5fd (small blind) folded before Flop
Seat 4: 3ace8f77 (big blind) folded before Flop
Seat 5: bb9400a7 folded before Flop (didn't bet)
Seat 6: 894c8bfc folded before Flop (didn't bet)


Poker Hand #HD1150134569: Hold'em No Limit  ($0.02/$0.05) - 2023/03/07 18:23:47
Table 'NLHBlue5' 6-max Seat #1 is the button
Seat 1: Hero ($5 in chips)
Seat 2: 55a25e6e ($6.22 in chips)
Seat 3: 32f8f5fd ($5.6 in chips)
Seat 4: 3ace8f77 ($6.86 in chips)
Seat 5: bb9400a7 ($2.2 in chips)
Seat 6: 894c8bfc ($5 in chips)
55a25e6e: posts small blind $0.02
32f8f5fd: posts big blind $0.05
*** HOLE CARDS ***
Dealt to Hero [6d 3h]
Dealt to 55a25e6e 
Dealt to 32f8f5fd 
Dealt to 3ace8f77 
Dealt to bb9400a7 
Dealt to 894c8bfc 
3ace8f77: folds
bb9400a7: folds
894c8bfc: raises $0.08 to $0.13
Hero: folds
55a25e6e: folds
32f8f5fd: calls $0.08
*** FLOP *** [8h 5s 7c]
32f8f5fd: checks
894c8bfc: bets $0.14
32f8f5fd: calls $0.14
*** TURN *** [8h 5s 7c] [Jd]
32f8f5fd: checks
894c8bfc: bets $0.42
32f8f5fd: folds
Uncalled bet ($0.42) returned to 894c8bfc
*** SHOWDOWN ***
894c8bfc collected $0.54 from pot
*** SUMMARY ***
Total pot $0.56 | Rake $0.02 | Jackpot $0 | Bingo $0 | Fortune $0
Board [8h 5s 7c Jd]
Seat 1: Hero (button) folded before Flop (didn't bet)
Seat 2: 55a25e6e (small blind) folded before Flop
Seat 3: 32f8f5fd (big blind) folded on the Turn
Seat 4: 3ace8f77 folded before Flop (didn't bet)
Seat 5: bb9400a7 folded before Flop (didn't bet)
Seat 6: 894c8bfc won ($0.54)


Poker Hand #HD1150134402: Hold'em No Limit  ($0.02/$0.05) - 2023/03/07 18:22:39
Table 'NLHBlue5' 6-max Seat #6 is the button
Seat 1: Hero ($5.02 in chips)
Seat 2: 55a25e6e ($6.27 in chips)
Seat 3: 32f8f5fd ($5.6 in chips)
Seat 4: 3ace8f77 ($5.07 in chips)
Seat 5: bb9400a7 ($2.2 in chips)
Seat 6: 894c8bfc ($5 in chips)
Hero: posts small blind $0.02
55a25e6e: posts big blind $0.05
*** HOLE CARDS ***
Dealt to Hero [8d 9d]
Dealt to 55a25e6e 
Dealt to 32f8f5fd 
Dealt to 3ace8f77 
Dealt to bb9400a7 
Dealt to 894c8bfc 
32f8f5fd: folds
3ace8f77: raises $0.05 to $0.1
bb9400a7: folds
894c8bfc: folds
Hero: raises $0.38 to $0.48
55a25e6e: folds
3ace8f77: calls $0.38
*** FLOP *** [7c 3c Qs]
Hero: bets $0.5
3ace8f77: calls $0.5
*** TURN *** [7c 3c Qs] [5s]
Hero: bets $1
3ace8f77: calls $1
*** RIVER *** [7c 3c Qs 5s] [7h]
Hero: checks
3ace8f77: checks
Hero: shows [8d 9d] (Pair of Sevens)
3ace8f77: shows [Kc Kh] (Pair of Kings and Pair of Sevens)
*** SHOWDOWN ***
3ace8f77 collected $3.77 from pot
*** SUMMARY ***
Total pot $4.01 | Rake $0.19 | Jackpot $0.05 | Bingo $0 | Fortune $0
Board [7c 3c Qs 5s 7h]
Seat 1: Hero (small blind) showed [8d 9d] and lost with Pair of Sevens
Seat 2: 55a25e6e (big blind) folded before Flop
Seat 3: 32f8f5fd folded before Flop (didn't bet)
Seat 4: 3ace8f77 showed [Kc Kh] and won ($3.77) with Pair of Kings and Pair of Sevens
Seat 5: bb9400a7 folded before Flop (didn't bet)
Seat 6: 894c8bfc (button) folded before Flop (didn't bet)


Poker Hand #HD1150134297: Hold'em No Limit  ($0.02/$0.05) - 2023/03/07 18:22:00
Table 'NLHBlue5' 6-max Seat #5 is the button
Seat 1: Hero ($5.07 in chips)
Seat 2: 55a25e6e ($6.27 in chips)
Seat 3: 32f8f5fd ($4.9 in chips)
Seat 4: 3ace8f77 ($5.07 in chips)
Seat 5: bb9400a7 ($2.3 in chips)
Seat 6: 894c8bfc ($5.12 in chips)
894c8bfc: posts small blind $0.02
Hero: posts big blind $0.05
*** HOLE CARDS ***
Dealt to Hero [6h 8c]
Dealt to 55a25e6e 
Dealt to 32f8f5fd 
Dealt to 3ace8f77 
Dealt to bb9400a7 
Dealt to 894c8bfc 
55a25e6e: folds
32f8f5fd: raises $0.05 to $0.1
3ace8f77: folds
bb9400a7: calls $0.1
894c8bfc: raises $0.52 to $0.62
Hero: folds
32f8f5fd: raises $0.7 to $1.32
bb9400a7: folds
894c8bfc: folds
Uncalled bet ($0.7) returned to 32f8f5fd
*** SHOWDOWN ***
32f8f5fd collected $1.32 from pot
*** SUMMARY ***
Total pot $1.39 | Rake $0.07 | Jackpot $0 | Bingo $0 | Fortune $0
Seat 1: Hero (big blind) folded before Flop
Seat 2: 55a25e6e folded before Flop (didn't bet)
Seat 3: 32f8f5fd collected ($1.32)
Seat 4: 3ace8f77 folded before Flop (didn't bet)
Seat 5: bb9400a7 (button) folded before Flop
Seat 6: 894c8bfc (small blind) folded before Flop


Poker Hand #HD1150134173: Hold'em No Limit  ($0.02/$0.05) - 2023/03/07 18:21:09
Table 'NLHBlue5' 6-max Seat #4 is the button
Seat 1: Hero ($5.07 in chips)
Seat 2: 55a25e6e ($6.27 in chips)
Seat 3: 32f8f5fd ($4.9 in chips)
Seat 4: 3ace8f77 ($5.07 in chips)
Seat 5: bb9400a7 ($2.21 in chips)
Seat 6: 894c8bfc ($5.22 in chips)
bb9400a7: posts small blind $0.02
894c8bfc: posts big blind $0.05
*** HOLE CARDS ***
Dealt to Hero [Tc 7c]
Dealt to 55a25e6e 
Dealt to 32f8f5fd 
Dealt to 3ace8f77 
Dealt to bb9400a7 
Dealt to 894c8bfc 
Hero: folds
55a25e6e: folds
32f8f5fd: folds
3ace8f77: folds
bb9400a7: raises $0.05 to $0.1
894c8bfc: calls $0.05
*** FLOP *** [2d 6s Kc]
bb9400a7: checks
894c8bfc: checks
*** TURN *** [2d 6s Kc] [6c]
bb9400a7: checks
894c8bfc: checks
*** RIVER *** [2d 6s Kc 6c] [9h]
bb9400a7: bets $0.1
894c8bfc: folds
Uncalled bet ($0.1) returned to bb9400a7
*** SHOWDOWN ***
bb9400a7 collected $0.19 from pot
*** SUMMARY ***
Total pot $0.2 | Rake $0.01 | Jackpot $0 | Bingo $0 | Fortune $0
Board [2d 6s Kc 6c 9h]
Seat 1: Hero folded before Flop (didn't bet)
Seat 2: 55a25e6e folded before Flop (didn't bet)
Seat 3: 32f8f5fd folded before Flop (didn't bet)
Seat 4: 3ace8f77 (button) folded before Flop (didn't bet)
Seat 5: bb9400a7 (small blind) won ($0.19)
Seat 6: 894c8bfc (big blind) folded on the River


Poker Hand #HD1150134131: Hold'em No Limit  ($0.02/$0.05) - 2023/03/07 18:20:54
Table 'NLHBlue5' 6-max Seat #3 is the button
Seat 1: Hero ($5 in chips)
Seat 2: 55a25e6e ($6.27 in chips)
Seat 3: 32f8f5fd ($4.9 in chips)
Seat 4: 3ace8f77 ($5.09 in chips)
Seat 5: bb9400a7 ($2.26 in chips)
Seat 6: 894c8bfc ($5.22 in chips)
3ace8f77: posts small blind $0.02
bb9400a7: posts big blind $0.05
*** HOLE CARDS ***
Dealt to Hero [Jc Js]
Dealt to 55a25e6e 
Dealt to 32f8f5fd 
Dealt to 3ace8f77 
Dealt to bb9400a7 
Dealt to 894c8bfc 
894c8bfc: folds
Hero: raises $0.07 to $0.12
55a25e6e: folds
32f8f5fd: folds
3ace8f77: folds
bb9400a7: folds
Uncalled bet ($0.07) returned to Hero
*** SHOWDOWN ***
Hero collected $0.12 from pot
*** SUMMARY ***
Total pot $0.12 | Rake $0 | Jackpot $0 | Bingo $0 | Fortune $0
Seat 1: Hero collected ($0.12)
Seat 2: 55a25e6e folded before Flop (didn't bet)
Seat 3: 32f8f5fd (button) folded before Flop (didn't bet)
Seat 4: 3ace8f77 (small blind) folded before Flop
Seat 5: bb9400a7 (big blind) folded before Flop
Seat 6: 894c8bfc folded before Flop (didn't bet)


Poker Hand #HD1150134088: Hold'em No Limit  ($0.02/$0.05) - 2023/03/07 18:20:37
Table 'NLHBlue5' 6-max Seat #2 is the button
Seat 1: Hero ($5 in chips)
Seat 2: 55a25e6e ($6.27 in chips)
Seat 3: 32f8f5fd ($4.92 in chips)
Seat 4: 3ace8f77 ($5.14 in chips)
Seat 5: bb9400a7 ($2.26 in chips)
Seat 6: 894c8bfc ($5.15 in chips)
32f8f5fd: posts small blind $0.02
3ace8f77: posts big blind $0.05
*** HOLE CARDS ***
Dealt to Hero [2h 4s]
Dealt to 55a25e6e 
Dealt to 32f8f5fd 
Dealt to 3ace8f77 
Dealt to bb9400a7 
Dealt to 894c8bfc 
bb9400a7: folds
894c8bfc: raises $0.1 to $0.15
Hero: folds
55a25e6e: folds
32f8f5fd: folds
3ace8f77: folds
Uncalled bet ($0.1) returned to 894c8bfc
*** SHOWDOWN ***
894c8bfc collected $0.12 from pot
*** SUMMARY ***
Total pot $0.12 | Rake $0 | Jackpot $0 | Bingo $0 | Fortune $0
Seat 1: Hero folded before Flop (didn't bet)
Seat 2: 55a25e6e (button) folded before Flop (didn't bet)
Seat 3: 32f8f5fd (small blind) folded before Flop
Seat 4: 3ace8f77 (big blind) folded before Flop
Seat 5: bb9400a7 folded before Flop (didn't bet)
Seat 6: 894c8bfc collected ($0.12)


Poker Hand #HD1150134051: Hold'em No Limit  ($0.02/$0.05) - 2023/03/07 18:20:15
Table 'NLHBlue5' 6-max Seat #1 is the button
Seat 1: Hero ($5 in chips)
Seat 2: 55a25e6e ($6.29 in chips)
Seat 3: 32f8f5fd ($4.97 in chips)
Seat 4: 3ace8f77 ($5.14 in chips)
Seat 5: bb9400a7 ($2.19 in chips)
Seat 6: 894c8bfc ($5.15 in chips)
55a25e6e: posts small blind $0.02
32f8f5fd: posts big blind $0.05
*** HOLE CARDS ***
Dealt to Hero [5h Qc]
Dealt to 55a25e6e 
Dealt to 32f8f5fd 
Dealt to 3ace8f77 
Dealt to bb9400a7 
Dealt to 894c8bfc 
3ace8f77: folds
bb9400a7: calls $0.05
894c8bfc: folds
Hero: folds
55a25e6e: folds
32f8f5fd: checks
*** FLOP *** [Tc Kh 6s]
32f8f5fd: checks
bb9400a7: bets $0.09
32f8f5fd: folds
Uncalled bet ($0.09) returned to bb9400a7
*** SHOWDOWN ***
bb9400a7 collected $0.12 from pot
*** SUMMARY ***
Total pot $0.12 | Rake $0 | Jackpot $0 | Bingo $0 | Fortune $0
Board [Tc Kh 6s]
Seat 1: Hero (button) folded before Flop (didn't bet)
Seat 2: 55a25e6e (small blind) folded before Flop
Seat 3: 32f8f5fd (big blind) folded on the Flop
Seat 4: 3ace8f77 folded before Flop (didn't bet)
Seat 5: bb9400a7 won ($0.12)
Seat 6: 894c8bfc folded before Flop (didn't bet)


Poker Hand #HD1150133940: Hold'em No Limit  ($0.02/$0.05) - 2023/03/07 18:19:33
Table 'NLHBlue5' 6-max Seat #6 is the button
Seat 1: Hero ($5 in chips)
Seat 2: 55a25e6e ($5.89 in chips)
Seat 3: 32f8f5fd ($4.97 in chips)
Seat 4: 3ace8f77 ($5.24 in chips)
Seat 5: bb9400a7 ($2.51 in chips)
Seat 6: 894c8bfc ($5.15 in chips)
Hero: posts small blind $0.02
55a25e6e: posts big blind $0.05
*** HOLE CARDS ***
Dealt to Hero [4h 9d]
Dealt to 55a25e6e 
Dealt to 32f8f5fd 
Dealt to 3ace8f77 
Dealt to bb9400a7 
Dealt to 894c8bfc 
32f8f5fd: folds
3ace8f77: raises $0.05 to $0.1
bb9400a7: calls $0.1
894c8bfc: folds
Hero: folds
55a25e6e: calls $0.05
*** FLOP *** [6h 6d Js]
55a25e6e: checks
3ace8f77: checks
bb9400a7: checks
*** TURN *** [6h 6d Js] [Kc]
55a25e6e: checks
3ace8f77: checks
bb9400a7: checks
*** RIVER *** [6h 6d Js Kc] [6c]
55a25e6e: bets $0.22
3ace8f77: folds
bb9400a7: calls $0.22
55a25e6e: shows [6s 7h] (Four Sixes)
bb9400a7: shows [8d 8h] (Sixes Full over Eights)
*** SHOWDOWN ***
55a25e6e collected $0.72 from pot
*** SUMMARY ***
Total pot $0.76 | Rake $0.04 | Jackpot $0 | Bingo $0 | Fortune $0
Board [6h 6d Js Kc 6c]
Seat 1: Hero (small blind) folded before Flop
Seat 2: 55a25e6e (big blind) showed [6s 7h] and won ($0.72) with Four Sixes
Seat 3: 32f8f5fd folded before Flop (didn't bet)
Seat 4: 3ace8f77 folded on the River
Seat 5: bb9400a7 showed [8d 8h] and lost with Sixes Full over Eights
Seat 6: 894c8bfc (button) folded before Flop (didn't bet)


Poker Hand #HD1150133902: Hold'em No Limit  ($0.02/$0.05) - 2023/03/07 18:19:20
Table 'NLHBlue5' 6-max Seat #5 is the button
Seat 1: Hero ($5 in chips)
Seat 2: 55a25e6e ($5.89 in chips)
Seat 3: 32f8f5fd ($4.97 in chips)
Seat 4: 3ace8f77 ($5.24 in chips)
Seat 5: bb9400a7 ($2.51 in chips)
Seat 6: 894c8bfc ($5.1 in chips)
894c8bfc: posts small blind $0.02
Hero: posts big blind $0.05
*** HOLE CARDS ***
Dealt to Hero [6s 5d]
Dealt to 55a25e6e 
Dealt to 32f8f5fd 
Dealt to 3ace8f77 
Dealt to bb9400a7 
Dealt to 894c8bfc 
55a25e6e: folds
32f8f5fd: folds
3ace8f77: folds
bb9400a7: folds
894c8bfc: raises $0.1 to $0.15
Hero: folds
Uncalled bet ($0.1) returned to 894c8bfc
*** SHOWDOWN ***
894c8bfc collected $0.1 from pot
*** SUMMARY ***
Total pot $0.1 | Rake $0 | Jackpot $0 | Bingo $0 | Fortune $0
Seat 1: Hero (big blind) folded before Flop
Seat 2: 55a25e6e folded before Flop (didn't bet)
Seat 3: 32f8f5fd folded before Flop (didn't bet)
Seat 4: 3ace8f77 folded before Flop (didn't bet)
Seat 5: bb9400a7 (button) folded before Flop (didn't bet)
Seat 6: 894c8bfc (small blind) collected ($0.1)


Poker Hand #HD1150133837: Hold'em No Limit  ($0.02/$0.05) - 2023/03/07 18:19:00
Table 'NLHBlue5' 6-max Seat #4 is the button
Seat 1: Hero ($5 in chips)
Seat 2: 55a25e6e ($5.89 in chips)
Seat 3: 32f8f5fd ($4.9 in chips)
Seat 4: 3ace8f77 ($5.24 in chips)
Seat 5: bb9400a7 ($2.53 in chips)
Seat 6: 894c8bfc ($5.15 in chips)
bb9400a7: posts small blind $0.02
894c8bfc: posts big blind $0.05
*** HOLE CARDS ***
Dealt to Hero [7d 4c]
Dealt to 55a25e6e 
Dealt to 32f8f5fd 
Dealt to 3ace8f77 
Dealt to bb9400a7 
Dealt to 894c8bfc 
Hero: folds
55a25e6e: folds
32f8f5fd: raises $0.05 to $0.1
3ace8f77: folds
bb9400a7: folds
894c8bfc: folds
Uncalled bet ($0.05) returned to 32f8f5fd
*** SHOWDOWN ***
32f8f5fd collected $0.12 from pot
*** SUMMARY ***
Total pot $0.12 | Rake $0 | Jackpot $0 | Bingo $0 | Fortune $0
Seat 1: Hero folded before Flop (didn't bet)
Seat 2: 55a25e6e folded before Flop (didn't bet)
Seat 3: 32f8f5fd collected ($0.12)
Seat 4: 3ace8f77 (button) folded before Flop (didn't bet)
Seat 5: bb9400a7 (small blind) folded before Flop
Seat 6: 894c8bfc (big blind) folded before Flop


Poker Hand #HD1150133794: Hold'em No Limit  ($0.02/$0.05) - 2023/03/07 18:18:42
Table 'NLHBlue5' 6-max Seat #3 is the button
Seat 1: Hero ($5 in chips)
Seat 2: 55a25e6e ($5.89 in chips)
Seat 3: 32f8f5fd ($4.9 in chips)
Seat 4: 3ace8f77 ($5.26 in chips)
Seat 5: bb9400a7 ($2.58 in chips)
Seat 6: 894c8bfc ($5.08 in chips)
3ace8f77: posts small blind $0.02
bb9400a7: posts big blind $0.05
*** HOLE CARDS ***
Dealt to Hero [Ad 9h]
Dealt to 55a25e6e 
Dealt to 32f8f5fd 
Dealt to 3ace8f77 
Dealt to bb9400a7 
Dealt to 894c8bfc 
894c8bfc: raises $0.1 to $0.15
Hero: folds
55a25e6e: folds
32f8f5fd: folds
3ace8f77: folds
bb9400a7: folds
Uncalled bet ($0.1) returned to 894c8bfc
*** SHOWDOWN ***
894c8bfc collected $0.12 from pot
*** SUMMARY ***
Total pot $0.12 | Rake $0 | Jackpot $0 | Bingo $0 | Fortune $0
Seat 1: Hero folded before Flop (didn't bet)
Seat 2: 55a25e6e folded before Flop (didn't bet)
Seat 3: 32f8f5fd (button) folded before Flop (didn't bet)
Seat 4: 3ace8f77 (small blind) folded before Flop
Seat 5: bb9400a7 (big blind) folded before Flop
Seat 6: 894c8bfc collected ($0.12)


Poker Hand #HD1150133684: Hold'em No Limit  ($0.02/$0.05) - 2023/03/07 18:18:02
Table 'NLHBlue5' 6-max Seat #2 is the button
Seat 1: Hero ($5 in chips)
Seat 2: 55a25e6e ($5.89 in chips)
Seat 3: 32f8f5fd ($4.63 in chips)
Seat 4: 3ace8f77 ($5.56 in chips)
Seat 5: bb9400a7 ($2.58 in chips)
Seat 6: 894c8bfc ($5.08 in chips)
32f8f5fd: posts small blind $0.02
3ace8f77: posts big blind $0.05
*** HOLE CARDS ***
Dealt to Hero [4c Ts]
Dealt to 55a25e6e 
Dealt to 32f8f5fd 
Dealt to 3ace8f77 
Dealt to bb9400a7 
Dealt to 894c8bfc 
bb9400a7: folds
894c8bfc: folds
Hero: folds
55a25e6e: folds
32f8f5fd: raises $0.1 to $0.15
3ace8f77: calls $0.1
*** FLOP *** [6h 3s Jh]
32f8f5fd: bets $0.15
3ace8f77: calls $0.15
*** TURN *** [6h 3s Jh] [Ad]
32f8f5fd: checks
3ace8f77: checks
*** RIVER *** [6h 3s Jh Ad] [Jd]
32f8f5fd: checks
3ace8f77: checks
32f8f5fd: shows [7h 7d] (Pair of Jacks and Pair of Sevens)
3ace8f77: shows [6c Qc] (Pair of Jacks and Pair of Sixes)
*** SHOWDOWN ***
32f8f5fd collected $0.57 from pot
*** SUMMARY ***
Total pot $0.6 | Rake $0.03 | Jackpot $0 | Bingo $0 | Fortune $0
Board [6h 3s Jh Ad Jd]
Seat 1: Hero folded before Flop (didn't bet)
Seat 2: 55a25e6e (button) folded before Flop (didn't bet)
Seat 3: 32f8f5fd (small blind) showed [7h 7d] and won ($0.57) with Pair of Jacks and Pair of Sevens
Seat 4: 3ace8f77 (big blind) showed [6c Qc] and lost with Pair of Jacks and Pair of Sixes
Seat 5: bb9400a7 folded before Flop (didn't bet)
Seat 6: 894c8bfc folded before Flop (didn't bet)


Poker Hand #HD1150133536: Hold'em No Limit  ($0.02/$0.05) - 2023/03/07 18:17:04
Table 'NLHBlue5' 6-max Seat #1 is the button
Seat 1: Hero ($5 in chips)
Seat 2: 55a25e6e ($5.91 in chips)
Seat 3: 32f8f5fd ($4.37 in chips)
Seat 4: 3ace8f77 ($5.56 in chips)
Seat 5: bb9400a7 ($2.58 in chips)
Seat 6: 894c8bfc ($5.21 in chips)
55a25e6e: posts small blind $0.02
32f8f5fd: posts big blind $0.05
*** HOLE CARDS ***
Dealt to Hero [5d 5s]
Dealt to 55a25e6e 
Dealt to 32f8f5fd 
Dealt to 3ace8f77 
Dealt to bb9400a7 
Dealt to 894c8bfc 
3ace8f77: folds
bb9400a7: folds
894c8bfc: raises $0.08 to $0.13
Hero: calls $0.13
55a25e6e: folds
32f8f5fd: calls $0.08
*** FLOP *** [Jh 8s 2h]
32f8f5fd: checks
894c8bfc: checks
Hero: checks
*** TURN *** [Jh 8s 2h] [9c]
32f8f5fd: bets $0.21
894c8bfc: folds
Hero: folds
Uncalled bet ($0.21) returned to 32f8f5fd
*** SHOWDOWN ***
32f8f5fd collected $0.39 from pot
*** SUMMARY ***
Total pot $0.41 | Rake $0.02 | Jackpot $0 | Bingo $0 | Fortune $0
Board [Jh 8s 2h 9c]
Seat 1: Hero (button) folded on the Turn
Seat 2: 55a25e6e (small blind) folded before Flop
Seat 3: 32f8f5fd (big blind) won ($0.39)
Seat 4: 3ace8f77 folded before Flop (didn't bet)
Seat 5: bb9400a7 folded before Flop (didn't bet)
Seat 6: 894c8bfc folded on the Turn


Poker Hand #HD1150133476: Hold'em No Limit  ($0.02/$0.05) - 2023/03/07 18:16:40
Table 'NLHBlue5' 6-max Seat #6 is the button
Seat 1: Hero ($5 in chips)
Seat 2: 55a25e6e ($5.84 in chips)
Seat 3: 32f8f5fd ($4.37 in chips)
Seat 4: 3ace8f77 ($5.56 in chips)
Seat 5: bb9400a7 ($2.63 in chips)
Seat 6: 894c8bfc ($5.21 in chips)
Hero: posts small blind $0.02
55a25e6e: posts big blind $0.05
*** HOLE CARDS ***
Dealt to Hero [Kc 5s]
Dealt to 55a25e6e 
Dealt to 32f8f5fd 
Dealt to 3ace8f77 
Dealt to bb9400a7 
Dealt to 894c8bfc 
32f8f5fd: folds
3ace8f77: folds
bb9400a7: calls $0.05
894c8bfc: folds
Hero: folds
55a25e6e: checks
*** FLOP *** [6s Kd 4c]
55a25e6e: checks
bb9400a7: checks
*** TURN *** [6s Kd 4c] [7h]
55a25e6e: bets $0.09
bb9400a7: folds
Uncalled bet ($0.09) returned to 55a25e6e
*** SHOWDOWN ***
55a25e6e collected $0.12 from pot
*** SUMMARY ***
Total pot $0.12 | Rake $0 | Jackpot $0 | Bingo $0 | Fortune $0
Board [6s Kd 4c 7h]
Seat 1: Hero (small blind) folded before Flop
Seat 2: 55a25e6e (big blind) won ($0.12)
Seat 3: 32f8f5fd folded before Flop (didn't bet)
Seat 4: 3ace8f77 folded before Flop (didn't bet)
Seat 5: bb9400a7 folded on the Turn
Seat 6: 894c8bfc (button) folded before Flop (didn't bet)


Poker Hand #HD1150133278: Hold'em No Limit  ($0.02/$0.05) - 2023/03/07 18:15:20
Table 'NLHBlue5' 6-max Seat #5 is the button
Seat 1: Hero ($5 in chips)
Seat 2: 55a25e6e ($6.38 in chips)
Seat 3: 32f8f5fd ($4.37 in chips)
Seat 4: 3ace8f77 ($5 in chips)
Seat 5: bb9400a7 ($2.63 in chips)
Seat 6: 894c8bfc ($5.23 in chips)
894c8bfc: posts small blind $0.02
Hero: posts big blind $0.05
*** HOLE CARDS ***
Dealt to Hero [4d Ac]
Dealt to 55a25e6e 
Dealt to 32f8f5fd 
Dealt to 3ace8f77 
Dealt to bb9400a7 
Dealt to 894c8bfc 
55a25e6e: raises $0.05 to $0.1
32f8f5fd: folds
3ace8f77: raises $0.21 to $0.31
bb9400a7: folds
894c8bfc: folds
Hero: folds
55a25e6e: calls $0.21
*** FLOP *** [6h Qc Ks]
55a25e6e: checks
3ace8f77: bets $0.23
55a25e6e: calls $0.23
*** TURN *** [6h Qc Ks] [6c]
55a25e6e: checks
3ace8f77: checks
*** RIVER *** [6h Qc Ks 6c] [Jc]
55a25e6e: checks
3ace8f77: bets $0.38
55a25e6e: folds
Uncalled bet ($0.38) returned to 3ace8f77
*** SHOWDOWN ***
3ace8f77 collected $1.1 from pot
*** SUMMARY ***
Total pot $1.15 | Rake $0.05 | Jackpot $0 | Bingo $0 | Fortune $0
Board [6h Qc Ks 6c Jc]
Seat 1: Hero (big blind) folded before Flop
Seat 2: 55a25e6e folded on the River
Seat 3: 32f8f5fd folded before Flop (didn't bet)
Seat 4: 3ace8f77 won ($1.1)
Seat 5: bb9400a7 (button) folded before Flop (didn't bet)
Seat 6: 894c8bfc (small blind) folded before Flop


Poker Hand #HD1150133157: Hold'em No Limit  ($0.02/$0.05) - 2023/03/07 18:14:33
Table 'NLHBlue5' 6-max Seat #4 is the button
Seat 1: Hero ($5 in chips)
Seat 2: 55a25e6e ($6.38 in chips)
Seat 3: 32f8f5fd ($3.83 in chips)
Seat 4: 3ace8f77 ($5.18 in chips)
Seat 5: bb9400a7 ($2.65 in chips)
Seat 6: 894c8bfc ($5.28 in chips)
bb9400a7: posts small blind $0.02
894c8bfc: posts big blind $0.05
*** HOLE CARDS ***
Dealt to Hero [Ah 4s]
Dealt to 55a25e6e 
Dealt to 32f8f5fd 
Dealt to 3ace8f77 
Dealt to bb9400a7 
Dealt to 894c8bfc 
Hero: folds
55a25e6e: folds
32f8f5fd: raises $0.05 to $0.1
3ace8f77: calls $0.1
bb9400a7: folds
894c8bfc: folds
*** FLOP *** [Qh 7c 3c]
32f8f5fd: bets $0.14
3ace8f77: calls $0.14
*** TURN *** [Qh 7c 3c] [5s]
32f8f5fd: bets $0.28
3ace8f77: calls $0.28
*** RIVER *** [Qh 7c 3c 5s] [5d]
32f8f5fd: checks
3ace8f77: checks
32f8f5fd: shows [Ks As] (Pair of Fives)
3ace8f77: shows [Jc 9c] (Pair of Fives)
*** SHOWDOWN ***
32f8f5fd collected $1.06 from pot
*** SUMMARY ***
Total pot $1.11 | Rake $0.05 | Jackpot $0 | Bingo $0 | Fortune $0
Board [Qh 7c 3c 5s 5d]
Seat 1: Hero folded before Flop (didn't bet)
Seat 2: 55a25e6e folded before Flop (didn't bet)
Seat 3: 32f8f5fd showed [Ks As] and won ($1.06) with Pair of Fives
Seat 4: 3ace8f77 (button) showed [Jc 9c] and lost with Pair of Fives
Seat 5: bb9400a7 (small blind) folded before Flop
Seat 6: 894c8bfc (big blind) folded before Flop


Poker Hand #HD1150133107: Hold'em No Limit  ($0.02/$0.05) - 2023/03/07 18:14:13
Table 'NLHBlue5' 6-max Seat #3 is the button
Seat 1: Hero ($5 in chips)
Seat 2: 55a25e6e ($6.38 in chips)
Seat 3: 32f8f5fd ($3.83 in chips)
Seat 4: 3ace8f77 ($5.2 in chips)
Seat 5: bb9400a7 ($2.7 in chips)
Seat 6: 894c8bfc ($5.21 in chips)
3ace8f77: posts small blind $0.02
bb9400a7: posts big blind $0.05
*** HOLE CARDS ***
Dealt to Hero [6c 8h]
Dealt to 55a25e6e 
Dealt to 32f8f5fd 
Dealt to 3ace8f77 
Dealt to bb9400a7 
Dealt to 894c8bfc 
894c8bfc: raises $0.1 to $0.15
Hero: folds
55a25e6e: folds
32f8f5fd: folds
3ace8f77: folds
bb9400a7: folds
Uncalled bet ($0.1) returned to 894c8bfc
*** SHOWDOWN ***
894c8bfc collected $0.12 from pot
*** SUMMARY ***
Total pot $0.12 | Rake $0 | Jackpot $0 | Bingo $0 | Fortune $0
Seat 1: Hero folded before Flop (didn't bet)
Seat 2: 55a25e6e folded before Flop (didn't bet)
Seat 3: 32f8f5fd (button) folded before Flop (didn't bet)
Seat 4: 3ace8f77 (small blind) folded before Flop
Seat 5: bb9400a7 (big blind) folded before Flop
Seat 6: 894c8bfc collected ($0.12)


Poker Hand #HD1150133076: Hold'em No Limit  ($0.02/$0.05) - 2023/03/07 18:14:00
Table 'NLHBlue5' 6-max Seat #2 is the button
Seat 1: Hero ($5 in chips)
Seat 2: 55a25e6e ($6.38 in chips)
Seat 3: 32f8f5fd ($3.85 in chips)
Seat 4: 3ace8f77 ($5.18 in chips)
Seat 5: bb9400a7 ($2.7 in chips)
Seat 6: 894c8bfc ($5.21 in chips)
32f8f5fd: posts small blind $0.02
3ace8f77: posts big blind $0.05
*** HOLE CARDS ***
Dealt to Hero [2d 5c]
Dealt to 55a25e6e 
Dealt to 32f8f5fd 
Dealt to 3ace8f77 
Dealt to bb9400a7 
Dealt to 894c8bfc 
bb9400a7: folds
894c8bfc: folds
Hero: folds
55a25e6e: folds
32f8f5fd: folds
Uncalled bet ($0.03) returned to 3ace8f77
*** SHOWDOWN ***
3ace8f77 collected $0.04 from pot
*** SUMMARY ***
Total pot $0.04 | Rake $0 | Jackpot $0 | Bingo $0 | Fortune $0
Seat 1: Hero folded before Flop (didn't bet)
Seat 2: 55a25e6e (button) folded before Flop (didn't bet)
Seat 3: 32f8f5fd (small blind) folded before Flop
Seat 4: 3ace8f77 (big blind) collected ($0.04)
Seat 5: bb9400a7 folded before Flop (didn't bet)
Seat 6: 894c8bfc folded before Flop (didn't bet)


Poker Hand #HD1150132966: Hold'em No Limit  ($0.02/$0.05) - 2023/03/07 18:13:13
Table 'NLHBlue5' 6-max Seat #1 is the button
Seat 1: Hero ($5 in chips)
Seat 2: 55a25e6e ($6.4 in chips)
Seat 3: 32f8f5fd ($3.72 in chips)
Seat 4: 3ace8f77 ($5.18 in chips)
Seat 5: bb9400a7 ($2.7 in chips)
Seat 6: 894c8bfc ($5.21 in chips)
55a25e6e: posts small blind $0.02
32f8f5fd: posts big blind $0.05
*** HOLE CARDS ***
Dealt to Hero [As 4c]
Dealt to 55a25e6e 
Dealt to 32f8f5fd 
Dealt to 3ace8f77 
Dealt to bb9400a7 
Dealt to 894c8bfc 
3ace8f77: folds
bb9400a7: folds
894c8bfc: folds
Hero: raises $0.07 to $0.12
55a25e6e: folds
32f8f5fd: calls $0.07
*** FLOP *** [6s 8d Qc]
32f8f5fd: checks
Hero: checks
*** TURN *** [6s 8d Qc] [4d]
32f8f5fd: bets $0.13
Hero: folds
Uncalled bet ($0.13) returned to 32f8f5fd
*** SHOWDOWN ***
32f8f5fd collected $0.25 from pot
*** SUMMARY ***
Total pot $0.26 | Rake $0.01 | Jackpot $0 | Bingo $0 | Fortune $0
Board [6s 8d Qc 4d]
Seat 1: Hero (button) folded on the Turn
Seat 2: 55a25e6e (small blind) folded before Flop
Seat 3: 32f8f5fd (big blind) won ($0.25)
Seat 4: 3ace8f77 folded before Flop (didn't bet)
Seat 5: bb9400a7 folded before Flop (didn't bet)
Seat 6: 894c8bfc folded before Flop (didn't bet)


Poker Hand #HD1150132874: Hold'em No Limit  ($0.02/$0.05) - 2023/03/07 18:12:33
Table 'NLHBlue5' 6-max Seat #6 is the button
Seat 1: Hero ($5 in chips)
Seat 2: 55a25e6e ($6.17 in chips)
Seat 3: 32f8f5fd ($3.72 in chips)
Seat 4: 3ace8f77 ($5.18 in chips)
Seat 5: bb9400a7 ($2.93 in chips)
Seat 6: 894c8bfc ($5.21 in chips)
Hero: posts small blind $0.02
55a25e6e: posts big blind $0.05
*** HOLE CARDS ***
Dealt to Hero [5h 9s]
Dealt to 55a25e6e 
Dealt to 32f8f5fd 
Dealt to 3ace8f77 
Dealt to bb9400a7 
Dealt to 894c8bfc 
32f8f5fd: folds
3ace8f77: folds
bb9400a7: calls $0.05
894c8bfc: folds
Hero: folds
55a25e6e: checks
*** FLOP *** [Jc 2d Ks]
55a25e6e: checks
bb9400a7: checks
*** TURN *** [Jc 2d Ks] [7d]
55a25e6e: bets $0.08
bb9400a7: calls $0.08
*** RIVER *** [Jc 2d Ks 7d] [6d]
55a25e6e: bets $0.1
bb9400a7: calls $0.1
55a25e6e: shows [Jh As] (Pair of Jacks)
bb9400a7: shows [7c Ac] (Pair of Sevens)
*** SHOWDOWN ***
55a25e6e collected $0.46 from pot
*** SUMMARY ***
Total pot $0.48 | Rake $0.02 | Jackpot $0 | Bingo $0 | Fortune $0
Board [Jc 2d Ks 7d 6d]
Seat 1: Hero (small blind) folded before Flop
Seat 2: 55a25e6e (big blind) showed [Jh As] and won ($0.46) with Pair of Jacks
Seat 3: 32f8f5fd folded before Flop (didn't bet)
Seat 4: 3ace8f77 folded before Flop (didn't bet)
Seat 5: bb9400a7 showed [7c Ac] and lost with Pair of Sevens
Seat 6: 894c8bfc (button) folded before Flop (didn't bet)


Poker Hand #HD1150132802: Hold'em No Limit  ($0.02/$0.05) - 2023/03/07 18:12:07
Table 'NLHBlue5' 6-max Seat #5 is the button
Seat 1: Hero ($5.03 in chips)
Seat 2: 55a25e6e ($6.17 in chips)
Seat 3: 32f8f5fd ($3.65 in chips)
Seat 4: 3ace8f77 ($5.18 in chips)
Seat 5: bb9400a7 ($2.93 in chips)
Seat 6: 894c8bfc ($5.23 in chips)
894c8bfc: posts small blind $0.02
Hero: posts big blind $0.05
*** HOLE CARDS ***
Dealt to Hero [6c 2s]
Dealt to 55a25e6e 
Dealt to 32f8f5fd 
Dealt to 3ace8f77 
Dealt to bb9400a7 
Dealt to 894c8bfc 
55a25e6e: folds
32f8f5fd: raises $0.05 to $0.1
3ace8f77: folds
bb9400a7: folds
894c8bfc: folds
Hero: folds
Uncalled bet ($0.05) returned to 32f8f5fd
*** SHOWDOWN ***
32f8f5fd collected $0.12 from pot
*** SUMMARY ***
Total pot $0.12 | Rake $0 | Jackpot $0 | Bingo $0 | Fortune $0
Seat 1: Hero (big blind) folded before Flop
Seat 2: 55a25e6e folded before Flop (didn't bet)
Seat 3: 32f8f5fd collected ($0.12)
Seat 4: 3ace8f77 folded before Flop (didn't bet)
Seat 5: bb9400a7 (button) folded before Flop (didn't bet)
Seat 6: 894c8bfc (small blind) folded before Flop


Poker Hand #HD1150132748: Hold'em No Limit  ($0.02/$0.05) - 2023/03/07 18:11:47
Table 'NLHBlue5' 6-max Seat #4 is the button
Seat 1: Hero ($5.03 in chips)
Seat 2: 55a25e6e ($6.17 in chips)
Seat 3: 32f8f5fd ($3.58 in chips)
Seat 4: 3ace8f77 ($5.18 in chips)
Seat 5: bb9400a7 ($2.95 in chips)
Seat 6: 894c8bfc ($5.28 in chips)
bb9400a7: posts small blind $0.02
894c8bfc: posts big blind $0.05
*** HOLE CARDS ***
Dealt to Hero [6h Kd]
Dealt to 55a25e6e 
Dealt to 32f8f5fd 
Dealt to 3ace8f77 
Dealt to bb9400a7 
Dealt to 894c8bfc 
Hero: folds
55a25e6e: folds
32f8f5fd: raises $0.05 to $0.1
3ace8f77: folds
bb9400a7: folds
894c8bfc: folds
Uncalled bet ($0.05) returned to 32f8f5fd
*** SHOWDOWN ***
32f8f5fd collected $0.12 from pot
*** SUMMARY ***
Total pot $0.12 | Rake $0 | Jackpot $0 | Bingo $0 | Fortune $0
Seat 1: Hero folded before Flop (didn't bet)
Seat 2: 55a25e6e folded before Flop (didn't bet)
Seat 3: 32f8f5fd collected ($0.12)
Seat 4: 3ace8f77 (button) folded before Flop (didn't bet)
Seat 5: bb9400a7 (small blind) folded before Flop
Seat 6: 894c8bfc (big blind) folded before Flop


Poker Hand #HD1150132624: Hold'em No Limit  ($0.02/$0.05) - 2023/03/07 18:10:53
Table 'NLHBlue5' 6-max Seat #3 is the button
Seat 1: Hero ($5.03 in chips)
Seat 2: 55a25e6e ($5.84 in chips)
Seat 3: 32f8f5fd ($3.88 in chips)
Seat 4: 3ace8f77 ($5.2 in chips)
Seat 5: bb9400a7 ($3 in chips)
Seat 6: 894c8bfc ($5.28 in chips)
3ace8f77: posts small blind $0.02
bb9400a7: posts big blind $0.05
*** HOLE CARDS ***
Dealt to Hero [3c 5h]
Dealt to 55a25e6e 
Dealt to 32f8f5fd 
Dealt to 3ace8f77 
Dealt to bb9400a7 
Dealt to 894c8bfc 
894c8bfc: folds
Hero: folds
55a25e6e: raises $0.08 to $0.13
32f8f5fd: calls $0.13
3ace8f77: folds
bb9400a7: folds
*** FLOP *** [5s Ac 9c]
55a25e6e: checks
32f8f5fd: bets $0.17
55a25e6e: calls $0.17
*** TURN *** [5s Ac 9c] [4c]
55a25e6e: checks
32f8f5fd: checks
*** RIVER *** [5s Ac 9c 4c] [6c]
55a25e6e: checks
32f8f5fd: checks
55a25e6e: shows [Qc Jc] (Ace High Flush)
32f8f5fd: shows [3s 3d] (Pair of Treys)
*** SHOWDOWN ***
55a25e6e collected $0.63 from pot
*** SUMMARY ***
Total pot $0.67 | Rake $0.04 | Jackpot $0 | Bingo $0 | Fortune $0
Board [5s Ac 9c 4c 6c]
Seat 1: Hero folded before Flop (didn't bet)
Seat 2: 55a25e6e showed [Qc Jc] and won ($0.63) with Ace High Flush
Seat 3: 32f8f5fd (button) showed [3s 3d] and lost with Pair of Treys
Seat 4: 3ace8f77 (small blind) folded before Flop
Seat 5: bb9400a7 (big blind) folded before Flop
Seat 6: 894c8bfc folded before Flop (didn't bet)


Poker Hand #HD1150132573: Hold'em No Limit  ($0.02/$0.05) - 2023/03/07 18:10:30
Table 'NLHBlue5' 6-max Seat #2 is the button
Seat 1: Hero ($5.03 in chips)
Seat 2: 55a25e6e ($5.97 in chips)
Seat 3: 32f8f5fd ($3.71 in chips)
Seat 4: 3ace8f77 ($5.25 in chips)
Seat 6: 894c8bfc ($5.28 in chips)
32f8f5fd: posts small blind $0.02
3ace8f77: posts big blind $0.05
*** HOLE CARDS ***
Dealt to Hero [4c Jc]
Dealt to 55a25e6e 
Dealt to 32f8f5fd 
Dealt to 3ace8f77 
Dealt to 894c8bfc 
894c8bfc: folds
Hero: folds
55a25e6e: raises $0.08 to $0.13
32f8f5fd: raises $0.16 to $0.29
3ace8f77: folds
55a25e6e: folds
Uncalled bet ($0.16) returned to 32f8f5fd
*** SHOWDOWN ***
32f8f5fd collected $0.3 from pot
*** SUMMARY ***
Total pot $0.31 | Rake $0.01 | Jackpot $0 | Bingo $0 | Fortune $0
Seat 1: Hero folded before Flop (didn't bet)
Seat 2: 55a25e6e (button) folded before Flop
Seat 3: 32f8f5fd (small blind) collected ($0.3)
Seat 4: 3ace8f77 (big blind) folded before Flop
Seat 6: 894c8bfc folded before Flop (didn't bet)


Poker Hand #HD1150132461: Hold'em No Limit  ($0.02/$0.05) - 2023/03/07 18:09:44
Table 'NLHBlue5' 6-max Seat #1 is the button
Seat 1: Hero ($5.03 in chips)
Seat 2: 55a25e6e ($5.99 in chips)
Seat 3: 32f8f5fd ($3.84 in chips)
Seat 4: 3ace8f77 ($5.25 in chips)
Seat 6: 894c8bfc ($5.14 in chips)
55a25e6e: posts small blind $0.02
32f8f5fd: posts big blind $0.05
*** HOLE CARDS ***
Dealt to Hero [7d 6c]
Dealt to 55a25e6e 
Dealt to 32f8f5fd 
Dealt to 3ace8f77 
Dealt to 894c8bfc 
3ace8f77: folds
894c8bfc: raises $0.08 to $0.13
Hero: folds
55a25e6e: folds
32f8f5fd: calls $0.08
*** FLOP *** [5c 9d 9s]
32f8f5fd: checks
894c8bfc: checks
*** TURN *** [5c 9d 9s] [Qh]
32f8f5fd: checks
894c8bfc: bets $0.21
32f8f5fd: folds
Uncalled bet ($0.21) returned to 894c8bfc
*** SHOWDOWN ***
894c8bfc collected $0.27 from pot
*** SUMMARY ***
Total pot $0.28 | Rake $0.01 | Jackpot $0 | Bingo $0 | Fortune $0
Board [5c 9d 9s Qh]
Seat 1: Hero (button) folded before Flop (didn't bet)
Seat 2: 55a25e6e (small blind) folded before Flop
Seat 3: 32f8f5fd (big blind) folded on the Turn
Seat 4: 3ace8f77 folded before Flop (didn't bet)
Seat 6: 894c8bfc won ($0.27)


Poker Hand #HD1150132438: Hold'em No Limit  ($0.02/$0.05) - 2023/03/07 18:09:34
Table 'NLHBlue5' 6-max Seat #6 is the button
Seat 1: Hero ($5.05 in chips)
Seat 2: 55a25e6e ($5.97 in chips)
Seat 3: 32f8f5fd ($3.84 in chips)
Seat 4: 3ace8f77 ($5.25 in chips)
Seat 6: 894c8bfc ($5.14 in chips)
Hero: posts small blind $0.02
55a25e6e: posts big blind $0.05
*** HOLE CARDS ***
Dealt to Hero [8c 6h]
Dealt to 55a25e6e 
Dealt to 32f8f5fd 
Dealt to 3ace8f77 
Dealt to 894c8bfc 
32f8f5fd: folds
3ace8f77: folds
894c8bfc: folds
Hero: folds
Uncalled bet ($0.03) returned to 55a25e6e
*** SHOWDOWN ***
55a25e6e collected $0.04 from pot
*** SUMMARY ***
Total pot $0.04 | Rake $0 | Jackpot $0 | Bingo $0 | Fortune $0
Seat 1: Hero (small blind) folded before Flop
Seat 2: 55a25e6e (big blind) collected ($0.04)
Seat 3: 32f8f5fd folded before Flop (didn't bet)
Seat 4: 3ace8f77 folded before Flop (didn't bet)
Seat 6: 894c8bfc (button) folded before Flop (didn't bet)


Poker Hand #HD1150132382: Hold'em No Limit  ($0.02/$0.05) - 2023/03/07 18:09:15
Table 'NLHBlue5' 6-max Seat #4 is the button
Seat 1: Hero ($5 in chips)
Seat 3: 32f8f5fd ($3.84 in chips)
Seat 4: 3ace8f77 ($5.18 in chips)
Seat 6: 894c8bfc ($5.16 in chips)
894c8bfc: posts small blind $0.02
Hero: posts big blind $0.05
*** HOLE CARDS ***
Dealt to Hero [Qd 6h]
Dealt to 32f8f5fd 
Dealt to 3ace8f77 
Dealt to 894c8bfc 
32f8f5fd: folds
3ace8f77: raises $0.05 to $0.1
894c8bfc: folds
Hero: folds
Uncalled bet ($0.05) returned to 3ace8f77
*** SHOWDOWN ***
3ace8f77 collected $0.12 from pot
*** SUMMARY ***
Total pot $0.12 | Rake $0 | Jackpot $0 | Bingo $0 | Fortune $0
Seat 1: Hero (big blind) folded before Flop
Seat 3: 32f8f5fd folded before Flop (didn't bet)
Seat 4: 3ace8f77 (button) collected ($0.12)
Seat 6: 894c8bfc (small blind) folded before Flop


Poker Hand #HD1150132360: Hold'em No Limit  ($0.02/$0.05) - 2023/03/07 18:09:07
Table 'NLHBlue5' 6-max Seat #3 is the button
Seat 1: Hero ($5 in chips)
Seat 3: 32f8f5fd ($3.84 in chips)
Seat 4: 3ace8f77 ($5.2 in chips)
Seat 6: 894c8bfc ($5.14 in chips)
3ace8f77: posts small blind $0.02
894c8bfc: posts big blind $0.05
*** HOLE CARDS ***
Dealt to Hero [Qd 5c]
Dealt to 32f8f5fd 
Dealt to 3ace8f77 
Dealt to 894c8bfc 
Hero: folds
32f8f5fd: folds
3ace8f77: folds
Uncalled bet ($0.03) returned to 894c8bfc
*** SHOWDOWN ***
894c8bfc collected $0.04 from pot
*** SUMMARY ***
Total pot $0.04 | Rake $0 | Jackpot $0 | Bingo $0 | Fortune $0
Seat 1: Hero folded before Flop (didn't bet)
Seat 3: 32f8f5fd (button) folded before Flop (didn't bet)
Seat 4: 3ace8f77 (small blind) folded before Flop
Seat 6: 894c8bfc (big blind) collected ($0.04)


Poker Hand #HD1150132233: Hold'em No Limit  ($0.02/$0.05) - 2023/03/07 18:08:13
Table 'NLHBlue5' 6-max Seat #1 is the button
Seat 1: Hero ($5 in chips)
Seat 3: 32f8f5fd ($3.86 in chips)
Seat 4: 3ace8f77 ($5.33 in chips)
Seat 5: 4dc9bfe1 ($0.64 in chips)
Seat 6: 894c8bfc ($5 in chips)
32f8f5fd: posts small blind $0.02
3ace8f77: posts big blind $0.05
*** HOLE CARDS ***
Dealt to Hero [4h 8c]
Dealt to 32f8f5fd 
Dealt to 3ace8f77 
Dealt to 4dc9bfe1 
Dealt to 894c8bfc 
4dc9bfe1: folds
894c8bfc: raises $0.08 to $0.13
Hero: folds
32f8f5fd: folds
3ace8f77: calls $0.08
*** FLOP *** [Ah 9c 7d]
3ace8f77: checks
894c8bfc: checks
*** TURN *** [Ah 9c 7d] [8h]
3ace8f77: checks
894c8bfc: bets $0.21
3ace8f77: folds
Uncalled bet ($0.21) returned to 894c8bfc
*** SHOWDOWN ***
894c8bfc collected $0.27 from pot
*** SUMMARY ***
Total pot $0.28 | Rake $0.01 | Jackpot $0 | Bingo $0 | Fortune $0
Board [Ah 9c 7d 8h]
Seat 1: Hero (button) folded before Flop (didn't bet)
Seat 3: 32f8f5fd (small blind) folded before Flop
Seat 4: 3ace8f77 (big blind) folded on the Turn
Seat 5: 4dc9bfe1 folded before Flop (didn't bet)
Seat 6: 894c8bfc won ($0.27)


Poker Hand #HD1150132155: Hold'em No Limit  ($0.02/$0.05) - 2023/03/07 18:07:48
Table 'NLHBlue5' 6-max Seat #6 is the button
Seat 1: Hero ($5 in chips)
Seat 3: 32f8f5fd ($3.73 in chips)
Seat 4: 3ace8f77 ($5.33 in chips)
Seat 5: 4dc9bfe1 ($0.64 in chips)
Seat 6: 894c8bfc ($5 in chips)
Hero: posts small blind $0.02
32f8f5fd: posts big blind $0.05
*** HOLE CARDS ***
Dealt to Hero [Jd Qs]
Dealt to 32f8f5fd 
Dealt to 3ace8f77 
Dealt to 4dc9bfe1 
Dealt to 894c8bfc 
3ace8f77: folds
4dc9bfe1: folds
894c8bfc: folds
Hero: raises $0.09 to $0.14
32f8f5fd: raises $0.21 to $0.35
Hero: folds
Uncalled bet ($0.21) returned to 32f8f5fd
*** SHOWDOWN ***
32f8f5fd collected $0.27 from pot
*** SUMMARY ***
Total pot $0.28 | Rake $0.01 | Jackpot $0 | Bingo $0 | Fortune $0
Seat 1: Hero (small blind) folded before Flop
Seat 3: 32f8f5fd (big blind) collected ($0.27)
Seat 4: 3ace8f77 folded before Flop (didn't bet)
Seat 5: 4dc9bfe1 folded before Flop (didn't bet)
Seat 6: 894c8bfc (button) folded before Flop (didn't bet)


Poker Hand #HD1150132043: Hold'em No Limit  ($0.02/$0.05) - 2023/03/07 18:06:58
Table 'NLHBlue5' 6-max Seat #5 is the button
Seat 1: Hero ($5 in chips)
Seat 2: 55a25e6e ($5.97 in chips)
Seat 3: 32f8f5fd ($3.73 in chips)
Seat 4: 3ace8f77 ($5.63 in chips)
Seat 5: 4dc9bfe1 ($0.3 in chips)
Seat 6: 894c8bfc ($5.02 in chips)
894c8bfc: posts small blind $0.02
Hero: posts big blind $0.05
*** HOLE CARDS ***
Dealt to Hero [7d 9d]
Dealt to 55a25e6e 
Dealt to 32f8f5fd 
Dealt to 3ace8f77 
Dealt to 4dc9bfe1 
Dealt to 894c8bfc 
55a25e6e: folds
32f8f5fd: folds
3ace8f77: raises $0.05 to $0.1
4dc9bfe1: raises $0.2 to $0.3 and is all-in
894c8bfc: folds
Hero: folds
3ace8f77: calls $0.2
4dc9bfe1: shows [Ks 2s]
3ace8f77: shows [Tc Jh]
*** FLOP *** [Kc 2d Kd]
*** TURN *** [Kc 2d Kd] [3d]
*** RIVER *** [Kc 2d Kd 3d] [Qd]
*** SHOWDOWN ***
4dc9bfe1 collected $0.64 from pot
*** SUMMARY ***
Total pot $0.67 | Rake $0.03 | Jackpot $0 | Bingo $0 | Fortune $0
Board [Kc 2d Kd 3d Qd]
Seat 1: Hero (big blind) folded before Flop
Seat 2: 55a25e6e folded before Flop (didn't bet)
Seat 3: 32f8f5fd folded before Flop (didn't bet)
Seat 4: 3ace8f77 showed [Tc Jh] and lost with Pair of Kings
Seat 5: 4dc9bfe1 (button) showed [Ks 2s] and won ($0.64) with Kings Full over Twos
Seat 6: 894c8bfc (small blind) folded before Flop


