Poker Hand #HD1164591333: Hold'em No Limit  ($0.02/$0.05) - 2023/03/17 20:04:30
Table 'NLHBlue107' 6-max Seat #2 is the button
Seat 1: 7a510511 ($1.59 in chips)
Seat 2: 4daba5fe ($7.86 in chips)
Seat 3: 83f1351 ($5.04 in chips)
Seat 4: 68721fa8 ($6.15 in chips)
Seat 5: Hero ($5.57 in chips)
Seat 6: c6601ec6 ($5 in chips)
83f1351: posts small blind $0.02
68721fa8: posts big blind $0.05
*** HOLE CARDS ***
Dealt to 7a510511 
Dealt to 4daba5fe 
Dealt to 83f1351 
Dealt to 68721fa8 
Dealt to Hero [7d 2d]
Dealt to c6601ec6 
Hero: folds
c6601ec6: folds
7a510511: folds
4daba5fe: raises $0.07 to $0.12
83f1351: folds
68721fa8: raises $0.26 to $0.38
4daba5fe: calls $0.26
*** FLOP *** [5d As 9h]
68721fa8: bets $0.26
4daba5fe: calls $0.26
*** TURN *** [5d As 9h] [Td]
68721fa8: checks
4daba5fe: checks
*** RIVER *** [5d As 9h Td] [7c]
68721fa8: bets $0.98
4daba5fe: folds
Uncalled bet ($0.98) returned to 68721fa8
*** SHOWDOWN ***
68721fa8 collected $1.24 from pot
*** SUMMARY ***
Total pot $1.3 | Rake $0.06 | Jackpot $0 | Bingo $0 | Fortune $0
Board [5d As 9h Td 7c]
Seat 1: 7a510511 folded before Flop (didn't bet)
Seat 2: 4daba5fe (button) folded on the River
Seat 3: 83f1351 (small blind) folded before Flop
Seat 4: 68721fa8 (big blind) won ($1.24)
Seat 5: Hero folded before Flop (didn't bet)
Seat 6: c6601ec6 folded before Flop (didn't bet)


Poker Hand #HD1164591287: Hold'em No Limit  ($0.02/$0.05) - 2023/03/17 20:04:09
Table 'NLHBlue107' 6-max Seat #1 is the button
Seat 1: 7a510511 ($1.52 in chips)
Seat 2: 4daba5fe ($7.88 in chips)
Seat 3: 83f1351 ($5.09 in chips)
Seat 4: 68721fa8 ($6.15 in chips)
Seat 5: Hero ($5.57 in chips)
Seat 6: c6601ec6 ($5 in chips)
4daba5fe: posts small blind $0.02
83f1351: posts big blind $0.05
*** HOLE CARDS ***
Dealt to 7a510511 
Dealt to 4daba5fe 
Dealt to 83f1351 
Dealt to 68721fa8 
Dealt to Hero [6s 4h]
Dealt to c6601ec6 
68721fa8: folds
Hero: folds
c6601ec6: folds
7a510511: raises $0.07 to $0.12
4daba5fe: folds
83f1351: folds
Uncalled bet ($0.07) returned to 7a510511
*** SHOWDOWN ***
7a510511 collected $0.12 from pot
*** SUMMARY ***
Total pot $0.12 | Rake $0 | Jackpot $0 | Bingo $0 | Fortune $0
Seat 1: 7a510511 (button) collected ($0.12)
Seat 2: 4daba5fe (small blind) folded before Flop
Seat 3: 83f1351 (big blind) folded before Flop
Seat 4: 68721fa8 folded before Flop (didn't bet)
Seat 5: Hero folded before Flop (didn't bet)
Seat 6: c6601ec6 folded before Flop (didn't bet)


Poker Hand #HD1164591149: Hold'em No Limit  ($0.02/$0.05) - 2023/03/17 20:03:11
Table 'NLHBlue107' 6-max Seat #6 is the button
Seat 1: 7a510511 ($1.54 in chips)
Seat 2: 4daba5fe ($7.93 in chips)
Seat 3: 83f1351 ($5.37 in chips)
Seat 4: 68721fa8 ($5.83 in chips)
Seat 5: Hero ($5.57 in chips)
Seat 6: c6601ec6 ($5 in chips)
7a510511: posts small blind $0.02
4daba5fe: posts big blind $0.05
*** HOLE CARDS ***
Dealt to 7a510511 
Dealt to 4daba5fe 
Dealt to 83f1351 
Dealt to 68721fa8 
Dealt to Hero [7s 3s]
Dealt to c6601ec6 
83f1351: raises $0.07 to $0.12
68721fa8: calls $0.12
Hero: folds
c6601ec6: folds
7a510511: folds
4daba5fe: folds
*** FLOP *** [6s Qh 6d]
83f1351: bets $0.16
68721fa8: calls $0.16
*** TURN *** [6s Qh 6d] [Ts]
83f1351: checks
68721fa8: checks
*** RIVER *** [6s Qh 6d Ts] [Jh]
83f1351: checks
68721fa8: bets $0.63
83f1351: folds
Uncalled bet ($0.63) returned to 68721fa8
*** SHOWDOWN ***
68721fa8 collected $0.6 from pot
*** SUMMARY ***
Total pot $0.63 | Rake $0.03 | Jackpot $0 | Bingo $0 | Fortune $0
Board [6s Qh 6d Ts Jh]
Seat 1: 7a510511 (small blind) folded before Flop
Seat 2: 4daba5fe (big blind) folded before Flop
Seat 3: 83f1351 folded on the River
Seat 4: 68721fa8 won ($0.6)
Seat 5: Hero folded before Flop (didn't bet)
Seat 6: c6601ec6 (button) folded before Flop (didn't bet)


Poker Hand #HD1164591062: Hold'em No Limit  ($0.02/$0.05) - 2023/03/17 20:02:37
Table 'NLHBlue107' 6-max Seat #5 is the button
Seat 1: 7a510511 ($1.19 in chips)
Seat 2: 4daba5fe ($7.93 in chips)
Seat 3: 83f1351 ($5.37 in chips)
Seat 4: 68721fa8 ($5.83 in chips)
Seat 5: Hero ($5.57 in chips)
Seat 6: c6601ec6 ($5 in chips)
c6601ec6: posts small blind $0.02
7a510511: posts big blind $0.05
*** HOLE CARDS ***
Dealt to 7a510511 
Dealt to 4daba5fe 
Dealt to 83f1351 
Dealt to 68721fa8 
Dealt to Hero [8h Kc]
Dealt to c6601ec6 
4daba5fe: folds
83f1351: folds
68721fa8: folds
Hero: folds
c6601ec6: raises $0.1 to $0.15
7a510511: raises $0.23 to $0.38
c6601ec6: calls $0.23
*** FLOP *** [8s 3s 4d]
c6601ec6: checks
7a510511: bets $0.58
c6601ec6: folds
Uncalled bet ($0.58) returned to 7a510511
*** SHOWDOWN ***
7a510511 collected $0.73 from pot
*** SUMMARY ***
Total pot $0.76 | Rake $0.03 | Jackpot $0 | Bingo $0 | Fortune $0
Board [8s 3s 4d]
Seat 1: 7a510511 (big blind) won ($0.73)
Seat 2: 4daba5fe folded before Flop (didn't bet)
Seat 3: 83f1351 folded before Flop (didn't bet)
Seat 4: 68721fa8 folded before Flop (didn't bet)
Seat 5: Hero (button) folded before Flop (didn't bet)
Seat 6: c6601ec6 (small blind) folded on the Flop


Poker Hand #HD1164591013: Hold'em No Limit  ($0.02/$0.05) - 2023/03/17 20:02:19
Table 'NLHBlue107' 6-max Seat #4 is the button
Seat 1: 7a510511 ($1.12 in chips)
Seat 2: 4daba5fe ($7.93 in chips)
Seat 3: 83f1351 ($5.37 in chips)
Seat 4: 68721fa8 ($5.83 in chips)
Seat 5: Hero ($5.59 in chips)
Seat 6: c6601ec6 ($5 in chips)
Hero: posts small blind $0.02
c6601ec6: posts big blind $0.05
*** HOLE CARDS ***
Dealt to 7a510511 
Dealt to 4daba5fe 
Dealt to 83f1351 
Dealt to 68721fa8 
Dealt to Hero [2h 7d]
Dealt to c6601ec6 
7a510511: raises $0.09 to $0.14
4daba5fe: folds
83f1351: folds
68721fa8: folds
Hero: folds
c6601ec6: folds
Uncalled bet ($0.09) returned to 7a510511
*** SHOWDOWN ***
7a510511 collected $0.12 from pot
*** SUMMARY ***
Total pot $0.12 | Rake $0 | Jackpot $0 | Bingo $0 | Fortune $0
Seat 1: 7a510511 collected ($0.12)
Seat 2: 4daba5fe folded before Flop (didn't bet)
Seat 3: 83f1351 folded before Flop (didn't bet)
Seat 4: 68721fa8 (button) folded before Flop (didn't bet)
Seat 5: Hero (small blind) folded before Flop
Seat 6: c6601ec6 (big blind) folded before Flop


Poker Hand #HD1164590946: Hold'em No Limit  ($0.02/$0.05) - 2023/03/17 20:01:55
Table 'NLHBlue107' 6-max Seat #3 is the button
Seat 1: 7a510511 ($1.12 in chips)
Seat 2: 4daba5fe ($7.93 in chips)
Seat 3: 83f1351 ($5.21 in chips)
Seat 4: 68721fa8 ($5.85 in chips)
Seat 5: Hero ($5.74 in chips)
68721fa8: posts small blind $0.02
Hero: posts big blind $0.05
*** HOLE CARDS ***
Dealt to 7a510511 
Dealt to 4daba5fe 
Dealt to 83f1351 
Dealt to 68721fa8 
Dealt to Hero [4d 4s]
7a510511: folds
4daba5fe: folds
83f1351: raises $0.1 to $0.15
68721fa8: folds
Hero: calls $0.1
*** FLOP *** [Ks 2h Tc]
Hero: checks
83f1351: bets $0.11
Hero: folds
Uncalled bet ($0.11) returned to 83f1351
*** SHOWDOWN ***
83f1351 collected $0.31 from pot
*** SUMMARY ***
Total pot $0.32 | Rake $0.01 | Jackpot $0 | Bingo $0 | Fortune $0
Board [Ks 2h Tc]
Seat 1: 7a510511 folded before Flop (didn't bet)
Seat 2: 4daba5fe folded before Flop (didn't bet)
Seat 3: 83f1351 (button) won ($0.31)
Seat 4: 68721fa8 (small blind) folded before Flop
Seat 5: Hero (big blind) folded on the Flop


Poker Hand #HD1164590859: Hold'em No Limit  ($0.02/$0.05) - 2023/03/17 20:01:23
Table 'NLHBlue107' 6-max Seat #2 is the button
Seat 1: 7a510511 ($1.12 in chips)
Seat 2: 4daba5fe ($8.05 in chips)
Seat 3: 83f1351 ($5.05 in chips)
Seat 4: 68721fa8 ($5.9 in chips)
Seat 5: Hero ($5.74 in chips)
83f1351: posts small blind $0.02
68721fa8: posts big blind $0.05
*** HOLE CARDS ***
Dealt to 7a510511 
Dealt to 4daba5fe 
Dealt to 83f1351 
Dealt to 68721fa8 
Dealt to Hero [Kd 4c]
Hero: folds
7a510511: folds
4daba5fe: raises $0.07 to $0.12
83f1351: raises $0.43 to $0.55
68721fa8: folds
4daba5fe: folds
Uncalled bet ($0.43) returned to 83f1351
*** SHOWDOWN ***
83f1351 collected $0.28 from pot
*** SUMMARY ***
Total pot $0.29 | Rake $0.01 | Jackpot $0 | Bingo $0 | Fortune $0
Seat 1: 7a510511 folded before Flop (didn't bet)
Seat 2: 4daba5fe (button) folded before Flop
Seat 3: 83f1351 (small blind) collected ($0.28)
Seat 4: 68721fa8 (big blind) folded before Flop
Seat 5: Hero folded before Flop (didn't bet)


Poker Hand #HD1164590723: Hold'em No Limit  ($0.02/$0.05) - 2023/03/17 20:00:26
Table 'NLHBlue107' 6-max Seat #1 is the button
Seat 1: 7a510511 ($1.12 in chips)
Seat 2: 4daba5fe ($8.07 in chips)
Seat 3: 83f1351 ($5.17 in chips)
Seat 4: 68721fa8 ($5.9 in chips)
Seat 5: Hero ($5.61 in chips)
4daba5fe: posts small blind $0.02
83f1351: posts big blind $0.05
*** HOLE CARDS ***
Dealt to 7a510511 
Dealt to 4daba5fe 
Dealt to 83f1351 
Dealt to 68721fa8 
Dealt to Hero [Qh Th]
68721fa8: folds
Hero: raises $0.07 to $0.12
7a510511: folds
4daba5fe: folds
83f1351: calls $0.07
*** FLOP *** [2c Qc 7s]
83f1351: checks
Hero: bets $0.09
83f1351: folds
Uncalled bet ($0.09) returned to Hero
*** SHOWDOWN ***
Hero collected $0.25 from pot
*** SUMMARY ***
Total pot $0.26 | Rake $0.01 | Jackpot $0 | Bingo $0 | Fortune $0
Board [2c Qc 7s]
Seat 1: 7a510511 (button) folded before Flop (didn't bet)
Seat 2: 4daba5fe (small blind) folded before Flop
Seat 3: 83f1351 (big blind) folded on the Flop
Seat 4: 68721fa8 folded before Flop (didn't bet)
Seat 5: Hero won ($0.25)


Poker Hand #HD1164590561: Hold'em No Limit  ($0.02/$0.05) - 2023/03/17 19:59:19
Table 'NLHBlue107' 6-max Seat #6 is the button
Seat 1: 7a510511 ($1.14 in chips)
Seat 2: 4daba5fe ($8.19 in chips)
Seat 3: 83f1351 ($5.29 in chips)
Seat 4: 68721fa8 ($5.65 in chips)
Seat 5: Hero ($5.61 in chips)
Seat 6: 23b8bdcb ($5.99 in chips)
7a510511: posts small blind $0.02
4daba5fe: posts big blind $0.05
*** HOLE CARDS ***
Dealt to 7a510511 
Dealt to 4daba5fe 
Dealt to 83f1351 
Dealt to 68721fa8 
Dealt to Hero [Jd 9h]
Dealt to 23b8bdcb 
83f1351: raises $0.07 to $0.12
68721fa8: calls $0.12
Hero: folds
23b8bdcb: folds
7a510511: folds
4daba5fe: calls $0.07
*** FLOP *** [6d 7s 7c]
4daba5fe: checks
83f1351: checks
68721fa8: checks
*** TURN *** [6d 7s 7c] [9d]
4daba5fe: checks
83f1351: checks
68721fa8: bets $0.29
4daba5fe: folds
83f1351: folds
Uncalled bet ($0.29) returned to 68721fa8
*** SHOWDOWN ***
68721fa8 collected $0.37 from pot
*** SUMMARY ***
Total pot $0.38 | Rake $0.01 | Jackpot $0 | Bingo $0 | Fortune $0
Board [6d 7s 7c 9d]
Seat 1: 7a510511 (small blind) folded before Flop
Seat 2: 4daba5fe (big blind) folded on the Turn
Seat 3: 83f1351 folded on the Turn
Seat 4: 68721fa8 won ($0.37)
Seat 5: Hero folded before Flop (didn't bet)
Seat 6: 23b8bdcb (button) folded before Flop (didn't bet)


Poker Hand #HD1164590505: Hold'em No Limit  ($0.02/$0.05) - 2023/03/17 19:58:45
Table 'NLHBlue107' 6-max Seat #5 is the button
Seat 1: 7a510511 ($1.19 in chips)
Seat 2: 4daba5fe ($8.19 in chips)
Seat 3: 83f1351 ($5.29 in chips)
Seat 4: 68721fa8 ($5.65 in chips)
Seat 5: Hero ($5.54 in chips)
Seat 6: 23b8bdcb ($6.01 in chips)
23b8bdcb: posts small blind $0.02
7a510511: posts big blind $0.05
*** HOLE CARDS ***
Dealt to 7a510511 
Dealt to 4daba5fe 
Dealt to 83f1351 
Dealt to 68721fa8 
Dealt to Hero [8d 8h]
Dealt to 23b8bdcb 
4daba5fe: folds
83f1351: folds
68721fa8: folds
Hero: raises $0.07 to $0.12
23b8bdcb: folds
7a510511: folds
Uncalled bet ($0.07) returned to Hero
*** SHOWDOWN ***
Hero collected $0.12 from pot
*** SUMMARY ***
Total pot $0.12 | Rake $0 | Jackpot $0 | Bingo $0 | Fortune $0
Seat 1: 7a510511 (big blind) folded before Flop
Seat 2: 4daba5fe folded before Flop (didn't bet)
Seat 3: 83f1351 folded before Flop (didn't bet)
Seat 4: 68721fa8 folded before Flop (didn't bet)
Seat 5: Hero (button) collected ($0.12)
Seat 6: 23b8bdcb (small blind) folded before Flop


Poker Hand #HD1164590472: Hold'em No Limit  ($0.02/$0.05) - 2023/03/17 19:58:34
Table 'NLHBlue107' 6-max Seat #4 is the button
Seat 1: 7a510511 ($1.19 in chips)
Seat 2: 4daba5fe ($8.19 in chips)
Seat 3: 83f1351 ($5.29 in chips)
Seat 4: 68721fa8 ($5.65 in chips)
Seat 5: Hero ($5.56 in chips)
Seat 6: 23b8bdcb ($5.99 in chips)
Hero: posts small blind $0.02
23b8bdcb: posts big blind $0.05
*** HOLE CARDS ***
Dealt to 7a510511 
Dealt to 4daba5fe 
Dealt to 83f1351 
Dealt to 68721fa8 
Dealt to Hero [8d 5c]
Dealt to 23b8bdcb 
7a510511: folds
4daba5fe: folds
83f1351: folds
68721fa8: folds
Hero: folds
Uncalled bet ($0.03) returned to 23b8bdcb
*** SHOWDOWN ***
23b8bdcb collected $0.04 from pot
*** SUMMARY ***
Total pot $0.04 | Rake $0 | Jackpot $0 | Bingo $0 | Fortune $0
Seat 1: 7a510511 folded before Flop (didn't bet)
Seat 2: 4daba5fe folded before Flop (didn't bet)
Seat 3: 83f1351 folded before Flop (didn't bet)
Seat 4: 68721fa8 (button) folded before Flop (didn't bet)
Seat 5: Hero (small blind) folded before Flop
Seat 6: 23b8bdcb (big blind) collected ($0.04)


Poker Hand #HD1164590335: Hold'em No Limit  ($0.02/$0.05) - 2023/03/17 19:57:37
Table 'NLHBlue107' 6-max Seat #3 is the button
Seat 1: 7a510511 ($1.19 in chips)
Seat 2: 4daba5fe ($8.19 in chips)
Seat 3: 83f1351 ($5.55 in chips)
Seat 4: 68721fa8 ($5.67 in chips)
Seat 5: Hero ($5.3 in chips)
Seat 6: 23b8bdcb ($5.99 in chips)
68721fa8: posts small blind $0.02
Hero: posts big blind $0.05
*** HOLE CARDS ***
Dealt to 7a510511 
Dealt to 4daba5fe 
Dealt to 83f1351 
Dealt to 68721fa8 
Dealt to Hero [Jc Qs]
Dealt to 23b8bdcb 
23b8bdcb: folds
7a510511: folds
4daba5fe: folds
83f1351: raises $0.1 to $0.15
68721fa8: folds
Hero: calls $0.1
*** FLOP *** [Kh Qd Ad]
Hero: checks
83f1351: bets $0.11
Hero: calls $0.11
*** TURN *** [Kh Qd Ad] [Tc]
Hero: bets $0.41
83f1351: folds
Uncalled bet ($0.41) returned to Hero
*** SHOWDOWN ***
Hero collected $0.52 from pot
*** SUMMARY ***
Total pot $0.54 | Rake $0.02 | Jackpot $0 | Bingo $0 | Fortune $0
Board [Kh Qd Ad Tc]
Seat 1: 7a510511 folded before Flop (didn't bet)
Seat 2: 4daba5fe folded before Flop (didn't bet)
Seat 3: 83f1351 (button) folded on the Turn
Seat 4: 68721fa8 (small blind) folded before Flop
Seat 5: Hero (big blind) won ($0.52)
Seat 6: 23b8bdcb folded before Flop (didn't bet)


Poker Hand #HD1164590198: Hold'em No Limit  ($0.02/$0.05) - 2023/03/17 19:56:29
Table 'NLHBlue107' 6-max Seat #2 is the button
Seat 1: 7a510511 ($1.24 in chips)
Seat 2: 4daba5fe ($8.24 in chips)
Seat 3: 83f1351 ($5.57 in chips)
Seat 4: 68721fa8 ($5.72 in chips)
Seat 5: Hero ($5.3 in chips)
Seat 6: 23b8bdcb ($5.99 in chips)
83f1351: posts small blind $0.02
68721fa8: posts big blind $0.05
*** HOLE CARDS ***
Dealt to 7a510511 
Dealt to 4daba5fe 
Dealt to 83f1351 
Dealt to 68721fa8 
Dealt to Hero [7c 8h]
Dealt to 23b8bdcb 
Hero: folds
23b8bdcb: folds
7a510511: raises $0.07 to $0.12
4daba5fe: raises $0.24 to $0.36
83f1351: folds
68721fa8: folds
7a510511: raises $0.6 to $0.96
4daba5fe: raises $0.66 to $1.62
7a510511: calls $0.28 and is all-in
Uncalled bet ($0.38) returned to 4daba5fe
4daba5fe: shows [Qc Ad]
7a510511: shows [Kc Ks]
*** FIRST FLOP *** [6s 9h Th]
*** FIRST TURN *** [6s 9h Th] [8c]
*** FIRST RIVER *** [6s 9h Th 8c] [9c]
*** SECOND FLOP *** [5d Jd 7h]
*** SECOND TURN *** [5d Jd 7h] [Ac]
*** SECOND RIVER *** [5d Jd 7h Ac] [3d]
*** FIRST SHOWDOWN ***
7a510511 collected $1.19 from pot
*** SECOND SHOWDOWN ***
4daba5fe collected $1.19 from pot
*** SUMMARY ***
Total pot $2.55 | Rake $0.12 | Jackpot $0.05 | Bingo $0 | Fortune $0
Hand was run two times
FIRST Board [6s 9h Th 8c 9c]
SECOND Board [5d Jd 7h Ac 3d]
Seat 1: 7a510511 showed [Kc Ks] and won ($1.19) with Pair of Kings and Pair of Nines, and lost with Pair of Kings
Seat 2: 4daba5fe (button) showed [Qc Ad] and lost with Pair of Nines, and won ($1.19) with Pair of Aces
Seat 3: 83f1351 (small blind) folded before Flop
Seat 4: 68721fa8 (big blind) folded before Flop
Seat 5: Hero folded before Flop (didn't bet)
Seat 6: 23b8bdcb folded before Flop (didn't bet)


Poker Hand #HD1164590155: Hold'em No Limit  ($0.02/$0.05) - 2023/03/17 19:56:13
Table 'NLHBlue107' 6-max Seat #1 is the button
Seat 1: 7a510511 ($1.24 in chips)
Seat 2: 4daba5fe ($8.26 in chips)
Seat 3: 83f1351 ($5.55 in chips)
Seat 4: 68721fa8 ($5.72 in chips)
Seat 5: Hero ($5.3 in chips)
Seat 6: 23b8bdcb ($5.99 in chips)
4daba5fe: posts small blind $0.02
83f1351: posts big blind $0.05
*** HOLE CARDS ***
Dealt to 7a510511 
Dealt to 4daba5fe 
Dealt to 83f1351 
Dealt to 68721fa8 
Dealt to Hero [3c 9d]
Dealt to 23b8bdcb 
68721fa8: folds
Hero: folds
23b8bdcb: folds
7a510511: folds
4daba5fe: folds
Uncalled bet ($0.03) returned to 83f1351
*** SHOWDOWN ***
83f1351 collected $0.04 from pot
*** SUMMARY ***
Total pot $0.04 | Rake $0 | Jackpot $0 | Bingo $0 | Fortune $0
Seat 1: 7a510511 (button) folded before Flop (didn't bet)
Seat 2: 4daba5fe (small blind) folded before Flop
Seat 3: 83f1351 (big blind) collected ($0.04)
Seat 4: 68721fa8 folded before Flop (didn't bet)
Seat 5: Hero folded before Flop (didn't bet)
Seat 6: 23b8bdcb folded before Flop (didn't bet)


Poker Hand #HD1164590052: Hold'em No Limit  ($0.02/$0.05) - 2023/03/17 19:55:27
Table 'NLHBlue107' 6-max Seat #6 is the button
Seat 1: 7a510511 ($1.26 in chips)
Seat 2: 4daba5fe ($8.38 in chips)
Seat 3: 83f1351 ($5.55 in chips)
Seat 4: 68721fa8 ($5.72 in chips)
Seat 5: Hero ($5.42 in chips)
Seat 6: 23b8bdcb ($5.74 in chips)
7a510511: posts small blind $0.02
4daba5fe: posts big blind $0.05
*** HOLE CARDS ***
Dealt to 7a510511 
Dealt to 4daba5fe 
Dealt to 83f1351 
Dealt to 68721fa8 
Dealt to Hero [Jh Ts]
Dealt to 23b8bdcb 
83f1351: folds
68721fa8: folds
Hero: raises $0.07 to $0.12
23b8bdcb: calls $0.12
7a510511: folds
4daba5fe: calls $0.07
*** FLOP *** [2c 7d Qs]
4daba5fe: checks
Hero: checks
23b8bdcb: bets $0.38
4daba5fe: folds
Hero: folds
Uncalled bet ($0.38) returned to 23b8bdcb
*** SHOWDOWN ***
23b8bdcb collected $0.37 from pot
*** SUMMARY ***
Total pot $0.38 | Rake $0.01 | Jackpot $0 | Bingo $0 | Fortune $0
Board [2c 7d Qs]
Seat 1: 7a510511 (small blind) folded before Flop
Seat 2: 4daba5fe (big blind) folded on the Flop
Seat 3: 83f1351 folded before Flop (didn't bet)
Seat 4: 68721fa8 folded before Flop (didn't bet)
Seat 5: Hero folded on the Flop
Seat 6: 23b8bdcb (button) won ($0.37)


Poker Hand #HD1164590008: Hold'em No Limit  ($0.02/$0.05) - 2023/03/17 19:55:11
Table 'NLHBlue107' 6-max Seat #5 is the button
Seat 1: 7a510511 ($1.31 in chips)
Seat 2: 4daba5fe ($8.38 in chips)
Seat 3: 83f1351 ($5.55 in chips)
Seat 4: 68721fa8 ($5.65 in chips)
Seat 5: Hero ($5.42 in chips)
Seat 6: 23b8bdcb ($5.76 in chips)
23b8bdcb: posts small blind $0.02
7a510511: posts big blind $0.05
*** HOLE CARDS ***
Dealt to 7a510511 
Dealt to 4daba5fe 
Dealt to 83f1351 
Dealt to 68721fa8 
Dealt to Hero [Ac 8h]
Dealt to 23b8bdcb 
4daba5fe: folds
83f1351: folds
68721fa8: raises $0.05 to $0.1
Hero: folds
23b8bdcb: folds
7a510511: folds
Uncalled bet ($0.05) returned to 68721fa8
*** SHOWDOWN ***
68721fa8 collected $0.12 from pot
*** SUMMARY ***
Total pot $0.12 | Rake $0 | Jackpot $0 | Bingo $0 | Fortune $0
Seat 1: 7a510511 (big blind) folded before Flop
Seat 2: 4daba5fe folded before Flop (didn't bet)
Seat 3: 83f1351 folded before Flop (didn't bet)
Seat 4: 68721fa8 collected ($0.12)
Seat 5: Hero (button) folded before Flop (didn't bet)
Seat 6: 23b8bdcb (small blind) folded before Flop


Poker Hand #HD1164589954: Hold'em No Limit  ($0.02/$0.05) - 2023/03/17 19:54:47
Table 'NLHBlue107' 6-max Seat #4 is the button
Seat 1: 7a510511 ($1.31 in chips)
Seat 2: 4daba5fe ($8.38 in chips)
Seat 3: 83f1351 ($5.55 in chips)
Seat 4: 68721fa8 ($5.58 in chips)
Seat 5: Hero ($5.44 in chips)
Seat 6: 23b8bdcb ($5.81 in chips)
Hero: posts small blind $0.02
23b8bdcb: posts big blind $0.05
*** HOLE CARDS ***
Dealt to 7a510511 
Dealt to 4daba5fe 
Dealt to 83f1351 
Dealt to 68721fa8 
Dealt to Hero [6d Qd]
Dealt to 23b8bdcb 
7a510511: folds
4daba5fe: folds
83f1351: folds
68721fa8: calls $0.05
Hero: folds
23b8bdcb: checks
*** FLOP *** [5d 8s Ah]
23b8bdcb: checks
68721fa8: bets $0.06
23b8bdcb: folds
Uncalled bet ($0.06) returned to 68721fa8
*** SHOWDOWN ***
68721fa8 collected $0.12 from pot
*** SUMMARY ***
Total pot $0.12 | Rake $0 | Jackpot $0 | Bingo $0 | Fortune $0
Board [5d 8s Ah]
Seat 1: 7a510511 folded before Flop (didn't bet)
Seat 2: 4daba5fe folded before Flop (didn't bet)
Seat 3: 83f1351 folded before Flop (didn't bet)
Seat 4: 68721fa8 (button) won ($0.12)
Seat 5: Hero (small blind) folded before Flop
Seat 6: 23b8bdcb (big blind) folded on the Flop


Poker Hand #HD1164589898: Hold'em No Limit  ($0.02/$0.05) - 2023/03/17 19:54:23
Table 'NLHBlue107' 6-max Seat #3 is the button
Seat 1: 7a510511 ($1.31 in chips)
Seat 2: 4daba5fe ($8.38 in chips)
Seat 3: 83f1351 ($5.55 in chips)
Seat 4: 68721fa8 ($5.6 in chips)
Seat 5: Hero ($5.49 in chips)
Seat 6: 23b8bdcb ($5.74 in chips)
68721fa8: posts small blind $0.02
Hero: posts big blind $0.05
*** HOLE CARDS ***
Dealt to 7a510511 
Dealt to 4daba5fe 
Dealt to 83f1351 
Dealt to 68721fa8 
Dealt to Hero [3c Ad]
Dealt to 23b8bdcb 
23b8bdcb: raises $0.12 to $0.17
7a510511: folds
4daba5fe: folds
83f1351: folds
68721fa8: folds
Hero: folds
Uncalled bet ($0.12) returned to 23b8bdcb
*** SHOWDOWN ***
23b8bdcb collected $0.12 from pot
*** SUMMARY ***
Total pot $0.12 | Rake $0 | Jackpot $0 | Bingo $0 | Fortune $0
Seat 1: 7a510511 folded before Flop (didn't bet)
Seat 2: 4daba5fe folded before Flop (didn't bet)
Seat 3: 83f1351 (button) folded before Flop (didn't bet)
Seat 4: 68721fa8 (small blind) folded before Flop
Seat 5: Hero (big blind) folded before Flop
Seat 6: 23b8bdcb collected ($0.12)


Poker Hand #HD1164589790: Hold'em No Limit  ($0.02/$0.05) - 2023/03/17 19:53:35
Table 'NLHBlue107' 6-max Seat #2 is the button
Seat 1: 7a510511 ($1.18 in chips)
Seat 2: 4daba5fe ($8.38 in chips)
Seat 3: 83f1351 ($5.57 in chips)
Seat 4: 68721fa8 ($5.72 in chips)
Seat 5: Hero ($5.49 in chips)
Seat 6: 23b8bdcb ($5.74 in chips)
83f1351: posts small blind $0.02
68721fa8: posts big blind $0.05
*** HOLE CARDS ***
Dealt to 7a510511 
Dealt to 4daba5fe 
Dealt to 83f1351 
Dealt to 68721fa8 
Dealt to Hero [5s Ad]
Dealt to 23b8bdcb 
Hero: folds
23b8bdcb: folds
7a510511: raises $0.07 to $0.12
4daba5fe: folds
83f1351: folds
68721fa8: calls $0.07
*** FLOP *** [5d Th Kc]
68721fa8: checks
7a510511: bets $0.18
68721fa8: folds
Uncalled bet ($0.18) returned to 7a510511
*** SHOWDOWN ***
7a510511 collected $0.25 from pot
*** SUMMARY ***
Total pot $0.26 | Rake $0.01 | Jackpot $0 | Bingo $0 | Fortune $0
Board [5d Th Kc]
Seat 1: 7a510511 won ($0.25)
Seat 2: 4daba5fe (button) folded before Flop (didn't bet)
Seat 3: 83f1351 (small blind) folded before Flop
Seat 4: 68721fa8 (big blind) folded on the Flop
Seat 5: Hero folded before Flop (didn't bet)
Seat 6: 23b8bdcb folded before Flop (didn't bet)


Poker Hand #HD1164589581: Hold'em No Limit  ($0.02/$0.05) - 2023/03/17 19:52:05
Table 'NLHBlue107' 6-max Seat #1 is the button
Seat 1: 7a510511 ($1.18 in chips)
Seat 2: 4daba5fe ($8.15 in chips)
Seat 3: 83f1351 ($5.69 in chips)
Seat 4: 68721fa8 ($5.72 in chips)
Seat 5: Hero ($5.61 in chips)
Seat 6: 23b8bdcb ($5.74 in chips)
4daba5fe: posts small blind $0.02
83f1351: posts big blind $0.05
*** HOLE CARDS ***
Dealt to 7a510511 
Dealt to 4daba5fe 
Dealt to 83f1351 
Dealt to 68721fa8 
Dealt to Hero [2d 2s]
Dealt to 23b8bdcb 
68721fa8: folds
Hero: raises $0.07 to $0.12
23b8bdcb: folds
7a510511: folds
4daba5fe: calls $0.1
83f1351: calls $0.07
*** FLOP *** [Kh 9d 4c]
4daba5fe: checks
83f1351: checks
Hero: checks
*** TURN *** [Kh 9d 4c] [Ah]
4daba5fe: checks
83f1351: checks
Hero: checks
*** RIVER *** [Kh 9d 4c Ah] [Th]
4daba5fe: bets $0.18
83f1351: folds
Hero: folds
Uncalled bet ($0.18) returned to 4daba5fe
*** SHOWDOWN ***
4daba5fe collected $0.35 from pot
*** SUMMARY ***
Total pot $0.36 | Rake $0.01 | Jackpot $0 | Bingo $0 | Fortune $0
Board [Kh 9d 4c Ah Th]
Seat 1: 7a510511 (button) folded before Flop (didn't bet)
Seat 2: 4daba5fe (small blind) won ($0.35)
Seat 3: 83f1351 (big blind) folded on the River
Seat 4: 68721fa8 folded before Flop (didn't bet)
Seat 5: Hero folded on the River
Seat 6: 23b8bdcb folded before Flop (didn't bet)


Poker Hand #HD1164589486: Hold'em No Limit  ($0.02/$0.05) - 2023/03/17 19:51:19
Table 'NLHBlue107' 6-max Seat #6 is the button
Seat 1: 7a510511 ($1.52 in chips)
Seat 2: 4daba5fe ($8.2 in chips)
Seat 3: 83f1351 ($5.69 in chips)
Seat 4: 68721fa8 ($5.36 in chips)
Seat 5: Hero ($5.61 in chips)
Seat 6: 23b8bdcb ($5.74 in chips)
7a510511: posts small blind $0.02
4daba5fe: posts big blind $0.05
*** HOLE CARDS ***
Dealt to 7a510511 
Dealt to 4daba5fe 
Dealt to 83f1351 
Dealt to 68721fa8 
Dealt to Hero [4s Td]
Dealt to 23b8bdcb 
83f1351: folds
68721fa8: raises $0.07 to $0.12
Hero: folds
23b8bdcb: folds
7a510511: raises $0.22 to $0.34
4daba5fe: folds
68721fa8: raises $5.02 to $5.36 and is all-in
7a510511: folds
Uncalled bet ($5.02) returned to 68721fa8
*** SHOWDOWN ***
68721fa8 collected $0.7 from pot
*** SUMMARY ***
Total pot $0.73 | Rake $0.03 | Jackpot $0 | Bingo $0 | Fortune $0
Seat 1: 7a510511 (small blind) folded before Flop
Seat 2: 4daba5fe (big blind) folded before Flop
Seat 3: 83f1351 folded before Flop (didn't bet)
Seat 4: 68721fa8 collected ($0.7)
Seat 5: Hero folded before Flop (didn't bet)
Seat 6: 23b8bdcb (button) folded before Flop (didn't bet)


Poker Hand #HD1164589430: Hold'em No Limit  ($0.02/$0.05) - 2023/03/17 19:50:56
Table 'NLHBlue107' 6-max Seat #5 is the button
Seat 1: 7a510511 ($1.57 in chips)
Seat 2: 4daba5fe ($8.2 in chips)
Seat 3: 83f1351 ($5.69 in chips)
Seat 4: 68721fa8 ($5.36 in chips)
Seat 5: Hero ($5.61 in chips)
Seat 6: 23b8bdcb ($5.69 in chips)
23b8bdcb: posts small blind $0.02
7a510511: posts big blind $0.05
*** HOLE CARDS ***
Dealt to 7a510511 
Dealt to 4daba5fe 
Dealt to 83f1351 
Dealt to 68721fa8 
Dealt to Hero [Ts 7c]
Dealt to 23b8bdcb 
4daba5fe: folds
83f1351: folds
68721fa8: folds
Hero: folds
23b8bdcb: raises $0.15 to $0.2
7a510511: folds
Uncalled bet ($0.15) returned to 23b8bdcb
*** SHOWDOWN ***
23b8bdcb collected $0.1 from pot
*** SUMMARY ***
Total pot $0.1 | Rake $0 | Jackpot $0 | Bingo $0 | Fortune $0
Seat 1: 7a510511 (big blind) folded before Flop
Seat 2: 4daba5fe folded before Flop (didn't bet)
Seat 3: 83f1351 folded before Flop (didn't bet)
Seat 4: 68721fa8 folded before Flop (didn't bet)
Seat 5: Hero (button) folded before Flop (didn't bet)
Seat 6: 23b8bdcb (small blind) collected ($0.1)


Poker Hand #HD1164589376: Hold'em No Limit  ($0.02/$0.05) - 2023/03/17 19:50:34
Table 'NLHBlue107' 6-max Seat #4 is the button
Seat 1: 7a510511 ($1.57 in chips)
Seat 2: 4daba5fe ($8.2 in chips)
Seat 3: 83f1351 ($5.69 in chips)
Seat 4: 68721fa8 ($5.36 in chips)
Seat 5: Hero ($5.63 in chips)
Seat 6: 23b8bdcb ($5.67 in chips)
Hero: posts small blind $0.02
23b8bdcb: posts big blind $0.05
*** HOLE CARDS ***
Dealt to 7a510511 
Dealt to 4daba5fe 
Dealt to 83f1351 
Dealt to 68721fa8 
Dealt to Hero [2d 5s]
Dealt to 23b8bdcb 
7a510511: folds
4daba5fe: folds
83f1351: folds
68721fa8: folds
Hero: folds
Uncalled bet ($0.03) returned to 23b8bdcb
*** SHOWDOWN ***
23b8bdcb collected $0.04 from pot
*** SUMMARY ***
Total pot $0.04 | Rake $0 | Jackpot $0 | Bingo $0 | Fortune $0
Seat 1: 7a510511 folded before Flop (didn't bet)
Seat 2: 4daba5fe folded before Flop (didn't bet)
Seat 3: 83f1351 folded before Flop (didn't bet)
Seat 4: 68721fa8 (button) folded before Flop (didn't bet)
Seat 5: Hero (small blind) folded before Flop
Seat 6: 23b8bdcb (big blind) collected ($0.04)


Poker Hand #HD1164589317: Hold'em No Limit  ($0.02/$0.05) - 2023/03/17 19:50:09
Table 'NLHBlue107' 6-max Seat #3 is the button
Seat 1: 7a510511 ($1.21 in chips)
Seat 2: 4daba5fe ($8.2 in chips)
Seat 3: 83f1351 ($5.69 in chips)
Seat 4: 68721fa8 ($5.38 in chips)
Seat 5: Hero ($5.68 in chips)
Seat 6: 23b8bdcb ($5.99 in chips)
68721fa8: posts small blind $0.02
Hero: posts big blind $0.05
*** HOLE CARDS ***
Dealt to 7a510511 
Dealt to 4daba5fe 
Dealt to 83f1351 
Dealt to 68721fa8 
Dealt to Hero [3h 8s]
Dealt to 23b8bdcb 
23b8bdcb: raises $0.05 to $0.1
7a510511: raises $0.22 to $0.32
4daba5fe: folds
83f1351: folds
68721fa8: folds
Hero: folds
23b8bdcb: calls $0.22
*** FLOP *** [3s 8h Tc]
23b8bdcb: checks
7a510511: bets $0.24
23b8bdcb: folds
Uncalled bet ($0.24) returned to 7a510511
*** SHOWDOWN ***
7a510511 collected $0.68 from pot
*** SUMMARY ***
Total pot $0.71 | Rake $0.03 | Jackpot $0 | Bingo $0 | Fortune $0
Board [3s 8h Tc]
Seat 1: 7a510511 won ($0.68)
Seat 2: 4daba5fe folded before Flop (didn't bet)
Seat 3: 83f1351 (button) folded before Flop (didn't bet)
Seat 4: 68721fa8 (small blind) folded before Flop
Seat 5: Hero (big blind) folded before Flop
Seat 6: 23b8bdcb folded on the Flop


Poker Hand #HD1164589248: Hold'em No Limit  ($0.02/$0.05) - 2023/03/17 19:49:39
Table 'NLHBlue107' 6-max Seat #2 is the button
Seat 1: 7a510511 ($1.21 in chips)
Seat 2: 4daba5fe ($8.2 in chips)
Seat 3: 83f1351 ($5.71 in chips)
Seat 4: 68721fa8 ($5.5 in chips)
Seat 5: Hero ($5.43 in chips)
Seat 6: 23b8bdcb ($6.11 in chips)
83f1351: posts small blind $0.02
68721fa8: posts big blind $0.05
*** HOLE CARDS ***
Dealt to 7a510511 
Dealt to 4daba5fe 
Dealt to 83f1351 
Dealt to 68721fa8 
Dealt to Hero [Tc Ah]
Dealt to 23b8bdcb 
Hero: raises $0.07 to $0.12
23b8bdcb: calls $0.12
7a510511: folds
4daba5fe: folds
83f1351: folds
68721fa8: calls $0.07
*** FLOP *** [Td 4h Jd]
68721fa8: checks
Hero: bets $0.13
23b8bdcb: folds
68721fa8: folds
Uncalled bet ($0.13) returned to Hero
*** SHOWDOWN ***
Hero collected $0.37 from pot
*** SUMMARY ***
Total pot $0.38 | Rake $0.01 | Jackpot $0 | Bingo $0 | Fortune $0
Board [Td 4h Jd]
Seat 1: 7a510511 folded before Flop (didn't bet)
Seat 2: 4daba5fe (button) folded before Flop (didn't bet)
Seat 3: 83f1351 (small blind) folded before Flop
Seat 4: 68721fa8 (big blind) folded on the Flop
Seat 5: Hero won ($0.37)
Seat 6: 23b8bdcb folded on the Flop


Poker Hand #HD1164589194: Hold'em No Limit  ($0.02/$0.05) - 2023/03/17 19:49:17
Table 'NLHBlue107' 6-max Seat #1 is the button
Seat 1: 7a510511 ($1.21 in chips)
Seat 2: 4daba5fe ($8.22 in chips)
Seat 3: 83f1351 ($5.76 in chips)
Seat 4: 68721fa8 ($5.5 in chips)
Seat 5: Hero ($5.43 in chips)
Seat 6: 23b8bdcb ($6.04 in chips)
4daba5fe: posts small blind $0.02
83f1351: posts big blind $0.05
*** HOLE CARDS ***
Dealt to 7a510511 
Dealt to 4daba5fe 
Dealt to 83f1351 
Dealt to 68721fa8 
Dealt to Hero [7d Tc]
Dealt to 23b8bdcb 
68721fa8: folds
Hero: folds
23b8bdcb: raises $0.15 to $0.2
7a510511: folds
4daba5fe: folds
83f1351: folds
Uncalled bet ($0.15) returned to 23b8bdcb
*** SHOWDOWN ***
23b8bdcb collected $0.12 from pot
*** SUMMARY ***
Total pot $0.12 | Rake $0 | Jackpot $0 | Bingo $0 | Fortune $0
Seat 1: 7a510511 (button) folded before Flop (didn't bet)
Seat 2: 4daba5fe (small blind) folded before Flop
Seat 3: 83f1351 (big blind) folded before Flop
Seat 4: 68721fa8 folded before Flop (didn't bet)
Seat 5: Hero folded before Flop (didn't bet)
Seat 6: 23b8bdcb collected ($0.12)


Poker Hand #HD1164589032: Hold'em No Limit  ($0.02/$0.05) - 2023/03/17 19:48:07
Table 'NLHBlue107' 6-max Seat #6 is the button
Seat 1: 7a510511 ($1.23 in chips)
Seat 2: 4daba5fe ($8.47 in chips)
Seat 3: 83f1351 ($5.76 in chips)
Seat 4: 68721fa8 ($5.25 in chips)
Seat 5: Hero ($5.43 in chips)
Seat 6: 23b8bdcb ($6.04 in chips)
7a510511: posts small blind $0.02
4daba5fe: posts big blind $0.05
*** HOLE CARDS ***
Dealt to 7a510511 
Dealt to 4daba5fe 
Dealt to 83f1351 
Dealt to 68721fa8 
Dealt to Hero [8c 6d]
Dealt to 23b8bdcb 
83f1351: folds
68721fa8: raises $0.07 to $0.12
Hero: folds
23b8bdcb: folds
7a510511: folds
4daba5fe: calls $0.07
*** FLOP *** [Ks 9c 9d]
4daba5fe: checks
68721fa8: checks
*** TURN *** [Ks 9c 9d] [Jh]
4daba5fe: bets $0.13
68721fa8: raises $0.26 to $0.39
4daba5fe: folds
Uncalled bet ($0.26) returned to 68721fa8
*** SHOWDOWN ***
68721fa8 collected $0.5 from pot
*** SUMMARY ***
Total pot $0.52 | Rake $0.02 | Jackpot $0 | Bingo $0 | Fortune $0
Board [Ks 9c 9d Jh]
Seat 1: 7a510511 (small blind) folded before Flop
Seat 2: 4daba5fe (big blind) folded on the Turn
Seat 3: 83f1351 folded before Flop (didn't bet)
Seat 4: 68721fa8 won ($0.5)
Seat 5: Hero folded before Flop (didn't bet)
Seat 6: 23b8bdcb (button) folded before Flop (didn't bet)


Poker Hand #HD1164588920: Hold'em No Limit  ($0.02/$0.05) - 2023/03/17 19:47:21
Table 'NLHBlue107' 6-max Seat #5 is the button
Seat 1: 7a510511 ($1.28 in chips)
Seat 2: 4daba5fe ($9.12 in chips)
Seat 3: 83f1351 ($5.76 in chips)
Seat 4: 68721fa8 ($5.4 in chips)
Seat 5: Hero ($5.43 in chips)
Seat 6: 23b8bdcb ($5.31 in chips)
23b8bdcb: posts small blind $0.02
7a510511: posts big blind $0.05
*** HOLE CARDS ***
Dealt to 7a510511 
Dealt to 4daba5fe 
Dealt to 83f1351 
Dealt to 68721fa8 
Dealt to Hero [7d Tc]
Dealt to 23b8bdcb 
4daba5fe: raises $0.1 to $0.15
83f1351: folds
68721fa8: calls $0.15
Hero: folds
23b8bdcb: calls $0.13
7a510511: folds
*** FLOP *** [5s 7h Kd]
23b8bdcb: bets $0.5
4daba5fe: calls $0.5
68721fa8: folds
*** TURN *** [5s 7h Kd] [5h]
23b8bdcb: bets $1.5
4daba5fe: folds
Uncalled bet ($1.5) returned to 23b8bdcb
*** SHOWDOWN ***
23b8bdcb collected $1.38 from pot
*** SUMMARY ***
Total pot $1.5 | Rake $0.07 | Jackpot $0.05 | Bingo $0 | Fortune $0
Board [5s 7h Kd 5h]
Seat 1: 7a510511 (big blind) folded before Flop
Seat 2: 4daba5fe folded on the Turn
Seat 3: 83f1351 folded before Flop (didn't bet)
Seat 4: 68721fa8 folded on the Flop
Seat 5: Hero (button) folded before Flop (didn't bet)
Seat 6: 23b8bdcb (small blind) won ($1.38)


Poker Hand #HD1164588860: Hold'em No Limit  ($0.02/$0.05) - 2023/03/17 19:46:53
Table 'NLHBlue107' 6-max Seat #4 is the button
Seat 1: 7a510511 ($1.6 in chips)
Seat 2: 4daba5fe ($9.12 in chips)
Seat 3: 83f1351 ($5.76 in chips)
Seat 4: 68721fa8 ($5.4 in chips)
Seat 5: Hero ($5.45 in chips)
Seat 6: 23b8bdcb ($5 in chips)
Hero: posts small blind $0.02
23b8bdcb: posts big blind $0.05
*** HOLE CARDS ***
Dealt to 7a510511 
Dealt to 4daba5fe 
Dealt to 83f1351 
Dealt to 68721fa8 
Dealt to Hero [Ah 6s]
Dealt to 23b8bdcb 
7a510511: raises $0.07 to $0.12
4daba5fe: folds
83f1351: folds
68721fa8: folds
Hero: folds
23b8bdcb: calls $0.07
*** FLOP *** [Ks 6h 9s]
23b8bdcb: checks
7a510511: bets $0.2
23b8bdcb: raises $0.66 to $0.86
7a510511: folds
Uncalled bet ($0.66) returned to 23b8bdcb
*** SHOWDOWN ***
23b8bdcb collected $0.63 from pot
*** SUMMARY ***
Total pot $0.66 | Rake $0.03 | Jackpot $0 | Bingo $0 | Fortune $0
Board [Ks 6h 9s]
Seat 1: 7a510511 folded on the Flop
Seat 2: 4daba5fe folded before Flop (didn't bet)
Seat 3: 83f1351 folded before Flop (didn't bet)
Seat 4: 68721fa8 (button) folded before Flop (didn't bet)
Seat 5: Hero (small blind) folded before Flop
Seat 6: 23b8bdcb (big blind) won ($0.63)


Poker Hand #HD1164588812: Hold'em No Limit  ($0.02/$0.05) - 2023/03/17 19:46:33
Table 'NLHBlue107' 6-max Seat #3 is the button
Seat 1: 7a510511 ($1.72 in chips)
Seat 2: 4daba5fe ($9.12 in chips)
Seat 3: 83f1351 ($5.76 in chips)
Seat 4: 68721fa8 ($5.42 in chips)
Seat 5: Hero ($5.32 in chips)
68721fa8: posts small blind $0.02
Hero: posts big blind $0.05
*** HOLE CARDS ***
Dealt to 7a510511 
Dealt to 4daba5fe 
Dealt to 83f1351 
Dealt to 68721fa8 
Dealt to Hero [Th Jh]
7a510511: raises $0.07 to $0.12
4daba5fe: folds
83f1351: folds
68721fa8: folds
Hero: raises $0.3 to $0.42
7a510511: folds
Uncalled bet ($0.3) returned to Hero
*** SHOWDOWN ***
Hero collected $0.25 from pot
*** SUMMARY ***
Total pot $0.26 | Rake $0.01 | Jackpot $0 | Bingo $0 | Fortune $0
Seat 1: 7a510511 folded before Flop
Seat 2: 4daba5fe folded before Flop (didn't bet)
Seat 3: 83f1351 (button) folded before Flop (didn't bet)
Seat 4: 68721fa8 (small blind) folded before Flop
Seat 5: Hero (big blind) collected ($0.25)


Poker Hand #HD1164588781: Hold'em No Limit  ($0.02/$0.05) - 2023/03/17 19:46:18
Table 'NLHBlue107' 6-max Seat #2 is the button
Seat 1: 7a510511 ($1.72 in chips)
Seat 2: 4daba5fe ($9.12 in chips)
Seat 3: 83f1351 ($5.78 in chips)
Seat 4: 68721fa8 ($5.4 in chips)
Seat 5: Hero ($5.32 in chips)
83f1351: posts small blind $0.02
68721fa8: posts big blind $0.05
*** HOLE CARDS ***
Dealt to 7a510511 
Dealt to 4daba5fe 
Dealt to 83f1351 
Dealt to 68721fa8 
Dealt to Hero [7d 5h]
Hero: folds
7a510511: folds
4daba5fe: folds
83f1351: folds
Uncalled bet ($0.03) returned to 68721fa8
*** SHOWDOWN ***
68721fa8 collected $0.04 from pot
*** SUMMARY ***
Total pot $0.04 | Rake $0 | Jackpot $0 | Bingo $0 | Fortune $0
Seat 1: 7a510511 folded before Flop (didn't bet)
Seat 2: 4daba5fe (button) folded before Flop (didn't bet)
Seat 3: 83f1351 (small blind) folded before Flop
Seat 4: 68721fa8 (big blind) collected ($0.04)
Seat 5: Hero folded before Flop (didn't bet)


Poker Hand #HD1164588733: Hold'em No Limit  ($0.02/$0.05) - 2023/03/17 19:45:58
Table 'NLHBlue107' 6-max Seat #1 is the button
Seat 1: 7a510511 ($1.72 in chips)
Seat 2: 4daba5fe ($9.14 in chips)
Seat 3: 83f1351 ($5.83 in chips)
Seat 4: 68721fa8 ($5.4 in chips)
Seat 5: Hero ($5.25 in chips)
4daba5fe: posts small blind $0.02
83f1351: posts big blind $0.05
*** HOLE CARDS ***
Dealt to 7a510511 
Dealt to 4daba5fe 
Dealt to 83f1351 
Dealt to 68721fa8 
Dealt to Hero [Qc Kd]
68721fa8: folds
Hero: raises $0.07 to $0.12
7a510511: folds
4daba5fe: folds
83f1351: folds
Uncalled bet ($0.07) returned to Hero
*** SHOWDOWN ***
Hero collected $0.12 from pot
*** SUMMARY ***
Total pot $0.12 | Rake $0 | Jackpot $0 | Bingo $0 | Fortune $0
Seat 1: 7a510511 (button) folded before Flop (didn't bet)
Seat 2: 4daba5fe (small blind) folded before Flop
Seat 3: 83f1351 (big blind) folded before Flop
Seat 4: 68721fa8 folded before Flop (didn't bet)
Seat 5: Hero collected ($0.12)


Poker Hand #HD1164588706: Hold'em No Limit  ($0.02/$0.05) - 2023/03/17 19:45:48
Table 'NLHBlue107' 6-max Seat #5 is the button
Seat 1: 7a510511 ($1.74 in chips)
Seat 2: 4daba5fe ($9.12 in chips)
Seat 3: 83f1351 ($5.83 in chips)
Seat 4: 68721fa8 ($5.4 in chips)
Seat 5: Hero ($5.25 in chips)
7a510511: posts small blind $0.02
4daba5fe: posts big blind $0.05
*** HOLE CARDS ***
Dealt to 7a510511 
Dealt to 4daba5fe 
Dealt to 83f1351 
Dealt to 68721fa8 
Dealt to Hero [Jh 8s]
83f1351: folds
68721fa8: folds
Hero: folds
7a510511: folds
Uncalled bet ($0.03) returned to 4daba5fe
*** SHOWDOWN ***
4daba5fe collected $0.04 from pot
*** SUMMARY ***
Total pot $0.04 | Rake $0 | Jackpot $0 | Bingo $0 | Fortune $0
Seat 1: 7a510511 (small blind) folded before Flop
Seat 2: 4daba5fe (big blind) collected ($0.04)
Seat 3: 83f1351 folded before Flop (didn't bet)
Seat 4: 68721fa8 folded before Flop (didn't bet)
Seat 5: Hero (button) folded before Flop (didn't bet)


Poker Hand #HD1164588516: Hold'em No Limit  ($0.02/$0.05) - 2023/03/17 19:44:26
Table 'NLHBlue107' 6-max Seat #4 is the button
Seat 1: 7a510511 ($1.74 in chips)
Seat 2: 4daba5fe ($7.49 in chips)
Seat 3: 83f1351 ($5.83 in chips)
Seat 4: 68721fa8 ($5.55 in chips)
Seat 5: Hero ($5.27 in chips)
Seat 6: 1895f7a ($1.68 in chips)
Hero: posts small blind $0.02
1895f7a: posts big blind $0.05
*** HOLE CARDS ***
Dealt to 7a510511 
Dealt to 4daba5fe 
Dealt to 83f1351 
Dealt to 68721fa8 
Dealt to Hero [7h 8d]
Dealt to 1895f7a 
7a510511: folds
4daba5fe: raises $0.1 to $0.15
83f1351: folds
68721fa8: calls $0.15
Hero: folds
1895f7a: raises $1.53 to $1.68 and is all-in
4daba5fe: calls $1.53
68721fa8: folds
1895f7a: shows [4h 6c]
4daba5fe: shows [Js Jc]
*** FLOP *** [5s Th 2d]
*** TURN *** [5s Th 2d] [4c]
*** RIVER *** [5s Th 2d 4c] [2h]
*** SHOWDOWN ***
4daba5fe collected $3.31 from pot
*** SUMMARY ***
Total pot $3.53 | Rake $0.17 | Jackpot $0.05 | Bingo $0 | Fortune $0
Board [5s Th 2d 4c 2h]
Seat 1: 7a510511 folded before Flop (didn't bet)
Seat 2: 4daba5fe showed [Js Jc] and won ($3.31) with Pair of Jacks and Pair of Twos
Seat 3: 83f1351 folded before Flop (didn't bet)
Seat 4: 68721fa8 (button) folded before Flop
Seat 5: Hero (small blind) folded before Flop
Seat 6: 1895f7a (big blind) showed [4h 6c] and lost with Pair of Fours and Pair of Twos


Poker Hand #HD1164588401: Hold'em No Limit  ($0.02/$0.05) - 2023/03/17 19:43:39
Table 'NLHBlue107' 6-max Seat #3 is the button
Seat 1: 7a510511 ($1.74 in chips)
Seat 2: 4daba5fe ($7.49 in chips)
Seat 3: 83f1351 ($5.83 in chips)
Seat 4: 68721fa8 ($4.95 in chips)
Seat 5: Hero ($5.32 in chips)
Seat 6: 1895f7a ($2.29 in chips)
68721fa8: posts small blind $0.02
Hero: posts big blind $0.05
*** HOLE CARDS ***
Dealt to 7a510511 
Dealt to 4daba5fe 
Dealt to 83f1351 
Dealt to 68721fa8 
Dealt to Hero [6s 3s]
Dealt to 1895f7a 
1895f7a: raises $0.09 to $0.14
7a510511: folds
4daba5fe: folds
83f1351: folds
68721fa8: calls $0.12
Hero: folds
*** FLOP *** [4d 9s 5c]
68721fa8: checks
1895f7a: checks
*** TURN *** [4d 9s 5c] [4c]
68721fa8: bets $0.11
1895f7a: calls $0.11
*** RIVER *** [4d 9s 5c 4c] [7d]
68721fa8: checks
1895f7a: bets $0.36
68721fa8: calls $0.36
1895f7a: shows [8d Ah] (Pair of Fours)
68721fa8: shows [5d 3d] (Pair of Fives and Pair of Fours)
*** SHOWDOWN ***
68721fa8 collected $1.21 from pot
*** SUMMARY ***
Total pot $1.27 | Rake $0.06 | Jackpot $0 | Bingo $0 | Fortune $0
Board [4d 9s 5c 4c 7d]
Seat 1: 7a510511 folded before Flop (didn't bet)
Seat 2: 4daba5fe folded before Flop (didn't bet)
Seat 3: 83f1351 (button) folded before Flop (didn't bet)
Seat 4: 68721fa8 (small blind) showed [5d 3d] and won ($1.21) with Pair of Fives and Pair of Fours
Seat 5: Hero (big blind) folded before Flop
Seat 6: 1895f7a showed [8d Ah] and lost with Pair of Fours


Poker Hand #HD1164588261: Hold'em No Limit  ($0.02/$0.05) - 2023/03/17 19:42:39
Table 'NLHBlue107' 6-max Seat #2 is the button
Seat 1: 7a510511 ($1.74 in chips)
Seat 2: 4daba5fe ($6.78 in chips)
Seat 3: 83f1351 ($5.85 in chips)
Seat 4: 68721fa8 ($5 in chips)
Seat 5: Hero ($5.32 in chips)
Seat 6: 1895f7a ($3.05 in chips)
83f1351: posts small blind $0.02
68721fa8: posts big blind $0.05
*** HOLE CARDS ***
Dealt to 7a510511 
Dealt to 4daba5fe 
Dealt to 83f1351 
Dealt to 68721fa8 
Dealt to Hero [Tc Jd]
Dealt to 1895f7a 
Hero: folds
1895f7a: raises $0.09 to $0.14
7a510511: folds
4daba5fe: raises $0.3 to $0.44
83f1351: folds
68721fa8: folds
1895f7a: calls $0.3
*** FLOP *** [6c 5c Kd]
1895f7a: checks
4daba5fe: checks
*** TURN *** [6c 5c Kd] [Jh]
1895f7a: checks
4daba5fe: bets $0.32
1895f7a: calls $0.32
*** RIVER *** [6c 5c Kd Jh] [Ks]
1895f7a: checks
4daba5fe: checks
1895f7a: shows [Th Ah] (Pair of Kings)
4daba5fe: shows [Ac Qc] (Pair of Kings)
*** SHOWDOWN ***
4daba5fe collected $1.47 from pot
*** SUMMARY ***
Total pot $1.59 | Rake $0.07 | Jackpot $0.05 | Bingo $0 | Fortune $0
Board [6c 5c Kd Jh Ks]
Seat 1: 7a510511 folded before Flop (didn't bet)
Seat 2: 4daba5fe (button) showed [Ac Qc] and won ($1.47) with Pair of Kings
Seat 3: 83f1351 (small blind) folded before Flop
Seat 4: 68721fa8 (big blind) folded before Flop
Seat 5: Hero folded before Flop (didn't bet)
Seat 6: 1895f7a showed [Th Ah] and lost with Pair of Kings


Poker Hand #HD1164588062: Hold'em No Limit  ($0.02/$0.05) - 2023/03/17 19:41:17
Table 'NLHBlue107' 6-max Seat #1 is the button
Seat 1: 7a510511 ($1.74 in chips)
Seat 2: 4daba5fe ($7.38 in chips)
Seat 3: 83f1351 ($5.31 in chips)
Seat 5: Hero ($5.32 in chips)
Seat 6: 1895f7a ($3.05 in chips)
4daba5fe: posts small blind $0.02
83f1351: posts big blind $0.05
*** HOLE CARDS ***
Dealt to 7a510511 
Dealt to 4daba5fe 
Dealt to 83f1351 
Dealt to Hero [Qd 6s]
Dealt to 1895f7a 
Hero: folds
1895f7a: folds
7a510511: folds
4daba5fe: raises $0.1 to $0.15
83f1351: calls $0.1
*** FLOP *** [4h 8h 7s]
4daba5fe: checks
83f1351: bets $0.15
4daba5fe: calls $0.15
*** TURN *** [4h 8h 7s] [Ac]
4daba5fe: bets $0.3
83f1351: raises $0.42 to $0.72
4daba5fe: folds
Uncalled bet ($0.42) returned to 83f1351
*** SHOWDOWN ***
83f1351 collected $1.14 from pot
*** SUMMARY ***
Total pot $1.2 | Rake $0.06 | Jackpot $0 | Bingo $0 | Fortune $0
Board [4h 8h 7s Ac]
Seat 1: 7a510511 (button) folded before Flop (didn't bet)
Seat 2: 4daba5fe (small blind) folded on the Turn
Seat 3: 83f1351 (big blind) won ($1.14)
Seat 5: Hero folded before Flop (didn't bet)
Seat 6: 1895f7a folded before Flop (didn't bet)


Poker Hand #HD1164588027: Hold'em No Limit  ($0.02/$0.05) - 2023/03/17 19:41:07
Table 'NLHBlue107' 6-max Seat #6 is the button
Seat 1: 7a510511 ($1.76 in chips)
Seat 2: 4daba5fe ($7.36 in chips)
Seat 3: 83f1351 ($5.31 in chips)
Seat 5: Hero ($5.32 in chips)
Seat 6: 1895f7a ($3.05 in chips)
7a510511: posts small blind $0.02
4daba5fe: posts big blind $0.05
*** HOLE CARDS ***
Dealt to 7a510511 
Dealt to 4daba5fe 
Dealt to 83f1351 
Dealt to Hero [5h 9h]
Dealt to 1895f7a 
83f1351: folds
Hero: folds
1895f7a: folds
7a510511: folds
Uncalled bet ($0.03) returned to 4daba5fe
*** SHOWDOWN ***
4daba5fe collected $0.04 from pot
*** SUMMARY ***
Total pot $0.04 | Rake $0 | Jackpot $0 | Bingo $0 | Fortune $0
Seat 1: 7a510511 (small blind) folded before Flop
Seat 2: 4daba5fe (big blind) collected ($0.04)
Seat 3: 83f1351 folded before Flop (didn't bet)
Seat 5: Hero folded before Flop (didn't bet)
Seat 6: 1895f7a (button) folded before Flop (didn't bet)


Poker Hand #HD1164587841: Hold'em No Limit  ($0.02/$0.05) - 2023/03/17 19:39:41
Table 'NLHBlue107' 6-max Seat #5 is the button
Seat 1: 7a510511 ($0.94 in chips)
Seat 2: 4daba5fe ($8.3 in chips)
Seat 3: 83f1351 ($5.31 in chips)
Seat 5: Hero ($5.32 in chips)
Seat 6: 1895f7a ($3.07 in chips)
1895f7a: posts small blind $0.02
7a510511: posts big blind $0.05
*** HOLE CARDS ***
Dealt to 7a510511 
Dealt to 4daba5fe 
Dealt to 83f1351 
Dealt to Hero [2c Qs]
Dealt to 1895f7a 
4daba5fe: raises $0.1 to $0.15
83f1351: folds
Hero: folds
1895f7a: folds
7a510511: raises $0.25 to $0.4
4daba5fe: raises $0.58 to $0.98
7a510511: calls $0.54 and is all-in
Uncalled bet ($0.04) returned to 4daba5fe
4daba5fe: shows [Kh Ks]
7a510511: shows [Th Ah]
*** FLOP *** [Tc 2d Qh]
*** TURN *** [Tc 2d Qh] [7d]
*** RIVER *** [Tc 2d Qh 7d] [Ad]
*** SHOWDOWN ***
7a510511 collected $1.76 from pot
*** SUMMARY ***
Total pot $1.9 | Rake $0.09 | Jackpot $0.05 | Bingo $0 | Fortune $0
Board [Tc 2d Qh 7d Ad]
Seat 1: 7a510511 (big blind) showed [Th Ah] and won ($1.76) with Pair of Aces and Pair of Tens
Seat 2: 4daba5fe showed [Kh Ks] and lost with Pair of Kings
Seat 3: 83f1351 folded before Flop (didn't bet)
Seat 5: Hero (button) folded before Flop (didn't bet)
Seat 6: 1895f7a (small blind) folded before Flop


Poker Hand #HD1164587712: Hold'em No Limit  ($0.02/$0.05) - 2023/03/17 19:38:46
Table 'NLHBlue107' 6-max Seat #4 is the button
Seat 1: 7a510511 ($0.94 in chips)
Seat 2: 4daba5fe ($8.3 in chips)
Seat 3: 83f1351 ($5.31 in chips)
Seat 4: c8e3b23f ($5 in chips)
Seat 5: Hero ($5.34 in chips)
Seat 6: 1895f7a ($3.05 in chips)
Hero: posts small blind $0.02
1895f7a: posts big blind $0.05
*** HOLE CARDS ***
Dealt to 7a510511 
Dealt to 4daba5fe 
Dealt to 83f1351 
Dealt to c8e3b23f 
Dealt to Hero [6s Jd]
Dealt to 1895f7a 
7a510511: folds
4daba5fe: folds
83f1351: folds
c8e3b23f: folds
Hero: folds
Uncalled bet ($0.03) returned to 1895f7a
*** SHOWDOWN ***
1895f7a collected $0.04 from pot
*** SUMMARY ***
Total pot $0.04 | Rake $0 | Jackpot $0 | Bingo $0 | Fortune $0
Seat 1: 7a510511 folded before Flop (didn't bet)
Seat 2: 4daba5fe folded before Flop (didn't bet)
Seat 3: 83f1351 folded before Flop (didn't bet)
Seat 4: c8e3b23f (button) folded before Flop (didn't bet)
Seat 5: Hero (small blind) folded before Flop
Seat 6: 1895f7a (big blind) collected ($0.04)


Poker Hand #HD1164587669: Hold'em No Limit  ($0.02/$0.05) - 2023/03/17 19:38:28
Table 'NLHBlue107' 6-max Seat #3 is the button
Seat 1: 7a510511 ($0.94 in chips)
Seat 2: 4daba5fe ($8.23 in chips)
Seat 3: 83f1351 ($5.31 in chips)
Seat 4: c8e3b23f ($5 in chips)
Seat 5: Hero ($5.39 in chips)
Seat 6: 1895f7a ($3.05 in chips)
c8e3b23f: posts small blind $0.02
Hero: posts big blind $0.05
*** HOLE CARDS ***
Dealt to 7a510511 
Dealt to 4daba5fe 
Dealt to 83f1351 
Dealt to c8e3b23f 
Dealt to Hero [4h 3c]
Dealt to 1895f7a 
1895f7a: folds
7a510511: folds
4daba5fe: raises $0.07 to $0.12
83f1351: folds
c8e3b23f: folds
Hero: folds
Uncalled bet ($0.07) returned to 4daba5fe
*** SHOWDOWN ***
4daba5fe collected $0.12 from pot
*** SUMMARY ***
Total pot $0.12 | Rake $0 | Jackpot $0 | Bingo $0 | Fortune $0
Seat 1: 7a510511 folded before Flop (didn't bet)
Seat 2: 4daba5fe collected ($0.12)
Seat 3: 83f1351 (button) folded before Flop (didn't bet)
Seat 4: c8e3b23f (small blind) folded before Flop
Seat 5: Hero (big blind) folded before Flop
Seat 6: 1895f7a folded before Flop (didn't bet)


Poker Hand #HD1164587533: Hold'em No Limit  ($0.02/$0.05) - 2023/03/17 19:37:29
Table 'NLHBlue107' 6-max Seat #2 is the button
Seat 1: 7a510511 ($0.8 in chips)
Seat 2: 4daba5fe ($8.23 in chips)
Seat 3: 83f1351 ($5.33 in chips)
Seat 4: c8e3b23f ($5.16 in chips)
Seat 5: Hero ($5.39 in chips)
Seat 6: 1895f7a ($2.9 in chips)
83f1351: posts small blind $0.02
c8e3b23f: posts big blind $0.05
*** HOLE CARDS ***
Dealt to 7a510511 
Dealt to 4daba5fe 
Dealt to 83f1351 
Dealt to c8e3b23f 
Dealt to Hero [Ts Jc]
Dealt to 1895f7a 
Hero: folds
1895f7a: raises $0.09 to $0.14
7a510511: raises $0.28 to $0.42
4daba5fe: folds
83f1351: folds
c8e3b23f: calls $0.37
1895f7a: calls $0.28
*** FLOP *** [9d 3c Js]
c8e3b23f: checks
1895f7a: checks
7a510511: bets $0.38 and is all-in
c8e3b23f: folds
1895f7a: calls $0.38
7a510511: shows [4d 4c] (Pair of Fours)
1895f7a: shows [Qh Kc] (King-High)
*** FIRST TURN *** [9d 3c Js] [Ac]
*** FIRST RIVER *** [9d 3c Js Ac] [Qd]
*** SECOND TURN *** [9d 3c Js] [7c]
*** SECOND RIVER *** [9d 3c Js 7c] [6c]
*** FIRST SHOWDOWN ***
1895f7a collected $0.95 from pot
*** SECOND SHOWDOWN ***
7a510511 collected $0.94 from pot
*** SUMMARY ***
Total pot $2.04 | Rake $0.1 | Jackpot $0.05 | Bingo $0 | Fortune $0
Hand was run two times
FIRST Board [9d 3c Js Ac Qd]
SECOND Board [7c 6c]
Seat 1: 7a510511 showed [4d 4c] and lost with Pair of Fours, and won ($0.94)
Seat 2: 4daba5fe (button) folded before Flop (didn't bet)
Seat 3: 83f1351 (small blind) folded before Flop
Seat 4: c8e3b23f (big blind) folded on the Flop
Seat 5: Hero folded before Flop (didn't bet)
Seat 6: 1895f7a showed [Qh Kc] and won ($0.95) with Pair of Queens, and lost


Poker Hand #HD1164587416: Hold'em No Limit  ($0.02/$0.05) - 2023/03/17 19:36:36
Table 'NLHBlue107' 6-max Seat #1 is the button
Seat 1: 7a510511 ($0.8 in chips)
Seat 2: 4daba5fe ($8.37 in chips)
Seat 3: 83f1351 ($5.38 in chips)
Seat 4: c8e3b23f ($5.16 in chips)
Seat 5: Hero ($5.39 in chips)
Seat 6: 1895f7a ($2.72 in chips)
4daba5fe: posts small blind $0.02
83f1351: posts big blind $0.05
*** HOLE CARDS ***
Dealt to 7a510511 
Dealt to 4daba5fe 
Dealt to 83f1351 
Dealt to c8e3b23f 
Dealt to Hero [6d 2s]
Dealt to 1895f7a 
c8e3b23f: folds
Hero: folds
1895f7a: raises $0.09 to $0.14
7a510511: folds
4daba5fe: calls $0.12
83f1351: folds
*** FLOP *** [Kd 6s Th]
4daba5fe: checks
1895f7a: bets $0.14
4daba5fe: folds
Uncalled bet ($0.14) returned to 1895f7a
*** SHOWDOWN ***
1895f7a collected $0.32 from pot
*** SUMMARY ***
Total pot $0.33 | Rake $0.01 | Jackpot $0 | Bingo $0 | Fortune $0
Board [Kd 6s Th]
Seat 1: 7a510511 (button) folded before Flop (didn't bet)
Seat 2: 4daba5fe (small blind) folded on the Flop
Seat 3: 83f1351 (big blind) folded before Flop
Seat 4: c8e3b23f folded before Flop (didn't bet)
Seat 5: Hero folded before Flop (didn't bet)
Seat 6: 1895f7a won ($0.32)


Poker Hand #HD1164587371: Hold'em No Limit  ($0.02/$0.05) - 2023/03/17 19:36:12
Table 'NLHBlue107' 6-max Seat #6 is the button
Seat 1: 7a510511 ($0.82 in chips)
Seat 2: 4daba5fe ($8.35 in chips)
Seat 3: 83f1351 ($5.38 in chips)
Seat 4: c8e3b23f ($5.16 in chips)
Seat 5: Hero ($5.39 in chips)
Seat 6: 1895f7a ($2.72 in chips)
7a510511: posts small blind $0.02
4daba5fe: posts big blind $0.05
*** HOLE CARDS ***
Dealt to 7a510511 
Dealt to 4daba5fe 
Dealt to 83f1351 
Dealt to c8e3b23f 
Dealt to Hero [5d Qc]
Dealt to 1895f7a 
83f1351: folds
c8e3b23f: folds
Hero: folds
1895f7a: folds
7a510511: folds
Uncalled bet ($0.03) returned to 4daba5fe
*** SHOWDOWN ***
4daba5fe collected $0.04 from pot
*** SUMMARY ***
Total pot $0.04 | Rake $0 | Jackpot $0 | Bingo $0 | Fortune $0
Seat 1: 7a510511 (small blind) folded before Flop
Seat 2: 4daba5fe (big blind) collected ($0.04)
Seat 3: 83f1351 folded before Flop (didn't bet)
Seat 4: c8e3b23f folded before Flop (didn't bet)
Seat 5: Hero folded before Flop (didn't bet)
Seat 6: 1895f7a (button) folded before Flop (didn't bet)


Poker Hand #HD1164587313: Hold'em No Limit  ($0.02/$0.05) - 2023/03/17 19:35:43
Table 'NLHBlue107' 6-max Seat #5 is the button
Seat 1: 7a510511 ($0.87 in chips)
Seat 2: 4daba5fe ($8.28 in chips)
Seat 3: 83f1351 ($5.38 in chips)
Seat 4: c8e3b23f ($5.16 in chips)
Seat 5: Hero ($5.39 in chips)
Seat 6: 1895f7a ($2.74 in chips)
1895f7a: posts small blind $0.02
7a510511: posts big blind $0.05
*** HOLE CARDS ***
Dealt to 7a510511 
Dealt to 4daba5fe 
Dealt to 83f1351 
Dealt to c8e3b23f 
Dealt to Hero [Th 3d]
Dealt to 1895f7a 
4daba5fe: raises $0.1 to $0.15
83f1351: folds
c8e3b23f: folds
Hero: folds
1895f7a: folds
7a510511: folds
Uncalled bet ($0.1) returned to 4daba5fe
*** SHOWDOWN ***
4daba5fe collected $0.12 from pot
*** SUMMARY ***
Total pot $0.12 | Rake $0 | Jackpot $0 | Bingo $0 | Fortune $0
Seat 1: 7a510511 (big blind) folded before Flop
Seat 2: 4daba5fe collected ($0.12)
Seat 3: 83f1351 folded before Flop (didn't bet)
Seat 4: c8e3b23f folded before Flop (didn't bet)
Seat 5: Hero (button) folded before Flop (didn't bet)
Seat 6: 1895f7a (small blind) folded before Flop


Poker Hand #HD1164587207: Hold'em No Limit  ($0.02/$0.05) - 2023/03/17 19:34:57
Table 'NLHBlue107' 6-max Seat #4 is the button
Seat 1: 7a510511 ($0.87 in chips)
Seat 2: 4daba5fe ($8.28 in chips)
Seat 3: 83f1351 ($5.38 in chips)
Seat 4: c8e3b23f ($5 in chips)
Seat 5: Hero ($5.41 in chips)
Seat 6: 1895f7a ($2.89 in chips)
Hero: posts small blind $0.02
1895f7a: posts big blind $0.05
*** HOLE CARDS ***
Dealt to 7a510511 
Dealt to 4daba5fe 
Dealt to 83f1351 
Dealt to c8e3b23f 
Dealt to Hero [6c 8d]
Dealt to 1895f7a 
7a510511: folds
4daba5fe: folds
83f1351: folds
c8e3b23f: raises $0.1 to $0.15
Hero: folds
1895f7a: calls $0.1
*** FLOP *** [9c 8c 2s]
1895f7a: checks
c8e3b23f: bets $0.16
1895f7a: folds
Uncalled bet ($0.16) returned to c8e3b23f
*** SHOWDOWN ***
c8e3b23f collected $0.31 from pot
*** SUMMARY ***
Total pot $0.32 | Rake $0.01 | Jackpot $0 | Bingo $0 | Fortune $0
Board [9c 8c 2s]
Seat 1: 7a510511 folded before Flop (didn't bet)
Seat 2: 4daba5fe folded before Flop (didn't bet)
Seat 3: 83f1351 folded before Flop (didn't bet)
Seat 4: c8e3b23f (button) won ($0.31)
Seat 5: Hero (small blind) folded before Flop
Seat 6: 1895f7a (big blind) folded on the Flop


Poker Hand #HD1164587134: Hold'em No Limit  ($0.02/$0.05) - 2023/03/17 19:34:20
Table 'NLHBlue107' 6-max Seat #3 is the button
Seat 1: 7a510511 ($1.23 in chips)
Seat 2: 4daba5fe ($8.28 in chips)
Seat 3: 83f1351 ($5.38 in chips)
Seat 4: c8e3b23f ($5.02 in chips)
Seat 5: Hero ($5.46 in chips)
Seat 6: 1895f7a ($2.5 in chips)
c8e3b23f: posts small blind $0.02
Hero: posts big blind $0.05
*** HOLE CARDS ***
Dealt to 7a510511 
Dealt to 4daba5fe 
Dealt to 83f1351 
Dealt to c8e3b23f 
Dealt to Hero [Jc 5d]
Dealt to 1895f7a 
1895f7a: raises $0.07 to $0.12
7a510511: raises $0.24 to $0.36
4daba5fe: folds
83f1351: folds
c8e3b23f: folds
Hero: folds
1895f7a: calls $0.24
*** FLOP *** [6c 9s 8h]
1895f7a: bets $0.48
7a510511: folds
Uncalled bet ($0.48) returned to 1895f7a
*** SHOWDOWN ***
1895f7a collected $0.75 from pot
*** SUMMARY ***
Total pot $0.79 | Rake $0.04 | Jackpot $0 | Bingo $0 | Fortune $0
Board [6c 9s 8h]
Seat 1: 7a510511 folded on the Flop
Seat 2: 4daba5fe folded before Flop (didn't bet)
Seat 3: 83f1351 (button) folded before Flop (didn't bet)
Seat 4: c8e3b23f (small blind) folded before Flop
Seat 5: Hero (big blind) folded before Flop
Seat 6: 1895f7a won ($0.75)


Poker Hand #HD1164586999: Hold'em No Limit  ($0.02/$0.05) - 2023/03/17 19:33:26
Table 'NLHBlue107' 6-max Seat #2 is the button
Seat 1: 7a510511 ($1.23 in chips)
Seat 2: 4daba5fe ($8.08 in chips)
Seat 3: 83f1351 ($5.4 in chips)
Seat 4: c8e3b23f ($5.07 in chips)
Seat 5: Hero ($5.46 in chips)
Seat 6: 1895f7a ($2.64 in chips)
83f1351: posts small blind $0.02
c8e3b23f: posts big blind $0.05
*** HOLE CARDS ***
Dealt to 7a510511 
Dealt to 4daba5fe 
Dealt to 83f1351 
Dealt to c8e3b23f 
Dealt to Hero [4s Kh]
Dealt to 1895f7a 
Hero: folds
1895f7a: raises $0.09 to $0.14
7a510511: folds
4daba5fe: raises $0.32 to $0.46
83f1351: folds
c8e3b23f: folds
1895f7a: folds
Uncalled bet ($0.32) returned to 4daba5fe
*** SHOWDOWN ***
4daba5fe collected $0.34 from pot
*** SUMMARY ***
Total pot $0.35 | Rake $0.01 | Jackpot $0 | Bingo $0 | Fortune $0
Seat 1: 7a510511 folded before Flop (didn't bet)
Seat 2: 4daba5fe (button) collected ($0.34)
Seat 3: 83f1351 (small blind) folded before Flop
Seat 4: c8e3b23f (big blind) folded before Flop
Seat 5: Hero folded before Flop (didn't bet)
Seat 6: 1895f7a folded before Flop


Poker Hand #HD1164586839: Hold'em No Limit  ($0.02/$0.05) - 2023/03/17 19:32:17
Table 'NLHBlue107' 6-max Seat #1 is the button
Seat 1: 7a510511 ($1.23 in chips)
Seat 2: 4daba5fe ($8.1 in chips)
Seat 3: 83f1351 ($5.52 in chips)
Seat 4: c8e3b23f ($5.07 in chips)
Seat 5: Hero ($5.33 in chips)
Seat 6: 1895f7a ($2.64 in chips)
4daba5fe: posts small blind $0.02
83f1351: posts big blind $0.05
*** HOLE CARDS ***
Dealt to 7a510511 
Dealt to 4daba5fe 
Dealt to 83f1351 
Dealt to c8e3b23f 
Dealt to Hero [5s 5h]
Dealt to 1895f7a 
c8e3b23f: folds
Hero: raises $0.07 to $0.12
1895f7a: folds
7a510511: folds
4daba5fe: folds
83f1351: calls $0.07
*** FLOP *** [Ks Qs Qh]
83f1351: checks
Hero: checks
*** TURN *** [Ks Qs Qh] [2c]
83f1351: checks
Hero: checks
*** RIVER *** [Ks Qs Qh 2c] [6s]
83f1351: checks
Hero: checks
83f1351: shows [9h Jh] (Pair of Queens)
Hero: shows [5s 5h] (Pair of Queens and Pair of Fives)
*** SHOWDOWN ***
Hero collected $0.25 from pot
*** SUMMARY ***
Total pot $0.26 | Rake $0.01 | Jackpot $0 | Bingo $0 | Fortune $0
Board [Ks Qs Qh 2c 6s]
Seat 1: 7a510511 (button) folded before Flop (didn't bet)
Seat 2: 4daba5fe (small blind) folded before Flop
Seat 3: 83f1351 (big blind) showed [9h Jh] and lost with Pair of Queens
Seat 4: c8e3b23f folded before Flop (didn't bet)
Seat 5: Hero showed [5s 5h] and won ($0.25) with Pair of Queens and Pair of Fives
Seat 6: 1895f7a folded before Flop (didn't bet)


Poker Hand #HD1164586763: Hold'em No Limit  ($0.02/$0.05) - 2023/03/17 19:31:45
Table 'NLHBlue107' 6-max Seat #6 is the button
Seat 1: 7a510511 ($1.25 in chips)
Seat 2: 4daba5fe ($8.22 in chips)
Seat 3: 83f1351 ($5.52 in chips)
Seat 4: c8e3b23f ($5.07 in chips)
Seat 5: Hero ($5.33 in chips)
Seat 6: 1895f7a ($2.51 in chips)
7a510511: posts small blind $0.02
4daba5fe: posts big blind $0.05
*** HOLE CARDS ***
Dealt to 7a510511 
Dealt to 4daba5fe 
Dealt to 83f1351 
Dealt to c8e3b23f 
Dealt to Hero [6d 7c]
Dealt to 1895f7a 
83f1351: folds
c8e3b23f: folds
Hero: folds
1895f7a: raises $0.07 to $0.12
7a510511: folds
4daba5fe: calls $0.07
*** FLOP *** [Ts Kh 6s]
4daba5fe: checks
1895f7a: bets $0.18
4daba5fe: folds
Uncalled bet ($0.18) returned to 1895f7a
*** SHOWDOWN ***
1895f7a collected $0.25 from pot
*** SUMMARY ***
Total pot $0.26 | Rake $0.01 | Jackpot $0 | Bingo $0 | Fortune $0
Board [Ts Kh 6s]
Seat 1: 7a510511 (small blind) folded before Flop
Seat 2: 4daba5fe (big blind) folded on the Flop
Seat 3: 83f1351 folded before Flop (didn't bet)
Seat 4: c8e3b23f folded before Flop (didn't bet)
Seat 5: Hero folded before Flop (didn't bet)
Seat 6: 1895f7a (button) won ($0.25)


Poker Hand #HD1164586668: Hold'em No Limit  ($0.02/$0.05) - 2023/03/17 19:31:09
Table 'NLHBlue107' 6-max Seat #5 is the button
Seat 1: 7a510511 ($1.3 in chips)
Seat 2: 4daba5fe ($8.22 in chips)
Seat 3: 83f1351 ($5.36 in chips)
Seat 4: c8e3b23f ($5.07 in chips)
Seat 5: Hero ($5.33 in chips)
Seat 6: 1895f7a ($2.63 in chips)
1895f7a: posts small blind $0.02
7a510511: posts big blind $0.05
*** HOLE CARDS ***
Dealt to 7a510511 
Dealt to 4daba5fe 
Dealt to 83f1351 
Dealt to c8e3b23f 
Dealt to Hero [Jd 2c]
Dealt to 1895f7a 
4daba5fe: folds
83f1351: raises $0.07 to $0.12
c8e3b23f: folds
Hero: folds
1895f7a: calls $0.1
7a510511: folds
*** FLOP *** [Ac 3d Ks]
1895f7a: checks
83f1351: bets $0.1
1895f7a: folds
Uncalled bet ($0.1) returned to 83f1351
*** SHOWDOWN ***
83f1351 collected $0.28 from pot
*** SUMMARY ***
Total pot $0.29 | Rake $0.01 | Jackpot $0 | Bingo $0 | Fortune $0
Board [Ac 3d Ks]
Seat 1: 7a510511 (big blind) folded before Flop
Seat 2: 4daba5fe folded before Flop (didn't bet)
Seat 3: 83f1351 won ($0.28)
Seat 4: c8e3b23f folded before Flop (didn't bet)
Seat 5: Hero (button) folded before Flop (didn't bet)
Seat 6: 1895f7a (small blind) folded on the Flop


Poker Hand #HD1164586466: Hold'em No Limit  ($0.02/$0.05) - 2023/03/17 19:29:42
Table 'NLHBlue107' 6-max Seat #4 is the button
Seat 1: 7a510511 ($1.3 in chips)
Seat 2: 4daba5fe ($8.22 in chips)
Seat 3: 83f1351 ($5.36 in chips)
Seat 4: c8e3b23f ($5.38 in chips)
Seat 5: Hero ($5.35 in chips)
Seat 6: 1895f7a ($2.33 in chips)
Hero: posts small blind $0.02
1895f7a: posts big blind $0.05
*** HOLE CARDS ***
Dealt to 7a510511 
Dealt to 4daba5fe 
Dealt to 83f1351 
Dealt to c8e3b23f 
Dealt to Hero [4d 5c]
Dealt to 1895f7a 
7a510511: folds
4daba5fe: folds
83f1351: folds
c8e3b23f: raises $0.1 to $0.15
Hero: folds
1895f7a: calls $0.1
*** FLOP *** [6h 5d Kh]
1895f7a: checks
c8e3b23f: bets $0.16
1895f7a: calls $0.16
*** TURN *** [6h 5d Kh] [3h]
1895f7a: checks
c8e3b23f: checks
*** RIVER *** [6h 5d Kh 3h] [Ks]
1895f7a: bets $0.28
c8e3b23f: folds
Uncalled bet ($0.28) returned to 1895f7a
*** SHOWDOWN ***
1895f7a collected $0.61 from pot
*** SUMMARY ***
Total pot $0.64 | Rake $0.03 | Jackpot $0 | Bingo $0 | Fortune $0
Board [6h 5d Kh 3h Ks]
Seat 1: 7a510511 folded before Flop (didn't bet)
Seat 2: 4daba5fe folded before Flop (didn't bet)
Seat 3: 83f1351 folded before Flop (didn't bet)
Seat 4: c8e3b23f (button) folded on the River
Seat 5: Hero (small blind) folded before Flop
Seat 6: 1895f7a (big blind) won ($0.61)


Poker Hand #HD1164586421: Hold'em No Limit  ($0.02/$0.05) - 2023/03/17 19:29:21
Table 'NLHBlue107' 6-max Seat #3 is the button
Seat 1: 7a510511 ($1.3 in chips)
Seat 2: 4daba5fe ($8.22 in chips)
Seat 3: 83f1351 ($5.36 in chips)
Seat 4: c8e3b23f ($5.4 in chips)
Seat 5: Hero ($5.4 in chips)
Seat 6: 1895f7a ($2.26 in chips)
c8e3b23f: posts small blind $0.02
Hero: posts big blind $0.05
*** HOLE CARDS ***
Dealt to 7a510511 
Dealt to 4daba5fe 
Dealt to 83f1351 
Dealt to c8e3b23f 
Dealt to Hero [Qs 6h]
Dealt to 1895f7a 
1895f7a: raises $0.09 to $0.14
7a510511: folds
4daba5fe: folds
83f1351: folds
c8e3b23f: folds
Hero: folds
Uncalled bet ($0.09) returned to 1895f7a
*** SHOWDOWN ***
1895f7a collected $0.12 from pot
*** SUMMARY ***
Total pot $0.12 | Rake $0 | Jackpot $0 | Bingo $0 | Fortune $0
Seat 1: 7a510511 folded before Flop (didn't bet)
Seat 2: 4daba5fe folded before Flop (didn't bet)
Seat 3: 83f1351 (button) folded before Flop (didn't bet)
Seat 4: c8e3b23f (small blind) folded before Flop
Seat 5: Hero (big blind) folded before Flop
Seat 6: 1895f7a collected ($0.12)


Poker Hand #HD1164586338: Hold'em No Limit  ($0.02/$0.05) - 2023/03/17 19:28:46
Table 'NLHBlue107' 6-max Seat #2 is the button
Seat 1: 7a510511 ($1.3 in chips)
Seat 2: 4daba5fe ($8.34 in chips)
Seat 3: 83f1351 ($5.2 in chips)
Seat 4: c8e3b23f ($5.45 in chips)
Seat 5: Hero ($5.4 in chips)
Seat 6: 1895f7a ($2.26 in chips)
83f1351: posts small blind $0.02
c8e3b23f: posts big blind $0.05
*** HOLE CARDS ***
Dealt to 7a510511 
Dealt to 4daba5fe 
Dealt to 83f1351 
Dealt to c8e3b23f 
Dealt to Hero [3h 5s]
Dealt to 1895f7a 
Hero: folds
1895f7a: folds
7a510511: folds
4daba5fe: raises $0.07 to $0.12
83f1351: raises $0.48 to $0.6
c8e3b23f: folds
4daba5fe: folds
Uncalled bet ($0.48) returned to 83f1351
*** SHOWDOWN ***
83f1351 collected $0.28 from pot
*** SUMMARY ***
Total pot $0.29 | Rake $0.01 | Jackpot $0 | Bingo $0 | Fortune $0
Seat 1: 7a510511 folded before Flop (didn't bet)
Seat 2: 4daba5fe (button) folded before Flop
Seat 3: 83f1351 (small blind) collected ($0.28)
Seat 4: c8e3b23f (big blind) folded before Flop
Seat 5: Hero folded before Flop (didn't bet)
Seat 6: 1895f7a folded before Flop (didn't bet)


Poker Hand #HD1164586297: Hold'em No Limit  ($0.02/$0.05) - 2023/03/17 19:28:28
Table 'NLHBlue107' 6-max Seat #1 is the button
Seat 1: 7a510511 ($1.3 in chips)
Seat 2: 4daba5fe ($8.29 in chips)
Seat 3: 83f1351 ($5.25 in chips)
Seat 4: c8e3b23f ($5.45 in chips)
Seat 5: Hero ($5.4 in chips)
Seat 6: 1895f7a ($2.26 in chips)
4daba5fe: posts small blind $0.02
83f1351: posts big blind $0.05
*** HOLE CARDS ***
Dealt to 7a510511 
Dealt to 4daba5fe 
Dealt to 83f1351 
Dealt to c8e3b23f 
Dealt to Hero [8h 4h]
Dealt to 1895f7a 
c8e3b23f: folds
Hero: folds
1895f7a: folds
7a510511: folds
4daba5fe: raises $0.1 to $0.15
83f1351: folds
Uncalled bet ($0.1) returned to 4daba5fe
*** SHOWDOWN ***
4daba5fe collected $0.1 from pot
*** SUMMARY ***
Total pot $0.1 | Rake $0 | Jackpot $0 | Bingo $0 | Fortune $0
Seat 1: 7a510511 (button) folded before Flop (didn't bet)
Seat 2: 4daba5fe (small blind) collected ($0.1)
Seat 3: 83f1351 (big blind) folded before Flop
Seat 4: c8e3b23f folded before Flop (didn't bet)
Seat 5: Hero folded before Flop (didn't bet)
Seat 6: 1895f7a folded before Flop (didn't bet)


Poker Hand #HD1164586181: Hold'em No Limit  ($0.02/$0.05) - 2023/03/17 19:27:41
Table 'NLHBlue107' 6-max Seat #6 is the button
Seat 1: 7a510511 ($1.32 in chips)
Seat 2: 4daba5fe ($8.44 in chips)
Seat 3: 83f1351 ($5.25 in chips)
Seat 4: c8e3b23f ($5.29 in chips)
Seat 5: Hero ($5.4 in chips)
Seat 6: 1895f7a ($2.26 in chips)
7a510511: posts small blind $0.02
4daba5fe: posts big blind $0.05
*** HOLE CARDS ***
Dealt to 7a510511 
Dealt to 4daba5fe 
Dealt to 83f1351 
Dealt to c8e3b23f 
Dealt to Hero [3c 5d]
Dealt to 1895f7a 
83f1351: folds
c8e3b23f: raises $0.1 to $0.15
Hero: folds
1895f7a: folds
7a510511: folds
4daba5fe: calls $0.1
*** FLOP *** [9h 4d 7h]
4daba5fe: checks
c8e3b23f: bets $0.16
4daba5fe: folds
Uncalled bet ($0.16) returned to c8e3b23f
*** SHOWDOWN ***
c8e3b23f collected $0.31 from pot
*** SUMMARY ***
Total pot $0.32 | Rake $0.01 | Jackpot $0 | Bingo $0 | Fortune $0
Board [9h 4d 7h]
Seat 1: 7a510511 (small blind) folded before Flop
Seat 2: 4daba5fe (big blind) folded on the Flop
Seat 3: 83f1351 folded before Flop (didn't bet)
Seat 4: c8e3b23f won ($0.31)
Seat 5: Hero folded before Flop (didn't bet)
Seat 6: 1895f7a (button) folded before Flop (didn't bet)


Poker Hand #HD1164586129: Hold'em No Limit  ($0.02/$0.05) - 2023/03/17 19:27:21
Table 'NLHBlue107' 6-max Seat #5 is the button
Seat 1: 7a510511 ($1.37 in chips)
Seat 2: 4daba5fe ($8.44 in chips)
Seat 3: 83f1351 ($5.25 in chips)
Seat 4: c8e3b23f ($5.29 in chips)
Seat 5: Hero ($5.4 in chips)
Seat 6: 1895f7a ($2.21 in chips)
1895f7a: posts small blind $0.02
7a510511: posts big blind $0.05
*** HOLE CARDS ***
Dealt to 7a510511 
Dealt to 4daba5fe 
Dealt to 83f1351 
Dealt to c8e3b23f 
Dealt to Hero [4h Ts]
Dealt to 1895f7a 
4daba5fe: folds
83f1351: folds
c8e3b23f: folds
Hero: folds
1895f7a: raises $0.07 to $0.12
7a510511: folds
Uncalled bet ($0.07) returned to 1895f7a
*** SHOWDOWN ***
1895f7a collected $0.1 from pot
*** SUMMARY ***
Total pot $0.1 | Rake $0 | Jackpot $0 | Bingo $0 | Fortune $0
Seat 1: 7a510511 (big blind) folded before Flop
Seat 2: 4daba5fe folded before Flop (didn't bet)
Seat 3: 83f1351 folded before Flop (didn't bet)
Seat 4: c8e3b23f folded before Flop (didn't bet)
Seat 5: Hero (button) folded before Flop (didn't bet)
Seat 6: 1895f7a (small blind) collected ($0.1)


Poker Hand #HD1164585956: Hold'em No Limit  ($0.02/$0.05) - 2023/03/17 19:26:07
Table 'NLHBlue107' 6-max Seat #4 is the button
Seat 1: 7a510511 ($1.37 in chips)
Seat 2: 4daba5fe ($7.87 in chips)
Seat 3: 83f1351 ($5.25 in chips)
Seat 4: c8e3b23f ($5.74 in chips)
Seat 5: Hero ($5.42 in chips)
Seat 6: 1895f7a ($2.36 in chips)
Hero: posts small blind $0.02
1895f7a: posts big blind $0.05
*** HOLE CARDS ***
Dealt to 7a510511 
Dealt to 4daba5fe 
Dealt to 83f1351 
Dealt to c8e3b23f 
Dealt to Hero [7s 2h]
Dealt to 1895f7a 
7a510511: folds
4daba5fe: raises $0.1 to $0.15
83f1351: folds
c8e3b23f: calls $0.15
Hero: folds
1895f7a: calls $0.1
*** FLOP *** [Ks Qd 9h]
1895f7a: checks
4daba5fe: checks
c8e3b23f: bets $0.3
1895f7a: folds
4daba5fe: calls $0.3
*** TURN *** [Ks Qd 9h] [9s]
4daba5fe: checks
c8e3b23f: checks
*** RIVER *** [Ks Qd 9h 9s] [8h]
4daba5fe: bets $0.71
c8e3b23f: folds
Uncalled bet ($0.71) returned to 4daba5fe
*** SHOWDOWN ***
4daba5fe collected $1.02 from pot
*** SUMMARY ***
Total pot $1.07 | Rake $0.05 | Jackpot $0 | Bingo $0 | Fortune $0
Board [Ks Qd 9h 9s 8h]
Seat 1: 7a510511 folded before Flop (didn't bet)
Seat 2: 4daba5fe won ($1.02)
Seat 3: 83f1351 folded before Flop (didn't bet)
Seat 4: c8e3b23f (button) folded on the River
Seat 5: Hero (small blind) folded before Flop
Seat 6: 1895f7a (big blind) folded on the Flop


Poker Hand #HD1164585896: Hold'em No Limit  ($0.02/$0.05) - 2023/03/17 19:25:40
Table 'NLHBlue107' 6-max Seat #3 is the button
Seat 1: 7a510511 ($1.37 in chips)
Seat 2: 4daba5fe ($7.87 in chips)
Seat 3: 83f1351 ($5.25 in chips)
Seat 4: c8e3b23f ($5.58 in chips)
Seat 5: Hero ($5.59 in chips)
Seat 6: 1895f7a ($2.36 in chips)
c8e3b23f: posts small blind $0.02
Hero: posts big blind $0.05
*** HOLE CARDS ***
Dealt to 7a510511 
Dealt to 4daba5fe 
Dealt to 83f1351 
Dealt to c8e3b23f 
Dealt to Hero [Ts Qd]
Dealt to 1895f7a 
1895f7a: folds
7a510511: folds
4daba5fe: folds
83f1351: folds
c8e3b23f: raises $0.12 to $0.17
Hero: calls $0.12
*** FLOP *** [Kc 7s 2h]
c8e3b23f: bets $0.17
Hero: folds
Uncalled bet ($0.17) returned to c8e3b23f
*** SHOWDOWN ***
c8e3b23f collected $0.33 from pot
*** SUMMARY ***
Total pot $0.34 | Rake $0.01 | Jackpot $0 | Bingo $0 | Fortune $0
Board [Kc 7s 2h]
Seat 1: 7a510511 folded before Flop (didn't bet)
Seat 2: 4daba5fe folded before Flop (didn't bet)
Seat 3: 83f1351 (button) folded before Flop (didn't bet)
Seat 4: c8e3b23f (small blind) won ($0.33)
Seat 5: Hero (big blind) folded on the Flop
Seat 6: 1895f7a folded before Flop (didn't bet)


Poker Hand #HD1164585881: Hold'em No Limit  ($0.02/$0.05) - 2023/03/17 19:25:31
Table 'NLHBlue107' 6-max Seat #2 is the button
Seat 1: 7a510511 ($1.37 in chips)
Seat 2: 4daba5fe ($7.87 in chips)
Seat 3: 83f1351 ($5.27 in chips)
Seat 4: c8e3b23f ($5.56 in chips)
Seat 5: Hero ($5.59 in chips)
Seat 6: 1895f7a ($2.36 in chips)
83f1351: posts small blind $0.02
c8e3b23f: posts big blind $0.05
*** HOLE CARDS ***
Dealt to 7a510511 
Dealt to 4daba5fe 
Dealt to 83f1351 
Dealt to c8e3b23f 
Dealt to Hero [2s 4s]
Dealt to 1895f7a 
Hero: folds
1895f7a: folds
7a510511: folds
4daba5fe: folds
83f1351: folds
Uncalled bet ($0.03) returned to c8e3b23f
*** SHOWDOWN ***
c8e3b23f collected $0.04 from pot
*** SUMMARY ***
Total pot $0.04 | Rake $0 | Jackpot $0 | Bingo $0 | Fortune $0
Seat 1: 7a510511 folded before Flop (didn't bet)
Seat 2: 4daba5fe (button) folded before Flop (didn't bet)
Seat 3: 83f1351 (small blind) folded before Flop
Seat 4: c8e3b23f (big blind) collected ($0.04)
Seat 5: Hero folded before Flop (didn't bet)
Seat 6: 1895f7a folded before Flop (didn't bet)


Poker Hand #HD1164585849: Hold'em No Limit  ($0.02/$0.05) - 2023/03/17 19:25:17
Table 'NLHBlue107' 6-max Seat #1 is the button
Seat 1: 7a510511 ($1.37 in chips)
Seat 2: 4daba5fe ($7.82 in chips)
Seat 3: 83f1351 ($5.32 in chips)
Seat 4: c8e3b23f ($5.56 in chips)
Seat 5: Hero ($5.59 in chips)
Seat 6: 1895f7a ($2.36 in chips)
4daba5fe: posts small blind $0.02
83f1351: posts big blind $0.05
*** HOLE CARDS ***
Dealt to 7a510511 
Dealt to 4daba5fe 
Dealt to 83f1351 
Dealt to c8e3b23f 
Dealt to Hero [6d Ts]
Dealt to 1895f7a 
c8e3b23f: folds
Hero: folds
1895f7a: folds
7a510511: folds
4daba5fe: raises $0.1 to $0.15
83f1351: folds
Uncalled bet ($0.1) returned to 4daba5fe
*** SHOWDOWN ***
4daba5fe collected $0.1 from pot
*** SUMMARY ***
Total pot $0.1 | Rake $0 | Jackpot $0 | Bingo $0 | Fortune $0
Seat 1: 7a510511 (button) folded before Flop (didn't bet)
Seat 2: 4daba5fe (small blind) collected ($0.1)
Seat 3: 83f1351 (big blind) folded before Flop
Seat 4: c8e3b23f folded before Flop (didn't bet)
Seat 5: Hero folded before Flop (didn't bet)
Seat 6: 1895f7a folded before Flop (didn't bet)


Poker Hand #HD1164585721: Hold'em No Limit  ($0.02/$0.05) - 2023/03/17 19:24:25
Table 'NLHBlue107' 6-max Seat #6 is the button
Seat 1: 7a510511 ($1.97 in chips)
Seat 2: 4daba5fe ($7.87 in chips)
Seat 3: 83f1351 ($5.32 in chips)
Seat 4: c8e3b23f ($5.56 in chips)
Seat 5: Hero ($5 in chips)
Seat 6: 1895f7a ($2.36 in chips)
7a510511: posts small blind $0.02
4daba5fe: posts big blind $0.05
*** HOLE CARDS ***
Dealt to 7a510511 
Dealt to 4daba5fe 
Dealt to 83f1351 
Dealt to c8e3b23f 
Dealt to Hero [Jh Kd]
Dealt to 1895f7a 
83f1351: folds
c8e3b23f: folds
Hero: raises $0.07 to $0.12
1895f7a: folds
7a510511: raises $0.22 to $0.34
4daba5fe: folds
Hero: calls $0.22
*** FLOP *** [9d Qd Js]
7a510511: bets $0.26
Hero: calls $0.26
*** TURN *** [9d Qd Js] [9c]
7a510511: checks
Hero: bets $0.42
7a510511: folds
Uncalled bet ($0.42) returned to Hero
*** SHOWDOWN ***
Hero collected $1.19 from pot
*** SUMMARY ***
Total pot $1.25 | Rake $0.06 | Jackpot $0 | Bingo $0 | Fortune $0
Board [9d Qd Js 9c]
Seat 1: 7a510511 (small blind) folded on the Turn
Seat 2: 4daba5fe (big blind) folded before Flop
Seat 3: 83f1351 folded before Flop (didn't bet)
Seat 4: c8e3b23f folded before Flop (didn't bet)
Seat 5: Hero won ($1.19)
Seat 6: 1895f7a (button) folded before Flop (didn't bet)


Poker Hand #HD1164585689: Hold'em No Limit  ($0.02/$0.05) - 2023/03/17 19:24:10
Table 'NLHBlue107' 6-max Seat #5 is the button
Seat 1: 7a510511 ($2.02 in chips)
Seat 2: 4daba5fe ($7.8 in chips)
Seat 3: 83f1351 ($5.32 in chips)
Seat 4: c8e3b23f ($5.56 in chips)
Seat 5: Hero ($5 in chips)
Seat 6: 1895f7a ($2.38 in chips)
1895f7a: posts small blind $0.02
7a510511: posts big blind $0.05
*** HOLE CARDS ***
Dealt to 7a510511 
Dealt to 4daba5fe 
Dealt to 83f1351 
Dealt to c8e3b23f 
Dealt to Hero [Jh 3s]
Dealt to 1895f7a 
4daba5fe: raises $0.1 to $0.15
83f1351: folds
c8e3b23f: folds
Hero: folds
1895f7a: folds
7a510511: folds
Uncalled bet ($0.1) returned to 4daba5fe
*** SHOWDOWN ***
4daba5fe collected $0.12 from pot
*** SUMMARY ***
Total pot $0.12 | Rake $0 | Jackpot $0 | Bingo $0 | Fortune $0
Seat 1: 7a510511 (big blind) folded before Flop
Seat 2: 4daba5fe collected ($0.12)
Seat 3: 83f1351 folded before Flop (didn't bet)
Seat 4: c8e3b23f folded before Flop (didn't bet)
Seat 5: Hero (button) folded before Flop (didn't bet)
Seat 6: 1895f7a (small blind) folded before Flop


Poker Hand #HD1164495594: Hold'em No Limit  ($0.02/$0.05) - 2023/03/17 19:23:35
Table 'NLHBlue107' 6-max Seat #4 is the button
Seat 1: 7a510511 ($2.02 in chips)
Seat 2: 4daba5fe ($7.8 in chips)
Seat 3: 83f1351 ($5.19 in chips)
Seat 4: c8e3b23f ($5.56 in chips)
Seat 5: Hero ($5 in chips)
Seat 6: 1895f7a ($2.5 in chips)
Hero: posts small blind $0.02
1895f7a: posts big blind $0.05
*** HOLE CARDS ***
Dealt to 7a510511 
Dealt to 4daba5fe 
Dealt to 83f1351 
Dealt to c8e3b23f 
Dealt to Hero [3d Jc]
Dealt to 1895f7a 
7a510511: folds
4daba5fe: folds
83f1351: raises $0.07 to $0.12
c8e3b23f: folds
Hero: folds
1895f7a: calls $0.07
*** FLOP *** [5s 9d Th]
1895f7a: checks
83f1351: bets $0.09
1895f7a: folds
Uncalled bet ($0.09) returned to 83f1351
*** SHOWDOWN ***
83f1351 collected $0.25 from pot
*** SUMMARY ***
Total pot $0.26 | Rake $0.01 | Jackpot $0 | Bingo $0 | Fortune $0
Board [5s 9d Th]
Seat 1: 7a510511 folded before Flop (didn't bet)
Seat 2: 4daba5fe folded before Flop (didn't bet)
Seat 3: 83f1351 won ($0.25)
Seat 4: c8e3b23f (button) folded before Flop (didn't bet)
Seat 5: Hero (small blind) folded before Flop
Seat 6: 1895f7a (big blind) folded on the Flop


Poker Hand #HD1164495545: Hold'em No Limit  ($0.02/$0.05) - 2023/03/17 19:23:15
Table 'NLHBlue107' 6-max Seat #3 is the button
Seat 1: 7a510511 ($2.02 in chips)
Seat 2: 4daba5fe ($7.8 in chips)
Seat 3: 83f1351 ($5.19 in chips)
Seat 4: c8e3b23f ($5.51 in chips)
Seat 5: Hero ($5 in chips)
Seat 6: 1895f7a ($2.5 in chips)
c8e3b23f: posts small blind $0.02
Hero: posts big blind $0.05
*** HOLE CARDS ***
Dealt to 7a510511 
Dealt to 4daba5fe 
Dealt to 83f1351 
Dealt to c8e3b23f 
Dealt to Hero [6d Kh]
Dealt to 1895f7a 
1895f7a: folds
7a510511: folds
4daba5fe: folds
83f1351: folds
c8e3b23f: raises $0.12 to $0.17
Hero: folds
Uncalled bet ($0.12) returned to c8e3b23f
*** SHOWDOWN ***
c8e3b23f collected $0.1 from pot
*** SUMMARY ***
Total pot $0.1 | Rake $0 | Jackpot $0 | Bingo $0 | Fortune $0
Seat 1: 7a510511 folded before Flop (didn't bet)
Seat 2: 4daba5fe folded before Flop (didn't bet)
Seat 3: 83f1351 (button) folded before Flop (didn't bet)
Seat 4: c8e3b23f (small blind) collected ($0.1)
Seat 5: Hero (big blind) folded before Flop
Seat 6: 1895f7a folded before Flop (didn't bet)


