Poker Hand #HD1597675061: Hold'em No Limit ($0.02/$0.05) - 2024/01/20 18:53:57
Table 'NLHBlue125' 6-max Seat #2 is the button
Seat 1: 643169a0 ($5.75 in chips)
Seat 2: c4abf54d ($8.16 in chips)
Seat 3: 70ac9410 ($7.47 in chips)
Seat 4: 843c09 ($3.88 in chips)
Seat 5: Hero ($5.69 in chips)
Seat 6: 5dbcf432 ($4.71 in chips)
70ac9410: posts small blind $0.02
843c09: posts big blind $0.05
*** HOLE CARDS ***
Dealt to 643169a0 
Dealt to c4abf54d 
Dealt to 70ac9410 
Dealt to 843c09 
Dealt to Hero [Qs As]
Dealt to 5dbcf432 
Hero: raises $0.07 to $0.12
5dbcf432: folds
643169a0: folds
c4abf54d: calls $0.12
70ac9410: folds
843c09: folds
*** FLOP *** [Kc 4c 4s]
Hero: bets $0.18
c4abf54d: calls $0.18
*** TURN *** [Kc 4c 4s] [4h]
Hero: bets $0.37
c4abf54d: folds
Uncalled bet ($0.37) returned to Hero
*** SHOWDOWN ***
Hero collected $0.64 from pot
*** SUMMARY ***
Total pot $0.67 | Rake $0.03 | Jackpot $0 | Bingo $0 | Fortune $0 | Tax $0
Board [Kc 4c 4s 4h]
Seat 1: 643169a0 folded before Flop (didn't bet)
Seat 2: c4abf54d (button) folded on the Turn
Seat 3: 70ac9410 (small blind) folded before Flop
Seat 4: 843c09 (big blind) folded before Flop
Seat 5: Hero won ($0.64)
Seat 6: 5dbcf432 folded before Flop (didn't bet)


Poker Hand #HD1597675035: Hold'em No Limit ($0.02/$0.05) - 2024/01/20 18:53:41
Table 'NLHBlue125' 6-max Seat #1 is the button
Seat 1: 643169a0 ($5.75 in chips)
Seat 2: c4abf54d ($8.18 in chips)
Seat 3: 70ac9410 ($7.52 in chips)
Seat 4: 843c09 ($3.81 in chips)
Seat 5: Hero ($5.69 in chips)
Seat 6: 5dbcf432 ($4.71 in chips)
c4abf54d: posts small blind $0.02
70ac9410: posts big blind $0.05
*** HOLE CARDS ***
Dealt to 643169a0 
Dealt to c4abf54d 
Dealt to 70ac9410 
Dealt to 843c09 
Dealt to Hero [Td Ac]
Dealt to 5dbcf432 
843c09: raises $0.05 to $0.1
Hero: folds
5dbcf432: folds
643169a0: folds
c4abf54d: folds
70ac9410: folds
Uncalled bet ($0.05) returned to 843c09
*** SHOWDOWN ***
843c09 collected $0.12 from pot
*** SUMMARY ***
Total pot $0.12 | Rake $0 | Jackpot $0 | Bingo $0 | Fortune $0 | Tax $0
Seat 1: 643169a0 (button) folded before Flop (didn't bet)
Seat 2: c4abf54d (small blind) folded before Flop
Seat 3: 70ac9410 (big blind) folded before Flop
Seat 4: 843c09 collected ($0.12)
Seat 5: Hero folded before Flop (didn't bet)
Seat 6: 5dbcf432 folded before Flop (didn't bet)


Poker Hand #HD1597674966: Hold'em No Limit ($0.02/$0.05) - 2024/01/20 18:52:59
Table 'NLHBlue125' 6-max Seat #6 is the button
Seat 1: 643169a0 ($5.77 in chips)
Seat 2: c4abf54d ($8.07 in chips)
Seat 3: 70ac9410 ($7.52 in chips)
Seat 4: 843c09 ($3.81 in chips)
Seat 5: Hero ($5.69 in chips)
Seat 6: 5dbcf432 ($4.81 in chips)
643169a0: posts small blind $0.02
c4abf54d: posts big blind $0.05
*** HOLE CARDS ***
Dealt to 643169a0 
Dealt to c4abf54d 
Dealt to 70ac9410 
Dealt to 843c09 
Dealt to Hero [6d 3c]
Dealt to 5dbcf432 
70ac9410: folds
843c09: folds
Hero: folds
5dbcf432: raises $0.05 to $0.1
643169a0: folds
c4abf54d: raises $0.2 to $0.3
5dbcf432: folds
Uncalled bet ($0.2) returned to c4abf54d
*** SHOWDOWN ***
c4abf54d collected $0.21 from pot
*** SUMMARY ***
Total pot $0.22 | Rake $0.01 | Jackpot $0 | Bingo $0 | Fortune $0 | Tax $0
Seat 1: 643169a0 (small blind) folded before Flop
Seat 2: c4abf54d (big blind) collected ($0.21)
Seat 3: 70ac9410 folded before Flop (didn't bet)
Seat 4: 843c09 folded before Flop (didn't bet)
Seat 5: Hero folded before Flop (didn't bet)
Seat 6: 5dbcf432 (button) folded before Flop


Poker Hand #HD1597674807: Hold'em No Limit ($0.02/$0.05) - 2024/01/20 18:51:13
Table 'NLHBlue125' 6-max Seat #5 is the button
Seat 1: 643169a0 ($7.83 in chips)
Seat 2: c4abf54d ($8.58 in chips)
Seat 3: 70ac9410 ($5.21 in chips)
Seat 4: 843c09 ($3.81 in chips)
Seat 5: Hero ($5.69 in chips)
Seat 6: 5dbcf432 ($4.83 in chips)
5dbcf432: posts small blind $0.02
643169a0: posts big blind $0.05
*** HOLE CARDS ***
Dealt to 643169a0 
Dealt to c4abf54d 
Dealt to 70ac9410 
Dealt to 843c09 
Dealt to Hero [2c 4s]
Dealt to 5dbcf432 
c4abf54d: raises $0.05 to $0.1
70ac9410: calls $0.1
843c09: folds
Hero: folds
5dbcf432: folds
643169a0: calls $0.05
*** FLOP *** [7s Ts Jc]
643169a0: checks
c4abf54d: bets $0.1
70ac9410: calls $0.1
643169a0: calls $0.1
*** TURN *** [7s Ts Jc] [Ks]
643169a0: checks
c4abf54d: bets $0.31
70ac9410: calls $0.31
643169a0: calls $0.31
*** RIVER *** [7s Ts Jc Ks] [Ah]
643169a0: checks
c4abf54d: checks
70ac9410: bets $1.55
643169a0: calls $1.55
c4abf54d: folds
70ac9410: shows [5s As] (Ace High Flush)
643169a0: shows [8d Qd] (Aces-High Straight)
*** SHOWDOWN ***
70ac9410 collected $4.37 from pot
*** SUMMARY ***
Total pot $4.65 | Rake $0.23 | Jackpot $0.05 | Bingo $0 | Fortune $0 | Tax $0
Board [7s Ts Jc Ks Ah]
Seat 1: 643169a0 (big blind) showed [8d Qd] and lost with Aces-High Straight
Seat 2: c4abf54d folded on the River
Seat 3: 70ac9410 showed [5s As] and won ($4.37) with Ace High Flush
Seat 4: 843c09 folded before Flop (didn't bet)
Seat 5: Hero (button) folded before Flop (didn't bet)
Seat 6: 5dbcf432 (small blind) folded before Flop


Poker Hand #HD1597674672: Hold'em No Limit ($0.02/$0.05) - 2024/01/20 18:49:49
Table 'NLHBlue125' 6-max Seat #4 is the button
Seat 1: 643169a0 ($7.83 in chips)
Seat 2: c4abf54d ($8.58 in chips)
Seat 3: 70ac9410 ($5.21 in chips)
Seat 4: 843c09 ($3.81 in chips)
Seat 5: Hero ($5.06 in chips)
Seat 6: 5dbcf432 ($5 in chips)
Hero: posts small blind $0.02
5dbcf432: posts big blind $0.05
*** HOLE CARDS ***
Dealt to 643169a0 
Dealt to c4abf54d 
Dealt to 70ac9410 
Dealt to 843c09 
Dealt to Hero [5c 5h]
Dealt to 5dbcf432 
643169a0: folds
c4abf54d: folds
70ac9410: folds
843c09: folds
Hero: raises $0.09 to $0.14
5dbcf432: calls $0.09
*** FLOP *** [4d 6h 3s]
Hero: bets $0.16
5dbcf432: raises $0.45 to $0.61
Hero: calls $0.45
*** TURN *** [4d 6h 3s] [2h]
Hero: checks
5dbcf432: checks
*** RIVER *** [4d 6h 3s 2h] [Ks]
Hero: bets $0.83
5dbcf432: folds
Uncalled bet ($0.83) returned to Hero
*** SHOWDOWN ***
Hero collected $1.38 from pot
*** SUMMARY ***
Total pot $1.5 | Rake $0.07 | Jackpot $0.05 | Bingo $0 | Fortune $0 | Tax $0
Board [4d 6h 3s 2h Ks]
Seat 1: 643169a0 folded before Flop (didn't bet)
Seat 2: c4abf54d folded before Flop (didn't bet)
Seat 3: 70ac9410 folded before Flop (didn't bet)
Seat 4: 843c09 (button) folded before Flop (didn't bet)
Seat 5: Hero (small blind) won ($1.38)
Seat 6: 5dbcf432 (big blind) folded on the River


Poker Hand #HD1597674604: Hold'em No Limit ($0.02/$0.05) - 2024/01/20 18:49:03
Table 'NLHBlue125' 6-max Seat #3 is the button
Seat 1: 643169a0 ($7.83 in chips)
Seat 2: c4abf54d ($8.58 in chips)
Seat 3: 70ac9410 ($5.21 in chips)
Seat 4: 843c09 ($3.54 in chips)
Seat 5: Hero ($5.36 in chips)
Seat 6: 5dbcf432 ($5 in chips)
843c09: posts small blind $0.02
Hero: posts big blind $0.05
*** HOLE CARDS ***
Dealt to 643169a0 
Dealt to c4abf54d 
Dealt to 70ac9410 
Dealt to 843c09 
Dealt to Hero [Jd Th]
Dealt to 5dbcf432 
5dbcf432: folds
643169a0: folds
c4abf54d: folds
70ac9410: folds
843c09: raises $0.1 to $0.15
Hero: calls $0.1
*** FLOP *** [8c 6c 7s]
843c09: bets $0.15
Hero: calls $0.15
*** TURN *** [8c 6c 7s] [Qs]
843c09: bets $0.45
Hero: folds
Uncalled bet ($0.45) returned to 843c09
*** SHOWDOWN ***
843c09 collected $0.57 from pot
*** SUMMARY ***
Total pot $0.6 | Rake $0.03 | Jackpot $0 | Bingo $0 | Fortune $0 | Tax $0
Board [8c 6c 7s Qs]
Seat 1: 643169a0 folded before Flop (didn't bet)
Seat 2: c4abf54d folded before Flop (didn't bet)
Seat 3: 70ac9410 (button) folded before Flop (didn't bet)
Seat 4: 843c09 (small blind) won ($0.57)
Seat 5: Hero (big blind) folded on the Turn
Seat 6: 5dbcf432 folded before Flop (didn't bet)


Poker Hand #HD1597674495: Hold'em No Limit ($0.02/$0.05) - 2024/01/20 18:47:51
Table 'NLHBlue125' 6-max Seat #2 is the button
Seat 1: 643169a0 ($6.81 in chips)
Seat 2: c4abf54d ($8.58 in chips)
Seat 3: 70ac9410 ($5.23 in chips)
Seat 4: 843c09 ($3.66 in chips)
Seat 5: Hero ($6.39 in chips)
Seat 6: 5dbcf432 ($5 in chips)
70ac9410: posts small blind $0.02
843c09: posts big blind $0.05
*** HOLE CARDS ***
Dealt to 643169a0 
Dealt to c4abf54d 
Dealt to 70ac9410 
Dealt to 843c09 
Dealt to Hero [9c 9h]
Dealt to 5dbcf432 
Hero: raises $0.07 to $0.12
5dbcf432: folds
643169a0: calls $0.12
c4abf54d: folds
70ac9410: folds
843c09: calls $0.07
*** FLOP *** [6h 6c 3c]
843c09: checks
Hero: bets $0.33
643169a0: calls $0.33
843c09: folds
*** TURN *** [6h 6c 3c] [5d]
Hero: bets $0.58
643169a0: raises $1.1 to $1.68
Hero: folds
Uncalled bet ($1.1) returned to 643169a0
*** SHOWDOWN ***
643169a0 collected $2.05 from pot
*** SUMMARY ***
Total pot $2.2 | Rake $0.1 | Jackpot $0.05 | Bingo $0 | Fortune $0 | Tax $0
Board [6h 6c 3c 5d]
Seat 1: 643169a0 won ($2.05)
Seat 2: c4abf54d (button) folded before Flop (didn't bet)
Seat 3: 70ac9410 (small blind) folded before Flop
Seat 4: 843c09 (big blind) folded on the Flop
Seat 5: Hero folded on the Turn
Seat 6: 5dbcf432 folded before Flop (didn't bet)


Poker Hand #HD1597674400: Hold'em No Limit ($0.02/$0.05) - 2024/01/20 18:46:48
Table 'NLHBlue125' 6-max Seat #1 is the button
Seat 1: 643169a0 ($6.81 in chips)
Seat 2: c4abf54d ($8.7 in chips)
Seat 3: 70ac9410 ($5 in chips)
Seat 4: 843c09 ($3.66 in chips)
Seat 5: Hero ($6.51 in chips)
Seat 6: 5dbcf432 ($5 in chips)
c4abf54d: posts small blind $0.02
70ac9410: posts big blind $0.05
*** HOLE CARDS ***
Dealt to 643169a0 
Dealt to c4abf54d 
Dealt to 70ac9410 
Dealt to 843c09 
Dealt to Hero [Qs Kh]
Dealt to 5dbcf432 
843c09: folds
Hero: raises $0.07 to $0.12
5dbcf432: folds
643169a0: folds
c4abf54d: calls $0.1
70ac9410: calls $0.07
*** FLOP *** [3d 7h 5s]
c4abf54d: checks
70ac9410: checks
Hero: checks
*** TURN *** [3d 7h 5s] [3h]
c4abf54d: checks
70ac9410: bets $0.18
Hero: folds
c4abf54d: folds
Uncalled bet ($0.18) returned to 70ac9410
*** SHOWDOWN ***
70ac9410 collected $0.35 from pot
*** SUMMARY ***
Total pot $0.36 | Rake $0.01 | Jackpot $0 | Bingo $0 | Fortune $0 | Tax $0
Board [3d 7h 5s 3h]
Seat 1: 643169a0 (button) folded before Flop (didn't bet)
Seat 2: c4abf54d (small blind) folded on the Turn
Seat 3: 70ac9410 (big blind) won ($0.35)
Seat 4: 843c09 folded before Flop (didn't bet)
Seat 5: Hero folded on the Turn
Seat 6: 5dbcf432 folded before Flop (didn't bet)


Poker Hand #HD1597674373: Hold'em No Limit ($0.02/$0.05) - 2024/01/20 18:46:33
Table 'NLHBlue125' 6-max Seat #6 is the button
Seat 1: 643169a0 ($6.83 in chips)
Seat 2: c4abf54d ($8.68 in chips)
Seat 3: 70ac9410 ($5 in chips)
Seat 4: 843c09 ($3.66 in chips)
Seat 5: Hero ($6.51 in chips)
Seat 6: 5dbcf432 ($5 in chips)
643169a0: posts small blind $0.02
c4abf54d: posts big blind $0.05
*** HOLE CARDS ***
Dealt to 643169a0 
Dealt to c4abf54d 
Dealt to 70ac9410 
Dealt to 843c09 
Dealt to Hero [6d 4d]
Dealt to 5dbcf432 
70ac9410: folds
843c09: folds
Hero: folds
5dbcf432: folds
643169a0: folds
Uncalled bet ($0.03) returned to c4abf54d
*** SHOWDOWN ***
c4abf54d collected $0.04 from pot
*** SUMMARY ***
Total pot $0.04 | Rake $0 | Jackpot $0 | Bingo $0 | Fortune $0 | Tax $0
Seat 1: 643169a0 (small blind) folded before Flop
Seat 2: c4abf54d (big blind) collected ($0.04)
Seat 3: 70ac9410 folded before Flop (didn't bet)
Seat 4: 843c09 folded before Flop (didn't bet)
Seat 5: Hero folded before Flop (didn't bet)
Seat 6: 5dbcf432 (button) folded before Flop (didn't bet)


Poker Hand #HD1597674290: Hold'em No Limit ($0.02/$0.05) - 2024/01/20 18:45:39
Table 'NLHBlue125' 6-max Seat #5 is the button
Seat 1: 643169a0 ($6.88 in chips)
Seat 3: 70ac9410 ($5 in chips)
Seat 4: 843c09 ($3.66 in chips)
Seat 5: Hero ($5.33 in chips)
Seat 6: 5dbcf432 ($5.3 in chips)
5dbcf432: posts small blind $0.02
643169a0: posts big blind $0.05
*** HOLE CARDS ***
Dealt to 643169a0 
Dealt to 70ac9410 
Dealt to 843c09 
Dealt to Hero [9s 9c]
Dealt to 5dbcf432 
70ac9410: folds
843c09: folds
Hero: raises $0.07 to $0.12
5dbcf432: raises $0.39 to $0.51
643169a0: folds
Hero: calls $0.39
*** FLOP *** [5s 5c Kh]
5dbcf432: bets $0.25
Hero: calls $0.25
*** TURN *** [5s 5c Kh] [8h]
5dbcf432: bets $0.55
Hero: calls $0.55
*** RIVER *** [5s 5c Kh 8h] [7s]
5dbcf432: checks
Hero: checks
5dbcf432: shows [Qd Ac] (Pair of Fives)
Hero: shows [9s 9c] (Pair of Nines and Pair of Fives)
*** SHOWDOWN ***
Hero collected $2.49 from pot
*** SUMMARY ***
Total pot $2.67 | Rake $0.13 | Jackpot $0.05 | Bingo $0 | Fortune $0 | Tax $0
Board [5s 5c Kh 8h 7s]
Seat 1: 643169a0 (big blind) folded before Flop
Seat 3: 70ac9410 folded before Flop (didn't bet)
Seat 4: 843c09 folded before Flop (didn't bet)
Seat 5: Hero (button) showed [9s 9c] and won ($2.49) with Pair of Nines and Pair of Fives
Seat 6: 5dbcf432 (small blind) showed [Qd Ac] and lost with Pair of Fives


Poker Hand #HD1597674277: Hold'em No Limit ($0.02/$0.05) - 2024/01/20 18:45:29
Table 'NLHBlue125' 6-max Seat #4 is the button
Seat 1: 643169a0 ($6.88 in chips)
Seat 3: 70ac9410 ($5 in chips)
Seat 4: 843c09 ($3.59 in chips)
Seat 5: Hero ($5.35 in chips)
Seat 6: 5dbcf432 ($5.35 in chips)
Hero: posts small blind $0.02
5dbcf432: posts big blind $0.05
*** HOLE CARDS ***
Dealt to 643169a0 
Dealt to 70ac9410 
Dealt to 843c09 
Dealt to Hero [4s Jh]
Dealt to 5dbcf432 
643169a0: folds
70ac9410: folds
843c09: raises $0.08 to $0.13
Hero: folds
5dbcf432: folds
Uncalled bet ($0.08) returned to 843c09
*** SHOWDOWN ***
843c09 collected $0.12 from pot
*** SUMMARY ***
Total pot $0.12 | Rake $0 | Jackpot $0 | Bingo $0 | Fortune $0 | Tax $0
Seat 1: 643169a0 folded before Flop (didn't bet)
Seat 3: 70ac9410 folded before Flop (didn't bet)
Seat 4: 843c09 (button) collected ($0.12)
Seat 5: Hero (small blind) folded before Flop
Seat 6: 5dbcf432 (big blind) folded before Flop


Poker Hand #HD1597674224: Hold'em No Limit ($0.02/$0.05) - 2024/01/20 18:44:52
Table 'NLHBlue125' 6-max Seat #3 is the button
Seat 1: 643169a0 ($6.64 in chips)
Seat 3: 70ac9410 ($5 in chips)
Seat 4: 843c09 ($3.69 in chips)
Seat 5: Hero ($5.4 in chips)
Seat 6: 5dbcf432 ($5.35 in chips)
843c09: posts small blind $0.02
Hero: posts big blind $0.05
*** HOLE CARDS ***
Dealt to 643169a0 
Dealt to 70ac9410 
Dealt to 843c09 
Dealt to Hero [Td 8h]
Dealt to 5dbcf432 
5dbcf432: folds
643169a0: raises $0.05 to $0.1
70ac9410: calls $0.1
843c09: calls $0.08
Hero: folds
*** FLOP *** [5d Kd Qh]
843c09: checks
643169a0: checks
70ac9410: checks
*** TURN *** [5d Kd Qh] [Ts]
843c09: checks
643169a0: bets $0.18
70ac9410: folds
843c09: folds
Uncalled bet ($0.18) returned to 643169a0
*** SHOWDOWN ***
643169a0 collected $0.34 from pot
*** SUMMARY ***
Total pot $0.35 | Rake $0.01 | Jackpot $0 | Bingo $0 | Fortune $0 | Tax $0
Board [5d Kd Qh Ts]
Seat 1: 643169a0 won ($0.34)
Seat 3: 70ac9410 (button) folded on the Turn
Seat 4: 843c09 (small blind) folded on the Turn
Seat 5: Hero (big blind) folded before Flop
Seat 6: 5dbcf432 folded before Flop (didn't bet)


Poker Hand #HD1597674163: Hold'em No Limit ($0.02/$0.05) - 2024/01/20 18:44:07
Table 'NLHBlue125' 6-max Seat #1 is the button
Seat 1: 643169a0 ($6.64 in chips)
Seat 3: 70ac9410 ($5.02 in chips)
Seat 4: 843c09 ($3.24 in chips)
Seat 5: Hero ($5.4 in chips)
Seat 6: 5dbcf432 ($5.35 in chips)
70ac9410: posts small blind $0.02
843c09: posts big blind $0.05
*** HOLE CARDS ***
Dealt to 643169a0 
Dealt to 70ac9410 
Dealt to 843c09 
Dealt to Hero [As 5d]
Dealt to 5dbcf432 
Hero: folds
5dbcf432: folds
643169a0: folds
70ac9410: raises $0.1 to $0.15
843c09: calls $0.1
*** FLOP *** [8d 6s Ad]
70ac9410: bets $0.1
843c09: calls $0.1
*** TURN *** [8d 6s Ad] [9h]
70ac9410: bets $0.25
843c09: calls $0.25
*** RIVER *** [8d 6s Ad 9h] [2d]
70ac9410: checks
843c09: bets $0.75
70ac9410: folds
Uncalled bet ($0.75) returned to 843c09
*** SHOWDOWN ***
843c09 collected $0.95 from pot
*** SUMMARY ***
Total pot $1 | Rake $0.05 | Jackpot $0 | Bingo $0 | Fortune $0 | Tax $0
Board [8d 6s Ad 9h 2d]
Seat 1: 643169a0 (button) folded before Flop (didn't bet)
Seat 3: 70ac9410 (small blind) folded on the River
Seat 4: 843c09 (big blind) won ($0.95)
Seat 5: Hero folded before Flop (didn't bet)
Seat 6: 5dbcf432 folded before Flop (didn't bet)


Poker Hand #HD1597674138: Hold'em No Limit ($0.02/$0.05) - 2024/01/20 18:43:42
Table 'NLHBlue125' 6-max Seat #6 is the button
Seat 1: 643169a0 ($6.66 in chips)
Seat 3: 70ac9410 ($5.07 in chips)
Seat 4: 843c09 ($3.17 in chips)
Seat 5: Hero ($5.4 in chips)
Seat 6: 5dbcf432 ($5.35 in chips)
643169a0: posts small blind $0.02
70ac9410: posts big blind $0.05
*** HOLE CARDS ***
Dealt to 643169a0 
Dealt to 70ac9410 
Dealt to 843c09 
Dealt to Hero [Jc 6d]
Dealt to 5dbcf432 
843c09: raises $0.05 to $0.1
Hero: folds
5dbcf432: folds
643169a0: folds
70ac9410: folds
Uncalled bet ($0.05) returned to 843c09
*** SHOWDOWN ***
843c09 collected $0.12 from pot
*** SUMMARY ***
Total pot $0.12 | Rake $0 | Jackpot $0 | Bingo $0 | Fortune $0 | Tax $0
Seat 1: 643169a0 (small blind) folded before Flop
Seat 3: 70ac9410 (big blind) folded before Flop
Seat 4: 843c09 collected ($0.12)
Seat 5: Hero folded before Flop (didn't bet)
Seat 6: 5dbcf432 (button) folded before Flop (didn't bet)


Poker Hand #HD1597674113: Hold'em No Limit ($0.02/$0.05) - 2024/01/20 18:43:31
Table 'NLHBlue125' 6-max Seat #5 is the button
Seat 1: 643169a0 ($6.71 in chips)
Seat 3: 70ac9410 ($5 in chips)
Seat 4: 843c09 ($3.17 in chips)
Seat 5: Hero ($5.4 in chips)
Seat 6: 5dbcf432 ($5.37 in chips)
5dbcf432: posts small blind $0.02
643169a0: posts big blind $0.05
*** HOLE CARDS ***
Dealt to 643169a0 
Dealt to 70ac9410 
Dealt to 843c09 
Dealt to Hero [8s Qh]
Dealt to 5dbcf432 
70ac9410: raises $0.1 to $0.15
843c09: folds
Hero: folds
5dbcf432: folds
643169a0: folds
Uncalled bet ($0.1) returned to 70ac9410
*** SHOWDOWN ***
70ac9410 collected $0.12 from pot
*** SUMMARY ***
Total pot $0.12 | Rake $0 | Jackpot $0 | Bingo $0 | Fortune $0 | Tax $0
Seat 1: 643169a0 (big blind) folded before Flop
Seat 3: 70ac9410 collected ($0.12)
Seat 4: 843c09 folded before Flop (didn't bet)
Seat 5: Hero (button) folded before Flop (didn't bet)
Seat 6: 5dbcf432 (small blind) folded before Flop


Poker Hand #HD1597674029: Hold'em No Limit ($0.02/$0.05) - 2024/01/20 18:42:41
Table 'NLHBlue125' 6-max Seat #4 is the button
Seat 1: 643169a0 ($5.8 in chips)
Seat 3: 70ac9410 ($5 in chips)
Seat 4: 843c09 ($4.15 in chips)
Seat 5: Hero ($5.42 in chips)
Seat 6: 5dbcf432 ($5.42 in chips)
Hero: posts small blind $0.02
5dbcf432: posts big blind $0.05
*** HOLE CARDS ***
Dealt to 643169a0 
Dealt to 70ac9410 
Dealt to 843c09 
Dealt to Hero [Ah 2h]
Dealt to 5dbcf432 
643169a0: raises $0.05 to $0.1
70ac9410: folds
843c09: raises $0.37 to $0.47
Hero: folds
5dbcf432: folds
643169a0: calls $0.37
*** FLOP *** [8c 5c 6d]
643169a0: checks
843c09: bets $0.51
643169a0: calls $0.51
*** TURN *** [8c 5c 6d] [7c]
643169a0: bets $4.82 and is all-in
843c09: folds
Uncalled bet ($4.82) returned to 643169a0
*** SHOWDOWN ***
643169a0 collected $1.89 from pot
*** SUMMARY ***
Total pot $2.03 | Rake $0.09 | Jackpot $0.05 | Bingo $0 | Fortune $0 | Tax $0
Board [8c 5c 6d 7c]
Seat 1: 643169a0 won ($1.89)
Seat 3: 70ac9410 folded before Flop (didn't bet)
Seat 4: 843c09 (button) folded on the Turn
Seat 5: Hero (small blind) folded before Flop
Seat 6: 5dbcf432 (big blind) folded before Flop


Poker Hand #HD1597673979: Hold'em No Limit ($0.02/$0.05) - 2024/01/20 18:42:04
Table 'NLHBlue125' 6-max Seat #3 is the button
Seat 1: 643169a0 ($5.61 in chips)
Seat 3: 70ac9410 ($5 in chips)
Seat 4: 843c09 ($4.25 in chips)
Seat 5: Hero ($5.52 in chips)
Seat 6: 5dbcf432 ($5.42 in chips)
843c09: posts small blind $0.02
Hero: posts big blind $0.05
*** HOLE CARDS ***
Dealt to 643169a0 
Dealt to 70ac9410 
Dealt to 843c09 
Dealt to Hero [Td 9s]
Dealt to 5dbcf432 
5dbcf432: folds
643169a0: raises $0.05 to $0.1
70ac9410: folds
843c09: calls $0.08
Hero: calls $0.05
*** FLOP *** [Ah 7h 2d]
843c09: checks
Hero: checks
643169a0: bets $0.15
843c09: folds
Hero: folds
Uncalled bet ($0.15) returned to 643169a0
*** SHOWDOWN ***
643169a0 collected $0.29 from pot
*** SUMMARY ***
Total pot $0.3 | Rake $0.01 | Jackpot $0 | Bingo $0 | Fortune $0 | Tax $0
Board [Ah 7h 2d]
Seat 1: 643169a0 won ($0.29)
Seat 3: 70ac9410 (button) folded before Flop (didn't bet)
Seat 4: 843c09 (small blind) folded on the Flop
Seat 5: Hero (big blind) folded on the Flop
Seat 6: 5dbcf432 folded before Flop (didn't bet)


Poker Hand #HD1597673966: Hold'em No Limit ($0.02/$0.05) - 2024/01/20 18:41:55
Table 'NLHBlue125' 6-max Seat #1 is the button
Seat 1: 643169a0 ($5.61 in chips)
Seat 3: 70ac9410 ($5 in chips)
Seat 4: 843c09 ($4.23 in chips)
Seat 5: Hero ($5.52 in chips)
Seat 6: 5dbcf432 ($5.42 in chips)
70ac9410: posts small blind $0.02
843c09: posts big blind $0.05
*** HOLE CARDS ***
Dealt to 643169a0 
Dealt to 70ac9410 
Dealt to 843c09 
Dealt to Hero [3d Qh]
Dealt to 5dbcf432 
Hero: folds
5dbcf432: folds
643169a0: folds
70ac9410: folds
Uncalled bet ($0.03) returned to 843c09
*** SHOWDOWN ***
843c09 collected $0.04 from pot
*** SUMMARY ***
Total pot $0.04 | Rake $0 | Jackpot $0 | Bingo $0 | Fortune $0 | Tax $0
Seat 1: 643169a0 (button) folded before Flop (didn't bet)
Seat 3: 70ac9410 (small blind) folded before Flop
Seat 4: 843c09 (big blind) collected ($0.04)
Seat 5: Hero folded before Flop (didn't bet)
Seat 6: 5dbcf432 folded before Flop (didn't bet)


Poker Hand #HD1597673917: Hold'em No Limit ($0.02/$0.05) - 2024/01/20 18:41:20
Table 'NLHBlue125' 6-max Seat #6 is the button
Seat 1: 643169a0 ($5 in chips)
Seat 3: 70ac9410 ($5.07 in chips)
Seat 4: 843c09 ($4.23 in chips)
Seat 5: Hero ($5.52 in chips)
Seat 6: 5dbcf432 ($5.42 in chips)
643169a0: posts small blind $0.02
70ac9410: posts big blind $0.05
*** HOLE CARDS ***
Dealt to 643169a0 
Dealt to 70ac9410 
Dealt to 843c09 
Dealt to Hero [7s Kh]
Dealt to 5dbcf432 
843c09: folds
Hero: folds
5dbcf432: folds
643169a0: raises $0.05 to $0.1
70ac9410: raises $0.3 to $0.4
643169a0: calls $0.3
*** FLOP *** [6h 2s Jc]
643169a0: checks
70ac9410: checks
*** TURN *** [6h 2s Jc] [7c]
643169a0: checks
70ac9410: bets $0.27
643169a0: raises $0.67 to $0.94
70ac9410: folds
Uncalled bet ($0.67) returned to 643169a0
*** SHOWDOWN ***
643169a0 collected $1.28 from pot
*** SUMMARY ***
Total pot $1.34 | Rake $0.06 | Jackpot $0 | Bingo $0 | Fortune $0 | Tax $0
Board [6h 2s Jc 7c]
Seat 1: 643169a0 (small blind) won ($1.28)
Seat 3: 70ac9410 (big blind) folded on the Turn
Seat 4: 843c09 folded before Flop (didn't bet)
Seat 5: Hero folded before Flop (didn't bet)
Seat 6: 5dbcf432 (button) folded before Flop (didn't bet)


Poker Hand #HD1597673848: Hold'em No Limit ($0.02/$0.05) - 2024/01/20 18:40:37
Table 'NLHBlue125' 6-max Seat #5 is the button
Seat 1: 643169a0 ($4.34 in chips)
Seat 3: 70ac9410 ($5.07 in chips)
Seat 4: 843c09 ($4.99 in chips)
Seat 5: Hero ($5.52 in chips)
Seat 6: 5dbcf432 ($5.44 in chips)
5dbcf432: posts small blind $0.02
643169a0: posts big blind $0.05
*** HOLE CARDS ***
Dealt to 643169a0 
Dealt to 70ac9410 
Dealt to 843c09 
Dealt to Hero [8c 9s]
Dealt to 5dbcf432 
70ac9410: folds
843c09: raises $0.06 to $0.11
Hero: folds
5dbcf432: folds
643169a0: calls $0.06
*** FLOP *** [Th Tc 3h]
643169a0: checks
843c09: checks
*** TURN *** [Th Tc 3h] [3s]
643169a0: bets $0.3
843c09: calls $0.3
*** RIVER *** [Th Tc 3h 3s] [4h]
643169a0: bets $0.35
843c09: calls $0.35
643169a0: shows [7h 7d] (Pair of Tens and Pair of Sevens)
843c09: shows [Qc As] (Pair of Tens and Pair of Treys)
*** SHOWDOWN ***
643169a0 collected $1.42 from pot
*** SUMMARY ***
Total pot $1.54 | Rake $0.07 | Jackpot $0.05 | Bingo $0 | Fortune $0 | Tax $0
Board [Th Tc 3h 3s 4h]
Seat 1: 643169a0 (big blind) showed [7h 7d] and won ($1.42) with Pair of Tens and Pair of Sevens
Seat 3: 70ac9410 folded before Flop (didn't bet)
Seat 4: 843c09 showed [Qc As] and lost with Pair of Tens and Pair of Treys
Seat 5: Hero (button) folded before Flop (didn't bet)
Seat 6: 5dbcf432 (small blind) folded before Flop


Poker Hand #HD1597673818: Hold'em No Limit ($0.02/$0.05) - 2024/01/20 18:40:17
Table 'NLHBlue125' 6-max Seat #4 is the button
Seat 1: 643169a0 ($4.34 in chips)
Seat 3: 70ac9410 ($5.07 in chips)
Seat 4: 843c09 ($4.99 in chips)
Seat 5: Hero ($5.47 in chips)
Seat 6: 5dbcf432 ($5.49 in chips)
Hero: posts small blind $0.02
5dbcf432: posts big blind $0.05
*** HOLE CARDS ***
Dealt to 643169a0 
Dealt to 70ac9410 
Dealt to 843c09 
Dealt to Hero [Qc Kc]
Dealt to 5dbcf432 
643169a0: folds
70ac9410: folds
843c09: folds
Hero: raises $0.09 to $0.14
5dbcf432: folds
Uncalled bet ($0.09) returned to Hero
*** SHOWDOWN ***
Hero collected $0.1 from pot
*** SUMMARY ***
Total pot $0.1 | Rake $0 | Jackpot $0 | Bingo $0 | Fortune $0 | Tax $0
Seat 1: 643169a0 folded before Flop (didn't bet)
Seat 3: 70ac9410 folded before Flop (didn't bet)
Seat 4: 843c09 (button) folded before Flop (didn't bet)
Seat 5: Hero (small blind) collected ($0.1)
Seat 6: 5dbcf432 (big blind) folded before Flop


Poker Hand #HD1597673799: Hold'em No Limit ($0.02/$0.05) - 2024/01/20 18:40:01
Table 'NLHBlue125' 6-max Seat #3 is the button
Seat 1: 643169a0 ($4.34 in chips)
Seat 3: 70ac9410 ($5.07 in chips)
Seat 4: 843c09 ($4.94 in chips)
Seat 5: Hero ($5.52 in chips)
Seat 6: 5dbcf432 ($5.49 in chips)
843c09: posts small blind $0.02
Hero: posts big blind $0.05
*** HOLE CARDS ***
Dealt to 643169a0 
Dealt to 70ac9410 
Dealt to 843c09 
Dealt to Hero [Qh 8s]
Dealt to 5dbcf432 
5dbcf432: folds
643169a0: folds
70ac9410: folds
843c09: raises $0.1 to $0.15
Hero: folds
Uncalled bet ($0.1) returned to 843c09
*** SHOWDOWN ***
843c09 collected $0.1 from pot
*** SUMMARY ***
Total pot $0.1 | Rake $0 | Jackpot $0 | Bingo $0 | Fortune $0 | Tax $0
Seat 1: 643169a0 folded before Flop (didn't bet)
Seat 3: 70ac9410 (button) folded before Flop (didn't bet)
Seat 4: 843c09 (small blind) collected ($0.1)
Seat 5: Hero (big blind) folded before Flop
Seat 6: 5dbcf432 folded before Flop (didn't bet)


Poker Hand #HD1597673783: Hold'em No Limit ($0.02/$0.05) - 2024/01/20 18:39:49
Table 'NLHBlue125' 6-max Seat #1 is the button
Seat 1: 643169a0 ($4.34 in chips)
Seat 3: 70ac9410 ($5.09 in chips)
Seat 4: 843c09 ($4.92 in chips)
Seat 5: Hero ($5.52 in chips)
Seat 6: 5dbcf432 ($5.49 in chips)
70ac9410: posts small blind $0.02
843c09: posts big blind $0.05
*** HOLE CARDS ***
Dealt to 643169a0 
Dealt to 70ac9410 
Dealt to 843c09 
Dealt to Hero [4s 6h]
Dealt to 5dbcf432 
Hero: folds
5dbcf432: folds
643169a0: folds
70ac9410: folds
Uncalled bet ($0.03) returned to 843c09
*** SHOWDOWN ***
843c09 collected $0.04 from pot
*** SUMMARY ***
Total pot $0.04 | Rake $0 | Jackpot $0 | Bingo $0 | Fortune $0 | Tax $0
Seat 1: 643169a0 (button) folded before Flop (didn't bet)
Seat 3: 70ac9410 (small blind) folded before Flop
Seat 4: 843c09 (big blind) collected ($0.04)
Seat 5: Hero folded before Flop (didn't bet)
Seat 6: 5dbcf432 folded before Flop (didn't bet)


Poker Hand #HD1597673756: Hold'em No Limit ($0.02/$0.05) - 2024/01/20 18:39:32
Table 'NLHBlue125' 6-max Seat #6 is the button
Seat 1: 643169a0 ($4.36 in chips)
Seat 3: 70ac9410 ($5.07 in chips)
Seat 4: 843c09 ($4.92 in chips)
Seat 5: Hero ($5.52 in chips)
Seat 6: 5dbcf432 ($5.49 in chips)
643169a0: posts small blind $0.02
70ac9410: posts big blind $0.05
*** HOLE CARDS ***
Dealt to 643169a0 
Dealt to 70ac9410 
Dealt to 843c09 
Dealt to Hero [4d 6s]
Dealt to 5dbcf432 
843c09: folds
Hero: folds
5dbcf432: folds
643169a0: folds
Uncalled bet ($0.03) returned to 70ac9410
*** SHOWDOWN ***
70ac9410 collected $0.04 from pot
*** SUMMARY ***
Total pot $0.04 | Rake $0 | Jackpot $0 | Bingo $0 | Fortune $0 | Tax $0
Seat 1: 643169a0 (small blind) folded before Flop
Seat 3: 70ac9410 (big blind) collected ($0.04)
Seat 4: 843c09 folded before Flop (didn't bet)
Seat 5: Hero folded before Flop (didn't bet)
Seat 6: 5dbcf432 (button) folded before Flop (didn't bet)


Poker Hand #HD1597673718: Hold'em No Limit ($0.02/$0.05) - 2024/01/20 18:39:08
Table 'NLHBlue125' 6-max Seat #5 is the button
Seat 1: 643169a0 ($4.41 in chips)
Seat 3: 70ac9410 ($5.07 in chips)
Seat 4: 843c09 ($4.92 in chips)
Seat 5: Hero ($5.45 in chips)
Seat 6: 5dbcf432 ($5.51 in chips)
5dbcf432: posts small blind $0.02
643169a0: posts big blind $0.05
*** HOLE CARDS ***
Dealt to 643169a0 
Dealt to 70ac9410 
Dealt to 843c09 
Dealt to Hero [8d 6d]
Dealt to 5dbcf432 
70ac9410: folds
843c09: folds
Hero: raises $0.07 to $0.12
5dbcf432: folds
643169a0: folds
Uncalled bet ($0.07) returned to Hero
*** SHOWDOWN ***
Hero collected $0.12 from pot
*** SUMMARY ***
Total pot $0.12 | Rake $0 | Jackpot $0 | Bingo $0 | Fortune $0 | Tax $0
Seat 1: 643169a0 (big blind) folded before Flop
Seat 3: 70ac9410 folded before Flop (didn't bet)
Seat 4: 843c09 folded before Flop (didn't bet)
Seat 5: Hero (button) collected ($0.12)
Seat 6: 5dbcf432 (small blind) folded before Flop


Poker Hand #HD1597673705: Hold'em No Limit ($0.02/$0.05) - 2024/01/20 18:38:56
Table 'NLHBlue125' 6-max Seat #4 is the button
Seat 1: 643169a0 ($4.34 in chips)
Seat 3: 70ac9410 ($5.07 in chips)
Seat 4: 843c09 ($4.92 in chips)
Seat 5: Hero ($5.47 in chips)
Seat 6: 5dbcf432 ($5.56 in chips)
Hero: posts small blind $0.02
5dbcf432: posts big blind $0.05
*** HOLE CARDS ***
Dealt to 643169a0 
Dealt to 70ac9410 
Dealt to 843c09 
Dealt to Hero [Tc 8h]
Dealt to 5dbcf432 
643169a0: raises $0.05 to $0.1
70ac9410: folds
843c09: folds
Hero: folds
5dbcf432: folds
Uncalled bet ($0.05) returned to 643169a0
*** SHOWDOWN ***
643169a0 collected $0.12 from pot
*** SUMMARY ***
Total pot $0.12 | Rake $0 | Jackpot $0 | Bingo $0 | Fortune $0 | Tax $0
Seat 1: 643169a0 collected ($0.12)
Seat 3: 70ac9410 folded before Flop (didn't bet)
Seat 4: 843c09 (button) folded before Flop (didn't bet)
Seat 5: Hero (small blind) folded before Flop
Seat 6: 5dbcf432 (big blind) folded before Flop


Poker Hand #HD1597673666: Hold'em No Limit ($0.02/$0.05) - 2024/01/20 18:38:36
Table 'NLHBlue125' 6-max Seat #3 is the button
Seat 1: 643169a0 ($4.34 in chips)
Seat 3: 70ac9410 ($5.07 in chips)
Seat 4: 843c09 ($4.87 in chips)
Seat 5: Hero ($5.52 in chips)
Seat 6: 5dbcf432 ($5.56 in chips)
843c09: posts small blind $0.02
Hero: posts big blind $0.05
*** HOLE CARDS ***
Dealt to 643169a0 
Dealt to 70ac9410 
Dealt to 843c09 
Dealt to Hero [5s 4c]
Dealt to 5dbcf432 
5dbcf432: folds
643169a0: folds
70ac9410: folds
843c09: raises $0.1 to $0.15
Hero: folds
Uncalled bet ($0.1) returned to 843c09
*** SHOWDOWN ***
843c09 collected $0.1 from pot
*** SUMMARY ***
Total pot $0.1 | Rake $0 | Jackpot $0 | Bingo $0 | Fortune $0 | Tax $0
Seat 1: 643169a0 folded before Flop (didn't bet)
Seat 3: 70ac9410 (button) folded before Flop (didn't bet)
Seat 4: 843c09 (small blind) collected ($0.1)
Seat 5: Hero (big blind) folded before Flop
Seat 6: 5dbcf432 folded before Flop (didn't bet)


Poker Hand #HD1597673614: Hold'em No Limit ($0.02/$0.05) - 2024/01/20 18:37:57
Table 'NLHBlue125' 6-max Seat #2 is the button
Seat 1: 643169a0 ($4.34 in chips)
Seat 2: c4abf54d ($8.68 in chips)
Seat 3: 70ac9410 ($5.09 in chips)
Seat 4: 843c09 ($5.11 in chips)
Seat 5: Hero ($5.28 in chips)
Seat 6: 5dbcf432 ($5.56 in chips)
70ac9410: posts small blind $0.02
843c09: posts big blind $0.05
*** HOLE CARDS ***
Dealt to 643169a0 
Dealt to c4abf54d 
Dealt to 70ac9410 
Dealt to 843c09 
Dealt to Hero [Ad As]
Dealt to 5dbcf432 
Hero: raises $0.07 to $0.12
5dbcf432: folds
643169a0: folds
c4abf54d: folds
70ac9410: folds
843c09: calls $0.07
*** FLOP *** [Td 4c 6s]
843c09: checks
Hero: bets $0.12
843c09: calls $0.12
*** TURN *** [Td 4c 6s] [4h]
843c09: checks
Hero: bets $0.28
843c09: folds
Uncalled bet ($0.28) returned to Hero
*** SHOWDOWN ***
Hero collected $0.48 from pot
*** SUMMARY ***
Total pot $0.5 | Rake $0.02 | Jackpot $0 | Bingo $0 | Fortune $0 | Tax $0
Board [Td 4c 6s 4h]
Seat 1: 643169a0 folded before Flop (didn't bet)
Seat 2: c4abf54d (button) folded before Flop (didn't bet)
Seat 3: 70ac9410 (small blind) folded before Flop
Seat 4: 843c09 (big blind) folded on the Turn
Seat 5: Hero won ($0.48)
Seat 6: 5dbcf432 folded before Flop (didn't bet)


Poker Hand #HD1597673513: Hold'em No Limit ($0.02/$0.05) - 2024/01/20 18:36:46
Table 'NLHBlue125' 6-max Seat #1 is the button
Seat 1: 643169a0 ($4.34 in chips)
Seat 2: c4abf54d ($8.78 in chips)
Seat 3: 70ac9410 ($5 in chips)
Seat 4: 843c09 ($5.11 in chips)
Seat 5: Hero ($5.28 in chips)
Seat 6: 5dbcf432 ($5.56 in chips)
c4abf54d: posts small blind $0.02
70ac9410: posts big blind $0.05
*** HOLE CARDS ***
Dealt to 643169a0 
Dealt to c4abf54d 
Dealt to 70ac9410 
Dealt to 843c09 
Dealt to Hero [6s 7h]
Dealt to 5dbcf432 
843c09: folds
Hero: folds
5dbcf432: folds
643169a0: folds
c4abf54d: calls $0.03
70ac9410: checks
*** FLOP *** [Kd 7s 8s]
c4abf54d: checks
70ac9410: checks
*** TURN *** [Kd 7s 8s] [Td]
c4abf54d: bets $0.05
70ac9410: calls $0.05
*** RIVER *** [Kd 7s 8s Td] [9c]
c4abf54d: checks
70ac9410: checks
c4abf54d: shows [Ac 8h] (Pair of Eights)
70ac9410: shows [9s 2c] (Pair of Nines)
*** SHOWDOWN ***
70ac9410 collected $0.19 from pot
*** SUMMARY ***
Total pot $0.2 | Rake $0.01 | Jackpot $0 | Bingo $0 | Fortune $0 | Tax $0
Board [Kd 7s 8s Td 9c]
Seat 1: 643169a0 (button) folded before Flop (didn't bet)
Seat 2: c4abf54d (small blind) showed [Ac 8h] and lost with Pair of Eights
Seat 3: 70ac9410 (big blind) showed [9s 2c] and won ($0.19) with Pair of Nines
Seat 4: 843c09 folded before Flop (didn't bet)
Seat 5: Hero folded before Flop (didn't bet)
Seat 6: 5dbcf432 folded before Flop (didn't bet)


Poker Hand #HD1597673461: Hold'em No Limit ($0.02/$0.05) - 2024/01/20 18:36:10
Table 'NLHBlue125' 6-max Seat #6 is the button
Seat 1: 643169a0 ($4.25 in chips)
Seat 2: c4abf54d ($8.88 in chips)
Seat 4: 843c09 ($5.11 in chips)
Seat 5: Hero ($5.28 in chips)
Seat 6: 5dbcf432 ($5.56 in chips)
643169a0: posts small blind $0.02
c4abf54d: posts big blind $0.05
*** HOLE CARDS ***
Dealt to 643169a0 
Dealt to c4abf54d 
Dealt to 843c09 
Dealt to Hero [Ks 5h]
Dealt to 5dbcf432 
843c09: folds
Hero: folds
5dbcf432: folds
643169a0: raises $0.05 to $0.1
c4abf54d: calls $0.05
*** FLOP *** [Ad 4s 2h]
643169a0: bets $0.1
c4abf54d: folds
Uncalled bet ($0.1) returned to 643169a0
*** SHOWDOWN ***
643169a0 collected $0.19 from pot
*** SUMMARY ***
Total pot $0.2 | Rake $0.01 | Jackpot $0 | Bingo $0 | Fortune $0 | Tax $0
Board [Ad 4s 2h]
Seat 1: 643169a0 (small blind) won ($0.19)
Seat 2: c4abf54d (big blind) folded on the Flop
Seat 4: 843c09 folded before Flop (didn't bet)
Seat 5: Hero folded before Flop (didn't bet)
Seat 6: 5dbcf432 (button) folded before Flop (didn't bet)


Poker Hand #HD1597673419: Hold'em No Limit ($0.02/$0.05) - 2024/01/20 18:35:40
Table 'NLHBlue125' 6-max Seat #5 is the button
Seat 1: 643169a0 ($4.23 in chips)
Seat 2: c4abf54d ($8.88 in chips)
Seat 4: 843c09 ($5.11 in chips)
Seat 5: Hero ($5.28 in chips)
Seat 6: 5dbcf432 ($5.58 in chips)
5dbcf432: posts small blind $0.02
643169a0: posts big blind $0.05
*** HOLE CARDS ***
Dealt to 643169a0 
Dealt to c4abf54d 
Dealt to 843c09 
Dealt to Hero [3c 5h]
Dealt to 5dbcf432 
c4abf54d: folds
843c09: folds
Hero: folds
5dbcf432: folds
Uncalled bet ($0.03) returned to 643169a0
*** SHOWDOWN ***
643169a0 collected $0.04 from pot
*** SUMMARY ***
Total pot $0.04 | Rake $0 | Jackpot $0 | Bingo $0 | Fortune $0 | Tax $0
Seat 1: 643169a0 (big blind) collected ($0.04)
Seat 2: c4abf54d folded before Flop (didn't bet)
Seat 4: 843c09 folded before Flop (didn't bet)
Seat 5: Hero (button) folded before Flop (didn't bet)
Seat 6: 5dbcf432 (small blind) folded before Flop


Poker Hand #HD1597673304: Hold'em No Limit ($0.02/$0.05) - 2024/01/20 18:34:32
Table 'NLHBlue125' 6-max Seat #4 is the button
Seat 1: 643169a0 ($4.23 in chips)
Seat 2: c4abf54d ($8.65 in chips)
Seat 4: 843c09 ($5.11 in chips)
Seat 5: Hero ($5.48 in chips)
Seat 6: 5dbcf432 ($5.63 in chips)
Hero: posts small blind $0.02
5dbcf432: posts big blind $0.05
*** HOLE CARDS ***
Dealt to 643169a0 
Dealt to c4abf54d 
Dealt to 843c09 
Dealt to Hero [6d 6h]
Dealt to 5dbcf432 
643169a0: folds
c4abf54d: raises $0.05 to $0.1
843c09: folds
Hero: calls $0.08
5dbcf432: folds
*** FLOP *** [As 7d 3c]
Hero: checks
c4abf54d: bets $0.1
Hero: calls $0.1
*** TURN *** [As 7d 3c] [7s]
Hero: checks
c4abf54d: checks
*** RIVER *** [As 7d 3c 7s] [7h]
Hero: checks
c4abf54d: checks
Hero: shows [6d 6h] (Sevens Full over Sixes)
c4abf54d: shows [2c Ac] (Sevens Full over Aces)
*** SHOWDOWN ***
c4abf54d collected $0.43 from pot
*** SUMMARY ***
Total pot $0.45 | Rake $0.02 | Jackpot $0 | Bingo $0 | Fortune $0 | Tax $0
Board [As 7d 3c 7s 7h]
Seat 1: 643169a0 folded before Flop (didn't bet)
Seat 2: c4abf54d showed [2c Ac] and won ($0.43) with Sevens Full over Aces
Seat 4: 843c09 (button) folded before Flop (didn't bet)
Seat 5: Hero (small blind) showed [6d 6h] and lost with Sevens Full over Sixes
Seat 6: 5dbcf432 (big blind) folded before Flop


Poker Hand #HD1597673214: Hold'em No Limit ($0.02/$0.05) - 2024/01/20 18:33:24
Table 'NLHBlue125' 6-max Seat #2 is the button
Seat 1: 643169a0 ($4.23 in chips)
Seat 2: c4abf54d ($9.16 in chips)
Seat 4: 843c09 ($5.13 in chips)
Seat 5: Hero ($5 in chips)
Seat 6: 5dbcf432 ($5.63 in chips)
843c09: posts small blind $0.02
Hero: posts big blind $0.05
*** HOLE CARDS ***
Dealt to 643169a0 
Dealt to c4abf54d 
Dealt to 843c09 
Dealt to Hero [8d Jd]
Dealt to 5dbcf432 
5dbcf432: folds
643169a0: folds
c4abf54d: raises $0.05 to $0.1
843c09: folds
Hero: calls $0.05
*** FLOP *** [8s 6s 9d]
Hero: bets $0.13
c4abf54d: calls $0.13
*** TURN *** [8s 6s 9d] [8c]
Hero: bets $0.28
c4abf54d: calls $0.28
*** RIVER *** [8s 6s 9d 8c] [Ts]
Hero: checks
c4abf54d: checks
Hero: shows [8d Jd] (Three Eights)
c4abf54d: shows [8h 5h] (Three Eights)
*** SHOWDOWN ***
Hero collected $0.99 from pot
*** SUMMARY ***
Total pot $1.04 | Rake $0.05 | Jackpot $0 | Bingo $0 | Fortune $0 | Tax $0
Board [8s 6s 9d 8c Ts]
Seat 1: 643169a0 folded before Flop (didn't bet)
Seat 2: c4abf54d (button) showed [8h 5h] and lost with Three Eights
Seat 4: 843c09 (small blind) folded before Flop
Seat 5: Hero (big blind) showed [8d Jd] and won ($0.99) with Three Eights
Seat 6: 5dbcf432 folded before Flop (didn't bet)


Poker Hand #HD1597673183: Hold'em No Limit ($0.02/$0.05) - 2024/01/20 18:32:59
Table 'NLHBlue125' 6-max Seat #1 is the button
Seat 1: 643169a0 ($4.23 in chips)
Seat 2: c4abf54d ($9.18 in chips)
Seat 4: 843c09 ($5.11 in chips)
Seat 5: Hero ($5 in chips)
Seat 6: 5dbcf432 ($5.63 in chips)
c4abf54d: posts small blind $0.02
843c09: posts big blind $0.05
*** HOLE CARDS ***
Dealt to 643169a0 
Dealt to c4abf54d 
Dealt to 843c09 
Dealt to Hero [9c 8d]
Dealt to 5dbcf432 
Hero: folds
5dbcf432: folds
643169a0: folds
c4abf54d: folds
Uncalled bet ($0.03) returned to 843c09
*** SHOWDOWN ***
843c09 collected $0.04 from pot
*** SUMMARY ***
Total pot $0.04 | Rake $0 | Jackpot $0 | Bingo $0 | Fortune $0 | Tax $0
Seat 1: 643169a0 (button) folded before Flop (didn't bet)
Seat 2: c4abf54d (small blind) folded before Flop
Seat 4: 843c09 (big blind) collected ($0.04)
Seat 5: Hero folded before Flop (didn't bet)
Seat 6: 5dbcf432 folded before Flop (didn't bet)


Poker Hand #HD1597673126: Hold'em No Limit ($0.02/$0.05) - 2024/01/20 18:32:24
Table 'NLHBlue125' 6-max Seat #6 is the button
Seat 1: 643169a0 ($4.25 in chips)
Seat 2: c4abf54d ($9.23 in chips)
Seat 3: 4fe39a9d ($5 in chips)
Seat 4: 843c09 ($5.04 in chips)
Seat 5: Hero ($5 in chips)
Seat 6: 5dbcf432 ($5.63 in chips)
643169a0: posts small blind $0.02
c4abf54d: posts big blind $0.05
*** HOLE CARDS ***
Dealt to 643169a0 
Dealt to c4abf54d 
Dealt to 4fe39a9d 
Dealt to 843c09 
Dealt to Hero [Qs 7s]
Dealt to 5dbcf432 
4fe39a9d: folds
843c09: raises $0.05 to $0.1
Hero: folds
5dbcf432: folds
643169a0: folds
c4abf54d: folds
Uncalled bet ($0.05) returned to 843c09
*** SHOWDOWN ***
843c09 collected $0.12 from pot
*** SUMMARY ***
Total pot $0.12 | Rake $0 | Jackpot $0 | Bingo $0 | Fortune $0 | Tax $0
Seat 1: 643169a0 (small blind) folded before Flop
Seat 2: c4abf54d (big blind) folded before Flop
Seat 3: 4fe39a9d folded before Flop (didn't bet)
Seat 4: 843c09 collected ($0.12)
Seat 5: Hero folded before Flop (didn't bet)
Seat 6: 5dbcf432 (button) folded before Flop (didn't bet)


Poker Hand #HD1597673038: Hold'em No Limit ($0.02/$0.05) - 2024/01/20 18:31:23
Table 'NLHBlue125' 6-max Seat #5 is the button
Seat 1: 643169a0 ($5 in chips)
Seat 2: c4abf54d ($9.23 in chips)
Seat 3: 4fe39a9d ($5 in chips)
Seat 4: 843c09 ($5.04 in chips)
Seat 5: Hero ($5 in chips)
Seat 6: 5dbcf432 ($5 in chips)
5dbcf432: posts small blind $0.02
643169a0: posts big blind $0.05
*** HOLE CARDS ***
Dealt to 643169a0 
Dealt to c4abf54d 
Dealt to 4fe39a9d 
Dealt to 843c09 
Dealt to Hero [Qh 7d]
Dealt to 5dbcf432 
c4abf54d: folds
4fe39a9d: folds
843c09: folds
Hero: folds
5dbcf432: raises $0.1 to $0.15
643169a0: calls $0.1
*** FLOP *** [8d Kh 8s]
5dbcf432: checks
643169a0: checks
*** TURN *** [8d Kh 8s] [9d]
5dbcf432: bets $0.15
643169a0: calls $0.15
*** RIVER *** [8d Kh 8s 9d] [Td]
5dbcf432: checks
643169a0: bets $0.45
5dbcf432: calls $0.45
643169a0: shows [7h 5h] (Pair of Eights)
5dbcf432: shows [Ad Ah] (Pair of Aces and Pair of Eights)
*** SHOWDOWN ***
5dbcf432 collected $1.38 from pot
*** SUMMARY ***
Total pot $1.5 | Rake $0.07 | Jackpot $0.05 | Bingo $0 | Fortune $0 | Tax $0
Board [8d Kh 8s 9d Td]
Seat 1: 643169a0 (big blind) showed [7h 5h] and lost with Pair of Eights
Seat 2: c4abf54d folded before Flop (didn't bet)
Seat 3: 4fe39a9d folded before Flop (didn't bet)
Seat 4: 843c09 folded before Flop (didn't bet)
Seat 5: Hero (button) folded before Flop (didn't bet)
Seat 6: 5dbcf432 (small blind) showed [Ad Ah] and won ($1.38) with Pair of Aces and Pair of Eights


Poker Hand #HD1597672985: Hold'em No Limit ($0.02/$0.05) - 2024/01/20 18:30:50
Table 'NLHBlue125' 6-max Seat #4 is the button
Seat 1: 643169a0 ($2.67 in chips)
Seat 2: c4abf54d ($9.33 in chips)
Seat 3: 4fe39a9d ($5 in chips)
Seat 4: 843c09 ($4.88 in chips)
Seat 5: Hero ($5.02 in chips)
Seat 6: 5dbcf432 ($5.02 in chips)
Hero: posts small blind $0.02
5dbcf432: posts big blind $0.05
*** HOLE CARDS ***
Dealt to 643169a0 
Dealt to c4abf54d 
Dealt to 4fe39a9d 
Dealt to 843c09 
Dealt to Hero [Qh 8h]
Dealt to 5dbcf432 
643169a0: folds
c4abf54d: raises $0.05 to $0.1
4fe39a9d: folds
843c09: raises $0.37 to $0.47
Hero: folds
5dbcf432: folds
c4abf54d: folds
Uncalled bet ($0.37) returned to 843c09
*** SHOWDOWN ***
843c09 collected $0.26 from pot
*** SUMMARY ***
Total pot $0.27 | Rake $0.01 | Jackpot $0 | Bingo $0 | Fortune $0 | Tax $0
Seat 1: 643169a0 folded before Flop (didn't bet)
Seat 2: c4abf54d folded before Flop
Seat 3: 4fe39a9d folded before Flop (didn't bet)
Seat 4: 843c09 (button) collected ($0.26)
Seat 5: Hero (small blind) folded before Flop
Seat 6: 5dbcf432 (big blind) folded before Flop


Poker Hand #HD1597672970: Hold'em No Limit ($0.02/$0.05) - 2024/01/20 18:30:35
Table 'NLHBlue125' 6-max Seat #3 is the button
Seat 1: 643169a0 ($2.67 in chips)
Seat 2: c4abf54d ($9.33 in chips)
Seat 3: 4fe39a9d ($5 in chips)
Seat 4: 843c09 ($4.9 in chips)
Seat 5: Hero ($5 in chips)
Seat 6: 5dbcf432 ($5.02 in chips)
843c09: posts small blind $0.02
Hero: posts big blind $0.05
*** HOLE CARDS ***
Dealt to 643169a0 
Dealt to c4abf54d 
Dealt to 4fe39a9d 
Dealt to 843c09 
Dealt to Hero [Jc 9h]
Dealt to 5dbcf432 
5dbcf432: folds
643169a0: folds
c4abf54d: folds
4fe39a9d: folds
843c09: folds
Uncalled bet ($0.03) returned to Hero
*** SHOWDOWN ***
Hero collected $0.04 from pot
*** SUMMARY ***
Total pot $0.04 | Rake $0 | Jackpot $0 | Bingo $0 | Fortune $0 | Tax $0
Seat 1: 643169a0 folded before Flop (didn't bet)
Seat 2: c4abf54d folded before Flop (didn't bet)
Seat 3: 4fe39a9d (button) folded before Flop (didn't bet)
Seat 4: 843c09 (small blind) folded before Flop
Seat 5: Hero (big blind) collected ($0.04)
Seat 6: 5dbcf432 folded before Flop (didn't bet)


