Poker Hand #HD1211076632: Hold'em No Limit  ($0.02/$0.05) - 2023/04/20 20:03:14
Table 'NLHBlue80' 6-max Seat #2 is the button
Seat 1: 5b22ceb1 ($4.09 in chips)
Seat 2: e9851820 ($5.07 in chips)
Seat 3: 7ee407b8 ($11.18 in chips)
Seat 4: 3c3214a9 ($4.95 in chips)
Seat 5: 9d7de342 ($6.44 in chips)
Seat 6: Hero ($5.17 in chips)
7ee407b8: posts small blind $0.02
3c3214a9: posts big blind $0.05
*** HOLE CARDS ***
Dealt to 5b22ceb1 
Dealt to e9851820 
Dealt to 7ee407b8 
Dealt to 3c3214a9 
Dealt to 9d7de342 
Dealt to Hero [8s 9d]
9d7de342: folds
Hero: folds
5b22ceb1: raises $0.05 to $0.1
e9851820: folds
7ee407b8: folds
3c3214a9: folds
Uncalled bet ($0.05) returned to 5b22ceb1
*** SHOWDOWN ***
5b22ceb1 collected $0.12 from pot
*** SUMMARY ***
Total pot $0.12 | Rake $0 | Jackpot $0 | Bingo $0 | Fortune $0
Seat 1: 5b22ceb1 collected ($0.12)
Seat 2: e9851820 (button) folded before Flop (didn't bet)
Seat 3: 7ee407b8 (small blind) folded before Flop
Seat 4: 3c3214a9 (big blind) folded before Flop
Seat 5: 9d7de342 folded before Flop (didn't bet)
Seat 6: Hero folded before Flop (didn't bet)


Poker Hand #HD1211076543: Hold'em No Limit  ($0.02/$0.05) - 2023/04/20 20:02:16
Table 'NLHBlue80' 6-max Seat #1 is the button
Seat 1: 5b22ceb1 ($5.66 in chips)
Seat 2: e9851820 ($5.09 in chips)
Seat 3: 7ee407b8 ($11.23 in chips)
Seat 4: 3c3214a9 ($4.95 in chips)
Seat 5: 9d7de342 ($5 in chips)
Seat 6: Hero ($5.17 in chips)
e9851820: posts small blind $0.02
7ee407b8: posts big blind $0.05
*** HOLE CARDS ***
Dealt to 5b22ceb1 
Dealt to e9851820 
Dealt to 7ee407b8 
Dealt to 3c3214a9 
Dealt to 9d7de342 
Dealt to Hero [4d 6h]
3c3214a9: folds
9d7de342: raises $0.08 to $0.13
Hero: folds
5b22ceb1: calls $0.13
e9851820: folds
7ee407b8: folds
*** FLOP *** [Th 4c 5h]
9d7de342: bets $0.16
5b22ceb1: calls $0.16
*** TURN *** [Th 4c 5h] [9d]
9d7de342: bets $0.49
5b22ceb1: calls $0.49
*** RIVER *** [Th 4c 5h 9d] [8c]
9d7de342: bets $0.79
5b22ceb1: calls $0.79
9d7de342: shows [Jd Js] (Pair of Jacks)
5b22ceb1: shows [Td 6d] (Pair of Tens)
*** SHOWDOWN ***
9d7de342 collected $3.01 from pot
*** SUMMARY ***
Total pot $3.21 | Rake $0.15 | Jackpot $0.05 | Bingo $0 | Fortune $0
Board [Th 4c 5h 9d 8c]
Seat 1: 5b22ceb1 (button) showed [Td 6d] and lost with Pair of Tens
Seat 2: e9851820 (small blind) folded before Flop
Seat 3: 7ee407b8 (big blind) folded before Flop
Seat 4: 3c3214a9 folded before Flop (didn't bet)
Seat 5: 9d7de342 showed [Jd Js] and won ($3.01) with Pair of Jacks
Seat 6: Hero folded before Flop (didn't bet)


Poker Hand #HD1211076489: Hold'em No Limit  ($0.02/$0.05) - 2023/04/20 20:01:47
Table 'NLHBlue80' 6-max Seat #6 is the button
Seat 1: 5b22ceb1 ($5.76 in chips)
Seat 2: e9851820 ($5 in chips)
Seat 3: 7ee407b8 ($11.23 in chips)
Seat 4: 3c3214a9 ($4.95 in chips)
Seat 5: 9d7de342 ($5 in chips)
Seat 6: Hero ($5.17 in chips)
5b22ceb1: posts small blind $0.02
e9851820: posts big blind $0.05
*** HOLE CARDS ***
Dealt to 5b22ceb1 
Dealt to e9851820 
Dealt to 7ee407b8 
Dealt to 3c3214a9 
Dealt to 9d7de342 
Dealt to Hero [5s 8c]
7ee407b8: folds
3c3214a9: folds
9d7de342: folds
Hero: folds
5b22ceb1: raises $0.05 to $0.1
e9851820: calls $0.05
*** FLOP *** [Kh Js 6c]
5b22ceb1: checks
e9851820: bets $0.07
5b22ceb1: folds
Uncalled bet ($0.07) returned to e9851820
*** SHOWDOWN ***
e9851820 collected $0.19 from pot
*** SUMMARY ***
Total pot $0.2 | Rake $0.01 | Jackpot $0 | Bingo $0 | Fortune $0
Board [Kh Js 6c]
Seat 1: 5b22ceb1 (small blind) folded on the Flop
Seat 2: e9851820 (big blind) won ($0.19)
Seat 3: 7ee407b8 folded before Flop (didn't bet)
Seat 4: 3c3214a9 folded before Flop (didn't bet)
Seat 5: 9d7de342 folded before Flop (didn't bet)
Seat 6: Hero (button) folded before Flop (didn't bet)


Poker Hand #HD1211076447: Hold'em No Limit  ($0.02/$0.05) - 2023/04/20 20:01:25
Table 'NLHBlue80' 6-max Seat #5 is the button
Seat 1: 5b22ceb1 ($5.81 in chips)
Seat 3: 7ee407b8 ($11.23 in chips)
Seat 4: 3c3214a9 ($4.95 in chips)
Seat 5: 9d7de342 ($5 in chips)
Seat 6: Hero ($5.12 in chips)
Hero: posts small blind $0.02
5b22ceb1: posts big blind $0.05
*** HOLE CARDS ***
Dealt to 5b22ceb1 
Dealt to 7ee407b8 
Dealt to 3c3214a9 
Dealt to 9d7de342 
Dealt to Hero [As Js]
7ee407b8: folds
3c3214a9: folds
9d7de342: folds
Hero: raises $0.09 to $0.14
5b22ceb1: folds
Uncalled bet ($0.09) returned to Hero
*** SHOWDOWN ***
Hero collected $0.1 from pot
*** SUMMARY ***
Total pot $0.1 | Rake $0 | Jackpot $0 | Bingo $0 | Fortune $0
Seat 1: 5b22ceb1 (big blind) folded before Flop
Seat 3: 7ee407b8 folded before Flop (didn't bet)
Seat 4: 3c3214a9 folded before Flop (didn't bet)
Seat 5: 9d7de342 (button) folded before Flop (didn't bet)
Seat 6: Hero (small blind) collected ($0.1)


Poker Hand #HD1211076373: Hold'em No Limit  ($0.02/$0.05) - 2023/04/20 20:00:32
Table 'NLHBlue80' 6-max Seat #4 is the button
Seat 1: 5b22ceb1 ($5.81 in chips)
Seat 3: 7ee407b8 ($11.23 in chips)
Seat 4: 3c3214a9 ($5.06 in chips)
Seat 5: 9d7de342 ($5 in chips)
Seat 6: Hero ($5 in chips)
9d7de342: posts small blind $0.02
Hero: posts big blind $0.05
*** HOLE CARDS ***
Dealt to 5b22ceb1 
Dealt to 7ee407b8 
Dealt to 3c3214a9 
Dealt to 9d7de342 
Dealt to Hero [7h 7c]
5b22ceb1: folds
7ee407b8: folds
3c3214a9: raises $0.06 to $0.11
9d7de342: folds
Hero: calls $0.06
*** FLOP *** [Td Th 9h]
Hero: checks
3c3214a9: checks
*** TURN *** [Td Th 9h] [Qs]
Hero: bets $0.18
3c3214a9: folds
Uncalled bet ($0.18) returned to Hero
*** SHOWDOWN ***
Hero collected $0.23 from pot
*** SUMMARY ***
Total pot $0.24 | Rake $0.01 | Jackpot $0 | Bingo $0 | Fortune $0
Board [Td Th 9h Qs]
Seat 1: 5b22ceb1 folded before Flop (didn't bet)
Seat 3: 7ee407b8 folded before Flop (didn't bet)
Seat 4: 3c3214a9 (button) folded on the Turn
Seat 5: 9d7de342 (small blind) folded before Flop
Seat 6: Hero (big blind) won ($0.23)


