Poker Hand #HD1155473116: Hold'em No Limit  ($0.02/$0.05) - 2023/03/11 13:45:19
Table 'NLHBlue59' 6-max Seat #4 is the button
Seat 1: Hero ($9.34 in chips)
Seat 2: 76f6045c ($5 in chips)
Seat 3: 217c477 ($4.93 in chips)
Seat 4: 9ec17e09 ($5 in chips)
Seat 5: dc0b5d53 ($7.21 in chips)
Seat 6: 3021a6f5 ($5 in chips)
dc0b5d53: posts small blind $0.02
3021a6f5: posts big blind $0.05
*** HOLE CARDS ***
Dealt to Hero [8d 7h]
Dealt to 76f6045c 
Dealt to 217c477 
Dealt to 9ec17e09 
Dealt to dc0b5d53 
Dealt to 3021a6f5 
Hero: folds
76f6045c: raises $0.1 to $0.15
217c477: raises $0.45 to $0.6
9ec17e09: folds
dc0b5d53: folds
3021a6f5: folds
76f6045c: folds
Uncalled bet ($0.45) returned to 217c477
*** SHOWDOWN ***
217c477 collected $0.36 from pot
*** SUMMARY ***
Total pot $0.37 | Rake $0.01 | Jackpot $0 | Bingo $0 | Fortune $0
Seat 1: Hero folded before Flop (didn't bet)
Seat 2: 76f6045c folded before Flop
Seat 3: 217c477 collected ($0.36)
Seat 4: 9ec17e09 (button) folded before Flop (didn't bet)
Seat 5: dc0b5d53 (small blind) folded before Flop
Seat 6: 3021a6f5 (big blind) folded before Flop


Poker Hand #HD1155472970: Hold'em No Limit  ($0.02/$0.05) - 2023/03/11 13:44:20
Table 'NLHBlue59' 6-max Seat #3 is the button
Seat 1: Hero ($9.34 in chips)
Seat 2: 76f6045c ($5 in chips)
Seat 3: 217c477 ($4.93 in chips)
Seat 4: 9ec17e09 ($5.25 in chips)
Seat 5: dc0b5d53 ($5.25 in chips)
9ec17e09: posts small blind $0.02
dc0b5d53: posts big blind $0.05
*** HOLE CARDS ***
Dealt to Hero [Tc 6d]
Dealt to 76f6045c 
Dealt to 217c477 
Dealt to 9ec17e09 
Dealt to dc0b5d53 
Hero: folds
76f6045c: folds
217c477: folds
9ec17e09: raises $0.05 to $0.1
dc0b5d53: raises $0.2 to $0.3
9ec17e09: raises $0.4 to $0.7
dc0b5d53: calls $0.4
*** FLOP *** [Ts Ac Ah]
9ec17e09: bets $0.36
dc0b5d53: calls $0.36
*** TURN *** [Ts Ac Ah] [2s]
9ec17e09: bets $1.17
dc0b5d53: calls $1.17
*** RIVER *** [Ts Ac Ah 2s] [7d]
9ec17e09: checks
dc0b5d53: bets $3.02 and is all-in
9ec17e09: folds
Uncalled bet ($3.02) returned to dc0b5d53
dc0b5d53: shows [9d] (Pair of Aces)
*** SHOWDOWN ***
dc0b5d53 collected $4.19 from pot
*** SUMMARY ***
Total pot $4.46 | Rake $0.22 | Jackpot $0.05 | Bingo $0 | Fortune $0
Board [Ts Ac Ah 2s 7d]
Seat 1: Hero folded before Flop (didn't bet)
Seat 2: 76f6045c folded before Flop (didn't bet)
Seat 3: 217c477 (button) folded before Flop (didn't bet)
Seat 4: 9ec17e09 (small blind) folded on the River
Seat 5: dc0b5d53 (big blind) showed [As 9d] and won ($4.19) with Three Aces


Poker Hand #HD1155472925: Hold'em No Limit  ($0.02/$0.05) - 2023/03/11 13:44:05
Table 'NLHBlue59' 6-max Seat #2 is the button
Seat 1: Hero ($9.27 in chips)
Seat 2: 76f6045c ($5 in chips)
Seat 3: 217c477 ($4.95 in chips)
Seat 4: 9ec17e09 ($5.3 in chips)
Seat 5: dc0b5d53 ($5.25 in chips)
217c477: posts small blind $0.02
9ec17e09: posts big blind $0.05
*** HOLE CARDS ***
Dealt to Hero [Kc Kd]
Dealt to 76f6045c 
Dealt to 217c477 
Dealt to 9ec17e09 
Dealt to dc0b5d53 
dc0b5d53: folds
Hero: raises $0.07 to $0.12
76f6045c: folds
217c477: folds
9ec17e09: folds
Uncalled bet ($0.07) returned to Hero
*** SHOWDOWN ***
Hero collected $0.12 from pot
*** SUMMARY ***
Total pot $0.12 | Rake $0 | Jackpot $0 | Bingo $0 | Fortune $0
Seat 1: Hero collected ($0.12)
Seat 2: 76f6045c (button) folded before Flop (didn't bet)
Seat 3: 217c477 (small blind) folded before Flop
Seat 4: 9ec17e09 (big blind) folded before Flop
Seat 5: dc0b5d53 folded before Flop (didn't bet)


Poker Hand #HD1155472896: Hold'em No Limit  ($0.02/$0.05) - 2023/03/11 13:43:53
Table 'NLHBlue59' 6-max Seat #1 is the button
Seat 1: Hero ($9.2 in chips)
Seat 2: 76f6045c ($5 in chips)
Seat 3: 217c477 ($5 in chips)
Seat 5: dc0b5d53 ($5.25 in chips)
76f6045c: posts small blind $0.02
217c477: posts big blind $0.05
*** HOLE CARDS ***
Dealt to Hero [As Qc]
Dealt to 76f6045c 
Dealt to 217c477 
Dealt to dc0b5d53 
dc0b5d53: folds
Hero: raises $0.07 to $0.12
76f6045c: folds
217c477: folds
Uncalled bet ($0.07) returned to Hero
*** SHOWDOWN ***
Hero collected $0.12 from pot
*** SUMMARY ***
Total pot $0.12 | Rake $0 | Jackpot $0 | Bingo $0 | Fortune $0
Seat 1: Hero (button) collected ($0.12)
Seat 2: 76f6045c (small blind) folded before Flop
Seat 3: 217c477 (big blind) folded before Flop
Seat 5: dc0b5d53 folded before Flop (didn't bet)


Poker Hand #HD1155472864: Hold'em No Limit  ($0.02/$0.05) - 2023/03/11 13:43:38
Table 'NLHBlue59' 6-max Seat #5 is the button
Seat 1: Hero ($9.15 in chips)
Seat 2: 76f6045c ($5 in chips)
Seat 5: dc0b5d53 ($5.25 in chips)
Hero: posts small blind $0.02
76f6045c: posts big blind $0.05
*** HOLE CARDS ***
Dealt to Hero [Ah 3s]
Dealt to 76f6045c 
Dealt to dc0b5d53 
dc0b5d53: folds
Hero: raises $0.09 to $0.14
76f6045c: folds
Uncalled bet ($0.09) returned to Hero
*** SHOWDOWN ***
Hero collected $0.1 from pot
*** SUMMARY ***
Total pot $0.1 | Rake $0 | Jackpot $0 | Bingo $0 | Fortune $0
Seat 1: Hero (small blind) collected ($0.1)
Seat 2: 76f6045c (big blind) folded before Flop
Seat 5: dc0b5d53 (button) folded before Flop (didn't bet)


Poker Hand #HD1155472851: Hold'em No Limit  ($0.02/$0.05) - 2023/03/11 13:43:31
Table 'NLHBlue59' 6-max Seat #2 is the button
Seat 1: Hero ($9.13 in chips)
Seat 2: 76f6045c ($5 in chips)
Seat 5: dc0b5d53 ($5.27 in chips)
dc0b5d53: posts small blind $0.02
Hero: posts big blind $0.05
*** HOLE CARDS ***
Dealt to Hero [8h Td]
Dealt to 76f6045c 
Dealt to dc0b5d53 
76f6045c: folds
dc0b5d53: folds
Uncalled bet ($0.03) returned to Hero
*** SHOWDOWN ***
Hero collected $0.04 from pot
*** SUMMARY ***
Total pot $0.04 | Rake $0 | Jackpot $0 | Bingo $0 | Fortune $0
Seat 1: Hero (big blind) collected ($0.04)
Seat 2: 76f6045c (button) folded before Flop (didn't bet)
Seat 5: dc0b5d53 (small blind) folded before Flop


Poker Hand #HD1155472781: Hold'em No Limit  ($0.02/$0.05) - 2023/03/11 13:43:03
Table 'NLHBlue59' 6-max Seat #1 is the button
Seat 1: Hero ($9.25 in chips)
Seat 2: 76f6045c ($5 in chips)
Seat 5: dc0b5d53 ($5.14 in chips)
76f6045c: posts small blind $0.02
dc0b5d53: posts big blind $0.05
*** HOLE CARDS ***
Dealt to Hero [Kc Ts]
Dealt to 76f6045c 
Dealt to dc0b5d53 
Hero: raises $0.07 to $0.12
76f6045c: folds
dc0b5d53: raises $0.23 to $0.35
Hero: folds
Uncalled bet ($0.23) returned to dc0b5d53
*** SHOWDOWN ***
dc0b5d53 collected $0.25 from pot
*** SUMMARY ***
Total pot $0.26 | Rake $0.01 | Jackpot $0 | Bingo $0 | Fortune $0
Seat 1: Hero (button) folded before Flop
Seat 2: 76f6045c (small blind) folded before Flop
Seat 5: dc0b5d53 (big blind) collected ($0.25)


Poker Hand #HD1155472746: Hold'em No Limit  ($0.02/$0.05) - 2023/03/11 13:42:51
Table 'NLHBlue59' 6-max Seat #5 is the button
Seat 1: Hero ($9.2 in chips)
Seat 2: 76f6045c ($5 in chips)
Seat 5: dc0b5d53 ($5.14 in chips)
Hero: posts small blind $0.02
76f6045c: posts big blind $0.05
*** HOLE CARDS ***
Dealt to Hero [Qs Jh]
Dealt to 76f6045c 
Dealt to dc0b5d53 
dc0b5d53: folds
Hero: raises $0.09 to $0.14
76f6045c: folds
Uncalled bet ($0.09) returned to Hero
*** SHOWDOWN ***
Hero collected $0.1 from pot
*** SUMMARY ***
Total pot $0.1 | Rake $0 | Jackpot $0 | Bingo $0 | Fortune $0
Seat 1: Hero (small blind) collected ($0.1)
Seat 2: 76f6045c (big blind) folded before Flop
Seat 5: dc0b5d53 (button) folded before Flop (didn't bet)


Poker Hand #HD1155472691: Hold'em No Limit  ($0.02/$0.05) - 2023/03/11 13:42:26
Table 'NLHBlue59' 6-max Seat #3 is the button
Seat 1: Hero ($9.04 in chips)
Seat 2: 76f6045c ($5 in chips)
Seat 3: eb9cc08d ($5.81 in chips)
Seat 5: dc0b5d53 ($5.16 in chips)
dc0b5d53: posts small blind $0.02
Hero: posts big blind $0.05
*** HOLE CARDS ***
Dealt to Hero [Js Jd]
Dealt to 76f6045c 
Dealt to eb9cc08d 
Dealt to dc0b5d53 
76f6045c: raises $0.1 to $0.15
eb9cc08d: folds
dc0b5d53: folds
Hero: raises $0.51 to $0.66
76f6045c: folds
Uncalled bet ($0.51) returned to Hero
*** SHOWDOWN ***
Hero collected $0.31 from pot
*** SUMMARY ***
Total pot $0.32 | Rake $0.01 | Jackpot $0 | Bingo $0 | Fortune $0
Seat 1: Hero (big blind) collected ($0.31)
Seat 2: 76f6045c folded before Flop
Seat 3: eb9cc08d (button) folded before Flop (didn't bet)
Seat 5: dc0b5d53 (small blind) folded before Flop


Poker Hand #HD1155472618: Hold'em No Limit  ($0.02/$0.05) - 2023/03/11 13:41:57
Table 'NLHBlue59' 6-max Seat #2 is the button
Seat 1: Hero ($9.04 in chips)
Seat 2: 76f6045c ($5.1 in chips)
Seat 3: eb9cc08d ($5.83 in chips)
Seat 5: dc0b5d53 ($5 in chips)
Seat 6: 2e772be8 ($4.73 in chips)
eb9cc08d: posts small blind $0.02
dc0b5d53: posts big blind $0.05
*** HOLE CARDS ***
Dealt to Hero [4c Qh]
Dealt to 76f6045c 
Dealt to eb9cc08d 
Dealt to dc0b5d53 
Dealt to 2e772be8 
2e772be8: folds
Hero: folds
76f6045c: raises $0.1 to $0.15
eb9cc08d: folds
dc0b5d53: raises $0.37 to $0.52
76f6045c: folds
Uncalled bet ($0.37) returned to dc0b5d53
*** SHOWDOWN ***
dc0b5d53 collected $0.31 from pot
*** SUMMARY ***
Total pot $0.32 | Rake $0.01 | Jackpot $0 | Bingo $0 | Fortune $0
Seat 1: Hero folded before Flop (didn't bet)
Seat 2: 76f6045c (button) folded before Flop
Seat 3: eb9cc08d (small blind) folded before Flop
Seat 5: dc0b5d53 (big blind) collected ($0.31)
Seat 6: 2e772be8 folded before Flop (didn't bet)


Poker Hand #HD1155472463: Hold'em No Limit  ($0.02/$0.05) - 2023/03/11 13:40:55
Table 'NLHBlue59' 6-max Seat #1 is the button
Seat 1: Hero ($9.04 in chips)
Seat 2: 76f6045c ($5.12 in chips)
Seat 3: eb9cc08d ($5.61 in chips)
Seat 6: 2e772be8 ($4.95 in chips)
76f6045c: posts small blind $0.02
eb9cc08d: posts big blind $0.05
*** HOLE CARDS ***
Dealt to Hero [Ts Jc]
Dealt to 76f6045c 
Dealt to eb9cc08d 
Dealt to 2e772be8 
2e772be8: calls $0.05
Hero: folds
76f6045c: folds
eb9cc08d: raises $0.17 to $0.22
2e772be8: calls $0.17
*** FLOP *** [4s 7d 8c]
eb9cc08d: checks
2e772be8: checks
*** TURN *** [4s 7d 8c] [3c]
eb9cc08d: checks
2e772be8: checks
*** RIVER *** [4s 7d 8c 3c] [3h]
eb9cc08d: checks
2e772be8: checks
eb9cc08d: shows [Ad Jd] (Pair of Treys)
2e772be8: shows [Qd Td] (Pair of Treys)
*** SHOWDOWN ***
eb9cc08d collected $0.44 from pot
*** SUMMARY ***
Total pot $0.46 | Rake $0.02 | Jackpot $0 | Bingo $0 | Fortune $0
Board [4s 7d 8c 3c 3h]
Seat 1: Hero (button) folded before Flop (didn't bet)
Seat 2: 76f6045c (small blind) folded before Flop
Seat 3: eb9cc08d (big blind) showed [Ad Jd] and won ($0.44) with Pair of Treys
Seat 6: 2e772be8 showed [Qd Td] and lost with Pair of Treys


Poker Hand #HD1155472445: Hold'em No Limit  ($0.02/$0.05) - 2023/03/11 13:40:48
Table 'NLHBlue59' 6-max Seat #6 is the button
Seat 1: Hero ($9.06 in chips)
Seat 2: 76f6045c ($5.1 in chips)
Seat 3: eb9cc08d ($5.61 in chips)
Seat 6: 2e772be8 ($4.95 in chips)
Hero: posts small blind $0.02
76f6045c: posts big blind $0.05
*** HOLE CARDS ***
Dealt to Hero [7s Td]
Dealt to 76f6045c 
Dealt to eb9cc08d 
Dealt to 2e772be8 
eb9cc08d: folds
2e772be8: folds
Hero: folds
Uncalled bet ($0.03) returned to 76f6045c
*** SHOWDOWN ***
76f6045c collected $0.04 from pot
*** SUMMARY ***
Total pot $0.04 | Rake $0 | Jackpot $0 | Bingo $0 | Fortune $0
Seat 1: Hero (small blind) folded before Flop
Seat 2: 76f6045c (big blind) collected ($0.04)
Seat 3: eb9cc08d folded before Flop (didn't bet)
Seat 6: 2e772be8 (button) folded before Flop (didn't bet)


Poker Hand #HD1155472372: Hold'em No Limit  ($0.02/$0.05) - 2023/03/11 13:40:21
Table 'NLHBlue59' 6-max Seat #3 is the button
Seat 1: Hero ($8.99 in chips)
Seat 2: 76f6045c ($5.1 in chips)
Seat 3: eb9cc08d ($5.61 in chips)
Seat 5: 1f87c192 ($5.3 in chips)
Seat 6: 2e772be8 ($5 in chips)
1f87c192: posts small blind $0.02
2e772be8: posts big blind $0.05
*** HOLE CARDS ***
Dealt to Hero [4s 4d]
Dealt to 76f6045c 
Dealt to eb9cc08d 
Dealt to 1f87c192 
Dealt to 2e772be8 
Hero: raises $0.07 to $0.12
76f6045c: folds
eb9cc08d: folds
1f87c192: folds
2e772be8: folds
Uncalled bet ($0.07) returned to Hero
*** SHOWDOWN ***
Hero collected $0.12 from pot
*** SUMMARY ***
Total pot $0.12 | Rake $0 | Jackpot $0 | Bingo $0 | Fortune $0
Seat 1: Hero collected ($0.12)
Seat 2: 76f6045c folded before Flop (didn't bet)
Seat 3: eb9cc08d (button) folded before Flop (didn't bet)
Seat 5: 1f87c192 (small blind) folded before Flop
Seat 6: 2e772be8 (big blind) folded before Flop


Poker Hand #HD1155472276: Hold'em No Limit  ($0.02/$0.05) - 2023/03/11 13:39:40
Table 'NLHBlue59' 6-max Seat #2 is the button
Seat 1: Hero ($8.99 in chips)
Seat 2: 76f6045c ($5.1 in chips)
Seat 3: eb9cc08d ($5.86 in chips)
Seat 5: 1f87c192 ($5.07 in chips)
eb9cc08d: posts small blind $0.02
1f87c192: posts big blind $0.05
*** HOLE CARDS ***
Dealt to Hero [Qd 8c]
Dealt to 76f6045c 
Dealt to eb9cc08d 
Dealt to 1f87c192 
Hero: folds
76f6045c: folds
eb9cc08d: raises $0.1 to $0.15
1f87c192: calls $0.1
*** FLOP *** [5h 8h Ac]
eb9cc08d: bets $0.1
1f87c192: raises $0.2 to $0.3
eb9cc08d: folds
Uncalled bet ($0.2) returned to 1f87c192
*** SHOWDOWN ***
1f87c192 collected $0.48 from pot
*** SUMMARY ***
Total pot $0.5 | Rake $0.02 | Jackpot $0 | Bingo $0 | Fortune $0
Board [5h 8h Ac]
Seat 1: Hero folded before Flop (didn't bet)
Seat 2: 76f6045c (button) folded before Flop (didn't bet)
Seat 3: eb9cc08d (small blind) folded on the Flop
Seat 5: 1f87c192 (big blind) won ($0.48)


Poker Hand #HD1155472244: Hold'em No Limit  ($0.02/$0.05) - 2023/03/11 13:39:24
Table 'NLHBlue59' 6-max Seat #1 is the button
Seat 1: Hero ($8.99 in chips)
Seat 2: 76f6045c ($5.05 in chips)
Seat 3: eb9cc08d ($5.91 in chips)
Seat 4: 9ec17e09 ($5.3 in chips)
Seat 5: 1f87c192 ($5.07 in chips)
76f6045c: posts small blind $0.02
eb9cc08d: posts big blind $0.05
*** HOLE CARDS ***
Dealt to Hero [6h Jd]
Dealt to 76f6045c 
Dealt to eb9cc08d 
Dealt to 9ec17e09 
Dealt to 1f87c192 
9ec17e09: folds
1f87c192: folds
Hero: folds
76f6045c: raises $0.1 to $0.15
eb9cc08d: folds
Uncalled bet ($0.1) returned to 76f6045c
*** SHOWDOWN ***
76f6045c collected $0.1 from pot
*** SUMMARY ***
Total pot $0.1 | Rake $0 | Jackpot $0 | Bingo $0 | Fortune $0
Seat 1: Hero (button) folded before Flop (didn't bet)
Seat 2: 76f6045c (small blind) collected ($0.1)
Seat 3: eb9cc08d (big blind) folded before Flop
Seat 4: 9ec17e09 folded before Flop (didn't bet)
Seat 5: 1f87c192 folded before Flop (didn't bet)


Poker Hand #HD1155472183: Hold'em No Limit  ($0.02/$0.05) - 2023/03/11 13:39:04
Table 'NLHBlue59' 6-max Seat #5 is the button
Seat 1: Hero ($9.01 in chips)
Seat 2: 76f6045c ($5 in chips)
Seat 3: eb9cc08d ($5.91 in chips)
Seat 4: 9ec17e09 ($5.3 in chips)
Seat 5: 1f87c192 ($5 in chips)
Hero: posts small blind $0.02
76f6045c: posts big blind $0.05
*** HOLE CARDS ***
Dealt to Hero [Ad Ts]
Dealt to 76f6045c 
Dealt to eb9cc08d 
Dealt to 9ec17e09 
Dealt to 1f87c192 
eb9cc08d: folds
9ec17e09: folds
1f87c192: raises $0.08 to $0.13
Hero: folds
76f6045c: folds
Uncalled bet ($0.08) returned to 1f87c192
*** SHOWDOWN ***
1f87c192 collected $0.12 from pot
*** SUMMARY ***
Total pot $0.12 | Rake $0 | Jackpot $0 | Bingo $0 | Fortune $0
Seat 1: Hero (small blind) folded before Flop
Seat 2: 76f6045c (big blind) folded before Flop
Seat 3: eb9cc08d folded before Flop (didn't bet)
Seat 4: 9ec17e09 folded before Flop (didn't bet)
Seat 5: 1f87c192 (button) collected ($0.12)


Poker Hand #HD1155472154: Hold'em No Limit  ($0.02/$0.05) - 2023/03/11 13:38:52
Table 'NLHBlue59' 6-max Seat #4 is the button
Seat 1: Hero ($8.99 in chips)
Seat 3: eb9cc08d ($5.91 in chips)
Seat 4: 9ec17e09 ($5.3 in chips)
Seat 5: 1f87c192 ($5.02 in chips)
1f87c192: posts small blind $0.02
Hero: posts big blind $0.05
*** HOLE CARDS ***
Dealt to Hero [4d 8c]
Dealt to eb9cc08d 
Dealt to 9ec17e09 
Dealt to 1f87c192 
eb9cc08d: folds
9ec17e09: folds
1f87c192: folds
Uncalled bet ($0.03) returned to Hero
*** SHOWDOWN ***
Hero collected $0.04 from pot
*** SUMMARY ***
Total pot $0.04 | Rake $0 | Jackpot $0 | Bingo $0 | Fortune $0
Seat 1: Hero (big blind) collected ($0.04)
Seat 3: eb9cc08d folded before Flop (didn't bet)
Seat 4: 9ec17e09 (button) folded before Flop (didn't bet)
Seat 5: 1f87c192 (small blind) folded before Flop


Poker Hand #HD1155472064: Hold'em No Limit  ($0.02/$0.05) - 2023/03/11 13:38:15
Table 'NLHBlue59' 6-max Seat #3 is the button
Seat 1: Hero ($8.99 in chips)
Seat 3: eb9cc08d ($5.91 in chips)
Seat 4: 9ec17e09 ($5.32 in chips)
Seat 5: 1f87c192 ($5 in chips)
Seat 6: 2f05c4db ($5.14 in chips)
9ec17e09: posts small blind $0.02
1f87c192: posts big blind $0.05
*** HOLE CARDS ***
Dealt to Hero [3h Kd]
Dealt to eb9cc08d 
Dealt to 9ec17e09 
Dealt to 1f87c192 
Dealt to 2f05c4db 
2f05c4db: folds
Hero: folds
eb9cc08d: folds
9ec17e09: folds
Uncalled bet ($0.03) returned to 1f87c192
*** SHOWDOWN ***
1f87c192 collected $0.04 from pot
*** SUMMARY ***
Total pot $0.04 | Rake $0 | Jackpot $0 | Bingo $0 | Fortune $0
Seat 1: Hero folded before Flop (didn't bet)
Seat 3: eb9cc08d (button) folded before Flop (didn't bet)
Seat 4: 9ec17e09 (small blind) folded before Flop
Seat 5: 1f87c192 (big blind) collected ($0.04)
Seat 6: 2f05c4db folded before Flop (didn't bet)


Poker Hand #HD1155472012: Hold'em No Limit  ($0.02/$0.05) - 2023/03/11 13:37:51
Table 'NLHBlue59' 6-max Seat #1 is the button
Seat 1: Hero ($8.99 in chips)
Seat 3: eb9cc08d ($5.93 in chips)
Seat 4: 9ec17e09 ($5.37 in chips)
Seat 6: 2f05c4db ($5.07 in chips)
eb9cc08d: posts small blind $0.02
9ec17e09: posts big blind $0.05
*** HOLE CARDS ***
Dealt to Hero [3c Qs]
Dealt to eb9cc08d 
Dealt to 9ec17e09 
Dealt to 2f05c4db 
2f05c4db: raises $0.08 to $0.13
Hero: folds
eb9cc08d: folds
9ec17e09: folds
Uncalled bet ($0.08) returned to 2f05c4db
*** SHOWDOWN ***
2f05c4db collected $0.12 from pot
*** SUMMARY ***
Total pot $0.12 | Rake $0 | Jackpot $0 | Bingo $0 | Fortune $0
Seat 1: Hero (button) folded before Flop (didn't bet)
Seat 3: eb9cc08d (small blind) folded before Flop
Seat 4: 9ec17e09 (big blind) folded before Flop
Seat 6: 2f05c4db collected ($0.12)


Poker Hand #HD1155471991: Hold'em No Limit  ($0.02/$0.05) - 2023/03/11 13:37:41
Table 'NLHBlue59' 6-max Seat #6 is the button
Seat 1: Hero ($9.01 in chips)
Seat 3: eb9cc08d ($5.98 in chips)
Seat 4: 9ec17e09 ($5.37 in chips)
Seat 6: 2f05c4db ($5 in chips)
Hero: posts small blind $0.02
eb9cc08d: posts big blind $0.05
*** HOLE CARDS ***
Dealt to Hero [6d 5h]
Dealt to eb9cc08d 
Dealt to 9ec17e09 
Dealt to 2f05c4db 
9ec17e09: folds
2f05c4db: raises $0.05 to $0.1
Hero: folds
eb9cc08d: folds
Uncalled bet ($0.05) returned to 2f05c4db
*** SHOWDOWN ***
2f05c4db collected $0.12 from pot
*** SUMMARY ***
Total pot $0.12 | Rake $0 | Jackpot $0 | Bingo $0 | Fortune $0
Seat 1: Hero (small blind) folded before Flop
Seat 3: eb9cc08d (big blind) folded before Flop
Seat 4: 9ec17e09 folded before Flop (didn't bet)
Seat 6: 2f05c4db (button) collected ($0.12)


Poker Hand #HD1155471959: Hold'em No Limit  ($0.02/$0.05) - 2023/03/11 13:37:26
Table 'NLHBlue59' 6-max Seat #4 is the button
Seat 1: Hero ($9.06 in chips)
Seat 3: eb9cc08d ($5.91 in chips)
Seat 4: 9ec17e09 ($5.37 in chips)
Seat 6: 2f05c4db ($5.01 in chips)
2f05c4db: posts small blind $0.02
Hero: posts big blind $0.05
*** HOLE CARDS ***
Dealt to Hero [Tc 6d]
Dealt to eb9cc08d 
Dealt to 9ec17e09 
Dealt to 2f05c4db 
eb9cc08d: raises $0.07 to $0.12
9ec17e09: folds
2f05c4db: folds
Hero: folds
Uncalled bet ($0.07) returned to eb9cc08d
*** SHOWDOWN ***
eb9cc08d collected $0.12 from pot
*** SUMMARY ***
Total pot $0.12 | Rake $0 | Jackpot $0 | Bingo $0 | Fortune $0
Seat 1: Hero (big blind) folded before Flop
Seat 3: eb9cc08d collected ($0.12)
Seat 4: 9ec17e09 (button) folded before Flop (didn't bet)
Seat 6: 2f05c4db (small blind) folded before Flop


Poker Hand #HD1155471788: Hold'em No Limit  ($0.02/$0.05) - 2023/03/11 13:36:20
Table 'NLHBlue59' 6-max Seat #3 is the button
Seat 1: Hero ($9.06 in chips)
Seat 2: ccd9656 ($6.2 in chips)
Seat 3: eb9cc08d ($5.91 in chips)
Seat 4: 9ec17e09 ($5.39 in chips)
Seat 5: e1178c38 ($11.31 in chips)
Seat 6: 2f05c4db ($5 in chips)
9ec17e09: posts small blind $0.02
e1178c38: posts big blind $0.05
*** HOLE CARDS ***
Dealt to Hero [6c 8h]
Dealt to ccd9656 
Dealt to eb9cc08d 
Dealt to 9ec17e09 
Dealt to e1178c38 
Dealt to 2f05c4db 
2f05c4db: raises $0.05 to $0.1
Hero: folds
ccd9656: folds
eb9cc08d: folds
9ec17e09: folds
e1178c38: calls $0.05
*** FLOP *** [3d As Td]
e1178c38: checks
2f05c4db: checks
*** TURN *** [3d As Td] [2d]
e1178c38: checks
2f05c4db: checks
*** RIVER *** [3d As Td 2d] [2c]
e1178c38: checks
2f05c4db: checks
e1178c38: shows [9c 8c] (Pair of Twos)
2f05c4db: shows [9s 8s] (Pair of Twos)
*** SHOWDOWN ***
e1178c38 collected $0.11 from pot
2f05c4db collected $0.11 from pot
*** SUMMARY ***
Total pot $0.22 | Rake $0 | Jackpot $0 | Bingo $0 | Fortune $0
Board [3d As Td 2d 2c]
Seat 1: Hero folded before Flop (didn't bet)
Seat 2: ccd9656 folded before Flop (didn't bet)
Seat 3: eb9cc08d (button) folded before Flop (didn't bet)
Seat 4: 9ec17e09 (small blind) folded before Flop
Seat 5: e1178c38 (big blind) showed [9c 8c] and won ($0.11) with Pair of Twos
Seat 6: 2f05c4db showed [9s 8s] and won ($0.11) with Pair of Twos


Poker Hand #HD1155471685: Hold'em No Limit  ($0.02/$0.05) - 2023/03/11 13:35:32
Table 'NLHBlue59' 6-max Seat #2 is the button
Seat 1: Hero ($9.06 in chips)
Seat 2: ccd9656 ($6.04 in chips)
Seat 3: eb9cc08d ($5.93 in chips)
Seat 4: 9ec17e09 ($5.44 in chips)
Seat 5: e1178c38 ($11.31 in chips)
Seat 6: 2f05c4db ($5 in chips)
eb9cc08d: posts small blind $0.02
9ec17e09: posts big blind $0.05
*** HOLE CARDS ***
Dealt to Hero [4s Qh]
Dealt to ccd9656 
Dealt to eb9cc08d 
Dealt to 9ec17e09 
Dealt to e1178c38 
Dealt to 2f05c4db 
e1178c38: folds
2f05c4db: raises $0.05 to $0.1
Hero: folds
ccd9656: raises $0.2 to $0.3
eb9cc08d: folds
9ec17e09: folds
2f05c4db: folds
Uncalled bet ($0.2) returned to ccd9656
*** SHOWDOWN ***
ccd9656 collected $0.26 from pot
*** SUMMARY ***
Total pot $0.27 | Rake $0.01 | Jackpot $0 | Bingo $0 | Fortune $0
Seat 1: Hero folded before Flop (didn't bet)
Seat 2: ccd9656 (button) collected ($0.26)
Seat 3: eb9cc08d (small blind) folded before Flop
Seat 4: 9ec17e09 (big blind) folded before Flop
Seat 5: e1178c38 folded before Flop (didn't bet)
Seat 6: 2f05c4db folded before Flop


Poker Hand #HD1155471524: Hold'em No Limit  ($0.02/$0.05) - 2023/03/11 13:34:26
Table 'NLHBlue59' 6-max Seat #1 is the button
Seat 1: Hero ($9.06 in chips)
Seat 2: ccd9656 ($6.14 in chips)
Seat 3: eb9cc08d ($5.65 in chips)
Seat 4: 9ec17e09 ($5.44 in chips)
Seat 5: e1178c38 ($11.31 in chips)
Seat 6: 2f05c4db ($5 in chips)
ccd9656: posts small blind $0.02
eb9cc08d: posts big blind $0.05
*** HOLE CARDS ***
Dealt to Hero [3h Ad]
Dealt to ccd9656 
Dealt to eb9cc08d 
Dealt to 9ec17e09 
Dealt to e1178c38 
Dealt to 2f05c4db 
9ec17e09: folds
e1178c38: folds
2f05c4db: raises $0.05 to $0.1
Hero: folds
ccd9656: calls $0.08
eb9cc08d: calls $0.05
*** FLOP *** [9s 7c 5c]
ccd9656: checks
eb9cc08d: checks
2f05c4db: bets $0.1
ccd9656: folds
eb9cc08d: raises $0.38 to $0.48
2f05c4db: folds
Uncalled bet ($0.38) returned to eb9cc08d
*** SHOWDOWN ***
eb9cc08d collected $0.48 from pot
*** SUMMARY ***
Total pot $0.5 | Rake $0.02 | Jackpot $0 | Bingo $0 | Fortune $0
Board [9s 7c 5c]
Seat 1: Hero (button) folded before Flop (didn't bet)
Seat 2: ccd9656 (small blind) folded on the Flop
Seat 3: eb9cc08d (big blind) won ($0.48)
Seat 4: 9ec17e09 folded before Flop (didn't bet)
Seat 5: e1178c38 folded before Flop (didn't bet)
Seat 6: 2f05c4db folded on the Flop


Poker Hand #HD1155471426: Hold'em No Limit  ($0.02/$0.05) - 2023/03/11 13:33:41
Table 'NLHBlue59' 6-max Seat #6 is the button
Seat 1: Hero ($9.08 in chips)
Seat 2: ccd9656 ($5.85 in chips)
Seat 3: eb9cc08d ($5.65 in chips)
Seat 4: 9ec17e09 ($5.44 in chips)
Seat 5: e1178c38 ($11.61 in chips)
Seat 6: 2f05c4db ($5 in chips)
Hero: posts small blind $0.02
ccd9656: posts big blind $0.05
*** HOLE CARDS ***
Dealt to Hero [7h Td]
Dealt to ccd9656 
Dealt to eb9cc08d 
Dealt to 9ec17e09 
Dealt to e1178c38 
Dealt to 2f05c4db 
eb9cc08d: folds
9ec17e09: folds
e1178c38: raises $0.08 to $0.13
2f05c4db: folds
Hero: folds
ccd9656: raises $0.17 to $0.3
e1178c38: calls $0.17
*** FLOP *** [5h 6h 2s]
ccd9656: bets $0.31
e1178c38: folds
Uncalled bet ($0.31) returned to ccd9656
*** SHOWDOWN ***
ccd9656 collected $0.59 from pot
*** SUMMARY ***
Total pot $0.62 | Rake $0.03 | Jackpot $0 | Bingo $0 | Fortune $0
Board [5h 6h 2s]
Seat 1: Hero (small blind) folded before Flop
Seat 2: ccd9656 (big blind) won ($0.59)
Seat 3: eb9cc08d folded before Flop (didn't bet)
Seat 4: 9ec17e09 folded before Flop (didn't bet)
Seat 5: e1178c38 folded on the Flop
Seat 6: 2f05c4db (button) folded before Flop (didn't bet)


Poker Hand #HD1155471385: Hold'em No Limit  ($0.02/$0.05) - 2023/03/11 13:33:24
Table 'NLHBlue59' 6-max Seat #5 is the button
Seat 1: Hero ($9.06 in chips)
Seat 2: ccd9656 ($5.85 in chips)
Seat 3: eb9cc08d ($5.65 in chips)
Seat 4: 9ec17e09 ($5.44 in chips)
Seat 5: e1178c38 ($11.61 in chips)
Seat 6: 2f05c4db ($5 in chips)
2f05c4db: posts small blind $0.02
Hero: posts big blind $0.05
*** HOLE CARDS ***
Dealt to Hero [3c Ts]
Dealt to ccd9656 
Dealt to eb9cc08d 
Dealt to 9ec17e09 
Dealt to e1178c38 
Dealt to 2f05c4db 
ccd9656: folds
eb9cc08d: folds
9ec17e09: folds
e1178c38: folds
2f05c4db: folds
Uncalled bet ($0.03) returned to Hero
*** SHOWDOWN ***
Hero collected $0.04 from pot
*** SUMMARY ***
Total pot $0.04 | Rake $0 | Jackpot $0 | Bingo $0 | Fortune $0
Seat 1: Hero (big blind) collected ($0.04)
Seat 2: ccd9656 folded before Flop (didn't bet)
Seat 3: eb9cc08d folded before Flop (didn't bet)
Seat 4: 9ec17e09 folded before Flop (didn't bet)
Seat 5: e1178c38 (button) folded before Flop (didn't bet)
Seat 6: 2f05c4db (small blind) folded before Flop


Poker Hand #HD1155471201: Hold'em No Limit  ($0.02/$0.05) - 2023/03/11 13:32:07
Table 'NLHBlue59' 6-max Seat #4 is the button
Seat 1: Hero ($9.06 in chips)
Seat 2: ccd9656 ($7.92 in chips)
Seat 3: eb9cc08d ($5.65 in chips)
Seat 4: 9ec17e09 ($5.44 in chips)
Seat 5: e1178c38 ($9.74 in chips)
Seat 6: 2f05c4db ($5 in chips)
e1178c38: posts small blind $0.02
2f05c4db: posts big blind $0.05
*** HOLE CARDS ***
Dealt to Hero [5d 9d]
Dealt to ccd9656 
Dealt to eb9cc08d 
Dealt to 9ec17e09 
Dealt to e1178c38 
Dealt to 2f05c4db 
Hero: folds
ccd9656: raises $0.08 to $0.13
eb9cc08d: folds
9ec17e09: folds
e1178c38: raises $0.24 to $0.37
2f05c4db: folds
ccd9656: calls $0.24
*** FLOP *** [8c 4h 8d]
e1178c38: bets $0.55
ccd9656: calls $0.55
*** TURN *** [8c 4h 8d] [4s]
e1178c38: checks
ccd9656: bets $1.15
e1178c38: calls $1.15
*** RIVER *** [8c 4h 8d 4s] [4c]
e1178c38: checks
ccd9656: checks
e1178c38: shows [As Ad] (Fours Full over Aces)
ccd9656: shows [7s 9h] (Fours Full over Eights)
*** SHOWDOWN ***
e1178c38 collected $3.94 from pot
*** SUMMARY ***
Total pot $4.19 | Rake $0.2 | Jackpot $0.05 | Bingo $0 | Fortune $0
Board [8c 4h 8d 4s 4c]
Seat 1: Hero folded before Flop (didn't bet)
Seat 2: ccd9656 showed [7s 9h] and lost with Fours Full over Eights
Seat 3: eb9cc08d folded before Flop (didn't bet)
Seat 4: 9ec17e09 (button) folded before Flop (didn't bet)
Seat 5: e1178c38 (small blind) showed [As Ad] and won ($3.94) with Fours Full over Aces
Seat 6: 2f05c4db (big blind) folded before Flop


Poker Hand #HD1155471107: Hold'em No Limit  ($0.02/$0.05) - 2023/03/11 13:31:29
Table 'NLHBlue59' 6-max Seat #3 is the button
Seat 1: Hero ($9.18 in chips)
Seat 2: ccd9656 ($8.04 in chips)
Seat 3: eb9cc08d ($5.65 in chips)
Seat 4: 9ec17e09 ($5.17 in chips)
Seat 5: e1178c38 ($9.79 in chips)
Seat 6: 2f05c4db ($5 in chips)
9ec17e09: posts small blind $0.02
e1178c38: posts big blind $0.05
*** HOLE CARDS ***
Dealt to Hero [6h Ah]
Dealt to ccd9656 
Dealt to eb9cc08d 
Dealt to 9ec17e09 
Dealt to e1178c38 
Dealt to 2f05c4db 
2f05c4db: folds
Hero: raises $0.07 to $0.12
ccd9656: calls $0.12
eb9cc08d: folds
9ec17e09: raises $0.46 to $0.58
e1178c38: folds
Hero: folds
ccd9656: folds
Uncalled bet ($0.46) returned to 9ec17e09
*** SHOWDOWN ***
9ec17e09 collected $0.39 from pot
*** SUMMARY ***
Total pot $0.41 | Rake $0.02 | Jackpot $0 | Bingo $0 | Fortune $0
Seat 1: Hero folded before Flop
Seat 2: ccd9656 folded before Flop
Seat 3: eb9cc08d (button) folded before Flop (didn't bet)
Seat 4: 9ec17e09 (small blind) collected ($0.39)
Seat 5: e1178c38 (big blind) folded before Flop
Seat 6: 2f05c4db folded before Flop (didn't bet)


Poker Hand #HD1155471044: Hold'em No Limit  ($0.02/$0.05) - 2023/03/11 13:31:04
Table 'NLHBlue59' 6-max Seat #2 is the button
Seat 1: Hero ($9.18 in chips)
Seat 2: ccd9656 ($7.88 in chips)
Seat 3: eb9cc08d ($5.67 in chips)
Seat 4: 9ec17e09 ($5.22 in chips)
Seat 5: e1178c38 ($9.79 in chips)
Seat 6: 2f05c4db ($5 in chips)
eb9cc08d: posts small blind $0.02
9ec17e09: posts big blind $0.05
*** HOLE CARDS ***
Dealt to Hero [6s Qd]
Dealt to ccd9656 
Dealt to eb9cc08d 
Dealt to 9ec17e09 
Dealt to e1178c38 
Dealt to 2f05c4db 
e1178c38: folds
2f05c4db: raises $0.05 to $0.1
Hero: folds
ccd9656: raises $0.09 to $0.19
eb9cc08d: folds
9ec17e09: folds
2f05c4db: folds
Uncalled bet ($0.09) returned to ccd9656
*** SHOWDOWN ***
ccd9656 collected $0.26 from pot
*** SUMMARY ***
Total pot $0.27 | Rake $0.01 | Jackpot $0 | Bingo $0 | Fortune $0
Seat 1: Hero folded before Flop (didn't bet)
Seat 2: ccd9656 (button) collected ($0.26)
Seat 3: eb9cc08d (small blind) folded before Flop
Seat 4: 9ec17e09 (big blind) folded before Flop
Seat 5: e1178c38 folded before Flop (didn't bet)
Seat 6: 2f05c4db folded before Flop


Poker Hand #HD1155470834: Hold'em No Limit  ($0.02/$0.05) - 2023/03/11 13:29:32
Table 'NLHBlue59' 6-max Seat #1 is the button
Seat 1: Hero ($9.18 in chips)
Seat 2: ccd9656 ($8.7 in chips)
Seat 3: eb9cc08d ($4.85 in chips)
Seat 4: 9ec17e09 ($5.22 in chips)
Seat 5: e1178c38 ($9.92 in chips)
Seat 6: 2f05c4db ($5 in chips)
ccd9656: posts small blind $0.02
eb9cc08d: posts big blind $0.05
*** HOLE CARDS ***
Dealt to Hero [3h Jd]
Dealt to ccd9656 
Dealt to eb9cc08d 
Dealt to 9ec17e09 
Dealt to e1178c38 
Dealt to 2f05c4db 
9ec17e09: folds
e1178c38: raises $0.08 to $0.13
2f05c4db: folds
Hero: folds
ccd9656: raises $0.22 to $0.35
eb9cc08d: raises $0.47 to $0.82
e1178c38: folds
ccd9656: calls $0.47
*** FLOP *** [2d 2s Tc]
ccd9656: checks
eb9cc08d: bets $0.59
ccd9656: folds
Uncalled bet ($0.59) returned to eb9cc08d
*** SHOWDOWN ***
eb9cc08d collected $1.64 from pot
*** SUMMARY ***
Total pot $1.77 | Rake $0.08 | Jackpot $0.05 | Bingo $0 | Fortune $0
Board [2d 2s Tc]
Seat 1: Hero (button) folded before Flop (didn't bet)
Seat 2: ccd9656 (small blind) folded on the Flop
Seat 3: eb9cc08d (big blind) won ($1.64)
Seat 4: 9ec17e09 folded before Flop (didn't bet)
Seat 5: e1178c38 folded before Flop
Seat 6: 2f05c4db folded before Flop (didn't bet)


Poker Hand #HD1155470779: Hold'em No Limit  ($0.02/$0.05) - 2023/03/11 13:29:11
Table 'NLHBlue59' 6-max Seat #6 is the button
Seat 1: Hero ($9.2 in chips)
Seat 2: ccd9656 ($8.75 in chips)
Seat 3: eb9cc08d ($5 in chips)
Seat 4: 9ec17e09 ($5.22 in chips)
Seat 5: e1178c38 ($9.71 in chips)
Seat 6: 2f05c4db ($5 in chips)
Hero: posts small blind $0.02
ccd9656: posts big blind $0.05
*** HOLE CARDS ***
Dealt to Hero [As 2c]
Dealt to ccd9656 
Dealt to eb9cc08d 
Dealt to 9ec17e09 
Dealt to e1178c38 
Dealt to 2f05c4db 
eb9cc08d: raises $0.1 to $0.15
9ec17e09: folds
e1178c38: raises $0.37 to $0.52
2f05c4db: folds
Hero: folds
ccd9656: folds
eb9cc08d: folds
Uncalled bet ($0.37) returned to e1178c38
*** SHOWDOWN ***
e1178c38 collected $0.36 from pot
*** SUMMARY ***
Total pot $0.37 | Rake $0.01 | Jackpot $0 | Bingo $0 | Fortune $0
Seat 1: Hero (small blind) folded before Flop
Seat 2: ccd9656 (big blind) folded before Flop
Seat 3: eb9cc08d folded before Flop
Seat 4: 9ec17e09 folded before Flop (didn't bet)
Seat 5: e1178c38 collected ($0.36)
Seat 6: 2f05c4db (button) folded before Flop (didn't bet)


Poker Hand #HD1155470701: Hold'em No Limit  ($0.02/$0.05) - 2023/03/11 13:28:41
Table 'NLHBlue59' 6-max Seat #5 is the button
Seat 1: Hero ($9.25 in chips)
Seat 2: ccd9656 ($8.75 in chips)
Seat 3: eb9cc08d ($5 in chips)
Seat 4: 9ec17e09 ($5.15 in chips)
Seat 5: e1178c38 ($9.71 in chips)
Seat 6: 2f05c4db ($5.02 in chips)
2f05c4db: posts small blind $0.02
Hero: posts big blind $0.05
*** HOLE CARDS ***
Dealt to Hero [9s 8d]
Dealt to ccd9656 
Dealt to eb9cc08d 
Dealt to 9ec17e09 
Dealt to e1178c38 
Dealt to 2f05c4db 
ccd9656: folds
eb9cc08d: folds
9ec17e09: raises $0.05 to $0.1
e1178c38: folds
2f05c4db: folds
Hero: folds
Uncalled bet ($0.05) returned to 9ec17e09
*** SHOWDOWN ***
9ec17e09 collected $0.12 from pot
*** SUMMARY ***
Total pot $0.12 | Rake $0 | Jackpot $0 | Bingo $0 | Fortune $0
Seat 1: Hero (big blind) folded before Flop
Seat 2: ccd9656 folded before Flop (didn't bet)
Seat 3: eb9cc08d folded before Flop (didn't bet)
Seat 4: 9ec17e09 collected ($0.12)
Seat 5: e1178c38 (button) folded before Flop (didn't bet)
Seat 6: 2f05c4db (small blind) folded before Flop


Poker Hand #HD1155470642: Hold'em No Limit  ($0.02/$0.05) - 2023/03/11 13:28:17
Table 'NLHBlue59' 6-max Seat #4 is the button
Seat 1: Hero ($9.25 in chips)
Seat 2: ccd9656 ($8.75 in chips)
Seat 3: eb9cc08d ($5 in chips)
Seat 4: 9ec17e09 ($5.15 in chips)
Seat 5: e1178c38 ($9.73 in chips)
Seat 6: 2f05c4db ($5 in chips)
e1178c38: posts small blind $0.02
2f05c4db: posts big blind $0.05
*** HOLE CARDS ***
Dealt to Hero [Qc 9s]
Dealt to ccd9656 
Dealt to eb9cc08d 
Dealt to 9ec17e09 
Dealt to e1178c38 
Dealt to 2f05c4db 
Hero: folds
ccd9656: folds
eb9cc08d: folds
9ec17e09: folds
e1178c38: folds
Uncalled bet ($0.03) returned to 2f05c4db
*** SHOWDOWN ***
2f05c4db collected $0.04 from pot
*** SUMMARY ***
Total pot $0.04 | Rake $0 | Jackpot $0 | Bingo $0 | Fortune $0
Seat 1: Hero folded before Flop (didn't bet)
Seat 2: ccd9656 folded before Flop (didn't bet)
Seat 3: eb9cc08d folded before Flop (didn't bet)
Seat 4: 9ec17e09 (button) folded before Flop (didn't bet)
Seat 5: e1178c38 (small blind) folded before Flop
Seat 6: 2f05c4db (big blind) collected ($0.04)


Poker Hand #HD1155470566: Hold'em No Limit  ($0.02/$0.05) - 2023/03/11 13:27:46
Table 'NLHBlue59' 6-max Seat #3 is the button
Seat 1: Hero ($9.25 in chips)
Seat 2: ccd9656 ($8.75 in chips)
Seat 3: eb9cc08d ($5 in chips)
Seat 4: 9ec17e09 ($5.17 in chips)
Seat 5: e1178c38 ($9.71 in chips)
Seat 6: 2f05c4db ($5 in chips)
9ec17e09: posts small blind $0.02
e1178c38: posts big blind $0.05
*** HOLE CARDS ***
Dealt to Hero [Th 4s]
Dealt to ccd9656 
Dealt to eb9cc08d 
Dealt to 9ec17e09 
Dealt to e1178c38 
Dealt to 2f05c4db 
2f05c4db: folds
Hero: folds
ccd9656: folds
eb9cc08d: folds
9ec17e09: folds
Uncalled bet ($0.03) returned to e1178c38
*** SHOWDOWN ***
e1178c38 collected $0.04 from pot
*** SUMMARY ***
Total pot $0.04 | Rake $0 | Jackpot $0 | Bingo $0 | Fortune $0
Seat 1: Hero folded before Flop (didn't bet)
Seat 2: ccd9656 folded before Flop (didn't bet)
Seat 3: eb9cc08d (button) folded before Flop (didn't bet)
Seat 4: 9ec17e09 (small blind) folded before Flop
Seat 5: e1178c38 (big blind) collected ($0.04)
Seat 6: 2f05c4db folded before Flop (didn't bet)


Poker Hand #HD1155470309: Hold'em No Limit  ($0.02/$0.05) - 2023/03/11 13:26:05
Table 'NLHBlue59' 6-max Seat #2 is the button
Seat 1: Hero ($9.25 in chips)
Seat 2: ccd9656 ($7.5 in chips)
Seat 3: eb9cc08d ($5.48 in chips)
Seat 4: 9ec17e09 ($5.22 in chips)
Seat 5: e1178c38 ($9.71 in chips)
Seat 6: 2f05c4db ($5 in chips)
eb9cc08d: posts small blind $0.02
9ec17e09: posts big blind $0.05
*** HOLE CARDS ***
Dealt to Hero [Jh 3d]
Dealt to ccd9656 
Dealt to eb9cc08d 
Dealt to 9ec17e09 
Dealt to e1178c38 
Dealt to 2f05c4db 
e1178c38: folds
2f05c4db: folds
Hero: folds
ccd9656: raises $0.08 to $0.13
eb9cc08d: raises $0.35 to $0.48
9ec17e09: folds
ccd9656: calls $0.35
*** FLOP *** [6c Th Qc]
eb9cc08d: bets $0.34
ccd9656: raises $0.56 to $0.9
eb9cc08d: calls $0.56
*** TURN *** [6c Th Qc] [7s]
eb9cc08d: checks
ccd9656: bets $1.7
eb9cc08d: folds
Uncalled bet ($1.7) returned to ccd9656
*** SHOWDOWN ***
ccd9656 collected $2.63 from pot
*** SUMMARY ***
Total pot $2.81 | Rake $0.13 | Jackpot $0.05 | Bingo $0 | Fortune $0
Board [6c Th Qc 7s]
Seat 1: Hero folded before Flop (didn't bet)
Seat 2: ccd9656 (button) won ($2.63)
Seat 3: eb9cc08d (small blind) folded on the Turn
Seat 4: 9ec17e09 (big blind) folded before Flop
Seat 5: e1178c38 folded before Flop (didn't bet)
Seat 6: 2f05c4db folded before Flop (didn't bet)


Poker Hand #HD1155470202: Hold'em No Limit  ($0.02/$0.05) - 2023/03/11 13:25:21
Table 'NLHBlue59' 6-max Seat #1 is the button
Seat 1: Hero ($9.37 in chips)
Seat 2: ccd9656 ($7.52 in chips)
Seat 3: eb9cc08d ($5.35 in chips)
Seat 4: 9ec17e09 ($5.22 in chips)
Seat 5: e1178c38 ($9.71 in chips)
Seat 6: 2f05c4db ($5 in chips)
ccd9656: posts small blind $0.02
eb9cc08d: posts big blind $0.05
*** HOLE CARDS ***
Dealt to Hero [Ad 7c]
Dealt to ccd9656 
Dealt to eb9cc08d 
Dealt to 9ec17e09 
Dealt to e1178c38 
Dealt to 2f05c4db 
9ec17e09: folds
e1178c38: folds
2f05c4db: folds
Hero: raises $0.07 to $0.12
ccd9656: folds
eb9cc08d: calls $0.07
*** FLOP *** [Tc 6s Kc]
eb9cc08d: checks
Hero: checks
*** TURN *** [Tc 6s Kc] [Jh]
eb9cc08d: checks
Hero: checks
*** RIVER *** [Tc 6s Kc Jh] [3c]
eb9cc08d: checks
Hero: checks
eb9cc08d: shows [Ah 6d] (Pair of Sixes)
Hero: shows [Ad 7c] (Ace-High)
*** SHOWDOWN ***
eb9cc08d collected $0.25 from pot
*** SUMMARY ***
Total pot $0.26 | Rake $0.01 | Jackpot $0 | Bingo $0 | Fortune $0
Board [Tc 6s Kc Jh 3c]
Seat 1: Hero (button) showed [Ad 7c] and lost with Ace-High
Seat 2: ccd9656 (small blind) folded before Flop
Seat 3: eb9cc08d (big blind) showed [Ah 6d] and won ($0.25) with Pair of Sixes
Seat 4: 9ec17e09 folded before Flop (didn't bet)
Seat 5: e1178c38 folded before Flop (didn't bet)
Seat 6: 2f05c4db folded before Flop (didn't bet)


Poker Hand #HD1155470041: Hold'em No Limit  ($0.02/$0.05) - 2023/03/11 13:24:18
Table 'NLHBlue59' 6-max Seat #6 is the button
Seat 1: Hero ($9.39 in chips)
Seat 2: ccd9656 ($6.82 in chips)
Seat 3: eb9cc08d ($5.35 in chips)
Seat 4: 9ec17e09 ($5.22 in chips)
Seat 5: e1178c38 ($9.71 in chips)
Seat 6: 2f05c4db ($5 in chips)
Hero: posts small blind $0.02
ccd9656: posts big blind $0.05
*** HOLE CARDS ***
Dealt to Hero [9c 4d]
Dealt to ccd9656 
Dealt to eb9cc08d 
Dealt to 9ec17e09 
Dealt to e1178c38 
Dealt to 2f05c4db 
eb9cc08d: folds
9ec17e09: folds
e1178c38: folds
2f05c4db: raises $0.05 to $0.1
Hero: folds
ccd9656: raises $0.2 to $0.3
2f05c4db: calls $0.2
*** FLOP *** [Td Qs Ad]
ccd9656: checks
2f05c4db: checks
*** TURN *** [Td Qs Ad] [As]
ccd9656: checks
2f05c4db: checks
*** RIVER *** [Td Qs Ad As] [Jc]
ccd9656: bets $0.5
2f05c4db: calls $0.5
ccd9656: shows [Ts Th] (Tens Full over Aces)
2f05c4db: shows [Kc 8c] (Aces-High Straight)
*** SHOWDOWN ***
ccd9656 collected $1.5 from pot
*** SUMMARY ***
Total pot $1.62 | Rake $0.07 | Jackpot $0.05 | Bingo $0 | Fortune $0
Board [Td Qs Ad As Jc]
Seat 1: Hero (small blind) folded before Flop
Seat 2: ccd9656 (big blind) showed [Ts Th] and won ($1.5) with Tens Full over Aces
Seat 3: eb9cc08d folded before Flop (didn't bet)
Seat 4: 9ec17e09 folded before Flop (didn't bet)
Seat 5: e1178c38 folded before Flop (didn't bet)
Seat 6: 2f05c4db (button) showed [Kc 8c] and lost with Aces-High Straight


Poker Hand #HD1155469945: Hold'em No Limit  ($0.02/$0.05) - 2023/03/11 13:23:34
Table 'NLHBlue59' 6-max Seat #5 is the button
Seat 1: Hero ($9.44 in chips)
Seat 2: ccd9656 ($6.95 in chips)
Seat 3: eb9cc08d ($5.35 in chips)
Seat 4: 9ec17e09 ($5.03 in chips)
Seat 5: e1178c38 ($9.71 in chips)
Seat 6: 2f05c4db ($5 in chips)
2f05c4db: posts small blind $0.02
Hero: posts big blind $0.05
*** HOLE CARDS ***
Dealt to Hero [2c Js]
Dealt to ccd9656 
Dealt to eb9cc08d 
Dealt to 9ec17e09 
Dealt to e1178c38 
Dealt to 2f05c4db 
ccd9656: raises $0.08 to $0.13
eb9cc08d: folds
9ec17e09: raises $0.25 to $0.38
e1178c38: folds
2f05c4db: folds
Hero: folds
ccd9656: folds
Uncalled bet ($0.25) returned to 9ec17e09
*** SHOWDOWN ***
9ec17e09 collected $0.32 from pot
*** SUMMARY ***
Total pot $0.33 | Rake $0.01 | Jackpot $0 | Bingo $0 | Fortune $0
Seat 1: Hero (big blind) folded before Flop
Seat 2: ccd9656 folded before Flop
Seat 3: eb9cc08d folded before Flop (didn't bet)
Seat 4: 9ec17e09 collected ($0.32)
Seat 5: e1178c38 (button) folded before Flop (didn't bet)
Seat 6: 2f05c4db (small blind) folded before Flop


Poker Hand #HD1155469899: Hold'em No Limit  ($0.02/$0.05) - 2023/03/11 13:23:14
Table 'NLHBlue59' 6-max Seat #4 is the button
Seat 1: Hero ($9.44 in chips)
Seat 2: ccd9656 ($6.88 in chips)
Seat 3: eb9cc08d ($5.35 in chips)
Seat 4: 9ec17e09 ($5.03 in chips)
Seat 5: e1178c38 ($9.73 in chips)
Seat 6: 2f05c4db ($5 in chips)
e1178c38: posts small blind $0.02
2f05c4db: posts big blind $0.05
*** HOLE CARDS ***
Dealt to Hero [Jd 7d]
Dealt to ccd9656 
Dealt to eb9cc08d 
Dealt to 9ec17e09 
Dealt to e1178c38 
Dealt to 2f05c4db 
Hero: folds
ccd9656: raises $0.08 to $0.13
eb9cc08d: folds
9ec17e09: folds
e1178c38: folds
2f05c4db: folds
Uncalled bet ($0.08) returned to ccd9656
*** SHOWDOWN ***
ccd9656 collected $0.12 from pot
*** SUMMARY ***
Total pot $0.12 | Rake $0 | Jackpot $0 | Bingo $0 | Fortune $0
Seat 1: Hero folded before Flop (didn't bet)
Seat 2: ccd9656 collected ($0.12)
Seat 3: eb9cc08d folded before Flop (didn't bet)
Seat 4: 9ec17e09 (button) folded before Flop (didn't bet)
Seat 5: e1178c38 (small blind) folded before Flop
Seat 6: 2f05c4db (big blind) folded before Flop


Poker Hand #HD1155469855: Hold'em No Limit  ($0.02/$0.05) - 2023/03/11 13:22:56
Table 'NLHBlue59' 6-max Seat #3 is the button
Seat 1: Hero ($9.44 in chips)
Seat 2: ccd9656 ($6.88 in chips)
Seat 3: eb9cc08d ($5.35 in chips)
Seat 4: 9ec17e09 ($5.05 in chips)
Seat 5: e1178c38 ($9.71 in chips)
Seat 6: 2f05c4db ($5 in chips)
9ec17e09: posts small blind $0.02
e1178c38: posts big blind $0.05
*** HOLE CARDS ***
Dealt to Hero [8d Qc]
Dealt to ccd9656 
Dealt to eb9cc08d 
Dealt to 9ec17e09 
Dealt to e1178c38 
Dealt to 2f05c4db 
2f05c4db: folds
Hero: folds
ccd9656: folds
eb9cc08d: folds
9ec17e09: folds
Uncalled bet ($0.03) returned to e1178c38
*** SHOWDOWN ***
e1178c38 collected $0.04 from pot
*** SUMMARY ***
Total pot $0.04 | Rake $0 | Jackpot $0 | Bingo $0 | Fortune $0
Seat 1: Hero folded before Flop (didn't bet)
Seat 2: ccd9656 folded before Flop (didn't bet)
Seat 3: eb9cc08d (button) folded before Flop (didn't bet)
Seat 4: 9ec17e09 (small blind) folded before Flop
Seat 5: e1178c38 (big blind) collected ($0.04)
Seat 6: 2f05c4db folded before Flop (didn't bet)


Poker Hand #HD1155469796: Hold'em No Limit  ($0.02/$0.05) - 2023/03/11 13:22:30
Table 'NLHBlue59' 6-max Seat #2 is the button
Seat 1: Hero ($9.37 in chips)
Seat 2: ccd9656 ($6.88 in chips)
Seat 3: eb9cc08d ($5.37 in chips)
Seat 4: 9ec17e09 ($5 in chips)
Seat 5: e1178c38 ($9.71 in chips)
Seat 6: 2f05c4db ($5 in chips)
eb9cc08d: posts small blind $0.02
9ec17e09: posts big blind $0.05
*** HOLE CARDS ***
Dealt to Hero [3d 4d]
Dealt to ccd9656 
Dealt to eb9cc08d 
Dealt to 9ec17e09 
Dealt to e1178c38 
Dealt to 2f05c4db 
e1178c38: folds
2f05c4db: folds
Hero: raises $0.07 to $0.12
ccd9656: folds
eb9cc08d: folds
9ec17e09: folds
Uncalled bet ($0.07) returned to Hero
*** SHOWDOWN ***
Hero collected $0.12 from pot
*** SUMMARY ***
Total pot $0.12 | Rake $0 | Jackpot $0 | Bingo $0 | Fortune $0
Seat 1: Hero collected ($0.12)
Seat 2: ccd9656 (button) folded before Flop (didn't bet)
Seat 3: eb9cc08d (small blind) folded before Flop
Seat 4: 9ec17e09 (big blind) folded before Flop
Seat 5: e1178c38 folded before Flop (didn't bet)
Seat 6: 2f05c4db folded before Flop (didn't bet)


Poker Hand #HD1155469717: Hold'em No Limit  ($0.02/$0.05) - 2023/03/11 13:22:02
Table 'NLHBlue59' 6-max Seat #1 is the button
Seat 1: Hero ($9.37 in chips)
Seat 2: ccd9656 ($6.9 in chips)
Seat 3: eb9cc08d ($5.23 in chips)
Seat 4: 9ec17e09 ($5 in chips)
Seat 5: e1178c38 ($9.84 in chips)
Seat 6: 2f05c4db ($5 in chips)
ccd9656: posts small blind $0.02
eb9cc08d: posts big blind $0.05
*** HOLE CARDS ***
Dealt to Hero [Td Ah]
Dealt to ccd9656 
Dealt to eb9cc08d 
Dealt to 9ec17e09 
Dealt to e1178c38 
Dealt to 2f05c4db 
9ec17e09: folds
e1178c38: raises $0.08 to $0.13
2f05c4db: folds
Hero: folds
ccd9656: folds
eb9cc08d: raises $0.39 to $0.52
e1178c38: folds
Uncalled bet ($0.39) returned to eb9cc08d
*** SHOWDOWN ***
eb9cc08d collected $0.27 from pot
*** SUMMARY ***
Total pot $0.28 | Rake $0.01 | Jackpot $0 | Bingo $0 | Fortune $0
Seat 1: Hero (button) folded before Flop (didn't bet)
Seat 2: ccd9656 (small blind) folded before Flop
Seat 3: eb9cc08d (big blind) collected ($0.27)
Seat 4: 9ec17e09 folded before Flop (didn't bet)
Seat 5: e1178c38 folded before Flop
Seat 6: 2f05c4db folded before Flop (didn't bet)


Poker Hand #HD1155469551: Hold'em No Limit  ($0.02/$0.05) - 2023/03/11 13:20:53
Table 'NLHBlue59' 6-max Seat #6 is the button
Seat 1: Hero ($9.39 in chips)
Seat 2: ccd9656 ($6.95 in chips)
Seat 3: eb9cc08d ($5.23 in chips)
Seat 4: 9ec17e09 ($6.17 in chips)
Seat 5: e1178c38 ($7.49 in chips)
Seat 6: 2f05c4db ($5 in chips)
Hero: posts small blind $0.02
ccd9656: posts big blind $0.05
*** HOLE CARDS ***
Dealt to Hero [Ks 4d]
Dealt to ccd9656 
Dealt to eb9cc08d 
Dealt to 9ec17e09 
Dealt to e1178c38 
Dealt to 2f05c4db 
eb9cc08d: folds
9ec17e09: raises $0.05 to $0.1
e1178c38: raises $0.27 to $0.37
2f05c4db: folds
Hero: folds
ccd9656: folds
9ec17e09: raises $0.54 to $0.91
e1178c38: calls $0.54
*** FLOP *** [Th Qd 6d]
9ec17e09: bets $0.63
e1178c38: calls $0.63
*** TURN *** [Th Qd 6d] [Js]
9ec17e09: checks
e1178c38: bets $1.04
9ec17e09: calls $1.04
*** RIVER *** [Th Qd 6d Js] [Jc]
9ec17e09: checks
e1178c38: checks
9ec17e09: shows [Ah Ad] (Pair of Aces and Pair of Jacks)
e1178c38: shows [Kh Ac] (Aces-High Straight)
*** SHOWDOWN ***
e1178c38 collected $4.93 from pot
*** SUMMARY ***
Total pot $5.23 | Rake $0.25 | Jackpot $0.05 | Bingo $0 | Fortune $0
Board [Th Qd 6d Js Jc]
Seat 1: Hero (small blind) folded before Flop
Seat 2: ccd9656 (big blind) folded before Flop
Seat 3: eb9cc08d folded before Flop (didn't bet)
Seat 4: 9ec17e09 showed [Ah Ad] and lost with Pair of Aces and Pair of Jacks
Seat 5: e1178c38 showed [Kh Ac] and won ($4.93) with Aces-High Straight
Seat 6: 2f05c4db (button) folded before Flop (didn't bet)


Poker Hand #HD1155469483: Hold'em No Limit  ($0.02/$0.05) - 2023/03/11 13:20:27
Table 'NLHBlue59' 6-max Seat #5 is the button
Seat 1: Hero ($9.44 in chips)
Seat 2: ccd9656 ($6.76 in chips)
Seat 3: eb9cc08d ($5.23 in chips)
Seat 4: 9ec17e09 ($6.17 in chips)
Seat 5: e1178c38 ($7.62 in chips)
Seat 6: 2f05c4db ($5.02 in chips)
2f05c4db: posts small blind $0.02
Hero: posts big blind $0.05
*** HOLE CARDS ***
Dealt to Hero [Js Th]
Dealt to ccd9656 
Dealt to eb9cc08d 
Dealt to 9ec17e09 
Dealt to e1178c38 
Dealt to 2f05c4db 
ccd9656: raises $0.08 to $0.13
eb9cc08d: folds
9ec17e09: folds
e1178c38: calls $0.13
2f05c4db: folds
Hero: folds
*** FLOP *** [5h Tc Jh]
ccd9656: bets $0.2
e1178c38: folds
Uncalled bet ($0.2) returned to ccd9656
*** SHOWDOWN ***
ccd9656 collected $0.32 from pot
*** SUMMARY ***
Total pot $0.33 | Rake $0.01 | Jackpot $0 | Bingo $0 | Fortune $0
Board [5h Tc Jh]
Seat 1: Hero (big blind) folded before Flop
Seat 2: ccd9656 won ($0.32)
Seat 3: eb9cc08d folded before Flop (didn't bet)
Seat 4: 9ec17e09 folded before Flop (didn't bet)
Seat 5: e1178c38 (button) folded on the Flop
Seat 6: 2f05c4db (small blind) folded before Flop


Poker Hand #HD1155469436: Hold'em No Limit  ($0.02/$0.05) - 2023/03/11 13:20:05
Table 'NLHBlue59' 6-max Seat #4 is the button
Seat 1: Hero ($9.44 in chips)
Seat 2: ccd9656 ($6.69 in chips)
Seat 3: eb9cc08d ($5.23 in chips)
Seat 4: 9ec17e09 ($6.17 in chips)
Seat 5: e1178c38 ($7.64 in chips)
Seat 6: 2f05c4db ($5.07 in chips)
e1178c38: posts small blind $0.02
2f05c4db: posts big blind $0.05
*** HOLE CARDS ***
Dealt to Hero [Ah 2d]
Dealt to ccd9656 
Dealt to eb9cc08d 
Dealt to 9ec17e09 
Dealt to e1178c38 
Dealt to 2f05c4db 
Hero: folds
ccd9656: raises $0.08 to $0.13
eb9cc08d: folds
9ec17e09: folds
e1178c38: folds
2f05c4db: folds
Uncalled bet ($0.08) returned to ccd9656
*** SHOWDOWN ***
ccd9656 collected $0.12 from pot
*** SUMMARY ***
Total pot $0.12 | Rake $0 | Jackpot $0 | Bingo $0 | Fortune $0
Seat 1: Hero folded before Flop (didn't bet)
Seat 2: ccd9656 collected ($0.12)
Seat 3: eb9cc08d folded before Flop (didn't bet)
Seat 4: 9ec17e09 (button) folded before Flop (didn't bet)
Seat 5: e1178c38 (small blind) folded before Flop
Seat 6: 2f05c4db (big blind) folded before Flop


Poker Hand #HD1155469305: Hold'em No Limit  ($0.02/$0.05) - 2023/03/11 13:19:12
Table 'NLHBlue59' 6-max Seat #3 is the button
Seat 1: Hero ($9.44 in chips)
Seat 2: ccd9656 ($6.69 in chips)
Seat 3: eb9cc08d ($4.92 in chips)
Seat 4: 9ec17e09 ($6.19 in chips)
Seat 5: e1178c38 ($7.96 in chips)
Seat 6: 2f05c4db ($5.07 in chips)
9ec17e09: posts small blind $0.02
e1178c38: posts big blind $0.05
*** HOLE CARDS ***
Dealt to Hero [4c As]
Dealt to ccd9656 
Dealt to eb9cc08d 
Dealt to 9ec17e09 
Dealt to e1178c38 
Dealt to 2f05c4db 
2f05c4db: folds
Hero: folds
ccd9656: folds
eb9cc08d: raises $0.07 to $0.12
9ec17e09: folds
e1178c38: calls $0.07
*** FLOP *** [Ts 7h 8d]
e1178c38: checks
eb9cc08d: checks
*** TURN *** [Ts 7h 8d] [Jc]
e1178c38: bets $0.2
eb9cc08d: raises $0.32 to $0.52
e1178c38: folds
Uncalled bet ($0.32) returned to eb9cc08d
*** SHOWDOWN ***
eb9cc08d collected $0.63 from pot
*** SUMMARY ***
Total pot $0.66 | Rake $0.03 | Jackpot $0 | Bingo $0 | Fortune $0
Board [Ts 7h 8d Jc]
Seat 1: Hero folded before Flop (didn't bet)
Seat 2: ccd9656 folded before Flop (didn't bet)
Seat 3: eb9cc08d (button) won ($0.63)
Seat 4: 9ec17e09 (small blind) folded before Flop
Seat 5: e1178c38 (big blind) folded on the Turn
Seat 6: 2f05c4db folded before Flop (didn't bet)


Poker Hand #HD1155469193: Hold'em No Limit  ($0.02/$0.05) - 2023/03/11 13:18:22
Table 'NLHBlue59' 6-max Seat #2 is the button
Seat 1: Hero ($9.44 in chips)
Seat 2: ccd9656 ($6.69 in chips)
Seat 3: eb9cc08d ($4.94 in chips)
Seat 4: 9ec17e09 ($6.24 in chips)
Seat 5: e1178c38 ($7.67 in chips)
Seat 6: 2f05c4db ($5.31 in chips)
eb9cc08d: posts small blind $0.02
9ec17e09: posts big blind $0.05
*** HOLE CARDS ***
Dealt to Hero [8d 4h]
Dealt to ccd9656 
Dealt to eb9cc08d 
Dealt to 9ec17e09 
Dealt to e1178c38 
Dealt to 2f05c4db 
e1178c38: raises $0.08 to $0.13
2f05c4db: calls $0.13
Hero: folds
ccd9656: folds
eb9cc08d: folds
9ec17e09: folds
*** FLOP *** [9h Th Ad]
e1178c38: bets $0.11
2f05c4db: calls $0.11
*** TURN *** [9h Th Ad] [5c]
e1178c38: checks
2f05c4db: checks
*** RIVER *** [9h Th Ad 5c] [6s]
e1178c38: bets $0.55
2f05c4db: folds
Uncalled bet ($0.55) returned to e1178c38
*** SHOWDOWN ***
e1178c38 collected $0.53 from pot
*** SUMMARY ***
Total pot $0.55 | Rake $0.02 | Jackpot $0 | Bingo $0 | Fortune $0
Board [9h Th Ad 5c 6s]
Seat 1: Hero folded before Flop (didn't bet)
Seat 2: ccd9656 (button) folded before Flop (didn't bet)
Seat 3: eb9cc08d (small blind) folded before Flop
Seat 4: 9ec17e09 (big blind) folded before Flop
Seat 5: e1178c38 won ($0.53)
Seat 6: 2f05c4db folded on the River


Poker Hand #HD1155469020: Hold'em No Limit  ($0.02/$0.05) - 2023/03/11 13:17:04
Table 'NLHBlue59' 6-max Seat #1 is the button
Seat 1: Hero ($9.44 in chips)
Seat 2: ccd9656 ($5.97 in chips)
Seat 3: eb9cc08d ($4.99 in chips)
Seat 4: 9ec17e09 ($7.04 in chips)
Seat 5: e1178c38 ($7.67 in chips)
Seat 6: 2f05c4db ($5.31 in chips)
ccd9656: posts small blind $0.02
eb9cc08d: posts big blind $0.05
*** HOLE CARDS ***
Dealt to Hero [5s 7d]
Dealt to ccd9656 
Dealt to eb9cc08d 
Dealt to 9ec17e09 
Dealt to e1178c38 
Dealt to 2f05c4db 
9ec17e09: raises $0.05 to $0.1
e1178c38: folds
2f05c4db: folds
Hero: folds
ccd9656: raises $0.25 to $0.35
eb9cc08d: folds
9ec17e09: calls $0.25
*** FLOP *** [2c 2d 3c]
ccd9656: bets $0.45
9ec17e09: calls $0.45
*** TURN *** [2c 2d 3c] [Kh]
ccd9656: bets $1.2
9ec17e09: folds
Uncalled bet ($1.2) returned to ccd9656
*** SHOWDOWN ***
ccd9656 collected $1.52 from pot
*** SUMMARY ***
Total pot $1.65 | Rake $0.08 | Jackpot $0.05 | Bingo $0 | Fortune $0
Board [2c 2d 3c Kh]
Seat 1: Hero (button) folded before Flop (didn't bet)
Seat 2: ccd9656 (small blind) won ($1.52)
Seat 3: eb9cc08d (big blind) folded before Flop
Seat 4: 9ec17e09 folded on the Turn
Seat 5: e1178c38 folded before Flop (didn't bet)
Seat 6: 2f05c4db folded before Flop (didn't bet)


Poker Hand #HD1155468953: Hold'em No Limit  ($0.02/$0.05) - 2023/03/11 13:16:39
Table 'NLHBlue59' 6-max Seat #6 is the button
Seat 1: Hero ($9.39 in chips)
Seat 2: ccd9656 ($6.02 in chips)
Seat 3: eb9cc08d ($4.99 in chips)
Seat 4: 9ec17e09 ($7.04 in chips)
Seat 5: e1178c38 ($7.67 in chips)
Seat 6: 2f05c4db ($5.31 in chips)
Hero: posts small blind $0.02
ccd9656: posts big blind $0.05
*** HOLE CARDS ***
Dealt to Hero [Jh Jc]
Dealt to ccd9656 
Dealt to eb9cc08d 
Dealt to 9ec17e09 
Dealt to e1178c38 
Dealt to 2f05c4db 
eb9cc08d: folds
9ec17e09: folds
e1178c38: folds
2f05c4db: folds
Hero: raises $0.09 to $0.14
ccd9656: folds
Uncalled bet ($0.09) returned to Hero
*** SHOWDOWN ***
Hero collected $0.1 from pot
*** SUMMARY ***
Total pot $0.1 | Rake $0 | Jackpot $0 | Bingo $0 | Fortune $0
Seat 1: Hero (small blind) collected ($0.1)
Seat 2: ccd9656 (big blind) folded before Flop
Seat 3: eb9cc08d folded before Flop (didn't bet)
Seat 4: 9ec17e09 folded before Flop (didn't bet)
Seat 5: e1178c38 folded before Flop (didn't bet)
Seat 6: 2f05c4db (button) folded before Flop (didn't bet)


Poker Hand #HD1155468876: Hold'em No Limit  ($0.02/$0.05) - 2023/03/11 13:16:03
Table 'NLHBlue59' 6-max Seat #5 is the button
Seat 1: Hero ($9.44 in chips)
Seat 2: ccd9656 ($5.83 in chips)
Seat 3: eb9cc08d ($5.12 in chips)
Seat 4: 9ec17e09 ($7.04 in chips)
Seat 5: e1178c38 ($7.67 in chips)
Seat 6: 2f05c4db ($5.33 in chips)
2f05c4db: posts small blind $0.02
Hero: posts big blind $0.05
*** HOLE CARDS ***
Dealt to Hero [3d 8d]
Dealt to ccd9656 
Dealt to eb9cc08d 
Dealt to 9ec17e09 
Dealt to e1178c38 
Dealt to 2f05c4db 
ccd9656: raises $0.08 to $0.13
eb9cc08d: calls $0.13
9ec17e09: folds
e1178c38: folds
2f05c4db: folds
Hero: folds
*** FLOP *** [Kh 6s 9h]
ccd9656: bets $0.17
eb9cc08d: folds
Uncalled bet ($0.17) returned to ccd9656
*** SHOWDOWN ***
ccd9656 collected $0.32 from pot
*** SUMMARY ***
Total pot $0.33 | Rake $0.01 | Jackpot $0 | Bingo $0 | Fortune $0
Board [Kh 6s 9h]
Seat 1: Hero (big blind) folded before Flop
Seat 2: ccd9656 won ($0.32)
Seat 3: eb9cc08d folded on the Flop
Seat 4: 9ec17e09 folded before Flop (didn't bet)
Seat 5: e1178c38 (button) folded before Flop (didn't bet)
Seat 6: 2f05c4db (small blind) folded before Flop


Poker Hand #HD1155468834: Hold'em No Limit  ($0.02/$0.05) - 2023/03/11 13:15:49
Table 'NLHBlue59' 6-max Seat #4 is the button
Seat 1: Hero ($9.44 in chips)
Seat 2: ccd9656 ($5.83 in chips)
Seat 3: eb9cc08d ($5.12 in chips)
Seat 4: 9ec17e09 ($7.04 in chips)
Seat 5: e1178c38 ($7.69 in chips)
Seat 6: 2f05c4db ($5.31 in chips)
e1178c38: posts small blind $0.02
2f05c4db: posts big blind $0.05
*** HOLE CARDS ***
Dealt to Hero [Kh 8c]
Dealt to ccd9656 
Dealt to eb9cc08d 
Dealt to 9ec17e09 
Dealt to e1178c38 
Dealt to 2f05c4db 
Hero: folds
ccd9656: folds
eb9cc08d: folds
9ec17e09: folds
e1178c38: folds
Uncalled bet ($0.03) returned to 2f05c4db
*** SHOWDOWN ***
2f05c4db collected $0.04 from pot
*** SUMMARY ***
Total pot $0.04 | Rake $0 | Jackpot $0 | Bingo $0 | Fortune $0
Seat 1: Hero folded before Flop (didn't bet)
Seat 2: ccd9656 folded before Flop (didn't bet)
Seat 3: eb9cc08d folded before Flop (didn't bet)
Seat 4: 9ec17e09 (button) folded before Flop (didn't bet)
Seat 5: e1178c38 (small blind) folded before Flop
Seat 6: 2f05c4db (big blind) collected ($0.04)


Poker Hand #HD1155468752: Hold'em No Limit  ($0.02/$0.05) - 2023/03/11 13:15:12
Table 'NLHBlue59' 6-max Seat #3 is the button
Seat 1: Hero ($9.44 in chips)
Seat 2: ccd9656 ($5.96 in chips)
Seat 3: eb9cc08d ($4.93 in chips)
Seat 4: 9ec17e09 ($7.06 in chips)
Seat 5: e1178c38 ($7.74 in chips)
Seat 6: 2f05c4db ($5.31 in chips)
9ec17e09: posts small blind $0.02
e1178c38: posts big blind $0.05
*** HOLE CARDS ***
Dealt to Hero [Qc 3s]
Dealt to ccd9656 
Dealt to eb9cc08d 
Dealt to 9ec17e09 
Dealt to e1178c38 
Dealt to 2f05c4db 
2f05c4db: folds
Hero: folds
ccd9656: raises $0.08 to $0.13
eb9cc08d: raises $0.25 to $0.38
9ec17e09: folds
e1178c38: folds
ccd9656: folds
Uncalled bet ($0.25) returned to eb9cc08d
*** SHOWDOWN ***
eb9cc08d collected $0.32 from pot
*** SUMMARY ***
Total pot $0.33 | Rake $0.01 | Jackpot $0 | Bingo $0 | Fortune $0
Seat 1: Hero folded before Flop (didn't bet)
Seat 2: ccd9656 folded before Flop
Seat 3: eb9cc08d (button) collected ($0.32)
Seat 4: 9ec17e09 (small blind) folded before Flop
Seat 5: e1178c38 (big blind) folded before Flop
Seat 6: 2f05c4db folded before Flop (didn't bet)


Poker Hand #HD1155468711: Hold'em No Limit  ($0.02/$0.05) - 2023/03/11 13:14:55
Table 'NLHBlue59' 6-max Seat #2 is the button
Seat 1: Hero ($9.44 in chips)
Seat 2: ccd9656 ($5.89 in chips)
Seat 3: eb9cc08d ($4.95 in chips)
Seat 4: 9ec17e09 ($7.11 in chips)
Seat 5: e1178c38 ($7.74 in chips)
Seat 6: 2f05c4db ($5.31 in chips)
eb9cc08d: posts small blind $0.02
9ec17e09: posts big blind $0.05
*** HOLE CARDS ***
Dealt to Hero [3c As]
Dealt to ccd9656 
Dealt to eb9cc08d 
Dealt to 9ec17e09 
Dealt to e1178c38 
Dealt to 2f05c4db 
e1178c38: folds
2f05c4db: folds
Hero: folds
ccd9656: raises $0.08 to $0.13
eb9cc08d: folds
9ec17e09: folds
Uncalled bet ($0.08) returned to ccd9656
*** SHOWDOWN ***
ccd9656 collected $0.12 from pot
*** SUMMARY ***
Total pot $0.12 | Rake $0 | Jackpot $0 | Bingo $0 | Fortune $0
Seat 1: Hero folded before Flop (didn't bet)
Seat 2: ccd9656 (button) collected ($0.12)
Seat 3: eb9cc08d (small blind) folded before Flop
Seat 4: 9ec17e09 (big blind) folded before Flop
Seat 5: e1178c38 folded before Flop (didn't bet)
Seat 6: 2f05c4db folded before Flop (didn't bet)


Poker Hand #HD1155468610: Hold'em No Limit  ($0.02/$0.05) - 2023/03/11 13:14:15
Table 'NLHBlue59' 6-max Seat #1 is the button
Seat 1: Hero ($9.44 in chips)
Seat 2: ccd9656 ($5.91 in chips)
Seat 3: eb9cc08d ($5 in chips)
Seat 4: 9ec17e09 ($7.11 in chips)
Seat 5: e1178c38 ($7.74 in chips)
Seat 6: 2f05c4db ($5.24 in chips)
ccd9656: posts small blind $0.02
eb9cc08d: posts big blind $0.05
*** HOLE CARDS ***
Dealt to Hero [Js 4s]
Dealt to ccd9656 
Dealt to eb9cc08d 
Dealt to 9ec17e09 
Dealt to e1178c38 
Dealt to 2f05c4db 
9ec17e09: folds
e1178c38: folds
2f05c4db: raises $0.05 to $0.1
Hero: folds
ccd9656: folds
eb9cc08d: folds
Uncalled bet ($0.05) returned to 2f05c4db
*** SHOWDOWN ***
2f05c4db collected $0.12 from pot
*** SUMMARY ***
Total pot $0.12 | Rake $0 | Jackpot $0 | Bingo $0 | Fortune $0
Seat 1: Hero (button) folded before Flop (didn't bet)
Seat 2: ccd9656 (small blind) folded before Flop
Seat 3: eb9cc08d (big blind) folded before Flop
Seat 4: 9ec17e09 folded before Flop (didn't bet)
Seat 5: e1178c38 folded before Flop (didn't bet)
Seat 6: 2f05c4db collected ($0.12)


Poker Hand #HD1155468541: Hold'em No Limit  ($0.02/$0.05) - 2023/03/11 13:13:42
Table 'NLHBlue59' 6-max Seat #6 is the button
Seat 1: Hero ($9.46 in chips)
Seat 2: ccd9656 ($5.77 in chips)
Seat 3: 69b042a1 ($2.91 in chips)
Seat 4: 9ec17e09 ($7.11 in chips)
Seat 5: e1178c38 ($7.87 in chips)
Seat 6: 2f05c4db ($5.24 in chips)
Hero: posts small blind $0.02
ccd9656: posts big blind $0.05
*** HOLE CARDS ***
Dealt to Hero [3s 6s]
Dealt to ccd9656 
Dealt to 69b042a1 
Dealt to 9ec17e09 
Dealt to e1178c38 
Dealt to 2f05c4db 
69b042a1: folds
9ec17e09: folds
e1178c38: raises $0.08 to $0.13
2f05c4db: folds
Hero: folds
ccd9656: raises $0.22 to $0.35
e1178c38: folds
Uncalled bet ($0.22) returned to ccd9656
*** SHOWDOWN ***
ccd9656 collected $0.27 from pot
*** SUMMARY ***
Total pot $0.28 | Rake $0.01 | Jackpot $0 | Bingo $0 | Fortune $0
Seat 1: Hero (small blind) folded before Flop
Seat 2: ccd9656 (big blind) collected ($0.27)
Seat 3: 69b042a1 folded before Flop (didn't bet)
Seat 4: 9ec17e09 folded before Flop (didn't bet)
Seat 5: e1178c38 folded before Flop
Seat 6: 2f05c4db (button) folded before Flop (didn't bet)


Poker Hand #HD1155468421: Hold'em No Limit  ($0.02/$0.05) - 2023/03/11 13:12:54
Table 'NLHBlue59' 6-max Seat #5 is the button
Seat 1: Hero ($9.51 in chips)
Seat 2: ccd9656 ($5.77 in chips)
Seat 3: 69b042a1 ($3.25 in chips)
Seat 4: 9ec17e09 ($7.11 in chips)
Seat 5: e1178c38 ($7.49 in chips)
Seat 6: 2f05c4db ($5.26 in chips)
2f05c4db: posts small blind $0.02
Hero: posts big blind $0.05
*** HOLE CARDS ***
Dealt to Hero [Jc 2d]
Dealt to ccd9656 
Dealt to 69b042a1 
Dealt to 9ec17e09 
Dealt to e1178c38 
Dealt to 2f05c4db 
ccd9656: folds
69b042a1: raises $0.1 to $0.15
9ec17e09: folds
e1178c38: calls $0.15
2f05c4db: folds
Hero: folds
*** FLOP *** [Jd Ks 7h]
69b042a1: bets $0.19
e1178c38: calls $0.19
*** TURN *** [Jd Ks 7h] [4d]
69b042a1: checks
e1178c38: bets $0.38
69b042a1: folds
Uncalled bet ($0.38) returned to e1178c38
*** SHOWDOWN ***
e1178c38 collected $0.72 from pot
*** SUMMARY ***
Total pot $0.75 | Rake $0.03 | Jackpot $0 | Bingo $0 | Fortune $0
Board [Jd Ks 7h 4d]
Seat 1: Hero (big blind) folded before Flop
Seat 2: ccd9656 folded before Flop (didn't bet)
Seat 3: 69b042a1 folded on the Turn
Seat 4: 9ec17e09 folded before Flop (didn't bet)
Seat 5: e1178c38 (button) won ($0.72)
Seat 6: 2f05c4db (small blind) folded before Flop


Poker Hand #HD1155468397: Hold'em No Limit  ($0.02/$0.05) - 2023/03/11 13:12:45
Table 'NLHBlue59' 6-max Seat #4 is the button
Seat 1: Hero ($9.51 in chips)
Seat 2: ccd9656 ($5.77 in chips)
Seat 3: 69b042a1 ($3.25 in chips)
Seat 4: 9ec17e09 ($7.11 in chips)
Seat 5: e1178c38 ($7.51 in chips)
Seat 6: 2f05c4db ($5.24 in chips)
e1178c38: posts small blind $0.02
2f05c4db: posts big blind $0.05
*** HOLE CARDS ***
Dealt to Hero [6d Ah]
Dealt to ccd9656 
Dealt to 69b042a1 
Dealt to 9ec17e09 
Dealt to e1178c38 
Dealt to 2f05c4db 
Hero: folds
ccd9656: folds
69b042a1: folds
9ec17e09: folds
e1178c38: folds
Uncalled bet ($0.03) returned to 2f05c4db
*** SHOWDOWN ***
2f05c4db collected $0.04 from pot
*** SUMMARY ***
Total pot $0.04 | Rake $0 | Jackpot $0 | Bingo $0 | Fortune $0
Seat 1: Hero folded before Flop (didn't bet)
Seat 2: ccd9656 folded before Flop (didn't bet)
Seat 3: 69b042a1 folded before Flop (didn't bet)
Seat 4: 9ec17e09 (button) folded before Flop (didn't bet)
Seat 5: e1178c38 (small blind) folded before Flop
Seat 6: 2f05c4db (big blind) collected ($0.04)


Poker Hand #HD1155468367: Hold'em No Limit  ($0.02/$0.05) - 2023/03/11 13:12:34
Table 'NLHBlue59' 6-max Seat #3 is the button
Seat 1: Hero ($9.51 in chips)
Seat 2: ccd9656 ($5.77 in chips)
Seat 3: 69b042a1 ($3.25 in chips)
Seat 4: 9ec17e09 ($7.13 in chips)
Seat 5: e1178c38 ($7.49 in chips)
Seat 6: 2f05c4db ($5.24 in chips)
9ec17e09: posts small blind $0.02
e1178c38: posts big blind $0.05
*** HOLE CARDS ***
Dealt to Hero [4h Jd]
Dealt to ccd9656 
Dealt to 69b042a1 
Dealt to 9ec17e09 
Dealt to e1178c38 
Dealt to 2f05c4db 
2f05c4db: folds
Hero: folds
ccd9656: folds
69b042a1: folds
9ec17e09: folds
Uncalled bet ($0.03) returned to e1178c38
*** SHOWDOWN ***
e1178c38 collected $0.04 from pot
*** SUMMARY ***
Total pot $0.04 | Rake $0 | Jackpot $0 | Bingo $0 | Fortune $0
Seat 1: Hero folded before Flop (didn't bet)
Seat 2: ccd9656 folded before Flop (didn't bet)
Seat 3: 69b042a1 (button) folded before Flop (didn't bet)
Seat 4: 9ec17e09 (small blind) folded before Flop
Seat 5: e1178c38 (big blind) collected ($0.04)
Seat 6: 2f05c4db folded before Flop (didn't bet)


Poker Hand #HD1155468240: Hold'em No Limit  ($0.02/$0.05) - 2023/03/11 13:11:44
Table 'NLHBlue59' 6-max Seat #2 is the button
Seat 1: Hero ($9.49 in chips)
Seat 2: ccd9656 ($5.77 in chips)
Seat 3: 69b042a1 ($3.22 in chips)
Seat 4: 9ec17e09 ($7.18 in chips)
Seat 5: e1178c38 ($7.49 in chips)
Seat 6: 2f05c4db ($5.24 in chips)
69b042a1: posts small blind $0.02
9ec17e09: posts big blind $0.05
*** HOLE CARDS ***
Dealt to Hero [Ad 3d]
Dealt to ccd9656 
Dealt to 69b042a1 
Dealt to 9ec17e09 
Dealt to e1178c38 
Dealt to 2f05c4db 
e1178c38: folds
2f05c4db: folds
Hero: raises $0.07 to $0.12
ccd9656: folds
69b042a1: calls $0.1
9ec17e09: folds
*** FLOP *** [4c Jc Ks]
69b042a1: checks
Hero: checks
*** TURN *** [4c Jc Ks] [8d]
69b042a1: checks
Hero: checks
*** RIVER *** [4c Jc Ks 8d] [Qs]
69b042a1: checks
Hero: checks
69b042a1: shows [Ah 6h] (Ace-High)
Hero: shows [Ad 3d] (Ace-High)
*** SHOWDOWN ***
69b042a1 collected $0.15 from pot
Hero collected $0.14 from pot
*** SUMMARY ***
Total pot $0.29 | Rake $0 | Jackpot $0 | Bingo $0 | Fortune $0
Board [4c Jc Ks 8d Qs]
Seat 1: Hero showed [Ad 3d] and won ($0.14) with Ace-High
Seat 2: ccd9656 (button) folded before Flop (didn't bet)
Seat 3: 69b042a1 (small blind) showed [Ah 6h] and won ($0.15) with Ace-High
Seat 4: 9ec17e09 (big blind) folded before Flop
Seat 5: e1178c38 folded before Flop (didn't bet)
Seat 6: 2f05c4db folded before Flop (didn't bet)


Poker Hand #HD1155468125: Hold'em No Limit  ($0.02/$0.05) - 2023/03/11 13:10:52
Table 'NLHBlue59' 6-max Seat #1 is the button
Seat 1: Hero ($9.49 in chips)
Seat 2: ccd9656 ($5.9 in chips)
Seat 3: 69b042a1 ($3.1 in chips)
Seat 4: 9ec17e09 ($7.18 in chips)
Seat 5: e1178c38 ($7.49 in chips)
Seat 6: 2f05c4db ($5.24 in chips)
ccd9656: posts small blind $0.02
69b042a1: posts big blind $0.05
*** HOLE CARDS ***
Dealt to Hero [2d 7c]
Dealt to ccd9656 
Dealt to 69b042a1 
Dealt to 9ec17e09 
Dealt to e1178c38 
Dealt to 2f05c4db 
9ec17e09: folds
e1178c38: folds
2f05c4db: folds
Hero: folds
ccd9656: raises $0.08 to $0.13
69b042a1: calls $0.08
*** FLOP *** [Ks 9c 5c]
ccd9656: checks
69b042a1: bets $0.13
ccd9656: folds
Uncalled bet ($0.13) returned to 69b042a1
*** SHOWDOWN ***
69b042a1 collected $0.25 from pot
*** SUMMARY ***
Total pot $0.26 | Rake $0.01 | Jackpot $0 | Bingo $0 | Fortune $0
Board [Ks 9c 5c]
Seat 1: Hero (button) folded before Flop (didn't bet)
Seat 2: ccd9656 (small blind) folded on the Flop
Seat 3: 69b042a1 (big blind) won ($0.25)
Seat 4: 9ec17e09 folded before Flop (didn't bet)
Seat 5: e1178c38 folded before Flop (didn't bet)
Seat 6: 2f05c4db folded before Flop (didn't bet)


Poker Hand #HD1155467987: Hold'em No Limit  ($0.02/$0.05) - 2023/03/11 13:09:55
Table 'NLHBlue59' 6-max Seat #6 is the button
Seat 1: Hero ($9.51 in chips)
Seat 2: ccd9656 ($6.25 in chips)
Seat 3: 69b042a1 ($3.45 in chips)
Seat 4: 9ec17e09 ($7.18 in chips)
Seat 5: e1178c38 ($6.82 in chips)
Seat 6: 2f05c4db ($5.24 in chips)
Hero: posts small blind $0.02
ccd9656: posts big blind $0.05
*** HOLE CARDS ***
Dealt to Hero [5d Ks]
Dealt to ccd9656 
Dealt to 69b042a1 
Dealt to 9ec17e09 
Dealt to e1178c38 
Dealt to 2f05c4db 
69b042a1: raises $0.1 to $0.15
9ec17e09: folds
e1178c38: calls $0.15
2f05c4db: folds
Hero: folds
ccd9656: raises $0.2 to $0.35
69b042a1: calls $0.2
e1178c38: calls $0.2
*** FLOP *** [5h 6s 3s]
ccd9656: checks
69b042a1: checks
e1178c38: bets $0.36
ccd9656: folds
69b042a1: folds
Uncalled bet ($0.36) returned to e1178c38
*** SHOWDOWN ***
e1178c38 collected $1.02 from pot
*** SUMMARY ***
Total pot $1.07 | Rake $0.05 | Jackpot $0 | Bingo $0 | Fortune $0
Board [5h 6s 3s]
Seat 1: Hero (small blind) folded before Flop
Seat 2: ccd9656 (big blind) folded on the Flop
Seat 3: 69b042a1 folded on the Flop
Seat 4: 9ec17e09 folded before Flop (didn't bet)
Seat 5: e1178c38 won ($1.02)
Seat 6: 2f05c4db (button) folded before Flop (didn't bet)


Poker Hand #HD1155467855: Hold'em No Limit  ($0.02/$0.05) - 2023/03/11 13:08:59
Table 'NLHBlue59' 6-max Seat #5 is the button
Seat 1: Hero ($9.56 in chips)
Seat 2: ccd9656 ($6.49 in chips)
Seat 3: 69b042a1 ($3.45 in chips)
Seat 4: 9ec17e09 ($7.18 in chips)
Seat 5: e1178c38 ($6.82 in chips)
Seat 6: 2f05c4db ($4.97 in chips)
2f05c4db: posts small blind $0.02
Hero: posts big blind $0.05
*** HOLE CARDS ***
Dealt to Hero [Qd 2c]
Dealt to ccd9656 
Dealt to 69b042a1 
Dealt to 9ec17e09 
Dealt to e1178c38 
Dealt to 2f05c4db 
ccd9656: raises $0.08 to $0.13
69b042a1: folds
9ec17e09: folds
e1178c38: folds
2f05c4db: calls $0.11
Hero: folds
*** FLOP *** [Ah Kd 7h]
2f05c4db: bets $0.11
ccd9656: calls $0.11
*** TURN *** [Ah Kd 7h] [3s]
2f05c4db: bets $0.18
ccd9656: folds
Uncalled bet ($0.18) returned to 2f05c4db
*** SHOWDOWN ***
2f05c4db collected $0.51 from pot
*** SUMMARY ***
Total pot $0.53 | Rake $0.02 | Jackpot $0 | Bingo $0 | Fortune $0
Board [Ah Kd 7h 3s]
Seat 1: Hero (big blind) folded before Flop
Seat 2: ccd9656 folded on the Turn
Seat 3: 69b042a1 folded before Flop (didn't bet)
Seat 4: 9ec17e09 folded before Flop (didn't bet)
Seat 5: e1178c38 (button) folded before Flop (didn't bet)
Seat 6: 2f05c4db (small blind) won ($0.51)


Poker Hand #HD1155467819: Hold'em No Limit  ($0.02/$0.05) - 2023/03/11 13:08:42
Table 'NLHBlue59' 6-max Seat #4 is the button
Seat 1: Hero ($9.56 in chips)
Seat 2: ccd9656 ($6.42 in chips)
Seat 3: 69b042a1 ($3.45 in chips)
Seat 4: 9ec17e09 ($7.18 in chips)
Seat 5: e1178c38 ($6.84 in chips)
Seat 6: 2f05c4db ($5.02 in chips)
e1178c38: posts small blind $0.02
2f05c4db: posts big blind $0.05
*** HOLE CARDS ***
Dealt to Hero [7d 8c]
Dealt to ccd9656 
Dealt to 69b042a1 
Dealt to 9ec17e09 
Dealt to e1178c38 
Dealt to 2f05c4db 
Hero: folds
ccd9656: raises $0.08 to $0.13
69b042a1: folds
9ec17e09: folds
e1178c38: folds
2f05c4db: folds
Uncalled bet ($0.08) returned to ccd9656
*** SHOWDOWN ***
ccd9656 collected $0.12 from pot
*** SUMMARY ***
Total pot $0.12 | Rake $0 | Jackpot $0 | Bingo $0 | Fortune $0
Seat 1: Hero folded before Flop (didn't bet)
Seat 2: ccd9656 collected ($0.12)
Seat 3: 69b042a1 folded before Flop (didn't bet)
Seat 4: 9ec17e09 (button) folded before Flop (didn't bet)
Seat 5: e1178c38 (small blind) folded before Flop
Seat 6: 2f05c4db (big blind) folded before Flop


Poker Hand #HD1155467710: Hold'em No Limit  ($0.02/$0.05) - 2023/03/11 13:07:57
Table 'NLHBlue59' 6-max Seat #3 is the button
Seat 1: Hero ($9.56 in chips)
Seat 2: ccd9656 ($6.35 in chips)
Seat 3: 69b042a1 ($3.45 in chips)
Seat 4: 9ec17e09 ($7.2 in chips)
Seat 5: e1178c38 ($6.89 in chips)
Seat 6: 2f05c4db ($5.02 in chips)
9ec17e09: posts small blind $0.02
e1178c38: posts big blind $0.05
*** HOLE CARDS ***
Dealt to Hero [6h Qd]
Dealt to ccd9656 
Dealt to 69b042a1 
Dealt to 9ec17e09 
Dealt to e1178c38 
Dealt to 2f05c4db 
2f05c4db: folds
Hero: folds
ccd9656: raises $0.08 to $0.13
69b042a1: folds
9ec17e09: folds
e1178c38: folds
Uncalled bet ($0.08) returned to ccd9656
*** SHOWDOWN ***
ccd9656 collected $0.12 from pot
*** SUMMARY ***
Total pot $0.12 | Rake $0 | Jackpot $0 | Bingo $0 | Fortune $0
Seat 1: Hero folded before Flop (didn't bet)
Seat 2: ccd9656 collected ($0.12)
Seat 3: 69b042a1 (button) folded before Flop (didn't bet)
Seat 4: 9ec17e09 (small blind) folded before Flop
Seat 5: e1178c38 (big blind) folded before Flop
Seat 6: 2f05c4db folded before Flop (didn't bet)


Poker Hand #HD1155467603: Hold'em No Limit  ($0.02/$0.05) - 2023/03/11 13:07:12
Table 'NLHBlue59' 6-max Seat #2 is the button
Seat 1: Hero ($9.56 in chips)
Seat 2: ccd9656 ($6.48 in chips)
Seat 3: 69b042a1 ($3.28 in chips)
Seat 4: 9ec17e09 ($7.25 in chips)
Seat 5: e1178c38 ($6.89 in chips)
Seat 6: 2f05c4db ($5.02 in chips)
69b042a1: posts small blind $0.02
9ec17e09: posts big blind $0.05
*** HOLE CARDS ***
Dealt to Hero [6h Ad]
Dealt to ccd9656 
Dealt to 69b042a1 
Dealt to 9ec17e09 
Dealt to e1178c38 
Dealt to 2f05c4db 
e1178c38: folds
2f05c4db: folds
Hero: folds
ccd9656: raises $0.08 to $0.13
69b042a1: calls $0.11
9ec17e09: folds
*** FLOP *** [Kd 2h Ah]
69b042a1: bets $0.16
ccd9656: folds
Uncalled bet ($0.16) returned to 69b042a1
*** SHOWDOWN ***
69b042a1 collected $0.3 from pot
*** SUMMARY ***
Total pot $0.31 | Rake $0.01 | Jackpot $0 | Bingo $0 | Fortune $0
Board [Kd 2h Ah]
Seat 1: Hero folded before Flop (didn't bet)
Seat 2: ccd9656 (button) folded on the Flop
Seat 3: 69b042a1 (small blind) won ($0.3)
Seat 4: 9ec17e09 (big blind) folded before Flop
Seat 5: e1178c38 folded before Flop (didn't bet)
Seat 6: 2f05c4db folded before Flop (didn't bet)


Poker Hand #HD1155467471: Hold'em No Limit  ($0.02/$0.05) - 2023/03/11 13:06:14
Table 'NLHBlue59' 6-max Seat #1 is the button
Seat 1: Hero ($9.56 in chips)
Seat 2: ccd9656 ($6.5 in chips)
Seat 3: 69b042a1 ($3.41 in chips)
Seat 4: 9ec17e09 ($7.25 in chips)
Seat 5: e1178c38 ($6.4 in chips)
Seat 6: 2f05c4db ($5.4 in chips)
ccd9656: posts small blind $0.02
69b042a1: posts big blind $0.05
*** HOLE CARDS ***
Dealt to Hero [6d 9h]
Dealt to ccd9656 
Dealt to 69b042a1 
Dealt to 9ec17e09 
Dealt to e1178c38 
Dealt to 2f05c4db 
9ec17e09: folds
e1178c38: raises $0.08 to $0.13
2f05c4db: calls $0.13
Hero: folds
ccd9656: folds
69b042a1: calls $0.08
*** FLOP *** [Js 5s 6h]
69b042a1: checks
e1178c38: bets $0.25
2f05c4db: calls $0.25
69b042a1: folds
*** TURN *** [Js 5s 6h] [3s]
e1178c38: bets $0.69
2f05c4db: folds
Uncalled bet ($0.69) returned to e1178c38
*** SHOWDOWN ***
e1178c38 collected $0.87 from pot
*** SUMMARY ***
Total pot $0.91 | Rake $0.04 | Jackpot $0 | Bingo $0 | Fortune $0
Board [Js 5s 6h 3s]
Seat 1: Hero (button) folded before Flop (didn't bet)
Seat 2: ccd9656 (small blind) folded before Flop
Seat 3: 69b042a1 (big blind) folded on the Flop
Seat 4: 9ec17e09 folded before Flop (didn't bet)
Seat 5: e1178c38 won ($0.87)
Seat 6: 2f05c4db folded on the Turn


Poker Hand #HD1155467436: Hold'em No Limit  ($0.02/$0.05) - 2023/03/11 13:06:00
Table 'NLHBlue59' 6-max Seat #6 is the button
Seat 1: Hero ($9.58 in chips)
Seat 2: ccd9656 ($6.55 in chips)
Seat 3: 69b042a1 ($3.41 in chips)
Seat 4: 9ec17e09 ($7.25 in chips)
Seat 5: e1178c38 ($6.4 in chips)
Seat 6: 2f05c4db ($5.33 in chips)
Hero: posts small blind $0.02
ccd9656: posts big blind $0.05
*** HOLE CARDS ***
Dealt to Hero [Kd Tc]
Dealt to ccd9656 
Dealt to 69b042a1 
Dealt to 9ec17e09 
Dealt to e1178c38 
Dealt to 2f05c4db 
69b042a1: folds
9ec17e09: folds
e1178c38: folds
2f05c4db: raises $0.1 to $0.15
Hero: folds
ccd9656: folds
Uncalled bet ($0.1) returned to 2f05c4db
*** SHOWDOWN ***
2f05c4db collected $0.12 from pot
*** SUMMARY ***
Total pot $0.12 | Rake $0 | Jackpot $0 | Bingo $0 | Fortune $0
Seat 1: Hero (small blind) folded before Flop
Seat 2: ccd9656 (big blind) folded before Flop
Seat 3: 69b042a1 folded before Flop (didn't bet)
Seat 4: 9ec17e09 folded before Flop (didn't bet)
Seat 5: e1178c38 folded before Flop (didn't bet)
Seat 6: 2f05c4db (button) collected ($0.12)


Poker Hand #HD1155467404: Hold'em No Limit  ($0.02/$0.05) - 2023/03/11 13:05:44
Table 'NLHBlue59' 6-max Seat #5 is the button
Seat 1: Hero ($9.63 in chips)
Seat 2: ccd9656 ($6.55 in chips)
Seat 3: 69b042a1 ($3.34 in chips)
Seat 4: 9ec17e09 ($7.25 in chips)
Seat 5: e1178c38 ($6.4 in chips)
Seat 6: 2f05c4db ($5.35 in chips)
2f05c4db: posts small blind $0.02
Hero: posts big blind $0.05
*** HOLE CARDS ***
Dealt to Hero [Ac 4s]
Dealt to ccd9656 
Dealt to 69b042a1 
Dealt to 9ec17e09 
Dealt to e1178c38 
Dealt to 2f05c4db 
ccd9656: folds
69b042a1: raises $0.1 to $0.15
9ec17e09: folds
e1178c38: folds
2f05c4db: folds
Hero: folds
Uncalled bet ($0.1) returned to 69b042a1
*** SHOWDOWN ***
69b042a1 collected $0.12 from pot
*** SUMMARY ***
Total pot $0.12 | Rake $0 | Jackpot $0 | Bingo $0 | Fortune $0
Seat 1: Hero (big blind) folded before Flop
Seat 2: ccd9656 folded before Flop (didn't bet)
Seat 3: 69b042a1 collected ($0.12)
Seat 4: 9ec17e09 folded before Flop (didn't bet)
Seat 5: e1178c38 (button) folded before Flop (didn't bet)
Seat 6: 2f05c4db (small blind) folded before Flop


Poker Hand #HD1155467365: Hold'em No Limit  ($0.02/$0.05) - 2023/03/11 13:05:21
Table 'NLHBlue59' 6-max Seat #4 is the button
Seat 1: Hero ($9.63 in chips)
Seat 2: ccd9656 ($6.55 in chips)
Seat 3: 69b042a1 ($3.34 in chips)
Seat 4: 9ec17e09 ($7.25 in chips)
Seat 5: e1178c38 ($6.42 in chips)
Seat 6: 2f05c4db ($5.33 in chips)
e1178c38: posts small blind $0.02
2f05c4db: posts big blind $0.05
*** HOLE CARDS ***
Dealt to Hero [Ks 7h]
Dealt to ccd9656 
Dealt to 69b042a1 
Dealt to 9ec17e09 
Dealt to e1178c38 
Dealt to 2f05c4db 
Hero: folds
ccd9656: folds
69b042a1: folds
9ec17e09: folds
e1178c38: folds
Uncalled bet ($0.03) returned to 2f05c4db
*** SHOWDOWN ***
2f05c4db collected $0.04 from pot
*** SUMMARY ***
Total pot $0.04 | Rake $0 | Jackpot $0 | Bingo $0 | Fortune $0
Seat 1: Hero folded before Flop (didn't bet)
Seat 2: ccd9656 folded before Flop (didn't bet)
Seat 3: 69b042a1 folded before Flop (didn't bet)
Seat 4: 9ec17e09 (button) folded before Flop (didn't bet)
Seat 5: e1178c38 (small blind) folded before Flop
Seat 6: 2f05c4db (big blind) collected ($0.04)


Poker Hand #HD1155467331: Hold'em No Limit  ($0.02/$0.05) - 2023/03/11 13:05:08
Table 'NLHBlue59' 6-max Seat #3 is the button
Seat 1: Hero ($9.63 in chips)
Seat 2: ccd9656 ($6.55 in chips)
Seat 3: 69b042a1 ($3.34 in chips)
Seat 4: 9ec17e09 ($7.27 in chips)
Seat 5: e1178c38 ($6.4 in chips)
Seat 6: 2f05c4db ($5.33 in chips)
9ec17e09: posts small blind $0.02
e1178c38: posts big blind $0.05
*** HOLE CARDS ***
Dealt to Hero [4h As]
Dealt to ccd9656 
Dealt to 69b042a1 
Dealt to 9ec17e09 
Dealt to e1178c38 
Dealt to 2f05c4db 
2f05c4db: folds
Hero: folds
ccd9656: folds
69b042a1: folds
9ec17e09: folds
Uncalled bet ($0.03) returned to e1178c38
*** SHOWDOWN ***
e1178c38 collected $0.04 from pot
*** SUMMARY ***
Total pot $0.04 | Rake $0 | Jackpot $0 | Bingo $0 | Fortune $0
Seat 1: Hero folded before Flop (didn't bet)
Seat 2: ccd9656 folded before Flop (didn't bet)
Seat 3: 69b042a1 (button) folded before Flop (didn't bet)
Seat 4: 9ec17e09 (small blind) folded before Flop
Seat 5: e1178c38 (big blind) collected ($0.04)
Seat 6: 2f05c4db folded before Flop (didn't bet)


Poker Hand #HD1155467229: Hold'em No Limit  ($0.02/$0.05) - 2023/03/11 13:04:23
Table 'NLHBlue59' 6-max Seat #2 is the button
Seat 1: Hero ($9.63 in chips)
Seat 2: ccd9656 ($7.05 in chips)
Seat 3: 69b042a1 ($2.84 in chips)
Seat 4: 9ec17e09 ($7.32 in chips)
Seat 5: e1178c38 ($6.4 in chips)
Seat 6: 2f05c4db ($5.33 in chips)
69b042a1: posts small blind $0.02
9ec17e09: posts big blind $0.05
*** HOLE CARDS ***
Dealt to Hero [8s 2h]
Dealt to ccd9656 
Dealt to 69b042a1 
Dealt to 9ec17e09 
Dealt to e1178c38 
Dealt to 2f05c4db 
e1178c38: folds
2f05c4db: folds
Hero: folds
ccd9656: raises $0.1 to $0.15
69b042a1: raises $0.35 to $0.5
9ec17e09: folds
ccd9656: calls $0.35
*** FLOP *** [4d Qh Kd]
69b042a1: bets $0.53
ccd9656: folds
Uncalled bet ($0.53) returned to 69b042a1
*** SHOWDOWN ***
69b042a1 collected $1 from pot
*** SUMMARY ***
Total pot $1.05 | Rake $0.05 | Jackpot $0 | Bingo $0 | Fortune $0
Board [4d Qh Kd]
Seat 1: Hero folded before Flop (didn't bet)
Seat 2: ccd9656 (button) folded on the Flop
Seat 3: 69b042a1 (small blind) won ($1)
Seat 4: 9ec17e09 (big blind) folded before Flop
Seat 5: e1178c38 folded before Flop (didn't bet)
Seat 6: 2f05c4db folded before Flop (didn't bet)


Poker Hand #HD1155467161: Hold'em No Limit  ($0.02/$0.05) - 2023/03/11 13:03:55
Table 'NLHBlue59' 6-max Seat #1 is the button
Seat 1: Hero ($9.63 in chips)
Seat 2: ccd9656 ($6.88 in chips)
Seat 3: 69b042a1 ($2.89 in chips)
Seat 4: 9ec17e09 ($7.32 in chips)
Seat 5: e1178c38 ($6.53 in chips)
Seat 6: 2f05c4db ($5.33 in chips)
ccd9656: posts small blind $0.02
69b042a1: posts big blind $0.05
*** HOLE CARDS ***
Dealt to Hero [Th 4c]
Dealt to ccd9656 
Dealt to 69b042a1 
Dealt to 9ec17e09 
Dealt to e1178c38 
Dealt to 2f05c4db 
9ec17e09: folds
e1178c38: raises $0.08 to $0.13
2f05c4db: folds
Hero: folds
ccd9656: calls $0.11
69b042a1: folds
*** FLOP *** [Jh 4s 2h]
ccd9656: checks
e1178c38: checks
*** TURN *** [Jh 4s 2h] [7c]
ccd9656: bets $0.25
e1178c38: folds
Uncalled bet ($0.25) returned to ccd9656
*** SHOWDOWN ***
ccd9656 collected $0.3 from pot
*** SUMMARY ***
Total pot $0.31 | Rake $0.01 | Jackpot $0 | Bingo $0 | Fortune $0
Board [Jh 4s 2h 7c]
Seat 1: Hero (button) folded before Flop (didn't bet)
Seat 2: ccd9656 (small blind) won ($0.3)
Seat 3: 69b042a1 (big blind) folded before Flop
Seat 4: 9ec17e09 folded before Flop (didn't bet)
Seat 5: e1178c38 folded on the Turn
Seat 6: 2f05c4db folded before Flop (didn't bet)


Poker Hand #HD1155467036: Hold'em No Limit  ($0.02/$0.05) - 2023/03/11 13:03:00
Table 'NLHBlue59' 6-max Seat #6 is the button
Seat 1: Hero ($9.65 in chips)
Seat 2: ccd9656 ($6.74 in chips)
Seat 3: 69b042a1 ($2.89 in chips)
Seat 4: 9ec17e09 ($7.32 in chips)
Seat 5: e1178c38 ($6.66 in chips)
Seat 6: 2f05c4db ($5.33 in chips)
Hero: posts small blind $0.02
ccd9656: posts big blind $0.05
*** HOLE CARDS ***
Dealt to Hero [3d As]
Dealt to ccd9656 
Dealt to 69b042a1 
Dealt to 9ec17e09 
Dealt to e1178c38 
Dealt to 2f05c4db 
69b042a1: folds
9ec17e09: folds
e1178c38: raises $0.08 to $0.13
2f05c4db: folds
Hero: folds
ccd9656: calls $0.08
*** FLOP *** [Kh 6h 6s]
ccd9656: checks
e1178c38: checks
*** TURN *** [Kh 6h 6s] [5h]
ccd9656: checks
e1178c38: checks
*** RIVER *** [Kh 6h 6s 5h] [2s]
ccd9656: bets $0.25
e1178c38: folds
Uncalled bet ($0.25) returned to ccd9656
*** SHOWDOWN ***
ccd9656 collected $0.27 from pot
*** SUMMARY ***
Total pot $0.28 | Rake $0.01 | Jackpot $0 | Bingo $0 | Fortune $0
Board [Kh 6h 6s 5h 2s]
Seat 1: Hero (small blind) folded before Flop
Seat 2: ccd9656 (big blind) won ($0.27)
Seat 3: 69b042a1 folded before Flop (didn't bet)
Seat 4: 9ec17e09 folded before Flop (didn't bet)
Seat 5: e1178c38 folded on the River
Seat 6: 2f05c4db (button) folded before Flop (didn't bet)


Poker Hand #HD1155466965: Hold'em No Limit  ($0.02/$0.05) - 2023/03/11 13:02:31
Table 'NLHBlue59' 6-max Seat #5 is the button
Seat 1: Hero ($9.7 in chips)
Seat 2: ccd9656 ($6.55 in chips)
Seat 3: 69b042a1 ($3.02 in chips)
Seat 4: 9ec17e09 ($7.32 in chips)
Seat 5: e1178c38 ($6.66 in chips)
Seat 6: 2f05c4db ($5.35 in chips)
2f05c4db: posts small blind $0.02
Hero: posts big blind $0.05
*** HOLE CARDS ***
Dealt to Hero [9d 6c]
Dealt to ccd9656 
Dealt to 69b042a1 
Dealt to 9ec17e09 
Dealt to e1178c38 
Dealt to 2f05c4db 
ccd9656: raises $0.08 to $0.13
69b042a1: calls $0.13
9ec17e09: folds
e1178c38: folds
2f05c4db: folds
Hero: folds
*** FLOP *** [2c 8d Ac]
ccd9656: bets $0.17
69b042a1: folds
Uncalled bet ($0.17) returned to ccd9656
*** SHOWDOWN ***
ccd9656 collected $0.32 from pot
*** SUMMARY ***
Total pot $0.33 | Rake $0.01 | Jackpot $0 | Bingo $0 | Fortune $0
Board [2c 8d Ac]
Seat 1: Hero (big blind) folded before Flop
Seat 2: ccd9656 won ($0.32)
Seat 3: 69b042a1 folded on the Flop
Seat 4: 9ec17e09 folded before Flop (didn't bet)
Seat 5: e1178c38 (button) folded before Flop (didn't bet)
Seat 6: 2f05c4db (small blind) folded before Flop


Poker Hand #HD1155466911: Hold'em No Limit  ($0.02/$0.05) - 2023/03/11 13:02:09
Table 'NLHBlue59' 6-max Seat #4 is the button
Seat 1: Hero ($9.7 in chips)
Seat 2: ccd9656 ($6.55 in chips)
Seat 3: 69b042a1 ($3.02 in chips)
Seat 4: 9ec17e09 ($7.32 in chips)
Seat 5: e1178c38 ($6.61 in chips)
Seat 6: 2f05c4db ($5.4 in chips)
e1178c38: posts small blind $0.02
2f05c4db: posts big blind $0.05
*** HOLE CARDS ***
Dealt to Hero [Ad 6s]
Dealt to ccd9656 
Dealt to 69b042a1 
Dealt to 9ec17e09 
Dealt to e1178c38 
Dealt to 2f05c4db 
Hero: folds
ccd9656: folds
69b042a1: folds
9ec17e09: folds
e1178c38: raises $0.08 to $0.13
2f05c4db: folds
Uncalled bet ($0.08) returned to e1178c38
*** SHOWDOWN ***
e1178c38 collected $0.1 from pot
*** SUMMARY ***
Total pot $0.1 | Rake $0 | Jackpot $0 | Bingo $0 | Fortune $0
Seat 1: Hero folded before Flop (didn't bet)
Seat 2: ccd9656 folded before Flop (didn't bet)
Seat 3: 69b042a1 folded before Flop (didn't bet)
Seat 4: 9ec17e09 (button) folded before Flop (didn't bet)
Seat 5: e1178c38 (small blind) collected ($0.1)
Seat 6: 2f05c4db (big blind) folded before Flop


Poker Hand #HD1155466861: Hold'em No Limit  ($0.02/$0.05) - 2023/03/11 13:01:48
Table 'NLHBlue59' 6-max Seat #3 is the button
Seat 1: Hero ($9.7 in chips)
Seat 2: ccd9656 ($6.55 in chips)
Seat 3: 69b042a1 ($3.02 in chips)
Seat 4: 9ec17e09 ($7.34 in chips)
Seat 5: e1178c38 ($6.66 in chips)
Seat 6: 2f05c4db ($5.33 in chips)
9ec17e09: posts small blind $0.02
e1178c38: posts big blind $0.05
*** HOLE CARDS ***
Dealt to Hero [Ah 6s]
Dealt to ccd9656 
Dealt to 69b042a1 
Dealt to 9ec17e09 
Dealt to e1178c38 
Dealt to 2f05c4db 
2f05c4db: raises $0.1 to $0.15
Hero: folds
ccd9656: folds
69b042a1: folds
9ec17e09: folds
e1178c38: folds
Uncalled bet ($0.1) returned to 2f05c4db
*** SHOWDOWN ***
2f05c4db collected $0.12 from pot
*** SUMMARY ***
Total pot $0.12 | Rake $0 | Jackpot $0 | Bingo $0 | Fortune $0
Seat 1: Hero folded before Flop (didn't bet)
Seat 2: ccd9656 folded before Flop (didn't bet)
Seat 3: 69b042a1 (button) folded before Flop (didn't bet)
Seat 4: 9ec17e09 (small blind) folded before Flop
Seat 5: e1178c38 (big blind) folded before Flop
Seat 6: 2f05c4db collected ($0.12)


Poker Hand #HD1155466829: Hold'em No Limit  ($0.02/$0.05) - 2023/03/11 13:01:34
Table 'NLHBlue59' 6-max Seat #2 is the button
Seat 1: Hero ($9.7 in chips)
Seat 2: ccd9656 ($6.48 in chips)
Seat 3: 69b042a1 ($3.04 in chips)
Seat 4: 9ec17e09 ($7.39 in chips)
Seat 5: e1178c38 ($6.66 in chips)
Seat 6: 2f05c4db ($5.33 in chips)
69b042a1: posts small blind $0.02
9ec17e09: posts big blind $0.05
*** HOLE CARDS ***
Dealt to Hero [4d 2c]
Dealt to ccd9656 
Dealt to 69b042a1 
Dealt to 9ec17e09 
Dealt to e1178c38 
Dealt to 2f05c4db 
e1178c38: folds
2f05c4db: folds
Hero: folds
ccd9656: raises $0.08 to $0.13
69b042a1: folds
9ec17e09: folds
Uncalled bet ($0.08) returned to ccd9656
*** SHOWDOWN ***
ccd9656 collected $0.12 from pot
*** SUMMARY ***
Total pot $0.12 | Rake $0 | Jackpot $0 | Bingo $0 | Fortune $0
Seat 1: Hero folded before Flop (didn't bet)
Seat 2: ccd9656 (button) collected ($0.12)
Seat 3: 69b042a1 (small blind) folded before Flop
Seat 4: 9ec17e09 (big blind) folded before Flop
Seat 5: e1178c38 folded before Flop (didn't bet)
Seat 6: 2f05c4db folded before Flop (didn't bet)


Poker Hand #HD1155466622: Hold'em No Limit  ($0.02/$0.05) - 2023/03/11 13:00:03
Table 'NLHBlue59' 6-max Seat #1 is the button
Seat 1: Hero ($9.7 in chips)
Seat 2: ccd9656 ($4.76 in chips)
Seat 3: 69b042a1 ($5 in chips)
Seat 4: 9ec17e09 ($7.39 in chips)
Seat 5: e1178c38 ($6.66 in chips)
Seat 6: 2f05c4db ($5.33 in chips)
ccd9656: posts small blind $0.02
69b042a1: posts big blind $0.05
*** HOLE CARDS ***
Dealt to Hero [Jd 3d]
Dealt to ccd9656 
Dealt to 69b042a1 
Dealt to 9ec17e09 
Dealt to e1178c38 
Dealt to 2f05c4db 
9ec17e09: folds
e1178c38: folds
2f05c4db: folds
Hero: folds
ccd9656: raises $0.08 to $0.13
69b042a1: raises $0.26 to $0.39
ccd9656: calls $0.26
*** FLOP *** [9h 7d 8s]
ccd9656: checks
69b042a1: bets $0.59
ccd9656: calls $0.59
*** TURN *** [9h 7d 8s] [6c]
ccd9656: checks
69b042a1: bets $0.98
ccd9656: raises $1.02 to $2
69b042a1: folds
Uncalled bet ($1.02) returned to ccd9656
*** SHOWDOWN ***
ccd9656 collected $3.68 from pot
*** SUMMARY ***
Total pot $3.92 | Rake $0.19 | Jackpot $0.05 | Bingo $0 | Fortune $0
Board [9h 7d 8s 6c]
Seat 1: Hero (button) folded before Flop (didn't bet)
Seat 2: ccd9656 (small blind) won ($3.68)
Seat 3: 69b042a1 (big blind) folded on the Turn
Seat 4: 9ec17e09 folded before Flop (didn't bet)
Seat 5: e1178c38 folded before Flop (didn't bet)
Seat 6: 2f05c4db folded before Flop (didn't bet)


Poker Hand #HD1155466536: Hold'em No Limit  ($0.02/$0.05) - 2023/03/11 12:59:25
Table 'NLHBlue59' 6-max Seat #6 is the button
Seat 1: Hero ($9.72 in chips)
Seat 2: ccd9656 ($4.65 in chips)
Seat 4: 9ec17e09 ($7.39 in chips)
Seat 5: e1178c38 ($6.66 in chips)
Seat 6: 2f05c4db ($5.43 in chips)
Hero: posts small blind $0.02
ccd9656: posts big blind $0.05
*** HOLE CARDS ***
Dealt to Hero [Ah 8c]
Dealt to ccd9656 
Dealt to 9ec17e09 
Dealt to e1178c38 
Dealt to 2f05c4db 
9ec17e09: folds
e1178c38: folds
2f05c4db: raises $0.05 to $0.1
Hero: folds
ccd9656: calls $0.05
*** FLOP *** [6s 3c Jc]
ccd9656: checks
2f05c4db: checks
*** TURN *** [6s 3c Jc] [Js]
ccd9656: bets $0.15
2f05c4db: folds
Uncalled bet ($0.15) returned to ccd9656
*** SHOWDOWN ***
ccd9656 collected $0.21 from pot
*** SUMMARY ***
Total pot $0.22 | Rake $0.01 | Jackpot $0 | Bingo $0 | Fortune $0
Board [6s 3c Jc Js]
Seat 1: Hero (small blind) folded before Flop
Seat 2: ccd9656 (big blind) won ($0.21)
Seat 4: 9ec17e09 folded before Flop (didn't bet)
Seat 5: e1178c38 folded before Flop (didn't bet)
Seat 6: 2f05c4db (button) folded on the Turn


Poker Hand #HD1155466455: Hold'em No Limit  ($0.02/$0.05) - 2023/03/11 12:58:48
Table 'NLHBlue59' 6-max Seat #5 is the button
Seat 1: Hero ($9.82 in chips)
Seat 2: ccd9656 ($4.65 in chips)
Seat 3: b3313403 ($5.11 in chips)
Seat 4: 9ec17e09 ($7.39 in chips)
Seat 5: e1178c38 ($6.66 in chips)
Seat 6: 2f05c4db ($5.34 in chips)
2f05c4db: posts small blind $0.02
Hero: posts big blind $0.05
*** HOLE CARDS ***
Dealt to Hero [Jc Th]
Dealt to ccd9656 
Dealt to b3313403 
Dealt to 9ec17e09 
Dealt to e1178c38 
Dealt to 2f05c4db 
ccd9656: folds
b3313403: folds
9ec17e09: folds
e1178c38: folds
2f05c4db: raises $0.05 to $0.1
Hero: calls $0.05
*** FLOP *** [7h 7d 4c]
2f05c4db: checks
Hero: checks
*** TURN *** [7h 7d 4c] [2d]
2f05c4db: bets $0.07
Hero: folds
Uncalled bet ($0.07) returned to 2f05c4db
*** SHOWDOWN ***
2f05c4db collected $0.19 from pot
*** SUMMARY ***
Total pot $0.2 | Rake $0.01 | Jackpot $0 | Bingo $0 | Fortune $0
Board [7h 7d 4c 2d]
Seat 1: Hero (big blind) folded on the Turn
Seat 2: ccd9656 folded before Flop (didn't bet)
Seat 3: b3313403 folded before Flop (didn't bet)
Seat 4: 9ec17e09 folded before Flop (didn't bet)
Seat 5: e1178c38 (button) folded before Flop (didn't bet)
Seat 6: 2f05c4db (small blind) won ($0.19)


Poker Hand #HD1155466433: Hold'em No Limit  ($0.02/$0.05) - 2023/03/11 12:58:34
Table 'NLHBlue59' 6-max Seat #4 is the button
Seat 1: Hero ($9.82 in chips)
Seat 2: ccd9656 ($4.65 in chips)
Seat 3: b3313403 ($5.11 in chips)
Seat 4: 9ec17e09 ($7.32 in chips)
Seat 5: e1178c38 ($6.68 in chips)
Seat 6: 2f05c4db ($5.39 in chips)
e1178c38: posts small blind $0.02
2f05c4db: posts big blind $0.05
*** HOLE CARDS ***
Dealt to Hero [Jh 2s]
Dealt to ccd9656 
Dealt to b3313403 
Dealt to 9ec17e09 
Dealt to e1178c38 
Dealt to 2f05c4db 
Hero: folds
ccd9656: folds
b3313403: folds
9ec17e09: raises $0.05 to $0.1
e1178c38: folds
2f05c4db: folds
Uncalled bet ($0.05) returned to 9ec17e09
*** SHOWDOWN ***
9ec17e09 collected $0.12 from pot
*** SUMMARY ***
Total pot $0.12 | Rake $0 | Jackpot $0 | Bingo $0 | Fortune $0
Seat 1: Hero folded before Flop (didn't bet)
Seat 2: ccd9656 folded before Flop (didn't bet)
Seat 3: b3313403 folded before Flop (didn't bet)
Seat 4: 9ec17e09 (button) collected ($0.12)
Seat 5: e1178c38 (small blind) folded before Flop
Seat 6: 2f05c4db (big blind) folded before Flop


Poker Hand #HD1155466365: Hold'em No Limit  ($0.02/$0.05) - 2023/03/11 12:58:06
Table 'NLHBlue59' 6-max Seat #3 is the button
Seat 1: Hero ($9.82 in chips)
Seat 2: ccd9656 ($4.65 in chips)
Seat 3: b3313403 ($5 in chips)
Seat 4: 9ec17e09 ($7.34 in chips)
Seat 5: e1178c38 ($6.78 in chips)
Seat 6: 2f05c4db ($5.39 in chips)
9ec17e09: posts small blind $0.02
e1178c38: posts big blind $0.05
*** HOLE CARDS ***
Dealt to Hero [7h Th]
Dealt to ccd9656 
Dealt to b3313403 
Dealt to 9ec17e09 
Dealt to e1178c38 
Dealt to 2f05c4db 
2f05c4db: folds
Hero: folds
ccd9656: folds
b3313403: raises $0.05 to $0.1
9ec17e09: folds
e1178c38: calls $0.05
*** FLOP *** [5d 5h Jh]
e1178c38: checks
b3313403: bets $0.08
e1178c38: folds
Uncalled bet ($0.08) returned to b3313403
*** SHOWDOWN ***
b3313403 collected $0.21 from pot
*** SUMMARY ***
Total pot $0.22 | Rake $0.01 | Jackpot $0 | Bingo $0 | Fortune $0
Board [5d 5h Jh]
Seat 1: Hero folded before Flop (didn't bet)
Seat 2: ccd9656 folded before Flop (didn't bet)
Seat 3: b3313403 (button) won ($0.21)
Seat 4: 9ec17e09 (small blind) folded before Flop
Seat 5: e1178c38 (big blind) folded on the Flop
Seat 6: 2f05c4db folded before Flop (didn't bet)


Poker Hand #HD1155466237: Hold'em No Limit  ($0.02/$0.05) - 2023/03/11 12:57:10
Table 'NLHBlue59' 6-max Seat #2 is the button
Seat 1: Hero ($9.82 in chips)
Seat 2: ccd9656 ($4.37 in chips)
Seat 3: b3313403 ($5 in chips)
Seat 4: 9ec17e09 ($7.39 in chips)
Seat 5: e1178c38 ($6.78 in chips)
Seat 6: 2f05c4db ($5 in chips)
b3313403: posts small blind $0.02
9ec17e09: posts big blind $0.05
*** HOLE CARDS ***
Dealt to Hero [4s 6d]
Dealt to ccd9656 
Dealt to b3313403 
Dealt to 9ec17e09 
Dealt to e1178c38 
Dealt to 2f05c4db 
e1178c38: folds
2f05c4db: raises $0.1 to $0.15
Hero: folds
ccd9656: raises $0.2 to $0.35
b3313403: folds
9ec17e09: folds
2f05c4db: raises $0.85 to $1.2
ccd9656: folds
Uncalled bet ($0.85) returned to 2f05c4db
*** SHOWDOWN ***
2f05c4db collected $0.74 from pot
*** SUMMARY ***
Total pot $0.77 | Rake $0.03 | Jackpot $0 | Bingo $0 | Fortune $0
Seat 1: Hero folded before Flop (didn't bet)
Seat 2: ccd9656 (button) folded before Flop
Seat 3: b3313403 (small blind) folded before Flop
Seat 4: 9ec17e09 (big blind) folded before Flop
Seat 5: e1178c38 folded before Flop (didn't bet)
Seat 6: 2f05c4db collected ($0.74)


Poker Hand #HD1155466179: Hold'em No Limit  ($0.02/$0.05) - 2023/03/11 12:56:44
Table 'NLHBlue59' 6-max Seat #1 is the button
Seat 1: Hero ($9.66 in chips)
Seat 2: ccd9656 ($4.49 in chips)
Seat 3: b3313403 ($5 in chips)
Seat 4: 9ec17e09 ($7.39 in chips)
Seat 5: e1178c38 ($6.78 in chips)
Seat 6: 2f05c4db ($5 in chips)
ccd9656: posts small blind $0.02
b3313403: posts big blind $0.05
*** HOLE CARDS ***
Dealt to Hero [As 3d]
Dealt to ccd9656 
Dealt to b3313403 
Dealt to 9ec17e09 
Dealt to e1178c38 
Dealt to 2f05c4db 
9ec17e09: folds
e1178c38: folds
2f05c4db: folds
Hero: raises $0.07 to $0.12
ccd9656: calls $0.1
b3313403: folds
*** FLOP *** [3h Th 3s]
ccd9656: checks
Hero: bets $0.22
ccd9656: folds
Uncalled bet ($0.22) returned to Hero
*** SHOWDOWN ***
Hero collected $0.28 from pot
*** SUMMARY ***
Total pot $0.29 | Rake $0.01 | Jackpot $0 | Bingo $0 | Fortune $0
Board [3h Th 3s]
Seat 1: Hero (button) won ($0.28)
Seat 2: ccd9656 (small blind) folded on the Flop
Seat 3: b3313403 (big blind) folded before Flop
Seat 4: 9ec17e09 folded before Flop (didn't bet)
Seat 5: e1178c38 folded before Flop (didn't bet)
Seat 6: 2f05c4db folded before Flop (didn't bet)


Poker Hand #HD1155466080: Hold'em No Limit  ($0.02/$0.05) - 2023/03/11 12:56:07
Table 'NLHBlue59' 6-max Seat #6 is the button
Seat 1: Hero ($9.23 in chips)
Seat 2: ccd9656 ($4.54 in chips)
Seat 3: b3313403 ($5 in chips)
Seat 4: 9ec17e09 ($7.39 in chips)
Seat 5: e1178c38 ($7.09 in chips)
Seat 6: 2f05c4db ($5 in chips)
Hero: posts small blind $0.02
ccd9656: posts big blind $0.05
*** HOLE CARDS ***
Dealt to Hero [Kc Ah]
Dealt to ccd9656 
Dealt to b3313403 
Dealt to 9ec17e09 
Dealt to e1178c38 
Dealt to 2f05c4db 
b3313403: raises $0.05 to $0.1
9ec17e09: folds
e1178c38: raises $0.21 to $0.31
2f05c4db: folds
Hero: raises $0.55 to $0.86
ccd9656: folds
b3313403: folds
e1178c38: folds
Uncalled bet ($0.55) returned to Hero
*** SHOWDOWN ***
Hero collected $0.74 from pot
*** SUMMARY ***
Total pot $0.77 | Rake $0.03 | Jackpot $0 | Bingo $0 | Fortune $0
Seat 1: Hero (small blind) collected ($0.74)
Seat 2: ccd9656 (big blind) folded before Flop
Seat 3: b3313403 folded before Flop
Seat 4: 9ec17e09 folded before Flop (didn't bet)
Seat 5: e1178c38 folded before Flop
Seat 6: 2f05c4db (button) folded before Flop (didn't bet)


Poker Hand #HD1155465989: Hold'em No Limit  ($0.02/$0.05) - 2023/03/11 12:55:22
Table 'NLHBlue59' 6-max Seat #5 is the button
Seat 1: Hero ($8.9 in chips)
Seat 2: ccd9656 ($4.88 in chips)
Seat 3: b3313403 ($5 in chips)
Seat 4: 9ec17e09 ($7.39 in chips)
Seat 5: e1178c38 ($7.09 in chips)
Seat 6: 2f05c4db ($5 in chips)
2f05c4db: posts small blind $0.02
Hero: posts big blind $0.05
*** HOLE CARDS ***
Dealt to Hero [2c 2d]
Dealt to ccd9656 
Dealt to b3313403 
Dealt to 9ec17e09 
Dealt to e1178c38 
Dealt to 2f05c4db 
ccd9656: raises $0.08 to $0.13
b3313403: folds
9ec17e09: folds
e1178c38: folds
2f05c4db: folds
Hero: calls $0.08
*** FLOP *** [6s 2s 2h]
Hero: checks
ccd9656: checks
*** TURN *** [6s 2s 2h] [9d]
Hero: bets $0.21
ccd9656: calls $0.21
*** RIVER *** [6s 2s 2h 9d] [5c]
Hero: bets $0.53
ccd9656: folds
Uncalled bet ($0.53) returned to Hero
Hero: shows [2c 2d] (Four Twos)
*** SHOWDOWN ***
Hero collected $0.67 from pot
*** SUMMARY ***
Total pot $0.7 | Rake $0.03 | Jackpot $0 | Bingo $0 | Fortune $0
Board [6s 2s 2h 9d 5c]
Seat 1: Hero (big blind) showed [2c 2d] and won ($0.67) with Four Twos
Seat 2: ccd9656 folded on the River
Seat 3: b3313403 folded before Flop (didn't bet)
Seat 4: 9ec17e09 folded before Flop (didn't bet)
Seat 5: e1178c38 (button) folded before Flop (didn't bet)
Seat 6: 2f05c4db (small blind) folded before Flop


Poker Hand #HD1155465883: Hold'em No Limit  ($0.02/$0.05) - 2023/03/11 12:54:32
Table 'NLHBlue59' 6-max Seat #4 is the button
Seat 1: Hero ($9.22 in chips)
Seat 2: ccd9656 ($5 in chips)
Seat 3: b3313403 ($5 in chips)
Seat 4: 9ec17e09 ($7.39 in chips)
Seat 5: e1178c38 ($6.64 in chips)
Seat 6: 2f05c4db ($5 in chips)
e1178c38: posts small blind $0.02
2f05c4db: posts big blind $0.05
*** HOLE CARDS ***
Dealt to Hero [Kh Th]
Dealt to ccd9656 
Dealt to b3313403 
Dealt to 9ec17e09 
Dealt to e1178c38 
Dealt to 2f05c4db 
Hero: raises $0.07 to $0.12
ccd9656: calls $0.12
b3313403: folds
9ec17e09: folds
e1178c38: calls $0.1
2f05c4db: folds
*** FLOP *** [Qs As 5h]
e1178c38: checks
Hero: bets $0.2
ccd9656: folds
e1178c38: calls $0.2
*** TURN *** [Qs As 5h] [4s]
e1178c38: checks
Hero: checks
*** RIVER *** [Qs As 5h 4s] [Ac]
e1178c38: bets $0.27
Hero: folds
Uncalled bet ($0.27) returned to e1178c38
*** SHOWDOWN ***
e1178c38 collected $0.77 from pot
*** SUMMARY ***
Total pot $0.81 | Rake $0.04 | Jackpot $0 | Bingo $0 | Fortune $0
Board [Qs As 5h 4s Ac]
Seat 1: Hero folded on the River
Seat 2: ccd9656 folded on the Flop
Seat 3: b3313403 folded before Flop (didn't bet)
Seat 4: 9ec17e09 (button) folded before Flop (didn't bet)
Seat 5: e1178c38 (small blind) won ($0.77)
Seat 6: 2f05c4db (big blind) folded before Flop


Poker Hand #HD1155465790: Hold'em No Limit  ($0.02/$0.05) - 2023/03/11 12:53:50
Table 'NLHBlue59' 6-max Seat #3 is the button
Seat 1: Hero ($8.86 in chips)
Seat 2: ccd9656 ($5 in chips)
Seat 3: b3313403 ($5.09 in chips)
Seat 4: 9ec17e09 ($7.41 in chips)
Seat 5: e1178c38 ($6.89 in chips)
9ec17e09: posts small blind $0.02
e1178c38: posts big blind $0.05
*** HOLE CARDS ***
Dealt to Hero [Ah Ad]
Dealt to ccd9656 
Dealt to b3313403 
Dealt to 9ec17e09 
Dealt to e1178c38 
Hero: raises $0.07 to $0.12
ccd9656: folds
b3313403: calls $0.12
9ec17e09: folds
e1178c38: calls $0.07
*** FLOP *** [6s 4c 4d]
e1178c38: checks
Hero: bets $0.13
b3313403: folds
e1178c38: calls $0.13
*** TURN *** [6s 4c 4d] [4h]
e1178c38: checks
Hero: bets $0.32
e1178c38: folds
Uncalled bet ($0.32) returned to Hero
*** SHOWDOWN ***
Hero collected $0.61 from pot
*** SUMMARY ***
Total pot $0.64 | Rake $0.03 | Jackpot $0 | Bingo $0 | Fortune $0
Board [6s 4c 4d 4h]
Seat 1: Hero won ($0.61)
Seat 2: ccd9656 folded before Flop (didn't bet)
Seat 3: b3313403 (button) folded on the Flop
Seat 4: 9ec17e09 (small blind) folded before Flop
Seat 5: e1178c38 (big blind) folded on the Turn


Poker Hand #HD1155465694: Hold'em No Limit  ($0.02/$0.05) - 2023/03/11 12:53:10
Table 'NLHBlue59' 6-max Seat #2 is the button
Seat 1: Hero ($8.13 in chips)
Seat 2: ccd9656 ($4.24 in chips)
Seat 3: b3313403 ($5.72 in chips)
Seat 4: 9ec17e09 ($7.46 in chips)
Seat 5: e1178c38 ($6.89 in chips)
b3313403: posts small blind $0.02
9ec17e09: posts big blind $0.05
*** HOLE CARDS ***
Dealt to Hero [Ah Ks]
Dealt to ccd9656 
Dealt to b3313403 
Dealt to 9ec17e09 
Dealt to e1178c38 
e1178c38: folds
Hero: raises $0.07 to $0.12
ccd9656: calls $0.12
b3313403: raises $0.51 to $0.63
9ec17e09: folds
Hero: raises $0.71 to $1.34
ccd9656: folds
b3313403: folds
Uncalled bet ($0.71) returned to Hero
*** SHOWDOWN ***
Hero collected $1.36 from pot
*** SUMMARY ***
Total pot $1.43 | Rake $0.07 | Jackpot $0 | Bingo $0 | Fortune $0
Seat 1: Hero collected ($1.36)
Seat 2: ccd9656 (button) folded before Flop
Seat 3: b3313403 (small blind) folded before Flop
Seat 4: 9ec17e09 (big blind) folded before Flop
Seat 5: e1178c38 folded before Flop (didn't bet)


Poker Hand #HD1155405601: Hold'em No Limit  ($0.02/$0.05) - 2023/03/11 12:52:24
Table 'NLHBlue59' 6-max Seat #1 is the button
Seat 1: Hero ($8.13 in chips)
Seat 2: ccd9656 ($6.34 in chips)
Seat 3: b3313403 ($5.77 in chips)
Seat 4: 9ec17e09 ($7.46 in chips)
Seat 5: e1178c38 ($5 in chips)
ccd9656: posts small blind $0.02
b3313403: posts big blind $0.05
*** HOLE CARDS ***
Dealt to Hero [Kd 4c]
Dealt to ccd9656 
Dealt to b3313403 
Dealt to 9ec17e09 
Dealt to e1178c38 
9ec17e09: folds
e1178c38: raises $0.08 to $0.13
Hero: folds
ccd9656: raises $0.22 to $0.35
b3313403: folds
e1178c38: calls $0.22
*** FLOP *** [Jc Tc 3h]
ccd9656: bets $0.45
e1178c38: calls $0.45
*** TURN *** [Jc Tc 3h] [6h]
ccd9656: bets $1.3
e1178c38: calls $1.3
*** RIVER *** [Jc Tc 3h 6h] [2s]
ccd9656: checks
e1178c38: checks
ccd9656: shows [Ad Kc] (Ace-High)
e1178c38: shows [Js Qd] (Pair of Jacks)
*** SHOWDOWN ***
e1178c38 collected $3.99 from pot
*** SUMMARY ***
Total pot $4.25 | Rake $0.21 | Jackpot $0.05 | Bingo $0 | Fortune $0
Board [Jc Tc 3h 6h 2s]
Seat 1: Hero (button) folded before Flop (didn't bet)
Seat 2: ccd9656 (small blind) showed [Ad Kc] and lost with Ace-High
Seat 3: b3313403 (big blind) folded before Flop
Seat 4: 9ec17e09 folded before Flop (didn't bet)
Seat 5: e1178c38 showed [Js Qd] and won ($3.99) with Pair of Jacks


Poker Hand #HD1155405549: Hold'em No Limit  ($0.02/$0.05) - 2023/03/11 12:51:57
Table 'NLHBlue59' 6-max Seat #5 is the button
Seat 1: Hero ($8.15 in chips)
Seat 2: ccd9656 ($6.39 in chips)
Seat 3: b3313403 ($5.7 in chips)
Seat 4: 9ec17e09 ($7.46 in chips)
Seat 5: e1178c38 ($5 in chips)
Hero: posts small blind $0.02
ccd9656: posts big blind $0.05
*** HOLE CARDS ***
Dealt to Hero [Td Qs]
Dealt to ccd9656 
Dealt to b3313403 
Dealt to 9ec17e09 
Dealt to e1178c38 
b3313403: raises $0.05 to $0.1
9ec17e09: folds
e1178c38: folds
Hero: folds
ccd9656: folds
Uncalled bet ($0.05) returned to b3313403
*** SHOWDOWN ***
b3313403 collected $0.12 from pot
*** SUMMARY ***
Total pot $0.12 | Rake $0 | Jackpot $0 | Bingo $0 | Fortune $0
Seat 1: Hero (small blind) folded before Flop
Seat 2: ccd9656 (big blind) folded before Flop
Seat 3: b3313403 collected ($0.12)
Seat 4: 9ec17e09 folded before Flop (didn't bet)
Seat 5: e1178c38 (button) folded before Flop (didn't bet)


Poker Hand #HD1155405463: Hold'em No Limit  ($0.02/$0.05) - 2023/03/11 12:51:17
Table 'NLHBlue59' 6-max Seat #4 is the button
Seat 1: Hero ($7.88 in chips)
Seat 2: ccd9656 ($6.66 in chips)
Seat 3: b3313403 ($5.7 in chips)
Seat 4: 9ec17e09 ($7.46 in chips)
Seat 5: e1178c38 ($5 in chips)
e1178c38: posts small blind $0.02
Hero: posts big blind $0.05
*** HOLE CARDS ***
Dealt to Hero [Kc Jd]
Dealt to ccd9656 
Dealt to b3313403 
Dealt to 9ec17e09 
Dealt to e1178c38 
ccd9656: raises $0.08 to $0.13
b3313403: folds
9ec17e09: folds
e1178c38: folds
Hero: calls $0.08
*** FLOP *** [As 5h Jc]
Hero: checks
ccd9656: bets $0.14
Hero: calls $0.14
*** TURN *** [As 5h Jc] [6h]
Hero: checks
ccd9656: checks
*** RIVER *** [As 5h Jc 6h] [Jh]
Hero: bets $0.42
ccd9656: folds
Uncalled bet ($0.42) returned to Hero
*** SHOWDOWN ***
Hero collected $0.54 from pot
*** SUMMARY ***
Total pot $0.56 | Rake $0.02 | Jackpot $0 | Bingo $0 | Fortune $0
Board [As 5h Jc 6h Jh]
Seat 1: Hero (big blind) won ($0.54)
Seat 2: ccd9656 folded on the River
Seat 3: b3313403 folded before Flop (didn't bet)
Seat 4: 9ec17e09 (button) folded before Flop (didn't bet)
Seat 5: e1178c38 (small blind) folded before Flop


Poker Hand #HD1155405330: Hold'em No Limit  ($0.02/$0.05) - 2023/03/11 12:50:18
Table 'NLHBlue59' 6-max Seat #3 is the button
Seat 1: Hero ($7.88 in chips)
Seat 2: ccd9656 ($6.66 in chips)
Seat 3: b3313403 ($5.7 in chips)
Seat 4: 9ec17e09 ($5.09 in chips)
Seat 5: e1178c38 ($5.12 in chips)
Seat 6: f36d6859 ($9.3 in chips)
9ec17e09: posts small blind $0.02
e1178c38: posts big blind $0.05
*** HOLE CARDS ***
Dealt to Hero [7d 9s]
Dealt to ccd9656 
Dealt to b3313403 
Dealt to 9ec17e09 
Dealt to e1178c38 
Dealt to f36d6859 
f36d6859: folds
Hero: folds
ccd9656: folds
b3313403: folds
9ec17e09: raises $0.05 to $0.1
e1178c38: calls $0.05
*** FLOP *** [6d 2d 8d]
9ec17e09: checks
e1178c38: bets $0.1
9ec17e09: raises $0.26 to $0.36
e1178c38: calls $0.26
*** TURN *** [6d 2d 8d] [9d]
9ec17e09: bets $0.66
e1178c38: calls $0.66
*** RIVER *** [6d 2d 8d 9d] [6c]
9ec17e09: bets $1.56
e1178c38: calls $1.56
9ec17e09: shows [2s Ad] (Ace High Flush)
e1178c38: shows [Kd 2h] (King High Flush)
*** SHOWDOWN ***
9ec17e09 collected $5.05 from pot
*** SUMMARY ***
Total pot $5.36 | Rake $0.26 | Jackpot $0.05 | Bingo $0 | Fortune $0
Board [6d 2d 8d 9d 6c]
Seat 1: Hero folded before Flop (didn't bet)
Seat 2: ccd9656 folded before Flop (didn't bet)
Seat 3: b3313403 (button) folded before Flop (didn't bet)
Seat 4: 9ec17e09 (small blind) showed [2s Ad] and won ($5.05) with Ace High Flush
Seat 5: e1178c38 (big blind) showed [Kd 2h] and lost with King High Flush
Seat 6: f36d6859 folded before Flop (didn't bet)


Poker Hand #HD1155405310: Hold'em No Limit  ($0.02/$0.05) - 2023/03/11 12:50:08
Table 'NLHBlue59' 6-max Seat #2 is the button
Seat 1: Hero ($7.88 in chips)
Seat 2: ccd9656 ($6.66 in chips)
Seat 3: b3313403 ($5.72 in chips)
Seat 4: 9ec17e09 ($5.07 in chips)
Seat 5: e1178c38 ($5.12 in chips)
Seat 6: f36d6859 ($9.3 in chips)
b3313403: posts small blind $0.02
9ec17e09: posts big blind $0.05
*** HOLE CARDS ***
Dealt to Hero [2c 7c]
Dealt to ccd9656 
Dealt to b3313403 
Dealt to 9ec17e09 
Dealt to e1178c38 
Dealt to f36d6859 
e1178c38: folds
f36d6859: folds
Hero: folds
ccd9656: folds
b3313403: folds
Uncalled bet ($0.03) returned to 9ec17e09
*** SHOWDOWN ***
9ec17e09 collected $0.04 from pot
*** SUMMARY ***
Total pot $0.04 | Rake $0 | Jackpot $0 | Bingo $0 | Fortune $0
Seat 1: Hero folded before Flop (didn't bet)
Seat 2: ccd9656 (button) folded before Flop (didn't bet)
Seat 3: b3313403 (small blind) folded before Flop
Seat 4: 9ec17e09 (big blind) collected ($0.04)
Seat 5: e1178c38 folded before Flop (didn't bet)
Seat 6: f36d6859 folded before Flop (didn't bet)


Poker Hand #HD1155405214: Hold'em No Limit  ($0.02/$0.05) - 2023/03/11 12:49:21
Table 'NLHBlue59' 6-max Seat #1 is the button
Seat 1: Hero ($8 in chips)
Seat 2: ccd9656 ($6.78 in chips)
Seat 3: b3313403 ($5.49 in chips)
Seat 4: 9ec17e09 ($5.07 in chips)
Seat 5: e1178c38 ($5.12 in chips)
Seat 6: f36d6859 ($9.3 in chips)
ccd9656: posts small blind $0.02
b3313403: posts big blind $0.05
*** HOLE CARDS ***
Dealt to Hero [7d As]
Dealt to ccd9656 
Dealt to b3313403 
Dealt to 9ec17e09 
Dealt to e1178c38 
Dealt to f36d6859 
9ec17e09: folds
e1178c38: folds
f36d6859: folds
Hero: raises $0.07 to $0.12
ccd9656: calls $0.1
b3313403: calls $0.07
*** FLOP *** [8c Js 5c]
ccd9656: checks
b3313403: checks
Hero: checks
*** TURN *** [8c Js 5c] [Ts]
ccd9656: checks
b3313403: bets $0.62
Hero: folds
ccd9656: folds
Uncalled bet ($0.62) returned to b3313403
*** SHOWDOWN ***
b3313403 collected $0.35 from pot
*** SUMMARY ***
Total pot $0.36 | Rake $0.01 | Jackpot $0 | Bingo $0 | Fortune $0
Board [8c Js 5c Ts]
Seat 1: Hero (button) folded on the Turn
Seat 2: ccd9656 (small blind) folded on the Turn
Seat 3: b3313403 (big blind) won ($0.35)
Seat 4: 9ec17e09 folded before Flop (didn't bet)
Seat 5: e1178c38 folded before Flop (didn't bet)
Seat 6: f36d6859 folded before Flop (didn't bet)


Poker Hand #HD1155405174: Hold'em No Limit  ($0.02/$0.05) - 2023/03/11 12:49:01
Table 'NLHBlue59' 6-max Seat #6 is the button
Seat 1: Hero ($8.02 in chips)
Seat 2: ccd9656 ($6.83 in chips)
Seat 3: b3313403 ($5.49 in chips)
Seat 4: 9ec17e09 ($5.07 in chips)
Seat 5: e1178c38 ($5.05 in chips)
Seat 6: f36d6859 ($9.3 in chips)
Hero: posts small blind $0.02
ccd9656: posts big blind $0.05
*** HOLE CARDS ***
Dealt to Hero [6s 3h]
Dealt to ccd9656 
Dealt to b3313403 
Dealt to 9ec17e09 
Dealt to e1178c38 
Dealt to f36d6859 
b3313403: folds
9ec17e09: folds
e1178c38: raises $0.08 to $0.13
f36d6859: folds
Hero: folds
ccd9656: folds
Uncalled bet ($0.08) returned to e1178c38
*** SHOWDOWN ***
e1178c38 collected $0.12 from pot
*** SUMMARY ***
Total pot $0.12 | Rake $0 | Jackpot $0 | Bingo $0 | Fortune $0
Seat 1: Hero (small blind) folded before Flop
Seat 2: ccd9656 (big blind) folded before Flop
Seat 3: b3313403 folded before Flop (didn't bet)
Seat 4: 9ec17e09 folded before Flop (didn't bet)
Seat 5: e1178c38 collected ($0.12)
Seat 6: f36d6859 (button) folded before Flop (didn't bet)


Poker Hand #HD1155405130: Hold'em No Limit  ($0.02/$0.05) - 2023/03/11 12:48:40
Table 'NLHBlue59' 6-max Seat #5 is the button
Seat 1: Hero ($8.07 in chips)
Seat 2: ccd9656 ($6.83 in chips)
Seat 3: b3313403 ($5.49 in chips)
Seat 4: 9ec17e09 ($5 in chips)
Seat 5: e1178c38 ($5.05 in chips)
Seat 6: f36d6859 ($9.32 in chips)
f36d6859: posts small blind $0.02
Hero: posts big blind $0.05
*** HOLE CARDS ***
Dealt to Hero [Qc 5h]
Dealt to ccd9656 
Dealt to b3313403 
Dealt to 9ec17e09 
Dealt to e1178c38 
Dealt to f36d6859 
ccd9656: folds
b3313403: folds
9ec17e09: raises $0.05 to $0.1
e1178c38: folds
f36d6859: folds
Hero: folds
Uncalled bet ($0.05) returned to 9ec17e09
*** SHOWDOWN ***
9ec17e09 collected $0.12 from pot
*** SUMMARY ***
Total pot $0.12 | Rake $0 | Jackpot $0 | Bingo $0 | Fortune $0
Seat 1: Hero (big blind) folded before Flop
Seat 2: ccd9656 folded before Flop (didn't bet)
Seat 3: b3313403 folded before Flop (didn't bet)
Seat 4: 9ec17e09 collected ($0.12)
Seat 5: e1178c38 (button) folded before Flop (didn't bet)
Seat 6: f36d6859 (small blind) folded before Flop


Poker Hand #HD1155404983: Hold'em No Limit  ($0.02/$0.05) - 2023/03/11 12:47:36
Table 'NLHBlue59' 6-max Seat #4 is the button
Seat 1: Hero ($9.38 in chips)
Seat 2: ccd9656 ($7.18 in chips)
Seat 3: b3313403 ($5.49 in chips)
Seat 4: 9ec17e09 ($5 in chips)
Seat 5: e1178c38 ($5.07 in chips)
Seat 6: f36d6859 ($7.83 in chips)
e1178c38: posts small blind $0.02
f36d6859: posts big blind $0.05
*** HOLE CARDS ***
Dealt to Hero [Ah 9h]
Dealt to ccd9656 
Dealt to b3313403 
Dealt to 9ec17e09 
Dealt to e1178c38 
Dealt to f36d6859 
Hero: raises $0.07 to $0.12
ccd9656: raises $0.23 to $0.35
b3313403: folds
9ec17e09: folds
e1178c38: folds
f36d6859: calls $0.3
Hero: calls $0.23
*** FLOP *** [9c Tc 4h]
f36d6859: checks
Hero: checks
ccd9656: checks
*** TURN *** [9c Tc 4h] [Ts]
f36d6859: bets $0.36
Hero: calls $0.36
ccd9656: folds
*** RIVER *** [9c Tc 4h Ts] [8s]
f36d6859: checks
Hero: bets $0.6
f36d6859: calls $0.6
Hero: shows [Ah 9h] (Pair of Tens and Pair of Nines)
f36d6859: shows [Qs Qd] (Pair of Queens and Pair of Tens)
*** SHOWDOWN ***
f36d6859 collected $2.8 from pot
*** SUMMARY ***
Total pot $2.99 | Rake $0.14 | Jackpot $0.05 | Bingo $0 | Fortune $0
Board [9c Tc 4h Ts 8s]
Seat 1: Hero showed [Ah 9h] and lost with Pair of Tens and Pair of Nines
Seat 2: ccd9656 folded on the Turn
Seat 3: b3313403 folded before Flop (didn't bet)
Seat 4: 9ec17e09 (button) folded before Flop (didn't bet)
Seat 5: e1178c38 (small blind) folded before Flop
Seat 6: f36d6859 (big blind) showed [Qs Qd] and won ($2.8) with Pair of Queens and Pair of Tens


Poker Hand #HD1155404955: Hold'em No Limit  ($0.02/$0.05) - 2023/03/11 12:47:25
Table 'NLHBlue59' 6-max Seat #3 is the button
Seat 1: Hero ($9.38 in chips)
Seat 2: ccd9656 ($7.18 in chips)
Seat 3: b3313403 ($5.42 in chips)
Seat 4: 9ec17e09 ($5 in chips)
Seat 5: e1178c38 ($5.12 in chips)
Seat 6: f36d6859 ($7.83 in chips)
9ec17e09: posts small blind $0.02
e1178c38: posts big blind $0.05
*** HOLE CARDS ***
Dealt to Hero [Qd 2c]
Dealt to ccd9656 
Dealt to b3313403 
Dealt to 9ec17e09 
Dealt to e1178c38 
Dealt to f36d6859 
f36d6859: folds
Hero: folds
ccd9656: folds
b3313403: raises $0.05 to $0.1
9ec17e09: folds
e1178c38: folds
Uncalled bet ($0.05) returned to b3313403
*** SHOWDOWN ***
b3313403 collected $0.12 from pot
*** SUMMARY ***
Total pot $0.12 | Rake $0 | Jackpot $0 | Bingo $0 | Fortune $0
Seat 1: Hero folded before Flop (didn't bet)
Seat 2: ccd9656 folded before Flop (didn't bet)
Seat 3: b3313403 (button) collected ($0.12)
Seat 4: 9ec17e09 (small blind) folded before Flop
Seat 5: e1178c38 (big blind) folded before Flop
Seat 6: f36d6859 folded before Flop (didn't bet)


Poker Hand #HD1155404922: Hold'em No Limit  ($0.02/$0.05) - 2023/03/11 12:47:12
Table 'NLHBlue59' 6-max Seat #2 is the button
Seat 1: Hero ($9.38 in chips)
Seat 2: ccd9656 ($7.11 in chips)
Seat 3: b3313403 ($5.44 in chips)
Seat 4: 9ec17e09 ($5 in chips)
Seat 5: e1178c38 ($5.12 in chips)
Seat 6: f36d6859 ($7.83 in chips)
b3313403: posts small blind $0.02
9ec17e09: posts big blind $0.05
*** HOLE CARDS ***
Dealt to Hero [Kh 3h]
Dealt to ccd9656 
Dealt to b3313403 
Dealt to 9ec17e09 
Dealt to e1178c38 
Dealt to f36d6859 
e1178c38: folds
f36d6859: folds
Hero: folds
ccd9656: raises $0.08 to $0.13
b3313403: folds
9ec17e09: folds
Uncalled bet ($0.08) returned to ccd9656
*** SHOWDOWN ***
ccd9656 collected $0.12 from pot
*** SUMMARY ***
Total pot $0.12 | Rake $0 | Jackpot $0 | Bingo $0 | Fortune $0
Seat 1: Hero folded before Flop (didn't bet)
Seat 2: ccd9656 (button) collected ($0.12)
Seat 3: b3313403 (small blind) folded before Flop
Seat 4: 9ec17e09 (big blind) folded before Flop
Seat 5: e1178c38 folded before Flop (didn't bet)
Seat 6: f36d6859 folded before Flop (didn't bet)


Poker Hand #HD1155404906: Hold'em No Limit  ($0.02/$0.05) - 2023/03/11 12:47:04
Table 'NLHBlue59' 6-max Seat #1 is the button
Seat 1: Hero ($9.38 in chips)
Seat 2: ccd9656 ($7.13 in chips)
Seat 3: b3313403 ($5.49 in chips)
Seat 5: e1178c38 ($5.05 in chips)
Seat 6: f36d6859 ($7.83 in chips)
ccd9656: posts small blind $0.02
b3313403: posts big blind $0.05
*** HOLE CARDS ***
Dealt to Hero [5c Qd]
Dealt to ccd9656 
Dealt to b3313403 
Dealt to e1178c38 
Dealt to f36d6859 
e1178c38: raises $0.08 to $0.13
f36d6859: folds
Hero: folds
ccd9656: folds
b3313403: folds
Uncalled bet ($0.08) returned to e1178c38
*** SHOWDOWN ***
e1178c38 collected $0.12 from pot
*** SUMMARY ***
Total pot $0.12 | Rake $0 | Jackpot $0 | Bingo $0 | Fortune $0
Seat 1: Hero (button) folded before Flop (didn't bet)
Seat 2: ccd9656 (small blind) folded before Flop
Seat 3: b3313403 (big blind) folded before Flop
Seat 5: e1178c38 collected ($0.12)
Seat 6: f36d6859 folded before Flop (didn't bet)


Poker Hand #HD1155404881: Hold'em No Limit  ($0.02/$0.05) - 2023/03/11 12:46:50
Table 'NLHBlue59' 6-max Seat #6 is the button
Seat 1: Hero ($9.4 in chips)
Seat 2: ccd9656 ($7.18 in chips)
Seat 3: b3313403 ($5.49 in chips)
Seat 5: e1178c38 ($5.05 in chips)
Seat 6: f36d6859 ($7.76 in chips)
Hero: posts small blind $0.02
ccd9656: posts big blind $0.05
*** HOLE CARDS ***
Dealt to Hero [3h Ad]
Dealt to ccd9656 
Dealt to b3313403 
Dealt to e1178c38 
Dealt to f36d6859 
b3313403: folds
e1178c38: folds
f36d6859: raises $0.05 to $0.1
Hero: folds
ccd9656: folds
Uncalled bet ($0.05) returned to f36d6859
*** SHOWDOWN ***
f36d6859 collected $0.12 from pot
*** SUMMARY ***
Total pot $0.12 | Rake $0 | Jackpot $0 | Bingo $0 | Fortune $0
Seat 1: Hero (small blind) folded before Flop
Seat 2: ccd9656 (big blind) folded before Flop
Seat 3: b3313403 folded before Flop (didn't bet)
Seat 5: e1178c38 folded before Flop (didn't bet)
Seat 6: f36d6859 (button) collected ($0.12)


Poker Hand #HD1155404852: Hold'em No Limit  ($0.02/$0.05) - 2023/03/11 12:46:38
Table 'NLHBlue59' 6-max Seat #5 is the button
Seat 1: Hero ($9.45 in chips)
Seat 2: ccd9656 ($7.18 in chips)
Seat 3: b3313403 ($5.49 in chips)
Seat 5: e1178c38 ($5.05 in chips)
Seat 6: f36d6859 ($7.71 in chips)
f36d6859: posts small blind $0.02
Hero: posts big blind $0.05
*** HOLE CARDS ***
Dealt to Hero [8c 2d]
Dealt to ccd9656 
Dealt to b3313403 
Dealt to e1178c38 
Dealt to f36d6859 
ccd9656: folds
b3313403: folds
e1178c38: folds
f36d6859: raises $0.08 to $0.13
Hero: folds
Uncalled bet ($0.08) returned to f36d6859
*** SHOWDOWN ***
f36d6859 collected $0.1 from pot
*** SUMMARY ***
Total pot $0.1 | Rake $0 | Jackpot $0 | Bingo $0 | Fortune $0
Seat 1: Hero (big blind) folded before Flop
Seat 2: ccd9656 folded before Flop (didn't bet)
Seat 3: b3313403 folded before Flop (didn't bet)
Seat 5: e1178c38 (button) folded before Flop (didn't bet)
Seat 6: f36d6859 (small blind) collected ($0.1)


Poker Hand #HD1155404814: Hold'em No Limit  ($0.02/$0.05) - 2023/03/11 12:46:24
Table 'NLHBlue59' 6-max Seat #3 is the button
Seat 1: Hero ($9.38 in chips)
Seat 2: ccd9656 ($7.18 in chips)
Seat 3: b3313403 ($5.49 in chips)
Seat 4: d79851e1 ($5.05 in chips)
Seat 5: e1178c38 ($5 in chips)
Seat 6: f36d6859 ($7.71 in chips)
d79851e1: posts small blind $0.02
e1178c38: posts big blind $0.05
*** HOLE CARDS ***
Dealt to Hero [9d 9c]
Dealt to ccd9656 
Dealt to b3313403 
Dealt to d79851e1 
Dealt to e1178c38 
Dealt to f36d6859 
f36d6859: folds
Hero: raises $0.07 to $0.12
ccd9656: folds
b3313403: folds
d79851e1: folds
e1178c38: folds
Uncalled bet ($0.07) returned to Hero
*** SHOWDOWN ***
Hero collected $0.12 from pot
*** SUMMARY ***
Total pot $0.12 | Rake $0 | Jackpot $0 | Bingo $0 | Fortune $0
Seat 1: Hero collected ($0.12)
Seat 2: ccd9656 folded before Flop (didn't bet)
Seat 3: b3313403 (button) folded before Flop (didn't bet)
Seat 4: d79851e1 (small blind) folded before Flop
Seat 5: e1178c38 (big blind) folded before Flop
Seat 6: f36d6859 folded before Flop (didn't bet)


Poker Hand #HD1155404772: Hold'em No Limit  ($0.02/$0.05) - 2023/03/11 12:46:09
Table 'NLHBlue59' 6-max Seat #2 is the button
Seat 1: Hero ($9.38 in chips)
Seat 2: ccd9656 ($7.18 in chips)
Seat 3: b3313403 ($5.51 in chips)
Seat 4: d79851e1 ($5 in chips)
Seat 6: f36d6859 ($7.64 in chips)
b3313403: posts small blind $0.02
d79851e1: posts big blind $0.05
*** HOLE CARDS ***
Dealt to Hero [2s Qc]
Dealt to ccd9656 
Dealt to b3313403 
Dealt to d79851e1 
Dealt to f36d6859 
f36d6859: raises $0.05 to $0.1
Hero: folds
ccd9656: folds
b3313403: folds
d79851e1: folds
Uncalled bet ($0.05) returned to f36d6859
*** SHOWDOWN ***
f36d6859 collected $0.12 from pot
*** SUMMARY ***
Total pot $0.12 | Rake $0 | Jackpot $0 | Bingo $0 | Fortune $0
Seat 1: Hero folded before Flop (didn't bet)
Seat 2: ccd9656 (button) folded before Flop (didn't bet)
Seat 3: b3313403 (small blind) folded before Flop
Seat 4: d79851e1 (big blind) folded before Flop
Seat 6: f36d6859 collected ($0.12)


Poker Hand #HD1155404732: Hold'em No Limit  ($0.02/$0.05) - 2023/03/11 12:45:49
Table 'NLHBlue59' 6-max Seat #1 is the button
Seat 1: Hero ($9.38 in chips)
Seat 2: ccd9656 ($7.2 in chips)
Seat 3: b3313403 ($5.49 in chips)
Seat 4: d79851e1 ($5 in chips)
Seat 6: f36d6859 ($7.64 in chips)
ccd9656: posts small blind $0.02
b3313403: posts big blind $0.05
*** HOLE CARDS ***
Dealt to Hero [8c 2c]
Dealt to ccd9656 
Dealt to b3313403 
Dealt to d79851e1 
Dealt to f36d6859 
d79851e1: folds
f36d6859: folds
Hero: folds
ccd9656: folds
Uncalled bet ($0.03) returned to b3313403
*** SHOWDOWN ***
b3313403 collected $0.04 from pot
*** SUMMARY ***
Total pot $0.04 | Rake $0 | Jackpot $0 | Bingo $0 | Fortune $0
Seat 1: Hero (button) folded before Flop (didn't bet)
Seat 2: ccd9656 (small blind) folded before Flop
Seat 3: b3313403 (big blind) collected ($0.04)
Seat 4: d79851e1 folded before Flop (didn't bet)
Seat 6: f36d6859 folded before Flop (didn't bet)


Poker Hand #HD1155404667: Hold'em No Limit  ($0.02/$0.05) - 2023/03/11 12:45:15
Table 'NLHBlue59' 6-max Seat #6 is the button
Seat 1: Hero ($9.4 in chips)
Seat 2: ccd9656 ($7.09 in chips)
Seat 3: b3313403 ($5.49 in chips)
Seat 4: d79851e1 ($5 in chips)
Seat 6: f36d6859 ($7.74 in chips)
Hero: posts small blind $0.02
ccd9656: posts big blind $0.05
*** HOLE CARDS ***
Dealt to Hero [4h 7c]
Dealt to ccd9656 
Dealt to b3313403 
Dealt to d79851e1 
Dealt to f36d6859 
b3313403: folds
d79851e1: folds
f36d6859: raises $0.05 to $0.1
Hero: folds
ccd9656: calls $0.05
*** FLOP *** [4s Th 7s]
ccd9656: checks
f36d6859: checks
*** TURN *** [4s Th 7s] [Qc]
ccd9656: checks
f36d6859: checks
*** RIVER *** [4s Th 7s Qc] [8d]
ccd9656: checks
f36d6859: checks
ccd9656: shows [8h Ac] (Pair of Eights)
f36d6859: shows [5c 5s] (Pair of Fives)
*** SHOWDOWN ***
ccd9656 collected $0.21 from pot
*** SUMMARY ***
Total pot $0.22 | Rake $0.01 | Jackpot $0 | Bingo $0 | Fortune $0
Board [4s Th 7s Qc 8d]
Seat 1: Hero (small blind) folded before Flop
Seat 2: ccd9656 (big blind) showed [8h Ac] and won ($0.21) with Pair of Eights
Seat 3: b3313403 folded before Flop (didn't bet)
Seat 4: d79851e1 folded before Flop (didn't bet)
Seat 6: f36d6859 (button) showed [5c 5s] and lost with Pair of Fives


Poker Hand #HD1155404493: Hold'em No Limit  ($0.02/$0.05) - 2023/03/11 12:44:00
Table 'NLHBlue59' 6-max Seat #4 is the button
Seat 1: Hero ($9.45 in chips)
Seat 2: ccd9656 ($3.72 in chips)
Seat 3: b3313403 ($5.49 in chips)
Seat 4: d79851e1 ($6.08 in chips)
Seat 6: f36d6859 ($7.76 in chips)
f36d6859: posts small blind $0.02
Hero: posts big blind $0.05
*** HOLE CARDS ***
Dealt to Hero [Js 7d]
Dealt to ccd9656 
Dealt to b3313403 
Dealt to d79851e1 
Dealt to f36d6859 
ccd9656: raises $0.08 to $0.13
b3313403: folds
d79851e1: raises $0.33 to $0.46
f36d6859: folds
Hero: folds
ccd9656: calls $0.33
*** FLOP *** [Qh Ts 3h]
ccd9656: checks
d79851e1: bets $0.99
ccd9656: raises $0.99 to $1.98
d79851e1: raises $3.64 to $5.62 and is all-in
ccd9656: calls $1.28 and is all-in
Uncalled bet ($2.36) returned to d79851e1
d79851e1: shows [As Ac] (Pair of Aces)
ccd9656: shows [9h Jh] (Queen-High)
*** TURN *** [Qh Ts 3h] [Kc]
*** RIVER *** [Qh Ts 3h Kc] [Ah]
*** SHOWDOWN ***
ccd9656 collected $7.09 from pot
*** SUMMARY ***
Total pot $7.51 | Rake $0.37 | Jackpot $0.05 | Bingo $0 | Fortune $0
Board [Qh Ts 3h Kc Ah]
Seat 1: Hero (big blind) folded before Flop
Seat 2: ccd9656 showed [9h Jh] and won ($7.09) with Ace High Flush
Seat 3: b3313403 folded before Flop (didn't bet)
Seat 4: d79851e1 (button) showed [As Ac] and lost with Three Aces
Seat 6: f36d6859 (small blind) folded before Flop


Poker Hand #HD1155404447: Hold'em No Limit  ($0.02/$0.05) - 2023/03/11 12:43:36
Table 'NLHBlue59' 6-max Seat #3 is the button
Seat 1: Hero ($9.45 in chips)
Seat 2: ccd9656 ($3.85 in chips)
Seat 3: b3313403 ($5.49 in chips)
Seat 4: d79851e1 ($5.91 in chips)
Seat 6: f36d6859 ($7.81 in chips)
d79851e1: posts small blind $0.02
f36d6859: posts big blind $0.05
*** HOLE CARDS ***
Dealt to Hero [Js 7h]
Dealt to ccd9656 
Dealt to b3313403 
Dealt to d79851e1 
Dealt to f36d6859 
Hero: folds
ccd9656: raises $0.08 to $0.13
b3313403: folds
d79851e1: raises $0.56 to $0.69
f36d6859: folds
ccd9656: folds
Uncalled bet ($0.56) returned to d79851e1
*** SHOWDOWN ***
d79851e1 collected $0.3 from pot
*** SUMMARY ***
Total pot $0.31 | Rake $0.01 | Jackpot $0 | Bingo $0 | Fortune $0
Seat 1: Hero folded before Flop (didn't bet)
Seat 2: ccd9656 folded before Flop
Seat 3: b3313403 (button) folded before Flop (didn't bet)
Seat 4: d79851e1 (small blind) collected ($0.3)
Seat 6: f36d6859 (big blind) folded before Flop


Poker Hand #HD1155404327: Hold'em No Limit  ($0.02/$0.05) - 2023/03/11 12:42:41
Table 'NLHBlue59' 6-max Seat #2 is the button
Seat 1: Hero ($9.45 in chips)
Seat 2: ccd9656 ($4.75 in chips)
Seat 3: b3313403 ($5.51 in chips)
Seat 4: d79851e1 ($5.03 in chips)
Seat 6: f36d6859 ($7.91 in chips)
b3313403: posts small blind $0.02
d79851e1: posts big blind $0.05
*** HOLE CARDS ***
Dealt to Hero [6d Ac]
Dealt to ccd9656 
Dealt to b3313403 
Dealt to d79851e1 
Dealt to f36d6859 
f36d6859: raises $0.05 to $0.1
Hero: folds
ccd9656: calls $0.1
b3313403: folds
d79851e1: raises $0.32 to $0.42
f36d6859: folds
ccd9656: calls $0.32
*** FLOP *** [8h 4d As]
d79851e1: bets $0.48
ccd9656: calls $0.48
*** TURN *** [8h 4d As] [Tc]
d79851e1: bets $1.44
ccd9656: folds
Uncalled bet ($1.44) returned to d79851e1
*** SHOWDOWN ***
d79851e1 collected $1.78 from pot
*** SUMMARY ***
Total pot $1.92 | Rake $0.09 | Jackpot $0.05 | Bingo $0 | Fortune $0
Board [8h 4d As Tc]
Seat 1: Hero folded before Flop (didn't bet)
Seat 2: ccd9656 (button) folded on the Turn
Seat 3: b3313403 (small blind) folded before Flop
Seat 4: d79851e1 (big blind) won ($1.78)
Seat 6: f36d6859 folded before Flop


Poker Hand #HD1155404297: Hold'em No Limit  ($0.02/$0.05) - 2023/03/11 12:42:27
Table 'NLHBlue59' 6-max Seat #1 is the button
Seat 1: Hero ($9.45 in chips)
Seat 2: ccd9656 ($4.7 in chips)
Seat 3: b3313403 ($5.56 in chips)
Seat 4: d79851e1 ($5.03 in chips)
Seat 6: f36d6859 ($7.91 in chips)
ccd9656: posts small blind $0.02
b3313403: posts big blind $0.05
*** HOLE CARDS ***
Dealt to Hero [5h 9d]
Dealt to ccd9656 
Dealt to b3313403 
Dealt to d79851e1 
Dealt to f36d6859 
d79851e1: folds
f36d6859: folds
Hero: folds
ccd9656: raises $0.08 to $0.13
b3313403: folds
Uncalled bet ($0.08) returned to ccd9656
*** SHOWDOWN ***
ccd9656 collected $0.1 from pot
*** SUMMARY ***
Total pot $0.1 | Rake $0 | Jackpot $0 | Bingo $0 | Fortune $0
Seat 1: Hero (button) folded before Flop (didn't bet)
Seat 2: ccd9656 (small blind) collected ($0.1)
Seat 3: b3313403 (big blind) folded before Flop
Seat 4: d79851e1 folded before Flop (didn't bet)
Seat 6: f36d6859 folded before Flop (didn't bet)


Poker Hand #HD1155404230: Hold'em No Limit  ($0.02/$0.05) - 2023/03/11 12:41:59
Table 'NLHBlue59' 6-max Seat #6 is the button
Seat 1: Hero ($9.47 in chips)
Seat 2: ccd9656 ($4.75 in chips)
Seat 3: b3313403 ($5.56 in chips)
Seat 4: d79851e1 ($5.03 in chips)
Seat 6: f36d6859 ($7.84 in chips)
Hero: posts small blind $0.02
ccd9656: posts big blind $0.05
*** HOLE CARDS ***
Dealt to Hero [Kh Js]
Dealt to ccd9656 
Dealt to b3313403 
Dealt to d79851e1 
Dealt to f36d6859 
b3313403: folds
d79851e1: folds
f36d6859: raises $0.05 to $0.1
Hero: folds
ccd9656: folds
Uncalled bet ($0.05) returned to f36d6859
*** SHOWDOWN ***
f36d6859 collected $0.12 from pot
*** SUMMARY ***
Total pot $0.12 | Rake $0 | Jackpot $0 | Bingo $0 | Fortune $0
Seat 1: Hero (small blind) folded before Flop
Seat 2: ccd9656 (big blind) folded before Flop
Seat 3: b3313403 folded before Flop (didn't bet)
Seat 4: d79851e1 folded before Flop (didn't bet)
Seat 6: f36d6859 (button) collected ($0.12)


Poker Hand #HD1155404167: Hold'em No Limit  ($0.02/$0.05) - 2023/03/11 12:41:29
Table 'NLHBlue59' 6-max Seat #4 is the button
Seat 1: Hero ($9.52 in chips)
Seat 2: ccd9656 ($3.25 in chips)
Seat 3: b3313403 ($5.15 in chips)
Seat 4: d79851e1 ($5.03 in chips)
Seat 6: f36d6859 ($7.86 in chips)
f36d6859: posts small blind $0.02
Hero: posts big blind $0.05
*** HOLE CARDS ***
Dealt to Hero [6d 2h]
Dealt to ccd9656 
Dealt to b3313403 
Dealt to d79851e1 
Dealt to f36d6859 
ccd9656: raises $0.08 to $0.13
b3313403: raises $0.25 to $0.38
d79851e1: folds
f36d6859: folds
Hero: folds
ccd9656: calls $0.25
*** FLOP *** [2c 2s 8h]
ccd9656: checks
b3313403: bets $0.42
ccd9656: folds
Uncalled bet ($0.42) returned to b3313403
*** SHOWDOWN ***
b3313403 collected $0.79 from pot
*** SUMMARY ***
Total pot $0.83 | Rake $0.04 | Jackpot $0 | Bingo $0 | Fortune $0
Board [2c 2s 8h]
Seat 1: Hero (big blind) folded before Flop
Seat 2: ccd9656 folded on the Flop
Seat 3: b3313403 won ($0.79)
Seat 4: d79851e1 (button) folded before Flop (didn't bet)
Seat 6: f36d6859 (small blind) folded before Flop


Poker Hand #HD1155403969: Hold'em No Limit  ($0.02/$0.05) - 2023/03/11 12:40:02
Table 'NLHBlue59' 6-max Seat #3 is the button
Seat 1: Hero ($9.52 in chips)
Seat 2: ccd9656 ($6.38 in chips)
Seat 3: b3313403 ($5.15 in chips)
Seat 4: d79851e1 ($5.05 in chips)
Seat 6: f36d6859 ($5.07 in chips)
d79851e1: posts small blind $0.02
f36d6859: posts big blind $0.05
*** HOLE CARDS ***
Dealt to Hero [6h 4h]
Dealt to ccd9656 
Dealt to b3313403 
Dealt to d79851e1 
Dealt to f36d6859 
Hero: folds
ccd9656: raises $0.08 to $0.13
b3313403: folds
d79851e1: folds
f36d6859: raises $0.33 to $0.46
ccd9656: calls $0.33
*** FLOP *** [Td Ts Qh]
f36d6859: bets $0.32
ccd9656: calls $0.32
*** TURN *** [Td Ts Qh] [5c]
f36d6859: checks
ccd9656: bets $0.85
f36d6859: calls $0.85
*** RIVER *** [Td Ts Qh 5c] [7s]
f36d6859: checks
ccd9656: bets $1.5
f36d6859: calls $1.5
ccd9656: shows [6s As] (Pair of Tens)
f36d6859: shows [Ah Qd] (Pair of Queens and Pair of Tens)
*** SHOWDOWN ***
f36d6859 collected $5.92 from pot
*** SUMMARY ***
Total pot $6.28 | Rake $0.31 | Jackpot $0.05 | Bingo $0 | Fortune $0
Board [Td Ts Qh 5c 7s]
Seat 1: Hero folded before Flop (didn't bet)
Seat 2: ccd9656 showed [6s As] and lost with Pair of Tens
Seat 3: b3313403 (button) folded before Flop (didn't bet)
Seat 4: d79851e1 (small blind) folded before Flop
Seat 6: f36d6859 (big blind) showed [Ah Qd] and won ($5.92) with Pair of Queens and Pair of Tens


Poker Hand #HD1155403867: Hold'em No Limit  ($0.02/$0.05) - 2023/03/11 12:39:16
Table 'NLHBlue59' 6-max Seat #2 is the button
Seat 1: Hero ($8.86 in chips)
Seat 2: ccd9656 ($7.03 in chips)
Seat 3: b3313403 ($5.17 in chips)
Seat 4: d79851e1 ($5.1 in chips)
Seat 6: f36d6859 ($5.07 in chips)
b3313403: posts small blind $0.02
d79851e1: posts big blind $0.05
*** HOLE CARDS ***
Dealt to Hero [Ad Td]
Dealt to ccd9656 
Dealt to b3313403 
Dealt to d79851e1 
Dealt to f36d6859 
f36d6859: folds
Hero: raises $0.07 to $0.12
ccd9656: raises $0.18 to $0.3
b3313403: folds
d79851e1: folds
Hero: calls $0.18
*** FLOP *** [3s Js Ah]
Hero: checks
ccd9656: bets $0.35
Hero: calls $0.35
*** TURN *** [3s Js Ah] [7h]
Hero: checks
ccd9656: checks
*** RIVER *** [3s Js Ah 7h] [Qd]
Hero: bets $0.46
ccd9656: folds
Uncalled bet ($0.46) returned to Hero
*** SHOWDOWN ***
Hero collected $1.31 from pot
*** SUMMARY ***
Total pot $1.37 | Rake $0.06 | Jackpot $0 | Bingo $0 | Fortune $0
Board [3s Js Ah 7h Qd]
Seat 1: Hero won ($1.31)
Seat 2: ccd9656 (button) folded on the River
Seat 3: b3313403 (small blind) folded before Flop
Seat 4: d79851e1 (big blind) folded before Flop
Seat 6: f36d6859 folded before Flop (didn't bet)


Poker Hand #HD1155403847: Hold'em No Limit  ($0.02/$0.05) - 2023/03/11 12:39:07
Table 'NLHBlue59' 6-max Seat #1 is the button
Seat 1: Hero ($8.86 in chips)
Seat 2: ccd9656 ($7.05 in chips)
Seat 3: b3313403 ($5.15 in chips)
Seat 4: d79851e1 ($5.1 in chips)
Seat 6: f36d6859 ($5.07 in chips)
ccd9656: posts small blind $0.02
b3313403: posts big blind $0.05
*** HOLE CARDS ***
Dealt to Hero [Jc 5s]
Dealt to ccd9656 
Dealt to b3313403 
Dealt to d79851e1 
Dealt to f36d6859 
d79851e1: folds
f36d6859: folds
Hero: folds
ccd9656: folds
Uncalled bet ($0.03) returned to b3313403
*** SHOWDOWN ***
b3313403 collected $0.04 from pot
*** SUMMARY ***
Total pot $0.04 | Rake $0 | Jackpot $0 | Bingo $0 | Fortune $0
Seat 1: Hero (button) folded before Flop (didn't bet)
Seat 2: ccd9656 (small blind) folded before Flop
Seat 3: b3313403 (big blind) collected ($0.04)
Seat 4: d79851e1 folded before Flop (didn't bet)
Seat 6: f36d6859 folded before Flop (didn't bet)


Poker Hand #HD1155403782: Hold'em No Limit  ($0.02/$0.05) - 2023/03/11 12:38:39
Table 'NLHBlue59' 6-max Seat #6 is the button
Seat 1: Hero ($8.73 in chips)
Seat 2: ccd9656 ($7.19 in chips)
Seat 3: b3313403 ($5.15 in chips)
Seat 4: d79851e1 ($5.1 in chips)
Seat 6: f36d6859 ($5.07 in chips)
Hero: posts small blind $0.02
ccd9656: posts big blind $0.05
*** HOLE CARDS ***
Dealt to Hero [Qs Qc]
Dealt to ccd9656 
Dealt to b3313403 
Dealt to d79851e1 
Dealt to f36d6859 
b3313403: folds
d79851e1: folds
f36d6859: folds
Hero: raises $0.09 to $0.14
ccd9656: calls $0.09
*** FLOP *** [Ts 3h 7c]
Hero: bets $0.14
ccd9656: folds
Uncalled bet ($0.14) returned to Hero
*** SHOWDOWN ***
Hero collected $0.27 from pot
*** SUMMARY ***
Total pot $0.28 | Rake $0.01 | Jackpot $0 | Bingo $0 | Fortune $0
Board [Ts 3h 7c]
Seat 1: Hero (small blind) won ($0.27)
Seat 2: ccd9656 (big blind) folded on the Flop
Seat 3: b3313403 folded before Flop (didn't bet)
Seat 4: d79851e1 folded before Flop (didn't bet)
Seat 6: f36d6859 (button) folded before Flop (didn't bet)


Poker Hand #HD1155403753: Hold'em No Limit  ($0.02/$0.05) - 2023/03/11 12:38:24
Table 'NLHBlue59' 6-max Seat #4 is the button
Seat 1: Hero ($8.71 in chips)
Seat 2: ccd9656 ($7.19 in chips)
Seat 3: b3313403 ($5.15 in chips)
Seat 4: d79851e1 ($5.1 in chips)
Seat 6: f36d6859 ($5.09 in chips)
f36d6859: posts small blind $0.02
Hero: posts big blind $0.05
*** HOLE CARDS ***
Dealt to Hero [6h Jd]
Dealt to ccd9656 
Dealt to b3313403 
Dealt to d79851e1 
Dealt to f36d6859 
ccd9656: folds
b3313403: folds
d79851e1: folds
f36d6859: folds
Uncalled bet ($0.03) returned to Hero
*** SHOWDOWN ***
Hero collected $0.04 from pot
*** SUMMARY ***
Total pot $0.04 | Rake $0 | Jackpot $0 | Bingo $0 | Fortune $0
Seat 1: Hero (big blind) collected ($0.04)
Seat 2: ccd9656 folded before Flop (didn't bet)
Seat 3: b3313403 folded before Flop (didn't bet)
Seat 4: d79851e1 (button) folded before Flop (didn't bet)
Seat 6: f36d6859 (small blind) folded before Flop


Poker Hand #HD1155403718: Hold'em No Limit  ($0.02/$0.05) - 2023/03/11 12:38:08
Table 'NLHBlue59' 6-max Seat #3 is the button
Seat 1: Hero ($8.71 in chips)
Seat 2: ccd9656 ($7.19 in chips)
Seat 3: b3313403 ($5.15 in chips)
Seat 4: d79851e1 ($5.12 in chips)
Seat 6: f36d6859 ($5.07 in chips)
d79851e1: posts small blind $0.02
f36d6859: posts big blind $0.05
*** HOLE CARDS ***
Dealt to Hero [7c 8s]
Dealt to ccd9656 
Dealt to b3313403 
Dealt to d79851e1 
Dealt to f36d6859 
Hero: folds
ccd9656: folds
b3313403: folds
d79851e1: folds
Uncalled bet ($0.03) returned to f36d6859
*** SHOWDOWN ***
f36d6859 collected $0.04 from pot
*** SUMMARY ***
Total pot $0.04 | Rake $0 | Jackpot $0 | Bingo $0 | Fortune $0
Seat 1: Hero folded before Flop (didn't bet)
Seat 2: ccd9656 folded before Flop (didn't bet)
Seat 3: b3313403 (button) folded before Flop (didn't bet)
Seat 4: d79851e1 (small blind) folded before Flop
Seat 6: f36d6859 (big blind) collected ($0.04)


Poker Hand #HD1155403674: Hold'em No Limit  ($0.02/$0.05) - 2023/03/11 12:37:50
Table 'NLHBlue59' 6-max Seat #2 is the button
Seat 1: Hero ($8.71 in chips)
Seat 2: ccd9656 ($7.12 in chips)
Seat 3: b3313403 ($5.17 in chips)
Seat 4: d79851e1 ($5.17 in chips)
Seat 6: f36d6859 ($5.07 in chips)
b3313403: posts small blind $0.02
d79851e1: posts big blind $0.05
*** HOLE CARDS ***
Dealt to Hero [Js 4c]
Dealt to ccd9656 
Dealt to b3313403 
Dealt to d79851e1 
Dealt to f36d6859 
f36d6859: folds
Hero: folds
ccd9656: raises $0.08 to $0.13
b3313403: folds
d79851e1: folds
Uncalled bet ($0.08) returned to ccd9656
*** SHOWDOWN ***
ccd9656 collected $0.12 from pot
*** SUMMARY ***
Total pot $0.12 | Rake $0 | Jackpot $0 | Bingo $0 | Fortune $0
Seat 1: Hero folded before Flop (didn't bet)
Seat 2: ccd9656 (button) collected ($0.12)
Seat 3: b3313403 (small blind) folded before Flop
Seat 4: d79851e1 (big blind) folded before Flop
Seat 6: f36d6859 folded before Flop (didn't bet)


Poker Hand #HD1155403622: Hold'em No Limit  ($0.02/$0.05) - 2023/03/11 12:37:32
Table 'NLHBlue59' 6-max Seat #1 is the button
Seat 1: Hero ($8.71 in chips)
Seat 2: ccd9656 ($7.14 in chips)
Seat 3: b3313403 ($5.22 in chips)
Seat 4: d79851e1 ($5.1 in chips)
Seat 6: f36d6859 ($5.07 in chips)
ccd9656: posts small blind $0.02
b3313403: posts big blind $0.05
*** HOLE CARDS ***
Dealt to Hero [Ac 9h]
Dealt to ccd9656 
Dealt to b3313403 
Dealt to d79851e1 
Dealt to f36d6859 
d79851e1: raises $0.1 to $0.15
f36d6859: folds
Hero: folds
ccd9656: folds
b3313403: folds
Uncalled bet ($0.1) returned to d79851e1
*** SHOWDOWN ***
d79851e1 collected $0.12 from pot
*** SUMMARY ***
Total pot $0.12 | Rake $0 | Jackpot $0 | Bingo $0 | Fortune $0
Seat 1: Hero (button) folded before Flop (didn't bet)
Seat 2: ccd9656 (small blind) folded before Flop
Seat 3: b3313403 (big blind) folded before Flop
Seat 4: d79851e1 collected ($0.12)
Seat 6: f36d6859 folded before Flop (didn't bet)


Poker Hand #HD1155403591: Hold'em No Limit  ($0.02/$0.05) - 2023/03/11 12:37:16
Table 'NLHBlue59' 6-max Seat #6 is the button
Seat 1: Hero ($8.73 in chips)
Seat 2: ccd9656 ($7.12 in chips)
Seat 3: b3313403 ($5.22 in chips)
Seat 4: d79851e1 ($5.1 in chips)
Seat 6: f36d6859 ($5.07 in chips)
Hero: posts small blind $0.02
ccd9656: posts big blind $0.05
*** HOLE CARDS ***
Dealt to Hero [5h Kc]
Dealt to ccd9656 
Dealt to b3313403 
Dealt to d79851e1 
Dealt to f36d6859 
b3313403: folds
d79851e1: folds
f36d6859: folds
Hero: folds
Uncalled bet ($0.03) returned to ccd9656
*** SHOWDOWN ***
ccd9656 collected $0.04 from pot
*** SUMMARY ***
Total pot $0.04 | Rake $0 | Jackpot $0 | Bingo $0 | Fortune $0
Seat 1: Hero (small blind) folded before Flop
Seat 2: ccd9656 (big blind) collected ($0.04)
Seat 3: b3313403 folded before Flop (didn't bet)
Seat 4: d79851e1 folded before Flop (didn't bet)
Seat 6: f36d6859 (button) folded before Flop (didn't bet)


Poker Hand #HD1155403561: Hold'em No Limit  ($0.02/$0.05) - 2023/03/11 12:37:00
Table 'NLHBlue59' 6-max Seat #4 is the button
Seat 1: Hero ($8.78 in chips)
Seat 2: ccd9656 ($7.12 in chips)
Seat 3: b3313403 ($5.22 in chips)
Seat 4: d79851e1 ($5.03 in chips)
Seat 6: f36d6859 ($5.09 in chips)
f36d6859: posts small blind $0.02
Hero: posts big blind $0.05
*** HOLE CARDS ***
Dealt to Hero [6c 5h]
Dealt to ccd9656 
Dealt to b3313403 
Dealt to d79851e1 
Dealt to f36d6859 
ccd9656: folds
b3313403: folds
d79851e1: raises $0.1 to $0.15
f36d6859: folds
Hero: folds
Uncalled bet ($0.1) returned to d79851e1
*** SHOWDOWN ***
d79851e1 collected $0.12 from pot
*** SUMMARY ***
Total pot $0.12 | Rake $0 | Jackpot $0 | Bingo $0 | Fortune $0
Seat 1: Hero (big blind) folded before Flop
Seat 2: ccd9656 folded before Flop (didn't bet)
Seat 3: b3313403 folded before Flop (didn't bet)
Seat 4: d79851e1 (button) collected ($0.12)
Seat 6: f36d6859 (small blind) folded before Flop


Poker Hand #HD1155403530: Hold'em No Limit  ($0.02/$0.05) - 2023/03/11 12:36:46
Table 'NLHBlue59' 6-max Seat #3 is the button
Seat 1: Hero ($8.78 in chips)
Seat 2: ccd9656 ($7.05 in chips)
Seat 3: b3313403 ($5.22 in chips)
Seat 4: d79851e1 ($5.05 in chips)
Seat 6: f36d6859 ($5.14 in chips)
d79851e1: posts small blind $0.02
f36d6859: posts big blind $0.05
*** HOLE CARDS ***
Dealt to Hero [Jh 2h]
Dealt to ccd9656 
Dealt to b3313403 
Dealt to d79851e1 
Dealt to f36d6859 
Hero: folds
ccd9656: raises $0.08 to $0.13
b3313403: folds
d79851e1: folds
f36d6859: folds
Uncalled bet ($0.08) returned to ccd9656
*** SHOWDOWN ***
ccd9656 collected $0.12 from pot
*** SUMMARY ***
Total pot $0.12 | Rake $0 | Jackpot $0 | Bingo $0 | Fortune $0
Seat 1: Hero folded before Flop (didn't bet)
Seat 2: ccd9656 collected ($0.12)
Seat 3: b3313403 (button) folded before Flop (didn't bet)
Seat 4: d79851e1 (small blind) folded before Flop
Seat 6: f36d6859 (big blind) folded before Flop


Poker Hand #HD1155403495: Hold'em No Limit  ($0.02/$0.05) - 2023/03/11 12:36:31
Table 'NLHBlue59' 6-max Seat #2 is the button
Seat 1: Hero ($8.78 in chips)
Seat 2: ccd9656 ($6.98 in chips)
Seat 3: b3313403 ($5.24 in chips)
Seat 4: d79851e1 ($5 in chips)
Seat 6: f36d6859 ($5.14 in chips)
b3313403: posts small blind $0.02
d79851e1: posts big blind $0.05
*** HOLE CARDS ***
Dealt to Hero [Ad 7h]
Dealt to ccd9656 
Dealt to b3313403 
Dealt to d79851e1 
Dealt to f36d6859 
f36d6859: folds
Hero: folds
ccd9656: raises $0.08 to $0.13
b3313403: folds
d79851e1: folds
Uncalled bet ($0.08) returned to ccd9656
*** SHOWDOWN ***
ccd9656 collected $0.12 from pot
*** SUMMARY ***
Total pot $0.12 | Rake $0 | Jackpot $0 | Bingo $0 | Fortune $0
Seat 1: Hero folded before Flop (didn't bet)
Seat 2: ccd9656 (button) collected ($0.12)
Seat 3: b3313403 (small blind) folded before Flop
Seat 4: d79851e1 (big blind) folded before Flop
Seat 6: f36d6859 folded before Flop (didn't bet)


Poker Hand #HD1155403426: Hold'em No Limit  ($0.02/$0.05) - 2023/03/11 12:35:59
Table 'NLHBlue59' 6-max Seat #1 is the button
Seat 1: Hero ($9.08 in chips)
Seat 2: ccd9656 ($6.66 in chips)
Seat 3: b3313403 ($5.29 in chips)
Seat 4: d79851e1 ($5 in chips)
Seat 6: f36d6859 ($5.14 in chips)
ccd9656: posts small blind $0.02
b3313403: posts big blind $0.05
*** HOLE CARDS ***
Dealt to Hero [7d 6d]
Dealt to ccd9656 
Dealt to b3313403 
Dealt to d79851e1 
Dealt to f36d6859 
d79851e1: folds
f36d6859: folds
Hero: raises $0.07 to $0.12
ccd9656: raises $0.18 to $0.3
b3313403: folds
Hero: calls $0.18
*** FLOP *** [Td 3c 3h]
ccd9656: bets $0.35
Hero: folds
Uncalled bet ($0.35) returned to ccd9656
*** SHOWDOWN ***
ccd9656 collected $0.62 from pot
*** SUMMARY ***
Total pot $0.65 | Rake $0.03 | Jackpot $0 | Bingo $0 | Fortune $0
Board [Td 3c 3h]
Seat 1: Hero (button) folded on the Flop
Seat 2: ccd9656 (small blind) won ($0.62)
Seat 3: b3313403 (big blind) folded before Flop
Seat 4: d79851e1 folded before Flop (didn't bet)
Seat 6: f36d6859 folded before Flop (didn't bet)


Poker Hand #HD1155403321: Hold'em No Limit  ($0.02/$0.05) - 2023/03/11 12:35:14
Table 'NLHBlue59' 6-max Seat #6 is the button
Seat 1: Hero ($9.1 in chips)
Seat 2: ccd9656 ($6.28 in chips)
Seat 3: b3313403 ($5.29 in chips)
Seat 4: d79851e1 ($5 in chips)
Seat 6: f36d6859 ($5.14 in chips)
Hero: posts small blind $0.02
ccd9656: posts big blind $0.05
*** HOLE CARDS ***
Dealt to Hero [Qc 6c]
Dealt to ccd9656 
Dealt to b3313403 
Dealt to d79851e1 
Dealt to f36d6859 
b3313403: folds
d79851e1: raises $0.1 to $0.15
f36d6859: folds
Hero: folds
ccd9656: raises $0.25 to $0.4
d79851e1: calls $0.25
*** FLOP *** [2c Jc 4c]
ccd9656: bets $0.35
d79851e1: folds
Uncalled bet ($0.35) returned to ccd9656
*** SHOWDOWN ***
ccd9656 collected $0.78 from pot
*** SUMMARY ***
Total pot $0.82 | Rake $0.04 | Jackpot $0 | Bingo $0 | Fortune $0
Board [2c Jc 4c]
Seat 1: Hero (small blind) folded before Flop
Seat 2: ccd9656 (big blind) won ($0.78)
Seat 3: b3313403 folded before Flop (didn't bet)
Seat 4: d79851e1 folded on the Flop
Seat 6: f36d6859 (button) folded before Flop (didn't bet)


Poker Hand #HD1155403296: Hold'em No Limit  ($0.02/$0.05) - 2023/03/11 12:35:05
Table 'NLHBlue59' 6-max Seat #4 is the button
Seat 1: Hero ($9.08 in chips)
Seat 2: ccd9656 ($6.28 in chips)
Seat 3: b3313403 ($5.29 in chips)
Seat 4: d79851e1 ($5 in chips)
Seat 6: f36d6859 ($5.16 in chips)
f36d6859: posts small blind $0.02
Hero: posts big blind $0.05
*** HOLE CARDS ***
Dealt to Hero [Qc 6d]
Dealt to ccd9656 
Dealt to b3313403 
Dealt to d79851e1 
Dealt to f36d6859 
ccd9656: folds
b3313403: folds
d79851e1: folds
f36d6859: folds
Uncalled bet ($0.03) returned to Hero
*** SHOWDOWN ***
Hero collected $0.04 from pot
*** SUMMARY ***
Total pot $0.04 | Rake $0 | Jackpot $0 | Bingo $0 | Fortune $0
Seat 1: Hero (big blind) collected ($0.04)
Seat 2: ccd9656 folded before Flop (didn't bet)
Seat 3: b3313403 folded before Flop (didn't bet)
Seat 4: d79851e1 (button) folded before Flop (didn't bet)
Seat 6: f36d6859 (small blind) folded before Flop


Poker Hand #HD1155403187: Hold'em No Limit  ($0.02/$0.05) - 2023/03/11 12:34:15
Table 'NLHBlue59' 6-max Seat #3 is the button
Seat 1: Hero ($9.08 in chips)
Seat 2: ccd9656 ($6.28 in chips)
Seat 3: b3313403 ($5.29 in chips)
Seat 4: d79851e1 ($5 in chips)
Seat 6: f36d6859 ($5.02 in chips)
d79851e1: posts small blind $0.02
f36d6859: posts big blind $0.05
*** HOLE CARDS ***
Dealt to Hero [6h Td]
Dealt to ccd9656 
Dealt to b3313403 
Dealt to d79851e1 
Dealt to f36d6859 
Hero: folds
ccd9656: folds
b3313403: folds
d79851e1: calls $0.03
f36d6859: checks
*** FLOP *** [Qc 3d Qh]
d79851e1: checks
f36d6859: checks
*** TURN *** [Qc 3d Qh] [4d]
d79851e1: bets $0.05
f36d6859: raises $0.05 to $0.1
d79851e1: calls $0.05
*** RIVER *** [Qc 3d Qh 4d] [7s]
d79851e1: checks
f36d6859: bets $0.15
d79851e1: folds
Uncalled bet ($0.15) returned to f36d6859
*** SHOWDOWN ***
f36d6859 collected $0.29 from pot
*** SUMMARY ***
Total pot $0.3 | Rake $0.01 | Jackpot $0 | Bingo $0 | Fortune $0
Board [Qc 3d Qh 4d 7s]
Seat 1: Hero folded before Flop (didn't bet)
Seat 2: ccd9656 folded before Flop (didn't bet)
Seat 3: b3313403 (button) folded before Flop (didn't bet)
Seat 4: d79851e1 (small blind) folded on the River
Seat 6: f36d6859 (big blind) won ($0.29)


Poker Hand #HD1155403111: Hold'em No Limit  ($0.02/$0.05) - 2023/03/11 12:33:40
Table 'NLHBlue59' 6-max Seat #2 is the button
Seat 1: Hero ($9.08 in chips)
Seat 2: ccd9656 ($6.28 in chips)
Seat 3: b3313403 ($5.24 in chips)
Seat 4: d79851e1 ($5 in chips)
Seat 6: f36d6859 ($5.02 in chips)
b3313403: posts small blind $0.02
d79851e1: posts big blind $0.05
*** HOLE CARDS ***
Dealt to Hero [4s 5d]
Dealt to ccd9656 
Dealt to b3313403 
Dealt to d79851e1 
Dealt to f36d6859 
f36d6859: folds
Hero: folds
ccd9656: folds
b3313403: raises $0.1 to $0.15
d79851e1: folds
Uncalled bet ($0.1) returned to b3313403
*** SHOWDOWN ***
b3313403 collected $0.1 from pot
*** SUMMARY ***
Total pot $0.1 | Rake $0 | Jackpot $0 | Bingo $0 | Fortune $0
Seat 1: Hero folded before Flop (didn't bet)
Seat 2: ccd9656 (button) folded before Flop (didn't bet)
Seat 3: b3313403 (small blind) collected ($0.1)
Seat 4: d79851e1 (big blind) folded before Flop
Seat 6: f36d6859 folded before Flop (didn't bet)


Poker Hand #HD1155403000: Hold'em No Limit  ($0.02/$0.05) - 2023/03/11 12:32:49
Table 'NLHBlue59' 6-max Seat #1 is the button
Seat 1: Hero ($9.08 in chips)
Seat 2: ccd9656 ($5.79 in chips)
Seat 3: b3313403 ($5.39 in chips)
Seat 4: d79851e1 ($5.12 in chips)
Seat 6: f36d6859 ($5.02 in chips)
ccd9656: posts small blind $0.02
b3313403: posts big blind $0.05
*** HOLE CARDS ***
Dealt to Hero [9d Kh]
Dealt to ccd9656 
Dealt to b3313403 
Dealt to d79851e1 
Dealt to f36d6859 
d79851e1: raises $0.1 to $0.15
f36d6859: folds
Hero: folds
ccd9656: calls $0.13
b3313403: calls $0.1
*** FLOP *** [8h 3h 6h]
ccd9656: checks
b3313403: checks
d79851e1: bets $0.23
ccd9656: calls $0.23
b3313403: folds
*** TURN *** [8h 3h 6h] [7h]
ccd9656: checks
d79851e1: checks
*** RIVER *** [8h 3h 6h 7h] [Ac]
ccd9656: bets $0.69
d79851e1: folds
Uncalled bet ($0.69) returned to ccd9656
*** SHOWDOWN ***
ccd9656 collected $0.87 from pot
*** SUMMARY ***
Total pot $0.91 | Rake $0.04 | Jackpot $0 | Bingo $0 | Fortune $0
Board [8h 3h 6h 7h Ac]
Seat 1: Hero (button) folded before Flop (didn't bet)
Seat 2: ccd9656 (small blind) won ($0.87)
Seat 3: b3313403 (big blind) folded on the Flop
Seat 4: d79851e1 folded on the River
Seat 6: f36d6859 folded before Flop (didn't bet)


Poker Hand #HD1155402948: Hold'em No Limit  ($0.02/$0.05) - 2023/03/11 12:32:25
Table 'NLHBlue59' 6-max Seat #6 is the button
Seat 1: Hero ($9.1 in chips)
Seat 2: ccd9656 ($5.84 in chips)
Seat 3: b3313403 ($5.39 in chips)
Seat 4: d79851e1 ($5.05 in chips)
Seat 6: f36d6859 ($5.02 in chips)
Hero: posts small blind $0.02
ccd9656: posts big blind $0.05
*** HOLE CARDS ***
Dealt to Hero [6s 5s]
Dealt to ccd9656 
Dealt to b3313403 
Dealt to d79851e1 
Dealt to f36d6859 
b3313403: folds
d79851e1: raises $0.1 to $0.15
f36d6859: folds
Hero: folds
ccd9656: folds
Uncalled bet ($0.1) returned to d79851e1
*** SHOWDOWN ***
d79851e1 collected $0.12 from pot
*** SUMMARY ***
Total pot $0.12 | Rake $0 | Jackpot $0 | Bingo $0 | Fortune $0
Seat 1: Hero (small blind) folded before Flop
Seat 2: ccd9656 (big blind) folded before Flop
Seat 3: b3313403 folded before Flop (didn't bet)
Seat 4: d79851e1 collected ($0.12)
Seat 6: f36d6859 (button) folded before Flop (didn't bet)


Poker Hand #HD1155402917: Hold'em No Limit  ($0.02/$0.05) - 2023/03/11 12:32:13
Table 'NLHBlue59' 6-max Seat #4 is the button
Seat 1: Hero ($9.15 in chips)
Seat 2: ccd9656 ($5.77 in chips)
Seat 3: b3313403 ($5.39 in chips)
Seat 4: d79851e1 ($5.05 in chips)
Seat 6: f36d6859 ($5.04 in chips)
f36d6859: posts small blind $0.02
Hero: posts big blind $0.05
*** HOLE CARDS ***
Dealt to Hero [4h 3c]
Dealt to ccd9656 
Dealt to b3313403 
Dealt to d79851e1 
Dealt to f36d6859 
ccd9656: raises $0.08 to $0.13
b3313403: folds
d79851e1: folds
f36d6859: folds
Hero: folds
Uncalled bet ($0.08) returned to ccd9656
*** SHOWDOWN ***
ccd9656 collected $0.12 from pot
*** SUMMARY ***
Total pot $0.12 | Rake $0 | Jackpot $0 | Bingo $0 | Fortune $0
Seat 1: Hero (big blind) folded before Flop
Seat 2: ccd9656 collected ($0.12)
Seat 3: b3313403 folded before Flop (didn't bet)
Seat 4: d79851e1 (button) folded before Flop (didn't bet)
Seat 6: f36d6859 (small blind) folded before Flop


Poker Hand #HD1155402861: Hold'em No Limit  ($0.02/$0.05) - 2023/03/11 12:31:48
Table 'NLHBlue59' 6-max Seat #3 is the button
Seat 1: Hero ($9.15 in chips)
Seat 2: ccd9656 ($5.77 in chips)
Seat 3: b3313403 ($5.39 in chips)
Seat 4: d79851e1 ($5 in chips)
Seat 6: f36d6859 ($5.01 in chips)
d79851e1: posts small blind $0.02
f36d6859: posts big blind $0.05
*** HOLE CARDS ***
Dealt to Hero [8h Kc]
Dealt to ccd9656 
Dealt to b3313403 
Dealt to d79851e1 
Dealt to f36d6859 
Hero: folds
ccd9656: folds
b3313403: folds
d79851e1: raises $0.1 to $0.15
f36d6859: folds
Uncalled bet ($0.1) returned to d79851e1
*** SHOWDOWN ***
d79851e1 collected $0.1 from pot
*** SUMMARY ***
Total pot $0.1 | Rake $0 | Jackpot $0 | Bingo $0 | Fortune $0
Seat 1: Hero folded before Flop (didn't bet)
Seat 2: ccd9656 folded before Flop (didn't bet)
Seat 3: b3313403 (button) folded before Flop (didn't bet)
Seat 4: d79851e1 (small blind) collected ($0.1)
Seat 6: f36d6859 (big blind) folded before Flop


Poker Hand #HD1155402648: Hold'em No Limit  ($0.02/$0.05) - 2023/03/11 12:30:13
Table 'NLHBlue59' 6-max Seat #2 is the button
Seat 1: Hero ($5 in chips)
Seat 2: ccd9656 ($5.77 in chips)
Seat 3: b3313403 ($5.41 in chips)
Seat 4: d79851e1 ($5 in chips)
Seat 5: e9f28d76 ($4.58 in chips)
Seat 6: f36d6859 ($5.01 in chips)
b3313403: posts small blind $0.02
d79851e1: posts big blind $0.05
*** HOLE CARDS ***
Dealt to Hero [Qd Qc]
Dealt to ccd9656 
Dealt to b3313403 
Dealt to d79851e1 
Dealt to e9f28d76 
Dealt to f36d6859 
e9f28d76: raises $0.05 to $0.1
f36d6859: folds
Hero: raises $0.2 to $0.3
ccd9656: folds
b3313403: folds
d79851e1: folds
e9f28d76: calls $0.2
*** FLOP *** [Th Qh Td]
e9f28d76: checks
Hero: checks
*** TURN *** [Th Qh Td] [6h]
e9f28d76: checks
Hero: bets $0.51
e9f28d76: raises $1.27 to $1.78
Hero: calls $1.27
*** RIVER *** [Th Qh Td 6h] [6s]
e9f28d76: bets $2.5 and is all-in
Hero: calls $2.5
e9f28d76: shows [9h 8h] (Queen High Flush)
Hero: shows [Qd Qc] (Queens Full over Tens)
*** SHOWDOWN ***
Hero collected $8.73 from pot
*** SUMMARY ***
Total pot $9.23 | Rake $0.45 | Jackpot $0.05 | Bingo $0 | Fortune $0
Board [Th Qh Td 6h 6s]
Seat 1: Hero showed [Qd Qc] and won ($8.73) with Queens Full over Tens
Seat 2: ccd9656 (button) folded before Flop (didn't bet)
Seat 3: b3313403 (small blind) folded before Flop
Seat 4: d79851e1 (big blind) folded before Flop
Seat 5: e9f28d76 showed [9h 8h] and lost with Queen High Flush
Seat 6: f36d6859 folded before Flop (didn't bet)


Poker Hand #HD1155402553: Hold'em No Limit  ($0.02/$0.05) - 2023/03/11 12:29:28
Table 'NLHBlue59' 6-max Seat #1 is the button
Seat 1: Hero ($5 in chips)
Seat 2: ccd9656 ($5.79 in chips)
Seat 3: b3313403 ($5.28 in chips)
Seat 4: d79851e1 ($5 in chips)
Seat 5: e9f28d76 ($4.58 in chips)
Seat 6: f36d6859 ($5.01 in chips)
ccd9656: posts small blind $0.02
b3313403: posts big blind $0.05
*** HOLE CARDS ***
Dealt to Hero [3s 4s]
Dealt to ccd9656 
Dealt to b3313403 
Dealt to d79851e1 
Dealt to e9f28d76 
Dealt to f36d6859 
d79851e1: folds
e9f28d76: folds
f36d6859: folds
Hero: raises $0.07 to $0.12
ccd9656: folds
b3313403: raises $0.37 to $0.49
Hero: folds
Uncalled bet ($0.37) returned to b3313403
*** SHOWDOWN ***
b3313403 collected $0.25 from pot
*** SUMMARY ***
Total pot $0.26 | Rake $0.01 | Jackpot $0 | Bingo $0 | Fortune $0
Seat 1: Hero (button) folded before Flop
Seat 2: ccd9656 (small blind) folded before Flop
Seat 3: b3313403 (big blind) collected ($0.25)
Seat 4: d79851e1 folded before Flop (didn't bet)
Seat 5: e9f28d76 folded before Flop (didn't bet)
Seat 6: f36d6859 folded before Flop (didn't bet)


Poker Hand #HD1155402462: Hold'em No Limit  ($0.02/$0.05) - 2023/03/11 12:28:43
Table 'NLHBlue59' 6-max Seat #6 is the button
Seat 1: Hero ($5 in chips)
Seat 2: ccd9656 ($5 in chips)
Seat 3: b3313403 ($5.38 in chips)
Seat 4: d79851e1 ($5.44 in chips)
Seat 5: e9f28d76 ($4.58 in chips)
Seat 6: f36d6859 ($5.01 in chips)
Hero: posts small blind $0.02
ccd9656: posts big blind $0.05
*** HOLE CARDS ***
Dealt to Hero [2d 8s]
Dealt to ccd9656 
Dealt to b3313403 
Dealt to d79851e1 
Dealt to e9f28d76 
Dealt to f36d6859 
b3313403: raises $0.05 to $0.1
d79851e1: raises $0.21 to $0.31
e9f28d76: folds
f36d6859: folds
Hero: folds
ccd9656: raises $0.49 to $0.8
b3313403: folds
d79851e1: calls $0.49
*** FLOP *** [9h 4h 5d]
ccd9656: bets $1
d79851e1: folds
Uncalled bet ($1) returned to ccd9656
*** SHOWDOWN ***
ccd9656 collected $1.59 from pot
*** SUMMARY ***
Total pot $1.72 | Rake $0.08 | Jackpot $0.05 | Bingo $0 | Fortune $0
Board [9h 4h 5d]
Seat 1: Hero (small blind) folded before Flop
Seat 2: ccd9656 (big blind) won ($1.59)
Seat 3: b3313403 folded before Flop
Seat 4: d79851e1 folded on the Flop
Seat 5: e9f28d76 folded before Flop (didn't bet)
Seat 6: f36d6859 (button) folded before Flop (didn't bet)


Poker Hand #HD1155402306: Hold'em No Limit  ($0.02/$0.05) - 2023/03/11 12:27:39
Table 'NLHBlue59' 6-max Seat #5 is the button
Seat 1: Hero ($5.05 in chips)
Seat 2: ccd9656 ($5 in chips)
Seat 3: b3313403 ($5.38 in chips)
Seat 4: d79851e1 ($5.59 in chips)
Seat 5: e9f28d76 ($4.37 in chips)
Seat 6: f36d6859 ($5.03 in chips)
f36d6859: posts small blind $0.02
Hero: posts big blind $0.05
*** HOLE CARDS ***
Dealt to Hero [6h Ts]
Dealt to ccd9656 
Dealt to b3313403 
Dealt to d79851e1 
Dealt to e9f28d76 
Dealt to f36d6859 
ccd9656: folds
b3313403: folds
d79851e1: raises $0.1 to $0.15
e9f28d76: calls $0.15
f36d6859: folds
Hero: folds
*** FLOP *** [Jd Jh 9d]
d79851e1: checks
e9f28d76: checks
*** TURN *** [Jd Jh 9d] [7s]
d79851e1: checks
e9f28d76: bets $0.19
d79851e1: folds
Uncalled bet ($0.19) returned to e9f28d76
*** SHOWDOWN ***
e9f28d76 collected $0.36 from pot
*** SUMMARY ***
Total pot $0.37 | Rake $0.01 | Jackpot $0 | Bingo $0 | Fortune $0
Board [Jd Jh 9d 7s]
Seat 1: Hero (big blind) folded before Flop
Seat 2: ccd9656 folded before Flop (didn't bet)
Seat 3: b3313403 folded before Flop (didn't bet)
Seat 4: d79851e1 folded on the Turn
Seat 5: e9f28d76 (button) won ($0.36)
Seat 6: f36d6859 (small blind) folded before Flop


Poker Hand #HD1155402144: Hold'em No Limit  ($0.02/$0.05) - 2023/03/11 12:26:33
Table 'NLHBlue59' 6-max Seat #4 is the button
Seat 1: Hero ($5.05 in chips)
Seat 2: ccd9656 ($4.71 in chips)
Seat 3: b3313403 ($5.38 in chips)
Seat 4: d79851e1 ($5.59 in chips)
Seat 5: e9f28d76 ($4.19 in chips)
Seat 6: f36d6859 ($5.23 in chips)
e9f28d76: posts small blind $0.02
f36d6859: posts big blind $0.05
*** HOLE CARDS ***
Dealt to Hero [2c 8h]
Dealt to ccd9656 
Dealt to b3313403 
Dealt to d79851e1 
Dealt to e9f28d76 
Dealt to f36d6859 
Hero: folds
ccd9656: folds
b3313403: folds
d79851e1: folds
e9f28d76: raises $0.05 to $0.1
f36d6859: calls $0.05
*** FLOP *** [Kd Kc As]
e9f28d76: bets $0.1
f36d6859: calls $0.1
*** TURN *** [Kd Kc As] [7c]
e9f28d76: checks
f36d6859: checks
*** RIVER *** [Kd Kc As 7c] [Qc]
e9f28d76: bets $0.3
f36d6859: folds
Uncalled bet ($0.3) returned to e9f28d76
*** SHOWDOWN ***
e9f28d76 collected $0.38 from pot
*** SUMMARY ***
Total pot $0.4 | Rake $0.02 | Jackpot $0 | Bingo $0 | Fortune $0
Board [Kd Kc As 7c Qc]
Seat 1: Hero folded before Flop (didn't bet)
Seat 2: ccd9656 folded before Flop (didn't bet)
Seat 3: b3313403 folded before Flop (didn't bet)
Seat 4: d79851e1 (button) folded before Flop (didn't bet)
Seat 5: e9f28d76 (small blind) won ($0.38)
Seat 6: f36d6859 (big blind) folded on the River


Poker Hand #HD1155401987: Hold'em No Limit  ($0.02/$0.05) - 2023/03/11 12:25:21
Table 'NLHBlue59' 6-max Seat #3 is the button
Seat 1: Hero ($5.05 in chips)
Seat 2: ccd9656 ($5.16 in chips)
Seat 3: b3313403 ($5.38 in chips)
Seat 4: d79851e1 ($5.04 in chips)
Seat 5: e9f28d76 ($4.24 in chips)
Seat 6: f36d6859 ($5.33 in chips)
d79851e1: posts small blind $0.02
e9f28d76: posts big blind $0.05
*** HOLE CARDS ***
Dealt to Hero [2s 5c]
Dealt to ccd9656 
Dealt to b3313403 
Dealt to d79851e1 
Dealt to e9f28d76 
Dealt to f36d6859 
f36d6859: raises $0.05 to $0.1
Hero: folds
ccd9656: calls $0.1
b3313403: folds
d79851e1: raises $0.35 to $0.45
e9f28d76: folds
f36d6859: folds
ccd9656: calls $0.35
*** FLOP *** [2d Th 3d]
d79851e1: checks
ccd9656: checks
*** TURN *** [2d Th 3d] [5d]
d79851e1: bets $0.53
ccd9656: folds
Uncalled bet ($0.53) returned to d79851e1
*** SHOWDOWN ***
d79851e1 collected $1 from pot
*** SUMMARY ***
Total pot $1.05 | Rake $0.05 | Jackpot $0 | Bingo $0 | Fortune $0
Board [2d Th 3d 5d]
Seat 1: Hero folded before Flop (didn't bet)
Seat 2: ccd9656 folded on the Turn
Seat 3: b3313403 (button) folded before Flop (didn't bet)
Seat 4: d79851e1 (small blind) won ($1)
Seat 5: e9f28d76 (big blind) folded before Flop
Seat 6: f36d6859 folded before Flop


Poker Hand #HD1155401944: Hold'em No Limit  ($0.02/$0.05) - 2023/03/11 12:24:56
Table 'NLHBlue59' 6-max Seat #2 is the button
Seat 1: Hero ($5.05 in chips)
Seat 2: ccd9656 ($5.09 in chips)
Seat 3: b3313403 ($5.4 in chips)
Seat 4: d79851e1 ($5.09 in chips)
Seat 5: e9f28d76 ($4.24 in chips)
Seat 6: f36d6859 ($5.33 in chips)
b3313403: posts small blind $0.02
d79851e1: posts big blind $0.05
*** HOLE CARDS ***
Dealt to Hero [8s 6d]
Dealt to ccd9656 
Dealt to b3313403 
Dealt to d79851e1 
Dealt to e9f28d76 
Dealt to f36d6859 
e9f28d76: folds
f36d6859: folds
Hero: folds
ccd9656: raises $0.08 to $0.13
b3313403: folds
d79851e1: folds
Uncalled bet ($0.08) returned to ccd9656
*** SHOWDOWN ***
ccd9656 collected $0.12 from pot
*** SUMMARY ***
Total pot $0.12 | Rake $0 | Jackpot $0 | Bingo $0 | Fortune $0
Seat 1: Hero folded before Flop (didn't bet)
Seat 2: ccd9656 (button) collected ($0.12)
Seat 3: b3313403 (small blind) folded before Flop
Seat 4: d79851e1 (big blind) folded before Flop
Seat 5: e9f28d76 folded before Flop (didn't bet)
Seat 6: f36d6859 folded before Flop (didn't bet)


Poker Hand #HD1155401852: Hold'em No Limit  ($0.02/$0.05) - 2023/03/11 12:24:19
Table 'NLHBlue59' 6-max Seat #1 is the button
Seat 1: Hero ($5.05 in chips)
Seat 2: ccd9656 ($4.97 in chips)
Seat 3: b3313403 ($5.53 in chips)
Seat 4: d79851e1 ($5.09 in chips)
Seat 5: e9f28d76 ($4.24 in chips)
Seat 6: f36d6859 ($5.33 in chips)
ccd9656: posts small blind $0.02
b3313403: posts big blind $0.05
*** HOLE CARDS ***
Dealt to Hero [2d 5s]
Dealt to ccd9656 
Dealt to b3313403 
Dealt to d79851e1 
Dealt to e9f28d76 
Dealt to f36d6859 
d79851e1: folds
e9f28d76: folds
f36d6859: folds
Hero: folds
ccd9656: raises $0.08 to $0.13
b3313403: calls $0.08
*** FLOP *** [Kc 8s Kh]
ccd9656: checks
b3313403: checks
*** TURN *** [Kc 8s Kh] [3c]
ccd9656: bets $0.13
b3313403: folds
Uncalled bet ($0.13) returned to ccd9656
*** SHOWDOWN ***
ccd9656 collected $0.25 from pot
*** SUMMARY ***
Total pot $0.26 | Rake $0.01 | Jackpot $0 | Bingo $0 | Fortune $0
Board [Kc 8s Kh 3c]
Seat 1: Hero (button) folded before Flop (didn't bet)
Seat 2: ccd9656 (small blind) won ($0.25)
Seat 3: b3313403 (big blind) folded on the Turn
Seat 4: d79851e1 folded before Flop (didn't bet)
Seat 5: e9f28d76 folded before Flop (didn't bet)
Seat 6: f36d6859 folded before Flop (didn't bet)


Poker Hand #HD1155401798: Hold'em No Limit  ($0.02/$0.05) - 2023/03/11 12:23:57
Table 'NLHBlue59' 6-max Seat #6 is the button
Seat 1: Hero ($5.07 in chips)
Seat 2: ccd9656 ($5.02 in chips)
Seat 3: b3313403 ($5.53 in chips)
Seat 4: d79851e1 ($5.02 in chips)
Seat 5: e9f28d76 ($4.24 in chips)
Seat 6: f36d6859 ($5.33 in chips)
Hero: posts small blind $0.02
ccd9656: posts big blind $0.05
*** HOLE CARDS ***
Dealt to Hero [Jd 3s]
Dealt to ccd9656 
Dealt to b3313403 
Dealt to d79851e1 
Dealt to e9f28d76 
Dealt to f36d6859 
b3313403: folds
d79851e1: raises $0.1 to $0.15
e9f28d76: folds
f36d6859: folds
Hero: folds
ccd9656: folds
Uncalled bet ($0.1) returned to d79851e1
*** SHOWDOWN ***
d79851e1 collected $0.12 from pot
*** SUMMARY ***
Total pot $0.12 | Rake $0 | Jackpot $0 | Bingo $0 | Fortune $0
Seat 1: Hero (small blind) folded before Flop
Seat 2: ccd9656 (big blind) folded before Flop
Seat 3: b3313403 folded before Flop (didn't bet)
Seat 4: d79851e1 collected ($0.12)
Seat 5: e9f28d76 folded before Flop (didn't bet)
Seat 6: f36d6859 (button) folded before Flop (didn't bet)


Poker Hand #HD1155401753: Hold'em No Limit  ($0.02/$0.05) - 2023/03/11 12:23:39
Table 'NLHBlue59' 6-max Seat #5 is the button
Seat 1: Hero ($5.12 in chips)
Seat 2: ccd9656 ($4.95 in chips)
Seat 3: b3313403 ($5.53 in chips)
Seat 4: d79851e1 ($5.02 in chips)
Seat 5: e9f28d76 ($4.24 in chips)
Seat 6: f36d6859 ($5.35 in chips)
f36d6859: posts small blind $0.02
Hero: posts big blind $0.05
*** HOLE CARDS ***
Dealt to Hero [Jd 3h]
Dealt to ccd9656 
Dealt to b3313403 
Dealt to d79851e1 
Dealt to e9f28d76 
Dealt to f36d6859 
ccd9656: raises $0.08 to $0.13
b3313403: folds
d79851e1: folds
e9f28d76: folds
f36d6859: folds
Hero: folds
Uncalled bet ($0.08) returned to ccd9656
*** SHOWDOWN ***
ccd9656 collected $0.12 from pot
*** SUMMARY ***
Total pot $0.12 | Rake $0 | Jackpot $0 | Bingo $0 | Fortune $0
Seat 1: Hero (big blind) folded before Flop
Seat 2: ccd9656 collected ($0.12)
Seat 3: b3313403 folded before Flop (didn't bet)
Seat 4: d79851e1 folded before Flop (didn't bet)
Seat 5: e9f28d76 (button) folded before Flop (didn't bet)
Seat 6: f36d6859 (small blind) folded before Flop


Poker Hand #HD1155401690: Hold'em No Limit  ($0.02/$0.05) - 2023/03/11 12:23:09
Table 'NLHBlue59' 6-max Seat #4 is the button
Seat 1: Hero ($5 in chips)
Seat 2: ccd9656 ($5 in chips)
Seat 3: b3313403 ($5.53 in chips)
Seat 4: d79851e1 ($5.02 in chips)
Seat 5: e9f28d76 ($4.26 in chips)
Seat 6: f36d6859 ($5.4 in chips)
e9f28d76: posts small blind $0.02
f36d6859: posts big blind $0.05
ccd9656: posts big blind $0.05
*** HOLE CARDS ***
Dealt to Hero [Ac 6c]
Dealt to ccd9656 
Dealt to b3313403 
Dealt to d79851e1 
Dealt to e9f28d76 
Dealt to f36d6859 
Hero: raises $0.15 to $0.2
ccd9656: folds
b3313403: folds
d79851e1: folds
e9f28d76: folds
f36d6859: folds
Uncalled bet ($0.15) returned to Hero
*** SHOWDOWN ***
Hero collected $0.17 from pot
*** SUMMARY ***
Total pot $0.17 | Rake $0 | Jackpot $0 | Bingo $0 | Fortune $0
Seat 1: Hero collected ($0.17)
Seat 2: ccd9656 folded before Flop
Seat 3: b3313403 folded before Flop (didn't bet)
Seat 4: d79851e1 (button) folded before Flop (didn't bet)
Seat 5: e9f28d76 (small blind) folded before Flop
Seat 6: f36d6859 (big blind) folded before Flop


Poker Hand #HD1155401651: Hold'em No Limit  ($0.02/$0.05) - 2023/03/11 12:22:52
Table 'NLHBlue59' 6-max Seat #3 is the button
Seat 1: Hero ($5 in chips)
Seat 3: b3313403 ($5.53 in chips)
Seat 4: d79851e1 ($5 in chips)
Seat 5: e9f28d76 ($4.24 in chips)
Seat 6: f36d6859 ($5.4 in chips)
d79851e1: posts small blind $0.02
e9f28d76: posts big blind $0.05
*** HOLE CARDS ***
Dealt to Hero [Qd 4h]
Dealt to b3313403 
Dealt to d79851e1 
Dealt to e9f28d76 
Dealt to f36d6859 
f36d6859: folds
Hero: folds
b3313403: folds
d79851e1: folds
Uncalled bet ($0.03) returned to e9f28d76
*** SHOWDOWN ***
e9f28d76 collected $0.04 from pot
*** SUMMARY ***
Total pot $0.04 | Rake $0 | Jackpot $0 | Bingo $0 | Fortune $0
Seat 1: Hero folded before Flop (didn't bet)
Seat 3: b3313403 (button) folded before Flop (didn't bet)
Seat 4: d79851e1 (small blind) folded before Flop
Seat 5: e9f28d76 (big blind) collected ($0.04)
Seat 6: f36d6859 folded before Flop (didn't bet)


Poker Hand #HD1155401621: Hold'em No Limit  ($0.02/$0.05) - 2023/03/11 12:22:35
Table 'NLHBlue59' 6-max Seat #1 is the button
Seat 1: Hero ($5 in chips)
Seat 3: b3313403 ($5.55 in chips)
Seat 4: d79851e1 ($5 in chips)
Seat 5: e9f28d76 ($4.17 in chips)
Seat 6: f36d6859 ($5.4 in chips)
b3313403: posts small blind $0.02
d79851e1: posts big blind $0.05
*** HOLE CARDS ***
Dealt to Hero [5s Jc]
Dealt to b3313403 
Dealt to d79851e1 
Dealt to e9f28d76 
Dealt to f36d6859 
e9f28d76: raises $0.05 to $0.1
f36d6859: folds
Hero: folds
b3313403: folds
d79851e1: folds
Uncalled bet ($0.05) returned to e9f28d76
*** SHOWDOWN ***
e9f28d76 collected $0.12 from pot
*** SUMMARY ***
Total pot $0.12 | Rake $0 | Jackpot $0 | Bingo $0 | Fortune $0
Seat 1: Hero (button) folded before Flop (didn't bet)
Seat 3: b3313403 (small blind) folded before Flop
Seat 4: d79851e1 (big blind) folded before Flop
Seat 5: e9f28d76 collected ($0.12)
Seat 6: f36d6859 folded before Flop (didn't bet)


Poker Hand #HD1155401590: Hold'em No Limit  ($0.02/$0.05) - 2023/03/11 12:22:21
Table 'NLHBlue59' 6-max Seat #6 is the button
Seat 1: Hero ($5 in chips)
Seat 3: b3313403 ($5.6 in chips)
Seat 5: e9f28d76 ($4.1 in chips)
Seat 6: f36d6859 ($5.4 in chips)
Hero: posts small blind $0.02
b3313403: posts big blind $0.05
*** HOLE CARDS ***
Dealt to Hero [Ac 5h]
Dealt to b3313403 
Dealt to e9f28d76 
Dealt to f36d6859 
e9f28d76: raises $0.05 to $0.1
f36d6859: folds
Hero: folds
b3313403: folds
Uncalled bet ($0.05) returned to e9f28d76
*** SHOWDOWN ***
e9f28d76 collected $0.12 from pot
*** SUMMARY ***
Total pot $0.12 | Rake $0 | Jackpot $0 | Bingo $0 | Fortune $0
Seat 1: Hero (small blind) folded before Flop
Seat 3: b3313403 (big blind) folded before Flop
Seat 5: e9f28d76 collected ($0.12)
Seat 6: f36d6859 (button) folded before Flop (didn't bet)


Poker Hand #HD1155401552: Hold'em No Limit  ($0.02/$0.05) - 2023/03/11 12:22:05
Table 'NLHBlue59' 6-max Seat #5 is the button
Seat 1: Hero ($5 in chips)
Seat 2: 15e88f97 ($5 in chips)
Seat 3: b3313403 ($5.44 in chips)
Seat 5: e9f28d76 ($4.1 in chips)
Seat 6: f36d6859 ($5.42 in chips)
f36d6859: posts small blind $0.02
Hero: posts big blind $0.05
*** HOLE CARDS ***
Dealt to Hero [3c Tc]
Dealt to 15e88f97 
Dealt to b3313403 
Dealt to e9f28d76 
Dealt to f36d6859 
15e88f97: raises $0.05 to $0.1
b3313403: raises $0.21 to $0.31
e9f28d76: folds
f36d6859: folds
Hero: folds
15e88f97: folds
Uncalled bet ($0.21) returned to b3313403
*** SHOWDOWN ***
b3313403 collected $0.26 from pot
*** SUMMARY ***
Total pot $0.27 | Rake $0.01 | Jackpot $0 | Bingo $0 | Fortune $0
Seat 1: Hero (big blind) folded before Flop
Seat 2: 15e88f97 folded before Flop
Seat 3: b3313403 collected ($0.26)
Seat 5: e9f28d76 (button) folded before Flop (didn't bet)
Seat 6: f36d6859 (small blind) folded before Flop


Poker Hand #HD1155401514: Hold'em No Limit  ($0.02/$0.05) - 2023/03/11 12:21:46
Table 'NLHBlue59' 6-max Seat #3 is the button
Seat 1: Hero ($5 in chips)
Seat 2: 15e88f97 ($5 in chips)
Seat 3: b3313403 ($5.44 in chips)
Seat 5: e9f28d76 ($4.05 in chips)
Seat 6: f36d6859 ($5.47 in chips)
e9f28d76: posts small blind $0.02
f36d6859: posts big blind $0.05
*** HOLE CARDS ***
Dealt to Hero [8d Qd]
Dealt to 15e88f97 
Dealt to b3313403 
Dealt to e9f28d76 
Dealt to f36d6859 
Hero: folds
15e88f97: folds
b3313403: folds
e9f28d76: calls $0.03
f36d6859: checks
*** FLOP *** [Ac Jc Kh]
e9f28d76: bets $0.05
f36d6859: folds
Uncalled bet ($0.05) returned to e9f28d76
*** SHOWDOWN ***
e9f28d76 collected $0.1 from pot
*** SUMMARY ***
Total pot $0.1 | Rake $0 | Jackpot $0 | Bingo $0 | Fortune $0
Board [Ac Jc Kh]
Seat 1: Hero folded before Flop (didn't bet)
Seat 2: 15e88f97 folded before Flop (didn't bet)
Seat 3: b3313403 (button) folded before Flop (didn't bet)
Seat 5: e9f28d76 (small blind) won ($0.1)
Seat 6: f36d6859 (big blind) folded on the Flop


Poker Hand #HD1155401470: Hold'em No Limit  ($0.02/$0.05) - 2023/03/11 12:21:30
Table 'NLHBlue59' 6-max Seat #2 is the button
Seat 1: Hero ($5 in chips)
Seat 2: 15e88f97 ($5 in chips)
Seat 3: b3313403 ($5.46 in chips)
Seat 4: 80d05d09 ($10.32 in chips)
Seat 5: e9f28d76 ($3.98 in chips)
Seat 6: f36d6859 ($5.47 in chips)
b3313403: posts small blind $0.02
80d05d09: posts big blind $0.05
*** HOLE CARDS ***
Dealt to Hero [3h Td]
Dealt to 15e88f97 
Dealt to b3313403 
Dealt to 80d05d09 
Dealt to e9f28d76 
Dealt to f36d6859 
e9f28d76: raises $0.05 to $0.1
f36d6859: folds
Hero: folds
15e88f97: folds
b3313403: folds
80d05d09: folds
Uncalled bet ($0.05) returned to e9f28d76
*** SHOWDOWN ***
e9f28d76 collected $0.12 from pot
*** SUMMARY ***
Total pot $0.12 | Rake $0 | Jackpot $0 | Bingo $0 | Fortune $0
Seat 1: Hero folded before Flop (didn't bet)
Seat 2: 15e88f97 (button) folded before Flop (didn't bet)
Seat 3: b3313403 (small blind) folded before Flop
Seat 4: 80d05d09 (big blind) folded before Flop
Seat 5: e9f28d76 collected ($0.12)
Seat 6: f36d6859 folded before Flop (didn't bet)


Poker Hand #HD1155401348: Hold'em No Limit  ($0.02/$0.05) - 2023/03/11 12:20:34
Table 'NLHBlue59' 6-max Seat #1 is the button
Seat 1: Hero ($5 in chips)
Seat 2: 15e88f97 ($5 in chips)
Seat 3: b3313403 ($5.07 in chips)
Seat 4: 80d05d09 ($10.57 in chips)
Seat 5: e9f28d76 ($4.13 in chips)
Seat 6: f36d6859 ($5.47 in chips)
15e88f97: posts small blind $0.02
b3313403: posts big blind $0.05
*** HOLE CARDS ***
Dealt to Hero [As 7s]
Dealt to 15e88f97 
Dealt to b3313403 
Dealt to 80d05d09 
Dealt to e9f28d76 
Dealt to f36d6859 
80d05d09: raises $0.1 to $0.15
e9f28d76: calls $0.15
f36d6859: folds
Hero: folds
15e88f97: folds
b3313403: calls $0.1
*** FLOP *** [3c Ah 4c]
b3313403: checks
80d05d09: bets $0.1
e9f28d76: folds
b3313403: calls $0.1
*** TURN *** [3c Ah 4c] [8s]
b3313403: checks
80d05d09: checks
*** RIVER *** [3c Ah 4c 8s] [6s]
b3313403: checks
80d05d09: checks
b3313403: shows [5c 5s] (Pair of Fives)
80d05d09: shows [Qd Ks] (Ace-High)
*** SHOWDOWN ***
b3313403 collected $0.64 from pot
*** SUMMARY ***
Total pot $0.67 | Rake $0.03 | Jackpot $0 | Bingo $0 | Fortune $0
Board [3c Ah 4c 8s 6s]
Seat 1: Hero (button) folded before Flop (didn't bet)
Seat 2: 15e88f97 (small blind) folded before Flop
Seat 3: b3313403 (big blind) showed [5c 5s] and won ($0.64) with Pair of Fives
Seat 4: 80d05d09 showed [Qd Ks] and lost with Ace-High
Seat 5: e9f28d76 folded on the Flop
Seat 6: f36d6859 folded before Flop (didn't bet)


Poker Hand #HD1155401318: Hold'em No Limit  ($0.02/$0.05) - 2023/03/11 12:20:19
Table 'NLHBlue59' 6-max Seat #6 is the button
Seat 1: Hero ($5 in chips)
Seat 2: 15e88f97 ($5 in chips)
Seat 3: b3313403 ($5.07 in chips)
Seat 4: 80d05d09 ($10.57 in chips)
Seat 5: e9f28d76 ($4.13 in chips)
Seat 6: f36d6859 ($5.4 in chips)
Hero: posts small blind $0.02
15e88f97: posts big blind $0.05
*** HOLE CARDS ***
Dealt to Hero [6d 8c]
Dealt to 15e88f97 
Dealt to b3313403 
Dealt to 80d05d09 
Dealt to e9f28d76 
Dealt to f36d6859 
b3313403: folds
80d05d09: folds
e9f28d76: folds
f36d6859: raises $0.05 to $0.1
Hero: folds
15e88f97: folds
Uncalled bet ($0.05) returned to f36d6859
*** SHOWDOWN ***
f36d6859 collected $0.12 from pot
*** SUMMARY ***
Total pot $0.12 | Rake $0 | Jackpot $0 | Bingo $0 | Fortune $0
Seat 1: Hero (small blind) folded before Flop
Seat 2: 15e88f97 (big blind) folded before Flop
Seat 3: b3313403 folded before Flop (didn't bet)
Seat 4: 80d05d09 folded before Flop (didn't bet)
Seat 5: e9f28d76 folded before Flop (didn't bet)
Seat 6: f36d6859 (button) collected ($0.12)


Poker Hand #HD1155401288: Hold'em No Limit  ($0.02/$0.05) - 2023/03/11 12:20:06
Table 'NLHBlue59' 6-max Seat #5 is the button
Seat 1: Hero ($5 in chips)
Seat 2: 15e88f97 ($5 in chips)
Seat 3: b3313403 ($5 in chips)
Seat 4: 80d05d09 ($10.57 in chips)
Seat 5: e9f28d76 ($4.13 in chips)
Seat 6: f36d6859 ($5.42 in chips)
f36d6859: posts small blind $0.02
Hero: posts big blind $0.05
*** HOLE CARDS ***
Dealt to Hero [2c Jh]
Dealt to 15e88f97 
Dealt to b3313403 
Dealt to 80d05d09 
Dealt to e9f28d76 
Dealt to f36d6859 
15e88f97: folds
b3313403: raises $0.05 to $0.1
80d05d09: folds
e9f28d76: folds
f36d6859: folds
Hero: folds
Uncalled bet ($0.05) returned to b3313403
*** SHOWDOWN ***
b3313403 collected $0.12 from pot
*** SUMMARY ***
Total pot $0.12 | Rake $0 | Jackpot $0 | Bingo $0 | Fortune $0
Seat 1: Hero (big blind) folded before Flop
Seat 2: 15e88f97 folded before Flop (didn't bet)
Seat 3: b3313403 collected ($0.12)
Seat 4: 80d05d09 folded before Flop (didn't bet)
Seat 5: e9f28d76 (button) folded before Flop (didn't bet)
Seat 6: f36d6859 (small blind) folded before Flop


