Poker Hand #HD1208363259: Hold'em No Limit  ($0.02/$0.05) - 2023/04/18 20:45:28
Table 'NLHBlue90' 6-max Seat #3 is the button
Seat 1: 5c1f48bb ($11.56 in chips)
Seat 2: 50b87ec8 ($5.07 in chips)
Seat 3: 895f96a2 ($9.68 in chips)
Seat 4: 3dac667b ($5 in chips)
Seat 5: ffe2908d ($4.89 in chips)
Seat 6: Hero ($6.86 in chips)
3dac667b: posts small blind $0.02
ffe2908d: posts big blind $0.05
*** HOLE CARDS ***
Dealt to 5c1f48bb 
Dealt to 50b87ec8 
Dealt to 895f96a2 
Dealt to 3dac667b 
Dealt to ffe2908d 
Dealt to Hero [6c Td]
Hero: folds
5c1f48bb: folds
50b87ec8: raises $0.08 to $0.13
895f96a2: calls $0.13
3dac667b: folds
ffe2908d: folds
*** FLOP *** [Ad Jc 3d]
50b87ec8: bets $0.11
895f96a2: calls $0.11
*** TURN *** [Ad Jc 3d] [As]
50b87ec8: bets $0.34
895f96a2: raises $0.41 to $0.75
50b87ec8: folds
Uncalled bet ($0.41) returned to 895f96a2
*** SHOWDOWN ***
895f96a2 collected $1.17 from pot
*** SUMMARY ***
Total pot $1.23 | Rake $0.06 | Jackpot $0 | Bingo $0 | Fortune $0
Board [Ad Jc 3d As]
Seat 1: 5c1f48bb folded before Flop (didn't bet)
Seat 2: 50b87ec8 folded on the Turn
Seat 3: 895f96a2 (button) won ($1.17)
Seat 4: 3dac667b (small blind) folded before Flop
Seat 5: ffe2908d (big blind) folded before Flop
Seat 6: Hero folded before Flop (didn't bet)


Poker Hand #HD1208363222: Hold'em No Limit  ($0.02/$0.05) - 2023/04/18 20:45:11
Table 'NLHBlue90' 6-max Seat #2 is the button
Seat 1: 5c1f48bb ($11.56 in chips)
Seat 2: 50b87ec8 ($5 in chips)
Seat 3: 895f96a2 ($9.7 in chips)
Seat 4: 3dac667b ($5 in chips)
Seat 5: ffe2908d ($4.89 in chips)
Seat 6: Hero ($6.86 in chips)
895f96a2: posts small blind $0.02
3dac667b: posts big blind $0.05
*** HOLE CARDS ***
Dealt to 5c1f48bb 
Dealt to 50b87ec8 
Dealt to 895f96a2 
Dealt to 3dac667b 
Dealt to ffe2908d 
Dealt to Hero [Js Th]
ffe2908d: folds
Hero: folds
5c1f48bb: folds
50b87ec8: raises $0.1 to $0.15
895f96a2: folds
3dac667b: folds
Uncalled bet ($0.1) returned to 50b87ec8
*** SHOWDOWN ***
50b87ec8 collected $0.12 from pot
*** SUMMARY ***
Total pot $0.12 | Rake $0 | Jackpot $0 | Bingo $0 | Fortune $0
Seat 1: 5c1f48bb folded before Flop (didn't bet)
Seat 2: 50b87ec8 (button) collected ($0.12)
Seat 3: 895f96a2 (small blind) folded before Flop
Seat 4: 3dac667b (big blind) folded before Flop
Seat 5: ffe2908d folded before Flop (didn't bet)
Seat 6: Hero folded before Flop (didn't bet)


Poker Hand #HD1208363168: Hold'em No Limit  ($0.02/$0.05) - 2023/04/18 20:44:35
Table 'NLHBlue90' 6-max Seat #1 is the button
Seat 1: 5c1f48bb ($11.38 in chips)
Seat 2: 50b87ec8 ($5 in chips)
Seat 3: 895f96a2 ($9.75 in chips)
Seat 4: 3dac667b ($5 in chips)
Seat 5: ffe2908d ($4.89 in chips)
Seat 6: Hero ($6.86 in chips)
50b87ec8: posts small blind $0.02
895f96a2: posts big blind $0.05
*** HOLE CARDS ***
Dealt to 5c1f48bb 
Dealt to 50b87ec8 
Dealt to 895f96a2 
Dealt to 3dac667b 
Dealt to ffe2908d 
Dealt to Hero [7d 8d]
3dac667b: raises $0.07 to $0.12
ffe2908d: folds
Hero: folds
5c1f48bb: raises $0.31 to $0.43
50b87ec8: folds
895f96a2: folds
3dac667b: folds
Uncalled bet ($0.31) returned to 5c1f48bb
*** SHOWDOWN ***
5c1f48bb collected $0.3 from pot
*** SUMMARY ***
Total pot $0.31 | Rake $0.01 | Jackpot $0 | Bingo $0 | Fortune $0
Seat 1: 5c1f48bb (button) collected ($0.3)
Seat 2: 50b87ec8 (small blind) folded before Flop
Seat 3: 895f96a2 (big blind) folded before Flop
Seat 4: 3dac667b folded before Flop
Seat 5: ffe2908d folded before Flop (didn't bet)
Seat 6: Hero folded before Flop (didn't bet)


Poker Hand #HD1208363125: Hold'em No Limit  ($0.02/$0.05) - 2023/04/18 20:44:08
Table 'NLHBlue90' 6-max Seat #6 is the button
Seat 1: 5c1f48bb ($11.4 in chips)
Seat 2: 50b87ec8 ($5 in chips)
Seat 3: 895f96a2 ($9.68 in chips)
Seat 4: 3dac667b ($5 in chips)
Seat 5: ffe2908d ($4.89 in chips)
Seat 6: Hero ($6.86 in chips)
5c1f48bb: posts small blind $0.02
50b87ec8: posts big blind $0.05
*** HOLE CARDS ***
Dealt to 5c1f48bb 
Dealt to 50b87ec8 
Dealt to 895f96a2 
Dealt to 3dac667b 
Dealt to ffe2908d 
Dealt to Hero [9c 8s]
895f96a2: raises $0.08 to $0.13
3dac667b: folds
ffe2908d: folds
Hero: folds
5c1f48bb: folds
50b87ec8: folds
Uncalled bet ($0.08) returned to 895f96a2
*** SHOWDOWN ***
895f96a2 collected $0.12 from pot
*** SUMMARY ***
Total pot $0.12 | Rake $0 | Jackpot $0 | Bingo $0 | Fortune $0
Seat 1: 5c1f48bb (small blind) folded before Flop
Seat 2: 50b87ec8 (big blind) folded before Flop
Seat 3: 895f96a2 collected ($0.12)
Seat 4: 3dac667b folded before Flop (didn't bet)
Seat 5: ffe2908d folded before Flop (didn't bet)
Seat 6: Hero (button) folded before Flop (didn't bet)


Poker Hand #HD1208363034: Hold'em No Limit  ($0.02/$0.05) - 2023/04/18 20:43:14
Table 'NLHBlue90' 6-max Seat #5 is the button
Seat 1: 5c1f48bb ($11.45 in chips)
Seat 3: 895f96a2 ($8.77 in chips)
Seat 4: 3dac667b ($5 in chips)
Seat 5: ffe2908d ($5.87 in chips)
Seat 6: Hero ($6.88 in chips)
Hero: posts small blind $0.02
5c1f48bb: posts big blind $0.05
*** HOLE CARDS ***
Dealt to 5c1f48bb 
Dealt to 895f96a2 
Dealt to 3dac667b 
Dealt to ffe2908d 
Dealt to Hero [5s Td]
895f96a2: raises $0.08 to $0.13
3dac667b: folds
ffe2908d: raises $0.27 to $0.4
Hero: folds
5c1f48bb: folds
895f96a2: raises $0.58 to $0.98
ffe2908d: calls $0.58
*** FLOP *** [4d 4c 2c]
895f96a2: bets $1.34
ffe2908d: folds
Uncalled bet ($1.34) returned to 895f96a2
*** SHOWDOWN ***
895f96a2 collected $1.89 from pot
*** SUMMARY ***
Total pot $2.03 | Rake $0.09 | Jackpot $0.05 | Bingo $0 | Fortune $0
Board [4d 4c 2c]
Seat 1: 5c1f48bb (big blind) folded before Flop
Seat 3: 895f96a2 won ($1.89)
Seat 4: 3dac667b folded before Flop (didn't bet)
Seat 5: ffe2908d (button) folded on the Flop
Seat 6: Hero (small blind) folded before Flop


Poker Hand #HD1208362964: Hold'em No Limit  ($0.02/$0.05) - 2023/04/18 20:42:30
Table 'NLHBlue90' 6-max Seat #4 is the button
Seat 1: 5c1f48bb ($11.45 in chips)
Seat 2: 4aab56ed ($5.72 in chips)
Seat 3: 895f96a2 ($8.77 in chips)
Seat 4: 3dac667b ($5.14 in chips)
Seat 5: ffe2908d ($5.89 in chips)
Seat 6: Hero ($5.52 in chips)
ffe2908d: posts small blind $0.02
Hero: posts big blind $0.05
*** HOLE CARDS ***
Dealt to 5c1f48bb 
Dealt to 4aab56ed 
Dealt to 895f96a2 
Dealt to 3dac667b 
Dealt to ffe2908d 
Dealt to Hero [8c 8h]
5c1f48bb: folds
4aab56ed: folds
895f96a2: folds
3dac667b: raises $0.07 to $0.12
ffe2908d: folds
Hero: calls $0.07
*** FLOP *** [3s Kd 8d]
Hero: checks
3dac667b: bets $0.14
Hero: raises $0.28 to $0.42
3dac667b: calls $0.28
*** TURN *** [3s Kd 8d] [Tc]
Hero: bets $1
3dac667b: calls $1
*** RIVER *** [3s Kd 8d Tc] [4d]
Hero: checks
3dac667b: checks
Hero: shows [8c 8h] (Three Eights)
3dac667b: shows [Kh Ad] (Pair of Kings)
*** SHOWDOWN ***
Hero collected $2.9 from pot
*** SUMMARY ***
Total pot $3.1 | Rake $0.15 | Jackpot $0.05 | Bingo $0 | Fortune $0
Board [3s Kd 8d Tc 4d]
Seat 1: 5c1f48bb folded before Flop (didn't bet)
Seat 2: 4aab56ed folded before Flop (didn't bet)
Seat 3: 895f96a2 folded before Flop (didn't bet)
Seat 4: 3dac667b (button) showed [Kh Ad] and lost with Pair of Kings
Seat 5: ffe2908d (small blind) folded before Flop
Seat 6: Hero (big blind) showed [8c 8h] and won ($2.9) with Three Eights


Poker Hand #HD1208362879: Hold'em No Limit  ($0.02/$0.05) - 2023/04/18 20:41:41
Table 'NLHBlue90' 6-max Seat #3 is the button
Seat 1: 5c1f48bb ($11.45 in chips)
Seat 3: 895f96a2 ($8.48 in chips)
Seat 4: 3dac667b ($5.16 in chips)
Seat 5: ffe2908d ($5.94 in chips)
Seat 6: Hero ($5.76 in chips)
3dac667b: posts small blind $0.02
ffe2908d: posts big blind $0.05
*** HOLE CARDS ***
Dealt to 5c1f48bb 
Dealt to 895f96a2 
Dealt to 3dac667b 
Dealt to ffe2908d 
Dealt to Hero [6h 6d]
Hero: raises $0.07 to $0.12
5c1f48bb: folds
895f96a2: calls $0.12
3dac667b: folds
ffe2908d: folds
*** FLOP *** [Kc 5h 5c]
Hero: bets $0.12
895f96a2: raises $0.19 to $0.31
Hero: folds
Uncalled bet ($0.19) returned to 895f96a2
*** SHOWDOWN ***
895f96a2 collected $0.53 from pot
*** SUMMARY ***
Total pot $0.55 | Rake $0.02 | Jackpot $0 | Bingo $0 | Fortune $0
Board [Kc 5h 5c]
Seat 1: 5c1f48bb folded before Flop (didn't bet)
Seat 3: 895f96a2 (button) won ($0.53)
Seat 4: 3dac667b (small blind) folded before Flop
Seat 5: ffe2908d (big blind) folded before Flop
Seat 6: Hero folded on the Flop


Poker Hand #HD1208362843: Hold'em No Limit  ($0.02/$0.05) - 2023/04/18 20:41:15
Table 'NLHBlue90' 6-max Seat #1 is the button
Seat 1: 5c1f48bb ($11.38 in chips)
Seat 2: 4aab56ed ($5.74 in chips)
Seat 3: 895f96a2 ($8.53 in chips)
Seat 4: 3dac667b ($5.16 in chips)
Seat 5: ffe2908d ($5.94 in chips)
Seat 6: Hero ($5.76 in chips)
4aab56ed: posts small blind $0.02
895f96a2: posts big blind $0.05
*** HOLE CARDS ***
Dealt to 5c1f48bb 
Dealt to 4aab56ed 
Dealt to 895f96a2 
Dealt to 3dac667b 
Dealt to ffe2908d 
Dealt to Hero [Ts 4d]
3dac667b: folds
ffe2908d: folds
Hero: folds
5c1f48bb: raises $0.08 to $0.13
4aab56ed: folds
895f96a2: folds
Uncalled bet ($0.08) returned to 5c1f48bb
*** SHOWDOWN ***
5c1f48bb collected $0.12 from pot
*** SUMMARY ***
Total pot $0.12 | Rake $0 | Jackpot $0 | Bingo $0 | Fortune $0
Seat 1: 5c1f48bb (button) collected ($0.12)
Seat 2: 4aab56ed (small blind) folded before Flop
Seat 3: 895f96a2 (big blind) folded before Flop
Seat 4: 3dac667b folded before Flop (didn't bet)
Seat 5: ffe2908d folded before Flop (didn't bet)
Seat 6: Hero folded before Flop (didn't bet)


Poker Hand #HD1208362814: Hold'em No Limit  ($0.02/$0.05) - 2023/04/18 20:40:55
Table 'NLHBlue90' 6-max Seat #6 is the button
Seat 1: 5c1f48bb ($11.4 in chips)
Seat 2: 4aab56ed ($5.79 in chips)
Seat 3: 895f96a2 ($8.53 in chips)
Seat 4: 3dac667b ($5.16 in chips)
Seat 5: ffe2908d ($5.94 in chips)
Seat 6: Hero ($5.69 in chips)
5c1f48bb: posts small blind $0.02
4aab56ed: posts big blind $0.05
*** HOLE CARDS ***
Dealt to 5c1f48bb 
Dealt to 4aab56ed 
Dealt to 895f96a2 
Dealt to 3dac667b 
Dealt to ffe2908d 
Dealt to Hero [3c Ah]
895f96a2: folds
3dac667b: folds
ffe2908d: folds
Hero: raises $0.07 to $0.12
5c1f48bb: folds
4aab56ed: folds
Uncalled bet ($0.07) returned to Hero
*** SHOWDOWN ***
Hero collected $0.12 from pot
*** SUMMARY ***
Total pot $0.12 | Rake $0 | Jackpot $0 | Bingo $0 | Fortune $0
Seat 1: 5c1f48bb (small blind) folded before Flop
Seat 2: 4aab56ed (big blind) folded before Flop
Seat 3: 895f96a2 folded before Flop (didn't bet)
Seat 4: 3dac667b folded before Flop (didn't bet)
Seat 5: ffe2908d folded before Flop (didn't bet)
Seat 6: Hero (button) collected ($0.12)


Poker Hand #HD1208362795: Hold'em No Limit  ($0.02/$0.05) - 2023/04/18 20:40:42
Table 'NLHBlue90' 6-max Seat #5 is the button
Seat 1: 5c1f48bb ($11.45 in chips)
Seat 2: 4aab56ed ($5.79 in chips)
Seat 3: 895f96a2 ($8.53 in chips)
Seat 4: 3dac667b ($5.09 in chips)
Seat 5: ffe2908d ($5.94 in chips)
Seat 6: Hero ($5.71 in chips)
Hero: posts small blind $0.02
5c1f48bb: posts big blind $0.05
*** HOLE CARDS ***
Dealt to 5c1f48bb 
Dealt to 4aab56ed 
Dealt to 895f96a2 
Dealt to 3dac667b 
Dealt to ffe2908d 
Dealt to Hero [2d 9c]
4aab56ed: folds
895f96a2: folds
3dac667b: raises $0.07 to $0.12
ffe2908d: folds
Hero: folds
5c1f48bb: folds
Uncalled bet ($0.07) returned to 3dac667b
*** SHOWDOWN ***
3dac667b collected $0.12 from pot
*** SUMMARY ***
Total pot $0.12 | Rake $0 | Jackpot $0 | Bingo $0 | Fortune $0
Seat 1: 5c1f48bb (big blind) folded before Flop
Seat 2: 4aab56ed folded before Flop (didn't bet)
Seat 3: 895f96a2 folded before Flop (didn't bet)
Seat 4: 3dac667b collected ($0.12)
Seat 5: ffe2908d (button) folded before Flop (didn't bet)
Seat 6: Hero (small blind) folded before Flop


Poker Hand #HD1208362734: Hold'em No Limit  ($0.02/$0.05) - 2023/04/18 20:40:10
Table 'NLHBlue90' 6-max Seat #4 is the button
Seat 1: 5c1f48bb ($11.45 in chips)
Seat 2: 4aab56ed ($5.79 in chips)
Seat 3: 895f96a2 ($8.53 in chips)
Seat 4: 3dac667b ($5.02 in chips)
Seat 5: ffe2908d ($5.96 in chips)
Seat 6: Hero ($5.76 in chips)
ffe2908d: posts small blind $0.02
Hero: posts big blind $0.05
*** HOLE CARDS ***
Dealt to 5c1f48bb 
Dealt to 4aab56ed 
Dealt to 895f96a2 
Dealt to 3dac667b 
Dealt to ffe2908d 
Dealt to Hero [2d Ks]
5c1f48bb: folds
4aab56ed: folds
895f96a2: folds
3dac667b: raises $0.07 to $0.12
ffe2908d: folds
Hero: folds
Uncalled bet ($0.07) returned to 3dac667b
*** SHOWDOWN ***
3dac667b collected $0.12 from pot
*** SUMMARY ***
Total pot $0.12 | Rake $0 | Jackpot $0 | Bingo $0 | Fortune $0
Seat 1: 5c1f48bb folded before Flop (didn't bet)
Seat 2: 4aab56ed folded before Flop (didn't bet)
Seat 3: 895f96a2 folded before Flop (didn't bet)
Seat 4: 3dac667b (button) collected ($0.12)
Seat 5: ffe2908d (small blind) folded before Flop
Seat 6: Hero (big blind) folded before Flop


Poker Hand #HD1208362613: Hold'em No Limit  ($0.02/$0.05) - 2023/04/18 20:38:57
Table 'NLHBlue90' 6-max Seat #3 is the button
Seat 1: 5c1f48bb ($11.68 in chips)
Seat 2: 4aab56ed ($5.79 in chips)
Seat 3: 895f96a2 ($8.53 in chips)
Seat 4: 3dac667b ($5.04 in chips)
Seat 5: ffe2908d ($5.73 in chips)
Seat 6: Hero ($5.76 in chips)
3dac667b: posts small blind $0.02
ffe2908d: posts big blind $0.05
*** HOLE CARDS ***
Dealt to 5c1f48bb 
Dealt to 4aab56ed 
Dealt to 895f96a2 
Dealt to 3dac667b 
Dealt to ffe2908d 
Dealt to Hero [5s Js]
Hero: folds
5c1f48bb: raises $0.08 to $0.13
4aab56ed: folds
895f96a2: folds
3dac667b: folds
ffe2908d: calls $0.08
*** FLOP *** [7s 2h 7c]
ffe2908d: checks
5c1f48bb: bets $0.1
ffe2908d: calls $0.1
*** TURN *** [7s 2h 7c] [9d]
ffe2908d: checks
5c1f48bb: checks
*** RIVER *** [7s 2h 7c 9d] [Tc]
ffe2908d: checks
5c1f48bb: checks
ffe2908d: shows [Ad Jd] (Pair of Sevens)
5c1f48bb: shows [4c Ac] (Pair of Sevens)
*** SHOWDOWN ***
ffe2908d collected $0.46 from pot
*** SUMMARY ***
Total pot $0.48 | Rake $0.02 | Jackpot $0 | Bingo $0 | Fortune $0
Board [7s 2h 7c 9d Tc]
Seat 1: 5c1f48bb showed [4c Ac] and lost with Pair of Sevens
Seat 2: 4aab56ed folded before Flop (didn't bet)
Seat 3: 895f96a2 (button) folded before Flop (didn't bet)
Seat 4: 3dac667b (small blind) folded before Flop
Seat 5: ffe2908d (big blind) showed [Ad Jd] and won ($0.46) with Pair of Sevens
Seat 6: Hero folded before Flop (didn't bet)


Poker Hand #HD1208362598: Hold'em No Limit  ($0.02/$0.05) - 2023/04/18 20:38:45
Table 'NLHBlue90' 6-max Seat #2 is the button
Seat 1: 5c1f48bb ($11.68 in chips)
Seat 2: 4aab56ed ($5.79 in chips)
Seat 3: 895f96a2 ($8.55 in chips)
Seat 4: 3dac667b ($5.02 in chips)
Seat 5: ffe2908d ($5.73 in chips)
Seat 6: Hero ($5.76 in chips)
895f96a2: posts small blind $0.02
3dac667b: posts big blind $0.05
*** HOLE CARDS ***
Dealt to 5c1f48bb 
Dealt to 4aab56ed 
Dealt to 895f96a2 
Dealt to 3dac667b 
Dealt to ffe2908d 
Dealt to Hero [5s 8h]
ffe2908d: folds
Hero: folds
5c1f48bb: folds
4aab56ed: folds
895f96a2: folds
Uncalled bet ($0.03) returned to 3dac667b
*** SHOWDOWN ***
3dac667b collected $0.04 from pot
*** SUMMARY ***
Total pot $0.04 | Rake $0 | Jackpot $0 | Bingo $0 | Fortune $0
Seat 1: 5c1f48bb folded before Flop (didn't bet)
Seat 2: 4aab56ed (button) folded before Flop (didn't bet)
Seat 3: 895f96a2 (small blind) folded before Flop
Seat 4: 3dac667b (big blind) collected ($0.04)
Seat 5: ffe2908d folded before Flop (didn't bet)
Seat 6: Hero folded before Flop (didn't bet)


Poker Hand #HD1208362470: Hold'em No Limit  ($0.02/$0.05) - 2023/04/18 20:37:32
Table 'NLHBlue90' 6-max Seat #1 is the button
Seat 1: 5c1f48bb ($9.59 in chips)
Seat 2: 4aab56ed ($5.81 in chips)
Seat 3: 895f96a2 ($10.9 in chips)
Seat 4: 3dac667b ($5.02 in chips)
Seat 5: ffe2908d ($5.73 in chips)
Seat 6: Hero ($5.76 in chips)
4aab56ed: posts small blind $0.02
895f96a2: posts big blind $0.05
*** HOLE CARDS ***
Dealt to 5c1f48bb 
Dealt to 4aab56ed 
Dealt to 895f96a2 
Dealt to 3dac667b 
Dealt to ffe2908d 
Dealt to Hero [Js 7h]
3dac667b: folds
ffe2908d: folds
Hero: folds
5c1f48bb: raises $0.08 to $0.13
4aab56ed: folds
895f96a2: calls $0.08
*** FLOP *** [7d Jc 5c]
895f96a2: checks
5c1f48bb: bets $0.14
895f96a2: calls $0.14
*** TURN *** [7d Jc 5c] [8s]
895f96a2: checks
5c1f48bb: bets $0.28
895f96a2: calls $0.28
*** RIVER *** [7d Jc 5c 8s] [Th]
895f96a2: bets $1.8
5c1f48bb: calls $1.8
895f96a2: shows [4h 4s] (Pair of Fours)
5c1f48bb: shows [Jd Kd] (Pair of Jacks)
*** SHOWDOWN ***
5c1f48bb collected $4.44 from pot
*** SUMMARY ***
Total pot $4.72 | Rake $0.23 | Jackpot $0.05 | Bingo $0 | Fortune $0
Board [7d Jc 5c 8s Th]
Seat 1: 5c1f48bb (button) showed [Jd Kd] and won ($4.44) with Pair of Jacks
Seat 2: 4aab56ed (small blind) folded before Flop
Seat 3: 895f96a2 (big blind) showed [4h 4s] and lost with Pair of Fours
Seat 4: 3dac667b folded before Flop (didn't bet)
Seat 5: ffe2908d folded before Flop (didn't bet)
Seat 6: Hero folded before Flop (didn't bet)


Poker Hand #HD1208362418: Hold'em No Limit  ($0.02/$0.05) - 2023/04/18 20:36:59
Table 'NLHBlue90' 6-max Seat #6 is the button
Seat 1: 5c1f48bb ($9.61 in chips)
Seat 2: 4aab56ed ($5.86 in chips)
Seat 3: 895f96a2 ($10.9 in chips)
Seat 4: 3dac667b ($5.02 in chips)
Seat 5: ffe2908d ($5.73 in chips)
Seat 6: Hero ($5.69 in chips)
5c1f48bb: posts small blind $0.02
4aab56ed: posts big blind $0.05
*** HOLE CARDS ***
Dealt to 5c1f48bb 
Dealt to 4aab56ed 
Dealt to 895f96a2 
Dealt to 3dac667b 
Dealt to ffe2908d 
Dealt to Hero [Ts 7s]
895f96a2: folds
3dac667b: folds
ffe2908d: folds
Hero: raises $0.07 to $0.12
5c1f48bb: folds
4aab56ed: folds
Uncalled bet ($0.07) returned to Hero
*** SHOWDOWN ***
Hero collected $0.12 from pot
*** SUMMARY ***
Total pot $0.12 | Rake $0 | Jackpot $0 | Bingo $0 | Fortune $0
Seat 1: 5c1f48bb (small blind) folded before Flop
Seat 2: 4aab56ed (big blind) folded before Flop
Seat 3: 895f96a2 folded before Flop (didn't bet)
Seat 4: 3dac667b folded before Flop (didn't bet)
Seat 5: ffe2908d folded before Flop (didn't bet)
Seat 6: Hero (button) collected ($0.12)


Poker Hand #HD1208362362: Hold'em No Limit  ($0.02/$0.05) - 2023/04/18 20:36:27
Table 'NLHBlue90' 6-max Seat #5 is the button
Seat 1: 5c1f48bb ($9.66 in chips)
Seat 2: 4aab56ed ($5.86 in chips)
Seat 3: 895f96a2 ($10.9 in chips)
Seat 4: 3dac667b ($5.02 in chips)
Seat 5: ffe2908d ($5.73 in chips)
Seat 6: Hero ($5.64 in chips)
Hero: posts small blind $0.02
5c1f48bb: posts big blind $0.05
*** HOLE CARDS ***
Dealt to 5c1f48bb 
Dealt to 4aab56ed 
Dealt to 895f96a2 
Dealt to 3dac667b 
Dealt to ffe2908d 
Dealt to Hero [7c Jc]
4aab56ed: folds
895f96a2: folds
3dac667b: folds
ffe2908d: folds
Hero: raises $0.09 to $0.14
5c1f48bb: folds
Uncalled bet ($0.09) returned to Hero
*** SHOWDOWN ***
Hero collected $0.1 from pot
*** SUMMARY ***
Total pot $0.1 | Rake $0 | Jackpot $0 | Bingo $0 | Fortune $0
Seat 1: 5c1f48bb (big blind) folded before Flop
Seat 2: 4aab56ed folded before Flop (didn't bet)
Seat 3: 895f96a2 folded before Flop (didn't bet)
Seat 4: 3dac667b folded before Flop (didn't bet)
Seat 5: ffe2908d (button) folded before Flop (didn't bet)
Seat 6: Hero (small blind) collected ($0.1)


Poker Hand #HD1208362332: Hold'em No Limit  ($0.02/$0.05) - 2023/04/18 20:36:11
Table 'NLHBlue90' 6-max Seat #4 is the button
Seat 1: 5c1f48bb ($9.66 in chips)
Seat 2: 4aab56ed ($5.79 in chips)
Seat 3: 895f96a2 ($10.9 in chips)
Seat 4: 3dac667b ($5.02 in chips)
Seat 5: ffe2908d ($5.75 in chips)
Seat 6: Hero ($5.69 in chips)
ffe2908d: posts small blind $0.02
Hero: posts big blind $0.05
*** HOLE CARDS ***
Dealt to 5c1f48bb 
Dealt to 4aab56ed 
Dealt to 895f96a2 
Dealt to 3dac667b 
Dealt to ffe2908d 
Dealt to Hero [9d 2d]
5c1f48bb: folds
4aab56ed: raises $0.08 to $0.13
895f96a2: folds
3dac667b: folds
ffe2908d: folds
Hero: folds
Uncalled bet ($0.08) returned to 4aab56ed
*** SHOWDOWN ***
4aab56ed collected $0.12 from pot
*** SUMMARY ***
Total pot $0.12 | Rake $0 | Jackpot $0 | Bingo $0 | Fortune $0
Seat 1: 5c1f48bb folded before Flop (didn't bet)
Seat 2: 4aab56ed collected ($0.12)
Seat 3: 895f96a2 folded before Flop (didn't bet)
Seat 4: 3dac667b (button) folded before Flop (didn't bet)
Seat 5: ffe2908d (small blind) folded before Flop
Seat 6: Hero (big blind) folded before Flop


Poker Hand #HD1208362285: Hold'em No Limit  ($0.02/$0.05) - 2023/04/18 20:35:39
Table 'NLHBlue90' 6-max Seat #3 is the button
Seat 1: 5c1f48bb ($9.66 in chips)
Seat 2: 4aab56ed ($5.79 in chips)
Seat 3: 895f96a2 ($11.02 in chips)
Seat 4: 3dac667b ($5.14 in chips)
Seat 5: ffe2908d ($5.8 in chips)
Seat 6: Hero ($5.42 in chips)
3dac667b: posts small blind $0.02
ffe2908d: posts big blind $0.05
*** HOLE CARDS ***
Dealt to 5c1f48bb 
Dealt to 4aab56ed 
Dealt to 895f96a2 
Dealt to 3dac667b 
Dealt to ffe2908d 
Dealt to Hero [Qh Ah]
Hero: raises $0.07 to $0.12
5c1f48bb: folds
4aab56ed: folds
895f96a2: calls $0.12
3dac667b: calls $0.1
ffe2908d: folds
*** FLOP *** [3c Ac 7s]
3dac667b: checks
Hero: bets $0.21
895f96a2: folds
3dac667b: folds
Uncalled bet ($0.21) returned to Hero
*** SHOWDOWN ***
Hero collected $0.39 from pot
*** SUMMARY ***
Total pot $0.41 | Rake $0.02 | Jackpot $0 | Bingo $0 | Fortune $0
Board [3c Ac 7s]
Seat 1: 5c1f48bb folded before Flop (didn't bet)
Seat 2: 4aab56ed folded before Flop (didn't bet)
Seat 3: 895f96a2 (button) folded on the Flop
Seat 4: 3dac667b (small blind) folded on the Flop
Seat 5: ffe2908d (big blind) folded before Flop
Seat 6: Hero won ($0.39)


Poker Hand #HD1208362188: Hold'em No Limit  ($0.02/$0.05) - 2023/04/18 20:34:37
Table 'NLHBlue90' 6-max Seat #2 is the button
Seat 1: 5c1f48bb ($9.66 in chips)
Seat 2: 4aab56ed ($5.79 in chips)
Seat 3: 895f96a2 ($10.97 in chips)
Seat 4: 3dac667b ($5.19 in chips)
Seat 5: ffe2908d ($5.8 in chips)
Seat 6: Hero ($5.42 in chips)
895f96a2: posts small blind $0.02
3dac667b: posts big blind $0.05
*** HOLE CARDS ***
Dealt to 5c1f48bb 
Dealt to 4aab56ed 
Dealt to 895f96a2 
Dealt to 3dac667b 
Dealt to ffe2908d 
Dealt to Hero [Tc 9s]
ffe2908d: folds
Hero: folds
5c1f48bb: folds
4aab56ed: folds
895f96a2: calls $0.03
3dac667b: checks
*** FLOP *** [3c Qd Ts]
895f96a2: checks
3dac667b: checks
*** TURN *** [3c Qd Ts] [Ad]
895f96a2: checks
3dac667b: checks
*** RIVER *** [3c Qd Ts Ad] [2d]
895f96a2: checks
3dac667b: checks
895f96a2: shows [4d 4h] (Pair of Fours)
3dac667b: shows [3d 4c] (Pair of Treys)
*** SHOWDOWN ***
895f96a2 collected $0.1 from pot
*** SUMMARY ***
Total pot $0.1 | Rake $0 | Jackpot $0 | Bingo $0 | Fortune $0
Board [3c Qd Ts Ad 2d]
Seat 1: 5c1f48bb folded before Flop (didn't bet)
Seat 2: 4aab56ed (button) folded before Flop (didn't bet)
Seat 3: 895f96a2 (small blind) showed [4d 4h] and won ($0.1) with Pair of Fours
Seat 4: 3dac667b (big blind) showed [3d 4c] and lost with Pair of Treys
Seat 5: ffe2908d folded before Flop (didn't bet)
Seat 6: Hero folded before Flop (didn't bet)


Poker Hand #HD1208362174: Hold'em No Limit  ($0.02/$0.05) - 2023/04/18 20:34:25
Table 'NLHBlue90' 6-max Seat #1 is the button
Seat 1: 5c1f48bb ($9.59 in chips)
Seat 2: 4aab56ed ($5.81 in chips)
Seat 3: 895f96a2 ($11.02 in chips)
Seat 4: 3dac667b ($5.19 in chips)
Seat 5: ffe2908d ($5.8 in chips)
Seat 6: Hero ($5.42 in chips)
4aab56ed: posts small blind $0.02
895f96a2: posts big blind $0.05
*** HOLE CARDS ***
Dealt to 5c1f48bb 
Dealt to 4aab56ed 
Dealt to 895f96a2 
Dealt to 3dac667b 
Dealt to ffe2908d 
Dealt to Hero [5h Qs]
3dac667b: folds
ffe2908d: folds
Hero: folds
5c1f48bb: raises $0.08 to $0.13
4aab56ed: folds
895f96a2: folds
Uncalled bet ($0.08) returned to 5c1f48bb
*** SHOWDOWN ***
5c1f48bb collected $0.12 from pot
*** SUMMARY ***
Total pot $0.12 | Rake $0 | Jackpot $0 | Bingo $0 | Fortune $0
Seat 1: 5c1f48bb (button) collected ($0.12)
Seat 2: 4aab56ed (small blind) folded before Flop
Seat 3: 895f96a2 (big blind) folded before Flop
Seat 4: 3dac667b folded before Flop (didn't bet)
Seat 5: ffe2908d folded before Flop (didn't bet)
Seat 6: Hero folded before Flop (didn't bet)


Poker Hand #HD1208362085: Hold'em No Limit  ($0.02/$0.05) - 2023/04/18 20:33:27
Table 'NLHBlue90' 6-max Seat #6 is the button
Seat 1: 5c1f48bb ($9.61 in chips)
Seat 2: 4aab56ed ($6.13 in chips)
Seat 3: 895f96a2 ($10.71 in chips)
Seat 4: 3dac667b ($5.19 in chips)
Seat 5: ffe2908d ($5.8 in chips)
Seat 6: Hero ($5.42 in chips)
5c1f48bb: posts small blind $0.02
4aab56ed: posts big blind $0.05
*** HOLE CARDS ***
Dealt to 5c1f48bb 
Dealt to 4aab56ed 
Dealt to 895f96a2 
Dealt to 3dac667b 
Dealt to ffe2908d 
Dealt to Hero [6s Tc]
895f96a2: raises $0.08 to $0.13
3dac667b: folds
ffe2908d: folds
Hero: folds
5c1f48bb: folds
4aab56ed: calls $0.08
*** FLOP *** [4d 9s 9c]
4aab56ed: checks
895f96a2: bets $0.19
4aab56ed: calls $0.19
*** TURN *** [4d 9s 9c] [7h]
4aab56ed: checks
895f96a2: bets $0.7
4aab56ed: folds
Uncalled bet ($0.7) returned to 895f96a2
*** SHOWDOWN ***
895f96a2 collected $0.63 from pot
*** SUMMARY ***
Total pot $0.66 | Rake $0.03 | Jackpot $0 | Bingo $0 | Fortune $0
Board [4d 9s 9c 7h]
Seat 1: 5c1f48bb (small blind) folded before Flop
Seat 2: 4aab56ed (big blind) folded on the Turn
Seat 3: 895f96a2 won ($0.63)
Seat 4: 3dac667b folded before Flop (didn't bet)
Seat 5: ffe2908d folded before Flop (didn't bet)
Seat 6: Hero (button) folded before Flop (didn't bet)


Poker Hand #HD1208362064: Hold'em No Limit  ($0.02/$0.05) - 2023/04/18 20:33:17
Table 'NLHBlue90' 6-max Seat #5 is the button
Seat 1: 5c1f48bb ($9.59 in chips)
Seat 2: 4aab56ed ($6.13 in chips)
Seat 3: 895f96a2 ($10.71 in chips)
Seat 4: 3dac667b ($5.19 in chips)
Seat 5: ffe2908d ($5.8 in chips)
Seat 6: Hero ($5.44 in chips)
Hero: posts small blind $0.02
5c1f48bb: posts big blind $0.05
*** HOLE CARDS ***
Dealt to 5c1f48bb 
Dealt to 4aab56ed 
Dealt to 895f96a2 
Dealt to 3dac667b 
Dealt to ffe2908d 
Dealt to Hero [4h Td]
4aab56ed: folds
895f96a2: folds
3dac667b: folds
ffe2908d: folds
Hero: folds
Uncalled bet ($0.03) returned to 5c1f48bb
*** SHOWDOWN ***
5c1f48bb collected $0.04 from pot
*** SUMMARY ***
Total pot $0.04 | Rake $0 | Jackpot $0 | Bingo $0 | Fortune $0
Seat 1: 5c1f48bb (big blind) collected ($0.04)
Seat 2: 4aab56ed folded before Flop (didn't bet)
Seat 3: 895f96a2 folded before Flop (didn't bet)
Seat 4: 3dac667b folded before Flop (didn't bet)
Seat 5: ffe2908d (button) folded before Flop (didn't bet)
Seat 6: Hero (small blind) folded before Flop


Poker Hand #HD1208361966: Hold'em No Limit  ($0.02/$0.05) - 2023/04/18 20:32:18
Table 'NLHBlue90' 6-max Seat #4 is the button
Seat 1: 5c1f48bb ($9.59 in chips)
Seat 2: 4aab56ed ($6.13 in chips)
Seat 3: 895f96a2 ($10.48 in chips)
Seat 4: 3dac667b ($5.19 in chips)
Seat 5: ffe2908d ($5.82 in chips)
Seat 6: Hero ($5.67 in chips)
ffe2908d: posts small blind $0.02
Hero: posts big blind $0.05
*** HOLE CARDS ***
Dealt to 5c1f48bb 
Dealt to 4aab56ed 
Dealt to 895f96a2 
Dealt to 3dac667b 
Dealt to ffe2908d 
Dealt to Hero [Qd 2d]
5c1f48bb: folds
4aab56ed: folds
895f96a2: raises $0.08 to $0.13
3dac667b: folds
ffe2908d: folds
Hero: calls $0.08
*** FLOP *** [8c Kd Qc]
Hero: checks
895f96a2: bets $0.1
Hero: calls $0.1
*** TURN *** [8c Kd Qc] [3c]
Hero: checks
895f96a2: checks
*** RIVER *** [8c Kd Qc 3c] [Jc]
Hero: checks
895f96a2: bets $0.48
Hero: folds
Uncalled bet ($0.48) returned to 895f96a2
*** SHOWDOWN ***
895f96a2 collected $0.46 from pot
*** SUMMARY ***
Total pot $0.48 | Rake $0.02 | Jackpot $0 | Bingo $0 | Fortune $0
Board [8c Kd Qc 3c Jc]
Seat 1: 5c1f48bb folded before Flop (didn't bet)
Seat 2: 4aab56ed folded before Flop (didn't bet)
Seat 3: 895f96a2 won ($0.46)
Seat 4: 3dac667b (button) folded before Flop (didn't bet)
Seat 5: ffe2908d (small blind) folded before Flop
Seat 6: Hero (big blind) folded on the River


Poker Hand #HD1208361918: Hold'em No Limit  ($0.02/$0.05) - 2023/04/18 20:31:52
Table 'NLHBlue90' 6-max Seat #3 is the button
Seat 1: 5c1f48bb ($9.52 in chips)
Seat 2: 4aab56ed ($6.13 in chips)
Seat 3: 895f96a2 ($10.48 in chips)
Seat 4: 3dac667b ($5.21 in chips)
Seat 5: ffe2908d ($5.87 in chips)
Seat 6: Hero ($5.67 in chips)
3dac667b: posts small blind $0.02
ffe2908d: posts big blind $0.05
*** HOLE CARDS ***
Dealt to 5c1f48bb 
Dealt to 4aab56ed 
Dealt to 895f96a2 
Dealt to 3dac667b 
Dealt to ffe2908d 
Dealt to Hero [Jd 8s]
Hero: folds
5c1f48bb: raises $0.08 to $0.13
4aab56ed: folds
895f96a2: folds
3dac667b: folds
ffe2908d: folds
Uncalled bet ($0.08) returned to 5c1f48bb
*** SHOWDOWN ***
5c1f48bb collected $0.12 from pot
*** SUMMARY ***
Total pot $0.12 | Rake $0 | Jackpot $0 | Bingo $0 | Fortune $0
Seat 1: 5c1f48bb collected ($0.12)
Seat 2: 4aab56ed folded before Flop (didn't bet)
Seat 3: 895f96a2 (button) folded before Flop (didn't bet)
Seat 4: 3dac667b (small blind) folded before Flop
Seat 5: ffe2908d (big blind) folded before Flop
Seat 6: Hero folded before Flop (didn't bet)


Poker Hand #HD1208361901: Hold'em No Limit  ($0.02/$0.05) - 2023/04/18 20:31:38
Table 'NLHBlue90' 6-max Seat #2 is the button
Seat 1: 5c1f48bb ($9.52 in chips)
Seat 2: 4aab56ed ($6.06 in chips)
Seat 3: 895f96a2 ($10.5 in chips)
Seat 4: 3dac667b ($5.26 in chips)
Seat 5: ffe2908d ($5.87 in chips)
Seat 6: Hero ($5.67 in chips)
895f96a2: posts small blind $0.02
3dac667b: posts big blind $0.05
*** HOLE CARDS ***
Dealt to 5c1f48bb 
Dealt to 4aab56ed 
Dealt to 895f96a2 
Dealt to 3dac667b 
Dealt to ffe2908d 
Dealt to Hero [7h 3s]
ffe2908d: folds
Hero: folds
5c1f48bb: folds
4aab56ed: raises $0.08 to $0.13
895f96a2: folds
3dac667b: folds
Uncalled bet ($0.08) returned to 4aab56ed
*** SHOWDOWN ***
4aab56ed collected $0.12 from pot
*** SUMMARY ***
Total pot $0.12 | Rake $0 | Jackpot $0 | Bingo $0 | Fortune $0
Seat 1: 5c1f48bb folded before Flop (didn't bet)
Seat 2: 4aab56ed (button) collected ($0.12)
Seat 3: 895f96a2 (small blind) folded before Flop
Seat 4: 3dac667b (big blind) folded before Flop
Seat 5: ffe2908d folded before Flop (didn't bet)
Seat 6: Hero folded before Flop (didn't bet)


Poker Hand #HD1208361883: Hold'em No Limit  ($0.02/$0.05) - 2023/04/18 20:31:29
Table 'NLHBlue90' 6-max Seat #1 is the button
Seat 1: 5c1f48bb ($9.45 in chips)
Seat 2: 4aab56ed ($6.08 in chips)
Seat 3: 895f96a2 ($10.55 in chips)
Seat 4: 3dac667b ($5.26 in chips)
Seat 5: ffe2908d ($5.87 in chips)
Seat 6: Hero ($5.67 in chips)
4aab56ed: posts small blind $0.02
895f96a2: posts big blind $0.05
*** HOLE CARDS ***
Dealt to 5c1f48bb 
Dealt to 4aab56ed 
Dealt to 895f96a2 
Dealt to 3dac667b 
Dealt to ffe2908d 
Dealt to Hero [6h 3s]
3dac667b: folds
ffe2908d: folds
Hero: folds
5c1f48bb: raises $0.08 to $0.13
4aab56ed: folds
895f96a2: folds
Uncalled bet ($0.08) returned to 5c1f48bb
*** SHOWDOWN ***
5c1f48bb collected $0.12 from pot
*** SUMMARY ***
Total pot $0.12 | Rake $0 | Jackpot $0 | Bingo $0 | Fortune $0
Seat 1: 5c1f48bb (button) collected ($0.12)
Seat 2: 4aab56ed (small blind) folded before Flop
Seat 3: 895f96a2 (big blind) folded before Flop
Seat 4: 3dac667b folded before Flop (didn't bet)
Seat 5: ffe2908d folded before Flop (didn't bet)
Seat 6: Hero folded before Flop (didn't bet)


Poker Hand #HD1208361854: Hold'em No Limit  ($0.02/$0.05) - 2023/04/18 20:31:06
Table 'NLHBlue90' 6-max Seat #6 is the button
Seat 1: 5c1f48bb ($9.47 in chips)
Seat 2: 4aab56ed ($6.13 in chips)
Seat 3: 895f96a2 ($10.55 in chips)
Seat 4: 3dac667b ($5.19 in chips)
Seat 5: ffe2908d ($5.87 in chips)
Seat 6: Hero ($5.67 in chips)
5c1f48bb: posts small blind $0.02
4aab56ed: posts big blind $0.05
*** HOLE CARDS ***
Dealt to 5c1f48bb 
Dealt to 4aab56ed 
Dealt to 895f96a2 
Dealt to 3dac667b 
Dealt to ffe2908d 
Dealt to Hero [6h Jd]
895f96a2: folds
3dac667b: raises $0.07 to $0.12
ffe2908d: folds
Hero: folds
5c1f48bb: folds
4aab56ed: folds
Uncalled bet ($0.07) returned to 3dac667b
*** SHOWDOWN ***
3dac667b collected $0.12 from pot
*** SUMMARY ***
Total pot $0.12 | Rake $0 | Jackpot $0 | Bingo $0 | Fortune $0
Seat 1: 5c1f48bb (small blind) folded before Flop
Seat 2: 4aab56ed (big blind) folded before Flop
Seat 3: 895f96a2 folded before Flop (didn't bet)
Seat 4: 3dac667b collected ($0.12)
Seat 5: ffe2908d folded before Flop (didn't bet)
Seat 6: Hero (button) folded before Flop (didn't bet)


Poker Hand #HD1208361814: Hold'em No Limit  ($0.02/$0.05) - 2023/04/18 20:30:38
Table 'NLHBlue90' 6-max Seat #5 is the button
Seat 1: 5c1f48bb ($9.52 in chips)
Seat 2: 4aab56ed ($6.13 in chips)
Seat 3: 895f96a2 ($10.48 in chips)
Seat 4: 3dac667b ($5.19 in chips)
Seat 5: ffe2908d ($5.87 in chips)
Seat 6: Hero ($5.69 in chips)
Hero: posts small blind $0.02
5c1f48bb: posts big blind $0.05
*** HOLE CARDS ***
Dealt to 5c1f48bb 
Dealt to 4aab56ed 
Dealt to 895f96a2 
Dealt to 3dac667b 
Dealt to ffe2908d 
Dealt to Hero [Kd 3s]
4aab56ed: folds
895f96a2: raises $0.08 to $0.13
3dac667b: folds
ffe2908d: folds
Hero: folds
5c1f48bb: folds
Uncalled bet ($0.08) returned to 895f96a2
*** SHOWDOWN ***
895f96a2 collected $0.12 from pot
*** SUMMARY ***
Total pot $0.12 | Rake $0 | Jackpot $0 | Bingo $0 | Fortune $0
Seat 1: 5c1f48bb (big blind) folded before Flop
Seat 2: 4aab56ed folded before Flop (didn't bet)
Seat 3: 895f96a2 collected ($0.12)
Seat 4: 3dac667b folded before Flop (didn't bet)
Seat 5: ffe2908d (button) folded before Flop (didn't bet)
Seat 6: Hero (small blind) folded before Flop


Poker Hand #HD1208361798: Hold'em No Limit  ($0.02/$0.05) - 2023/04/18 20:30:26
Table 'NLHBlue90' 6-max Seat #4 is the button
Seat 1: 5c1f48bb ($9.52 in chips)
Seat 2: 4aab56ed ($6.13 in chips)
Seat 3: 895f96a2 ($10.48 in chips)
Seat 4: 3dac667b ($5.19 in chips)
Seat 5: ffe2908d ($5.89 in chips)
Seat 6: Hero ($5.67 in chips)
ffe2908d: posts small blind $0.02
Hero: posts big blind $0.05
*** HOLE CARDS ***
Dealt to 5c1f48bb 
Dealt to 4aab56ed 
Dealt to 895f96a2 
Dealt to 3dac667b 
Dealt to ffe2908d 
Dealt to Hero [5s 6h]
5c1f48bb: folds
4aab56ed: folds
895f96a2: folds
3dac667b: folds
ffe2908d: folds
Uncalled bet ($0.03) returned to Hero
*** SHOWDOWN ***
Hero collected $0.04 from pot
*** SUMMARY ***
Total pot $0.04 | Rake $0 | Jackpot $0 | Bingo $0 | Fortune $0
Seat 1: 5c1f48bb folded before Flop (didn't bet)
Seat 2: 4aab56ed folded before Flop (didn't bet)
Seat 3: 895f96a2 folded before Flop (didn't bet)
Seat 4: 3dac667b (button) folded before Flop (didn't bet)
Seat 5: ffe2908d (small blind) folded before Flop
Seat 6: Hero (big blind) collected ($0.04)


Poker Hand #HD1208361756: Hold'em No Limit  ($0.02/$0.05) - 2023/04/18 20:30:00
Table 'NLHBlue90' 6-max Seat #3 is the button
Seat 1: 5c1f48bb ($9.52 in chips)
Seat 2: 4aab56ed ($6.13 in chips)
Seat 3: 895f96a2 ($10.48 in chips)
Seat 4: 3dac667b ($5.21 in chips)
Seat 5: ffe2908d ($5.87 in chips)
Seat 6: Hero ($5.67 in chips)
3dac667b: posts small blind $0.02
ffe2908d: posts big blind $0.05
*** HOLE CARDS ***
Dealt to 5c1f48bb 
Dealt to 4aab56ed 
Dealt to 895f96a2 
Dealt to 3dac667b 
Dealt to ffe2908d 
Dealt to Hero [4s 9d]
Hero: folds
5c1f48bb: folds
4aab56ed: folds
895f96a2: folds
3dac667b: folds
Uncalled bet ($0.03) returned to ffe2908d
*** SHOWDOWN ***
ffe2908d collected $0.04 from pot
*** SUMMARY ***
Total pot $0.04 | Rake $0 | Jackpot $0 | Bingo $0 | Fortune $0
Seat 1: 5c1f48bb folded before Flop (didn't bet)
Seat 2: 4aab56ed folded before Flop (didn't bet)
Seat 3: 895f96a2 (button) folded before Flop (didn't bet)
Seat 4: 3dac667b (small blind) folded before Flop
Seat 5: ffe2908d (big blind) collected ($0.04)
Seat 6: Hero folded before Flop (didn't bet)


Poker Hand #HD1208361691: Hold'em No Limit  ($0.02/$0.05) - 2023/04/18 20:29:21
Table 'NLHBlue90' 6-max Seat #2 is the button
Seat 1: 5c1f48bb ($9.65 in chips)
Seat 2: 4aab56ed ($6.13 in chips)
Seat 3: 895f96a2 ($10.5 in chips)
Seat 4: 3dac667b ($5.07 in chips)
Seat 5: ffe2908d ($5.87 in chips)
Seat 6: Hero ($5.67 in chips)
895f96a2: posts small blind $0.02
3dac667b: posts big blind $0.05
*** HOLE CARDS ***
Dealt to 5c1f48bb 
Dealt to 4aab56ed 
Dealt to 895f96a2 
Dealt to 3dac667b 
Dealt to ffe2908d 
Dealt to Hero [2s 4c]
ffe2908d: folds
Hero: folds
5c1f48bb: raises $0.08 to $0.13
4aab56ed: folds
895f96a2: folds
3dac667b: raises $0.35 to $0.48
5c1f48bb: folds
Uncalled bet ($0.35) returned to 3dac667b
*** SHOWDOWN ***
3dac667b collected $0.27 from pot
*** SUMMARY ***
Total pot $0.28 | Rake $0.01 | Jackpot $0 | Bingo $0 | Fortune $0
Seat 1: 5c1f48bb folded before Flop
Seat 2: 4aab56ed (button) folded before Flop (didn't bet)
Seat 3: 895f96a2 (small blind) folded before Flop
Seat 4: 3dac667b (big blind) collected ($0.27)
Seat 5: ffe2908d folded before Flop (didn't bet)
Seat 6: Hero folded before Flop (didn't bet)


Poker Hand #HD1208361651: Hold'em No Limit  ($0.02/$0.05) - 2023/04/18 20:28:56
Table 'NLHBlue90' 6-max Seat #1 is the button
Seat 1: 5c1f48bb ($9.65 in chips)
Seat 2: 4aab56ed ($6.15 in chips)
Seat 3: 895f96a2 ($10.55 in chips)
Seat 4: 3dac667b ($5 in chips)
Seat 5: ffe2908d ($5.87 in chips)
Seat 6: Hero ($5.67 in chips)
4aab56ed: posts small blind $0.02
895f96a2: posts big blind $0.05
*** HOLE CARDS ***
Dealt to 5c1f48bb 
Dealt to 4aab56ed 
Dealt to 895f96a2 
Dealt to 3dac667b 
Dealt to ffe2908d 
Dealt to Hero [3d Ts]
3dac667b: raises $0.07 to $0.12
ffe2908d: folds
Hero: folds
5c1f48bb: folds
4aab56ed: folds
895f96a2: folds
Uncalled bet ($0.07) returned to 3dac667b
*** SHOWDOWN ***
3dac667b collected $0.12 from pot
*** SUMMARY ***
Total pot $0.12 | Rake $0 | Jackpot $0 | Bingo $0 | Fortune $0
Seat 1: 5c1f48bb (button) folded before Flop (didn't bet)
Seat 2: 4aab56ed (small blind) folded before Flop
Seat 3: 895f96a2 (big blind) folded before Flop
Seat 4: 3dac667b collected ($0.12)
Seat 5: ffe2908d folded before Flop (didn't bet)
Seat 6: Hero folded before Flop (didn't bet)


Poker Hand #HD1208361624: Hold'em No Limit  ($0.02/$0.05) - 2023/04/18 20:28:40
Table 'NLHBlue90' 6-max Seat #6 is the button
Seat 1: 5c1f48bb ($9.67 in chips)
Seat 2: 4aab56ed ($6.13 in chips)
Seat 3: 895f96a2 ($10.55 in chips)
Seat 4: 3dac667b ($5 in chips)
Seat 5: ffe2908d ($5.87 in chips)
Seat 6: Hero ($5.67 in chips)
5c1f48bb: posts small blind $0.02
4aab56ed: posts big blind $0.05
*** HOLE CARDS ***
Dealt to 5c1f48bb 
Dealt to 4aab56ed 
Dealt to 895f96a2 
Dealt to 3dac667b 
Dealt to ffe2908d 
Dealt to Hero [Kc 2h]
895f96a2: folds
3dac667b: folds
ffe2908d: folds
Hero: folds
5c1f48bb: folds
Uncalled bet ($0.03) returned to 4aab56ed
*** SHOWDOWN ***
4aab56ed collected $0.04 from pot
*** SUMMARY ***
Total pot $0.04 | Rake $0 | Jackpot $0 | Bingo $0 | Fortune $0
Seat 1: 5c1f48bb (small blind) folded before Flop
Seat 2: 4aab56ed (big blind) collected ($0.04)
Seat 3: 895f96a2 folded before Flop (didn't bet)
Seat 4: 3dac667b folded before Flop (didn't bet)
Seat 5: ffe2908d folded before Flop (didn't bet)
Seat 6: Hero (button) folded before Flop (didn't bet)


Poker Hand #HD1208361600: Hold'em No Limit  ($0.02/$0.05) - 2023/04/18 20:28:26
Table 'NLHBlue90' 6-max Seat #5 is the button
Seat 1: 5c1f48bb ($9.65 in chips)
Seat 2: 4aab56ed ($6.13 in chips)
Seat 3: 895f96a2 ($10.55 in chips)
Seat 4: 3dac667b ($5 in chips)
Seat 5: ffe2908d ($5.87 in chips)
Seat 6: Hero ($5.69 in chips)
Hero: posts small blind $0.02
5c1f48bb: posts big blind $0.05
*** HOLE CARDS ***
Dealt to 5c1f48bb 
Dealt to 4aab56ed 
Dealt to 895f96a2 
Dealt to 3dac667b 
Dealt to ffe2908d 
Dealt to Hero [7c Js]
4aab56ed: folds
895f96a2: folds
3dac667b: folds
ffe2908d: folds
Hero: folds
Uncalled bet ($0.03) returned to 5c1f48bb
*** SHOWDOWN ***
5c1f48bb collected $0.04 from pot
*** SUMMARY ***
Total pot $0.04 | Rake $0 | Jackpot $0 | Bingo $0 | Fortune $0
Seat 1: 5c1f48bb (big blind) collected ($0.04)
Seat 2: 4aab56ed folded before Flop (didn't bet)
Seat 3: 895f96a2 folded before Flop (didn't bet)
Seat 4: 3dac667b folded before Flop (didn't bet)
Seat 5: ffe2908d (button) folded before Flop (didn't bet)
Seat 6: Hero (small blind) folded before Flop


Poker Hand #HD1208361525: Hold'em No Limit  ($0.02/$0.05) - 2023/04/18 20:27:33
Table 'NLHBlue90' 6-max Seat #4 is the button
Seat 1: 5c1f48bb ($9.32 in chips)
Seat 2: 4aab56ed ($6.13 in chips)
Seat 3: 895f96a2 ($10.55 in chips)
Seat 4: 3dac667b ($5 in chips)
Seat 5: ffe2908d ($5.89 in chips)
Seat 6: Hero ($6.03 in chips)
ffe2908d: posts small blind $0.02
Hero: posts big blind $0.05
*** HOLE CARDS ***
Dealt to 5c1f48bb 
Dealt to 4aab56ed 
Dealt to 895f96a2 
Dealt to 3dac667b 
Dealt to ffe2908d 
Dealt to Hero [Td 6d]
5c1f48bb: raises $0.08 to $0.13
4aab56ed: folds
895f96a2: folds
3dac667b: folds
ffe2908d: folds
Hero: calls $0.08
*** FLOP *** [9s Kd 3d]
Hero: checks
5c1f48bb: checks
*** TURN *** [9s Kd 3d] [9h]
Hero: bets $0.21
5c1f48bb: calls $0.21
*** RIVER *** [9s Kd 3d 9h] [Ks]
Hero: checks
5c1f48bb: checks
Hero: shows [Td 6d] (Pair of Kings and Pair of Nines)
5c1f48bb: shows [Js Jd] (Pair of Kings and Pair of Jacks)
*** SHOWDOWN ***
5c1f48bb collected $0.67 from pot
*** SUMMARY ***
Total pot $0.7 | Rake $0.03 | Jackpot $0 | Bingo $0 | Fortune $0
Board [9s Kd 3d 9h Ks]
Seat 1: 5c1f48bb showed [Js Jd] and won ($0.67) with Pair of Kings and Pair of Jacks
Seat 2: 4aab56ed folded before Flop (didn't bet)
Seat 3: 895f96a2 folded before Flop (didn't bet)
Seat 4: 3dac667b (button) folded before Flop (didn't bet)
Seat 5: ffe2908d (small blind) folded before Flop
Seat 6: Hero (big blind) showed [Td 6d] and lost with Pair of Kings and Pair of Nines


Poker Hand #HD1208361495: Hold'em No Limit  ($0.02/$0.05) - 2023/04/18 20:27:19
Table 'NLHBlue90' 6-max Seat #3 is the button
Seat 1: 5c1f48bb ($9.32 in chips)
Seat 2: 4aab56ed ($6.13 in chips)
Seat 3: 895f96a2 ($10.48 in chips)
Seat 4: 3dac667b ($5.02 in chips)
Seat 5: ffe2908d ($5.94 in chips)
Seat 6: Hero ($6.03 in chips)
3dac667b: posts small blind $0.02
ffe2908d: posts big blind $0.05
*** HOLE CARDS ***
Dealt to 5c1f48bb 
Dealt to 4aab56ed 
Dealt to 895f96a2 
Dealt to 3dac667b 
Dealt to ffe2908d 
Dealt to Hero [Tc 8s]
Hero: folds
5c1f48bb: folds
4aab56ed: folds
895f96a2: raises $0.08 to $0.13
3dac667b: folds
ffe2908d: folds
Uncalled bet ($0.08) returned to 895f96a2
*** SHOWDOWN ***
895f96a2 collected $0.12 from pot
*** SUMMARY ***
Total pot $0.12 | Rake $0 | Jackpot $0 | Bingo $0 | Fortune $0
Seat 1: 5c1f48bb folded before Flop (didn't bet)
Seat 2: 4aab56ed folded before Flop (didn't bet)
Seat 3: 895f96a2 (button) collected ($0.12)
Seat 4: 3dac667b (small blind) folded before Flop
Seat 5: ffe2908d (big blind) folded before Flop
Seat 6: Hero folded before Flop (didn't bet)


Poker Hand #HD1208361460: Hold'em No Limit  ($0.02/$0.05) - 2023/04/18 20:27:02
Table 'NLHBlue90' 6-max Seat #2 is the button
Seat 1: 5c1f48bb ($9.32 in chips)
Seat 2: 4aab56ed ($6.06 in chips)
Seat 3: 895f96a2 ($10.5 in chips)
Seat 4: 3dac667b ($5.07 in chips)
Seat 5: ffe2908d ($5.94 in chips)
Seat 6: Hero ($6.03 in chips)
895f96a2: posts small blind $0.02
3dac667b: posts big blind $0.05
*** HOLE CARDS ***
Dealt to 5c1f48bb 
Dealt to 4aab56ed 
Dealt to 895f96a2 
Dealt to 3dac667b 
Dealt to ffe2908d 
Dealt to Hero [Js Qc]
ffe2908d: folds
Hero: folds
5c1f48bb: folds
4aab56ed: raises $0.08 to $0.13
895f96a2: folds
3dac667b: folds
Uncalled bet ($0.08) returned to 4aab56ed
*** SHOWDOWN ***
4aab56ed collected $0.12 from pot
*** SUMMARY ***
Total pot $0.12 | Rake $0 | Jackpot $0 | Bingo $0 | Fortune $0
Seat 1: 5c1f48bb folded before Flop (didn't bet)
Seat 2: 4aab56ed (button) collected ($0.12)
Seat 3: 895f96a2 (small blind) folded before Flop
Seat 4: 3dac667b (big blind) folded before Flop
Seat 5: ffe2908d folded before Flop (didn't bet)
Seat 6: Hero folded before Flop (didn't bet)


Poker Hand #HD1208361444: Hold'em No Limit  ($0.02/$0.05) - 2023/04/18 20:26:49
Table 'NLHBlue90' 6-max Seat #1 is the button
Seat 1: 5c1f48bb ($9.32 in chips)
Seat 2: 4aab56ed ($6.08 in chips)
Seat 3: 895f96a2 ($10.48 in chips)
Seat 4: 3dac667b ($5.07 in chips)
Seat 5: ffe2908d ($5.94 in chips)
Seat 6: Hero ($6.03 in chips)
4aab56ed: posts small blind $0.02
895f96a2: posts big blind $0.05
*** HOLE CARDS ***
Dealt to 5c1f48bb 
Dealt to 4aab56ed 
Dealt to 895f96a2 
Dealt to 3dac667b 
Dealt to ffe2908d 
Dealt to Hero [7h 6c]
3dac667b: folds
ffe2908d: folds
Hero: folds
5c1f48bb: folds
4aab56ed: folds
Uncalled bet ($0.03) returned to 895f96a2
*** SHOWDOWN ***
895f96a2 collected $0.04 from pot
*** SUMMARY ***
Total pot $0.04 | Rake $0 | Jackpot $0 | Bingo $0 | Fortune $0
Seat 1: 5c1f48bb (button) folded before Flop (didn't bet)
Seat 2: 4aab56ed (small blind) folded before Flop
Seat 3: 895f96a2 (big blind) collected ($0.04)
Seat 4: 3dac667b folded before Flop (didn't bet)
Seat 5: ffe2908d folded before Flop (didn't bet)
Seat 6: Hero folded before Flop (didn't bet)


Poker Hand #HD1208361413: Hold'em No Limit  ($0.02/$0.05) - 2023/04/18 20:26:23
Table 'NLHBlue90' 6-max Seat #6 is the button
Seat 1: 5c1f48bb ($9.27 in chips)
Seat 2: 4aab56ed ($6.13 in chips)
Seat 3: 895f96a2 ($10.48 in chips)
Seat 4: 3dac667b ($5.07 in chips)
Seat 5: ffe2908d ($5.94 in chips)
Seat 6: Hero ($6.03 in chips)
5c1f48bb: posts small blind $0.02
4aab56ed: posts big blind $0.05
*** HOLE CARDS ***
Dealt to 5c1f48bb 
Dealt to 4aab56ed 
Dealt to 895f96a2 
Dealt to 3dac667b 
Dealt to ffe2908d 
Dealt to Hero [Js 3h]
895f96a2: folds
3dac667b: folds
ffe2908d: folds
Hero: folds
5c1f48bb: raises $0.08 to $0.13
4aab56ed: folds
Uncalled bet ($0.08) returned to 5c1f48bb
*** SHOWDOWN ***
5c1f48bb collected $0.1 from pot
*** SUMMARY ***
Total pot $0.1 | Rake $0 | Jackpot $0 | Bingo $0 | Fortune $0
Seat 1: 5c1f48bb (small blind) collected ($0.1)
Seat 2: 4aab56ed (big blind) folded before Flop
Seat 3: 895f96a2 folded before Flop (didn't bet)
Seat 4: 3dac667b folded before Flop (didn't bet)
Seat 5: ffe2908d folded before Flop (didn't bet)
Seat 6: Hero (button) folded before Flop (didn't bet)


Poker Hand #HD1208361374: Hold'em No Limit  ($0.02/$0.05) - 2023/04/18 20:25:56
Table 'NLHBlue90' 6-max Seat #5 is the button
Seat 1: 5c1f48bb ($9.32 in chips)
Seat 2: 4aab56ed ($6.13 in chips)
Seat 3: 895f96a2 ($10.48 in chips)
Seat 4: 3dac667b ($5 in chips)
Seat 5: ffe2908d ($5.94 in chips)
Seat 6: Hero ($6.05 in chips)
Hero: posts small blind $0.02
5c1f48bb: posts big blind $0.05
*** HOLE CARDS ***
Dealt to 5c1f48bb 
Dealt to 4aab56ed 
Dealt to 895f96a2 
Dealt to 3dac667b 
Dealt to ffe2908d 
Dealt to Hero [6h 5h]
4aab56ed: folds
895f96a2: folds
3dac667b: raises $0.07 to $0.12
ffe2908d: folds
Hero: folds
5c1f48bb: folds
Uncalled bet ($0.07) returned to 3dac667b
*** SHOWDOWN ***
3dac667b collected $0.12 from pot
*** SUMMARY ***
Total pot $0.12 | Rake $0 | Jackpot $0 | Bingo $0 | Fortune $0
Seat 1: 5c1f48bb (big blind) folded before Flop
Seat 2: 4aab56ed folded before Flop (didn't bet)
Seat 3: 895f96a2 folded before Flop (didn't bet)
Seat 4: 3dac667b collected ($0.12)
Seat 5: ffe2908d (button) folded before Flop (didn't bet)
Seat 6: Hero (small blind) folded before Flop


Poker Hand #HD1208361269: Hold'em No Limit  ($0.02/$0.05) - 2023/04/18 20:24:47
Table 'NLHBlue90' 6-max Seat #4 is the button
Seat 1: 5c1f48bb ($9.33 in chips)
Seat 2: 4aab56ed ($6.13 in chips)
Seat 3: 895f96a2 ($10.48 in chips)
Seat 4: 3dac667b ($5 in chips)
Seat 5: ffe2908d ($5.96 in chips)
Seat 6: Hero ($6.06 in chips)
ffe2908d: posts small blind $0.02
Hero: posts big blind $0.05
*** HOLE CARDS ***
Dealt to 5c1f48bb 
Dealt to 4aab56ed 
Dealt to 895f96a2 
Dealt to 3dac667b 
Dealt to ffe2908d 
Dealt to Hero [3h Ah]
5c1f48bb: raises $0.08 to $0.13
4aab56ed: folds
895f96a2: folds
3dac667b: folds
ffe2908d: folds
Hero: calls $0.08
*** FLOP *** [6d 2c 5h]
Hero: checks
5c1f48bb: checks
*** TURN *** [6d 2c 5h] [3c]
Hero: checks
5c1f48bb: bets $0.1
Hero: calls $0.1
*** RIVER *** [6d 2c 5h 3c] [4c]
Hero: checks
5c1f48bb: bets $0.24
Hero: calls $0.24
5c1f48bb: shows [Ad Ks] (Sixes-High Straight)
Hero: shows [3h Ah] (Sixes-High Straight)
*** SHOWDOWN ***
Hero collected $0.46 from pot
5c1f48bb collected $0.46 from pot
*** SUMMARY ***
Total pot $0.96 | Rake $0.04 | Jackpot $0 | Bingo $0 | Fortune $0
Board [6d 2c 5h 3c 4c]
Seat 1: 5c1f48bb showed [Ad Ks] and won ($0.46) with Sixes-High Straight
Seat 2: 4aab56ed folded before Flop (didn't bet)
Seat 3: 895f96a2 folded before Flop (didn't bet)
Seat 4: 3dac667b (button) folded before Flop (didn't bet)
Seat 5: ffe2908d (small blind) folded before Flop
Seat 6: Hero (big blind) showed [3h Ah] and won ($0.46) with Sixes-High Straight


Poker Hand #HD1208361246: Hold'em No Limit  ($0.02/$0.05) - 2023/04/18 20:24:32
Table 'NLHBlue90' 6-max Seat #3 is the button
Seat 1: 5c1f48bb ($9.33 in chips)
Seat 2: 4aab56ed ($6.13 in chips)
Seat 3: 895f96a2 ($10.48 in chips)
Seat 4: 3dac667b ($4.95 in chips)
Seat 5: ffe2908d ($5.94 in chips)
Seat 6: Hero ($6.06 in chips)
3dac667b: posts small blind $0.02
ffe2908d: posts big blind $0.05
*** HOLE CARDS ***
Dealt to 5c1f48bb 
Dealt to 4aab56ed 
Dealt to 895f96a2 
Dealt to 3dac667b 
Dealt to ffe2908d 
Dealt to Hero [2s 5s]
Hero: folds
5c1f48bb: folds
4aab56ed: folds
895f96a2: folds
3dac667b: folds
Uncalled bet ($0.03) returned to ffe2908d
*** SHOWDOWN ***
ffe2908d collected $0.04 from pot
*** SUMMARY ***
Total pot $0.04 | Rake $0 | Jackpot $0 | Bingo $0 | Fortune $0
Seat 1: 5c1f48bb folded before Flop (didn't bet)
Seat 2: 4aab56ed folded before Flop (didn't bet)
Seat 3: 895f96a2 (button) folded before Flop (didn't bet)
Seat 4: 3dac667b (small blind) folded before Flop
Seat 5: ffe2908d (big blind) collected ($0.04)
Seat 6: Hero folded before Flop (didn't bet)


Poker Hand #HD1208361212: Hold'em No Limit  ($0.02/$0.05) - 2023/04/18 20:24:13
Table 'NLHBlue90' 6-max Seat #2 is the button
Seat 1: 5c1f48bb ($9.33 in chips)
Seat 2: 4aab56ed ($6.06 in chips)
Seat 3: 895f96a2 ($10.5 in chips)
Seat 4: 3dac667b ($5 in chips)
Seat 5: ffe2908d ($5.94 in chips)
Seat 6: Hero ($6.06 in chips)
895f96a2: posts small blind $0.02
3dac667b: posts big blind $0.05
*** HOLE CARDS ***
Dealt to 5c1f48bb 
Dealt to 4aab56ed 
Dealt to 895f96a2 
Dealt to 3dac667b 
Dealt to ffe2908d 
Dealt to Hero [7d Ah]
ffe2908d: folds
Hero: folds
5c1f48bb: folds
4aab56ed: raises $0.08 to $0.13
895f96a2: folds
3dac667b: folds
Uncalled bet ($0.08) returned to 4aab56ed
*** SHOWDOWN ***
4aab56ed collected $0.12 from pot
*** SUMMARY ***
Total pot $0.12 | Rake $0 | Jackpot $0 | Bingo $0 | Fortune $0
Seat 1: 5c1f48bb folded before Flop (didn't bet)
Seat 2: 4aab56ed (button) collected ($0.12)
Seat 3: 895f96a2 (small blind) folded before Flop
Seat 4: 3dac667b (big blind) folded before Flop
Seat 5: ffe2908d folded before Flop (didn't bet)
Seat 6: Hero folded before Flop (didn't bet)


Poker Hand #HD1208361169: Hold'em No Limit  ($0.02/$0.05) - 2023/04/18 20:23:41
Table 'NLHBlue90' 6-max Seat #1 is the button
Seat 1: 5c1f48bb ($9.46 in chips)
Seat 2: 4aab56ed ($5.89 in chips)
Seat 3: 895f96a2 ($10.55 in chips)
Seat 4: 3dac667b ($5 in chips)
Seat 5: ffe2908d ($5.94 in chips)
Seat 6: Hero ($6.06 in chips)
4aab56ed: posts small blind $0.02
895f96a2: posts big blind $0.05
*** HOLE CARDS ***
Dealt to 5c1f48bb 
Dealt to 4aab56ed 
Dealt to 895f96a2 
Dealt to 3dac667b 
Dealt to ffe2908d 
Dealt to Hero [2h 7h]
3dac667b: folds
ffe2908d: folds
Hero: folds
5c1f48bb: raises $0.08 to $0.13
4aab56ed: raises $0.31 to $0.44
895f96a2: folds
5c1f48bb: folds
Uncalled bet ($0.31) returned to 4aab56ed
*** SHOWDOWN ***
4aab56ed collected $0.3 from pot
*** SUMMARY ***
Total pot $0.31 | Rake $0.01 | Jackpot $0 | Bingo $0 | Fortune $0
Seat 1: 5c1f48bb (button) folded before Flop
Seat 2: 4aab56ed (small blind) collected ($0.3)
Seat 3: 895f96a2 (big blind) folded before Flop
Seat 4: 3dac667b folded before Flop (didn't bet)
Seat 5: ffe2908d folded before Flop (didn't bet)
Seat 6: Hero folded before Flop (didn't bet)


Poker Hand #HD1208361148: Hold'em No Limit  ($0.02/$0.05) - 2023/04/18 20:23:24
Table 'NLHBlue90' 6-max Seat #6 is the button
Seat 1: 5c1f48bb ($9.41 in chips)
Seat 2: 4aab56ed ($5.94 in chips)
Seat 3: 895f96a2 ($10.55 in chips)
Seat 4: 3dac667b ($5 in chips)
Seat 5: ffe2908d ($5.94 in chips)
Seat 6: Hero ($6.06 in chips)
5c1f48bb: posts small blind $0.02
4aab56ed: posts big blind $0.05
*** HOLE CARDS ***
Dealt to 5c1f48bb 
Dealt to 4aab56ed 
Dealt to 895f96a2 
Dealt to 3dac667b 
Dealt to ffe2908d 
Dealt to Hero [5h 8c]
895f96a2: folds
3dac667b: folds
ffe2908d: folds
Hero: folds
5c1f48bb: raises $0.08 to $0.13
4aab56ed: folds
Uncalled bet ($0.08) returned to 5c1f48bb
*** SHOWDOWN ***
5c1f48bb collected $0.1 from pot
*** SUMMARY ***
Total pot $0.1 | Rake $0 | Jackpot $0 | Bingo $0 | Fortune $0
Seat 1: 5c1f48bb (small blind) collected ($0.1)
Seat 2: 4aab56ed (big blind) folded before Flop
Seat 3: 895f96a2 folded before Flop (didn't bet)
Seat 4: 3dac667b folded before Flop (didn't bet)
Seat 5: ffe2908d folded before Flop (didn't bet)
Seat 6: Hero (button) folded before Flop (didn't bet)


Poker Hand #HD1208361081: Hold'em No Limit  ($0.02/$0.05) - 2023/04/18 20:22:41
Table 'NLHBlue90' 6-max Seat #5 is the button
Seat 1: 5c1f48bb ($9.28 in chips)
Seat 2: 4aab56ed ($5.94 in chips)
Seat 3: 895f96a2 ($10.55 in chips)
Seat 4: 3dac667b ($5 in chips)
Seat 5: ffe2908d ($5.94 in chips)
Seat 6: Hero ($6.2 in chips)
Hero: posts small blind $0.02
5c1f48bb: posts big blind $0.05
*** HOLE CARDS ***
Dealt to 5c1f48bb 
Dealt to 4aab56ed 
Dealt to 895f96a2 
Dealt to 3dac667b 
Dealt to ffe2908d 
Dealt to Hero [2s 2h]
4aab56ed: folds
895f96a2: folds
3dac667b: folds
ffe2908d: folds
Hero: raises $0.09 to $0.14
5c1f48bb: calls $0.09
*** FLOP *** [7s Kc 4h]
Hero: checks
5c1f48bb: checks
*** TURN *** [7s Kc 4h] [6d]
Hero: checks
5c1f48bb: checks
*** RIVER *** [7s Kc 4h 6d] [Td]
Hero: checks
5c1f48bb: bets $0.14
Hero: folds
Uncalled bet ($0.14) returned to 5c1f48bb
*** SHOWDOWN ***
5c1f48bb collected $0.27 from pot
*** SUMMARY ***
Total pot $0.28 | Rake $0.01 | Jackpot $0 | Bingo $0 | Fortune $0
Board [7s Kc 4h 6d Td]
Seat 1: 5c1f48bb (big blind) won ($0.27)
Seat 2: 4aab56ed folded before Flop (didn't bet)
Seat 3: 895f96a2 folded before Flop (didn't bet)
Seat 4: 3dac667b folded before Flop (didn't bet)
Seat 5: ffe2908d (button) folded before Flop (didn't bet)
Seat 6: Hero (small blind) folded on the River


Poker Hand #HD1208360973: Hold'em No Limit  ($0.02/$0.05) - 2023/04/18 20:21:27
Table 'NLHBlue90' 6-max Seat #4 is the button
Seat 1: 5c1f48bb ($11.32 in chips)
Seat 2: 4aab56ed ($5.94 in chips)
Seat 3: 895f96a2 ($8.69 in chips)
Seat 4: 3dac667b ($5 in chips)
Seat 5: ffe2908d ($5.96 in chips)
Seat 6: Hero ($6.25 in chips)
ffe2908d: posts small blind $0.02
Hero: posts big blind $0.05
*** HOLE CARDS ***
Dealt to 5c1f48bb 
Dealt to 4aab56ed 
Dealt to 895f96a2 
Dealt to 3dac667b 
Dealt to ffe2908d 
Dealt to Hero [3d 2c]
5c1f48bb: raises $0.08 to $0.13
4aab56ed: folds
895f96a2: raises $0.33 to $0.46
3dac667b: folds
ffe2908d: folds
Hero: folds
5c1f48bb: raises $0.75 to $1.21
895f96a2: calls $0.75
*** FLOP *** [5h 4h 3s]
5c1f48bb: bets $0.83
895f96a2: calls $0.83
*** TURN *** [5h 4h 3s] [3h]
5c1f48bb: checks
895f96a2: bets $6.65 and is all-in
5c1f48bb: folds
Uncalled bet ($6.65) returned to 895f96a2
*** SHOWDOWN ***
895f96a2 collected $3.9 from pot
*** SUMMARY ***
Total pot $4.15 | Rake $0.2 | Jackpot $0.05 | Bingo $0 | Fortune $0
Board [5h 4h 3s 3h]
Seat 1: 5c1f48bb folded on the Turn
Seat 2: 4aab56ed folded before Flop (didn't bet)
Seat 3: 895f96a2 won ($3.9)
Seat 4: 3dac667b (button) folded before Flop (didn't bet)
Seat 5: ffe2908d (small blind) folded before Flop
Seat 6: Hero (big blind) folded before Flop


Poker Hand #HD1208360883: Hold'em No Limit  ($0.02/$0.05) - 2023/04/18 20:20:30
Table 'NLHBlue90' 6-max Seat #3 is the button
Seat 1: 5c1f48bb ($11.32 in chips)
Seat 2: 4aab56ed ($5.94 in chips)
Seat 3: 895f96a2 ($8.69 in chips)
Seat 4: 3dac667b ($5.08 in chips)
Seat 5: ffe2908d ($5.82 in chips)
Seat 6: Hero ($6.25 in chips)
3dac667b: posts small blind $0.02
ffe2908d: posts big blind $0.05
*** HOLE CARDS ***
Dealt to 5c1f48bb 
Dealt to 4aab56ed 
Dealt to 895f96a2 
Dealt to 3dac667b 
Dealt to ffe2908d 
Dealt to Hero [4s Qc]
Hero: folds
5c1f48bb: folds
4aab56ed: folds
895f96a2: folds
3dac667b: raises $0.1 to $0.15
ffe2908d: calls $0.1
*** FLOP *** [8d Th 3c]
3dac667b: checks
ffe2908d: checks
*** TURN *** [8d Th 3c] [9c]
3dac667b: checks
ffe2908d: bets $0.15
3dac667b: folds
Uncalled bet ($0.15) returned to ffe2908d
*** SHOWDOWN ***
ffe2908d collected $0.29 from pot
*** SUMMARY ***
Total pot $0.3 | Rake $0.01 | Jackpot $0 | Bingo $0 | Fortune $0
Board [8d Th 3c 9c]
Seat 1: 5c1f48bb folded before Flop (didn't bet)
Seat 2: 4aab56ed folded before Flop (didn't bet)
Seat 3: 895f96a2 (button) folded before Flop (didn't bet)
Seat 4: 3dac667b (small blind) folded on the Turn
Seat 5: ffe2908d (big blind) won ($0.29)
Seat 6: Hero folded before Flop (didn't bet)


Poker Hand #HD1208360841: Hold'em No Limit  ($0.02/$0.05) - 2023/04/18 20:20:01
Table 'NLHBlue90' 6-max Seat #2 is the button
Seat 1: 5c1f48bb ($11.32 in chips)
Seat 2: 4aab56ed ($5.87 in chips)
Seat 3: 895f96a2 ($8.71 in chips)
Seat 4: 3dac667b ($5.13 in chips)
Seat 5: ffe2908d ($5.82 in chips)
Seat 6: Hero ($6.25 in chips)
895f96a2: posts small blind $0.02
3dac667b: posts big blind $0.05
*** HOLE CARDS ***
Dealt to 5c1f48bb 
Dealt to 4aab56ed 
Dealt to 895f96a2 
Dealt to 3dac667b 
Dealt to ffe2908d 
Dealt to Hero [Qs Td]
ffe2908d: folds
Hero: folds
5c1f48bb: folds
4aab56ed: raises $0.08 to $0.13
895f96a2: folds
3dac667b: folds
Uncalled bet ($0.08) returned to 4aab56ed
*** SHOWDOWN ***
4aab56ed collected $0.12 from pot
*** SUMMARY ***
Total pot $0.12 | Rake $0 | Jackpot $0 | Bingo $0 | Fortune $0
Seat 1: 5c1f48bb folded before Flop (didn't bet)
Seat 2: 4aab56ed (button) collected ($0.12)
Seat 3: 895f96a2 (small blind) folded before Flop
Seat 4: 3dac667b (big blind) folded before Flop
Seat 5: ffe2908d folded before Flop (didn't bet)
Seat 6: Hero folded before Flop (didn't bet)


Poker Hand #HD1208360716: Hold'em No Limit  ($0.02/$0.05) - 2023/04/18 20:18:39
Table 'NLHBlue90' 6-max Seat #1 is the button
Seat 1: 5c1f48bb ($12.21 in chips)
Seat 2: 4aab56ed ($5.89 in chips)
Seat 3: 895f96a2 ($8.76 in chips)
Seat 4: 3dac667b ($5.13 in chips)
Seat 5: ffe2908d ($5 in chips)
Seat 6: Hero ($6.25 in chips)
4aab56ed: posts small blind $0.02
895f96a2: posts big blind $0.05
*** HOLE CARDS ***
Dealt to 5c1f48bb 
Dealt to 4aab56ed 
Dealt to 895f96a2 
Dealt to 3dac667b 
Dealt to ffe2908d 
Dealt to Hero [6s Jd]
3dac667b: folds
ffe2908d: raises $0.1 to $0.15
Hero: folds
5c1f48bb: raises $0.37 to $0.52
4aab56ed: folds
895f96a2: folds
ffe2908d: calls $0.37
*** FLOP *** [6h 9d 8d]
ffe2908d: checks
5c1f48bb: bets $0.37
ffe2908d: calls $0.37
*** TURN *** [6h 9d 8d] [3d]
ffe2908d: checks
5c1f48bb: checks
*** RIVER *** [6h 9d 8d 3d] [Ts]
ffe2908d: checks
5c1f48bb: checks
ffe2908d: shows [Qh Jh] (Queens-High Straight)
5c1f48bb: shows [Th Ah] (Pair of Tens)
*** SHOWDOWN ***
ffe2908d collected $1.71 from pot
*** SUMMARY ***
Total pot $1.85 | Rake $0.09 | Jackpot $0.05 | Bingo $0 | Fortune $0
Board [6h 9d 8d 3d Ts]
Seat 1: 5c1f48bb (button) showed [Th Ah] and lost with Pair of Tens
Seat 2: 4aab56ed (small blind) folded before Flop
Seat 3: 895f96a2 (big blind) folded before Flop
Seat 4: 3dac667b folded before Flop (didn't bet)
Seat 5: ffe2908d showed [Qh Jh] and won ($1.71) with Queens-High Straight
Seat 6: Hero folded before Flop (didn't bet)


Poker Hand #HD1208360681: Hold'em No Limit  ($0.02/$0.05) - 2023/04/18 20:18:14
Table 'NLHBlue90' 6-max Seat #6 is the button
Seat 1: 5c1f48bb ($12.23 in chips)
Seat 2: 4aab56ed ($5.87 in chips)
Seat 3: 895f96a2 ($8.76 in chips)
Seat 4: 3dac667b ($5.13 in chips)
Seat 5: ffe2908d ($5 in chips)
Seat 6: Hero ($6.25 in chips)
5c1f48bb: posts small blind $0.02
4aab56ed: posts big blind $0.05
*** HOLE CARDS ***
Dealt to 5c1f48bb 
Dealt to 4aab56ed 
Dealt to 895f96a2 
Dealt to 3dac667b 
Dealt to ffe2908d 
Dealt to Hero [Js 2c]
895f96a2: folds
3dac667b: folds
ffe2908d: folds
Hero: folds
5c1f48bb: folds
Uncalled bet ($0.03) returned to 4aab56ed
*** SHOWDOWN ***
4aab56ed collected $0.04 from pot
*** SUMMARY ***
Total pot $0.04 | Rake $0 | Jackpot $0 | Bingo $0 | Fortune $0
Seat 1: 5c1f48bb (small blind) folded before Flop
Seat 2: 4aab56ed (big blind) collected ($0.04)
Seat 3: 895f96a2 folded before Flop (didn't bet)
Seat 4: 3dac667b folded before Flop (didn't bet)
Seat 5: ffe2908d folded before Flop (didn't bet)
Seat 6: Hero (button) folded before Flop (didn't bet)


Poker Hand #HD1208360600: Hold'em No Limit  ($0.02/$0.05) - 2023/04/18 20:17:22
Table 'NLHBlue90' 6-max Seat #5 is the button
Seat 1: 5c1f48bb ($12.55 in chips)
Seat 2: 4aab56ed ($5.87 in chips)
Seat 3: 895f96a2 ($8.45 in chips)
Seat 4: 3dac667b ($5.13 in chips)
Seat 5: ffe2908d ($5 in chips)
Seat 6: Hero ($6.27 in chips)
Hero: posts small blind $0.02
5c1f48bb: posts big blind $0.05
*** HOLE CARDS ***
Dealt to 5c1f48bb 
Dealt to 4aab56ed 
Dealt to 895f96a2 
Dealt to 3dac667b 
Dealt to ffe2908d 
Dealt to Hero [Jc 6s]
4aab56ed: folds
895f96a2: raises $0.08 to $0.13
3dac667b: folds
ffe2908d: folds
Hero: folds
5c1f48bb: calls $0.08
*** FLOP *** [7d Jd 2d]
5c1f48bb: checks
895f96a2: bets $0.19
5c1f48bb: calls $0.19
*** TURN *** [7d Jd 2d] [Ac]
5c1f48bb: checks
895f96a2: bets $0.44
5c1f48bb: folds
Uncalled bet ($0.44) returned to 895f96a2
*** SHOWDOWN ***
895f96a2 collected $0.63 from pot
*** SUMMARY ***
Total pot $0.66 | Rake $0.03 | Jackpot $0 | Bingo $0 | Fortune $0
Board [7d Jd 2d Ac]
Seat 1: 5c1f48bb (big blind) folded on the Turn
Seat 2: 4aab56ed folded before Flop (didn't bet)
Seat 3: 895f96a2 won ($0.63)
Seat 4: 3dac667b folded before Flop (didn't bet)
Seat 5: ffe2908d (button) folded before Flop (didn't bet)
Seat 6: Hero (small blind) folded before Flop


Poker Hand #HD1208360494: Hold'em No Limit  ($0.02/$0.05) - 2023/04/18 20:16:14
Table 'NLHBlue90' 6-max Seat #4 is the button
Seat 1: 5c1f48bb ($12.55 in chips)
Seat 2: 4aab56ed ($5.87 in chips)
Seat 3: 895f96a2 ($8.45 in chips)
Seat 4: 3dac667b ($5.13 in chips)
Seat 5: ffe2908d ($4.88 in chips)
Seat 6: Hero ($6.13 in chips)
ffe2908d: posts small blind $0.02
Hero: posts big blind $0.05
*** HOLE CARDS ***
Dealt to 5c1f48bb 
Dealt to 4aab56ed 
Dealt to 895f96a2 
Dealt to 3dac667b 
Dealt to ffe2908d 
Dealt to Hero [6d Qd]
5c1f48bb: folds
4aab56ed: folds
895f96a2: folds
3dac667b: folds
ffe2908d: raises $0.1 to $0.15
Hero: calls $0.1
*** FLOP *** [Td Jh 7h]
ffe2908d: checks
Hero: checks
*** TURN *** [Td Jh 7h] [Js]
ffe2908d: checks
Hero: checks
*** RIVER *** [Td Jh 7h Js] [Kh]
ffe2908d: checks
Hero: checks
ffe2908d: shows [8c 5c] (Pair of Jacks)
Hero: shows [6d Qd] (Pair of Jacks)
*** SHOWDOWN ***
Hero collected $0.29 from pot
*** SUMMARY ***
Total pot $0.3 | Rake $0.01 | Jackpot $0 | Bingo $0 | Fortune $0
Board [Td Jh 7h Js Kh]
Seat 1: 5c1f48bb folded before Flop (didn't bet)
Seat 2: 4aab56ed folded before Flop (didn't bet)
Seat 3: 895f96a2 folded before Flop (didn't bet)
Seat 4: 3dac667b (button) folded before Flop (didn't bet)
Seat 5: ffe2908d (small blind) showed [8c 5c] and lost with Pair of Jacks
Seat 6: Hero (big blind) showed [6d Qd] and won ($0.29) with Pair of Jacks


Poker Hand #HD1208360461: Hold'em No Limit  ($0.02/$0.05) - 2023/04/18 20:15:51
Table 'NLHBlue90' 6-max Seat #3 is the button
Seat 1: 5c1f48bb ($12.55 in chips)
Seat 2: 4aab56ed ($5.87 in chips)
Seat 3: 895f96a2 ($8.45 in chips)
Seat 4: 3dac667b ($5.15 in chips)
Seat 5: ffe2908d ($4.93 in chips)
Seat 6: Hero ($6.06 in chips)
3dac667b: posts small blind $0.02
ffe2908d: posts big blind $0.05
*** HOLE CARDS ***
Dealt to 5c1f48bb 
Dealt to 4aab56ed 
Dealt to 895f96a2 
Dealt to 3dac667b 
Dealt to ffe2908d 
Dealt to Hero [Qc Jc]
Hero: raises $0.07 to $0.12
5c1f48bb: folds
4aab56ed: folds
895f96a2: folds
3dac667b: folds
ffe2908d: folds
Uncalled bet ($0.07) returned to Hero
*** SHOWDOWN ***
Hero collected $0.12 from pot
*** SUMMARY ***
Total pot $0.12 | Rake $0 | Jackpot $0 | Bingo $0 | Fortune $0
Seat 1: 5c1f48bb folded before Flop (didn't bet)
Seat 2: 4aab56ed folded before Flop (didn't bet)
Seat 3: 895f96a2 (button) folded before Flop (didn't bet)
Seat 4: 3dac667b (small blind) folded before Flop
Seat 5: ffe2908d (big blind) folded before Flop
Seat 6: Hero collected ($0.12)


Poker Hand #HD1208360432: Hold'em No Limit  ($0.02/$0.05) - 2023/04/18 20:15:35
Table 'NLHBlue90' 6-max Seat #2 is the button
Seat 1: 5c1f48bb ($12.55 in chips)
Seat 2: 4aab56ed ($5.87 in chips)
Seat 3: 895f96a2 ($8.47 in chips)
Seat 4: 3dac667b ($5.2 in chips)
Seat 5: ffe2908d ($4.93 in chips)
Seat 6: Hero ($5.99 in chips)
895f96a2: posts small blind $0.02
3dac667b: posts big blind $0.05
*** HOLE CARDS ***
Dealt to 5c1f48bb 
Dealt to 4aab56ed 
Dealt to 895f96a2 
Dealt to 3dac667b 
Dealt to ffe2908d 
Dealt to Hero [5c 5h]
ffe2908d: folds
Hero: raises $0.07 to $0.12
5c1f48bb: folds
4aab56ed: folds
895f96a2: folds
3dac667b: folds
Uncalled bet ($0.07) returned to Hero
*** SHOWDOWN ***
Hero collected $0.12 from pot
*** SUMMARY ***
Total pot $0.12 | Rake $0 | Jackpot $0 | Bingo $0 | Fortune $0
Seat 1: 5c1f48bb folded before Flop (didn't bet)
Seat 2: 4aab56ed (button) folded before Flop (didn't bet)
Seat 3: 895f96a2 (small blind) folded before Flop
Seat 4: 3dac667b (big blind) folded before Flop
Seat 5: ffe2908d folded before Flop (didn't bet)
Seat 6: Hero collected ($0.12)


Poker Hand #HD1208360396: Hold'em No Limit  ($0.02/$0.05) - 2023/04/18 20:15:14
Table 'NLHBlue90' 6-max Seat #1 is the button
Seat 1: 5c1f48bb ($12.55 in chips)
Seat 2: 4aab56ed ($5.89 in chips)
Seat 3: 895f96a2 ($8.52 in chips)
Seat 4: 3dac667b ($5.2 in chips)
Seat 5: ffe2908d ($4.93 in chips)
Seat 6: Hero ($5.92 in chips)
4aab56ed: posts small blind $0.02
895f96a2: posts big blind $0.05
*** HOLE CARDS ***
Dealt to 5c1f48bb 
Dealt to 4aab56ed 
Dealt to 895f96a2 
Dealt to 3dac667b 
Dealt to ffe2908d 
Dealt to Hero [As 5s]
3dac667b: folds
ffe2908d: folds
Hero: raises $0.07 to $0.12
5c1f48bb: folds
4aab56ed: folds
895f96a2: folds
Uncalled bet ($0.07) returned to Hero
*** SHOWDOWN ***
Hero collected $0.12 from pot
*** SUMMARY ***
Total pot $0.12 | Rake $0 | Jackpot $0 | Bingo $0 | Fortune $0
Seat 1: 5c1f48bb (button) folded before Flop (didn't bet)
Seat 2: 4aab56ed (small blind) folded before Flop
Seat 3: 895f96a2 (big blind) folded before Flop
Seat 4: 3dac667b folded before Flop (didn't bet)
Seat 5: ffe2908d folded before Flop (didn't bet)
Seat 6: Hero collected ($0.12)


Poker Hand #HD1208360367: Hold'em No Limit  ($0.02/$0.05) - 2023/04/18 20:14:56
Table 'NLHBlue90' 6-max Seat #6 is the button
Seat 1: 5c1f48bb ($12.57 in chips)
Seat 2: 4aab56ed ($5.94 in chips)
Seat 3: 895f96a2 ($8.45 in chips)
Seat 4: 3dac667b ($5.2 in chips)
Seat 5: ffe2908d ($4.93 in chips)
Seat 6: Hero ($5.92 in chips)
5c1f48bb: posts small blind $0.02
4aab56ed: posts big blind $0.05
*** HOLE CARDS ***
Dealt to 5c1f48bb 
Dealt to 4aab56ed 
Dealt to 895f96a2 
Dealt to 3dac667b 
Dealt to ffe2908d 
Dealt to Hero [4s Kc]
895f96a2: raises $0.08 to $0.13
3dac667b: folds
ffe2908d: folds
Hero: folds
5c1f48bb: folds
4aab56ed: folds
Uncalled bet ($0.08) returned to 895f96a2
*** SHOWDOWN ***
895f96a2 collected $0.12 from pot
*** SUMMARY ***
Total pot $0.12 | Rake $0 | Jackpot $0 | Bingo $0 | Fortune $0
Seat 1: 5c1f48bb (small blind) folded before Flop
Seat 2: 4aab56ed (big blind) folded before Flop
Seat 3: 895f96a2 collected ($0.12)
Seat 4: 3dac667b folded before Flop (didn't bet)
Seat 5: ffe2908d folded before Flop (didn't bet)
Seat 6: Hero (button) folded before Flop (didn't bet)


Poker Hand #HD1208360266: Hold'em No Limit  ($0.02/$0.05) - 2023/04/18 20:13:57
Table 'NLHBlue90' 6-max Seat #5 is the button
Seat 1: 5c1f48bb ($12.69 in chips)
Seat 2: 4aab56ed ($5.94 in chips)
Seat 3: 895f96a2 ($8.45 in chips)
Seat 4: 3dac667b ($5.07 in chips)
Seat 5: ffe2908d ($4.93 in chips)
Seat 6: Hero ($5.94 in chips)
Hero: posts small blind $0.02
5c1f48bb: posts big blind $0.05
*** HOLE CARDS ***
Dealt to 5c1f48bb 
Dealt to 4aab56ed 
Dealt to 895f96a2 
Dealt to 3dac667b 
Dealt to ffe2908d 
Dealt to Hero [7h 3h]
4aab56ed: folds
895f96a2: folds
3dac667b: raises $0.07 to $0.12
ffe2908d: folds
Hero: folds
5c1f48bb: calls $0.07
*** FLOP *** [4h 8c Ks]
5c1f48bb: checks
3dac667b: checks
*** TURN *** [4h 8c Ks] [As]
5c1f48bb: checks
3dac667b: bets $0.21
5c1f48bb: folds
Uncalled bet ($0.21) returned to 3dac667b
*** SHOWDOWN ***
3dac667b collected $0.25 from pot
*** SUMMARY ***
Total pot $0.26 | Rake $0.01 | Jackpot $0 | Bingo $0 | Fortune $0
Board [4h 8c Ks As]
Seat 1: 5c1f48bb (big blind) folded on the Turn
Seat 2: 4aab56ed folded before Flop (didn't bet)
Seat 3: 895f96a2 folded before Flop (didn't bet)
Seat 4: 3dac667b won ($0.25)
Seat 5: ffe2908d (button) folded before Flop (didn't bet)
Seat 6: Hero (small blind) folded before Flop


Poker Hand #HD1208360210: Hold'em No Limit  ($0.02/$0.05) - 2023/04/18 20:13:26
Table 'NLHBlue90' 6-max Seat #4 is the button
Seat 1: 5c1f48bb ($12.69 in chips)
Seat 2: 4aab56ed ($5.94 in chips)
Seat 3: 895f96a2 ($8.45 in chips)
Seat 4: 3dac667b ($5 in chips)
Seat 5: ffe2908d ($4.95 in chips)
Seat 6: Hero ($5.99 in chips)
ffe2908d: posts small blind $0.02
Hero: posts big blind $0.05
*** HOLE CARDS ***
Dealt to 5c1f48bb 
Dealt to 4aab56ed 
Dealt to 895f96a2 
Dealt to 3dac667b 
Dealt to ffe2908d 
Dealt to Hero [7c 6d]
5c1f48bb: folds
4aab56ed: folds
895f96a2: folds
3dac667b: raises $0.07 to $0.12
ffe2908d: folds
Hero: folds
Uncalled bet ($0.07) returned to 3dac667b
*** SHOWDOWN ***
3dac667b collected $0.12 from pot
*** SUMMARY ***
Total pot $0.12 | Rake $0 | Jackpot $0 | Bingo $0 | Fortune $0
Seat 1: 5c1f48bb folded before Flop (didn't bet)
Seat 2: 4aab56ed folded before Flop (didn't bet)
Seat 3: 895f96a2 folded before Flop (didn't bet)
Seat 4: 3dac667b (button) collected ($0.12)
Seat 5: ffe2908d (small blind) folded before Flop
Seat 6: Hero (big blind) folded before Flop


Poker Hand #HD1208360132: Hold'em No Limit  ($0.02/$0.05) - 2023/04/18 20:12:45
Table 'NLHBlue90' 6-max Seat #3 is the button
Seat 1: 5c1f48bb ($12.69 in chips)
Seat 2: 4aab56ed ($6.07 in chips)
Seat 3: 895f96a2 ($8.26 in chips)
Seat 4: 3dac667b ($5.02 in chips)
Seat 5: ffe2908d ($5 in chips)
Seat 6: Hero ($5.99 in chips)
3dac667b: posts small blind $0.02
ffe2908d: posts big blind $0.05
*** HOLE CARDS ***
Dealt to 5c1f48bb 
Dealt to 4aab56ed 
Dealt to 895f96a2 
Dealt to 3dac667b 
Dealt to ffe2908d 
Dealt to Hero [Tc 6s]
Hero: folds
5c1f48bb: folds
4aab56ed: raises $0.08 to $0.13
895f96a2: raises $0.22 to $0.35
3dac667b: folds
ffe2908d: folds
4aab56ed: folds
Uncalled bet ($0.22) returned to 895f96a2
*** SHOWDOWN ***
895f96a2 collected $0.32 from pot
*** SUMMARY ***
Total pot $0.33 | Rake $0.01 | Jackpot $0 | Bingo $0 | Fortune $0
Seat 1: 5c1f48bb folded before Flop (didn't bet)
Seat 2: 4aab56ed folded before Flop
Seat 3: 895f96a2 (button) collected ($0.32)
Seat 4: 3dac667b (small blind) folded before Flop
Seat 5: ffe2908d (big blind) folded before Flop
Seat 6: Hero folded before Flop (didn't bet)


Poker Hand #HD1208360086: Hold'em No Limit  ($0.02/$0.05) - 2023/04/18 20:12:18
Table 'NLHBlue90' 6-max Seat #2 is the button
Seat 1: 5c1f48bb ($12.69 in chips)
Seat 2: 4aab56ed ($6.07 in chips)
Seat 3: 895f96a2 ($8.28 in chips)
Seat 4: 3dac667b ($5.07 in chips)
Seat 5: ffe2908d ($5 in chips)
Seat 6: Hero ($5.92 in chips)
895f96a2: posts small blind $0.02
3dac667b: posts big blind $0.05
*** HOLE CARDS ***
Dealt to 5c1f48bb 
Dealt to 4aab56ed 
Dealt to 895f96a2 
Dealt to 3dac667b 
Dealt to ffe2908d 
Dealt to Hero [9c Ac]
ffe2908d: folds
Hero: raises $0.07 to $0.12
5c1f48bb: folds
4aab56ed: folds
895f96a2: folds
3dac667b: folds
Uncalled bet ($0.07) returned to Hero
*** SHOWDOWN ***
Hero collected $0.12 from pot
*** SUMMARY ***
Total pot $0.12 | Rake $0 | Jackpot $0 | Bingo $0 | Fortune $0
Seat 1: 5c1f48bb folded before Flop (didn't bet)
Seat 2: 4aab56ed (button) folded before Flop (didn't bet)
Seat 3: 895f96a2 (small blind) folded before Flop
Seat 4: 3dac667b (big blind) folded before Flop
Seat 5: ffe2908d folded before Flop (didn't bet)
Seat 6: Hero collected ($0.12)


Poker Hand #HD1208360050: Hold'em No Limit  ($0.02/$0.05) - 2023/04/18 20:11:58
Table 'NLHBlue90' 6-max Seat #1 is the button
Seat 1: 5c1f48bb ($12.69 in chips)
Seat 2: 4aab56ed ($6.09 in chips)
Seat 3: 895f96a2 ($8.33 in chips)
Seat 4: 3dac667b ($5 in chips)
Seat 5: ffe2908d ($5 in chips)
Seat 6: Hero ($5.92 in chips)
4aab56ed: posts small blind $0.02
895f96a2: posts big blind $0.05
*** HOLE CARDS ***
Dealt to 5c1f48bb 
Dealt to 4aab56ed 
Dealt to 895f96a2 
Dealt to 3dac667b 
Dealt to ffe2908d 
Dealt to Hero [9c 4h]
3dac667b: raises $0.07 to $0.12
ffe2908d: folds
Hero: folds
5c1f48bb: folds
4aab56ed: folds
895f96a2: folds
Uncalled bet ($0.07) returned to 3dac667b
*** SHOWDOWN ***
3dac667b collected $0.12 from pot
*** SUMMARY ***
Total pot $0.12 | Rake $0 | Jackpot $0 | Bingo $0 | Fortune $0
Seat 1: 5c1f48bb (button) folded before Flop (didn't bet)
Seat 2: 4aab56ed (small blind) folded before Flop
Seat 3: 895f96a2 (big blind) folded before Flop
Seat 4: 3dac667b collected ($0.12)
Seat 5: ffe2908d folded before Flop (didn't bet)
Seat 6: Hero folded before Flop (didn't bet)


Poker Hand #HD1208359996: Hold'em No Limit  ($0.02/$0.05) - 2023/04/18 20:11:30
Table 'NLHBlue90' 6-max Seat #6 is the button
Seat 1: 5c1f48bb ($12.71 in chips)
Seat 2: 4aab56ed ($6.14 in chips)
Seat 3: 895f96a2 ($8.33 in chips)
Seat 4: 3dac667b ($5 in chips)
Seat 5: ffe2908d ($5 in chips)
Seat 6: Hero ($5.85 in chips)
5c1f48bb: posts small blind $0.02
4aab56ed: posts big blind $0.05
*** HOLE CARDS ***
Dealt to 5c1f48bb 
Dealt to 4aab56ed 
Dealt to 895f96a2 
Dealt to 3dac667b 
Dealt to ffe2908d 
Dealt to Hero [Td 9h]
895f96a2: folds
3dac667b: folds
ffe2908d: folds
Hero: raises $0.07 to $0.12
5c1f48bb: folds
4aab56ed: folds
Uncalled bet ($0.07) returned to Hero
*** SHOWDOWN ***
Hero collected $0.12 from pot
*** SUMMARY ***
Total pot $0.12 | Rake $0 | Jackpot $0 | Bingo $0 | Fortune $0
Seat 1: 5c1f48bb (small blind) folded before Flop
Seat 2: 4aab56ed (big blind) folded before Flop
Seat 3: 895f96a2 folded before Flop (didn't bet)
Seat 4: 3dac667b folded before Flop (didn't bet)
Seat 5: ffe2908d folded before Flop (didn't bet)
Seat 6: Hero (button) collected ($0.12)


Poker Hand #HD1208359847: Hold'em No Limit  ($0.02/$0.05) - 2023/04/18 20:10:11
Table 'NLHBlue90' 6-max Seat #5 is the button
Seat 1: 5c1f48bb ($12.76 in chips)
Seat 2: 4aab56ed ($6.14 in chips)
Seat 3: 895f96a2 ($7.9 in chips)
Seat 4: 3dac667b ($5 in chips)
Seat 5: ffe2908d ($4.85 in chips)
Seat 6: Hero ($5.87 in chips)
Hero: posts small blind $0.02
5c1f48bb: posts big blind $0.05
*** HOLE CARDS ***
Dealt to 5c1f48bb 
Dealt to 4aab56ed 
Dealt to 895f96a2 
Dealt to 3dac667b 
Dealt to ffe2908d 
Dealt to Hero [Ts 7s]
4aab56ed: folds
895f96a2: calls $0.05
3dac667b: folds
ffe2908d: raises $0.2 to $0.25
Hero: folds
5c1f48bb: folds
895f96a2: calls $0.2
*** FLOP *** [3s 7c 3h]
895f96a2: checks
ffe2908d: bets $0.15
895f96a2: raises $0.29 to $0.44
ffe2908d: folds
Uncalled bet ($0.29) returned to 895f96a2
*** SHOWDOWN ***
895f96a2 collected $0.83 from pot
*** SUMMARY ***
Total pot $0.87 | Rake $0.04 | Jackpot $0 | Bingo $0 | Fortune $0
Board [3s 7c 3h]
Seat 1: 5c1f48bb (big blind) folded before Flop
Seat 2: 4aab56ed folded before Flop (didn't bet)
Seat 3: 895f96a2 won ($0.83)
Seat 4: 3dac667b folded before Flop (didn't bet)
Seat 5: ffe2908d (button) folded on the Flop
Seat 6: Hero (small blind) folded before Flop


Poker Hand #HD1208359733: Hold'em No Limit  ($0.02/$0.05) - 2023/04/18 20:09:11
Table 'NLHBlue90' 6-max Seat #4 is the button
Seat 1: 5c1f48bb ($12.76 in chips)
Seat 2: 4aab56ed ($6.14 in chips)
Seat 3: 895f96a2 ($7.47 in chips)
Seat 4: 3dac667b ($5 in chips)
Seat 5: ffe2908d ($4.87 in chips)
Seat 6: Hero ($5.92 in chips)
ffe2908d: posts small blind $0.02
Hero: posts big blind $0.05
*** HOLE CARDS ***
Dealt to 5c1f48bb 
Dealt to 4aab56ed 
Dealt to 895f96a2 
Dealt to 3dac667b 
Dealt to ffe2908d 
Dealt to Hero [Kh 9c]
5c1f48bb: folds
4aab56ed: folds
895f96a2: raises $0.08 to $0.13
3dac667b: raises $0.27 to $0.4
ffe2908d: folds
Hero: folds
895f96a2: calls $0.27
*** FLOP *** [6h 9s 6d]
895f96a2: checks
3dac667b: checks
*** TURN *** [6h 9s 6d] [5h]
895f96a2: checks
3dac667b: checks
*** RIVER *** [6h 9s 6d 5h] [5s]
895f96a2: bets $0.87
3dac667b: folds
Uncalled bet ($0.87) returned to 895f96a2
*** SHOWDOWN ***
895f96a2 collected $0.83 from pot
*** SUMMARY ***
Total pot $0.87 | Rake $0.04 | Jackpot $0 | Bingo $0 | Fortune $0
Board [6h 9s 6d 5h 5s]
Seat 1: 5c1f48bb folded before Flop (didn't bet)
Seat 2: 4aab56ed folded before Flop (didn't bet)
Seat 3: 895f96a2 won ($0.83)
Seat 4: 3dac667b (button) folded on the River
Seat 5: ffe2908d (small blind) folded before Flop
Seat 6: Hero (big blind) folded before Flop


Poker Hand #HD1208359658: Hold'em No Limit  ($0.02/$0.05) - 2023/04/18 20:08:24
Table 'NLHBlue90' 6-max Seat #3 is the button
Seat 1: 5c1f48bb ($12.62 in chips)
Seat 2: 4aab56ed ($6.14 in chips)
Seat 3: 895f96a2 ($7.47 in chips)
Seat 4: 3dac667b ($5 in chips)
Seat 5: ffe2908d ($5 in chips)
Seat 6: Hero ($5.92 in chips)
3dac667b: posts small blind $0.02
ffe2908d: posts big blind $0.05
*** HOLE CARDS ***
Dealt to 5c1f48bb 
Dealt to 4aab56ed 
Dealt to 895f96a2 
Dealt to 3dac667b 
Dealt to ffe2908d 
Dealt to Hero [5s 8d]
Hero: folds
5c1f48bb: raises $0.08 to $0.13
4aab56ed: folds
895f96a2: folds
3dac667b: folds
ffe2908d: calls $0.08
*** FLOP *** [Ad 6d 2c]
ffe2908d: checks
5c1f48bb: bets $0.14
ffe2908d: folds
Uncalled bet ($0.14) returned to 5c1f48bb
*** SHOWDOWN ***
5c1f48bb collected $0.27 from pot
*** SUMMARY ***
Total pot $0.28 | Rake $0.01 | Jackpot $0 | Bingo $0 | Fortune $0
Board [Ad 6d 2c]
Seat 1: 5c1f48bb won ($0.27)
Seat 2: 4aab56ed folded before Flop (didn't bet)
Seat 3: 895f96a2 (button) folded before Flop (didn't bet)
Seat 4: 3dac667b (small blind) folded before Flop
Seat 5: ffe2908d (big blind) folded on the Flop
Seat 6: Hero folded before Flop (didn't bet)


Poker Hand #HD1208359611: Hold'em No Limit  ($0.02/$0.05) - 2023/04/18 20:08:01
Table 'NLHBlue90' 6-max Seat #2 is the button
Seat 1: 5c1f48bb ($12.62 in chips)
Seat 2: 4aab56ed ($6.14 in chips)
Seat 3: 895f96a2 ($7.42 in chips)
Seat 4: 3dac667b ($5 in chips)
Seat 5: ffe2908d ($5 in chips)
Seat 6: Hero ($5.92 in chips)
895f96a2: posts small blind $0.02
3dac667b: posts big blind $0.05
*** HOLE CARDS ***
Dealt to 5c1f48bb 
Dealt to 4aab56ed 
Dealt to 895f96a2 
Dealt to 3dac667b 
Dealt to ffe2908d 
Dealt to Hero [Qc 9d]
ffe2908d: folds
Hero: folds
5c1f48bb: folds
4aab56ed: folds
895f96a2: raises $0.08 to $0.13
3dac667b: folds
Uncalled bet ($0.08) returned to 895f96a2
*** SHOWDOWN ***
895f96a2 collected $0.1 from pot
*** SUMMARY ***
Total pot $0.1 | Rake $0 | Jackpot $0 | Bingo $0 | Fortune $0
Seat 1: 5c1f48bb folded before Flop (didn't bet)
Seat 2: 4aab56ed (button) folded before Flop (didn't bet)
Seat 3: 895f96a2 (small blind) collected ($0.1)
Seat 4: 3dac667b (big blind) folded before Flop
Seat 5: ffe2908d folded before Flop (didn't bet)
Seat 6: Hero folded before Flop (didn't bet)


Poker Hand #HD1208359579: Hold'em No Limit  ($0.02/$0.05) - 2023/04/18 20:07:41
Table 'NLHBlue90' 6-max Seat #1 is the button
Seat 1: 5c1f48bb ($12.62 in chips)
Seat 2: 4aab56ed ($6.16 in chips)
Seat 3: 895f96a2 ($7.4 in chips)
Seat 4: 3dac667b ($5 in chips)
Seat 5: ffe2908d ($5 in chips)
Seat 6: Hero ($5.92 in chips)
4aab56ed: posts small blind $0.02
895f96a2: posts big blind $0.05
*** HOLE CARDS ***
Dealt to 5c1f48bb 
Dealt to 4aab56ed 
Dealt to 895f96a2 
Dealt to 3dac667b 
Dealt to ffe2908d 
Dealt to Hero [4c Kd]
3dac667b: folds
ffe2908d: folds
Hero: folds
5c1f48bb: folds
4aab56ed: folds
Uncalled bet ($0.03) returned to 895f96a2
*** SHOWDOWN ***
895f96a2 collected $0.04 from pot
*** SUMMARY ***
Total pot $0.04 | Rake $0 | Jackpot $0 | Bingo $0 | Fortune $0
Seat 1: 5c1f48bb (button) folded before Flop (didn't bet)
Seat 2: 4aab56ed (small blind) folded before Flop
Seat 3: 895f96a2 (big blind) collected ($0.04)
Seat 4: 3dac667b folded before Flop (didn't bet)
Seat 5: ffe2908d folded before Flop (didn't bet)
Seat 6: Hero folded before Flop (didn't bet)


Poker Hand #HD1208359517: Hold'em No Limit  ($0.02/$0.05) - 2023/04/18 20:07:05
Table 'NLHBlue90' 6-max Seat #6 is the button
Seat 1: 5c1f48bb ($12.64 in chips)
Seat 2: 4aab56ed ($6.21 in chips)
Seat 4: 3dac667b ($5 in chips)
Seat 5: ffe2908d ($5 in chips)
Seat 6: Hero ($5.85 in chips)
5c1f48bb: posts small blind $0.02
4aab56ed: posts big blind $0.05
*** HOLE CARDS ***
Dealt to 5c1f48bb 
Dealt to 4aab56ed 
Dealt to 3dac667b 
Dealt to ffe2908d 
Dealt to Hero [Ad 4d]
3dac667b: folds
ffe2908d: folds
Hero: raises $0.07 to $0.12
5c1f48bb: folds
4aab56ed: folds
Uncalled bet ($0.07) returned to Hero
*** SHOWDOWN ***
Hero collected $0.12 from pot
*** SUMMARY ***
Total pot $0.12 | Rake $0 | Jackpot $0 | Bingo $0 | Fortune $0
Seat 1: 5c1f48bb (small blind) folded before Flop
Seat 2: 4aab56ed (big blind) folded before Flop
Seat 4: 3dac667b folded before Flop (didn't bet)
Seat 5: ffe2908d folded before Flop (didn't bet)
Seat 6: Hero (button) collected ($0.12)


Poker Hand #HD1208359480: Hold'em No Limit  ($0.02/$0.05) - 2023/04/18 20:06:41
Table 'NLHBlue90' 6-max Seat #5 is the button
Seat 1: 5c1f48bb ($12.62 in chips)
Seat 2: 4aab56ed ($6.21 in chips)
Seat 3: 895f96a2 ($7.4 in chips)
Seat 4: 3dac667b ($5 in chips)
Seat 5: ffe2908d ($5 in chips)
Seat 6: Hero ($5.87 in chips)
Hero: posts small blind $0.02
5c1f48bb: posts big blind $0.05
*** HOLE CARDS ***
Dealt to 5c1f48bb 
Dealt to 4aab56ed 
Dealt to 895f96a2 
Dealt to 3dac667b 
Dealt to ffe2908d 
Dealt to Hero [9s 2h]
4aab56ed: folds
895f96a2: folds
3dac667b: folds
ffe2908d: folds
Hero: folds
Uncalled bet ($0.03) returned to 5c1f48bb
*** SHOWDOWN ***
5c1f48bb collected $0.04 from pot
*** SUMMARY ***
Total pot $0.04 | Rake $0 | Jackpot $0 | Bingo $0 | Fortune $0
Seat 1: 5c1f48bb (big blind) collected ($0.04)
Seat 2: 4aab56ed folded before Flop (didn't bet)
Seat 3: 895f96a2 folded before Flop (didn't bet)
Seat 4: 3dac667b folded before Flop (didn't bet)
Seat 5: ffe2908d (button) folded before Flop (didn't bet)
Seat 6: Hero (small blind) folded before Flop


Poker Hand #HD1208359451: Hold'em No Limit  ($0.02/$0.05) - 2023/04/18 20:06:22
Table 'NLHBlue90' 6-max Seat #4 is the button
Seat 1: 5c1f48bb ($12.62 in chips)
Seat 2: 4aab56ed ($6.21 in chips)
Seat 3: 895f96a2 ($7.4 in chips)
Seat 4: 3dac667b ($5 in chips)
Seat 5: ffe2908d ($5.02 in chips)
Seat 6: Hero ($5.85 in chips)
ffe2908d: posts small blind $0.02
Hero: posts big blind $0.05
*** HOLE CARDS ***
Dealt to 5c1f48bb 
Dealt to 4aab56ed 
Dealt to 895f96a2 
Dealt to 3dac667b 
Dealt to ffe2908d 
Dealt to Hero [Qs 4d]
5c1f48bb: folds
4aab56ed: folds
895f96a2: folds
3dac667b: folds
ffe2908d: folds
Uncalled bet ($0.03) returned to Hero
*** SHOWDOWN ***
Hero collected $0.04 from pot
*** SUMMARY ***
Total pot $0.04 | Rake $0 | Jackpot $0 | Bingo $0 | Fortune $0
Seat 1: 5c1f48bb folded before Flop (didn't bet)
Seat 2: 4aab56ed folded before Flop (didn't bet)
Seat 3: 895f96a2 folded before Flop (didn't bet)
Seat 4: 3dac667b (button) folded before Flop (didn't bet)
Seat 5: ffe2908d (small blind) folded before Flop
Seat 6: Hero (big blind) collected ($0.04)


Poker Hand #HD1208359422: Hold'em No Limit  ($0.02/$0.05) - 2023/04/18 20:06:05
Table 'NLHBlue90' 6-max Seat #3 is the button
Seat 1: 5c1f48bb ($12.62 in chips)
Seat 2: 4aab56ed ($6.21 in chips)
Seat 3: 895f96a2 ($7.4 in chips)
Seat 4: 3dac667b ($5.02 in chips)
Seat 5: ffe2908d ($5 in chips)
Seat 6: Hero ($5.85 in chips)
3dac667b: posts small blind $0.02
ffe2908d: posts big blind $0.05
*** HOLE CARDS ***
Dealt to 5c1f48bb 
Dealt to 4aab56ed 
Dealt to 895f96a2 
Dealt to 3dac667b 
Dealt to ffe2908d 
Dealt to Hero [9c 4h]
Hero: folds
5c1f48bb: folds
4aab56ed: folds
895f96a2: folds
3dac667b: folds
Uncalled bet ($0.03) returned to ffe2908d
*** SHOWDOWN ***
ffe2908d collected $0.04 from pot
*** SUMMARY ***
Total pot $0.04 | Rake $0 | Jackpot $0 | Bingo $0 | Fortune $0
Seat 1: 5c1f48bb folded before Flop (didn't bet)
Seat 2: 4aab56ed folded before Flop (didn't bet)
Seat 3: 895f96a2 (button) folded before Flop (didn't bet)
Seat 4: 3dac667b (small blind) folded before Flop
Seat 5: ffe2908d (big blind) collected ($0.04)
Seat 6: Hero folded before Flop (didn't bet)


Poker Hand #HD1208359359: Hold'em No Limit  ($0.02/$0.05) - 2023/04/18 20:05:31
Table 'NLHBlue90' 6-max Seat #2 is the button
Seat 1: 5c1f48bb ($12.75 in chips)
Seat 2: 4aab56ed ($6.21 in chips)
Seat 3: 895f96a2 ($7.23 in chips)
Seat 4: 3dac667b ($5.07 in chips)
Seat 5: ffe2908d ($5 in chips)
Seat 6: Hero ($5.85 in chips)
895f96a2: posts small blind $0.02
3dac667b: posts big blind $0.05
*** HOLE CARDS ***
Dealt to 5c1f48bb 
Dealt to 4aab56ed 
Dealt to 895f96a2 
Dealt to 3dac667b 
Dealt to ffe2908d 
Dealt to Hero [3d 4s]
ffe2908d: folds
Hero: folds
5c1f48bb: raises $0.08 to $0.13
4aab56ed: folds
895f96a2: raises $0.31 to $0.44
3dac667b: folds
5c1f48bb: folds
Uncalled bet ($0.31) returned to 895f96a2
*** SHOWDOWN ***
895f96a2 collected $0.3 from pot
*** SUMMARY ***
Total pot $0.31 | Rake $0.01 | Jackpot $0 | Bingo $0 | Fortune $0
Seat 1: 5c1f48bb folded before Flop
Seat 2: 4aab56ed (button) folded before Flop (didn't bet)
Seat 3: 895f96a2 (small blind) collected ($0.3)
Seat 4: 3dac667b (big blind) folded before Flop
Seat 5: ffe2908d folded before Flop (didn't bet)
Seat 6: Hero folded before Flop (didn't bet)


Poker Hand #HD1208359176: Hold'em No Limit  ($0.02/$0.05) - 2023/04/18 20:03:48
Table 'NLHBlue90' 6-max Seat #1 is the button
Seat 1: 5c1f48bb ($12.75 in chips)
Seat 2: 4aab56ed ($6.23 in chips)
Seat 3: 895f96a2 ($6.97 in chips)
Seat 4: 3dac667b ($5.07 in chips)
Seat 5: ffe2908d ($4.98 in chips)
Seat 6: Hero ($5.85 in chips)
4aab56ed: posts small blind $0.02
895f96a2: posts big blind $0.05
*** HOLE CARDS ***
Dealt to 5c1f48bb 
Dealt to 4aab56ed 
Dealt to 895f96a2 
Dealt to 3dac667b 
Dealt to ffe2908d 
Dealt to Hero [Jh Ad]
3dac667b: folds
ffe2908d: raises $0.1 to $0.15
Hero: folds
5c1f48bb: folds
4aab56ed: folds
895f96a2: calls $0.1
*** FLOP *** [2c 9c Jd]
895f96a2: checks
ffe2908d: bets $0.11
895f96a2: calls $0.11
*** TURN *** [2c 9c Jd] [7h]
895f96a2: checks
ffe2908d: checks
*** RIVER *** [2c 9c Jd 7h] [7d]
895f96a2: bets $0.36
ffe2908d: folds
Uncalled bet ($0.36) returned to 895f96a2
*** SHOWDOWN ***
895f96a2 collected $0.52 from pot
*** SUMMARY ***
Total pot $0.54 | Rake $0.02 | Jackpot $0 | Bingo $0 | Fortune $0
Board [2c 9c Jd 7h 7d]
Seat 1: 5c1f48bb (button) folded before Flop (didn't bet)
Seat 2: 4aab56ed (small blind) folded before Flop
Seat 3: 895f96a2 (big blind) won ($0.52)
Seat 4: 3dac667b folded before Flop (didn't bet)
Seat 5: ffe2908d folded on the River
Seat 6: Hero folded before Flop (didn't bet)


Poker Hand #HD1208359089: Hold'em No Limit  ($0.02/$0.05) - 2023/04/18 20:02:55
Table 'NLHBlue90' 6-max Seat #6 is the button
Seat 1: 5c1f48bb ($12.77 in chips)
Seat 2: 4aab56ed ($6.08 in chips)
Seat 3: 895f96a2 ($7.11 in chips)
Seat 4: 3dac667b ($5.07 in chips)
Seat 5: ffe2908d ($4.98 in chips)
Seat 6: Hero ($5.85 in chips)
5c1f48bb: posts small blind $0.02
4aab56ed: posts big blind $0.05
*** HOLE CARDS ***
Dealt to 5c1f48bb 
Dealt to 4aab56ed 
Dealt to 895f96a2 
Dealt to 3dac667b 
Dealt to ffe2908d 
Dealt to Hero [Ks 7s]
895f96a2: calls $0.05
3dac667b: folds
ffe2908d: folds
Hero: folds
5c1f48bb: folds
4aab56ed: checks
*** FLOP *** [2c 8h Kc]
4aab56ed: checks
895f96a2: checks
*** TURN *** [2c 8h Kc] [9h]
4aab56ed: bets $0.09
895f96a2: calls $0.09
*** RIVER *** [2c 8h Kc 9h] [Qs]
4aab56ed: checks
895f96a2: checks
4aab56ed: shows [Kh 6s] (Pair of Kings)
895f96a2: shows [3d 3h] (Pair of Treys)
*** SHOWDOWN ***
4aab56ed collected $0.29 from pot
*** SUMMARY ***
Total pot $0.3 | Rake $0.01 | Jackpot $0 | Bingo $0 | Fortune $0
Board [2c 8h Kc 9h Qs]
Seat 1: 5c1f48bb (small blind) folded before Flop
Seat 2: 4aab56ed (big blind) showed [Kh 6s] and won ($0.29) with Pair of Kings
Seat 3: 895f96a2 showed [3d 3h] and lost with Pair of Treys
Seat 4: 3dac667b folded before Flop (didn't bet)
Seat 5: ffe2908d folded before Flop (didn't bet)
Seat 6: Hero (button) folded before Flop (didn't bet)


Poker Hand #HD1208359062: Hold'em No Limit  ($0.02/$0.05) - 2023/04/18 20:02:39
Table 'NLHBlue90' 6-max Seat #5 is the button
Seat 1: 5c1f48bb ($12.82 in chips)
Seat 2: 4aab56ed ($6.08 in chips)
Seat 3: 895f96a2 ($7.11 in chips)
Seat 4: 3dac667b ($5 in chips)
Seat 5: ffe2908d ($4.98 in chips)
Seat 6: Hero ($5.87 in chips)
Hero: posts small blind $0.02
5c1f48bb: posts big blind $0.05
*** HOLE CARDS ***
Dealt to 5c1f48bb 
Dealt to 4aab56ed 
Dealt to 895f96a2 
Dealt to 3dac667b 
Dealt to ffe2908d 
Dealt to Hero [6c Ts]
4aab56ed: folds
895f96a2: folds
3dac667b: raises $0.07 to $0.12
ffe2908d: folds
Hero: folds
5c1f48bb: folds
Uncalled bet ($0.07) returned to 3dac667b
*** SHOWDOWN ***
3dac667b collected $0.12 from pot
*** SUMMARY ***
Total pot $0.12 | Rake $0 | Jackpot $0 | Bingo $0 | Fortune $0
Seat 1: 5c1f48bb (big blind) folded before Flop
Seat 2: 4aab56ed folded before Flop (didn't bet)
Seat 3: 895f96a2 folded before Flop (didn't bet)
Seat 4: 3dac667b collected ($0.12)
Seat 5: ffe2908d (button) folded before Flop (didn't bet)
Seat 6: Hero (small blind) folded before Flop


Poker Hand #HD1208359040: Hold'em No Limit  ($0.02/$0.05) - 2023/04/18 20:02:26
Table 'NLHBlue90' 6-max Seat #4 is the button
Seat 1: 5c1f48bb ($12.82 in chips)
Seat 2: 4aab56ed ($6.01 in chips)
Seat 3: 895f96a2 ($7.11 in chips)
Seat 4: 3dac667b ($5 in chips)
Seat 5: ffe2908d ($5 in chips)
Seat 6: Hero ($5.92 in chips)
ffe2908d: posts small blind $0.02
Hero: posts big blind $0.05
*** HOLE CARDS ***
Dealt to 5c1f48bb 
Dealt to 4aab56ed 
Dealt to 895f96a2 
Dealt to 3dac667b 
Dealt to ffe2908d 
Dealt to Hero [Js 7d]
5c1f48bb: folds
4aab56ed: raises $0.08 to $0.13
895f96a2: folds
3dac667b: folds
ffe2908d: folds
Hero: folds
Uncalled bet ($0.08) returned to 4aab56ed
*** SHOWDOWN ***
4aab56ed collected $0.12 from pot
*** SUMMARY ***
Total pot $0.12 | Rake $0 | Jackpot $0 | Bingo $0 | Fortune $0
Seat 1: 5c1f48bb folded before Flop (didn't bet)
Seat 2: 4aab56ed collected ($0.12)
Seat 3: 895f96a2 folded before Flop (didn't bet)
Seat 4: 3dac667b (button) folded before Flop (didn't bet)
Seat 5: ffe2908d (small blind) folded before Flop
Seat 6: Hero (big blind) folded before Flop


Poker Hand #HD1208358990: Hold'em No Limit  ($0.02/$0.05) - 2023/04/18 20:02:00
Table 'NLHBlue90' 6-max Seat #3 is the button
Seat 1: 5c1f48bb ($12.95 in chips)
Seat 2: 4aab56ed ($5.82 in chips)
Seat 3: 895f96a2 ($7.11 in chips)
Seat 4: 3dac667b ($5 in chips)
Seat 5: ffe2908d ($4.77 in chips)
Seat 6: Hero ($5.92 in chips)
3dac667b: posts small blind $0.02
ffe2908d: posts big blind $0.05
*** HOLE CARDS ***
Dealt to 5c1f48bb 
Dealt to 4aab56ed 
Dealt to 895f96a2 
Dealt to 3dac667b 
Dealt to ffe2908d 
Dealt to Hero [Qd 5s]
Hero: folds
5c1f48bb: raises $0.08 to $0.13
4aab56ed: raises $0.32 to $0.45
895f96a2: folds
3dac667b: folds
ffe2908d: folds
5c1f48bb: folds
Uncalled bet ($0.32) returned to 4aab56ed
*** SHOWDOWN ***
4aab56ed collected $0.32 from pot
*** SUMMARY ***
Total pot $0.33 | Rake $0.01 | Jackpot $0 | Bingo $0 | Fortune $0
Seat 1: 5c1f48bb folded before Flop
Seat 2: 4aab56ed collected ($0.32)
Seat 3: 895f96a2 (button) folded before Flop (didn't bet)
Seat 4: 3dac667b (small blind) folded before Flop
Seat 5: ffe2908d (big blind) folded before Flop
Seat 6: Hero folded before Flop (didn't bet)


Poker Hand #HD1208358893: Hold'em No Limit  ($0.02/$0.05) - 2023/04/18 20:01:00
Table 'NLHBlue90' 6-max Seat #2 is the button
Seat 1: 5c1f48bb ($12.95 in chips)
Seat 2: 4aab56ed ($5.82 in chips)
Seat 3: 895f96a2 ($6.45 in chips)
Seat 4: 3dac667b ($5 in chips)
Seat 5: ffe2908d ($4.77 in chips)
Seat 6: Hero ($6.65 in chips)
895f96a2: posts small blind $0.02
3dac667b: posts big blind $0.05
*** HOLE CARDS ***
Dealt to 5c1f48bb 
Dealt to 4aab56ed 
Dealt to 895f96a2 
Dealt to 3dac667b 
Dealt to ffe2908d 
Dealt to Hero [Ks Qs]
ffe2908d: folds
Hero: raises $0.07 to $0.12
5c1f48bb: folds
4aab56ed: folds
895f96a2: calls $0.1
3dac667b: folds
*** FLOP *** [Js 9s 4c]
895f96a2: checks
Hero: bets $0.18
895f96a2: calls $0.18
*** TURN *** [Js 9s 4c] [3c]
895f96a2: bets $0.43
Hero: calls $0.43
*** RIVER *** [Js 9s 4c 3c] [8d]
895f96a2: bets $1.4
Hero: folds
Uncalled bet ($1.4) returned to 895f96a2
*** SHOWDOWN ***
895f96a2 collected $1.39 from pot
*** SUMMARY ***
Total pot $1.51 | Rake $0.07 | Jackpot $0.05 | Bingo $0 | Fortune $0
Board [Js 9s 4c 3c 8d]
Seat 1: 5c1f48bb folded before Flop (didn't bet)
Seat 2: 4aab56ed (button) folded before Flop (didn't bet)
Seat 3: 895f96a2 (small blind) won ($1.39)
Seat 4: 3dac667b (big blind) folded before Flop
Seat 5: ffe2908d folded before Flop (didn't bet)
Seat 6: Hero folded on the River


Poker Hand #HD1208358745: Hold'em No Limit  ($0.02/$0.05) - 2023/04/18 19:59:42
Table 'NLHBlue90' 6-max Seat #1 is the button
Seat 1: 5c1f48bb ($12.95 in chips)
Seat 2: 4aab56ed ($5.84 in chips)
Seat 3: 895f96a2 ($6.32 in chips)
Seat 4: 3dac667b ($5 in chips)
Seat 5: ffe2908d ($4.77 in chips)
Seat 6: Hero ($6.65 in chips)
4aab56ed: posts small blind $0.02
895f96a2: posts big blind $0.05
*** HOLE CARDS ***
Dealt to 5c1f48bb 
Dealt to 4aab56ed 
Dealt to 895f96a2 
Dealt to 3dac667b 
Dealt to ffe2908d 
Dealt to Hero [Qs 6s]
3dac667b: raises $0.07 to $0.12
ffe2908d: folds
Hero: folds
5c1f48bb: folds
4aab56ed: folds
895f96a2: calls $0.07
*** FLOP *** [Qc 2s Ks]
895f96a2: checks
3dac667b: checks
*** TURN *** [Qc 2s Ks] [4h]
895f96a2: checks
3dac667b: checks
*** RIVER *** [Qc 2s Ks 4h] [3c]
895f96a2: bets $0.4
3dac667b: folds
Uncalled bet ($0.4) returned to 895f96a2
*** SHOWDOWN ***
895f96a2 collected $0.25 from pot
*** SUMMARY ***
Total pot $0.26 | Rake $0.01 | Jackpot $0 | Bingo $0 | Fortune $0
Board [Qc 2s Ks 4h 3c]
Seat 1: 5c1f48bb (button) folded before Flop (didn't bet)
Seat 2: 4aab56ed (small blind) folded before Flop
Seat 3: 895f96a2 (big blind) won ($0.25)
Seat 4: 3dac667b folded on the River
Seat 5: ffe2908d folded before Flop (didn't bet)
Seat 6: Hero folded before Flop (didn't bet)


Poker Hand #HD1208358692: Hold'em No Limit  ($0.02/$0.05) - 2023/04/18 19:59:17
Table 'NLHBlue90' 6-max Seat #6 is the button
Seat 1: 5c1f48bb ($12.9 in chips)
Seat 2: 4aab56ed ($5.89 in chips)
Seat 3: 895f96a2 ($6.32 in chips)
Seat 4: 3dac667b ($5 in chips)
Seat 5: ffe2908d ($4.77 in chips)
Seat 6: Hero ($6.65 in chips)
5c1f48bb: posts small blind $0.02
4aab56ed: posts big blind $0.05
*** HOLE CARDS ***
Dealt to 5c1f48bb 
Dealt to 4aab56ed 
Dealt to 895f96a2 
Dealt to 3dac667b 
Dealt to ffe2908d 
Dealt to Hero [Jh 2d]
895f96a2: folds
3dac667b: folds
ffe2908d: folds
Hero: folds
5c1f48bb: raises $0.08 to $0.13
4aab56ed: folds
Uncalled bet ($0.08) returned to 5c1f48bb
*** SHOWDOWN ***
5c1f48bb collected $0.1 from pot
*** SUMMARY ***
Total pot $0.1 | Rake $0 | Jackpot $0 | Bingo $0 | Fortune $0
Seat 1: 5c1f48bb (small blind) collected ($0.1)
Seat 2: 4aab56ed (big blind) folded before Flop
Seat 3: 895f96a2 folded before Flop (didn't bet)
Seat 4: 3dac667b folded before Flop (didn't bet)
Seat 5: ffe2908d folded before Flop (didn't bet)
Seat 6: Hero (button) folded before Flop (didn't bet)


Poker Hand #HD1208358557: Hold'em No Limit  ($0.02/$0.05) - 2023/04/18 19:58:02
Table 'NLHBlue90' 6-max Seat #5 is the button
Seat 1: 5c1f48bb ($14.15 in chips)
Seat 2: 4aab56ed ($5.89 in chips)
Seat 3: 895f96a2 ($6.92 in chips)
Seat 4: 3dac667b ($5 in chips)
Seat 5: ffe2908d ($4.77 in chips)
Seat 6: Hero ($5 in chips)
Hero: posts small blind $0.02
5c1f48bb: posts big blind $0.05
*** HOLE CARDS ***
Dealt to 5c1f48bb 
Dealt to 4aab56ed 
Dealt to 895f96a2 
Dealt to 3dac667b 
Dealt to ffe2908d 
Dealt to Hero [As Ac]
4aab56ed: folds
895f96a2: raises $0.08 to $0.13
3dac667b: folds
ffe2908d: folds
Hero: raises $0.47 to $0.6
5c1f48bb: calls $0.55
895f96a2: calls $0.47
*** FLOP *** [Kc Td Kh]
Hero: bets $0.65
5c1f48bb: calls $0.65
895f96a2: folds
*** TURN *** [Kc Td Kh] [6c]
Hero: bets $1.12
5c1f48bb: folds
Uncalled bet ($1.12) returned to Hero
*** SHOWDOWN ***
Hero collected $2.9 from pot
*** SUMMARY ***
Total pot $3.1 | Rake $0.15 | Jackpot $0.05 | Bingo $0 | Fortune $0
Board [Kc Td Kh 6c]
Seat 1: 5c1f48bb (big blind) folded on the Turn
Seat 2: 4aab56ed folded before Flop (didn't bet)
Seat 3: 895f96a2 folded on the Flop
Seat 4: 3dac667b folded before Flop (didn't bet)
Seat 5: ffe2908d (button) folded before Flop (didn't bet)
Seat 6: Hero (small blind) won ($2.9)


Poker Hand #HD1208358470: Hold'em No Limit  ($0.02/$0.05) - 2023/04/18 19:57:07
Table 'NLHBlue90' 6-max Seat #4 is the button
Seat 1: 5c1f48bb ($13.87 in chips)
Seat 2: 4aab56ed ($5.89 in chips)
Seat 3: 895f96a2 ($6.92 in chips)
Seat 4: 3dac667b ($5 in chips)
Seat 5: ffe2908d ($5.02 in chips)
Seat 6: Hero ($5 in chips)
ffe2908d: posts small blind $0.02
Hero: posts big blind $0.05
*** HOLE CARDS ***
Dealt to 5c1f48bb 
Dealt to 4aab56ed 
Dealt to 895f96a2 
Dealt to 3dac667b 
Dealt to ffe2908d 
Dealt to Hero [6c Jd]
5c1f48bb: calls $0.05
4aab56ed: folds
895f96a2: folds
3dac667b: folds
ffe2908d: raises $0.2 to $0.25
Hero: folds
5c1f48bb: calls $0.2
*** FLOP *** [9s Ts 6s]
ffe2908d: checks
5c1f48bb: checks
*** TURN *** [9s Ts 6s] [3d]
ffe2908d: checks
5c1f48bb: checks
*** RIVER *** [9s Ts 6s 3d] [Kd]
ffe2908d: checks
5c1f48bb: checks
ffe2908d: shows [Jh Ac] (Ace-High)
5c1f48bb: shows [2h 2c] (Pair of Twos)
*** SHOWDOWN ***
5c1f48bb collected $0.53 from pot
*** SUMMARY ***
Total pot $0.55 | Rake $0.02 | Jackpot $0 | Bingo $0 | Fortune $0
Board [9s Ts 6s 3d Kd]
Seat 1: 5c1f48bb showed [2h 2c] and won ($0.53) with Pair of Twos
Seat 2: 4aab56ed folded before Flop (didn't bet)
Seat 3: 895f96a2 folded before Flop (didn't bet)
Seat 4: 3dac667b (button) folded before Flop (didn't bet)
Seat 5: ffe2908d (small blind) showed [Jh Ac] and lost with Ace-High
Seat 6: Hero (big blind) folded before Flop


Poker Hand #HD1208358369: Hold'em No Limit  ($0.02/$0.05) - 2023/04/18 19:56:06
Table 'NLHBlue90' 6-max Seat #3 is the button
Seat 1: 5c1f48bb ($13.87 in chips)
Seat 2: 4aab56ed ($5.11 in chips)
Seat 3: 895f96a2 ($6.92 in chips)
Seat 4: 3dac667b ($5.02 in chips)
Seat 5: ffe2908d ($5.14 in chips)
Seat 6: Hero ($5 in chips)
3dac667b: posts small blind $0.02
ffe2908d: posts big blind $0.05
*** HOLE CARDS ***
Dealt to 5c1f48bb 
Dealt to 4aab56ed 
Dealt to 895f96a2 
Dealt to 3dac667b 
Dealt to ffe2908d 
Dealt to Hero [Qs As]
Hero: raises $0.07 to $0.12
5c1f48bb: folds
4aab56ed: calls $0.12
895f96a2: folds
3dac667b: calls $0.1
ffe2908d: calls $0.07
*** FLOP *** [4s Kc 2h]
3dac667b: checks
ffe2908d: checks
Hero: bets $0.24
4aab56ed: calls $0.24
3dac667b: calls $0.24
ffe2908d: folds
*** TURN *** [4s Kc 2h] [9d]
3dac667b: checks
Hero: checks
4aab56ed: bets $0.9
3dac667b: folds
Hero: folds
Uncalled bet ($0.9) returned to 4aab56ed
*** SHOWDOWN ***
4aab56ed collected $1.14 from pot
*** SUMMARY ***
Total pot $1.2 | Rake $0.06 | Jackpot $0 | Bingo $0 | Fortune $0
Board [4s Kc 2h 9d]
Seat 1: 5c1f48bb folded before Flop (didn't bet)
Seat 2: 4aab56ed won ($1.14)
Seat 3: 895f96a2 (button) folded before Flop (didn't bet)
Seat 4: 3dac667b (small blind) folded on the Turn
Seat 5: ffe2908d (big blind) folded on the Flop
Seat 6: Hero folded on the Turn


Poker Hand #HD1208358343: Hold'em No Limit  ($0.02/$0.05) - 2023/04/18 19:55:50
Table 'NLHBlue90' 6-max Seat #2 is the button
Seat 1: 5c1f48bb ($13.8 in chips)
Seat 2: 4aab56ed ($5.11 in chips)
Seat 3: 895f96a2 ($6.94 in chips)
Seat 4: 3dac667b ($5.07 in chips)
Seat 5: ffe2908d ($5.14 in chips)
Seat 6: Hero ($5 in chips)
895f96a2: posts small blind $0.02
3dac667b: posts big blind $0.05
*** HOLE CARDS ***
Dealt to 5c1f48bb 
Dealt to 4aab56ed 
Dealt to 895f96a2 
Dealt to 3dac667b 
Dealt to ffe2908d 
Dealt to Hero [9s Qc]
ffe2908d: folds
Hero: folds
5c1f48bb: raises $0.08 to $0.13
4aab56ed: folds
895f96a2: folds
3dac667b: folds
Uncalled bet ($0.08) returned to 5c1f48bb
*** SHOWDOWN ***
5c1f48bb collected $0.12 from pot
*** SUMMARY ***
Total pot $0.12 | Rake $0 | Jackpot $0 | Bingo $0 | Fortune $0
Seat 1: 5c1f48bb collected ($0.12)
Seat 2: 4aab56ed (button) folded before Flop (didn't bet)
Seat 3: 895f96a2 (small blind) folded before Flop
Seat 4: 3dac667b (big blind) folded before Flop
Seat 5: ffe2908d folded before Flop (didn't bet)
Seat 6: Hero folded before Flop (didn't bet)


Poker Hand #HD1208358293: Hold'em No Limit  ($0.02/$0.05) - 2023/04/18 19:55:20
Table 'NLHBlue90' 6-max Seat #1 is the button
Seat 1: 5c1f48bb ($13.6 in chips)
Seat 2: 4aab56ed ($5.13 in chips)
Seat 3: 895f96a2 ($6.99 in chips)
Seat 4: 3dac667b ($5.07 in chips)
Seat 5: ffe2908d ($5.14 in chips)
Seat 6: Hero ($5 in chips)
4aab56ed: posts small blind $0.02
895f96a2: posts big blind $0.05
*** HOLE CARDS ***
Dealt to 5c1f48bb 
Dealt to 4aab56ed 
Dealt to 895f96a2 
Dealt to 3dac667b 
Dealt to ffe2908d 
Dealt to Hero [Jc Qs]
3dac667b: folds
ffe2908d: folds
Hero: raises $0.09 to $0.14
5c1f48bb: raises $0.35 to $0.49
4aab56ed: folds
895f96a2: folds
Hero: folds
Uncalled bet ($0.35) returned to 5c1f48bb
*** SHOWDOWN ***
5c1f48bb collected $0.34 from pot
*** SUMMARY ***
Total pot $0.35 | Rake $0.01 | Jackpot $0 | Bingo $0 | Fortune $0
Seat 1: 5c1f48bb (button) collected ($0.34)
Seat 2: 4aab56ed (small blind) folded before Flop
Seat 3: 895f96a2 (big blind) folded before Flop
Seat 4: 3dac667b folded before Flop (didn't bet)
Seat 5: ffe2908d folded before Flop (didn't bet)
Seat 6: Hero folded before Flop


Poker Hand #HD1208358260: Hold'em No Limit  ($0.02/$0.05) - 2023/04/18 19:55:04
Table 'NLHBlue90' 6-max Seat #6 is the button
Seat 1: 5c1f48bb ($13.62 in chips)
Seat 2: 4aab56ed ($5.18 in chips)
Seat 3: 895f96a2 ($6.99 in chips)
Seat 4: 3dac667b ($5 in chips)
Seat 5: ffe2908d ($5.14 in chips)
Seat 6: Hero ($5 in chips)
5c1f48bb: posts small blind $0.02
4aab56ed: posts big blind $0.05
*** HOLE CARDS ***
Dealt to 5c1f48bb 
Dealt to 4aab56ed 
Dealt to 895f96a2 
Dealt to 3dac667b 
Dealt to ffe2908d 
Dealt to Hero [5h 7d]
895f96a2: folds
3dac667b: raises $0.07 to $0.12
ffe2908d: folds
Hero: folds
5c1f48bb: folds
4aab56ed: folds
Uncalled bet ($0.07) returned to 3dac667b
*** SHOWDOWN ***
3dac667b collected $0.12 from pot
*** SUMMARY ***
Total pot $0.12 | Rake $0 | Jackpot $0 | Bingo $0 | Fortune $0
Seat 1: 5c1f48bb (small blind) folded before Flop
Seat 2: 4aab56ed (big blind) folded before Flop
Seat 3: 895f96a2 folded before Flop (didn't bet)
Seat 4: 3dac667b collected ($0.12)
Seat 5: ffe2908d folded before Flop (didn't bet)
Seat 6: Hero (button) folded before Flop (didn't bet)


Poker Hand #HD1208358161: Hold'em No Limit  ($0.02/$0.05) - 2023/04/18 19:54:05
Table 'NLHBlue90' 6-max Seat #5 is the button
Seat 1: 5c1f48bb ($13.67 in chips)
Seat 2: 4aab56ed ($5.18 in chips)
Seat 3: 895f96a2 ($6.74 in chips)
Seat 4: 3dac667b ($5 in chips)
Seat 5: ffe2908d ($5.14 in chips)
Seat 6: Hero ($5.02 in chips)
Hero: posts small blind $0.02
5c1f48bb: posts big blind $0.05
*** HOLE CARDS ***
Dealt to 5c1f48bb 
Dealt to 4aab56ed 
Dealt to 895f96a2 
Dealt to 3dac667b 
Dealt to ffe2908d 
Dealt to Hero [Jd Ks]
4aab56ed: folds
895f96a2: calls $0.05
3dac667b: raises $0.15 to $0.2
ffe2908d: folds
Hero: folds
5c1f48bb: folds
895f96a2: calls $0.15
*** FLOP *** [3c 3d Th]
895f96a2: checks
3dac667b: checks
*** TURN *** [3c 3d Th] [Kh]
895f96a2: checks
3dac667b: checks
*** RIVER *** [3c 3d Th Kh] [6c]
895f96a2: bets $6.54 and is all-in
3dac667b: folds
Uncalled bet ($6.54) returned to 895f96a2
*** SHOWDOWN ***
895f96a2 collected $0.45 from pot
*** SUMMARY ***
Total pot $0.47 | Rake $0.02 | Jackpot $0 | Bingo $0 | Fortune $0
Board [3c 3d Th Kh 6c]
Seat 1: 5c1f48bb (big blind) folded before Flop
Seat 2: 4aab56ed folded before Flop (didn't bet)
Seat 3: 895f96a2 won ($0.45)
Seat 4: 3dac667b folded on the River
Seat 5: ffe2908d (button) folded before Flop (didn't bet)
Seat 6: Hero (small blind) folded before Flop


Poker Hand #HD1208358106: Hold'em No Limit  ($0.02/$0.05) - 2023/04/18 19:53:33
Table 'NLHBlue90' 6-max Seat #4 is the button
Seat 1: 5c1f48bb ($13.8 in chips)
Seat 2: 4aab56ed ($5.18 in chips)
Seat 3: 895f96a2 ($6.55 in chips)
Seat 4: 3dac667b ($5 in chips)
Seat 5: ffe2908d ($5.16 in chips)
Seat 6: Hero ($5.07 in chips)
ffe2908d: posts small blind $0.02
Hero: posts big blind $0.05
*** HOLE CARDS ***
Dealt to 5c1f48bb 
Dealt to 4aab56ed 
Dealt to 895f96a2 
Dealt to 3dac667b 
Dealt to ffe2908d 
Dealt to Hero [Ts 8h]
5c1f48bb: raises $0.08 to $0.13
4aab56ed: folds
895f96a2: raises $0.37 to $0.5
3dac667b: folds
ffe2908d: folds
Hero: folds
5c1f48bb: folds
Uncalled bet ($0.37) returned to 895f96a2
*** SHOWDOWN ***
895f96a2 collected $0.32 from pot
*** SUMMARY ***
Total pot $0.33 | Rake $0.01 | Jackpot $0 | Bingo $0 | Fortune $0
Seat 1: 5c1f48bb folded before Flop
Seat 2: 4aab56ed folded before Flop (didn't bet)
Seat 3: 895f96a2 collected ($0.32)
Seat 4: 3dac667b (button) folded before Flop (didn't bet)
Seat 5: ffe2908d (small blind) folded before Flop
Seat 6: Hero (big blind) folded before Flop


Poker Hand #HD1208358091: Hold'em No Limit  ($0.02/$0.05) - 2023/04/18 19:53:20
Table 'NLHBlue90' 6-max Seat #3 is the button
Seat 1: 5c1f48bb ($13.8 in chips)
Seat 2: 4aab56ed ($5.18 in chips)
Seat 3: 895f96a2 ($6.55 in chips)
Seat 4: 3dac667b ($5 in chips)
Seat 5: ffe2908d ($5.21 in chips)
Seat 6: Hero ($5 in chips)
3dac667b: posts small blind $0.02
ffe2908d: posts big blind $0.05
*** HOLE CARDS ***
Dealt to 5c1f48bb 
Dealt to 4aab56ed 
Dealt to 895f96a2 
Dealt to 3dac667b 
Dealt to ffe2908d 
Dealt to Hero [Qh Kd]
Hero: raises $0.07 to $0.12
5c1f48bb: folds
4aab56ed: folds
895f96a2: folds
3dac667b: folds
ffe2908d: folds
Uncalled bet ($0.07) returned to Hero
*** SHOWDOWN ***
Hero collected $0.12 from pot
*** SUMMARY ***
Total pot $0.12 | Rake $0 | Jackpot $0 | Bingo $0 | Fortune $0
Seat 1: 5c1f48bb folded before Flop (didn't bet)
Seat 2: 4aab56ed folded before Flop (didn't bet)
Seat 3: 895f96a2 (button) folded before Flop (didn't bet)
Seat 4: 3dac667b (small blind) folded before Flop
Seat 5: ffe2908d (big blind) folded before Flop
Seat 6: Hero collected ($0.12)


Poker Hand #HD1208358045: Hold'em No Limit  ($0.02/$0.05) - 2023/04/18 19:52:55
Table 'NLHBlue90' 6-max Seat #2 is the button
Seat 1: 5c1f48bb ($13.8 in chips)
Seat 2: 4aab56ed ($5 in chips)
Seat 3: 895f96a2 ($6.57 in chips)
Seat 4: 3dac667b ($5 in chips)
Seat 5: ffe2908d ($5.21 in chips)
Seat 6: Hero ($5 in chips)
895f96a2: posts small blind $0.02
3dac667b: posts big blind $0.05
*** HOLE CARDS ***
Dealt to 5c1f48bb 
Dealt to 4aab56ed 
Dealt to 895f96a2 
Dealt to 3dac667b 
Dealt to ffe2908d 
Dealt to Hero [Qs Kc]
ffe2908d: folds
Hero: raises $0.07 to $0.12
5c1f48bb: folds
4aab56ed: raises $0.31 to $0.43
895f96a2: folds
3dac667b: folds
Hero: folds
Uncalled bet ($0.31) returned to 4aab56ed
*** SHOWDOWN ***
4aab56ed collected $0.3 from pot
*** SUMMARY ***
Total pot $0.31 | Rake $0.01 | Jackpot $0 | Bingo $0 | Fortune $0
Seat 1: 5c1f48bb folded before Flop (didn't bet)
Seat 2: 4aab56ed (button) collected ($0.3)
Seat 3: 895f96a2 (small blind) folded before Flop
Seat 4: 3dac667b (big blind) folded before Flop
Seat 5: ffe2908d folded before Flop (didn't bet)
Seat 6: Hero folded before Flop


Poker Hand #HD1208357966: Hold'em No Limit  ($0.02/$0.05) - 2023/04/18 19:52:05
Table 'NLHBlue90' 6-max Seat #1 is the button
Seat 1: 5c1f48bb ($13.8 in chips)
Seat 2: 4aab56ed ($5 in chips)
Seat 3: 895f96a2 ($6.43 in chips)
Seat 4: 3dac667b ($5 in chips)
Seat 5: ffe2908d ($5.21 in chips)
Seat 6: Hero ($5 in chips)
4aab56ed: posts small blind $0.02
895f96a2: posts big blind $0.05
*** HOLE CARDS ***
Dealt to 5c1f48bb 
Dealt to 4aab56ed 
Dealt to 895f96a2 
Dealt to 3dac667b 
Dealt to ffe2908d 
Dealt to Hero [5h Th]
3dac667b: folds
ffe2908d: folds
Hero: folds
5c1f48bb: folds
4aab56ed: raises $0.1 to $0.15
895f96a2: calls $0.1
*** FLOP *** [9c Kh 5c]
4aab56ed: checks
895f96a2: bets $0.1
4aab56ed: folds
Uncalled bet ($0.1) returned to 895f96a2
*** SHOWDOWN ***
895f96a2 collected $0.29 from pot
*** SUMMARY ***
Total pot $0.3 | Rake $0.01 | Jackpot $0 | Bingo $0 | Fortune $0
Board [9c Kh 5c]
Seat 1: 5c1f48bb (button) folded before Flop (didn't bet)
Seat 2: 4aab56ed (small blind) folded on the Flop
Seat 3: 895f96a2 (big blind) won ($0.29)
Seat 4: 3dac667b folded before Flop (didn't bet)
Seat 5: ffe2908d folded before Flop (didn't bet)
Seat 6: Hero folded before Flop (didn't bet)


Poker Hand #HD1208357923: Hold'em No Limit  ($0.02/$0.05) - 2023/04/18 19:51:43
Table 'NLHBlue90' 6-max Seat #6 is the button
Seat 1: 5c1f48bb ($13.82 in chips)
Seat 2: 4aab56ed ($5 in chips)
Seat 3: 895f96a2 ($6.43 in chips)
Seat 4: 3dac667b ($5 in chips)
Seat 5: ffe2908d ($5.14 in chips)
Seat 6: Hero ($5 in chips)
5c1f48bb: posts small blind $0.02
4aab56ed: posts big blind $0.05
*** HOLE CARDS ***
Dealt to 5c1f48bb 
Dealt to 4aab56ed 
Dealt to 895f96a2 
Dealt to 3dac667b 
Dealt to ffe2908d 
Dealt to Hero [Qd 2h]
895f96a2: folds
3dac667b: folds
ffe2908d: raises $0.1 to $0.15
Hero: folds
5c1f48bb: folds
4aab56ed: folds
Uncalled bet ($0.1) returned to ffe2908d
*** SHOWDOWN ***
ffe2908d collected $0.12 from pot
*** SUMMARY ***
Total pot $0.12 | Rake $0 | Jackpot $0 | Bingo $0 | Fortune $0
Seat 1: 5c1f48bb (small blind) folded before Flop
Seat 2: 4aab56ed (big blind) folded before Flop
Seat 3: 895f96a2 folded before Flop (didn't bet)
Seat 4: 3dac667b folded before Flop (didn't bet)
Seat 5: ffe2908d collected ($0.12)
Seat 6: Hero (button) folded before Flop (didn't bet)


Poker Hand #HD1208357867: Hold'em No Limit  ($0.02/$0.05) - 2023/04/18 19:51:07
Table 'NLHBlue90' 6-max Seat #5 is the button
Seat 1: 5c1f48bb ($13.95 in chips)
Seat 2: 4aab56ed ($5 in chips)
Seat 3: 895f96a2 ($6.43 in chips)
Seat 4: 3dac667b ($5 in chips)
Seat 5: ffe2908d ($5 in chips)
Seat 6: Hero ($5 in chips)
Hero: posts small blind $0.02
5c1f48bb: posts big blind $0.05
*** HOLE CARDS ***
Dealt to 5c1f48bb 
Dealt to 4aab56ed 
Dealt to 895f96a2 
Dealt to 3dac667b 
Dealt to ffe2908d 
Dealt to Hero [4d Ac]
4aab56ed: folds
895f96a2: folds
3dac667b: folds
ffe2908d: raises $0.08 to $0.13
Hero: folds
5c1f48bb: calls $0.08
*** FLOP *** [Qd 7s 9d]
5c1f48bb: checks
ffe2908d: bets $0.1
5c1f48bb: folds
Uncalled bet ($0.1) returned to ffe2908d
*** SHOWDOWN ***
ffe2908d collected $0.27 from pot
*** SUMMARY ***
Total pot $0.28 | Rake $0.01 | Jackpot $0 | Bingo $0 | Fortune $0
Board [Qd 7s 9d]
Seat 1: 5c1f48bb (big blind) folded on the Flop
Seat 2: 4aab56ed folded before Flop (didn't bet)
Seat 3: 895f96a2 folded before Flop (didn't bet)
Seat 4: 3dac667b folded before Flop (didn't bet)
Seat 5: ffe2908d (button) won ($0.27)
Seat 6: Hero (small blind) folded before Flop


Poker Hand #HD1208357833: Hold'em No Limit  ($0.02/$0.05) - 2023/04/18 19:50:42
Table 'NLHBlue90' 6-max Seat #4 is the button
Seat 1: 5c1f48bb ($13.95 in chips)
Seat 2: 4aab56ed ($5 in chips)
Seat 3: 895f96a2 ($6.43 in chips)
Seat 4: 3dac667b ($5 in chips)
Seat 5: ffe2908d ($4.95 in chips)
Seat 6: Hero ($5 in chips)
ffe2908d: posts small blind $0.02
Hero: posts big blind $0.05
*** HOLE CARDS ***
Dealt to 5c1f48bb 
Dealt to 4aab56ed 
Dealt to 895f96a2 
Dealt to 3dac667b 
Dealt to ffe2908d 
Dealt to Hero [5d Qh]
5c1f48bb: folds
4aab56ed: folds
895f96a2: folds
3dac667b: folds
ffe2908d: raises $0.1 to $0.15
Hero: folds
Uncalled bet ($0.1) returned to ffe2908d
*** SHOWDOWN ***
ffe2908d collected $0.1 from pot
*** SUMMARY ***
Total pot $0.1 | Rake $0 | Jackpot $0 | Bingo $0 | Fortune $0
Seat 1: 5c1f48bb folded before Flop (didn't bet)
Seat 2: 4aab56ed folded before Flop (didn't bet)
Seat 3: 895f96a2 folded before Flop (didn't bet)
Seat 4: 3dac667b (button) folded before Flop (didn't bet)
Seat 5: ffe2908d (small blind) collected ($0.1)
Seat 6: Hero (big blind) folded before Flop


