Poker Hand #HD1602255378: Hold'em No Limit ($0.02/$0.05) - 2024/01/23 14:05:51
Table 'NLHBlue106' 6-max Seat #5 is the button
Seat 1: aeb4fe4f ($5.24 in chips)
Seat 2: Hero ($5.11 in chips)
Seat 3: 4ac30a44 ($5.29 in chips)
Seat 4: 5ec373d9 ($5 in chips)
Seat 5: 28b345f ($5.83 in chips)
Seat 6: d565f5d0 ($5.76 in chips)
d565f5d0: posts small blind $0.02
aeb4fe4f: posts big blind $0.05
*** HOLE CARDS ***
Dealt to aeb4fe4f 
Dealt to Hero [Ah Qd]
Dealt to 4ac30a44 
Dealt to 5ec373d9 
Dealt to 28b345f 
Dealt to d565f5d0 
Hero: raises $0.07 to $0.12
4ac30a44: folds
5ec373d9: folds
28b345f: folds
d565f5d0: folds
aeb4fe4f: folds
Uncalled bet ($0.07) returned to Hero
*** SHOWDOWN ***
Hero collected $0.12 from pot
*** SUMMARY ***
Total pot $0.12 | Rake $0 | Jackpot $0 | Bingo $0 | Fortune $0 | Tax $0
Seat 1: aeb4fe4f (big blind) folded before Flop
Seat 2: Hero collected ($0.12)
Seat 3: 4ac30a44 folded before Flop (didn't bet)
Seat 4: 5ec373d9 folded before Flop (didn't bet)
Seat 5: 28b345f (button) folded before Flop (didn't bet)
Seat 6: d565f5d0 (small blind) folded before Flop


Poker Hand #HD1602255339: Hold'em No Limit ($0.02/$0.05) - 2024/01/23 14:05:35
Table 'NLHBlue106' 6-max Seat #4 is the button
Seat 1: aeb4fe4f ($5.24 in chips)
Seat 2: Hero ($5.04 in chips)
Seat 3: 4ac30a44 ($5.29 in chips)
Seat 4: 5ec373d9 ($5 in chips)
Seat 5: 28b345f ($5.85 in chips)
Seat 6: d565f5d0 ($5.81 in chips)
28b345f: posts small blind $0.02
d565f5d0: posts big blind $0.05
*** HOLE CARDS ***
Dealt to aeb4fe4f 
Dealt to Hero [2s 2d]
Dealt to 4ac30a44 
Dealt to 5ec373d9 
Dealt to 28b345f 
Dealt to d565f5d0 
aeb4fe4f: folds
Hero: raises $0.07 to $0.12
4ac30a44: folds
5ec373d9: folds
28b345f: folds
d565f5d0: folds
Uncalled bet ($0.07) returned to Hero
*** SHOWDOWN ***
Hero collected $0.12 from pot
*** SUMMARY ***
Total pot $0.12 | Rake $0 | Jackpot $0 | Bingo $0 | Fortune $0 | Tax $0
Seat 1: aeb4fe4f folded before Flop (didn't bet)
Seat 2: Hero collected ($0.12)
Seat 3: 4ac30a44 folded before Flop (didn't bet)
Seat 4: 5ec373d9 (button) folded before Flop (didn't bet)
Seat 5: 28b345f (small blind) folded before Flop
Seat 6: d565f5d0 (big blind) folded before Flop


Poker Hand #HD1602255295: Hold'em No Limit ($0.02/$0.05) - 2024/01/23 14:05:13
Table 'NLHBlue106' 6-max Seat #3 is the button
Seat 1: aeb4fe4f ($5.24 in chips)
Seat 2: Hero ($5.04 in chips)
Seat 3: 4ac30a44 ($5.29 in chips)
Seat 4: 5ec373d9 ($5 in chips)
Seat 5: 28b345f ($5.83 in chips)
Seat 6: d565f5d0 ($5.81 in chips)
5ec373d9: posts small blind $0.02
28b345f: posts big blind $0.05
*** HOLE CARDS ***
Dealt to aeb4fe4f 
Dealt to Hero [Qc 7d]
Dealt to 4ac30a44 
Dealt to 5ec373d9 
Dealt to 28b345f 
Dealt to d565f5d0 
d565f5d0: folds
aeb4fe4f: folds
Hero: folds
4ac30a44: folds
5ec373d9: folds
Uncalled bet ($0.03) returned to 28b345f
*** SHOWDOWN ***
28b345f collected $0.04 from pot
*** SUMMARY ***
Total pot $0.04 | Rake $0 | Jackpot $0 | Bingo $0 | Fortune $0 | Tax $0
Seat 1: aeb4fe4f folded before Flop (didn't bet)
Seat 2: Hero folded before Flop (didn't bet)
Seat 3: 4ac30a44 (button) folded before Flop (didn't bet)
Seat 4: 5ec373d9 (small blind) folded before Flop
Seat 5: 28b345f (big blind) collected ($0.04)
Seat 6: d565f5d0 folded before Flop (didn't bet)


Poker Hand #HD1602255176: Hold'em No Limit ($0.02/$0.05) - 2024/01/23 14:04:16
Table 'NLHBlue106' 6-max Seat #2 is the button
Seat 1: aeb4fe4f ($5.24 in chips)
Seat 2: Hero ($5.04 in chips)
Seat 3: 4ac30a44 ($5.02 in chips)
Seat 4: 5ec373d9 ($5.07 in chips)
Seat 5: 28b345f ($5.83 in chips)
Seat 6: d565f5d0 ($5.81 in chips)
4ac30a44: posts small blind $0.02
5ec373d9: posts big blind $0.05
*** HOLE CARDS ***
Dealt to aeb4fe4f 
Dealt to Hero [4s 6s]
Dealt to 4ac30a44 
Dealt to 5ec373d9 
Dealt to 28b345f 
Dealt to d565f5d0 
28b345f: folds
d565f5d0: folds
aeb4fe4f: folds
Hero: folds
4ac30a44: raises $0.1 to $0.15
5ec373d9: calls $0.1
*** FLOP *** [3h 7h Tc]
4ac30a44: checks
5ec373d9: bets $0.15
4ac30a44: raises $0.48 to $0.63
5ec373d9: folds
Uncalled bet ($0.48) returned to 4ac30a44
*** SHOWDOWN ***
4ac30a44 collected $0.57 from pot
*** SUMMARY ***
Total pot $0.6 | Rake $0.03 | Jackpot $0 | Bingo $0 | Fortune $0 | Tax $0
Board [3h 7h Tc]
Seat 1: aeb4fe4f folded before Flop (didn't bet)
Seat 2: Hero (button) folded before Flop (didn't bet)
Seat 3: 4ac30a44 (small blind) won ($0.57)
Seat 4: 5ec373d9 (big blind) folded on the Flop
Seat 5: 28b345f folded before Flop (didn't bet)
Seat 6: d565f5d0 folded before Flop (didn't bet)


Poker Hand #HD1602255123: Hold'em No Limit ($0.02/$0.05) - 2024/01/23 14:03:54
Table 'NLHBlue106' 6-max Seat #1 is the button
Seat 1: aeb4fe4f ($5.24 in chips)
Seat 2: Hero ($5.06 in chips)
Seat 3: 4ac30a44 ($5 in chips)
Seat 4: 5ec373d9 ($5.07 in chips)
Seat 5: 28b345f ($5.83 in chips)
Seat 6: d565f5d0 ($5.81 in chips)
Hero: posts small blind $0.02
4ac30a44: posts big blind $0.05
*** HOLE CARDS ***
Dealt to aeb4fe4f 
Dealt to Hero [2s 7c]
Dealt to 4ac30a44 
Dealt to 5ec373d9 
Dealt to 28b345f 
Dealt to d565f5d0 
5ec373d9: folds
28b345f: folds
d565f5d0: folds
aeb4fe4f: folds
Hero: folds
Uncalled bet ($0.03) returned to 4ac30a44
*** SHOWDOWN ***
4ac30a44 collected $0.04 from pot
*** SUMMARY ***
Total pot $0.04 | Rake $0 | Jackpot $0 | Bingo $0 | Fortune $0 | Tax $0
Seat 1: aeb4fe4f (button) folded before Flop (didn't bet)
Seat 2: Hero (small blind) folded before Flop
Seat 3: 4ac30a44 (big blind) collected ($0.04)
Seat 4: 5ec373d9 folded before Flop (didn't bet)
Seat 5: 28b345f folded before Flop (didn't bet)
Seat 6: d565f5d0 folded before Flop (didn't bet)


Poker Hand #HD1602255095: Hold'em No Limit ($0.02/$0.05) - 2024/01/23 14:03:39
Table 'NLHBlue106' 6-max Seat #6 is the button
Seat 1: aeb4fe4f ($5.26 in chips)
Seat 2: Hero ($5.11 in chips)
Seat 3: 4ac30a44 ($5 in chips)
Seat 4: 5ec373d9 ($5.07 in chips)
Seat 5: 28b345f ($5.83 in chips)
Seat 6: d565f5d0 ($5.74 in chips)
aeb4fe4f: posts small blind $0.02
Hero: posts big blind $0.05
*** HOLE CARDS ***
Dealt to aeb4fe4f 
Dealt to Hero [6d 8c]
Dealt to 4ac30a44 
Dealt to 5ec373d9 
Dealt to 28b345f 
Dealt to d565f5d0 
4ac30a44: folds
5ec373d9: folds
28b345f: folds
d565f5d0: raises $0.08 to $0.13
aeb4fe4f: folds
Hero: folds
Uncalled bet ($0.08) returned to d565f5d0
*** SHOWDOWN ***
d565f5d0 collected $0.12 from pot
*** SUMMARY ***
Total pot $0.12 | Rake $0 | Jackpot $0 | Bingo $0 | Fortune $0 | Tax $0
Seat 1: aeb4fe4f (small blind) folded before Flop
Seat 2: Hero (big blind) folded before Flop
Seat 3: 4ac30a44 folded before Flop (didn't bet)
Seat 4: 5ec373d9 folded before Flop (didn't bet)
Seat 5: 28b345f folded before Flop (didn't bet)
Seat 6: d565f5d0 (button) collected ($0.12)


Poker Hand #HD1602255035: Hold'em No Limit ($0.02/$0.05) - 2024/01/23 14:03:14
Table 'NLHBlue106' 6-max Seat #5 is the button
Seat 1: aeb4fe4f ($5.31 in chips)
Seat 2: Hero ($4.93 in chips)
Seat 3: 4ac30a44 ($5 in chips)
Seat 4: 5ec373d9 ($5.07 in chips)
Seat 5: 28b345f ($5.95 in chips)
Seat 6: d565f5d0 ($5.76 in chips)
d565f5d0: posts small blind $0.02
aeb4fe4f: posts big blind $0.05
*** HOLE CARDS ***
Dealt to aeb4fe4f 
Dealt to Hero [Ks Ad]
Dealt to 4ac30a44 
Dealt to 5ec373d9 
Dealt to 28b345f 
Dealt to d565f5d0 
Hero: raises $0.07 to $0.12
4ac30a44: folds
5ec373d9: folds
28b345f: calls $0.12
d565f5d0: folds
aeb4fe4f: folds
*** FLOP *** [Qh Kc Ts]
Hero: bets $0.18
28b345f: folds
Uncalled bet ($0.18) returned to Hero
*** SHOWDOWN ***
Hero collected $0.3 from pot
*** SUMMARY ***
Total pot $0.31 | Rake $0.01 | Jackpot $0 | Bingo $0 | Fortune $0 | Tax $0
Board [Qh Kc Ts]
Seat 1: aeb4fe4f (big blind) folded before Flop
Seat 2: Hero won ($0.3)
Seat 3: 4ac30a44 folded before Flop (didn't bet)
Seat 4: 5ec373d9 folded before Flop (didn't bet)
Seat 5: 28b345f (button) folded on the Flop
Seat 6: d565f5d0 (small blind) folded before Flop


Poker Hand #HD1602254978: Hold'em No Limit ($0.02/$0.05) - 2024/01/23 14:02:48
Table 'NLHBlue106' 6-max Seat #4 is the button
Seat 1: aeb4fe4f ($5.31 in chips)
Seat 2: Hero ($4.93 in chips)
Seat 3: 4ac30a44 ($5 in chips)
Seat 4: 5ec373d9 ($5.07 in chips)
Seat 5: 28b345f ($6.06 in chips)
Seat 6: d565f5d0 ($5.66 in chips)
28b345f: posts small blind $0.02
d565f5d0: posts big blind $0.05
*** HOLE CARDS ***
Dealt to aeb4fe4f 
Dealt to Hero [9d Kh]
Dealt to 4ac30a44 
Dealt to 5ec373d9 
Dealt to 28b345f 
Dealt to d565f5d0 
aeb4fe4f: folds
Hero: folds
4ac30a44: folds
5ec373d9: folds
28b345f: raises $0.06 to $0.11
d565f5d0: calls $0.06
*** FLOP *** [3h 3c Jd]
28b345f: checks
d565f5d0: bets $0.08
28b345f: folds
Uncalled bet ($0.08) returned to d565f5d0
*** SHOWDOWN ***
d565f5d0 collected $0.21 from pot
*** SUMMARY ***
Total pot $0.22 | Rake $0.01 | Jackpot $0 | Bingo $0 | Fortune $0 | Tax $0
Board [3h 3c Jd]
Seat 1: aeb4fe4f folded before Flop (didn't bet)
Seat 2: Hero folded before Flop (didn't bet)
Seat 3: 4ac30a44 folded before Flop (didn't bet)
Seat 4: 5ec373d9 (button) folded before Flop (didn't bet)
Seat 5: 28b345f (small blind) folded on the Flop
Seat 6: d565f5d0 (big blind) won ($0.21)


Poker Hand #HD1602254947: Hold'em No Limit ($0.02/$0.05) - 2024/01/23 14:02:31
Table 'NLHBlue106' 6-max Seat #3 is the button
Seat 1: aeb4fe4f ($5.31 in chips)
Seat 2: Hero ($4.93 in chips)
Seat 3: 4ac30a44 ($5 in chips)
Seat 4: 5ec373d9 ($5.09 in chips)
Seat 5: 28b345f ($6.11 in chips)
Seat 6: d565f5d0 ($5.59 in chips)
5ec373d9: posts small blind $0.02
28b345f: posts big blind $0.05
*** HOLE CARDS ***
Dealt to aeb4fe4f 
Dealt to Hero [Qd 2h]
Dealt to 4ac30a44 
Dealt to 5ec373d9 
Dealt to 28b345f 
Dealt to d565f5d0 
d565f5d0: raises $0.08 to $0.13
aeb4fe4f: folds
Hero: folds
4ac30a44: folds
5ec373d9: folds
28b345f: folds
Uncalled bet ($0.08) returned to d565f5d0
*** SHOWDOWN ***
d565f5d0 collected $0.12 from pot
*** SUMMARY ***
Total pot $0.12 | Rake $0 | Jackpot $0 | Bingo $0 | Fortune $0 | Tax $0
Seat 1: aeb4fe4f folded before Flop (didn't bet)
Seat 2: Hero folded before Flop (didn't bet)
Seat 3: 4ac30a44 (button) folded before Flop (didn't bet)
Seat 4: 5ec373d9 (small blind) folded before Flop
Seat 5: 28b345f (big blind) folded before Flop
Seat 6: d565f5d0 collected ($0.12)


Poker Hand #HD1602254924: Hold'em No Limit ($0.02/$0.05) - 2024/01/23 14:02:18
Table 'NLHBlue106' 6-max Seat #2 is the button
Seat 1: aeb4fe4f ($5.31 in chips)
Seat 2: Hero ($4.86 in chips)
Seat 3: 4ac30a44 ($5.02 in chips)
Seat 4: 5ec373d9 ($5.14 in chips)
Seat 5: 28b345f ($6.11 in chips)
Seat 6: d565f5d0 ($5.59 in chips)
4ac30a44: posts small blind $0.02
5ec373d9: posts big blind $0.05
*** HOLE CARDS ***
Dealt to aeb4fe4f 
Dealt to Hero [7h 7d]
Dealt to 4ac30a44 
Dealt to 5ec373d9 
Dealt to 28b345f 
Dealt to d565f5d0 
28b345f: folds
d565f5d0: folds
aeb4fe4f: folds
Hero: raises $0.07 to $0.12
4ac30a44: folds
5ec373d9: folds
Uncalled bet ($0.07) returned to Hero
*** SHOWDOWN ***
Hero collected $0.12 from pot
*** SUMMARY ***
Total pot $0.12 | Rake $0 | Jackpot $0 | Bingo $0 | Fortune $0 | Tax $0
Seat 1: aeb4fe4f folded before Flop (didn't bet)
Seat 2: Hero (button) collected ($0.12)
Seat 3: 4ac30a44 (small blind) folded before Flop
Seat 4: 5ec373d9 (big blind) folded before Flop
Seat 5: 28b345f folded before Flop (didn't bet)
Seat 6: d565f5d0 folded before Flop (didn't bet)


Poker Hand #HD1602254878: Hold'em No Limit ($0.02/$0.05) - 2024/01/23 14:01:55
Table 'NLHBlue106' 6-max Seat #1 is the button
Seat 1: aeb4fe4f ($5.31 in chips)
Seat 2: Hero ($4.88 in chips)
Seat 3: 4ac30a44 ($5.07 in chips)
Seat 4: 5ec373d9 ($5.14 in chips)
Seat 5: 28b345f ($6.11 in chips)
Seat 6: d565f5d0 ($5.52 in chips)
Hero: posts small blind $0.02
4ac30a44: posts big blind $0.05
*** HOLE CARDS ***
Dealt to aeb4fe4f 
Dealt to Hero [Qh 8s]
Dealt to 4ac30a44 
Dealt to 5ec373d9 
Dealt to 28b345f 
Dealt to d565f5d0 
5ec373d9: folds
28b345f: folds
d565f5d0: raises $0.08 to $0.13
aeb4fe4f: folds
Hero: folds
4ac30a44: folds
Uncalled bet ($0.08) returned to d565f5d0
*** SHOWDOWN ***
d565f5d0 collected $0.12 from pot
*** SUMMARY ***
Total pot $0.12 | Rake $0 | Jackpot $0 | Bingo $0 | Fortune $0 | Tax $0
Seat 1: aeb4fe4f (button) folded before Flop (didn't bet)
Seat 2: Hero (small blind) folded before Flop
Seat 3: 4ac30a44 (big blind) folded before Flop
Seat 4: 5ec373d9 folded before Flop (didn't bet)
Seat 5: 28b345f folded before Flop (didn't bet)
Seat 6: d565f5d0 collected ($0.12)


Poker Hand #HD1602254847: Hold'em No Limit ($0.02/$0.05) - 2024/01/23 14:01:40
Table 'NLHBlue106' 6-max Seat #6 is the button
Seat 1: aeb4fe4f ($5.26 in chips)
Seat 2: Hero ($4.93 in chips)
Seat 3: 4ac30a44 ($5.07 in chips)
Seat 4: 5ec373d9 ($5.14 in chips)
Seat 5: 28b345f ($6.11 in chips)
Seat 6: d565f5d0 ($5.52 in chips)
aeb4fe4f: posts small blind $0.02
Hero: posts big blind $0.05
*** HOLE CARDS ***
Dealt to aeb4fe4f 
Dealt to Hero [7s Th]
Dealt to 4ac30a44 
Dealt to 5ec373d9 
Dealt to 28b345f 
Dealt to d565f5d0 
4ac30a44: folds
5ec373d9: folds
28b345f: folds
d565f5d0: folds
aeb4fe4f: raises $0.05 to $0.1
Hero: folds
Uncalled bet ($0.05) returned to aeb4fe4f
*** SHOWDOWN ***
aeb4fe4f collected $0.1 from pot
*** SUMMARY ***
Total pot $0.1 | Rake $0 | Jackpot $0 | Bingo $0 | Fortune $0 | Tax $0
Seat 1: aeb4fe4f (small blind) collected ($0.1)
Seat 2: Hero (big blind) folded before Flop
Seat 3: 4ac30a44 folded before Flop (didn't bet)
Seat 4: 5ec373d9 folded before Flop (didn't bet)
Seat 5: 28b345f folded before Flop (didn't bet)
Seat 6: d565f5d0 (button) folded before Flop (didn't bet)


Poker Hand #HD1602254816: Hold'em No Limit ($0.02/$0.05) - 2024/01/23 14:01:25
Table 'NLHBlue106' 6-max Seat #5 is the button
Seat 1: aeb4fe4f ($5.31 in chips)
Seat 2: Hero ($4.93 in chips)
Seat 3: 4ac30a44 ($5 in chips)
Seat 4: 5ec373d9 ($5.14 in chips)
Seat 5: 28b345f ($6.11 in chips)
Seat 6: d565f5d0 ($5.54 in chips)
d565f5d0: posts small blind $0.02
aeb4fe4f: posts big blind $0.05
*** HOLE CARDS ***
Dealt to aeb4fe4f 
Dealt to Hero [Th 9s]
Dealt to 4ac30a44 
Dealt to 5ec373d9 
Dealt to 28b345f 
Dealt to d565f5d0 
Hero: folds
4ac30a44: raises $0.08 to $0.13
5ec373d9: folds
28b345f: folds
d565f5d0: folds
aeb4fe4f: folds
Uncalled bet ($0.08) returned to 4ac30a44
*** SHOWDOWN ***
4ac30a44 collected $0.12 from pot
*** SUMMARY ***
Total pot $0.12 | Rake $0 | Jackpot $0 | Bingo $0 | Fortune $0 | Tax $0
Seat 1: aeb4fe4f (big blind) folded before Flop
Seat 2: Hero folded before Flop (didn't bet)
Seat 3: 4ac30a44 collected ($0.12)
Seat 4: 5ec373d9 folded before Flop (didn't bet)
Seat 5: 28b345f (button) folded before Flop (didn't bet)
Seat 6: d565f5d0 (small blind) folded before Flop


Poker Hand #HD1602254737: Hold'em No Limit ($0.02/$0.05) - 2024/01/23 14:00:54
Table 'NLHBlue106' 6-max Seat #4 is the button
Seat 1: aeb4fe4f ($5.31 in chips)
Seat 2: Hero ($4.93 in chips)
Seat 3: 4ac30a44 ($5 in chips)
Seat 4: 5ec373d9 ($5 in chips)
Seat 5: 28b345f ($6.13 in chips)
Seat 6: d565f5d0 ($5.67 in chips)
28b345f: posts small blind $0.02
d565f5d0: posts big blind $0.05
*** HOLE CARDS ***
Dealt to aeb4fe4f 
Dealt to Hero [9d Qs]
Dealt to 4ac30a44 
Dealt to 5ec373d9 
Dealt to 28b345f 
Dealt to d565f5d0 
aeb4fe4f: folds
Hero: folds
4ac30a44: folds
5ec373d9: raises $0.08 to $0.13
28b345f: folds
d565f5d0: calls $0.08
*** FLOP *** [3c Ks 5c]
d565f5d0: checks
5ec373d9: bets $0.15
d565f5d0: folds
Uncalled bet ($0.15) returned to 5ec373d9
*** SHOWDOWN ***
5ec373d9 collected $0.27 from pot
*** SUMMARY ***
Total pot $0.28 | Rake $0.01 | Jackpot $0 | Bingo $0 | Fortune $0 | Tax $0
Board [3c Ks 5c]
Seat 1: aeb4fe4f folded before Flop (didn't bet)
Seat 2: Hero folded before Flop (didn't bet)
Seat 3: 4ac30a44 folded before Flop (didn't bet)
Seat 4: 5ec373d9 (button) won ($0.27)
Seat 5: 28b345f (small blind) folded before Flop
Seat 6: d565f5d0 (big blind) folded on the Flop


Poker Hand #HD1602254714: Hold'em No Limit ($0.02/$0.05) - 2024/01/23 14:00:42
Table 'NLHBlue106' 6-max Seat #3 is the button
Seat 1: aeb4fe4f ($5.31 in chips)
Seat 2: Hero ($4.93 in chips)
Seat 3: 4ac30a44 ($5 in chips)
Seat 4: 5ec373d9 ($5 in chips)
Seat 5: 28b345f ($6.11 in chips)
Seat 6: d565f5d0 ($5.67 in chips)
5ec373d9: posts small blind $0.02
28b345f: posts big blind $0.05
*** HOLE CARDS ***
Dealt to aeb4fe4f 
Dealt to Hero [Jc 7d]
Dealt to 4ac30a44 
Dealt to 5ec373d9 
Dealt to 28b345f 
Dealt to d565f5d0 
d565f5d0: folds
aeb4fe4f: folds
Hero: folds
4ac30a44: folds
5ec373d9: folds
Uncalled bet ($0.03) returned to 28b345f
*** SHOWDOWN ***
28b345f collected $0.04 from pot
*** SUMMARY ***
Total pot $0.04 | Rake $0 | Jackpot $0 | Bingo $0 | Fortune $0 | Tax $0
Seat 1: aeb4fe4f folded before Flop (didn't bet)
Seat 2: Hero folded before Flop (didn't bet)
Seat 3: 4ac30a44 (button) folded before Flop (didn't bet)
Seat 4: 5ec373d9 (small blind) folded before Flop
Seat 5: 28b345f (big blind) collected ($0.04)
Seat 6: d565f5d0 folded before Flop (didn't bet)


Poker Hand #HD1602254657: Hold'em No Limit ($0.02/$0.05) - 2024/01/23 14:00:19
Table 'NLHBlue106' 6-max Seat #2 is the button
Seat 1: aeb4fe4f ($5.24 in chips)
Seat 2: Hero ($4.93 in chips)
Seat 3: 4ac30a44 ($5 in chips)
Seat 4: 5ec373d9 ($5 in chips)
Seat 5: 28b345f ($6.11 in chips)
Seat 6: d565f5d0 ($5.67 in chips)
4ac30a44: posts small blind $0.02
5ec373d9: posts big blind $0.05
*** HOLE CARDS ***
Dealt to aeb4fe4f 
Dealt to Hero [Qh 5s]
Dealt to 4ac30a44 
Dealt to 5ec373d9 
Dealt to 28b345f 
Dealt to d565f5d0 
28b345f: folds
d565f5d0: folds
aeb4fe4f: raises $0.08 to $0.13
Hero: folds
4ac30a44: folds
5ec373d9: folds
Uncalled bet ($0.08) returned to aeb4fe4f
*** SHOWDOWN ***
aeb4fe4f collected $0.12 from pot
*** SUMMARY ***
Total pot $0.12 | Rake $0 | Jackpot $0 | Bingo $0 | Fortune $0 | Tax $0
Seat 1: aeb4fe4f collected ($0.12)
Seat 2: Hero (button) folded before Flop (didn't bet)
Seat 3: 4ac30a44 (small blind) folded before Flop
Seat 4: 5ec373d9 (big blind) folded before Flop
Seat 5: 28b345f folded before Flop (didn't bet)
Seat 6: d565f5d0 folded before Flop (didn't bet)


Poker Hand #HD1602254598: Hold'em No Limit ($0.02/$0.05) - 2024/01/23 13:59:50
Table 'NLHBlue106' 6-max Seat #1 is the button
Seat 1: aeb4fe4f ($5.17 in chips)
Seat 2: Hero ($4.95 in chips)
Seat 3: 4ac30a44 ($5 in chips)
Seat 4: 5ec373d9 ($5 in chips)
Seat 5: 28b345f ($6.11 in chips)
Seat 6: d565f5d0 ($5.67 in chips)
Hero: posts small blind $0.02
4ac30a44: posts big blind $0.05
*** HOLE CARDS ***
Dealt to aeb4fe4f 
Dealt to Hero [9c Ts]
Dealt to 4ac30a44 
Dealt to 5ec373d9 
Dealt to 28b345f 
Dealt to d565f5d0 
5ec373d9: folds
28b345f: folds
d565f5d0: folds
aeb4fe4f: raises $0.1 to $0.15
Hero: folds
4ac30a44: folds
Uncalled bet ($0.1) returned to aeb4fe4f
*** SHOWDOWN ***
aeb4fe4f collected $0.12 from pot
*** SUMMARY ***
Total pot $0.12 | Rake $0 | Jackpot $0 | Bingo $0 | Fortune $0 | Tax $0
Seat 1: aeb4fe4f (button) collected ($0.12)
Seat 2: Hero (small blind) folded before Flop
Seat 3: 4ac30a44 (big blind) folded before Flop
Seat 4: 5ec373d9 folded before Flop (didn't bet)
Seat 5: 28b345f folded before Flop (didn't bet)
Seat 6: d565f5d0 folded before Flop (didn't bet)


Poker Hand #HD1602254520: Hold'em No Limit ($0.02/$0.05) - 2024/01/23 13:59:18
Table 'NLHBlue106' 6-max Seat #6 is the button
Seat 1: aeb4fe4f ($5 in chips)
Seat 2: Hero ($5 in chips)
Seat 3: 4ac30a44 ($5 in chips)
Seat 4: 5ec373d9 ($5 in chips)
Seat 5: 28b345f ($6.11 in chips)
Seat 6: d565f5d0 ($5.8 in chips)
aeb4fe4f: posts small blind $0.02
Hero: posts big blind $0.05
*** HOLE CARDS ***
Dealt to aeb4fe4f 
Dealt to Hero [5c 7h]
Dealt to 4ac30a44 
Dealt to 5ec373d9 
Dealt to 28b345f 
Dealt to d565f5d0 
4ac30a44: folds
5ec373d9: folds
28b345f: folds
d565f5d0: raises $0.08 to $0.13
aeb4fe4f: raises $0.27 to $0.4
Hero: folds
d565f5d0: folds
Uncalled bet ($0.27) returned to aeb4fe4f
*** SHOWDOWN ***
aeb4fe4f collected $0.3 from pot
*** SUMMARY ***
Total pot $0.31 | Rake $0.01 | Jackpot $0 | Bingo $0 | Fortune $0 | Tax $0
Seat 1: aeb4fe4f (small blind) collected ($0.3)
Seat 2: Hero (big blind) folded before Flop
Seat 3: 4ac30a44 folded before Flop (didn't bet)
Seat 4: 5ec373d9 folded before Flop (didn't bet)
Seat 5: 28b345f folded before Flop (didn't bet)
Seat 6: d565f5d0 (button) folded before Flop


