Poker Hand #HD1160217585: Hold'em No Limit  ($0.02/$0.05) - 2023/03/14 19:24:10
Table 'NLHBlue63' 6-max Seat #4 is the button
Seat 1: 31eb4908 ($5.22 in chips)
Seat 2: 527cfd42 ($5 in chips)
Seat 3: Hero ($6.7 in chips)
Seat 4: 506d508 ($5.03 in chips)
Seat 6: 94994755 ($4 in chips)
94994755: posts small blind $0.02
31eb4908: posts big blind $0.05
*** HOLE CARDS ***
Dealt to 31eb4908 
Dealt to 527cfd42 
Dealt to Hero [Qd 2s]
Dealt to 506d508 
Dealt to 94994755 
527cfd42: raises $0.1 to $0.15
Hero: folds
506d508: folds
94994755: folds
31eb4908: folds
Uncalled bet ($0.1) returned to 527cfd42
*** SHOWDOWN ***
527cfd42 collected $0.12 from pot
*** SUMMARY ***
Total pot $0.12 | Rake $0 | Jackpot $0 | Bingo $0 | Fortune $0
Seat 1: 31eb4908 (big blind) folded before Flop
Seat 2: 527cfd42 collected ($0.12)
Seat 3: Hero folded before Flop (didn't bet)
Seat 4: 506d508 (button) folded before Flop (didn't bet)
Seat 6: 94994755 (small blind) folded before Flop


Poker Hand #HD1160217500: Hold'em No Limit  ($0.02/$0.05) - 2023/03/14 19:23:37
Table 'NLHBlue63' 6-max Seat #3 is the button
Seat 1: 31eb4908 ($5.22 in chips)
Seat 2: 527cfd42 ($5 in chips)
Seat 3: Hero ($6.7 in chips)
Seat 4: 506d508 ($5.28 in chips)
Seat 6: 94994755 ($3.77 in chips)
506d508: posts small blind $0.02
94994755: posts big blind $0.05
*** HOLE CARDS ***
Dealt to 31eb4908 
Dealt to 527cfd42 
Dealt to Hero [3c 4d]
Dealt to 506d508 
Dealt to 94994755 
31eb4908: folds
527cfd42: folds
Hero: folds
506d508: raises $0.1 to $0.15
94994755: raises $0.1 to $0.25
506d508: calls $0.1
*** FLOP *** [7c Js 8s]
506d508: checks
94994755: bets $0.5
506d508: folds
Uncalled bet ($0.5) returned to 94994755
*** SHOWDOWN ***
94994755 collected $0.48 from pot
*** SUMMARY ***
Total pot $0.5 | Rake $0.02 | Jackpot $0 | Bingo $0 | Fortune $0
Board [7c Js 8s]
Seat 1: 31eb4908 folded before Flop (didn't bet)
Seat 2: 527cfd42 folded before Flop (didn't bet)
Seat 3: Hero (button) folded before Flop (didn't bet)
Seat 4: 506d508 (small blind) folded on the Flop
Seat 6: 94994755 (big blind) won ($0.48)


Poker Hand #HD1160217403: Hold'em No Limit  ($0.02/$0.05) - 2023/03/14 19:22:58
Table 'NLHBlue63' 6-max Seat #2 is the button
Seat 1: 31eb4908 ($5.22 in chips)
Seat 2: 527cfd42 ($5 in chips)
Seat 3: Hero ($6.72 in chips)
Seat 4: 506d508 ($5.33 in chips)
Seat 5: e9eeb310 ($0.99 in chips)
Seat 6: 94994755 ($2.86 in chips)
Hero: posts small blind $0.02
506d508: posts big blind $0.05
*** HOLE CARDS ***
Dealt to 31eb4908 
Dealt to 527cfd42 
Dealt to Hero [5s 5h]
Dealt to 506d508 
Dealt to e9eeb310 
Dealt to 94994755 
e9eeb310: calls $0.05
94994755: raises $2.81 to $2.86 and is all-in
31eb4908: folds
527cfd42: folds
Hero: folds
506d508: folds
e9eeb310: calls $0.94 and is all-in
Uncalled bet ($1.87) returned to 94994755
94994755: shows [Td Qs]
e9eeb310: shows [Ks 6c]
*** FLOP *** [Qd 4h Ah]
*** TURN *** [Qd 4h Ah] [2d]
*** RIVER *** [Qd 4h Ah 2d] [9s]
*** SHOWDOWN ***
94994755 collected $1.9 from pot
*** SUMMARY ***
Total pot $2.05 | Rake $0.1 | Jackpot $0.05 | Bingo $0 | Fortune $0
Board [Qd 4h Ah 2d 9s]
Seat 1: 31eb4908 folded before Flop (didn't bet)
Seat 2: 527cfd42 (button) folded before Flop (didn't bet)
Seat 3: Hero (small blind) folded before Flop
Seat 4: 506d508 (big blind) folded before Flop
Seat 5: e9eeb310 showed [Ks 6c] and lost with Ace-High
Seat 6: 94994755 showed [Td Qs] and won ($1.9) with Pair of Queens


Poker Hand #HD1160217225: Hold'em No Limit  ($0.02/$0.05) - 2023/03/14 19:21:38
Table 'NLHBlue63' 6-max Seat #1 is the button
Seat 1: 31eb4908 ($5.22 in chips)
Seat 2: 527cfd42 ($5 in chips)
Seat 3: Hero ($6.77 in chips)
Seat 4: 506d508 ($5.33 in chips)
Seat 5: e9eeb310 ($1.04 in chips)
Seat 6: 94994755 ($1.48 in chips)
527cfd42: posts small blind $0.02
Hero: posts big blind $0.05
*** HOLE CARDS ***
Dealt to 31eb4908 
Dealt to 527cfd42 
Dealt to Hero [2d Qc]
Dealt to 506d508 
Dealt to e9eeb310 
Dealt to 94994755 
506d508: folds
e9eeb310: calls $0.05
94994755: raises $0.17 to $0.22
31eb4908: folds
527cfd42: raises $0.38 to $0.6
Hero: folds
e9eeb310: folds
94994755: raises $0.88 to $1.48 and is all-in
527cfd42: calls $0.88
94994755: shows [Ks Ah]
527cfd42: shows [As Qd]
*** FLOP *** [9c 3d 3c]
*** TURN *** [9c 3d 3c] [Kc]
*** RIVER *** [9c 3d 3c Kc] [2c]
*** SHOWDOWN ***
94994755 collected $2.86 from pot
*** SUMMARY ***
Total pot $3.06 | Rake $0.15 | Jackpot $0.05 | Bingo $0 | Fortune $0
Board [9c 3d 3c Kc 2c]
Seat 1: 31eb4908 (button) folded before Flop (didn't bet)
Seat 2: 527cfd42 (small blind) showed [As Qd] and lost with Pair of Treys
Seat 3: Hero (big blind) folded before Flop
Seat 4: 506d508 folded before Flop (didn't bet)
Seat 5: e9eeb310 folded before Flop
Seat 6: 94994755 showed [Ks Ah] and won ($2.86) with Pair of Kings and Pair of Treys


Poker Hand #HD1160217087: Hold'em No Limit  ($0.02/$0.05) - 2023/03/14 19:20:40
Table 'NLHBlue63' 6-max Seat #6 is the button
Seat 1: 31eb4908 ($5.02 in chips)
Seat 2: 527cfd42 ($5 in chips)
Seat 3: Hero ($6.77 in chips)
Seat 4: 506d508 ($5.33 in chips)
Seat 5: e9eeb310 ($1.2 in chips)
Seat 6: 94994755 ($1.48 in chips)
31eb4908: posts small blind $0.02
527cfd42: posts big blind $0.05
e9eeb310: posts big blind $0.05
e9eeb310: posts missed blind $0.02
*** HOLE CARDS ***
Dealt to 31eb4908 
Dealt to 527cfd42 
Dealt to Hero [3h Ts]
Dealt to 506d508 
Dealt to e9eeb310 
Dealt to 94994755 
Hero: folds
506d508: folds
e9eeb310: checks
94994755: folds
31eb4908: calls $0.03
527cfd42: checks
*** FLOP *** [7d 4s Th]
31eb4908: checks
527cfd42: checks
e9eeb310: checks
*** TURN *** [7d 4s Th] [5c]
31eb4908: checks
527cfd42: checks
e9eeb310: bets $0.09
31eb4908: calls $0.09
527cfd42: folds
*** RIVER *** [7d 4s Th 5c] [2s]
31eb4908: checks
e9eeb310: checks
31eb4908: shows [4c 6c] (Pair of Fours)
e9eeb310: shows [6h 9d] (Ten-High)
*** SHOWDOWN ***
31eb4908 collected $0.34 from pot
*** SUMMARY ***
Total pot $0.35 | Rake $0.01 | Jackpot $0 | Bingo $0 | Fortune $0
Board [7d 4s Th 5c 2s]
Seat 1: 31eb4908 (small blind) showed [4c 6c] and won ($0.34) with Pair of Fours
Seat 2: 527cfd42 (big blind) folded on the Turn
Seat 3: Hero folded before Flop (didn't bet)
Seat 4: 506d508 folded before Flop (didn't bet)
Seat 5: e9eeb310 showed [6h 9d] and lost with Ten-High
Seat 6: 94994755 (button) folded before Flop (didn't bet)


Poker Hand #HD1160217062: Hold'em No Limit  ($0.02/$0.05) - 2023/03/14 19:20:29
Table 'NLHBlue63' 6-max Seat #4 is the button
Seat 1: 31eb4908 ($5 in chips)
Seat 3: Hero ($6.77 in chips)
Seat 4: 506d508 ($5.33 in chips)
Seat 6: 94994755 ($1.5 in chips)
94994755: posts small blind $0.02
31eb4908: posts big blind $0.05
*** HOLE CARDS ***
Dealt to 31eb4908 
Dealt to Hero [Qc 8h]
Dealt to 506d508 
Dealt to 94994755 
Hero: folds
506d508: folds
94994755: folds
Uncalled bet ($0.03) returned to 31eb4908
*** SHOWDOWN ***
31eb4908 collected $0.04 from pot
*** SUMMARY ***
Total pot $0.04 | Rake $0 | Jackpot $0 | Bingo $0 | Fortune $0
Seat 1: 31eb4908 (big blind) collected ($0.04)
Seat 3: Hero folded before Flop (didn't bet)
Seat 4: 506d508 (button) folded before Flop (didn't bet)
Seat 6: 94994755 (small blind) folded before Flop


Poker Hand #HD1160216996: Hold'em No Limit  ($0.02/$0.05) - 2023/03/14 19:19:59
Table 'NLHBlue63' 6-max Seat #3 is the button
Seat 1: 31eb4908 ($5.2 in chips)
Seat 3: Hero ($6.77 in chips)
Seat 4: 506d508 ($5.35 in chips)
Seat 6: 94994755 ($1.29 in chips)
506d508: posts small blind $0.02
94994755: posts big blind $0.05
*** HOLE CARDS ***
Dealt to 31eb4908 
Dealt to Hero [Jh 5c]
Dealt to 506d508 
Dealt to 94994755 
31eb4908: raises $0.08 to $0.13
Hero: folds
506d508: folds
94994755: raises $0.08 to $0.21
31eb4908: calls $0.08
*** FLOP *** [9c Ah 2h]
94994755: bets $1.08 and is all-in
31eb4908: folds
Uncalled bet ($1.08) returned to 94994755
*** SHOWDOWN ***
94994755 collected $0.42 from pot
*** SUMMARY ***
Total pot $0.44 | Rake $0.02 | Jackpot $0 | Bingo $0 | Fortune $0
Board [9c Ah 2h]
Seat 1: 31eb4908 folded on the Flop
Seat 3: Hero (button) folded before Flop (didn't bet)
Seat 4: 506d508 (small blind) folded before Flop
Seat 6: 94994755 (big blind) won ($0.42)


Poker Hand #HD1160216956: Hold'em No Limit  ($0.02/$0.05) - 2023/03/14 19:19:43
Table 'NLHBlue63' 6-max Seat #1 is the button
Seat 1: 31eb4908 ($5.13 in chips)
Seat 3: Hero ($6.79 in chips)
Seat 4: 506d508 ($5.4 in chips)
Hero: posts small blind $0.02
506d508: posts big blind $0.05
*** HOLE CARDS ***
Dealt to 31eb4908 
Dealt to Hero [3s Js]
Dealt to 506d508 
31eb4908: raises $0.08 to $0.13
Hero: folds
506d508: folds
Uncalled bet ($0.08) returned to 31eb4908
*** SHOWDOWN ***
31eb4908 collected $0.12 from pot
*** SUMMARY ***
Total pot $0.12 | Rake $0 | Jackpot $0 | Bingo $0 | Fortune $0
Seat 1: 31eb4908 (button) collected ($0.12)
Seat 3: Hero (small blind) folded before Flop
Seat 4: 506d508 (big blind) folded before Flop


Poker Hand #HD1160216864: Hold'em No Limit  ($0.02/$0.05) - 2023/03/14 19:19:02
Table 'NLHBlue63' 6-max Seat #4 is the button
Seat 1: 31eb4908 ($5.18 in chips)
Seat 3: Hero ($5.7 in chips)
Seat 4: 506d508 ($5.4 in chips)
Seat 5: e9eeb310 ($1.18 in chips)
e9eeb310: posts small blind $0.02
31eb4908: posts big blind $0.05
*** HOLE CARDS ***
Dealt to 31eb4908 
Dealt to Hero [Td As]
Dealt to 506d508 
Dealt to e9eeb310 
Hero: raises $0.09 to $0.14
506d508: folds
e9eeb310: calls $0.12
31eb4908: folds
*** FLOP *** [Ah Qc 9s]
e9eeb310: checks
Hero: bets $0.25
e9eeb310: calls $0.25
*** TURN *** [Ah Qc 9s] [3c]
e9eeb310: bets $0.79 and is all-in
Hero: calls $0.79
e9eeb310: shows [Tc 9d] (Pair of Nines)
Hero: shows [Td As] (Pair of Aces)
*** FIRST RIVER *** [Ah Qc 9s 3c] [Jd]
*** SECOND RIVER *** [Ah Qc 9s 3c] [Jc]
*** THIRD RIVER *** [Ah Qc 9s 3c] [Kc]
*** FIRST SHOWDOWN ***
Hero collected $0.77 from pot
*** SECOND SHOWDOWN ***
Hero collected $0.75 from pot
*** THIRD SHOWDOWN ***
Hero collected $0.75 from pot
*** SUMMARY ***
Total pot $2.41 | Rake $0.09 | Jackpot $0.05 | Bingo $0 | Fortune $0
Hand was run three times
FIRST Board [Ah Qc 9s 3c Jd]
SECOND Board [Jc]
THIRD Board [Kc]
Seat 1: 31eb4908 (big blind) folded before Flop
Seat 3: Hero showed [Td As] and won ($0.77) with Pair of Aces, and won ($0.75), and won ($0.75)
Seat 4: 506d508 (button) folded before Flop (didn't bet)
Seat 5: e9eeb310 (small blind) showed [Tc 9d] and lost with Pair of Nines, and lost, and lost


Poker Hand #HD1160216835: Hold'em No Limit  ($0.02/$0.05) - 2023/03/14 19:18:45
Table 'NLHBlue63' 6-max Seat #3 is the button
Seat 1: 31eb4908 ($5.18 in chips)
Seat 3: Hero ($5.7 in chips)
Seat 4: 506d508 ($5.42 in chips)
Seat 5: e9eeb310 ($1.16 in chips)
506d508: posts small blind $0.02
e9eeb310: posts big blind $0.05
*** HOLE CARDS ***
Dealt to 31eb4908 
Dealt to Hero [Ah 7d]
Dealt to 506d508 
Dealt to e9eeb310 
31eb4908: folds
Hero: folds
506d508: folds
Uncalled bet ($0.03) returned to e9eeb310
*** SHOWDOWN ***
e9eeb310 collected $0.04 from pot
*** SUMMARY ***
Total pot $0.04 | Rake $0 | Jackpot $0 | Bingo $0 | Fortune $0
Seat 1: 31eb4908 folded before Flop (didn't bet)
Seat 3: Hero (button) folded before Flop (didn't bet)
Seat 4: 506d508 (small blind) folded before Flop
Seat 5: e9eeb310 (big blind) collected ($0.04)


Poker Hand #HD1160216701: Hold'em No Limit  ($0.02/$0.05) - 2023/03/14 19:17:44
Table 'NLHBlue63' 6-max Seat #1 is the button
Seat 1: 31eb4908 ($5.28 in chips)
Seat 3: Hero ($5.16 in chips)
Seat 4: 506d508 ($5.47 in chips)
Seat 5: e9eeb310 ($1.78 in chips)
Hero: posts small blind $0.02
506d508: posts big blind $0.05
e9eeb310: posts big blind $0.05
*** HOLE CARDS ***
Dealt to 31eb4908 
Dealt to Hero [Qs Kc]
Dealt to 506d508 
Dealt to e9eeb310 
e9eeb310: raises $0.05 to $0.1
31eb4908: calls $0.1
Hero: raises $0.53 to $0.63
506d508: folds
e9eeb310: raises $1.15 to $1.78 and is all-in
31eb4908: folds
Hero: calls $1.15
e9eeb310: shows [Jd Ts]
Hero: shows [Qs Kc]
*** FIRST FLOP *** [Tc 6d Td]
*** FIRST TURN *** [Tc 6d Td] [2c]
*** FIRST RIVER *** [Tc 6d Td 2c] [2s]
*** SECOND FLOP *** [3h Jh Qd]
*** SECOND TURN *** [3h Jh Qd] [Ad]
*** SECOND RIVER *** [3h Jh Qd Ad] [7s]
*** THIRD FLOP *** [9c Qc 2d]
*** THIRD TURN *** [9c Qc 2d] [Kd]
*** THIRD RIVER *** [9c Qc 2d Kd] [Kh]
*** FIRST SHOWDOWN ***
e9eeb310 collected $1.16 from pot
*** SECOND SHOWDOWN ***
Hero collected $1.16 from pot
*** THIRD SHOWDOWN ***
Hero collected $1.16 from pot
*** SUMMARY ***
Total pot $3.71 | Rake $0.18 | Jackpot $0.05 | Bingo $0 | Fortune $0
Hand was run three times
FIRST Board [Tc 6d Td 2c 2s]
SECOND Board [3h Jh Qd Ad 7s]
THIRD Board [9c Qc 2d Kd Kh]
Seat 1: 31eb4908 (button) folded before Flop
Seat 3: Hero (small blind) showed [Qs Kc] and lost with Pair of Tens and Pair of Twos, and won ($1.16) with Pair of Queens, and won ($1.16) with Kings Full over Queens
Seat 4: 506d508 (big blind) folded before Flop
Seat 5: e9eeb310 showed [Jd Ts] and won ($1.16) with Tens Full over Twos, and lost with Pair of Jacks, and lost with Kings-High Straight


Poker Hand #HD1160216617: Hold'em No Limit  ($0.02/$0.05) - 2023/03/14 19:17:11
Table 'NLHBlue63' 6-max Seat #5 is the button
Seat 1: 31eb4908 ($5.14 in chips)
Seat 3: Hero ($5.31 in chips)
Seat 4: 506d508 ($5.47 in chips)
Seat 5: e9153b76 ($6.73 in chips)
31eb4908: posts small blind $0.02
Hero: posts big blind $0.05
*** HOLE CARDS ***
Dealt to 31eb4908 
Dealt to Hero [2d Ad]
Dealt to 506d508 
Dealt to e9153b76 
506d508: folds
e9153b76: folds
31eb4908: raises $0.1 to $0.15
Hero: calls $0.1
*** FLOP *** [5s 6c Js]
31eb4908: bets $0.09
Hero: folds
Uncalled bet ($0.09) returned to 31eb4908
*** SHOWDOWN ***
31eb4908 collected $0.29 from pot
*** SUMMARY ***
Total pot $0.3 | Rake $0.01 | Jackpot $0 | Bingo $0 | Fortune $0
Board [5s 6c Js]
Seat 1: 31eb4908 (small blind) won ($0.29)
Seat 3: Hero (big blind) folded on the Flop
Seat 4: 506d508 folded before Flop (didn't bet)
Seat 5: e9153b76 (button) folded before Flop (didn't bet)


Poker Hand #HD1160216582: Hold'em No Limit  ($0.02/$0.05) - 2023/03/14 19:16:54
Table 'NLHBlue63' 6-max Seat #4 is the button
Seat 1: 31eb4908 ($5.19 in chips)
Seat 3: Hero ($5.31 in chips)
Seat 4: 506d508 ($5.4 in chips)
Seat 5: e9153b76 ($6.75 in chips)
e9153b76: posts small blind $0.02
31eb4908: posts big blind $0.05
*** HOLE CARDS ***
Dealt to 31eb4908 
Dealt to Hero [4h 9h]
Dealt to 506d508 
Dealt to e9153b76 
Hero: folds
506d508: raises $0.08 to $0.13
e9153b76: folds
31eb4908: folds
Uncalled bet ($0.08) returned to 506d508
*** SHOWDOWN ***
506d508 collected $0.12 from pot
*** SUMMARY ***
Total pot $0.12 | Rake $0 | Jackpot $0 | Bingo $0 | Fortune $0
Seat 1: 31eb4908 (big blind) folded before Flop
Seat 3: Hero folded before Flop (didn't bet)
Seat 4: 506d508 (button) collected ($0.12)
Seat 5: e9153b76 (small blind) folded before Flop


Poker Hand #HD1160216534: Hold'em No Limit  ($0.02/$0.05) - 2023/03/14 19:16:35
Table 'NLHBlue63' 6-max Seat #3 is the button
Seat 1: 31eb4908 ($5.19 in chips)
Seat 2: d5410536 ($5.07 in chips)
Seat 3: Hero ($5.24 in chips)
Seat 4: 506d508 ($5.42 in chips)
Seat 5: e9153b76 ($6.8 in chips)
506d508: posts small blind $0.02
e9153b76: posts big blind $0.05
*** HOLE CARDS ***
Dealt to 31eb4908 
Dealt to d5410536 
Dealt to Hero [Th Kh]
Dealt to 506d508 
Dealt to e9153b76 
31eb4908: folds
d5410536: folds
Hero: raises $0.07 to $0.12
506d508: folds
e9153b76: folds
Uncalled bet ($0.07) returned to Hero
*** SHOWDOWN ***
Hero collected $0.12 from pot
*** SUMMARY ***
Total pot $0.12 | Rake $0 | Jackpot $0 | Bingo $0 | Fortune $0
Seat 1: 31eb4908 folded before Flop (didn't bet)
Seat 2: d5410536 folded before Flop (didn't bet)
Seat 3: Hero (button) collected ($0.12)
Seat 4: 506d508 (small blind) folded before Flop
Seat 5: e9153b76 (big blind) folded before Flop


Poker Hand #HD1160216504: Hold'em No Limit  ($0.02/$0.05) - 2023/03/14 19:16:22
Table 'NLHBlue63' 6-max Seat #2 is the button
Seat 1: 31eb4908 ($5.19 in chips)
Seat 2: d5410536 ($5 in chips)
Seat 3: Hero ($5.26 in chips)
Seat 4: 506d508 ($5.47 in chips)
Seat 5: e9153b76 ($6.8 in chips)
Hero: posts small blind $0.02
506d508: posts big blind $0.05
*** HOLE CARDS ***
Dealt to 31eb4908 
Dealt to d5410536 
Dealt to Hero [2h 5h]
Dealt to 506d508 
Dealt to e9153b76 
e9153b76: folds
31eb4908: folds
d5410536: raises $0.08 to $0.13
Hero: folds
506d508: folds
Uncalled bet ($0.08) returned to d5410536
*** SHOWDOWN ***
d5410536 collected $0.12 from pot
*** SUMMARY ***
Total pot $0.12 | Rake $0 | Jackpot $0 | Bingo $0 | Fortune $0
Seat 1: 31eb4908 folded before Flop (didn't bet)
Seat 2: d5410536 (button) collected ($0.12)
Seat 3: Hero (small blind) folded before Flop
Seat 4: 506d508 (big blind) folded before Flop
Seat 5: e9153b76 folded before Flop (didn't bet)


Poker Hand #HD1160216460: Hold'em No Limit  ($0.02/$0.05) - 2023/03/14 19:16:03
Table 'NLHBlue63' 6-max Seat #1 is the button
Seat 1: 31eb4908 ($5.19 in chips)
Seat 2: d5410536 ($5 in chips)
Seat 3: Hero ($5.24 in chips)
Seat 4: 506d508 ($5.47 in chips)
Seat 5: e9153b76 ($6.8 in chips)
d5410536: posts small blind $0.02
Hero: posts big blind $0.05
*** HOLE CARDS ***
Dealt to 31eb4908 
Dealt to d5410536 
Dealt to Hero [8s 4h]
Dealt to 506d508 
Dealt to e9153b76 
506d508: folds
e9153b76: folds
31eb4908: folds
d5410536: folds
Uncalled bet ($0.03) returned to Hero
*** SHOWDOWN ***
Hero collected $0.04 from pot
*** SUMMARY ***
Total pot $0.04 | Rake $0 | Jackpot $0 | Bingo $0 | Fortune $0
Seat 1: 31eb4908 (button) folded before Flop (didn't bet)
Seat 2: d5410536 (small blind) folded before Flop
Seat 3: Hero (big blind) collected ($0.04)
Seat 4: 506d508 folded before Flop (didn't bet)
Seat 5: e9153b76 folded before Flop (didn't bet)


Poker Hand #HD1160216398: Hold'em No Limit  ($0.02/$0.05) - 2023/03/14 19:15:38
Table 'NLHBlue63' 6-max Seat #5 is the button
Seat 1: 31eb4908 ($5.21 in chips)
Seat 2: d5410536 ($5 in chips)
Seat 3: Hero ($5.24 in chips)
Seat 4: 506d508 ($5.4 in chips)
Seat 5: e9153b76 ($6.8 in chips)
31eb4908: posts small blind $0.02
d5410536: posts big blind $0.05
*** HOLE CARDS ***
Dealt to 31eb4908 
Dealt to d5410536 
Dealt to Hero [5s 4c]
Dealt to 506d508 
Dealt to e9153b76 
Hero: folds
506d508: raises $0.08 to $0.13
e9153b76: folds
31eb4908: folds
d5410536: folds
Uncalled bet ($0.08) returned to 506d508
*** SHOWDOWN ***
506d508 collected $0.12 from pot
*** SUMMARY ***
Total pot $0.12 | Rake $0 | Jackpot $0 | Bingo $0 | Fortune $0
Seat 1: 31eb4908 (small blind) folded before Flop
Seat 2: d5410536 (big blind) folded before Flop
Seat 3: Hero folded before Flop (didn't bet)
Seat 4: 506d508 collected ($0.12)
Seat 5: e9153b76 (button) folded before Flop (didn't bet)


Poker Hand #HD1160216371: Hold'em No Limit  ($0.02/$0.05) - 2023/03/14 19:15:25
Table 'NLHBlue63' 6-max Seat #4 is the button
Seat 1: 31eb4908 ($5.19 in chips)
Seat 2: d5410536 ($5 in chips)
Seat 3: Hero ($5.24 in chips)
Seat 4: 506d508 ($5.4 in chips)
Seat 5: e9153b76 ($6.82 in chips)
e9153b76: posts small blind $0.02
31eb4908: posts big blind $0.05
*** HOLE CARDS ***
Dealt to 31eb4908 
Dealt to d5410536 
Dealt to Hero [Jh 7h]
Dealt to 506d508 
Dealt to e9153b76 
d5410536: folds
Hero: folds
506d508: folds
e9153b76: folds
Uncalled bet ($0.03) returned to 31eb4908
*** SHOWDOWN ***
31eb4908 collected $0.04 from pot
*** SUMMARY ***
Total pot $0.04 | Rake $0 | Jackpot $0 | Bingo $0 | Fortune $0
Seat 1: 31eb4908 (big blind) collected ($0.04)
Seat 2: d5410536 folded before Flop (didn't bet)
Seat 3: Hero folded before Flop (didn't bet)
Seat 4: 506d508 (button) folded before Flop (didn't bet)
Seat 5: e9153b76 (small blind) folded before Flop


Poker Hand #HD1160216268: Hold'em No Limit  ($0.02/$0.05) - 2023/03/14 19:14:38
Table 'NLHBlue63' 6-max Seat #3 is the button
Seat 1: 31eb4908 ($5.19 in chips)
Seat 2: d5410536 ($5.07 in chips)
Seat 3: Hero ($5.24 in chips)
Seat 4: 506d508 ($5.42 in chips)
Seat 5: e9153b76 ($6.59 in chips)
506d508: posts small blind $0.02
e9153b76: posts big blind $0.05
*** HOLE CARDS ***
Dealt to 31eb4908 
Dealt to d5410536 
Dealt to Hero [Jc 4h]
Dealt to 506d508 
Dealt to e9153b76 
31eb4908: folds
d5410536: raises $0.08 to $0.13
Hero: folds
506d508: folds
e9153b76: calls $0.08
*** FLOP *** [7h 5h Ts]
e9153b76: checks
d5410536: checks
*** TURN *** [7h 5h Ts] [6d]
e9153b76: checks
d5410536: bets $0.1
e9153b76: calls $0.1
*** RIVER *** [7h 5h Ts 6d] [9c]
e9153b76: checks
d5410536: checks
e9153b76: shows [Tc Ks] (Pair of Tens)
d5410536: shows [6c Kc] (Pair of Sixes)
*** SHOWDOWN ***
e9153b76 collected $0.46 from pot
*** SUMMARY ***
Total pot $0.48 | Rake $0.02 | Jackpot $0 | Bingo $0 | Fortune $0
Board [7h 5h Ts 6d 9c]
Seat 1: 31eb4908 folded before Flop (didn't bet)
Seat 2: d5410536 showed [6c Kc] and lost with Pair of Sixes
Seat 3: Hero (button) folded before Flop (didn't bet)
Seat 4: 506d508 (small blind) folded before Flop
Seat 5: e9153b76 (big blind) showed [Tc Ks] and won ($0.46) with Pair of Tens


Poker Hand #HD1160216209: Hold'em No Limit  ($0.02/$0.05) - 2023/03/14 19:14:11
Table 'NLHBlue63' 6-max Seat #2 is the button
Seat 1: 31eb4908 ($5.19 in chips)
Seat 2: d5410536 ($5 in chips)
Seat 3: Hero ($5.26 in chips)
Seat 4: 506d508 ($5.47 in chips)
Seat 5: e9153b76 ($6.59 in chips)
Hero: posts small blind $0.02
506d508: posts big blind $0.05
*** HOLE CARDS ***
Dealt to 31eb4908 
Dealt to d5410536 
Dealt to Hero [2d 2s]
Dealt to 506d508 
Dealt to e9153b76 
e9153b76: folds
31eb4908: folds
d5410536: raises $0.08 to $0.13
Hero: folds
506d508: folds
Uncalled bet ($0.08) returned to d5410536
*** SHOWDOWN ***
d5410536 collected $0.12 from pot
*** SUMMARY ***
Total pot $0.12 | Rake $0 | Jackpot $0 | Bingo $0 | Fortune $0
Seat 1: 31eb4908 folded before Flop (didn't bet)
Seat 2: d5410536 (button) collected ($0.12)
Seat 3: Hero (small blind) folded before Flop
Seat 4: 506d508 (big blind) folded before Flop
Seat 5: e9153b76 folded before Flop (didn't bet)


Poker Hand #HD1160216171: Hold'em No Limit  ($0.02/$0.05) - 2023/03/14 19:13:55
Table 'NLHBlue63' 6-max Seat #1 is the button
Seat 1: 31eb4908 ($5.12 in chips)
Seat 2: d5410536 ($5 in chips)
Seat 3: Hero ($5.31 in chips)
Seat 4: 506d508 ($5.47 in chips)
Seat 5: e9153b76 ($6.59 in chips)
d5410536: posts small blind $0.02
Hero: posts big blind $0.05
*** HOLE CARDS ***
Dealt to 31eb4908 
Dealt to d5410536 
Dealt to Hero [9h 2h]
Dealt to 506d508 
Dealt to e9153b76 
506d508: folds
e9153b76: folds
31eb4908: raises $0.08 to $0.13
d5410536: folds
Hero: folds
Uncalled bet ($0.08) returned to 31eb4908
*** SHOWDOWN ***
31eb4908 collected $0.12 from pot
*** SUMMARY ***
Total pot $0.12 | Rake $0 | Jackpot $0 | Bingo $0 | Fortune $0
Seat 1: 31eb4908 (button) collected ($0.12)
Seat 2: d5410536 (small blind) folded before Flop
Seat 3: Hero (big blind) folded before Flop
Seat 4: 506d508 folded before Flop (didn't bet)
Seat 5: e9153b76 folded before Flop (didn't bet)


Poker Hand #HD1160216074: Hold'em No Limit  ($0.02/$0.05) - 2023/03/14 19:13:16
Table 'NLHBlue63' 6-max Seat #5 is the button
Seat 1: 31eb4908 ($5.14 in chips)
Seat 2: d5410536 ($5 in chips)
Seat 3: Hero ($5.18 in chips)
Seat 4: 506d508 ($5.47 in chips)
Seat 5: e9153b76 ($6.59 in chips)
31eb4908: posts small blind $0.02
d5410536: posts big blind $0.05
*** HOLE CARDS ***
Dealt to 31eb4908 
Dealt to d5410536 
Dealt to Hero [Qs Qh]
Dealt to 506d508 
Dealt to e9153b76 
Hero: raises $0.07 to $0.12
506d508: folds
e9153b76: folds
31eb4908: folds
d5410536: calls $0.07
*** FLOP *** [9s 4c 5d]
d5410536: checks
Hero: bets $0.13
d5410536: folds
Uncalled bet ($0.13) returned to Hero
*** SHOWDOWN ***
Hero collected $0.25 from pot
*** SUMMARY ***
Total pot $0.26 | Rake $0.01 | Jackpot $0 | Bingo $0 | Fortune $0
Board [9s 4c 5d]
Seat 1: 31eb4908 (small blind) folded before Flop
Seat 2: d5410536 (big blind) folded on the Flop
Seat 3: Hero won ($0.25)
Seat 4: 506d508 folded before Flop (didn't bet)
Seat 5: e9153b76 (button) folded before Flop (didn't bet)


Poker Hand #HD1160216044: Hold'em No Limit  ($0.02/$0.05) - 2023/03/14 19:13:02
Table 'NLHBlue63' 6-max Seat #4 is the button
Seat 1: 31eb4908 ($5.19 in chips)
Seat 3: Hero ($5.18 in chips)
Seat 4: 506d508 ($5.4 in chips)
Seat 5: e9153b76 ($6.61 in chips)
e9153b76: posts small blind $0.02
31eb4908: posts big blind $0.05
*** HOLE CARDS ***
Dealt to 31eb4908 
Dealt to Hero [4h 5c]
Dealt to 506d508 
Dealt to e9153b76 
Hero: folds
506d508: raises $0.08 to $0.13
e9153b76: folds
31eb4908: folds
Uncalled bet ($0.08) returned to 506d508
*** SHOWDOWN ***
506d508 collected $0.12 from pot
*** SUMMARY ***
Total pot $0.12 | Rake $0 | Jackpot $0 | Bingo $0 | Fortune $0
Seat 1: 31eb4908 (big blind) folded before Flop
Seat 3: Hero folded before Flop (didn't bet)
Seat 4: 506d508 (button) collected ($0.12)
Seat 5: e9153b76 (small blind) folded before Flop


Poker Hand #HD1160215898: Hold'em No Limit  ($0.02/$0.05) - 2023/03/14 19:11:54
Table 'NLHBlue63' 6-max Seat #3 is the button
Seat 1: 31eb4908 ($5.03 in chips)
Seat 3: Hero ($5.18 in chips)
Seat 4: 506d508 ($5.42 in chips)
Seat 5: e9153b76 ($6.76 in chips)
506d508: posts small blind $0.02
e9153b76: posts big blind $0.05
*** HOLE CARDS ***
Dealt to 31eb4908 
Dealt to Hero [4d 4c]
Dealt to 506d508 
Dealt to e9153b76 
31eb4908: raises $0.1 to $0.15
Hero: folds
506d508: folds
e9153b76: calls $0.1
*** FLOP *** [4s Jh 5d]
e9153b76: checks
31eb4908: checks
*** TURN *** [4s Jh 5d] [Kc]
e9153b76: checks
31eb4908: checks
*** RIVER *** [4s Jh 5d Kc] [4h]
e9153b76: checks
31eb4908: bets $0.06
e9153b76: folds
Uncalled bet ($0.06) returned to 31eb4908
*** SHOWDOWN ***
31eb4908 collected $0.31 from pot
*** SUMMARY ***
Total pot $0.32 | Rake $0.01 | Jackpot $0 | Bingo $0 | Fortune $0
Board [4s Jh 5d Kc 4h]
Seat 1: 31eb4908 won ($0.31)
Seat 3: Hero (button) folded before Flop (didn't bet)
Seat 4: 506d508 (small blind) folded before Flop
Seat 5: e9153b76 (big blind) folded on the River


Poker Hand #HD1160215858: Hold'em No Limit  ($0.02/$0.05) - 2023/03/14 19:11:36
Table 'NLHBlue63' 6-max Seat #1 is the button
Seat 1: 31eb4908 ($5.03 in chips)
Seat 3: Hero ($5.13 in chips)
Seat 4: 506d508 ($5.47 in chips)
Seat 5: e9153b76 ($6.76 in chips)
Hero: posts small blind $0.02
506d508: posts big blind $0.05
*** HOLE CARDS ***
Dealt to 31eb4908 
Dealt to Hero [Ah Kc]
Dealt to 506d508 
Dealt to e9153b76 
e9153b76: folds
31eb4908: folds
Hero: raises $0.09 to $0.14
506d508: folds
Uncalled bet ($0.09) returned to Hero
*** SHOWDOWN ***
Hero collected $0.1 from pot
*** SUMMARY ***
Total pot $0.1 | Rake $0 | Jackpot $0 | Bingo $0 | Fortune $0
Seat 1: 31eb4908 (button) folded before Flop (didn't bet)
Seat 3: Hero (small blind) collected ($0.1)
Seat 4: 506d508 (big blind) folded before Flop
Seat 5: e9153b76 folded before Flop (didn't bet)


Poker Hand #HD1160215819: Hold'em No Limit  ($0.02/$0.05) - 2023/03/14 19:11:22
Table 'NLHBlue63' 6-max Seat #5 is the button
Seat 1: 31eb4908 ($5.05 in chips)
Seat 3: Hero ($5.11 in chips)
Seat 4: 506d508 ($5.47 in chips)
Seat 5: e9153b76 ($6.76 in chips)
31eb4908: posts small blind $0.02
Hero: posts big blind $0.05
*** HOLE CARDS ***
Dealt to 31eb4908 
Dealt to Hero [3d 9h]
Dealt to 506d508 
Dealt to e9153b76 
506d508: folds
e9153b76: folds
31eb4908: folds
Uncalled bet ($0.03) returned to Hero
*** SHOWDOWN ***
Hero collected $0.04 from pot
*** SUMMARY ***
Total pot $0.04 | Rake $0 | Jackpot $0 | Bingo $0 | Fortune $0
Seat 1: 31eb4908 (small blind) folded before Flop
Seat 3: Hero (big blind) collected ($0.04)
Seat 4: 506d508 folded before Flop (didn't bet)
Seat 5: e9153b76 (button) folded before Flop (didn't bet)


Poker Hand #HD1160215794: Hold'em No Limit  ($0.02/$0.05) - 2023/03/14 19:11:11
Table 'NLHBlue63' 6-max Seat #4 is the button
Seat 1: 31eb4908 ($5.03 in chips)
Seat 3: Hero ($5.11 in chips)
Seat 4: 506d508 ($5.47 in chips)
Seat 5: e9153b76 ($6.78 in chips)
e9153b76: posts small blind $0.02
31eb4908: posts big blind $0.05
*** HOLE CARDS ***
Dealt to 31eb4908 
Dealt to Hero [3s Kh]
Dealt to 506d508 
Dealt to e9153b76 
Hero: folds
506d508: folds
e9153b76: folds
Uncalled bet ($0.03) returned to 31eb4908
*** SHOWDOWN ***
31eb4908 collected $0.04 from pot
*** SUMMARY ***
Total pot $0.04 | Rake $0 | Jackpot $0 | Bingo $0 | Fortune $0
Seat 1: 31eb4908 (big blind) collected ($0.04)
Seat 3: Hero folded before Flop (didn't bet)
Seat 4: 506d508 (button) folded before Flop (didn't bet)
Seat 5: e9153b76 (small blind) folded before Flop


Poker Hand #HD1160215771: Hold'em No Limit  ($0.02/$0.05) - 2023/03/14 19:11:04
Table 'NLHBlue63' 6-max Seat #3 is the button
Seat 1: 31eb4908 ($5.03 in chips)
Seat 3: Hero ($5.11 in chips)
Seat 4: 506d508 ($5.49 in chips)
Seat 5: e9153b76 ($6.76 in chips)
506d508: posts small blind $0.02
e9153b76: posts big blind $0.05
*** HOLE CARDS ***
Dealt to 31eb4908 
Dealt to Hero [4s 8h]
Dealt to 506d508 
Dealt to e9153b76 
31eb4908: folds
Hero: folds
506d508: folds
Uncalled bet ($0.03) returned to e9153b76
*** SHOWDOWN ***
e9153b76 collected $0.04 from pot
*** SUMMARY ***
Total pot $0.04 | Rake $0 | Jackpot $0 | Bingo $0 | Fortune $0
Seat 1: 31eb4908 folded before Flop (didn't bet)
Seat 3: Hero (button) folded before Flop (didn't bet)
Seat 4: 506d508 (small blind) folded before Flop
Seat 5: e9153b76 (big blind) collected ($0.04)


Poker Hand #HD1160215732: Hold'em No Limit  ($0.02/$0.05) - 2023/03/14 19:10:47
Table 'NLHBlue63' 6-max Seat #1 is the button
Seat 1: 31eb4908 ($5.03 in chips)
Seat 3: Hero ($5.13 in chips)
Seat 4: 506d508 ($5.47 in chips)
Seat 5: e9153b76 ($6.76 in chips)
Hero: posts small blind $0.02
506d508: posts big blind $0.05
*** HOLE CARDS ***
Dealt to 31eb4908 
Dealt to Hero [7h Qs]
Dealt to 506d508 
Dealt to e9153b76 
e9153b76: folds
31eb4908: folds
Hero: folds
Uncalled bet ($0.03) returned to 506d508
*** SHOWDOWN ***
506d508 collected $0.04 from pot
*** SUMMARY ***
Total pot $0.04 | Rake $0 | Jackpot $0 | Bingo $0 | Fortune $0
Seat 1: 31eb4908 (button) folded before Flop (didn't bet)
Seat 3: Hero (small blind) folded before Flop
Seat 4: 506d508 (big blind) collected ($0.04)
Seat 5: e9153b76 folded before Flop (didn't bet)


Poker Hand #HD1160215701: Hold'em No Limit  ($0.02/$0.05) - 2023/03/14 19:10:34
Table 'NLHBlue63' 6-max Seat #5 is the button
Seat 1: 31eb4908 ($5.05 in chips)
Seat 3: Hero ($5.11 in chips)
Seat 4: 506d508 ($5.47 in chips)
Seat 5: e9153b76 ($6.76 in chips)
31eb4908: posts small blind $0.02
Hero: posts big blind $0.05
*** HOLE CARDS ***
Dealt to 31eb4908 
Dealt to Hero [As 3s]
Dealt to 506d508 
Dealt to e9153b76 
506d508: folds
e9153b76: folds
31eb4908: folds
Uncalled bet ($0.03) returned to Hero
*** SHOWDOWN ***
Hero collected $0.04 from pot
*** SUMMARY ***
Total pot $0.04 | Rake $0 | Jackpot $0 | Bingo $0 | Fortune $0
Seat 1: 31eb4908 (small blind) folded before Flop
Seat 3: Hero (big blind) collected ($0.04)
Seat 4: 506d508 folded before Flop (didn't bet)
Seat 5: e9153b76 (button) folded before Flop (didn't bet)


Poker Hand #HD1160215682: Hold'em No Limit  ($0.02/$0.05) - 2023/03/14 19:10:25
Table 'NLHBlue63' 6-max Seat #4 is the button
Seat 1: 31eb4908 ($5.1 in chips)
Seat 3: Hero ($5.11 in chips)
Seat 4: 506d508 ($5.4 in chips)
Seat 5: e9153b76 ($6.78 in chips)
e9153b76: posts small blind $0.02
31eb4908: posts big blind $0.05
*** HOLE CARDS ***
Dealt to 31eb4908 
Dealt to Hero [Jh 4d]
Dealt to 506d508 
Dealt to e9153b76 
Hero: folds
506d508: raises $0.08 to $0.13
e9153b76: folds
31eb4908: folds
Uncalled bet ($0.08) returned to 506d508
*** SHOWDOWN ***
506d508 collected $0.12 from pot
*** SUMMARY ***
Total pot $0.12 | Rake $0 | Jackpot $0 | Bingo $0 | Fortune $0
Seat 1: 31eb4908 (big blind) folded before Flop
Seat 3: Hero folded before Flop (didn't bet)
Seat 4: 506d508 (button) collected ($0.12)
Seat 5: e9153b76 (small blind) folded before Flop


Poker Hand #HD1160145625: Hold'em No Limit  ($0.02/$0.05) - 2023/03/14 19:10:03
Table 'NLHBlue63' 6-max Seat #3 is the button
Seat 1: 31eb4908 ($5.1 in chips)
Seat 3: Hero ($5.23 in chips)
Seat 4: 506d508 ($5.24 in chips)
Seat 5: e9153b76 ($6.83 in chips)
506d508: posts small blind $0.02
e9153b76: posts big blind $0.05
*** HOLE CARDS ***
Dealt to 31eb4908 
Dealt to Hero [2h 2c]
Dealt to 506d508 
Dealt to e9153b76 
31eb4908: folds
Hero: raises $0.07 to $0.12
506d508: raises $0.38 to $0.5
e9153b76: folds
Hero: folds
Uncalled bet ($0.38) returned to 506d508
*** SHOWDOWN ***
506d508 collected $0.28 from pot
*** SUMMARY ***
Total pot $0.29 | Rake $0.01 | Jackpot $0 | Bingo $0 | Fortune $0
Seat 1: 31eb4908 folded before Flop (didn't bet)
Seat 3: Hero (button) folded before Flop
Seat 4: 506d508 (small blind) collected ($0.28)
Seat 5: e9153b76 (big blind) folded before Flop


Poker Hand #HD1160145602: Hold'em No Limit  ($0.02/$0.05) - 2023/03/14 19:09:52
Table 'NLHBlue63' 6-max Seat #1 is the button
Seat 1: 31eb4908 ($5.03 in chips)
Seat 3: Hero ($5.25 in chips)
Seat 4: 506d508 ($5.29 in chips)
Seat 5: e9153b76 ($6.83 in chips)
Hero: posts small blind $0.02
506d508: posts big blind $0.05
*** HOLE CARDS ***
Dealt to 31eb4908 
Dealt to Hero [As 9d]
Dealt to 506d508 
Dealt to e9153b76 
e9153b76: folds
31eb4908: raises $0.08 to $0.13
Hero: folds
506d508: folds
Uncalled bet ($0.08) returned to 31eb4908
*** SHOWDOWN ***
31eb4908 collected $0.12 from pot
*** SUMMARY ***
Total pot $0.12 | Rake $0 | Jackpot $0 | Bingo $0 | Fortune $0
Seat 1: 31eb4908 (button) collected ($0.12)
Seat 3: Hero (small blind) folded before Flop
Seat 4: 506d508 (big blind) folded before Flop
Seat 5: e9153b76 folded before Flop (didn't bet)


Poker Hand #HD1160145569: Hold'em No Limit  ($0.02/$0.05) - 2023/03/14 19:09:37
Table 'NLHBlue63' 6-max Seat #5 is the button
Seat 1: 31eb4908 ($5.05 in chips)
Seat 3: Hero ($5.23 in chips)
Seat 4: 506d508 ($5.29 in chips)
Seat 5: e9153b76 ($6.83 in chips)
31eb4908: posts small blind $0.02
Hero: posts big blind $0.05
*** HOLE CARDS ***
Dealt to 31eb4908 
Dealt to Hero [Qh Ks]
Dealt to 506d508 
Dealt to e9153b76 
506d508: folds
e9153b76: folds
31eb4908: folds
Uncalled bet ($0.03) returned to Hero
*** SHOWDOWN ***
Hero collected $0.04 from pot
*** SUMMARY ***
Total pot $0.04 | Rake $0 | Jackpot $0 | Bingo $0 | Fortune $0
Seat 1: 31eb4908 (small blind) folded before Flop
Seat 3: Hero (big blind) collected ($0.04)
Seat 4: 506d508 folded before Flop (didn't bet)
Seat 5: e9153b76 (button) folded before Flop (didn't bet)


Poker Hand #HD1160145538: Hold'em No Limit  ($0.02/$0.05) - 2023/03/14 19:09:24
Table 'NLHBlue63' 6-max Seat #4 is the button
Seat 1: 31eb4908 ($5 in chips)
Seat 3: Hero ($5.16 in chips)
Seat 4: 506d508 ($5.29 in chips)
Seat 5: e9153b76 ($6.85 in chips)
e9153b76: posts small blind $0.02
31eb4908: posts big blind $0.05
*** HOLE CARDS ***
Dealt to 31eb4908 
Dealt to Hero [8d Jd]
Dealt to 506d508 
Dealt to e9153b76 
Hero: raises $0.07 to $0.12
506d508: folds
e9153b76: folds
31eb4908: folds
Uncalled bet ($0.07) returned to Hero
*** SHOWDOWN ***
Hero collected $0.12 from pot
*** SUMMARY ***
Total pot $0.12 | Rake $0 | Jackpot $0 | Bingo $0 | Fortune $0
Seat 1: 31eb4908 (big blind) folded before Flop
Seat 3: Hero collected ($0.12)
Seat 4: 506d508 (button) folded before Flop (didn't bet)
Seat 5: e9153b76 (small blind) folded before Flop


Poker Hand #HD1160145506: Hold'em No Limit  ($0.02/$0.05) - 2023/03/14 19:09:11
Table 'NLHBlue63' 6-max Seat #3 is the button
Seat 1: 31eb4908 ($5 in chips)
Seat 3: Hero ($5.16 in chips)
Seat 4: 506d508 ($5.24 in chips)
Seat 5: e9153b76 ($6.9 in chips)
506d508: posts small blind $0.02
e9153b76: posts big blind $0.05
*** HOLE CARDS ***
Dealt to 31eb4908 
Dealt to Hero [2c 9d]
Dealt to 506d508 
Dealt to e9153b76 
31eb4908: folds
Hero: folds
506d508: raises $0.1 to $0.15
e9153b76: folds
Uncalled bet ($0.1) returned to 506d508
*** SHOWDOWN ***
506d508 collected $0.1 from pot
*** SUMMARY ***
Total pot $0.1 | Rake $0 | Jackpot $0 | Bingo $0 | Fortune $0
Seat 1: 31eb4908 folded before Flop (didn't bet)
Seat 3: Hero (button) folded before Flop (didn't bet)
Seat 4: 506d508 (small blind) collected ($0.1)
Seat 5: e9153b76 (big blind) folded before Flop


Poker Hand #HD1160145489: Hold'em No Limit  ($0.02/$0.05) - 2023/03/14 19:09:03
Table 'NLHBlue63' 6-max Seat #1 is the button
Seat 1: 31eb4908 ($5 in chips)
Seat 3: Hero ($5.18 in chips)
Seat 4: 506d508 ($5.22 in chips)
Seat 5: e9153b76 ($6.9 in chips)
Hero: posts small blind $0.02
506d508: posts big blind $0.05
*** HOLE CARDS ***
Dealt to 31eb4908 
Dealt to Hero [9h 2s]
Dealt to 506d508 
Dealt to e9153b76 
e9153b76: folds
31eb4908: folds
Hero: folds
Uncalled bet ($0.03) returned to 506d508
*** SHOWDOWN ***
506d508 collected $0.04 from pot
*** SUMMARY ***
Total pot $0.04 | Rake $0 | Jackpot $0 | Bingo $0 | Fortune $0
Seat 1: 31eb4908 (button) folded before Flop (didn't bet)
Seat 3: Hero (small blind) folded before Flop
Seat 4: 506d508 (big blind) collected ($0.04)
Seat 5: e9153b76 folded before Flop (didn't bet)


Poker Hand #HD1160145382: Hold'em No Limit  ($0.02/$0.05) - 2023/03/14 19:08:13
Table 'NLHBlue63' 6-max Seat #5 is the button
Seat 1: 31eb4908 ($5 in chips)
Seat 3: Hero ($5.23 in chips)
Seat 4: 506d508 ($5.83 in chips)
Seat 5: e9153b76 ($6.28 in chips)
31eb4908: posts small blind $0.02
Hero: posts big blind $0.05
*** HOLE CARDS ***
Dealt to 31eb4908 
Dealt to Hero [Jh 3d]
Dealt to 506d508 
Dealt to e9153b76 
506d508: raises $0.08 to $0.13
e9153b76: raises $0.22 to $0.35
31eb4908: folds
Hero: folds
506d508: calls $0.22
*** FLOP *** [4h Td Qd]
506d508: checks
e9153b76: checks
*** TURN *** [4h Td Qd] [8s]
506d508: checks
e9153b76: checks
*** RIVER *** [4h Td Qd 8s] [6c]
506d508: bets $0.26
e9153b76: raises $0.84 to $1.1
506d508: folds
Uncalled bet ($0.84) returned to e9153b76
*** SHOWDOWN ***
e9153b76 collected $1.23 from pot
*** SUMMARY ***
Total pot $1.29 | Rake $0.06 | Jackpot $0 | Bingo $0 | Fortune $0
Board [4h Td Qd 8s 6c]
Seat 1: 31eb4908 (small blind) folded before Flop
Seat 3: Hero (big blind) folded before Flop
Seat 4: 506d508 folded on the River
Seat 5: e9153b76 (button) won ($1.23)


Poker Hand #HD1160145336: Hold'em No Limit  ($0.02/$0.05) - 2023/03/14 19:07:50
Table 'NLHBlue63' 6-max Seat #4 is the button
Seat 1: 31eb4908 ($5 in chips)
Seat 3: Hero ($5.05 in chips)
Seat 4: 506d508 ($5.95 in chips)
Seat 5: e9153b76 ($6.3 in chips)
e9153b76: posts small blind $0.02
31eb4908: posts big blind $0.05
*** HOLE CARDS ***
Dealt to 31eb4908 
Dealt to Hero [Kd As]
Dealt to 506d508 
Dealt to e9153b76 
Hero: raises $0.07 to $0.12
506d508: calls $0.12
e9153b76: folds
31eb4908: folds
*** FLOP *** [Ac 9c 3c]
Hero: bets $0.11
506d508: folds
Uncalled bet ($0.11) returned to Hero
*** SHOWDOWN ***
Hero collected $0.3 from pot
*** SUMMARY ***
Total pot $0.31 | Rake $0.01 | Jackpot $0 | Bingo $0 | Fortune $0
Board [Ac 9c 3c]
Seat 1: 31eb4908 (big blind) folded before Flop
Seat 3: Hero won ($0.3)
Seat 4: 506d508 (button) folded on the Flop
Seat 5: e9153b76 (small blind) folded before Flop


Poker Hand #HD1160145319: Hold'em No Limit  ($0.02/$0.05) - 2023/03/14 19:07:44
Table 'NLHBlue63' 6-max Seat #3 is the button
Seat 3: Hero ($5.05 in chips)
Seat 4: 506d508 ($5.97 in chips)
Seat 5: e9153b76 ($6.28 in chips)
506d508: posts small blind $0.02
e9153b76: posts big blind $0.05
*** HOLE CARDS ***
Dealt to Hero [Kh 2s]
Dealt to 506d508 
Dealt to e9153b76 
Hero: folds
506d508: folds
Uncalled bet ($0.03) returned to e9153b76
*** SHOWDOWN ***
e9153b76 collected $0.04 from pot
*** SUMMARY ***
Total pot $0.04 | Rake $0 | Jackpot $0 | Bingo $0 | Fortune $0
Seat 3: Hero (button) folded before Flop (didn't bet)
Seat 4: 506d508 (small blind) folded before Flop
Seat 5: e9153b76 (big blind) collected ($0.04)


Poker Hand #HD1160145298: Hold'em No Limit  ($0.02/$0.05) - 2023/03/14 19:07:32
Table 'NLHBlue63' 6-max Seat #5 is the button
Seat 3: Hero ($5 in chips)
Seat 4: 506d508 ($6.02 in chips)
Seat 5: e9153b76 ($6.28 in chips)
Hero: posts small blind $0.02
506d508: posts big blind $0.05
*** HOLE CARDS ***
Dealt to Hero [As Ah]
Dealt to 506d508 
Dealt to e9153b76 
e9153b76: folds
Hero: raises $0.09 to $0.14
506d508: folds
Uncalled bet ($0.09) returned to Hero
*** SHOWDOWN ***
Hero collected $0.1 from pot
*** SUMMARY ***
Total pot $0.1 | Rake $0 | Jackpot $0 | Bingo $0 | Fortune $0
Seat 3: Hero (small blind) collected ($0.1)
Seat 4: 506d508 (big blind) folded before Flop
Seat 5: e9153b76 (button) folded before Flop (didn't bet)


Poker Hand #HD1160145264: Hold'em No Limit  ($0.02/$0.05) - 2023/03/14 19:07:21
Table 'NLHBlue63' 6-max Seat #4 is the button
Seat 3: Hero ($5 in chips)
Seat 4: 506d508 ($6.02 in chips)
Seat 5: e9153b76 ($6.23 in chips)
e9153b76: posts small blind $0.02
Hero: posts big blind $0.05
*** HOLE CARDS ***
Dealt to Hero [2d 9h]
Dealt to 506d508 
Dealt to e9153b76 
506d508: folds
e9153b76: raises $0.07 to $0.12
Hero: folds
Uncalled bet ($0.07) returned to e9153b76
*** SHOWDOWN ***
e9153b76 collected $0.1 from pot
*** SUMMARY ***
Total pot $0.1 | Rake $0 | Jackpot $0 | Bingo $0 | Fortune $0
Seat 3: Hero (big blind) folded before Flop
Seat 4: 506d508 (button) folded before Flop (didn't bet)
Seat 5: e9153b76 (small blind) collected ($0.1)


Poker Hand #HD1160145206: Hold'em No Limit  ($0.02/$0.05) - 2023/03/14 19:06:56
Table 'NLHBlue63' 6-max Seat #3 is the button
Seat 1: bf1dfc0f ($8.84 in chips)
Seat 2: bfcd3d56 ($10.16 in chips)
Seat 3: Hero ($5 in chips)
Seat 4: 506d508 ($5.86 in chips)
Seat 5: e9153b76 ($6.28 in chips)
506d508: posts small blind $0.02
e9153b76: posts big blind $0.05
*** HOLE CARDS ***
Dealt to bf1dfc0f 
Dealt to bfcd3d56 
Dealt to Hero [5s 4s]
Dealt to 506d508 
Dealt to e9153b76 
bf1dfc0f: folds
bfcd3d56: folds
Hero: raises $0.07 to $0.12
506d508: raises $0.38 to $0.5
e9153b76: folds
Hero: folds
Uncalled bet ($0.38) returned to 506d508
*** SHOWDOWN ***
506d508 collected $0.28 from pot
*** SUMMARY ***
Total pot $0.29 | Rake $0.01 | Jackpot $0 | Bingo $0 | Fortune $0
Seat 1: bf1dfc0f folded before Flop (didn't bet)
Seat 2: bfcd3d56 folded before Flop (didn't bet)
Seat 3: Hero (button) folded before Flop
Seat 4: 506d508 (small blind) collected ($0.28)
Seat 5: e9153b76 (big blind) folded before Flop


Poker Hand #HD1160144995: Hold'em No Limit  ($0.02/$0.05) - 2023/03/14 19:05:21
Table 'NLHBlue63' 6-max Seat #2 is the button
Seat 1: bf1dfc0f ($8.84 in chips)
Seat 2: bfcd3d56 ($10.16 in chips)
Seat 3: Hero ($5 in chips)
Seat 4: 506d508 ($6.05 in chips)
Seat 5: e9153b76 ($5 in chips)
Seat 6: 2b3785ff ($1.25 in chips)
Hero: posts small blind $0.02
506d508: posts big blind $0.05
*** HOLE CARDS ***
Dealt to bf1dfc0f 
Dealt to bfcd3d56 
Dealt to Hero [Jh 8h]
Dealt to 506d508 
Dealt to e9153b76 
Dealt to 2b3785ff 
e9153b76: raises $0.05 to $0.1
2b3785ff: raises $0.09 to $0.19
bf1dfc0f: folds
bfcd3d56: folds
Hero: folds
506d508: calls $0.14
e9153b76: raises $0.71 to $0.9
2b3785ff: raises $0.35 to $1.25 and is all-in
506d508: folds
e9153b76: calls $0.35
2b3785ff: shows [Ah Jd]
e9153b76: shows [Ac Ks]
*** FLOP *** [4c 7d 4s]
*** TURN *** [4c 7d 4s] [4h]
*** RIVER *** [4c 7d 4s 4h] [Ts]
*** SHOWDOWN ***
e9153b76 collected $2.53 from pot
*** SUMMARY ***
Total pot $2.71 | Rake $0.13 | Jackpot $0.05 | Bingo $0 | Fortune $0
Board [4c 7d 4s 4h Ts]
Seat 1: bf1dfc0f folded before Flop (didn't bet)
Seat 2: bfcd3d56 (button) folded before Flop (didn't bet)
Seat 3: Hero (small blind) folded before Flop
Seat 4: 506d508 (big blind) folded before Flop
Seat 5: e9153b76 showed [Ac Ks] and won ($2.53) with Three Fours
Seat 6: 2b3785ff showed [Ah Jd] and lost with Three Fours


Poker Hand #HD1160144884: Hold'em No Limit  ($0.02/$0.05) - 2023/03/14 19:04:33
Table 'NLHBlue63' 6-max Seat #1 is the button
Seat 1: bf1dfc0f ($8.84 in chips)
Seat 2: bfcd3d56 ($10.18 in chips)
Seat 3: Hero ($5.05 in chips)
Seat 4: 506d508 ($5.3 in chips)
Seat 5: e9153b76 ($5 in chips)
Seat 6: 2b3785ff ($1.25 in chips)
bfcd3d56: posts small blind $0.02
Hero: posts big blind $0.05
*** HOLE CARDS ***
Dealt to bf1dfc0f 
Dealt to bfcd3d56 
Dealt to Hero [7h 8d]
Dealt to 506d508 
Dealt to e9153b76 
Dealt to 2b3785ff 
506d508: raises $0.08 to $0.13
e9153b76: calls $0.13
2b3785ff: folds
bf1dfc0f: folds
bfcd3d56: folds
Hero: folds
*** FLOP *** [3h 9h 9c]
506d508: checks
e9153b76: bets $0.17
506d508: raises $0.51 to $0.68
e9153b76: calls $0.51
*** TURN *** [3h 9h 9c] [Ad]
506d508: bets $1.27
e9153b76: folds
Uncalled bet ($1.27) returned to 506d508
*** SHOWDOWN ***
506d508 collected $1.56 from pot
*** SUMMARY ***
Total pot $1.69 | Rake $0.08 | Jackpot $0.05 | Bingo $0 | Fortune $0
Board [3h 9h 9c Ad]
Seat 1: bf1dfc0f (button) folded before Flop (didn't bet)
Seat 2: bfcd3d56 (small blind) folded before Flop
Seat 3: Hero (big blind) folded before Flop
Seat 4: 506d508 won ($1.56)
Seat 5: e9153b76 folded on the Turn
Seat 6: 2b3785ff folded before Flop (didn't bet)


Poker Hand #HD1160144828: Hold'em No Limit  ($0.02/$0.05) - 2023/03/14 19:04:12
Table 'NLHBlue63' 6-max Seat #6 is the button
Seat 1: bf1dfc0f ($8.86 in chips)
Seat 2: bfcd3d56 ($10.23 in chips)
Seat 3: Hero ($5.05 in chips)
Seat 4: 506d508 ($5.3 in chips)
Seat 5: e9153b76 ($5 in chips)
Seat 6: 2b3785ff ($1.18 in chips)
bf1dfc0f: posts small blind $0.02
bfcd3d56: posts big blind $0.05
*** HOLE CARDS ***
Dealt to bf1dfc0f 
Dealt to bfcd3d56 
Dealt to Hero [4c 7d]
Dealt to 506d508 
Dealt to e9153b76 
Dealt to 2b3785ff 
Hero: folds
506d508: folds
e9153b76: folds
2b3785ff: raises $0.15 to $0.2
bf1dfc0f: folds
bfcd3d56: folds
Uncalled bet ($0.15) returned to 2b3785ff
*** SHOWDOWN ***
2b3785ff collected $0.12 from pot
*** SUMMARY ***
Total pot $0.12 | Rake $0 | Jackpot $0 | Bingo $0 | Fortune $0
Seat 1: bf1dfc0f (small blind) folded before Flop
Seat 2: bfcd3d56 (big blind) folded before Flop
Seat 3: Hero folded before Flop (didn't bet)
Seat 4: 506d508 folded before Flop (didn't bet)
Seat 5: e9153b76 folded before Flop (didn't bet)
Seat 6: 2b3785ff (button) collected ($0.12)


Poker Hand #HD1160144710: Hold'em No Limit  ($0.02/$0.05) - 2023/03/14 19:03:24
Table 'NLHBlue63' 6-max Seat #5 is the button
Seat 1: bf1dfc0f ($9.04 in chips)
Seat 2: bfcd3d56 ($10.23 in chips)
Seat 3: Hero ($5.05 in chips)
Seat 4: 506d508 ($5.01 in chips)
Seat 5: e9153b76 ($5 in chips)
Seat 6: 2b3785ff ($1.31 in chips)
2b3785ff: posts small blind $0.02
bf1dfc0f: posts big blind $0.05
*** HOLE CARDS ***
Dealt to bf1dfc0f 
Dealt to bfcd3d56 
Dealt to Hero [5d Td]
Dealt to 506d508 
Dealt to e9153b76 
Dealt to 2b3785ff 
bfcd3d56: folds
Hero: folds
506d508: raises $0.08 to $0.13
e9153b76: folds
2b3785ff: calls $0.11
bf1dfc0f: calls $0.08
*** FLOP *** [Kd 8s Ac]
2b3785ff: checks
bf1dfc0f: checks
506d508: checks
*** TURN *** [Kd 8s Ac] [2h]
2b3785ff: checks
bf1dfc0f: checks
506d508: checks
*** RIVER *** [Kd 8s Ac 2h] [Ah]
2b3785ff: checks
bf1dfc0f: checks
506d508: bets $0.05
2b3785ff: folds
bf1dfc0f: calls $0.05
506d508: shows [Qh Qc] (Pair of Aces and Pair of Queens)
bf1dfc0f: shows [7c 7d] (Pair of Aces and Pair of Sevens)
*** SHOWDOWN ***
506d508 collected $0.47 from pot
*** SUMMARY ***
Total pot $0.49 | Rake $0.02 | Jackpot $0 | Bingo $0 | Fortune $0
Board [Kd 8s Ac 2h Ah]
Seat 1: bf1dfc0f (big blind) showed [7c 7d] and lost with Pair of Aces and Pair of Sevens
Seat 2: bfcd3d56 folded before Flop (didn't bet)
Seat 3: Hero folded before Flop (didn't bet)
Seat 4: 506d508 showed [Qh Qc] and won ($0.47) with Pair of Aces and Pair of Queens
Seat 5: e9153b76 (button) folded before Flop (didn't bet)
Seat 6: 2b3785ff (small blind) folded on the River


Poker Hand #HD1160144676: Hold'em No Limit  ($0.02/$0.05) - 2023/03/14 19:03:09
Table 'NLHBlue63' 6-max Seat #4 is the button
Seat 1: bf1dfc0f ($9.04 in chips)
Seat 2: bfcd3d56 ($10.23 in chips)
Seat 3: Hero ($5.05 in chips)
Seat 4: 506d508 ($5.01 in chips)
Seat 5: e9153b76 ($5 in chips)
Seat 6: 2b3785ff ($1.29 in chips)
e9153b76: posts small blind $0.02
2b3785ff: posts big blind $0.05
*** HOLE CARDS ***
Dealt to bf1dfc0f 
Dealt to bfcd3d56 
Dealt to Hero [Jh 3c]
Dealt to 506d508 
Dealt to e9153b76 
Dealt to 2b3785ff 
bf1dfc0f: folds
bfcd3d56: folds
Hero: folds
506d508: folds
e9153b76: folds
Uncalled bet ($0.03) returned to 2b3785ff
*** SHOWDOWN ***
2b3785ff collected $0.04 from pot
*** SUMMARY ***
Total pot $0.04 | Rake $0 | Jackpot $0 | Bingo $0 | Fortune $0
Seat 1: bf1dfc0f folded before Flop (didn't bet)
Seat 2: bfcd3d56 folded before Flop (didn't bet)
Seat 3: Hero folded before Flop (didn't bet)
Seat 4: 506d508 (button) folded before Flop (didn't bet)
Seat 5: e9153b76 (small blind) folded before Flop
Seat 6: 2b3785ff (big blind) collected ($0.04)


Poker Hand #HD1160144614: Hold'em No Limit  ($0.02/$0.05) - 2023/03/14 19:02:43
Table 'NLHBlue63' 6-max Seat #3 is the button
Seat 1: bf1dfc0f ($9.04 in chips)
Seat 2: bfcd3d56 ($10.23 in chips)
Seat 3: Hero ($5.05 in chips)
Seat 4: 506d508 ($5.03 in chips)
Seat 5: e9153b76 ($5 in chips)
Seat 6: 2b3785ff ($1.22 in chips)
506d508: posts small blind $0.02
e9153b76: posts big blind $0.05
*** HOLE CARDS ***
Dealt to bf1dfc0f 
Dealt to bfcd3d56 
Dealt to Hero [Th 5c]
Dealt to 506d508 
Dealt to e9153b76 
Dealt to 2b3785ff 
2b3785ff: calls $0.05
bf1dfc0f: folds
bfcd3d56: folds
Hero: folds
506d508: folds
e9153b76: checks
*** FLOP *** [Jc Ah 9s]
e9153b76: checks
2b3785ff: bets $0.06
e9153b76: folds
Uncalled bet ($0.06) returned to 2b3785ff
*** SHOWDOWN ***
2b3785ff collected $0.12 from pot
*** SUMMARY ***
Total pot $0.12 | Rake $0 | Jackpot $0 | Bingo $0 | Fortune $0
Board [Jc Ah 9s]
Seat 1: bf1dfc0f folded before Flop (didn't bet)
Seat 2: bfcd3d56 folded before Flop (didn't bet)
Seat 3: Hero (button) folded before Flop (didn't bet)
Seat 4: 506d508 (small blind) folded before Flop
Seat 5: e9153b76 (big blind) folded on the Flop
Seat 6: 2b3785ff won ($0.12)


Poker Hand #HD1160144532: Hold'em No Limit  ($0.02/$0.05) - 2023/03/14 19:02:12
Table 'NLHBlue63' 6-max Seat #2 is the button
Seat 1: bf1dfc0f ($8.79 in chips)
Seat 2: bfcd3d56 ($10.23 in chips)
Seat 3: Hero ($5.07 in chips)
Seat 4: 506d508 ($5.08 in chips)
Seat 5: e9153b76 ($5 in chips)
Seat 6: 2b3785ff ($1.42 in chips)
Hero: posts small blind $0.02
506d508: posts big blind $0.05
*** HOLE CARDS ***
Dealt to bf1dfc0f 
Dealt to bfcd3d56 
Dealt to Hero [Qc 6s]
Dealt to 506d508 
Dealt to e9153b76 
Dealt to 2b3785ff 
e9153b76: folds
2b3785ff: calls $0.05
bf1dfc0f: raises $0.15 to $0.2
bfcd3d56: folds
Hero: folds
506d508: folds
2b3785ff: calls $0.15
*** FLOP *** [2s Ac Ah]
2b3785ff: checks
bf1dfc0f: bets $0.24
2b3785ff: folds
Uncalled bet ($0.24) returned to bf1dfc0f
*** SHOWDOWN ***
bf1dfc0f collected $0.45 from pot
*** SUMMARY ***
Total pot $0.47 | Rake $0.02 | Jackpot $0 | Bingo $0 | Fortune $0
Board [2s Ac Ah]
Seat 1: bf1dfc0f won ($0.45)
Seat 2: bfcd3d56 (button) folded before Flop (didn't bet)
Seat 3: Hero (small blind) folded before Flop
Seat 4: 506d508 (big blind) folded before Flop
Seat 5: e9153b76 folded before Flop (didn't bet)
Seat 6: 2b3785ff folded on the Flop


Poker Hand #HD1160144359: Hold'em No Limit  ($0.02/$0.05) - 2023/03/14 19:01:06
Table 'NLHBlue63' 6-max Seat #1 is the button
Seat 1: bf1dfc0f ($8.79 in chips)
Seat 2: bfcd3d56 ($10.25 in chips)
Seat 3: Hero ($5 in chips)
Seat 4: 506d508 ($5.08 in chips)
Seat 5: e9153b76 ($5 in chips)
Seat 6: 2b3785ff ($1.47 in chips)
bfcd3d56: posts small blind $0.02
Hero: posts big blind $0.05
*** HOLE CARDS ***
Dealt to bf1dfc0f 
Dealt to bfcd3d56 
Dealt to Hero [Tc Js]
Dealt to 506d508 
Dealt to e9153b76 
Dealt to 2b3785ff 
506d508: folds
e9153b76: folds
2b3785ff: calls $0.05
bf1dfc0f: folds
bfcd3d56: folds
Hero: checks
*** FLOP *** [9s 9d Ac]
Hero: checks
2b3785ff: checks
*** TURN *** [9s 9d Ac] [Kh]
Hero: checks
2b3785ff: checks
*** RIVER *** [9s 9d Ac Kh] [5h]
Hero: checks
2b3785ff: checks
Hero: shows [Tc Js] (Pair of Nines)
2b3785ff: shows [4h 3s] (Pair of Nines)
*** SHOWDOWN ***
Hero collected $0.12 from pot
*** SUMMARY ***
Total pot $0.12 | Rake $0 | Jackpot $0 | Bingo $0 | Fortune $0
Board [9s 9d Ac Kh 5h]
Seat 1: bf1dfc0f (button) folded before Flop (didn't bet)
Seat 2: bfcd3d56 (small blind) folded before Flop
Seat 3: Hero (big blind) showed [Tc Js] and won ($0.12) with Pair of Nines
Seat 4: 506d508 folded before Flop (didn't bet)
Seat 5: e9153b76 folded before Flop (didn't bet)
Seat 6: 2b3785ff showed [4h 3s] and lost with Pair of Nines


