Poker Hand #HD1175944093: Hold'em No Limit  ($0.02/$0.05) - 2023/03/25 23:44:16
Table 'NLHBlue133' 6-max Seat #2 is the button
Seat 2: c46c6b48 ($3.84 in chips)
Seat 3: 4e8ee4b5 ($4.97 in chips)
Seat 4: 955bdb7 ($5 in chips)
Seat 5: Hero ($5.46 in chips)
Seat 6: 66276318 ($5.69 in chips)
4e8ee4b5: posts small blind $0.02
955bdb7: posts big blind $0.05
*** HOLE CARDS ***
Dealt to c46c6b48 
Dealt to 4e8ee4b5 
Dealt to 955bdb7 
Dealt to Hero [6d 3c]
Dealt to 66276318 
Hero: folds
66276318: folds
c46c6b48: calls $0.05
4e8ee4b5: raises $0.05 to $0.1
955bdb7: folds
c46c6b48: calls $0.05
*** FLOP *** [2s 4c 6s]
4e8ee4b5: checks
c46c6b48: checks
*** TURN *** [2s 4c 6s] [8s]
4e8ee4b5: bets $0.25
c46c6b48: folds
Uncalled bet ($0.25) returned to 4e8ee4b5
*** SHOWDOWN ***
4e8ee4b5 collected $0.24 from pot
*** SUMMARY ***
Total pot $0.25 | Rake $0.01 | Jackpot $0 | Bingo $0 | Fortune $0
Board [2s 4c 6s 8s]
Seat 2: c46c6b48 (button) folded on the Turn
Seat 3: 4e8ee4b5 (small blind) won ($0.24)
Seat 4: 955bdb7 (big blind) folded before Flop
Seat 5: Hero folded before Flop (didn't bet)
Seat 6: 66276318 folded before Flop (didn't bet)


Poker Hand #HD1175944042: Hold'em No Limit  ($0.02/$0.05) - 2023/03/25 23:43:52
Table 'NLHBlue133' 6-max Seat #6 is the button
Seat 2: c46c6b48 ($3.79 in chips)
Seat 3: 4e8ee4b5 ($5.02 in chips)
Seat 5: Hero ($5.46 in chips)
Seat 6: 66276318 ($5.69 in chips)
c46c6b48: posts small blind $0.02
4e8ee4b5: posts big blind $0.05
*** HOLE CARDS ***
Dealt to c46c6b48 
Dealt to 4e8ee4b5 
Dealt to Hero [8h 6d]
Dealt to 66276318 
Hero: folds
66276318: folds
c46c6b48: calls $0.03
4e8ee4b5: checks
*** FLOP *** [6s Qd 2c]
c46c6b48: bets $0.05
4e8ee4b5: folds
Uncalled bet ($0.05) returned to c46c6b48
*** SHOWDOWN ***
c46c6b48 collected $0.1 from pot
*** SUMMARY ***
Total pot $0.1 | Rake $0 | Jackpot $0 | Bingo $0 | Fortune $0
Board [6s Qd 2c]
Seat 2: c46c6b48 (small blind) won ($0.1)
Seat 3: 4e8ee4b5 (big blind) folded on the Flop
Seat 5: Hero folded before Flop (didn't bet)
Seat 6: 66276318 (button) folded before Flop (didn't bet)


Poker Hand #HD1175943891: Hold'em No Limit  ($0.02/$0.05) - 2023/03/25 23:42:42
Table 'NLHBlue133' 6-max Seat #5 is the button
Seat 1: fa3f2911 ($5.17 in chips)
Seat 2: c46c6b48 ($3.89 in chips)
Seat 3: 4e8ee4b5 ($4.86 in chips)
Seat 5: Hero ($5.46 in chips)
Seat 6: 66276318 ($5.71 in chips)
66276318: posts small blind $0.02
fa3f2911: posts big blind $0.05
*** HOLE CARDS ***
Dealt to fa3f2911 
Dealt to c46c6b48 
Dealt to 4e8ee4b5 
Dealt to Hero [Js 9h]
Dealt to 66276318 
c46c6b48: calls $0.05
4e8ee4b5: raises $0.05 to $0.1
Hero: folds
66276318: folds
fa3f2911: folds
c46c6b48: calls $0.05
*** FLOP *** [4d 8d Ts]
c46c6b48: checks
4e8ee4b5: checks
*** TURN *** [4d 8d Ts] [7s]
c46c6b48: checks
4e8ee4b5: bets $0.21
c46c6b48: folds
Uncalled bet ($0.21) returned to 4e8ee4b5
*** SHOWDOWN ***
4e8ee4b5 collected $0.26 from pot
*** SUMMARY ***
Total pot $0.27 | Rake $0.01 | Jackpot $0 | Bingo $0 | Fortune $0
Board [4d 8d Ts 7s]
Seat 1: fa3f2911 (big blind) folded before Flop
Seat 2: c46c6b48 folded on the Turn
Seat 3: 4e8ee4b5 won ($0.26)
Seat 5: Hero (button) folded before Flop (didn't bet)
Seat 6: 66276318 (small blind) folded before Flop


Poker Hand #HD1175943862: Hold'em No Limit  ($0.02/$0.05) - 2023/03/25 23:42:25
Table 'NLHBlue133' 6-max Seat #3 is the button
Seat 1: fa3f2911 ($5.1 in chips)
Seat 2: c46c6b48 ($3.89 in chips)
Seat 3: 4e8ee4b5 ($4.86 in chips)
Seat 5: Hero ($5.48 in chips)
Seat 6: 66276318 ($5.76 in chips)
Hero: posts small blind $0.02
66276318: posts big blind $0.05
*** HOLE CARDS ***
Dealt to fa3f2911 
Dealt to c46c6b48 
Dealt to 4e8ee4b5 
Dealt to Hero [3c Ad]
Dealt to 66276318 
fa3f2911: raises $0.1 to $0.15
c46c6b48: folds
4e8ee4b5: folds
Hero: folds
66276318: folds
Uncalled bet ($0.1) returned to fa3f2911
*** SHOWDOWN ***
fa3f2911 collected $0.12 from pot
*** SUMMARY ***
Total pot $0.12 | Rake $0 | Jackpot $0 | Bingo $0 | Fortune $0
Seat 1: fa3f2911 collected ($0.12)
Seat 2: c46c6b48 folded before Flop (didn't bet)
Seat 3: 4e8ee4b5 (button) folded before Flop (didn't bet)
Seat 5: Hero (small blind) folded before Flop
Seat 6: 66276318 (big blind) folded before Flop


Poker Hand #HD1175943727: Hold'em No Limit  ($0.02/$0.05) - 2023/03/25 23:41:23
Table 'NLHBlue133' 6-max Seat #2 is the button
Seat 1: fa3f2911 ($5.1 in chips)
Seat 2: c46c6b48 ($3.61 in chips)
Seat 3: 4e8ee4b5 ($4.88 in chips)
Seat 5: Hero ($5.53 in chips)
Seat 6: 66276318 ($6 in chips)
4e8ee4b5: posts small blind $0.02
Hero: posts big blind $0.05
*** HOLE CARDS ***
Dealt to fa3f2911 
Dealt to c46c6b48 
Dealt to 4e8ee4b5 
Dealt to Hero [2c 4d]
Dealt to 66276318 
66276318: raises $0.08 to $0.13
fa3f2911: folds
c46c6b48: calls $0.13
4e8ee4b5: folds
Hero: folds
*** FLOP *** [Ac 6h Kc]
66276318: checks
c46c6b48: checks
*** TURN *** [Ac 6h Kc] [Ah]
66276318: checks
c46c6b48: bets $0.11
66276318: calls $0.11
*** RIVER *** [Ac 6h Kc Ah] [8d]
66276318: checks
c46c6b48: bets $0.28
66276318: folds
Uncalled bet ($0.28) returned to c46c6b48
*** SHOWDOWN ***
c46c6b48 collected $0.52 from pot
*** SUMMARY ***
Total pot $0.55 | Rake $0.03 | Jackpot $0 | Bingo $0 | Fortune $0
Board [Ac 6h Kc Ah 8d]
Seat 1: fa3f2911 folded before Flop (didn't bet)
Seat 2: c46c6b48 (button) won ($0.52)
Seat 3: 4e8ee4b5 (small blind) folded before Flop
Seat 5: Hero (big blind) folded before Flop
Seat 6: 66276318 folded on the River


Poker Hand #HD1175943623: Hold'em No Limit  ($0.02/$0.05) - 2023/03/25 23:40:30
Table 'NLHBlue133' 6-max Seat #1 is the button
Seat 1: fa3f2911 ($5.1 in chips)
Seat 2: c46c6b48 ($3.45 in chips)
Seat 3: 4e8ee4b5 ($4.93 in chips)
Seat 4: c0960399 ($5.43 in chips)
Seat 5: Hero ($5.65 in chips)
Seat 6: 66276318 ($6 in chips)
c46c6b48: posts small blind $0.02
4e8ee4b5: posts big blind $0.05
*** HOLE CARDS ***
Dealt to fa3f2911 
Dealt to c46c6b48 
Dealt to 4e8ee4b5 
Dealt to c0960399 
Dealt to Hero [7c Ac]
Dealt to 66276318 
c0960399: folds
Hero: raises $0.07 to $0.12
66276318: folds
fa3f2911: folds
c46c6b48: calls $0.1
4e8ee4b5: folds
*** FLOP *** [6h Ks Jc]
c46c6b48: checks
Hero: checks
*** TURN *** [6h Ks Jc] [7s]
c46c6b48: bets $0.15
Hero: folds
Uncalled bet ($0.15) returned to c46c6b48
*** SHOWDOWN ***
c46c6b48 collected $0.28 from pot
*** SUMMARY ***
Total pot $0.29 | Rake $0.01 | Jackpot $0 | Bingo $0 | Fortune $0
Board [6h Ks Jc 7s]
Seat 1: fa3f2911 (button) folded before Flop (didn't bet)
Seat 2: c46c6b48 (small blind) won ($0.28)
Seat 3: 4e8ee4b5 (big blind) folded before Flop
Seat 4: c0960399 folded before Flop (didn't bet)
Seat 5: Hero folded on the Turn
Seat 6: 66276318 folded before Flop (didn't bet)


Poker Hand #HD1175943538: Hold'em No Limit  ($0.02/$0.05) - 2023/03/25 23:39:52
Table 'NLHBlue133' 6-max Seat #6 is the button
Seat 1: fa3f2911 ($5.12 in chips)
Seat 2: c46c6b48 ($3.24 in chips)
Seat 3: 4e8ee4b5 ($4.93 in chips)
Seat 4: c0960399 ($5.43 in chips)
Seat 5: Hero ($5.86 in chips)
Seat 6: 66276318 ($6 in chips)
fa3f2911: posts small blind $0.02
c46c6b48: posts big blind $0.05
*** HOLE CARDS ***
Dealt to fa3f2911 
Dealt to c46c6b48 
Dealt to 4e8ee4b5 
Dealt to c0960399 
Dealt to Hero [Jh Ks]
Dealt to 66276318 
4e8ee4b5: folds
c0960399: folds
Hero: raises $0.07 to $0.12
66276318: folds
fa3f2911: folds
c46c6b48: calls $0.07
*** FLOP *** [Qd 7d 6h]
c46c6b48: checks
Hero: checks
*** TURN *** [Qd 7d 6h] [9s]
c46c6b48: bets $0.09
Hero: calls $0.09
*** RIVER *** [Qd 7d 6h 9s] [Ac]
c46c6b48: bets $0.15
Hero: folds
Uncalled bet ($0.15) returned to c46c6b48
*** SHOWDOWN ***
c46c6b48 collected $0.42 from pot
*** SUMMARY ***
Total pot $0.44 | Rake $0.02 | Jackpot $0 | Bingo $0 | Fortune $0
Board [Qd 7d 6h 9s Ac]
Seat 1: fa3f2911 (small blind) folded before Flop
Seat 2: c46c6b48 (big blind) won ($0.42)
Seat 3: 4e8ee4b5 folded before Flop (didn't bet)
Seat 4: c0960399 folded before Flop (didn't bet)
Seat 5: Hero folded on the River
Seat 6: 66276318 (button) folded before Flop (didn't bet)


Poker Hand #HD1175943484: Hold'em No Limit  ($0.02/$0.05) - 2023/03/25 23:39:28
Table 'NLHBlue133' 6-max Seat #5 is the button
Seat 1: fa3f2911 ($5.17 in chips)
Seat 2: c46c6b48 ($3.17 in chips)
Seat 3: 4e8ee4b5 ($4.93 in chips)
Seat 4: c0960399 ($5.43 in chips)
Seat 5: Hero ($5.86 in chips)
Seat 6: 66276318 ($6.02 in chips)
66276318: posts small blind $0.02
fa3f2911: posts big blind $0.05
*** HOLE CARDS ***
Dealt to fa3f2911 
Dealt to c46c6b48 
Dealt to 4e8ee4b5 
Dealt to c0960399 
Dealt to Hero [Ts 8c]
Dealt to 66276318 
c46c6b48: raises $0.05 to $0.1
4e8ee4b5: folds
c0960399: folds
Hero: folds
66276318: folds
fa3f2911: folds
Uncalled bet ($0.05) returned to c46c6b48
*** SHOWDOWN ***
c46c6b48 collected $0.12 from pot
*** SUMMARY ***
Total pot $0.12 | Rake $0 | Jackpot $0 | Bingo $0 | Fortune $0
Seat 1: fa3f2911 (big blind) folded before Flop
Seat 2: c46c6b48 collected ($0.12)
Seat 3: 4e8ee4b5 folded before Flop (didn't bet)
Seat 4: c0960399 folded before Flop (didn't bet)
Seat 5: Hero (button) folded before Flop (didn't bet)
Seat 6: 66276318 (small blind) folded before Flop


Poker Hand #HD1175943416: Hold'em No Limit  ($0.02/$0.05) - 2023/03/25 23:38:57
Table 'NLHBlue133' 6-max Seat #4 is the button
Seat 1: fa3f2911 ($5.17 in chips)
Seat 2: c46c6b48 ($3.22 in chips)
Seat 3: 4e8ee4b5 ($4.93 in chips)
Seat 4: c0960399 ($5.43 in chips)
Seat 5: Hero ($5.76 in chips)
Seat 6: 66276318 ($6.07 in chips)
Hero: posts small blind $0.02
66276318: posts big blind $0.05
*** HOLE CARDS ***
Dealt to fa3f2911 
Dealt to c46c6b48 
Dealt to 4e8ee4b5 
Dealt to c0960399 
Dealt to Hero [Kh Kd]
Dealt to 66276318 
fa3f2911: folds
c46c6b48: calls $0.05
4e8ee4b5: folds
c0960399: folds
Hero: raises $0.15 to $0.2
66276318: folds
c46c6b48: folds
Uncalled bet ($0.15) returned to Hero
*** SHOWDOWN ***
Hero collected $0.15 from pot
*** SUMMARY ***
Total pot $0.15 | Rake $0 | Jackpot $0 | Bingo $0 | Fortune $0
Seat 1: fa3f2911 folded before Flop (didn't bet)
Seat 2: c46c6b48 folded before Flop
Seat 3: 4e8ee4b5 folded before Flop (didn't bet)
Seat 4: c0960399 (button) folded before Flop (didn't bet)
Seat 5: Hero (small blind) collected ($0.15)
Seat 6: 66276318 (big blind) folded before Flop


Poker Hand #HD1175943360: Hold'em No Limit  ($0.02/$0.05) - 2023/03/25 23:38:28
Table 'NLHBlue133' 6-max Seat #3 is the button
Seat 1: fa3f2911 ($5.17 in chips)
Seat 2: c46c6b48 ($3.22 in chips)
Seat 3: 4e8ee4b5 ($4.93 in chips)
Seat 4: c0960399 ($5.45 in chips)
Seat 5: Hero ($5.74 in chips)
Seat 6: 66276318 ($6.07 in chips)
c0960399: posts small blind $0.02
Hero: posts big blind $0.05
*** HOLE CARDS ***
Dealt to fa3f2911 
Dealt to c46c6b48 
Dealt to 4e8ee4b5 
Dealt to c0960399 
Dealt to Hero [Ts 3h]
Dealt to 66276318 
66276318: folds
fa3f2911: folds
c46c6b48: folds
4e8ee4b5: folds
c0960399: folds
Uncalled bet ($0.03) returned to Hero
*** SHOWDOWN ***
Hero collected $0.04 from pot
*** SUMMARY ***
Total pot $0.04 | Rake $0 | Jackpot $0 | Bingo $0 | Fortune $0
Seat 1: fa3f2911 folded before Flop (didn't bet)
Seat 2: c46c6b48 folded before Flop (didn't bet)
Seat 3: 4e8ee4b5 (button) folded before Flop (didn't bet)
Seat 4: c0960399 (small blind) folded before Flop
Seat 5: Hero (big blind) collected ($0.04)
Seat 6: 66276318 folded before Flop (didn't bet)


Poker Hand #HD1175943271: Hold'em No Limit  ($0.02/$0.05) - 2023/03/25 23:37:44
Table 'NLHBlue133' 6-max Seat #2 is the button
Seat 1: fa3f2911 ($5.17 in chips)
Seat 2: c46c6b48 ($3.11 in chips)
Seat 3: 4e8ee4b5 ($4.95 in chips)
Seat 4: c0960399 ($5.55 in chips)
Seat 5: Hero ($5.74 in chips)
Seat 6: 66276318 ($6.07 in chips)
4e8ee4b5: posts small blind $0.02
c0960399: posts big blind $0.05
*** HOLE CARDS ***
Dealt to fa3f2911 
Dealt to c46c6b48 
Dealt to 4e8ee4b5 
Dealt to c0960399 
Dealt to Hero [9h 5c]
Dealt to 66276318 
Hero: folds
66276318: folds
fa3f2911: folds
c46c6b48: raises $0.05 to $0.1
4e8ee4b5: folds
c0960399: calls $0.05
*** FLOP *** [Qs Qd Kd]
c0960399: checks
c46c6b48: checks
*** TURN *** [Qs Qd Kd] [Tc]
c0960399: checks
c46c6b48: checks
*** RIVER *** [Qs Qd Kd Tc] [Ad]
c0960399: checks
c46c6b48: bets $0.22
c0960399: folds
Uncalled bet ($0.22) returned to c46c6b48
*** SHOWDOWN ***
c46c6b48 collected $0.21 from pot
*** SUMMARY ***
Total pot $0.22 | Rake $0.01 | Jackpot $0 | Bingo $0 | Fortune $0
Board [Qs Qd Kd Tc Ad]
Seat 1: fa3f2911 folded before Flop (didn't bet)
Seat 2: c46c6b48 (button) won ($0.21)
Seat 3: 4e8ee4b5 (small blind) folded before Flop
Seat 4: c0960399 (big blind) folded on the River
Seat 5: Hero folded before Flop (didn't bet)
Seat 6: 66276318 folded before Flop (didn't bet)


Poker Hand #HD1175943217: Hold'em No Limit  ($0.02/$0.05) - 2023/03/25 23:37:16
Table 'NLHBlue133' 6-max Seat #1 is the button
Seat 1: fa3f2911 ($5 in chips)
Seat 2: c46c6b48 ($3.24 in chips)
Seat 3: 4e8ee4b5 ($5 in chips)
Seat 4: c0960399 ($5.55 in chips)
Seat 5: Hero ($5.74 in chips)
Seat 6: 66276318 ($6.07 in chips)
c46c6b48: posts small blind $0.02
4e8ee4b5: posts big blind $0.05
*** HOLE CARDS ***
Dealt to fa3f2911 
Dealt to c46c6b48 
Dealt to 4e8ee4b5 
Dealt to c0960399 
Dealt to Hero [Td 4s]
Dealt to 66276318 
c0960399: folds
Hero: folds
66276318: folds
fa3f2911: raises $0.08 to $0.13
c46c6b48: calls $0.11
4e8ee4b5: folds
*** FLOP *** [2d Ac 2s]
c46c6b48: checks
fa3f2911: bets $0.14
c46c6b48: folds
Uncalled bet ($0.14) returned to fa3f2911
*** SHOWDOWN ***
fa3f2911 collected $0.3 from pot
*** SUMMARY ***
Total pot $0.31 | Rake $0.01 | Jackpot $0 | Bingo $0 | Fortune $0
Board [2d Ac 2s]
Seat 1: fa3f2911 (button) won ($0.3)
Seat 2: c46c6b48 (small blind) folded on the Flop
Seat 3: 4e8ee4b5 (big blind) folded before Flop
Seat 4: c0960399 folded before Flop (didn't bet)
Seat 5: Hero folded before Flop (didn't bet)
Seat 6: 66276318 folded before Flop (didn't bet)


Poker Hand #HD1175943116: Hold'em No Limit  ($0.02/$0.05) - 2023/03/25 23:36:29
Table 'NLHBlue133' 6-max Seat #6 is the button
Seat 1: fa3f2911 ($5 in chips)
Seat 2: c46c6b48 ($3 in chips)
Seat 4: c0960399 ($5.55 in chips)
Seat 5: Hero ($5.86 in chips)
Seat 6: 66276318 ($6.19 in chips)
fa3f2911: posts small blind $0.02
c46c6b48: posts big blind $0.05
*** HOLE CARDS ***
Dealt to fa3f2911 
Dealt to c46c6b48 
Dealt to c0960399 
Dealt to Hero [6h Kh]
Dealt to 66276318 
c0960399: folds
Hero: raises $0.07 to $0.12
66276318: calls $0.12
fa3f2911: folds
c46c6b48: calls $0.07
*** FLOP *** [Jh 9s 3s]
c46c6b48: bets $0.13
Hero: folds
66276318: folds
Uncalled bet ($0.13) returned to c46c6b48
*** SHOWDOWN ***
c46c6b48 collected $0.36 from pot
*** SUMMARY ***
Total pot $0.38 | Rake $0.02 | Jackpot $0 | Bingo $0 | Fortune $0
Board [Jh 9s 3s]
Seat 1: fa3f2911 (small blind) folded before Flop
Seat 2: c46c6b48 (big blind) won ($0.36)
Seat 4: c0960399 folded before Flop (didn't bet)
Seat 5: Hero folded on the Flop
Seat 6: 66276318 (button) folded on the Flop


Poker Hand #HD1175943085: Hold'em No Limit  ($0.02/$0.05) - 2023/03/25 23:36:15
Table 'NLHBlue133' 6-max Seat #5 is the button
Seat 1: fa3f2911 ($5 in chips)
Seat 2: c46c6b48 ($2.93 in chips)
Seat 4: c0960399 ($5.55 in chips)
Seat 5: Hero ($5.86 in chips)
Seat 6: 66276318 ($6.21 in chips)
66276318: posts small blind $0.02
fa3f2911: posts big blind $0.05
*** HOLE CARDS ***
Dealt to fa3f2911 
Dealt to c46c6b48 
Dealt to c0960399 
Dealt to Hero [9s 2d]
Dealt to 66276318 
c46c6b48: raises $0.05 to $0.1
c0960399: folds
Hero: folds
66276318: folds
fa3f2911: folds
Uncalled bet ($0.05) returned to c46c6b48
*** SHOWDOWN ***
c46c6b48 collected $0.12 from pot
*** SUMMARY ***
Total pot $0.12 | Rake $0 | Jackpot $0 | Bingo $0 | Fortune $0
Seat 1: fa3f2911 (big blind) folded before Flop
Seat 2: c46c6b48 collected ($0.12)
Seat 4: c0960399 folded before Flop (didn't bet)
Seat 5: Hero (button) folded before Flop (didn't bet)
Seat 6: 66276318 (small blind) folded before Flop


Poker Hand #HD1175942907: Hold'em No Limit  ($0.02/$0.05) - 2023/03/25 23:34:52
Table 'NLHBlue133' 6-max Seat #4 is the button
Seat 1: fa3f2911 ($5 in chips)
Seat 2: c46c6b48 ($3.23 in chips)
Seat 3: 8a6fbc6d ($1 in chips)
Seat 4: c0960399 ($5.55 in chips)
Seat 5: Hero ($5.91 in chips)
Seat 6: 66276318 ($5 in chips)
Hero: posts small blind $0.02
66276318: posts big blind $0.05
8a6fbc6d: posts big blind $0.05
*** HOLE CARDS ***
Dealt to fa3f2911 
Dealt to c46c6b48 
Dealt to 8a6fbc6d 
Dealt to c0960399 
Dealt to Hero [8c 9c]
Dealt to 66276318 
fa3f2911: folds
c46c6b48: calls $0.05
8a6fbc6d: checks
c0960399: folds
Hero: calls $0.03
66276318: raises $0.25 to $0.3
c46c6b48: calls $0.25
8a6fbc6d: calls $0.25
Hero: folds
*** FLOP *** [7c 6s 9d]
66276318: bets $0.48
c46c6b48: folds
8a6fbc6d: calls $0.48
*** TURN *** [7c 6s 9d] [Jd]
66276318: bets $0.64
8a6fbc6d: calls $0.22 and is all-in
Uncalled bet ($0.42) returned to 66276318
66276318: shows [Td Th] (Pair of Tens)
8a6fbc6d: shows [Tc Qh] (Queen-High)
*** FIRST RIVER *** [7c 6s 9d Jd] [3d]
*** SECOND RIVER *** [7c 6s 9d Jd] [9h]
*** THIRD RIVER *** [7c 6s 9d Jd] [9s]
*** FIRST SHOWDOWN ***
66276318 collected $0.75 from pot
*** SECOND SHOWDOWN ***
66276318 collected $0.73 from pot
*** THIRD SHOWDOWN ***
66276318 collected $0.73 from pot
*** SUMMARY ***
Total pot $2.35 | Rake $0.09 | Jackpot $0.05 | Bingo $0 | Fortune $0
Hand was run three times
FIRST Board [7c 6s 9d Jd 3d]
SECOND Board [9h]
THIRD Board [9s]
Seat 1: fa3f2911 folded before Flop (didn't bet)
Seat 2: c46c6b48 folded on the Flop
Seat 3: 8a6fbc6d showed [Tc Qh] and lost with Queen-High, and lost, and lost
Seat 4: c0960399 (button) folded before Flop (didn't bet)
Seat 5: Hero (small blind) folded before Flop
Seat 6: 66276318 (big blind) showed [Td Th] and won ($0.75) with Pair of Tens, and won ($0.73), and won ($0.73)


Poker Hand #HD1175942755: Hold'em No Limit  ($0.02/$0.05) - 2023/03/25 23:33:42
Table 'NLHBlue133' 6-max Seat #2 is the button
Seat 1: fa3f2911 ($5 in chips)
Seat 2: c46c6b48 ($2.69 in chips)
Seat 4: c0960399 ($6.1 in chips)
Seat 5: Hero ($5.96 in chips)
Seat 6: 66276318 ($5 in chips)
c0960399: posts small blind $0.02
Hero: posts big blind $0.05
*** HOLE CARDS ***
Dealt to fa3f2911 
Dealt to c46c6b48 
Dealt to c0960399 
Dealt to Hero [7h Ts]
Dealt to 66276318 
66276318: folds
fa3f2911: folds
c46c6b48: calls $0.05
c0960399: raises $0.13 to $0.18
Hero: folds
c46c6b48: calls $0.13
*** FLOP *** [6s 8d 9c]
c0960399: checks
c46c6b48: bets $0.14
c0960399: calls $0.14
*** TURN *** [6s 8d 9c] [6h]
c0960399: checks
c46c6b48: bets $0.23
c0960399: calls $0.23
*** RIVER *** [6s 8d 9c 6h] [3s]
c0960399: checks
c46c6b48: bets $1.15
c0960399: folds
Uncalled bet ($1.15) returned to c46c6b48
*** SHOWDOWN ***
c46c6b48 collected $1.09 from pot
*** SUMMARY ***
Total pot $1.15 | Rake $0.06 | Jackpot $0 | Bingo $0 | Fortune $0
Board [6s 8d 9c 6h 3s]
Seat 1: fa3f2911 folded before Flop (didn't bet)
Seat 2: c46c6b48 (button) won ($1.09)
Seat 4: c0960399 (small blind) folded on the River
Seat 5: Hero (big blind) folded before Flop
Seat 6: 66276318 folded before Flop (didn't bet)


Poker Hand #HD1175942651: Hold'em No Limit  ($0.02/$0.05) - 2023/03/25 23:32:51
Table 'NLHBlue133' 6-max Seat #1 is the button
Seat 1: fa3f2911 ($5.54 in chips)
Seat 2: c46c6b48 ($2.71 in chips)
Seat 4: c0960399 ($5.59 in chips)
Seat 5: Hero ($5.96 in chips)
Seat 6: 66276318 ($5 in chips)
c46c6b48: posts small blind $0.02
c0960399: posts big blind $0.05
*** HOLE CARDS ***
Dealt to fa3f2911 
Dealt to c46c6b48 
Dealt to c0960399 
Dealt to Hero [Jc Td]
Dealt to 66276318 
Hero: folds
66276318: folds
fa3f2911: raises $0.08 to $0.13
c46c6b48: folds
c0960399: calls $0.08
*** FLOP *** [6h 6c Qh]
c0960399: checks
fa3f2911: bets $0.13
c0960399: calls $0.13
*** TURN *** [6h 6c Qh] [7s]
c0960399: checks
fa3f2911: bets $0.28
c0960399: calls $0.28
*** RIVER *** [6h 6c Qh 7s] [Tc]
c0960399: checks
fa3f2911: checks
c0960399: shows [Th Qs] (Pair of Queens and Pair of Tens)
fa3f2911: shows [As 3h] (Pair of Sixes)
*** SHOWDOWN ***
c0960399 collected $1.05 from pot
*** SUMMARY ***
Total pot $1.1 | Rake $0.05 | Jackpot $0 | Bingo $0 | Fortune $0
Board [6h 6c Qh 7s Tc]
Seat 1: fa3f2911 (button) showed [As 3h] and lost with Pair of Sixes
Seat 2: c46c6b48 (small blind) folded before Flop
Seat 4: c0960399 (big blind) showed [Th Qs] and won ($1.05) with Pair of Queens and Pair of Tens
Seat 5: Hero folded before Flop (didn't bet)
Seat 6: 66276318 folded before Flop (didn't bet)


Poker Hand #HD1175942634: Hold'em No Limit  ($0.02/$0.05) - 2023/03/25 23:32:42
Table 'NLHBlue133' 6-max Seat #6 is the button
Seat 1: fa3f2911 ($5.56 in chips)
Seat 2: c46c6b48 ($2.69 in chips)
Seat 4: c0960399 ($5.59 in chips)
Seat 5: Hero ($5.96 in chips)
Seat 6: 66276318 ($5 in chips)
fa3f2911: posts small blind $0.02
c46c6b48: posts big blind $0.05
*** HOLE CARDS ***
Dealt to fa3f2911 
Dealt to c46c6b48 
Dealt to c0960399 
Dealt to Hero [Td Tc]
Dealt to 66276318 
c0960399: folds
Hero: folds
66276318: folds
fa3f2911: folds
Uncalled bet ($0.03) returned to c46c6b48
*** SHOWDOWN ***
c46c6b48 collected $0.04 from pot
*** SUMMARY ***
Total pot $0.04 | Rake $0 | Jackpot $0 | Bingo $0 | Fortune $0
Seat 1: fa3f2911 (small blind) folded before Flop
Seat 2: c46c6b48 (big blind) collected ($0.04)
Seat 4: c0960399 folded before Flop (didn't bet)
Seat 5: Hero folded before Flop (didn't bet)
Seat 6: 66276318 (button) folded before Flop (didn't bet)


Poker Hand #HD1175942609: Hold'em No Limit  ($0.02/$0.05) - 2023/03/25 23:32:31
Table 'NLHBlue133' 6-max Seat #5 is the button
Seat 1: fa3f2911 ($5.54 in chips)
Seat 2: c46c6b48 ($2.69 in chips)
Seat 4: c0960399 ($5.59 in chips)
Seat 5: Hero ($5.96 in chips)
Seat 6: 66276318 ($5 in chips)
66276318: posts small blind $0.02
fa3f2911: posts big blind $0.05
*** HOLE CARDS ***
Dealt to fa3f2911 
Dealt to c46c6b48 
Dealt to c0960399 
Dealt to Hero [Th 5d]
Dealt to 66276318 
c46c6b48: folds
c0960399: folds
Hero: folds
66276318: folds
Uncalled bet ($0.03) returned to fa3f2911
*** SHOWDOWN ***
fa3f2911 collected $0.04 from pot
*** SUMMARY ***
Total pot $0.04 | Rake $0 | Jackpot $0 | Bingo $0 | Fortune $0
Seat 1: fa3f2911 (big blind) collected ($0.04)
Seat 2: c46c6b48 folded before Flop (didn't bet)
Seat 4: c0960399 folded before Flop (didn't bet)
Seat 5: Hero (button) folded before Flop (didn't bet)
Seat 6: 66276318 (small blind) folded before Flop


Poker Hand #HD1175942519: Hold'em No Limit  ($0.02/$0.05) - 2023/03/25 23:31:53
Table 'NLHBlue133' 6-max Seat #4 is the button
Seat 1: fa3f2911 ($5.54 in chips)
Seat 2: c46c6b48 ($2.62 in chips)
Seat 4: c0960399 ($5.59 in chips)
Seat 5: Hero ($5.98 in chips)
Seat 6: 66276318 ($5 in chips)
Hero: posts small blind $0.02
66276318: posts big blind $0.05
c46c6b48: posts big blind $0.05
*** HOLE CARDS ***
Dealt to fa3f2911 
Dealt to c46c6b48 
Dealt to c0960399 
Dealt to Hero [7d 8h]
Dealt to 66276318 
fa3f2911: folds
c46c6b48: checks
c0960399: folds
Hero: folds
66276318: checks
*** FLOP *** [6s 8c 8d]
66276318: checks
c46c6b48: checks
*** TURN *** [6s 8c 8d] [Qs]
66276318: checks
c46c6b48: checks
*** RIVER *** [6s 8c 8d Qs] [7s]
66276318: checks
c46c6b48: bets $0.12
66276318: folds
Uncalled bet ($0.12) returned to c46c6b48
*** SHOWDOWN ***
c46c6b48 collected $0.12 from pot
*** SUMMARY ***
Total pot $0.12 | Rake $0 | Jackpot $0 | Bingo $0 | Fortune $0
Board [6s 8c 8d Qs 7s]
Seat 1: fa3f2911 folded before Flop (didn't bet)
Seat 2: c46c6b48 won ($0.12)
Seat 4: c0960399 (button) folded before Flop (didn't bet)
Seat 5: Hero (small blind) folded before Flop
Seat 6: 66276318 (big blind) folded on the River


Poker Hand #HD1175942454: Hold'em No Limit  ($0.02/$0.05) - 2023/03/25 23:31:16
Table 'NLHBlue133' 6-max Seat #1 is the button
Seat 1: fa3f2911 ($5.54 in chips)
Seat 4: c0960399 ($5.24 in chips)
Seat 5: Hero ($6.36 in chips)
Seat 6: 66276318 ($5 in chips)
c0960399: posts small blind $0.02
Hero: posts big blind $0.05
*** HOLE CARDS ***
Dealt to fa3f2911 
Dealt to c0960399 
Dealt to Hero [8s 8h]
Dealt to 66276318 
66276318: folds
fa3f2911: folds
c0960399: raises $0.08 to $0.13
Hero: raises $0.25 to $0.38
c0960399: calls $0.25
*** FLOP *** [Kd 6c Tc]
c0960399: checks
Hero: checks
*** TURN *** [Kd 6c Tc] [6d]
c0960399: bets $0.38
Hero: folds
Uncalled bet ($0.38) returned to c0960399
*** SHOWDOWN ***
c0960399 collected $0.73 from pot
*** SUMMARY ***
Total pot $0.76 | Rake $0.03 | Jackpot $0 | Bingo $0 | Fortune $0
Board [Kd 6c Tc 6d]
Seat 1: fa3f2911 (button) folded before Flop (didn't bet)
Seat 4: c0960399 (small blind) won ($0.73)
Seat 5: Hero (big blind) folded on the Turn
Seat 6: 66276318 folded before Flop (didn't bet)


Poker Hand #HD1175942354: Hold'em No Limit  ($0.02/$0.05) - 2023/03/25 23:30:33
Table 'NLHBlue133' 6-max Seat #6 is the button
Seat 1: fa3f2911 ($5.8 in chips)
Seat 4: c0960399 ($5 in chips)
Seat 5: Hero ($6.36 in chips)
Seat 6: 66276318 ($5 in chips)
fa3f2911: posts small blind $0.02
c0960399: posts big blind $0.05
*** HOLE CARDS ***
Dealt to fa3f2911 
Dealt to c0960399 
Dealt to Hero [Qc 3d]
Dealt to 66276318 
Hero: folds
66276318: folds
fa3f2911: raises $0.08 to $0.13
c0960399: calls $0.08
*** FLOP *** [4c Jh Qh]
fa3f2911: checks
c0960399: bets $0.13
fa3f2911: calls $0.13
*** TURN *** [4c Jh Qh] [5c]
fa3f2911: checks
c0960399: bets $0.39
fa3f2911: folds
Uncalled bet ($0.39) returned to c0960399
*** SHOWDOWN ***
c0960399 collected $0.5 from pot
*** SUMMARY ***
Total pot $0.52 | Rake $0.02 | Jackpot $0 | Bingo $0 | Fortune $0
Board [4c Jh Qh 5c]
Seat 1: fa3f2911 (small blind) folded on the Turn
Seat 4: c0960399 (big blind) won ($0.5)
Seat 5: Hero folded before Flop (didn't bet)
Seat 6: 66276318 (button) folded before Flop (didn't bet)


Poker Hand #HD1175942335: Hold'em No Limit  ($0.02/$0.05) - 2023/03/25 23:30:24
Table 'NLHBlue133' 6-max Seat #5 is the button
Seat 1: fa3f2911 ($5.78 in chips)
Seat 4: c0960399 ($5 in chips)
Seat 5: Hero ($6.36 in chips)
Seat 6: 66276318 ($5 in chips)
66276318: posts small blind $0.02
fa3f2911: posts big blind $0.05
*** HOLE CARDS ***
Dealt to fa3f2911 
Dealt to c0960399 
Dealt to Hero [5s 2c]
Dealt to 66276318 
c0960399: folds
Hero: folds
66276318: folds
Uncalled bet ($0.03) returned to fa3f2911
*** SHOWDOWN ***
fa3f2911 collected $0.04 from pot
*** SUMMARY ***
Total pot $0.04 | Rake $0 | Jackpot $0 | Bingo $0 | Fortune $0
Seat 1: fa3f2911 (big blind) collected ($0.04)
Seat 4: c0960399 folded before Flop (didn't bet)
Seat 5: Hero (button) folded before Flop (didn't bet)
Seat 6: 66276318 (small blind) folded before Flop


Poker Hand #HD1175942221: Hold'em No Limit  ($0.02/$0.05) - 2023/03/25 23:29:23
Table 'NLHBlue133' 6-max Seat #4 is the button
Seat 1: fa3f2911 ($5.78 in chips)
Seat 4: c0960399 ($5 in chips)
Seat 5: Hero ($5.44 in chips)
Seat 6: 66276318 ($5 in chips)
Hero: posts small blind $0.02
66276318: posts big blind $0.05
*** HOLE CARDS ***
Dealt to fa3f2911 
Dealt to c0960399 
Dealt to Hero [Jh Js]
Dealt to 66276318 
fa3f2911: folds
c0960399: folds
Hero: raises $0.09 to $0.14
66276318: raises $0.26 to $0.4
Hero: calls $0.26
*** FLOP *** [Kh 2c 2s]
Hero: checks
66276318: bets $0.27
Hero: calls $0.27
*** TURN *** [Kh 2c 2s] [Td]
Hero: checks
66276318: bets $0.4
Hero: calls $0.4
*** RIVER *** [Kh 2c 2s Td] [9c]
Hero: checks
66276318: checks
Hero: shows [Jh Js] (Pair of Jacks and Pair of Twos)
66276318: shows [Tc 9d] (Pair of Tens and Pair of Nines)
*** SHOWDOWN ***
Hero collected $1.99 from pot
*** SUMMARY ***
Total pot $2.14 | Rake $0.1 | Jackpot $0.05 | Bingo $0 | Fortune $0
Board [Kh 2c 2s Td 9c]
Seat 1: fa3f2911 folded before Flop (didn't bet)
Seat 4: c0960399 (button) folded before Flop (didn't bet)
Seat 5: Hero (small blind) showed [Jh Js] and won ($1.99) with Pair of Jacks and Pair of Twos
Seat 6: 66276318 (big blind) showed [Tc 9d] and lost with Pair of Tens and Pair of Nines


Poker Hand #HD1175942191: Hold'em No Limit  ($0.02/$0.05) - 2023/03/25 23:29:09
Table 'NLHBlue133' 6-max Seat #1 is the button
Seat 1: fa3f2911 ($5.78 in chips)
Seat 4: c0960399 ($5 in chips)
Seat 5: Hero ($5.42 in chips)
Seat 6: 66276318 ($5 in chips)
c0960399: posts small blind $0.02
Hero: posts big blind $0.05
*** HOLE CARDS ***
Dealt to fa3f2911 
Dealt to c0960399 
Dealt to Hero [4c Tc]
Dealt to 66276318 
66276318: folds
fa3f2911: folds
c0960399: folds
Uncalled bet ($0.03) returned to Hero
*** SHOWDOWN ***
Hero collected $0.04 from pot
*** SUMMARY ***
Total pot $0.04 | Rake $0 | Jackpot $0 | Bingo $0 | Fortune $0
Seat 1: fa3f2911 (button) folded before Flop (didn't bet)
Seat 4: c0960399 (small blind) folded before Flop
Seat 5: Hero (big blind) collected ($0.04)
Seat 6: 66276318 folded before Flop (didn't bet)


Poker Hand #HD1175942153: Hold'em No Limit  ($0.02/$0.05) - 2023/03/25 23:28:48
Table 'NLHBlue133' 6-max Seat #6 is the button
Seat 1: fa3f2911 ($5.8 in chips)
Seat 4: c0960399 ($5 in chips)
Seat 5: Hero ($5.35 in chips)
Seat 6: 66276318 ($5 in chips)
fa3f2911: posts small blind $0.02
c0960399: posts big blind $0.05
*** HOLE CARDS ***
Dealt to fa3f2911 
Dealt to c0960399 
Dealt to Hero [Qh Kd]
Dealt to 66276318 
Hero: raises $0.07 to $0.12
66276318: folds
fa3f2911: folds
c0960399: folds
Uncalled bet ($0.07) returned to Hero
*** SHOWDOWN ***
Hero collected $0.12 from pot
*** SUMMARY ***
Total pot $0.12 | Rake $0 | Jackpot $0 | Bingo $0 | Fortune $0
Seat 1: fa3f2911 (small blind) folded before Flop
Seat 4: c0960399 (big blind) folded before Flop
Seat 5: Hero collected ($0.12)
Seat 6: 66276318 (button) folded before Flop (didn't bet)


Poker Hand #HD1175942129: Hold'em No Limit  ($0.02/$0.05) - 2023/03/25 23:28:37
Table 'NLHBlue133' 6-max Seat #5 is the button
Seat 1: fa3f2911 ($5.78 in chips)
Seat 4: c0960399 ($5 in chips)
Seat 5: Hero ($5.35 in chips)
Seat 6: 66276318 ($5 in chips)
66276318: posts small blind $0.02
fa3f2911: posts big blind $0.05
*** HOLE CARDS ***
Dealt to fa3f2911 
Dealt to c0960399 
Dealt to Hero [2d 6h]
Dealt to 66276318 
c0960399: folds
Hero: folds
66276318: folds
Uncalled bet ($0.03) returned to fa3f2911
*** SHOWDOWN ***
fa3f2911 collected $0.04 from pot
*** SUMMARY ***
Total pot $0.04 | Rake $0 | Jackpot $0 | Bingo $0 | Fortune $0
Seat 1: fa3f2911 (big blind) collected ($0.04)
Seat 4: c0960399 folded before Flop (didn't bet)
Seat 5: Hero (button) folded before Flop (didn't bet)
Seat 6: 66276318 (small blind) folded before Flop


Poker Hand #HD1175942080: Hold'em No Limit  ($0.02/$0.05) - 2023/03/25 23:28:16
Table 'NLHBlue133' 6-max Seat #4 is the button
Seat 1: fa3f2911 ($5.78 in chips)
Seat 4: c0960399 ($5 in chips)
Seat 5: Hero ($5.3 in chips)
Seat 6: 66276318 ($5 in chips)
Hero: posts small blind $0.02
66276318: posts big blind $0.05
*** HOLE CARDS ***
Dealt to fa3f2911 
Dealt to c0960399 
Dealt to Hero [As 7h]
Dealt to 66276318 
fa3f2911: folds
c0960399: folds
Hero: raises $0.09 to $0.14
66276318: folds
Uncalled bet ($0.09) returned to Hero
*** SHOWDOWN ***
Hero collected $0.1 from pot
*** SUMMARY ***
Total pot $0.1 | Rake $0 | Jackpot $0 | Bingo $0 | Fortune $0
Seat 1: fa3f2911 folded before Flop (didn't bet)
Seat 4: c0960399 (button) folded before Flop (didn't bet)
Seat 5: Hero (small blind) collected ($0.1)
Seat 6: 66276318 (big blind) folded before Flop


Poker Hand #HD1175942048: Hold'em No Limit  ($0.02/$0.05) - 2023/03/25 23:28:03
Table 'NLHBlue133' 6-max Seat #1 is the button
Seat 1: fa3f2911 ($5.71 in chips)
Seat 4: c0960399 ($5.02 in chips)
Seat 5: Hero ($5.35 in chips)
c0960399: posts small blind $0.02
Hero: posts big blind $0.05
*** HOLE CARDS ***
Dealt to fa3f2911 
Dealt to c0960399 
Dealt to Hero [Ks 8d]
fa3f2911: raises $0.08 to $0.13
c0960399: folds
Hero: folds
Uncalled bet ($0.08) returned to fa3f2911
*** SHOWDOWN ***
fa3f2911 collected $0.12 from pot
*** SUMMARY ***
Total pot $0.12 | Rake $0 | Jackpot $0 | Bingo $0 | Fortune $0
Seat 1: fa3f2911 (button) collected ($0.12)
Seat 4: c0960399 (small blind) folded before Flop
Seat 5: Hero (big blind) folded before Flop


Poker Hand #HD1175942020: Hold'em No Limit  ($0.02/$0.05) - 2023/03/25 23:27:52
Table 'NLHBlue133' 6-max Seat #5 is the button
Seat 1: fa3f2911 ($5.73 in chips)
Seat 4: c0960399 ($5 in chips)
Seat 5: Hero ($5.35 in chips)
fa3f2911: posts small blind $0.02
c0960399: posts big blind $0.05
*** HOLE CARDS ***
Dealt to fa3f2911 
Dealt to c0960399 
Dealt to Hero [2h 4h]
Hero: folds
fa3f2911: folds
Uncalled bet ($0.03) returned to c0960399
*** SHOWDOWN ***
c0960399 collected $0.04 from pot
*** SUMMARY ***
Total pot $0.04 | Rake $0 | Jackpot $0 | Bingo $0 | Fortune $0
Seat 1: fa3f2911 (small blind) folded before Flop
Seat 4: c0960399 (big blind) collected ($0.04)
Seat 5: Hero (button) folded before Flop (didn't bet)


Poker Hand #HD1175942009: Hold'em No Limit  ($0.02/$0.05) - 2023/03/25 23:27:46
Table 'NLHBlue133' 6-max Seat #4 is the button
Seat 1: fa3f2911 ($5.71 in chips)
Seat 4: c0960399 ($5 in chips)
Seat 5: Hero ($5.37 in chips)
Hero: posts small blind $0.02
fa3f2911: posts big blind $0.05
*** HOLE CARDS ***
Dealt to fa3f2911 
Dealt to c0960399 
Dealt to Hero [2c Qc]
c0960399: folds
Hero: folds
Uncalled bet ($0.03) returned to fa3f2911
*** SHOWDOWN ***
fa3f2911 collected $0.04 from pot
*** SUMMARY ***
Total pot $0.04 | Rake $0 | Jackpot $0 | Bingo $0 | Fortune $0
Seat 1: fa3f2911 (big blind) collected ($0.04)
Seat 4: c0960399 (button) folded before Flop (didn't bet)
Seat 5: Hero (small blind) folded before Flop


Poker Hand #HD1175941940: Hold'em No Limit  ($0.02/$0.05) - 2023/03/25 23:27:16
Table 'NLHBlue133' 6-max Seat #3 is the button
Seat 1: fa3f2911 ($5.52 in chips)
Seat 3: e6f48b9d ($5 in chips)
Seat 4: c0960399 ($5.02 in chips)
Seat 5: Hero ($5.42 in chips)
c0960399: posts small blind $0.02
Hero: posts big blind $0.05
*** HOLE CARDS ***
Dealt to fa3f2911 
Dealt to e6f48b9d 
Dealt to c0960399 
Dealt to Hero [Ks 5h]
fa3f2911: raises $0.1 to $0.15
e6f48b9d: folds
c0960399: calls $0.13
Hero: folds
*** FLOP *** [2h Ac 3d]
c0960399: checks
fa3f2911: bets $0.16
c0960399: folds
Uncalled bet ($0.16) returned to fa3f2911
*** SHOWDOWN ***
fa3f2911 collected $0.34 from pot
*** SUMMARY ***
Total pot $0.35 | Rake $0.01 | Jackpot $0 | Bingo $0 | Fortune $0
Board [2h Ac 3d]
Seat 1: fa3f2911 won ($0.34)
Seat 3: e6f48b9d (button) folded before Flop (didn't bet)
Seat 4: c0960399 (small blind) folded on the Flop
Seat 5: Hero (big blind) folded before Flop


Poker Hand #HD1175941920: Hold'em No Limit  ($0.02/$0.05) - 2023/03/25 23:27:05
Table 'NLHBlue133' 6-max Seat #1 is the button
Seat 1: fa3f2911 ($5.45 in chips)
Seat 3: e6f48b9d ($5 in chips)
Seat 4: c0960399 ($5.07 in chips)
Seat 5: Hero ($5.42 in chips)
e6f48b9d: posts small blind $0.02
c0960399: posts big blind $0.05
*** HOLE CARDS ***
Dealt to fa3f2911 
Dealt to e6f48b9d 
Dealt to c0960399 
Dealt to Hero [5h 8d]
Hero: folds
fa3f2911: raises $0.08 to $0.13
e6f48b9d: folds
c0960399: folds
Uncalled bet ($0.08) returned to fa3f2911
*** SHOWDOWN ***
fa3f2911 collected $0.12 from pot
*** SUMMARY ***
Total pot $0.12 | Rake $0 | Jackpot $0 | Bingo $0 | Fortune $0
Seat 1: fa3f2911 (button) collected ($0.12)
Seat 3: e6f48b9d (small blind) folded before Flop
Seat 4: c0960399 (big blind) folded before Flop
Seat 5: Hero folded before Flop (didn't bet)


Poker Hand #HD1175941880: Hold'em No Limit  ($0.02/$0.05) - 2023/03/25 23:26:49
Table 'NLHBlue133' 6-max Seat #5 is the button
Seat 1: fa3f2911 ($5.47 in chips)
Seat 3: e6f48b9d ($5 in chips)
Seat 4: c0960399 ($5.07 in chips)
Seat 5: Hero ($5.35 in chips)
fa3f2911: posts small blind $0.02
e6f48b9d: posts big blind $0.05
*** HOLE CARDS ***
Dealt to fa3f2911 
Dealt to e6f48b9d 
Dealt to c0960399 
Dealt to Hero [8h As]
c0960399: folds
Hero: raises $0.07 to $0.12
fa3f2911: folds
e6f48b9d: folds
Uncalled bet ($0.07) returned to Hero
*** SHOWDOWN ***
Hero collected $0.12 from pot
*** SUMMARY ***
Total pot $0.12 | Rake $0 | Jackpot $0 | Bingo $0 | Fortune $0
Seat 1: fa3f2911 (small blind) folded before Flop
Seat 3: e6f48b9d (big blind) folded before Flop
Seat 4: c0960399 folded before Flop (didn't bet)
Seat 5: Hero (button) collected ($0.12)


Poker Hand #HD1175941859: Hold'em No Limit  ($0.02/$0.05) - 2023/03/25 23:26:38
Table 'NLHBlue133' 6-max Seat #4 is the button
Seat 1: fa3f2911 ($5.45 in chips)
Seat 3: e6f48b9d ($5 in chips)
Seat 4: c0960399 ($5.07 in chips)
Seat 5: Hero ($5.37 in chips)
Hero: posts small blind $0.02
fa3f2911: posts big blind $0.05
*** HOLE CARDS ***
Dealt to fa3f2911 
Dealt to e6f48b9d 
Dealt to c0960399 
Dealt to Hero [2h Qd]
e6f48b9d: folds
c0960399: folds
Hero: folds
Uncalled bet ($0.03) returned to fa3f2911
*** SHOWDOWN ***
fa3f2911 collected $0.04 from pot
*** SUMMARY ***
Total pot $0.04 | Rake $0 | Jackpot $0 | Bingo $0 | Fortune $0
Seat 1: fa3f2911 (big blind) collected ($0.04)
Seat 3: e6f48b9d folded before Flop (didn't bet)
Seat 4: c0960399 (button) folded before Flop (didn't bet)
Seat 5: Hero (small blind) folded before Flop


Poker Hand #HD1175941833: Hold'em No Limit  ($0.02/$0.05) - 2023/03/25 23:26:28
Table 'NLHBlue133' 6-max Seat #3 is the button
Seat 1: fa3f2911 ($5.45 in chips)
Seat 3: e6f48b9d ($5 in chips)
Seat 4: c0960399 ($5.02 in chips)
Seat 5: Hero ($5.42 in chips)
c0960399: posts small blind $0.02
Hero: posts big blind $0.05
*** HOLE CARDS ***
Dealt to fa3f2911 
Dealt to e6f48b9d 
Dealt to c0960399 
Dealt to Hero [3h 8c]
fa3f2911: folds
e6f48b9d: folds
c0960399: raises $0.08 to $0.13
Hero: folds
Uncalled bet ($0.08) returned to c0960399
*** SHOWDOWN ***
c0960399 collected $0.1 from pot
*** SUMMARY ***
Total pot $0.1 | Rake $0 | Jackpot $0 | Bingo $0 | Fortune $0
Seat 1: fa3f2911 folded before Flop (didn't bet)
Seat 3: e6f48b9d (button) folded before Flop (didn't bet)
Seat 4: c0960399 (small blind) collected ($0.1)
Seat 5: Hero (big blind) folded before Flop


Poker Hand #HD1175941803: Hold'em No Limit  ($0.02/$0.05) - 2023/03/25 23:26:10
Table 'NLHBlue133' 6-max Seat #1 is the button
Seat 1: fa3f2911 ($5.38 in chips)
Seat 3: e6f48b9d ($5 in chips)
Seat 4: c0960399 ($5.07 in chips)
Seat 5: Hero ($5.42 in chips)
e6f48b9d: posts small blind $0.02
c0960399: posts big blind $0.05
*** HOLE CARDS ***
Dealt to fa3f2911 
Dealt to e6f48b9d 
Dealt to c0960399 
Dealt to Hero [3h 9d]
Hero: folds
fa3f2911: raises $0.08 to $0.13
e6f48b9d: folds
c0960399: folds
Uncalled bet ($0.08) returned to fa3f2911
*** SHOWDOWN ***
fa3f2911 collected $0.12 from pot
*** SUMMARY ***
Total pot $0.12 | Rake $0 | Jackpot $0 | Bingo $0 | Fortune $0
Seat 1: fa3f2911 (button) collected ($0.12)
Seat 3: e6f48b9d (small blind) folded before Flop
Seat 4: c0960399 (big blind) folded before Flop
Seat 5: Hero folded before Flop (didn't bet)


Poker Hand #HD1175941762: Hold'em No Limit  ($0.02/$0.05) - 2023/03/25 23:25:53
Table 'NLHBlue133' 6-max Seat #6 is the button
Seat 1: fa3f2911 ($5.4 in chips)
Seat 3: e6f48b9d ($5.05 in chips)
Seat 4: c0960399 ($5.07 in chips)
Seat 5: Hero ($5.29 in chips)
Seat 6: b3782378 ($10 in chips)
fa3f2911: posts small blind $0.02
e6f48b9d: posts big blind $0.05
*** HOLE CARDS ***
Dealt to fa3f2911 
Dealt to e6f48b9d 
Dealt to c0960399 
Dealt to Hero [Ad Ac]
Dealt to b3782378 
c0960399: folds
Hero: raises $0.07 to $0.12
b3782378: folds
fa3f2911: folds
e6f48b9d: calls $0.07
*** FLOP *** [5d 4d Td]
e6f48b9d: checks
Hero: bets $0.09
e6f48b9d: folds
Uncalled bet ($0.09) returned to Hero
*** SHOWDOWN ***
Hero collected $0.25 from pot
*** SUMMARY ***
Total pot $0.26 | Rake $0.01 | Jackpot $0 | Bingo $0 | Fortune $0
Board [5d 4d Td]
Seat 1: fa3f2911 (small blind) folded before Flop
Seat 3: e6f48b9d (big blind) folded on the Flop
Seat 4: c0960399 folded before Flop (didn't bet)
Seat 5: Hero won ($0.25)
Seat 6: b3782378 (button) folded before Flop (didn't bet)


Poker Hand #HD1175941727: Hold'em No Limit  ($0.02/$0.05) - 2023/03/25 23:25:38
Table 'NLHBlue133' 6-max Seat #5 is the button
Seat 1: fa3f2911 ($5.45 in chips)
Seat 3: e6f48b9d ($5.05 in chips)
Seat 4: c0960399 ($5 in chips)
Seat 5: Hero ($5.29 in chips)
Seat 6: b3782378 ($10.02 in chips)
b3782378: posts small blind $0.02
fa3f2911: posts big blind $0.05
*** HOLE CARDS ***
Dealt to fa3f2911 
Dealt to e6f48b9d 
Dealt to c0960399 
Dealt to Hero [Kc 6s]
Dealt to b3782378 
e6f48b9d: folds
c0960399: raises $0.06 to $0.11
Hero: folds
b3782378: folds
fa3f2911: folds
Uncalled bet ($0.06) returned to c0960399
*** SHOWDOWN ***
c0960399 collected $0.12 from pot
*** SUMMARY ***
Total pot $0.12 | Rake $0 | Jackpot $0 | Bingo $0 | Fortune $0
Seat 1: fa3f2911 (big blind) folded before Flop
Seat 3: e6f48b9d folded before Flop (didn't bet)
Seat 4: c0960399 collected ($0.12)
Seat 5: Hero (button) folded before Flop (didn't bet)
Seat 6: b3782378 (small blind) folded before Flop


Poker Hand #HD1175941697: Hold'em No Limit  ($0.02/$0.05) - 2023/03/25 23:25:25
Table 'NLHBlue133' 6-max Seat #4 is the button
Seat 1: fa3f2911 ($5.45 in chips)
Seat 3: e6f48b9d ($5.05 in chips)
Seat 4: c0960399 ($5 in chips)
Seat 5: Hero ($5.24 in chips)
Seat 6: b3782378 ($10.07 in chips)
Hero: posts small blind $0.02
b3782378: posts big blind $0.05
*** HOLE CARDS ***
Dealt to fa3f2911 
Dealt to e6f48b9d 
Dealt to c0960399 
Dealt to Hero [Kd Jc]
Dealt to b3782378 
fa3f2911: folds
e6f48b9d: folds
c0960399: folds
Hero: raises $0.09 to $0.14
b3782378: folds
Uncalled bet ($0.09) returned to Hero
*** SHOWDOWN ***
Hero collected $0.1 from pot
*** SUMMARY ***
Total pot $0.1 | Rake $0 | Jackpot $0 | Bingo $0 | Fortune $0
Seat 1: fa3f2911 folded before Flop (didn't bet)
Seat 3: e6f48b9d folded before Flop (didn't bet)
Seat 4: c0960399 (button) folded before Flop (didn't bet)
Seat 5: Hero (small blind) collected ($0.1)
Seat 6: b3782378 (big blind) folded before Flop


Poker Hand #HD1175941614: Hold'em No Limit  ($0.02/$0.05) - 2023/03/25 23:24:46
Table 'NLHBlue133' 6-max Seat #3 is the button
Seat 1: fa3f2911 ($5.45 in chips)
Seat 3: e6f48b9d ($5.05 in chips)
Seat 4: c0960399 ($5 in chips)
Seat 5: Hero ($5.35 in chips)
Seat 6: b3782378 ($9.95 in chips)
c0960399: posts small blind $0.02
Hero: posts big blind $0.05
*** HOLE CARDS ***
Dealt to fa3f2911 
Dealt to e6f48b9d 
Dealt to c0960399 
Dealt to Hero [Qd 6d]
Dealt to b3782378 
b3782378: raises $0.06 to $0.11
fa3f2911: folds
e6f48b9d: folds
c0960399: folds
Hero: calls $0.06
*** FLOP *** [Kh Jh 4c]
Hero: checks
b3782378: bets $0.06
Hero: folds
Uncalled bet ($0.06) returned to b3782378
*** SHOWDOWN ***
b3782378 collected $0.23 from pot
*** SUMMARY ***
Total pot $0.24 | Rake $0.01 | Jackpot $0 | Bingo $0 | Fortune $0
Board [Kh Jh 4c]
Seat 1: fa3f2911 folded before Flop (didn't bet)
Seat 3: e6f48b9d (button) folded before Flop (didn't bet)
Seat 4: c0960399 (small blind) folded before Flop
Seat 5: Hero (big blind) folded on the Flop
Seat 6: b3782378 won ($0.23)


Poker Hand #HD1175941557: Hold'em No Limit  ($0.02/$0.05) - 2023/03/25 23:24:21
Table 'NLHBlue133' 6-max Seat #1 is the button
Seat 1: fa3f2911 ($5.45 in chips)
Seat 3: e6f48b9d ($5 in chips)
Seat 4: c0960399 ($5.03 in chips)
Seat 5: Hero ($5.35 in chips)
Seat 6: b3782378 ($9.95 in chips)
e6f48b9d: posts small blind $0.02
c0960399: posts big blind $0.05
*** HOLE CARDS ***
Dealt to fa3f2911 
Dealt to e6f48b9d 
Dealt to c0960399 
Dealt to Hero [3s Js]
Dealt to b3782378 
Hero: folds
b3782378: folds
fa3f2911: folds
e6f48b9d: raises $0.1 to $0.15
c0960399: folds
Uncalled bet ($0.1) returned to e6f48b9d
*** SHOWDOWN ***
e6f48b9d collected $0.1 from pot
*** SUMMARY ***
Total pot $0.1 | Rake $0 | Jackpot $0 | Bingo $0 | Fortune $0
Seat 1: fa3f2911 (button) folded before Flop (didn't bet)
Seat 3: e6f48b9d (small blind) collected ($0.1)
Seat 4: c0960399 (big blind) folded before Flop
Seat 5: Hero folded before Flop (didn't bet)
Seat 6: b3782378 folded before Flop (didn't bet)


Poker Hand #HD1175941402: Hold'em No Limit  ($0.02/$0.05) - 2023/03/25 23:23:10
Table 'NLHBlue133' 6-max Seat #6 is the button
Seat 1: fa3f2911 ($5.02 in chips)
Seat 3: e6f48b9d ($5 in chips)
Seat 4: c0960399 ($5.03 in chips)
Seat 5: Hero ($5.35 in chips)
Seat 6: b3782378 ($10.37 in chips)
fa3f2911: posts small blind $0.02
e6f48b9d: posts big blind $0.05
*** HOLE CARDS ***
Dealt to fa3f2911 
Dealt to e6f48b9d 
Dealt to c0960399 
Dealt to Hero [5c 8s]
Dealt to b3782378 
c0960399: folds
Hero: folds
b3782378: raises $0.06 to $0.11
fa3f2911: raises $0.31 to $0.42
e6f48b9d: folds
b3782378: calls $0.31
*** FLOP *** [9c 2c 3s]
fa3f2911: checks
b3782378: checks
*** TURN *** [9c 2c 3s] [Qc]
fa3f2911: bets $0.51
b3782378: folds
Uncalled bet ($0.51) returned to fa3f2911
*** SHOWDOWN ***
fa3f2911 collected $0.85 from pot
*** SUMMARY ***
Total pot $0.89 | Rake $0.04 | Jackpot $0 | Bingo $0 | Fortune $0
Board [9c 2c 3s Qc]
Seat 1: fa3f2911 (small blind) won ($0.85)
Seat 3: e6f48b9d (big blind) folded before Flop
Seat 4: c0960399 folded before Flop (didn't bet)
Seat 5: Hero folded before Flop (didn't bet)
Seat 6: b3782378 (button) folded on the Turn


Poker Hand #HD1175941332: Hold'em No Limit  ($0.02/$0.05) - 2023/03/25 23:22:37
Table 'NLHBlue133' 6-max Seat #5 is the button
Seat 1: fa3f2911 ($5 in chips)
Seat 2: e9154fcc ($5.24 in chips)
Seat 4: c0960399 ($5.03 in chips)
Seat 5: Hero ($5.35 in chips)
Seat 6: b3782378 ($10.39 in chips)
b3782378: posts small blind $0.02
fa3f2911: posts big blind $0.05
*** HOLE CARDS ***
Dealt to fa3f2911 
Dealt to e9154fcc 
Dealt to c0960399 
Dealt to Hero [Td 4s]
Dealt to b3782378 
e9154fcc: folds
c0960399: folds
Hero: folds
b3782378: folds
Uncalled bet ($0.03) returned to fa3f2911
*** SHOWDOWN ***
fa3f2911 collected $0.04 from pot
*** SUMMARY ***
Total pot $0.04 | Rake $0 | Jackpot $0 | Bingo $0 | Fortune $0
Seat 1: fa3f2911 (big blind) collected ($0.04)
Seat 2: e9154fcc folded before Flop (didn't bet)
Seat 4: c0960399 folded before Flop (didn't bet)
Seat 5: Hero (button) folded before Flop (didn't bet)
Seat 6: b3782378 (small blind) folded before Flop


Poker Hand #HD1175941310: Hold'em No Limit  ($0.02/$0.05) - 2023/03/25 23:22:22
Table 'NLHBlue133' 6-max Seat #4 is the button
Seat 1: fa3f2911 ($5 in chips)
Seat 2: e9154fcc ($5.17 in chips)
Seat 4: c0960399 ($5.03 in chips)
Seat 5: Hero ($5.37 in chips)
Seat 6: b3782378 ($10.44 in chips)
Hero: posts small blind $0.02
b3782378: posts big blind $0.05
*** HOLE CARDS ***
Dealt to fa3f2911 
Dealt to e9154fcc 
Dealt to c0960399 
Dealt to Hero [7s Td]
Dealt to b3782378 
fa3f2911: folds
e9154fcc: raises $0.1 to $0.15
c0960399: folds
Hero: folds
b3782378: folds
Uncalled bet ($0.1) returned to e9154fcc
*** SHOWDOWN ***
e9154fcc collected $0.12 from pot
*** SUMMARY ***
Total pot $0.12 | Rake $0 | Jackpot $0 | Bingo $0 | Fortune $0
Seat 1: fa3f2911 folded before Flop (didn't bet)
Seat 2: e9154fcc collected ($0.12)
Seat 4: c0960399 (button) folded before Flop (didn't bet)
Seat 5: Hero (small blind) folded before Flop
Seat 6: b3782378 (big blind) folded before Flop


Poker Hand #HD1175941216: Hold'em No Limit  ($0.02/$0.05) - 2023/03/25 23:21:41
Table 'NLHBlue133' 6-max Seat #2 is the button
Seat 1: fa3f2911 ($5.12 in chips)
Seat 2: e9154fcc ($5.17 in chips)
Seat 4: c0960399 ($5.05 in chips)
Seat 5: Hero ($5.11 in chips)
Seat 6: b3782378 ($10.44 in chips)
c0960399: posts small blind $0.02
Hero: posts big blind $0.05
*** HOLE CARDS ***
Dealt to fa3f2911 
Dealt to e9154fcc 
Dealt to c0960399 
Dealt to Hero [Jh 9h]
Dealt to b3782378 
b3782378: folds
fa3f2911: raises $0.08 to $0.13
e9154fcc: folds
c0960399: folds
Hero: calls $0.08
*** FLOP *** [8d 9d 7d]
Hero: checks
fa3f2911: bets $0.13
Hero: raises $0.27 to $0.4
fa3f2911: folds
Uncalled bet ($0.27) returned to Hero
*** SHOWDOWN ***
Hero collected $0.52 from pot
*** SUMMARY ***
Total pot $0.54 | Rake $0.02 | Jackpot $0 | Bingo $0 | Fortune $0
Board [8d 9d 7d]
Seat 1: fa3f2911 folded on the Flop
Seat 2: e9154fcc (button) folded before Flop (didn't bet)
Seat 4: c0960399 (small blind) folded before Flop
Seat 5: Hero (big blind) won ($0.52)
Seat 6: b3782378 folded before Flop (didn't bet)


Poker Hand #HD1175941151: Hold'em No Limit  ($0.02/$0.05) - 2023/03/25 23:21:13
Table 'NLHBlue133' 6-max Seat #1 is the button
Seat 1: fa3f2911 ($5.12 in chips)
Seat 2: e9154fcc ($5.02 in chips)
Seat 4: c0960399 ($5.1 in chips)
Seat 5: Hero ($5.11 in chips)
Seat 6: b3782378 ($10.55 in chips)
e9154fcc: posts small blind $0.02
c0960399: posts big blind $0.05
*** HOLE CARDS ***
Dealt to fa3f2911 
Dealt to e9154fcc 
Dealt to c0960399 
Dealt to Hero [Ks 4d]
Dealt to b3782378 
Hero: folds
b3782378: raises $0.06 to $0.11
fa3f2911: folds
e9154fcc: raises $0.48 to $0.59
c0960399: folds
b3782378: folds
Uncalled bet ($0.48) returned to e9154fcc
*** SHOWDOWN ***
e9154fcc collected $0.26 from pot
*** SUMMARY ***
Total pot $0.27 | Rake $0.01 | Jackpot $0 | Bingo $0 | Fortune $0
Seat 1: fa3f2911 (button) folded before Flop (didn't bet)
Seat 2: e9154fcc (small blind) collected ($0.26)
Seat 4: c0960399 (big blind) folded before Flop
Seat 5: Hero folded before Flop (didn't bet)
Seat 6: b3782378 folded before Flop


Poker Hand #HD1175941120: Hold'em No Limit  ($0.02/$0.05) - 2023/03/25 23:20:59
Table 'NLHBlue133' 6-max Seat #6 is the button
Seat 1: fa3f2911 ($5.07 in chips)
Seat 2: e9154fcc ($5.07 in chips)
Seat 4: c0960399 ($5.1 in chips)
Seat 5: Hero ($5.11 in chips)
Seat 6: b3782378 ($10.55 in chips)
fa3f2911: posts small blind $0.02
e9154fcc: posts big blind $0.05
*** HOLE CARDS ***
Dealt to fa3f2911 
Dealt to e9154fcc 
Dealt to c0960399 
Dealt to Hero [5s 9c]
Dealt to b3782378 
c0960399: folds
Hero: folds
b3782378: folds
fa3f2911: raises $0.08 to $0.13
e9154fcc: folds
Uncalled bet ($0.08) returned to fa3f2911
*** SHOWDOWN ***
fa3f2911 collected $0.1 from pot
*** SUMMARY ***
Total pot $0.1 | Rake $0 | Jackpot $0 | Bingo $0 | Fortune $0
Seat 1: fa3f2911 (small blind) collected ($0.1)
Seat 2: e9154fcc (big blind) folded before Flop
Seat 4: c0960399 folded before Flop (didn't bet)
Seat 5: Hero folded before Flop (didn't bet)
Seat 6: b3782378 (button) folded before Flop (didn't bet)


Poker Hand #HD1175941068: Hold'em No Limit  ($0.02/$0.05) - 2023/03/25 23:20:37
Table 'NLHBlue133' 6-max Seat #5 is the button
Seat 1: fa3f2911 ($5.12 in chips)
Seat 2: e9154fcc ($5 in chips)
Seat 3: c21e2c5c ($3.8 in chips)
Seat 4: c0960399 ($5.1 in chips)
Seat 5: Hero ($5.11 in chips)
Seat 6: b3782378 ($10.57 in chips)
b3782378: posts small blind $0.02
fa3f2911: posts big blind $0.05
*** HOLE CARDS ***
Dealt to fa3f2911 
Dealt to e9154fcc 
Dealt to c21e2c5c 
Dealt to c0960399 
Dealt to Hero [8h 5h]
Dealt to b3782378 
e9154fcc: raises $0.1 to $0.15
c21e2c5c: folds
c0960399: folds
Hero: folds
b3782378: folds
fa3f2911: folds
Uncalled bet ($0.1) returned to e9154fcc
*** SHOWDOWN ***
e9154fcc collected $0.12 from pot
*** SUMMARY ***
Total pot $0.12 | Rake $0 | Jackpot $0 | Bingo $0 | Fortune $0
Seat 1: fa3f2911 (big blind) folded before Flop
Seat 2: e9154fcc collected ($0.12)
Seat 3: c21e2c5c folded before Flop (didn't bet)
Seat 4: c0960399 folded before Flop (didn't bet)
Seat 5: Hero (button) folded before Flop (didn't bet)
Seat 6: b3782378 (small blind) folded before Flop


Poker Hand #HD1175941024: Hold'em No Limit  ($0.02/$0.05) - 2023/03/25 23:20:20
Table 'NLHBlue133' 6-max Seat #4 is the button
Seat 1: fa3f2911 ($5.12 in chips)
Seat 2: e9154fcc ($5 in chips)
Seat 3: c21e2c5c ($3.8 in chips)
Seat 4: c0960399 ($5.1 in chips)
Seat 5: Hero ($5.13 in chips)
Seat 6: b3782378 ($10.55 in chips)
Hero: posts small blind $0.02
b3782378: posts big blind $0.05
*** HOLE CARDS ***
Dealt to fa3f2911 
Dealt to e9154fcc 
Dealt to c21e2c5c 
Dealt to c0960399 
Dealt to Hero [3c 9c]
Dealt to b3782378 
fa3f2911: folds
e9154fcc: folds
c21e2c5c: folds
c0960399: folds
Hero: folds
Uncalled bet ($0.03) returned to b3782378
*** SHOWDOWN ***
b3782378 collected $0.04 from pot
*** SUMMARY ***
Total pot $0.04 | Rake $0 | Jackpot $0 | Bingo $0 | Fortune $0
Seat 1: fa3f2911 folded before Flop (didn't bet)
Seat 2: e9154fcc folded before Flop (didn't bet)
Seat 3: c21e2c5c folded before Flop (didn't bet)
Seat 4: c0960399 (button) folded before Flop (didn't bet)
Seat 5: Hero (small blind) folded before Flop
Seat 6: b3782378 (big blind) collected ($0.04)


Poker Hand #HD1175940977: Hold'em No Limit  ($0.02/$0.05) - 2023/03/25 23:19:57
Table 'NLHBlue133' 6-max Seat #3 is the button
Seat 1: fa3f2911 ($5.12 in chips)
Seat 2: e9154fcc ($5 in chips)
Seat 3: c21e2c5c ($3.73 in chips)
Seat 4: c0960399 ($5.12 in chips)
Seat 5: Hero ($5.18 in chips)
Seat 6: b3782378 ($10.55 in chips)
c0960399: posts small blind $0.02
Hero: posts big blind $0.05
*** HOLE CARDS ***
Dealt to fa3f2911 
Dealt to e9154fcc 
Dealt to c21e2c5c 
Dealt to c0960399 
Dealt to Hero [3c Kd]
Dealt to b3782378 
b3782378: folds
fa3f2911: folds
e9154fcc: folds
c21e2c5c: raises $0.08 to $0.13
c0960399: folds
Hero: folds
Uncalled bet ($0.08) returned to c21e2c5c
*** SHOWDOWN ***
c21e2c5c collected $0.12 from pot
*** SUMMARY ***
Total pot $0.12 | Rake $0 | Jackpot $0 | Bingo $0 | Fortune $0
Seat 1: fa3f2911 folded before Flop (didn't bet)
Seat 2: e9154fcc folded before Flop (didn't bet)
Seat 3: c21e2c5c (button) collected ($0.12)
Seat 4: c0960399 (small blind) folded before Flop
Seat 5: Hero (big blind) folded before Flop
Seat 6: b3782378 folded before Flop (didn't bet)


Poker Hand #HD1175940904: Hold'em No Limit  ($0.02/$0.05) - 2023/03/25 23:19:24
Table 'NLHBlue133' 6-max Seat #2 is the button
Seat 1: fa3f2911 ($5.05 in chips)
Seat 2: e9154fcc ($5 in chips)
Seat 3: c21e2c5c ($3.75 in chips)
Seat 4: c0960399 ($5.17 in chips)
Seat 5: Hero ($5.18 in chips)
Seat 6: b3782378 ($10.55 in chips)
c21e2c5c: posts small blind $0.02
c0960399: posts big blind $0.05
*** HOLE CARDS ***
Dealt to fa3f2911 
Dealt to e9154fcc 
Dealt to c21e2c5c 
Dealt to c0960399 
Dealt to Hero [Qh 2c]
Dealt to b3782378 
Hero: folds
b3782378: folds
fa3f2911: raises $0.08 to $0.13
e9154fcc: folds
c21e2c5c: folds
c0960399: folds
Uncalled bet ($0.08) returned to fa3f2911
*** SHOWDOWN ***
fa3f2911 collected $0.12 from pot
*** SUMMARY ***
Total pot $0.12 | Rake $0 | Jackpot $0 | Bingo $0 | Fortune $0
Seat 1: fa3f2911 collected ($0.12)
Seat 2: e9154fcc (button) folded before Flop (didn't bet)
Seat 3: c21e2c5c (small blind) folded before Flop
Seat 4: c0960399 (big blind) folded before Flop
Seat 5: Hero folded before Flop (didn't bet)
Seat 6: b3782378 folded before Flop (didn't bet)


Poker Hand #HD1175940855: Hold'em No Limit  ($0.02/$0.05) - 2023/03/25 23:19:03
Table 'NLHBlue133' 6-max Seat #1 is the button
Seat 1: fa3f2911 ($5.05 in chips)
Seat 2: e9154fcc ($5 in chips)
Seat 3: c21e2c5c ($3.8 in chips)
Seat 4: c0960399 ($5.17 in chips)
Seat 5: Hero ($5.11 in chips)
Seat 6: b3782378 ($10.55 in chips)
e9154fcc: posts small blind $0.02
c21e2c5c: posts big blind $0.05
*** HOLE CARDS ***
Dealt to fa3f2911 
Dealt to e9154fcc 
Dealt to c21e2c5c 
Dealt to c0960399 
Dealt to Hero [8h 8s]
Dealt to b3782378 
c0960399: folds
Hero: raises $0.07 to $0.12
b3782378: folds
fa3f2911: folds
e9154fcc: folds
c21e2c5c: folds
Uncalled bet ($0.07) returned to Hero
*** SHOWDOWN ***
Hero collected $0.12 from pot
*** SUMMARY ***
Total pot $0.12 | Rake $0 | Jackpot $0 | Bingo $0 | Fortune $0
Seat 1: fa3f2911 (button) folded before Flop (didn't bet)
Seat 2: e9154fcc (small blind) folded before Flop
Seat 3: c21e2c5c (big blind) folded before Flop
Seat 4: c0960399 folded before Flop (didn't bet)
Seat 5: Hero collected ($0.12)
Seat 6: b3782378 folded before Flop (didn't bet)


Poker Hand #HD1175940802: Hold'em No Limit  ($0.02/$0.05) - 2023/03/25 23:18:42
Table 'NLHBlue133' 6-max Seat #6 is the button
Seat 1: fa3f2911 ($5 in chips)
Seat 2: e9154fcc ($5.03 in chips)
Seat 3: c21e2c5c ($3.8 in chips)
Seat 4: c0960399 ($5.17 in chips)
Seat 5: Hero ($5.11 in chips)
Seat 6: b3782378 ($10.55 in chips)
fa3f2911: posts small blind $0.02
e9154fcc: posts big blind $0.05
*** HOLE CARDS ***
Dealt to fa3f2911 
Dealt to e9154fcc 
Dealt to c21e2c5c 
Dealt to c0960399 
Dealt to Hero [Kd Qh]
Dealt to b3782378 
c21e2c5c: folds
c0960399: folds
Hero: folds
b3782378: folds
fa3f2911: raises $0.08 to $0.13
e9154fcc: folds
Uncalled bet ($0.08) returned to fa3f2911
*** SHOWDOWN ***
fa3f2911 collected $0.1 from pot
*** SUMMARY ***
Total pot $0.1 | Rake $0 | Jackpot $0 | Bingo $0 | Fortune $0
Seat 1: fa3f2911 (small blind) collected ($0.1)
Seat 2: e9154fcc (big blind) folded before Flop
Seat 3: c21e2c5c folded before Flop (didn't bet)
Seat 4: c0960399 folded before Flop (didn't bet)
Seat 5: Hero folded before Flop (didn't bet)
Seat 6: b3782378 (button) folded before Flop (didn't bet)


Poker Hand #HD1175940716: Hold'em No Limit  ($0.02/$0.05) - 2023/03/25 23:18:06
Table 'NLHBlue133' 6-max Seat #5 is the button
Seat 1: fa3f2911 ($5.11 in chips)
Seat 2: e9154fcc ($5.03 in chips)
Seat 3: c21e2c5c ($3.8 in chips)
Seat 4: c0960399 ($5.05 in chips)
Seat 5: Hero ($5.11 in chips)
Seat 6: b3782378 ($10.57 in chips)
b3782378: posts small blind $0.02
fa3f2911: posts big blind $0.05
*** HOLE CARDS ***
Dealt to fa3f2911 
Dealt to e9154fcc 
Dealt to c21e2c5c 
Dealt to c0960399 
Dealt to Hero [5h 7c]
Dealt to b3782378 
e9154fcc: folds
c21e2c5c: folds
c0960399: raises $0.06 to $0.11
Hero: folds
b3782378: folds
fa3f2911: calls $0.06
*** FLOP *** [4s Qc Kh]
fa3f2911: checks
c0960399: bets $0.12
fa3f2911: folds
Uncalled bet ($0.12) returned to c0960399
*** SHOWDOWN ***
c0960399 collected $0.23 from pot
*** SUMMARY ***
Total pot $0.24 | Rake $0.01 | Jackpot $0 | Bingo $0 | Fortune $0
Board [4s Qc Kh]
Seat 1: fa3f2911 (big blind) folded on the Flop
Seat 2: e9154fcc folded before Flop (didn't bet)
Seat 3: c21e2c5c folded before Flop (didn't bet)
Seat 4: c0960399 won ($0.23)
Seat 5: Hero (button) folded before Flop (didn't bet)
Seat 6: b3782378 (small blind) folded before Flop


Poker Hand #HD1175940682: Hold'em No Limit  ($0.02/$0.05) - 2023/03/25 23:17:45
Table 'NLHBlue133' 6-max Seat #4 is the button
Seat 1: fa3f2911 ($5.11 in chips)
Seat 2: e9154fcc ($5.03 in chips)
Seat 3: c21e2c5c ($3.8 in chips)
Seat 4: c0960399 ($5.05 in chips)
Seat 5: Hero ($5.06 in chips)
Seat 6: b3782378 ($10.62 in chips)
Hero: posts small blind $0.02
b3782378: posts big blind $0.05
*** HOLE CARDS ***
Dealt to fa3f2911 
Dealt to e9154fcc 
Dealt to c21e2c5c 
Dealt to c0960399 
Dealt to Hero [8c Ah]
Dealt to b3782378 
fa3f2911: folds
e9154fcc: folds
c21e2c5c: folds
c0960399: folds
Hero: raises $0.09 to $0.14
b3782378: folds
Uncalled bet ($0.09) returned to Hero
*** SHOWDOWN ***
Hero collected $0.1 from pot
*** SUMMARY ***
Total pot $0.1 | Rake $0 | Jackpot $0 | Bingo $0 | Fortune $0
Seat 1: fa3f2911 folded before Flop (didn't bet)
Seat 2: e9154fcc folded before Flop (didn't bet)
Seat 3: c21e2c5c folded before Flop (didn't bet)
Seat 4: c0960399 (button) folded before Flop (didn't bet)
Seat 5: Hero (small blind) collected ($0.1)
Seat 6: b3782378 (big blind) folded before Flop


Poker Hand #HD1175940640: Hold'em No Limit  ($0.02/$0.05) - 2023/03/25 23:17:28
Table 'NLHBlue133' 6-max Seat #3 is the button
Seat 1: fa3f2911 ($5.11 in chips)
Seat 2: e9154fcc ($5.03 in chips)
Seat 3: c21e2c5c ($3.73 in chips)
Seat 4: c0960399 ($5.07 in chips)
Seat 5: Hero ($5.11 in chips)
Seat 6: b3782378 ($10.62 in chips)
c0960399: posts small blind $0.02
Hero: posts big blind $0.05
*** HOLE CARDS ***
Dealt to fa3f2911 
Dealt to e9154fcc 
Dealt to c21e2c5c 
Dealt to c0960399 
Dealt to Hero [5c Jh]
Dealt to b3782378 
b3782378: folds
fa3f2911: folds
e9154fcc: folds
c21e2c5c: raises $0.05 to $0.1
c0960399: folds
Hero: folds
Uncalled bet ($0.05) returned to c21e2c5c
*** SHOWDOWN ***
c21e2c5c collected $0.12 from pot
*** SUMMARY ***
Total pot $0.12 | Rake $0 | Jackpot $0 | Bingo $0 | Fortune $0
Seat 1: fa3f2911 folded before Flop (didn't bet)
Seat 2: e9154fcc folded before Flop (didn't bet)
Seat 3: c21e2c5c (button) collected ($0.12)
Seat 4: c0960399 (small blind) folded before Flop
Seat 5: Hero (big blind) folded before Flop
Seat 6: b3782378 folded before Flop (didn't bet)


Poker Hand #HD1175940606: Hold'em No Limit  ($0.02/$0.05) - 2023/03/25 23:17:13
Table 'NLHBlue133' 6-max Seat #2 is the button
Seat 1: fa3f2911 ($5.11 in chips)
Seat 2: e9154fcc ($5.03 in chips)
Seat 3: c21e2c5c ($3.75 in chips)
Seat 4: c0960399 ($5.05 in chips)
Seat 5: Hero ($5.11 in chips)
Seat 6: b3782378 ($10.62 in chips)
c21e2c5c: posts small blind $0.02
c0960399: posts big blind $0.05
*** HOLE CARDS ***
Dealt to fa3f2911 
Dealt to e9154fcc 
Dealt to c21e2c5c 
Dealt to c0960399 
Dealt to Hero [2c Qd]
Dealt to b3782378 
Hero: folds
b3782378: folds
fa3f2911: folds
e9154fcc: folds
c21e2c5c: folds
Uncalled bet ($0.03) returned to c0960399
*** SHOWDOWN ***
c0960399 collected $0.04 from pot
*** SUMMARY ***
Total pot $0.04 | Rake $0 | Jackpot $0 | Bingo $0 | Fortune $0
Seat 1: fa3f2911 folded before Flop (didn't bet)
Seat 2: e9154fcc (button) folded before Flop (didn't bet)
Seat 3: c21e2c5c (small blind) folded before Flop
Seat 4: c0960399 (big blind) collected ($0.04)
Seat 5: Hero folded before Flop (didn't bet)
Seat 6: b3782378 folded before Flop (didn't bet)


Poker Hand #HD1175940571: Hold'em No Limit  ($0.02/$0.05) - 2023/03/25 23:16:57
Table 'NLHBlue133' 6-max Seat #1 is the button
Seat 1: fa3f2911 ($5.11 in chips)
Seat 2: e9154fcc ($5.05 in chips)
Seat 3: c21e2c5c ($3.73 in chips)
Seat 4: c0960399 ($5.05 in chips)
Seat 5: Hero ($5.11 in chips)
Seat 6: b3782378 ($10.62 in chips)
e9154fcc: posts small blind $0.02
c21e2c5c: posts big blind $0.05
*** HOLE CARDS ***
Dealt to fa3f2911 
Dealt to e9154fcc 
Dealt to c21e2c5c 
Dealt to c0960399 
Dealt to Hero [8s Ac]
Dealt to b3782378 
c0960399: folds
Hero: folds
b3782378: folds
fa3f2911: folds
e9154fcc: folds
Uncalled bet ($0.03) returned to c21e2c5c
*** SHOWDOWN ***
c21e2c5c collected $0.04 from pot
*** SUMMARY ***
Total pot $0.04 | Rake $0 | Jackpot $0 | Bingo $0 | Fortune $0
Seat 1: fa3f2911 (button) folded before Flop (didn't bet)
Seat 2: e9154fcc (small blind) folded before Flop
Seat 3: c21e2c5c (big blind) collected ($0.04)
Seat 4: c0960399 folded before Flop (didn't bet)
Seat 5: Hero folded before Flop (didn't bet)
Seat 6: b3782378 folded before Flop (didn't bet)


Poker Hand #HD1175940518: Hold'em No Limit  ($0.02/$0.05) - 2023/03/25 23:16:38
Table 'NLHBlue133' 6-max Seat #6 is the button
Seat 1: fa3f2911 ($5.13 in chips)
Seat 2: e9154fcc ($5 in chips)
Seat 3: c21e2c5c ($3.73 in chips)
Seat 4: c0960399 ($5.05 in chips)
Seat 5: Hero ($5.11 in chips)
Seat 6: b3782378 ($10.55 in chips)
fa3f2911: posts small blind $0.02
e9154fcc: posts big blind $0.05
*** HOLE CARDS ***
Dealt to fa3f2911 
Dealt to e9154fcc 
Dealt to c21e2c5c 
Dealt to c0960399 
Dealt to Hero [Qs 9c]
Dealt to b3782378 
c21e2c5c: folds
c0960399: folds
Hero: folds
b3782378: raises $0.06 to $0.11
fa3f2911: folds
e9154fcc: folds
Uncalled bet ($0.06) returned to b3782378
*** SHOWDOWN ***
b3782378 collected $0.12 from pot
*** SUMMARY ***
Total pot $0.12 | Rake $0 | Jackpot $0 | Bingo $0 | Fortune $0
Seat 1: fa3f2911 (small blind) folded before Flop
Seat 2: e9154fcc (big blind) folded before Flop
Seat 3: c21e2c5c folded before Flop (didn't bet)
Seat 4: c0960399 folded before Flop (didn't bet)
Seat 5: Hero folded before Flop (didn't bet)
Seat 6: b3782378 (button) collected ($0.12)


Poker Hand #HD1175940443: Hold'em No Limit  ($0.02/$0.05) - 2023/03/25 23:16:06
Table 'NLHBlue133' 6-max Seat #5 is the button
Seat 1: fa3f2911 ($5 in chips)
Seat 2: e9154fcc ($5 in chips)
Seat 3: c21e2c5c ($3.73 in chips)
Seat 4: c0960399 ($5.05 in chips)
Seat 5: Hero ($5.23 in chips)
Seat 6: b3782378 ($10.57 in chips)
b3782378: posts small blind $0.02
fa3f2911: posts big blind $0.05
*** HOLE CARDS ***
Dealt to fa3f2911 
Dealt to e9154fcc 
Dealt to c21e2c5c 
Dealt to c0960399 
Dealt to Hero [2c As]
Dealt to b3782378 
e9154fcc: folds
c21e2c5c: folds
c0960399: folds
Hero: raises $0.07 to $0.12
b3782378: folds
fa3f2911: calls $0.07
*** FLOP *** [5s 9d Th]
fa3f2911: checks
Hero: checks
*** TURN *** [5s 9d Th] [Jd]
fa3f2911: bets $0.15
Hero: folds
Uncalled bet ($0.15) returned to fa3f2911
*** SHOWDOWN ***
fa3f2911 collected $0.25 from pot
*** SUMMARY ***
Total pot $0.26 | Rake $0.01 | Jackpot $0 | Bingo $0 | Fortune $0
Board [5s 9d Th Jd]
Seat 1: fa3f2911 (big blind) won ($0.25)
Seat 2: e9154fcc folded before Flop (didn't bet)
Seat 3: c21e2c5c folded before Flop (didn't bet)
Seat 4: c0960399 folded before Flop (didn't bet)
Seat 5: Hero (button) folded on the Turn
Seat 6: b3782378 (small blind) folded before Flop


Poker Hand #HD1175940188: Hold'em No Limit  ($0.02/$0.05) - 2023/03/25 23:14:11
Table 'NLHBlue133' 6-max Seat #4 is the button
Seat 1: fa3f2911 ($5 in chips)
Seat 3: c21e2c5c ($3.21 in chips)
Seat 4: c0960399 ($5.05 in chips)
Seat 5: Hero ($5.25 in chips)
Seat 6: b3782378 ($11.12 in chips)
Hero: posts small blind $0.02
b3782378: posts big blind $0.05
*** HOLE CARDS ***
Dealt to fa3f2911 
Dealt to c21e2c5c 
Dealt to c0960399 
Dealt to Hero [Qc 6c]
Dealt to b3782378 
fa3f2911: folds
c21e2c5c: raises $0.08 to $0.13
c0960399: folds
Hero: folds
b3782378: calls $0.08
*** FLOP *** [Ah 9c 2h]
b3782378: checks
c21e2c5c: bets $0.1
b3782378: calls $0.1
*** TURN *** [Ah 9c 2h] [Th]
b3782378: checks
c21e2c5c: bets $0.32
b3782378: calls $0.32
*** RIVER *** [Ah 9c 2h Th] [5d]
b3782378: checks
c21e2c5c: bets $2.66 and is all-in
b3782378: folds
Uncalled bet ($2.66) returned to c21e2c5c
b3782378: shows [Qh] (Ace-High)
c21e2c5c: shows [Ks 3s] (Ace-High)
*** SHOWDOWN ***
c21e2c5c collected $1.07 from pot
*** SUMMARY ***
Total pot $1.12 | Rake $0.05 | Jackpot $0 | Bingo $0 | Fortune $0
Board [Ah 9c 2h Th 5d]
Seat 1: fa3f2911 folded before Flop (didn't bet)
Seat 3: c21e2c5c showed [Ks 3s] and won ($1.07) with Ace-High
Seat 4: c0960399 (button) folded before Flop (didn't bet)
Seat 5: Hero (small blind) folded before Flop
Seat 6: b3782378 (big blind) folded on the River


Poker Hand #HD1175939937: Hold'em No Limit  ($0.02/$0.05) - 2023/03/25 23:12:10
Table 'NLHBlue133' 6-max Seat #3 is the button
Seat 1: fa3f2911 ($5 in chips)
Seat 2: e9154fcc ($5 in chips)
Seat 3: c21e2c5c ($3.21 in chips)
Seat 4: c0960399 ($5.07 in chips)
Seat 5: Hero ($5.3 in chips)
Seat 6: b3782378 ($10.75 in chips)
c0960399: posts small blind $0.02
Hero: posts big blind $0.05
*** HOLE CARDS ***
Dealt to fa3f2911 
Dealt to e9154fcc 
Dealt to c21e2c5c 
Dealt to c0960399 
Dealt to Hero [3h 3d]
Dealt to b3782378 
b3782378: raises $0.06 to $0.11
fa3f2911: folds
e9154fcc: raises $0.22 to $0.33
c21e2c5c: folds
c0960399: folds
Hero: folds
b3782378: raises $0.42 to $0.75
e9154fcc: folds
Uncalled bet ($0.42) returned to b3782378
*** SHOWDOWN ***
b3782378 collected $0.7 from pot
*** SUMMARY ***
Total pot $0.73 | Rake $0.03 | Jackpot $0 | Bingo $0 | Fortune $0
Seat 1: fa3f2911 folded before Flop (didn't bet)
Seat 2: e9154fcc folded before Flop
Seat 3: c21e2c5c (button) folded before Flop (didn't bet)
Seat 4: c0960399 (small blind) folded before Flop
Seat 5: Hero (big blind) folded before Flop
Seat 6: b3782378 collected ($0.7)


Poker Hand #HD1175939904: Hold'em No Limit  ($0.02/$0.05) - 2023/03/25 23:11:56
Table 'NLHBlue133' 6-max Seat #2 is the button
Seat 1: fa3f2911 ($5 in chips)
Seat 2: e9154fcc ($5 in chips)
Seat 3: c21e2c5c ($3.23 in chips)
Seat 4: c0960399 ($5.05 in chips)
Seat 5: Hero ($5.3 in chips)
Seat 6: b3782378 ($10.75 in chips)
c21e2c5c: posts small blind $0.02
c0960399: posts big blind $0.05
*** HOLE CARDS ***
Dealt to fa3f2911 
Dealt to e9154fcc 
Dealt to c21e2c5c 
Dealt to c0960399 
Dealt to Hero [9c 3s]
Dealt to b3782378 
Hero: folds
b3782378: folds
fa3f2911: folds
e9154fcc: folds
c21e2c5c: folds
Uncalled bet ($0.03) returned to c0960399
*** SHOWDOWN ***
c0960399 collected $0.04 from pot
*** SUMMARY ***
Total pot $0.04 | Rake $0 | Jackpot $0 | Bingo $0 | Fortune $0
Seat 1: fa3f2911 folded before Flop (didn't bet)
Seat 2: e9154fcc (button) folded before Flop (didn't bet)
Seat 3: c21e2c5c (small blind) folded before Flop
Seat 4: c0960399 (big blind) collected ($0.04)
Seat 5: Hero folded before Flop (didn't bet)
Seat 6: b3782378 folded before Flop (didn't bet)


Poker Hand #HD1175939865: Hold'em No Limit  ($0.02/$0.05) - 2023/03/25 23:11:36
Table 'NLHBlue133' 6-max Seat #1 is the button
Seat 1: fa3f2911 ($5 in chips)
Seat 2: e9154fcc ($5.01 in chips)
Seat 3: c21e2c5c ($3.28 in chips)
Seat 4: c0960399 ($5.05 in chips)
Seat 5: Hero ($5.3 in chips)
Seat 6: b3782378 ($10.68 in chips)
e9154fcc: posts small blind $0.02
c21e2c5c: posts big blind $0.05
*** HOLE CARDS ***
Dealt to fa3f2911 
Dealt to e9154fcc 
Dealt to c21e2c5c 
Dealt to c0960399 
Dealt to Hero [Th 7d]
Dealt to b3782378 
c0960399: folds
Hero: folds
b3782378: raises $0.06 to $0.11
fa3f2911: folds
e9154fcc: folds
c21e2c5c: folds
Uncalled bet ($0.06) returned to b3782378
*** SHOWDOWN ***
b3782378 collected $0.12 from pot
*** SUMMARY ***
Total pot $0.12 | Rake $0 | Jackpot $0 | Bingo $0 | Fortune $0
Seat 1: fa3f2911 (button) folded before Flop (didn't bet)
Seat 2: e9154fcc (small blind) folded before Flop
Seat 3: c21e2c5c (big blind) folded before Flop
Seat 4: c0960399 folded before Flop (didn't bet)
Seat 5: Hero folded before Flop (didn't bet)
Seat 6: b3782378 collected ($0.12)


Poker Hand #HD1175939820: Hold'em No Limit  ($0.02/$0.05) - 2023/03/25 23:11:19
Table 'NLHBlue133' 6-max Seat #6 is the button
Seat 1: fa3f2911 ($5 in chips)
Seat 2: e9154fcc ($5.06 in chips)
Seat 3: c21e2c5c ($3.21 in chips)
Seat 4: c0960399 ($5.05 in chips)
Seat 5: Hero ($5.3 in chips)
Seat 6: b3782378 ($10.68 in chips)
fa3f2911: posts small blind $0.02
e9154fcc: posts big blind $0.05
*** HOLE CARDS ***
Dealt to fa3f2911 
Dealt to e9154fcc 
Dealt to c21e2c5c 
Dealt to c0960399 
Dealt to Hero [9c Jh]
Dealt to b3782378 
c21e2c5c: raises $0.08 to $0.13
c0960399: folds
Hero: folds
b3782378: folds
fa3f2911: folds
e9154fcc: folds
Uncalled bet ($0.08) returned to c21e2c5c
*** SHOWDOWN ***
c21e2c5c collected $0.12 from pot
*** SUMMARY ***
Total pot $0.12 | Rake $0 | Jackpot $0 | Bingo $0 | Fortune $0
Seat 1: fa3f2911 (small blind) folded before Flop
Seat 2: e9154fcc (big blind) folded before Flop
Seat 3: c21e2c5c collected ($0.12)
Seat 4: c0960399 folded before Flop (didn't bet)
Seat 5: Hero folded before Flop (didn't bet)
Seat 6: b3782378 (button) folded before Flop (didn't bet)


Poker Hand #HD1175939673: Hold'em No Limit  ($0.02/$0.05) - 2023/03/25 23:10:14
Table 'NLHBlue133' 6-max Seat #5 is the button
Seat 1: fa3f2911 ($5.17 in chips)
Seat 2: e9154fcc ($5.06 in chips)
Seat 3: c21e2c5c ($3.21 in chips)
Seat 4: c0960399 ($5.05 in chips)
Seat 5: Hero ($5.3 in chips)
Seat 6: b3782378 ($10.45 in chips)
b3782378: posts small blind $0.02
fa3f2911: posts big blind $0.05
*** HOLE CARDS ***
Dealt to fa3f2911 
Dealt to e9154fcc 
Dealt to c21e2c5c 
Dealt to c0960399 
Dealt to Hero [3c 7d]
Dealt to b3782378 
e9154fcc: folds
c21e2c5c: folds
c0960399: folds
Hero: folds
b3782378: calls $0.03
fa3f2911: checks
*** FLOP *** [5d Td Qh]
b3782378: bets $0.05
fa3f2911: calls $0.05
*** TURN *** [5d Td Qh] [Kc]
b3782378: bets $0.15
fa3f2911: calls $0.15
*** RIVER *** [5d Td Qh Kc] [5h]
b3782378: checks
fa3f2911: checks
b3782378: shows [Kh 9d] (Pair of Kings and Pair of Fives)
fa3f2911: shows [2s Qd] (Pair of Queens and Pair of Fives)
*** SHOWDOWN ***
b3782378 collected $0.48 from pot
*** SUMMARY ***
Total pot $0.5 | Rake $0.02 | Jackpot $0 | Bingo $0 | Fortune $0
Board [5d Td Qh Kc 5h]
Seat 1: fa3f2911 (big blind) showed [2s Qd] and lost with Pair of Queens and Pair of Fives
Seat 2: e9154fcc folded before Flop (didn't bet)
Seat 3: c21e2c5c folded before Flop (didn't bet)
Seat 4: c0960399 folded before Flop (didn't bet)
Seat 5: Hero (button) folded before Flop (didn't bet)
Seat 6: b3782378 (small blind) showed [Kh 9d] and won ($0.48) with Pair of Kings and Pair of Fives


Poker Hand #HD1175939572: Hold'em No Limit  ($0.02/$0.05) - 2023/03/25 23:09:30
Table 'NLHBlue133' 6-max Seat #4 is the button
Seat 1: fa3f2911 ($5.17 in chips)
Seat 2: e9154fcc ($5.06 in chips)
Seat 3: c21e2c5c ($3.21 in chips)
Seat 4: c0960399 ($5.17 in chips)
Seat 5: Hero ($5.32 in chips)
Seat 6: b3782378 ($10.32 in chips)
Hero: posts small blind $0.02
b3782378: posts big blind $0.05
*** HOLE CARDS ***
Dealt to fa3f2911 
Dealt to e9154fcc 
Dealt to c21e2c5c 
Dealt to c0960399 
Dealt to Hero [9h 3c]
Dealt to b3782378 
fa3f2911: folds
e9154fcc: folds
c21e2c5c: folds
c0960399: raises $0.07 to $0.12
Hero: folds
b3782378: calls $0.07
*** FLOP *** [2c 8d 6s]
b3782378: checks
c0960399: checks
*** TURN *** [2c 8d 6s] [9d]
b3782378: bets $0.14
c0960399: folds
Uncalled bet ($0.14) returned to b3782378
*** SHOWDOWN ***
b3782378 collected $0.25 from pot
*** SUMMARY ***
Total pot $0.26 | Rake $0.01 | Jackpot $0 | Bingo $0 | Fortune $0
Board [2c 8d 6s 9d]
Seat 1: fa3f2911 folded before Flop (didn't bet)
Seat 2: e9154fcc folded before Flop (didn't bet)
Seat 3: c21e2c5c folded before Flop (didn't bet)
Seat 4: c0960399 (button) folded on the Turn
Seat 5: Hero (small blind) folded before Flop
Seat 6: b3782378 (big blind) won ($0.25)


Poker Hand #HD1175939516: Hold'em No Limit  ($0.02/$0.05) - 2023/03/25 23:09:05
Table 'NLHBlue133' 6-max Seat #3 is the button
Seat 1: fa3f2911 ($5.17 in chips)
Seat 2: e9154fcc ($5.06 in chips)
Seat 3: c21e2c5c ($3.14 in chips)
Seat 4: c0960399 ($5.19 in chips)
Seat 5: Hero ($5.37 in chips)
Seat 6: b3782378 ($10.32 in chips)
c0960399: posts small blind $0.02
Hero: posts big blind $0.05
*** HOLE CARDS ***
Dealt to fa3f2911 
Dealt to e9154fcc 
Dealt to c21e2c5c 
Dealt to c0960399 
Dealt to Hero [Qd 8s]
Dealt to b3782378 
b3782378: folds
fa3f2911: folds
e9154fcc: folds
c21e2c5c: raises $0.08 to $0.13
c0960399: folds
Hero: folds
Uncalled bet ($0.08) returned to c21e2c5c
*** SHOWDOWN ***
c21e2c5c collected $0.12 from pot
*** SUMMARY ***
Total pot $0.12 | Rake $0 | Jackpot $0 | Bingo $0 | Fortune $0
Seat 1: fa3f2911 folded before Flop (didn't bet)
Seat 2: e9154fcc folded before Flop (didn't bet)
Seat 3: c21e2c5c (button) collected ($0.12)
Seat 4: c0960399 (small blind) folded before Flop
Seat 5: Hero (big blind) folded before Flop
Seat 6: b3782378 folded before Flop (didn't bet)


Poker Hand #HD1175939447: Hold'em No Limit  ($0.02/$0.05) - 2023/03/25 23:08:36
Table 'NLHBlue133' 6-max Seat #2 is the button
Seat 1: fa3f2911 ($5.17 in chips)
Seat 2: e9154fcc ($5.06 in chips)
Seat 3: c21e2c5c ($3.16 in chips)
Seat 4: c0960399 ($5.17 in chips)
Seat 5: Hero ($5.37 in chips)
Seat 6: b3782378 ($10.32 in chips)
c21e2c5c: posts small blind $0.02
c0960399: posts big blind $0.05
*** HOLE CARDS ***
Dealt to fa3f2911 
Dealt to e9154fcc 
Dealt to c21e2c5c 
Dealt to c0960399 
Dealt to Hero [7c Ks]
Dealt to b3782378 
Hero: folds
b3782378: folds
fa3f2911: folds
e9154fcc: folds
c21e2c5c: folds
Uncalled bet ($0.03) returned to c0960399
*** SHOWDOWN ***
c0960399 collected $0.04 from pot
*** SUMMARY ***
Total pot $0.04 | Rake $0 | Jackpot $0 | Bingo $0 | Fortune $0
Seat 1: fa3f2911 folded before Flop (didn't bet)
Seat 2: e9154fcc (button) folded before Flop (didn't bet)
Seat 3: c21e2c5c (small blind) folded before Flop
Seat 4: c0960399 (big blind) collected ($0.04)
Seat 5: Hero folded before Flop (didn't bet)
Seat 6: b3782378 folded before Flop (didn't bet)


Poker Hand #HD1175939355: Hold'em No Limit  ($0.02/$0.05) - 2023/03/25 23:07:52
Table 'NLHBlue133' 6-max Seat #1 is the button
Seat 1: fa3f2911 ($5 in chips)
Seat 2: e9154fcc ($5.08 in chips)
Seat 3: c21e2c5c ($3.21 in chips)
Seat 4: c0960399 ($5.17 in chips)
Seat 5: Hero ($5.37 in chips)
Seat 6: b3782378 ($10.43 in chips)
e9154fcc: posts small blind $0.02
c21e2c5c: posts big blind $0.05
*** HOLE CARDS ***
Dealt to fa3f2911 
Dealt to e9154fcc 
Dealt to c21e2c5c 
Dealt to c0960399 
Dealt to Hero [2c 2d]
Dealt to b3782378 
c0960399: folds
Hero: folds
b3782378: raises $0.06 to $0.11
fa3f2911: raises $0.29 to $0.4
e9154fcc: folds
c21e2c5c: folds
b3782378: folds
Uncalled bet ($0.29) returned to fa3f2911
*** SHOWDOWN ***
fa3f2911 collected $0.28 from pot
*** SUMMARY ***
Total pot $0.29 | Rake $0.01 | Jackpot $0 | Bingo $0 | Fortune $0
Seat 1: fa3f2911 (button) collected ($0.28)
Seat 2: e9154fcc (small blind) folded before Flop
Seat 3: c21e2c5c (big blind) folded before Flop
Seat 4: c0960399 folded before Flop (didn't bet)
Seat 5: Hero folded before Flop (didn't bet)
Seat 6: b3782378 folded before Flop


Poker Hand #HD1175939195: Hold'em No Limit  ($0.02/$0.05) - 2023/03/25 23:06:44
Table 'NLHBlue133' 6-max Seat #6 is the button
Seat 1: fa3f2911 ($5 in chips)
Seat 2: e9154fcc ($5.13 in chips)
Seat 3: c21e2c5c ($3.21 in chips)
Seat 4: c0960399 ($5.17 in chips)
Seat 5: Hero ($5.65 in chips)
Seat 6: b3782378 ($10.11 in chips)
fa3f2911: posts small blind $0.02
e9154fcc: posts big blind $0.05
*** HOLE CARDS ***
Dealt to fa3f2911 
Dealt to e9154fcc 
Dealt to c21e2c5c 
Dealt to c0960399 
Dealt to Hero [Kd Qc]
Dealt to b3782378 
c21e2c5c: folds
c0960399: folds
Hero: raises $0.07 to $0.12
b3782378: calls $0.12
fa3f2911: folds
e9154fcc: folds
*** FLOP *** [6d As 2s]
Hero: bets $0.16
b3782378: calls $0.16
*** TURN *** [6d As 2s] [9d]
Hero: checks
b3782378: bets $0.2
Hero: folds
Uncalled bet ($0.2) returned to b3782378
*** SHOWDOWN ***
b3782378 collected $0.6 from pot
*** SUMMARY ***
Total pot $0.63 | Rake $0.03 | Jackpot $0 | Bingo $0 | Fortune $0
Board [6d As 2s 9d]
Seat 1: fa3f2911 (small blind) folded before Flop
Seat 2: e9154fcc (big blind) folded before Flop
Seat 3: c21e2c5c folded before Flop (didn't bet)
Seat 4: c0960399 folded before Flop (didn't bet)
Seat 5: Hero folded on the Turn
Seat 6: b3782378 (button) won ($0.6)


Poker Hand #HD1175939130: Hold'em No Limit  ($0.02/$0.05) - 2023/03/25 23:06:14
Table 'NLHBlue133' 6-max Seat #5 is the button
Seat 1: fa3f2911 ($5 in chips)
Seat 2: e9154fcc ($5.13 in chips)
Seat 3: c21e2c5c ($3.21 in chips)
Seat 4: c0960399 ($5.17 in chips)
Seat 5: Hero ($5.77 in chips)
Seat 6: b3782378 ($9.95 in chips)
b3782378: posts small blind $0.02
fa3f2911: posts big blind $0.05
*** HOLE CARDS ***
Dealt to fa3f2911 
Dealt to e9154fcc 
Dealt to c21e2c5c 
Dealt to c0960399 
Dealt to Hero [As 5c]
Dealt to b3782378 
e9154fcc: folds
c21e2c5c: folds
c0960399: folds
Hero: raises $0.07 to $0.12
b3782378: raises $0.32 to $0.44
fa3f2911: folds
Hero: folds
Uncalled bet ($0.32) returned to b3782378
*** SHOWDOWN ***
b3782378 collected $0.28 from pot
*** SUMMARY ***
Total pot $0.29 | Rake $0.01 | Jackpot $0 | Bingo $0 | Fortune $0
Seat 1: fa3f2911 (big blind) folded before Flop
Seat 2: e9154fcc folded before Flop (didn't bet)
Seat 3: c21e2c5c folded before Flop (didn't bet)
Seat 4: c0960399 folded before Flop (didn't bet)
Seat 5: Hero (button) folded before Flop
Seat 6: b3782378 (small blind) collected ($0.28)


Poker Hand #HD1175939103: Hold'em No Limit  ($0.02/$0.05) - 2023/03/25 23:06:00
Table 'NLHBlue133' 6-max Seat #4 is the button
Seat 1: fa3f2911 ($5 in chips)
Seat 2: e9154fcc ($5.13 in chips)
Seat 3: c21e2c5c ($3.21 in chips)
Seat 4: c0960399 ($5.17 in chips)
Seat 5: Hero ($5.79 in chips)
Seat 6: b3782378 ($9.93 in chips)
Hero: posts small blind $0.02
b3782378: posts big blind $0.05
*** HOLE CARDS ***
Dealt to fa3f2911 
Dealt to e9154fcc 
Dealt to c21e2c5c 
Dealt to c0960399 
Dealt to Hero [7d 3c]
Dealt to b3782378 
fa3f2911: folds
e9154fcc: folds
c21e2c5c: folds
c0960399: folds
Hero: folds
Uncalled bet ($0.03) returned to b3782378
*** SHOWDOWN ***
b3782378 collected $0.04 from pot
*** SUMMARY ***
Total pot $0.04 | Rake $0 | Jackpot $0 | Bingo $0 | Fortune $0
Seat 1: fa3f2911 folded before Flop (didn't bet)
Seat 2: e9154fcc folded before Flop (didn't bet)
Seat 3: c21e2c5c folded before Flop (didn't bet)
Seat 4: c0960399 (button) folded before Flop (didn't bet)
Seat 5: Hero (small blind) folded before Flop
Seat 6: b3782378 (big blind) collected ($0.04)


Poker Hand #HD1175939058: Hold'em No Limit  ($0.02/$0.05) - 2023/03/25 23:05:43
Table 'NLHBlue133' 6-max Seat #3 is the button
Seat 1: fa3f2911 ($5 in chips)
Seat 2: e9154fcc ($5.13 in chips)
Seat 3: c21e2c5c ($3.21 in chips)
Seat 4: c0960399 ($5.12 in chips)
Seat 5: Hero ($5.84 in chips)
Seat 6: b3782378 ($9.93 in chips)
c0960399: posts small blind $0.02
Hero: posts big blind $0.05
*** HOLE CARDS ***
Dealt to fa3f2911 
Dealt to e9154fcc 
Dealt to c21e2c5c 
Dealt to c0960399 
Dealt to Hero [4d 5s]
Dealt to b3782378 
b3782378: folds
fa3f2911: folds
e9154fcc: folds
c21e2c5c: folds
c0960399: raises $0.08 to $0.13
Hero: folds
Uncalled bet ($0.08) returned to c0960399
*** SHOWDOWN ***
c0960399 collected $0.1 from pot
*** SUMMARY ***
Total pot $0.1 | Rake $0 | Jackpot $0 | Bingo $0 | Fortune $0
Seat 1: fa3f2911 folded before Flop (didn't bet)
Seat 2: e9154fcc folded before Flop (didn't bet)
Seat 3: c21e2c5c (button) folded before Flop (didn't bet)
Seat 4: c0960399 (small blind) collected ($0.1)
Seat 5: Hero (big blind) folded before Flop
Seat 6: b3782378 folded before Flop (didn't bet)


Poker Hand #HD1175938987: Hold'em No Limit  ($0.02/$0.05) - 2023/03/25 23:05:14
Table 'NLHBlue133' 6-max Seat #2 is the button
Seat 1: fa3f2911 ($5 in chips)
Seat 2: e9154fcc ($5.13 in chips)
Seat 3: c21e2c5c ($3.34 in chips)
Seat 4: c0960399 ($5 in chips)
Seat 5: Hero ($5.84 in chips)
Seat 6: b3782378 ($9.93 in chips)
c21e2c5c: posts small blind $0.02
c0960399: posts big blind $0.05
*** HOLE CARDS ***
Dealt to fa3f2911 
Dealt to e9154fcc 
Dealt to c21e2c5c 
Dealt to c0960399 
Dealt to Hero [7s 5d]
Dealt to b3782378 
Hero: folds
b3782378: folds
fa3f2911: folds
e9154fcc: folds
c21e2c5c: raises $0.08 to $0.13
c0960399: raises $0.32 to $0.45
c21e2c5c: folds
Uncalled bet ($0.32) returned to c0960399
*** SHOWDOWN ***
c0960399 collected $0.25 from pot
*** SUMMARY ***
Total pot $0.26 | Rake $0.01 | Jackpot $0 | Bingo $0 | Fortune $0
Seat 1: fa3f2911 folded before Flop (didn't bet)
Seat 2: e9154fcc (button) folded before Flop (didn't bet)
Seat 3: c21e2c5c (small blind) folded before Flop
Seat 4: c0960399 (big blind) collected ($0.25)
Seat 5: Hero folded before Flop (didn't bet)
Seat 6: b3782378 folded before Flop (didn't bet)


Poker Hand #HD1175938845: Hold'em No Limit  ($0.02/$0.05) - 2023/03/25 23:04:05
Table 'NLHBlue133' 6-max Seat #1 is the button
Seat 1: fa3f2911 ($5 in chips)
Seat 2: e9154fcc ($5.15 in chips)
Seat 3: c21e2c5c ($2.92 in chips)
Seat 4: c0960399 ($5.12 in chips)
Seat 5: Hero ($5.84 in chips)
Seat 6: b3782378 ($9.93 in chips)
e9154fcc: posts small blind $0.02
c21e2c5c: posts big blind $0.05
*** HOLE CARDS ***
Dealt to fa3f2911 
Dealt to e9154fcc 
Dealt to c21e2c5c 
Dealt to c0960399 
Dealt to Hero [Jc 7h]
Dealt to b3782378 
c0960399: raises $0.05 to $0.1
Hero: folds
b3782378: folds
fa3f2911: folds
e9154fcc: folds
c21e2c5c: calls $0.05
*** FLOP *** [3s 4c 8s]
c21e2c5c: bets $0.13
c0960399: calls $0.13
*** TURN *** [3s 4c 8s] [3h]
c21e2c5c: bets $0.21
c0960399: calls $0.21
*** RIVER *** [3s 4c 8s 3h] [9d]
c21e2c5c: checks
c0960399: checks
c21e2c5c: shows [9s 7s] (Pair of Nines and Pair of Treys)
c0960399: shows [Ad Kh] (Pair of Treys)
*** SHOWDOWN ***
c21e2c5c collected $0.86 from pot
*** SUMMARY ***
Total pot $0.9 | Rake $0.04 | Jackpot $0 | Bingo $0 | Fortune $0
Board [3s 4c 8s 3h 9d]
Seat 1: fa3f2911 (button) folded before Flop (didn't bet)
Seat 2: e9154fcc (small blind) folded before Flop
Seat 3: c21e2c5c (big blind) showed [9s 7s] and won ($0.86) with Pair of Nines and Pair of Treys
Seat 4: c0960399 showed [Ad Kh] and lost with Pair of Treys
Seat 5: Hero folded before Flop (didn't bet)
Seat 6: b3782378 folded before Flop (didn't bet)


Poker Hand #HD1175938785: Hold'em No Limit  ($0.02/$0.05) - 2023/03/25 23:03:42
Table 'NLHBlue133' 6-max Seat #6 is the button
Seat 1: fa3f2911 ($5.02 in chips)
Seat 2: e9154fcc ($5.2 in chips)
Seat 3: c21e2c5c ($2.92 in chips)
Seat 4: c0960399 ($5.12 in chips)
Seat 5: Hero ($5.77 in chips)
Seat 6: b3782378 ($9.93 in chips)
fa3f2911: posts small blind $0.02
e9154fcc: posts big blind $0.05
*** HOLE CARDS ***
Dealt to fa3f2911 
Dealt to e9154fcc 
Dealt to c21e2c5c 
Dealt to c0960399 
Dealt to Hero [Js Qs]
Dealt to b3782378 
c21e2c5c: folds
c0960399: folds
Hero: raises $0.07 to $0.12
b3782378: folds
fa3f2911: folds
e9154fcc: folds
Uncalled bet ($0.07) returned to Hero
*** SHOWDOWN ***
Hero collected $0.12 from pot
*** SUMMARY ***
Total pot $0.12 | Rake $0 | Jackpot $0 | Bingo $0 | Fortune $0
Seat 1: fa3f2911 (small blind) folded before Flop
Seat 2: e9154fcc (big blind) folded before Flop
Seat 3: c21e2c5c folded before Flop (didn't bet)
Seat 4: c0960399 folded before Flop (didn't bet)
Seat 5: Hero collected ($0.12)
Seat 6: b3782378 (button) folded before Flop (didn't bet)


Poker Hand #HD1175938734: Hold'em No Limit  ($0.02/$0.05) - 2023/03/25 23:03:18
Table 'NLHBlue133' 6-max Seat #5 is the button
Seat 1: fa3f2911 ($5.07 in chips)
Seat 2: e9154fcc ($5.2 in chips)
Seat 3: c21e2c5c ($2.92 in chips)
Seat 4: c0960399 ($5.12 in chips)
Seat 5: Hero ($5.77 in chips)
Seat 6: b3782378 ($9.88 in chips)
b3782378: posts small blind $0.02
fa3f2911: posts big blind $0.05
*** HOLE CARDS ***
Dealt to fa3f2911 
Dealt to e9154fcc 
Dealt to c21e2c5c 
Dealt to c0960399 
Dealt to Hero [4c 3d]
Dealt to b3782378 
e9154fcc: folds
c21e2c5c: folds
c0960399: folds
Hero: folds
b3782378: calls $0.03
fa3f2911: checks
*** FLOP *** [9c 5h 3s]
b3782378: checks
fa3f2911: checks
*** TURN *** [9c 5h 3s] [4s]
b3782378: bets $0.05
fa3f2911: folds
Uncalled bet ($0.05) returned to b3782378
*** SHOWDOWN ***
b3782378 collected $0.1 from pot
*** SUMMARY ***
Total pot $0.1 | Rake $0 | Jackpot $0 | Bingo $0 | Fortune $0
Board [9c 5h 3s 4s]
Seat 1: fa3f2911 (big blind) folded on the Turn
Seat 2: e9154fcc folded before Flop (didn't bet)
Seat 3: c21e2c5c folded before Flop (didn't bet)
Seat 4: c0960399 folded before Flop (didn't bet)
Seat 5: Hero (button) folded before Flop (didn't bet)
Seat 6: b3782378 (small blind) won ($0.1)


Poker Hand #HD1175938569: Hold'em No Limit  ($0.02/$0.05) - 2023/03/25 23:02:11
Table 'NLHBlue133' 6-max Seat #4 is the button
Seat 1: fa3f2911 ($5.07 in chips)
Seat 2: e9154fcc ($5.2 in chips)
Seat 3: c21e2c5c ($3.35 in chips)
Seat 4: c0960399 ($5.12 in chips)
Seat 5: Hero ($5.79 in chips)
Seat 6: b3782378 ($9.47 in chips)
Hero: posts small blind $0.02
b3782378: posts big blind $0.05
*** HOLE CARDS ***
Dealt to fa3f2911 
Dealt to e9154fcc 
Dealt to c21e2c5c 
Dealt to c0960399 
Dealt to Hero [5h Th]
Dealt to b3782378 
fa3f2911: folds
e9154fcc: folds
c21e2c5c: raises $0.08 to $0.13
c0960399: folds
Hero: folds
b3782378: calls $0.08
*** FLOP *** [5d 6c Qs]
b3782378: checks
c21e2c5c: bets $0.1
b3782378: raises $0.2 to $0.3
c21e2c5c: calls $0.2
*** TURN *** [5d 6c Qs] [7c]
b3782378: bets $0.66
c21e2c5c: folds
Uncalled bet ($0.66) returned to b3782378
*** SHOWDOWN ***
b3782378 collected $0.84 from pot
*** SUMMARY ***
Total pot $0.88 | Rake $0.04 | Jackpot $0 | Bingo $0 | Fortune $0
Board [5d 6c Qs 7c]
Seat 1: fa3f2911 folded before Flop (didn't bet)
Seat 2: e9154fcc folded before Flop (didn't bet)
Seat 3: c21e2c5c folded on the Turn
Seat 4: c0960399 (button) folded before Flop (didn't bet)
Seat 5: Hero (small blind) folded before Flop
Seat 6: b3782378 (big blind) won ($0.84)


Poker Hand #HD1175938519: Hold'em No Limit  ($0.02/$0.05) - 2023/03/25 23:01:51
Table 'NLHBlue133' 6-max Seat #3 is the button
Seat 1: fa3f2911 ($5 in chips)
Seat 2: e9154fcc ($5.2 in chips)
Seat 3: c21e2c5c ($3.35 in chips)
Seat 4: c0960399 ($5.14 in chips)
Seat 5: Hero ($5.84 in chips)
Seat 6: b3782378 ($9.47 in chips)
c0960399: posts small blind $0.02
Hero: posts big blind $0.05
*** HOLE CARDS ***
Dealt to fa3f2911 
Dealt to e9154fcc 
Dealt to c21e2c5c 
Dealt to c0960399 
Dealt to Hero [Qs 4h]
Dealt to b3782378 
b3782378: folds
fa3f2911: raises $0.1 to $0.15
e9154fcc: folds
c21e2c5c: folds
c0960399: folds
Hero: folds
Uncalled bet ($0.1) returned to fa3f2911
*** SHOWDOWN ***
fa3f2911 collected $0.12 from pot
*** SUMMARY ***
Total pot $0.12 | Rake $0 | Jackpot $0 | Bingo $0 | Fortune $0
Seat 1: fa3f2911 collected ($0.12)
Seat 2: e9154fcc folded before Flop (didn't bet)
Seat 3: c21e2c5c (button) folded before Flop (didn't bet)
Seat 4: c0960399 (small blind) folded before Flop
Seat 5: Hero (big blind) folded before Flop
Seat 6: b3782378 folded before Flop (didn't bet)


Poker Hand #HD1175938402: Hold'em No Limit  ($0.02/$0.05) - 2023/03/25 23:01:01
Table 'NLHBlue133' 6-max Seat #2 is the button
Seat 1: fa3f2911 ($5 in chips)
Seat 2: e9154fcc ($5.33 in chips)
Seat 3: c21e2c5c ($3.37 in chips)
Seat 4: c0960399 ($5 in chips)
Seat 5: Hero ($5.84 in chips)
Seat 6: b3782378 ($9.47 in chips)
c21e2c5c: posts small blind $0.02
c0960399: posts big blind $0.05
*** HOLE CARDS ***
Dealt to fa3f2911 
Dealt to e9154fcc 
Dealt to c21e2c5c 
Dealt to c0960399 
Dealt to Hero [3s 2h]
Dealt to b3782378 
Hero: folds
b3782378: folds
fa3f2911: folds
e9154fcc: raises $0.08 to $0.13
c21e2c5c: folds
c0960399: raises $0.52 to $0.65
e9154fcc: folds
Uncalled bet ($0.52) returned to c0960399
*** SHOWDOWN ***
c0960399 collected $0.27 from pot
*** SUMMARY ***
Total pot $0.28 | Rake $0.01 | Jackpot $0 | Bingo $0 | Fortune $0
Seat 1: fa3f2911 folded before Flop (didn't bet)
Seat 2: e9154fcc (button) folded before Flop
Seat 3: c21e2c5c (small blind) folded before Flop
Seat 4: c0960399 (big blind) collected ($0.27)
Seat 5: Hero folded before Flop (didn't bet)
Seat 6: b3782378 folded before Flop (didn't bet)


Poker Hand #HD1175938339: Hold'em No Limit  ($0.02/$0.05) - 2023/03/25 23:00:30
Table 'NLHBlue133' 6-max Seat #1 is the button
Seat 1: fa3f2911 ($5 in chips)
Seat 2: e9154fcc ($5.19 in chips)
Seat 3: c21e2c5c ($3.42 in chips)
Seat 4: c0960399 ($5.07 in chips)
Seat 5: Hero ($5.84 in chips)
Seat 6: b3782378 ($9.47 in chips)
e9154fcc: posts small blind $0.02
c21e2c5c: posts big blind $0.05
*** HOLE CARDS ***
Dealt to fa3f2911 
Dealt to e9154fcc 
Dealt to c21e2c5c 
Dealt to c0960399 
Dealt to Hero [5c 7h]
Dealt to b3782378 
c0960399: raises $0.05 to $0.1
Hero: folds
b3782378: folds
fa3f2911: folds
e9154fcc: raises $0.31 to $0.41
c21e2c5c: folds
c0960399: folds
Uncalled bet ($0.31) returned to e9154fcc
*** SHOWDOWN ***
e9154fcc collected $0.24 from pot
*** SUMMARY ***
Total pot $0.25 | Rake $0.01 | Jackpot $0 | Bingo $0 | Fortune $0
Seat 1: fa3f2911 (button) folded before Flop (didn't bet)
Seat 2: e9154fcc (small blind) collected ($0.24)
Seat 3: c21e2c5c (big blind) folded before Flop
Seat 4: c0960399 folded before Flop
Seat 5: Hero folded before Flop (didn't bet)
Seat 6: b3782378 folded before Flop (didn't bet)


Poker Hand #HD1175938265: Hold'em No Limit  ($0.02/$0.05) - 2023/03/25 22:59:56
Table 'NLHBlue133' 6-max Seat #6 is the button
Seat 1: fa3f2911 ($5.02 in chips)
Seat 2: e9154fcc ($5.24 in chips)
Seat 3: c21e2c5c ($3.42 in chips)
Seat 4: c0960399 ($5.07 in chips)
Seat 5: Hero ($5.84 in chips)
Seat 6: b3782378 ($9.4 in chips)
fa3f2911: posts small blind $0.02
e9154fcc: posts big blind $0.05
*** HOLE CARDS ***
Dealt to fa3f2911 
Dealt to e9154fcc 
Dealt to c21e2c5c 
Dealt to c0960399 
Dealt to Hero [Kd 2h]
Dealt to b3782378 
c21e2c5c: folds
c0960399: folds
Hero: folds
b3782378: raises $0.06 to $0.11
fa3f2911: folds
e9154fcc: folds
Uncalled bet ($0.06) returned to b3782378
*** SHOWDOWN ***
b3782378 collected $0.12 from pot
*** SUMMARY ***
Total pot $0.12 | Rake $0 | Jackpot $0 | Bingo $0 | Fortune $0
Seat 1: fa3f2911 (small blind) folded before Flop
Seat 2: e9154fcc (big blind) folded before Flop
Seat 3: c21e2c5c folded before Flop (didn't bet)
Seat 4: c0960399 folded before Flop (didn't bet)
Seat 5: Hero folded before Flop (didn't bet)
Seat 6: b3782378 (button) collected ($0.12)


Poker Hand #HD1175938228: Hold'em No Limit  ($0.02/$0.05) - 2023/03/25 22:59:39
Table 'NLHBlue133' 6-max Seat #5 is the button
Seat 1: fa3f2911 ($5 in chips)
Seat 3: c21e2c5c ($3.42 in chips)
Seat 4: c0960399 ($5.07 in chips)
Seat 5: Hero ($5.84 in chips)
Seat 6: b3782378 ($9.42 in chips)
b3782378: posts small blind $0.02
fa3f2911: posts big blind $0.05
*** HOLE CARDS ***
Dealt to fa3f2911 
Dealt to c21e2c5c 
Dealt to c0960399 
Dealt to Hero [2c 4d]
Dealt to b3782378 
c21e2c5c: folds
c0960399: folds
Hero: folds
b3782378: folds
Uncalled bet ($0.03) returned to fa3f2911
*** SHOWDOWN ***
fa3f2911 collected $0.04 from pot
*** SUMMARY ***
Total pot $0.04 | Rake $0 | Jackpot $0 | Bingo $0 | Fortune $0
Seat 1: fa3f2911 (big blind) collected ($0.04)
Seat 3: c21e2c5c folded before Flop (didn't bet)
Seat 4: c0960399 folded before Flop (didn't bet)
Seat 5: Hero (button) folded before Flop (didn't bet)
Seat 6: b3782378 (small blind) folded before Flop


Poker Hand #HD1175938188: Hold'em No Limit  ($0.02/$0.05) - 2023/03/25 22:59:23
Table 'NLHBlue133' 6-max Seat #4 is the button
Seat 1: fa3f2911 ($5 in chips)
Seat 3: c21e2c5c ($3.42 in chips)
Seat 4: c0960399 ($5 in chips)
Seat 5: Hero ($5.86 in chips)
Seat 6: b3782378 ($9.47 in chips)
Hero: posts small blind $0.02
b3782378: posts big blind $0.05
*** HOLE CARDS ***
Dealt to fa3f2911 
Dealt to c21e2c5c 
Dealt to c0960399 
Dealt to Hero [4s 6d]
Dealt to b3782378 
fa3f2911: folds
c21e2c5c: folds
c0960399: raises $0.07 to $0.12
Hero: folds
b3782378: folds
Uncalled bet ($0.07) returned to c0960399
*** SHOWDOWN ***
c0960399 collected $0.12 from pot
*** SUMMARY ***
Total pot $0.12 | Rake $0 | Jackpot $0 | Bingo $0 | Fortune $0
Seat 1: fa3f2911 folded before Flop (didn't bet)
Seat 3: c21e2c5c folded before Flop (didn't bet)
Seat 4: c0960399 (button) collected ($0.12)
Seat 5: Hero (small blind) folded before Flop
Seat 6: b3782378 (big blind) folded before Flop


Poker Hand #HD1175937957: Hold'em No Limit  ($0.02/$0.05) - 2023/03/25 22:57:42
Table 'NLHBlue133' 6-max Seat #3 is the button
Seat 1: fa3f2911 ($5 in chips)
Seat 3: c21e2c5c ($3.07 in chips)
Seat 4: c0960399 ($5 in chips)
Seat 5: Hero ($5.96 in chips)
Seat 6: b3782378 ($9.73 in chips)
c0960399: posts small blind $0.02
Hero: posts big blind $0.05
*** HOLE CARDS ***
Dealt to fa3f2911 
Dealt to c21e2c5c 
Dealt to c0960399 
Dealt to Hero [7h 7c]
Dealt to b3782378 
b3782378: raises $0.05 to $0.1
fa3f2911: folds
c21e2c5c: calls $0.1
c0960399: folds
Hero: calls $0.05
*** FLOP *** [8s Jc 3s]
Hero: checks
b3782378: checks
c21e2c5c: checks
*** TURN *** [8s Jc 3s] [Qh]
Hero: checks
b3782378: checks
c21e2c5c: bets $0.16
Hero: folds
b3782378: calls $0.16
*** RIVER *** [8s Jc 3s Qh] [4d]
b3782378: checks
c21e2c5c: bets $0.74
b3782378: folds
Uncalled bet ($0.74) returned to c21e2c5c
*** SHOWDOWN ***
c21e2c5c collected $0.61 from pot
*** SUMMARY ***
Total pot $0.64 | Rake $0.03 | Jackpot $0 | Bingo $0 | Fortune $0
Board [8s Jc 3s Qh 4d]
Seat 1: fa3f2911 folded before Flop (didn't bet)
Seat 3: c21e2c5c (button) won ($0.61)
Seat 4: c0960399 (small blind) folded before Flop
Seat 5: Hero (big blind) folded on the Turn
Seat 6: b3782378 folded on the River


Poker Hand #HD1175937804: Hold'em No Limit  ($0.02/$0.05) - 2023/03/25 22:56:33
Table 'NLHBlue133' 6-max Seat #1 is the button
Seat 1: fa3f2911 ($5 in chips)
Seat 3: c21e2c5c ($3.09 in chips)
Seat 4: c0960399 ($5 in chips)
Seat 5: Hero ($5.96 in chips)
Seat 6: b3782378 ($9.31 in chips)
c21e2c5c: posts small blind $0.02
c0960399: posts big blind $0.05
*** HOLE CARDS ***
Dealt to fa3f2911 
Dealt to c21e2c5c 
Dealt to c0960399 
Dealt to Hero [Jh 4d]
Dealt to b3782378 
Hero: folds
b3782378: raises $0.05 to $0.1
fa3f2911: calls $0.1
c21e2c5c: folds
c0960399: calls $0.05
*** FLOP *** [Qd Ks 3s]
c0960399: checks
b3782378: bets $0.24
fa3f2911: calls $0.24
c0960399: folds
*** TURN *** [Qd Ks 3s] [2d]
b3782378: bets $0.8
fa3f2911: folds
Uncalled bet ($0.8) returned to b3782378
*** SHOWDOWN ***
b3782378 collected $0.76 from pot
*** SUMMARY ***
Total pot $0.8 | Rake $0.04 | Jackpot $0 | Bingo $0 | Fortune $0
Board [Qd Ks 3s 2d]
Seat 1: fa3f2911 (button) folded on the Turn
Seat 3: c21e2c5c (small blind) folded before Flop
Seat 4: c0960399 (big blind) folded on the Flop
Seat 5: Hero folded before Flop (didn't bet)
Seat 6: b3782378 won ($0.76)


Poker Hand #HD1175937768: Hold'em No Limit  ($0.02/$0.05) - 2023/03/25 22:56:18
Table 'NLHBlue133' 6-max Seat #6 is the button
Seat 1: fa3f2911 ($5 in chips)
Seat 3: c21e2c5c ($3.14 in chips)
Seat 4: c0960399 ($5 in chips)
Seat 5: Hero ($5.89 in chips)
Seat 6: b3782378 ($9.31 in chips)
fa3f2911: posts small blind $0.02
c21e2c5c: posts big blind $0.05
*** HOLE CARDS ***
Dealt to fa3f2911 
Dealt to c21e2c5c 
Dealt to c0960399 
Dealt to Hero [Td Jd]
Dealt to b3782378 
c0960399: folds
Hero: raises $0.07 to $0.12
b3782378: folds
fa3f2911: folds
c21e2c5c: folds
Uncalled bet ($0.07) returned to Hero
*** SHOWDOWN ***
Hero collected $0.12 from pot
*** SUMMARY ***
Total pot $0.12 | Rake $0 | Jackpot $0 | Bingo $0 | Fortune $0
Seat 1: fa3f2911 (small blind) folded before Flop
Seat 3: c21e2c5c (big blind) folded before Flop
Seat 4: c0960399 folded before Flop (didn't bet)
Seat 5: Hero collected ($0.12)
Seat 6: b3782378 (button) folded before Flop (didn't bet)


Poker Hand #HD1175937737: Hold'em No Limit  ($0.02/$0.05) - 2023/03/25 22:56:03
Table 'NLHBlue133' 6-max Seat #5 is the button
Seat 1: fa3f2911 ($5.03 in chips)
Seat 3: c21e2c5c ($3.07 in chips)
Seat 4: c0960399 ($5 in chips)
Seat 5: Hero ($5.89 in chips)
Seat 6: b3782378 ($9.33 in chips)
b3782378: posts small blind $0.02
fa3f2911: posts big blind $0.05
*** HOLE CARDS ***
Dealt to fa3f2911 
Dealt to c21e2c5c 
Dealt to c0960399 
Dealt to Hero [4s 2d]
Dealt to b3782378 
c21e2c5c: raises $0.08 to $0.13
c0960399: folds
Hero: folds
b3782378: folds
fa3f2911: folds
Uncalled bet ($0.08) returned to c21e2c5c
*** SHOWDOWN ***
c21e2c5c collected $0.12 from pot
*** SUMMARY ***
Total pot $0.12 | Rake $0 | Jackpot $0 | Bingo $0 | Fortune $0
Seat 1: fa3f2911 (big blind) folded before Flop
Seat 3: c21e2c5c collected ($0.12)
Seat 4: c0960399 folded before Flop (didn't bet)
Seat 5: Hero (button) folded before Flop (didn't bet)
Seat 6: b3782378 (small blind) folded before Flop


Poker Hand #HD1175937655: Hold'em No Limit  ($0.02/$0.05) - 2023/03/25 22:55:27
Table 'NLHBlue133' 6-max Seat #4 is the button
Seat 1: fa3f2911 ($5.03 in chips)
Seat 2: e9154fcc ($5.24 in chips)
Seat 3: c21e2c5c ($3.07 in chips)
Seat 4: c0960399 ($5 in chips)
Seat 5: Hero ($6.03 in chips)
Seat 6: b3782378 ($9.2 in chips)
Hero: posts small blind $0.02
b3782378: posts big blind $0.05
*** HOLE CARDS ***
Dealt to fa3f2911 
Dealt to e9154fcc 
Dealt to c21e2c5c 
Dealt to c0960399 
Dealt to Hero [Tc Kd]
Dealt to b3782378 
fa3f2911: folds
e9154fcc: folds
c21e2c5c: folds
c0960399: folds
Hero: raises $0.09 to $0.14
b3782378: raises $0.24 to $0.38
Hero: folds
Uncalled bet ($0.24) returned to b3782378
*** SHOWDOWN ***
b3782378 collected $0.27 from pot
*** SUMMARY ***
Total pot $0.28 | Rake $0.01 | Jackpot $0 | Bingo $0 | Fortune $0
Seat 1: fa3f2911 folded before Flop (didn't bet)
Seat 2: e9154fcc folded before Flop (didn't bet)
Seat 3: c21e2c5c folded before Flop (didn't bet)
Seat 4: c0960399 (button) folded before Flop (didn't bet)
Seat 5: Hero (small blind) folded before Flop
Seat 6: b3782378 (big blind) collected ($0.27)


Poker Hand #HD1175937584: Hold'em No Limit  ($0.02/$0.05) - 2023/03/25 22:54:50
Table 'NLHBlue133' 6-max Seat #3 is the button
Seat 1: fa3f2911 ($5.03 in chips)
Seat 2: e9154fcc ($5.24 in chips)
Seat 3: c21e2c5c ($3.07 in chips)
Seat 4: c0960399 ($5.02 in chips)
Seat 5: Hero ($5.84 in chips)
Seat 6: b3782378 ($9.2 in chips)
c0960399: posts small blind $0.02
Hero: posts big blind $0.05
*** HOLE CARDS ***
Dealt to fa3f2911 
Dealt to e9154fcc 
Dealt to c21e2c5c 
Dealt to c0960399 
Dealt to Hero [Jd 4d]
Dealt to b3782378 
b3782378: folds
fa3f2911: folds
e9154fcc: folds
c21e2c5c: folds
c0960399: raises $0.08 to $0.13
Hero: calls $0.08
*** FLOP *** [3c 8h Jc]
c0960399: bets $0.08
Hero: raises $0.2 to $0.28
c0960399: folds
Uncalled bet ($0.2) returned to Hero
*** SHOWDOWN ***
Hero collected $0.4 from pot
*** SUMMARY ***
Total pot $0.42 | Rake $0.02 | Jackpot $0 | Bingo $0 | Fortune $0
Board [3c 8h Jc]
Seat 1: fa3f2911 folded before Flop (didn't bet)
Seat 2: e9154fcc folded before Flop (didn't bet)
Seat 3: c21e2c5c (button) folded before Flop (didn't bet)
Seat 4: c0960399 (small blind) folded on the Flop
Seat 5: Hero (big blind) won ($0.4)
Seat 6: b3782378 folded before Flop (didn't bet)


Poker Hand #HD1175937544: Hold'em No Limit  ($0.02/$0.05) - 2023/03/25 22:54:29
Table 'NLHBlue133' 6-max Seat #2 is the button
Seat 1: fa3f2911 ($5.03 in chips)
Seat 2: e9154fcc ($5.24 in chips)
Seat 3: c21e2c5c ($3.09 in chips)
Seat 4: c0960399 ($5 in chips)
Seat 5: Hero ($5.84 in chips)
Seat 6: b3782378 ($9.2 in chips)
c21e2c5c: posts small blind $0.02
c0960399: posts big blind $0.05
*** HOLE CARDS ***
Dealt to fa3f2911 
Dealt to e9154fcc 
Dealt to c21e2c5c 
Dealt to c0960399 
Dealt to Hero [Kc 4c]
Dealt to b3782378 
Hero: folds
b3782378: folds
fa3f2911: folds
e9154fcc: folds
c21e2c5c: folds
Uncalled bet ($0.03) returned to c0960399
*** SHOWDOWN ***
c0960399 collected $0.04 from pot
*** SUMMARY ***
Total pot $0.04 | Rake $0 | Jackpot $0 | Bingo $0 | Fortune $0
Seat 1: fa3f2911 folded before Flop (didn't bet)
Seat 2: e9154fcc (button) folded before Flop (didn't bet)
Seat 3: c21e2c5c (small blind) folded before Flop
Seat 4: c0960399 (big blind) collected ($0.04)
Seat 5: Hero folded before Flop (didn't bet)
Seat 6: b3782378 folded before Flop (didn't bet)


Poker Hand #HD1175937442: Hold'em No Limit  ($0.02/$0.05) - 2023/03/25 22:53:50
Table 'NLHBlue133' 6-max Seat #1 is the button
Seat 1: fa3f2911 ($5.03 in chips)
Seat 2: e9154fcc ($5 in chips)
Seat 3: c21e2c5c ($3.14 in chips)
Seat 4: c0960399 ($5 in chips)
Seat 5: Hero ($5.84 in chips)
Seat 6: b3782378 ($9.3 in chips)
e9154fcc: posts small blind $0.02
c21e2c5c: posts big blind $0.05
*** HOLE CARDS ***
Dealt to fa3f2911 
Dealt to e9154fcc 
Dealt to c21e2c5c 
Dealt to c0960399 
Dealt to Hero [As 5d]
Dealt to b3782378 
c0960399: raises $0.05 to $0.1
Hero: folds
b3782378: calls $0.1
fa3f2911: folds
e9154fcc: calls $0.08
c21e2c5c: folds
*** FLOP *** [Kc 9s Ts]
e9154fcc: bets $0.27
c0960399: folds
b3782378: folds
Uncalled bet ($0.27) returned to e9154fcc
*** SHOWDOWN ***
e9154fcc collected $0.34 from pot
*** SUMMARY ***
Total pot $0.35 | Rake $0.01 | Jackpot $0 | Bingo $0 | Fortune $0
Board [Kc 9s Ts]
Seat 1: fa3f2911 (button) folded before Flop (didn't bet)
Seat 2: e9154fcc (small blind) won ($0.34)
Seat 3: c21e2c5c (big blind) folded before Flop
Seat 4: c0960399 folded on the Flop
Seat 5: Hero folded before Flop (didn't bet)
Seat 6: b3782378 folded on the Flop


Poker Hand #HD1175937369: Hold'em No Limit  ($0.02/$0.05) - 2023/03/25 22:53:17
Table 'NLHBlue133' 6-max Seat #6 is the button
Seat 1: fa3f2911 ($5.13 in chips)
Seat 2: e9154fcc ($5 in chips)
Seat 3: c21e2c5c ($3.14 in chips)
Seat 4: c0960399 ($5 in chips)
Seat 5: Hero ($5.84 in chips)
Seat 6: b3782378 ($9.16 in chips)
fa3f2911: posts small blind $0.02
e9154fcc: posts big blind $0.05
*** HOLE CARDS ***
Dealt to fa3f2911 
Dealt to e9154fcc 
Dealt to c21e2c5c 
Dealt to c0960399 
Dealt to Hero [Jh 7s]
Dealt to b3782378 
c21e2c5c: folds
c0960399: folds
Hero: folds
b3782378: raises $0.05 to $0.1
fa3f2911: calls $0.08
e9154fcc: folds
*** FLOP *** [3d 6s 6c]
fa3f2911: checks
b3782378: bets $0.07
fa3f2911: folds
Uncalled bet ($0.07) returned to b3782378
*** SHOWDOWN ***
b3782378 collected $0.24 from pot
*** SUMMARY ***
Total pot $0.25 | Rake $0.01 | Jackpot $0 | Bingo $0 | Fortune $0
Board [3d 6s 6c]
Seat 1: fa3f2911 (small blind) folded on the Flop
Seat 2: e9154fcc (big blind) folded before Flop
Seat 3: c21e2c5c folded before Flop (didn't bet)
Seat 4: c0960399 folded before Flop (didn't bet)
Seat 5: Hero folded before Flop (didn't bet)
Seat 6: b3782378 (button) won ($0.24)


Poker Hand #HD1175937223: Hold'em No Limit  ($0.02/$0.05) - 2023/03/25 22:52:19
Table 'NLHBlue133' 6-max Seat #5 is the button
Seat 1: fa3f2911 ($5.18 in chips)
Seat 2: e9154fcc ($5 in chips)
Seat 3: c21e2c5c ($3.14 in chips)
Seat 4: c0960399 ($5 in chips)
Seat 5: Hero ($5.84 in chips)
Seat 6: b3782378 ($8.96 in chips)
b3782378: posts small blind $0.02
fa3f2911: posts big blind $0.05
*** HOLE CARDS ***
Dealt to fa3f2911 
Dealt to e9154fcc 
Dealt to c21e2c5c 
Dealt to c0960399 
Dealt to Hero [9s Ah]
Dealt to b3782378 
e9154fcc: folds
c21e2c5c: folds
c0960399: raises $0.06 to $0.11
Hero: folds
b3782378: calls $0.09
fa3f2911: folds
*** FLOP *** [As Qd 7d]
b3782378: checks
c0960399: checks
*** TURN *** [As Qd 7d] [7s]
b3782378: bets $0.05
c0960399: calls $0.05
*** RIVER *** [As Qd 7d 7s] [Tc]
b3782378: bets $0.43
c0960399: folds
Uncalled bet ($0.43) returned to b3782378
*** SHOWDOWN ***
b3782378 collected $0.36 from pot
*** SUMMARY ***
Total pot $0.37 | Rake $0.01 | Jackpot $0 | Bingo $0 | Fortune $0
Board [As Qd 7d 7s Tc]
Seat 1: fa3f2911 (big blind) folded before Flop
Seat 2: e9154fcc folded before Flop (didn't bet)
Seat 3: c21e2c5c folded before Flop (didn't bet)
Seat 4: c0960399 folded on the River
Seat 5: Hero (button) folded before Flop (didn't bet)
Seat 6: b3782378 (small blind) won ($0.36)


Poker Hand #HD1175937052: Hold'em No Limit  ($0.02/$0.05) - 2023/03/25 22:50:56
Table 'NLHBlue133' 6-max Seat #4 is the button
Seat 1: fa3f2911 ($5.18 in chips)
Seat 2: e9154fcc ($5 in chips)
Seat 3: c21e2c5c ($3.46 in chips)
Seat 4: c0960399 ($5 in chips)
Seat 5: Hero ($5.86 in chips)
Seat 6: b3782378 ($8.65 in chips)
Hero: posts small blind $0.02
b3782378: posts big blind $0.05
*** HOLE CARDS ***
Dealt to fa3f2911 
Dealt to e9154fcc 
Dealt to c21e2c5c 
Dealt to c0960399 
Dealt to Hero [Ah 8d]
Dealt to b3782378 
fa3f2911: folds
e9154fcc: folds
c21e2c5c: raises $0.08 to $0.13
c0960399: folds
Hero: folds
b3782378: calls $0.08
*** FLOP *** [9s Ac 5d]
b3782378: checks
c21e2c5c: checks
*** TURN *** [9s Ac 5d] [5h]
b3782378: checks
c21e2c5c: checks
*** RIVER *** [9s Ac 5d 5h] [Th]
b3782378: bets $0.19
c21e2c5c: calls $0.19
b3782378: shows [7d Ad] (Pair of Aces and Pair of Fives)
c21e2c5c: shows [Ts Qd] (Pair of Tens and Pair of Fives)
*** SHOWDOWN ***
b3782378 collected $0.63 from pot
*** SUMMARY ***
Total pot $0.66 | Rake $0.03 | Jackpot $0 | Bingo $0 | Fortune $0
Board [9s Ac 5d 5h Th]
Seat 1: fa3f2911 folded before Flop (didn't bet)
Seat 2: e9154fcc folded before Flop (didn't bet)
Seat 3: c21e2c5c showed [Ts Qd] and lost with Pair of Tens and Pair of Fives
Seat 4: c0960399 (button) folded before Flop (didn't bet)
Seat 5: Hero (small blind) folded before Flop
Seat 6: b3782378 (big blind) showed [7d Ad] and won ($0.63) with Pair of Aces and Pair of Fives


Poker Hand #HD1175937017: Hold'em No Limit  ($0.02/$0.05) - 2023/03/25 22:50:39
Table 'NLHBlue133' 6-max Seat #3 is the button
Seat 1: fa3f2911 ($5.18 in chips)
Seat 2: e9154fcc ($5 in chips)
Seat 3: c21e2c5c ($3.39 in chips)
Seat 4: c0960399 ($5 in chips)
Seat 5: Hero ($5.91 in chips)
Seat 6: b3782378 ($8.65 in chips)
c0960399: posts small blind $0.02
Hero: posts big blind $0.05
*** HOLE CARDS ***
Dealt to fa3f2911 
Dealt to e9154fcc 
Dealt to c21e2c5c 
Dealt to c0960399 
Dealt to Hero [3h Jc]
Dealt to b3782378 
b3782378: folds
fa3f2911: folds
e9154fcc: folds
c21e2c5c: raises $0.08 to $0.13
c0960399: folds
Hero: folds
Uncalled bet ($0.08) returned to c21e2c5c
*** SHOWDOWN ***
c21e2c5c collected $0.12 from pot
*** SUMMARY ***
Total pot $0.12 | Rake $0 | Jackpot $0 | Bingo $0 | Fortune $0
Seat 1: fa3f2911 folded before Flop (didn't bet)
Seat 2: e9154fcc folded before Flop (didn't bet)
Seat 3: c21e2c5c (button) collected ($0.12)
Seat 4: c0960399 (small blind) folded before Flop
Seat 5: Hero (big blind) folded before Flop
Seat 6: b3782378 folded before Flop (didn't bet)


Poker Hand #HD1175936962: Hold'em No Limit  ($0.02/$0.05) - 2023/03/25 22:50:11
Table 'NLHBlue133' 6-max Seat #2 is the button
Seat 1: fa3f2911 ($5.18 in chips)
Seat 2: e9154fcc ($5 in chips)
Seat 3: c21e2c5c ($3.34 in chips)
Seat 4: c0960399 ($5.05 in chips)
Seat 5: Hero ($5.91 in chips)
Seat 6: b3782378 ($8.65 in chips)
c21e2c5c: posts small blind $0.02
c0960399: posts big blind $0.05
*** HOLE CARDS ***
Dealt to fa3f2911 
Dealt to e9154fcc 
Dealt to c21e2c5c 
Dealt to c0960399 
Dealt to Hero [Ah 2d]
Dealt to b3782378 
Hero: folds
b3782378: folds
fa3f2911: folds
e9154fcc: folds
c21e2c5c: raises $0.08 to $0.13
c0960399: folds
Uncalled bet ($0.08) returned to c21e2c5c
*** SHOWDOWN ***
c21e2c5c collected $0.1 from pot
*** SUMMARY ***
Total pot $0.1 | Rake $0 | Jackpot $0 | Bingo $0 | Fortune $0
Seat 1: fa3f2911 folded before Flop (didn't bet)
Seat 2: e9154fcc (button) folded before Flop (didn't bet)
Seat 3: c21e2c5c (small blind) collected ($0.1)
Seat 4: c0960399 (big blind) folded before Flop
Seat 5: Hero folded before Flop (didn't bet)
Seat 6: b3782378 folded before Flop (didn't bet)


Poker Hand #HD1175936754: Hold'em No Limit  ($0.02/$0.05) - 2023/03/25 22:48:32
Table 'NLHBlue133' 6-max Seat #1 is the button
Seat 1: fa3f2911 ($5.18 in chips)
Seat 2: e9154fcc ($5 in chips)
Seat 3: c21e2c5c ($2.95 in chips)
Seat 4: c0960399 ($5.05 in chips)
Seat 5: Hero ($5.91 in chips)
Seat 6: b3782378 ($9.06 in chips)
e9154fcc: posts small blind $0.02
c21e2c5c: posts big blind $0.05
*** HOLE CARDS ***
Dealt to fa3f2911 
Dealt to e9154fcc 
Dealt to c21e2c5c 
Dealt to c0960399 
Dealt to Hero [6h 5s]
Dealt to b3782378 
c0960399: folds
Hero: folds
b3782378: raises $0.06 to $0.11
fa3f2911: folds
e9154fcc: folds
c21e2c5c: calls $0.06
*** FLOP *** [As 2c 4s]
c21e2c5c: checks
b3782378: bets $0.05
c21e2c5c: calls $0.05
*** TURN *** [As 2c 4s] [5c]
c21e2c5c: checks
b3782378: bets $0.1
c21e2c5c: raises $0.15 to $0.25
b3782378: calls $0.15
*** RIVER *** [As 2c 4s 5c] [6d]
c21e2c5c: bets $2.54 and is all-in
b3782378: folds
Uncalled bet ($2.54) returned to c21e2c5c
b3782378: shows [4c 4h] (Three Fours)
*** SHOWDOWN ***
c21e2c5c collected $0.8 from pot
*** SUMMARY ***
Total pot $0.84 | Rake $0.04 | Jackpot $0 | Bingo $0 | Fortune $0
Board [As 2c 4s 5c 6d]
Seat 1: fa3f2911 (button) folded before Flop (didn't bet)
Seat 2: e9154fcc (small blind) folded before Flop
Seat 3: c21e2c5c (big blind) won ($0.8)
Seat 4: c0960399 folded before Flop (didn't bet)
Seat 5: Hero folded before Flop (didn't bet)
Seat 6: b3782378 folded on the River


Poker Hand #HD1175936718: Hold'em No Limit  ($0.02/$0.05) - 2023/03/25 22:48:13
Table 'NLHBlue133' 6-max Seat #6 is the button
Seat 1: fa3f2911 ($5.2 in chips)
Seat 2: e9154fcc ($5 in chips)
Seat 3: c21e2c5c ($2.88 in chips)
Seat 4: c0960399 ($5.05 in chips)
Seat 5: Hero ($5.91 in chips)
Seat 6: b3782378 ($9.06 in chips)
fa3f2911: posts small blind $0.02
e9154fcc: posts big blind $0.05
*** HOLE CARDS ***
Dealt to fa3f2911 
Dealt to e9154fcc 
Dealt to c21e2c5c 
Dealt to c0960399 
Dealt to Hero [4h 3h]
Dealt to b3782378 
c21e2c5c: raises $0.08 to $0.13
c0960399: folds
Hero: folds
b3782378: folds
fa3f2911: folds
e9154fcc: folds
Uncalled bet ($0.08) returned to c21e2c5c
*** SHOWDOWN ***
c21e2c5c collected $0.12 from pot
*** SUMMARY ***
Total pot $0.12 | Rake $0 | Jackpot $0 | Bingo $0 | Fortune $0
Seat 1: fa3f2911 (small blind) folded before Flop
Seat 2: e9154fcc (big blind) folded before Flop
Seat 3: c21e2c5c collected ($0.12)
Seat 4: c0960399 folded before Flop (didn't bet)
Seat 5: Hero folded before Flop (didn't bet)
Seat 6: b3782378 (button) folded before Flop (didn't bet)


Poker Hand #HD1175936674: Hold'em No Limit  ($0.02/$0.05) - 2023/03/25 22:47:54
Table 'NLHBlue133' 6-max Seat #5 is the button
Seat 1: fa3f2911 ($5.25 in chips)
Seat 2: e9154fcc ($5 in chips)
Seat 3: c21e2c5c ($2.88 in chips)
Seat 4: c0960399 ($5.05 in chips)
Seat 5: Hero ($5.91 in chips)
Seat 6: b3782378 ($9.01 in chips)
b3782378: posts small blind $0.02
fa3f2911: posts big blind $0.05
*** HOLE CARDS ***
Dealt to fa3f2911 
Dealt to e9154fcc 
Dealt to c21e2c5c 
Dealt to c0960399 
Dealt to Hero [4d Ks]
Dealt to b3782378 
e9154fcc: folds
c21e2c5c: folds
c0960399: folds
Hero: folds
b3782378: raises $0.05 to $0.1
fa3f2911: folds
Uncalled bet ($0.05) returned to b3782378
*** SHOWDOWN ***
b3782378 collected $0.1 from pot
*** SUMMARY ***
Total pot $0.1 | Rake $0 | Jackpot $0 | Bingo $0 | Fortune $0
Seat 1: fa3f2911 (big blind) folded before Flop
Seat 2: e9154fcc folded before Flop (didn't bet)
Seat 3: c21e2c5c folded before Flop (didn't bet)
Seat 4: c0960399 folded before Flop (didn't bet)
Seat 5: Hero (button) folded before Flop (didn't bet)
Seat 6: b3782378 (small blind) collected ($0.1)


Poker Hand #HD1175936580: Hold'em No Limit  ($0.02/$0.05) - 2023/03/25 22:47:07
Table 'NLHBlue133' 6-max Seat #4 is the button
Seat 1: fa3f2911 ($5.25 in chips)
Seat 2: e9154fcc ($5 in chips)
Seat 3: c21e2c5c ($2.88 in chips)
Seat 4: c0960399 ($5.05 in chips)
Seat 5: Hero ($5.65 in chips)
Seat 6: b3782378 ($9.29 in chips)
Hero: posts small blind $0.02
b3782378: posts big blind $0.05
*** HOLE CARDS ***
Dealt to fa3f2911 
Dealt to e9154fcc 
Dealt to c21e2c5c 
Dealt to c0960399 
Dealt to Hero [As 3s]
Dealt to b3782378 
fa3f2911: folds
e9154fcc: folds
c21e2c5c: folds
c0960399: folds
Hero: raises $0.09 to $0.14
b3782378: calls $0.09
*** FLOP *** [Qs 5h Ks]
Hero: bets $0.14
b3782378: calls $0.14
*** TURN *** [Qs 5h Ks] [2c]
Hero: bets $0.42
b3782378: folds
Uncalled bet ($0.42) returned to Hero
*** SHOWDOWN ***
Hero collected $0.54 from pot
*** SUMMARY ***
Total pot $0.56 | Rake $0.02 | Jackpot $0 | Bingo $0 | Fortune $0
Board [Qs 5h Ks 2c]
Seat 1: fa3f2911 folded before Flop (didn't bet)
Seat 2: e9154fcc folded before Flop (didn't bet)
Seat 3: c21e2c5c folded before Flop (didn't bet)
Seat 4: c0960399 (button) folded before Flop (didn't bet)
Seat 5: Hero (small blind) won ($0.54)
Seat 6: b3782378 (big blind) folded on the Turn


Poker Hand #HD1175936411: Hold'em No Limit  ($0.02/$0.05) - 2023/03/25 22:45:51
Table 'NLHBlue133' 6-max Seat #3 is the button
Seat 1: fa3f2911 ($5.25 in chips)
Seat 2: e9154fcc ($5 in chips)
Seat 3: c21e2c5c ($3.27 in chips)
Seat 4: c0960399 ($5.07 in chips)
Seat 5: Hero ($5.76 in chips)
Seat 6: b3782378 ($8.81 in chips)
c0960399: posts small blind $0.02
Hero: posts big blind $0.05
*** HOLE CARDS ***
Dealt to fa3f2911 
Dealt to e9154fcc 
Dealt to c21e2c5c 
Dealt to c0960399 
Dealt to Hero [Js Kh]
Dealt to b3782378 
b3782378: raises $0.06 to $0.11
fa3f2911: folds
e9154fcc: folds
c21e2c5c: calls $0.11
c0960399: folds
Hero: calls $0.06
*** FLOP *** [2h Tc 8h]
Hero: checks
b3782378: checks
c21e2c5c: checks
*** TURN *** [2h Tc 8h] [9d]
Hero: checks
b3782378: bets $0.28
c21e2c5c: calls $0.28
Hero: folds
*** RIVER *** [2h Tc 8h 9d] [5d]
b3782378: bets $0.75
c21e2c5c: folds
Uncalled bet ($0.75) returned to b3782378
*** SHOWDOWN ***
b3782378 collected $0.87 from pot
*** SUMMARY ***
Total pot $0.91 | Rake $0.04 | Jackpot $0 | Bingo $0 | Fortune $0
Board [2h Tc 8h 9d 5d]
Seat 1: fa3f2911 folded before Flop (didn't bet)
Seat 2: e9154fcc folded before Flop (didn't bet)
Seat 3: c21e2c5c (button) folded on the River
Seat 4: c0960399 (small blind) folded before Flop
Seat 5: Hero (big blind) folded on the Turn
Seat 6: b3782378 won ($0.87)


Poker Hand #HD1175936289: Hold'em No Limit  ($0.02/$0.05) - 2023/03/25 22:44:53
Table 'NLHBlue133' 6-max Seat #2 is the button
Seat 1: fa3f2911 ($5.94 in chips)
Seat 2: e9154fcc ($5 in chips)
Seat 3: c21e2c5c ($3.29 in chips)
Seat 4: c0960399 ($5.12 in chips)
Seat 5: Hero ($5 in chips)
Seat 6: b3782378 ($8.93 in chips)
c21e2c5c: posts small blind $0.02
c0960399: posts big blind $0.05
*** HOLE CARDS ***
Dealt to fa3f2911 
Dealt to e9154fcc 
Dealt to c21e2c5c 
Dealt to c0960399 
Dealt to Hero [9h Qh]
Dealt to b3782378 
Hero: raises $0.07 to $0.12
b3782378: calls $0.12
fa3f2911: calls $0.12
e9154fcc: folds
c21e2c5c: folds
c0960399: folds
*** FLOP *** [4h 5s 9c]
Hero: bets $0.15
b3782378: folds
fa3f2911: calls $0.15
*** TURN *** [4h 5s 9c] [2c]
Hero: checks
fa3f2911: bets $0.42
Hero: calls $0.42
*** RIVER *** [4h 5s 9c 2c] [7s]
Hero: checks
fa3f2911: checks
Hero: shows [9h Qh] (Pair of Nines)
fa3f2911: shows [7h 6h] (Pair of Sevens)
*** SHOWDOWN ***
Hero collected $1.45 from pot
*** SUMMARY ***
Total pot $1.57 | Rake $0.07 | Jackpot $0.05 | Bingo $0 | Fortune $0
Board [4h 5s 9c 2c 7s]
Seat 1: fa3f2911 showed [7h 6h] and lost with Pair of Sevens
Seat 2: e9154fcc (button) folded before Flop (didn't bet)
Seat 3: c21e2c5c (small blind) folded before Flop
Seat 4: c0960399 (big blind) folded before Flop
Seat 5: Hero showed [9h Qh] and won ($1.45) with Pair of Nines
Seat 6: b3782378 folded on the Flop


Poker Hand #HD1175936245: Hold'em No Limit  ($0.02/$0.05) - 2023/03/25 22:44:33
Table 'NLHBlue133' 6-max Seat #1 is the button
Seat 1: fa3f2911 ($5.94 in chips)
Seat 2: e9154fcc ($5 in chips)
Seat 3: c21e2c5c ($3.34 in chips)
Seat 4: c0960399 ($5.12 in chips)
Seat 5: Hero ($5 in chips)
Seat 6: b3782378 ($8.86 in chips)
e9154fcc: posts small blind $0.02
c21e2c5c: posts big blind $0.05
*** HOLE CARDS ***
Dealt to fa3f2911 
Dealt to e9154fcc 
Dealt to c21e2c5c 
Dealt to c0960399 
Dealt to Hero [9s 7s]
Dealt to b3782378 
c0960399: folds
Hero: folds
b3782378: raises $0.1 to $0.15
fa3f2911: folds
e9154fcc: folds
c21e2c5c: folds
Uncalled bet ($0.1) returned to b3782378
*** SHOWDOWN ***
b3782378 collected $0.12 from pot
*** SUMMARY ***
Total pot $0.12 | Rake $0 | Jackpot $0 | Bingo $0 | Fortune $0
Seat 1: fa3f2911 (button) folded before Flop (didn't bet)
Seat 2: e9154fcc (small blind) folded before Flop
Seat 3: c21e2c5c (big blind) folded before Flop
Seat 4: c0960399 folded before Flop (didn't bet)
Seat 5: Hero folded before Flop (didn't bet)
Seat 6: b3782378 collected ($0.12)


Poker Hand #HD1175936204: Hold'em No Limit  ($0.02/$0.05) - 2023/03/25 22:44:13
Table 'NLHBlue133' 6-max Seat #6 is the button
Seat 1: fa3f2911 ($5.89 in chips)
Seat 2: e9154fcc ($5 in chips)
Seat 3: c21e2c5c ($3.34 in chips)
Seat 4: c0960399 ($5.12 in chips)
Seat 5: Hero ($5 in chips)
Seat 6: b3782378 ($8.86 in chips)
fa3f2911: posts small blind $0.02
e9154fcc: posts big blind $0.05
*** HOLE CARDS ***
Dealt to fa3f2911 
Dealt to e9154fcc 
Dealt to c21e2c5c 
Dealt to c0960399 
Dealt to Hero [9c 2h]
Dealt to b3782378 
c21e2c5c: folds
c0960399: folds
Hero: folds
b3782378: folds
fa3f2911: raises $0.08 to $0.13
e9154fcc: folds
Uncalled bet ($0.08) returned to fa3f2911
*** SHOWDOWN ***
fa3f2911 collected $0.1 from pot
*** SUMMARY ***
Total pot $0.1 | Rake $0 | Jackpot $0 | Bingo $0 | Fortune $0
Seat 1: fa3f2911 (small blind) collected ($0.1)
Seat 2: e9154fcc (big blind) folded before Flop
Seat 3: c21e2c5c folded before Flop (didn't bet)
Seat 4: c0960399 folded before Flop (didn't bet)
Seat 5: Hero folded before Flop (didn't bet)
Seat 6: b3782378 (button) folded before Flop (didn't bet)


Poker Hand #HD1175936150: Hold'em No Limit  ($0.02/$0.05) - 2023/03/25 22:43:49
Table 'NLHBlue133' 6-max Seat #5 is the button
Seat 1: fa3f2911 ($5.94 in chips)
Seat 3: c21e2c5c ($3.27 in chips)
Seat 4: c0960399 ($5.12 in chips)
Seat 5: Hero ($5 in chips)
Seat 6: b3782378 ($8.88 in chips)
b3782378: posts small blind $0.02
fa3f2911: posts big blind $0.05
*** HOLE CARDS ***
Dealt to fa3f2911 
Dealt to c21e2c5c 
Dealt to c0960399 
Dealt to Hero [6d Ks]
Dealt to b3782378 
c21e2c5c: raises $0.08 to $0.13
c0960399: folds
Hero: folds
b3782378: folds
fa3f2911: folds
Uncalled bet ($0.08) returned to c21e2c5c
*** SHOWDOWN ***
c21e2c5c collected $0.12 from pot
*** SUMMARY ***
Total pot $0.12 | Rake $0 | Jackpot $0 | Bingo $0 | Fortune $0
Seat 1: fa3f2911 (big blind) folded before Flop
Seat 3: c21e2c5c collected ($0.12)
Seat 4: c0960399 folded before Flop (didn't bet)
Seat 5: Hero (button) folded before Flop (didn't bet)
Seat 6: b3782378 (small blind) folded before Flop


Poker Hand #HD1175936039: Hold'em No Limit  ($0.02/$0.05) - 2023/03/25 22:42:59
Table 'NLHBlue133' 6-max Seat #4 is the button
Seat 1: fa3f2911 ($5.94 in chips)
Seat 3: c21e2c5c ($3.13 in chips)
Seat 4: c0960399 ($5.12 in chips)
Seat 5: Hero ($5 in chips)
Seat 6: b3782378 ($9.01 in chips)
Hero: posts small blind $0.02
b3782378: posts big blind $0.05
*** HOLE CARDS ***
Dealt to fa3f2911 
Dealt to c21e2c5c 
Dealt to c0960399 
Dealt to Hero [Ts Jh]
Dealt to b3782378 
fa3f2911: folds
c21e2c5c: raises $0.08 to $0.13
c0960399: folds
Hero: folds
b3782378: calls $0.08
*** FLOP *** [7c 7d Kh]
b3782378: checks
c21e2c5c: checks
*** TURN *** [7c 7d Kh] [Js]
b3782378: checks
c21e2c5c: bets $0.1
b3782378: folds
Uncalled bet ($0.1) returned to c21e2c5c
*** SHOWDOWN ***
c21e2c5c collected $0.27 from pot
*** SUMMARY ***
Total pot $0.28 | Rake $0.01 | Jackpot $0 | Bingo $0 | Fortune $0
Board [7c 7d Kh Js]
Seat 1: fa3f2911 folded before Flop (didn't bet)
Seat 3: c21e2c5c won ($0.27)
Seat 4: c0960399 (button) folded before Flop (didn't bet)
Seat 5: Hero (small blind) folded before Flop
Seat 6: b3782378 (big blind) folded on the Turn


Poker Hand #HD1175935923: Hold'em No Limit  ($0.02/$0.05) - 2023/03/25 22:42:04
Table 'NLHBlue133' 6-max Seat #3 is the button
Seat 1: fa3f2911 ($5.94 in chips)
Seat 3: c21e2c5c ($3.13 in chips)
Seat 4: c0960399 ($5 in chips)
Seat 5: Hero ($5 in chips)
Seat 6: b3782378 ($9.01 in chips)
c0960399: posts small blind $0.02
Hero: posts big blind $0.05
*** HOLE CARDS ***
Dealt to fa3f2911 
Dealt to c21e2c5c 
Dealt to c0960399 
Dealt to Hero [9s Kd]
Dealt to b3782378 
b3782378: folds
fa3f2911: folds
c21e2c5c: folds
c0960399: raises $0.08 to $0.13
Hero: calls $0.08
*** FLOP *** [Ad 4h As]
c0960399: checks
Hero: checks
*** TURN *** [Ad 4h As] [8c]
c0960399: bets $0.2
Hero: folds
Uncalled bet ($0.2) returned to c0960399
*** SHOWDOWN ***
c0960399 collected $0.25 from pot
*** SUMMARY ***
Total pot $0.26 | Rake $0.01 | Jackpot $0 | Bingo $0 | Fortune $0
Board [Ad 4h As 8c]
Seat 1: fa3f2911 folded before Flop (didn't bet)
Seat 3: c21e2c5c (button) folded before Flop (didn't bet)
Seat 4: c0960399 (small blind) won ($0.25)
Seat 5: Hero (big blind) folded on the Turn
Seat 6: b3782378 folded before Flop (didn't bet)


Poker Hand #HD1175935856: Hold'em No Limit  ($0.02/$0.05) - 2023/03/25 22:41:35
Table 'NLHBlue133' 6-max Seat #1 is the button
Seat 1: fa3f2911 ($5.76 in chips)
Seat 3: c21e2c5c ($3.15 in chips)
Seat 4: c0960399 ($5.03 in chips)
Seat 5: Hero ($5.12 in chips)
Seat 6: b3782378 ($9.01 in chips)
c21e2c5c: posts small blind $0.02
c0960399: posts big blind $0.05
*** HOLE CARDS ***
Dealt to fa3f2911 
Dealt to c21e2c5c 
Dealt to c0960399 
Dealt to Hero [9c Tc]
Dealt to b3782378 
Hero: raises $0.07 to $0.12
b3782378: folds
fa3f2911: raises $0.34 to $0.46
c21e2c5c: folds
c0960399: folds
Hero: folds
Uncalled bet ($0.34) returned to fa3f2911
*** SHOWDOWN ***
fa3f2911 collected $0.3 from pot
*** SUMMARY ***
Total pot $0.31 | Rake $0.01 | Jackpot $0 | Bingo $0 | Fortune $0
Seat 1: fa3f2911 (button) collected ($0.3)
Seat 3: c21e2c5c (small blind) folded before Flop
Seat 4: c0960399 (big blind) folded before Flop
Seat 5: Hero folded before Flop
Seat 6: b3782378 folded before Flop (didn't bet)


Poker Hand #HD1175935705: Hold'em No Limit  ($0.02/$0.05) - 2023/03/25 22:40:24
Table 'NLHBlue133' 6-max Seat #6 is the button
Seat 1: fa3f2911 ($5.78 in chips)
Seat 3: c21e2c5c ($4.49 in chips)
Seat 4: c0960399 ($5.03 in chips)
Seat 5: Hero ($5.12 in chips)
Seat 6: b3782378 ($7.83 in chips)
fa3f2911: posts small blind $0.02
c21e2c5c: posts big blind $0.05
*** HOLE CARDS ***
Dealt to fa3f2911 
Dealt to c21e2c5c 
Dealt to c0960399 
Dealt to Hero [3h 2d]
Dealt to b3782378 
c0960399: folds
Hero: folds
b3782378: raises $0.05 to $0.1
fa3f2911: folds
c21e2c5c: raises $0.2 to $0.3
b3782378: raises $0.5 to $0.8
c21e2c5c: calls $0.5
*** FLOP *** [7d 2s 7s]
c21e2c5c: bets $0.54
b3782378: raises $6.49 to $7.03 and is all-in
c21e2c5c: folds
Uncalled bet ($6.49) returned to b3782378
*** SHOWDOWN ***
b3782378 collected $2.52 from pot
*** SUMMARY ***
Total pot $2.7 | Rake $0.13 | Jackpot $0.05 | Bingo $0 | Fortune $0
Board [7d 2s 7s]
Seat 1: fa3f2911 (small blind) folded before Flop
Seat 3: c21e2c5c (big blind) folded on the Flop
Seat 4: c0960399 folded before Flop (didn't bet)
Seat 5: Hero folded before Flop (didn't bet)
Seat 6: b3782378 (button) won ($2.52)


Poker Hand #HD1175935658: Hold'em No Limit  ($0.02/$0.05) - 2023/03/25 22:40:00
Table 'NLHBlue133' 6-max Seat #5 is the button
Seat 1: fa3f2911 ($5.76 in chips)
Seat 3: c21e2c5c ($4.49 in chips)
Seat 4: c0960399 ($5.03 in chips)
Seat 5: Hero ($5.12 in chips)
Seat 6: b3782378 ($7.85 in chips)
b3782378: posts small blind $0.02
fa3f2911: posts big blind $0.05
*** HOLE CARDS ***
Dealt to fa3f2911 
Dealt to c21e2c5c 
Dealt to c0960399 
Dealt to Hero [2c Td]
Dealt to b3782378 
c21e2c5c: folds
c0960399: folds
Hero: folds
b3782378: folds
Uncalled bet ($0.03) returned to fa3f2911
*** SHOWDOWN ***
fa3f2911 collected $0.04 from pot
*** SUMMARY ***
Total pot $0.04 | Rake $0 | Jackpot $0 | Bingo $0 | Fortune $0
Seat 1: fa3f2911 (big blind) collected ($0.04)
Seat 3: c21e2c5c folded before Flop (didn't bet)
Seat 4: c0960399 folded before Flop (didn't bet)
Seat 5: Hero (button) folded before Flop (didn't bet)
Seat 6: b3782378 (small blind) folded before Flop


Poker Hand #HD1175875609: Hold'em No Limit  ($0.02/$0.05) - 2023/03/25 22:39:40
Table 'NLHBlue133' 6-max Seat #4 is the button
Seat 1: fa3f2911 ($5.69 in chips)
Seat 3: c21e2c5c ($4.49 in chips)
Seat 4: c0960399 ($5.03 in chips)
Seat 5: Hero ($5.14 in chips)
Seat 6: b3782378 ($7.9 in chips)
Hero: posts small blind $0.02
b3782378: posts big blind $0.05
*** HOLE CARDS ***
Dealt to fa3f2911 
Dealt to c21e2c5c 
Dealt to c0960399 
Dealt to Hero [Tc 2d]
Dealt to b3782378 
fa3f2911: raises $0.1 to $0.15
c21e2c5c: folds
c0960399: folds
Hero: folds
b3782378: folds
Uncalled bet ($0.1) returned to fa3f2911
*** SHOWDOWN ***
fa3f2911 collected $0.12 from pot
*** SUMMARY ***
Total pot $0.12 | Rake $0 | Jackpot $0 | Bingo $0 | Fortune $0
Seat 1: fa3f2911 collected ($0.12)
Seat 3: c21e2c5c folded before Flop (didn't bet)
Seat 4: c0960399 (button) folded before Flop (didn't bet)
Seat 5: Hero (small blind) folded before Flop
Seat 6: b3782378 (big blind) folded before Flop


Poker Hand #HD1175875469: Hold'em No Limit  ($0.02/$0.05) - 2023/03/25 22:38:37
Table 'NLHBlue133' 6-max Seat #3 is the button
Seat 1: fa3f2911 ($5.69 in chips)
Seat 3: c21e2c5c ($4.62 in chips)
Seat 4: c0960399 ($5.05 in chips)
Seat 5: Hero ($5 in chips)
Seat 6: b3782378 ($7.9 in chips)
c0960399: posts small blind $0.02
Hero: posts big blind $0.05
*** HOLE CARDS ***
Dealt to fa3f2911 
Dealt to c21e2c5c 
Dealt to c0960399 
Dealt to Hero [Jc Jd]
Dealt to b3782378 
b3782378: folds
fa3f2911: folds
c21e2c5c: raises $0.08 to $0.13
c0960399: folds
Hero: raises $0.25 to $0.38
c21e2c5c: folds
Uncalled bet ($0.25) returned to Hero
*** SHOWDOWN ***
Hero collected $0.27 from pot
*** SUMMARY ***
Total pot $0.28 | Rake $0.01 | Jackpot $0 | Bingo $0 | Fortune $0
Seat 1: fa3f2911 folded before Flop (didn't bet)
Seat 3: c21e2c5c (button) folded before Flop
Seat 4: c0960399 (small blind) folded before Flop
Seat 5: Hero (big blind) collected ($0.27)
Seat 6: b3782378 folded before Flop (didn't bet)


