Poker Hand #HD1152814921: Hold'em No Limit  ($0.02/$0.05) - 2023/03/09 16:36:45
Table 'NLHBlue97' 6-max Seat #1 is the button
Seat 1: Hero ($5 in chips)
Seat 2: e654bd0e ($5.02 in chips)
Seat 3: 4c4b572e ($8.16 in chips)
Seat 4: bc864d5c ($5.92 in chips)
Seat 5: e5f65933 ($6.43 in chips)
Seat 6: cdcf23df ($5.26 in chips)
e654bd0e: posts small blind $0.02
4c4b572e: posts big blind $0.05
*** HOLE CARDS ***
Dealt to Hero [7s 9d]
Dealt to e654bd0e 
Dealt to 4c4b572e 
Dealt to bc864d5c 
Dealt to e5f65933 
Dealt to cdcf23df 
bc864d5c: folds
e5f65933: raises $0.08 to $0.13
cdcf23df: folds
Hero: folds
e654bd0e: folds
4c4b572e: folds
Uncalled bet ($0.08) returned to e5f65933
*** SHOWDOWN ***
e5f65933 collected $0.12 from pot
*** SUMMARY ***
Total pot $0.12 | Rake $0 | Jackpot $0 | Bingo $0 | Fortune $0
Seat 1: Hero (button) folded before Flop (didn't bet)
Seat 2: e654bd0e (small blind) folded before Flop
Seat 3: 4c4b572e (big blind) folded before Flop
Seat 4: bc864d5c folded before Flop (didn't bet)
Seat 5: e5f65933 collected ($0.12)
Seat 6: cdcf23df folded before Flop (didn't bet)


Poker Hand #HD1152814869: Hold'em No Limit  ($0.02/$0.05) - 2023/03/09 16:36:27
Table 'NLHBlue97' 6-max Seat #6 is the button
Seat 1: Hero ($5 in chips)
Seat 2: e654bd0e ($5 in chips)
Seat 3: 4c4b572e ($8.16 in chips)
Seat 4: bc864d5c ($5.92 in chips)
Seat 5: e5f65933 ($6.43 in chips)
Seat 6: cdcf23df ($5.26 in chips)
Hero: posts small blind $0.02
e654bd0e: posts big blind $0.05
*** HOLE CARDS ***
Dealt to Hero [7h 9d]
Dealt to e654bd0e 
Dealt to 4c4b572e 
Dealt to bc864d5c 
Dealt to e5f65933 
Dealt to cdcf23df 
4c4b572e: folds
bc864d5c: folds
e5f65933: folds
cdcf23df: folds
Hero: folds
Uncalled bet ($0.03) returned to e654bd0e
*** SHOWDOWN ***
e654bd0e collected $0.04 from pot
*** SUMMARY ***
Total pot $0.04 | Rake $0 | Jackpot $0 | Bingo $0 | Fortune $0
Seat 1: Hero (small blind) folded before Flop
Seat 2: e654bd0e (big blind) collected ($0.04)
Seat 3: 4c4b572e folded before Flop (didn't bet)
Seat 4: bc864d5c folded before Flop (didn't bet)
Seat 5: e5f65933 folded before Flop (didn't bet)
Seat 6: cdcf23df (button) folded before Flop (didn't bet)


Poker Hand #HD1152814820: Hold'em No Limit  ($0.02/$0.05) - 2023/03/09 16:36:07
Table 'NLHBlue97' 6-max Seat #5 is the button
Seat 1: Hero ($5 in chips)
Seat 3: 4c4b572e ($8.16 in chips)
Seat 4: bc864d5c ($5.92 in chips)
Seat 5: e5f65933 ($6.36 in chips)
Seat 6: cdcf23df ($5.28 in chips)
cdcf23df: posts small blind $0.02
Hero: posts big blind $0.05
*** HOLE CARDS ***
Dealt to Hero [4s 9c]
Dealt to 4c4b572e 
Dealt to bc864d5c 
Dealt to e5f65933 
Dealt to cdcf23df 
4c4b572e: folds
bc864d5c: folds
e5f65933: raises $0.08 to $0.13
cdcf23df: folds
Hero: folds
Uncalled bet ($0.08) returned to e5f65933
*** SHOWDOWN ***
e5f65933 collected $0.12 from pot
*** SUMMARY ***
Total pot $0.12 | Rake $0 | Jackpot $0 | Bingo $0 | Fortune $0
Seat 1: Hero (big blind) folded before Flop
Seat 3: 4c4b572e folded before Flop (didn't bet)
Seat 4: bc864d5c folded before Flop (didn't bet)
Seat 5: e5f65933 (button) collected ($0.12)
Seat 6: cdcf23df (small blind) folded before Flop


