Poker Hand #HD1157499583: Hold'em No Limit  ($0.02/$0.05) - 2023/03/12 22:00:15
Table 'NLHBlue18' 6-max Seat #4 is the button
Seat 1: Hero ($5.59 in chips)
Seat 2: 17650002 ($5.21 in chips)
Seat 3: 3b9a0b3e ($5.26 in chips)
Seat 4: 43e0b568 ($6.73 in chips)
Seat 5: 71550302 ($5.81 in chips)
Seat 6: 94ab905c ($4.41 in chips)
71550302: posts small blind $0.02
94ab905c: posts big blind $0.05
*** HOLE CARDS ***
Dealt to Hero [9h 3d]
Dealt to 17650002 
Dealt to 3b9a0b3e 
Dealt to 43e0b568 
Dealt to 71550302 
Dealt to 94ab905c 
Hero: folds
17650002: folds
3b9a0b3e: folds
43e0b568: folds
71550302: raises $0.08 to $0.13
94ab905c: folds
Uncalled bet ($0.08) returned to 71550302
*** SHOWDOWN ***
71550302 collected $0.1 from pot
*** SUMMARY ***
Total pot $0.1 | Rake $0 | Jackpot $0 | Bingo $0 | Fortune $0
Seat 1: Hero folded before Flop (didn't bet)
Seat 2: 17650002 folded before Flop (didn't bet)
Seat 3: 3b9a0b3e folded before Flop (didn't bet)
Seat 4: 43e0b568 (button) folded before Flop (didn't bet)
Seat 5: 71550302 (small blind) collected ($0.1)
Seat 6: 94ab905c (big blind) folded before Flop


Poker Hand #HD1157499526: Hold'em No Limit  ($0.02/$0.05) - 2023/03/12 21:59:48
Table 'NLHBlue18' 6-max Seat #3 is the button
Seat 1: Hero ($5.59 in chips)
Seat 2: 17650002 ($5.14 in chips)
Seat 3: 3b9a0b3e ($5.26 in chips)
Seat 4: 43e0b568 ($6.75 in chips)
Seat 5: 71550302 ($5.86 in chips)
Seat 6: 94ab905c ($4.41 in chips)
43e0b568: posts small blind $0.02
71550302: posts big blind $0.05
*** HOLE CARDS ***
Dealt to Hero [3c 7s]
Dealt to 17650002 
Dealt to 3b9a0b3e 
Dealt to 43e0b568 
Dealt to 71550302 
Dealt to 94ab905c 
94ab905c: folds
Hero: folds
17650002: raises $0.1 to $0.15
3b9a0b3e: folds
43e0b568: folds
71550302: folds
Uncalled bet ($0.1) returned to 17650002
*** SHOWDOWN ***
17650002 collected $0.12 from pot
*** SUMMARY ***
Total pot $0.12 | Rake $0 | Jackpot $0 | Bingo $0 | Fortune $0
Seat 1: Hero folded before Flop (didn't bet)
Seat 2: 17650002 collected ($0.12)
Seat 3: 3b9a0b3e (button) folded before Flop (didn't bet)
Seat 4: 43e0b568 (small blind) folded before Flop
Seat 5: 71550302 (big blind) folded before Flop
Seat 6: 94ab905c folded before Flop (didn't bet)


Poker Hand #HD1157499491: Hold'em No Limit  ($0.02/$0.05) - 2023/03/12 21:59:34
Table 'NLHBlue18' 6-max Seat #2 is the button
Seat 1: Hero ($5.52 in chips)
Seat 2: 17650002 ($5.14 in chips)
Seat 3: 3b9a0b3e ($5.28 in chips)
Seat 4: 43e0b568 ($6.8 in chips)
Seat 5: 71550302 ($5.86 in chips)
Seat 6: 94ab905c ($4.41 in chips)
3b9a0b3e: posts small blind $0.02
43e0b568: posts big blind $0.05
*** HOLE CARDS ***
Dealt to Hero [5h 6h]
Dealt to 17650002 
Dealt to 3b9a0b3e 
Dealt to 43e0b568 
Dealt to 71550302 
Dealt to 94ab905c 
71550302: folds
94ab905c: folds
Hero: raises $0.07 to $0.12
17650002: folds
3b9a0b3e: folds
43e0b568: folds
Uncalled bet ($0.07) returned to Hero
*** SHOWDOWN ***
Hero collected $0.12 from pot
*** SUMMARY ***
Total pot $0.12 | Rake $0 | Jackpot $0 | Bingo $0 | Fortune $0
Seat 1: Hero collected ($0.12)
Seat 2: 17650002 (button) folded before Flop (didn't bet)
Seat 3: 3b9a0b3e (small blind) folded before Flop
Seat 4: 43e0b568 (big blind) folded before Flop
Seat 5: 71550302 folded before Flop (didn't bet)
Seat 6: 94ab905c folded before Flop (didn't bet)


Poker Hand #HD1157499358: Hold'em No Limit  ($0.02/$0.05) - 2023/03/12 21:58:38
Table 'NLHBlue18' 6-max Seat #1 is the button
Seat 1: Hero ($5.52 in chips)
Seat 2: 17650002 ($5 in chips)
Seat 3: 3b9a0b3e ($5.43 in chips)
Seat 4: 43e0b568 ($6.8 in chips)
Seat 5: 71550302 ($5.86 in chips)
Seat 6: 94ab905c ($4.41 in chips)
17650002: posts small blind $0.02
3b9a0b3e: posts big blind $0.05
*** HOLE CARDS ***
Dealt to Hero [Kh 3c]
Dealt to 17650002 
Dealt to 3b9a0b3e 
Dealt to 43e0b568 
Dealt to 71550302 
Dealt to 94ab905c 
43e0b568: folds
71550302: folds
94ab905c: folds
Hero: folds
17650002: raises $0.1 to $0.15
3b9a0b3e: calls $0.1
*** FLOP *** [8d 6s 4s]
17650002: checks
3b9a0b3e: checks
*** TURN *** [8d 6s 4s] [2s]
17650002: bets $0.23
3b9a0b3e: folds
Uncalled bet ($0.23) returned to 17650002
*** SHOWDOWN ***
17650002 collected $0.29 from pot
*** SUMMARY ***
Total pot $0.3 | Rake $0.01 | Jackpot $0 | Bingo $0 | Fortune $0
Board [8d 6s 4s 2s]
Seat 1: Hero (button) folded before Flop (didn't bet)
Seat 2: 17650002 (small blind) won ($0.29)
Seat 3: 3b9a0b3e (big blind) folded on the Turn
Seat 4: 43e0b568 folded before Flop (didn't bet)
Seat 5: 71550302 folded before Flop (didn't bet)
Seat 6: 94ab905c folded before Flop (didn't bet)


Poker Hand #HD1157499256: Hold'em No Limit  ($0.02/$0.05) - 2023/03/12 21:57:50
Table 'NLHBlue18' 6-max Seat #6 is the button
Seat 1: Hero ($5 in chips)
Seat 2: 17650002 ($5.02 in chips)
Seat 3: 3b9a0b3e ($5.43 in chips)
Seat 4: 43e0b568 ($6.8 in chips)
Seat 5: 71550302 ($5.86 in chips)
Seat 6: 94ab905c ($4.93 in chips)
Hero: posts small blind $0.02
17650002: posts big blind $0.05
*** HOLE CARDS ***
Dealt to Hero [Qh Qd]
Dealt to 17650002 
Dealt to 3b9a0b3e 
Dealt to 43e0b568 
Dealt to 71550302 
Dealt to 94ab905c 
3b9a0b3e: folds
43e0b568: folds
71550302: folds
94ab905c: raises $0.06 to $0.11
Hero: raises $0.41 to $0.52
17650002: folds
94ab905c: calls $0.41
*** FLOP *** [Ts Jc Js]
Hero: bets $0.36
94ab905c: folds
Uncalled bet ($0.36) returned to Hero
*** SHOWDOWN ***
Hero collected $1.04 from pot
*** SUMMARY ***
Total pot $1.09 | Rake $0.05 | Jackpot $0 | Bingo $0 | Fortune $0
Board [Ts Jc Js]
Seat 1: Hero (small blind) won ($1.04)
Seat 2: 17650002 (big blind) folded before Flop
Seat 3: 3b9a0b3e folded before Flop (didn't bet)
Seat 4: 43e0b568 folded before Flop (didn't bet)
Seat 5: 71550302 folded before Flop (didn't bet)
Seat 6: 94ab905c (button) folded on the Flop


Poker Hand #HD1157499230: Hold'em No Limit  ($0.02/$0.05) - 2023/03/12 21:57:34
Table 'NLHBlue18' 6-max Seat #5 is the button
Seat 1: Hero ($5.05 in chips)
Seat 2: 17650002 ($5.02 in chips)
Seat 3: 3b9a0b3e ($5.43 in chips)
Seat 4: 43e0b568 ($6.8 in chips)
Seat 5: 71550302 ($5.79 in chips)
Seat 6: 94ab905c ($4.95 in chips)
94ab905c: posts small blind $0.02
Hero: posts big blind $0.05
*** HOLE CARDS ***
Dealt to Hero [Kh 7s]
Dealt to 17650002 
Dealt to 3b9a0b3e 
Dealt to 43e0b568 
Dealt to 71550302 
Dealt to 94ab905c 
17650002: folds
3b9a0b3e: folds
43e0b568: folds
71550302: raises $0.08 to $0.13
94ab905c: folds
Hero: folds
Uncalled bet ($0.08) returned to 71550302
*** SHOWDOWN ***
71550302 collected $0.12 from pot
*** SUMMARY ***
Total pot $0.12 | Rake $0 | Jackpot $0 | Bingo $0 | Fortune $0
Seat 1: Hero (big blind) folded before Flop
Seat 2: 17650002 folded before Flop (didn't bet)
Seat 3: 3b9a0b3e folded before Flop (didn't bet)
Seat 4: 43e0b568 folded before Flop (didn't bet)
Seat 5: 71550302 (button) collected ($0.12)
Seat 6: 94ab905c (small blind) folded before Flop


Poker Hand #HD1157499196: Hold'em No Limit  ($0.02/$0.05) - 2023/03/12 21:57:16
Table 'NLHBlue18' 6-max Seat #4 is the button
Seat 1: Hero ($5.05 in chips)
Seat 2: 17650002 ($5.02 in chips)
Seat 3: 3b9a0b3e ($5.43 in chips)
Seat 4: 43e0b568 ($6.8 in chips)
Seat 5: 71550302 ($5.74 in chips)
Seat 6: 94ab905c ($5 in chips)
71550302: posts small blind $0.02
94ab905c: posts big blind $0.05
*** HOLE CARDS ***
Dealt to Hero [9h 3c]
Dealt to 17650002 
Dealt to 3b9a0b3e 
Dealt to 43e0b568 
Dealt to 71550302 
Dealt to 94ab905c 
Hero: folds
17650002: folds
3b9a0b3e: folds
43e0b568: folds
71550302: raises $0.08 to $0.13
94ab905c: folds
Uncalled bet ($0.08) returned to 71550302
*** SHOWDOWN ***
71550302 collected $0.1 from pot
*** SUMMARY ***
Total pot $0.1 | Rake $0 | Jackpot $0 | Bingo $0 | Fortune $0
Seat 1: Hero folded before Flop (didn't bet)
Seat 2: 17650002 folded before Flop (didn't bet)
Seat 3: 3b9a0b3e folded before Flop (didn't bet)
Seat 4: 43e0b568 (button) folded before Flop (didn't bet)
Seat 5: 71550302 (small blind) collected ($0.1)
Seat 6: 94ab905c (big blind) folded before Flop


Poker Hand #HD1157499048: Hold'em No Limit  ($0.02/$0.05) - 2023/03/12 21:56:08
Table 'NLHBlue18' 6-max Seat #3 is the button
Seat 1: Hero ($5.05 in chips)
Seat 2: 17650002 ($5.02 in chips)
Seat 3: 3b9a0b3e ($5.43 in chips)
Seat 4: 43e0b568 ($7.5 in chips)
Seat 5: 71550302 ($5.11 in chips)
43e0b568: posts small blind $0.02
71550302: posts big blind $0.05
*** HOLE CARDS ***
Dealt to Hero [Tc 4h]
Dealt to 17650002 
Dealt to 3b9a0b3e 
Dealt to 43e0b568 
Dealt to 71550302 
Hero: folds
17650002: folds
3b9a0b3e: folds
43e0b568: raises $0.1 to $0.15
71550302: calls $0.1
*** FLOP *** [Jc Js Qd]
43e0b568: bets $0.15
71550302: calls $0.15
*** TURN *** [Jc Js Qd] [9s]
43e0b568: checks
71550302: checks
*** RIVER *** [Jc Js Qd 9s] [4d]
43e0b568: checks
71550302: bets $0.4
43e0b568: calls $0.4
71550302: shows [Ks Qh] (Pair of Queens and Pair of Jacks)
43e0b568: shows [Qc 8c] (Pair of Queens and Pair of Jacks)
*** SHOWDOWN ***
71550302 collected $1.33 from pot
*** SUMMARY ***
Total pot $1.4 | Rake $0.07 | Jackpot $0 | Bingo $0 | Fortune $0
Board [Jc Js Qd 9s 4d]
Seat 1: Hero folded before Flop (didn't bet)
Seat 2: 17650002 folded before Flop (didn't bet)
Seat 3: 3b9a0b3e (button) folded before Flop (didn't bet)
Seat 4: 43e0b568 (small blind) showed [Qc 8c] and lost with Pair of Queens and Pair of Jacks
Seat 5: 71550302 (big blind) showed [Ks Qh] and won ($1.33) with Pair of Queens and Pair of Jacks


Poker Hand #HD1157498968: Hold'em No Limit  ($0.02/$0.05) - 2023/03/12 21:55:31
Table 'NLHBlue18' 6-max Seat #2 is the button
Seat 1: Hero ($5.05 in chips)
Seat 2: 17650002 ($5.02 in chips)
Seat 3: 3b9a0b3e ($5.29 in chips)
Seat 4: 43e0b568 ($7.65 in chips)
Seat 5: 71550302 ($5.11 in chips)
3b9a0b3e: posts small blind $0.02
43e0b568: posts big blind $0.05
*** HOLE CARDS ***
Dealt to Hero [4h Ts]
Dealt to 17650002 
Dealt to 3b9a0b3e 
Dealt to 43e0b568 
Dealt to 71550302 
71550302: folds
Hero: folds
17650002: folds
3b9a0b3e: raises $0.1 to $0.15
43e0b568: calls $0.1
*** FLOP *** [7c Qd 2h]
3b9a0b3e: bets $0.2
43e0b568: folds
Uncalled bet ($0.2) returned to 3b9a0b3e
*** SHOWDOWN ***
3b9a0b3e collected $0.29 from pot
*** SUMMARY ***
Total pot $0.3 | Rake $0.01 | Jackpot $0 | Bingo $0 | Fortune $0
Board [7c Qd 2h]
Seat 1: Hero folded before Flop (didn't bet)
Seat 2: 17650002 (button) folded before Flop (didn't bet)
Seat 3: 3b9a0b3e (small blind) won ($0.29)
Seat 4: 43e0b568 (big blind) folded on the Flop
Seat 5: 71550302 folded before Flop (didn't bet)


Poker Hand #HD1157498945: Hold'em No Limit  ($0.02/$0.05) - 2023/03/12 21:55:21
Table 'NLHBlue18' 6-max Seat #1 is the button
Seat 1: Hero ($5.05 in chips)
Seat 2: 17650002 ($5 in chips)
Seat 3: 3b9a0b3e ($5.27 in chips)
Seat 4: 43e0b568 ($7.65 in chips)
Seat 5: 71550302 ($5.11 in chips)
17650002: posts small blind $0.02
3b9a0b3e: posts big blind $0.05
*** HOLE CARDS ***
Dealt to Hero [3s 7h]
Dealt to 17650002 
Dealt to 3b9a0b3e 
Dealt to 43e0b568 
Dealt to 71550302 
43e0b568: folds
71550302: folds
Hero: folds
17650002: folds
Uncalled bet ($0.03) returned to 3b9a0b3e
*** SHOWDOWN ***
3b9a0b3e collected $0.04 from pot
*** SUMMARY ***
Total pot $0.04 | Rake $0 | Jackpot $0 | Bingo $0 | Fortune $0
Seat 1: Hero (button) folded before Flop (didn't bet)
Seat 2: 17650002 (small blind) folded before Flop
Seat 3: 3b9a0b3e (big blind) collected ($0.04)
Seat 4: 43e0b568 folded before Flop (didn't bet)
Seat 5: 71550302 folded before Flop (didn't bet)


Poker Hand #HD1157498887: Hold'em No Limit  ($0.02/$0.05) - 2023/03/12 21:54:54
Table 'NLHBlue18' 6-max Seat #5 is the button
Seat 1: Hero ($5.07 in chips)
Seat 2: 17650002 ($5 in chips)
Seat 3: 3b9a0b3e ($5.27 in chips)
Seat 4: 43e0b568 ($7.65 in chips)
Seat 5: 71550302 ($5 in chips)
Hero: posts small blind $0.02
17650002: posts big blind $0.05
*** HOLE CARDS ***
Dealt to Hero [2c 3s]
Dealt to 17650002 
Dealt to 3b9a0b3e 
Dealt to 43e0b568 
Dealt to 71550302 
3b9a0b3e: folds
43e0b568: folds
71550302: raises $0.05 to $0.1
Hero: folds
17650002: calls $0.05
*** FLOP *** [Kc 7c Tc]
17650002: checks
71550302: bets $0.08
17650002: folds
Uncalled bet ($0.08) returned to 71550302
*** SHOWDOWN ***
71550302 collected $0.21 from pot
*** SUMMARY ***
Total pot $0.22 | Rake $0.01 | Jackpot $0 | Bingo $0 | Fortune $0
Board [Kc 7c Tc]
Seat 1: Hero (small blind) folded before Flop
Seat 2: 17650002 (big blind) folded on the Flop
Seat 3: 3b9a0b3e folded before Flop (didn't bet)
Seat 4: 43e0b568 folded before Flop (didn't bet)
Seat 5: 71550302 (button) won ($0.21)


Poker Hand #HD1157498817: Hold'em No Limit  ($0.02/$0.05) - 2023/03/12 21:54:13
Table 'NLHBlue18' 6-max Seat #4 is the button
Seat 1: Hero ($5.12 in chips)
Seat 2: 17650002 ($5.07 in chips)
Seat 3: 3b9a0b3e ($5.27 in chips)
Seat 4: 43e0b568 ($7.44 in chips)
Seat 5: 71550302 ($5 in chips)
71550302: posts small blind $0.02
Hero: posts big blind $0.05
*** HOLE CARDS ***
Dealt to Hero [Td Jh]
Dealt to 17650002 
Dealt to 3b9a0b3e 
Dealt to 43e0b568 
Dealt to 71550302 
17650002: raises $0.1 to $0.15
3b9a0b3e: folds
43e0b568: calls $0.15
71550302: folds
Hero: folds
*** FLOP *** [7d 4c 3s]
17650002: checks
43e0b568: bets $0.19
17650002: folds
Uncalled bet ($0.19) returned to 43e0b568
*** SHOWDOWN ***
43e0b568 collected $0.36 from pot
*** SUMMARY ***
Total pot $0.37 | Rake $0.01 | Jackpot $0 | Bingo $0 | Fortune $0
Board [7d 4c 3s]
Seat 1: Hero (big blind) folded before Flop
Seat 2: 17650002 folded on the Flop
Seat 3: 3b9a0b3e folded before Flop (didn't bet)
Seat 4: 43e0b568 (button) won ($0.36)
Seat 5: 71550302 (small blind) folded before Flop


Poker Hand #HD1157498783: Hold'em No Limit  ($0.02/$0.05) - 2023/03/12 21:53:58
Table 'NLHBlue18' 6-max Seat #3 is the button
Seat 1: Hero ($5.12 in chips)
Seat 2: 17650002 ($5 in chips)
Seat 3: 3b9a0b3e ($5.27 in chips)
Seat 4: 43e0b568 ($7.46 in chips)
Seat 5: 71550302 ($5.05 in chips)
Seat 6: c63e17fe ($5.03 in chips)
43e0b568: posts small blind $0.02
71550302: posts big blind $0.05
*** HOLE CARDS ***
Dealt to Hero [6h 8s]
Dealt to 17650002 
Dealt to 3b9a0b3e 
Dealt to 43e0b568 
Dealt to 71550302 
Dealt to c63e17fe 
c63e17fe: folds
Hero: folds
17650002: raises $0.1 to $0.15
3b9a0b3e: folds
43e0b568: folds
71550302: folds
Uncalled bet ($0.1) returned to 17650002
*** SHOWDOWN ***
17650002 collected $0.12 from pot
*** SUMMARY ***
Total pot $0.12 | Rake $0 | Jackpot $0 | Bingo $0 | Fortune $0
Seat 1: Hero folded before Flop (didn't bet)
Seat 2: 17650002 collected ($0.12)
Seat 3: 3b9a0b3e (button) folded before Flop (didn't bet)
Seat 4: 43e0b568 (small blind) folded before Flop
Seat 5: 71550302 (big blind) folded before Flop
Seat 6: c63e17fe folded before Flop (didn't bet)


Poker Hand #HD1157498751: Hold'em No Limit  ($0.02/$0.05) - 2023/03/12 21:53:43
Table 'NLHBlue18' 6-max Seat #2 is the button
Seat 1: Hero ($5.05 in chips)
Seat 2: 17650002 ($5 in chips)
Seat 3: 3b9a0b3e ($5.29 in chips)
Seat 4: 43e0b568 ($7.51 in chips)
Seat 5: 71550302 ($5.05 in chips)
Seat 6: c63e17fe ($5.03 in chips)
3b9a0b3e: posts small blind $0.02
43e0b568: posts big blind $0.05
*** HOLE CARDS ***
Dealt to Hero [3c Ah]
Dealt to 17650002 
Dealt to 3b9a0b3e 
Dealt to 43e0b568 
Dealt to 71550302 
Dealt to c63e17fe 
71550302: folds
c63e17fe: folds
Hero: raises $0.07 to $0.12
17650002: folds
3b9a0b3e: folds
43e0b568: folds
Uncalled bet ($0.07) returned to Hero
*** SHOWDOWN ***
Hero collected $0.12 from pot
*** SUMMARY ***
Total pot $0.12 | Rake $0 | Jackpot $0 | Bingo $0 | Fortune $0
Seat 1: Hero collected ($0.12)
Seat 2: 17650002 (button) folded before Flop (didn't bet)
Seat 3: 3b9a0b3e (small blind) folded before Flop
Seat 4: 43e0b568 (big blind) folded before Flop
Seat 5: 71550302 folded before Flop (didn't bet)
Seat 6: c63e17fe folded before Flop (didn't bet)


Poker Hand #HD1157498704: Hold'em No Limit  ($0.02/$0.05) - 2023/03/12 21:53:26
Table 'NLHBlue18' 6-max Seat #1 is the button
Seat 1: Hero ($5.05 in chips)
Seat 2: 17650002 ($5 in chips)
Seat 3: 3b9a0b3e ($5.27 in chips)
Seat 4: 43e0b568 ($7.51 in chips)
Seat 5: 71550302 ($5.05 in chips)
Seat 6: c63e17fe ($5.03 in chips)
17650002: posts small blind $0.02
3b9a0b3e: posts big blind $0.05
*** HOLE CARDS ***
Dealt to Hero [2c Td]
Dealt to 17650002 
Dealt to 3b9a0b3e 
Dealt to 43e0b568 
Dealt to 71550302 
Dealt to c63e17fe 
43e0b568: folds
71550302: folds
c63e17fe: folds
Hero: folds
17650002: folds
Uncalled bet ($0.03) returned to 3b9a0b3e
*** SHOWDOWN ***
3b9a0b3e collected $0.04 from pot
*** SUMMARY ***
Total pot $0.04 | Rake $0 | Jackpot $0 | Bingo $0 | Fortune $0
Seat 1: Hero (button) folded before Flop (didn't bet)
Seat 2: 17650002 (small blind) folded before Flop
Seat 3: 3b9a0b3e (big blind) collected ($0.04)
Seat 4: 43e0b568 folded before Flop (didn't bet)
Seat 5: 71550302 folded before Flop (didn't bet)
Seat 6: c63e17fe folded before Flop (didn't bet)


Poker Hand #HD1157498669: Hold'em No Limit  ($0.02/$0.05) - 2023/03/12 21:53:06
Table 'NLHBlue18' 6-max Seat #6 is the button
Seat 1: Hero ($5 in chips)
Seat 2: 17650002 ($5 in chips)
Seat 3: 3b9a0b3e ($5.27 in chips)
Seat 4: 43e0b568 ($7.51 in chips)
Seat 5: 71550302 ($5.05 in chips)
Seat 6: c63e17fe ($5.03 in chips)
Hero: posts small blind $0.02
17650002: posts big blind $0.05
*** HOLE CARDS ***
Dealt to Hero [4h Kh]
Dealt to 17650002 
Dealt to 3b9a0b3e 
Dealt to 43e0b568 
Dealt to 71550302 
Dealt to c63e17fe 
3b9a0b3e: folds
43e0b568: folds
71550302: folds
c63e17fe: folds
Hero: raises $0.09 to $0.14
17650002: folds
Uncalled bet ($0.09) returned to Hero
*** SHOWDOWN ***
Hero collected $0.1 from pot
*** SUMMARY ***
Total pot $0.1 | Rake $0 | Jackpot $0 | Bingo $0 | Fortune $0
Seat 1: Hero (small blind) collected ($0.1)
Seat 2: 17650002 (big blind) folded before Flop
Seat 3: 3b9a0b3e folded before Flop (didn't bet)
Seat 4: 43e0b568 folded before Flop (didn't bet)
Seat 5: 71550302 folded before Flop (didn't bet)
Seat 6: c63e17fe (button) folded before Flop (didn't bet)


Poker Hand #HD1157498605: Hold'em No Limit  ($0.02/$0.05) - 2023/03/12 21:52:35
Table 'NLHBlue18' 6-max Seat #5 is the button
Seat 1: Hero ($5 in chips)
Seat 2: 17650002 ($5 in chips)
Seat 3: 3b9a0b3e ($5.11 in chips)
Seat 4: 43e0b568 ($7.51 in chips)
Seat 5: 71550302 ($5.05 in chips)
Seat 6: c63e17fe ($5.05 in chips)
c63e17fe: posts small blind $0.02
Hero: posts big blind $0.05
*** HOLE CARDS ***
Dealt to Hero [Jh Ks]
Dealt to 17650002 
Dealt to 3b9a0b3e 
Dealt to 43e0b568 
Dealt to 71550302 
Dealt to c63e17fe 
17650002: folds
3b9a0b3e: raises $0.1 to $0.15
43e0b568: folds
71550302: folds
c63e17fe: folds
Hero: calls $0.1
*** FLOP *** [Td 2c 8h]
Hero: checks
3b9a0b3e: bets $0.21
Hero: folds
Uncalled bet ($0.21) returned to 3b9a0b3e
*** SHOWDOWN ***
3b9a0b3e collected $0.31 from pot
*** SUMMARY ***
Total pot $0.32 | Rake $0.01 | Jackpot $0 | Bingo $0 | Fortune $0
Board [Td 2c 8h]
Seat 1: Hero (big blind) folded on the Flop
Seat 2: 17650002 folded before Flop (didn't bet)
Seat 3: 3b9a0b3e won ($0.31)
Seat 4: 43e0b568 folded before Flop (didn't bet)
Seat 5: 71550302 (button) folded before Flop (didn't bet)
Seat 6: c63e17fe (small blind) folded before Flop


Poker Hand #HD1157498533: Hold'em No Limit  ($0.02/$0.05) - 2023/03/12 21:51:59
Table 'NLHBlue18' 6-max Seat #4 is the button
Seat 1: Hero ($5 in chips)
Seat 2: 17650002 ($5 in chips)
Seat 3: 3b9a0b3e ($5.11 in chips)
Seat 4: 43e0b568 ($7.51 in chips)
Seat 5: 71550302 ($5 in chips)
Seat 6: c63e17fe ($5 in chips)
71550302: posts small blind $0.02
c63e17fe: posts big blind $0.05
*** HOLE CARDS ***
Dealt to Hero [6h 9c]
Dealt to 17650002 
Dealt to 3b9a0b3e 
Dealt to 43e0b568 
Dealt to 71550302 
Dealt to c63e17fe 
Hero: folds
17650002: folds
3b9a0b3e: folds
43e0b568: folds
71550302: calls $0.03
c63e17fe: checks
*** FLOP *** [Kc Kh 9d]
71550302: checks
c63e17fe: checks
*** TURN *** [Kc Kh 9d] [9h]
71550302: bets $0.05
c63e17fe: folds
Uncalled bet ($0.05) returned to 71550302
*** SHOWDOWN ***
71550302 collected $0.1 from pot
*** SUMMARY ***
Total pot $0.1 | Rake $0 | Jackpot $0 | Bingo $0 | Fortune $0
Board [Kc Kh 9d 9h]
Seat 1: Hero folded before Flop (didn't bet)
Seat 2: 17650002 folded before Flop (didn't bet)
Seat 3: 3b9a0b3e folded before Flop (didn't bet)
Seat 4: 43e0b568 (button) folded before Flop (didn't bet)
Seat 5: 71550302 (small blind) won ($0.1)
Seat 6: c63e17fe (big blind) folded on the Turn


Poker Hand #HD1157498457: Hold'em No Limit  ($0.02/$0.05) - 2023/03/12 21:51:21
Table 'NLHBlue18' 6-max Seat #3 is the button
Seat 1: Hero ($5 in chips)
Seat 2: 17650002 ($5 in chips)
Seat 3: 3b9a0b3e ($5.11 in chips)
Seat 4: 43e0b568 ($7.32 in chips)
Seat 5: 71550302 ($5 in chips)
43e0b568: posts small blind $0.02
71550302: posts big blind $0.05
*** HOLE CARDS ***
Dealt to Hero [4c 4d]
Dealt to 17650002 
Dealt to 3b9a0b3e 
Dealt to 43e0b568 
Dealt to 71550302 
Hero: folds
17650002: raises $0.1 to $0.15
3b9a0b3e: folds
43e0b568: raises $0.55 to $0.7
71550302: folds
17650002: folds
Uncalled bet ($0.55) returned to 43e0b568
*** SHOWDOWN ***
43e0b568 collected $0.34 from pot
*** SUMMARY ***
Total pot $0.35 | Rake $0.01 | Jackpot $0 | Bingo $0 | Fortune $0
Seat 1: Hero folded before Flop (didn't bet)
Seat 2: 17650002 folded before Flop
Seat 3: 3b9a0b3e (button) folded before Flop (didn't bet)
Seat 4: 43e0b568 (small blind) collected ($0.34)
Seat 5: 71550302 (big blind) folded before Flop


Poker Hand #HD1157498343: Hold'em No Limit  ($0.02/$0.05) - 2023/03/12 21:50:23
Table 'NLHBlue18' 6-max Seat #2 is the button
Seat 1: Hero ($5 in chips)
Seat 2: 17650002 ($5.14 in chips)
Seat 3: 3b9a0b3e ($5.13 in chips)
Seat 4: 43e0b568 ($6.86 in chips)
3b9a0b3e: posts small blind $0.02
43e0b568: posts big blind $0.05
*** HOLE CARDS ***
Dealt to Hero [8c Ks]
Dealt to 17650002 
Dealt to 3b9a0b3e 
Dealt to 43e0b568 
Hero: folds
17650002: raises $0.08 to $0.13
3b9a0b3e: folds
43e0b568: calls $0.08
*** FLOP *** [Ad 7c As]
43e0b568: checks
17650002: bets $0.1
43e0b568: calls $0.1
*** TURN *** [Ad 7c As] [7h]
43e0b568: checks
17650002: checks
*** RIVER *** [Ad 7c As 7h] [Jc]
43e0b568: bets $0.25
17650002: calls $0.25
43e0b568: shows [5d 7d] (Sevens Full over Aces)
17650002: shows [Tc Js] (Pair of Aces and Pair of Jacks)
*** SHOWDOWN ***
43e0b568 collected $0.94 from pot
*** SUMMARY ***
Total pot $0.98 | Rake $0.04 | Jackpot $0 | Bingo $0 | Fortune $0
Board [Ad 7c As 7h Jc]
Seat 1: Hero folded before Flop (didn't bet)
Seat 2: 17650002 (button) showed [Tc Js] and lost with Pair of Aces and Pair of Jacks
Seat 3: 3b9a0b3e (small blind) folded before Flop
Seat 4: 43e0b568 (big blind) showed [5d 7d] and won ($0.94) with Sevens Full over Aces


Poker Hand #HD1157498293: Hold'em No Limit  ($0.02/$0.05) - 2023/03/12 21:50:02
Table 'NLHBlue18' 6-max Seat #1 is the button
Seat 1: Hero ($5.06 in chips)
Seat 2: 17650002 ($5.16 in chips)
Seat 3: 3b9a0b3e ($5 in chips)
Seat 4: 43e0b568 ($6.86 in chips)
17650002: posts small blind $0.02
3b9a0b3e: posts big blind $0.05
*** HOLE CARDS ***
Dealt to Hero [2c As]
Dealt to 17650002 
Dealt to 3b9a0b3e 
Dealt to 43e0b568 
43e0b568: folds
Hero: raises $0.07 to $0.12
17650002: folds
3b9a0b3e: raises $0.41 to $0.53
Hero: folds
Uncalled bet ($0.41) returned to 3b9a0b3e
*** SHOWDOWN ***
3b9a0b3e collected $0.25 from pot
*** SUMMARY ***
Total pot $0.26 | Rake $0.01 | Jackpot $0 | Bingo $0 | Fortune $0
Seat 1: Hero (button) folded before Flop
Seat 2: 17650002 (small blind) folded before Flop
Seat 3: 3b9a0b3e (big blind) collected ($0.25)
Seat 4: 43e0b568 folded before Flop (didn't bet)


Poker Hand #HD1157498276: Hold'em No Limit  ($0.02/$0.05) - 2023/03/12 21:49:53
Table 'NLHBlue18' 6-max Seat #4 is the button
Seat 1: Hero ($5.08 in chips)
Seat 2: 17650002 ($5.14 in chips)
Seat 4: 43e0b568 ($6.86 in chips)
Hero: posts small blind $0.02
17650002: posts big blind $0.05
*** HOLE CARDS ***
Dealt to Hero [7c 3s]
Dealt to 17650002 
Dealt to 43e0b568 
43e0b568: folds
Hero: folds
Uncalled bet ($0.03) returned to 17650002
*** SHOWDOWN ***
17650002 collected $0.04 from pot
*** SUMMARY ***
Total pot $0.04 | Rake $0 | Jackpot $0 | Bingo $0 | Fortune $0
Seat 1: Hero (small blind) folded before Flop
Seat 2: 17650002 (big blind) collected ($0.04)
Seat 4: 43e0b568 (button) folded before Flop (didn't bet)


Poker Hand #HD1157498141: Hold'em No Limit  ($0.02/$0.05) - 2023/03/12 21:48:47
Table 'NLHBlue18' 6-max Seat #2 is the button
Seat 1: Hero ($5.08 in chips)
Seat 2: 17650002 ($5.14 in chips)
Seat 4: 43e0b568 ($5.14 in chips)
Seat 5: 5d964030 ($1.96 in chips)
43e0b568: posts small blind $0.02
5d964030: posts big blind $0.05
*** HOLE CARDS ***
Dealt to Hero [9h 5c]
Dealt to 17650002 
Dealt to 43e0b568 
Dealt to 5d964030 
Hero: folds
17650002: folds
43e0b568: raises $0.1 to $0.15
5d964030: calls $0.1
*** FLOP *** [Js Kc 7d]
43e0b568: checks
5d964030: checks
*** TURN *** [Js Kc 7d] [Qd]
43e0b568: bets $0.15
5d964030: raises $0.3 to $0.45
43e0b568: raises $0.9 to $1.35
5d964030: raises $0.46 to $1.81 and is all-in
43e0b568: calls $0.46
5d964030: shows [Kd 2d] (Pair of Kings)
43e0b568: shows [Qh Qs] (Three Queens)
*** RIVER *** [Js Kc 7d Qd] [Ks]
*** SHOWDOWN ***
43e0b568 collected $3.68 from pot
*** SUMMARY ***
Total pot $3.92 | Rake $0.19 | Jackpot $0.05 | Bingo $0 | Fortune $0
Board [Js Kc 7d Qd Ks]
Seat 1: Hero folded before Flop (didn't bet)
Seat 2: 17650002 (button) folded before Flop (didn't bet)
Seat 4: 43e0b568 (small blind) showed [Qh Qs] and won ($3.68) with Queens Full over Kings
Seat 5: 5d964030 (big blind) showed [Kd 2d] and lost with Three Kings


Poker Hand #HD1157498080: Hold'em No Limit  ($0.02/$0.05) - 2023/03/12 21:48:20
Table 'NLHBlue18' 6-max Seat #1 is the button
Seat 1: Hero ($5.08 in chips)
Seat 2: 17650002 ($5.16 in chips)
Seat 4: 43e0b568 ($5.29 in chips)
Seat 5: 5d964030 ($1.8 in chips)
17650002: posts small blind $0.02
43e0b568: posts big blind $0.05
*** HOLE CARDS ***
Dealt to Hero [Qd 6c]
Dealt to 17650002 
Dealt to 43e0b568 
Dealt to 5d964030 
5d964030: raises $0.1 to $0.15
Hero: folds
17650002: folds
43e0b568: calls $0.1
*** FLOP *** [Qh As 2c]
43e0b568: checks
5d964030: bets $0.16
43e0b568: folds
Uncalled bet ($0.16) returned to 5d964030
*** SHOWDOWN ***
5d964030 collected $0.31 from pot
*** SUMMARY ***
Total pot $0.32 | Rake $0.01 | Jackpot $0 | Bingo $0 | Fortune $0
Board [Qh As 2c]
Seat 1: Hero (button) folded before Flop (didn't bet)
Seat 2: 17650002 (small blind) folded before Flop
Seat 4: 43e0b568 (big blind) folded on the Flop
Seat 5: 5d964030 won ($0.31)


Poker Hand #HD1157497969: Hold'em No Limit  ($0.02/$0.05) - 2023/03/12 21:47:29
Table 'NLHBlue18' 6-max Seat #5 is the button
Seat 1: Hero ($5.1 in chips)
Seat 2: 17650002 ($5 in chips)
Seat 3: 31ccffbe ($4.63 in chips)
Seat 4: 43e0b568 ($5.29 in chips)
Seat 5: 5d964030 ($1.8 in chips)
Hero: posts small blind $0.02
17650002: posts big blind $0.05
*** HOLE CARDS ***
Dealt to Hero [5h 8d]
Dealt to 17650002 
Dealt to 31ccffbe 
Dealt to 43e0b568 
Dealt to 5d964030 
31ccffbe: raises $0.1 to $0.15
43e0b568: folds
5d964030: folds
Hero: folds
17650002: calls $0.1
*** FLOP *** [6s 3d 9s]
17650002: checks
31ccffbe: checks
*** TURN *** [6s 3d 9s] [5s]
17650002: bets $0.11
31ccffbe: folds
Uncalled bet ($0.11) returned to 17650002
*** SHOWDOWN ***
17650002 collected $0.31 from pot
*** SUMMARY ***
Total pot $0.32 | Rake $0.01 | Jackpot $0 | Bingo $0 | Fortune $0
Board [6s 3d 9s 5s]
Seat 1: Hero (small blind) folded before Flop
Seat 2: 17650002 (big blind) won ($0.31)
Seat 3: 31ccffbe folded on the Turn
Seat 4: 43e0b568 folded before Flop (didn't bet)
Seat 5: 5d964030 (button) folded before Flop (didn't bet)


Poker Hand #HD1157497907: Hold'em No Limit  ($0.02/$0.05) - 2023/03/12 21:46:54
Table 'NLHBlue18' 6-max Seat #4 is the button
Seat 1: Hero ($5.25 in chips)
Seat 2: 17650002 ($5 in chips)
Seat 3: 31ccffbe ($4.63 in chips)
Seat 4: 43e0b568 ($5.29 in chips)
Seat 5: 5d964030 ($1.66 in chips)
5d964030: posts small blind $0.02
Hero: posts big blind $0.05
*** HOLE CARDS ***
Dealt to Hero [9h Kc]
Dealt to 17650002 
Dealt to 31ccffbe 
Dealt to 43e0b568 
Dealt to 5d964030 
17650002: folds
31ccffbe: folds
43e0b568: folds
5d964030: raises $0.1 to $0.15
Hero: calls $0.1
*** FLOP *** [Ac 3s Ah]
5d964030: checks
Hero: checks
*** TURN *** [Ac 3s Ah] [Qs]
5d964030: checks
Hero: checks
*** RIVER *** [Ac 3s Ah Qs] [6d]
5d964030: bets $0.15
Hero: folds
Uncalled bet ($0.15) returned to 5d964030
*** SHOWDOWN ***
5d964030 collected $0.29 from pot
*** SUMMARY ***
Total pot $0.3 | Rake $0.01 | Jackpot $0 | Bingo $0 | Fortune $0
Board [Ac 3s Ah Qs 6d]
Seat 1: Hero (big blind) folded on the River
Seat 2: 17650002 folded before Flop (didn't bet)
Seat 3: 31ccffbe folded before Flop (didn't bet)
Seat 4: 43e0b568 (button) folded before Flop (didn't bet)
Seat 5: 5d964030 (small blind) won ($0.29)


Poker Hand #HD1157497771: Hold'em No Limit  ($0.02/$0.05) - 2023/03/12 21:45:54
Table 'NLHBlue18' 6-max Seat #3 is the button
Seat 1: Hero ($5.25 in chips)
Seat 2: 17650002 ($5 in chips)
Seat 3: 31ccffbe ($4.63 in chips)
Seat 4: 43e0b568 ($5.02 in chips)
Seat 5: 5d964030 ($1.96 in chips)
43e0b568: posts small blind $0.02
5d964030: posts big blind $0.05
*** HOLE CARDS ***
Dealt to Hero [8c Jh]
Dealt to 17650002 
Dealt to 31ccffbe 
Dealt to 43e0b568 
Dealt to 5d964030 
Hero: folds
17650002: folds
31ccffbe: folds
43e0b568: raises $0.1 to $0.15
5d964030: calls $0.1
*** FLOP *** [Qd Qs 5d]
43e0b568: checks
5d964030: bets $0.15
43e0b568: calls $0.15
*** TURN *** [Qd Qs 5d] [4s]
43e0b568: checks
5d964030: checks
*** RIVER *** [Qd Qs 5d 4s] [Tc]
43e0b568: bets $0.45
5d964030: folds
Uncalled bet ($0.45) returned to 43e0b568
*** SHOWDOWN ***
43e0b568 collected $0.57 from pot
*** SUMMARY ***
Total pot $0.6 | Rake $0.03 | Jackpot $0 | Bingo $0 | Fortune $0
Board [Qd Qs 5d 4s Tc]
Seat 1: Hero folded before Flop (didn't bet)
Seat 2: 17650002 folded before Flop (didn't bet)
Seat 3: 31ccffbe (button) folded before Flop (didn't bet)
Seat 4: 43e0b568 (small blind) won ($0.57)
Seat 5: 5d964030 (big blind) folded on the River


Poker Hand #HD1157497724: Hold'em No Limit  ($0.02/$0.05) - 2023/03/12 21:45:30
Table 'NLHBlue18' 6-max Seat #2 is the button
Seat 1: Hero ($5.25 in chips)
Seat 2: 17650002 ($5 in chips)
Seat 3: 31ccffbe ($4.65 in chips)
Seat 4: 43e0b568 ($5 in chips)
Seat 5: 5d964030 ($1.96 in chips)
31ccffbe: posts small blind $0.02
43e0b568: posts big blind $0.05
*** HOLE CARDS ***
Dealt to Hero [5h 8c]
Dealt to 17650002 
Dealt to 31ccffbe 
Dealt to 43e0b568 
Dealt to 5d964030 
5d964030: folds
Hero: folds
17650002: folds
31ccffbe: folds
Uncalled bet ($0.03) returned to 43e0b568
*** SHOWDOWN ***
43e0b568 collected $0.04 from pot
*** SUMMARY ***
Total pot $0.04 | Rake $0 | Jackpot $0 | Bingo $0 | Fortune $0
Seat 1: Hero folded before Flop (didn't bet)
Seat 2: 17650002 (button) folded before Flop (didn't bet)
Seat 3: 31ccffbe (small blind) folded before Flop
Seat 4: 43e0b568 (big blind) collected ($0.04)
Seat 5: 5d964030 folded before Flop (didn't bet)


Poker Hand #HD1157497694: Hold'em No Limit  ($0.02/$0.05) - 2023/03/12 21:45:17
Table 'NLHBlue18' 6-max Seat #1 is the button
Seat 1: Hero ($5.25 in chips)
Seat 2: 17650002 ($5.02 in chips)
Seat 3: 31ccffbe ($4.63 in chips)
Seat 4: 43e0b568 ($5 in chips)
Seat 5: 5d964030 ($1.96 in chips)
17650002: posts small blind $0.02
31ccffbe: posts big blind $0.05
*** HOLE CARDS ***
Dealt to Hero [7s 3c]
Dealt to 17650002 
Dealt to 31ccffbe 
Dealt to 43e0b568 
Dealt to 5d964030 
43e0b568: folds
5d964030: folds
Hero: folds
17650002: folds
Uncalled bet ($0.03) returned to 31ccffbe
*** SHOWDOWN ***
31ccffbe collected $0.04 from pot
*** SUMMARY ***
Total pot $0.04 | Rake $0 | Jackpot $0 | Bingo $0 | Fortune $0
Seat 1: Hero (button) folded before Flop (didn't bet)
Seat 2: 17650002 (small blind) folded before Flop
Seat 3: 31ccffbe (big blind) collected ($0.04)
Seat 4: 43e0b568 folded before Flop (didn't bet)
Seat 5: 5d964030 folded before Flop (didn't bet)


Poker Hand #HD1157497532: Hold'em No Limit  ($0.02/$0.05) - 2023/03/12 21:43:58
Table 'NLHBlue18' 6-max Seat #5 is the button
Seat 1: Hero ($5.27 in chips)
Seat 2: 17650002 ($5.07 in chips)
Seat 3: 31ccffbe ($4.97 in chips)
Seat 4: 43e0b568 ($5 in chips)
Seat 5: 5d964030 ($1.58 in chips)
Hero: posts small blind $0.02
17650002: posts big blind $0.05
*** HOLE CARDS ***
Dealt to Hero [2c 8d]
Dealt to 17650002 
Dealt to 31ccffbe 
Dealt to 43e0b568 
Dealt to 5d964030 
31ccffbe: raises $0.1 to $0.15
43e0b568: folds
5d964030: calls $0.15
Hero: folds
17650002: folds
*** FLOP *** [9h Td 9c]
31ccffbe: checks
5d964030: checks
*** TURN *** [9h Td 9c] [7d]
31ccffbe: bets $0.19
5d964030: calls $0.19
*** RIVER *** [9h Td 9c 7d] [4s]
31ccffbe: checks
5d964030: bets $0.38
31ccffbe: folds
Uncalled bet ($0.38) returned to 5d964030
*** SHOWDOWN ***
5d964030 collected $0.72 from pot
*** SUMMARY ***
Total pot $0.75 | Rake $0.03 | Jackpot $0 | Bingo $0 | Fortune $0
Board [9h Td 9c 7d 4s]
Seat 1: Hero (small blind) folded before Flop
Seat 2: 17650002 (big blind) folded before Flop
Seat 3: 31ccffbe folded on the River
Seat 4: 43e0b568 folded before Flop (didn't bet)
Seat 5: 5d964030 (button) won ($0.72)


Poker Hand #HD1157497419: Hold'em No Limit  ($0.02/$0.05) - 2023/03/12 21:43:03
Table 'NLHBlue18' 6-max Seat #4 is the button
Seat 1: Hero ($5 in chips)
Seat 2: 17650002 ($5.07 in chips)
Seat 3: 31ccffbe ($4.97 in chips)
Seat 4: 43e0b568 ($5.12 in chips)
Seat 5: 5d964030 ($1.6 in chips)
5d964030: posts small blind $0.02
Hero: posts big blind $0.05
*** HOLE CARDS ***
Dealt to Hero [9d 8d]
Dealt to 17650002 
Dealt to 31ccffbe 
Dealt to 43e0b568 
Dealt to 5d964030 
17650002: folds
31ccffbe: folds
43e0b568: raises $0.08 to $0.13
5d964030: folds
Hero: calls $0.08
*** FLOP *** [2h 8s Qd]
Hero: checks
43e0b568: checks
*** TURN *** [2h 8s Qd] [2d]
Hero: bets $0.14
43e0b568: calls $0.14
*** RIVER *** [2h 8s Qd 2d] [4s]
Hero: bets $0.28
43e0b568: folds
Uncalled bet ($0.28) returned to Hero
*** SHOWDOWN ***
Hero collected $0.54 from pot
*** SUMMARY ***
Total pot $0.56 | Rake $0.02 | Jackpot $0 | Bingo $0 | Fortune $0
Board [2h 8s Qd 2d 4s]
Seat 1: Hero (big blind) won ($0.54)
Seat 2: 17650002 folded before Flop (didn't bet)
Seat 3: 31ccffbe folded before Flop (didn't bet)
Seat 4: 43e0b568 (button) folded on the River
Seat 5: 5d964030 (small blind) folded before Flop


