Poker Hand #HD1194984921: Hold'em No Limit  ($0.02/$0.05) - 2023/04/08 17:27:47
Table 'NLHBlue89' 6-max Seat #5 is the button
Seat 1: 271ec176 ($5.78 in chips)
Seat 3: 4beb046e ($5.07 in chips)
Seat 4: 555c7948 ($3.2 in chips)
Seat 5: Hero ($10.43 in chips)
Seat 6: 7afc5639 ($6.12 in chips)
7afc5639: posts small blind $0.02
271ec176: posts big blind $0.05
555c7948: posts big blind $0.05
*** HOLE CARDS ***
Dealt to 271ec176 
Dealt to 4beb046e 
Dealt to 555c7948 
Dealt to Hero [7d Ts]
Dealt to 7afc5639 
4beb046e: folds
555c7948: checks
Hero: folds
7afc5639: folds
271ec176: checks
*** FLOP *** [6h 5h 4d]
271ec176: checks
555c7948: bets $0.09
271ec176: folds
Uncalled bet ($0.09) returned to 555c7948
*** SHOWDOWN ***
555c7948 collected $0.12 from pot
*** SUMMARY ***
Total pot $0.12 | Rake $0 | Jackpot $0 | Bingo $0 | Fortune $0
Board [6h 5h 4d]
Seat 1: 271ec176 (big blind) folded on the Flop
Seat 3: 4beb046e folded before Flop (didn't bet)
Seat 4: 555c7948 won ($0.12)
Seat 5: Hero (button) folded before Flop (didn't bet)
Seat 6: 7afc5639 (small blind) folded before Flop


Poker Hand #HD1194984797: Hold'em No Limit  ($0.02/$0.05) - 2023/04/08 17:26:58
Table 'NLHBlue89' 6-max Seat #3 is the button
Seat 1: 271ec176 ($5.78 in chips)
Seat 3: 4beb046e ($5.22 in chips)
Seat 5: Hero ($11.11 in chips)
Seat 6: 7afc5639 ($5.41 in chips)
Hero: posts small blind $0.02
7afc5639: posts big blind $0.05
*** HOLE CARDS ***
Dealt to 271ec176 
Dealt to 4beb046e 
Dealt to Hero [Qh Th]
Dealt to 7afc5639 
271ec176: folds
4beb046e: raises $0.1 to $0.15
Hero: raises $0.53 to $0.68
7afc5639: calls $0.63
4beb046e: folds
*** FLOP *** [Ac 7d Jd]
Hero: checks
7afc5639: bets $0.5
Hero: folds
Uncalled bet ($0.5) returned to 7afc5639
*** SHOWDOWN ***
7afc5639 collected $1.39 from pot
*** SUMMARY ***
Total pot $1.51 | Rake $0.07 | Jackpot $0.05 | Bingo $0 | Fortune $0
Board [Ac 7d Jd]
Seat 1: 271ec176 folded before Flop (didn't bet)
Seat 3: 4beb046e (button) folded before Flop
Seat 5: Hero (small blind) folded on the Flop
Seat 6: 7afc5639 (big blind) won ($1.39)


Poker Hand #HD1194984699: Hold'em No Limit  ($0.02/$0.05) - 2023/04/08 17:26:26
Table 'NLHBlue89' 6-max Seat #1 is the button
Seat 1: 271ec176 ($5.78 in chips)
Seat 3: 4beb046e ($5.24 in chips)
Seat 4: b1a48f90 ($6.73 in chips)
Seat 5: Hero ($11.11 in chips)
Seat 6: 7afc5639 ($5.34 in chips)
4beb046e: posts small blind $0.02
b1a48f90: posts big blind $0.05
*** HOLE CARDS ***
Dealt to 271ec176 
Dealt to 4beb046e 
Dealt to b1a48f90 
Dealt to Hero [3s Jc]
Dealt to 7afc5639 
Hero: folds
7afc5639: raises $0.15 to $0.2
271ec176: folds
4beb046e: folds
b1a48f90: folds
Uncalled bet ($0.15) returned to 7afc5639
*** SHOWDOWN ***
7afc5639 collected $0.12 from pot
*** SUMMARY ***
Total pot $0.12 | Rake $0 | Jackpot $0 | Bingo $0 | Fortune $0
Seat 1: 271ec176 (button) folded before Flop (didn't bet)
Seat 3: 4beb046e (small blind) folded before Flop
Seat 4: b1a48f90 (big blind) folded before Flop
Seat 5: Hero folded before Flop (didn't bet)
Seat 6: 7afc5639 collected ($0.12)


Poker Hand #HD1194984598: Hold'em No Limit  ($0.02/$0.05) - 2023/04/08 17:25:49
Table 'NLHBlue89' 6-max Seat #6 is the button
Seat 1: 271ec176 ($5.8 in chips)
Seat 2: e4da9f0c ($1.73 in chips)
Seat 3: 4beb046e ($5.24 in chips)
Seat 4: b1a48f90 ($6.73 in chips)
Seat 5: Hero ($11.23 in chips)
Seat 6: 7afc5639 ($5.16 in chips)
271ec176: posts small blind $0.02
e4da9f0c: posts big blind $0.05
*** HOLE CARDS ***
Dealt to 271ec176 
Dealt to e4da9f0c 
Dealt to 4beb046e 
Dealt to b1a48f90 
Dealt to Hero [9c Jc]
Dealt to 7afc5639 
4beb046e: folds
b1a48f90: folds
Hero: raises $0.07 to $0.12
7afc5639: calls $0.12
271ec176: folds
e4da9f0c: folds
*** FLOP *** [6d Kc 4d]
Hero: checks
7afc5639: bets $0.11
Hero: folds
Uncalled bet ($0.11) returned to 7afc5639
*** SHOWDOWN ***
7afc5639 collected $0.3 from pot
*** SUMMARY ***
Total pot $0.31 | Rake $0.01 | Jackpot $0 | Bingo $0 | Fortune $0
Board [6d Kc 4d]
Seat 1: 271ec176 (small blind) folded before Flop
Seat 2: e4da9f0c (big blind) folded before Flop
Seat 3: 4beb046e folded before Flop (didn't bet)
Seat 4: b1a48f90 folded before Flop (didn't bet)
Seat 5: Hero folded on the Flop
Seat 6: 7afc5639 (button) won ($0.3)


Poker Hand #HD1194984421: Hold'em No Limit  ($0.02/$0.05) - 2023/04/08 17:24:39
Table 'NLHBlue89' 6-max Seat #5 is the button
Seat 1: 271ec176 ($5.85 in chips)
Seat 2: e4da9f0c ($2.23 in chips)
Seat 3: 4beb046e ($5.24 in chips)
Seat 4: b1a48f90 ($6.21 in chips)
Seat 5: Hero ($11.23 in chips)
Seat 6: 7afc5639 ($5.18 in chips)
7afc5639: posts small blind $0.02
271ec176: posts big blind $0.05
*** HOLE CARDS ***
Dealt to 271ec176 
Dealt to e4da9f0c 
Dealt to 4beb046e 
Dealt to b1a48f90 
Dealt to Hero [9d 8s]
Dealt to 7afc5639 
e4da9f0c: raises $0.1 to $0.15
4beb046e: folds
b1a48f90: raises $0.35 to $0.5
Hero: folds
7afc5639: folds
271ec176: folds
e4da9f0c: calls $0.35
*** FLOP *** [Js 6s 4s]
e4da9f0c: checks
b1a48f90: checks
*** TURN *** [Js 6s 4s] [3c]
e4da9f0c: checks
b1a48f90: bets $0.28
e4da9f0c: folds
Uncalled bet ($0.28) returned to b1a48f90
*** SHOWDOWN ***
b1a48f90 collected $1.02 from pot
*** SUMMARY ***
Total pot $1.07 | Rake $0.05 | Jackpot $0 | Bingo $0 | Fortune $0
Board [Js 6s 4s 3c]
Seat 1: 271ec176 (big blind) folded before Flop
Seat 2: e4da9f0c folded on the Turn
Seat 3: 4beb046e folded before Flop (didn't bet)
Seat 4: b1a48f90 won ($1.02)
Seat 5: Hero (button) folded before Flop (didn't bet)
Seat 6: 7afc5639 (small blind) folded before Flop


Poker Hand #HD1194984328: Hold'em No Limit  ($0.02/$0.05) - 2023/04/08 17:24:07
Table 'NLHBlue89' 6-max Seat #4 is the button
Seat 1: 271ec176 ($5.85 in chips)
Seat 2: e4da9f0c ($2.23 in chips)
Seat 3: 4beb046e ($5.39 in chips)
Seat 4: b1a48f90 ($6.21 in chips)
Seat 5: Hero ($11.25 in chips)
Seat 6: 7afc5639 ($5.02 in chips)
Hero: posts small blind $0.02
7afc5639: posts big blind $0.05
*** HOLE CARDS ***
Dealt to 271ec176 
Dealt to e4da9f0c 
Dealt to 4beb046e 
Dealt to b1a48f90 
Dealt to Hero [Jh 4c]
Dealt to 7afc5639 
271ec176: folds
e4da9f0c: folds
4beb046e: raises $0.1 to $0.15
b1a48f90: folds
Hero: folds
7afc5639: raises $0.22 to $0.37
4beb046e: folds
Uncalled bet ($0.22) returned to 7afc5639
*** SHOWDOWN ***
7afc5639 collected $0.31 from pot
*** SUMMARY ***
Total pot $0.32 | Rake $0.01 | Jackpot $0 | Bingo $0 | Fortune $0
Seat 1: 271ec176 folded before Flop (didn't bet)
Seat 2: e4da9f0c folded before Flop (didn't bet)
Seat 3: 4beb046e folded before Flop
Seat 4: b1a48f90 (button) folded before Flop (didn't bet)
Seat 5: Hero (small blind) folded before Flop
Seat 6: 7afc5639 (big blind) collected ($0.31)


Poker Hand #HD1194984291: Hold'em No Limit  ($0.02/$0.05) - 2023/04/08 17:23:51
Table 'NLHBlue89' 6-max Seat #3 is the button
Seat 1: 271ec176 ($5.85 in chips)
Seat 2: e4da9f0c ($2.23 in chips)
Seat 3: 4beb046e ($5.39 in chips)
Seat 4: b1a48f90 ($6.23 in chips)
Seat 5: Hero ($11.3 in chips)
Seat 6: 7afc5639 ($4.95 in chips)
b1a48f90: posts small blind $0.02
Hero: posts big blind $0.05
*** HOLE CARDS ***
Dealt to 271ec176 
Dealt to e4da9f0c 
Dealt to 4beb046e 
Dealt to b1a48f90 
Dealt to Hero [Td 6c]
Dealt to 7afc5639 
7afc5639: raises $0.1 to $0.15
271ec176: folds
e4da9f0c: folds
4beb046e: folds
b1a48f90: folds
Hero: folds
Uncalled bet ($0.1) returned to 7afc5639
*** SHOWDOWN ***
7afc5639 collected $0.12 from pot
*** SUMMARY ***
Total pot $0.12 | Rake $0 | Jackpot $0 | Bingo $0 | Fortune $0
Seat 1: 271ec176 folded before Flop (didn't bet)
Seat 2: e4da9f0c folded before Flop (didn't bet)
Seat 3: 4beb046e (button) folded before Flop (didn't bet)
Seat 4: b1a48f90 (small blind) folded before Flop
Seat 5: Hero (big blind) folded before Flop
Seat 6: 7afc5639 collected ($0.12)


Poker Hand #HD1194984149: Hold'em No Limit  ($0.02/$0.05) - 2023/04/08 17:22:53
Table 'NLHBlue89' 6-max Seat #2 is the button
Seat 1: 271ec176 ($5.85 in chips)
Seat 2: e4da9f0c ($2.58 in chips)
Seat 3: 4beb046e ($5.02 in chips)
Seat 4: b1a48f90 ($6.28 in chips)
Seat 5: Hero ($11.3 in chips)
Seat 6: 7afc5639 ($4.95 in chips)
4beb046e: posts small blind $0.02
b1a48f90: posts big blind $0.05
*** HOLE CARDS ***
Dealt to 271ec176 
Dealt to e4da9f0c 
Dealt to 4beb046e 
Dealt to b1a48f90 
Dealt to Hero [6c Ad]
Dealt to 7afc5639 
Hero: folds
7afc5639: folds
271ec176: folds
e4da9f0c: calls $0.05
4beb046e: raises $0.15 to $0.2
b1a48f90: folds
e4da9f0c: calls $0.15
*** FLOP *** [5c 7h 9c]
4beb046e: bets $0.15
e4da9f0c: calls $0.15
*** TURN *** [5c 7h 9c] [Ks]
4beb046e: bets $0.57
e4da9f0c: folds
Uncalled bet ($0.57) returned to 4beb046e
*** SHOWDOWN ***
4beb046e collected $0.72 from pot
*** SUMMARY ***
Total pot $0.75 | Rake $0.03 | Jackpot $0 | Bingo $0 | Fortune $0
Board [5c 7h 9c Ks]
Seat 1: 271ec176 folded before Flop (didn't bet)
Seat 2: e4da9f0c (button) folded on the Turn
Seat 3: 4beb046e (small blind) won ($0.72)
Seat 4: b1a48f90 (big blind) folded before Flop
Seat 5: Hero folded before Flop (didn't bet)
Seat 6: 7afc5639 folded before Flop (didn't bet)


Poker Hand #HD1194984098: Hold'em No Limit  ($0.02/$0.05) - 2023/04/08 17:22:34
Table 'NLHBlue89' 6-max Seat #1 is the button
Seat 1: 271ec176 ($5.85 in chips)
Seat 2: e4da9f0c ($2.6 in chips)
Seat 3: 4beb046e ($5 in chips)
Seat 4: b1a48f90 ($6.28 in chips)
Seat 5: Hero ($11.3 in chips)
Seat 6: 7afc5639 ($4.95 in chips)
e4da9f0c: posts small blind $0.02
4beb046e: posts big blind $0.05
*** HOLE CARDS ***
Dealt to 271ec176 
Dealt to e4da9f0c 
Dealt to 4beb046e 
Dealt to b1a48f90 
Dealt to Hero [7c 2d]
Dealt to 7afc5639 
b1a48f90: folds
Hero: folds
7afc5639: folds
271ec176: folds
e4da9f0c: folds
Uncalled bet ($0.03) returned to 4beb046e
*** SHOWDOWN ***
4beb046e collected $0.04 from pot
*** SUMMARY ***
Total pot $0.04 | Rake $0 | Jackpot $0 | Bingo $0 | Fortune $0
Seat 1: 271ec176 (button) folded before Flop (didn't bet)
Seat 2: e4da9f0c (small blind) folded before Flop
Seat 3: 4beb046e (big blind) collected ($0.04)
Seat 4: b1a48f90 folded before Flop (didn't bet)
Seat 5: Hero folded before Flop (didn't bet)
Seat 6: 7afc5639 folded before Flop (didn't bet)


Poker Hand #HD1194984053: Hold'em No Limit  ($0.02/$0.05) - 2023/04/08 17:22:17
Table 'NLHBlue89' 6-max Seat #6 is the button
Seat 1: 271ec176 ($5.87 in chips)
Seat 2: e4da9f0c ($2.65 in chips)
Seat 4: b1a48f90 ($6.28 in chips)
Seat 5: Hero ($11.3 in chips)
Seat 6: 7afc5639 ($4.88 in chips)
271ec176: posts small blind $0.02
e4da9f0c: posts big blind $0.05
*** HOLE CARDS ***
Dealt to 271ec176 
Dealt to e4da9f0c 
Dealt to b1a48f90 
Dealt to Hero [6h 7c]
Dealt to 7afc5639 
b1a48f90: folds
Hero: folds
7afc5639: raises $0.1 to $0.15
271ec176: folds
e4da9f0c: folds
Uncalled bet ($0.1) returned to 7afc5639
*** SHOWDOWN ***
7afc5639 collected $0.12 from pot
*** SUMMARY ***
Total pot $0.12 | Rake $0 | Jackpot $0 | Bingo $0 | Fortune $0
Seat 1: 271ec176 (small blind) folded before Flop
Seat 2: e4da9f0c (big blind) folded before Flop
Seat 4: b1a48f90 folded before Flop (didn't bet)
Seat 5: Hero folded before Flop (didn't bet)
Seat 6: 7afc5639 (button) collected ($0.12)


Poker Hand #HD1194983965: Hold'em No Limit  ($0.02/$0.05) - 2023/04/08 17:21:45
Table 'NLHBlue89' 6-max Seat #5 is the button
Seat 1: 271ec176 ($5.92 in chips)
Seat 2: e4da9f0c ($2.65 in chips)
Seat 4: b1a48f90 ($5.89 in chips)
Seat 5: Hero ($11.66 in chips)
Seat 6: 7afc5639 ($4.9 in chips)
7afc5639: posts small blind $0.02
271ec176: posts big blind $0.05
*** HOLE CARDS ***
Dealt to 271ec176 
Dealt to e4da9f0c 
Dealt to b1a48f90 
Dealt to Hero [Kc Js]
Dealt to 7afc5639 
e4da9f0c: folds
b1a48f90: raises $0.08 to $0.13
Hero: raises $0.23 to $0.36
7afc5639: folds
271ec176: folds
b1a48f90: raises $0.64 to $1
Hero: folds
Uncalled bet ($0.64) returned to b1a48f90
*** SHOWDOWN ***
b1a48f90 collected $0.75 from pot
*** SUMMARY ***
Total pot $0.79 | Rake $0.04 | Jackpot $0 | Bingo $0 | Fortune $0
Seat 1: 271ec176 (big blind) folded before Flop
Seat 2: e4da9f0c folded before Flop (didn't bet)
Seat 4: b1a48f90 collected ($0.75)
Seat 5: Hero (button) folded before Flop
Seat 6: 7afc5639 (small blind) folded before Flop


Poker Hand #HD1194983907: Hold'em No Limit  ($0.02/$0.05) - 2023/04/08 17:21:23
Table 'NLHBlue89' 6-max Seat #4 is the button
Seat 1: 271ec176 ($5.92 in chips)
Seat 2: e4da9f0c ($2.65 in chips)
Seat 3: 87f17879 ($2.33 in chips)
Seat 4: b1a48f90 ($5.89 in chips)
Seat 5: Hero ($11.68 in chips)
Seat 6: 7afc5639 ($4.95 in chips)
Hero: posts small blind $0.02
7afc5639: posts big blind $0.05
*** HOLE CARDS ***
Dealt to 271ec176 
Dealt to e4da9f0c 
Dealt to 87f17879 
Dealt to b1a48f90 
Dealt to Hero [5h 7h]
Dealt to 7afc5639 
271ec176: folds
e4da9f0c: folds
87f17879: raises $0.1 to $0.15
b1a48f90: folds
Hero: folds
7afc5639: folds
Uncalled bet ($0.1) returned to 87f17879
*** SHOWDOWN ***
87f17879 collected $0.12 from pot
*** SUMMARY ***
Total pot $0.12 | Rake $0 | Jackpot $0 | Bingo $0 | Fortune $0
Seat 1: 271ec176 folded before Flop (didn't bet)
Seat 2: e4da9f0c folded before Flop (didn't bet)
Seat 3: 87f17879 collected ($0.12)
Seat 4: b1a48f90 (button) folded before Flop (didn't bet)
Seat 5: Hero (small blind) folded before Flop
Seat 6: 7afc5639 (big blind) folded before Flop


Poker Hand #HD1194983859: Hold'em No Limit  ($0.02/$0.05) - 2023/04/08 17:21:07
Table 'NLHBlue89' 6-max Seat #3 is the button
Seat 1: 271ec176 ($5.92 in chips)
Seat 2: e4da9f0c ($2.65 in chips)
Seat 3: 87f17879 ($2.26 in chips)
Seat 4: b1a48f90 ($5.91 in chips)
Seat 5: Hero ($11.73 in chips)
Seat 6: 7afc5639 ($4.95 in chips)
b1a48f90: posts small blind $0.02
Hero: posts big blind $0.05
*** HOLE CARDS ***
Dealt to 271ec176 
Dealt to e4da9f0c 
Dealt to 87f17879 
Dealt to b1a48f90 
Dealt to Hero [9h 2s]
Dealt to 7afc5639 
7afc5639: folds
271ec176: folds
e4da9f0c: folds
87f17879: raises $0.1 to $0.15
b1a48f90: folds
Hero: folds
Uncalled bet ($0.1) returned to 87f17879
*** SHOWDOWN ***
87f17879 collected $0.12 from pot
*** SUMMARY ***
Total pot $0.12 | Rake $0 | Jackpot $0 | Bingo $0 | Fortune $0
Seat 1: 271ec176 folded before Flop (didn't bet)
Seat 2: e4da9f0c folded before Flop (didn't bet)
Seat 3: 87f17879 (button) collected ($0.12)
Seat 4: b1a48f90 (small blind) folded before Flop
Seat 5: Hero (big blind) folded before Flop
Seat 6: 7afc5639 folded before Flop (didn't bet)


Poker Hand #HD1194983770: Hold'em No Limit  ($0.02/$0.05) - 2023/04/08 17:20:35
Table 'NLHBlue89' 6-max Seat #2 is the button
Seat 1: 271ec176 ($6.14 in chips)
Seat 2: e4da9f0c ($2.33 in chips)
Seat 3: 87f17879 ($2.28 in chips)
Seat 4: b1a48f90 ($5.96 in chips)
Seat 5: Hero ($11.73 in chips)
Seat 6: 7afc5639 ($5 in chips)
87f17879: posts small blind $0.02
b1a48f90: posts big blind $0.05
7afc5639: posts big blind $0.05
*** HOLE CARDS ***
Dealt to 271ec176 
Dealt to e4da9f0c 
Dealt to 87f17879 
Dealt to b1a48f90 
Dealt to Hero [8c Kd]
Dealt to 7afc5639 
Hero: folds
7afc5639: checks
271ec176: raises $0.17 to $0.22
e4da9f0c: raises $0.53 to $0.75
87f17879: folds
b1a48f90: folds
7afc5639: folds
271ec176: folds
Uncalled bet ($0.53) returned to e4da9f0c
*** SHOWDOWN ***
e4da9f0c collected $0.54 from pot
*** SUMMARY ***
Total pot $0.56 | Rake $0.02 | Jackpot $0 | Bingo $0 | Fortune $0
Seat 1: 271ec176 folded before Flop
Seat 2: e4da9f0c (button) collected ($0.54)
Seat 3: 87f17879 (small blind) folded before Flop
Seat 4: b1a48f90 (big blind) folded before Flop
Seat 5: Hero folded before Flop (didn't bet)
Seat 6: 7afc5639 folded before Flop


Poker Hand #HD1194983625: Hold'em No Limit  ($0.02/$0.05) - 2023/04/08 17:19:44
Table 'NLHBlue89' 6-max Seat #1 is the button
Seat 1: 271ec176 ($6.14 in chips)
Seat 2: e4da9f0c ($2.45 in chips)
Seat 3: 87f17879 ($2.58 in chips)
Seat 4: b1a48f90 ($5.96 in chips)
Seat 5: Hero ($11.34 in chips)
Seat 6: cdbbecbb ($5.54 in chips)
e4da9f0c: posts small blind $0.02
87f17879: posts big blind $0.05
*** HOLE CARDS ***
Dealt to 271ec176 
Dealt to e4da9f0c 
Dealt to 87f17879 
Dealt to b1a48f90 
Dealt to Hero [Qd 9d]
Dealt to cdbbecbb 
b1a48f90: folds
Hero: raises $0.07 to $0.12
cdbbecbb: folds
271ec176: folds
e4da9f0c: calls $0.1
87f17879: calls $0.07
*** FLOP *** [3h 7d Qc]
e4da9f0c: checks
87f17879: checks
Hero: bets $0.18
e4da9f0c: folds
87f17879: calls $0.18
*** TURN *** [3h 7d Qc] [Ks]
87f17879: checks
Hero: checks
*** RIVER *** [3h 7d Qc Ks] [6s]
87f17879: checks
Hero: checks
87f17879: shows [4h Ah] (Ace-High)
Hero: shows [Qd 9d] (Pair of Queens)
*** SHOWDOWN ***
Hero collected $0.69 from pot
*** SUMMARY ***
Total pot $0.72 | Rake $0.03 | Jackpot $0 | Bingo $0 | Fortune $0
Board [3h 7d Qc Ks 6s]
Seat 1: 271ec176 (button) folded before Flop (didn't bet)
Seat 2: e4da9f0c (small blind) folded on the Flop
Seat 3: 87f17879 (big blind) showed [4h Ah] and lost with Ace-High
Seat 4: b1a48f90 folded before Flop (didn't bet)
Seat 5: Hero showed [Qd 9d] and won ($0.69) with Pair of Queens
Seat 6: cdbbecbb folded before Flop (didn't bet)


Poker Hand #HD1194983579: Hold'em No Limit  ($0.02/$0.05) - 2023/04/08 17:19:26
Table 'NLHBlue89' 6-max Seat #6 is the button
Seat 1: 271ec176 ($6.16 in chips)
Seat 2: e4da9f0c ($2.43 in chips)
Seat 3: 87f17879 ($2.58 in chips)
Seat 4: b1a48f90 ($5.96 in chips)
Seat 5: Hero ($11.34 in chips)
Seat 6: cdbbecbb ($5.54 in chips)
271ec176: posts small blind $0.02
e4da9f0c: posts big blind $0.05
*** HOLE CARDS ***
Dealt to 271ec176 
Dealt to e4da9f0c 
Dealt to 87f17879 
Dealt to b1a48f90 
Dealt to Hero [2c 9d]
Dealt to cdbbecbb 
87f17879: folds
b1a48f90: folds
Hero: folds
cdbbecbb: folds
271ec176: folds
Uncalled bet ($0.03) returned to e4da9f0c
*** SHOWDOWN ***
e4da9f0c collected $0.04 from pot
*** SUMMARY ***
Total pot $0.04 | Rake $0 | Jackpot $0 | Bingo $0 | Fortune $0
Seat 1: 271ec176 (small blind) folded before Flop
Seat 2: e4da9f0c (big blind) collected ($0.04)
Seat 3: 87f17879 folded before Flop (didn't bet)
Seat 4: b1a48f90 folded before Flop (didn't bet)
Seat 5: Hero folded before Flop (didn't bet)
Seat 6: cdbbecbb (button) folded before Flop (didn't bet)


Poker Hand #HD1194983454: Hold'em No Limit  ($0.02/$0.05) - 2023/04/08 17:18:41
Table 'NLHBlue89' 6-max Seat #5 is the button
Seat 1: 271ec176 ($6.05 in chips)
Seat 2: e4da9f0c ($2.43 in chips)
Seat 3: 87f17879 ($2.68 in chips)
Seat 4: b1a48f90 ($5.96 in chips)
Seat 5: Hero ($11.34 in chips)
Seat 6: cdbbecbb ($5.56 in chips)
cdbbecbb: posts small blind $0.02
271ec176: posts big blind $0.05
*** HOLE CARDS ***
Dealt to 271ec176 
Dealt to e4da9f0c 
Dealt to 87f17879 
Dealt to b1a48f90 
Dealt to Hero [6d 3c]
Dealt to cdbbecbb 
e4da9f0c: folds
87f17879: raises $0.05 to $0.1
b1a48f90: folds
Hero: folds
cdbbecbb: folds
271ec176: calls $0.05
*** FLOP *** [7c 4c 3h]
271ec176: checks
87f17879: checks
*** TURN *** [7c 4c 3h] [9h]
271ec176: checks
87f17879: checks
*** RIVER *** [7c 4c 3h 9h] [7s]
271ec176: bets $0.22
87f17879: folds
Uncalled bet ($0.22) returned to 271ec176
*** SHOWDOWN ***
271ec176 collected $0.21 from pot
*** SUMMARY ***
Total pot $0.22 | Rake $0.01 | Jackpot $0 | Bingo $0 | Fortune $0
Board [7c 4c 3h 9h 7s]
Seat 1: 271ec176 (big blind) won ($0.21)
Seat 2: e4da9f0c folded before Flop (didn't bet)
Seat 3: 87f17879 folded on the River
Seat 4: b1a48f90 folded before Flop (didn't bet)
Seat 5: Hero (button) folded before Flop (didn't bet)
Seat 6: cdbbecbb (small blind) folded before Flop


Poker Hand #HD1194983345: Hold'em No Limit  ($0.02/$0.05) - 2023/04/08 17:18:01
Table 'NLHBlue89' 6-max Seat #4 is the button
Seat 1: 271ec176 ($6.05 in chips)
Seat 2: e4da9f0c ($2.67 in chips)
Seat 3: 87f17879 ($2.68 in chips)
Seat 4: b1a48f90 ($5.67 in chips)
Seat 5: Hero ($11.36 in chips)
Seat 6: cdbbecbb ($5.61 in chips)
Hero: posts small blind $0.02
cdbbecbb: posts big blind $0.05
*** HOLE CARDS ***
Dealt to 271ec176 
Dealt to e4da9f0c 
Dealt to 87f17879 
Dealt to b1a48f90 
Dealt to Hero [Qd 9c]
Dealt to cdbbecbb 
271ec176: folds
e4da9f0c: raises $0.08 to $0.13
87f17879: folds
b1a48f90: calls $0.13
Hero: folds
cdbbecbb: folds
*** FLOP *** [5c 8c Tc]
e4da9f0c: bets $0.11
b1a48f90: raises $0.26 to $0.37
e4da9f0c: folds
Uncalled bet ($0.26) returned to b1a48f90
*** SHOWDOWN ***
b1a48f90 collected $0.53 from pot
*** SUMMARY ***
Total pot $0.55 | Rake $0.02 | Jackpot $0 | Bingo $0 | Fortune $0
Board [5c 8c Tc]
Seat 1: 271ec176 folded before Flop (didn't bet)
Seat 2: e4da9f0c folded on the Flop
Seat 3: 87f17879 folded before Flop (didn't bet)
Seat 4: b1a48f90 (button) won ($0.53)
Seat 5: Hero (small blind) folded before Flop
Seat 6: cdbbecbb (big blind) folded before Flop


Poker Hand #HD1194983299: Hold'em No Limit  ($0.02/$0.05) - 2023/04/08 17:17:45
Table 'NLHBlue89' 6-max Seat #3 is the button
Seat 1: 271ec176 ($6.05 in chips)
Seat 2: e4da9f0c ($2.67 in chips)
Seat 3: 87f17879 ($2.61 in chips)
Seat 4: b1a48f90 ($5.69 in chips)
Seat 5: Hero ($11.41 in chips)
Seat 6: cdbbecbb ($5.61 in chips)
b1a48f90: posts small blind $0.02
Hero: posts big blind $0.05
*** HOLE CARDS ***
Dealt to 271ec176 
Dealt to e4da9f0c 
Dealt to 87f17879 
Dealt to b1a48f90 
Dealt to Hero [4h 5s]
Dealt to cdbbecbb 
cdbbecbb: folds
271ec176: folds
e4da9f0c: folds
87f17879: raises $0.1 to $0.15
b1a48f90: folds
Hero: folds
Uncalled bet ($0.1) returned to 87f17879
*** SHOWDOWN ***
87f17879 collected $0.12 from pot
*** SUMMARY ***
Total pot $0.12 | Rake $0 | Jackpot $0 | Bingo $0 | Fortune $0
Seat 1: 271ec176 folded before Flop (didn't bet)
Seat 2: e4da9f0c folded before Flop (didn't bet)
Seat 3: 87f17879 (button) collected ($0.12)
Seat 4: b1a48f90 (small blind) folded before Flop
Seat 5: Hero (big blind) folded before Flop
Seat 6: cdbbecbb folded before Flop (didn't bet)


Poker Hand #HD1194983072: Hold'em No Limit  ($0.02/$0.05) - 2023/04/08 17:16:21
Table 'NLHBlue89' 6-max Seat #2 is the button
Seat 1: 271ec176 ($6.05 in chips)
Seat 2: e4da9f0c ($4.33 in chips)
Seat 3: 87f17879 ($2.63 in chips)
Seat 4: b1a48f90 ($5.74 in chips)
Seat 5: Hero ($9.89 in chips)
Seat 6: cdbbecbb ($5.61 in chips)
87f17879: posts small blind $0.02
b1a48f90: posts big blind $0.05
*** HOLE CARDS ***
Dealt to 271ec176 
Dealt to e4da9f0c 
Dealt to 87f17879 
Dealt to b1a48f90 
Dealt to Hero [Kd Kh]
Dealt to cdbbecbb 
Hero: raises $0.07 to $0.12
cdbbecbb: folds
271ec176: folds
e4da9f0c: calls $0.12
87f17879: folds
b1a48f90: folds
*** FLOP *** [6d 4c 3h]
Hero: bets $0.18
e4da9f0c: calls $0.18
*** TURN *** [6d 4c 3h] [Qd]
Hero: bets $0.51
e4da9f0c: calls $0.51
*** RIVER *** [6d 4c 3h Qd] [6h]
Hero: bets $0.85
e4da9f0c: calls $0.85
Hero: shows [Kd Kh] (Pair of Kings and Pair of Sixes)
e4da9f0c: shows [As 4d] (Pair of Sixes and Pair of Fours)
*** SHOWDOWN ***
Hero collected $3.18 from pot
*** SUMMARY ***
Total pot $3.39 | Rake $0.16 | Jackpot $0.05 | Bingo $0 | Fortune $0
Board [6d 4c 3h Qd 6h]
Seat 1: 271ec176 folded before Flop (didn't bet)
Seat 2: e4da9f0c (button) showed [As 4d] and lost with Pair of Sixes and Pair of Fours
Seat 3: 87f17879 (small blind) folded before Flop
Seat 4: b1a48f90 (big blind) folded before Flop
Seat 5: Hero showed [Kd Kh] and won ($3.18) with Pair of Kings and Pair of Sixes
Seat 6: cdbbecbb folded before Flop (didn't bet)


Poker Hand #HD1194983027: Hold'em No Limit  ($0.02/$0.05) - 2023/04/08 17:16:05
Table 'NLHBlue89' 6-max Seat #1 is the button
Seat 1: 271ec176 ($6.05 in chips)
Seat 2: e4da9f0c ($4.28 in chips)
Seat 3: 87f17879 ($2.68 in chips)
Seat 4: b1a48f90 ($5.74 in chips)
Seat 5: Hero ($9.89 in chips)
Seat 6: cdbbecbb ($5.61 in chips)
e4da9f0c: posts small blind $0.02
87f17879: posts big blind $0.05
*** HOLE CARDS ***
Dealt to 271ec176 
Dealt to e4da9f0c 
Dealt to 87f17879 
Dealt to b1a48f90 
Dealt to Hero [8s Jd]
Dealt to cdbbecbb 
b1a48f90: folds
Hero: folds
cdbbecbb: folds
271ec176: folds
e4da9f0c: raises $0.06 to $0.11
87f17879: folds
Uncalled bet ($0.06) returned to e4da9f0c
*** SHOWDOWN ***
e4da9f0c collected $0.1 from pot
*** SUMMARY ***
Total pot $0.1 | Rake $0 | Jackpot $0 | Bingo $0 | Fortune $0
Seat 1: 271ec176 (button) folded before Flop (didn't bet)
Seat 2: e4da9f0c (small blind) collected ($0.1)
Seat 3: 87f17879 (big blind) folded before Flop
Seat 4: b1a48f90 folded before Flop (didn't bet)
Seat 5: Hero folded before Flop (didn't bet)
Seat 6: cdbbecbb folded before Flop (didn't bet)


Poker Hand #HD1194982980: Hold'em No Limit  ($0.02/$0.05) - 2023/04/08 17:15:49
Table 'NLHBlue89' 6-max Seat #6 is the button
Seat 1: 271ec176 ($6.07 in chips)
Seat 2: e4da9f0c ($4.33 in chips)
Seat 3: 87f17879 ($2.68 in chips)
Seat 4: b1a48f90 ($5.74 in chips)
Seat 5: Hero ($9.82 in chips)
Seat 6: cdbbecbb ($5.61 in chips)
271ec176: posts small blind $0.02
e4da9f0c: posts big blind $0.05
*** HOLE CARDS ***
Dealt to 271ec176 
Dealt to e4da9f0c 
Dealt to 87f17879 
Dealt to b1a48f90 
Dealt to Hero [Ah 8s]
Dealt to cdbbecbb 
87f17879: folds
b1a48f90: folds
Hero: raises $0.07 to $0.12
cdbbecbb: folds
271ec176: folds
e4da9f0c: folds
Uncalled bet ($0.07) returned to Hero
*** SHOWDOWN ***
Hero collected $0.12 from pot
*** SUMMARY ***
Total pot $0.12 | Rake $0 | Jackpot $0 | Bingo $0 | Fortune $0
Seat 1: 271ec176 (small blind) folded before Flop
Seat 2: e4da9f0c (big blind) folded before Flop
Seat 3: 87f17879 folded before Flop (didn't bet)
Seat 4: b1a48f90 folded before Flop (didn't bet)
Seat 5: Hero collected ($0.12)
Seat 6: cdbbecbb (button) folded before Flop (didn't bet)


Poker Hand #HD1194982950: Hold'em No Limit  ($0.02/$0.05) - 2023/04/08 17:15:37
Table 'NLHBlue89' 6-max Seat #5 is the button
Seat 1: 271ec176 ($6.05 in chips)
Seat 2: e4da9f0c ($4.33 in chips)
Seat 3: 87f17879 ($2.68 in chips)
Seat 4: b1a48f90 ($5.74 in chips)
Seat 5: Hero ($9.82 in chips)
Seat 6: cdbbecbb ($5.63 in chips)
cdbbecbb: posts small blind $0.02
271ec176: posts big blind $0.05
*** HOLE CARDS ***
Dealt to 271ec176 
Dealt to e4da9f0c 
Dealt to 87f17879 
Dealt to b1a48f90 
Dealt to Hero [9h 7d]
Dealt to cdbbecbb 
e4da9f0c: folds
87f17879: folds
b1a48f90: folds
Hero: folds
cdbbecbb: folds
Uncalled bet ($0.03) returned to 271ec176
*** SHOWDOWN ***
271ec176 collected $0.04 from pot
*** SUMMARY ***
Total pot $0.04 | Rake $0 | Jackpot $0 | Bingo $0 | Fortune $0
Seat 1: 271ec176 (big blind) collected ($0.04)
Seat 2: e4da9f0c folded before Flop (didn't bet)
Seat 3: 87f17879 folded before Flop (didn't bet)
Seat 4: b1a48f90 folded before Flop (didn't bet)
Seat 5: Hero (button) folded before Flop (didn't bet)
Seat 6: cdbbecbb (small blind) folded before Flop


Poker Hand #HD1194982783: Hold'em No Limit  ($0.02/$0.05) - 2023/04/08 17:14:31
Table 'NLHBlue89' 6-max Seat #4 is the button
Seat 1: 271ec176 ($6.05 in chips)
Seat 2: e4da9f0c ($5 in chips)
Seat 3: 87f17879 ($2.68 in chips)
Seat 4: b1a48f90 ($5.74 in chips)
Seat 5: Hero ($9.84 in chips)
Seat 6: cdbbecbb ($5 in chips)
Hero: posts small blind $0.02
cdbbecbb: posts big blind $0.05
e4da9f0c: posts big blind $0.05
*** HOLE CARDS ***
Dealt to 271ec176 
Dealt to e4da9f0c 
Dealt to 87f17879 
Dealt to b1a48f90 
Dealt to Hero [Kd 6s]
Dealt to cdbbecbb 
271ec176: folds
e4da9f0c: checks
87f17879: folds
b1a48f90: folds
Hero: folds
cdbbecbb: checks
*** FLOP *** [8s Qc 3d]
cdbbecbb: checks
e4da9f0c: bets $0.06
cdbbecbb: calls $0.06
*** TURN *** [8s Qc 3d] [As]
cdbbecbb: checks
e4da9f0c: bets $0.15
cdbbecbb: calls $0.15
*** RIVER *** [8s Qc 3d As] [5c]
cdbbecbb: checks
e4da9f0c: bets $0.41
cdbbecbb: raises $0.41 to $0.82
e4da9f0c: folds
Uncalled bet ($0.41) returned to cdbbecbb
e4da9f0c: shows [7s 2h] (Ace-High)
*** SHOWDOWN ***
cdbbecbb collected $1.3 from pot
*** SUMMARY ***
Total pot $1.36 | Rake $0.06 | Jackpot $0 | Bingo $0 | Fortune $0
Board [8s Qc 3d As 5c]
Seat 1: 271ec176 folded before Flop (didn't bet)
Seat 2: e4da9f0c folded on the River
Seat 3: 87f17879 folded before Flop (didn't bet)
Seat 4: b1a48f90 (button) folded before Flop (didn't bet)
Seat 5: Hero (small blind) folded before Flop
Seat 6: cdbbecbb (big blind) won ($1.3)


Poker Hand #HD1194982699: Hold'em No Limit  ($0.02/$0.05) - 2023/04/08 17:14:01
Table 'NLHBlue89' 6-max Seat #3 is the button
Seat 1: 271ec176 ($6.05 in chips)
Seat 3: 87f17879 ($2.57 in chips)
Seat 4: b1a48f90 ($5.76 in chips)
Seat 5: Hero ($9.94 in chips)
Seat 6: cdbbecbb ($5 in chips)
b1a48f90: posts small blind $0.02
Hero: posts big blind $0.05
*** HOLE CARDS ***
Dealt to 271ec176 
Dealt to 87f17879 
Dealt to b1a48f90 
Dealt to Hero [6s Qs]
Dealt to cdbbecbb 
cdbbecbb: folds
271ec176: folds
87f17879: raises $0.05 to $0.1
b1a48f90: folds
Hero: calls $0.05
*** FLOP *** [9s Ac 5d]
Hero: checks
87f17879: bets $0.11
Hero: folds
Uncalled bet ($0.11) returned to 87f17879
*** SHOWDOWN ***
87f17879 collected $0.21 from pot
*** SUMMARY ***
Total pot $0.22 | Rake $0.01 | Jackpot $0 | Bingo $0 | Fortune $0
Board [9s Ac 5d]
Seat 1: 271ec176 folded before Flop (didn't bet)
Seat 3: 87f17879 (button) won ($0.21)
Seat 4: b1a48f90 (small blind) folded before Flop
Seat 5: Hero (big blind) folded on the Flop
Seat 6: cdbbecbb folded before Flop (didn't bet)


Poker Hand #HD1194982621: Hold'em No Limit  ($0.02/$0.05) - 2023/04/08 17:13:34
Table 'NLHBlue89' 6-max Seat #1 is the button
Seat 1: 271ec176 ($6.05 in chips)
Seat 2: 603542 ($5 in chips)
Seat 3: 87f17879 ($2.62 in chips)
Seat 4: b1a48f90 ($5.76 in chips)
Seat 5: Hero ($9.87 in chips)
Seat 6: cdbbecbb ($5 in chips)
603542: posts small blind $0.02
87f17879: posts big blind $0.05
*** HOLE CARDS ***
Dealt to 271ec176 
Dealt to 603542 
Dealt to 87f17879 
Dealt to b1a48f90 
Dealt to Hero [6h 6c]
Dealt to cdbbecbb 
b1a48f90: folds
Hero: raises $0.07 to $0.12
cdbbecbb: folds
271ec176: folds
603542: folds
87f17879: folds
Uncalled bet ($0.07) returned to Hero
*** SHOWDOWN ***
Hero collected $0.12 from pot
*** SUMMARY ***
Total pot $0.12 | Rake $0 | Jackpot $0 | Bingo $0 | Fortune $0
Seat 1: 271ec176 (button) folded before Flop (didn't bet)
Seat 2: 603542 (small blind) folded before Flop
Seat 3: 87f17879 (big blind) folded before Flop
Seat 4: b1a48f90 folded before Flop (didn't bet)
Seat 5: Hero collected ($0.12)
Seat 6: cdbbecbb folded before Flop (didn't bet)


Poker Hand #HD1194982260: Hold'em No Limit  ($0.02/$0.05) - 2023/04/08 17:11:24
Table 'NLHBlue89' 6-max Seat #6 is the button
Seat 1: 271ec176 ($6.07 in chips)
Seat 2: 603542 ($5 in chips)
Seat 3: 87f17879 ($2.62 in chips)
Seat 4: b1a48f90 ($5.76 in chips)
Seat 5: Hero ($5.39 in chips)
Seat 6: cdbbecbb ($5 in chips)
271ec176: posts small blind $0.02
603542: posts big blind $0.05
*** HOLE CARDS ***
Dealt to 271ec176 
Dealt to 603542 
Dealt to 87f17879 
Dealt to b1a48f90 
Dealt to Hero [Ac Th]
Dealt to cdbbecbb 
87f17879: folds
b1a48f90: folds
Hero: raises $0.07 to $0.12
cdbbecbb: folds
271ec176: folds
603542: calls $0.07
*** FLOP *** [5c Ah Tc]
603542: checks
Hero: bets $0.39
603542: calls $0.39
*** TURN *** [5c Ah Tc] [Ad]
603542: bets $0.78
Hero: calls $0.78
*** RIVER *** [5c Ah Tc Ad] [3c]
603542: bets $1.15
Hero: raises $2.95 to $4.1 and is all-in
603542: calls $2.56 and is all-in
Uncalled bet ($0.39) returned to Hero
Hero: shows [Ac Th] (Aces Full over Tens)
603542: shows [Kc 9c] (King High Flush)
*** SHOWDOWN ***
Hero collected $9.48 from pot
*** SUMMARY ***
Total pot $10.02 | Rake $0.49 | Jackpot $0.05 | Bingo $0 | Fortune $0
Board [5c Ah Tc Ad 3c]
Seat 1: 271ec176 (small blind) folded before Flop
Seat 2: 603542 (big blind) showed [Kc 9c] and lost with King High Flush
Seat 3: 87f17879 folded before Flop (didn't bet)
Seat 4: b1a48f90 folded before Flop (didn't bet)
Seat 5: Hero showed [Ac Th] and won ($9.48) with Aces Full over Tens
Seat 6: cdbbecbb (button) folded before Flop (didn't bet)


Poker Hand #HD1194982195: Hold'em No Limit  ($0.02/$0.05) - 2023/04/08 17:11:01
Table 'NLHBlue89' 6-max Seat #5 is the button
Seat 1: 271ec176 ($6.12 in chips)
Seat 2: 603542 ($5 in chips)
Seat 3: 87f17879 ($2.62 in chips)
Seat 4: b1a48f90 ($5.69 in chips)
Seat 5: Hero ($5.39 in chips)
Seat 6: cdbbecbb ($5.02 in chips)
cdbbecbb: posts small blind $0.02
271ec176: posts big blind $0.05
*** HOLE CARDS ***
Dealt to 271ec176 
Dealt to 603542 
Dealt to 87f17879 
Dealt to b1a48f90 
Dealt to Hero [Ks 5s]
Dealt to cdbbecbb 
603542: folds
87f17879: folds
b1a48f90: raises $0.08 to $0.13
Hero: folds
cdbbecbb: folds
271ec176: folds
Uncalled bet ($0.08) returned to b1a48f90
*** SHOWDOWN ***
b1a48f90 collected $0.12 from pot
*** SUMMARY ***
Total pot $0.12 | Rake $0 | Jackpot $0 | Bingo $0 | Fortune $0
Seat 1: 271ec176 (big blind) folded before Flop
Seat 2: 603542 folded before Flop (didn't bet)
Seat 3: 87f17879 folded before Flop (didn't bet)
Seat 4: b1a48f90 collected ($0.12)
Seat 5: Hero (button) folded before Flop (didn't bet)
Seat 6: cdbbecbb (small blind) folded before Flop


Poker Hand #HD1194982114: Hold'em No Limit  ($0.02/$0.05) - 2023/04/08 17:10:32
Table 'NLHBlue89' 6-max Seat #4 is the button
Seat 1: 271ec176 ($6.12 in chips)
Seat 2: 603542 ($5 in chips)
Seat 3: 87f17879 ($2.62 in chips)
Seat 4: b1a48f90 ($5.69 in chips)
Seat 5: Hero ($5.41 in chips)
Seat 6: cdbbecbb ($5 in chips)
Hero: posts small blind $0.02
cdbbecbb: posts big blind $0.05
*** HOLE CARDS ***
Dealt to 271ec176 
Dealt to 603542 
Dealt to 87f17879 
Dealt to b1a48f90 
Dealt to Hero [6h Js]
Dealt to cdbbecbb 
271ec176: folds
603542: folds
87f17879: folds
b1a48f90: folds
Hero: folds
Uncalled bet ($0.03) returned to cdbbecbb
*** SHOWDOWN ***
cdbbecbb collected $0.04 from pot
*** SUMMARY ***
Total pot $0.04 | Rake $0 | Jackpot $0 | Bingo $0 | Fortune $0
Seat 1: 271ec176 folded before Flop (didn't bet)
Seat 2: 603542 folded before Flop (didn't bet)
Seat 3: 87f17879 folded before Flop (didn't bet)
Seat 4: b1a48f90 (button) folded before Flop (didn't bet)
Seat 5: Hero (small blind) folded before Flop
Seat 6: cdbbecbb (big blind) collected ($0.04)


Poker Hand #HD1194982043: Hold'em No Limit  ($0.02/$0.05) - 2023/04/08 17:10:09
Table 'NLHBlue89' 6-max Seat #3 is the button
Seat 1: 271ec176 ($6.12 in chips)
Seat 2: 603542 ($5 in chips)
Seat 3: 87f17879 ($2.62 in chips)
Seat 4: b1a48f90 ($5.71 in chips)
Seat 5: Hero ($5.39 in chips)
Seat 6: cdbbecbb ($5 in chips)
b1a48f90: posts small blind $0.02
Hero: posts big blind $0.05
*** HOLE CARDS ***
Dealt to 271ec176 
Dealt to 603542 
Dealt to 87f17879 
Dealt to b1a48f90 
Dealt to Hero [2d 6s]
Dealt to cdbbecbb 
cdbbecbb: folds
271ec176: folds
603542: folds
87f17879: folds
b1a48f90: folds
Uncalled bet ($0.03) returned to Hero
*** SHOWDOWN ***
Hero collected $0.04 from pot
*** SUMMARY ***
Total pot $0.04 | Rake $0 | Jackpot $0 | Bingo $0 | Fortune $0
Seat 1: 271ec176 folded before Flop (didn't bet)
Seat 2: 603542 folded before Flop (didn't bet)
Seat 3: 87f17879 (button) folded before Flop (didn't bet)
Seat 4: b1a48f90 (small blind) folded before Flop
Seat 5: Hero (big blind) collected ($0.04)
Seat 6: cdbbecbb folded before Flop (didn't bet)


Poker Hand #HD1194981975: Hold'em No Limit  ($0.02/$0.05) - 2023/04/08 17:09:42
Table 'NLHBlue89' 6-max Seat #2 is the button
Seat 1: 271ec176 ($6.12 in chips)
Seat 2: 603542 ($5 in chips)
Seat 3: 87f17879 ($2.64 in chips)
Seat 4: b1a48f90 ($5.69 in chips)
Seat 5: Hero ($5.39 in chips)
Seat 6: cdbbecbb ($5 in chips)
87f17879: posts small blind $0.02
b1a48f90: posts big blind $0.05
*** HOLE CARDS ***
Dealt to 271ec176 
Dealt to 603542 
Dealt to 87f17879 
Dealt to b1a48f90 
Dealt to Hero [3s 4c]
Dealt to cdbbecbb 
Hero: folds
cdbbecbb: folds
271ec176: folds
603542: folds
87f17879: folds
Uncalled bet ($0.03) returned to b1a48f90
*** SHOWDOWN ***
b1a48f90 collected $0.04 from pot
*** SUMMARY ***
Total pot $0.04 | Rake $0 | Jackpot $0 | Bingo $0 | Fortune $0
Seat 1: 271ec176 folded before Flop (didn't bet)
Seat 2: 603542 (button) folded before Flop (didn't bet)
Seat 3: 87f17879 (small blind) folded before Flop
Seat 4: b1a48f90 (big blind) collected ($0.04)
Seat 5: Hero folded before Flop (didn't bet)
Seat 6: cdbbecbb folded before Flop (didn't bet)


Poker Hand #HD1194981809: Hold'em No Limit  ($0.02/$0.05) - 2023/04/08 17:08:46
Table 'NLHBlue89' 6-max Seat #1 is the button
Seat 1: 271ec176 ($6.12 in chips)
Seat 2: 603542 ($5.02 in chips)
Seat 3: 87f17879 ($2.5 in chips)
Seat 4: b1a48f90 ($5.69 in chips)
Seat 5: Hero ($5.39 in chips)
Seat 6: cdbbecbb ($3.79 in chips)
603542: posts small blind $0.02
87f17879: posts big blind $0.05
*** HOLE CARDS ***
Dealt to 271ec176 
Dealt to 603542 
Dealt to 87f17879 
Dealt to b1a48f90 
Dealt to Hero [Qc 4d]
Dealt to cdbbecbb 
b1a48f90: folds
Hero: folds
cdbbecbb: folds
271ec176: folds
603542: raises $0.1 to $0.15
87f17879: calls $0.1
*** FLOP *** [9s 2h 9h]
603542: checks
87f17879: checks
*** TURN *** [9s 2h 9h] [5h]
603542: checks
87f17879: checks
*** RIVER *** [9s 2h 9h 5h] [8h]
603542: checks
87f17879: checks
603542: shows [Tc Ks] (Pair of Nines)
87f17879: shows [Jc 8s] (Pair of Nines and Pair of Eights)
*** SHOWDOWN ***
87f17879 collected $0.29 from pot
*** SUMMARY ***
Total pot $0.3 | Rake $0.01 | Jackpot $0 | Bingo $0 | Fortune $0
Board [9s 2h 9h 5h 8h]
Seat 1: 271ec176 (button) folded before Flop (didn't bet)
Seat 2: 603542 (small blind) showed [Tc Ks] and lost with Pair of Nines
Seat 3: 87f17879 (big blind) showed [Jc 8s] and won ($0.29) with Pair of Nines and Pair of Eights
Seat 4: b1a48f90 folded before Flop (didn't bet)
Seat 5: Hero folded before Flop (didn't bet)
Seat 6: cdbbecbb folded before Flop (didn't bet)


Poker Hand #HD1194981785: Hold'em No Limit  ($0.02/$0.05) - 2023/04/08 17:08:35
Table 'NLHBlue89' 6-max Seat #6 is the button
Seat 1: 271ec176 ($6.14 in chips)
Seat 2: 603542 ($5 in chips)
Seat 4: b1a48f90 ($5.69 in chips)
Seat 5: Hero ($5.39 in chips)
Seat 6: cdbbecbb ($3.79 in chips)
271ec176: posts small blind $0.02
603542: posts big blind $0.05
*** HOLE CARDS ***
Dealt to 271ec176 
Dealt to 603542 
Dealt to b1a48f90 
Dealt to Hero [6d Td]
Dealt to cdbbecbb 
b1a48f90: folds
Hero: folds
cdbbecbb: folds
271ec176: folds
Uncalled bet ($0.03) returned to 603542
*** SHOWDOWN ***
603542 collected $0.04 from pot
*** SUMMARY ***
Total pot $0.04 | Rake $0 | Jackpot $0 | Bingo $0 | Fortune $0
Seat 1: 271ec176 (small blind) folded before Flop
Seat 2: 603542 (big blind) collected ($0.04)
Seat 4: b1a48f90 folded before Flop (didn't bet)
Seat 5: Hero folded before Flop (didn't bet)
Seat 6: cdbbecbb (button) folded before Flop (didn't bet)


Poker Hand #HD1194981622: Hold'em No Limit  ($0.02/$0.05) - 2023/04/08 17:07:33
Table 'NLHBlue89' 6-max Seat #5 is the button
Seat 1: 271ec176 ($5.39 in chips)
Seat 2: 603542 ($5 in chips)
Seat 4: b1a48f90 ($5.69 in chips)
Seat 5: Hero ($5.39 in chips)
Seat 6: cdbbecbb ($4.67 in chips)
cdbbecbb: posts small blind $0.02
271ec176: posts big blind $0.05
*** HOLE CARDS ***
Dealt to 271ec176 
Dealt to 603542 
Dealt to b1a48f90 
Dealt to Hero [Qs 3c]
Dealt to cdbbecbb 
603542: folds
b1a48f90: folds
Hero: folds
cdbbecbb: raises $0.1 to $0.15
271ec176: calls $0.1
*** FLOP *** [8d 7d Js]
cdbbecbb: checks
271ec176: checks
*** TURN *** [8d 7d Js] [4c]
cdbbecbb: checks
271ec176: bets $0.2
cdbbecbb: calls $0.2
*** RIVER *** [8d 7d Js 4c] [Tc]
cdbbecbb: bets $0.53
271ec176: calls $0.53
cdbbecbb: shows [8s Ts] (Pair of Tens and Pair of Eights)
271ec176: shows [7s 7h] (Three Sevens)
*** SHOWDOWN ***
271ec176 collected $1.63 from pot
*** SUMMARY ***
Total pot $1.76 | Rake $0.08 | Jackpot $0.05 | Bingo $0 | Fortune $0
Board [8d 7d Js 4c Tc]
Seat 1: 271ec176 (big blind) showed [7s 7h] and won ($1.63) with Three Sevens
Seat 2: 603542 folded before Flop (didn't bet)
Seat 4: b1a48f90 folded before Flop (didn't bet)
Seat 5: Hero (button) folded before Flop (didn't bet)
Seat 6: cdbbecbb (small blind) showed [8s Ts] and lost with Pair of Tens and Pair of Eights


Poker Hand #HD1194981579: Hold'em No Limit  ($0.02/$0.05) - 2023/04/08 17:07:17
Table 'NLHBlue89' 6-max Seat #4 is the button
Seat 1: 271ec176 ($5.39 in chips)
Seat 2: 603542 ($5 in chips)
Seat 4: b1a48f90 ($5.62 in chips)
Seat 5: Hero ($5.41 in chips)
Seat 6: cdbbecbb ($4.72 in chips)
Hero: posts small blind $0.02
cdbbecbb: posts big blind $0.05
*** HOLE CARDS ***
Dealt to 271ec176 
Dealt to 603542 
Dealt to b1a48f90 
Dealt to Hero [4h 9s]
Dealt to cdbbecbb 
271ec176: folds
603542: folds
b1a48f90: raises $0.08 to $0.13
Hero: folds
cdbbecbb: folds
Uncalled bet ($0.08) returned to b1a48f90
*** SHOWDOWN ***
b1a48f90 collected $0.12 from pot
*** SUMMARY ***
Total pot $0.12 | Rake $0 | Jackpot $0 | Bingo $0 | Fortune $0
Seat 1: 271ec176 folded before Flop (didn't bet)
Seat 2: 603542 folded before Flop (didn't bet)
Seat 4: b1a48f90 (button) collected ($0.12)
Seat 5: Hero (small blind) folded before Flop
Seat 6: cdbbecbb (big blind) folded before Flop


Poker Hand #HD1194981527: Hold'em No Limit  ($0.02/$0.05) - 2023/04/08 17:06:56
Table 'NLHBlue89' 6-max Seat #3 is the button
Seat 1: 271ec176 ($5.39 in chips)
Seat 2: 603542 ($5 in chips)
Seat 3: bd4d3b0 ($6.85 in chips)
Seat 4: b1a48f90 ($5.64 in chips)
Seat 5: Hero ($5.39 in chips)
Seat 6: cdbbecbb ($4.72 in chips)
b1a48f90: posts small blind $0.02
Hero: posts big blind $0.05
*** HOLE CARDS ***
Dealt to 271ec176 
Dealt to 603542 
Dealt to bd4d3b0 
Dealt to b1a48f90 
Dealt to Hero [Jc 3h]
Dealt to cdbbecbb 
cdbbecbb: folds
271ec176: folds
603542: folds
bd4d3b0: folds
b1a48f90: folds
Uncalled bet ($0.03) returned to Hero
*** SHOWDOWN ***
Hero collected $0.04 from pot
*** SUMMARY ***
Total pot $0.04 | Rake $0 | Jackpot $0 | Bingo $0 | Fortune $0
Seat 1: 271ec176 folded before Flop (didn't bet)
Seat 2: 603542 folded before Flop (didn't bet)
Seat 3: bd4d3b0 (button) folded before Flop (didn't bet)
Seat 4: b1a48f90 (small blind) folded before Flop
Seat 5: Hero (big blind) collected ($0.04)
Seat 6: cdbbecbb folded before Flop (didn't bet)


Poker Hand #HD1194981333: Hold'em No Limit  ($0.02/$0.05) - 2023/04/08 17:05:51
Table 'NLHBlue89' 6-max Seat #2 is the button
Seat 1: 271ec176 ($5.39 in chips)
Seat 2: 603542 ($5 in chips)
Seat 3: bd4d3b0 ($6.47 in chips)
Seat 4: b1a48f90 ($5.69 in chips)
Seat 5: Hero ($5.39 in chips)
Seat 6: cdbbecbb ($5.09 in chips)
bd4d3b0: posts small blind $0.02
b1a48f90: posts big blind $0.05
*** HOLE CARDS ***
Dealt to 271ec176 
Dealt to 603542 
Dealt to bd4d3b0 
Dealt to b1a48f90 
Dealt to Hero [7h 9s]
Dealt to cdbbecbb 
Hero: folds
cdbbecbb: raises $0.08 to $0.13
271ec176: folds
603542: folds
bd4d3b0: calls $0.11
b1a48f90: folds
*** FLOP *** [Qh Ts 2h]
bd4d3b0: checks
cdbbecbb: checks
*** TURN *** [Qh Ts 2h] [9c]
bd4d3b0: bets $0.24
cdbbecbb: calls $0.24
*** RIVER *** [Qh Ts 2h 9c] [9h]
bd4d3b0: checks
cdbbecbb: checks
bd4d3b0: shows [Ac Qc] (Pair of Queens and Pair of Nines)
cdbbecbb: shows [Jd Jh] (Pair of Jacks and Pair of Nines)
*** SHOWDOWN ***
bd4d3b0 collected $0.75 from pot
*** SUMMARY ***
Total pot $0.79 | Rake $0.04 | Jackpot $0 | Bingo $0 | Fortune $0
Board [Qh Ts 2h 9c 9h]
Seat 1: 271ec176 folded before Flop (didn't bet)
Seat 2: 603542 (button) folded before Flop (didn't bet)
Seat 3: bd4d3b0 (small blind) showed [Ac Qc] and won ($0.75) with Pair of Queens and Pair of Nines
Seat 4: b1a48f90 (big blind) folded before Flop
Seat 5: Hero folded before Flop (didn't bet)
Seat 6: cdbbecbb showed [Jd Jh] and lost with Pair of Jacks and Pair of Nines


Poker Hand #HD1194981280: Hold'em No Limit  ($0.02/$0.05) - 2023/04/08 17:05:33
Table 'NLHBlue89' 6-max Seat #1 is the button
Seat 1: 271ec176 ($5.39 in chips)
Seat 2: 603542 ($5 in chips)
Seat 3: bd4d3b0 ($6.52 in chips)
Seat 4: b1a48f90 ($5.62 in chips)
Seat 5: Hero ($5.39 in chips)
Seat 6: cdbbecbb ($5.09 in chips)
603542: posts small blind $0.02
bd4d3b0: posts big blind $0.05
*** HOLE CARDS ***
Dealt to 271ec176 
Dealt to 603542 
Dealt to bd4d3b0 
Dealt to b1a48f90 
Dealt to Hero [Qd Js]
Dealt to cdbbecbb 
b1a48f90: raises $0.08 to $0.13
Hero: folds
cdbbecbb: folds
271ec176: folds
603542: folds
bd4d3b0: folds
Uncalled bet ($0.08) returned to b1a48f90
*** SHOWDOWN ***
b1a48f90 collected $0.12 from pot
*** SUMMARY ***
Total pot $0.12 | Rake $0 | Jackpot $0 | Bingo $0 | Fortune $0
Seat 1: 271ec176 (button) folded before Flop (didn't bet)
Seat 2: 603542 (small blind) folded before Flop
Seat 3: bd4d3b0 (big blind) folded before Flop
Seat 4: b1a48f90 collected ($0.12)
Seat 5: Hero folded before Flop (didn't bet)
Seat 6: cdbbecbb folded before Flop (didn't bet)


Poker Hand #HD1194981084: Hold'em No Limit  ($0.02/$0.05) - 2023/04/08 17:04:23
Table 'NLHBlue89' 6-max Seat #6 is the button
Seat 1: 271ec176 ($5.27 in chips)
Seat 2: 603542 ($5 in chips)
Seat 3: bd4d3b0 ($6.52 in chips)
Seat 4: b1a48f90 ($5.62 in chips)
Seat 5: Hero ($5.39 in chips)
Seat 6: cdbbecbb ($5.09 in chips)
271ec176: posts small blind $0.02
603542: posts big blind $0.05
*** HOLE CARDS ***
Dealt to 271ec176 
Dealt to 603542 
Dealt to bd4d3b0 
Dealt to b1a48f90 
Dealt to Hero [2s 7d]
Dealt to cdbbecbb 
bd4d3b0: folds
b1a48f90: folds
Hero: folds
cdbbecbb: folds
271ec176: raises $0.08 to $0.13
603542: calls $0.08
*** FLOP *** [7h 4c Jh]
271ec176: checks
603542: checks
*** TURN *** [7h 4c Jh] [Kc]
271ec176: bets $0.18
603542: folds
Uncalled bet ($0.18) returned to 271ec176
*** SHOWDOWN ***
271ec176 collected $0.25 from pot
*** SUMMARY ***
Total pot $0.26 | Rake $0.01 | Jackpot $0 | Bingo $0 | Fortune $0
Board [7h 4c Jh Kc]
Seat 1: 271ec176 (small blind) won ($0.25)
Seat 2: 603542 (big blind) folded on the Turn
Seat 3: bd4d3b0 folded before Flop (didn't bet)
Seat 4: b1a48f90 folded before Flop (didn't bet)
Seat 5: Hero folded before Flop (didn't bet)
Seat 6: cdbbecbb (button) folded before Flop (didn't bet)


Poker Hand #HD1194980951: Hold'em No Limit  ($0.02/$0.05) - 2023/04/08 17:03:38
Table 'NLHBlue89' 6-max Seat #5 is the button
Seat 1: 271ec176 ($5.32 in chips)
Seat 2: 603542 ($5 in chips)
Seat 3: bd4d3b0 ($6.52 in chips)
Seat 4: b1a48f90 ($5.98 in chips)
Seat 5: Hero ($5 in chips)
Seat 6: cdbbecbb ($5.11 in chips)
cdbbecbb: posts small blind $0.02
271ec176: posts big blind $0.05
*** HOLE CARDS ***
Dealt to 271ec176 
Dealt to 603542 
Dealt to bd4d3b0 
Dealt to b1a48f90 
Dealt to Hero [5c Ac]
Dealt to cdbbecbb 
603542: folds
bd4d3b0: folds
b1a48f90: raises $0.08 to $0.13
Hero: raises $0.23 to $0.36
cdbbecbb: folds
271ec176: folds
b1a48f90: calls $0.23
*** FLOP *** [5d 4h Ks]
b1a48f90: checks
Hero: bets $0.29
b1a48f90: folds
Uncalled bet ($0.29) returned to Hero
*** SHOWDOWN ***
Hero collected $0.75 from pot
*** SUMMARY ***
Total pot $0.79 | Rake $0.04 | Jackpot $0 | Bingo $0 | Fortune $0
Board [5d 4h Ks]
Seat 1: 271ec176 (big blind) folded before Flop
Seat 2: 603542 folded before Flop (didn't bet)
Seat 3: bd4d3b0 folded before Flop (didn't bet)
Seat 4: b1a48f90 folded on the Flop
Seat 5: Hero (button) won ($0.75)
Seat 6: cdbbecbb (small blind) folded before Flop


Poker Hand #HD1194980897: Hold'em No Limit  ($0.02/$0.05) - 2023/04/08 17:03:19
Table 'NLHBlue89' 6-max Seat #4 is the button
Seat 1: 271ec176 ($5.32 in chips)
Seat 2: 603542 ($5 in chips)
Seat 3: bd4d3b0 ($6.52 in chips)
Seat 4: b1a48f90 ($5.98 in chips)
Seat 5: Hero ($5.02 in chips)
Seat 6: cdbbecbb ($5.09 in chips)
Hero: posts small blind $0.02
cdbbecbb: posts big blind $0.05
*** HOLE CARDS ***
Dealt to 271ec176 
Dealt to 603542 
Dealt to bd4d3b0 
Dealt to b1a48f90 
Dealt to Hero [6s 7d]
Dealt to cdbbecbb 
271ec176: folds
603542: folds
bd4d3b0: folds
b1a48f90: folds
Hero: folds
Uncalled bet ($0.03) returned to cdbbecbb
*** SHOWDOWN ***
cdbbecbb collected $0.04 from pot
*** SUMMARY ***
Total pot $0.04 | Rake $0 | Jackpot $0 | Bingo $0 | Fortune $0
Seat 1: 271ec176 folded before Flop (didn't bet)
Seat 2: 603542 folded before Flop (didn't bet)
Seat 3: bd4d3b0 folded before Flop (didn't bet)
Seat 4: b1a48f90 (button) folded before Flop (didn't bet)
Seat 5: Hero (small blind) folded before Flop
Seat 6: cdbbecbb (big blind) collected ($0.04)


Poker Hand #HD1194980813: Hold'em No Limit  ($0.02/$0.05) - 2023/04/08 17:02:50
Table 'NLHBlue89' 6-max Seat #3 is the button
Seat 1: 271ec176 ($5.32 in chips)
Seat 2: 603542 ($5 in chips)
Seat 3: bd4d3b0 ($6.52 in chips)
Seat 4: b1a48f90 ($6 in chips)
Seat 5: Hero ($5 in chips)
Seat 6: cdbbecbb ($5.09 in chips)
b1a48f90: posts small blind $0.02
Hero: posts big blind $0.05
*** HOLE CARDS ***
Dealt to 271ec176 
Dealt to 603542 
Dealt to bd4d3b0 
Dealt to b1a48f90 
Dealt to Hero [9c Js]
Dealt to cdbbecbb 
cdbbecbb: folds
271ec176: folds
603542: folds
bd4d3b0: folds
b1a48f90: folds
Uncalled bet ($0.03) returned to Hero
*** SHOWDOWN ***
Hero collected $0.04 from pot
*** SUMMARY ***
Total pot $0.04 | Rake $0 | Jackpot $0 | Bingo $0 | Fortune $0
Seat 1: 271ec176 folded before Flop (didn't bet)
Seat 2: 603542 folded before Flop (didn't bet)
Seat 3: bd4d3b0 (button) folded before Flop (didn't bet)
Seat 4: b1a48f90 (small blind) folded before Flop
Seat 5: Hero (big blind) collected ($0.04)
Seat 6: cdbbecbb folded before Flop (didn't bet)


Poker Hand #HD1194980702: Hold'em No Limit  ($0.02/$0.05) - 2023/04/08 17:02:08
Table 'NLHBlue89' 6-max Seat #2 is the button
Seat 1: 271ec176 ($5 in chips)
Seat 2: 603542 ($5 in chips)
Seat 3: bd4d3b0 ($6.54 in chips)
Seat 4: b1a48f90 ($6.05 in chips)
Seat 5: Hero ($5 in chips)
Seat 6: cdbbecbb ($5.09 in chips)
bd4d3b0: posts small blind $0.02
b1a48f90: posts big blind $0.05
*** HOLE CARDS ***
Dealt to 271ec176 
Dealt to 603542 
Dealt to bd4d3b0 
Dealt to b1a48f90 
Dealt to Hero [Ac Ks]
Dealt to cdbbecbb 
Hero: raises $0.07 to $0.12
cdbbecbb: folds
271ec176: calls $0.12
603542: folds
bd4d3b0: folds
b1a48f90: folds
*** FLOP *** [Jd 9c 2d]
Hero: bets $0.16
271ec176: calls $0.16
*** TURN *** [Jd 9c 2d] [5d]
Hero: checks
271ec176: bets $0.26
Hero: folds
Uncalled bet ($0.26) returned to 271ec176
*** SHOWDOWN ***
271ec176 collected $0.6 from pot
*** SUMMARY ***
Total pot $0.63 | Rake $0.03 | Jackpot $0 | Bingo $0 | Fortune $0
Board [Jd 9c 2d 5d]
Seat 1: 271ec176 won ($0.6)
Seat 2: 603542 (button) folded before Flop (didn't bet)
Seat 3: bd4d3b0 (small blind) folded before Flop
Seat 4: b1a48f90 (big blind) folded before Flop
Seat 5: Hero folded on the Turn
Seat 6: cdbbecbb folded before Flop (didn't bet)


Poker Hand #HD1194980640: Hold'em No Limit  ($0.02/$0.05) - 2023/04/08 17:01:46
Table 'NLHBlue89' 6-max Seat #1 is the button
Seat 1: 271ec176 ($5 in chips)
Seat 2: 603542 ($5 in chips)
Seat 3: bd4d3b0 ($6.52 in chips)
Seat 4: b1a48f90 ($6.05 in chips)
Seat 5: Hero ($5 in chips)
Seat 6: cdbbecbb ($5.09 in chips)
603542: posts small blind $0.02
bd4d3b0: posts big blind $0.05
*** HOLE CARDS ***
Dealt to 271ec176 
Dealt to 603542 
Dealt to bd4d3b0 
Dealt to b1a48f90 
Dealt to Hero [9d Ac]
Dealt to cdbbecbb 
b1a48f90: folds
Hero: folds
cdbbecbb: folds
271ec176: folds
603542: folds
Uncalled bet ($0.03) returned to bd4d3b0
*** SHOWDOWN ***
bd4d3b0 collected $0.04 from pot
*** SUMMARY ***
Total pot $0.04 | Rake $0 | Jackpot $0 | Bingo $0 | Fortune $0
Seat 1: 271ec176 (button) folded before Flop (didn't bet)
Seat 2: 603542 (small blind) folded before Flop
Seat 3: bd4d3b0 (big blind) collected ($0.04)
Seat 4: b1a48f90 folded before Flop (didn't bet)
Seat 5: Hero folded before Flop (didn't bet)
Seat 6: cdbbecbb folded before Flop (didn't bet)


Poker Hand #HD1194980369: Hold'em No Limit  ($0.02/$0.05) - 2023/04/08 16:59:59
Table 'NLHBlue89' 6-max Seat #6 is the button
Seat 1: 271ec176 ($5 in chips)
Seat 2: 603542 ($5 in chips)
Seat 3: bd4d3b0 ($5.6 in chips)
Seat 4: b1a48f90 ($6.05 in chips)
Seat 5: Hero ($5 in chips)
Seat 6: cdbbecbb ($5.6 in chips)
271ec176: posts small blind $0.02
603542: posts big blind $0.05
*** HOLE CARDS ***
Dealt to 271ec176 
Dealt to 603542 
Dealt to bd4d3b0 
Dealt to b1a48f90 
Dealt to Hero [Jd 9d]
Dealt to cdbbecbb 
bd4d3b0: raises $0.1 to $0.15
b1a48f90: folds
Hero: folds
cdbbecbb: calls $0.15
271ec176: folds
603542: calls $0.1
*** FLOP *** [8s 9h 5h]
603542: checks
bd4d3b0: bets $0.36
cdbbecbb: calls $0.36
603542: calls $0.36
*** TURN *** [8s 9h 5h] [Qd]
603542: checks
bd4d3b0: bets $0.8
cdbbecbb: folds
603542: folds
Uncalled bet ($0.8) returned to bd4d3b0
*** SHOWDOWN ***
bd4d3b0 collected $1.43 from pot
*** SUMMARY ***
Total pot $1.55 | Rake $0.07 | Jackpot $0.05 | Bingo $0 | Fortune $0
Board [8s 9h 5h Qd]
Seat 1: 271ec176 (small blind) folded before Flop
Seat 2: 603542 (big blind) folded on the Turn
Seat 3: bd4d3b0 won ($1.43)
Seat 4: b1a48f90 folded before Flop (didn't bet)
Seat 5: Hero folded before Flop (didn't bet)
Seat 6: cdbbecbb (button) folded on the Turn


Poker Hand #HD1194980237: Hold'em No Limit  ($0.02/$0.05) - 2023/04/08 16:59:13
Table 'NLHBlue89' 6-max Seat #5 is the button
Seat 1: 271ec176 ($5.65 in chips)
Seat 3: bd4d3b0 ($5.6 in chips)
Seat 4: b1a48f90 ($5.3 in chips)
Seat 5: Hero ($5 in chips)
Seat 6: cdbbecbb ($5.62 in chips)
cdbbecbb: posts small blind $0.02
271ec176: posts big blind $0.05
*** HOLE CARDS ***
Dealt to 271ec176 
Dealt to bd4d3b0 
Dealt to b1a48f90 
Dealt to Hero [4h 3d]
Dealt to cdbbecbb 
bd4d3b0: folds
b1a48f90: raises $0.08 to $0.13
Hero: folds
cdbbecbb: folds
271ec176: raises $0.38 to $0.51
b1a48f90: calls $0.38
*** FLOP *** [Qs As 7c]
271ec176: bets $0.35
b1a48f90: raises $0.46 to $0.81
271ec176: folds
Uncalled bet ($0.46) returned to b1a48f90
*** SHOWDOWN ***
b1a48f90 collected $1.61 from pot
*** SUMMARY ***
Total pot $1.74 | Rake $0.08 | Jackpot $0.05 | Bingo $0 | Fortune $0
Board [Qs As 7c]
Seat 1: 271ec176 (big blind) folded on the Flop
Seat 3: bd4d3b0 folded before Flop (didn't bet)
Seat 4: b1a48f90 won ($1.61)
Seat 5: Hero (button) folded before Flop (didn't bet)
Seat 6: cdbbecbb (small blind) folded before Flop


Poker Hand #HD1194980195: Hold'em No Limit  ($0.02/$0.05) - 2023/04/08 16:58:55
Table 'NLHBlue89' 6-max Seat #4 is the button
Seat 1: 271ec176 ($5.65 in chips)
Seat 2: ce097694 ($6.23 in chips)
Seat 3: bd4d3b0 ($5.6 in chips)
Seat 4: b1a48f90 ($5.3 in chips)
Seat 5: Hero ($5.02 in chips)
Seat 6: cdbbecbb ($5.6 in chips)
Hero: posts small blind $0.02
cdbbecbb: posts big blind $0.05
*** HOLE CARDS ***
Dealt to 271ec176 
Dealt to ce097694 
Dealt to bd4d3b0 
Dealt to b1a48f90 
Dealt to Hero [Td 2c]
Dealt to cdbbecbb 
271ec176: folds
ce097694: folds
bd4d3b0: folds
b1a48f90: folds
Hero: folds
Uncalled bet ($0.03) returned to cdbbecbb
*** SHOWDOWN ***
cdbbecbb collected $0.04 from pot
*** SUMMARY ***
Total pot $0.04 | Rake $0 | Jackpot $0 | Bingo $0 | Fortune $0
Seat 1: 271ec176 folded before Flop (didn't bet)
Seat 2: ce097694 folded before Flop (didn't bet)
Seat 3: bd4d3b0 folded before Flop (didn't bet)
Seat 4: b1a48f90 (button) folded before Flop (didn't bet)
Seat 5: Hero (small blind) folded before Flop
Seat 6: cdbbecbb (big blind) collected ($0.04)


Poker Hand #HD1194980140: Hold'em No Limit  ($0.02/$0.05) - 2023/04/08 16:58:38
Table 'NLHBlue89' 6-max Seat #3 is the button
Seat 1: 271ec176 ($5.65 in chips)
Seat 2: ce097694 ($6.23 in chips)
Seat 3: bd4d3b0 ($5.6 in chips)
Seat 4: b1a48f90 ($5.32 in chips)
Seat 5: Hero ($5 in chips)
Seat 6: cdbbecbb ($5.6 in chips)
b1a48f90: posts small blind $0.02
Hero: posts big blind $0.05
*** HOLE CARDS ***
Dealt to 271ec176 
Dealt to ce097694 
Dealt to bd4d3b0 
Dealt to b1a48f90 
Dealt to Hero [Kc 6d]
Dealt to cdbbecbb 
cdbbecbb: folds
271ec176: folds
ce097694: folds
bd4d3b0: folds
b1a48f90: folds
Uncalled bet ($0.03) returned to Hero
*** SHOWDOWN ***
Hero collected $0.04 from pot
*** SUMMARY ***
Total pot $0.04 | Rake $0 | Jackpot $0 | Bingo $0 | Fortune $0
Seat 1: 271ec176 folded before Flop (didn't bet)
Seat 2: ce097694 folded before Flop (didn't bet)
Seat 3: bd4d3b0 (button) folded before Flop (didn't bet)
Seat 4: b1a48f90 (small blind) folded before Flop
Seat 5: Hero (big blind) collected ($0.04)
Seat 6: cdbbecbb folded before Flop (didn't bet)


Poker Hand #HD1194980059: Hold'em No Limit  ($0.02/$0.05) - 2023/04/08 16:58:03
Table 'NLHBlue89' 6-max Seat #2 is the button
Seat 1: 271ec176 ($5.8 in chips)
Seat 2: ce097694 ($6.23 in chips)
Seat 3: bd4d3b0 ($5.41 in chips)
Seat 4: b1a48f90 ($5.37 in chips)
Seat 5: Hero ($5 in chips)
Seat 6: cdbbecbb ($5.6 in chips)
bd4d3b0: posts small blind $0.02
b1a48f90: posts big blind $0.05
*** HOLE CARDS ***
Dealt to 271ec176 
Dealt to ce097694 
Dealt to bd4d3b0 
Dealt to b1a48f90 
Dealt to Hero [As 7d]
Dealt to cdbbecbb 
Hero: folds
cdbbecbb: folds
271ec176: raises $0.1 to $0.15
ce097694: folds
bd4d3b0: raises $0.45 to $0.6
b1a48f90: folds
271ec176: folds
Uncalled bet ($0.45) returned to bd4d3b0
*** SHOWDOWN ***
bd4d3b0 collected $0.34 from pot
*** SUMMARY ***
Total pot $0.35 | Rake $0.01 | Jackpot $0 | Bingo $0 | Fortune $0
Seat 1: 271ec176 folded before Flop
Seat 2: ce097694 (button) folded before Flop (didn't bet)
Seat 3: bd4d3b0 (small blind) collected ($0.34)
Seat 4: b1a48f90 (big blind) folded before Flop
Seat 5: Hero folded before Flop (didn't bet)
Seat 6: cdbbecbb folded before Flop (didn't bet)


Poker Hand #HD1194979923: Hold'em No Limit  ($0.02/$0.05) - 2023/04/08 16:57:17
Table 'NLHBlue89' 6-max Seat #1 is the button
Seat 1: 271ec176 ($5.73 in chips)
Seat 2: ce097694 ($6.25 in chips)
Seat 3: bd4d3b0 ($5.46 in chips)
Seat 4: b1a48f90 ($5.37 in chips)
Seat 5: Hero ($5 in chips)
Seat 6: cdbbecbb ($5.6 in chips)
ce097694: posts small blind $0.02
bd4d3b0: posts big blind $0.05
*** HOLE CARDS ***
Dealt to 271ec176 
Dealt to ce097694 
Dealt to bd4d3b0 
Dealt to b1a48f90 
Dealt to Hero [Jc 3c]
Dealt to cdbbecbb 
b1a48f90: folds
Hero: folds
cdbbecbb: folds
271ec176: raises $0.08 to $0.13
ce097694: folds
bd4d3b0: folds
Uncalled bet ($0.08) returned to 271ec176
*** SHOWDOWN ***
271ec176 collected $0.12 from pot
*** SUMMARY ***
Total pot $0.12 | Rake $0 | Jackpot $0 | Bingo $0 | Fortune $0
Seat 1: 271ec176 (button) collected ($0.12)
Seat 2: ce097694 (small blind) folded before Flop
Seat 3: bd4d3b0 (big blind) folded before Flop
Seat 4: b1a48f90 folded before Flop (didn't bet)
Seat 5: Hero folded before Flop (didn't bet)
Seat 6: cdbbecbb folded before Flop (didn't bet)


Poker Hand #HD1194979651: Hold'em No Limit  ($0.02/$0.05) - 2023/04/08 16:55:40
Table 'NLHBlue89' 6-max Seat #6 is the button
Seat 1: 271ec176 ($5.75 in chips)
Seat 2: ce097694 ($6.4 in chips)
Seat 3: bd4d3b0 ($5.16 in chips)
Seat 4: b1a48f90 ($5.37 in chips)
Seat 5: Hero ($5 in chips)
Seat 6: cdbbecbb ($5.75 in chips)
271ec176: posts small blind $0.02
ce097694: posts big blind $0.05
*** HOLE CARDS ***
Dealt to 271ec176 
Dealt to ce097694 
Dealt to bd4d3b0 
Dealt to b1a48f90 
Dealt to Hero [3d 5c]
Dealt to cdbbecbb 
bd4d3b0: raises $0.1 to $0.15
b1a48f90: folds
Hero: folds
cdbbecbb: calls $0.15
271ec176: folds
ce097694: calls $0.1
*** FLOP *** [As 9d Th]
ce097694: checks
bd4d3b0: checks
cdbbecbb: checks
*** TURN *** [As 9d Th] [6c]
ce097694: checks
bd4d3b0: bets $0.36
cdbbecbb: folds
ce097694: folds
Uncalled bet ($0.36) returned to bd4d3b0
*** SHOWDOWN ***
bd4d3b0 collected $0.45 from pot
*** SUMMARY ***
Total pot $0.47 | Rake $0.02 | Jackpot $0 | Bingo $0 | Fortune $0
Board [As 9d Th 6c]
Seat 1: 271ec176 (small blind) folded before Flop
Seat 2: ce097694 (big blind) folded on the Turn
Seat 3: bd4d3b0 won ($0.45)
Seat 4: b1a48f90 folded before Flop (didn't bet)
Seat 5: Hero folded before Flop (didn't bet)
Seat 6: cdbbecbb (button) folded on the Turn


Poker Hand #HD1194979485: Hold'em No Limit  ($0.02/$0.05) - 2023/04/08 16:54:41
Table 'NLHBlue89' 6-max Seat #5 is the button
Seat 1: 271ec176 ($5.8 in chips)
Seat 2: ce097694 ($6.4 in chips)
Seat 3: bd4d3b0 ($5.16 in chips)
Seat 4: b1a48f90 ($5.5 in chips)
Seat 5: Hero ($5 in chips)
Seat 6: cdbbecbb ($5.58 in chips)
cdbbecbb: posts small blind $0.02
271ec176: posts big blind $0.05
*** HOLE CARDS ***
Dealt to 271ec176 
Dealt to ce097694 
Dealt to bd4d3b0 
Dealt to b1a48f90 
Dealt to Hero [7h Qs]
Dealt to cdbbecbb 
ce097694: folds
bd4d3b0: folds
b1a48f90: raises $0.08 to $0.13
Hero: folds
cdbbecbb: raises $0.37 to $0.5
271ec176: folds
b1a48f90: folds
Uncalled bet ($0.37) returned to cdbbecbb
*** SHOWDOWN ***
cdbbecbb collected $0.3 from pot
*** SUMMARY ***
Total pot $0.31 | Rake $0.01 | Jackpot $0 | Bingo $0 | Fortune $0
Seat 1: 271ec176 (big blind) folded before Flop
Seat 2: ce097694 folded before Flop (didn't bet)
Seat 3: bd4d3b0 folded before Flop (didn't bet)
Seat 4: b1a48f90 folded before Flop
Seat 5: Hero (button) folded before Flop (didn't bet)
Seat 6: cdbbecbb (small blind) collected ($0.3)


Poker Hand #HD1194979438: Hold'em No Limit  ($0.02/$0.05) - 2023/04/08 16:54:22
Table 'NLHBlue89' 6-max Seat #4 is the button
Seat 1: 271ec176 ($5.8 in chips)
Seat 2: ce097694 ($6.4 in chips)
Seat 3: bd4d3b0 ($5.16 in chips)
Seat 4: b1a48f90 ($5.43 in chips)
Seat 5: Hero ($5 in chips)
Seat 6: cdbbecbb ($5.63 in chips)
Hero: posts small blind $0.02
cdbbecbb: posts big blind $0.05
*** HOLE CARDS ***
Dealt to 271ec176 
Dealt to ce097694 
Dealt to bd4d3b0 
Dealt to b1a48f90 
Dealt to Hero [Th Qd]
Dealt to cdbbecbb 
271ec176: folds
ce097694: folds
bd4d3b0: folds
b1a48f90: raises $0.08 to $0.13
Hero: folds
cdbbecbb: folds
Uncalled bet ($0.08) returned to b1a48f90
*** SHOWDOWN ***
b1a48f90 collected $0.12 from pot
*** SUMMARY ***
Total pot $0.12 | Rake $0 | Jackpot $0 | Bingo $0 | Fortune $0
Seat 1: 271ec176 folded before Flop (didn't bet)
Seat 2: ce097694 folded before Flop (didn't bet)
Seat 3: bd4d3b0 folded before Flop (didn't bet)
Seat 4: b1a48f90 (button) collected ($0.12)
Seat 5: Hero (small blind) folded before Flop
Seat 6: cdbbecbb (big blind) folded before Flop


Poker Hand #HD1194979318: Hold'em No Limit  ($0.02/$0.05) - 2023/04/08 16:53:38
Table 'NLHBlue89' 6-max Seat #3 is the button
Seat 1: 271ec176 ($5.8 in chips)
Seat 2: ce097694 ($6.28 in chips)
Seat 3: bd4d3b0 ($5.16 in chips)
Seat 4: b1a48f90 ($5.45 in chips)
Seat 5: Hero ($5 in chips)
Seat 6: cdbbecbb ($5.63 in chips)
b1a48f90: posts small blind $0.02
Hero: posts big blind $0.05
*** HOLE CARDS ***
Dealt to 271ec176 
Dealt to ce097694 
Dealt to bd4d3b0 
Dealt to b1a48f90 
Dealt to Hero [3s 3h]
Dealt to cdbbecbb 
cdbbecbb: folds
271ec176: folds
ce097694: raises $0.06 to $0.11
bd4d3b0: folds
b1a48f90: folds
Hero: calls $0.06
*** FLOP *** [Th Td Qs]
Hero: checks
ce097694: bets $0.08
Hero: folds
Uncalled bet ($0.08) returned to ce097694
*** SHOWDOWN ***
ce097694 collected $0.23 from pot
*** SUMMARY ***
Total pot $0.24 | Rake $0.01 | Jackpot $0 | Bingo $0 | Fortune $0
Board [Th Td Qs]
Seat 1: 271ec176 folded before Flop (didn't bet)
Seat 2: ce097694 won ($0.23)
Seat 3: bd4d3b0 (button) folded before Flop (didn't bet)
Seat 4: b1a48f90 (small blind) folded before Flop
Seat 5: Hero (big blind) folded on the Flop
Seat 6: cdbbecbb folded before Flop (didn't bet)


