Poker Hand #HD1157475232: Hold'em No Limit  ($0.02/$0.05) - 2023/03/12 21:58:59
Table 'NLHBlue108' 6-max Seat #1 is the button
Seat 1: 86d2550f ($6.98 in chips)
Seat 2: 5fbf3879 ($7.68 in chips)
Seat 3: 1e5b3214 ($9.91 in chips)
Seat 4: Hero ($5 in chips)
5fbf3879: posts small blind $0.02
1e5b3214: posts big blind $0.05
*** HOLE CARDS ***
Dealt to 86d2550f 
Dealt to 5fbf3879 
Dealt to 1e5b3214 
Dealt to Hero [5s 4h]
Hero: folds
86d2550f: folds
5fbf3879: raises $0.13 to $0.18
1e5b3214: folds
Uncalled bet ($0.13) returned to 5fbf3879
*** SHOWDOWN ***
5fbf3879 collected $0.1 from pot
*** SUMMARY ***
Total pot $0.1 | Rake $0 | Jackpot $0 | Bingo $0 | Fortune $0
Seat 1: 86d2550f (button) folded before Flop (didn't bet)
Seat 2: 5fbf3879 (small blind) collected ($0.1)
Seat 3: 1e5b3214 (big blind) folded before Flop
Seat 4: Hero folded before Flop (didn't bet)


Poker Hand #HD1157475126: Hold'em No Limit  ($0.02/$0.05) - 2023/03/12 21:58:12
Table 'NLHBlue108' 6-max Seat #4 is the button
Seat 1: 86d2550f ($7 in chips)
Seat 2: 5fbf3879 ($7.55 in chips)
Seat 3: 1e5b3214 ($9.91 in chips)
Seat 4: Hero ($5.07 in chips)
86d2550f: posts small blind $0.02
5fbf3879: posts big blind $0.05
*** HOLE CARDS ***
Dealt to 86d2550f 
Dealt to 5fbf3879 
Dealt to 1e5b3214 
Dealt to Hero [Ac 9d]
1e5b3214: folds
Hero: raises $0.07 to $0.12
86d2550f: folds
5fbf3879: calls $0.07
*** FLOP *** [2d 5d 6h]
5fbf3879: checks
Hero: checks
*** TURN *** [2d 5d 6h] [Kc]
5fbf3879: bets $0.12
Hero: folds
Uncalled bet ($0.12) returned to 5fbf3879
*** SHOWDOWN ***
5fbf3879 collected $0.25 from pot
*** SUMMARY ***
Total pot $0.26 | Rake $0.01 | Jackpot $0 | Bingo $0 | Fortune $0
Board [2d 5d 6h Kc]
Seat 1: 86d2550f (small blind) folded before Flop
Seat 2: 5fbf3879 (big blind) won ($0.25)
Seat 3: 1e5b3214 folded before Flop (didn't bet)
Seat 4: Hero (button) folded on the Turn


Poker Hand #HD1157475096: Hold'em No Limit  ($0.02/$0.05) - 2023/03/12 21:57:59
Table 'NLHBlue108' 6-max Seat #3 is the button
Seat 1: 86d2550f ($6.98 in chips)
Seat 2: 5fbf3879 ($7.55 in chips)
Seat 3: 1e5b3214 ($9.91 in chips)
Seat 4: Hero ($5.09 in chips)
Hero: posts small blind $0.02
86d2550f: posts big blind $0.05
*** HOLE CARDS ***
Dealt to 86d2550f 
Dealt to 5fbf3879 
Dealt to 1e5b3214 
Dealt to Hero [Jd 5c]
5fbf3879: folds
1e5b3214: folds
Hero: folds
Uncalled bet ($0.03) returned to 86d2550f
*** SHOWDOWN ***
86d2550f collected $0.04 from pot
*** SUMMARY ***
Total pot $0.04 | Rake $0 | Jackpot $0 | Bingo $0 | Fortune $0
Seat 1: 86d2550f (big blind) collected ($0.04)
Seat 2: 5fbf3879 folded before Flop (didn't bet)
Seat 3: 1e5b3214 (button) folded before Flop (didn't bet)
Seat 4: Hero (small blind) folded before Flop


Poker Hand #HD1157475052: Hold'em No Limit  ($0.02/$0.05) - 2023/03/12 21:57:42
Table 'NLHBlue108' 6-max Seat #2 is the button
Seat 1: 86d2550f ($6.98 in chips)
Seat 2: 5fbf3879 ($7.55 in chips)
Seat 3: 1e5b3214 ($9.93 in chips)
Seat 4: Hero ($5.07 in chips)
Seat 5: ead6865c ($5 in chips)
Seat 6: 51fd1cfe ($2.5 in chips)
1e5b3214: posts small blind $0.02
Hero: posts big blind $0.05
*** HOLE CARDS ***
Dealt to 86d2550f 
Dealt to 5fbf3879 
Dealt to 1e5b3214 
Dealt to Hero [4h 7c]
Dealt to ead6865c 
Dealt to 51fd1cfe 
ead6865c: folds
51fd1cfe: folds
86d2550f: folds
5fbf3879: folds
1e5b3214: folds
Uncalled bet ($0.03) returned to Hero
*** SHOWDOWN ***
Hero collected $0.04 from pot
*** SUMMARY ***
Total pot $0.04 | Rake $0 | Jackpot $0 | Bingo $0 | Fortune $0
Seat 1: 86d2550f folded before Flop (didn't bet)
Seat 2: 5fbf3879 (button) folded before Flop (didn't bet)
Seat 3: 1e5b3214 (small blind) folded before Flop
Seat 4: Hero (big blind) collected ($0.04)
Seat 5: ead6865c folded before Flop (didn't bet)
Seat 6: 51fd1cfe folded before Flop (didn't bet)


Poker Hand #HD1157474969: Hold'em No Limit  ($0.02/$0.05) - 2023/03/12 21:56:58
Table 'NLHBlue108' 6-max Seat #1 is the button
Seat 1: 86d2550f ($6.81 in chips)
Seat 2: 5fbf3879 ($7.57 in chips)
Seat 3: 1e5b3214 ($9.98 in chips)
Seat 4: Hero ($5.07 in chips)
Seat 5: ead6865c ($5 in chips)
Seat 6: 51fd1cfe ($2.5 in chips)
5fbf3879: posts small blind $0.02
1e5b3214: posts big blind $0.05
*** HOLE CARDS ***
Dealt to 86d2550f 
Dealt to 5fbf3879 
Dealt to 1e5b3214 
Dealt to Hero [8d 2s]
Dealt to ead6865c 
Dealt to 51fd1cfe 
Hero: folds
ead6865c: raises $0.06 to $0.11
51fd1cfe: folds
86d2550f: raises $0.24 to $0.35
5fbf3879: folds
1e5b3214: folds
ead6865c: folds
Uncalled bet ($0.24) returned to 86d2550f
*** SHOWDOWN ***
86d2550f collected $0.28 from pot
*** SUMMARY ***
Total pot $0.29 | Rake $0.01 | Jackpot $0 | Bingo $0 | Fortune $0
Seat 1: 86d2550f (button) collected ($0.28)
Seat 2: 5fbf3879 (small blind) folded before Flop
Seat 3: 1e5b3214 (big blind) folded before Flop
Seat 4: Hero folded before Flop (didn't bet)
Seat 5: ead6865c folded before Flop
Seat 6: 51fd1cfe folded before Flop (didn't bet)


Poker Hand #HD1157474816: Hold'em No Limit  ($0.02/$0.05) - 2023/03/12 21:55:45
Table 'NLHBlue108' 6-max Seat #6 is the button
Seat 1: 86d2550f ($6.27 in chips)
Seat 2: 5fbf3879 ($8.17 in chips)
Seat 3: 1e5b3214 ($9.98 in chips)
Seat 4: Hero ($5.07 in chips)
Seat 5: ead6865c ($5 in chips)
Seat 6: 51fd1cfe ($2.5 in chips)
86d2550f: posts small blind $0.02
5fbf3879: posts big blind $0.05
*** HOLE CARDS ***
Dealt to 86d2550f 
Dealt to 5fbf3879 
Dealt to 1e5b3214 
Dealt to Hero [7s 4h]
Dealt to ead6865c 
Dealt to 51fd1cfe 
1e5b3214: folds
Hero: folds
ead6865c: folds
51fd1cfe: folds
86d2550f: raises $0.1 to $0.15
5fbf3879: calls $0.1
*** FLOP *** [Th Ts Jc]
86d2550f: bets $0.09
5fbf3879: calls $0.09
*** TURN *** [Th Ts Jc] [5d]
86d2550f: bets $0.36
5fbf3879: calls $0.36
*** RIVER *** [Th Ts Jc 5d] [8h]
86d2550f: bets $0.9
5fbf3879: folds
Uncalled bet ($0.9) returned to 86d2550f
*** SHOWDOWN ***
86d2550f collected $1.14 from pot
*** SUMMARY ***
Total pot $1.2 | Rake $0.06 | Jackpot $0 | Bingo $0 | Fortune $0
Board [Th Ts Jc 5d 8h]
Seat 1: 86d2550f (small blind) won ($1.14)
Seat 2: 5fbf3879 (big blind) folded on the River
Seat 3: 1e5b3214 folded before Flop (didn't bet)
Seat 4: Hero folded before Flop (didn't bet)
Seat 5: ead6865c folded before Flop (didn't bet)
Seat 6: 51fd1cfe (button) folded before Flop (didn't bet)


Poker Hand #HD1157474701: Hold'em No Limit  ($0.02/$0.05) - 2023/03/12 21:54:53
Table 'NLHBlue108' 6-max Seat #5 is the button
Seat 1: 86d2550f ($5.53 in chips)
Seat 2: 5fbf3879 ($8.17 in chips)
Seat 3: 1e5b3214 ($10.66 in chips)
Seat 4: Hero ($5.07 in chips)
Seat 5: ead6865c ($5.03 in chips)
Seat 6: 51fd1cfe ($2.52 in chips)
51fd1cfe: posts small blind $0.02
86d2550f: posts big blind $0.05
*** HOLE CARDS ***
Dealt to 86d2550f 
Dealt to 5fbf3879 
Dealt to 1e5b3214 
Dealt to Hero [4c 2d]
Dealt to ead6865c 
Dealt to 51fd1cfe 
5fbf3879: folds
1e5b3214: raises $0.06 to $0.11
Hero: folds
ead6865c: calls $0.11
51fd1cfe: folds
86d2550f: calls $0.06
*** FLOP *** [8s Kh Th]
86d2550f: checks
1e5b3214: bets $0.12
ead6865c: folds
86d2550f: calls $0.12
*** TURN *** [8s Kh Th] [7s]
86d2550f: checks
1e5b3214: bets $0.45
86d2550f: raises $0.55 to $1
1e5b3214: folds
Uncalled bet ($0.55) returned to 86d2550f
*** SHOWDOWN ***
86d2550f collected $1.42 from pot
*** SUMMARY ***
Total pot $1.49 | Rake $0.07 | Jackpot $0 | Bingo $0 | Fortune $0
Board [8s Kh Th 7s]
Seat 1: 86d2550f (big blind) won ($1.42)
Seat 2: 5fbf3879 folded before Flop (didn't bet)
Seat 3: 1e5b3214 folded on the Turn
Seat 4: Hero folded before Flop (didn't bet)
Seat 5: ead6865c (button) folded on the Flop
Seat 6: 51fd1cfe (small blind) folded before Flop


Poker Hand #HD1157474644: Hold'em No Limit  ($0.02/$0.05) - 2023/03/12 21:54:21
Table 'NLHBlue108' 6-max Seat #4 is the button
Seat 1: 86d2550f ($5.53 in chips)
Seat 2: 5fbf3879 ($8.1 in chips)
Seat 3: 1e5b3214 ($10.66 in chips)
Seat 4: Hero ($5.07 in chips)
Seat 5: ead6865c ($5.05 in chips)
Seat 6: 51fd1cfe ($2.57 in chips)
ead6865c: posts small blind $0.02
51fd1cfe: posts big blind $0.05
*** HOLE CARDS ***
Dealt to 86d2550f 
Dealt to 5fbf3879 
Dealt to 1e5b3214 
Dealt to Hero [4s Th]
Dealt to ead6865c 
Dealt to 51fd1cfe 
86d2550f: folds
5fbf3879: raises $0.05 to $0.1
1e5b3214: folds
Hero: folds
ead6865c: folds
51fd1cfe: folds
Uncalled bet ($0.05) returned to 5fbf3879
*** SHOWDOWN ***
5fbf3879 collected $0.12 from pot
*** SUMMARY ***
Total pot $0.12 | Rake $0 | Jackpot $0 | Bingo $0 | Fortune $0
Seat 1: 86d2550f folded before Flop (didn't bet)
Seat 2: 5fbf3879 collected ($0.12)
Seat 3: 1e5b3214 folded before Flop (didn't bet)
Seat 4: Hero (button) folded before Flop (didn't bet)
Seat 5: ead6865c (small blind) folded before Flop
Seat 6: 51fd1cfe (big blind) folded before Flop


Poker Hand #HD1157474576: Hold'em No Limit  ($0.02/$0.05) - 2023/03/12 21:53:46
Table 'NLHBlue108' 6-max Seat #3 is the button
Seat 1: 86d2550f ($5.53 in chips)
Seat 2: 5fbf3879 ($8.1 in chips)
Seat 3: 1e5b3214 ($10.66 in chips)
Seat 4: Hero ($5.02 in chips)
Seat 5: ead6865c ($5 in chips)
Seat 6: 51fd1cfe ($2.57 in chips)
Hero: posts small blind $0.02
ead6865c: posts big blind $0.05
*** HOLE CARDS ***
Dealt to 86d2550f 
Dealt to 5fbf3879 
Dealt to 1e5b3214 
Dealt to Hero [Kd Ks]
Dealt to ead6865c 
Dealt to 51fd1cfe 
51fd1cfe: folds
86d2550f: folds
5fbf3879: folds
1e5b3214: folds
Hero: raises $0.09 to $0.14
ead6865c: folds
Uncalled bet ($0.09) returned to Hero
*** SHOWDOWN ***
Hero collected $0.1 from pot
*** SUMMARY ***
Total pot $0.1 | Rake $0 | Jackpot $0 | Bingo $0 | Fortune $0
Seat 1: 86d2550f folded before Flop (didn't bet)
Seat 2: 5fbf3879 folded before Flop (didn't bet)
Seat 3: 1e5b3214 (button) folded before Flop (didn't bet)
Seat 4: Hero (small blind) collected ($0.1)
Seat 5: ead6865c (big blind) folded before Flop
Seat 6: 51fd1cfe folded before Flop (didn't bet)


Poker Hand #HD1157474510: Hold'em No Limit  ($0.02/$0.05) - 2023/03/12 21:53:12
Table 'NLHBlue108' 6-max Seat #2 is the button
Seat 1: 86d2550f ($5.53 in chips)
Seat 2: 5fbf3879 ($8.03 in chips)
Seat 3: 1e5b3214 ($10.68 in chips)
Seat 4: Hero ($5.07 in chips)
Seat 5: ead6865c ($5 in chips)
Seat 6: 51fd1cfe ($2.57 in chips)
1e5b3214: posts small blind $0.02
Hero: posts big blind $0.05
*** HOLE CARDS ***
Dealt to 86d2550f 
Dealt to 5fbf3879 
Dealt to 1e5b3214 
Dealt to Hero [Jd 7s]
Dealt to ead6865c 
Dealt to 51fd1cfe 
ead6865c: folds
51fd1cfe: folds
86d2550f: folds
5fbf3879: raises $0.05 to $0.1
1e5b3214: folds
Hero: folds
Uncalled bet ($0.05) returned to 5fbf3879
*** SHOWDOWN ***
5fbf3879 collected $0.12 from pot
*** SUMMARY ***
Total pot $0.12 | Rake $0 | Jackpot $0 | Bingo $0 | Fortune $0
Seat 1: 86d2550f folded before Flop (didn't bet)
Seat 2: 5fbf3879 (button) collected ($0.12)
Seat 3: 1e5b3214 (small blind) folded before Flop
Seat 4: Hero (big blind) folded before Flop
Seat 5: ead6865c folded before Flop (didn't bet)
Seat 6: 51fd1cfe folded before Flop (didn't bet)


Poker Hand #HD1157474436: Hold'em No Limit  ($0.02/$0.05) - 2023/03/12 21:52:37
Table 'NLHBlue108' 6-max Seat #1 is the button
Seat 1: 86d2550f ($5.53 in chips)
Seat 2: 5fbf3879 ($8.05 in chips)
Seat 3: 1e5b3214 ($10.73 in chips)
Seat 4: Hero ($5.07 in chips)
Seat 5: ead6865c ($5 in chips)
Seat 6: 51fd1cfe ($2.5 in chips)
5fbf3879: posts small blind $0.02
1e5b3214: posts big blind $0.05
*** HOLE CARDS ***
Dealt to 86d2550f 
Dealt to 5fbf3879 
Dealt to 1e5b3214 
Dealt to Hero [Js 8h]
Dealt to ead6865c 
Dealt to 51fd1cfe 
Hero: folds
ead6865c: folds
51fd1cfe: raises $0.05 to $0.1
86d2550f: folds
5fbf3879: folds
1e5b3214: folds
Uncalled bet ($0.05) returned to 51fd1cfe
*** SHOWDOWN ***
51fd1cfe collected $0.12 from pot
*** SUMMARY ***
Total pot $0.12 | Rake $0 | Jackpot $0 | Bingo $0 | Fortune $0
Seat 1: 86d2550f (button) folded before Flop (didn't bet)
Seat 2: 5fbf3879 (small blind) folded before Flop
Seat 3: 1e5b3214 (big blind) folded before Flop
Seat 4: Hero folded before Flop (didn't bet)
Seat 5: ead6865c folded before Flop (didn't bet)
Seat 6: 51fd1cfe collected ($0.12)


Poker Hand #HD1157474402: Hold'em No Limit  ($0.02/$0.05) - 2023/03/12 21:52:21
Table 'NLHBlue108' 6-max Seat #6 is the button
Seat 1: 86d2550f ($5.55 in chips)
Seat 2: 5fbf3879 ($8.1 in chips)
Seat 3: 1e5b3214 ($10.73 in chips)
Seat 4: Hero ($5 in chips)
Seat 5: ead6865c ($5 in chips)
Seat 6: 51fd1cfe ($2.5 in chips)
86d2550f: posts small blind $0.02
5fbf3879: posts big blind $0.05
*** HOLE CARDS ***
Dealt to 86d2550f 
Dealt to 5fbf3879 
Dealt to 1e5b3214 
Dealt to Hero [8c 9c]
Dealt to ead6865c 
Dealt to 51fd1cfe 
1e5b3214: folds
Hero: raises $0.07 to $0.12
ead6865c: folds
51fd1cfe: folds
86d2550f: folds
5fbf3879: folds
Uncalled bet ($0.07) returned to Hero
*** SHOWDOWN ***
Hero collected $0.12 from pot
*** SUMMARY ***
Total pot $0.12 | Rake $0 | Jackpot $0 | Bingo $0 | Fortune $0
Seat 1: 86d2550f (small blind) folded before Flop
Seat 2: 5fbf3879 (big blind) folded before Flop
Seat 3: 1e5b3214 folded before Flop (didn't bet)
Seat 4: Hero collected ($0.12)
Seat 5: ead6865c folded before Flop (didn't bet)
Seat 6: 51fd1cfe (button) folded before Flop (didn't bet)


Poker Hand #HD1157474282: Hold'em No Limit  ($0.02/$0.05) - 2023/03/12 21:51:22
Table 'NLHBlue108' 6-max Seat #5 is the button
Seat 1: 86d2550f ($5.35 in chips)
Seat 2: 5fbf3879 ($8.1 in chips)
Seat 3: 1e5b3214 ($10.73 in chips)
Seat 4: Hero ($5 in chips)
Seat 5: ead6865c ($5 in chips)
Seat 6: 51fd1cfe ($2.52 in chips)
51fd1cfe: posts small blind $0.02
86d2550f: posts big blind $0.05
*** HOLE CARDS ***
Dealt to 86d2550f 
Dealt to 5fbf3879 
Dealt to 1e5b3214 
Dealt to Hero [6c 6d]
Dealt to ead6865c 
Dealt to 51fd1cfe 
5fbf3879: folds
1e5b3214: folds
Hero: raises $0.07 to $0.12
ead6865c: folds
51fd1cfe: folds
86d2550f: calls $0.07
*** FLOP *** [Ac Ah Ks]
86d2550f: checks
Hero: checks
*** TURN *** [Ac Ah Ks] [Kh]
86d2550f: bets $0.08
Hero: calls $0.08
*** RIVER *** [Ac Ah Ks Kh] [Qd]
86d2550f: bets $0.63
Hero: folds
Uncalled bet ($0.63) returned to 86d2550f
*** SHOWDOWN ***
86d2550f collected $0.4 from pot
*** SUMMARY ***
Total pot $0.42 | Rake $0.02 | Jackpot $0 | Bingo $0 | Fortune $0
Board [Ac Ah Ks Kh Qd]
Seat 1: 86d2550f (big blind) won ($0.4)
Seat 2: 5fbf3879 folded before Flop (didn't bet)
Seat 3: 1e5b3214 folded before Flop (didn't bet)
Seat 4: Hero folded on the River
Seat 5: ead6865c (button) folded before Flop (didn't bet)
Seat 6: 51fd1cfe (small blind) folded before Flop


Poker Hand #HD1157474182: Hold'em No Limit  ($0.02/$0.05) - 2023/03/12 21:50:32
Table 'NLHBlue108' 6-max Seat #4 is the button
Seat 1: 86d2550f ($5 in chips)
Seat 2: 5fbf3879 ($8.1 in chips)
Seat 3: 1e5b3214 ($10.73 in chips)
Seat 4: Hero ($5 in chips)
Seat 5: ead6865c ($5 in chips)
Seat 6: 51fd1cfe ($2.65 in chips)
ead6865c: posts small blind $0.02
51fd1cfe: posts big blind $0.05
*** HOLE CARDS ***
Dealt to 86d2550f 
Dealt to 5fbf3879 
Dealt to 1e5b3214 
Dealt to Hero [Qc 6h]
Dealt to ead6865c 
Dealt to 51fd1cfe 
86d2550f: raises $0.08 to $0.13
5fbf3879: folds
1e5b3214: folds
Hero: folds
ead6865c: calls $0.11
51fd1cfe: calls $0.08
*** FLOP *** [Jh Jc 6s]
ead6865c: checks
51fd1cfe: checks
86d2550f: bets $0.12
ead6865c: calls $0.12
51fd1cfe: folds
*** TURN *** [Jh Jc 6s] [2s]
ead6865c: checks
86d2550f: bets $0.19
ead6865c: folds
Uncalled bet ($0.19) returned to 86d2550f
*** SHOWDOWN ***
86d2550f collected $0.6 from pot
*** SUMMARY ***
Total pot $0.63 | Rake $0.03 | Jackpot $0 | Bingo $0 | Fortune $0
Board [Jh Jc 6s 2s]
Seat 1: 86d2550f won ($0.6)
Seat 2: 5fbf3879 folded before Flop (didn't bet)
Seat 3: 1e5b3214 folded before Flop (didn't bet)
Seat 4: Hero (button) folded before Flop (didn't bet)
Seat 5: ead6865c (small blind) folded on the Turn
Seat 6: 51fd1cfe (big blind) folded on the Flop


Poker Hand #HD1157473977: Hold'em No Limit  ($0.02/$0.05) - 2023/03/12 21:48:54
Table 'NLHBlue108' 6-max Seat #3 is the button
Seat 1: 86d2550f ($5 in chips)
Seat 2: 5fbf3879 ($8.1 in chips)
Seat 3: 1e5b3214 ($5.58 in chips)
Seat 4: Hero ($5 in chips)
Seat 5: ead6865c ($5.7 in chips)
Seat 6: 51fd1cfe ($2.75 in chips)
Hero: posts small blind $0.02
ead6865c: posts big blind $0.05
*** HOLE CARDS ***
Dealt to 86d2550f 
Dealt to 5fbf3879 
Dealt to 1e5b3214 
Dealt to Hero [2c 3h]
Dealt to ead6865c 
Dealt to 51fd1cfe 
51fd1cfe: raises $0.05 to $0.1
86d2550f: folds
5fbf3879: folds
1e5b3214: raises $0.22 to $0.32
Hero: folds
ead6865c: raises $0.56 to $0.88
51fd1cfe: folds
1e5b3214: calls $0.56
*** FLOP *** [Tc 4d 3d]
ead6865c: bets $0.94
1e5b3214: calls $0.94
*** TURN *** [Tc 4d 3d] [8d]
ead6865c: bets $3.88 and is all-in
1e5b3214: calls $3.76 and is all-in
Uncalled bet ($0.12) returned to ead6865c
ead6865c: shows [Qc Qs] (Pair of Queens)
1e5b3214: shows [8s 8h] (Three Eights)
*** FIRST RIVER *** [Tc 4d 3d 8d] [5s]
*** SECOND RIVER *** [Tc 4d 3d 8d] [3s]
*** FIRST SHOWDOWN ***
1e5b3214 collected $5.37 from pot
*** SECOND SHOWDOWN ***
1e5b3214 collected $5.36 from pot
*** SUMMARY ***
Total pot $11.28 | Rake $0.5 | Jackpot $0.05 | Bingo $0 | Fortune $0
Hand was run two times
FIRST Board [Tc 4d 3d 8d 5s]
SECOND Board [3s]
Seat 1: 86d2550f folded before Flop (didn't bet)
Seat 2: 5fbf3879 folded before Flop (didn't bet)
Seat 3: 1e5b3214 (button) showed [8s 8h] and won ($5.37) with Three Eights, and won ($5.36)
Seat 4: Hero (small blind) folded before Flop
Seat 5: ead6865c (big blind) showed [Qc Qs] and lost with Pair of Queens, and lost
Seat 6: 51fd1cfe folded before Flop


Poker Hand #HD1157473943: Hold'em No Limit  ($0.02/$0.05) - 2023/03/12 21:48:37
Table 'NLHBlue108' 6-max Seat #2 is the button
Seat 1: 86d2550f ($5 in chips)
Seat 2: 5fbf3879 ($8.03 in chips)
Seat 3: 1e5b3214 ($5.6 in chips)
Seat 4: Hero ($5 in chips)
Seat 5: ead6865c ($5.7 in chips)
Seat 6: 51fd1cfe ($2.75 in chips)
1e5b3214: posts small blind $0.02
Hero: posts big blind $0.05
*** HOLE CARDS ***
Dealt to 86d2550f 
Dealt to 5fbf3879 
Dealt to 1e5b3214 
Dealt to Hero [8d 6h]
Dealt to ead6865c 
Dealt to 51fd1cfe 
ead6865c: folds
51fd1cfe: folds
86d2550f: folds
5fbf3879: raises $0.05 to $0.1
1e5b3214: folds
Hero: folds
Uncalled bet ($0.05) returned to 5fbf3879
*** SHOWDOWN ***
5fbf3879 collected $0.12 from pot
*** SUMMARY ***
Total pot $0.12 | Rake $0 | Jackpot $0 | Bingo $0 | Fortune $0
Seat 1: 86d2550f folded before Flop (didn't bet)
Seat 2: 5fbf3879 (button) collected ($0.12)
Seat 3: 1e5b3214 (small blind) folded before Flop
Seat 4: Hero (big blind) folded before Flop
Seat 5: ead6865c folded before Flop (didn't bet)
Seat 6: 51fd1cfe folded before Flop (didn't bet)


Poker Hand #HD1157473820: Hold'em No Limit  ($0.02/$0.05) - 2023/03/12 21:47:31
Table 'NLHBlue108' 6-max Seat #1 is the button
Seat 1: 86d2550f ($5 in chips)
Seat 2: 5fbf3879 ($8.05 in chips)
Seat 3: 1e5b3214 ($5 in chips)
Seat 4: Hero ($5.26 in chips)
Seat 5: ead6865c ($5.7 in chips)
Seat 6: 51fd1cfe ($2.75 in chips)
5fbf3879: posts small blind $0.02
1e5b3214: posts big blind $0.05
*** HOLE CARDS ***
Dealt to 86d2550f 
Dealt to 5fbf3879 
Dealt to 1e5b3214 
Dealt to Hero [Tc Td]
Dealt to ead6865c 
Dealt to 51fd1cfe 
Hero: raises $0.07 to $0.12
ead6865c: folds
51fd1cfe: folds
86d2550f: folds
5fbf3879: folds
1e5b3214: calls $0.07
*** FLOP *** [6d Jc As]
1e5b3214: checks
Hero: bets $0.16
1e5b3214: calls $0.16
*** TURN *** [6d Jc As] [2s]
1e5b3214: checks
Hero: bets $0.36
1e5b3214: calls $0.36
*** RIVER *** [6d Jc As 2s] [Kh]
1e5b3214: checks
Hero: checks
1e5b3214: shows [9d Ad] (Pair of Aces)
Hero: shows [Tc Td] (Pair of Tens)
*** SHOWDOWN ***
1e5b3214 collected $1.24 from pot
*** SUMMARY ***
Total pot $1.3 | Rake $0.06 | Jackpot $0 | Bingo $0 | Fortune $0
Board [6d Jc As 2s Kh]
Seat 1: 86d2550f (button) folded before Flop (didn't bet)
Seat 2: 5fbf3879 (small blind) folded before Flop
Seat 3: 1e5b3214 (big blind) showed [9d Ad] and won ($1.24) with Pair of Aces
Seat 4: Hero showed [Tc Td] and lost with Pair of Tens
Seat 5: ead6865c folded before Flop (didn't bet)
Seat 6: 51fd1cfe folded before Flop (didn't bet)


Poker Hand #HD1157473759: Hold'em No Limit  ($0.02/$0.05) - 2023/03/12 21:47:04
Table 'NLHBlue108' 6-max Seat #6 is the button
Seat 1: 86d2550f ($5 in chips)
Seat 2: 5fbf3879 ($8.03 in chips)
Seat 3: 1e5b3214 ($5 in chips)
Seat 4: Hero ($5.26 in chips)
Seat 5: ead6865c ($5.7 in chips)
Seat 6: 51fd1cfe ($2.75 in chips)
86d2550f: posts small blind $0.02
5fbf3879: posts big blind $0.05
*** HOLE CARDS ***
Dealt to 86d2550f 
Dealt to 5fbf3879 
Dealt to 1e5b3214 
Dealt to Hero [2c 5h]
Dealt to ead6865c 
Dealt to 51fd1cfe 
1e5b3214: folds
Hero: folds
ead6865c: folds
51fd1cfe: folds
86d2550f: folds
Uncalled bet ($0.03) returned to 5fbf3879
*** SHOWDOWN ***
5fbf3879 collected $0.04 from pot
*** SUMMARY ***
Total pot $0.04 | Rake $0 | Jackpot $0 | Bingo $0 | Fortune $0
Seat 1: 86d2550f (small blind) folded before Flop
Seat 2: 5fbf3879 (big blind) collected ($0.04)
Seat 3: 1e5b3214 folded before Flop (didn't bet)
Seat 4: Hero folded before Flop (didn't bet)
Seat 5: ead6865c folded before Flop (didn't bet)
Seat 6: 51fd1cfe (button) folded before Flop (didn't bet)


Poker Hand #HD1157473664: Hold'em No Limit  ($0.02/$0.05) - 2023/03/12 21:46:12
Table 'NLHBlue108' 6-max Seat #5 is the button
Seat 1: 86d2550f ($5 in chips)
Seat 2: 5fbf3879 ($8.03 in chips)
Seat 3: 1e5b3214 ($5 in chips)
Seat 4: Hero ($5.13 in chips)
Seat 5: ead6865c ($5.7 in chips)
Seat 6: 51fd1cfe ($2.77 in chips)
51fd1cfe: posts small blind $0.02
86d2550f: posts big blind $0.05
*** HOLE CARDS ***
Dealt to 86d2550f 
Dealt to 5fbf3879 
Dealt to 1e5b3214 
Dealt to Hero [Ks Qs]
Dealt to ead6865c 
Dealt to 51fd1cfe 
5fbf3879: folds
1e5b3214: folds
Hero: raises $0.07 to $0.12
ead6865c: folds
51fd1cfe: folds
86d2550f: calls $0.07
*** FLOP *** [Qh Ac Kc]
86d2550f: checks
Hero: bets $0.2
86d2550f: folds
Uncalled bet ($0.2) returned to Hero
*** SHOWDOWN ***
Hero collected $0.25 from pot
*** SUMMARY ***
Total pot $0.26 | Rake $0.01 | Jackpot $0 | Bingo $0 | Fortune $0
Board [Qh Ac Kc]
Seat 1: 86d2550f (big blind) folded on the Flop
Seat 2: 5fbf3879 folded before Flop (didn't bet)
Seat 3: 1e5b3214 folded before Flop (didn't bet)
Seat 4: Hero won ($0.25)
Seat 5: ead6865c (button) folded before Flop (didn't bet)
Seat 6: 51fd1cfe (small blind) folded before Flop


Poker Hand #HD1157473567: Hold'em No Limit  ($0.02/$0.05) - 2023/03/12 21:45:22
Table 'NLHBlue108' 6-max Seat #4 is the button
Seat 1: 86d2550f ($5 in chips)
Seat 2: 5fbf3879 ($8.03 in chips)
Seat 3: 1e5b3214 ($5 in chips)
Seat 4: Hero ($5 in chips)
Seat 5: ead6865c ($5.72 in chips)
Seat 6: 51fd1cfe ($2.89 in chips)
ead6865c: posts small blind $0.02
51fd1cfe: posts big blind $0.05
*** HOLE CARDS ***
Dealt to 86d2550f 
Dealt to 5fbf3879 
Dealt to 1e5b3214 
Dealt to Hero [Ad 3c]
Dealt to ead6865c 
Dealt to 51fd1cfe 
86d2550f: folds
5fbf3879: folds
1e5b3214: folds
Hero: raises $0.07 to $0.12
ead6865c: folds
51fd1cfe: calls $0.07
*** FLOP *** [8d 4s Ks]
51fd1cfe: checks
Hero: bets $0.13
51fd1cfe: folds
Uncalled bet ($0.13) returned to Hero
*** SHOWDOWN ***
Hero collected $0.25 from pot
*** SUMMARY ***
Total pot $0.26 | Rake $0.01 | Jackpot $0 | Bingo $0 | Fortune $0
Board [8d 4s Ks]
Seat 1: 86d2550f folded before Flop (didn't bet)
Seat 2: 5fbf3879 folded before Flop (didn't bet)
Seat 3: 1e5b3214 folded before Flop (didn't bet)
Seat 4: Hero (button) won ($0.25)
Seat 5: ead6865c (small blind) folded before Flop
Seat 6: 51fd1cfe (big blind) folded on the Flop


Poker Hand #HD1157473518: Hold'em No Limit  ($0.02/$0.05) - 2023/03/12 21:44:58
Table 'NLHBlue108' 6-max Seat #3 is the button
Seat 1: 86d2550f ($5 in chips)
Seat 2: 5fbf3879 ($8.03 in chips)
Seat 3: 1e5b3214 ($5 in chips)
Seat 4: Hero ($5.02 in chips)
Seat 5: ead6865c ($5.77 in chips)
Seat 6: 51fd1cfe ($2.82 in chips)
Hero: posts small blind $0.02
ead6865c: posts big blind $0.05
*** HOLE CARDS ***
Dealt to 86d2550f 
Dealt to 5fbf3879 
Dealt to 1e5b3214 
Dealt to Hero [9h Qc]
Dealt to ead6865c 
Dealt to 51fd1cfe 
51fd1cfe: raises $0.05 to $0.1
86d2550f: folds
5fbf3879: folds
1e5b3214: folds
Hero: folds
ead6865c: folds
Uncalled bet ($0.05) returned to 51fd1cfe
*** SHOWDOWN ***
51fd1cfe collected $0.12 from pot
*** SUMMARY ***
Total pot $0.12 | Rake $0 | Jackpot $0 | Bingo $0 | Fortune $0
Seat 1: 86d2550f folded before Flop (didn't bet)
Seat 2: 5fbf3879 folded before Flop (didn't bet)
Seat 3: 1e5b3214 (button) folded before Flop (didn't bet)
Seat 4: Hero (small blind) folded before Flop
Seat 5: ead6865c (big blind) folded before Flop
Seat 6: 51fd1cfe collected ($0.12)


Poker Hand #HD1157473449: Hold'em No Limit  ($0.02/$0.05) - 2023/03/12 21:44:26
Table 'NLHBlue108' 6-max Seat #2 is the button
Seat 1: 86d2550f ($5.07 in chips)
Seat 2: 5fbf3879 ($7.84 in chips)
Seat 3: 1e5b3214 ($5 in chips)
Seat 4: Hero ($5.07 in chips)
Seat 5: ead6865c ($5.77 in chips)
Seat 6: 51fd1cfe ($2.82 in chips)
1e5b3214: posts small blind $0.02
Hero: posts big blind $0.05
*** HOLE CARDS ***
Dealt to 86d2550f 
Dealt to 5fbf3879 
Dealt to 1e5b3214 
Dealt to Hero [Ac 2d]
Dealt to ead6865c 
Dealt to 51fd1cfe 
ead6865c: folds
51fd1cfe: folds
86d2550f: raises $0.08 to $0.13
5fbf3879: raises $0.29 to $0.42
1e5b3214: folds
Hero: folds
86d2550f: folds
Uncalled bet ($0.29) returned to 5fbf3879
*** SHOWDOWN ***
5fbf3879 collected $0.32 from pot
*** SUMMARY ***
Total pot $0.33 | Rake $0.01 | Jackpot $0 | Bingo $0 | Fortune $0
Seat 1: 86d2550f folded before Flop
Seat 2: 5fbf3879 (button) collected ($0.32)
Seat 3: 1e5b3214 (small blind) folded before Flop
Seat 4: Hero (big blind) folded before Flop
Seat 5: ead6865c folded before Flop (didn't bet)
Seat 6: 51fd1cfe folded before Flop (didn't bet)


Poker Hand #HD1157473373: Hold'em No Limit  ($0.02/$0.05) - 2023/03/12 21:43:50
Table 'NLHBlue108' 6-max Seat #1 is the button
Seat 1: 86d2550f ($5.07 in chips)
Seat 2: 5fbf3879 ($7.79 in chips)
Seat 3: 1e5b3214 ($5 in chips)
Seat 4: Hero ($5.07 in chips)
Seat 5: ead6865c ($5.77 in chips)
Seat 6: 51fd1cfe ($2.82 in chips)
5fbf3879: posts small blind $0.02
1e5b3214: posts big blind $0.05
*** HOLE CARDS ***
Dealt to 86d2550f 
Dealt to 5fbf3879 
Dealt to 1e5b3214 
Dealt to Hero [8s 5d]
Dealt to ead6865c 
Dealt to 51fd1cfe 
Hero: folds
ead6865c: folds
51fd1cfe: folds
86d2550f: folds
5fbf3879: raises $0.13 to $0.18
1e5b3214: folds
Uncalled bet ($0.13) returned to 5fbf3879
*** SHOWDOWN ***
5fbf3879 collected $0.1 from pot
*** SUMMARY ***
Total pot $0.1 | Rake $0 | Jackpot $0 | Bingo $0 | Fortune $0
Seat 1: 86d2550f (button) folded before Flop (didn't bet)
Seat 2: 5fbf3879 (small blind) collected ($0.1)
Seat 3: 1e5b3214 (big blind) folded before Flop
Seat 4: Hero folded before Flop (didn't bet)
Seat 5: ead6865c folded before Flop (didn't bet)
Seat 6: 51fd1cfe folded before Flop (didn't bet)


Poker Hand #HD1157473288: Hold'em No Limit  ($0.02/$0.05) - 2023/03/12 21:43:11
Table 'NLHBlue108' 6-max Seat #6 is the button
Seat 1: 86d2550f ($5.09 in chips)
Seat 2: 5fbf3879 ($8.2 in chips)
Seat 3: 1e5b3214 ($5 in chips)
Seat 4: Hero ($5.07 in chips)
Seat 5: ead6865c ($5.77 in chips)
Seat 6: 51fd1cfe ($2.43 in chips)
86d2550f: posts small blind $0.02
5fbf3879: posts big blind $0.05
*** HOLE CARDS ***
Dealt to 86d2550f 
Dealt to 5fbf3879 
Dealt to 1e5b3214 
Dealt to Hero [4c Qc]
Dealt to ead6865c 
Dealt to 51fd1cfe 
1e5b3214: folds
Hero: folds
ead6865c: folds
51fd1cfe: raises $0.05 to $0.1
86d2550f: folds
5fbf3879: calls $0.05
*** FLOP *** [6d As 2c]
5fbf3879: checks
51fd1cfe: bets $0.11
5fbf3879: raises $0.2 to $0.31
51fd1cfe: raises $0.42 to $0.73
5fbf3879: folds
Uncalled bet ($0.42) returned to 51fd1cfe
*** SHOWDOWN ***
51fd1cfe collected $0.8 from pot
*** SUMMARY ***
Total pot $0.84 | Rake $0.04 | Jackpot $0 | Bingo $0 | Fortune $0
Board [6d As 2c]
Seat 1: 86d2550f (small blind) folded before Flop
Seat 2: 5fbf3879 (big blind) folded on the Flop
Seat 3: 1e5b3214 folded before Flop (didn't bet)
Seat 4: Hero folded before Flop (didn't bet)
Seat 5: ead6865c folded before Flop (didn't bet)
Seat 6: 51fd1cfe (button) won ($0.8)


Poker Hand #HD1157473230: Hold'em No Limit  ($0.02/$0.05) - 2023/03/12 21:42:43
Table 'NLHBlue108' 6-max Seat #5 is the button
Seat 1: 86d2550f ($5.14 in chips)
Seat 2: 5fbf3879 ($8.2 in chips)
Seat 3: 1e5b3214 ($5 in chips)
Seat 4: Hero ($5 in chips)
Seat 5: ead6865c ($5.77 in chips)
Seat 6: 51fd1cfe ($2.45 in chips)
51fd1cfe: posts small blind $0.02
86d2550f: posts big blind $0.05
*** HOLE CARDS ***
Dealt to 86d2550f 
Dealt to 5fbf3879 
Dealt to 1e5b3214 
Dealt to Hero [As 4s]
Dealt to ead6865c 
Dealt to 51fd1cfe 
5fbf3879: folds
1e5b3214: folds
Hero: raises $0.07 to $0.12
ead6865c: folds
51fd1cfe: folds
86d2550f: folds
Uncalled bet ($0.07) returned to Hero
*** SHOWDOWN ***
Hero collected $0.12 from pot
*** SUMMARY ***
Total pot $0.12 | Rake $0 | Jackpot $0 | Bingo $0 | Fortune $0
Seat 1: 86d2550f (big blind) folded before Flop
Seat 2: 5fbf3879 folded before Flop (didn't bet)
Seat 3: 1e5b3214 folded before Flop (didn't bet)
Seat 4: Hero collected ($0.12)
Seat 5: ead6865c (button) folded before Flop (didn't bet)
Seat 6: 51fd1cfe (small blind) folded before Flop


Poker Hand #HD1157473156: Hold'em No Limit  ($0.02/$0.05) - 2023/03/12 21:42:08
Table 'NLHBlue108' 6-max Seat #4 is the button
Seat 1: 86d2550f ($5.14 in chips)
Seat 2: 5fbf3879 ($8.2 in chips)
Seat 3: 1e5b3214 ($5 in chips)
Seat 4: Hero ($5 in chips)
Seat 5: ead6865c ($5.72 in chips)
Seat 6: 51fd1cfe ($2.5 in chips)
ead6865c: posts small blind $0.02
51fd1cfe: posts big blind $0.05
*** HOLE CARDS ***
Dealt to 86d2550f 
Dealt to 5fbf3879 
Dealt to 1e5b3214 
Dealt to Hero [9c 7s]
Dealt to ead6865c 
Dealt to 51fd1cfe 
86d2550f: folds
5fbf3879: folds
1e5b3214: folds
Hero: folds
ead6865c: raises $0.1 to $0.15
51fd1cfe: folds
Uncalled bet ($0.1) returned to ead6865c
*** SHOWDOWN ***
ead6865c collected $0.1 from pot
*** SUMMARY ***
Total pot $0.1 | Rake $0 | Jackpot $0 | Bingo $0 | Fortune $0
Seat 1: 86d2550f folded before Flop (didn't bet)
Seat 2: 5fbf3879 folded before Flop (didn't bet)
Seat 3: 1e5b3214 folded before Flop (didn't bet)
Seat 4: Hero (button) folded before Flop (didn't bet)
Seat 5: ead6865c (small blind) collected ($0.1)
Seat 6: 51fd1cfe (big blind) folded before Flop


Poker Hand #HD1157473126: Hold'em No Limit  ($0.02/$0.05) - 2023/03/12 21:41:53
Table 'NLHBlue108' 6-max Seat #3 is the button
Seat 1: 86d2550f ($5.14 in chips)
Seat 2: 5fbf3879 ($8.2 in chips)
Seat 3: 1e5b3214 ($5 in chips)
Seat 4: Hero ($5 in chips)
Seat 5: ead6865c ($5.7 in chips)
Hero: posts small blind $0.02
ead6865c: posts big blind $0.05
*** HOLE CARDS ***
Dealt to 86d2550f 
Dealt to 5fbf3879 
Dealt to 1e5b3214 
Dealt to Hero [2s Qc]
Dealt to ead6865c 
86d2550f: folds
5fbf3879: folds
1e5b3214: folds
Hero: folds
Uncalled bet ($0.03) returned to ead6865c
*** SHOWDOWN ***
ead6865c collected $0.04 from pot
*** SUMMARY ***
Total pot $0.04 | Rake $0 | Jackpot $0 | Bingo $0 | Fortune $0
Seat 1: 86d2550f folded before Flop (didn't bet)
Seat 2: 5fbf3879 folded before Flop (didn't bet)
Seat 3: 1e5b3214 (button) folded before Flop (didn't bet)
Seat 4: Hero (small blind) folded before Flop
Seat 5: ead6865c (big blind) collected ($0.04)


Poker Hand #HD1157472973: Hold'em No Limit  ($0.02/$0.05) - 2023/03/12 21:40:40
Table 'NLHBlue108' 6-max Seat #2 is the button
Seat 1: 86d2550f ($5.14 in chips)
Seat 2: 5fbf3879 ($8.2 in chips)
Seat 3: 1e5b3214 ($5 in chips)
Seat 4: Hero ($5.03 in chips)
Seat 5: ead6865c ($5 in chips)
1e5b3214: posts small blind $0.02
Hero: posts big blind $0.05
*** HOLE CARDS ***
Dealt to 86d2550f 
Dealt to 5fbf3879 
Dealt to 1e5b3214 
Dealt to Hero [Ks 8h]
Dealt to ead6865c 
ead6865c: raises $0.08 to $0.13
86d2550f: folds
5fbf3879: folds
1e5b3214: calls $0.11
Hero: folds
*** FLOP *** [3c 8s As]
1e5b3214: checks
ead6865c: bets $0.16
1e5b3214: calls $0.16
*** TURN *** [3c 8s As] [5s]
1e5b3214: checks
ead6865c: checks
*** RIVER *** [3c 8s As 5s] [Th]
1e5b3214: bets $0.48
ead6865c: calls $0.48
1e5b3214: shows [9c 8c] (Pair of Eights)
ead6865c: shows [Qs Qd] (Pair of Queens)
*** SHOWDOWN ***
ead6865c collected $1.47 from pot
*** SUMMARY ***
Total pot $1.59 | Rake $0.07 | Jackpot $0.05 | Bingo $0 | Fortune $0
Board [3c 8s As 5s Th]
Seat 1: 86d2550f folded before Flop (didn't bet)
Seat 2: 5fbf3879 (button) folded before Flop (didn't bet)
Seat 3: 1e5b3214 (small blind) showed [9c 8c] and lost with Pair of Eights
Seat 4: Hero (big blind) folded before Flop
Seat 5: ead6865c showed [Qs Qd] and won ($1.47) with Pair of Queens


Poker Hand #HD1157472919: Hold'em No Limit  ($0.02/$0.05) - 2023/03/12 21:40:09
Table 'NLHBlue108' 6-max Seat #1 is the button
Seat 1: 86d2550f ($5.14 in chips)
Seat 2: 5fbf3879 ($8.15 in chips)
Seat 3: 1e5b3214 ($5 in chips)
Seat 4: Hero ($5.03 in chips)
Seat 5: ead6865c ($5 in chips)
5fbf3879: posts small blind $0.02
1e5b3214: posts big blind $0.05
*** HOLE CARDS ***
Dealt to 86d2550f 
Dealt to 5fbf3879 
Dealt to 1e5b3214 
Dealt to Hero [Qd 7s]
Dealt to ead6865c 
Hero: folds
ead6865c: folds
86d2550f: folds
5fbf3879: calls $0.03
1e5b3214: checks
*** FLOP *** [Qh Qc 3c]
5fbf3879: bets $0.05
1e5b3214: folds
Uncalled bet ($0.05) returned to 5fbf3879
*** SHOWDOWN ***
5fbf3879 collected $0.1 from pot
*** SUMMARY ***
Total pot $0.1 | Rake $0 | Jackpot $0 | Bingo $0 | Fortune $0
Board [Qh Qc 3c]
Seat 1: 86d2550f (button) folded before Flop (didn't bet)
Seat 2: 5fbf3879 (small blind) won ($0.1)
Seat 3: 1e5b3214 (big blind) folded on the Flop
Seat 4: Hero folded before Flop (didn't bet)
Seat 5: ead6865c folded before Flop (didn't bet)


Poker Hand #HD1157472903: Hold'em No Limit  ($0.02/$0.05) - 2023/03/12 21:40:00
Table 'NLHBlue108' 6-max Seat #5 is the button
Seat 1: 86d2550f ($5.16 in chips)
Seat 2: 5fbf3879 ($8.13 in chips)
Seat 4: Hero ($5.03 in chips)
Seat 5: ead6865c ($5 in chips)
86d2550f: posts small blind $0.02
5fbf3879: posts big blind $0.05
*** HOLE CARDS ***
Dealt to 86d2550f 
Dealt to 5fbf3879 
Dealt to Hero [Ts 8d]
Dealt to ead6865c 
Hero: folds
ead6865c: folds
86d2550f: folds
Uncalled bet ($0.03) returned to 5fbf3879
*** SHOWDOWN ***
5fbf3879 collected $0.04 from pot
*** SUMMARY ***
Total pot $0.04 | Rake $0 | Jackpot $0 | Bingo $0 | Fortune $0
Seat 1: 86d2550f (small blind) folded before Flop
Seat 2: 5fbf3879 (big blind) collected ($0.04)
Seat 4: Hero folded before Flop (didn't bet)
Seat 5: ead6865c (button) folded before Flop (didn't bet)


Poker Hand #HD1157472824: Hold'em No Limit  ($0.02/$0.05) - 2023/03/12 21:39:25
Table 'NLHBlue108' 6-max Seat #4 is the button
Seat 1: 86d2550f ($5.26 in chips)
Seat 2: 5fbf3879 ($8.02 in chips)
Seat 4: Hero ($5.03 in chips)
Seat 5: ead6865c ($5 in chips)
ead6865c: posts small blind $0.02
86d2550f: posts big blind $0.05
*** HOLE CARDS ***
Dealt to 86d2550f 
Dealt to 5fbf3879 
Dealt to Hero [5c 8s]
Dealt to ead6865c 
5fbf3879: raises $0.05 to $0.1
Hero: folds
ead6865c: folds
86d2550f: calls $0.05
*** FLOP *** [Ts 4c Jd]
86d2550f: checks
5fbf3879: bets $0.08
86d2550f: folds
Uncalled bet ($0.08) returned to 5fbf3879
*** SHOWDOWN ***
5fbf3879 collected $0.21 from pot
*** SUMMARY ***
Total pot $0.22 | Rake $0.01 | Jackpot $0 | Bingo $0 | Fortune $0
Board [Ts 4c Jd]
Seat 1: 86d2550f (big blind) folded on the Flop
Seat 2: 5fbf3879 won ($0.21)
Seat 4: Hero (button) folded before Flop (didn't bet)
Seat 5: ead6865c (small blind) folded before Flop


Poker Hand #HD1157472660: Hold'em No Limit  ($0.02/$0.05) - 2023/03/12 21:38:07
Table 'NLHBlue108' 6-max Seat #2 is the button
Seat 1: 86d2550f ($5.26 in chips)
Seat 2: 5fbf3879 ($7.1 in chips)
Seat 4: Hero ($5.05 in chips)
Seat 5: ead6865c ($5.44 in chips)
Seat 6: 4c90d96b ($5.8 in chips)
Hero: posts small blind $0.02
ead6865c: posts big blind $0.05
*** HOLE CARDS ***
Dealt to 86d2550f 
Dealt to 5fbf3879 
Dealt to Hero [4s 7h]
Dealt to ead6865c 
Dealt to 4c90d96b 
4c90d96b: folds
86d2550f: folds
5fbf3879: raises $0.05 to $0.1
Hero: folds
ead6865c: raises $0.42 to $0.52
5fbf3879: calls $0.42
*** FLOP *** [2h 9d Jc]
ead6865c: bets $0.53
5fbf3879: calls $0.53
*** TURN *** [2h 9d Jc] [2d]
ead6865c: checks
5fbf3879: checks
*** RIVER *** [2h 9d Jc 2d] [Ts]
ead6865c: checks
5fbf3879: bets $1.59
ead6865c: folds
Uncalled bet ($1.59) returned to 5fbf3879
*** SHOWDOWN ***
5fbf3879 collected $1.97 from pot
*** SUMMARY ***
Total pot $2.12 | Rake $0.1 | Jackpot $0.05 | Bingo $0 | Fortune $0
Board [2h 9d Jc 2d Ts]
Seat 1: 86d2550f folded before Flop (didn't bet)
Seat 2: 5fbf3879 (button) won ($1.97)
Seat 4: Hero (small blind) folded before Flop
Seat 5: ead6865c (big blind) folded on the River
Seat 6: 4c90d96b folded before Flop (didn't bet)


Poker Hand #HD1157472603: Hold'em No Limit  ($0.02/$0.05) - 2023/03/12 21:37:42
Table 'NLHBlue108' 6-max Seat #1 is the button
Seat 1: 86d2550f ($5.26 in chips)
Seat 2: 5fbf3879 ($7.05 in chips)
Seat 4: Hero ($5 in chips)
Seat 5: ead6865c ($5.44 in chips)
Seat 6: 4c90d96b ($5.8 in chips)
5fbf3879: posts small blind $0.02
Hero: posts big blind $0.05
*** HOLE CARDS ***
Dealt to 86d2550f 
Dealt to 5fbf3879 
Dealt to Hero [8s 4d]
Dealt to ead6865c 
Dealt to 4c90d96b 
ead6865c: folds
4c90d96b: folds
86d2550f: folds
5fbf3879: raises $0.13 to $0.18
Hero: folds
Uncalled bet ($0.13) returned to 5fbf3879
*** SHOWDOWN ***
5fbf3879 collected $0.1 from pot
*** SUMMARY ***
Total pot $0.1 | Rake $0 | Jackpot $0 | Bingo $0 | Fortune $0
Seat 1: 86d2550f (button) folded before Flop (didn't bet)
Seat 2: 5fbf3879 (small blind) collected ($0.1)
Seat 4: Hero (big blind) folded before Flop
Seat 5: ead6865c folded before Flop (didn't bet)
Seat 6: 4c90d96b folded before Flop (didn't bet)


Poker Hand #HD1157472515: Hold'em No Limit  ($0.02/$0.05) - 2023/03/12 21:36:57
Table 'NLHBlue108' 6-max Seat #6 is the button
Seat 1: 86d2550f ($5.5 in chips)
Seat 2: 5fbf3879 ($6.83 in chips)
Seat 4: Hero ($5 in chips)
Seat 5: ead6865c ($5.44 in chips)
Seat 6: 4c90d96b ($5.8 in chips)
86d2550f: posts small blind $0.02
5fbf3879: posts big blind $0.05
*** HOLE CARDS ***
Dealt to 86d2550f 
Dealt to 5fbf3879 
Dealt to Hero [7s Qh]
Dealt to ead6865c 
Dealt to 4c90d96b 
Hero: folds
ead6865c: folds
4c90d96b: folds
86d2550f: raises $0.1 to $0.15
5fbf3879: calls $0.1
*** FLOP *** [Js 8s 7h]
86d2550f: bets $0.09
5fbf3879: raises $0.23 to $0.32
86d2550f: folds
Uncalled bet ($0.23) returned to 5fbf3879
*** SHOWDOWN ***
5fbf3879 collected $0.46 from pot
*** SUMMARY ***
Total pot $0.48 | Rake $0.02 | Jackpot $0 | Bingo $0 | Fortune $0
Board [Js 8s 7h]
Seat 1: 86d2550f (small blind) folded on the Flop
Seat 2: 5fbf3879 (big blind) won ($0.46)
Seat 4: Hero folded before Flop (didn't bet)
Seat 5: ead6865c folded before Flop (didn't bet)
Seat 6: 4c90d96b (button) folded before Flop (didn't bet)


Poker Hand #HD1157472355: Hold'em No Limit  ($0.02/$0.05) - 2023/03/12 21:35:40
Table 'NLHBlue108' 6-max Seat #5 is the button
Seat 1: 86d2550f ($5.29 in chips)
Seat 2: 5fbf3879 ($6.83 in chips)
Seat 4: Hero ($5 in chips)
Seat 5: ead6865c ($5.44 in chips)
Seat 6: 4c90d96b ($5.82 in chips)
4c90d96b: posts small blind $0.02
86d2550f: posts big blind $0.05
*** HOLE CARDS ***
Dealt to 86d2550f 
Dealt to 5fbf3879 
Dealt to Hero [As Jc]
Dealt to ead6865c 
Dealt to 4c90d96b 
5fbf3879: folds
Hero: raises $0.07 to $0.12
ead6865c: folds
4c90d96b: folds
86d2550f: calls $0.07
*** FLOP *** [9s 3d 5h]
86d2550f: checks
Hero: bets $0.09
86d2550f: calls $0.09
*** TURN *** [9s 3d 5h] [Kc]
86d2550f: checks
Hero: checks
*** RIVER *** [9s 3d 5h Kc] [7s]
86d2550f: checks
Hero: checks
86d2550f: shows [Jd 7d] (Pair of Sevens)
Hero: shows [As Jc] (Ace-High)
*** SHOWDOWN ***
86d2550f collected $0.42 from pot
*** SUMMARY ***
Total pot $0.44 | Rake $0.02 | Jackpot $0 | Bingo $0 | Fortune $0
Board [9s 3d 5h Kc 7s]
Seat 1: 86d2550f (big blind) showed [Jd 7d] and won ($0.42) with Pair of Sevens
Seat 2: 5fbf3879 folded before Flop (didn't bet)
Seat 4: Hero showed [As Jc] and lost with Ace-High
Seat 5: ead6865c (button) folded before Flop (didn't bet)
Seat 6: 4c90d96b (small blind) folded before Flop


Poker Hand #HD1157472325: Hold'em No Limit  ($0.02/$0.05) - 2023/03/12 21:35:27
Table 'NLHBlue108' 6-max Seat #4 is the button
Seat 1: 86d2550f ($5.29 in chips)
Seat 2: 5fbf3879 ($6.83 in chips)
Seat 4: Hero ($5 in chips)
Seat 5: ead6865c ($5.46 in chips)
Seat 6: 4c90d96b ($5.8 in chips)
ead6865c: posts small blind $0.02
4c90d96b: posts big blind $0.05
*** HOLE CARDS ***
Dealt to 86d2550f 
Dealt to 5fbf3879 
Dealt to Hero [3s 2h]
Dealt to ead6865c 
Dealt to 4c90d96b 
86d2550f: folds
5fbf3879: folds
Hero: folds
ead6865c: folds
Uncalled bet ($0.03) returned to 4c90d96b
*** SHOWDOWN ***
4c90d96b collected $0.04 from pot
*** SUMMARY ***
Total pot $0.04 | Rake $0 | Jackpot $0 | Bingo $0 | Fortune $0
Seat 1: 86d2550f folded before Flop (didn't bet)
Seat 2: 5fbf3879 folded before Flop (didn't bet)
Seat 4: Hero (button) folded before Flop (didn't bet)
Seat 5: ead6865c (small blind) folded before Flop
Seat 6: 4c90d96b (big blind) collected ($0.04)


Poker Hand #HD1157472159: Hold'em No Limit  ($0.02/$0.05) - 2023/03/12 21:34:17
Table 'NLHBlue108' 6-max Seat #2 is the button
Seat 1: 86d2550f ($5.42 in chips)
Seat 2: 5fbf3879 ($6.44 in chips)
Seat 3: 5c91114e ($5.62 in chips)
Seat 4: Hero ($5 in chips)
Seat 5: ead6865c ($5.46 in chips)
Seat 6: 4c90d96b ($5.8 in chips)
5c91114e: posts small blind $0.02
Hero: posts big blind $0.05
*** HOLE CARDS ***
Dealt to 86d2550f 
Dealt to 5fbf3879 
Dealt to 5c91114e 
Dealt to Hero [8c 8h]
Dealt to ead6865c 
Dealt to 4c90d96b 
ead6865c: folds
4c90d96b: folds
86d2550f: raises $0.08 to $0.13
5fbf3879: calls $0.13
5c91114e: folds
Hero: calls $0.08
*** FLOP *** [Qs 3d 5d]
Hero: checks
86d2550f: checks
5fbf3879: bets $0.14
Hero: calls $0.14
86d2550f: folds
*** TURN *** [Qs 3d 5d] [Kh]
Hero: checks
5fbf3879: bets $0.38
Hero: folds
Uncalled bet ($0.38) returned to 5fbf3879
*** SHOWDOWN ***
5fbf3879 collected $0.66 from pot
*** SUMMARY ***
Total pot $0.69 | Rake $0.03 | Jackpot $0 | Bingo $0 | Fortune $0
Board [Qs 3d 5d Kh]
Seat 1: 86d2550f folded on the Flop
Seat 2: 5fbf3879 (button) won ($0.66)
Seat 3: 5c91114e (small blind) folded before Flop
Seat 4: Hero (big blind) folded on the Turn
Seat 5: ead6865c folded before Flop (didn't bet)
Seat 6: 4c90d96b folded before Flop (didn't bet)


