Poker Hand #HD1182704952: Hold'em No Limit  ($0.02/$0.05) - 2023/03/30 18:10:40
Table 'NLHBlue108' 6-max Seat #4 is the button
Seat 1: Hero ($5.39 in chips)
Seat 2: aae960 ($5.96 in chips)
Seat 3: a62d3e29 ($6.37 in chips)
Seat 4: a61ae901 ($9.46 in chips)
Seat 5: 89e9d3c1 ($5 in chips)
Seat 6: d5ae23f9 ($5.18 in chips)
89e9d3c1: posts small blind $0.02
d5ae23f9: posts big blind $0.05
*** HOLE CARDS ***
Dealt to Hero [Js 5d]
Dealt to aae960 
Dealt to a62d3e29 
Dealt to a61ae901 
Dealt to 89e9d3c1 
Dealt to d5ae23f9 
Hero: folds
aae960: folds
a62d3e29: folds
a61ae901: folds
89e9d3c1: raises $0.06 to $0.11
d5ae23f9: calls $0.06
*** FLOP *** [2s 2d 9s]
89e9d3c1: bets $0.08
d5ae23f9: raises $0.19 to $0.27
89e9d3c1: folds
Uncalled bet ($0.19) returned to d5ae23f9
*** SHOWDOWN ***
d5ae23f9 collected $0.37 from pot
*** SUMMARY ***
Total pot $0.38 | Rake $0.01 | Jackpot $0 | Bingo $0 | Fortune $0
Board [2s 2d 9s]
Seat 1: Hero folded before Flop (didn't bet)
Seat 2: aae960 folded before Flop (didn't bet)
Seat 3: a62d3e29 folded before Flop (didn't bet)
Seat 4: a61ae901 (button) folded before Flop (didn't bet)
Seat 5: 89e9d3c1 (small blind) folded on the Flop
Seat 6: d5ae23f9 (big blind) won ($0.37)


Poker Hand #HD1182704902: Hold'em No Limit  ($0.02/$0.05) - 2023/03/30 18:10:23
Table 'NLHBlue108' 6-max Seat #3 is the button
Seat 1: Hero ($5.39 in chips)
Seat 2: aae960 ($5.96 in chips)
Seat 3: a62d3e29 ($6.37 in chips)
Seat 4: a61ae901 ($9.48 in chips)
Seat 5: 89e9d3c1 ($5 in chips)
Seat 6: d5ae23f9 ($5.11 in chips)
a61ae901: posts small blind $0.02
89e9d3c1: posts big blind $0.05
*** HOLE CARDS ***
Dealt to Hero [3c 3d]
Dealt to aae960 
Dealt to a62d3e29 
Dealt to a61ae901 
Dealt to 89e9d3c1 
Dealt to d5ae23f9 
d5ae23f9: raises $0.05 to $0.1
Hero: folds
aae960: folds
a62d3e29: folds
a61ae901: folds
89e9d3c1: folds
Uncalled bet ($0.05) returned to d5ae23f9
*** SHOWDOWN ***
d5ae23f9 collected $0.12 from pot
*** SUMMARY ***
Total pot $0.12 | Rake $0 | Jackpot $0 | Bingo $0 | Fortune $0
Seat 1: Hero folded before Flop (didn't bet)
Seat 2: aae960 folded before Flop (didn't bet)
Seat 3: a62d3e29 (button) folded before Flop (didn't bet)
Seat 4: a61ae901 (small blind) folded before Flop
Seat 5: 89e9d3c1 (big blind) folded before Flop
Seat 6: d5ae23f9 collected ($0.12)


Poker Hand #HD1182704672: Hold'em No Limit  ($0.02/$0.05) - 2023/03/30 18:09:12
Table 'NLHBlue108' 6-max Seat #2 is the button
Seat 1: Hero ($5.39 in chips)
Seat 2: aae960 ($5 in chips)
Seat 3: a62d3e29 ($6.39 in chips)
Seat 4: a61ae901 ($10.57 in chips)
Seat 5: 89e9d3c1 ($5 in chips)
Seat 6: d5ae23f9 ($5.11 in chips)
a62d3e29: posts small blind $0.02
a61ae901: posts big blind $0.05
*** HOLE CARDS ***
Dealt to Hero [9d 3d]
Dealt to aae960 
Dealt to a62d3e29 
Dealt to a61ae901 
Dealt to 89e9d3c1 
Dealt to d5ae23f9 
89e9d3c1: folds
d5ae23f9: folds
Hero: folds
aae960: raises $0.08 to $0.13
a62d3e29: folds
a61ae901: raises $0.47 to $0.6
aae960: calls $0.47
*** FLOP *** [Kd Kc Ac]
a61ae901: bets $0.49
aae960: calls $0.49
*** TURN *** [Kd Kc Ac] [8c]
a61ae901: checks
aae960: checks
*** RIVER *** [Kd Kc Ac 8c] [5s]
a61ae901: checks
aae960: checks
a61ae901: shows [Qs Js] (Pair of Kings)
aae960: shows [Qc Kh] (Three Kings)
*** SHOWDOWN ***
aae960 collected $2.05 from pot
*** SUMMARY ***
Total pot $2.2 | Rake $0.1 | Jackpot $0.05 | Bingo $0 | Fortune $0
Board [Kd Kc Ac 8c 5s]
Seat 1: Hero folded before Flop (didn't bet)
Seat 2: aae960 (button) showed [Qc Kh] and won ($2.05) with Three Kings
Seat 3: a62d3e29 (small blind) folded before Flop
Seat 4: a61ae901 (big blind) showed [Qs Js] and lost with Pair of Kings
Seat 5: 89e9d3c1 folded before Flop (didn't bet)
Seat 6: d5ae23f9 folded before Flop (didn't bet)


Poker Hand #HD1182704567: Hold'em No Limit  ($0.02/$0.05) - 2023/03/30 18:08:32
Table 'NLHBlue108' 6-max Seat #1 is the button
Seat 1: Hero ($5.39 in chips)
Seat 2: aae960 ($5 in chips)
Seat 3: a62d3e29 ($6.44 in chips)
Seat 4: a61ae901 ($10.57 in chips)
Seat 5: 89e9d3c1 ($5 in chips)
Seat 6: d5ae23f9 ($5.04 in chips)
aae960: posts small blind $0.02
a62d3e29: posts big blind $0.05
*** HOLE CARDS ***
Dealt to Hero [Ah Th]
Dealt to aae960 
Dealt to a62d3e29 
Dealt to a61ae901 
Dealt to 89e9d3c1 
Dealt to d5ae23f9 
a61ae901: folds
89e9d3c1: folds
d5ae23f9: raises $0.08 to $0.13
Hero: folds
aae960: folds
a62d3e29: folds
Uncalled bet ($0.08) returned to d5ae23f9
*** SHOWDOWN ***
d5ae23f9 collected $0.12 from pot
*** SUMMARY ***
Total pot $0.12 | Rake $0 | Jackpot $0 | Bingo $0 | Fortune $0
Seat 1: Hero (button) folded before Flop (didn't bet)
Seat 2: aae960 (small blind) folded before Flop
Seat 3: a62d3e29 (big blind) folded before Flop
Seat 4: a61ae901 folded before Flop (didn't bet)
Seat 5: 89e9d3c1 folded before Flop (didn't bet)
Seat 6: d5ae23f9 collected ($0.12)


Poker Hand #HD1182704364: Hold'em No Limit  ($0.02/$0.05) - 2023/03/30 18:07:19
Table 'NLHBlue108' 6-max Seat #6 is the button
Seat 1: Hero ($5.41 in chips)
Seat 2: aae960 ($5.07 in chips)
Seat 3: a62d3e29 ($6.44 in chips)
Seat 4: a61ae901 ($10.57 in chips)
Seat 5: 89e9d3c1 ($5 in chips)
Seat 6: d5ae23f9 ($4.93 in chips)
Hero: posts small blind $0.02
aae960: posts big blind $0.05
*** HOLE CARDS ***
Dealt to Hero [2s Tc]
Dealt to aae960 
Dealt to a62d3e29 
Dealt to a61ae901 
Dealt to 89e9d3c1 
Dealt to d5ae23f9 
a62d3e29: folds
a61ae901: folds
89e9d3c1: folds
d5ae23f9: calls $0.05
Hero: folds
aae960: checks
*** FLOP *** [Qc 6h 3h]
aae960: checks
d5ae23f9: bets $0.05
aae960: calls $0.05
*** TURN *** [Qc 6h 3h] [Ad]
aae960: checks
d5ae23f9: checks
*** RIVER *** [Qc 6h 3h Ad] [7c]
aae960: checks
d5ae23f9: checks
aae960: shows [4d 2c] (Ace-High)
d5ae23f9: shows [3c 5c] (Pair of Treys)
*** SHOWDOWN ***
d5ae23f9 collected $0.21 from pot
*** SUMMARY ***
Total pot $0.22 | Rake $0.01 | Jackpot $0 | Bingo $0 | Fortune $0
Board [Qc 6h 3h Ad 7c]
Seat 1: Hero (small blind) folded before Flop
Seat 2: aae960 (big blind) showed [4d 2c] and lost with Ace-High
Seat 3: a62d3e29 folded before Flop (didn't bet)
Seat 4: a61ae901 folded before Flop (didn't bet)
Seat 5: 89e9d3c1 folded before Flop (didn't bet)
Seat 6: d5ae23f9 (button) showed [3c 5c] and won ($0.21) with Pair of Treys


Poker Hand #HD1182704310: Hold'em No Limit  ($0.02/$0.05) - 2023/03/30 18:07:01
Table 'NLHBlue108' 6-max Seat #5 is the button
Seat 1: Hero ($5.46 in chips)
Seat 2: aae960 ($5.07 in chips)
Seat 3: a62d3e29 ($6.37 in chips)
Seat 4: a61ae901 ($10.57 in chips)
Seat 5: 89e9d3c1 ($5 in chips)
Seat 6: d5ae23f9 ($4.95 in chips)
d5ae23f9: posts small blind $0.02
Hero: posts big blind $0.05
*** HOLE CARDS ***
Dealt to Hero [9d 2h]
Dealt to aae960 
Dealt to a62d3e29 
Dealt to a61ae901 
Dealt to 89e9d3c1 
Dealt to d5ae23f9 
aae960: folds
a62d3e29: raises $0.1 to $0.15
a61ae901: folds
89e9d3c1: folds
d5ae23f9: folds
Hero: folds
Uncalled bet ($0.1) returned to a62d3e29
*** SHOWDOWN ***
a62d3e29 collected $0.12 from pot
*** SUMMARY ***
Total pot $0.12 | Rake $0 | Jackpot $0 | Bingo $0 | Fortune $0
Seat 1: Hero (big blind) folded before Flop
Seat 2: aae960 folded before Flop (didn't bet)
Seat 3: a62d3e29 collected ($0.12)
Seat 4: a61ae901 folded before Flop (didn't bet)
Seat 5: 89e9d3c1 (button) folded before Flop (didn't bet)
Seat 6: d5ae23f9 (small blind) folded before Flop


Poker Hand #HD1182704187: Hold'em No Limit  ($0.02/$0.05) - 2023/03/30 18:06:16
Table 'NLHBlue108' 6-max Seat #4 is the button
Seat 1: Hero ($5.46 in chips)
Seat 2: aae960 ($5.07 in chips)
Seat 3: a62d3e29 ($6.18 in chips)
Seat 4: a61ae901 ($10.57 in chips)
Seat 5: 89e9d3c1 ($5 in chips)
Seat 6: d5ae23f9 ($5 in chips)
89e9d3c1: posts small blind $0.02
d5ae23f9: posts big blind $0.05
*** HOLE CARDS ***
Dealt to Hero [4h 8d]
Dealt to aae960 
Dealt to a62d3e29 
Dealt to a61ae901 
Dealt to 89e9d3c1 
Dealt to d5ae23f9 
Hero: folds
aae960: folds
a62d3e29: raises $0.1 to $0.15
a61ae901: folds
89e9d3c1: calls $0.13
d5ae23f9: folds
*** FLOP *** [4d Ts 9h]
89e9d3c1: checks
a62d3e29: checks
*** TURN *** [4d Ts 9h] [3h]
89e9d3c1: checks
a62d3e29: bets $0.27
89e9d3c1: folds
Uncalled bet ($0.27) returned to a62d3e29
*** SHOWDOWN ***
a62d3e29 collected $0.34 from pot
*** SUMMARY ***
Total pot $0.35 | Rake $0.01 | Jackpot $0 | Bingo $0 | Fortune $0
Board [4d Ts 9h 3h]
Seat 1: Hero folded before Flop (didn't bet)
Seat 2: aae960 folded before Flop (didn't bet)
Seat 3: a62d3e29 won ($0.34)
Seat 4: a61ae901 (button) folded before Flop (didn't bet)
Seat 5: 89e9d3c1 (small blind) folded on the Turn
Seat 6: d5ae23f9 (big blind) folded before Flop


Poker Hand #HD1182704132: Hold'em No Limit  ($0.02/$0.05) - 2023/03/30 18:06:00
Table 'NLHBlue108' 6-max Seat #3 is the button
Seat 1: Hero ($5.46 in chips)
Seat 2: aae960 ($5 in chips)
Seat 3: a62d3e29 ($6.18 in chips)
Seat 4: a61ae901 ($10.59 in chips)
Seat 5: 89e9d3c1 ($5 in chips)
a61ae901: posts small blind $0.02
89e9d3c1: posts big blind $0.05
*** HOLE CARDS ***
Dealt to Hero [Jh 8s]
Dealt to aae960 
Dealt to a62d3e29 
Dealt to a61ae901 
Dealt to 89e9d3c1 
Hero: folds
aae960: raises $0.08 to $0.13
a62d3e29: folds
a61ae901: folds
89e9d3c1: folds
Uncalled bet ($0.08) returned to aae960
*** SHOWDOWN ***
aae960 collected $0.12 from pot
*** SUMMARY ***
Total pot $0.12 | Rake $0 | Jackpot $0 | Bingo $0 | Fortune $0
Seat 1: Hero folded before Flop (didn't bet)
Seat 2: aae960 collected ($0.12)
Seat 3: a62d3e29 (button) folded before Flop (didn't bet)
Seat 4: a61ae901 (small blind) folded before Flop
Seat 5: 89e9d3c1 (big blind) folded before Flop


Poker Hand #HD1182704069: Hold'em No Limit  ($0.02/$0.05) - 2023/03/30 18:05:42
Table 'NLHBlue108' 6-max Seat #2 is the button
Seat 1: Hero ($5.46 in chips)
Seat 2: aae960 ($5 in chips)
Seat 3: a62d3e29 ($6.13 in chips)
Seat 4: a61ae901 ($10.64 in chips)
Seat 5: 89e9d3c1 ($5 in chips)
Seat 6: 2a63e0c7 ($5 in chips)
a62d3e29: posts small blind $0.02
a61ae901: posts big blind $0.05
*** HOLE CARDS ***
Dealt to Hero [Th Kd]
Dealt to aae960 
Dealt to a62d3e29 
Dealt to a61ae901 
Dealt to 89e9d3c1 
Dealt to 2a63e0c7 
89e9d3c1: folds
2a63e0c7: folds
Hero: folds
aae960: folds
a62d3e29: raises $0.1 to $0.15
a61ae901: folds
Uncalled bet ($0.1) returned to a62d3e29
*** SHOWDOWN ***
a62d3e29 collected $0.1 from pot
*** SUMMARY ***
Total pot $0.1 | Rake $0 | Jackpot $0 | Bingo $0 | Fortune $0
Seat 1: Hero folded before Flop (didn't bet)
Seat 2: aae960 (button) folded before Flop (didn't bet)
Seat 3: a62d3e29 (small blind) collected ($0.1)
Seat 4: a61ae901 (big blind) folded before Flop
Seat 5: 89e9d3c1 folded before Flop (didn't bet)
Seat 6: 2a63e0c7 folded before Flop (didn't bet)


Poker Hand #HD1182703997: Hold'em No Limit  ($0.02/$0.05) - 2023/03/30 18:05:18
Table 'NLHBlue108' 6-max Seat #1 is the button
Seat 1: Hero ($5.58 in chips)
Seat 2: aae960 ($5.4 in chips)
Seat 3: a62d3e29 ($5.51 in chips)
Seat 4: a61ae901 ($10.64 in chips)
Seat 5: 89e9d3c1 ($5 in chips)
Seat 6: 2a63e0c7 ($5 in chips)
aae960: posts small blind $0.02
a62d3e29: posts big blind $0.05
*** HOLE CARDS ***
Dealt to Hero [As 9h]
Dealt to aae960 
Dealt to a62d3e29 
Dealt to a61ae901 
Dealt to 89e9d3c1 
Dealt to 2a63e0c7 
a61ae901: folds
89e9d3c1: folds
2a63e0c7: folds
Hero: raises $0.07 to $0.12
aae960: raises $0.44 to $0.56
a62d3e29: raises $0.98 to $1.54
Hero: folds
aae960: folds
Uncalled bet ($0.98) returned to a62d3e29
*** SHOWDOWN ***
a62d3e29 collected $1.18 from pot
*** SUMMARY ***
Total pot $1.24 | Rake $0.06 | Jackpot $0 | Bingo $0 | Fortune $0
Seat 1: Hero (button) folded before Flop
Seat 2: aae960 (small blind) folded before Flop
Seat 3: a62d3e29 (big blind) collected ($1.18)
Seat 4: a61ae901 folded before Flop (didn't bet)
Seat 5: 89e9d3c1 folded before Flop (didn't bet)
Seat 6: 2a63e0c7 folded before Flop (didn't bet)


Poker Hand #HD1182703878: Hold'em No Limit  ($0.02/$0.05) - 2023/03/30 18:04:37
Table 'NLHBlue108' 6-max Seat #6 is the button
Seat 1: Hero ($5.41 in chips)
Seat 2: aae960 ($5.45 in chips)
Seat 3: a62d3e29 ($5.51 in chips)
Seat 4: a61ae901 ($10.64 in chips)
Seat 5: 89e9d3c1 ($5 in chips)
Seat 6: 2a63e0c7 ($5 in chips)
Hero: posts small blind $0.02
aae960: posts big blind $0.05
*** HOLE CARDS ***
Dealt to Hero [As Jc]
Dealt to aae960 
Dealt to a62d3e29 
Dealt to a61ae901 
Dealt to 89e9d3c1 
Dealt to 2a63e0c7 
a62d3e29: folds
a61ae901: folds
89e9d3c1: folds
2a63e0c7: raises $0.08 to $0.13
Hero: raises $0.47 to $0.6
aae960: folds
2a63e0c7: folds
Uncalled bet ($0.47) returned to Hero
*** SHOWDOWN ***
Hero collected $0.3 from pot
*** SUMMARY ***
Total pot $0.31 | Rake $0.01 | Jackpot $0 | Bingo $0 | Fortune $0
Seat 1: Hero (small blind) collected ($0.3)
Seat 2: aae960 (big blind) folded before Flop
Seat 3: a62d3e29 folded before Flop (didn't bet)
Seat 4: a61ae901 folded before Flop (didn't bet)
Seat 5: 89e9d3c1 folded before Flop (didn't bet)
Seat 6: 2a63e0c7 (button) folded before Flop


Poker Hand #HD1182703702: Hold'em No Limit  ($0.02/$0.05) - 2023/03/30 18:03:35
Table 'NLHBlue108' 6-max Seat #5 is the button
Seat 1: Hero ($5.56 in chips)
Seat 2: aae960 ($5.45 in chips)
Seat 3: a62d3e29 ($5.35 in chips)
Seat 4: a61ae901 ($10.64 in chips)
Seat 5: 89e9d3c1 ($5 in chips)
Seat 6: 2a63e0c7 ($5 in chips)
2a63e0c7: posts small blind $0.02
Hero: posts big blind $0.05
*** HOLE CARDS ***
Dealt to Hero [Ad Ts]
Dealt to aae960 
Dealt to a62d3e29 
Dealt to a61ae901 
Dealt to 89e9d3c1 
Dealt to 2a63e0c7 
aae960: folds
a62d3e29: raises $0.1 to $0.15
a61ae901: folds
89e9d3c1: folds
2a63e0c7: folds
Hero: calls $0.1
*** FLOP *** [6h 9c 5s]
Hero: checks
a62d3e29: checks
*** TURN *** [6h 9c 5s] [6d]
Hero: checks
a62d3e29: checks
*** RIVER *** [6h 9c 5s 6d] [Js]
Hero: checks
a62d3e29: bets $0.24
Hero: folds
Uncalled bet ($0.24) returned to a62d3e29
*** SHOWDOWN ***
a62d3e29 collected $0.31 from pot
*** SUMMARY ***
Total pot $0.32 | Rake $0.01 | Jackpot $0 | Bingo $0 | Fortune $0
Board [6h 9c 5s 6d Js]
Seat 1: Hero (big blind) folded on the River
Seat 2: aae960 folded before Flop (didn't bet)
Seat 3: a62d3e29 won ($0.31)
Seat 4: a61ae901 folded before Flop (didn't bet)
Seat 5: 89e9d3c1 (button) folded before Flop (didn't bet)
Seat 6: 2a63e0c7 (small blind) folded before Flop


Poker Hand #HD1182703617: Hold'em No Limit  ($0.02/$0.05) - 2023/03/30 18:03:06
Table 'NLHBlue108' 6-max Seat #4 is the button
Seat 1: Hero ($5.56 in chips)
Seat 2: aae960 ($5.45 in chips)
Seat 3: a62d3e29 ($5.35 in chips)
Seat 4: a61ae901 ($10.5 in chips)
Seat 5: 89e9d3c1 ($5.02 in chips)
Seat 6: 2a63e0c7 ($5 in chips)
89e9d3c1: posts small blind $0.02
2a63e0c7: posts big blind $0.05
*** HOLE CARDS ***
Dealt to Hero [2s Kd]
Dealt to aae960 
Dealt to a62d3e29 
Dealt to a61ae901 
Dealt to 89e9d3c1 
Dealt to 2a63e0c7 
Hero: folds
aae960: folds
a62d3e29: folds
a61ae901: raises $0.08 to $0.13
89e9d3c1: folds
2a63e0c7: calls $0.08
*** FLOP *** [Th Ks 5s]
2a63e0c7: checks
a61ae901: bets $0.19
2a63e0c7: folds
Uncalled bet ($0.19) returned to a61ae901
*** SHOWDOWN ***
a61ae901 collected $0.27 from pot
*** SUMMARY ***
Total pot $0.28 | Rake $0.01 | Jackpot $0 | Bingo $0 | Fortune $0
Board [Th Ks 5s]
Seat 1: Hero folded before Flop (didn't bet)
Seat 2: aae960 folded before Flop (didn't bet)
Seat 3: a62d3e29 folded before Flop (didn't bet)
Seat 4: a61ae901 (button) won ($0.27)
Seat 5: 89e9d3c1 (small blind) folded before Flop
Seat 6: 2a63e0c7 (big blind) folded on the Flop


Poker Hand #HD1182703581: Hold'em No Limit  ($0.02/$0.05) - 2023/03/30 18:02:54
Table 'NLHBlue108' 6-max Seat #3 is the button
Seat 1: Hero ($5.56 in chips)
Seat 2: aae960 ($5.45 in chips)
Seat 3: a62d3e29 ($5.35 in chips)
Seat 4: a61ae901 ($10.52 in chips)
Seat 5: 89e9d3c1 ($5 in chips)
Seat 6: 2a63e0c7 ($5 in chips)
a61ae901: posts small blind $0.02
89e9d3c1: posts big blind $0.05
*** HOLE CARDS ***
Dealt to Hero [2c Ah]
Dealt to aae960 
Dealt to a62d3e29 
Dealt to a61ae901 
Dealt to 89e9d3c1 
Dealt to 2a63e0c7 
2a63e0c7: folds
Hero: folds
aae960: folds
a62d3e29: folds
a61ae901: folds
Uncalled bet ($0.03) returned to 89e9d3c1
*** SHOWDOWN ***
89e9d3c1 collected $0.04 from pot
*** SUMMARY ***
Total pot $0.04 | Rake $0 | Jackpot $0 | Bingo $0 | Fortune $0
Seat 1: Hero folded before Flop (didn't bet)
Seat 2: aae960 folded before Flop (didn't bet)
Seat 3: a62d3e29 (button) folded before Flop (didn't bet)
Seat 4: a61ae901 (small blind) folded before Flop
Seat 5: 89e9d3c1 (big blind) collected ($0.04)
Seat 6: 2a63e0c7 folded before Flop (didn't bet)


Poker Hand #HD1182703443: Hold'em No Limit  ($0.02/$0.05) - 2023/03/30 18:02:09
Table 'NLHBlue108' 6-max Seat #2 is the button
Seat 1: Hero ($5.56 in chips)
Seat 2: aae960 ($5.22 in chips)
Seat 3: a62d3e29 ($5.37 in chips)
Seat 4: a61ae901 ($10.75 in chips)
Seat 5: 89e9d3c1 ($5 in chips)
Seat 6: 2a63e0c7 ($5 in chips)
a62d3e29: posts small blind $0.02
a61ae901: posts big blind $0.05
*** HOLE CARDS ***
Dealt to Hero [Ks 6h]
Dealt to aae960 
Dealt to a62d3e29 
Dealt to a61ae901 
Dealt to 89e9d3c1 
Dealt to 2a63e0c7 
89e9d3c1: folds
2a63e0c7: folds
Hero: folds
aae960: raises $0.08 to $0.13
a62d3e29: folds
a61ae901: calls $0.08
*** FLOP *** [Qh 4h 5h]
a61ae901: checks
aae960: bets $0.1
a61ae901: calls $0.1
*** TURN *** [Qh 4h 5h] [Qs]
a61ae901: checks
aae960: bets $0.36
a61ae901: folds
Uncalled bet ($0.36) returned to aae960
*** SHOWDOWN ***
aae960 collected $0.46 from pot
*** SUMMARY ***
Total pot $0.48 | Rake $0.02 | Jackpot $0 | Bingo $0 | Fortune $0
Board [Qh 4h 5h Qs]
Seat 1: Hero folded before Flop (didn't bet)
Seat 2: aae960 (button) won ($0.46)
Seat 3: a62d3e29 (small blind) folded before Flop
Seat 4: a61ae901 (big blind) folded on the Turn
Seat 5: 89e9d3c1 folded before Flop (didn't bet)
Seat 6: 2a63e0c7 folded before Flop (didn't bet)


Poker Hand #HD1182703366: Hold'em No Limit  ($0.02/$0.05) - 2023/03/30 18:01:45
Table 'NLHBlue108' 6-max Seat #1 is the button
Seat 1: Hero ($5 in chips)
Seat 2: aae960 ($5.78 in chips)
Seat 3: a62d3e29 ($5.42 in chips)
Seat 4: a61ae901 ($10.75 in chips)
Seat 5: 89e9d3c1 ($5 in chips)
Seat 6: 2a63e0c7 ($5 in chips)
aae960: posts small blind $0.02
a62d3e29: posts big blind $0.05
*** HOLE CARDS ***
Dealt to Hero [Qd Qc]
Dealt to aae960 
Dealt to a62d3e29 
Dealt to a61ae901 
Dealt to 89e9d3c1 
Dealt to 2a63e0c7 
a61ae901: folds
89e9d3c1: folds
2a63e0c7: folds
Hero: raises $0.07 to $0.12
aae960: raises $0.44 to $0.56
a62d3e29: folds
Hero: raises $0.8 to $1.36
aae960: folds
Uncalled bet ($0.8) returned to Hero
*** SHOWDOWN ***
Hero collected $1.12 from pot
*** SUMMARY ***
Total pot $1.17 | Rake $0.05 | Jackpot $0 | Bingo $0 | Fortune $0
Seat 1: Hero (button) collected ($1.12)
Seat 2: aae960 (small blind) folded before Flop
Seat 3: a62d3e29 (big blind) folded before Flop
Seat 4: a61ae901 folded before Flop (didn't bet)
Seat 5: 89e9d3c1 folded before Flop (didn't bet)
Seat 6: 2a63e0c7 folded before Flop (didn't bet)


Poker Hand #HD1182703280: Hold'em No Limit  ($0.02/$0.05) - 2023/03/30 18:01:15
Table 'NLHBlue108' 6-max Seat #6 is the button
Seat 1: Hero ($5 in chips)
Seat 2: aae960 ($5.65 in chips)
Seat 3: a62d3e29 ($5.42 in chips)
Seat 4: a61ae901 ($10.75 in chips)
Seat 5: 89e9d3c1 ($5 in chips)
Seat 6: 2a63e0c7 ($5 in chips)
Hero: posts small blind $0.02
aae960: posts big blind $0.05
*** HOLE CARDS ***
Dealt to Hero [5s Ts]
Dealt to aae960 
Dealt to a62d3e29 
Dealt to a61ae901 
Dealt to 89e9d3c1 
Dealt to 2a63e0c7 
a62d3e29: folds
a61ae901: folds
89e9d3c1: folds
2a63e0c7: folds
Hero: raises $0.09 to $0.14
aae960: raises $0.32 to $0.46
Hero: folds
Uncalled bet ($0.32) returned to aae960
*** SHOWDOWN ***
aae960 collected $0.27 from pot
*** SUMMARY ***
Total pot $0.28 | Rake $0.01 | Jackpot $0 | Bingo $0 | Fortune $0
Seat 1: Hero (small blind) folded before Flop
Seat 2: aae960 (big blind) collected ($0.27)
Seat 3: a62d3e29 folded before Flop (didn't bet)
Seat 4: a61ae901 folded before Flop (didn't bet)
Seat 5: 89e9d3c1 folded before Flop (didn't bet)
Seat 6: 2a63e0c7 (button) folded before Flop (didn't bet)


Poker Hand #HD1182703171: Hold'em No Limit  ($0.02/$0.05) - 2023/03/30 18:00:40
Table 'NLHBlue108' 6-max Seat #5 is the button
Seat 1: Hero ($5 in chips)
Seat 2: aae960 ($5.65 in chips)
Seat 3: a62d3e29 ($5.21 in chips)
Seat 4: a61ae901 ($10.75 in chips)
Seat 5: 89e9d3c1 ($5 in chips)
Seat 6: 2a63e0c7 ($5 in chips)
2a63e0c7: posts small blind $0.02
Hero: posts big blind $0.05
*** HOLE CARDS ***
Dealt to Hero [3c 7s]
Dealt to aae960 
Dealt to a62d3e29 
Dealt to a61ae901 
Dealt to 89e9d3c1 
Dealt to 2a63e0c7 
aae960: folds
a62d3e29: raises $0.1 to $0.15
a61ae901: folds
89e9d3c1: calls $0.15
2a63e0c7: folds
Hero: folds
*** FLOP *** [Js 5d Th]
a62d3e29: bets $0.28
89e9d3c1: folds
Uncalled bet ($0.28) returned to a62d3e29
*** SHOWDOWN ***
a62d3e29 collected $0.36 from pot
*** SUMMARY ***
Total pot $0.37 | Rake $0.01 | Jackpot $0 | Bingo $0 | Fortune $0
Board [Js 5d Th]
Seat 1: Hero (big blind) folded before Flop
Seat 2: aae960 folded before Flop (didn't bet)
Seat 3: a62d3e29 won ($0.36)
Seat 4: a61ae901 folded before Flop (didn't bet)
Seat 5: 89e9d3c1 (button) folded on the Flop
Seat 6: 2a63e0c7 (small blind) folded before Flop


Poker Hand #HD1182703130: Hold'em No Limit  ($0.02/$0.05) - 2023/03/30 18:00:27
Table 'NLHBlue108' 6-max Seat #4 is the button
Seat 1: Hero ($5 in chips)
Seat 2: aae960 ($5.58 in chips)
Seat 3: a62d3e29 ($5.21 in chips)
Seat 4: a61ae901 ($10.75 in chips)
Seat 5: 89e9d3c1 ($5 in chips)
Seat 6: 2a63e0c7 ($5 in chips)
89e9d3c1: posts small blind $0.02
2a63e0c7: posts big blind $0.05
*** HOLE CARDS ***
Dealt to Hero [9s 2c]
Dealt to aae960 
Dealt to a62d3e29 
Dealt to a61ae901 
Dealt to 89e9d3c1 
Dealt to 2a63e0c7 
Hero: folds
aae960: raises $0.06 to $0.11
a62d3e29: folds
a61ae901: folds
89e9d3c1: folds
2a63e0c7: folds
Uncalled bet ($0.06) returned to aae960
*** SHOWDOWN ***
aae960 collected $0.12 from pot
*** SUMMARY ***
Total pot $0.12 | Rake $0 | Jackpot $0 | Bingo $0 | Fortune $0
Seat 1: Hero folded before Flop (didn't bet)
Seat 2: aae960 collected ($0.12)
Seat 3: a62d3e29 folded before Flop (didn't bet)
Seat 4: a61ae901 (button) folded before Flop (didn't bet)
Seat 5: 89e9d3c1 (small blind) folded before Flop
Seat 6: 2a63e0c7 (big blind) folded before Flop


Poker Hand #HD1182703076: Hold'em No Limit  ($0.02/$0.05) - 2023/03/30 18:00:11
Table 'NLHBlue108' 6-max Seat #3 is the button
Seat 1: Hero ($5 in chips)
Seat 2: aae960 ($5.58 in chips)
Seat 3: a62d3e29 ($5.21 in chips)
Seat 4: a61ae901 ($10.7 in chips)
Seat 5: 89e9d3c1 ($5 in chips)
Seat 6: 2a63e0c7 ($5 in chips)
a61ae901: posts small blind $0.02
89e9d3c1: posts big blind $0.05
*** HOLE CARDS ***
Dealt to Hero [2c As]
Dealt to aae960 
Dealt to a62d3e29 
Dealt to a61ae901 
Dealt to 89e9d3c1 
Dealt to 2a63e0c7 
2a63e0c7: folds
Hero: folds
aae960: folds
a62d3e29: folds
a61ae901: raises $0.08 to $0.13
89e9d3c1: folds
Uncalled bet ($0.08) returned to a61ae901
*** SHOWDOWN ***
a61ae901 collected $0.1 from pot
*** SUMMARY ***
Total pot $0.1 | Rake $0 | Jackpot $0 | Bingo $0 | Fortune $0
Seat 1: Hero folded before Flop (didn't bet)
Seat 2: aae960 folded before Flop (didn't bet)
Seat 3: a62d3e29 (button) folded before Flop (didn't bet)
Seat 4: a61ae901 (small blind) collected ($0.1)
Seat 5: 89e9d3c1 (big blind) folded before Flop
Seat 6: 2a63e0c7 folded before Flop (didn't bet)


Poker Hand #HD1182702980: Hold'em No Limit  ($0.02/$0.05) - 2023/03/30 17:59:41
Table 'NLHBlue108' 6-max Seat #2 is the button
Seat 1: Hero ($5 in chips)
Seat 2: aae960 ($5.51 in chips)
Seat 3: a62d3e29 ($5.23 in chips)
Seat 4: a61ae901 ($10.75 in chips)
Seat 5: 89e9d3c1 ($5 in chips)
Seat 6: 2a63e0c7 ($5 in chips)
a62d3e29: posts small blind $0.02
a61ae901: posts big blind $0.05
*** HOLE CARDS ***
Dealt to Hero [4s 5d]
Dealt to aae960 
Dealt to a62d3e29 
Dealt to a61ae901 
Dealt to 89e9d3c1 
Dealt to 2a63e0c7 
89e9d3c1: folds
2a63e0c7: folds
Hero: folds
aae960: raises $0.08 to $0.13
a62d3e29: folds
a61ae901: folds
Uncalled bet ($0.08) returned to aae960
*** SHOWDOWN ***
aae960 collected $0.12 from pot
*** SUMMARY ***
Total pot $0.12 | Rake $0 | Jackpot $0 | Bingo $0 | Fortune $0
Seat 1: Hero folded before Flop (didn't bet)
Seat 2: aae960 (button) collected ($0.12)
Seat 3: a62d3e29 (small blind) folded before Flop
Seat 4: a61ae901 (big blind) folded before Flop
Seat 5: 89e9d3c1 folded before Flop (didn't bet)
Seat 6: 2a63e0c7 folded before Flop (didn't bet)


Poker Hand #HD1182702819: Hold'em No Limit  ($0.02/$0.05) - 2023/03/30 17:58:44
Table 'NLHBlue108' 6-max Seat #1 is the button
Seat 1: Hero ($5 in chips)
Seat 2: aae960 ($5.53 in chips)
Seat 3: a62d3e29 ($5.1 in chips)
Seat 4: a61ae901 ($10.75 in chips)
Seat 5: 89e9d3c1 ($5 in chips)
Seat 6: 2a63e0c7 ($5 in chips)
aae960: posts small blind $0.02
a62d3e29: posts big blind $0.05
*** HOLE CARDS ***
Dealt to Hero [5c Ah]
Dealt to aae960 
Dealt to a62d3e29 
Dealt to a61ae901 
Dealt to 89e9d3c1 
Dealt to 2a63e0c7 
a61ae901: folds
89e9d3c1: folds
2a63e0c7: folds
Hero: raises $0.07 to $0.12
aae960: folds
a62d3e29: calls $0.07
*** FLOP *** [2d 9s 6s]
a62d3e29: checks
Hero: checks
*** TURN *** [2d 9s 6s] [8d]
a62d3e29: bets $0.2
Hero: folds
Uncalled bet ($0.2) returned to a62d3e29
*** SHOWDOWN ***
a62d3e29 collected $0.25 from pot
*** SUMMARY ***
Total pot $0.26 | Rake $0.01 | Jackpot $0 | Bingo $0 | Fortune $0
Board [2d 9s 6s 8d]
Seat 1: Hero (button) folded on the Turn
Seat 2: aae960 (small blind) folded before Flop
Seat 3: a62d3e29 (big blind) won ($0.25)
Seat 4: a61ae901 folded before Flop (didn't bet)
Seat 5: 89e9d3c1 folded before Flop (didn't bet)
Seat 6: 2a63e0c7 folded before Flop (didn't bet)


Poker Hand #HD1182702594: Hold'em No Limit  ($0.02/$0.05) - 2023/03/30 17:57:31
Table 'NLHBlue108' 6-max Seat #6 is the button
Seat 1: Hero ($5.12 in chips)
Seat 2: aae960 ($5.4 in chips)
Seat 3: a62d3e29 ($5.1 in chips)
Seat 4: a61ae901 ($10.75 in chips)
Seat 5: 89e9d3c1 ($5 in chips)
Seat 6: 2a63e0c7 ($5 in chips)
Hero: posts small blind $0.02
aae960: posts big blind $0.05
*** HOLE CARDS ***
Dealt to Hero [7s 6s]
Dealt to aae960 
Dealt to a62d3e29 
Dealt to a61ae901 
Dealt to 89e9d3c1 
Dealt to 2a63e0c7 
a62d3e29: folds
a61ae901: folds
89e9d3c1: folds
2a63e0c7: folds
Hero: raises $0.09 to $0.14
aae960: calls $0.09
*** FLOP *** [9c Jd 9s]
Hero: checks
aae960: checks
*** TURN *** [9c Jd 9s] [Ah]
Hero: checks
aae960: checks
*** RIVER *** [9c Jd 9s Ah] [As]
Hero: checks
aae960: checks
Hero: shows [7s 6s] (Pair of Aces and Pair of Nines)
aae960: shows [Kh 5s] (Pair of Aces and Pair of Nines)
*** SHOWDOWN ***
aae960 collected $0.27 from pot
*** SUMMARY ***
Total pot $0.28 | Rake $0.01 | Jackpot $0 | Bingo $0 | Fortune $0
Board [9c Jd 9s Ah As]
Seat 1: Hero (small blind) showed [7s 6s] and lost with Pair of Aces and Pair of Nines
Seat 2: aae960 (big blind) showed [Kh 5s] and won ($0.27) with Pair of Aces and Pair of Nines
Seat 3: a62d3e29 folded before Flop (didn't bet)
Seat 4: a61ae901 folded before Flop (didn't bet)
Seat 5: 89e9d3c1 folded before Flop (didn't bet)
Seat 6: 2a63e0c7 (button) folded before Flop (didn't bet)


Poker Hand #HD1182702520: Hold'em No Limit  ($0.02/$0.05) - 2023/03/30 17:57:03
Table 'NLHBlue108' 6-max Seat #5 is the button
Seat 1: Hero ($5 in chips)
Seat 2: aae960 ($5.4 in chips)
Seat 3: a62d3e29 ($5.1 in chips)
Seat 4: a61ae901 ($10.75 in chips)
Seat 5: 89e9d3c1 ($5.08 in chips)
Seat 6: 2a63e0c7 ($5.02 in chips)
2a63e0c7: posts small blind $0.02
Hero: posts big blind $0.05
*** HOLE CARDS ***
Dealt to Hero [As 9s]
Dealt to aae960 
Dealt to a62d3e29 
Dealt to a61ae901 
Dealt to 89e9d3c1 
Dealt to 2a63e0c7 
aae960: folds
a62d3e29: folds
a61ae901: folds
89e9d3c1: raises $0.06 to $0.11
2a63e0c7: folds
Hero: raises $0.36 to $0.47
89e9d3c1: folds
Uncalled bet ($0.36) returned to Hero
*** SHOWDOWN ***
Hero collected $0.23 from pot
*** SUMMARY ***
Total pot $0.24 | Rake $0.01 | Jackpot $0 | Bingo $0 | Fortune $0
Seat 1: Hero (big blind) collected ($0.23)
Seat 2: aae960 folded before Flop (didn't bet)
Seat 3: a62d3e29 folded before Flop (didn't bet)
Seat 4: a61ae901 folded before Flop (didn't bet)
Seat 5: 89e9d3c1 (button) folded before Flop
Seat 6: 2a63e0c7 (small blind) folded before Flop


Poker Hand #HD1182702415: Hold'em No Limit  ($0.02/$0.05) - 2023/03/30 17:56:27
Table 'NLHBlue108' 6-max Seat #4 is the button
Seat 1: Hero ($5 in chips)
Seat 2: aae960 ($5.23 in chips)
Seat 3: a62d3e29 ($5.1 in chips)
Seat 4: a61ae901 ($10.75 in chips)
Seat 5: 89e9d3c1 ($5.21 in chips)
Seat 6: 2a63e0c7 ($5.07 in chips)
89e9d3c1: posts small blind $0.02
2a63e0c7: posts big blind $0.05
*** HOLE CARDS ***
Dealt to Hero [Ad 4h]
Dealt to aae960 
Dealt to a62d3e29 
Dealt to a61ae901 
Dealt to 89e9d3c1 
Dealt to 2a63e0c7 
Hero: folds
aae960: raises $0.08 to $0.13
a62d3e29: folds
a61ae901: folds
89e9d3c1: calls $0.11
2a63e0c7: folds
*** FLOP *** [5s 5c 5h]
89e9d3c1: checks
aae960: bets $0.11
89e9d3c1: folds
Uncalled bet ($0.11) returned to aae960
*** SHOWDOWN ***
aae960 collected $0.3 from pot
*** SUMMARY ***
Total pot $0.31 | Rake $0.01 | Jackpot $0 | Bingo $0 | Fortune $0
Board [5s 5c 5h]
Seat 1: Hero folded before Flop (didn't bet)
Seat 2: aae960 won ($0.3)
Seat 3: a62d3e29 folded before Flop (didn't bet)
Seat 4: a61ae901 (button) folded before Flop (didn't bet)
Seat 5: 89e9d3c1 (small blind) folded on the Flop
Seat 6: 2a63e0c7 (big blind) folded before Flop


Poker Hand #HD1182702376: Hold'em No Limit  ($0.02/$0.05) - 2023/03/30 17:56:13
Table 'NLHBlue108' 6-max Seat #3 is the button
Seat 1: Hero ($5 in chips)
Seat 2: aae960 ($5.23 in chips)
Seat 3: a62d3e29 ($5.1 in chips)
Seat 4: a61ae901 ($10.77 in chips)
Seat 5: 89e9d3c1 ($5.26 in chips)
Seat 6: 2a63e0c7 ($5 in chips)
a61ae901: posts small blind $0.02
89e9d3c1: posts big blind $0.05
*** HOLE CARDS ***
Dealt to Hero [2c 8h]
Dealt to aae960 
Dealt to a62d3e29 
Dealt to a61ae901 
Dealt to 89e9d3c1 
Dealt to 2a63e0c7 
2a63e0c7: raises $0.1 to $0.15
Hero: folds
aae960: folds
a62d3e29: folds
a61ae901: folds
89e9d3c1: folds
Uncalled bet ($0.1) returned to 2a63e0c7
*** SHOWDOWN ***
2a63e0c7 collected $0.12 from pot
*** SUMMARY ***
Total pot $0.12 | Rake $0 | Jackpot $0 | Bingo $0 | Fortune $0
Seat 1: Hero folded before Flop (didn't bet)
Seat 2: aae960 folded before Flop (didn't bet)
Seat 3: a62d3e29 (button) folded before Flop (didn't bet)
Seat 4: a61ae901 (small blind) folded before Flop
Seat 5: 89e9d3c1 (big blind) folded before Flop
Seat 6: 2a63e0c7 collected ($0.12)


Poker Hand #HD1182702315: Hold'em No Limit  ($0.02/$0.05) - 2023/03/30 17:55:53
Table 'NLHBlue108' 6-max Seat #2 is the button
Seat 1: Hero ($5 in chips)
Seat 2: aae960 ($5.16 in chips)
Seat 3: a62d3e29 ($5.12 in chips)
Seat 4: a61ae901 ($10.82 in chips)
Seat 5: 89e9d3c1 ($5.26 in chips)
Seat 6: 2a63e0c7 ($5 in chips)
a62d3e29: posts small blind $0.02
a61ae901: posts big blind $0.05
*** HOLE CARDS ***
Dealt to Hero [8d 5d]
Dealt to aae960 
Dealt to a62d3e29 
Dealt to a61ae901 
Dealt to 89e9d3c1 
Dealt to 2a63e0c7 
89e9d3c1: folds
2a63e0c7: folds
Hero: folds
aae960: raises $0.08 to $0.13
a62d3e29: folds
a61ae901: folds
Uncalled bet ($0.08) returned to aae960
*** SHOWDOWN ***
aae960 collected $0.12 from pot
*** SUMMARY ***
Total pot $0.12 | Rake $0 | Jackpot $0 | Bingo $0 | Fortune $0
Seat 1: Hero folded before Flop (didn't bet)
Seat 2: aae960 (button) collected ($0.12)
Seat 3: a62d3e29 (small blind) folded before Flop
Seat 4: a61ae901 (big blind) folded before Flop
Seat 5: 89e9d3c1 folded before Flop (didn't bet)
Seat 6: 2a63e0c7 folded before Flop (didn't bet)


Poker Hand #HD1182702250: Hold'em No Limit  ($0.02/$0.05) - 2023/03/30 17:55:28
Table 'NLHBlue108' 6-max Seat #1 is the button
Seat 1: Hero ($5 in chips)
Seat 2: aae960 ($5 in chips)
Seat 3: a62d3e29 ($5.17 in chips)
Seat 4: a61ae901 ($10.82 in chips)
Seat 5: 89e9d3c1 ($5.26 in chips)
Seat 6: 2a63e0c7 ($5 in chips)
aae960: posts small blind $0.02
a62d3e29: posts big blind $0.05
*** HOLE CARDS ***
Dealt to Hero [Ks Td]
Dealt to aae960 
Dealt to a62d3e29 
Dealt to a61ae901 
Dealt to 89e9d3c1 
Dealt to 2a63e0c7 
a61ae901: folds
89e9d3c1: folds
2a63e0c7: folds
Hero: raises $0.07 to $0.12
aae960: raises $0.44 to $0.56
a62d3e29: folds
Hero: folds
Uncalled bet ($0.44) returned to aae960
*** SHOWDOWN ***
aae960 collected $0.28 from pot
*** SUMMARY ***
Total pot $0.29 | Rake $0.01 | Jackpot $0 | Bingo $0 | Fortune $0
Seat 1: Hero (button) folded before Flop
Seat 2: aae960 (small blind) collected ($0.28)
Seat 3: a62d3e29 (big blind) folded before Flop
Seat 4: a61ae901 folded before Flop (didn't bet)
Seat 5: 89e9d3c1 folded before Flop (didn't bet)
Seat 6: 2a63e0c7 folded before Flop (didn't bet)


Poker Hand #HD1182702178: Hold'em No Limit  ($0.02/$0.05) - 2023/03/30 17:55:07
Table 'NLHBlue108' 6-max Seat #6 is the button
Seat 1: Hero ($5 in chips)
Seat 2: aae960 ($5 in chips)
Seat 3: a62d3e29 ($5.17 in chips)
Seat 4: a61ae901 ($10.82 in chips)
Seat 5: 89e9d3c1 ($5.19 in chips)
Seat 6: 2a63e0c7 ($5 in chips)
Hero: posts small blind $0.02
aae960: posts big blind $0.05
*** HOLE CARDS ***
Dealt to Hero [8d 9c]
Dealt to aae960 
Dealt to a62d3e29 
Dealt to a61ae901 
Dealt to 89e9d3c1 
Dealt to 2a63e0c7 
a62d3e29: folds
a61ae901: folds
89e9d3c1: raises $0.06 to $0.11
2a63e0c7: folds
Hero: folds
aae960: folds
Uncalled bet ($0.06) returned to 89e9d3c1
*** SHOWDOWN ***
89e9d3c1 collected $0.12 from pot
*** SUMMARY ***
Total pot $0.12 | Rake $0 | Jackpot $0 | Bingo $0 | Fortune $0
Seat 1: Hero (small blind) folded before Flop
Seat 2: aae960 (big blind) folded before Flop
Seat 3: a62d3e29 folded before Flop (didn't bet)
Seat 4: a61ae901 folded before Flop (didn't bet)
Seat 5: 89e9d3c1 collected ($0.12)
Seat 6: 2a63e0c7 (button) folded before Flop (didn't bet)


Poker Hand #HD1182702097: Hold'em No Limit  ($0.02/$0.05) - 2023/03/30 17:54:39
Table 'NLHBlue108' 6-max Seat #5 is the button
Seat 1: Hero ($5 in chips)
Seat 2: aae960 ($5 in chips)
Seat 3: a62d3e29 ($5.17 in chips)
Seat 4: a61ae901 ($10.82 in chips)
Seat 5: 89e9d3c1 ($5.07 in chips)
Seat 6: 2a63e0c7 ($5 in chips)
2a63e0c7: posts small blind $0.02
Hero: posts big blind $0.05
*** HOLE CARDS ***
Dealt to Hero [2d 2c]
Dealt to aae960 
Dealt to a62d3e29 
Dealt to a61ae901 
Dealt to 89e9d3c1 
Dealt to 2a63e0c7 
aae960: folds
a62d3e29: folds
a61ae901: folds
89e9d3c1: raises $0.06 to $0.11
2a63e0c7: folds
Hero: calls $0.06
*** FLOP *** [4d Ks Tc]
Hero: checks
89e9d3c1: bets $0.08
Hero: folds
Uncalled bet ($0.08) returned to 89e9d3c1
*** SHOWDOWN ***
89e9d3c1 collected $0.23 from pot
*** SUMMARY ***
Total pot $0.24 | Rake $0.01 | Jackpot $0 | Bingo $0 | Fortune $0
Board [4d Ks Tc]
Seat 1: Hero (big blind) folded on the Flop
Seat 2: aae960 folded before Flop (didn't bet)
Seat 3: a62d3e29 folded before Flop (didn't bet)
Seat 4: a61ae901 folded before Flop (didn't bet)
Seat 5: 89e9d3c1 (button) won ($0.23)
Seat 6: 2a63e0c7 (small blind) folded before Flop


Poker Hand #HD1182702041: Hold'em No Limit  ($0.02/$0.05) - 2023/03/30 17:54:17
Table 'NLHBlue108' 6-max Seat #4 is the button
Seat 1: Hero ($5 in chips)
Seat 2: aae960 ($5 in chips)
Seat 3: a62d3e29 ($5.17 in chips)
Seat 4: a61ae901 ($10.82 in chips)
Seat 5: 89e9d3c1 ($5.02 in chips)
Seat 6: 2a63e0c7 ($5 in chips)
89e9d3c1: posts small blind $0.02
2a63e0c7: posts big blind $0.05
*** HOLE CARDS ***
Dealt to Hero [4c As]
Dealt to aae960 
Dealt to a62d3e29 
Dealt to a61ae901 
Dealt to 89e9d3c1 
Dealt to 2a63e0c7 
Hero: folds
aae960: folds
a62d3e29: folds
a61ae901: folds
89e9d3c1: raises $0.06 to $0.11
2a63e0c7: folds
Uncalled bet ($0.06) returned to 89e9d3c1
*** SHOWDOWN ***
89e9d3c1 collected $0.1 from pot
*** SUMMARY ***
Total pot $0.1 | Rake $0 | Jackpot $0 | Bingo $0 | Fortune $0
Seat 1: Hero folded before Flop (didn't bet)
Seat 2: aae960 folded before Flop (didn't bet)
Seat 3: a62d3e29 folded before Flop (didn't bet)
Seat 4: a61ae901 (button) folded before Flop (didn't bet)
Seat 5: 89e9d3c1 (small blind) collected ($0.1)
Seat 6: 2a63e0c7 (big blind) folded before Flop


Poker Hand #HD1182702007: Hold'em No Limit  ($0.02/$0.05) - 2023/03/30 17:54:04
Table 'NLHBlue108' 6-max Seat #3 is the button
Seat 1: Hero ($5 in chips)
Seat 2: aae960 ($5 in chips)
Seat 3: a62d3e29 ($5.17 in chips)
Seat 4: a61ae901 ($10.84 in chips)
Seat 5: 89e9d3c1 ($5 in chips)
a61ae901: posts small blind $0.02
89e9d3c1: posts big blind $0.05
*** HOLE CARDS ***
Dealt to Hero [8c Jh]
Dealt to aae960 
Dealt to a62d3e29 
Dealt to a61ae901 
Dealt to 89e9d3c1 
Hero: folds
aae960: folds
a62d3e29: folds
a61ae901: folds
Uncalled bet ($0.03) returned to 89e9d3c1
*** SHOWDOWN ***
89e9d3c1 collected $0.04 from pot
*** SUMMARY ***
Total pot $0.04 | Rake $0 | Jackpot $0 | Bingo $0 | Fortune $0
Seat 1: Hero folded before Flop (didn't bet)
Seat 2: aae960 folded before Flop (didn't bet)
Seat 3: a62d3e29 (button) folded before Flop (didn't bet)
Seat 4: a61ae901 (small blind) folded before Flop
Seat 5: 89e9d3c1 (big blind) collected ($0.04)


Poker Hand #HD1182701850: Hold'em No Limit  ($0.02/$0.05) - 2023/03/30 17:53:10
Table 'NLHBlue108' 6-max Seat #2 is the button
Seat 1: Hero ($5 in chips)
Seat 2: aae960 ($5 in chips)
Seat 3: a62d3e29 ($5.19 in chips)
Seat 4: a61ae901 ($9.78 in chips)
Seat 5: 89e9d3c1 ($5.78 in chips)
a62d3e29: posts small blind $0.02
a61ae901: posts big blind $0.05
*** HOLE CARDS ***
Dealt to Hero [Jd 7h]
Dealt to aae960 
Dealt to a62d3e29 
Dealt to a61ae901 
Dealt to 89e9d3c1 
89e9d3c1: raises $0.06 to $0.11
Hero: folds
aae960: folds
a62d3e29: folds
a61ae901: raises $0.49 to $0.6
89e9d3c1: calls $0.49
*** FLOP *** [4h 4s 8d]
a61ae901: bets $0.61
89e9d3c1: calls $0.61
*** TURN *** [4h 4s 8d] [9d]
a61ae901: bets $1.22
89e9d3c1: folds
Uncalled bet ($1.22) returned to a61ae901
*** SHOWDOWN ***
a61ae901 collected $2.27 from pot
*** SUMMARY ***
Total pot $2.44 | Rake $0.12 | Jackpot $0.05 | Bingo $0 | Fortune $0
Board [4h 4s 8d 9d]
Seat 1: Hero folded before Flop (didn't bet)
Seat 2: aae960 (button) folded before Flop (didn't bet)
Seat 3: a62d3e29 (small blind) folded before Flop
Seat 4: a61ae901 (big blind) won ($2.27)
Seat 5: 89e9d3c1 folded on the Turn


Poker Hand #HD1182701794: Hold'em No Limit  ($0.02/$0.05) - 2023/03/30 17:52:52
Table 'NLHBlue108' 6-max Seat #1 is the button
Seat 1: Hero ($5 in chips)
Seat 2: aae960 ($5 in chips)
Seat 3: a62d3e29 ($5.24 in chips)
Seat 4: a61ae901 ($9.78 in chips)
Seat 5: 89e9d3c1 ($5.71 in chips)
aae960: posts small blind $0.02
a62d3e29: posts big blind $0.05
*** HOLE CARDS ***
Dealt to Hero [5c Ah]
Dealt to aae960 
Dealt to a62d3e29 
Dealt to a61ae901 
Dealt to 89e9d3c1 
a61ae901: folds
89e9d3c1: raises $0.06 to $0.11
Hero: folds
aae960: folds
a62d3e29: folds
Uncalled bet ($0.06) returned to 89e9d3c1
*** SHOWDOWN ***
89e9d3c1 collected $0.12 from pot
*** SUMMARY ***
Total pot $0.12 | Rake $0 | Jackpot $0 | Bingo $0 | Fortune $0
Seat 1: Hero (button) folded before Flop (didn't bet)
Seat 2: aae960 (small blind) folded before Flop
Seat 3: a62d3e29 (big blind) folded before Flop
Seat 4: a61ae901 folded before Flop (didn't bet)
Seat 5: 89e9d3c1 collected ($0.12)


Poker Hand #HD1182701613: Hold'em No Limit  ($0.02/$0.05) - 2023/03/30 17:51:48
Table 'NLHBlue108' 6-max Seat #5 is the button
Seat 1: Hero ($5 in chips)
Seat 2: aae960 ($5 in chips)
Seat 3: a62d3e29 ($5.24 in chips)
Seat 4: a61ae901 ($9.79 in chips)
Seat 5: 89e9d3c1 ($5.71 in chips)
Hero: posts small blind $0.02
aae960: posts big blind $0.05
*** HOLE CARDS ***
Dealt to Hero [3d 3s]
Dealt to aae960 
Dealt to a62d3e29 
Dealt to a61ae901 
Dealt to 89e9d3c1 
a62d3e29: folds
a61ae901: raises $0.08 to $0.13
89e9d3c1: folds
Hero: folds
aae960: calls $0.08
*** FLOP *** [7c Kd 3h]
aae960: checks
a61ae901: checks
*** TURN *** [7c Kd 3h] [Jd]
aae960: checks
a61ae901: checks
*** RIVER *** [7c Kd 3h Jd] [Qh]
aae960: bets $0.1
a61ae901: raises $0.32 to $0.42
aae960: calls $0.32
a61ae901: shows [Ts Ac] (Aces-High Straight)
aae960: shows [Td Ah] (Aces-High Straight)
*** SHOWDOWN ***
aae960 collected $0.54 from pot
a61ae901 collected $0.54 from pot
*** SUMMARY ***
Total pot $1.12 | Rake $0.04 | Jackpot $0 | Bingo $0 | Fortune $0
Board [7c Kd 3h Jd Qh]
Seat 1: Hero (small blind) folded before Flop
Seat 2: aae960 (big blind) showed [Td Ah] and won ($0.54) with Aces-High Straight
Seat 3: a62d3e29 folded before Flop (didn't bet)
Seat 4: a61ae901 showed [Ts Ac] and won ($0.54) with Aces-High Straight
Seat 5: 89e9d3c1 (button) folded before Flop (didn't bet)


Poker Hand #HD1182701505: Hold'em No Limit  ($0.02/$0.05) - 2023/03/30 17:51:13
Table 'NLHBlue108' 6-max Seat #4 is the button
Seat 1: Hero ($5 in chips)
Seat 3: a62d3e29 ($5.24 in chips)
Seat 4: a61ae901 ($10.11 in chips)
Seat 5: 89e9d3c1 ($5.73 in chips)
Seat 6: b52b58d6 ($6.33 in chips)
89e9d3c1: posts small blind $0.02
b52b58d6: posts big blind $0.05
*** HOLE CARDS ***
Dealt to Hero [5s Th]
Dealt to a62d3e29 
Dealt to a61ae901 
Dealt to 89e9d3c1 
Dealt to b52b58d6 
Hero: folds
a62d3e29: folds
a61ae901: raises $0.08 to $0.13
89e9d3c1: folds
b52b58d6: calls $0.08
*** FLOP *** [6c 5d Ac]
b52b58d6: checks
a61ae901: bets $0.19
b52b58d6: raises $0.85 to $1.04
a61ae901: folds
Uncalled bet ($0.85) returned to b52b58d6
*** SHOWDOWN ***
b52b58d6 collected $0.63 from pot
*** SUMMARY ***
Total pot $0.66 | Rake $0.03 | Jackpot $0 | Bingo $0 | Fortune $0
Board [6c 5d Ac]
Seat 1: Hero folded before Flop (didn't bet)
Seat 3: a62d3e29 folded before Flop (didn't bet)
Seat 4: a61ae901 (button) folded on the Flop
Seat 5: 89e9d3c1 (small blind) folded before Flop
Seat 6: b52b58d6 (big blind) won ($0.63)


Poker Hand #HD1182701368: Hold'em No Limit  ($0.02/$0.05) - 2023/03/30 17:50:20
Table 'NLHBlue108' 6-max Seat #3 is the button
Seat 1: Hero ($5.07 in chips)
Seat 3: a62d3e29 ($5.24 in chips)
Seat 4: a61ae901 ($10.13 in chips)
Seat 5: 89e9d3c1 ($5 in chips)
Seat 6: b52b58d6 ($6.33 in chips)
a61ae901: posts small blind $0.02
89e9d3c1: posts big blind $0.05
*** HOLE CARDS ***
Dealt to Hero [Js As]
Dealt to a62d3e29 
Dealt to a61ae901 
Dealt to 89e9d3c1 
Dealt to b52b58d6 
b52b58d6: folds
Hero: raises $0.07 to $0.12
a62d3e29: folds
a61ae901: folds
89e9d3c1: calls $0.07
*** FLOP *** [Td 9c 9d]
89e9d3c1: checks
Hero: bets $0.18
89e9d3c1: calls $0.18
*** TURN *** [Td 9c 9d] [Jc]
89e9d3c1: checks
Hero: bets $0.54
89e9d3c1: calls $0.54
*** RIVER *** [Td 9c 9d Jc] [8c]
89e9d3c1: checks
Hero: checks
89e9d3c1: shows [Kh 9h] (Three Nines)
Hero: shows [Js As] (Pair of Jacks and Pair of Nines)
*** SHOWDOWN ***
89e9d3c1 collected $1.57 from pot
*** SUMMARY ***
Total pot $1.7 | Rake $0.08 | Jackpot $0.05 | Bingo $0 | Fortune $0
Board [Td 9c 9d Jc 8c]
Seat 1: Hero showed [Js As] and lost with Pair of Jacks and Pair of Nines
Seat 3: a62d3e29 (button) folded before Flop (didn't bet)
Seat 4: a61ae901 (small blind) folded before Flop
Seat 5: 89e9d3c1 (big blind) showed [Kh 9h] and won ($1.57) with Three Nines
Seat 6: b52b58d6 folded before Flop (didn't bet)


Poker Hand #HD1182701332: Hold'em No Limit  ($0.02/$0.05) - 2023/03/30 17:50:08
Table 'NLHBlue108' 6-max Seat #1 is the button
Seat 1: Hero ($5 in chips)
Seat 3: a62d3e29 ($5.26 in chips)
Seat 4: a61ae901 ($10.18 in chips)
Seat 5: 89e9d3c1 ($5 in chips)
Seat 6: b52b58d6 ($6.33 in chips)
a62d3e29: posts small blind $0.02
a61ae901: posts big blind $0.05
*** HOLE CARDS ***
Dealt to Hero [3h Ah]
Dealt to a62d3e29 
Dealt to a61ae901 
Dealt to 89e9d3c1 
Dealt to b52b58d6 
89e9d3c1: folds
b52b58d6: folds
Hero: raises $0.07 to $0.12
a62d3e29: folds
a61ae901: folds
Uncalled bet ($0.07) returned to Hero
*** SHOWDOWN ***
Hero collected $0.12 from pot
*** SUMMARY ***
Total pot $0.12 | Rake $0 | Jackpot $0 | Bingo $0 | Fortune $0
Seat 1: Hero (button) collected ($0.12)
Seat 3: a62d3e29 (small blind) folded before Flop
Seat 4: a61ae901 (big blind) folded before Flop
Seat 5: 89e9d3c1 folded before Flop (didn't bet)
Seat 6: b52b58d6 folded before Flop (didn't bet)


Poker Hand #HD1182701221: Hold'em No Limit  ($0.02/$0.05) - 2023/03/30 17:49:33
Table 'NLHBlue108' 6-max Seat #6 is the button
Seat 1: Hero ($5.02 in chips)
Seat 3: a62d3e29 ($5.12 in chips)
Seat 4: a61ae901 ($10.18 in chips)
Seat 5: 89e9d3c1 ($5 in chips)
Seat 6: b52b58d6 ($6.46 in chips)
Hero: posts small blind $0.02
a62d3e29: posts big blind $0.05
*** HOLE CARDS ***
Dealt to Hero [2c 7h]
Dealt to a62d3e29 
Dealt to a61ae901 
Dealt to 89e9d3c1 
Dealt to b52b58d6 
a61ae901: folds
89e9d3c1: folds
b52b58d6: raises $0.08 to $0.13
Hero: folds
a62d3e29: calls $0.08
*** FLOP *** [4h 2h Th]
a62d3e29: checks
b52b58d6: checks
*** TURN *** [4h 2h Th] [5d]
a62d3e29: bets $0.7
b52b58d6: folds
Uncalled bet ($0.7) returned to a62d3e29
*** SHOWDOWN ***
a62d3e29 collected $0.27 from pot
*** SUMMARY ***
Total pot $0.28 | Rake $0.01 | Jackpot $0 | Bingo $0 | Fortune $0
Board [4h 2h Th 5d]
Seat 1: Hero (small blind) folded before Flop
Seat 3: a62d3e29 (big blind) won ($0.27)
Seat 4: a61ae901 folded before Flop (didn't bet)
Seat 5: 89e9d3c1 folded before Flop (didn't bet)
Seat 6: b52b58d6 (button) folded on the Turn


Poker Hand #HD1182701184: Hold'em No Limit  ($0.02/$0.05) - 2023/03/30 17:49:17
Table 'NLHBlue108' 6-max Seat #5 is the button
Seat 1: Hero ($5 in chips)
Seat 3: a62d3e29 ($5.12 in chips)
Seat 4: a61ae901 ($10.18 in chips)
Seat 5: 89e9d3c1 ($5 in chips)
Seat 6: b52b58d6 ($6.48 in chips)
b52b58d6: posts small blind $0.02
Hero: posts big blind $0.05
*** HOLE CARDS ***
Dealt to Hero [2s Js]
Dealt to a62d3e29 
Dealt to a61ae901 
Dealt to 89e9d3c1 
Dealt to b52b58d6 
a62d3e29: folds
a61ae901: folds
89e9d3c1: folds
b52b58d6: folds
Uncalled bet ($0.03) returned to Hero
*** SHOWDOWN ***
Hero collected $0.04 from pot
*** SUMMARY ***
Total pot $0.04 | Rake $0 | Jackpot $0 | Bingo $0 | Fortune $0
Seat 1: Hero (big blind) collected ($0.04)
Seat 3: a62d3e29 folded before Flop (didn't bet)
Seat 4: a61ae901 folded before Flop (didn't bet)
Seat 5: 89e9d3c1 (button) folded before Flop (didn't bet)
Seat 6: b52b58d6 (small blind) folded before Flop


