Poker Hand #HD1147496441: Hold'em No Limit  ($0.02/$0.05) - 2023/03/05 20:29:34
Table 'NLHBlue105' 6-max Seat #2 is the button
Seat 1: 133cdc79 ($5.17 in chips)
Seat 2: 2445a87e ($4.93 in chips)
Seat 3: df912463 ($5 in chips)
Seat 4: cd442998 ($5.18 in chips)
Seat 5: Hero ($6 in chips)
Seat 6: 18816b7f ($7.19 in chips)
df912463: posts small blind $0.02
cd442998: posts big blind $0.05
*** HOLE CARDS ***
Dealt to 133cdc79 
Dealt to 2445a87e 
Dealt to df912463 
Dealt to cd442998 
Dealt to Hero [9c 6h]
Dealt to 18816b7f 
Hero: folds
18816b7f: calls $0.05
133cdc79: folds
2445a87e: raises $0.2 to $0.25
df912463: folds
cd442998: folds
18816b7f: folds
Uncalled bet ($0.2) returned to 2445a87e
*** SHOWDOWN ***
2445a87e collected $0.17 from pot
*** SUMMARY ***
Total pot $0.17 | Rake $0 | Jackpot $0 | Bingo $0 | Fortune $0
Seat 1: 133cdc79 folded before Flop (didn't bet)
Seat 2: 2445a87e (button) collected ($0.17)
Seat 3: df912463 (small blind) folded before Flop
Seat 4: cd442998 (big blind) folded before Flop
Seat 5: Hero folded before Flop (didn't bet)
Seat 6: 18816b7f folded before Flop


Poker Hand #HD1147496303: Hold'em No Limit  ($0.02/$0.05) - 2023/03/05 20:28:32
Table 'NLHBlue105' 6-max Seat #1 is the button
Seat 1: 133cdc79 ($4.92 in chips)
Seat 2: 2445a87e ($4.95 in chips)
Seat 3: df912463 ($5.05 in chips)
Seat 4: cd442998 ($5.18 in chips)
Seat 5: Hero ($6 in chips)
Seat 6: 18816b7f ($7.39 in chips)
2445a87e: posts small blind $0.02
df912463: posts big blind $0.05
*** HOLE CARDS ***
Dealt to 133cdc79 
Dealt to 2445a87e 
Dealt to df912463 
Dealt to cd442998 
Dealt to Hero [Tc 5d]
Dealt to 18816b7f 
cd442998: folds
Hero: folds
18816b7f: calls $0.05
133cdc79: raises $0.15 to $0.2
2445a87e: folds
df912463: folds
18816b7f: calls $0.15
*** FLOP *** [As Ah 3c]
18816b7f: checks
133cdc79: bets $0.16
18816b7f: folds
Uncalled bet ($0.16) returned to 133cdc79
*** SHOWDOWN ***
133cdc79 collected $0.45 from pot
*** SUMMARY ***
Total pot $0.47 | Rake $0.02 | Jackpot $0 | Bingo $0 | Fortune $0
Board [As Ah 3c]
Seat 1: 133cdc79 (button) won ($0.45)
Seat 2: 2445a87e (small blind) folded before Flop
Seat 3: df912463 (big blind) folded before Flop
Seat 4: cd442998 folded before Flop (didn't bet)
Seat 5: Hero folded before Flop (didn't bet)
Seat 6: 18816b7f folded on the Flop


Poker Hand #HD1147496243: Hold'em No Limit  ($0.02/$0.05) - 2023/03/05 20:28:07
Table 'NLHBlue105' 6-max Seat #6 is the button
Seat 1: 133cdc79 ($4.87 in chips)
Seat 2: 2445a87e ($5 in chips)
Seat 3: df912463 ($5.05 in chips)
Seat 4: cd442998 ($5.18 in chips)
Seat 5: Hero ($6 in chips)
Seat 6: 18816b7f ($7.39 in chips)
133cdc79: posts small blind $0.02
2445a87e: posts big blind $0.05
*** HOLE CARDS ***
Dealt to 133cdc79 
Dealt to 2445a87e 
Dealt to df912463 
Dealt to cd442998 
Dealt to Hero [7d Js]
Dealt to 18816b7f 
df912463: folds
cd442998: folds
Hero: folds
18816b7f: folds
133cdc79: raises $0.15 to $0.2
2445a87e: folds
Uncalled bet ($0.15) returned to 133cdc79
*** SHOWDOWN ***
133cdc79 collected $0.1 from pot
*** SUMMARY ***
Total pot $0.1 | Rake $0 | Jackpot $0 | Bingo $0 | Fortune $0
Seat 1: 133cdc79 (small blind) collected ($0.1)
Seat 2: 2445a87e (big blind) folded before Flop
Seat 3: df912463 folded before Flop (didn't bet)
Seat 4: cd442998 folded before Flop (didn't bet)
Seat 5: Hero folded before Flop (didn't bet)
Seat 6: 18816b7f (button) folded before Flop (didn't bet)


Poker Hand #HD1147496123: Hold'em No Limit  ($0.02/$0.05) - 2023/03/05 20:27:07
Table 'NLHBlue105' 6-max Seat #5 is the button
Seat 1: 133cdc79 ($5 in chips)
Seat 2: 2445a87e ($5 in chips)
Seat 3: df912463 ($5.18 in chips)
Seat 4: cd442998 ($5.18 in chips)
Seat 5: Hero ($6 in chips)
Seat 6: 18816b7f ($7.15 in chips)
18816b7f: posts small blind $0.02
133cdc79: posts big blind $0.05
*** HOLE CARDS ***
Dealt to 133cdc79 
Dealt to 2445a87e 
Dealt to df912463 
Dealt to cd442998 
Dealt to Hero [3s 7s]
Dealt to 18816b7f 
2445a87e: folds
df912463: raises $0.08 to $0.13
cd442998: folds
Hero: folds
18816b7f: calls $0.11
133cdc79: calls $0.08
*** FLOP *** [Kh 3h 7h]
18816b7f: checks
133cdc79: checks
df912463: checks
*** TURN *** [Kh 3h 7h] [Qc]
18816b7f: bets $0.3
133cdc79: folds
df912463: folds
Uncalled bet ($0.3) returned to 18816b7f
*** SHOWDOWN ***
18816b7f collected $0.37 from pot
*** SUMMARY ***
Total pot $0.39 | Rake $0.02 | Jackpot $0 | Bingo $0 | Fortune $0
Board [Kh 3h 7h Qc]
Seat 1: 133cdc79 (big blind) folded on the Turn
Seat 2: 2445a87e folded before Flop (didn't bet)
Seat 3: df912463 folded on the Turn
Seat 4: cd442998 folded before Flop (didn't bet)
Seat 5: Hero (button) folded before Flop (didn't bet)
Seat 6: 18816b7f (small blind) won ($0.37)


Poker Hand #HD1147495940: Hold'em No Limit  ($0.02/$0.05) - 2023/03/05 20:25:52
Table 'NLHBlue105' 6-max Seat #4 is the button
Seat 2: 2445a87e ($5 in chips)
Seat 3: df912463 ($5.18 in chips)
Seat 4: cd442998 ($5.18 in chips)
Seat 5: Hero ($5.87 in chips)
Seat 6: 18816b7f ($7.29 in chips)
Hero: posts small blind $0.02
18816b7f: posts big blind $0.05
*** HOLE CARDS ***
Dealt to 2445a87e 
Dealt to df912463 
Dealt to cd442998 
Dealt to Hero [9c Td]
Dealt to 18816b7f 
2445a87e: folds
df912463: folds
cd442998: folds
Hero: raises $0.09 to $0.14
18816b7f: calls $0.09
*** FLOP *** [Ks Kc Jd]
Hero: checks
18816b7f: checks
*** TURN *** [Ks Kc Jd] [8d]
Hero: checks
18816b7f: checks
*** RIVER *** [Ks Kc Jd 8d] [6s]
Hero: checks
18816b7f: checks
Hero: shows [9c Td] (Pair of Kings)
18816b7f: shows [Tc 7s] (Pair of Kings)
*** SHOWDOWN ***
Hero collected $0.27 from pot
*** SUMMARY ***
Total pot $0.28 | Rake $0.01 | Jackpot $0 | Bingo $0 | Fortune $0
Board [Ks Kc Jd 8d 6s]
Seat 2: 2445a87e folded before Flop (didn't bet)
Seat 3: df912463 folded before Flop (didn't bet)
Seat 4: cd442998 (button) folded before Flop (didn't bet)
Seat 5: Hero (small blind) showed [9c Td] and won ($0.27) with Pair of Kings
Seat 6: 18816b7f (big blind) showed [Tc 7s] and lost with Pair of Kings


Poker Hand #HD1147495775: Hold'em No Limit  ($0.02/$0.05) - 2023/03/05 20:24:44
Table 'NLHBlue105' 6-max Seat #3 is the button
Seat 2: 2445a87e ($5 in chips)
Seat 3: df912463 ($5.18 in chips)
Seat 4: cd442998 ($5.2 in chips)
Seat 5: Hero ($5.54 in chips)
Seat 6: 18816b7f ($7.63 in chips)
cd442998: posts small blind $0.02
Hero: posts big blind $0.05
*** HOLE CARDS ***
Dealt to 2445a87e 
Dealt to df912463 
Dealt to cd442998 
Dealt to Hero [3h Th]
Dealt to 18816b7f 
18816b7f: calls $0.05
2445a87e: folds
df912463: folds
cd442998: folds
Hero: checks
*** FLOP *** [8c Ts 2d]
Hero: bets $0.08
18816b7f: calls $0.08
*** TURN *** [8c Ts 2d] [3s]
Hero: bets $0.21
18816b7f: calls $0.21
*** RIVER *** [8c Ts 2d 3s] [Qs]
Hero: bets $0.53
18816b7f: folds
Uncalled bet ($0.53) returned to Hero
*** SHOWDOWN ***
Hero collected $0.67 from pot
*** SUMMARY ***
Total pot $0.7 | Rake $0.03 | Jackpot $0 | Bingo $0 | Fortune $0
Board [8c Ts 2d 3s Qs]
Seat 2: 2445a87e folded before Flop (didn't bet)
Seat 3: df912463 (button) folded before Flop (didn't bet)
Seat 4: cd442998 (small blind) folded before Flop
Seat 5: Hero (big blind) won ($0.67)
Seat 6: 18816b7f folded on the River


Poker Hand #HD1147435555: Hold'em No Limit  ($0.02/$0.05) - 2023/03/05 20:23:13
Table 'NLHBlue105' 6-max Seat #2 is the button
Seat 2: 2445a87e ($5 in chips)
Seat 3: df912463 ($5.2 in chips)
Seat 4: cd442998 ($4.94 in chips)
Seat 5: Hero ($5.54 in chips)
Seat 6: 18816b7f ($7.89 in chips)
df912463: posts small blind $0.02
cd442998: posts big blind $0.05
*** HOLE CARDS ***
Dealt to 2445a87e 
Dealt to df912463 
Dealt to cd442998 
Dealt to Hero [8c 7d]
Dealt to 18816b7f 
Hero: folds
18816b7f: calls $0.05
2445a87e: folds
df912463: folds
cd442998: checks
*** FLOP *** [3s Qh Ac]
cd442998: checks
18816b7f: bets $0.06
cd442998: calls $0.06
*** TURN *** [3s Qh Ac] [4d]
cd442998: checks
18816b7f: bets $0.05
cd442998: raises $0.1 to $0.15
18816b7f: calls $0.1
*** RIVER *** [3s Qh Ac 4d] [9d]
cd442998: checks
18816b7f: checks
cd442998: shows [Ah 7h] (Pair of Aces)
18816b7f: shows [5h 5d] (Pair of Fives)
*** SHOWDOWN ***
cd442998 collected $0.52 from pot
*** SUMMARY ***
Total pot $0.54 | Rake $0.02 | Jackpot $0 | Bingo $0 | Fortune $0
Board [3s Qh Ac 4d 9d]
Seat 2: 2445a87e (button) folded before Flop (didn't bet)
Seat 3: df912463 (small blind) folded before Flop
Seat 4: cd442998 (big blind) showed [Ah 7h] and won ($0.52) with Pair of Aces
Seat 5: Hero folded before Flop (didn't bet)
Seat 6: 18816b7f showed [5h 5d] and lost with Pair of Fives


Poker Hand #HD1147435423: Hold'em No Limit  ($0.02/$0.05) - 2023/03/05 20:22:16
Table 'NLHBlue105' 6-max Seat #1 is the button
Seat 1: b8eb4e8e ($4.58 in chips)
Seat 2: 2445a87e ($5.02 in chips)
Seat 3: df912463 ($5.54 in chips)
Seat 4: cd442998 ($5.04 in chips)
Seat 5: Hero ($5.54 in chips)
Seat 6: 18816b7f ($7.47 in chips)
2445a87e: posts small blind $0.02
df912463: posts big blind $0.05
*** HOLE CARDS ***
Dealt to b8eb4e8e 
Dealt to 2445a87e 
Dealt to df912463 
Dealt to cd442998 
Dealt to Hero [5h 6h]
Dealt to 18816b7f 
cd442998: raises $0.05 to $0.1
Hero: folds
18816b7f: calls $0.1
b8eb4e8e: folds
2445a87e: folds
df912463: calls $0.05
*** FLOP *** [Th 7d 4c]
df912463: checks
cd442998: checks
18816b7f: bets $0.24
df912463: calls $0.24
cd442998: folds
*** TURN *** [Th 7d 4c] [5c]
df912463: checks
18816b7f: bets $0.8
df912463: folds
Uncalled bet ($0.8) returned to 18816b7f
*** SHOWDOWN ***
18816b7f collected $0.76 from pot
*** SUMMARY ***
Total pot $0.8 | Rake $0.04 | Jackpot $0 | Bingo $0 | Fortune $0
Board [Th 7d 4c 5c]
Seat 1: b8eb4e8e (button) folded before Flop (didn't bet)
Seat 2: 2445a87e (small blind) folded before Flop
Seat 3: df912463 (big blind) folded on the Turn
Seat 4: cd442998 folded on the Flop
Seat 5: Hero folded before Flop (didn't bet)
Seat 6: 18816b7f won ($0.76)


Poker Hand #HD1147435353: Hold'em No Limit  ($0.02/$0.05) - 2023/03/05 20:21:50
Table 'NLHBlue105' 6-max Seat #6 is the button
Seat 1: b8eb4e8e ($4.6 in chips)
Seat 2: 2445a87e ($5 in chips)
Seat 3: df912463 ($5.54 in chips)
Seat 4: cd442998 ($5.04 in chips)
Seat 5: Hero ($5.54 in chips)
Seat 6: 18816b7f ($7.47 in chips)
b8eb4e8e: posts small blind $0.02
2445a87e: posts big blind $0.05
*** HOLE CARDS ***
Dealt to b8eb4e8e 
Dealt to 2445a87e 
Dealt to df912463 
Dealt to cd442998 
Dealt to Hero [2s Qd]
Dealt to 18816b7f 
df912463: folds
cd442998: folds
Hero: folds
18816b7f: folds
b8eb4e8e: folds
Uncalled bet ($0.03) returned to 2445a87e
*** SHOWDOWN ***
2445a87e collected $0.04 from pot
*** SUMMARY ***
Total pot $0.04 | Rake $0 | Jackpot $0 | Bingo $0 | Fortune $0
Seat 1: b8eb4e8e (small blind) folded before Flop
Seat 2: 2445a87e (big blind) collected ($0.04)
Seat 3: df912463 folded before Flop (didn't bet)
Seat 4: cd442998 folded before Flop (didn't bet)
Seat 5: Hero folded before Flop (didn't bet)
Seat 6: 18816b7f (button) folded before Flop (didn't bet)


Poker Hand #HD1147435160: Hold'em No Limit  ($0.02/$0.05) - 2023/03/05 20:20:29
Table 'NLHBlue105' 6-max Seat #5 is the button
Seat 1: b8eb4e8e ($4.15 in chips)
Seat 2: 2445a87e ($5 in chips)
Seat 3: df912463 ($5.54 in chips)
Seat 4: cd442998 ($5.04 in chips)
Seat 5: Hero ($5.54 in chips)
Seat 6: 18816b7f ($7.97 in chips)
18816b7f: posts small blind $0.02
b8eb4e8e: posts big blind $0.05
*** HOLE CARDS ***
Dealt to b8eb4e8e 
Dealt to 2445a87e 
Dealt to df912463 
Dealt to cd442998 
Dealt to Hero [Kd 4c]
Dealt to 18816b7f 
2445a87e: folds
df912463: folds
cd442998: folds
Hero: folds
18816b7f: calls $0.03
b8eb4e8e: checks
*** FLOP *** [Th Qs 9s]
18816b7f: checks
b8eb4e8e: bets $0.05
18816b7f: raises $0.05 to $0.1
b8eb4e8e: calls $0.05
*** TURN *** [Th Qs 9s] [4h]
18816b7f: bets $0.15
b8eb4e8e: calls $0.15
*** RIVER *** [Th Qs 9s 4h] [4d]
18816b7f: bets $0.2
b8eb4e8e: calls $0.2
18816b7f: shows [Js 2s] (Pair of Fours)
b8eb4e8e: shows [8h Tc] (Pair of Tens and Pair of Fours)
*** SHOWDOWN ***
b8eb4e8e collected $0.95 from pot
*** SUMMARY ***
Total pot $1 | Rake $0.05 | Jackpot $0 | Bingo $0 | Fortune $0
Board [Th Qs 9s 4h 4d]
Seat 1: b8eb4e8e (big blind) showed [8h Tc] and won ($0.95) with Pair of Tens and Pair of Fours
Seat 2: 2445a87e folded before Flop (didn't bet)
Seat 3: df912463 folded before Flop (didn't bet)
Seat 4: cd442998 folded before Flop (didn't bet)
Seat 5: Hero (button) folded before Flop (didn't bet)
Seat 6: 18816b7f (small blind) showed [Js 2s] and lost with Pair of Fours


Poker Hand #HD1147435001: Hold'em No Limit  ($0.02/$0.05) - 2023/03/05 20:19:20
Table 'NLHBlue105' 6-max Seat #4 is the button
Seat 1: b8eb4e8e ($4.15 in chips)
Seat 2: 2445a87e ($5 in chips)
Seat 3: df912463 ($5.54 in chips)
Seat 4: cd442998 ($5.04 in chips)
Seat 5: Hero ($5.4 in chips)
Seat 6: 18816b7f ($8.12 in chips)
Hero: posts small blind $0.02
18816b7f: posts big blind $0.05
*** HOLE CARDS ***
Dealt to b8eb4e8e 
Dealt to 2445a87e 
Dealt to df912463 
Dealt to cd442998 
Dealt to Hero [Jc Ah]
Dealt to 18816b7f 
b8eb4e8e: folds
2445a87e: folds
df912463: folds
cd442998: folds
Hero: raises $0.1 to $0.15
18816b7f: calls $0.1
*** FLOP *** [Kd Jd 3s]
Hero: checks
18816b7f: checks
*** TURN *** [Kd Jd 3s] [9c]
Hero: checks
18816b7f: checks
*** RIVER *** [Kd Jd 3s 9c] [Ad]
Hero: bets $0.23
18816b7f: folds
Uncalled bet ($0.23) returned to Hero
*** SHOWDOWN ***
Hero collected $0.29 from pot
*** SUMMARY ***
Total pot $0.3 | Rake $0.01 | Jackpot $0 | Bingo $0 | Fortune $0
Board [Kd Jd 3s 9c Ad]
Seat 1: b8eb4e8e folded before Flop (didn't bet)
Seat 2: 2445a87e folded before Flop (didn't bet)
Seat 3: df912463 folded before Flop (didn't bet)
Seat 4: cd442998 (button) folded before Flop (didn't bet)
Seat 5: Hero (small blind) won ($0.29)
Seat 6: 18816b7f (big blind) folded on the River


Poker Hand #HD1147434794: Hold'em No Limit  ($0.02/$0.05) - 2023/03/05 20:17:57
Table 'NLHBlue105' 6-max Seat #3 is the button
Seat 1: b8eb4e8e ($4.15 in chips)
Seat 2: 2445a87e ($5 in chips)
Seat 3: df912463 ($5.76 in chips)
Seat 4: cd442998 ($5.06 in chips)
Seat 5: Hero ($5.45 in chips)
Seat 6: 18816b7f ($7.85 in chips)
cd442998: posts small blind $0.02
Hero: posts big blind $0.05
*** HOLE CARDS ***
Dealt to b8eb4e8e 
Dealt to 2445a87e 
Dealt to df912463 
Dealt to cd442998 
Dealt to Hero [Jd Qc]
Dealt to 18816b7f 
18816b7f: calls $0.05
b8eb4e8e: folds
2445a87e: folds
df912463: raises $0.17 to $0.22
cd442998: folds
Hero: folds
18816b7f: calls $0.17
*** FLOP *** [4c 6h 6d]
18816b7f: checks
df912463: checks
*** TURN *** [4c 6h 6d] [Tc]
18816b7f: checks
df912463: checks
*** RIVER *** [4c 6h 6d Tc] [Qd]
18816b7f: bets $0.26
df912463: folds
Uncalled bet ($0.26) returned to 18816b7f
*** SHOWDOWN ***
18816b7f collected $0.49 from pot
*** SUMMARY ***
Total pot $0.51 | Rake $0.02 | Jackpot $0 | Bingo $0 | Fortune $0
Board [4c 6h 6d Tc Qd]
Seat 1: b8eb4e8e folded before Flop (didn't bet)
Seat 2: 2445a87e folded before Flop (didn't bet)
Seat 3: df912463 (button) folded on the River
Seat 4: cd442998 (small blind) folded before Flop
Seat 5: Hero (big blind) folded before Flop
Seat 6: 18816b7f won ($0.49)


Poker Hand #HD1147434705: Hold'em No Limit  ($0.02/$0.05) - 2023/03/05 20:17:23
Table 'NLHBlue105' 6-max Seat #2 is the button
Seat 1: b8eb4e8e ($4.15 in chips)
Seat 2: 2445a87e ($5 in chips)
Seat 3: df912463 ($5.78 in chips)
Seat 4: cd442998 ($5.11 in chips)
Seat 5: Hero ($5.45 in chips)
Seat 6: 18816b7f ($7.78 in chips)
df912463: posts small blind $0.02
cd442998: posts big blind $0.05
*** HOLE CARDS ***
Dealt to b8eb4e8e 
Dealt to 2445a87e 
Dealt to df912463 
Dealt to cd442998 
Dealt to Hero [Ah 8d]
Dealt to 18816b7f 
Hero: folds
18816b7f: calls $0.05
b8eb4e8e: folds
2445a87e: folds
df912463: folds
cd442998: checks
*** FLOP *** [As Jh 7h]
cd442998: checks
18816b7f: bets $0.06
cd442998: folds
Uncalled bet ($0.06) returned to 18816b7f
*** SHOWDOWN ***
18816b7f collected $0.12 from pot
*** SUMMARY ***
Total pot $0.12 | Rake $0 | Jackpot $0 | Bingo $0 | Fortune $0
Board [As Jh 7h]
Seat 1: b8eb4e8e folded before Flop (didn't bet)
Seat 2: 2445a87e (button) folded before Flop (didn't bet)
Seat 3: df912463 (small blind) folded before Flop
Seat 4: cd442998 (big blind) folded on the Flop
Seat 5: Hero folded before Flop (didn't bet)
Seat 6: 18816b7f won ($0.12)


Poker Hand #HD1147434589: Hold'em No Limit  ($0.02/$0.05) - 2023/03/05 20:16:35
Table 'NLHBlue105' 6-max Seat #1 is the button
Seat 1: b8eb4e8e ($4.15 in chips)
Seat 2: 2445a87e ($5 in chips)
Seat 3: df912463 ($5.83 in chips)
Seat 4: cd442998 ($5.11 in chips)
Seat 5: Hero ($5.06 in chips)
Seat 6: 18816b7f ($8.14 in chips)
2445a87e: posts small blind $0.02
df912463: posts big blind $0.05
*** HOLE CARDS ***
Dealt to b8eb4e8e 
Dealt to 2445a87e 
Dealt to df912463 
Dealt to cd442998 
Dealt to Hero [Qs Qh]
Dealt to 18816b7f 
cd442998: folds
Hero: raises $0.07 to $0.12
18816b7f: calls $0.12
b8eb4e8e: folds
2445a87e: folds
df912463: folds
*** FLOP *** [8s Jd 3c]
Hero: bets $0.24
18816b7f: calls $0.24
*** TURN *** [8s Jd 3c] [9h]
Hero: bets $0.4
18816b7f: folds
Uncalled bet ($0.4) returned to Hero
*** SHOWDOWN ***
Hero collected $0.75 from pot
*** SUMMARY ***
Total pot $0.79 | Rake $0.04 | Jackpot $0 | Bingo $0 | Fortune $0
Board [8s Jd 3c 9h]
Seat 1: b8eb4e8e (button) folded before Flop (didn't bet)
Seat 2: 2445a87e (small blind) folded before Flop
Seat 3: df912463 (big blind) folded before Flop
Seat 4: cd442998 folded before Flop (didn't bet)
Seat 5: Hero won ($0.75)
Seat 6: 18816b7f folded on the Turn


Poker Hand #HD1147434491: Hold'em No Limit  ($0.02/$0.05) - 2023/03/05 20:15:52
Table 'NLHBlue105' 6-max Seat #6 is the button
Seat 1: b8eb4e8e ($4.17 in chips)
Seat 2: 2445a87e ($5 in chips)
Seat 3: df912463 ($5.57 in chips)
Seat 4: cd442998 ($5.11 in chips)
Seat 5: Hero ($5.06 in chips)
Seat 6: 18816b7f ($8.27 in chips)
b8eb4e8e: posts small blind $0.02
2445a87e: posts big blind $0.05
*** HOLE CARDS ***
Dealt to b8eb4e8e 
Dealt to 2445a87e 
Dealt to df912463 
Dealt to cd442998 
Dealt to Hero [5d 6h]
Dealt to 18816b7f 
df912463: raises $0.08 to $0.13
cd442998: folds
Hero: folds
18816b7f: calls $0.13
b8eb4e8e: folds
2445a87e: calls $0.08
*** FLOP *** [Kd 8h 7s]
2445a87e: checks
df912463: checks
18816b7f: checks
*** TURN *** [Kd 8h 7s] [As]
2445a87e: checks
df912463: bets $0.23
18816b7f: folds
2445a87e: folds
Uncalled bet ($0.23) returned to df912463
*** SHOWDOWN ***
df912463 collected $0.39 from pot
*** SUMMARY ***
Total pot $0.41 | Rake $0.02 | Jackpot $0 | Bingo $0 | Fortune $0
Board [Kd 8h 7s As]
Seat 1: b8eb4e8e (small blind) folded before Flop
Seat 2: 2445a87e (big blind) folded on the Turn
Seat 3: df912463 won ($0.39)
Seat 4: cd442998 folded before Flop (didn't bet)
Seat 5: Hero folded before Flop (didn't bet)
Seat 6: 18816b7f (button) folded on the Turn


Poker Hand #HD1147434332: Hold'em No Limit  ($0.02/$0.05) - 2023/03/05 20:14:56
Table 'NLHBlue105' 6-max Seat #5 is the button
Seat 1: b8eb4e8e ($4.22 in chips)
Seat 2: 2445a87e ($5 in chips)
Seat 3: df912463 ($5.57 in chips)
Seat 4: cd442998 ($5.11 in chips)
Seat 5: Hero ($5.06 in chips)
Seat 6: 18816b7f ($7.33 in chips)
18816b7f: posts small blind $0.02
b8eb4e8e: posts big blind $0.05
*** HOLE CARDS ***
Dealt to b8eb4e8e 
Dealt to 2445a87e 
Dealt to df912463 
Dealt to cd442998 
Dealt to Hero [4c 3d]
Dealt to 18816b7f 
2445a87e: raises $0.1 to $0.15
df912463: folds
cd442998: folds
Hero: folds
18816b7f: calls $0.13
b8eb4e8e: folds
*** FLOP *** [7c 2c 2s]
18816b7f: checks
2445a87e: bets $0.18
18816b7f: calls $0.18
*** TURN *** [7c 2c 2s] [3c]
18816b7f: checks
2445a87e: checks
*** RIVER *** [7c 2c 2s 3c] [Td]
18816b7f: bets $0.71
2445a87e: calls $0.71
18816b7f: shows [6c Qc] (Queen High Flush)
2445a87e: shows [4s 4h] (Pair of Fours and Pair of Twos)
*** SHOWDOWN ***
18816b7f collected $1.98 from pot
*** SUMMARY ***
Total pot $2.13 | Rake $0.1 | Jackpot $0.05 | Bingo $0 | Fortune $0
Board [7c 2c 2s 3c Td]
Seat 1: b8eb4e8e (big blind) folded before Flop
Seat 2: 2445a87e showed [4s 4h] and lost with Pair of Fours and Pair of Twos
Seat 3: df912463 folded before Flop (didn't bet)
Seat 4: cd442998 folded before Flop (didn't bet)
Seat 5: Hero (button) folded before Flop (didn't bet)
Seat 6: 18816b7f (small blind) showed [6c Qc] and won ($1.98) with Queen High Flush


Poker Hand #HD1147434290: Hold'em No Limit  ($0.02/$0.05) - 2023/03/05 20:14:36
Table 'NLHBlue105' 6-max Seat #4 is the button
Seat 1: b8eb4e8e ($4.22 in chips)
Seat 2: 2445a87e ($5 in chips)
Seat 3: df912463 ($5.57 in chips)
Seat 4: cd442998 ($5.11 in chips)
Seat 5: Hero ($5.08 in chips)
Seat 6: 18816b7f ($7.31 in chips)
Hero: posts small blind $0.02
18816b7f: posts big blind $0.05
*** HOLE CARDS ***
Dealt to b8eb4e8e 
Dealt to 2445a87e 
Dealt to df912463 
Dealt to cd442998 
Dealt to Hero [4h Kd]
Dealt to 18816b7f 
b8eb4e8e: folds
2445a87e: folds
df912463: folds
cd442998: folds
Hero: folds
Uncalled bet ($0.03) returned to 18816b7f
*** SHOWDOWN ***
18816b7f collected $0.04 from pot
*** SUMMARY ***
Total pot $0.04 | Rake $0 | Jackpot $0 | Bingo $0 | Fortune $0
Seat 1: b8eb4e8e folded before Flop (didn't bet)
Seat 2: 2445a87e folded before Flop (didn't bet)
Seat 3: df912463 folded before Flop (didn't bet)
Seat 4: cd442998 (button) folded before Flop (didn't bet)
Seat 5: Hero (small blind) folded before Flop
Seat 6: 18816b7f (big blind) collected ($0.04)


Poker Hand #HD1147434215: Hold'em No Limit  ($0.02/$0.05) - 2023/03/05 20:14:05
Table 'NLHBlue105' 6-max Seat #3 is the button
Seat 1: b8eb4e8e ($4.22 in chips)
Seat 2: 2445a87e ($5 in chips)
Seat 3: df912463 ($5.5 in chips)
Seat 4: cd442998 ($5.13 in chips)
Seat 5: Hero ($5.13 in chips)
Seat 6: 18816b7f ($7.31 in chips)
cd442998: posts small blind $0.02
Hero: posts big blind $0.05
*** HOLE CARDS ***
Dealt to b8eb4e8e 
Dealt to 2445a87e 
Dealt to df912463 
Dealt to cd442998 
Dealt to Hero [5s 2h]
Dealt to 18816b7f 
18816b7f: folds
b8eb4e8e: folds
2445a87e: folds
df912463: raises $0.08 to $0.13
cd442998: folds
Hero: folds
Uncalled bet ($0.08) returned to df912463
*** SHOWDOWN ***
df912463 collected $0.12 from pot
*** SUMMARY ***
Total pot $0.12 | Rake $0 | Jackpot $0 | Bingo $0 | Fortune $0
Seat 1: b8eb4e8e folded before Flop (didn't bet)
Seat 2: 2445a87e folded before Flop (didn't bet)
Seat 3: df912463 (button) collected ($0.12)
Seat 4: cd442998 (small blind) folded before Flop
Seat 5: Hero (big blind) folded before Flop
Seat 6: 18816b7f folded before Flop (didn't bet)


Poker Hand #HD1147434144: Hold'em No Limit  ($0.02/$0.05) - 2023/03/05 20:13:39
Table 'NLHBlue105' 6-max Seat #2 is the button
Seat 1: b8eb4e8e ($4.22 in chips)
Seat 2: 2445a87e ($5 in chips)
Seat 3: df912463 ($5.45 in chips)
Seat 4: cd442998 ($5.18 in chips)
Seat 5: Hero ($5.13 in chips)
Seat 6: 18816b7f ($7.31 in chips)
df912463: posts small blind $0.02
cd442998: posts big blind $0.05
*** HOLE CARDS ***
Dealt to b8eb4e8e 
Dealt to 2445a87e 
Dealt to df912463 
Dealt to cd442998 
Dealt to Hero [Jh 5h]
Dealt to 18816b7f 
Hero: folds
18816b7f: folds
b8eb4e8e: folds
2445a87e: folds
df912463: raises $0.1 to $0.15
cd442998: folds
Uncalled bet ($0.1) returned to df912463
*** SHOWDOWN ***
df912463 collected $0.1 from pot
*** SUMMARY ***
Total pot $0.1 | Rake $0 | Jackpot $0 | Bingo $0 | Fortune $0
Seat 1: b8eb4e8e folded before Flop (didn't bet)
Seat 2: 2445a87e (button) folded before Flop (didn't bet)
Seat 3: df912463 (small blind) collected ($0.1)
Seat 4: cd442998 (big blind) folded before Flop
Seat 5: Hero folded before Flop (didn't bet)
Seat 6: 18816b7f folded before Flop (didn't bet)


Poker Hand #HD1147434075: Hold'em No Limit  ($0.02/$0.05) - 2023/03/05 20:13:05
Table 'NLHBlue105' 6-max Seat #1 is the button
Seat 1: b8eb4e8e ($4.15 in chips)
Seat 2: 2445a87e ($4.25 in chips)
Seat 3: df912463 ($5.5 in chips)
Seat 4: cd442998 ($5.18 in chips)
Seat 5: Hero ($5.13 in chips)
Seat 6: 18816b7f ($7.31 in chips)
2445a87e: posts small blind $0.02
df912463: posts big blind $0.05
*** HOLE CARDS ***
Dealt to b8eb4e8e 
Dealt to 2445a87e 
Dealt to df912463 
Dealt to cd442998 
Dealt to Hero [3s Jd]
Dealt to 18816b7f 
cd442998: folds
Hero: folds
18816b7f: folds
b8eb4e8e: raises $0.08 to $0.13
2445a87e: folds
df912463: folds
Uncalled bet ($0.08) returned to b8eb4e8e
*** SHOWDOWN ***
b8eb4e8e collected $0.12 from pot
*** SUMMARY ***
Total pot $0.12 | Rake $0 | Jackpot $0 | Bingo $0 | Fortune $0
Seat 1: b8eb4e8e (button) collected ($0.12)
Seat 2: 2445a87e (small blind) folded before Flop
Seat 3: df912463 (big blind) folded before Flop
Seat 4: cd442998 folded before Flop (didn't bet)
Seat 5: Hero folded before Flop (didn't bet)
Seat 6: 18816b7f folded before Flop (didn't bet)


Poker Hand #HD1147433893: Hold'em No Limit  ($0.02/$0.05) - 2023/03/05 20:11:52
Table 'NLHBlue105' 6-max Seat #6 is the button
Seat 1: b8eb4e8e ($4.17 in chips)
Seat 2: 2445a87e ($5 in chips)
Seat 3: df912463 ($5.5 in chips)
Seat 4: cd442998 ($5.18 in chips)
Seat 5: Hero ($5.13 in chips)
Seat 6: 18816b7f ($6.66 in chips)
b8eb4e8e: posts small blind $0.02
2445a87e: posts big blind $0.05
*** HOLE CARDS ***
Dealt to b8eb4e8e 
Dealt to 2445a87e 
Dealt to df912463 
Dealt to cd442998 
Dealt to Hero [Ts 3c]
Dealt to 18816b7f 
df912463: folds
cd442998: folds
Hero: folds
18816b7f: calls $0.05
b8eb4e8e: folds
2445a87e: checks
*** FLOP *** [7d 4c 6c]
2445a87e: checks
18816b7f: bets $0.09
2445a87e: raises $0.23 to $0.32
18816b7f: calls $0.23
*** TURN *** [7d 4c 6c] [6d]
2445a87e: bets $0.38
18816b7f: calls $0.38
*** RIVER *** [7d 4c 6c 6d] [5h]
2445a87e: checks
18816b7f: checks
2445a87e: shows [9c Tc] (Pair of Sixes)
18816b7f: shows [9d 4d] (Pair of Sixes and Pair of Fours)
*** SHOWDOWN ***
18816b7f collected $1.4 from pot
*** SUMMARY ***
Total pot $1.52 | Rake $0.07 | Jackpot $0.05 | Bingo $0 | Fortune $0
Board [7d 4c 6c 6d 5h]
Seat 1: b8eb4e8e (small blind) folded before Flop
Seat 2: 2445a87e (big blind) showed [9c Tc] and lost with Pair of Sixes
Seat 3: df912463 folded before Flop (didn't bet)
Seat 4: cd442998 folded before Flop (didn't bet)
Seat 5: Hero folded before Flop (didn't bet)
Seat 6: 18816b7f (button) showed [9d 4d] and won ($1.4) with Pair of Sixes and Pair of Fours


Poker Hand #HD1147433795: Hold'em No Limit  ($0.02/$0.05) - 2023/03/05 20:11:15
Table 'NLHBlue105' 6-max Seat #5 is the button
Seat 1: b8eb4e8e ($4.32 in chips)
Seat 3: df912463 ($5.5 in chips)
Seat 4: cd442998 ($5.02 in chips)
Seat 5: Hero ($5.13 in chips)
Seat 6: 18816b7f ($6.68 in chips)
18816b7f: posts small blind $0.02
b8eb4e8e: posts big blind $0.05
*** HOLE CARDS ***
Dealt to b8eb4e8e 
Dealt to df912463 
Dealt to cd442998 
Dealt to Hero [6c Ks]
Dealt to 18816b7f 
df912463: folds
cd442998: raises $0.1 to $0.15
Hero: folds
18816b7f: folds
b8eb4e8e: calls $0.1
*** FLOP *** [9h Ts 8d]
b8eb4e8e: checks
cd442998: bets $0.15
b8eb4e8e: folds
Uncalled bet ($0.15) returned to cd442998
*** SHOWDOWN ***
cd442998 collected $0.31 from pot
*** SUMMARY ***
Total pot $0.32 | Rake $0.01 | Jackpot $0 | Bingo $0 | Fortune $0
Board [9h Ts 8d]
Seat 1: b8eb4e8e (big blind) folded on the Flop
Seat 3: df912463 folded before Flop (didn't bet)
Seat 4: cd442998 won ($0.31)
Seat 5: Hero (button) folded before Flop (didn't bet)
Seat 6: 18816b7f (small blind) folded before Flop


Poker Hand #HD1147433642: Hold'em No Limit  ($0.02/$0.05) - 2023/03/05 20:10:13
Table 'NLHBlue105' 6-max Seat #4 is the button
Seat 1: b8eb4e8e ($4.32 in chips)
Seat 3: df912463 ($5.5 in chips)
Seat 4: cd442998 ($5.02 in chips)
Seat 5: Hero ($5 in chips)
Seat 6: 18816b7f ($6.82 in chips)
Hero: posts small blind $0.02
18816b7f: posts big blind $0.05
*** HOLE CARDS ***
Dealt to b8eb4e8e 
Dealt to df912463 
Dealt to cd442998 
Dealt to Hero [4d As]
Dealt to 18816b7f 
b8eb4e8e: folds
df912463: folds
cd442998: folds
Hero: raises $0.09 to $0.14
18816b7f: calls $0.09
*** FLOP *** [5d Jc 8h]
Hero: checks
18816b7f: checks
*** TURN *** [5d Jc 8h] [7s]
Hero: checks
18816b7f: checks
*** RIVER *** [5d Jc 8h 7s] [3d]
Hero: checks
18816b7f: checks
Hero: shows [4d As] (Ace-High)
18816b7f: shows [Qd Th] (Queen-High)
*** SHOWDOWN ***
Hero collected $0.27 from pot
*** SUMMARY ***
Total pot $0.28 | Rake $0.01 | Jackpot $0 | Bingo $0 | Fortune $0
Board [5d Jc 8h 7s 3d]
Seat 1: b8eb4e8e folded before Flop (didn't bet)
Seat 3: df912463 folded before Flop (didn't bet)
Seat 4: cd442998 (button) folded before Flop (didn't bet)
Seat 5: Hero (small blind) showed [4d As] and won ($0.27) with Ace-High
Seat 6: 18816b7f (big blind) showed [Qd Th] and lost with Queen-High


Poker Hand #HD1147433571: Hold'em No Limit  ($0.02/$0.05) - 2023/03/05 20:09:42
Table 'NLHBlue105' 6-max Seat #3 is the button
Seat 1: b8eb4e8e ($4.32 in chips)
Seat 3: df912463 ($5.5 in chips)
Seat 4: cd442998 ($5.04 in chips)
Seat 5: Hero ($5 in chips)
Seat 6: 18816b7f ($6.75 in chips)
cd442998: posts small blind $0.02
Hero: posts big blind $0.05
*** HOLE CARDS ***
Dealt to b8eb4e8e 
Dealt to df912463 
Dealt to cd442998 
Dealt to Hero [3c Ad]
Dealt to 18816b7f 
18816b7f: calls $0.05
b8eb4e8e: folds
df912463: folds
cd442998: folds
Hero: checks
*** FLOP *** [6c Qc 8s]
Hero: checks
18816b7f: bets $0.09
Hero: folds
Uncalled bet ($0.09) returned to 18816b7f
*** SHOWDOWN ***
18816b7f collected $0.12 from pot
*** SUMMARY ***
Total pot $0.12 | Rake $0 | Jackpot $0 | Bingo $0 | Fortune $0
Board [6c Qc 8s]
Seat 1: b8eb4e8e folded before Flop (didn't bet)
Seat 3: df912463 (button) folded before Flop (didn't bet)
Seat 4: cd442998 (small blind) folded before Flop
Seat 5: Hero (big blind) folded on the Flop
Seat 6: 18816b7f won ($0.12)


