Poker Hand #HD1171748731: Hold'em No Limit  ($0.02/$0.05) - 2023/03/22 23:08:32
Table 'NLHBlue73' 6-max Seat #3 is the button
Seat 1: 4827cc6e ($5.07 in chips)
Seat 2: 454bc1de ($6.85 in chips)
Seat 3: 315e9071 ($6.14 in chips)
Seat 4: d78133fa ($5.1 in chips)
Seat 5: 46da740f ($4.95 in chips)
Seat 6: Hero ($5.86 in chips)
d78133fa: posts small blind $0.02
46da740f: posts big blind $0.05
*** HOLE CARDS ***
Dealt to 4827cc6e 
Dealt to 454bc1de 
Dealt to 315e9071 
Dealt to d78133fa 
Dealt to 46da740f 
Dealt to Hero [7h Ac]
Hero: folds
4827cc6e: folds
454bc1de: folds
315e9071: folds
d78133fa: calls $0.03
46da740f: checks
*** FLOP *** [8s Ah 2s]
d78133fa: checks
46da740f: bets $0.05
d78133fa: folds
Uncalled bet ($0.05) returned to 46da740f
*** SHOWDOWN ***
46da740f collected $0.1 from pot
*** SUMMARY ***
Total pot $0.1 | Rake $0 | Jackpot $0 | Bingo $0 | Fortune $0
Board [8s Ah 2s]
Seat 1: 4827cc6e folded before Flop (didn't bet)
Seat 2: 454bc1de folded before Flop (didn't bet)
Seat 3: 315e9071 (button) folded before Flop (didn't bet)
Seat 4: d78133fa (small blind) folded on the Flop
Seat 5: 46da740f (big blind) won ($0.1)
Seat 6: Hero folded before Flop (didn't bet)


Poker Hand #HD1171748688: Hold'em No Limit  ($0.02/$0.05) - 2023/03/22 23:08:09
Table 'NLHBlue73' 6-max Seat #2 is the button
Seat 1: 4827cc6e ($5.07 in chips)
Seat 2: 454bc1de ($6.85 in chips)
Seat 3: 315e9071 ($6.04 in chips)
Seat 4: d78133fa ($5.15 in chips)
Seat 5: 46da740f ($5 in chips)
Seat 6: Hero ($5.86 in chips)
315e9071: posts small blind $0.02
d78133fa: posts big blind $0.05
46da740f: posts big blind $0.05
*** HOLE CARDS ***
Dealt to 4827cc6e 
Dealt to 454bc1de 
Dealt to 315e9071 
Dealt to d78133fa 
Dealt to 46da740f 
Dealt to Hero [Js Kd]
46da740f: checks
Hero: folds
4827cc6e: folds
454bc1de: folds
315e9071: raises $0.17 to $0.22
d78133fa: folds
46da740f: folds
Uncalled bet ($0.17) returned to 315e9071
*** SHOWDOWN ***
315e9071 collected $0.15 from pot
*** SUMMARY ***
Total pot $0.15 | Rake $0 | Jackpot $0 | Bingo $0 | Fortune $0
Seat 1: 4827cc6e folded before Flop (didn't bet)
Seat 2: 454bc1de (button) folded before Flop (didn't bet)
Seat 3: 315e9071 (small blind) collected ($0.15)
Seat 4: d78133fa (big blind) folded before Flop
Seat 5: 46da740f folded before Flop
Seat 6: Hero folded before Flop (didn't bet)


Poker Hand #HD1171748638: Hold'em No Limit  ($0.02/$0.05) - 2023/03/22 23:07:52
Table 'NLHBlue73' 6-max Seat #1 is the button
Seat 1: 4827cc6e ($5 in chips)
Seat 2: 454bc1de ($6.87 in chips)
Seat 3: 315e9071 ($6.09 in chips)
Seat 4: d78133fa ($5.15 in chips)
Seat 6: Hero ($5.86 in chips)
454bc1de: posts small blind $0.02
315e9071: posts big blind $0.05
*** HOLE CARDS ***
Dealt to 4827cc6e 
Dealt to 454bc1de 
Dealt to 315e9071 
Dealt to d78133fa 
Dealt to Hero [5s 9d]
d78133fa: folds
Hero: folds
4827cc6e: raises $0.07 to $0.12
454bc1de: folds
315e9071: folds
Uncalled bet ($0.07) returned to 4827cc6e
*** SHOWDOWN ***
4827cc6e collected $0.12 from pot
*** SUMMARY ***
Total pot $0.12 | Rake $0 | Jackpot $0 | Bingo $0 | Fortune $0
Seat 1: 4827cc6e (button) collected ($0.12)
Seat 2: 454bc1de (small blind) folded before Flop
Seat 3: 315e9071 (big blind) folded before Flop
Seat 4: d78133fa folded before Flop (didn't bet)
Seat 6: Hero folded before Flop (didn't bet)


Poker Hand #HD1171748582: Hold'em No Limit  ($0.02/$0.05) - 2023/03/22 23:07:26
Table 'NLHBlue73' 6-max Seat #6 is the button
Seat 1: 4827cc6e ($5 in chips)
Seat 2: 454bc1de ($6.75 in chips)
Seat 3: 315e9071 ($6.09 in chips)
Seat 4: d78133fa ($5.15 in chips)
Seat 6: Hero ($5.86 in chips)
4827cc6e: posts small blind $0.02
454bc1de: posts big blind $0.05
*** HOLE CARDS ***
Dealt to 4827cc6e 
Dealt to 454bc1de 
Dealt to 315e9071 
Dealt to d78133fa 
Dealt to Hero [7h 6d]
315e9071: folds
d78133fa: folds
Hero: folds
4827cc6e: raises $0.08 to $0.13
454bc1de: raises $0.37 to $0.5
4827cc6e: folds
Uncalled bet ($0.37) returned to 454bc1de
*** SHOWDOWN ***
454bc1de collected $0.25 from pot
*** SUMMARY ***
Total pot $0.26 | Rake $0.01 | Jackpot $0 | Bingo $0 | Fortune $0
Seat 1: 4827cc6e (small blind) folded before Flop
Seat 2: 454bc1de (big blind) collected ($0.25)
Seat 3: 315e9071 folded before Flop (didn't bet)
Seat 4: d78133fa folded before Flop (didn't bet)
Seat 6: Hero (button) folded before Flop (didn't bet)


Poker Hand #HD1171748552: Hold'em No Limit  ($0.02/$0.05) - 2023/03/22 23:07:09
Table 'NLHBlue73' 6-max Seat #4 is the button
Seat 1: 4827cc6e ($5 in chips)
Seat 2: 454bc1de ($6.75 in chips)
Seat 3: 315e9071 ($6.09 in chips)
Seat 4: d78133fa ($5.15 in chips)
Seat 6: Hero ($5.81 in chips)
Hero: posts small blind $0.02
4827cc6e: posts big blind $0.05
*** HOLE CARDS ***
Dealt to 4827cc6e 
Dealt to 454bc1de 
Dealt to 315e9071 
Dealt to d78133fa 
Dealt to Hero [3d Ac]
454bc1de: folds
315e9071: folds
d78133fa: folds
Hero: raises $0.09 to $0.14
4827cc6e: folds
Uncalled bet ($0.09) returned to Hero
*** SHOWDOWN ***
Hero collected $0.1 from pot
*** SUMMARY ***
Total pot $0.1 | Rake $0 | Jackpot $0 | Bingo $0 | Fortune $0
Seat 1: 4827cc6e (big blind) folded before Flop
Seat 2: 454bc1de folded before Flop (didn't bet)
Seat 3: 315e9071 folded before Flop (didn't bet)
Seat 4: d78133fa (button) folded before Flop (didn't bet)
Seat 6: Hero (small blind) collected ($0.1)


Poker Hand #HD1171748471: Hold'em No Limit  ($0.02/$0.05) - 2023/03/22 23:06:30
Table 'NLHBlue73' 6-max Seat #3 is the button
Seat 1: 4827cc6e ($5 in chips)
Seat 2: 454bc1de ($6.75 in chips)
Seat 3: 315e9071 ($6.09 in chips)
Seat 4: d78133fa ($5.38 in chips)
Seat 6: Hero ($5.6 in chips)
d78133fa: posts small blind $0.02
Hero: posts big blind $0.05
*** HOLE CARDS ***
Dealt to 4827cc6e 
Dealt to 454bc1de 
Dealt to 315e9071 
Dealt to d78133fa 
Dealt to Hero [9c Js]
4827cc6e: folds
454bc1de: folds
315e9071: folds
d78133fa: raises $0.08 to $0.13
Hero: calls $0.08
*** FLOP *** [4h 8d 8s]
d78133fa: checks
Hero: checks
*** TURN *** [4h 8d 8s] [7c]
d78133fa: bets $0.1
Hero: raises $0.24 to $0.34
d78133fa: folds
Uncalled bet ($0.24) returned to Hero
*** SHOWDOWN ***
Hero collected $0.44 from pot
*** SUMMARY ***
Total pot $0.46 | Rake $0.02 | Jackpot $0 | Bingo $0 | Fortune $0
Board [4h 8d 8s 7c]
Seat 1: 4827cc6e folded before Flop (didn't bet)
Seat 2: 454bc1de folded before Flop (didn't bet)
Seat 3: 315e9071 (button) folded before Flop (didn't bet)
Seat 4: d78133fa (small blind) folded on the Turn
Seat 6: Hero (big blind) won ($0.44)


Poker Hand #HD1171748350: Hold'em No Limit  ($0.02/$0.05) - 2023/03/22 23:05:35
Table 'NLHBlue73' 6-max Seat #2 is the button
Seat 1: 4827cc6e ($5 in chips)
Seat 2: 454bc1de ($6.75 in chips)
Seat 3: 315e9071 ($6.11 in chips)
Seat 4: d78133fa ($5.25 in chips)
Seat 5: 9fd69285 ($5.16 in chips)
Seat 6: Hero ($5.72 in chips)
315e9071: posts small blind $0.02
d78133fa: posts big blind $0.05
*** HOLE CARDS ***
Dealt to 4827cc6e 
Dealt to 454bc1de 
Dealt to 315e9071 
Dealt to d78133fa 
Dealt to 9fd69285 
Dealt to Hero [9d 8d]
9fd69285: folds
Hero: raises $0.07 to $0.12
4827cc6e: folds
454bc1de: folds
315e9071: folds
d78133fa: calls $0.07
*** FLOP *** [Ts 3s 4d]
d78133fa: checks
Hero: checks
*** TURN *** [Ts 3s 4d] [2h]
d78133fa: checks
Hero: checks
*** RIVER *** [Ts 3s 4d 2h] [5s]
d78133fa: bets $0.1
Hero: folds
Uncalled bet ($0.1) returned to d78133fa
*** SHOWDOWN ***
d78133fa collected $0.25 from pot
*** SUMMARY ***
Total pot $0.26 | Rake $0.01 | Jackpot $0 | Bingo $0 | Fortune $0
Board [Ts 3s 4d 2h 5s]
Seat 1: 4827cc6e folded before Flop (didn't bet)
Seat 2: 454bc1de (button) folded before Flop (didn't bet)
Seat 3: 315e9071 (small blind) folded before Flop
Seat 4: d78133fa (big blind) won ($0.25)
Seat 5: 9fd69285 folded before Flop (didn't bet)
Seat 6: Hero folded on the River


Poker Hand #HD1171748309: Hold'em No Limit  ($0.02/$0.05) - 2023/03/22 23:05:18
Table 'NLHBlue73' 6-max Seat #1 is the button
Seat 1: 4827cc6e ($5 in chips)
Seat 2: 454bc1de ($6.77 in chips)
Seat 3: 315e9071 ($6.09 in chips)
Seat 4: d78133fa ($5.25 in chips)
Seat 5: 9fd69285 ($5.16 in chips)
Seat 6: Hero ($5.72 in chips)
454bc1de: posts small blind $0.02
315e9071: posts big blind $0.05
*** HOLE CARDS ***
Dealt to 4827cc6e 
Dealt to 454bc1de 
Dealt to 315e9071 
Dealt to d78133fa 
Dealt to 9fd69285 
Dealt to Hero [5h 9c]
d78133fa: folds
9fd69285: folds
Hero: folds
4827cc6e: folds
454bc1de: folds
Uncalled bet ($0.03) returned to 315e9071
*** SHOWDOWN ***
315e9071 collected $0.04 from pot
*** SUMMARY ***
Total pot $0.04 | Rake $0 | Jackpot $0 | Bingo $0 | Fortune $0
Seat 1: 4827cc6e (button) folded before Flop (didn't bet)
Seat 2: 454bc1de (small blind) folded before Flop
Seat 3: 315e9071 (big blind) collected ($0.04)
Seat 4: d78133fa folded before Flop (didn't bet)
Seat 5: 9fd69285 folded before Flop (didn't bet)
Seat 6: Hero folded before Flop (didn't bet)


Poker Hand #HD1171748199: Hold'em No Limit  ($0.02/$0.05) - 2023/03/22 23:04:27
Table 'NLHBlue73' 6-max Seat #6 is the button
Seat 1: 4827cc6e ($5 in chips)
Seat 2: 454bc1de ($6.64 in chips)
Seat 3: 315e9071 ($6.09 in chips)
Seat 4: d78133fa ($5.25 in chips)
Seat 5: 9fd69285 ($5.28 in chips)
Seat 6: Hero ($5.72 in chips)
4827cc6e: posts small blind $0.02
454bc1de: posts big blind $0.05
*** HOLE CARDS ***
Dealt to 4827cc6e 
Dealt to 454bc1de 
Dealt to 315e9071 
Dealt to d78133fa 
Dealt to 9fd69285 
Dealt to Hero [Ks 3c]
315e9071: folds
d78133fa: folds
9fd69285: raises $0.07 to $0.12
Hero: folds
4827cc6e: folds
454bc1de: calls $0.07
*** FLOP *** [Js Qh Td]
454bc1de: checks
9fd69285: checks
*** TURN *** [Js Qh Td] [2d]
454bc1de: bets $0.2
9fd69285: folds
Uncalled bet ($0.2) returned to 454bc1de
*** SHOWDOWN ***
454bc1de collected $0.25 from pot
*** SUMMARY ***
Total pot $0.26 | Rake $0.01 | Jackpot $0 | Bingo $0 | Fortune $0
Board [Js Qh Td 2d]
Seat 1: 4827cc6e (small blind) folded before Flop
Seat 2: 454bc1de (big blind) won ($0.25)
Seat 3: 315e9071 folded before Flop (didn't bet)
Seat 4: d78133fa folded before Flop (didn't bet)
Seat 5: 9fd69285 folded on the Turn
Seat 6: Hero (button) folded before Flop (didn't bet)


Poker Hand #HD1171748108: Hold'em No Limit  ($0.02/$0.05) - 2023/03/22 23:03:54
Table 'NLHBlue73' 6-max Seat #5 is the button
Seat 1: 4827cc6e ($5 in chips)
Seat 2: 454bc1de ($6.64 in chips)
Seat 3: 315e9071 ($6.21 in chips)
Seat 4: d78133fa ($5.07 in chips)
Seat 5: 9fd69285 ($5.28 in chips)
Seat 6: Hero ($5.74 in chips)
Hero: posts small blind $0.02
4827cc6e: posts big blind $0.05
*** HOLE CARDS ***
Dealt to 4827cc6e 
Dealt to 454bc1de 
Dealt to 315e9071 
Dealt to d78133fa 
Dealt to 9fd69285 
Dealt to Hero [2h 7d]
454bc1de: folds
315e9071: calls $0.05
d78133fa: raises $0.07 to $0.12
9fd69285: folds
Hero: folds
4827cc6e: folds
315e9071: calls $0.07
*** FLOP *** [Kh 6d 3h]
315e9071: checks
d78133fa: checks
*** TURN *** [Kh 6d 3h] [7c]
315e9071: checks
d78133fa: bets $0.1
315e9071: folds
Uncalled bet ($0.1) returned to d78133fa
*** SHOWDOWN ***
d78133fa collected $0.3 from pot
*** SUMMARY ***
Total pot $0.31 | Rake $0.01 | Jackpot $0 | Bingo $0 | Fortune $0
Board [Kh 6d 3h 7c]
Seat 1: 4827cc6e (big blind) folded before Flop
Seat 2: 454bc1de folded before Flop (didn't bet)
Seat 3: 315e9071 folded on the Turn
Seat 4: d78133fa won ($0.3)
Seat 5: 9fd69285 (button) folded before Flop (didn't bet)
Seat 6: Hero (small blind) folded before Flop


Poker Hand #HD1171748032: Hold'em No Limit  ($0.02/$0.05) - 2023/03/22 23:03:20
Table 'NLHBlue73' 6-max Seat #4 is the button
Seat 1: 4827cc6e ($5 in chips)
Seat 2: 454bc1de ($6.64 in chips)
Seat 3: 315e9071 ($6.21 in chips)
Seat 4: d78133fa ($5 in chips)
Seat 5: 9fd69285 ($5.3 in chips)
Seat 6: Hero ($5.79 in chips)
9fd69285: posts small blind $0.02
Hero: posts big blind $0.05
*** HOLE CARDS ***
Dealt to 4827cc6e 
Dealt to 454bc1de 
Dealt to 315e9071 
Dealt to d78133fa 
Dealt to 9fd69285 
Dealt to Hero [4c 9c]
4827cc6e: folds
454bc1de: folds
315e9071: folds
d78133fa: raises $0.05 to $0.1
9fd69285: folds
Hero: folds
Uncalled bet ($0.05) returned to d78133fa
*** SHOWDOWN ***
d78133fa collected $0.12 from pot
*** SUMMARY ***
Total pot $0.12 | Rake $0 | Jackpot $0 | Bingo $0 | Fortune $0
Seat 1: 4827cc6e folded before Flop (didn't bet)
Seat 2: 454bc1de folded before Flop (didn't bet)
Seat 3: 315e9071 folded before Flop (didn't bet)
Seat 4: d78133fa (button) collected ($0.12)
Seat 5: 9fd69285 (small blind) folded before Flop
Seat 6: Hero (big blind) folded before Flop


Poker Hand #HD1171747970: Hold'em No Limit  ($0.02/$0.05) - 2023/03/22 23:02:53
Table 'NLHBlue73' 6-max Seat #3 is the button
Seat 1: 4827cc6e ($5 in chips)
Seat 2: 454bc1de ($6.57 in chips)
Seat 3: 315e9071 ($6.21 in chips)
Seat 4: d78133fa ($5 in chips)
Seat 5: 9fd69285 ($5.35 in chips)
Seat 6: Hero ($5.79 in chips)
d78133fa: posts small blind $0.02
9fd69285: posts big blind $0.05
*** HOLE CARDS ***
Dealt to 4827cc6e 
Dealt to 454bc1de 
Dealt to 315e9071 
Dealt to d78133fa 
Dealt to 9fd69285 
Dealt to Hero [8d 2c]
Hero: folds
4827cc6e: folds
454bc1de: raises $0.07 to $0.12
315e9071: folds
d78133fa: folds
9fd69285: folds
Uncalled bet ($0.07) returned to 454bc1de
*** SHOWDOWN ***
454bc1de collected $0.12 from pot
*** SUMMARY ***
Total pot $0.12 | Rake $0 | Jackpot $0 | Bingo $0 | Fortune $0
Seat 1: 4827cc6e folded before Flop (didn't bet)
Seat 2: 454bc1de collected ($0.12)
Seat 3: 315e9071 (button) folded before Flop (didn't bet)
Seat 4: d78133fa (small blind) folded before Flop
Seat 5: 9fd69285 (big blind) folded before Flop
Seat 6: Hero folded before Flop (didn't bet)


Poker Hand #HD1171747935: Hold'em No Limit  ($0.02/$0.05) - 2023/03/22 23:02:39
Table 'NLHBlue73' 6-max Seat #2 is the button
Seat 1: 4827cc6e ($5 in chips)
Seat 2: 454bc1de ($6.57 in chips)
Seat 3: 315e9071 ($6.23 in chips)
Seat 4: d78133fa ($5 in chips)
Seat 5: 9fd69285 ($5.35 in chips)
Seat 6: Hero ($5.72 in chips)
315e9071: posts small blind $0.02
d78133fa: posts big blind $0.05
*** HOLE CARDS ***
Dealt to 4827cc6e 
Dealt to 454bc1de 
Dealt to 315e9071 
Dealt to d78133fa 
Dealt to 9fd69285 
Dealt to Hero [8c 8s]
9fd69285: folds
Hero: raises $0.07 to $0.12
4827cc6e: folds
454bc1de: folds
315e9071: folds
d78133fa: folds
Uncalled bet ($0.07) returned to Hero
*** SHOWDOWN ***
Hero collected $0.12 from pot
*** SUMMARY ***
Total pot $0.12 | Rake $0 | Jackpot $0 | Bingo $0 | Fortune $0
Seat 1: 4827cc6e folded before Flop (didn't bet)
Seat 2: 454bc1de (button) folded before Flop (didn't bet)
Seat 3: 315e9071 (small blind) folded before Flop
Seat 4: d78133fa (big blind) folded before Flop
Seat 5: 9fd69285 folded before Flop (didn't bet)
Seat 6: Hero collected ($0.12)


Poker Hand #HD1171747862: Hold'em No Limit  ($0.02/$0.05) - 2023/03/22 23:02:01
Table 'NLHBlue73' 6-max Seat #1 is the button
Seat 1: 4827cc6e ($5 in chips)
Seat 2: 454bc1de ($6.71 in chips)
Seat 3: 315e9071 ($6.1 in chips)
Seat 5: 9fd69285 ($5.35 in chips)
Seat 6: Hero ($5.72 in chips)
454bc1de: posts small blind $0.02
315e9071: posts big blind $0.05
*** HOLE CARDS ***
Dealt to 4827cc6e 
Dealt to 454bc1de 
Dealt to 315e9071 
Dealt to 9fd69285 
Dealt to Hero [4h 8h]
9fd69285: folds
Hero: folds
4827cc6e: folds
454bc1de: raises $0.09 to $0.14
315e9071: raises $0.28 to $0.42
454bc1de: folds
Uncalled bet ($0.28) returned to 315e9071
*** SHOWDOWN ***
315e9071 collected $0.27 from pot
*** SUMMARY ***
Total pot $0.28 | Rake $0.01 | Jackpot $0 | Bingo $0 | Fortune $0
Seat 1: 4827cc6e (button) folded before Flop (didn't bet)
Seat 2: 454bc1de (small blind) folded before Flop
Seat 3: 315e9071 (big blind) collected ($0.27)
Seat 5: 9fd69285 folded before Flop (didn't bet)
Seat 6: Hero folded before Flop (didn't bet)


Poker Hand #HD1171747763: Hold'em No Limit  ($0.02/$0.05) - 2023/03/22 23:01:18
Table 'NLHBlue73' 6-max Seat #6 is the button
Seat 1: 4827cc6e ($5 in chips)
Seat 2: 454bc1de ($6.76 in chips)
Seat 3: 315e9071 ($6.1 in chips)
Seat 5: 9fd69285 ($5.19 in chips)
Seat 6: Hero ($5.72 in chips)
4827cc6e: posts small blind $0.02
454bc1de: posts big blind $0.05
*** HOLE CARDS ***
Dealt to 4827cc6e 
Dealt to 454bc1de 
Dealt to 315e9071 
Dealt to 9fd69285 
Dealt to Hero [6s 2c]
315e9071: folds
9fd69285: raises $0.07 to $0.12
Hero: folds
4827cc6e: calls $0.1
454bc1de: folds
*** FLOP *** [Td Ad 9s]
4827cc6e: checks
9fd69285: bets $0.1
4827cc6e: folds
Uncalled bet ($0.1) returned to 9fd69285
*** SHOWDOWN ***
9fd69285 collected $0.28 from pot
*** SUMMARY ***
Total pot $0.29 | Rake $0.01 | Jackpot $0 | Bingo $0 | Fortune $0
Board [Td Ad 9s]
Seat 1: 4827cc6e (small blind) folded on the Flop
Seat 2: 454bc1de (big blind) folded before Flop
Seat 3: 315e9071 folded before Flop (didn't bet)
Seat 5: 9fd69285 won ($0.28)
Seat 6: Hero (button) folded before Flop (didn't bet)


Poker Hand #HD1171747721: Hold'em No Limit  ($0.02/$0.05) - 2023/03/22 23:01:02
Table 'NLHBlue73' 6-max Seat #5 is the button
Seat 1: 4827cc6e ($5 in chips)
Seat 2: 454bc1de ($6.76 in chips)
Seat 3: 315e9071 ($6.03 in chips)
Seat 5: 9fd69285 ($5.19 in chips)
Seat 6: Hero ($5.74 in chips)
Hero: posts small blind $0.02
4827cc6e: posts big blind $0.05
*** HOLE CARDS ***
Dealt to 4827cc6e 
Dealt to 454bc1de 
Dealt to 315e9071 
Dealt to 9fd69285 
Dealt to Hero [Th 7d]
454bc1de: folds
315e9071: raises $0.1 to $0.15
9fd69285: folds
Hero: folds
4827cc6e: folds
Uncalled bet ($0.1) returned to 315e9071
*** SHOWDOWN ***
315e9071 collected $0.12 from pot
*** SUMMARY ***
Total pot $0.12 | Rake $0 | Jackpot $0 | Bingo $0 | Fortune $0
Seat 1: 4827cc6e (big blind) folded before Flop
Seat 2: 454bc1de folded before Flop (didn't bet)
Seat 3: 315e9071 collected ($0.12)
Seat 5: 9fd69285 (button) folded before Flop (didn't bet)
Seat 6: Hero (small blind) folded before Flop


Poker Hand #HD1171747687: Hold'em No Limit  ($0.02/$0.05) - 2023/03/22 23:00:46
Table 'NLHBlue73' 6-max Seat #3 is the button
Seat 1: 4827cc6e ($5 in chips)
Seat 2: 454bc1de ($6.76 in chips)
Seat 3: 315e9071 ($6.03 in chips)
Seat 5: 9fd69285 ($5.14 in chips)
Seat 6: Hero ($5.79 in chips)
9fd69285: posts small blind $0.02
Hero: posts big blind $0.05
*** HOLE CARDS ***
Dealt to 4827cc6e 
Dealt to 454bc1de 
Dealt to 315e9071 
Dealt to 9fd69285 
Dealt to Hero [Qc 6d]
4827cc6e: folds
454bc1de: folds
315e9071: folds
9fd69285: raises $0.07 to $0.12
Hero: folds
Uncalled bet ($0.07) returned to 9fd69285
*** SHOWDOWN ***
9fd69285 collected $0.1 from pot
*** SUMMARY ***
Total pot $0.1 | Rake $0 | Jackpot $0 | Bingo $0 | Fortune $0
Seat 1: 4827cc6e folded before Flop (didn't bet)
Seat 2: 454bc1de folded before Flop (didn't bet)
Seat 3: 315e9071 (button) folded before Flop (didn't bet)
Seat 5: 9fd69285 (small blind) collected ($0.1)
Seat 6: Hero (big blind) folded before Flop


Poker Hand #HD1171747566: Hold'em No Limit  ($0.02/$0.05) - 2023/03/22 22:59:43
Table 'NLHBlue73' 6-max Seat #2 is the button
Seat 1: 4827cc6e ($5 in chips)
Seat 2: 454bc1de ($5.88 in chips)
Seat 3: 315e9071 ($6.05 in chips)
Seat 4: 941fcfc0 ($1 in chips)
Seat 5: 9fd69285 ($5.14 in chips)
Seat 6: Hero ($5.79 in chips)
315e9071: posts small blind $0.02
941fcfc0: posts big blind $0.05
*** HOLE CARDS ***
Dealt to 4827cc6e 
Dealt to 454bc1de 
Dealt to 315e9071 
Dealt to 941fcfc0 
Dealt to 9fd69285 
Dealt to Hero [Jh 8d]
9fd69285: folds
Hero: folds
4827cc6e: folds
454bc1de: raises $0.07 to $0.12
315e9071: folds
941fcfc0: raises $0.88 to $1 and is all-in
454bc1de: calls $0.88
941fcfc0: shows [Qc Ac]
454bc1de: shows [As 4s]
*** FLOP *** [Ad 3s 4h]
*** TURN *** [Ad 3s 4h] [5d]
*** RIVER *** [Ad 3s 4h 5d] [Js]
*** SHOWDOWN ***
454bc1de collected $1.88 from pot
*** SUMMARY ***
Total pot $2.02 | Rake $0.09 | Jackpot $0.05 | Bingo $0 | Fortune $0
Board [Ad 3s 4h 5d Js]
Seat 1: 4827cc6e folded before Flop (didn't bet)
Seat 2: 454bc1de (button) showed [As 4s] and won ($1.88) with Pair of Aces and Pair of Fours
Seat 3: 315e9071 (small blind) folded before Flop
Seat 4: 941fcfc0 (big blind) showed [Qc Ac] and lost with Pair of Aces
Seat 5: 9fd69285 folded before Flop (didn't bet)
Seat 6: Hero folded before Flop (didn't bet)


Poker Hand #HD1171747538: Hold'em No Limit  ($0.02/$0.05) - 2023/03/22 22:59:28
Table 'NLHBlue73' 6-max Seat #1 is the button
Seat 1: 4827cc6e ($5 in chips)
Seat 2: 454bc1de ($5.9 in chips)
Seat 3: 315e9071 ($6.1 in chips)
Seat 5: 9fd69285 ($5.14 in chips)
Seat 6: Hero ($5.72 in chips)
454bc1de: posts small blind $0.02
315e9071: posts big blind $0.05
*** HOLE CARDS ***
Dealt to 4827cc6e 
Dealt to 454bc1de 
Dealt to 315e9071 
Dealt to 9fd69285 
Dealt to Hero [Th Jh]
9fd69285: folds
Hero: raises $0.07 to $0.12
4827cc6e: folds
454bc1de: folds
315e9071: folds
Uncalled bet ($0.07) returned to Hero
*** SHOWDOWN ***
Hero collected $0.12 from pot
*** SUMMARY ***
Total pot $0.12 | Rake $0 | Jackpot $0 | Bingo $0 | Fortune $0
Seat 1: 4827cc6e (button) folded before Flop (didn't bet)
Seat 2: 454bc1de (small blind) folded before Flop
Seat 3: 315e9071 (big blind) folded before Flop
Seat 5: 9fd69285 folded before Flop (didn't bet)
Seat 6: Hero collected ($0.12)


Poker Hand #HD1171747456: Hold'em No Limit  ($0.02/$0.05) - 2023/03/22 22:58:42
Table 'NLHBlue73' 6-max Seat #6 is the button
Seat 1: 4827cc6e ($5 in chips)
Seat 2: 454bc1de ($6.02 in chips)
Seat 3: 315e9071 ($6.1 in chips)
Seat 5: 9fd69285 ($5.14 in chips)
Seat 6: Hero ($5.59 in chips)
4827cc6e: posts small blind $0.02
454bc1de: posts big blind $0.05
*** HOLE CARDS ***
Dealt to 4827cc6e 
Dealt to 454bc1de 
Dealt to 315e9071 
Dealt to 9fd69285 
Dealt to Hero [Ks Kh]
315e9071: folds
9fd69285: folds
Hero: raises $0.07 to $0.12
4827cc6e: folds
454bc1de: calls $0.07
*** FLOP *** [8d Qs Th]
454bc1de: checks
Hero: bets $0.2
454bc1de: folds
Uncalled bet ($0.2) returned to Hero
*** SHOWDOWN ***
Hero collected $0.25 from pot
*** SUMMARY ***
Total pot $0.26 | Rake $0.01 | Jackpot $0 | Bingo $0 | Fortune $0
Board [8d Qs Th]
Seat 1: 4827cc6e (small blind) folded before Flop
Seat 2: 454bc1de (big blind) folded on the Flop
Seat 3: 315e9071 folded before Flop (didn't bet)
Seat 5: 9fd69285 folded before Flop (didn't bet)
Seat 6: Hero (button) won ($0.25)


Poker Hand #HD1171747400: Hold'em No Limit  ($0.02/$0.05) - 2023/03/22 22:58:18
Table 'NLHBlue73' 6-max Seat #5 is the button
Seat 1: 4827cc6e ($5 in chips)
Seat 2: 454bc1de ($6.02 in chips)
Seat 3: 315e9071 ($6.1 in chips)
Seat 5: 9fd69285 ($5.07 in chips)
Seat 6: Hero ($5.61 in chips)
Hero: posts small blind $0.02
4827cc6e: posts big blind $0.05
*** HOLE CARDS ***
Dealt to 4827cc6e 
Dealt to 454bc1de 
Dealt to 315e9071 
Dealt to 9fd69285 
Dealt to Hero [3s 4d]
454bc1de: folds
315e9071: folds
9fd69285: raises $0.07 to $0.12
Hero: folds
4827cc6e: folds
Uncalled bet ($0.07) returned to 9fd69285
*** SHOWDOWN ***
9fd69285 collected $0.12 from pot
*** SUMMARY ***
Total pot $0.12 | Rake $0 | Jackpot $0 | Bingo $0 | Fortune $0
Seat 1: 4827cc6e (big blind) folded before Flop
Seat 2: 454bc1de folded before Flop (didn't bet)
Seat 3: 315e9071 folded before Flop (didn't bet)
Seat 5: 9fd69285 (button) collected ($0.12)
Seat 6: Hero (small blind) folded before Flop


Poker Hand #HD1171747389: Hold'em No Limit  ($0.02/$0.05) - 2023/03/22 22:58:11
Table 'NLHBlue73' 6-max Seat #3 is the button
Seat 2: 454bc1de ($6.02 in chips)
Seat 3: 315e9071 ($6.1 in chips)
Seat 5: 9fd69285 ($5.09 in chips)
Seat 6: Hero ($5.59 in chips)
9fd69285: posts small blind $0.02
Hero: posts big blind $0.05
*** HOLE CARDS ***
Dealt to 454bc1de 
Dealt to 315e9071 
Dealt to 9fd69285 
Dealt to Hero [2c Qs]
454bc1de: folds
315e9071: folds
9fd69285: folds
Uncalled bet ($0.03) returned to Hero
*** SHOWDOWN ***
Hero collected $0.04 from pot
*** SUMMARY ***
Total pot $0.04 | Rake $0 | Jackpot $0 | Bingo $0 | Fortune $0
Seat 2: 454bc1de folded before Flop (didn't bet)
Seat 3: 315e9071 (button) folded before Flop (didn't bet)
Seat 5: 9fd69285 (small blind) folded before Flop
Seat 6: Hero (big blind) collected ($0.04)


Poker Hand #HD1171747283: Hold'em No Limit  ($0.02/$0.05) - 2023/03/22 22:57:20
Table 'NLHBlue73' 6-max Seat #2 is the button
Seat 2: 454bc1de ($6.02 in chips)
Seat 3: 315e9071 ($6.12 in chips)
Seat 4: 941fcfc0 ($0.63 in chips)
Seat 5: 9fd69285 ($5.09 in chips)
Seat 6: Hero ($5 in chips)
315e9071: posts small blind $0.02
941fcfc0: posts big blind $0.05
*** HOLE CARDS ***
Dealt to 454bc1de 
Dealt to 315e9071 
Dealt to 941fcfc0 
Dealt to 9fd69285 
Dealt to Hero [5h 5s]
9fd69285: folds
Hero: raises $0.07 to $0.12
454bc1de: folds
315e9071: folds
941fcfc0: raises $0.51 to $0.63 and is all-in
Hero: calls $0.51
941fcfc0: shows [Kd As]
Hero: shows [5h 5s]
*** FLOP *** [9c 8s 6d]
*** TURN *** [9c 8s 6d] [3c]
*** RIVER *** [9c 8s 6d 3c] [4d]
*** SHOWDOWN ***
Hero collected $1.22 from pot
*** SUMMARY ***
Total pot $1.28 | Rake $0.06 | Jackpot $0 | Bingo $0 | Fortune $0
Board [9c 8s 6d 3c 4d]
Seat 2: 454bc1de (button) folded before Flop (didn't bet)
Seat 3: 315e9071 (small blind) folded before Flop
Seat 4: 941fcfc0 (big blind) showed [Kd As] and lost with Ace-High
Seat 5: 9fd69285 folded before Flop (didn't bet)
Seat 6: Hero showed [5h 5s] and won ($1.22) with Pair of Fives


Poker Hand #HD1171747153: Hold'em No Limit  ($0.02/$0.05) - 2023/03/22 22:56:20
Table 'NLHBlue73' 6-max Seat #6 is the button
Seat 2: 454bc1de ($6.07 in chips)
Seat 3: 315e9071 ($5.74 in chips)
Seat 4: 941fcfc0 ($1 in chips)
Seat 5: 9fd69285 ($5.09 in chips)
Seat 6: Hero ($5 in chips)
454bc1de: posts small blind $0.02
315e9071: posts big blind $0.05
941fcfc0: posts big blind $0.05
*** HOLE CARDS ***
Dealt to 454bc1de 
Dealt to 315e9071 
Dealt to 941fcfc0 
Dealt to 9fd69285 
Dealt to Hero [7c 5c]
941fcfc0: checks
9fd69285: folds
Hero: folds
454bc1de: calls $0.03
315e9071: checks
*** FLOP *** [5h 6c 3s]
454bc1de: checks
315e9071: checks
941fcfc0: checks
*** TURN *** [5h 6c 3s] [Kd]
454bc1de: checks
315e9071: bets $0.12
941fcfc0: calls $0.12
454bc1de: folds
*** RIVER *** [5h 6c 3s Kd] [3c]
315e9071: checks
941fcfc0: bets $0.2
315e9071: calls $0.2
941fcfc0: shows [4h Td] (Pair of Treys)
315e9071: shows [Kc 9h] (Pair of Kings and Pair of Treys)
*** SHOWDOWN ***
315e9071 collected $0.75 from pot
*** SUMMARY ***
Total pot $0.79 | Rake $0.04 | Jackpot $0 | Bingo $0 | Fortune $0
Board [5h 6c 3s Kd 3c]
Seat 2: 454bc1de (small blind) folded on the Turn
Seat 3: 315e9071 (big blind) showed [Kc 9h] and won ($0.75) with Pair of Kings and Pair of Treys
Seat 4: 941fcfc0 showed [4h Td] and lost with Pair of Treys
Seat 5: 9fd69285 folded before Flop (didn't bet)
Seat 6: Hero (button) folded before Flop (didn't bet)


Poker Hand #HD1171747026: Hold'em No Limit  ($0.02/$0.05) - 2023/03/22 22:55:18
Table 'NLHBlue73' 6-max Seat #5 is the button
Seat 2: 454bc1de ($5.94 in chips)
Seat 3: 315e9071 ($5.74 in chips)
Seat 5: 9fd69285 ($5.21 in chips)
Seat 6: Hero ($5 in chips)
Hero: posts small blind $0.02
454bc1de: posts big blind $0.05
*** HOLE CARDS ***
Dealt to 454bc1de 
Dealt to 315e9071 
Dealt to 9fd69285 
Dealt to Hero [Qs Th]
315e9071: folds
9fd69285: raises $0.07 to $0.12
Hero: folds
454bc1de: calls $0.07
*** FLOP *** [8c 9c Jd]
454bc1de: checks
9fd69285: checks
*** TURN *** [8c 9c Jd] [Jc]
454bc1de: bets $0.19
9fd69285: folds
Uncalled bet ($0.19) returned to 454bc1de
*** SHOWDOWN ***
454bc1de collected $0.25 from pot
*** SUMMARY ***
Total pot $0.26 | Rake $0.01 | Jackpot $0 | Bingo $0 | Fortune $0
Board [8c 9c Jd Jc]
Seat 2: 454bc1de (big blind) won ($0.25)
Seat 3: 315e9071 folded before Flop (didn't bet)
Seat 5: 9fd69285 (button) folded on the Turn
Seat 6: Hero (small blind) folded before Flop


Poker Hand #HD1171746923: Hold'em No Limit  ($0.02/$0.05) - 2023/03/22 22:54:28
Table 'NLHBlue73' 6-max Seat #3 is the button
Seat 2: 454bc1de ($5.94 in chips)
Seat 3: 315e9071 ($5.05 in chips)
Seat 5: 9fd69285 ($5.23 in chips)
Seat 6: Hero ($5 in chips)
9fd69285: posts small blind $0.02
Hero: posts big blind $0.05
*** HOLE CARDS ***
Dealt to 454bc1de 
Dealt to 315e9071 
Dealt to 9fd69285 
Dealt to Hero [Ad 2h]
454bc1de: folds
315e9071: raises $0.1 to $0.15
9fd69285: folds
Hero: calls $0.1
*** FLOP *** [Qd Kd 6d]
Hero: checks
315e9071: checks
*** TURN *** [Qd Kd 6d] [5h]
Hero: bets $0.16
315e9071: raises $0.48 to $0.64
Hero: calls $0.48
*** RIVER *** [Qd Kd 6d 5h] [8c]
Hero: checks
315e9071: bets $1.2
Hero: folds
Uncalled bet ($1.2) returned to 315e9071
*** SHOWDOWN ***
315e9071 collected $1.48 from pot
*** SUMMARY ***
Total pot $1.6 | Rake $0.07 | Jackpot $0.05 | Bingo $0 | Fortune $0
Board [Qd Kd 6d 5h 8c]
Seat 2: 454bc1de folded before Flop (didn't bet)
Seat 3: 315e9071 (button) won ($1.48)
Seat 5: 9fd69285 (small blind) folded before Flop
Seat 6: Hero (big blind) folded on the River


Poker Hand #HD1171746878: Hold'em No Limit  ($0.02/$0.05) - 2023/03/22 22:54:07
Table 'NLHBlue73' 6-max Seat #2 is the button
Seat 2: 454bc1de ($5.94 in chips)
Seat 3: 315e9071 ($5 in chips)
Seat 5: 9fd69285 ($5.28 in chips)
Seat 6: Hero ($5 in chips)
315e9071: posts small blind $0.02
9fd69285: posts big blind $0.05
*** HOLE CARDS ***
Dealt to 454bc1de 
Dealt to 315e9071 
Dealt to 9fd69285 
Dealt to Hero [2h Th]
Hero: folds
454bc1de: folds
315e9071: calls $0.03
9fd69285: checks
*** FLOP *** [4h 9h Qs]
315e9071: bets $0.08
9fd69285: folds
Uncalled bet ($0.08) returned to 315e9071
*** SHOWDOWN ***
315e9071 collected $0.1 from pot
*** SUMMARY ***
Total pot $0.1 | Rake $0 | Jackpot $0 | Bingo $0 | Fortune $0
Board [4h 9h Qs]
Seat 2: 454bc1de (button) folded before Flop (didn't bet)
Seat 3: 315e9071 (small blind) won ($0.1)
Seat 5: 9fd69285 (big blind) folded on the Flop
Seat 6: Hero folded before Flop (didn't bet)


Poker Hand #HD1171746696: Hold'em No Limit  ($0.02/$0.05) - 2023/03/22 22:52:43
Table 'NLHBlue73' 6-max Seat #6 is the button
Seat 2: 454bc1de ($6.16 in chips)
Seat 3: 315e9071 ($5.03 in chips)
Seat 5: 9fd69285 ($5.04 in chips)
Seat 6: Hero ($5 in chips)
454bc1de: posts small blind $0.02
315e9071: posts big blind $0.05
*** HOLE CARDS ***
Dealt to 454bc1de 
Dealt to 315e9071 
Dealt to 9fd69285 
Dealt to Hero [8d Th]
9fd69285: raises $0.07 to $0.12
Hero: folds
454bc1de: calls $0.1
315e9071: folds
*** FLOP *** [8h Js 4s]
454bc1de: checks
9fd69285: bets $0.1
454bc1de: calls $0.1
*** TURN *** [8h Js 4s] [2h]
454bc1de: checks
9fd69285: checks
*** RIVER *** [8h Js 4s 2h] [Ah]
454bc1de: checks
9fd69285: bets $0.3
454bc1de: folds
Uncalled bet ($0.3) returned to 9fd69285
*** SHOWDOWN ***
9fd69285 collected $0.46 from pot
*** SUMMARY ***
Total pot $0.49 | Rake $0.03 | Jackpot $0 | Bingo $0 | Fortune $0
Board [8h Js 4s 2h Ah]
Seat 2: 454bc1de (small blind) folded on the River
Seat 3: 315e9071 (big blind) folded before Flop
Seat 5: 9fd69285 won ($0.46)
Seat 6: Hero (button) folded before Flop (didn't bet)


Poker Hand #HD1171746677: Hold'em No Limit  ($0.02/$0.05) - 2023/03/22 22:52:33
Table 'NLHBlue73' 6-max Seat #5 is the button
Seat 2: 454bc1de ($6.14 in chips)
Seat 3: 315e9071 ($5.03 in chips)
Seat 5: 9fd69285 ($5.04 in chips)
Seat 6: Hero ($5 in chips)
Hero: posts small blind $0.02
454bc1de: posts big blind $0.05
*** HOLE CARDS ***
Dealt to 454bc1de 
Dealt to 315e9071 
Dealt to 9fd69285 
Dealt to Hero [9d 5s]
315e9071: folds
9fd69285: folds
Hero: folds
Uncalled bet ($0.03) returned to 454bc1de
*** SHOWDOWN ***
454bc1de collected $0.04 from pot
*** SUMMARY ***
Total pot $0.04 | Rake $0 | Jackpot $0 | Bingo $0 | Fortune $0
Seat 2: 454bc1de (big blind) collected ($0.04)
Seat 3: 315e9071 folded before Flop (didn't bet)
Seat 5: 9fd69285 (button) folded before Flop (didn't bet)
Seat 6: Hero (small blind) folded before Flop


Poker Hand #HD1171746658: Hold'em No Limit  ($0.02/$0.05) - 2023/03/22 22:52:23
Table 'NLHBlue73' 6-max Seat #3 is the button
Seat 2: 454bc1de ($6.14 in chips)
Seat 3: 315e9071 ($5.03 in chips)
Seat 5: 9fd69285 ($4.99 in chips)
Seat 6: Hero ($5 in chips)
9fd69285: posts small blind $0.02
Hero: posts big blind $0.05
*** HOLE CARDS ***
Dealt to 454bc1de 
Dealt to 315e9071 
Dealt to 9fd69285 
Dealt to Hero [5s 8d]
454bc1de: folds
315e9071: folds
9fd69285: raises $0.07 to $0.12
Hero: folds
Uncalled bet ($0.07) returned to 9fd69285
*** SHOWDOWN ***
9fd69285 collected $0.1 from pot
*** SUMMARY ***
Total pot $0.1 | Rake $0 | Jackpot $0 | Bingo $0 | Fortune $0
Seat 2: 454bc1de folded before Flop (didn't bet)
Seat 3: 315e9071 (button) folded before Flop (didn't bet)
Seat 5: 9fd69285 (small blind) collected ($0.1)
Seat 6: Hero (big blind) folded before Flop


