Poker Hand #HD1184969725: Hold'em No Limit  ($0.02/$0.05) - 2023/04/01 14:58:15
Table 'NLHBlue2' 6-max Seat #2 is the button
Seat 1: 6779e309 ($5.25 in chips)
Seat 2: b059b31a ($5.88 in chips)
Seat 3: d3b013c8 ($6.2 in chips)
Seat 4: 9aec7e2e ($13.25 in chips)
Seat 5: Hero ($5.14 in chips)
Seat 6: ec9b7180 ($5.16 in chips)
d3b013c8: posts small blind $0.02
9aec7e2e: posts big blind $0.05
*** HOLE CARDS ***
Dealt to 6779e309 
Dealt to b059b31a 
Dealt to d3b013c8 
Dealt to 9aec7e2e 
Dealt to Hero [Qc 8s]
Dealt to ec9b7180 
Hero: folds
ec9b7180: folds
6779e309: folds
b059b31a: folds
d3b013c8: folds
Uncalled bet ($0.03) returned to 9aec7e2e
*** SHOWDOWN ***
9aec7e2e collected $0.04 from pot
*** SUMMARY ***
Total pot $0.04 | Rake $0 | Jackpot $0 | Bingo $0 | Fortune $0
Seat 1: 6779e309 folded before Flop (didn't bet)
Seat 2: b059b31a (button) folded before Flop (didn't bet)
Seat 3: d3b013c8 (small blind) folded before Flop
Seat 4: 9aec7e2e (big blind) collected ($0.04)
Seat 5: Hero folded before Flop (didn't bet)
Seat 6: ec9b7180 folded before Flop (didn't bet)


Poker Hand #HD1184969681: Hold'em No Limit  ($0.02/$0.05) - 2023/04/01 14:57:58
Table 'NLHBlue2' 6-max Seat #1 is the button
Seat 1: 6779e309 ($5.25 in chips)
Seat 2: b059b31a ($5.9 in chips)
Seat 3: d3b013c8 ($6.25 in chips)
Seat 4: 9aec7e2e ($13.18 in chips)
Seat 5: Hero ($5.14 in chips)
Seat 6: ec9b7180 ($5.16 in chips)
b059b31a: posts small blind $0.02
d3b013c8: posts big blind $0.05
*** HOLE CARDS ***
Dealt to 6779e309 
Dealt to b059b31a 
Dealt to d3b013c8 
Dealt to 9aec7e2e 
Dealt to Hero [4s Th]
Dealt to ec9b7180 
9aec7e2e: raises $0.1 to $0.15
Hero: folds
ec9b7180: folds
6779e309: folds
b059b31a: folds
d3b013c8: folds
Uncalled bet ($0.1) returned to 9aec7e2e
*** SHOWDOWN ***
9aec7e2e collected $0.12 from pot
*** SUMMARY ***
Total pot $0.12 | Rake $0 | Jackpot $0 | Bingo $0 | Fortune $0
Seat 1: 6779e309 (button) folded before Flop (didn't bet)
Seat 2: b059b31a (small blind) folded before Flop
Seat 3: d3b013c8 (big blind) folded before Flop
Seat 4: 9aec7e2e collected ($0.12)
Seat 5: Hero folded before Flop (didn't bet)
Seat 6: ec9b7180 folded before Flop (didn't bet)


Poker Hand #HD1184969627: Hold'em No Limit  ($0.02/$0.05) - 2023/04/01 14:57:33
Table 'NLHBlue2' 6-max Seat #6 is the button
Seat 1: 6779e309 ($5.27 in chips)
Seat 2: b059b31a ($5.95 in chips)
Seat 3: d3b013c8 ($6.25 in chips)
Seat 4: 9aec7e2e ($13.18 in chips)
Seat 5: Hero ($5.07 in chips)
Seat 6: ec9b7180 ($5.16 in chips)
6779e309: posts small blind $0.02
b059b31a: posts big blind $0.05
*** HOLE CARDS ***
Dealt to 6779e309 
Dealt to b059b31a 
Dealt to d3b013c8 
Dealt to 9aec7e2e 
Dealt to Hero [Tc Qc]
Dealt to ec9b7180 
d3b013c8: folds
9aec7e2e: folds
Hero: raises $0.07 to $0.12
ec9b7180: folds
6779e309: folds
b059b31a: folds
Uncalled bet ($0.07) returned to Hero
*** SHOWDOWN ***
Hero collected $0.12 from pot
*** SUMMARY ***
Total pot $0.12 | Rake $0 | Jackpot $0 | Bingo $0 | Fortune $0
Seat 1: 6779e309 (small blind) folded before Flop
Seat 2: b059b31a (big blind) folded before Flop
Seat 3: d3b013c8 folded before Flop (didn't bet)
Seat 4: 9aec7e2e folded before Flop (didn't bet)
Seat 5: Hero collected ($0.12)
Seat 6: ec9b7180 (button) folded before Flop (didn't bet)


Poker Hand #HD1184969595: Hold'em No Limit  ($0.02/$0.05) - 2023/04/01 14:57:16
Table 'NLHBlue2' 6-max Seat #5 is the button
Seat 1: 6779e309 ($5.32 in chips)
Seat 2: b059b31a ($5.95 in chips)
Seat 3: d3b013c8 ($6.25 in chips)
Seat 4: 9aec7e2e ($13.18 in chips)
Seat 5: Hero ($5 in chips)
Seat 6: ec9b7180 ($5.18 in chips)
ec9b7180: posts small blind $0.02
6779e309: posts big blind $0.05
*** HOLE CARDS ***
Dealt to 6779e309 
Dealt to b059b31a 
Dealt to d3b013c8 
Dealt to 9aec7e2e 
Dealt to Hero [5h 5c]
Dealt to ec9b7180 
b059b31a: folds
d3b013c8: folds
9aec7e2e: folds
Hero: raises $0.07 to $0.12
ec9b7180: folds
6779e309: folds
Uncalled bet ($0.07) returned to Hero
*** SHOWDOWN ***
Hero collected $0.12 from pot
*** SUMMARY ***
Total pot $0.12 | Rake $0 | Jackpot $0 | Bingo $0 | Fortune $0
Seat 1: 6779e309 (big blind) folded before Flop
Seat 2: b059b31a folded before Flop (didn't bet)
Seat 3: d3b013c8 folded before Flop (didn't bet)
Seat 4: 9aec7e2e folded before Flop (didn't bet)
Seat 5: Hero (button) collected ($0.12)
Seat 6: ec9b7180 (small blind) folded before Flop


Poker Hand #HD1184969558: Hold'em No Limit  ($0.02/$0.05) - 2023/04/01 14:57:02
Table 'NLHBlue2' 6-max Seat #4 is the button
Seat 1: 6779e309 ($5.32 in chips)
Seat 2: b059b31a ($5.95 in chips)
Seat 3: d3b013c8 ($6.25 in chips)
Seat 4: 9aec7e2e ($13.11 in chips)
Seat 5: Hero ($5 in chips)
Seat 6: ec9b7180 ($5.23 in chips)
Hero: posts small blind $0.02
ec9b7180: posts big blind $0.05
*** HOLE CARDS ***
Dealt to 6779e309 
Dealt to b059b31a 
Dealt to d3b013c8 
Dealt to 9aec7e2e 
Dealt to Hero [9c 7h]
Dealt to ec9b7180 
6779e309: folds
b059b31a: folds
d3b013c8: folds
9aec7e2e: raises $0.1 to $0.15
Hero: folds
ec9b7180: folds
Uncalled bet ($0.1) returned to 9aec7e2e
*** SHOWDOWN ***
9aec7e2e collected $0.12 from pot
*** SUMMARY ***
Total pot $0.12 | Rake $0 | Jackpot $0 | Bingo $0 | Fortune $0
Seat 1: 6779e309 folded before Flop (didn't bet)
Seat 2: b059b31a folded before Flop (didn't bet)
Seat 3: d3b013c8 folded before Flop (didn't bet)
Seat 4: 9aec7e2e (button) collected ($0.12)
Seat 5: Hero (small blind) folded before Flop
Seat 6: ec9b7180 (big blind) folded before Flop


Poker Hand #HD1184969446: Hold'em No Limit  ($0.02/$0.05) - 2023/04/01 14:56:15
Table 'NLHBlue2' 6-max Seat #3 is the button
Seat 1: 6779e309 ($5.06 in chips)
Seat 2: b059b31a ($5.95 in chips)
Seat 3: d3b013c8 ($6.25 in chips)
Seat 4: 9aec7e2e ($13.34 in chips)
Seat 5: Hero ($5 in chips)
Seat 6: ec9b7180 ($5.23 in chips)
9aec7e2e: posts small blind $0.02
Hero: posts big blind $0.05
*** HOLE CARDS ***
Dealt to 6779e309 
Dealt to b059b31a 
Dealt to d3b013c8 
Dealt to 9aec7e2e 
Dealt to Hero [6c 3d]
Dealt to ec9b7180 
ec9b7180: folds
6779e309: raises $0.05 to $0.1
b059b31a: folds
d3b013c8: folds
9aec7e2e: calls $0.08
Hero: folds
*** FLOP *** [7c Td Qc]
9aec7e2e: checks
6779e309: bets $0.13
9aec7e2e: calls $0.13
*** TURN *** [7c Td Qc] [4h]
9aec7e2e: checks
6779e309: bets $0.26
9aec7e2e: folds
Uncalled bet ($0.26) returned to 6779e309
*** SHOWDOWN ***
6779e309 collected $0.49 from pot
*** SUMMARY ***
Total pot $0.51 | Rake $0.02 | Jackpot $0 | Bingo $0 | Fortune $0
Board [7c Td Qc 4h]
Seat 1: 6779e309 won ($0.49)
Seat 2: b059b31a folded before Flop (didn't bet)
Seat 3: d3b013c8 (button) folded before Flop (didn't bet)
Seat 4: 9aec7e2e (small blind) folded on the Turn
Seat 5: Hero (big blind) folded before Flop
Seat 6: ec9b7180 folded before Flop (didn't bet)


