Poker Hand #HD1166836824: Hold'em No Limit  ($0.02/$0.05) - 2023/03/19 13:17:52
Table 'NLHBlue58' 6-max Seat #2 is the button
Seat 1: 94b432c7 ($4.87 in chips)
Seat 2: 366eb4f ($7.33 in chips)
Seat 3: cf142da6 ($5 in chips)
Seat 4: ad0a764 ($6.16 in chips)
Seat 5: Hero ($6.86 in chips)
Seat 6: b8131d30 ($5 in chips)
cf142da6: posts small blind $0.02
ad0a764: posts big blind $0.05
*** HOLE CARDS ***
Dealt to 94b432c7 
Dealt to 366eb4f 
Dealt to cf142da6 
Dealt to ad0a764 
Dealt to Hero [5c Qc]
Dealt to b8131d30 
Hero: folds
b8131d30: folds
94b432c7: folds
366eb4f: calls $0.05
cf142da6: calls $0.03
ad0a764: checks
*** FLOP *** [5h 9c 6s]
cf142da6: checks
ad0a764: bets $0.08
366eb4f: calls $0.08
cf142da6: folds
*** TURN *** [5h 9c 6s] [9s]
ad0a764: bets $0.16
366eb4f: folds
Uncalled bet ($0.16) returned to ad0a764
*** SHOWDOWN ***
ad0a764 collected $0.3 from pot
*** SUMMARY ***
Total pot $0.31 | Rake $0.01 | Jackpot $0 | Bingo $0 | Fortune $0
Board [5h 9c 6s 9s]
Seat 1: 94b432c7 folded before Flop (didn't bet)
Seat 2: 366eb4f (button) folded on the Turn
Seat 3: cf142da6 (small blind) folded on the Flop
Seat 4: ad0a764 (big blind) won ($0.3)
Seat 5: Hero folded before Flop (didn't bet)
Seat 6: b8131d30 folded before Flop (didn't bet)


Poker Hand #HD1166836751: Hold'em No Limit  ($0.02/$0.05) - 2023/03/19 13:17:18
Table 'NLHBlue58' 6-max Seat #1 is the button
Seat 1: 94b432c7 ($4.87 in chips)
Seat 2: 366eb4f ($7.24 in chips)
Seat 3: cf142da6 ($5.07 in chips)
Seat 4: ad0a764 ($6.16 in chips)
Seat 5: Hero ($6.86 in chips)
Seat 6: b8131d30 ($5 in chips)
366eb4f: posts small blind $0.02
cf142da6: posts big blind $0.05
*** HOLE CARDS ***
Dealt to 94b432c7 
Dealt to 366eb4f 
Dealt to cf142da6 
Dealt to ad0a764 
Dealt to Hero [6d 3h]
Dealt to b8131d30 
ad0a764: folds
Hero: folds
b8131d30: folds
94b432c7: folds
366eb4f: raises $0.05 to $0.1
cf142da6: calls $0.05
*** FLOP *** [4d 3s 5c]
366eb4f: bets $0.1
cf142da6: folds
Uncalled bet ($0.1) returned to 366eb4f
*** SHOWDOWN ***
366eb4f collected $0.19 from pot
*** SUMMARY ***
Total pot $0.2 | Rake $0.01 | Jackpot $0 | Bingo $0 | Fortune $0
Board [4d 3s 5c]
Seat 1: 94b432c7 (button) folded before Flop (didn't bet)
Seat 2: 366eb4f (small blind) won ($0.19)
Seat 3: cf142da6 (big blind) folded on the Flop
Seat 4: ad0a764 folded before Flop (didn't bet)
Seat 5: Hero folded before Flop (didn't bet)
Seat 6: b8131d30 folded before Flop (didn't bet)


Poker Hand #HD1166836692: Hold'em No Limit  ($0.02/$0.05) - 2023/03/19 13:16:47
Table 'NLHBlue58' 6-max Seat #6 is the button
Seat 1: 94b432c7 ($4.77 in chips)
Seat 2: 366eb4f ($7.29 in chips)
Seat 3: cf142da6 ($5.07 in chips)
Seat 4: ad0a764 ($6.21 in chips)
Seat 5: Hero ($6.86 in chips)
Seat 6: b8131d30 ($5 in chips)
94b432c7: posts small blind $0.02
366eb4f: posts big blind $0.05
*** HOLE CARDS ***
Dealt to 94b432c7 
Dealt to 366eb4f 
Dealt to cf142da6 
Dealt to ad0a764 
Dealt to Hero [6h 9s]
Dealt to b8131d30 
cf142da6: folds
ad0a764: calls $0.05
Hero: folds
b8131d30: folds
94b432c7: calls $0.03
366eb4f: checks
*** FLOP *** [Kh 5c Ac]
94b432c7: checks
366eb4f: checks
ad0a764: checks
*** TURN *** [Kh 5c Ac] [Js]
94b432c7: bets $0.08
366eb4f: folds
ad0a764: folds
Uncalled bet ($0.08) returned to 94b432c7
*** SHOWDOWN ***
94b432c7 collected $0.15 from pot
*** SUMMARY ***
Total pot $0.15 | Rake $0 | Jackpot $0 | Bingo $0 | Fortune $0
Board [Kh 5c Ac Js]
Seat 1: 94b432c7 (small blind) won ($0.15)
Seat 2: 366eb4f (big blind) folded on the Turn
Seat 3: cf142da6 folded before Flop (didn't bet)
Seat 4: ad0a764 folded on the Turn
Seat 5: Hero folded before Flop (didn't bet)
Seat 6: b8131d30 (button) folded before Flop (didn't bet)


Poker Hand #HD1166836619: Hold'em No Limit  ($0.02/$0.05) - 2023/03/19 13:16:12
Table 'NLHBlue58' 6-max Seat #5 is the button
Seat 1: 94b432c7 ($4.82 in chips)
Seat 2: 366eb4f ($7.29 in chips)
Seat 3: cf142da6 ($5.07 in chips)
Seat 4: ad0a764 ($6.14 in chips)
Seat 5: Hero ($6.86 in chips)
Seat 6: b8131d30 ($5 in chips)
b8131d30: posts small blind $0.02
94b432c7: posts big blind $0.05
*** HOLE CARDS ***
Dealt to 94b432c7 
Dealt to 366eb4f 
Dealt to cf142da6 
Dealt to ad0a764 
Dealt to Hero [9d 8c]
Dealt to b8131d30 
366eb4f: folds
cf142da6: folds
ad0a764: calls $0.05
Hero: folds
b8131d30: folds
94b432c7: checks
*** FLOP *** [7s 3d 9s]
94b432c7: checks
ad0a764: checks
*** TURN *** [7s 3d 9s] [7h]
94b432c7: checks
ad0a764: checks
*** RIVER *** [7s 3d 9s 7h] [Tc]
94b432c7: checks
ad0a764: bets $0.06
94b432c7: folds
Uncalled bet ($0.06) returned to ad0a764
*** SHOWDOWN ***
ad0a764 collected $0.12 from pot
*** SUMMARY ***
Total pot $0.12 | Rake $0 | Jackpot $0 | Bingo $0 | Fortune $0
Board [7s 3d 9s 7h Tc]
Seat 1: 94b432c7 (big blind) folded on the River
Seat 2: 366eb4f folded before Flop (didn't bet)
Seat 3: cf142da6 folded before Flop (didn't bet)
Seat 4: ad0a764 won ($0.12)
Seat 5: Hero (button) folded before Flop (didn't bet)
Seat 6: b8131d30 (small blind) folded before Flop


Poker Hand #HD1166836580: Hold'em No Limit  ($0.02/$0.05) - 2023/03/19 13:15:51
Table 'NLHBlue58' 6-max Seat #4 is the button
Seat 1: 94b432c7 ($4.82 in chips)
Seat 2: 366eb4f ($7.22 in chips)
Seat 3: cf142da6 ($5.07 in chips)
Seat 4: ad0a764 ($6.14 in chips)
Seat 5: Hero ($6.88 in chips)
Seat 6: b8131d30 ($5 in chips)
Hero: posts small blind $0.02
b8131d30: posts big blind $0.05
*** HOLE CARDS ***
Dealt to 94b432c7 
Dealt to 366eb4f 
Dealt to cf142da6 
Dealt to ad0a764 
Dealt to Hero [3d As]
Dealt to b8131d30 
94b432c7: folds
366eb4f: raises $0.05 to $0.1
cf142da6: folds
ad0a764: folds
Hero: folds
b8131d30: folds
Uncalled bet ($0.05) returned to 366eb4f
*** SHOWDOWN ***
366eb4f collected $0.12 from pot
*** SUMMARY ***
Total pot $0.12 | Rake $0 | Jackpot $0 | Bingo $0 | Fortune $0
Seat 1: 94b432c7 folded before Flop (didn't bet)
Seat 2: 366eb4f collected ($0.12)
Seat 3: cf142da6 folded before Flop (didn't bet)
Seat 4: ad0a764 (button) folded before Flop (didn't bet)
Seat 5: Hero (small blind) folded before Flop
Seat 6: b8131d30 (big blind) folded before Flop


Poker Hand #HD1166836493: Hold'em No Limit  ($0.02/$0.05) - 2023/03/19 13:15:09
Table 'NLHBlue58' 6-max Seat #3 is the button
Seat 1: 94b432c7 ($4.82 in chips)
Seat 2: 366eb4f ($7.27 in chips)
Seat 3: cf142da6 ($5.07 in chips)
Seat 4: ad0a764 ($6.27 in chips)
Seat 5: Hero ($6.71 in chips)
Seat 6: b8131d30 ($5 in chips)
ad0a764: posts small blind $0.02
Hero: posts big blind $0.05
*** HOLE CARDS ***
Dealt to 94b432c7 
Dealt to 366eb4f 
Dealt to cf142da6 
Dealt to ad0a764 
Dealt to Hero [Ts Qd]
Dealt to b8131d30 
b8131d30: folds
94b432c7: folds
366eb4f: calls $0.05
cf142da6: folds
ad0a764: calls $0.03
Hero: checks
*** FLOP *** [Qh 6h 5s]
ad0a764: checks
Hero: bets $0.08
366eb4f: folds
ad0a764: calls $0.08
*** TURN *** [Qh 6h 5s] [Ks]
ad0a764: checks
Hero: checks
*** RIVER *** [Qh 6h 5s Ks] [2s]
ad0a764: checks
Hero: checks
ad0a764: shows [Jh 4h] (King-High)
Hero: shows [Ts Qd] (Pair of Queens)
*** SHOWDOWN ***
Hero collected $0.3 from pot
*** SUMMARY ***
Total pot $0.31 | Rake $0.01 | Jackpot $0 | Bingo $0 | Fortune $0
Board [Qh 6h 5s Ks 2s]
Seat 1: 94b432c7 folded before Flop (didn't bet)
Seat 2: 366eb4f folded on the Flop
Seat 3: cf142da6 (button) folded before Flop (didn't bet)
Seat 4: ad0a764 (small blind) showed [Jh 4h] and lost with King-High
Seat 5: Hero (big blind) showed [Ts Qd] and won ($0.3) with Pair of Queens
Seat 6: b8131d30 folded before Flop (didn't bet)


Poker Hand #HD1166836458: Hold'em No Limit  ($0.02/$0.05) - 2023/03/19 13:14:54
Table 'NLHBlue58' 6-max Seat #2 is the button
Seat 1: 94b432c7 ($4.82 in chips)
Seat 2: 366eb4f ($7.27 in chips)
Seat 3: cf142da6 ($5.09 in chips)
Seat 4: ad0a764 ($6.32 in chips)
Seat 5: Hero ($6.64 in chips)
Seat 6: b8131d30 ($5 in chips)
cf142da6: posts small blind $0.02
ad0a764: posts big blind $0.05
*** HOLE CARDS ***
Dealt to 94b432c7 
Dealt to 366eb4f 
Dealt to cf142da6 
Dealt to ad0a764 
Dealt to Hero [6c 6d]
Dealt to b8131d30 
Hero: raises $0.07 to $0.12
b8131d30: folds
94b432c7: folds
366eb4f: folds
cf142da6: folds
ad0a764: folds
Uncalled bet ($0.07) returned to Hero
*** SHOWDOWN ***
Hero collected $0.12 from pot
*** SUMMARY ***
Total pot $0.12 | Rake $0 | Jackpot $0 | Bingo $0 | Fortune $0
Seat 1: 94b432c7 folded before Flop (didn't bet)
Seat 2: 366eb4f (button) folded before Flop (didn't bet)
Seat 3: cf142da6 (small blind) folded before Flop
Seat 4: ad0a764 (big blind) folded before Flop
Seat 5: Hero collected ($0.12)
Seat 6: b8131d30 folded before Flop (didn't bet)


Poker Hand #HD1166836283: Hold'em No Limit  ($0.02/$0.05) - 2023/03/19 13:13:30
Table 'NLHBlue58' 6-max Seat #1 is the button
Seat 1: 94b432c7 ($4.82 in chips)
Seat 2: 366eb4f ($7.29 in chips)
Seat 3: cf142da6 ($5.14 in chips)
Seat 4: ad0a764 ($4.53 in chips)
Seat 5: Hero ($7.18 in chips)
Seat 6: b8131d30 ($5.46 in chips)
366eb4f: posts small blind $0.02
cf142da6: posts big blind $0.05
*** HOLE CARDS ***
Dealt to 94b432c7 
Dealt to 366eb4f 
Dealt to cf142da6 
Dealt to ad0a764 
Dealt to Hero [Td Qd]
Dealt to b8131d30 
ad0a764: calls $0.05
Hero: raises $0.15 to $0.2
b8131d30: calls $0.2
94b432c7: folds
366eb4f: folds
cf142da6: folds
ad0a764: calls $0.15
*** FLOP *** [Jh Ad 6c]
ad0a764: checks
Hero: checks
b8131d30: bets $0.34
ad0a764: calls $0.34
Hero: calls $0.34
*** TURN *** [Jh Ad 6c] [2s]
ad0a764: checks
Hero: checks
b8131d30: bets $0.85
ad0a764: raises $1.12 to $1.97
Hero: folds
b8131d30: folds
Uncalled bet ($1.12) returned to ad0a764
*** SHOWDOWN ***
ad0a764 collected $3.18 from pot
*** SUMMARY ***
Total pot $3.39 | Rake $0.16 | Jackpot $0.05 | Bingo $0 | Fortune $0
Board [Jh Ad 6c 2s]
Seat 1: 94b432c7 (button) folded before Flop (didn't bet)
Seat 2: 366eb4f (small blind) folded before Flop
Seat 3: cf142da6 (big blind) folded before Flop
Seat 4: ad0a764 won ($3.18)
Seat 5: Hero folded on the Turn
Seat 6: b8131d30 folded on the Turn


Poker Hand #HD1166836206: Hold'em No Limit  ($0.02/$0.05) - 2023/03/19 13:12:52
Table 'NLHBlue58' 6-max Seat #6 is the button
Seat 1: 94b432c7 ($4.97 in chips)
Seat 2: 366eb4f ($7.1 in chips)
Seat 3: cf142da6 ($5.14 in chips)
Seat 4: ad0a764 ($4.58 in chips)
Seat 5: Hero ($7.18 in chips)
Seat 6: b8131d30 ($5.46 in chips)
94b432c7: posts small blind $0.02
366eb4f: posts big blind $0.05
*** HOLE CARDS ***
Dealt to 94b432c7 
Dealt to 366eb4f 
Dealt to cf142da6 
Dealt to ad0a764 
Dealt to Hero [Tc 2d]
Dealt to b8131d30 
cf142da6: folds
ad0a764: calls $0.05
Hero: folds
b8131d30: folds
94b432c7: calls $0.03
366eb4f: checks
*** FLOP *** [5c Kc Kh]
94b432c7: checks
366eb4f: checks
ad0a764: checks
*** TURN *** [5c Kc Kh] [Jc]
94b432c7: bets $0.1
366eb4f: calls $0.1
ad0a764: folds
*** RIVER *** [5c Kc Kh Jc] [6c]
94b432c7: checks
366eb4f: checks
94b432c7: shows [9d Jd] (Pair of Kings and Pair of Jacks)
366eb4f: shows [4h Kd] (Three Kings)
*** SHOWDOWN ***
366eb4f collected $0.34 from pot
*** SUMMARY ***
Total pot $0.35 | Rake $0.01 | Jackpot $0 | Bingo $0 | Fortune $0
Board [5c Kc Kh Jc 6c]
Seat 1: 94b432c7 (small blind) showed [9d Jd] and lost with Pair of Kings and Pair of Jacks
Seat 2: 366eb4f (big blind) showed [4h Kd] and won ($0.34) with Three Kings
Seat 3: cf142da6 folded before Flop (didn't bet)
Seat 4: ad0a764 folded on the Turn
Seat 5: Hero folded before Flop (didn't bet)
Seat 6: b8131d30 (button) folded before Flop (didn't bet)


Poker Hand #HD1166836130: Hold'em No Limit  ($0.02/$0.05) - 2023/03/19 13:12:15
Table 'NLHBlue58' 6-max Seat #5 is the button
Seat 1: 94b432c7 ($5.02 in chips)
Seat 2: 366eb4f ($7.1 in chips)
Seat 3: cf142da6 ($5.14 in chips)
Seat 4: ad0a764 ($4.78 in chips)
Seat 5: Hero ($6.93 in chips)
Seat 6: b8131d30 ($5.48 in chips)
b8131d30: posts small blind $0.02
94b432c7: posts big blind $0.05
*** HOLE CARDS ***
Dealt to 94b432c7 
Dealt to 366eb4f 
Dealt to cf142da6 
Dealt to ad0a764 
Dealt to Hero [Ah Td]
Dealt to b8131d30 
366eb4f: folds
cf142da6: folds
ad0a764: calls $0.05
Hero: raises $0.15 to $0.2
b8131d30: folds
94b432c7: folds
ad0a764: calls $0.15
*** FLOP *** [Ks Kc Js]
ad0a764: checks
Hero: bets $0.16
ad0a764: folds
Uncalled bet ($0.16) returned to Hero
*** SHOWDOWN ***
Hero collected $0.45 from pot
*** SUMMARY ***
Total pot $0.47 | Rake $0.02 | Jackpot $0 | Bingo $0 | Fortune $0
Board [Ks Kc Js]
Seat 1: 94b432c7 (big blind) folded before Flop
Seat 2: 366eb4f folded before Flop (didn't bet)
Seat 3: cf142da6 folded before Flop (didn't bet)
Seat 4: ad0a764 folded on the Flop
Seat 5: Hero (button) won ($0.45)
Seat 6: b8131d30 (small blind) folded before Flop


Poker Hand #HD1166836031: Hold'em No Limit  ($0.02/$0.05) - 2023/03/19 13:11:31
Table 'NLHBlue58' 6-max Seat #4 is the button
Seat 1: 94b432c7 ($5.02 in chips)
Seat 2: 366eb4f ($7.2 in chips)
Seat 3: cf142da6 ($5.14 in chips)
Seat 4: ad0a764 ($4.88 in chips)
Seat 5: Hero ($6.69 in chips)
Seat 6: b8131d30 ($5.53 in chips)
Hero: posts small blind $0.02
b8131d30: posts big blind $0.05
*** HOLE CARDS ***
Dealt to 94b432c7 
Dealt to 366eb4f 
Dealt to cf142da6 
Dealt to ad0a764 
Dealt to Hero [Qc Qh]
Dealt to b8131d30 
94b432c7: folds
366eb4f: raises $0.05 to $0.1
cf142da6: folds
ad0a764: calls $0.1
Hero: raises $0.58 to $0.68
b8131d30: folds
366eb4f: folds
ad0a764: folds
Uncalled bet ($0.58) returned to Hero
*** SHOWDOWN ***
Hero collected $0.34 from pot
*** SUMMARY ***
Total pot $0.35 | Rake $0.01 | Jackpot $0 | Bingo $0 | Fortune $0
Seat 1: 94b432c7 folded before Flop (didn't bet)
Seat 2: 366eb4f folded before Flop
Seat 3: cf142da6 folded before Flop (didn't bet)
Seat 4: ad0a764 (button) folded before Flop
Seat 5: Hero (small blind) collected ($0.34)
Seat 6: b8131d30 (big blind) folded before Flop


Poker Hand #HD1166835945: Hold'em No Limit  ($0.02/$0.05) - 2023/03/19 13:10:53
Table 'NLHBlue58' 6-max Seat #3 is the button
Seat 1: 94b432c7 ($5.02 in chips)
Seat 2: 366eb4f ($7.25 in chips)
Seat 3: cf142da6 ($5 in chips)
Seat 4: ad0a764 ($4.93 in chips)
Seat 5: Hero ($6.74 in chips)
Seat 6: b8131d30 ($5.53 in chips)
ad0a764: posts small blind $0.02
Hero: posts big blind $0.05
*** HOLE CARDS ***
Dealt to 94b432c7 
Dealt to 366eb4f 
Dealt to cf142da6 
Dealt to ad0a764 
Dealt to Hero [2s 6d]
Dealt to b8131d30 
b8131d30: folds
94b432c7: folds
366eb4f: calls $0.05
cf142da6: calls $0.05
ad0a764: calls $0.03
Hero: checks
*** FLOP *** [7d Jc 2d]
ad0a764: checks
Hero: checks
366eb4f: checks
cf142da6: bets $0.1
ad0a764: folds
Hero: folds
366eb4f: folds
Uncalled bet ($0.1) returned to cf142da6
*** SHOWDOWN ***
cf142da6 collected $0.19 from pot
*** SUMMARY ***
Total pot $0.2 | Rake $0.01 | Jackpot $0 | Bingo $0 | Fortune $0
Board [7d Jc 2d]
Seat 1: 94b432c7 folded before Flop (didn't bet)
Seat 2: 366eb4f folded on the Flop
Seat 3: cf142da6 (button) won ($0.19)
Seat 4: ad0a764 (small blind) folded on the Flop
Seat 5: Hero (big blind) folded on the Flop
Seat 6: b8131d30 folded before Flop (didn't bet)


Poker Hand #HD1166835924: Hold'em No Limit  ($0.02/$0.05) - 2023/03/19 13:10:38
Table 'NLHBlue58' 6-max Seat #2 is the button
Seat 1: 94b432c7 ($4.95 in chips)
Seat 2: 366eb4f ($7.25 in chips)
Seat 3: cf142da6 ($5 in chips)
Seat 4: ad0a764 ($4.98 in chips)
Seat 5: Hero ($6.74 in chips)
Seat 6: b8131d30 ($5.53 in chips)
cf142da6: posts small blind $0.02
ad0a764: posts big blind $0.05
*** HOLE CARDS ***
Dealt to 94b432c7 
Dealt to 366eb4f 
Dealt to cf142da6 
Dealt to ad0a764 
Dealt to Hero [Kh 6c]
Dealt to b8131d30 
Hero: folds
b8131d30: folds
94b432c7: raises $0.1 to $0.15
366eb4f: folds
cf142da6: folds
ad0a764: folds
Uncalled bet ($0.1) returned to 94b432c7
*** SHOWDOWN ***
94b432c7 collected $0.12 from pot
*** SUMMARY ***
Total pot $0.12 | Rake $0 | Jackpot $0 | Bingo $0 | Fortune $0
Seat 1: 94b432c7 collected ($0.12)
Seat 2: 366eb4f (button) folded before Flop (didn't bet)
Seat 3: cf142da6 (small blind) folded before Flop
Seat 4: ad0a764 (big blind) folded before Flop
Seat 5: Hero folded before Flop (didn't bet)
Seat 6: b8131d30 folded before Flop (didn't bet)


Poker Hand #HD1166835869: Hold'em No Limit  ($0.02/$0.05) - 2023/03/19 13:10:15
Table 'NLHBlue58' 6-max Seat #1 is the button
Seat 1: 94b432c7 ($4.95 in chips)
Seat 2: 366eb4f ($7.16 in chips)
Seat 3: cf142da6 ($5 in chips)
Seat 4: ad0a764 ($4.98 in chips)
Seat 5: Hero ($6.74 in chips)
Seat 6: b8131d30 ($5.53 in chips)
366eb4f: posts small blind $0.02
cf142da6: posts big blind $0.05
*** HOLE CARDS ***
Dealt to 94b432c7 
Dealt to 366eb4f 
Dealt to cf142da6 
Dealt to ad0a764 
Dealt to Hero [7d 5d]
Dealt to b8131d30 
ad0a764: folds
Hero: folds
b8131d30: folds
94b432c7: folds
366eb4f: raises $0.05 to $0.1
cf142da6: calls $0.05
*** FLOP *** [5h Ks 2d]
366eb4f: checks
cf142da6: checks
*** TURN *** [5h Ks 2d] [2h]
366eb4f: bets $0.07
cf142da6: folds
Uncalled bet ($0.07) returned to 366eb4f
*** SHOWDOWN ***
366eb4f collected $0.19 from pot
*** SUMMARY ***
Total pot $0.2 | Rake $0.01 | Jackpot $0 | Bingo $0 | Fortune $0
Board [5h Ks 2d 2h]
Seat 1: 94b432c7 (button) folded before Flop (didn't bet)
Seat 2: 366eb4f (small blind) won ($0.19)
Seat 3: cf142da6 (big blind) folded on the Turn
Seat 4: ad0a764 folded before Flop (didn't bet)
Seat 5: Hero folded before Flop (didn't bet)
Seat 6: b8131d30 folded before Flop (didn't bet)


Poker Hand #HD1166835687: Hold'em No Limit  ($0.02/$0.05) - 2023/03/19 13:08:38
Table 'NLHBlue58' 6-max Seat #6 is the button
Seat 1: 94b432c7 ($5.09 in chips)
Seat 2: 366eb4f ($7.21 in chips)
Seat 3: cf142da6 ($5 in chips)
Seat 4: ad0a764 ($5.36 in chips)
Seat 5: Hero ($6.74 in chips)
Seat 6: b8131d30 ($5 in chips)
94b432c7: posts small blind $0.02
366eb4f: posts big blind $0.05
*** HOLE CARDS ***
Dealt to 94b432c7 
Dealt to 366eb4f 
Dealt to cf142da6 
Dealt to ad0a764 
Dealt to Hero [Td 7s]
Dealt to b8131d30 
cf142da6: folds
ad0a764: calls $0.05
Hero: folds
b8131d30: raises $0.09 to $0.14
94b432c7: calls $0.12
366eb4f: folds
ad0a764: calls $0.09
*** FLOP *** [9s 5c Tc]
94b432c7: checks
ad0a764: checks
b8131d30: checks
*** TURN *** [9s 5c Tc] [Qh]
94b432c7: checks
ad0a764: checks
b8131d30: bets $0.24
94b432c7: folds
ad0a764: calls $0.24
*** RIVER *** [9s 5c Tc Qh] [3s]
ad0a764: checks
b8131d30: bets $0.72
ad0a764: folds
Uncalled bet ($0.72) returned to b8131d30
*** SHOWDOWN ***
b8131d30 collected $0.91 from pot
*** SUMMARY ***
Total pot $0.95 | Rake $0.04 | Jackpot $0 | Bingo $0 | Fortune $0
Board [9s 5c Tc Qh 3s]
Seat 1: 94b432c7 (small blind) folded on the Turn
Seat 2: 366eb4f (big blind) folded before Flop
Seat 3: cf142da6 folded before Flop (didn't bet)
Seat 4: ad0a764 folded on the River
Seat 5: Hero folded before Flop (didn't bet)
Seat 6: b8131d30 (button) won ($0.91)


Poker Hand #HD1166835656: Hold'em No Limit  ($0.02/$0.05) - 2023/03/19 13:08:20
Table 'NLHBlue58' 6-max Seat #5 is the button
Seat 1: 94b432c7 ($5.14 in chips)
Seat 2: 366eb4f ($7.14 in chips)
Seat 3: cf142da6 ($5 in chips)
Seat 4: ad0a764 ($5.36 in chips)
Seat 5: Hero ($6.74 in chips)
Seat 6: b8131d30 ($5 in chips)
b8131d30: posts small blind $0.02
94b432c7: posts big blind $0.05
*** HOLE CARDS ***
Dealt to 94b432c7 
Dealt to 366eb4f 
Dealt to cf142da6 
Dealt to ad0a764 
Dealt to Hero [7c 5d]
Dealt to b8131d30 
366eb4f: raises $0.1 to $0.15
cf142da6: folds
ad0a764: folds
Hero: folds
b8131d30: folds
94b432c7: folds
Uncalled bet ($0.1) returned to 366eb4f
*** SHOWDOWN ***
366eb4f collected $0.12 from pot
*** SUMMARY ***
Total pot $0.12 | Rake $0 | Jackpot $0 | Bingo $0 | Fortune $0
Seat 1: 94b432c7 (big blind) folded before Flop
Seat 2: 366eb4f collected ($0.12)
Seat 3: cf142da6 folded before Flop (didn't bet)
Seat 4: ad0a764 folded before Flop (didn't bet)
Seat 5: Hero (button) folded before Flop (didn't bet)
Seat 6: b8131d30 (small blind) folded before Flop


Poker Hand #HD1166735619: Hold'em No Limit  ($0.02/$0.05) - 2023/03/19 13:08:02
Table 'NLHBlue58' 6-max Seat #4 is the button
Seat 1: 94b432c7 ($5.14 in chips)
Seat 2: 366eb4f ($7.07 in chips)
Seat 3: cf142da6 ($5 in chips)
Seat 4: ad0a764 ($5.36 in chips)
Seat 5: Hero ($6.76 in chips)
Seat 6: b8131d30 ($5 in chips)
Hero: posts small blind $0.02
b8131d30: posts big blind $0.05
*** HOLE CARDS ***
Dealt to 94b432c7 
Dealt to 366eb4f 
Dealt to cf142da6 
Dealt to ad0a764 
Dealt to Hero [3c Js]
Dealt to b8131d30 
94b432c7: folds
366eb4f: raises $0.1 to $0.15
cf142da6: folds
ad0a764: folds
Hero: folds
b8131d30: folds
Uncalled bet ($0.1) returned to 366eb4f
*** SHOWDOWN ***
366eb4f collected $0.12 from pot
*** SUMMARY ***
Total pot $0.12 | Rake $0 | Jackpot $0 | Bingo $0 | Fortune $0
Seat 1: 94b432c7 folded before Flop (didn't bet)
Seat 2: 366eb4f collected ($0.12)
Seat 3: cf142da6 folded before Flop (didn't bet)
Seat 4: ad0a764 (button) folded before Flop (didn't bet)
Seat 5: Hero (small blind) folded before Flop
Seat 6: b8131d30 (big blind) folded before Flop


Poker Hand #HD1166735523: Hold'em No Limit  ($0.02/$0.05) - 2023/03/19 13:07:11
Table 'NLHBlue58' 6-max Seat #3 is the button
Seat 1: 94b432c7 ($5.29 in chips)
Seat 2: 366eb4f ($7.07 in chips)
Seat 3: cf142da6 ($5.01 in chips)
Seat 4: ad0a764 ($5.03 in chips)
Seat 5: Hero ($6.81 in chips)
Seat 6: b8131d30 ($5 in chips)
ad0a764: posts small blind $0.02
Hero: posts big blind $0.05
*** HOLE CARDS ***
Dealt to 94b432c7 
Dealt to 366eb4f 
Dealt to cf142da6 
Dealt to ad0a764 
Dealt to Hero [9s 7d]
Dealt to b8131d30 
b8131d30: folds
94b432c7: calls $0.05
366eb4f: folds
cf142da6: calls $0.05
ad0a764: raises $0.1 to $0.15
Hero: folds
94b432c7: calls $0.1
cf142da6: calls $0.1
*** FLOP *** [Tc Ah 9h]
ad0a764: bets $0.38
94b432c7: folds
cf142da6: folds
Uncalled bet ($0.38) returned to ad0a764
*** SHOWDOWN ***
ad0a764 collected $0.48 from pot
*** SUMMARY ***
Total pot $0.5 | Rake $0.02 | Jackpot $0 | Bingo $0 | Fortune $0
Board [Tc Ah 9h]
Seat 1: 94b432c7 folded on the Flop
Seat 2: 366eb4f folded before Flop (didn't bet)
Seat 3: cf142da6 (button) folded on the Flop
Seat 4: ad0a764 (small blind) won ($0.48)
Seat 5: Hero (big blind) folded before Flop
Seat 6: b8131d30 folded before Flop (didn't bet)


Poker Hand #HD1166735397: Hold'em No Limit  ($0.02/$0.05) - 2023/03/19 13:06:08
Table 'NLHBlue58' 6-max Seat #2 is the button
Seat 1: 94b432c7 ($5 in chips)
Seat 2: 366eb4f ($7.07 in chips)
Seat 3: cf142da6 ($5.03 in chips)
Seat 4: ad0a764 ($5.08 in chips)
Seat 5: Hero ($6.93 in chips)
Seat 6: b8131d30 ($5 in chips)
cf142da6: posts small blind $0.02
ad0a764: posts big blind $0.05
*** HOLE CARDS ***
Dealt to 94b432c7 
Dealt to 366eb4f 
Dealt to cf142da6 
Dealt to ad0a764 
Dealt to Hero [2h 2d]
Dealt to b8131d30 
Hero: raises $0.07 to $0.12
b8131d30: calls $0.12
94b432c7: calls $0.12
366eb4f: folds
cf142da6: folds
ad0a764: folds
*** FLOP *** [3s 3d 4c]
Hero: checks
b8131d30: checks
94b432c7: checks
*** TURN *** [3s 3d 4c] [Ad]
Hero: checks
b8131d30: checks
94b432c7: checks
*** RIVER *** [3s 3d 4c Ad] [9d]
Hero: checks
b8131d30: checks
94b432c7: bets $0.33
Hero: folds
b8131d30: folds
Uncalled bet ($0.33) returned to 94b432c7
*** SHOWDOWN ***
94b432c7 collected $0.41 from pot
*** SUMMARY ***
Total pot $0.43 | Rake $0.02 | Jackpot $0 | Bingo $0 | Fortune $0
Board [3s 3d 4c Ad 9d]
Seat 1: 94b432c7 won ($0.41)
Seat 2: 366eb4f (button) folded before Flop (didn't bet)
Seat 3: cf142da6 (small blind) folded before Flop
Seat 4: ad0a764 (big blind) folded before Flop
Seat 5: Hero folded on the River
Seat 6: b8131d30 folded on the River


Poker Hand #HD1166735296: Hold'em No Limit  ($0.02/$0.05) - 2023/03/19 13:05:16
Table 'NLHBlue58' 6-max Seat #1 is the button
Seat 1: 94b432c7 ($2.92 in chips)
Seat 2: 366eb4f ($7.09 in chips)
Seat 3: cf142da6 ($5.02 in chips)
Seat 4: ad0a764 ($5.01 in chips)
Seat 5: Hero ($6.93 in chips)
Seat 6: b8131d30 ($5 in chips)
366eb4f: posts small blind $0.02
cf142da6: posts big blind $0.05
*** HOLE CARDS ***
Dealt to 94b432c7 
Dealt to 366eb4f 
Dealt to cf142da6 
Dealt to ad0a764 
Dealt to Hero [4s 8c]
Dealt to b8131d30 
ad0a764: calls $0.05
Hero: folds
b8131d30: folds
94b432c7: folds
366eb4f: folds
cf142da6: checks
*** FLOP *** [4d Qs Qc]
cf142da6: checks
ad0a764: bets $0.06
cf142da6: folds
Uncalled bet ($0.06) returned to ad0a764
*** SHOWDOWN ***
ad0a764 collected $0.12 from pot
*** SUMMARY ***
Total pot $0.12 | Rake $0 | Jackpot $0 | Bingo $0 | Fortune $0
Board [4d Qs Qc]
Seat 1: 94b432c7 (button) folded before Flop (didn't bet)
Seat 2: 366eb4f (small blind) folded before Flop
Seat 3: cf142da6 (big blind) folded on the Flop
Seat 4: ad0a764 won ($0.12)
Seat 5: Hero folded before Flop (didn't bet)
Seat 6: b8131d30 folded before Flop (didn't bet)


Poker Hand #HD1166735175: Hold'em No Limit  ($0.02/$0.05) - 2023/03/19 13:04:15
Table 'NLHBlue58' 6-max Seat #6 is the button
Seat 1: 94b432c7 ($4.88 in chips)
Seat 2: 366eb4f ($7.14 in chips)
Seat 3: cf142da6 ($5.07 in chips)
Seat 4: ad0a764 ($5.06 in chips)
Seat 5: Hero ($5.07 in chips)
Seat 6: b8131d30 ($5 in chips)
94b432c7: posts small blind $0.02
366eb4f: posts big blind $0.05
*** HOLE CARDS ***
Dealt to 94b432c7 
Dealt to 366eb4f 
Dealt to cf142da6 
Dealt to ad0a764 
Dealt to Hero [Ad Js]
Dealt to b8131d30 
cf142da6: calls $0.05
ad0a764: calls $0.05
Hero: raises $0.21 to $0.26
b8131d30: folds
94b432c7: calls $0.24
366eb4f: folds
cf142da6: folds
ad0a764: folds
*** FLOP *** [7s As 9h]
94b432c7: checks
Hero: bets $0.34
94b432c7: raises $0.34 to $0.68
Hero: calls $0.34
*** TURN *** [7s As 9h] [2c]
94b432c7: bets $1.02
Hero: calls $1.02
*** RIVER *** [7s As 9h 2c] [5d]
94b432c7: checks
Hero: checks
94b432c7: shows [Th Td] (Pair of Tens)
Hero: shows [Ad Js] (Pair of Aces)
*** SHOWDOWN ***
Hero collected $3.82 from pot
*** SUMMARY ***
Total pot $4.07 | Rake $0.2 | Jackpot $0.05 | Bingo $0 | Fortune $0
Board [7s As 9h 2c 5d]
Seat 1: 94b432c7 (small blind) showed [Th Td] and lost with Pair of Tens
Seat 2: 366eb4f (big blind) folded before Flop
Seat 3: cf142da6 folded before Flop
Seat 4: ad0a764 folded before Flop
Seat 5: Hero showed [Ad Js] and won ($3.82) with Pair of Aces
Seat 6: b8131d30 (button) folded before Flop (didn't bet)


Poker Hand #HD1166735134: Hold'em No Limit  ($0.02/$0.05) - 2023/03/19 13:03:50
Table 'NLHBlue58' 6-max Seat #5 is the button
Seat 1: 94b432c7 ($4.81 in chips)
Seat 2: 366eb4f ($7.14 in chips)
Seat 3: cf142da6 ($5.07 in chips)
Seat 4: ad0a764 ($5.11 in chips)
Seat 5: Hero ($5.07 in chips)
Seat 6: b8131d30 ($5 in chips)
b8131d30: posts small blind $0.02
94b432c7: posts big blind $0.05
*** HOLE CARDS ***
Dealt to 94b432c7 
Dealt to 366eb4f 
Dealt to cf142da6 
Dealt to ad0a764 
Dealt to Hero [8s 6h]
Dealt to b8131d30 
366eb4f: folds
cf142da6: folds
ad0a764: calls $0.05
Hero: folds
b8131d30: folds
94b432c7: checks
*** FLOP *** [7s Tc 5s]
94b432c7: checks
ad0a764: checks
*** TURN *** [7s Tc 5s] [7c]
94b432c7: bets $0.06
ad0a764: folds
Uncalled bet ($0.06) returned to 94b432c7
*** SHOWDOWN ***
94b432c7 collected $0.12 from pot
*** SUMMARY ***
Total pot $0.12 | Rake $0 | Jackpot $0 | Bingo $0 | Fortune $0
Board [7s Tc 5s 7c]
Seat 1: 94b432c7 (big blind) won ($0.12)
Seat 2: 366eb4f folded before Flop (didn't bet)
Seat 3: cf142da6 folded before Flop (didn't bet)
Seat 4: ad0a764 folded on the Turn
Seat 5: Hero (button) folded before Flop (didn't bet)
Seat 6: b8131d30 (small blind) folded before Flop


Poker Hand #HD1166735089: Hold'em No Limit  ($0.02/$0.05) - 2023/03/19 13:03:28
Table 'NLHBlue58' 6-max Seat #4 is the button
Seat 1: 94b432c7 ($4.81 in chips)
Seat 2: 366eb4f ($7.14 in chips)
Seat 3: cf142da6 ($5 in chips)
Seat 4: ad0a764 ($5.11 in chips)
Seat 5: Hero ($5.09 in chips)
Seat 6: b8131d30 ($5 in chips)
Hero: posts small blind $0.02
b8131d30: posts big blind $0.05
*** HOLE CARDS ***
Dealt to 94b432c7 
Dealt to 366eb4f 
Dealt to cf142da6 
Dealt to ad0a764 
Dealt to Hero [Kd 8s]
Dealt to b8131d30 
94b432c7: folds
366eb4f: folds
cf142da6: raises $0.1 to $0.15
ad0a764: folds
Hero: folds
b8131d30: folds
Uncalled bet ($0.1) returned to cf142da6
*** SHOWDOWN ***
cf142da6 collected $0.12 from pot
*** SUMMARY ***
Total pot $0.12 | Rake $0 | Jackpot $0 | Bingo $0 | Fortune $0
Seat 1: 94b432c7 folded before Flop (didn't bet)
Seat 2: 366eb4f folded before Flop (didn't bet)
Seat 3: cf142da6 collected ($0.12)
Seat 4: ad0a764 (button) folded before Flop (didn't bet)
Seat 5: Hero (small blind) folded before Flop
Seat 6: b8131d30 (big blind) folded before Flop


Poker Hand #HD1166734997: Hold'em No Limit  ($0.02/$0.05) - 2023/03/19 13:02:39
Table 'NLHBlue58' 6-max Seat #3 is the button
Seat 1: 94b432c7 ($4.81 in chips)
Seat 2: 366eb4f ($7.14 in chips)
Seat 3: cf142da6 ($5 in chips)
Seat 4: ad0a764 ($4.95 in chips)
Seat 5: Hero ($5.14 in chips)
Seat 6: b8131d30 ($5 in chips)
ad0a764: posts small blind $0.02
Hero: posts big blind $0.05
*** HOLE CARDS ***
Dealt to 94b432c7 
Dealt to 366eb4f 
Dealt to cf142da6 
Dealt to ad0a764 
Dealt to Hero [4h 3c]
Dealt to b8131d30 
b8131d30: raises $0.07 to $0.12
94b432c7: folds
366eb4f: folds
cf142da6: folds
ad0a764: calls $0.1
Hero: folds
*** FLOP *** [Ts 3h 9c]
ad0a764: checks
b8131d30: checks
*** TURN *** [Ts 3h 9c] [8h]
ad0a764: bets $0.15
b8131d30: folds
Uncalled bet ($0.15) returned to ad0a764
*** SHOWDOWN ***
ad0a764 collected $0.28 from pot
*** SUMMARY ***
Total pot $0.29 | Rake $0.01 | Jackpot $0 | Bingo $0 | Fortune $0
Board [Ts 3h 9c 8h]
Seat 1: 94b432c7 folded before Flop (didn't bet)
Seat 2: 366eb4f folded before Flop (didn't bet)
Seat 3: cf142da6 (button) folded before Flop (didn't bet)
Seat 4: ad0a764 (small blind) won ($0.28)
Seat 5: Hero (big blind) folded before Flop
Seat 6: b8131d30 folded on the Turn


Poker Hand #HD1166734823: Hold'em No Limit  ($0.02/$0.05) - 2023/03/19 13:01:12
Table 'NLHBlue58' 6-max Seat #2 is the button
Seat 1: 94b432c7 ($4.93 in chips)
Seat 2: 366eb4f ($5.82 in chips)
Seat 3: cf142da6 ($5.53 in chips)
Seat 4: ad0a764 ($5.07 in chips)
Seat 5: Hero ($5.46 in chips)
Seat 6: b8131d30 ($5 in chips)
cf142da6: posts small blind $0.02
ad0a764: posts big blind $0.05
*** HOLE CARDS ***
Dealt to 94b432c7 
Dealt to 366eb4f 
Dealt to cf142da6 
Dealt to ad0a764 
Dealt to Hero [Ad 8d]
Dealt to b8131d30 
Hero: raises $0.07 to $0.12
b8131d30: folds
94b432c7: calls $0.12
366eb4f: calls $0.12
cf142da6: calls $0.1
ad0a764: calls $0.07
*** FLOP *** [Ac Ks 6d]
cf142da6: checks
ad0a764: checks
Hero: bets $0.2
94b432c7: folds
366eb4f: calls $0.2
cf142da6: calls $0.2
ad0a764: folds
*** TURN *** [Ac Ks 6d] [4c]
cf142da6: checks
Hero: checks
366eb4f: bets $0.6
cf142da6: calls $0.6
Hero: folds
*** RIVER *** [Ac Ks 6d 4c] [7s]
cf142da6: checks
366eb4f: bets $0.8
cf142da6: folds
Uncalled bet ($0.8) returned to 366eb4f
*** SHOWDOWN ***
366eb4f collected $2.24 from pot
*** SUMMARY ***
Total pot $2.4 | Rake $0.11 | Jackpot $0.05 | Bingo $0 | Fortune $0
Board [Ac Ks 6d 4c 7s]
Seat 1: 94b432c7 folded on the Flop
Seat 2: 366eb4f (button) won ($2.24)
Seat 3: cf142da6 (small blind) folded on the River
Seat 4: ad0a764 (big blind) folded on the Flop
Seat 5: Hero folded on the Turn
Seat 6: b8131d30 folded before Flop (didn't bet)


Poker Hand #HD1166734799: Hold'em No Limit  ($0.02/$0.05) - 2023/03/19 13:00:57
Table 'NLHBlue58' 6-max Seat #1 is the button
Seat 1: 94b432c7 ($4.93 in chips)
Seat 2: 366eb4f ($5.84 in chips)
Seat 3: cf142da6 ($5.51 in chips)
Seat 4: ad0a764 ($5.07 in chips)
Seat 5: Hero ($5.46 in chips)
Seat 6: b8131d30 ($5 in chips)
366eb4f: posts small blind $0.02
cf142da6: posts big blind $0.05
*** HOLE CARDS ***
Dealt to 94b432c7 
Dealt to 366eb4f 
Dealt to cf142da6 
Dealt to ad0a764 
Dealt to Hero [Jh 9s]
Dealt to b8131d30 
ad0a764: folds
Hero: folds
b8131d30: folds
94b432c7: folds
366eb4f: folds
Uncalled bet ($0.03) returned to cf142da6
*** SHOWDOWN ***
cf142da6 collected $0.04 from pot
*** SUMMARY ***
Total pot $0.04 | Rake $0 | Jackpot $0 | Bingo $0 | Fortune $0
Seat 1: 94b432c7 (button) folded before Flop (didn't bet)
Seat 2: 366eb4f (small blind) folded before Flop
Seat 3: cf142da6 (big blind) collected ($0.04)
Seat 4: ad0a764 folded before Flop (didn't bet)
Seat 5: Hero folded before Flop (didn't bet)
Seat 6: b8131d30 folded before Flop (didn't bet)


Poker Hand #HD1166734708: Hold'em No Limit  ($0.02/$0.05) - 2023/03/19 13:00:08
Table 'NLHBlue58' 6-max Seat #6 is the button
Seat 1: 94b432c7 ($4.95 in chips)
Seat 2: 366eb4f ($5.89 in chips)
Seat 3: cf142da6 ($5.51 in chips)
Seat 4: ad0a764 ($5.12 in chips)
Seat 5: Hero ($5.34 in chips)
Seat 6: b8131d30 ($5 in chips)
94b432c7: posts small blind $0.02
366eb4f: posts big blind $0.05
*** HOLE CARDS ***
Dealt to 94b432c7 
Dealt to 366eb4f 
Dealt to cf142da6 
Dealt to ad0a764 
Dealt to Hero [7d 7s]
Dealt to b8131d30 
cf142da6: folds
ad0a764: calls $0.05
Hero: raises $0.15 to $0.2
b8131d30: folds
94b432c7: folds
366eb4f: folds
ad0a764: folds
Uncalled bet ($0.15) returned to Hero
*** SHOWDOWN ***
Hero collected $0.17 from pot
*** SUMMARY ***
Total pot $0.17 | Rake $0 | Jackpot $0 | Bingo $0 | Fortune $0
Seat 1: 94b432c7 (small blind) folded before Flop
Seat 2: 366eb4f (big blind) folded before Flop
Seat 3: cf142da6 folded before Flop (didn't bet)
Seat 4: ad0a764 folded before Flop
Seat 5: Hero collected ($0.17)
Seat 6: b8131d30 (button) folded before Flop (didn't bet)


Poker Hand #HD1166734652: Hold'em No Limit  ($0.02/$0.05) - 2023/03/19 12:59:38
Table 'NLHBlue58' 6-max Seat #5 is the button
Seat 1: 94b432c7 ($5 in chips)
Seat 2: 366eb4f ($5.94 in chips)
Seat 3: cf142da6 ($5.51 in chips)
Seat 4: ad0a764 ($5 in chips)
Seat 5: Hero ($5.34 in chips)
Seat 6: b8131d30 ($5 in chips)
b8131d30: posts small blind $0.02
94b432c7: posts big blind $0.05
*** HOLE CARDS ***
Dealt to 94b432c7 
Dealt to 366eb4f 
Dealt to cf142da6 
Dealt to ad0a764 
Dealt to Hero [4c 4d]
Dealt to b8131d30 
366eb4f: calls $0.05
cf142da6: folds
ad0a764: raises $0.13 to $0.18
Hero: folds
b8131d30: folds
94b432c7: folds
366eb4f: folds
Uncalled bet ($0.13) returned to ad0a764
*** SHOWDOWN ***
ad0a764 collected $0.17 from pot
*** SUMMARY ***
Total pot $0.17 | Rake $0 | Jackpot $0 | Bingo $0 | Fortune $0
Seat 1: 94b432c7 (big blind) folded before Flop
Seat 2: 366eb4f folded before Flop
Seat 3: cf142da6 folded before Flop (didn't bet)
Seat 4: ad0a764 collected ($0.17)
Seat 5: Hero (button) folded before Flop (didn't bet)
Seat 6: b8131d30 (small blind) folded before Flop


Poker Hand #HD1166734585: Hold'em No Limit  ($0.02/$0.05) - 2023/03/19 12:59:02
Table 'NLHBlue58' 6-max Seat #4 is the button
Seat 2: 366eb4f ($6.04 in chips)
Seat 3: cf142da6 ($5.35 in chips)
Seat 4: ad0a764 ($5 in chips)
Seat 5: Hero ($5.36 in chips)
Seat 6: b8131d30 ($5 in chips)
Hero: posts small blind $0.02
b8131d30: posts big blind $0.05
*** HOLE CARDS ***
Dealt to 366eb4f 
Dealt to cf142da6 
Dealt to ad0a764 
Dealt to Hero [Ad 4s]
Dealt to b8131d30 
366eb4f: raises $0.05 to $0.1
cf142da6: calls $0.1
ad0a764: folds
Hero: folds
b8131d30: folds
*** FLOP *** [9c Ts Kh]
366eb4f: checks
cf142da6: bets $0.15
366eb4f: folds
Uncalled bet ($0.15) returned to cf142da6
*** SHOWDOWN ***
cf142da6 collected $0.26 from pot
*** SUMMARY ***
Total pot $0.27 | Rake $0.01 | Jackpot $0 | Bingo $0 | Fortune $0
Board [9c Ts Kh]
Seat 2: 366eb4f folded on the Flop
Seat 3: cf142da6 won ($0.26)
Seat 4: ad0a764 (button) folded before Flop (didn't bet)
Seat 5: Hero (small blind) folded before Flop
Seat 6: b8131d30 (big blind) folded before Flop


Poker Hand #HD1166734517: Hold'em No Limit  ($0.02/$0.05) - 2023/03/19 12:58:24
Table 'NLHBlue58' 6-max Seat #3 is the button
Seat 2: 366eb4f ($6.04 in chips)
Seat 3: cf142da6 ($5.35 in chips)
Seat 4: ad0a764 ($5.4 in chips)
Seat 5: Hero ($5 in chips)
Seat 6: b8131d30 ($5 in chips)
ad0a764: posts small blind $0.02
Hero: posts big blind $0.05
*** HOLE CARDS ***
Dealt to 366eb4f 
Dealt to cf142da6 
Dealt to ad0a764 
Dealt to Hero [7c 9d]
Dealt to b8131d30 
b8131d30: folds
366eb4f: folds
cf142da6: folds
ad0a764: calls $0.03
Hero: checks
*** FLOP *** [7d Js Jd]
ad0a764: checks
Hero: bets $0.05
ad0a764: calls $0.05
*** TURN *** [7d Js Jd] [2s]
ad0a764: checks
Hero: bets $0.1
ad0a764: calls $0.1
*** RIVER *** [7d Js Jd 2s] [3s]
ad0a764: checks
Hero: bets $0.2
ad0a764: calls $0.2
Hero: shows [7c 9d] (Pair of Jacks and Pair of Sevens)
ad0a764: shows [6s 6c] (Pair of Jacks and Pair of Sixes)
*** SHOWDOWN ***
Hero collected $0.76 from pot
*** SUMMARY ***
Total pot $0.8 | Rake $0.04 | Jackpot $0 | Bingo $0 | Fortune $0
Board [7d Js Jd 2s 3s]
Seat 2: 366eb4f folded before Flop (didn't bet)
Seat 3: cf142da6 (button) folded before Flop (didn't bet)
Seat 4: ad0a764 (small blind) showed [6s 6c] and lost with Pair of Jacks and Pair of Sixes
Seat 5: Hero (big blind) showed [7c 9d] and won ($0.76) with Pair of Jacks and Pair of Sevens
Seat 6: b8131d30 folded before Flop (didn't bet)


Poker Hand #HD1166734388: Hold'em No Limit  ($0.02/$0.05) - 2023/03/19 12:57:18
Table 'NLHBlue58' 6-max Seat #2 is the button
Seat 2: 366eb4f ($6.04 in chips)
Seat 3: cf142da6 ($5.37 in chips)
Seat 4: ad0a764 ($4.5 in chips)
Seat 5: Hero ($5.07 in chips)
Seat 6: b8131d30 ($5 in chips)
cf142da6: posts small blind $0.02
ad0a764: posts big blind $0.05
*** HOLE CARDS ***
Dealt to 366eb4f 
Dealt to cf142da6 
Dealt to ad0a764 
Dealt to Hero [Qc Ah]
Dealt to b8131d30 
Hero: raises $0.07 to $0.12
b8131d30: folds
366eb4f: folds
cf142da6: folds
ad0a764: calls $0.07
*** FLOP *** [Tc 3c 4c]
ad0a764: checks
Hero: checks
*** TURN *** [Tc 3c 4c] [Qs]
ad0a764: bets $0.13
Hero: raises $0.26 to $0.39
ad0a764: raises $0.52 to $0.91
Hero: calls $0.52
*** RIVER *** [Tc 3c 4c Qs] [Ts]
ad0a764: bets $1.56
Hero: folds
Uncalled bet ($1.56) returned to ad0a764
*** SHOWDOWN ***
ad0a764 collected $1.93 from pot
*** SUMMARY ***
Total pot $2.08 | Rake $0.1 | Jackpot $0.05 | Bingo $0 | Fortune $0
Board [Tc 3c 4c Qs Ts]
Seat 2: 366eb4f (button) folded before Flop (didn't bet)
Seat 3: cf142da6 (small blind) folded before Flop
Seat 4: ad0a764 (big blind) won ($1.93)
Seat 5: Hero folded on the River
Seat 6: b8131d30 folded before Flop (didn't bet)


Poker Hand #HD1166734255: Hold'em No Limit  ($0.02/$0.05) - 2023/03/19 12:56:08
Table 'NLHBlue58' 6-max Seat #6 is the button
Seat 2: 366eb4f ($6.06 in chips)
Seat 3: cf142da6 ($5.12 in chips)
Seat 4: ad0a764 ($4.75 in chips)
Seat 5: Hero ($5.07 in chips)
Seat 6: b8131d30 ($5 in chips)
366eb4f: posts small blind $0.02
cf142da6: posts big blind $0.05
*** HOLE CARDS ***
Dealt to 366eb4f 
Dealt to cf142da6 
Dealt to ad0a764 
Dealt to Hero [2c 3h]
Dealt to b8131d30 
ad0a764: calls $0.05
Hero: folds
b8131d30: folds
366eb4f: folds
cf142da6: checks
*** FLOP *** [Ts Qd Ks]
cf142da6: checks
ad0a764: checks
*** TURN *** [Ts Qd Ks] [9d]
cf142da6: bets $0.2
ad0a764: calls $0.2
*** RIVER *** [Ts Qd Ks 9d] [Ad]
cf142da6: checks
ad0a764: checks
cf142da6: shows [Qc Ah] (Pair of Aces and Pair of Queens)
ad0a764: shows [9s 7s] (Pair of Nines)
*** SHOWDOWN ***
cf142da6 collected $0.5 from pot
*** SUMMARY ***
Total pot $0.52 | Rake $0.02 | Jackpot $0 | Bingo $0 | Fortune $0
Board [Ts Qd Ks 9d Ad]
Seat 2: 366eb4f (small blind) folded before Flop
Seat 3: cf142da6 (big blind) showed [Qc Ah] and won ($0.5) with Pair of Aces and Pair of Queens
Seat 4: ad0a764 showed [9s 7s] and lost with Pair of Nines
Seat 5: Hero folded before Flop (didn't bet)
Seat 6: b8131d30 (button) folded before Flop (didn't bet)


Poker Hand #HD1166734226: Hold'em No Limit  ($0.02/$0.05) - 2023/03/19 12:55:56
Table 'NLHBlue58' 6-max Seat #5 is the button
Seat 2: 366eb4f ($6.11 in chips)
Seat 3: cf142da6 ($5.12 in chips)
Seat 4: ad0a764 ($4.75 in chips)
Seat 5: Hero ($5 in chips)
Seat 6: b8131d30 ($5 in chips)
b8131d30: posts small blind $0.02
366eb4f: posts big blind $0.05
*** HOLE CARDS ***
Dealt to 366eb4f 
Dealt to cf142da6 
Dealt to ad0a764 
Dealt to Hero [4s Ah]
Dealt to b8131d30 
cf142da6: folds
ad0a764: folds
Hero: raises $0.07 to $0.12
b8131d30: folds
366eb4f: folds
Uncalled bet ($0.07) returned to Hero
*** SHOWDOWN ***
Hero collected $0.12 from pot
*** SUMMARY ***
Total pot $0.12 | Rake $0 | Jackpot $0 | Bingo $0 | Fortune $0
Seat 2: 366eb4f (big blind) folded before Flop
Seat 3: cf142da6 folded before Flop (didn't bet)
Seat 4: ad0a764 folded before Flop (didn't bet)
Seat 5: Hero (button) collected ($0.12)
Seat 6: b8131d30 (small blind) folded before Flop


Poker Hand #HD1166734195: Hold'em No Limit  ($0.02/$0.05) - 2023/03/19 12:55:40
Table 'NLHBlue58' 6-max Seat #4 is the button
Seat 1: 94b432c7 ($5 in chips)
Seat 2: 366eb4f ($6.11 in chips)
Seat 3: cf142da6 ($5.05 in chips)
Seat 4: ad0a764 ($4.75 in chips)
Seat 5: Hero ($5 in chips)
Seat 6: b8131d30 ($5 in chips)
Hero: posts small blind $0.02
b8131d30: posts big blind $0.05
*** HOLE CARDS ***
Dealt to 94b432c7 
Dealt to 366eb4f 
Dealt to cf142da6 
Dealt to ad0a764 
Dealt to Hero [2s Jh]
Dealt to b8131d30 
94b432c7: folds
366eb4f: folds
cf142da6: raises $0.1 to $0.15
ad0a764: folds
Hero: folds
b8131d30: folds
Uncalled bet ($0.1) returned to cf142da6
*** SHOWDOWN ***
cf142da6 collected $0.12 from pot
*** SUMMARY ***
Total pot $0.12 | Rake $0 | Jackpot $0 | Bingo $0 | Fortune $0
Seat 1: 94b432c7 folded before Flop (didn't bet)
Seat 2: 366eb4f folded before Flop (didn't bet)
Seat 3: cf142da6 collected ($0.12)
Seat 4: ad0a764 (button) folded before Flop (didn't bet)
Seat 5: Hero (small blind) folded before Flop
Seat 6: b8131d30 (big blind) folded before Flop


Poker Hand #HD1166734138: Hold'em No Limit  ($0.02/$0.05) - 2023/03/19 12:55:11
Table 'NLHBlue58' 6-max Seat #3 is the button
Seat 1: 94b432c7 ($5 in chips)
Seat 2: 366eb4f ($6.26 in chips)
Seat 3: cf142da6 ($5.05 in chips)
Seat 4: ad0a764 ($4.56 in chips)
Seat 5: Hero ($5 in chips)
Seat 6: b8131d30 ($5 in chips)
ad0a764: posts small blind $0.02
Hero: posts big blind $0.05
*** HOLE CARDS ***
Dealt to 94b432c7 
Dealt to 366eb4f 
Dealt to cf142da6 
Dealt to ad0a764 
Dealt to Hero [Jd 6c]
Dealt to b8131d30 
b8131d30: folds
94b432c7: folds
366eb4f: raises $0.1 to $0.15
cf142da6: folds
ad0a764: raises $0.27 to $0.42
Hero: folds
366eb4f: folds
Uncalled bet ($0.27) returned to ad0a764
*** SHOWDOWN ***
ad0a764 collected $0.34 from pot
*** SUMMARY ***
Total pot $0.35 | Rake $0.01 | Jackpot $0 | Bingo $0 | Fortune $0
Seat 1: 94b432c7 folded before Flop (didn't bet)
Seat 2: 366eb4f folded before Flop
Seat 3: cf142da6 (button) folded before Flop (didn't bet)
Seat 4: ad0a764 (small blind) collected ($0.34)
Seat 5: Hero (big blind) folded before Flop
Seat 6: b8131d30 folded before Flop (didn't bet)


Poker Hand #HD1166733933: Hold'em No Limit  ($0.02/$0.05) - 2023/03/19 12:53:17
Table 'NLHBlue58' 6-max Seat #2 is the button
Seat 1: 94b432c7 ($5 in chips)
Seat 2: 366eb4f ($5.2 in chips)
Seat 3: cf142da6 ($5.07 in chips)
Seat 4: ad0a764 ($4.61 in chips)
Seat 5: Hero ($5.28 in chips)
Seat 6: b8131d30 ($5 in chips)
cf142da6: posts small blind $0.02
ad0a764: posts big blind $0.05
*** HOLE CARDS ***
Dealt to 94b432c7 
Dealt to 366eb4f 
Dealt to cf142da6 
Dealt to ad0a764 
Dealt to Hero [Js Jc]
Dealt to b8131d30 
Hero: raises $0.07 to $0.12
b8131d30: calls $0.12
94b432c7: folds
366eb4f: calls $0.12
cf142da6: folds
ad0a764: folds
*** FLOP *** [8h 6s 7s]
Hero: bets $0.34
b8131d30: folds
366eb4f: calls $0.34
*** TURN *** [8h 6s 7s] [Ks]
Hero: bets $0.56
366eb4f: raises $0.56 to $1.12
Hero: folds
Uncalled bet ($0.56) returned to 366eb4f
*** SHOWDOWN ***
366eb4f collected $2.08 from pot
*** SUMMARY ***
Total pot $2.23 | Rake $0.1 | Jackpot $0.05 | Bingo $0 | Fortune $0
Board [8h 6s 7s Ks]
Seat 1: 94b432c7 folded before Flop (didn't bet)
Seat 2: 366eb4f (button) won ($2.08)
Seat 3: cf142da6 (small blind) folded before Flop
Seat 4: ad0a764 (big blind) folded before Flop
Seat 5: Hero folded on the Turn
Seat 6: b8131d30 folded on the Flop


Poker Hand #HD1166733873: Hold'em No Limit  ($0.02/$0.05) - 2023/03/19 12:52:42
Table 'NLHBlue58' 6-max Seat #1 is the button
Seat 1: 94b432c7 ($4.8 in chips)
Seat 2: 366eb4f ($5.22 in chips)
Seat 3: cf142da6 ($5.18 in chips)
Seat 4: ad0a764 ($4.49 in chips)
Seat 5: Hero ($5.28 in chips)
Seat 6: b8131d30 ($5 in chips)
366eb4f: posts small blind $0.02
cf142da6: posts big blind $0.05
*** HOLE CARDS ***
Dealt to 94b432c7 
Dealt to 366eb4f 
Dealt to cf142da6 
Dealt to ad0a764 
Dealt to Hero [3s 8c]
Dealt to b8131d30 
ad0a764: calls $0.05
Hero: folds
b8131d30: folds
94b432c7: folds
366eb4f: folds
cf142da6: checks
*** FLOP *** [As Kh Qd]
cf142da6: checks
ad0a764: checks
*** TURN *** [As Kh Qd] [3c]
cf142da6: checks
ad0a764: bets $0.06
cf142da6: calls $0.06
*** RIVER *** [As Kh Qd 3c] [4h]
cf142da6: checks
ad0a764: bets $0.18
cf142da6: folds
Uncalled bet ($0.18) returned to ad0a764
*** SHOWDOWN ***
ad0a764 collected $0.23 from pot
*** SUMMARY ***
Total pot $0.24 | Rake $0.01 | Jackpot $0 | Bingo $0 | Fortune $0
Board [As Kh Qd 3c 4h]
Seat 1: 94b432c7 (button) folded before Flop (didn't bet)
Seat 2: 366eb4f (small blind) folded before Flop
Seat 3: cf142da6 (big blind) folded on the River
Seat 4: ad0a764 won ($0.23)
Seat 5: Hero folded before Flop (didn't bet)
Seat 6: b8131d30 folded before Flop (didn't bet)


Poker Hand #HD1166733807: Hold'em No Limit  ($0.02/$0.05) - 2023/03/19 12:51:59
Table 'NLHBlue58' 6-max Seat #6 is the button
Seat 1: 94b432c7 ($4.93 in chips)
Seat 2: 366eb4f ($5.05 in chips)
Seat 3: cf142da6 ($5.23 in chips)
Seat 4: ad0a764 ($4.49 in chips)
Seat 5: Hero ($5.28 in chips)
Seat 6: b8131d30 ($5 in chips)
94b432c7: posts small blind $0.02
366eb4f: posts big blind $0.05
*** HOLE CARDS ***
Dealt to 94b432c7 
Dealt to 366eb4f 
Dealt to cf142da6 
Dealt to ad0a764 
Dealt to Hero [2s Jh]
Dealt to b8131d30 
cf142da6: calls $0.05
ad0a764: folds
Hero: folds
b8131d30: folds
94b432c7: calls $0.03
366eb4f: checks
*** FLOP *** [Jd 7h 2c]
94b432c7: checks
366eb4f: checks
cf142da6: checks
*** TURN *** [Jd 7h 2c] [9h]
94b432c7: bets $0.08
366eb4f: calls $0.08
cf142da6: folds
*** RIVER *** [Jd 7h 2c 9h] [3s]
94b432c7: checks
366eb4f: checks
94b432c7: shows [Qc Tc] (Queen-High)
366eb4f: shows [3c Ts] (Pair of Treys)
*** SHOWDOWN ***
366eb4f collected $0.3 from pot
*** SUMMARY ***
Total pot $0.31 | Rake $0.01 | Jackpot $0 | Bingo $0 | Fortune $0
Board [Jd 7h 2c 9h 3s]
Seat 1: 94b432c7 (small blind) showed [Qc Tc] and lost with Queen-High
Seat 2: 366eb4f (big blind) showed [3c Ts] and won ($0.3) with Pair of Treys
Seat 3: cf142da6 folded on the Turn
Seat 4: ad0a764 folded before Flop (didn't bet)
Seat 5: Hero folded before Flop (didn't bet)
Seat 6: b8131d30 (button) folded before Flop (didn't bet)


Poker Hand #HD1166733722: Hold'em No Limit  ($0.02/$0.05) - 2023/03/19 12:51:15
Table 'NLHBlue58' 6-max Seat #5 is the button
Seat 1: 94b432c7 ($4.98 in chips)
Seat 2: 366eb4f ($4.95 in chips)
Seat 3: cf142da6 ($5.23 in chips)
Seat 4: ad0a764 ($4.49 in chips)
Seat 5: Hero ($5.28 in chips)
Seat 6: b8131d30 ($5 in chips)
b8131d30: posts small blind $0.02
94b432c7: posts big blind $0.05
*** HOLE CARDS ***
Dealt to 94b432c7 
Dealt to 366eb4f 
Dealt to cf142da6 
Dealt to ad0a764 
Dealt to Hero [5c 4h]
Dealt to b8131d30 
366eb4f: calls $0.05
cf142da6: folds
ad0a764: folds
Hero: folds
b8131d30: calls $0.03
94b432c7: checks
*** FLOP *** [3s 3d 7c]
b8131d30: checks
94b432c7: checks
366eb4f: bets $0.08
b8131d30: folds
94b432c7: folds
Uncalled bet ($0.08) returned to 366eb4f
*** SHOWDOWN ***
366eb4f collected $0.15 from pot
*** SUMMARY ***
Total pot $0.15 | Rake $0 | Jackpot $0 | Bingo $0 | Fortune $0
Board [3s 3d 7c]
Seat 1: 94b432c7 (big blind) folded on the Flop
Seat 2: 366eb4f won ($0.15)
Seat 3: cf142da6 folded before Flop (didn't bet)
Seat 4: ad0a764 folded before Flop (didn't bet)
Seat 5: Hero (button) folded before Flop (didn't bet)
Seat 6: b8131d30 (small blind) folded on the Flop


Poker Hand #HD1166733651: Hold'em No Limit  ($0.02/$0.05) - 2023/03/19 12:50:38
Table 'NLHBlue58' 6-max Seat #4 is the button
Seat 1: 94b432c7 ($4.98 in chips)
Seat 2: 366eb4f ($5.05 in chips)
Seat 3: cf142da6 ($5.07 in chips)
Seat 4: ad0a764 ($4.49 in chips)
Seat 5: Hero ($5.3 in chips)
Seat 6: b8131d30 ($5 in chips)
Hero: posts small blind $0.02
b8131d30: posts big blind $0.05
*** HOLE CARDS ***
Dealt to 94b432c7 
Dealt to 366eb4f 
Dealt to cf142da6 
Dealt to ad0a764 
Dealt to Hero [Th Jh]
Dealt to b8131d30 
94b432c7: folds
366eb4f: raises $0.05 to $0.1
cf142da6: raises $0.15 to $0.25
ad0a764: folds
Hero: folds
b8131d30: folds
366eb4f: folds
Uncalled bet ($0.15) returned to cf142da6
*** SHOWDOWN ***
cf142da6 collected $0.26 from pot
*** SUMMARY ***
Total pot $0.27 | Rake $0.01 | Jackpot $0 | Bingo $0 | Fortune $0
Seat 1: 94b432c7 folded before Flop (didn't bet)
Seat 2: 366eb4f folded before Flop
Seat 3: cf142da6 collected ($0.26)
Seat 4: ad0a764 (button) folded before Flop (didn't bet)
Seat 5: Hero (small blind) folded before Flop
Seat 6: b8131d30 (big blind) folded before Flop


Poker Hand #HD1166733617: Hold'em No Limit  ($0.02/$0.05) - 2023/03/19 12:50:21
Table 'NLHBlue58' 6-max Seat #3 is the button
Seat 1: 94b432c7 ($4.98 in chips)
Seat 2: 366eb4f ($5.05 in chips)
Seat 3: cf142da6 ($5 in chips)
Seat 4: ad0a764 ($4.51 in chips)
Seat 5: Hero ($5.35 in chips)
Seat 6: b8131d30 ($5 in chips)
ad0a764: posts small blind $0.02
Hero: posts big blind $0.05
*** HOLE CARDS ***
Dealt to 94b432c7 
Dealt to 366eb4f 
Dealt to cf142da6 
Dealt to ad0a764 
Dealt to Hero [2h 3c]
Dealt to b8131d30 
b8131d30: folds
94b432c7: folds
366eb4f: folds
cf142da6: raises $0.1 to $0.15
ad0a764: folds
Hero: folds
Uncalled bet ($0.1) returned to cf142da6
*** SHOWDOWN ***
cf142da6 collected $0.12 from pot
*** SUMMARY ***
Total pot $0.12 | Rake $0 | Jackpot $0 | Bingo $0 | Fortune $0
Seat 1: 94b432c7 folded before Flop (didn't bet)
Seat 2: 366eb4f folded before Flop (didn't bet)
Seat 3: cf142da6 (button) collected ($0.12)
Seat 4: ad0a764 (small blind) folded before Flop
Seat 5: Hero (big blind) folded before Flop
Seat 6: b8131d30 folded before Flop (didn't bet)


Poker Hand #HD1166733556: Hold'em No Limit  ($0.02/$0.05) - 2023/03/19 12:49:49
Table 'NLHBlue58' 6-max Seat #2 is the button
Seat 1: 94b432c7 ($4.98 in chips)
Seat 2: 366eb4f ($5.1 in chips)
Seat 3: cf142da6 ($5 in chips)
Seat 4: ad0a764 ($4.44 in chips)
Seat 5: Hero ($5.35 in chips)
Seat 6: b8131d30 ($5 in chips)
cf142da6: posts small blind $0.02
ad0a764: posts big blind $0.05
*** HOLE CARDS ***
Dealt to 94b432c7 
Dealt to 366eb4f 
Dealt to cf142da6 
Dealt to ad0a764 
Dealt to Hero [Tc 2s]
Dealt to b8131d30 
Hero: folds
b8131d30: folds
94b432c7: folds
366eb4f: calls $0.05
cf142da6: folds
ad0a764: checks
*** FLOP *** [Kh 2d 4h]
ad0a764: checks
366eb4f: checks
*** TURN *** [Kh 2d 4h] [4c]
ad0a764: checks
366eb4f: checks
*** RIVER *** [Kh 2d 4h 4c] [Qs]
ad0a764: checks
366eb4f: checks
ad0a764: shows [Jh 5h] (Pair of Fours)
366eb4f: shows [6d 8d] (Pair of Fours)
*** SHOWDOWN ***
ad0a764 collected $0.12 from pot
*** SUMMARY ***
Total pot $0.12 | Rake $0 | Jackpot $0 | Bingo $0 | Fortune $0
Board [Kh 2d 4h 4c Qs]
Seat 1: 94b432c7 folded before Flop (didn't bet)
Seat 2: 366eb4f (button) showed [6d 8d] and lost with Pair of Fours
Seat 3: cf142da6 (small blind) folded before Flop
Seat 4: ad0a764 (big blind) showed [Jh 5h] and won ($0.12) with Pair of Fours
Seat 5: Hero folded before Flop (didn't bet)
Seat 6: b8131d30 folded before Flop (didn't bet)


Poker Hand #HD1166733512: Hold'em No Limit  ($0.02/$0.05) - 2023/03/19 12:49:22
Table 'NLHBlue58' 6-max Seat #1 is the button
Seat 1: 94b432c7 ($4.98 in chips)
Seat 2: 366eb4f ($5.05 in chips)
Seat 3: cf142da6 ($5 in chips)
Seat 4: ad0a764 ($4.44 in chips)
Seat 5: Hero ($5.35 in chips)
Seat 6: b8131d30 ($5 in chips)
366eb4f: posts small blind $0.02
cf142da6: posts big blind $0.05
*** HOLE CARDS ***
Dealt to 94b432c7 
Dealt to 366eb4f 
Dealt to cf142da6 
Dealt to ad0a764 
Dealt to Hero [Jc 9h]
Dealt to b8131d30 
ad0a764: folds
Hero: folds
b8131d30: folds
94b432c7: folds
366eb4f: raises $0.05 to $0.1
cf142da6: folds
Uncalled bet ($0.05) returned to 366eb4f
*** SHOWDOWN ***
366eb4f collected $0.1 from pot
*** SUMMARY ***
Total pot $0.1 | Rake $0 | Jackpot $0 | Bingo $0 | Fortune $0
Seat 1: 94b432c7 (button) folded before Flop (didn't bet)
Seat 2: 366eb4f (small blind) collected ($0.1)
Seat 3: cf142da6 (big blind) folded before Flop
Seat 4: ad0a764 folded before Flop (didn't bet)
Seat 5: Hero folded before Flop (didn't bet)
Seat 6: b8131d30 folded before Flop (didn't bet)


Poker Hand #HD1166733398: Hold'em No Limit  ($0.02/$0.05) - 2023/03/19 12:48:18
Table 'NLHBlue58' 6-max Seat #6 is the button
Seat 1: 94b432c7 ($5 in chips)
Seat 2: 366eb4f ($5.1 in chips)
Seat 3: cf142da6 ($5 in chips)
Seat 4: ad0a764 ($4.37 in chips)
Seat 5: Hero ($5.35 in chips)
Seat 6: b8131d30 ($5 in chips)
94b432c7: posts small blind $0.02
366eb4f: posts big blind $0.05
*** HOLE CARDS ***
Dealt to 94b432c7 
Dealt to 366eb4f 
Dealt to cf142da6 
Dealt to ad0a764 
Dealt to Hero [Ts Kh]
Dealt to b8131d30 
cf142da6: folds
ad0a764: calls $0.05
Hero: folds
b8131d30: folds
94b432c7: folds
366eb4f: checks
*** FLOP *** [9c Qs 2c]
366eb4f: checks
ad0a764: bets $0.06
366eb4f: folds
Uncalled bet ($0.06) returned to ad0a764
*** SHOWDOWN ***
ad0a764 collected $0.12 from pot
*** SUMMARY ***
Total pot $0.12 | Rake $0 | Jackpot $0 | Bingo $0 | Fortune $0
Board [9c Qs 2c]
Seat 1: 94b432c7 (small blind) folded before Flop
Seat 2: 366eb4f (big blind) folded on the Flop
Seat 3: cf142da6 folded before Flop (didn't bet)
Seat 4: ad0a764 won ($0.12)
Seat 5: Hero folded before Flop (didn't bet)
Seat 6: b8131d30 (button) folded before Flop (didn't bet)


Poker Hand #HD1166733355: Hold'em No Limit  ($0.02/$0.05) - 2023/03/19 12:47:53
Table 'NLHBlue58' 6-max Seat #5 is the button
Seat 1: 94b432c7 ($4.85 in chips)
Seat 2: 366eb4f ($5.1 in chips)
Seat 3: cf142da6 ($5 in chips)
Seat 4: ad0a764 ($4.3 in chips)
Seat 5: Hero ($5.35 in chips)
Seat 6: b8131d30 ($5 in chips)
b8131d30: posts small blind $0.02
94b432c7: posts big blind $0.05
*** HOLE CARDS ***
Dealt to 94b432c7 
Dealt to 366eb4f 
Dealt to cf142da6 
Dealt to ad0a764 
Dealt to Hero [3s 4s]
Dealt to b8131d30 
366eb4f: folds
cf142da6: folds
ad0a764: calls $0.05
Hero: folds
b8131d30: folds
94b432c7: checks
*** FLOP *** [Qc Jd 9c]
94b432c7: checks
ad0a764: bets $0.06
94b432c7: folds
Uncalled bet ($0.06) returned to ad0a764
*** SHOWDOWN ***
ad0a764 collected $0.12 from pot
*** SUMMARY ***
Total pot $0.12 | Rake $0 | Jackpot $0 | Bingo $0 | Fortune $0
Board [Qc Jd 9c]
Seat 1: 94b432c7 (big blind) folded on the Flop
Seat 2: 366eb4f folded before Flop (didn't bet)
Seat 3: cf142da6 folded before Flop (didn't bet)
Seat 4: ad0a764 won ($0.12)
Seat 5: Hero (button) folded before Flop (didn't bet)
Seat 6: b8131d30 (small blind) folded before Flop


Poker Hand #HD1166733301: Hold'em No Limit  ($0.02/$0.05) - 2023/03/19 12:47:23
Table 'NLHBlue58' 6-max Seat #4 is the button
Seat 1: 94b432c7 ($5 in chips)
Seat 2: 366eb4f ($5.1 in chips)
Seat 3: cf142da6 ($5 in chips)
Seat 4: ad0a764 ($4.3 in chips)
Seat 5: Hero ($5.16 in chips)
Seat 6: b8131d30 ($5 in chips)
Hero: posts small blind $0.02
b8131d30: posts big blind $0.05
*** HOLE CARDS ***
Dealt to 94b432c7 
Dealt to 366eb4f 
Dealt to cf142da6 
Dealt to ad0a764 
Dealt to Hero [Th 9h]
Dealt to b8131d30 
94b432c7: raises $0.1 to $0.15
366eb4f: folds
cf142da6: folds
ad0a764: folds
Hero: raises $0.53 to $0.68
b8131d30: folds
94b432c7: folds
Uncalled bet ($0.53) returned to Hero
*** SHOWDOWN ***
Hero collected $0.34 from pot
*** SUMMARY ***
Total pot $0.35 | Rake $0.01 | Jackpot $0 | Bingo $0 | Fortune $0
Seat 1: 94b432c7 folded before Flop
Seat 2: 366eb4f folded before Flop (didn't bet)
Seat 3: cf142da6 folded before Flop (didn't bet)
Seat 4: ad0a764 (button) folded before Flop (didn't bet)
Seat 5: Hero (small blind) collected ($0.34)
Seat 6: b8131d30 (big blind) folded before Flop


Poker Hand #HD1166733281: Hold'em No Limit  ($0.02/$0.05) - 2023/03/19 12:47:10
Table 'NLHBlue58' 6-max Seat #3 is the button
Seat 1: 94b432c7 ($5 in chips)
Seat 2: 366eb4f ($5.03 in chips)
Seat 3: cf142da6 ($5 in chips)
Seat 4: ad0a764 ($4.32 in chips)
Seat 5: Hero ($5.21 in chips)
ad0a764: posts small blind $0.02
Hero: posts big blind $0.05
*** HOLE CARDS ***
Dealt to 94b432c7 
Dealt to 366eb4f 
Dealt to cf142da6 
Dealt to ad0a764 
Dealt to Hero [8c 4s]
94b432c7: folds
366eb4f: raises $0.05 to $0.1
cf142da6: folds
ad0a764: folds
Hero: folds
Uncalled bet ($0.05) returned to 366eb4f
*** SHOWDOWN ***
366eb4f collected $0.12 from pot
*** SUMMARY ***
Total pot $0.12 | Rake $0 | Jackpot $0 | Bingo $0 | Fortune $0
Seat 1: 94b432c7 folded before Flop (didn't bet)
Seat 2: 366eb4f collected ($0.12)
Seat 3: cf142da6 (button) folded before Flop (didn't bet)
Seat 4: ad0a764 (small blind) folded before Flop
Seat 5: Hero (big blind) folded before Flop


Poker Hand #HD1166733228: Hold'em No Limit  ($0.02/$0.05) - 2023/03/19 12:46:39
Table 'NLHBlue58' 6-max Seat #2 is the button
Seat 1: 94b432c7 ($4.95 in chips)
Seat 2: 366eb4f ($4.93 in chips)
Seat 3: cf142da6 ($5 in chips)
Seat 4: ad0a764 ($4.37 in chips)
Seat 5: Hero ($5.21 in chips)
cf142da6: posts small blind $0.02
ad0a764: posts big blind $0.05
*** HOLE CARDS ***
Dealt to 94b432c7 
Dealt to 366eb4f 
Dealt to cf142da6 
Dealt to ad0a764 
Dealt to Hero [Ks 9d]
Hero: folds
94b432c7: folds
366eb4f: calls $0.05
cf142da6: calls $0.03
ad0a764: checks
*** FLOP *** [9h Qd 7s]
cf142da6: checks
ad0a764: checks
366eb4f: bets $0.05
cf142da6: folds
ad0a764: folds
Uncalled bet ($0.05) returned to 366eb4f
366eb4f: shows [7h]
*** SHOWDOWN ***
366eb4f collected $0.15 from pot
*** SUMMARY ***
Total pot $0.15 | Rake $0 | Jackpot $0 | Bingo $0 | Fortune $0
Board [9h Qd 7s]
Seat 1: 94b432c7 folded before Flop (didn't bet)
Seat 2: 366eb4f (button) showed [8s 7h] and won ($0.15) with Pair of Sevens
Seat 3: cf142da6 (small blind) folded on the Flop
Seat 4: ad0a764 (big blind) folded on the Flop
Seat 5: Hero folded before Flop (didn't bet)


Poker Hand #HD1166733135: Hold'em No Limit  ($0.02/$0.05) - 2023/03/19 12:45:46
Table 'NLHBlue58' 6-max Seat #1 is the button
Seat 1: 94b432c7 ($5.07 in chips)
Seat 2: 366eb4f ($4.95 in chips)
Seat 3: cf142da6 ($5 in chips)
Seat 4: ad0a764 ($4.37 in chips)
Seat 5: Hero ($5.03 in chips)
366eb4f: posts small blind $0.02
cf142da6: posts big blind $0.05
*** HOLE CARDS ***
Dealt to 94b432c7 
Dealt to 366eb4f 
Dealt to cf142da6 
Dealt to ad0a764 
Dealt to Hero [Kc Td]
ad0a764: folds
Hero: raises $0.07 to $0.12
94b432c7: calls $0.12
366eb4f: folds
cf142da6: folds
*** FLOP *** [7c 8s 4c]
Hero: bets $0.14
94b432c7: folds
Uncalled bet ($0.14) returned to Hero
*** SHOWDOWN ***
Hero collected $0.3 from pot
*** SUMMARY ***
Total pot $0.31 | Rake $0.01 | Jackpot $0 | Bingo $0 | Fortune $0
Board [7c 8s 4c]
Seat 1: 94b432c7 (button) folded on the Flop
Seat 2: 366eb4f (small blind) folded before Flop
Seat 3: cf142da6 (big blind) folded before Flop
Seat 4: ad0a764 folded before Flop (didn't bet)
Seat 5: Hero won ($0.3)


Poker Hand #HD1166733096: Hold'em No Limit  ($0.02/$0.05) - 2023/03/19 12:45:24
Table 'NLHBlue58' 6-max Seat #5 is the button
Seat 1: 94b432c7 ($5.02 in chips)
Seat 2: 366eb4f ($5 in chips)
Seat 4: ad0a764 ($4.37 in chips)
Seat 5: Hero ($5.03 in chips)
94b432c7: posts small blind $0.02
366eb4f: posts big blind $0.05
*** HOLE CARDS ***
Dealt to 94b432c7 
Dealt to 366eb4f 
Dealt to ad0a764 
Dealt to Hero [Ac 7d]
ad0a764: folds
Hero: folds
94b432c7: raises $0.1 to $0.15
366eb4f: folds
Uncalled bet ($0.1) returned to 94b432c7
*** SHOWDOWN ***
94b432c7 collected $0.1 from pot
*** SUMMARY ***
Total pot $0.1 | Rake $0 | Jackpot $0 | Bingo $0 | Fortune $0
Seat 1: 94b432c7 (small blind) collected ($0.1)
Seat 2: 366eb4f (big blind) folded before Flop
Seat 4: ad0a764 folded before Flop (didn't bet)
Seat 5: Hero (button) folded before Flop (didn't bet)


Poker Hand #HD1166733077: Hold'em No Limit  ($0.02/$0.05) - 2023/03/19 12:45:14
Table 'NLHBlue58' 6-max Seat #4 is the button
Seat 1: 94b432c7 ($5 in chips)
Seat 4: ad0a764 ($4.37 in chips)
Seat 5: Hero ($5.05 in chips)
Hero: posts small blind $0.02
94b432c7: posts big blind $0.05
*** HOLE CARDS ***
Dealt to 94b432c7 
Dealt to ad0a764 
Dealt to Hero [3h 6s]
ad0a764: folds
Hero: folds
Uncalled bet ($0.03) returned to 94b432c7
*** SHOWDOWN ***
94b432c7 collected $0.04 from pot
*** SUMMARY ***
Total pot $0.04 | Rake $0 | Jackpot $0 | Bingo $0 | Fortune $0
Seat 1: 94b432c7 (big blind) collected ($0.04)
Seat 4: ad0a764 (button) folded before Flop (didn't bet)
Seat 5: Hero (small blind) folded before Flop


Poker Hand #HD1166733027: Hold'em No Limit  ($0.02/$0.05) - 2023/03/19 12:44:48
Table 'NLHBlue58' 6-max Seat #1 is the button
Seat 1: 94b432c7 ($4.93 in chips)
Seat 4: ad0a764 ($4.42 in chips)
Seat 5: Hero ($5 in chips)
ad0a764: posts small blind $0.02
Hero: posts big blind $0.05
*** HOLE CARDS ***
Dealt to 94b432c7 
Dealt to ad0a764 
Dealt to Hero [6d 7c]
94b432c7: folds
ad0a764: calls $0.03
Hero: checks
*** FLOP *** [5c Jc 3c]
ad0a764: checks
Hero: bets $0.08
ad0a764: folds
Uncalled bet ($0.08) returned to Hero
*** SHOWDOWN ***
Hero collected $0.1 from pot
*** SUMMARY ***
Total pot $0.1 | Rake $0 | Jackpot $0 | Bingo $0 | Fortune $0
Board [5c Jc 3c]
Seat 1: 94b432c7 (button) folded before Flop (didn't bet)
Seat 4: ad0a764 (small blind) folded on the Flop
Seat 5: Hero (big blind) won ($0.1)


