Poker Hand #HD1139041124: Hold'em No Limit  ($0.02/$0.05) - 2023/02/27 22:39:59
Table 'NLHBlue22' 6-max Seat #5 is the button
Seat 2: ff3870de ($5.07 in chips)
Seat 4: Hero ($6.1 in chips)
Seat 5: fb773c5f ($7.25 in chips)
Seat 6: 9c15dfbd ($3.89 in chips)
9c15dfbd: posts small blind $0.02
ff3870de: posts big blind $0.05
*** HOLE CARDS ***
Dealt to ff3870de 
Dealt to Hero [Qc 9c]
Dealt to fb773c5f 
Dealt to 9c15dfbd 
Hero: raises $0.07 to $0.12
fb773c5f: folds
9c15dfbd: folds
ff3870de: folds
Uncalled bet ($0.07) returned to Hero
*** SHOWDOWN ***
Hero collected $0.12 from pot
*** SUMMARY ***
Total pot $0.12 | Rake $0 | Jackpot $0 | Bingo $0 | Fortune $0
Seat 2: ff3870de (big blind) folded before Flop
Seat 4: Hero collected ($0.12)
Seat 5: fb773c5f (button) folded before Flop (didn't bet)
Seat 6: 9c15dfbd (small blind) folded before Flop


Poker Hand #HD1139041045: Hold'em No Limit  ($0.02/$0.05) - 2023/02/27 22:39:22
Table 'NLHBlue22' 6-max Seat #4 is the button
Seat 1: c6b5ed4c ($4.96 in chips)
Seat 2: ff3870de ($5 in chips)
Seat 3: 3b123e55 ($5.6 in chips)
Seat 4: Hero ($6.1 in chips)
Seat 5: fb773c5f ($7.27 in chips)
Seat 6: 9c15dfbd ($3.94 in chips)
fb773c5f: posts small blind $0.02
9c15dfbd: posts big blind $0.05
*** HOLE CARDS ***
Dealt to c6b5ed4c 
Dealt to ff3870de 
Dealt to 3b123e55 
Dealt to Hero [5c 6d]
Dealt to fb773c5f 
Dealt to 9c15dfbd 
c6b5ed4c: folds
ff3870de: raises $0.1 to $0.15
3b123e55: folds
Hero: folds
fb773c5f: folds
9c15dfbd: folds
Uncalled bet ($0.1) returned to ff3870de
*** SHOWDOWN ***
ff3870de collected $0.12 from pot
*** SUMMARY ***
Total pot $0.12 | Rake $0 | Jackpot $0 | Bingo $0 | Fortune $0
Seat 1: c6b5ed4c folded before Flop (didn't bet)
Seat 2: ff3870de collected ($0.12)
Seat 3: 3b123e55 folded before Flop (didn't bet)
Seat 4: Hero (button) folded before Flop (didn't bet)
Seat 5: fb773c5f (small blind) folded before Flop
Seat 6: 9c15dfbd (big blind) folded before Flop


Poker Hand #HD1139040987: Hold'em No Limit  ($0.02/$0.05) - 2023/02/27 22:38:42
Table 'NLHBlue22' 6-max Seat #3 is the button
Seat 1: c6b5ed4c ($5.06 in chips)
Seat 2: ff3870de ($5 in chips)
Seat 3: 3b123e55 ($5.6 in chips)
Seat 4: Hero ($5.96 in chips)
Seat 5: fb773c5f ($7.32 in chips)
Seat 6: 9c15dfbd ($3.94 in chips)
Hero: posts small blind $0.02
fb773c5f: posts big blind $0.05
*** HOLE CARDS ***
Dealt to c6b5ed4c 
Dealt to ff3870de 
Dealt to 3b123e55 
Dealt to Hero [Ah As]
Dealt to fb773c5f 
Dealt to 9c15dfbd 
9c15dfbd: folds
c6b5ed4c: raises $0.05 to $0.1
ff3870de: folds
3b123e55: folds
Hero: raises $0.3 to $0.4
fb773c5f: folds
c6b5ed4c: folds
Uncalled bet ($0.3) returned to Hero
*** SHOWDOWN ***
Hero collected $0.24 from pot
*** SUMMARY ***
Total pot $0.25 | Rake $0.01 | Jackpot $0 | Bingo $0 | Fortune $0
Seat 1: c6b5ed4c folded before Flop
Seat 2: ff3870de folded before Flop (didn't bet)
Seat 3: 3b123e55 (button) folded before Flop (didn't bet)
Seat 4: Hero (small blind) collected ($0.24)
Seat 5: fb773c5f (big blind) folded before Flop
Seat 6: 9c15dfbd folded before Flop (didn't bet)


Poker Hand #HD1139040901: Hold'em No Limit  ($0.02/$0.05) - 2023/02/27 22:37:55
Table 'NLHBlue22' 6-max Seat #2 is the button
Seat 1: c6b5ed4c ($5.06 in chips)
Seat 2: ff3870de ($5 in chips)
Seat 3: 3b123e55 ($5.46 in chips)
Seat 4: Hero ($6.11 in chips)
Seat 5: fb773c5f ($7.32 in chips)
Seat 6: 9c15dfbd ($3.94 in chips)
3b123e55: posts small blind $0.02
Hero: posts big blind $0.05
*** HOLE CARDS ***
Dealt to c6b5ed4c 
Dealt to ff3870de 
Dealt to 3b123e55 
Dealt to Hero [Ac 5s]
Dealt to fb773c5f 
Dealt to 9c15dfbd 
fb773c5f: folds
9c15dfbd: folds
c6b5ed4c: folds
ff3870de: folds
3b123e55: raises $0.1 to $0.15
Hero: calls $0.1
*** FLOP *** [2h 3c 8h]
3b123e55: bets $0.3
Hero: folds
Uncalled bet ($0.3) returned to 3b123e55
*** SHOWDOWN ***
3b123e55 collected $0.29 from pot
*** SUMMARY ***
Total pot $0.3 | Rake $0.01 | Jackpot $0 | Bingo $0 | Fortune $0
Board [2h 3c 8h]
Seat 1: c6b5ed4c folded before Flop (didn't bet)
Seat 2: ff3870de (button) folded before Flop (didn't bet)
Seat 3: 3b123e55 (small blind) won ($0.29)
Seat 4: Hero (big blind) folded on the Flop
Seat 5: fb773c5f folded before Flop (didn't bet)
Seat 6: 9c15dfbd folded before Flop (didn't bet)


Poker Hand #HD1139040790: Hold'em No Limit  ($0.02/$0.05) - 2023/02/27 22:36:54
Table 'NLHBlue22' 6-max Seat #1 is the button
Seat 1: c6b5ed4c ($5.16 in chips)
Seat 2: ff3870de ($5 in chips)
Seat 3: 3b123e55 ($5 in chips)
Seat 4: Hero ($6.11 in chips)
Seat 5: fb773c5f ($7.32 in chips)
Seat 6: 9c15dfbd ($3.94 in chips)
ff3870de: posts small blind $0.02
3b123e55: posts big blind $0.05
*** HOLE CARDS ***
Dealt to c6b5ed4c 
Dealt to ff3870de 
Dealt to 3b123e55 
Dealt to Hero [As 6d]
Dealt to fb773c5f 
Dealt to 9c15dfbd 
Hero: folds
fb773c5f: folds
9c15dfbd: folds
c6b5ed4c: raises $0.05 to $0.1
ff3870de: raises $0.3 to $0.4
3b123e55: raises $4.6 to $5 and is all-in
c6b5ed4c: folds
ff3870de: folds
Uncalled bet ($4.6) returned to 3b123e55
*** SHOWDOWN ***
3b123e55 collected $0.86 from pot
*** SUMMARY ***
Total pot $0.9 | Rake $0.04 | Jackpot $0 | Bingo $0 | Fortune $0
Seat 1: c6b5ed4c (button) folded before Flop
Seat 2: ff3870de (small blind) folded before Flop
Seat 3: 3b123e55 (big blind) collected ($0.86)
Seat 4: Hero folded before Flop (didn't bet)
Seat 5: fb773c5f folded before Flop (didn't bet)
Seat 6: 9c15dfbd folded before Flop (didn't bet)


Poker Hand #HD1139040667: Hold'em No Limit  ($0.02/$0.05) - 2023/02/27 22:35:46
Table 'NLHBlue22' 6-max Seat #6 is the button
Seat 1: c6b5ed4c ($5.18 in chips)
Seat 2: ff3870de ($5 in chips)
Seat 3: 3b123e55 ($5 in chips)
Seat 4: Hero ($5.13 in chips)
Seat 5: fb773c5f ($7.32 in chips)
Seat 6: 9c15dfbd ($5 in chips)
c6b5ed4c: posts small blind $0.02
ff3870de: posts big blind $0.05
*** HOLE CARDS ***
Dealt to c6b5ed4c 
Dealt to ff3870de 
Dealt to 3b123e55 
Dealt to Hero [Kh Ac]
Dealt to fb773c5f 
Dealt to 9c15dfbd 
3b123e55: folds
Hero: raises $0.07 to $0.12
fb773c5f: folds
9c15dfbd: raises $0.24 to $0.36
c6b5ed4c: folds
ff3870de: folds
Hero: raises $0.7 to $1.06
9c15dfbd: calls $0.7
*** FLOP *** [Ah 7c 9c]
Hero: bets $0.73
9c15dfbd: folds
Uncalled bet ($0.73) returned to Hero
*** SHOWDOWN ***
Hero collected $2.04 from pot
*** SUMMARY ***
Total pot $2.19 | Rake $0.1 | Jackpot $0.05 | Bingo $0 | Fortune $0
Board [Ah 7c 9c]
Seat 1: c6b5ed4c (small blind) folded before Flop
Seat 2: ff3870de (big blind) folded before Flop
Seat 3: 3b123e55 folded before Flop (didn't bet)
Seat 4: Hero won ($2.04)
Seat 5: fb773c5f folded before Flop (didn't bet)
Seat 6: 9c15dfbd (button) folded on the Flop


Poker Hand #HD1139040606: Hold'em No Limit  ($0.02/$0.05) - 2023/02/27 22:35:11
Table 'NLHBlue22' 6-max Seat #5 is the button
Seat 1: c6b5ed4c ($5.3 in chips)
Seat 2: ff3870de ($5 in chips)
Seat 3: 3b123e55 ($5 in chips)
Seat 4: Hero ($5 in chips)
Seat 5: fb773c5f ($7.32 in chips)
Seat 6: 9c15dfbd ($5.02 in chips)
9c15dfbd: posts small blind $0.02
c6b5ed4c: posts big blind $0.05
*** HOLE CARDS ***
Dealt to c6b5ed4c 
Dealt to ff3870de 
Dealt to 3b123e55 
Dealt to Hero [6d 5d]
Dealt to fb773c5f 
Dealt to 9c15dfbd 
ff3870de: folds
3b123e55: folds
Hero: raises $0.07 to $0.12
fb773c5f: folds
9c15dfbd: folds
c6b5ed4c: calls $0.07
*** FLOP *** [6s Ks 4c]
c6b5ed4c: checks
Hero: bets $0.09
c6b5ed4c: folds
Uncalled bet ($0.09) returned to Hero
*** SHOWDOWN ***
Hero collected $0.25 from pot
*** SUMMARY ***
Total pot $0.26 | Rake $0.01 | Jackpot $0 | Bingo $0 | Fortune $0
Board [6s Ks 4c]
Seat 1: c6b5ed4c (big blind) folded on the Flop
Seat 2: ff3870de folded before Flop (didn't bet)
Seat 3: 3b123e55 folded before Flop (didn't bet)
Seat 4: Hero won ($0.25)
Seat 5: fb773c5f (button) folded before Flop (didn't bet)
Seat 6: 9c15dfbd (small blind) folded before Flop


Poker Hand #HD1139040553: Hold'em No Limit  ($0.02/$0.05) - 2023/02/27 22:34:44
Table 'NLHBlue22' 6-max Seat #4 is the button
Seat 1: c6b5ed4c ($5.3 in chips)
Seat 2: ff3870de ($5 in chips)
Seat 3: 3b123e55 ($5 in chips)
Seat 4: Hero ($5 in chips)
Seat 5: fb773c5f ($7.34 in chips)
Seat 6: 9c15dfbd ($5 in chips)
fb773c5f: posts small blind $0.02
9c15dfbd: posts big blind $0.05
*** HOLE CARDS ***
Dealt to c6b5ed4c 
Dealt to ff3870de 
Dealt to 3b123e55 
Dealt to Hero [7c Ks]
Dealt to fb773c5f 
Dealt to 9c15dfbd 
c6b5ed4c: folds
ff3870de: folds
3b123e55: folds
Hero: folds
fb773c5f: folds
Uncalled bet ($0.03) returned to 9c15dfbd
*** SHOWDOWN ***
9c15dfbd collected $0.04 from pot
*** SUMMARY ***
Total pot $0.04 | Rake $0 | Jackpot $0 | Bingo $0 | Fortune $0
Seat 1: c6b5ed4c folded before Flop (didn't bet)
Seat 2: ff3870de folded before Flop (didn't bet)
Seat 3: 3b123e55 folded before Flop (didn't bet)
Seat 4: Hero (button) folded before Flop (didn't bet)
Seat 5: fb773c5f (small blind) folded before Flop
Seat 6: 9c15dfbd (big blind) collected ($0.04)


Poker Hand #HD1139040454: Hold'em No Limit  ($0.02/$0.05) - 2023/02/27 22:33:45
Table 'NLHBlue22' 6-max Seat #3 is the button
Seat 1: c6b5ed4c ($5.23 in chips)
Seat 2: ff3870de ($5 in chips)
Seat 3: 3b123e55 ($5 in chips)
Seat 4: Hero ($5 in chips)
Seat 5: fb773c5f ($7.39 in chips)
Seat 6: ade0b208 ($8.81 in chips)
Hero: posts small blind $0.02
fb773c5f: posts big blind $0.05
*** HOLE CARDS ***
Dealt to c6b5ed4c 
Dealt to ff3870de 
Dealt to 3b123e55 
Dealt to Hero [9h 3s]
Dealt to fb773c5f 
Dealt to ade0b208 
ade0b208: folds
c6b5ed4c: raises $0.05 to $0.1
ff3870de: folds
3b123e55: folds
Hero: folds
fb773c5f: folds
Uncalled bet ($0.05) returned to c6b5ed4c
*** SHOWDOWN ***
c6b5ed4c collected $0.12 from pot
*** SUMMARY ***
Total pot $0.12 | Rake $0 | Jackpot $0 | Bingo $0 | Fortune $0
Seat 1: c6b5ed4c collected ($0.12)
Seat 2: ff3870de folded before Flop (didn't bet)
Seat 3: 3b123e55 (button) folded before Flop (didn't bet)
Seat 4: Hero (small blind) folded before Flop
Seat 5: fb773c5f (big blind) folded before Flop
Seat 6: ade0b208 folded before Flop (didn't bet)


Poker Hand #HD1139040303: Hold'em No Limit  ($0.02/$0.05) - 2023/02/27 22:32:18
Table 'NLHBlue22' 6-max Seat #2 is the button
Seat 2: ff3870de ($5 in chips)
Seat 3: 3b123e55 ($5 in chips)
Seat 4: Hero ($5 in chips)
Seat 5: fb773c5f ($8.35 in chips)
Seat 6: ade0b208 ($7.92 in chips)
3b123e55: posts small blind $0.02
Hero: posts big blind $0.05
*** HOLE CARDS ***
Dealt to ff3870de 
Dealt to 3b123e55 
Dealt to Hero [9c Ks]
Dealt to fb773c5f 
Dealt to ade0b208 
fb773c5f: raises $0.1 to $0.15
ade0b208: raises $0.31 to $0.46
ff3870de: folds
3b123e55: folds
Hero: folds
fb773c5f: calls $0.31
*** FLOP *** [Ts 7s 7d]
fb773c5f: checks
ade0b208: bets $0.5
fb773c5f: calls $0.5
*** TURN *** [Ts 7s 7d] [Jc]
fb773c5f: checks
ade0b208: bets $1.06
fb773c5f: folds
Uncalled bet ($1.06) returned to ade0b208
*** SHOWDOWN ***
ade0b208 collected $1.85 from pot
*** SUMMARY ***
Total pot $1.99 | Rake $0.09 | Jackpot $0.05 | Bingo $0 | Fortune $0
Board [Ts 7s 7d Jc]
Seat 2: ff3870de (button) folded before Flop (didn't bet)
Seat 3: 3b123e55 (small blind) folded before Flop
Seat 4: Hero (big blind) folded before Flop
Seat 5: fb773c5f folded on the Turn
Seat 6: ade0b208 won ($1.85)


Poker Hand #HD1139040209: Hold'em No Limit  ($0.02/$0.05) - 2023/02/27 22:31:22
Table 'NLHBlue22' 6-max Seat #6 is the button
Seat 1: c6b5ed4c ($5.25 in chips)
Seat 2: ff3870de ($5 in chips)
Seat 3: 3b123e55 ($5 in chips)
Seat 4: Hero ($5.07 in chips)
Seat 5: fb773c5f ($8.35 in chips)
Seat 6: ade0b208 ($7.74 in chips)
c6b5ed4c: posts small blind $0.02
ff3870de: posts big blind $0.05
*** HOLE CARDS ***
Dealt to c6b5ed4c 
Dealt to ff3870de 
Dealt to 3b123e55 
Dealt to Hero [3c 3h]
Dealt to fb773c5f 
Dealt to ade0b208 
3b123e55: folds
Hero: raises $0.07 to $0.12
fb773c5f: folds
ade0b208: raises $0.26 to $0.38
c6b5ed4c: folds
ff3870de: folds
Hero: folds
Uncalled bet ($0.26) returned to ade0b208
*** SHOWDOWN ***
ade0b208 collected $0.3 from pot
*** SUMMARY ***
Total pot $0.31 | Rake $0.01 | Jackpot $0 | Bingo $0 | Fortune $0
Seat 1: c6b5ed4c (small blind) folded before Flop
Seat 2: ff3870de (big blind) folded before Flop
Seat 3: 3b123e55 folded before Flop (didn't bet)
Seat 4: Hero folded before Flop
Seat 5: fb773c5f folded before Flop (didn't bet)
Seat 6: ade0b208 (button) collected ($0.3)


Poker Hand #HD1139040183: Hold'em No Limit  ($0.02/$0.05) - 2023/02/27 22:31:05
Table 'NLHBlue22' 6-max Seat #5 is the button
Seat 1: c6b5ed4c ($5.23 in chips)
Seat 2: ff3870de ($5 in chips)
Seat 3: 3b123e55 ($5 in chips)
Seat 4: Hero ($5.07 in chips)
Seat 5: fb773c5f ($8.35 in chips)
Seat 6: ade0b208 ($7.76 in chips)
ade0b208: posts small blind $0.02
c6b5ed4c: posts big blind $0.05
*** HOLE CARDS ***
Dealt to c6b5ed4c 
Dealt to ff3870de 
Dealt to 3b123e55 
Dealt to Hero [8d 5h]
Dealt to fb773c5f 
Dealt to ade0b208 
ff3870de: folds
3b123e55: folds
Hero: folds
fb773c5f: folds
ade0b208: folds
Uncalled bet ($0.03) returned to c6b5ed4c
*** SHOWDOWN ***
c6b5ed4c collected $0.04 from pot
*** SUMMARY ***
Total pot $0.04 | Rake $0 | Jackpot $0 | Bingo $0 | Fortune $0
Seat 1: c6b5ed4c (big blind) collected ($0.04)
Seat 2: ff3870de folded before Flop (didn't bet)
Seat 3: 3b123e55 folded before Flop (didn't bet)
Seat 4: Hero folded before Flop (didn't bet)
Seat 5: fb773c5f (button) folded before Flop (didn't bet)
Seat 6: ade0b208 (small blind) folded before Flop


Poker Hand #HD1139040096: Hold'em No Limit  ($0.02/$0.05) - 2023/02/27 22:30:22
Table 'NLHBlue22' 6-max Seat #4 is the button
Seat 1: c6b5ed4c ($5.23 in chips)
Seat 2: ff3870de ($5 in chips)
Seat 3: 3b123e55 ($5 in chips)
Seat 4: Hero ($5 in chips)
Seat 5: fb773c5f ($8.37 in chips)
Seat 6: ade0b208 ($7.81 in chips)
fb773c5f: posts small blind $0.02
ade0b208: posts big blind $0.05
*** HOLE CARDS ***
Dealt to c6b5ed4c 
Dealt to ff3870de 
Dealt to 3b123e55 
Dealt to Hero [Ts Qc]
Dealt to fb773c5f 
Dealt to ade0b208 
c6b5ed4c: folds
ff3870de: folds
3b123e55: folds
Hero: raises $0.07 to $0.12
fb773c5f: folds
ade0b208: folds
Uncalled bet ($0.07) returned to Hero
*** SHOWDOWN ***
Hero collected $0.12 from pot
*** SUMMARY ***
Total pot $0.12 | Rake $0 | Jackpot $0 | Bingo $0 | Fortune $0
Seat 1: c6b5ed4c folded before Flop (didn't bet)
Seat 2: ff3870de folded before Flop (didn't bet)
Seat 3: 3b123e55 folded before Flop (didn't bet)
Seat 4: Hero (button) collected ($0.12)
Seat 5: fb773c5f (small blind) folded before Flop
Seat 6: ade0b208 (big blind) folded before Flop


Poker Hand #HD1139040027: Hold'em No Limit  ($0.02/$0.05) - 2023/02/27 22:29:44
Table 'NLHBlue22' 6-max Seat #3 is the button
Seat 1: c6b5ed4c ($5.16 in chips)
Seat 2: ff3870de ($5 in chips)
Seat 3: 3b123e55 ($5 in chips)
Seat 4: Hero ($5.02 in chips)
Seat 5: fb773c5f ($8.42 in chips)
Seat 6: ade0b208 ($7.81 in chips)
Hero: posts small blind $0.02
fb773c5f: posts big blind $0.05
*** HOLE CARDS ***
Dealt to c6b5ed4c 
Dealt to ff3870de 
Dealt to 3b123e55 
Dealt to Hero [2c 3h]
Dealt to fb773c5f 
Dealt to ade0b208 
ade0b208: folds
c6b5ed4c: raises $0.1 to $0.15
ff3870de: folds
3b123e55: folds
Hero: folds
fb773c5f: folds
Uncalled bet ($0.1) returned to c6b5ed4c
*** SHOWDOWN ***
c6b5ed4c collected $0.12 from pot
*** SUMMARY ***
Total pot $0.12 | Rake $0 | Jackpot $0 | Bingo $0 | Fortune $0
Seat 1: c6b5ed4c collected ($0.12)
Seat 2: ff3870de folded before Flop (didn't bet)
Seat 3: 3b123e55 (button) folded before Flop (didn't bet)
Seat 4: Hero (small blind) folded before Flop
Seat 5: fb773c5f (big blind) folded before Flop
Seat 6: ade0b208 folded before Flop (didn't bet)


Poker Hand #HD1139039964: Hold'em No Limit  ($0.02/$0.05) - 2023/02/27 22:29:10
Table 'NLHBlue22' 6-max Seat #2 is the button
Seat 1: c6b5ed4c ($5.16 in chips)
Seat 2: ff3870de ($5 in chips)
Seat 3: 3b123e55 ($5 in chips)
Seat 4: Hero ($5 in chips)
Seat 5: fb773c5f ($8.42 in chips)
Seat 6: ade0b208 ($7.81 in chips)
3b123e55: posts small blind $0.02
Hero: posts big blind $0.05
*** HOLE CARDS ***
Dealt to c6b5ed4c 
Dealt to ff3870de 
Dealt to 3b123e55 
Dealt to Hero [Jc 6c]
Dealt to fb773c5f 
Dealt to ade0b208 
fb773c5f: folds
ade0b208: folds
c6b5ed4c: folds
ff3870de: folds
3b123e55: folds
Uncalled bet ($0.03) returned to Hero
*** SHOWDOWN ***
Hero collected $0.04 from pot
*** SUMMARY ***
Total pot $0.04 | Rake $0 | Jackpot $0 | Bingo $0 | Fortune $0
Seat 1: c6b5ed4c folded before Flop (didn't bet)
Seat 2: ff3870de (button) folded before Flop (didn't bet)
Seat 3: 3b123e55 (small blind) folded before Flop
Seat 4: Hero (big blind) collected ($0.04)
Seat 5: fb773c5f folded before Flop (didn't bet)
Seat 6: ade0b208 folded before Flop (didn't bet)


Poker Hand #HD1139039849: Hold'em No Limit  ($0.02/$0.05) - 2023/02/27 22:28:04
Table 'NLHBlue22' 6-max Seat #1 is the button
Seat 1: c6b5ed4c ($5.16 in chips)
Seat 2: ff3870de ($5 in chips)
Seat 3: 3b123e55 ($5 in chips)
Seat 4: Hero ($5 in chips)
Seat 5: fb773c5f ($8.42 in chips)
Seat 6: ade0b208 ($7.26 in chips)
ff3870de: posts small blind $0.02
3b123e55: posts big blind $0.05
*** HOLE CARDS ***
Dealt to c6b5ed4c 
Dealt to ff3870de 
Dealt to 3b123e55 
Dealt to Hero [3d 2d]
Dealt to fb773c5f 
Dealt to ade0b208 
Hero: folds
fb773c5f: folds
ade0b208: raises $0.08 to $0.13
c6b5ed4c: folds
ff3870de: folds
3b123e55: calls $0.08
*** FLOP *** [2c Td 8s]
3b123e55: checks
ade0b208: bets $0.14
3b123e55: calls $0.14
*** TURN *** [2c Td 8s] [5s]
3b123e55: checks
ade0b208: bets $0.32
3b123e55: calls $0.32
*** RIVER *** [2c Td 8s 5s] [4s]
3b123e55: checks
ade0b208: checks
3b123e55: shows [9d 9c] (Pair of Nines)
ade0b208: shows [Qc Tc] (Pair of Tens)
*** SHOWDOWN ***
ade0b208 collected $1.14 from pot
*** SUMMARY ***
Total pot $1.2 | Rake $0.06 | Jackpot $0 | Bingo $0 | Fortune $0
Board [2c Td 8s 5s 4s]
Seat 1: c6b5ed4c (button) folded before Flop (didn't bet)
Seat 2: ff3870de (small blind) folded before Flop
Seat 3: 3b123e55 (big blind) showed [9d 9c] and lost with Pair of Nines
Seat 4: Hero folded before Flop (didn't bet)
Seat 5: fb773c5f folded before Flop (didn't bet)
Seat 6: ade0b208 showed [Qc Tc] and won ($1.14) with Pair of Tens


Poker Hand #HD1139039696: Hold'em No Limit  ($0.02/$0.05) - 2023/02/27 22:26:49
Table 'NLHBlue22' 6-max Seat #6 is the button
Seat 1: c6b5ed4c ($5.18 in chips)
Seat 2: ff3870de ($5 in chips)
Seat 4: Hero ($5 in chips)
Seat 5: fb773c5f ($8.42 in chips)
Seat 6: ade0b208 ($5.17 in chips)
c6b5ed4c: posts small blind $0.02
ff3870de: posts big blind $0.05
*** HOLE CARDS ***
Dealt to c6b5ed4c 
Dealt to ff3870de 
Dealt to Hero [2c 9c]
Dealt to fb773c5f 
Dealt to ade0b208 
Hero: folds
fb773c5f: folds
ade0b208: raises $0.08 to $0.13
c6b5ed4c: folds
ff3870de: calls $0.08
*** FLOP *** [8d Qs Qh]
ff3870de: checks
ade0b208: bets $0.14
ff3870de: calls $0.14
*** TURN *** [8d Qs Qh] [2s]
ff3870de: checks
ade0b208: bets $0.32
ff3870de: raises $0.58 to $0.9
ade0b208: calls $0.58
*** RIVER *** [8d Qs Qh 2s] [7d]
ff3870de: bets $1.18
ade0b208: calls $1.18
ff3870de: shows [Qc Ts] (Three Queens)
ade0b208: shows [Kc Qd] (Three Queens)
*** SHOWDOWN ***
ade0b208 collected $4.44 from pot
*** SUMMARY ***
Total pot $4.72 | Rake $0.23 | Jackpot $0.05 | Bingo $0 | Fortune $0
Board [8d Qs Qh 2s 7d]
Seat 1: c6b5ed4c (small blind) folded before Flop
Seat 2: ff3870de (big blind) showed [Qc Ts] and lost with Three Queens
Seat 4: Hero folded before Flop (didn't bet)
Seat 5: fb773c5f folded before Flop (didn't bet)
Seat 6: ade0b208 (button) showed [Kc Qd] and won ($4.44) with Three Queens


Poker Hand #HD1139039459: Hold'em No Limit  ($0.02/$0.05) - 2023/02/27 22:24:44
Table 'NLHBlue22' 6-max Seat #5 is the button
Seat 1: c6b5ed4c ($5.23 in chips)
Seat 2: ff3870de ($5.47 in chips)
Seat 4: Hero ($5 in chips)
Seat 5: fb773c5f ($7.71 in chips)
Seat 6: ade0b208 ($5.19 in chips)
ade0b208: posts small blind $0.02
c6b5ed4c: posts big blind $0.05
*** HOLE CARDS ***
Dealt to c6b5ed4c 
Dealt to ff3870de 
Dealt to Hero [4d 7s]
Dealt to fb773c5f 
Dealt to ade0b208 
ff3870de: raises $0.1 to $0.15
Hero: folds
fb773c5f: calls $0.15
ade0b208: folds
c6b5ed4c: folds
*** FLOP *** [8h 9h 2c]
ff3870de: bets $0.19
fb773c5f: raises $0.42 to $0.61
ff3870de: calls $0.42
*** TURN *** [8h 9h 2c] [Ad]
ff3870de: checks
fb773c5f: checks
*** RIVER *** [8h 9h 2c Ad] [3s]
ff3870de: checks
fb773c5f: bets $0.63
ff3870de: folds
Uncalled bet ($0.63) returned to fb773c5f
*** SHOWDOWN ***
fb773c5f collected $1.47 from pot
*** SUMMARY ***
Total pot $1.59 | Rake $0.07 | Jackpot $0.05 | Bingo $0 | Fortune $0
Board [8h 9h 2c Ad 3s]
Seat 1: c6b5ed4c (big blind) folded before Flop
Seat 2: ff3870de folded on the River
Seat 4: Hero folded before Flop (didn't bet)
Seat 5: fb773c5f (button) won ($1.47)
Seat 6: ade0b208 (small blind) folded before Flop


Poker Hand #HD1139039312: Hold'em No Limit  ($0.02/$0.05) - 2023/02/27 22:23:34
Table 'NLHBlue22' 6-max Seat #4 is the button
Seat 1: c6b5ed4c ($5.23 in chips)
Seat 2: ff3870de ($5 in chips)
Seat 4: Hero ($5 in chips)
Seat 5: fb773c5f ($7.73 in chips)
Seat 6: ade0b208 ($5.24 in chips)
fb773c5f: posts small blind $0.02
ade0b208: posts big blind $0.05
*** HOLE CARDS ***
Dealt to c6b5ed4c 
Dealt to ff3870de 
Dealt to Hero [Kd As]
Dealt to fb773c5f 
Dealt to ade0b208 
c6b5ed4c: folds
ff3870de: raises $0.1 to $0.15
Hero: raises $0.29 to $0.44
fb773c5f: folds
ade0b208: folds
ff3870de: calls $0.29
*** FLOP *** [Tc 2h 9d]
ff3870de: checks
Hero: checks
*** TURN *** [Tc 2h 9d] [Th]
ff3870de: checks
Hero: checks
*** RIVER *** [Tc 2h 9d Th] [7c]
ff3870de: checks
Hero: checks
ff3870de: shows [2d Ad] (Pair of Tens and Pair of Twos)
Hero: shows [Kd As] (Pair of Tens)
*** SHOWDOWN ***
ff3870de collected $0.91 from pot
*** SUMMARY ***
Total pot $0.95 | Rake $0.04 | Jackpot $0 | Bingo $0 | Fortune $0
Board [Tc 2h 9d Th 7c]
Seat 1: c6b5ed4c folded before Flop (didn't bet)
Seat 2: ff3870de showed [2d Ad] and won ($0.91) with Pair of Tens and Pair of Twos
Seat 4: Hero (button) showed [Kd As] and lost with Pair of Tens
Seat 5: fb773c5f (small blind) folded before Flop
Seat 6: ade0b208 (big blind) folded before Flop


Poker Hand #HD1139039193: Hold'em No Limit  ($0.02/$0.05) - 2023/02/27 22:22:24
Table 'NLHBlue22' 6-max Seat #2 is the button
Seat 1: c6b5ed4c ($5.23 in chips)
Seat 2: ff3870de ($5.02 in chips)
Seat 3: c9e81bc9 ($5.14 in chips)
Seat 4: Hero ($5 in chips)
Seat 5: fb773c5f ($7.34 in chips)
Seat 6: ade0b208 ($5.24 in chips)
c9e81bc9: posts small blind $0.02
Hero: posts big blind $0.05
*** HOLE CARDS ***
Dealt to c6b5ed4c 
Dealt to ff3870de 
Dealt to c9e81bc9 
Dealt to Hero [4d 3s]
Dealt to fb773c5f 
Dealt to ade0b208 
fb773c5f: raises $0.1 to $0.15
ade0b208: folds
c6b5ed4c: folds
ff3870de: calls $0.15
c9e81bc9: folds
Hero: folds
*** FLOP *** [Jh Th As]
fb773c5f: checks
ff3870de: checks
*** TURN *** [Jh Th As] [5c]
fb773c5f: bets $0.2
ff3870de: calls $0.2
*** RIVER *** [Jh Th As 5c] [3d]
fb773c5f: checks
ff3870de: checks
ff3870de: shows [Jd Kh] (Pair of Jacks)
fb773c5f: shows [8c Ac] (Pair of Aces)
*** SHOWDOWN ***
fb773c5f collected $0.74 from pot
*** SUMMARY ***
Total pot $0.77 | Rake $0.03 | Jackpot $0 | Bingo $0 | Fortune $0
Board [Jh Th As 5c 3d]
Seat 1: c6b5ed4c folded before Flop (didn't bet)
Seat 2: ff3870de (button) showed [Jd Kh] and lost with Pair of Jacks
Seat 3: c9e81bc9 (small blind) folded before Flop
Seat 4: Hero (big blind) folded before Flop
Seat 5: fb773c5f showed [8c Ac] and won ($0.74) with Pair of Aces
Seat 6: ade0b208 folded before Flop (didn't bet)


Poker Hand #HD1139039120: Hold'em No Limit  ($0.02/$0.05) - 2023/02/27 22:21:51
Table 'NLHBlue22' 6-max Seat #1 is the button
Seat 1: c6b5ed4c ($5.04 in chips)
Seat 2: ff3870de ($5.04 in chips)
Seat 3: c9e81bc9 ($5.19 in chips)
Seat 4: Hero ($5 in chips)
Seat 5: fb773c5f ($7.34 in chips)
Seat 6: ade0b208 ($5.37 in chips)
ff3870de: posts small blind $0.02
c9e81bc9: posts big blind $0.05
*** HOLE CARDS ***
Dealt to c6b5ed4c 
Dealt to ff3870de 
Dealt to c9e81bc9 
Dealt to Hero [8d 2s]
Dealt to fb773c5f 
Dealt to ade0b208 
Hero: folds
fb773c5f: folds
ade0b208: raises $0.08 to $0.13
c6b5ed4c: raises $0.17 to $0.3
ff3870de: folds
c9e81bc9: folds
ade0b208: folds
Uncalled bet ($0.17) returned to c6b5ed4c
*** SHOWDOWN ***
c6b5ed4c collected $0.32 from pot
*** SUMMARY ***
Total pot $0.33 | Rake $0.01 | Jackpot $0 | Bingo $0 | Fortune $0
Seat 1: c6b5ed4c (button) collected ($0.32)
Seat 2: ff3870de (small blind) folded before Flop
Seat 3: c9e81bc9 (big blind) folded before Flop
Seat 4: Hero folded before Flop (didn't bet)
Seat 5: fb773c5f folded before Flop (didn't bet)
Seat 6: ade0b208 folded before Flop


Poker Hand #HD1139038952: Hold'em No Limit  ($0.02/$0.05) - 2023/02/27 22:20:15
Table 'NLHBlue22' 6-max Seat #6 is the button
Seat 1: c6b5ed4c ($5.06 in chips)
Seat 2: ff3870de ($5.17 in chips)
Seat 3: c9e81bc9 ($5.19 in chips)
Seat 4: Hero ($5 in chips)
Seat 5: fb773c5f ($7.34 in chips)
Seat 6: ade0b208 ($5.23 in chips)
c6b5ed4c: posts small blind $0.02
ff3870de: posts big blind $0.05
*** HOLE CARDS ***
Dealt to c6b5ed4c 
Dealt to ff3870de 
Dealt to c9e81bc9 
Dealt to Hero [6s Kd]
Dealt to fb773c5f 
Dealt to ade0b208 
c9e81bc9: folds
Hero: folds
fb773c5f: folds
ade0b208: raises $0.08 to $0.13
c6b5ed4c: folds
ff3870de: calls $0.08
*** FLOP *** [5c 7s 5s]
ff3870de: checks
ade0b208: bets $0.1
ff3870de: folds
Uncalled bet ($0.1) returned to ade0b208
*** SHOWDOWN ***
ade0b208 collected $0.27 from pot
*** SUMMARY ***
Total pot $0.28 | Rake $0.01 | Jackpot $0 | Bingo $0 | Fortune $0
Board [5c 7s 5s]
Seat 1: c6b5ed4c (small blind) folded before Flop
Seat 2: ff3870de (big blind) folded on the Flop
Seat 3: c9e81bc9 folded before Flop (didn't bet)
Seat 4: Hero folded before Flop (didn't bet)
Seat 5: fb773c5f folded before Flop (didn't bet)
Seat 6: ade0b208 (button) won ($0.27)


Poker Hand #HD1139038853: Hold'em No Limit  ($0.02/$0.05) - 2023/02/27 22:19:36
Table 'NLHBlue22' 6-max Seat #5 is the button
Seat 1: c6b5ed4c ($5.11 in chips)
Seat 2: ff3870de ($5.17 in chips)
Seat 3: c9e81bc9 ($5.19 in chips)
Seat 4: Hero ($5 in chips)
Seat 5: fb773c5f ($7.27 in chips)
Seat 6: ade0b208 ($5.25 in chips)
ade0b208: posts small blind $0.02
c6b5ed4c: posts big blind $0.05
*** HOLE CARDS ***
Dealt to c6b5ed4c 
Dealt to ff3870de 
Dealt to c9e81bc9 
Dealt to Hero [3c Qc]
Dealt to fb773c5f 
Dealt to ade0b208 
ff3870de: folds
c9e81bc9: folds
Hero: folds
fb773c5f: raises $0.1 to $0.15
ade0b208: folds
c6b5ed4c: folds
Uncalled bet ($0.1) returned to fb773c5f
*** SHOWDOWN ***
fb773c5f collected $0.12 from pot
*** SUMMARY ***
Total pot $0.12 | Rake $0 | Jackpot $0 | Bingo $0 | Fortune $0
Seat 1: c6b5ed4c (big blind) folded before Flop
Seat 2: ff3870de folded before Flop (didn't bet)
Seat 3: c9e81bc9 folded before Flop (didn't bet)
Seat 4: Hero folded before Flop (didn't bet)
Seat 5: fb773c5f (button) collected ($0.12)
Seat 6: ade0b208 (small blind) folded before Flop


Poker Hand #HD1139038738: Hold'em No Limit  ($0.02/$0.05) - 2023/02/27 22:18:39
Table 'NLHBlue22' 6-max Seat #4 is the button
Seat 1: c6b5ed4c ($5.11 in chips)
Seat 2: ff3870de ($5.17 in chips)
Seat 3: c9e81bc9 ($5.12 in chips)
Seat 4: Hero ($5 in chips)
Seat 5: fb773c5f ($7.29 in chips)
Seat 6: ade0b208 ($5.3 in chips)
fb773c5f: posts small blind $0.02
ade0b208: posts big blind $0.05
*** HOLE CARDS ***
Dealt to c6b5ed4c 
Dealt to ff3870de 
Dealt to c9e81bc9 
Dealt to Hero [3d 2h]
Dealt to fb773c5f 
Dealt to ade0b208 
c6b5ed4c: folds
ff3870de: folds
c9e81bc9: calls $0.05
Hero: folds
fb773c5f: folds
ade0b208: checks
*** FLOP *** [9d Ts Jc]
ade0b208: checks
c9e81bc9: bets $0.09
ade0b208: folds
Uncalled bet ($0.09) returned to c9e81bc9
*** SHOWDOWN ***
c9e81bc9 collected $0.12 from pot
*** SUMMARY ***
Total pot $0.12 | Rake $0 | Jackpot $0 | Bingo $0 | Fortune $0
Board [9d Ts Jc]
Seat 1: c6b5ed4c folded before Flop (didn't bet)
Seat 2: ff3870de folded before Flop (didn't bet)
Seat 3: c9e81bc9 won ($0.12)
Seat 4: Hero (button) folded before Flop (didn't bet)
Seat 5: fb773c5f (small blind) folded before Flop
Seat 6: ade0b208 (big blind) folded on the Flop


Poker Hand #HD1139038564: Hold'em No Limit  ($0.02/$0.05) - 2023/02/27 22:17:10
Table 'NLHBlue22' 6-max Seat #3 is the button
Seat 1: c6b5ed4c ($5.11 in chips)
Seat 2: ff3870de ($5.17 in chips)
Seat 3: c9e81bc9 ($6.16 in chips)
Seat 4: Hero ($5 in chips)
Seat 5: fb773c5f ($6.38 in chips)
Seat 6: ade0b208 ($5.3 in chips)
Hero: posts small blind $0.02
fb773c5f: posts big blind $0.05
*** HOLE CARDS ***
Dealt to c6b5ed4c 
Dealt to ff3870de 
Dealt to c9e81bc9 
Dealt to Hero [Tc 5h]
Dealt to fb773c5f 
Dealt to ade0b208 
ade0b208: folds
c6b5ed4c: folds
ff3870de: folds
c9e81bc9: calls $0.05
Hero: folds
fb773c5f: checks
*** FLOP *** [8s 6d Kc]
fb773c5f: checks
c9e81bc9: bets $0.09
fb773c5f: calls $0.09
*** TURN *** [8s 6d Kc] [5s]
fb773c5f: bets $0.2
c9e81bc9: raises $0.7 to $0.9
fb773c5f: calls $0.7
*** RIVER *** [8s 6d Kc 5s] [4s]
fb773c5f: checks
c9e81bc9: checks
fb773c5f: shows [8h 8d] (Three Eights)
c9e81bc9: shows [Ad As] (Pair of Aces)
*** SHOWDOWN ***
fb773c5f collected $1.95 from pot
*** SUMMARY ***
Total pot $2.1 | Rake $0.1 | Jackpot $0.05 | Bingo $0 | Fortune $0
Board [8s 6d Kc 5s 4s]
Seat 1: c6b5ed4c folded before Flop (didn't bet)
Seat 2: ff3870de folded before Flop (didn't bet)
Seat 3: c9e81bc9 (button) showed [Ad As] and lost with Pair of Aces
Seat 4: Hero (small blind) folded before Flop
Seat 5: fb773c5f (big blind) showed [8h 8d] and won ($1.95) with Three Eights
Seat 6: ade0b208 folded before Flop (didn't bet)


Poker Hand #HD1139038458: Hold'em No Limit  ($0.02/$0.05) - 2023/02/27 22:16:19
Table 'NLHBlue22' 6-max Seat #2 is the button
Seat 1: c6b5ed4c ($5.11 in chips)
Seat 2: ff3870de ($5.32 in chips)
Seat 3: c9e81bc9 ($6.18 in chips)
Seat 4: Hero ($5 in chips)
Seat 5: fb773c5f ($6.03 in chips)
Seat 6: ade0b208 ($5.45 in chips)
c9e81bc9: posts small blind $0.02
Hero: posts big blind $0.05
*** HOLE CARDS ***
Dealt to c6b5ed4c 
Dealt to ff3870de 
Dealt to c9e81bc9 
Dealt to Hero [4s Ts]
Dealt to fb773c5f 
Dealt to ade0b208 
fb773c5f: raises $0.1 to $0.15
ade0b208: calls $0.15
c6b5ed4c: folds
ff3870de: calls $0.15
c9e81bc9: folds
Hero: folds
*** FLOP *** [Ad 8c 6h]
fb773c5f: bets $0.31
ade0b208: folds
ff3870de: folds
Uncalled bet ($0.31) returned to fb773c5f
*** SHOWDOWN ***
fb773c5f collected $0.5 from pot
*** SUMMARY ***
Total pot $0.52 | Rake $0.02 | Jackpot $0 | Bingo $0 | Fortune $0
Board [Ad 8c 6h]
Seat 1: c6b5ed4c folded before Flop (didn't bet)
Seat 2: ff3870de (button) folded on the Flop
Seat 3: c9e81bc9 (small blind) folded before Flop
Seat 4: Hero (big blind) folded before Flop
Seat 5: fb773c5f won ($0.5)
Seat 6: ade0b208 folded on the Flop


Poker Hand #HD1139038364: Hold'em No Limit  ($0.02/$0.05) - 2023/02/27 22:15:25
Table 'NLHBlue22' 6-max Seat #1 is the button
Seat 1: c6b5ed4c ($5.11 in chips)
Seat 2: ff3870de ($5.13 in chips)
Seat 3: c9e81bc9 ($6.23 in chips)
Seat 4: Hero ($5 in chips)
Seat 5: fb773c5f ($6.18 in chips)
Seat 6: ade0b208 ($5.45 in chips)
ff3870de: posts small blind $0.02
c9e81bc9: posts big blind $0.05
*** HOLE CARDS ***
Dealt to c6b5ed4c 
Dealt to ff3870de 
Dealt to c9e81bc9 
Dealt to Hero [5c Kh]
Dealt to fb773c5f 
Dealt to ade0b208 
Hero: folds
fb773c5f: raises $0.1 to $0.15
ade0b208: folds
c6b5ed4c: folds
ff3870de: raises $0.45 to $0.6
c9e81bc9: folds
fb773c5f: folds
Uncalled bet ($0.45) returned to ff3870de
*** SHOWDOWN ***
ff3870de collected $0.34 from pot
*** SUMMARY ***
Total pot $0.35 | Rake $0.01 | Jackpot $0 | Bingo $0 | Fortune $0
Seat 1: c6b5ed4c (button) folded before Flop (didn't bet)
Seat 2: ff3870de (small blind) collected ($0.34)
Seat 3: c9e81bc9 (big blind) folded before Flop
Seat 4: Hero folded before Flop (didn't bet)
Seat 5: fb773c5f folded before Flop
Seat 6: ade0b208 folded before Flop (didn't bet)


Poker Hand #HD1139038207: Hold'em No Limit  ($0.02/$0.05) - 2023/02/27 22:14:02
Table 'NLHBlue22' 6-max Seat #6 is the button
Seat 1: c6b5ed4c ($5.43 in chips)
Seat 2: ff3870de ($5.18 in chips)
Seat 3: c9e81bc9 ($6.38 in chips)
Seat 4: Hero ($5 in chips)
Seat 5: fb773c5f ($5.7 in chips)
Seat 6: ade0b208 ($5.45 in chips)
c6b5ed4c: posts small blind $0.02
ff3870de: posts big blind $0.05
*** HOLE CARDS ***
Dealt to c6b5ed4c 
Dealt to ff3870de 
Dealt to c9e81bc9 
Dealt to Hero [7s 3d]
Dealt to fb773c5f 
Dealt to ade0b208 
c9e81bc9: calls $0.05
Hero: folds
fb773c5f: raises $0.1 to $0.15
ade0b208: folds
c6b5ed4c: calls $0.13
ff3870de: folds
c9e81bc9: calls $0.1
*** FLOP *** [7h Ac 3h]
c6b5ed4c: bets $0.17
c9e81bc9: folds
fb773c5f: raises $0.48 to $0.65
c6b5ed4c: folds
Uncalled bet ($0.48) returned to fb773c5f
*** SHOWDOWN ***
fb773c5f collected $0.8 from pot
*** SUMMARY ***
Total pot $0.84 | Rake $0.04 | Jackpot $0 | Bingo $0 | Fortune $0
Board [7h Ac 3h]
Seat 1: c6b5ed4c (small blind) folded on the Flop
Seat 2: ff3870de (big blind) folded before Flop
Seat 3: c9e81bc9 folded on the Flop
Seat 4: Hero folded before Flop (didn't bet)
Seat 5: fb773c5f won ($0.8)
Seat 6: ade0b208 (button) folded before Flop (didn't bet)


Poker Hand #HD1139038162: Hold'em No Limit  ($0.02/$0.05) - 2023/02/27 22:13:40
Table 'NLHBlue22' 6-max Seat #5 is the button
Seat 1: c6b5ed4c ($5.41 in chips)
Seat 2: ff3870de ($5.18 in chips)
Seat 3: c9e81bc9 ($6.38 in chips)
Seat 4: Hero ($5 in chips)
Seat 5: fb773c5f ($5.7 in chips)
Seat 6: ade0b208 ($5.47 in chips)
ade0b208: posts small blind $0.02
c6b5ed4c: posts big blind $0.05
*** HOLE CARDS ***
Dealt to c6b5ed4c 
Dealt to ff3870de 
Dealt to c9e81bc9 
Dealt to Hero [3s Qd]
Dealt to fb773c5f 
Dealt to ade0b208 
ff3870de: folds
c9e81bc9: folds
Hero: folds
fb773c5f: folds
ade0b208: folds
Uncalled bet ($0.03) returned to c6b5ed4c
*** SHOWDOWN ***
c6b5ed4c collected $0.04 from pot
*** SUMMARY ***
Total pot $0.04 | Rake $0 | Jackpot $0 | Bingo $0 | Fortune $0
Seat 1: c6b5ed4c (big blind) collected ($0.04)
Seat 2: ff3870de folded before Flop (didn't bet)
Seat 3: c9e81bc9 folded before Flop (didn't bet)
Seat 4: Hero folded before Flop (didn't bet)
Seat 5: fb773c5f (button) folded before Flop (didn't bet)
Seat 6: ade0b208 (small blind) folded before Flop


Poker Hand #HD1139038055: Hold'em No Limit  ($0.02/$0.05) - 2023/02/27 22:12:49
Table 'NLHBlue22' 6-max Seat #4 is the button
Seat 1: c6b5ed4c ($5.51 in chips)
Seat 2: ff3870de ($5.18 in chips)
Seat 3: c9e81bc9 ($6.22 in chips)
Seat 4: Hero ($5 in chips)
Seat 5: fb773c5f ($5.72 in chips)
Seat 6: ade0b208 ($5.52 in chips)
fb773c5f: posts small blind $0.02
ade0b208: posts big blind $0.05
*** HOLE CARDS ***
Dealt to c6b5ed4c 
Dealt to ff3870de 
Dealt to c9e81bc9 
Dealt to Hero [9c 6h]
Dealt to fb773c5f 
Dealt to ade0b208 
c6b5ed4c: raises $0.05 to $0.1
ff3870de: folds
c9e81bc9: calls $0.1
Hero: folds
fb773c5f: folds
ade0b208: folds
*** FLOP *** [Kd 3h As]
c6b5ed4c: checks
c9e81bc9: checks
*** TURN *** [Kd 3h As] [Qc]
c6b5ed4c: checks
c9e81bc9: bets $0.14
c6b5ed4c: folds
Uncalled bet ($0.14) returned to c9e81bc9
*** SHOWDOWN ***
c9e81bc9 collected $0.26 from pot
*** SUMMARY ***
Total pot $0.27 | Rake $0.01 | Jackpot $0 | Bingo $0 | Fortune $0
Board [Kd 3h As Qc]
Seat 1: c6b5ed4c folded on the Turn
Seat 2: ff3870de folded before Flop (didn't bet)
Seat 3: c9e81bc9 won ($0.26)
Seat 4: Hero (button) folded before Flop (didn't bet)
Seat 5: fb773c5f (small blind) folded before Flop
Seat 6: ade0b208 (big blind) folded before Flop


Poker Hand #HD1139037958: Hold'em No Limit  ($0.02/$0.05) - 2023/02/27 22:11:57
Table 'NLHBlue22' 6-max Seat #3 is the button
Seat 2: ff3870de ($5.18 in chips)
Seat 3: c9e81bc9 ($6.15 in chips)
Seat 4: Hero ($5 in chips)
Seat 5: fb773c5f ($5.77 in chips)
Seat 6: ade0b208 ($5.52 in chips)
Hero: posts small blind $0.02
fb773c5f: posts big blind $0.05
*** HOLE CARDS ***
Dealt to ff3870de 
Dealt to c9e81bc9 
Dealt to Hero [4s 8d]
Dealt to fb773c5f 
Dealt to ade0b208 
ade0b208: folds
ff3870de: folds
c9e81bc9: calls $0.05
Hero: folds
fb773c5f: checks
*** FLOP *** [3h 4h Qs]
fb773c5f: checks
c9e81bc9: bets $0.09
fb773c5f: folds
Uncalled bet ($0.09) returned to c9e81bc9
*** SHOWDOWN ***
c9e81bc9 collected $0.12 from pot
*** SUMMARY ***
Total pot $0.12 | Rake $0 | Jackpot $0 | Bingo $0 | Fortune $0
Board [3h 4h Qs]
Seat 2: ff3870de folded before Flop (didn't bet)
Seat 3: c9e81bc9 (button) won ($0.12)
Seat 4: Hero (small blind) folded before Flop
Seat 5: fb773c5f (big blind) folded on the Flop
Seat 6: ade0b208 folded before Flop (didn't bet)


Poker Hand #HD1139037876: Hold'em No Limit  ($0.02/$0.05) - 2023/02/27 22:11:14
Table 'NLHBlue22' 6-max Seat #2 is the button
Seat 2: ff3870de ($5.18 in chips)
Seat 3: c9e81bc9 ($6.06 in chips)
Seat 4: Hero ($5.03 in chips)
Seat 5: fb773c5f ($5.77 in chips)
Seat 6: ade0b208 ($5.52 in chips)
c9e81bc9: posts small blind $0.02
Hero: posts big blind $0.05
*** HOLE CARDS ***
Dealt to ff3870de 
Dealt to c9e81bc9 
Dealt to Hero [8c 2s]
Dealt to fb773c5f 
Dealt to ade0b208 
fb773c5f: folds
ade0b208: folds
ff3870de: folds
c9e81bc9: calls $0.03
Hero: checks
*** FLOP *** [2d Th Qh]
c9e81bc9: bets $0.05
Hero: calls $0.05
*** TURN *** [2d Th Qh] [Jd]
c9e81bc9: bets $0.15
Hero: folds
Uncalled bet ($0.15) returned to c9e81bc9
*** SHOWDOWN ***
c9e81bc9 collected $0.19 from pot
*** SUMMARY ***
Total pot $0.2 | Rake $0.01 | Jackpot $0 | Bingo $0 | Fortune $0
Board [2d Th Qh Jd]
Seat 2: ff3870de (button) folded before Flop (didn't bet)
Seat 3: c9e81bc9 (small blind) won ($0.19)
Seat 4: Hero (big blind) folded on the Turn
Seat 5: fb773c5f folded before Flop (didn't bet)
Seat 6: ade0b208 folded before Flop (didn't bet)


Poker Hand #HD1139037789: Hold'em No Limit  ($0.02/$0.05) - 2023/02/27 22:10:35
Table 'NLHBlue22' 6-max Seat #6 is the button
Seat 1: c6b5ed4c ($5.53 in chips)
Seat 2: ff3870de ($5.23 in chips)
Seat 3: c9e81bc9 ($6.06 in chips)
Seat 4: Hero ($5.03 in chips)
Seat 5: fb773c5f ($5.7 in chips)
Seat 6: ade0b208 ($5.52 in chips)
c6b5ed4c: posts small blind $0.02
ff3870de: posts big blind $0.05
*** HOLE CARDS ***
Dealt to c6b5ed4c 
Dealt to ff3870de 
Dealt to c9e81bc9 
Dealt to Hero [4d 2h]
Dealt to fb773c5f 
Dealt to ade0b208 
c9e81bc9: folds
Hero: folds
fb773c5f: raises $0.1 to $0.15
ade0b208: folds
c6b5ed4c: folds
ff3870de: folds
Uncalled bet ($0.1) returned to fb773c5f
*** SHOWDOWN ***
fb773c5f collected $0.12 from pot
*** SUMMARY ***
Total pot $0.12 | Rake $0 | Jackpot $0 | Bingo $0 | Fortune $0
Seat 1: c6b5ed4c (small blind) folded before Flop
Seat 2: ff3870de (big blind) folded before Flop
Seat 3: c9e81bc9 folded before Flop (didn't bet)
Seat 4: Hero folded before Flop (didn't bet)
Seat 5: fb773c5f collected ($0.12)
Seat 6: ade0b208 (button) folded before Flop (didn't bet)


Poker Hand #HD1139037758: Hold'em No Limit  ($0.02/$0.05) - 2023/02/27 22:10:19
Table 'NLHBlue22' 6-max Seat #5 is the button
Seat 1: c6b5ed4c ($5.58 in chips)
Seat 2: ff3870de ($5.16 in chips)
Seat 3: c9e81bc9 ($6.06 in chips)
Seat 4: Hero ($5.03 in chips)
Seat 5: fb773c5f ($5.7 in chips)
Seat 6: ade0b208 ($5.54 in chips)
ade0b208: posts small blind $0.02
c6b5ed4c: posts big blind $0.05
*** HOLE CARDS ***
Dealt to c6b5ed4c 
Dealt to ff3870de 
Dealt to c9e81bc9 
Dealt to Hero [6s 7d]
Dealt to fb773c5f 
Dealt to ade0b208 
ff3870de: raises $0.1 to $0.15
c9e81bc9: folds
Hero: folds
fb773c5f: folds
ade0b208: folds
c6b5ed4c: folds
Uncalled bet ($0.1) returned to ff3870de
*** SHOWDOWN ***
ff3870de collected $0.12 from pot
*** SUMMARY ***
Total pot $0.12 | Rake $0 | Jackpot $0 | Bingo $0 | Fortune $0
Seat 1: c6b5ed4c (big blind) folded before Flop
Seat 2: ff3870de collected ($0.12)
Seat 3: c9e81bc9 folded before Flop (didn't bet)
Seat 4: Hero folded before Flop (didn't bet)
Seat 5: fb773c5f (button) folded before Flop (didn't bet)
Seat 6: ade0b208 (small blind) folded before Flop


Poker Hand #HD1139037627: Hold'em No Limit  ($0.02/$0.05) - 2023/02/27 22:09:17
Table 'NLHBlue22' 6-max Seat #4 is the button
Seat 1: c6b5ed4c ($5.58 in chips)
Seat 2: ff3870de ($5 in chips)
Seat 3: c9e81bc9 ($6.06 in chips)
Seat 4: Hero ($5.03 in chips)
Seat 5: fb773c5f ($5.72 in chips)
Seat 6: ade0b208 ($5.69 in chips)
fb773c5f: posts small blind $0.02
ade0b208: posts big blind $0.05
*** HOLE CARDS ***
Dealt to c6b5ed4c 
Dealt to ff3870de 
Dealt to c9e81bc9 
Dealt to Hero [9h Qs]
Dealt to fb773c5f 
Dealt to ade0b208 
c6b5ed4c: folds
ff3870de: raises $0.1 to $0.15
c9e81bc9: folds
Hero: folds
fb773c5f: folds
ade0b208: calls $0.1
*** FLOP *** [Js 4d Ad]
ade0b208: checks
ff3870de: bets $0.16
ade0b208: folds
Uncalled bet ($0.16) returned to ff3870de
*** SHOWDOWN ***
ff3870de collected $0.31 from pot
*** SUMMARY ***
Total pot $0.32 | Rake $0.01 | Jackpot $0 | Bingo $0 | Fortune $0
Board [Js 4d Ad]
Seat 1: c6b5ed4c folded before Flop (didn't bet)
Seat 2: ff3870de won ($0.31)
Seat 3: c9e81bc9 folded before Flop (didn't bet)
Seat 4: Hero (button) folded before Flop (didn't bet)
Seat 5: fb773c5f (small blind) folded before Flop
Seat 6: ade0b208 (big blind) folded on the Flop


Poker Hand #HD1139037575: Hold'em No Limit  ($0.02/$0.05) - 2023/02/27 22:08:42
Table 'NLHBlue22' 6-max Seat #3 is the button
Seat 1: c6b5ed4c ($5.37 in chips)
Seat 2: ff3870de ($5 in chips)
Seat 3: c9e81bc9 ($6.06 in chips)
Seat 4: Hero ($5.05 in chips)
Seat 5: fb773c5f ($5.77 in chips)
Seat 6: ade0b208 ($5.84 in chips)
Hero: posts small blind $0.02
fb773c5f: posts big blind $0.05
*** HOLE CARDS ***
Dealt to c6b5ed4c 
Dealt to ff3870de 
Dealt to c9e81bc9 
Dealt to Hero [3c 4s]
Dealt to fb773c5f 
Dealt to ade0b208 
ade0b208: raises $0.1 to $0.15
c6b5ed4c: raises $0.37 to $0.52
ff3870de: folds
c9e81bc9: folds
Hero: folds
fb773c5f: folds
ade0b208: folds
Uncalled bet ($0.37) returned to c6b5ed4c
*** SHOWDOWN ***
c6b5ed4c collected $0.36 from pot
*** SUMMARY ***
Total pot $0.37 | Rake $0.01 | Jackpot $0 | Bingo $0 | Fortune $0
Seat 1: c6b5ed4c collected ($0.36)
Seat 2: ff3870de folded before Flop (didn't bet)
Seat 3: c9e81bc9 (button) folded before Flop (didn't bet)
Seat 4: Hero (small blind) folded before Flop
Seat 5: fb773c5f (big blind) folded before Flop
Seat 6: ade0b208 folded before Flop


Poker Hand #HD1139037516: Hold'em No Limit  ($0.02/$0.05) - 2023/02/27 22:08:12
Table 'NLHBlue22' 6-max Seat #2 is the button
Seat 1: c6b5ed4c ($5.3 in chips)
Seat 2: ff3870de ($5 in chips)
Seat 3: c9e81bc9 ($6.08 in chips)
Seat 4: Hero ($5 in chips)
Seat 5: fb773c5f ($5.77 in chips)
Seat 6: ade0b208 ($5.84 in chips)
c9e81bc9: posts small blind $0.02
Hero: posts big blind $0.05
*** HOLE CARDS ***
Dealt to c6b5ed4c 
Dealt to ff3870de 
Dealt to c9e81bc9 
Dealt to Hero [2d 3h]
Dealt to fb773c5f 
Dealt to ade0b208 
fb773c5f: folds
ade0b208: folds
c6b5ed4c: raises $0.05 to $0.1
ff3870de: folds
c9e81bc9: folds
Hero: folds
Uncalled bet ($0.05) returned to c6b5ed4c
*** SHOWDOWN ***
c6b5ed4c collected $0.12 from pot
*** SUMMARY ***
Total pot $0.12 | Rake $0 | Jackpot $0 | Bingo $0 | Fortune $0
Seat 1: c6b5ed4c collected ($0.12)
Seat 2: ff3870de (button) folded before Flop (didn't bet)
Seat 3: c9e81bc9 (small blind) folded before Flop
Seat 4: Hero (big blind) folded before Flop
Seat 5: fb773c5f folded before Flop (didn't bet)
Seat 6: ade0b208 folded before Flop (didn't bet)


Poker Hand #HD1139037437: Hold'em No Limit  ($0.02/$0.05) - 2023/02/27 22:07:32
Table 'NLHBlue22' 6-max Seat #1 is the button
Seat 1: c6b5ed4c ($5.3 in chips)
Seat 2: ff3870de ($5 in chips)
Seat 3: c9e81bc9 ($6.13 in chips)
Seat 4: Hero ($5.37 in chips)
Seat 5: fb773c5f ($5.77 in chips)
Seat 6: ade0b208 ($5.43 in chips)
ff3870de: posts small blind $0.02
c9e81bc9: posts big blind $0.05
*** HOLE CARDS ***
Dealt to c6b5ed4c 
Dealt to ff3870de 
Dealt to c9e81bc9 
Dealt to Hero [Ah Th]
Dealt to fb773c5f 
Dealt to ade0b208 
Hero: raises $0.07 to $0.12
fb773c5f: folds
ade0b208: raises $0.26 to $0.38
c6b5ed4c: folds
ff3870de: folds
c9e81bc9: folds
Hero: calls $0.26
*** FLOP *** [2h 2d Js]
Hero: checks
ade0b208: bets $0.42
Hero: folds
Uncalled bet ($0.42) returned to ade0b208
*** SHOWDOWN ***
ade0b208 collected $0.79 from pot
*** SUMMARY ***
Total pot $0.83 | Rake $0.04 | Jackpot $0 | Bingo $0 | Fortune $0
Board [2h 2d Js]
Seat 1: c6b5ed4c (button) folded before Flop (didn't bet)
Seat 2: ff3870de (small blind) folded before Flop
Seat 3: c9e81bc9 (big blind) folded before Flop
Seat 4: Hero folded on the Flop
Seat 5: fb773c5f folded before Flop (didn't bet)
Seat 6: ade0b208 won ($0.79)


Poker Hand #HD1139037286: Hold'em No Limit  ($0.02/$0.05) - 2023/02/27 22:06:19
Table 'NLHBlue22' 6-max Seat #6 is the button
Seat 1: c6b5ed4c ($5.4 in chips)
Seat 2: ff3870de ($6.02 in chips)
Seat 3: c9e81bc9 ($4.88 in chips)
Seat 4: Hero ($5.37 in chips)
Seat 5: fb773c5f ($5.77 in chips)
Seat 6: ade0b208 ($5.43 in chips)
c6b5ed4c: posts small blind $0.02
ff3870de: posts big blind $0.05
*** HOLE CARDS ***
Dealt to c6b5ed4c 
Dealt to ff3870de 
Dealt to c9e81bc9 
Dealt to Hero [Qd Jc]
Dealt to fb773c5f 
Dealt to ade0b208 
c9e81bc9: calls $0.05
Hero: folds
fb773c5f: folds
ade0b208: folds
c6b5ed4c: raises $0.05 to $0.1
ff3870de: raises $0.4 to $0.5
c9e81bc9: calls $0.45
c6b5ed4c: folds
*** FLOP *** [Th Td Tc]
ff3870de: checks
c9e81bc9: bets $0.83
ff3870de: calls $0.83
*** TURN *** [Th Td Tc] [8h]
ff3870de: checks
c9e81bc9: checks
*** RIVER *** [Th Td Tc 8h] [4d]
ff3870de: checks
c9e81bc9: bets $2.07
ff3870de: folds
Uncalled bet ($2.07) returned to c9e81bc9
*** SHOWDOWN ***
c9e81bc9 collected $2.58 from pot
*** SUMMARY ***
Total pot $2.76 | Rake $0.13 | Jackpot $0.05 | Bingo $0 | Fortune $0
Board [Th Td Tc 8h 4d]
Seat 1: c6b5ed4c (small blind) folded before Flop
Seat 2: ff3870de (big blind) folded on the River
Seat 3: c9e81bc9 won ($2.58)
Seat 4: Hero folded before Flop (didn't bet)
Seat 5: fb773c5f folded before Flop (didn't bet)
Seat 6: ade0b208 (button) folded before Flop (didn't bet)


Poker Hand #HD1139037199: Hold'em No Limit  ($0.02/$0.05) - 2023/02/27 22:05:31
Table 'NLHBlue22' 6-max Seat #5 is the button
Seat 1: c6b5ed4c ($5.45 in chips)
Seat 2: ff3870de ($6.02 in chips)
Seat 3: c9e81bc9 ($4.93 in chips)
Seat 4: Hero ($5.37 in chips)
Seat 5: fb773c5f ($5.65 in chips)
Seat 6: ade0b208 ($5.45 in chips)
ade0b208: posts small blind $0.02
c6b5ed4c: posts big blind $0.05
*** HOLE CARDS ***
Dealt to c6b5ed4c 
Dealt to ff3870de 
Dealt to c9e81bc9 
Dealt to Hero [8h As]
Dealt to fb773c5f 
Dealt to ade0b208 
ff3870de: folds
c9e81bc9: calls $0.05
Hero: folds
fb773c5f: raises $0.15 to $0.2
ade0b208: folds
c6b5ed4c: folds
c9e81bc9: folds
Uncalled bet ($0.15) returned to fb773c5f
*** SHOWDOWN ***
fb773c5f collected $0.17 from pot
*** SUMMARY ***
Total pot $0.17 | Rake $0 | Jackpot $0 | Bingo $0 | Fortune $0
Seat 1: c6b5ed4c (big blind) folded before Flop
Seat 2: ff3870de folded before Flop (didn't bet)
Seat 3: c9e81bc9 folded before Flop
Seat 4: Hero folded before Flop (didn't bet)
Seat 5: fb773c5f (button) collected ($0.17)
Seat 6: ade0b208 (small blind) folded before Flop


Poker Hand #HD1139037042: Hold'em No Limit  ($0.02/$0.05) - 2023/02/27 22:04:05
Table 'NLHBlue22' 6-max Seat #4 is the button
Seat 1: c6b5ed4c ($5.45 in chips)
Seat 2: ff3870de ($6.02 in chips)
Seat 3: c9e81bc9 ($4.93 in chips)
Seat 4: Hero ($5.37 in chips)
Seat 5: fb773c5f ($6.11 in chips)
Seat 6: ade0b208 ($5.03 in chips)
fb773c5f: posts small blind $0.02
ade0b208: posts big blind $0.05
*** HOLE CARDS ***
Dealt to c6b5ed4c 
Dealt to ff3870de 
Dealt to c9e81bc9 
Dealt to Hero [7c 3c]
Dealt to fb773c5f 
Dealt to ade0b208 
c6b5ed4c: folds
ff3870de: folds
c9e81bc9: folds
Hero: folds
fb773c5f: raises $0.1 to $0.15
ade0b208: raises $0.31 to $0.46
fb773c5f: calls $0.31
*** FLOP *** [7h 6h 7d]
fb773c5f: checks
ade0b208: bets $0.31
fb773c5f: folds
Uncalled bet ($0.31) returned to ade0b208
*** SHOWDOWN ***
ade0b208 collected $0.88 from pot
*** SUMMARY ***
Total pot $0.92 | Rake $0.04 | Jackpot $0 | Bingo $0 | Fortune $0
Board [7h 6h 7d]
Seat 1: c6b5ed4c folded before Flop (didn't bet)
Seat 2: ff3870de folded before Flop (didn't bet)
Seat 3: c9e81bc9 folded before Flop (didn't bet)
Seat 4: Hero (button) folded before Flop (didn't bet)
Seat 5: fb773c5f (small blind) folded on the Flop
Seat 6: ade0b208 (big blind) won ($0.88)


Poker Hand #HD1139036926: Hold'em No Limit  ($0.02/$0.05) - 2023/02/27 22:03:07
Table 'NLHBlue22' 6-max Seat #3 is the button
Seat 1: c6b5ed4c ($5.24 in chips)
Seat 2: ff3870de ($6.02 in chips)
Seat 3: c9e81bc9 ($4.93 in chips)
Seat 4: Hero ($5.39 in chips)
Seat 5: fb773c5f ($6.32 in chips)
Seat 6: ade0b208 ($5.03 in chips)
Hero: posts small blind $0.02
fb773c5f: posts big blind $0.05
*** HOLE CARDS ***
Dealt to c6b5ed4c 
Dealt to ff3870de 
Dealt to c9e81bc9 
Dealt to Hero [9h Jc]
Dealt to fb773c5f 
Dealt to ade0b208 
ade0b208: folds
c6b5ed4c: raises $0.05 to $0.1
ff3870de: folds
c9e81bc9: folds
Hero: folds
fb773c5f: calls $0.05
*** FLOP *** [4d 9s 4c]
fb773c5f: checks
c6b5ed4c: bets $0.11
fb773c5f: calls $0.11
*** TURN *** [4d 9s 4c] [Ad]
fb773c5f: checks
c6b5ed4c: bets $0.22
fb773c5f: folds
Uncalled bet ($0.22) returned to c6b5ed4c
*** SHOWDOWN ***
c6b5ed4c collected $0.42 from pot
*** SUMMARY ***
Total pot $0.44 | Rake $0.02 | Jackpot $0 | Bingo $0 | Fortune $0
Board [4d 9s 4c Ad]
Seat 1: c6b5ed4c won ($0.42)
Seat 2: ff3870de folded before Flop (didn't bet)
Seat 3: c9e81bc9 (button) folded before Flop (didn't bet)
Seat 4: Hero (small blind) folded before Flop
Seat 5: fb773c5f (big blind) folded on the Turn
Seat 6: ade0b208 folded before Flop (didn't bet)


Poker Hand #HD1139036825: Hold'em No Limit  ($0.02/$0.05) - 2023/02/27 22:02:19
Table 'NLHBlue22' 6-max Seat #2 is the button
Seat 1: c6b5ed4c ($5.34 in chips)
Seat 2: ff3870de ($6.02 in chips)
Seat 3: c9e81bc9 ($4.95 in chips)
Seat 4: Hero ($5.28 in chips)
Seat 5: fb773c5f ($6.32 in chips)
Seat 6: ade0b208 ($5.03 in chips)
c9e81bc9: posts small blind $0.02
Hero: posts big blind $0.05
*** HOLE CARDS ***
Dealt to c6b5ed4c 
Dealt to ff3870de 
Dealt to c9e81bc9 
Dealt to Hero [3h 2h]
Dealt to fb773c5f 
Dealt to ade0b208 
fb773c5f: folds
ade0b208: folds
c6b5ed4c: raises $0.05 to $0.1
ff3870de: folds
c9e81bc9: folds
Hero: calls $0.05
*** FLOP *** [Jh Qh 5h]
Hero: bets $0.11
c6b5ed4c: folds
Uncalled bet ($0.11) returned to Hero
*** SHOWDOWN ***
Hero collected $0.21 from pot
*** SUMMARY ***
Total pot $0.22 | Rake $0.01 | Jackpot $0 | Bingo $0 | Fortune $0
Board [Jh Qh 5h]
Seat 1: c6b5ed4c folded on the Flop
Seat 2: ff3870de (button) folded before Flop (didn't bet)
Seat 3: c9e81bc9 (small blind) folded before Flop
Seat 4: Hero (big blind) won ($0.21)
Seat 5: fb773c5f folded before Flop (didn't bet)
Seat 6: ade0b208 folded before Flop (didn't bet)


Poker Hand #HD1139036748: Hold'em No Limit  ($0.02/$0.05) - 2023/02/27 22:01:45
Table 'NLHBlue22' 6-max Seat #1 is the button
Seat 1: c6b5ed4c ($5.34 in chips)
Seat 2: ff3870de ($6.04 in chips)
Seat 3: c9e81bc9 ($5 in chips)
Seat 4: Hero ($5.21 in chips)
Seat 5: fb773c5f ($6.32 in chips)
Seat 6: ade0b208 ($5.03 in chips)
ff3870de: posts small blind $0.02
c9e81bc9: posts big blind $0.05
*** HOLE CARDS ***
Dealt to c6b5ed4c 
Dealt to ff3870de 
Dealt to c9e81bc9 
Dealt to Hero [2s 2h]
Dealt to fb773c5f 
Dealt to ade0b208 
Hero: raises $0.07 to $0.12
fb773c5f: folds
ade0b208: folds
c6b5ed4c: folds
ff3870de: folds
c9e81bc9: folds
Uncalled bet ($0.07) returned to Hero
*** SHOWDOWN ***
Hero collected $0.12 from pot
*** SUMMARY ***
Total pot $0.12 | Rake $0 | Jackpot $0 | Bingo $0 | Fortune $0
Seat 1: c6b5ed4c (button) folded before Flop (didn't bet)
Seat 2: ff3870de (small blind) folded before Flop
Seat 3: c9e81bc9 (big blind) folded before Flop
Seat 4: Hero collected ($0.12)
Seat 5: fb773c5f folded before Flop (didn't bet)
Seat 6: ade0b208 folded before Flop (didn't bet)


Poker Hand #HD1139036655: Hold'em No Limit  ($0.02/$0.05) - 2023/02/27 22:00:55
Table 'NLHBlue22' 6-max Seat #6 is the button
Seat 1: c6b5ed4c ($5.24 in chips)
Seat 2: ff3870de ($6.09 in chips)
Seat 4: Hero ($5.21 in chips)
Seat 5: fb773c5f ($6.32 in chips)
Seat 6: ade0b208 ($5.08 in chips)
c6b5ed4c: posts small blind $0.02
ff3870de: posts big blind $0.05
*** HOLE CARDS ***
Dealt to c6b5ed4c 
Dealt to ff3870de 
Dealt to Hero [9h 6d]
Dealt to fb773c5f 
Dealt to ade0b208 
Hero: folds
fb773c5f: folds
ade0b208: calls $0.05
c6b5ed4c: raises $0.15 to $0.2
ff3870de: folds
ade0b208: folds
Uncalled bet ($0.15) returned to c6b5ed4c
*** SHOWDOWN ***
c6b5ed4c collected $0.15 from pot
*** SUMMARY ***
Total pot $0.15 | Rake $0 | Jackpot $0 | Bingo $0 | Fortune $0
Seat 1: c6b5ed4c (small blind) collected ($0.15)
Seat 2: ff3870de (big blind) folded before Flop
Seat 4: Hero folded before Flop (didn't bet)
Seat 5: fb773c5f folded before Flop (didn't bet)
Seat 6: ade0b208 (button) folded before Flop


Poker Hand #HD1139036624: Hold'em No Limit  ($0.02/$0.05) - 2023/02/27 22:00:40
Table 'NLHBlue22' 6-max Seat #5 is the button
Seat 1: c6b5ed4c ($5.22 in chips)
Seat 4: Hero ($5.21 in chips)
Seat 5: fb773c5f ($6.32 in chips)
Seat 6: ade0b208 ($5.1 in chips)
ade0b208: posts small blind $0.02
c6b5ed4c: posts big blind $0.05
*** HOLE CARDS ***
Dealt to c6b5ed4c 
Dealt to Hero [3d 2c]
Dealt to fb773c5f 
Dealt to ade0b208 
Hero: folds
fb773c5f: folds
ade0b208: folds
Uncalled bet ($0.03) returned to c6b5ed4c
*** SHOWDOWN ***
c6b5ed4c collected $0.04 from pot
*** SUMMARY ***
Total pot $0.04 | Rake $0 | Jackpot $0 | Bingo $0 | Fortune $0
Seat 1: c6b5ed4c (big blind) collected ($0.04)
Seat 4: Hero folded before Flop (didn't bet)
Seat 5: fb773c5f (button) folded before Flop (didn't bet)
Seat 6: ade0b208 (small blind) folded before Flop


Poker Hand #HD1139036536: Hold'em No Limit  ($0.02/$0.05) - 2023/02/27 21:59:58
Table 'NLHBlue22' 6-max Seat #4 is the button
Seat 1: c6b5ed4c ($5.37 in chips)
Seat 4: Hero ($5 in chips)
Seat 5: fb773c5f ($6.34 in chips)
Seat 6: ade0b208 ($5.15 in chips)
fb773c5f: posts small blind $0.02
ade0b208: posts big blind $0.05
*** HOLE CARDS ***
Dealt to c6b5ed4c 
Dealt to Hero [Ah Jh]
Dealt to fb773c5f 
Dealt to ade0b208 
c6b5ed4c: raises $0.1 to $0.15
Hero: raises $0.21 to $0.36
fb773c5f: folds
ade0b208: folds
c6b5ed4c: folds
Uncalled bet ($0.21) returned to Hero
*** SHOWDOWN ***
Hero collected $0.36 from pot
*** SUMMARY ***
Total pot $0.37 | Rake $0.01 | Jackpot $0 | Bingo $0 | Fortune $0
Seat 1: c6b5ed4c folded before Flop
Seat 4: Hero (button) collected ($0.36)
Seat 5: fb773c5f (small blind) folded before Flop
Seat 6: ade0b208 (big blind) folded before Flop


Poker Hand #HD1139036455: Hold'em No Limit  ($0.02/$0.05) - 2023/02/27 21:59:21
Table 'NLHBlue22' 6-max Seat #1 is the button
Seat 1: c6b5ed4c ($5.18 in chips)
Seat 3: a909a27f ($0.48 in chips)
Seat 4: Hero ($5 in chips)
Seat 5: fb773c5f ($6.34 in chips)
Seat 6: ade0b208 ($5.28 in chips)
a909a27f: posts small blind $0.02
Hero: posts big blind $0.05
*** HOLE CARDS ***
Dealt to c6b5ed4c 
Dealt to a909a27f 
Dealt to Hero [Ac 9d]
Dealt to fb773c5f 
Dealt to ade0b208 
fb773c5f: folds
ade0b208: raises $0.08 to $0.13
c6b5ed4c: raises $0.11 to $0.24
a909a27f: folds
Hero: folds
ade0b208: folds
Uncalled bet ($0.11) returned to c6b5ed4c
*** SHOWDOWN ***
c6b5ed4c collected $0.32 from pot
*** SUMMARY ***
Total pot $0.33 | Rake $0.01 | Jackpot $0 | Bingo $0 | Fortune $0
Seat 1: c6b5ed4c (button) collected ($0.32)
Seat 3: a909a27f (small blind) folded before Flop
Seat 4: Hero (big blind) folded before Flop
Seat 5: fb773c5f folded before Flop (didn't bet)
Seat 6: ade0b208 folded before Flop


Poker Hand #HD1139036241: Hold'em No Limit  ($0.02/$0.05) - 2023/02/27 21:57:42
Table 'NLHBlue22' 6-max Seat #6 is the button
Seat 1: c6b5ed4c ($5.2 in chips)
Seat 3: a909a27f ($0.53 in chips)
Seat 4: Hero ($5.2 in chips)
Seat 5: fb773c5f ($6.34 in chips)
Seat 6: ade0b208 ($5 in chips)
c6b5ed4c: posts small blind $0.02
a909a27f: posts big blind $0.05
*** HOLE CARDS ***
Dealt to c6b5ed4c 
Dealt to a909a27f 
Dealt to Hero [Ad Td]
Dealt to fb773c5f 
Dealt to ade0b208 
Hero: raises $0.07 to $0.12
fb773c5f: folds
ade0b208: calls $0.12
c6b5ed4c: folds
a909a27f: folds
*** FLOP *** [7s Jc 8h]
Hero: checks
ade0b208: checks
*** TURN *** [7s Jc 8h] [8s]
Hero: checks
ade0b208: bets $0.11
Hero: calls $0.11
*** RIVER *** [7s Jc 8h 8s] [5s]
Hero: checks
ade0b208: checks
Hero: shows [Ad Td] (Pair of Eights)
ade0b208: shows [9c 9d] (Pair of Nines and Pair of Eights)
*** SHOWDOWN ***
ade0b208 collected $0.51 from pot
*** SUMMARY ***
Total pot $0.53 | Rake $0.02 | Jackpot $0 | Bingo $0 | Fortune $0
Board [7s Jc 8h 8s 5s]
Seat 1: c6b5ed4c (small blind) folded before Flop
Seat 3: a909a27f (big blind) folded before Flop
Seat 4: Hero showed [Ad Td] and lost with Pair of Eights
Seat 5: fb773c5f folded before Flop (didn't bet)
Seat 6: ade0b208 (button) showed [9c 9d] and won ($0.51) with Pair of Nines and Pair of Eights


Poker Hand #HD1139036157: Hold'em No Limit  ($0.02/$0.05) - 2023/02/27 21:57:00
Table 'NLHBlue22' 6-max Seat #5 is the button
Seat 1: c6b5ed4c ($4.97 in chips)
Seat 3: a909a27f ($0.71 in chips)
Seat 4: Hero ($5.25 in chips)
Seat 5: fb773c5f ($6.34 in chips)
Seat 6: ade0b208 ($5 in chips)
ade0b208: posts small blind $0.02
c6b5ed4c: posts big blind $0.05
*** HOLE CARDS ***
Dealt to c6b5ed4c 
Dealt to a909a27f 
Dealt to Hero [2c 2s]
Dealt to fb773c5f 
Dealt to ade0b208 
a909a27f: calls $0.05
Hero: calls $0.05
fb773c5f: folds
ade0b208: folds
c6b5ed4c: checks
*** FLOP *** [4c 7c 9d]
c6b5ed4c: bets $0.13
a909a27f: calls $0.13
Hero: folds
*** TURN *** [4c 7c 9d] [4s]
c6b5ed4c: bets $0.22
a909a27f: folds
Uncalled bet ($0.22) returned to c6b5ed4c
*** SHOWDOWN ***
c6b5ed4c collected $0.41 from pot
*** SUMMARY ***
Total pot $0.43 | Rake $0.02 | Jackpot $0 | Bingo $0 | Fortune $0
Board [4c 7c 9d 4s]
Seat 1: c6b5ed4c (big blind) won ($0.41)
Seat 3: a909a27f folded on the Turn
Seat 4: Hero folded on the Flop
Seat 5: fb773c5f (button) folded before Flop (didn't bet)
Seat 6: ade0b208 (small blind) folded before Flop


Poker Hand #HD1139036112: Hold'em No Limit  ($0.02/$0.05) - 2023/02/27 21:56:39
Table 'NLHBlue22' 6-max Seat #4 is the button
Seat 1: c6b5ed4c ($4.9 in chips)
Seat 3: a909a27f ($0.71 in chips)
Seat 4: Hero ($5.25 in chips)
Seat 5: fb773c5f ($6.36 in chips)
Seat 6: ade0b208 ($5 in chips)
fb773c5f: posts small blind $0.02
ade0b208: posts big blind $0.05
*** HOLE CARDS ***
Dealt to c6b5ed4c 
Dealt to a909a27f 
Dealt to Hero [8d 3d]
Dealt to fb773c5f 
Dealt to ade0b208 
c6b5ed4c: raises $0.05 to $0.1
a909a27f: folds
Hero: folds
fb773c5f: folds
ade0b208: folds
Uncalled bet ($0.05) returned to c6b5ed4c
*** SHOWDOWN ***
c6b5ed4c collected $0.12 from pot
*** SUMMARY ***
Total pot $0.12 | Rake $0 | Jackpot $0 | Bingo $0 | Fortune $0
Seat 1: c6b5ed4c collected ($0.12)
Seat 3: a909a27f folded before Flop (didn't bet)
Seat 4: Hero (button) folded before Flop (didn't bet)
Seat 5: fb773c5f (small blind) folded before Flop
Seat 6: ade0b208 (big blind) folded before Flop


Poker Hand #HD1139036040: Hold'em No Limit  ($0.02/$0.05) - 2023/02/27 21:56:04
Table 'NLHBlue22' 6-max Seat #3 is the button
Seat 1: c6b5ed4c ($4.69 in chips)
Seat 3: a909a27f ($0.86 in chips)
Seat 4: Hero ($5.27 in chips)
Seat 5: fb773c5f ($6.41 in chips)
Seat 6: ade0b208 ($5 in chips)
Hero: posts small blind $0.02
fb773c5f: posts big blind $0.05
*** HOLE CARDS ***
Dealt to c6b5ed4c 
Dealt to a909a27f 
Dealt to Hero [7d Jd]
Dealt to fb773c5f 
Dealt to ade0b208 
ade0b208: folds
c6b5ed4c: raises $0.1 to $0.15
a909a27f: calls $0.15
Hero: folds
fb773c5f: folds
*** FLOP *** [4h Kd Kh]
c6b5ed4c: bets $0.19
a909a27f: folds
Uncalled bet ($0.19) returned to c6b5ed4c
*** SHOWDOWN ***
c6b5ed4c collected $0.36 from pot
*** SUMMARY ***
Total pot $0.37 | Rake $0.01 | Jackpot $0 | Bingo $0 | Fortune $0
Board [4h Kd Kh]
Seat 1: c6b5ed4c won ($0.36)
Seat 3: a909a27f (button) folded on the Flop
Seat 4: Hero (small blind) folded before Flop
Seat 5: fb773c5f (big blind) folded before Flop
Seat 6: ade0b208 folded before Flop (didn't bet)


Poker Hand #HD1139035855: Hold'em No Limit  ($0.02/$0.05) - 2023/02/27 21:54:40
Table 'NLHBlue22' 6-max Seat #1 is the button
Seat 1: c6b5ed4c ($4.63 in chips)
Seat 3: a909a27f ($0.88 in chips)
Seat 4: Hero ($5.2 in chips)
Seat 5: fb773c5f ($6.41 in chips)
Seat 6: ade0b208 ($5.05 in chips)
a909a27f: posts small blind $0.02
Hero: posts big blind $0.05
*** HOLE CARDS ***
Dealt to c6b5ed4c 
Dealt to a909a27f 
Dealt to Hero [Ad Qh]
Dealt to fb773c5f 
Dealt to ade0b208 
fb773c5f: folds
ade0b208: raises $0.08 to $0.13
c6b5ed4c: raises $0.17 to $0.3
a909a27f: folds
Hero: calls $0.25
ade0b208: folds
*** FLOP *** [Th 8c 9d]
Hero: checks
c6b5ed4c: checks
*** TURN *** [Th 8c 9d] [Kh]
Hero: checks
c6b5ed4c: checks
*** RIVER *** [Th 8c 9d Kh] [7c]
Hero: checks
c6b5ed4c: checks
Hero: shows [Ad Qh] (Ace-High)
c6b5ed4c: shows [Qs As] (Ace-High)
*** SHOWDOWN ***
Hero collected $0.37 from pot
c6b5ed4c collected $0.36 from pot
*** SUMMARY ***
Total pot $0.75 | Rake $0.02 | Jackpot $0 | Bingo $0 | Fortune $0
Board [Th 8c 9d Kh 7c]
Seat 1: c6b5ed4c (button) showed [Qs As] and won ($0.36) with Ace-High
Seat 3: a909a27f (small blind) folded before Flop
Seat 4: Hero (big blind) showed [Ad Qh] and won ($0.37) with Ace-High
Seat 5: fb773c5f folded before Flop (didn't bet)
Seat 6: ade0b208 folded before Flop


Poker Hand #HD1139035777: Hold'em No Limit  ($0.02/$0.05) - 2023/02/27 21:53:58
Table 'NLHBlue22' 6-max Seat #6 is the button
Seat 1: c6b5ed4c ($4.65 in chips)
Seat 3: a909a27f ($1 in chips)
Seat 4: Hero ($5.07 in chips)
Seat 5: fb773c5f ($6.41 in chips)
Seat 6: ade0b208 ($5.05 in chips)
c6b5ed4c: posts small blind $0.02
a909a27f: posts big blind $0.05
*** HOLE CARDS ***
Dealt to c6b5ed4c 
Dealt to a909a27f 
Dealt to Hero [7s 7d]
Dealt to fb773c5f 
Dealt to ade0b208 
Hero: raises $0.07 to $0.12
fb773c5f: folds
ade0b208: folds
c6b5ed4c: folds
a909a27f: calls $0.07
*** FLOP *** [Jc 8h 2h]
a909a27f: checks
Hero: bets $0.13
a909a27f: folds
Uncalled bet ($0.13) returned to Hero
*** SHOWDOWN ***
Hero collected $0.25 from pot
*** SUMMARY ***
Total pot $0.26 | Rake $0.01 | Jackpot $0 | Bingo $0 | Fortune $0
Board [Jc 8h 2h]
Seat 1: c6b5ed4c (small blind) folded before Flop
Seat 3: a909a27f (big blind) folded on the Flop
Seat 4: Hero won ($0.25)
Seat 5: fb773c5f folded before Flop (didn't bet)
Seat 6: ade0b208 (button) folded before Flop (didn't bet)


Poker Hand #HD1139035762: Hold'em No Limit  ($0.02/$0.05) - 2023/02/27 21:53:49
Table 'NLHBlue22' 6-max Seat #5 is the button
Seat 1: c6b5ed4c ($4.63 in chips)
Seat 4: Hero ($5.07 in chips)
Seat 5: fb773c5f ($6.41 in chips)
Seat 6: ade0b208 ($5.07 in chips)
ade0b208: posts small blind $0.02
c6b5ed4c: posts big blind $0.05
*** HOLE CARDS ***
Dealt to c6b5ed4c 
Dealt to Hero [Js 3d]
Dealt to fb773c5f 
Dealt to ade0b208 
Hero: folds
fb773c5f: folds
ade0b208: folds
Uncalled bet ($0.03) returned to c6b5ed4c
*** SHOWDOWN ***
c6b5ed4c collected $0.04 from pot
*** SUMMARY ***
Total pot $0.04 | Rake $0 | Jackpot $0 | Bingo $0 | Fortune $0
Seat 1: c6b5ed4c (big blind) collected ($0.04)
Seat 4: Hero folded before Flop (didn't bet)
Seat 5: fb773c5f (button) folded before Flop (didn't bet)
Seat 6: ade0b208 (small blind) folded before Flop


Poker Hand #HD1139035723: Hold'em No Limit  ($0.02/$0.05) - 2023/02/27 21:53:30
Table 'NLHBlue22' 6-max Seat #4 is the button
Seat 1: c6b5ed4c ($4.56 in chips)
Seat 4: Hero ($5.07 in chips)
Seat 5: fb773c5f ($6.43 in chips)
Seat 6: ade0b208 ($5.12 in chips)
fb773c5f: posts small blind $0.02
ade0b208: posts big blind $0.05
*** HOLE CARDS ***
Dealt to c6b5ed4c 
Dealt to Hero [Th 2s]
Dealt to fb773c5f 
Dealt to ade0b208 
c6b5ed4c: raises $0.05 to $0.1
Hero: folds
fb773c5f: folds
ade0b208: folds
Uncalled bet ($0.05) returned to c6b5ed4c
*** SHOWDOWN ***
c6b5ed4c collected $0.12 from pot
*** SUMMARY ***
Total pot $0.12 | Rake $0 | Jackpot $0 | Bingo $0 | Fortune $0
Seat 1: c6b5ed4c collected ($0.12)
Seat 4: Hero (button) folded before Flop (didn't bet)
Seat 5: fb773c5f (small blind) folded before Flop
Seat 6: ade0b208 (big blind) folded before Flop


Poker Hand #HD1139035683: Hold'em No Limit  ($0.02/$0.05) - 2023/02/27 21:53:06
Table 'NLHBlue22' 6-max Seat #2 is the button
Seat 1: c6b5ed4c ($4.56 in chips)
Seat 2: ff3870de ($6.09 in chips)
Seat 4: Hero ($5.09 in chips)
Seat 5: fb773c5f ($6.48 in chips)
Seat 6: ade0b208 ($5.05 in chips)
Hero: posts small blind $0.02
fb773c5f: posts big blind $0.05
*** HOLE CARDS ***
Dealt to c6b5ed4c 
Dealt to ff3870de 
Dealt to Hero [6h Qc]
Dealt to fb773c5f 
Dealt to ade0b208 
ade0b208: raises $0.1 to $0.15
c6b5ed4c: folds
ff3870de: folds
Hero: folds
fb773c5f: folds
Uncalled bet ($0.1) returned to ade0b208
*** SHOWDOWN ***
ade0b208 collected $0.12 from pot
*** SUMMARY ***
Total pot $0.12 | Rake $0 | Jackpot $0 | Bingo $0 | Fortune $0
Seat 1: c6b5ed4c folded before Flop (didn't bet)
Seat 2: ff3870de (button) folded before Flop (didn't bet)
Seat 4: Hero (small blind) folded before Flop
Seat 5: fb773c5f (big blind) folded before Flop
Seat 6: ade0b208 collected ($0.12)


Poker Hand #HD1138965611: Hold'em No Limit  ($0.02/$0.05) - 2023/02/27 21:52:25
Table 'NLHBlue22' 6-max Seat #1 is the button
Seat 1: c6b5ed4c ($4.49 in chips)
Seat 2: ff3870de ($6.11 in chips)
Seat 4: Hero ($5.14 in chips)
Seat 5: fb773c5f ($6.48 in chips)
Seat 6: ade0b208 ($5.05 in chips)
ff3870de: posts small blind $0.02
Hero: posts big blind $0.05
*** HOLE CARDS ***
Dealt to c6b5ed4c 
Dealt to ff3870de 
Dealt to Hero [Jh 2h]
Dealt to fb773c5f 
Dealt to ade0b208 
fb773c5f: folds
ade0b208: folds
c6b5ed4c: raises $0.05 to $0.1
ff3870de: folds
Hero: folds
Uncalled bet ($0.05) returned to c6b5ed4c
*** SHOWDOWN ***
c6b5ed4c collected $0.12 from pot
*** SUMMARY ***
Total pot $0.12 | Rake $0 | Jackpot $0 | Bingo $0 | Fortune $0
Seat 1: c6b5ed4c (button) collected ($0.12)
Seat 2: ff3870de (small blind) folded before Flop
Seat 4: Hero (big blind) folded before Flop
Seat 5: fb773c5f folded before Flop (didn't bet)
Seat 6: ade0b208 folded before Flop (didn't bet)


Poker Hand #HD1138965450: Hold'em No Limit  ($0.02/$0.05) - 2023/02/27 21:50:53
Table 'NLHBlue22' 6-max Seat #6 is the button
Seat 1: c6b5ed4c ($2.36 in chips)
Seat 2: ff3870de ($6.16 in chips)
Seat 3: b7f39a2d ($6.43 in chips)
Seat 4: Hero ($5.14 in chips)
Seat 5: fb773c5f ($6.48 in chips)
Seat 6: ade0b208 ($5.05 in chips)
c6b5ed4c: posts small blind $0.02
ff3870de: posts big blind $0.05
*** HOLE CARDS ***
Dealt to c6b5ed4c 
Dealt to ff3870de 
Dealt to b7f39a2d 
Dealt to Hero [6d Qc]
Dealt to fb773c5f 
Dealt to ade0b208 
b7f39a2d: raises $0.05 to $0.1
Hero: folds
fb773c5f: folds
ade0b208: folds
c6b5ed4c: raises $0.13 to $0.23
ff3870de: folds
b7f39a2d: calls $0.13
*** FLOP *** [8d 6h Qd]
c6b5ed4c: bets $0.39
b7f39a2d: raises $1.29 to $1.68
c6b5ed4c: calls $1.29
*** TURN *** [8d 6h Qd] [3c]
c6b5ed4c: checks
b7f39a2d: bets $0.5
c6b5ed4c: calls $0.45 and is all-in
Uncalled bet ($0.05) returned to b7f39a2d
b7f39a2d: shows [Qh Js] (Pair of Queens)
c6b5ed4c: shows [As Qs] (Pair of Queens)
*** RIVER *** [8d 6h Qd 3c] [2c]
*** SHOWDOWN ***
c6b5ed4c collected $4.49 from pot
*** SUMMARY ***
Total pot $4.77 | Rake $0.23 | Jackpot $0.05 | Bingo $0 | Fortune $0
Board [8d 6h Qd 3c 2c]
Seat 1: c6b5ed4c (small blind) showed [As Qs] and won ($4.49) with Pair of Queens
Seat 2: ff3870de (big blind) folded before Flop
Seat 3: b7f39a2d showed [Qh Js] and lost with Pair of Queens
Seat 4: Hero folded before Flop (didn't bet)
Seat 5: fb773c5f folded before Flop (didn't bet)
Seat 6: ade0b208 (button) folded before Flop (didn't bet)


Poker Hand #HD1138965352: Hold'em No Limit  ($0.02/$0.05) - 2023/02/27 21:49:57
Table 'NLHBlue22' 6-max Seat #5 is the button
Seat 1: c6b5ed4c ($2.41 in chips)
Seat 2: ff3870de ($6.16 in chips)
Seat 3: b7f39a2d ($6.58 in chips)
Seat 4: Hero ($5.14 in chips)
Seat 5: fb773c5f ($6.27 in chips)
Seat 6: ade0b208 ($5.07 in chips)
ade0b208: posts small blind $0.02
c6b5ed4c: posts big blind $0.05
*** HOLE CARDS ***
Dealt to c6b5ed4c 
Dealt to ff3870de 
Dealt to b7f39a2d 
Dealt to Hero [6h 5h]
Dealt to fb773c5f 
Dealt to ade0b208 
ff3870de: folds
b7f39a2d: raises $0.1 to $0.15
Hero: folds
fb773c5f: raises $0.36 to $0.51
ade0b208: folds
c6b5ed4c: folds
b7f39a2d: folds
Uncalled bet ($0.36) returned to fb773c5f
*** SHOWDOWN ***
fb773c5f collected $0.36 from pot
*** SUMMARY ***
Total pot $0.37 | Rake $0.01 | Jackpot $0 | Bingo $0 | Fortune $0
Seat 1: c6b5ed4c (big blind) folded before Flop
Seat 2: ff3870de folded before Flop (didn't bet)
Seat 3: b7f39a2d folded before Flop
Seat 4: Hero folded before Flop (didn't bet)
Seat 5: fb773c5f (button) collected ($0.36)
Seat 6: ade0b208 (small blind) folded before Flop


Poker Hand #HD1138965311: Hold'em No Limit  ($0.02/$0.05) - 2023/02/27 21:49:35
Table 'NLHBlue22' 6-max Seat #4 is the button
Seat 2: ff3870de ($6.09 in chips)
Seat 3: b7f39a2d ($6.58 in chips)
Seat 4: Hero ($5.14 in chips)
Seat 5: fb773c5f ($6.29 in chips)
Seat 6: ade0b208 ($5.12 in chips)
fb773c5f: posts small blind $0.02
ade0b208: posts big blind $0.05
*** HOLE CARDS ***
Dealt to ff3870de 
Dealt to b7f39a2d 
Dealt to Hero [2c 2d]
Dealt to fb773c5f 
Dealt to ade0b208 
ff3870de: raises $0.1 to $0.15
b7f39a2d: folds
Hero: folds
fb773c5f: folds
ade0b208: folds
Uncalled bet ($0.1) returned to ff3870de
*** SHOWDOWN ***
ff3870de collected $0.12 from pot
*** SUMMARY ***
Total pot $0.12 | Rake $0 | Jackpot $0 | Bingo $0 | Fortune $0
Seat 2: ff3870de collected ($0.12)
Seat 3: b7f39a2d folded before Flop (didn't bet)
Seat 4: Hero (button) folded before Flop (didn't bet)
Seat 5: fb773c5f (small blind) folded before Flop
Seat 6: ade0b208 (big blind) folded before Flop


Poker Hand #HD1138965224: Hold'em No Limit  ($0.02/$0.05) - 2023/02/27 21:48:46
Table 'NLHBlue22' 6-max Seat #3 is the button
Seat 2: ff3870de ($6.09 in chips)
Seat 3: b7f39a2d ($6.51 in chips)
Seat 4: Hero ($5.16 in chips)
Seat 5: fb773c5f ($6.34 in chips)
Seat 6: ade0b208 ($5.12 in chips)
Hero: posts small blind $0.02
fb773c5f: posts big blind $0.05
*** HOLE CARDS ***
Dealt to ff3870de 
Dealt to b7f39a2d 
Dealt to Hero [4d 2d]
Dealt to fb773c5f 
Dealt to ade0b208 
ade0b208: folds
ff3870de: folds
b7f39a2d: calls $0.05
Hero: folds
fb773c5f: checks
*** FLOP *** [7c Td 6c]
fb773c5f: checks
b7f39a2d: bets $0.06
fb773c5f: folds
Uncalled bet ($0.06) returned to b7f39a2d
*** SHOWDOWN ***
b7f39a2d collected $0.12 from pot
*** SUMMARY ***
Total pot $0.12 | Rake $0 | Jackpot $0 | Bingo $0 | Fortune $0
Board [7c Td 6c]
Seat 2: ff3870de folded before Flop (didn't bet)
Seat 3: b7f39a2d (button) won ($0.12)
Seat 4: Hero (small blind) folded before Flop
Seat 5: fb773c5f (big blind) folded on the Flop
Seat 6: ade0b208 folded before Flop (didn't bet)


Poker Hand #HD1138965144: Hold'em No Limit  ($0.02/$0.05) - 2023/02/27 21:48:08
Table 'NLHBlue22' 6-max Seat #2 is the button
Seat 2: ff3870de ($6.09 in chips)
Seat 3: b7f39a2d ($6.66 in chips)
Seat 4: Hero ($5.21 in chips)
Seat 5: fb773c5f ($6.15 in chips)
Seat 6: ade0b208 ($5.12 in chips)
b7f39a2d: posts small blind $0.02
Hero: posts big blind $0.05
*** HOLE CARDS ***
Dealt to ff3870de 
Dealt to b7f39a2d 
Dealt to Hero [7c 8d]
Dealt to fb773c5f 
Dealt to ade0b208 
fb773c5f: raises $0.1 to $0.15
ade0b208: folds
ff3870de: folds
b7f39a2d: calls $0.13
Hero: folds
*** FLOP *** [6d Qc 6s]
b7f39a2d: checks
fb773c5f: bets $0.2
b7f39a2d: folds
Uncalled bet ($0.2) returned to fb773c5f
*** SHOWDOWN ***
fb773c5f collected $0.34 from pot
*** SUMMARY ***
Total pot $0.35 | Rake $0.01 | Jackpot $0 | Bingo $0 | Fortune $0
Board [6d Qc 6s]
Seat 2: ff3870de (button) folded before Flop (didn't bet)
Seat 3: b7f39a2d (small blind) folded on the Flop
Seat 4: Hero (big blind) folded before Flop
Seat 5: fb773c5f won ($0.34)
Seat 6: ade0b208 folded before Flop (didn't bet)


Poker Hand #HD1138965069: Hold'em No Limit  ($0.02/$0.05) - 2023/02/27 21:47:30
Table 'NLHBlue22' 6-max Seat #6 is the button
Seat 2: ff3870de ($6.11 in chips)
Seat 3: b7f39a2d ($6.71 in chips)
Seat 4: Hero ($5.21 in chips)
Seat 5: fb773c5f ($6.15 in chips)
Seat 6: ade0b208 ($5.05 in chips)
ff3870de: posts small blind $0.02
b7f39a2d: posts big blind $0.05
*** HOLE CARDS ***
Dealt to ff3870de 
Dealt to b7f39a2d 
Dealt to Hero [8s Kc]
Dealt to fb773c5f 
Dealt to ade0b208 
Hero: folds
fb773c5f: folds
ade0b208: raises $0.08 to $0.13
ff3870de: folds
b7f39a2d: folds
Uncalled bet ($0.08) returned to ade0b208
*** SHOWDOWN ***
ade0b208 collected $0.12 from pot
*** SUMMARY ***
Total pot $0.12 | Rake $0 | Jackpot $0 | Bingo $0 | Fortune $0
Seat 2: ff3870de (small blind) folded before Flop
Seat 3: b7f39a2d (big blind) folded before Flop
Seat 4: Hero folded before Flop (didn't bet)
Seat 5: fb773c5f folded before Flop (didn't bet)
Seat 6: ade0b208 (button) collected ($0.12)


Poker Hand #HD1138965016: Hold'em No Limit  ($0.02/$0.05) - 2023/02/27 21:46:59
Table 'NLHBlue22' 6-max Seat #5 is the button
Seat 1: c6b5ed4c ($2.46 in chips)
Seat 2: ff3870de ($6.11 in chips)
Seat 3: b7f39a2d ($6.71 in chips)
Seat 4: Hero ($5.21 in chips)
Seat 5: fb773c5f ($6.15 in chips)
Seat 6: ade0b208 ($5 in chips)
ade0b208: posts small blind $0.02
c6b5ed4c: posts big blind $0.05
*** HOLE CARDS ***
Dealt to c6b5ed4c 
Dealt to ff3870de 
Dealt to b7f39a2d 
Dealt to Hero [8d Th]
Dealt to fb773c5f 
Dealt to ade0b208 
ff3870de: folds
b7f39a2d: folds
Hero: folds
fb773c5f: folds
ade0b208: raises $0.1 to $0.15
c6b5ed4c: folds
Uncalled bet ($0.1) returned to ade0b208
*** SHOWDOWN ***
ade0b208 collected $0.1 from pot
*** SUMMARY ***
Total pot $0.1 | Rake $0 | Jackpot $0 | Bingo $0 | Fortune $0
Seat 1: c6b5ed4c (big blind) folded before Flop
Seat 2: ff3870de folded before Flop (didn't bet)
Seat 3: b7f39a2d folded before Flop (didn't bet)
Seat 4: Hero folded before Flop (didn't bet)
Seat 5: fb773c5f (button) folded before Flop (didn't bet)
Seat 6: ade0b208 (small blind) collected ($0.1)


Poker Hand #HD1138964966: Hold'em No Limit  ($0.02/$0.05) - 2023/02/27 21:46:30
Table 'NLHBlue22' 6-max Seat #4 is the button
Seat 1: c6b5ed4c ($2.46 in chips)
Seat 2: ff3870de ($6.04 in chips)
Seat 3: b7f39a2d ($6.71 in chips)
Seat 4: Hero ($5.21 in chips)
Seat 5: fb773c5f ($6.17 in chips)
Seat 6: ade0b208 ($5 in chips)
fb773c5f: posts small blind $0.02
ade0b208: posts big blind $0.05
*** HOLE CARDS ***
Dealt to c6b5ed4c 
Dealt to ff3870de 
Dealt to b7f39a2d 
Dealt to Hero [Qs 8d]
Dealt to fb773c5f 
Dealt to ade0b208 
c6b5ed4c: folds
ff3870de: raises $0.1 to $0.15
b7f39a2d: folds
Hero: folds
fb773c5f: folds
ade0b208: folds
Uncalled bet ($0.1) returned to ff3870de
*** SHOWDOWN ***
ff3870de collected $0.12 from pot
*** SUMMARY ***
Total pot $0.12 | Rake $0 | Jackpot $0 | Bingo $0 | Fortune $0
Seat 1: c6b5ed4c folded before Flop (didn't bet)
Seat 2: ff3870de collected ($0.12)
Seat 3: b7f39a2d folded before Flop (didn't bet)
Seat 4: Hero (button) folded before Flop (didn't bet)
Seat 5: fb773c5f (small blind) folded before Flop
Seat 6: ade0b208 (big blind) folded before Flop


Poker Hand #HD1138964758: Hold'em No Limit  ($0.02/$0.05) - 2023/02/27 21:44:38
Table 'NLHBlue22' 6-max Seat #3 is the button
Seat 1: c6b5ed4c ($3.43 in chips)
Seat 2: ff3870de ($5 in chips)
Seat 3: b7f39a2d ($6.86 in chips)
Seat 4: Hero ($5.23 in chips)
Seat 5: fb773c5f ($6.22 in chips)
Hero: posts small blind $0.02
fb773c5f: posts big blind $0.05
*** HOLE CARDS ***
Dealt to c6b5ed4c 
Dealt to ff3870de 
Dealt to b7f39a2d 
Dealt to Hero [6d 4s]
Dealt to fb773c5f 
c6b5ed4c: raises $0.1 to $0.15
ff3870de: calls $0.15
b7f39a2d: calls $0.15
Hero: folds
fb773c5f: folds
*** FLOP *** [4d 9h Ad]
c6b5ed4c: bets $0.39
ff3870de: calls $0.39
b7f39a2d: folds
*** TURN *** [4d 9h Ad] [2h]
c6b5ed4c: checks
ff3870de: checks
*** RIVER *** [4d 9h Ad 2h] [8d]
c6b5ed4c: bets $0.43
ff3870de: raises $3.37 to $3.8
c6b5ed4c: folds
Uncalled bet ($3.37) returned to ff3870de
*** SHOWDOWN ***
ff3870de collected $2.01 from pot
*** SUMMARY ***
Total pot $2.16 | Rake $0.1 | Jackpot $0.05 | Bingo $0 | Fortune $0
Board [4d 9h Ad 2h 8d]
Seat 1: c6b5ed4c folded on the River
Seat 2: ff3870de won ($2.01)
Seat 3: b7f39a2d (button) folded on the Flop
Seat 4: Hero (small blind) folded before Flop
Seat 5: fb773c5f (big blind) folded before Flop


Poker Hand #HD1138964679: Hold'em No Limit  ($0.02/$0.05) - 2023/02/27 21:43:51
Table 'NLHBlue22' 6-max Seat #2 is the button
Seat 1: c6b5ed4c ($3.53 in chips)
Seat 2: ff3870de ($5 in chips)
Seat 3: b7f39a2d ($6.88 in chips)
Seat 4: Hero ($5.12 in chips)
Seat 5: fb773c5f ($6.22 in chips)
b7f39a2d: posts small blind $0.02
Hero: posts big blind $0.05
*** HOLE CARDS ***
Dealt to c6b5ed4c 
Dealt to ff3870de 
Dealt to b7f39a2d 
Dealt to Hero [Qs Kc]
Dealt to fb773c5f 
fb773c5f: folds
c6b5ed4c: raises $0.05 to $0.1
ff3870de: folds
b7f39a2d: folds
Hero: calls $0.05
*** FLOP *** [Ac 8s 3h]
Hero: checks
c6b5ed4c: checks
*** TURN *** [Ac 8s 3h] [6h]
Hero: checks
c6b5ed4c: checks
*** RIVER *** [Ac 8s 3h 6h] [Jh]
Hero: checks
c6b5ed4c: checks
Hero: shows [Qs Kc] (Ace-High)
c6b5ed4c: shows [Td Ks] (Ace-High)
*** SHOWDOWN ***
Hero collected $0.21 from pot
*** SUMMARY ***
Total pot $0.22 | Rake $0.01 | Jackpot $0 | Bingo $0 | Fortune $0
Board [Ac 8s 3h 6h Jh]
Seat 1: c6b5ed4c showed [Td Ks] and lost with Ace-High
Seat 2: ff3870de (button) folded before Flop (didn't bet)
Seat 3: b7f39a2d (small blind) folded before Flop
Seat 4: Hero (big blind) showed [Qs Kc] and won ($0.21) with Ace-High
Seat 5: fb773c5f folded before Flop (didn't bet)


Poker Hand #HD1138964650: Hold'em No Limit  ($0.02/$0.05) - 2023/02/27 21:43:39
Table 'NLHBlue22' 6-max Seat #1 is the button
Seat 1: c6b5ed4c ($3.53 in chips)
Seat 2: ff3870de ($5 in chips)
Seat 3: b7f39a2d ($6.86 in chips)
Seat 4: Hero ($5.12 in chips)
Seat 5: fb773c5f ($6.22 in chips)
ff3870de: posts small blind $0.02
b7f39a2d: posts big blind $0.05
*** HOLE CARDS ***
Dealt to c6b5ed4c 
Dealt to ff3870de 
Dealt to b7f39a2d 
Dealt to Hero [4c 8s]
Dealt to fb773c5f 
Hero: folds
fb773c5f: folds
c6b5ed4c: folds
ff3870de: folds
Uncalled bet ($0.03) returned to b7f39a2d
*** SHOWDOWN ***
b7f39a2d collected $0.04 from pot
*** SUMMARY ***
Total pot $0.04 | Rake $0 | Jackpot $0 | Bingo $0 | Fortune $0
Seat 1: c6b5ed4c (button) folded before Flop (didn't bet)
Seat 2: ff3870de (small blind) folded before Flop
Seat 3: b7f39a2d (big blind) collected ($0.04)
Seat 4: Hero folded before Flop (didn't bet)
Seat 5: fb773c5f folded before Flop (didn't bet)


Poker Hand #HD1138964619: Hold'em No Limit  ($0.02/$0.05) - 2023/02/27 21:43:25
Table 'NLHBlue22' 6-max Seat #5 is the button
Seat 1: c6b5ed4c ($3.55 in chips)
Seat 2: ff3870de ($5 in chips)
Seat 3: b7f39a2d ($6.86 in chips)
Seat 4: Hero ($5.12 in chips)
Seat 5: fb773c5f ($6.15 in chips)
c6b5ed4c: posts small blind $0.02
ff3870de: posts big blind $0.05
*** HOLE CARDS ***
Dealt to c6b5ed4c 
Dealt to ff3870de 
Dealt to b7f39a2d 
Dealt to Hero [Ks 4s]
Dealt to fb773c5f 
b7f39a2d: folds
Hero: folds
fb773c5f: raises $0.1 to $0.15
c6b5ed4c: folds
ff3870de: folds
Uncalled bet ($0.1) returned to fb773c5f
*** SHOWDOWN ***
fb773c5f collected $0.12 from pot
*** SUMMARY ***
Total pot $0.12 | Rake $0 | Jackpot $0 | Bingo $0 | Fortune $0
Seat 1: c6b5ed4c (small blind) folded before Flop
Seat 2: ff3870de (big blind) folded before Flop
Seat 3: b7f39a2d folded before Flop (didn't bet)
Seat 4: Hero folded before Flop (didn't bet)
Seat 5: fb773c5f (button) collected ($0.12)


Poker Hand #HD1138964541: Hold'em No Limit  ($0.02/$0.05) - 2023/02/27 21:42:45
Table 'NLHBlue22' 6-max Seat #4 is the button
Seat 1: c6b5ed4c ($3.7 in chips)
Seat 2: ff3870de ($5 in chips)
Seat 3: b7f39a2d ($6.86 in chips)
Seat 4: Hero ($5.12 in chips)
Seat 5: fb773c5f ($5.96 in chips)
Seat 6: c84e1d3b ($5 in chips)
fb773c5f: posts small blind $0.02
c84e1d3b: posts big blind $0.05
*** HOLE CARDS ***
Dealt to c6b5ed4c 
Dealt to ff3870de 
Dealt to b7f39a2d 
Dealt to Hero [2s 7h]
Dealt to fb773c5f 
Dealt to c84e1d3b 
c6b5ed4c: raises $0.1 to $0.15
ff3870de: folds
b7f39a2d: folds
Hero: folds
fb773c5f: raises $0.4 to $0.55
c84e1d3b: folds
c6b5ed4c: folds
Uncalled bet ($0.4) returned to fb773c5f
*** SHOWDOWN ***
fb773c5f collected $0.34 from pot
*** SUMMARY ***
Total pot $0.35 | Rake $0.01 | Jackpot $0 | Bingo $0 | Fortune $0
Seat 1: c6b5ed4c folded before Flop
Seat 2: ff3870de folded before Flop (didn't bet)
Seat 3: b7f39a2d folded before Flop (didn't bet)
Seat 4: Hero (button) folded before Flop (didn't bet)
Seat 5: fb773c5f (small blind) collected ($0.34)
Seat 6: c84e1d3b (big blind) folded before Flop


Poker Hand #HD1138964436: Hold'em No Limit  ($0.02/$0.05) - 2023/02/27 21:41:41
Table 'NLHBlue22' 6-max Seat #3 is the button
Seat 1: c6b5ed4c ($3.7 in chips)
Seat 2: ff3870de ($5.68 in chips)
Seat 3: b7f39a2d ($5.61 in chips)
Seat 4: Hero ($5.14 in chips)
Seat 5: fb773c5f ($6.01 in chips)
Seat 6: c84e1d3b ($5 in chips)
Hero: posts small blind $0.02
fb773c5f: posts big blind $0.05
*** HOLE CARDS ***
Dealt to c6b5ed4c 
Dealt to ff3870de 
Dealt to b7f39a2d 
Dealt to Hero [3h 6s]
Dealt to fb773c5f 
Dealt to c84e1d3b 
c84e1d3b: folds
c6b5ed4c: folds
ff3870de: raises $0.1 to $0.15
b7f39a2d: calls $0.15
Hero: folds
fb773c5f: folds
*** FLOP *** [Qc 9c 9h]
ff3870de: checks
b7f39a2d: bets $0.28
ff3870de: calls $0.28
*** TURN *** [Qc 9c 9h] [2d]
ff3870de: checks
b7f39a2d: bets $0.93
ff3870de: calls $0.93
*** RIVER *** [Qc 9c 9h 2d] [Jh]
ff3870de: checks
b7f39a2d: bets $4.12
ff3870de: folds
Uncalled bet ($4.12) returned to b7f39a2d
*** SHOWDOWN ***
b7f39a2d collected $2.61 from pot
*** SUMMARY ***
Total pot $2.79 | Rake $0.13 | Jackpot $0.05 | Bingo $0 | Fortune $0
Board [Qc 9c 9h 2d Jh]
Seat 1: c6b5ed4c folded before Flop (didn't bet)
Seat 2: ff3870de folded on the River
Seat 3: b7f39a2d (button) won ($2.61)
Seat 4: Hero (small blind) folded before Flop
Seat 5: fb773c5f (big blind) folded before Flop
Seat 6: c84e1d3b folded before Flop (didn't bet)


Poker Hand #HD1138964395: Hold'em No Limit  ($0.02/$0.05) - 2023/02/27 21:41:19
Table 'NLHBlue22' 6-max Seat #2 is the button
Seat 2: ff3870de ($5.68 in chips)
Seat 3: b7f39a2d ($5.63 in chips)
Seat 4: Hero ($5.12 in chips)
Seat 5: fb773c5f ($6.01 in chips)
Seat 6: c84e1d3b ($5 in chips)
b7f39a2d: posts small blind $0.02
Hero: posts big blind $0.05
*** HOLE CARDS ***
Dealt to ff3870de 
Dealt to b7f39a2d 
Dealt to Hero [6c 3d]
Dealt to fb773c5f 
Dealt to c84e1d3b 
fb773c5f: folds
c84e1d3b: folds
ff3870de: folds
b7f39a2d: folds
Uncalled bet ($0.03) returned to Hero
*** SHOWDOWN ***
Hero collected $0.04 from pot
*** SUMMARY ***
Total pot $0.04 | Rake $0 | Jackpot $0 | Bingo $0 | Fortune $0
Seat 2: ff3870de (button) folded before Flop (didn't bet)
Seat 3: b7f39a2d (small blind) folded before Flop
Seat 4: Hero (big blind) collected ($0.04)
Seat 5: fb773c5f folded before Flop (didn't bet)
Seat 6: c84e1d3b folded before Flop (didn't bet)


Poker Hand #HD1138964290: Hold'em No Limit  ($0.02/$0.05) - 2023/02/27 21:40:19
Table 'NLHBlue22' 6-max Seat #6 is the button
Seat 1: c6b5ed4c ($3.72 in chips)
Seat 2: ff3870de ($5.12 in chips)
Seat 3: b7f39a2d ($6.23 in chips)
Seat 4: Hero ($5.12 in chips)
Seat 5: fb773c5f ($6.01 in chips)
Seat 6: c84e1d3b ($5 in chips)
c6b5ed4c: posts small blind $0.02
ff3870de: posts big blind $0.05
*** HOLE CARDS ***
Dealt to c6b5ed4c 
Dealt to ff3870de 
Dealt to b7f39a2d 
Dealt to Hero [3c Ac]
Dealt to fb773c5f 
Dealt to c84e1d3b 
b7f39a2d: raises $0.1 to $0.15
Hero: folds
fb773c5f: folds
c84e1d3b: folds
c6b5ed4c: folds
ff3870de: raises $0.45 to $0.6
b7f39a2d: calls $0.45
*** FLOP *** [3d 2d Ks]
ff3870de: bets $0.41
b7f39a2d: folds
Uncalled bet ($0.41) returned to ff3870de
*** SHOWDOWN ***
ff3870de collected $1.16 from pot
*** SUMMARY ***
Total pot $1.22 | Rake $0.06 | Jackpot $0 | Bingo $0 | Fortune $0
Board [3d 2d Ks]
Seat 1: c6b5ed4c (small blind) folded before Flop
Seat 2: ff3870de (big blind) won ($1.16)
Seat 3: b7f39a2d folded on the Flop
Seat 4: Hero folded before Flop (didn't bet)
Seat 5: fb773c5f folded before Flop (didn't bet)
Seat 6: c84e1d3b (button) folded before Flop (didn't bet)


Poker Hand #HD1138964250: Hold'em No Limit  ($0.02/$0.05) - 2023/02/27 21:39:58
Table 'NLHBlue22' 6-max Seat #5 is the button
Seat 1: c6b5ed4c ($3.77 in chips)
Seat 2: ff3870de ($5.12 in chips)
Seat 3: b7f39a2d ($6.23 in chips)
Seat 4: Hero ($5.12 in chips)
Seat 5: fb773c5f ($5.94 in chips)
Seat 6: c84e1d3b ($5 in chips)
c84e1d3b: posts small blind $0.02
c6b5ed4c: posts big blind $0.05
*** HOLE CARDS ***
Dealt to c6b5ed4c 
Dealt to ff3870de 
Dealt to b7f39a2d 
Dealt to Hero [3d 2h]
Dealt to fb773c5f 
Dealt to c84e1d3b 
ff3870de: folds
b7f39a2d: folds
Hero: folds
fb773c5f: raises $0.1 to $0.15
c84e1d3b: folds
c6b5ed4c: folds
Uncalled bet ($0.1) returned to fb773c5f
*** SHOWDOWN ***
fb773c5f collected $0.12 from pot
*** SUMMARY ***
Total pot $0.12 | Rake $0 | Jackpot $0 | Bingo $0 | Fortune $0
Seat 1: c6b5ed4c (big blind) folded before Flop
Seat 2: ff3870de folded before Flop (didn't bet)
Seat 3: b7f39a2d folded before Flop (didn't bet)
Seat 4: Hero folded before Flop (didn't bet)
Seat 5: fb773c5f (button) collected ($0.12)
Seat 6: c84e1d3b (small blind) folded before Flop


Poker Hand #HD1138964219: Hold'em No Limit  ($0.02/$0.05) - 2023/02/27 21:39:43
Table 'NLHBlue22' 6-max Seat #4 is the button
Seat 2: ff3870de ($5.12 in chips)
Seat 3: b7f39a2d ($6.23 in chips)
Seat 4: Hero ($5.05 in chips)
Seat 5: fb773c5f ($5.96 in chips)
Seat 6: c84e1d3b ($5.05 in chips)
fb773c5f: posts small blind $0.02
c84e1d3b: posts big blind $0.05
*** HOLE CARDS ***
Dealt to ff3870de 
Dealt to b7f39a2d 
Dealt to Hero [Ks Kd]
Dealt to fb773c5f 
Dealt to c84e1d3b 
ff3870de: folds
b7f39a2d: folds
Hero: raises $0.07 to $0.12
fb773c5f: folds
c84e1d3b: folds
Uncalled bet ($0.07) returned to Hero
*** SHOWDOWN ***
Hero collected $0.12 from pot
*** SUMMARY ***
Total pot $0.12 | Rake $0 | Jackpot $0 | Bingo $0 | Fortune $0
Seat 2: ff3870de folded before Flop (didn't bet)
Seat 3: b7f39a2d folded before Flop (didn't bet)
Seat 4: Hero (button) collected ($0.12)
Seat 5: fb773c5f (small blind) folded before Flop
Seat 6: c84e1d3b (big blind) folded before Flop


Poker Hand #HD1138964187: Hold'em No Limit  ($0.02/$0.05) - 2023/02/27 21:39:23
Table 'NLHBlue22' 6-max Seat #3 is the button
Seat 2: ff3870de ($5.12 in chips)
Seat 3: b7f39a2d ($6.23 in chips)
Seat 4: Hero ($5 in chips)
Seat 5: fb773c5f ($6.01 in chips)
Seat 6: c84e1d3b ($5.05 in chips)
Hero: posts small blind $0.02
fb773c5f: posts big blind $0.05
*** HOLE CARDS ***
Dealt to ff3870de 
Dealt to b7f39a2d 
Dealt to Hero [Qh Js]
Dealt to fb773c5f 
Dealt to c84e1d3b 
c84e1d3b: folds
ff3870de: folds
b7f39a2d: folds
Hero: raises $0.09 to $0.14
fb773c5f: folds
Uncalled bet ($0.09) returned to Hero
*** SHOWDOWN ***
Hero collected $0.1 from pot
*** SUMMARY ***
Total pot $0.1 | Rake $0 | Jackpot $0 | Bingo $0 | Fortune $0
Seat 2: ff3870de folded before Flop (didn't bet)
Seat 3: b7f39a2d (button) folded before Flop (didn't bet)
Seat 4: Hero (small blind) collected ($0.1)
Seat 5: fb773c5f (big blind) folded before Flop
Seat 6: c84e1d3b folded before Flop (didn't bet)


Poker Hand #HD1138964153: Hold'em No Limit  ($0.02/$0.05) - 2023/02/27 21:39:01
Table 'NLHBlue22' 6-max Seat #2 is the button
Seat 2: ff3870de ($5.12 in chips)
Seat 3: b7f39a2d ($6.18 in chips)
Seat 4: Hero ($5 in chips)
Seat 5: fb773c5f ($6.01 in chips)
Seat 6: c84e1d3b ($5.05 in chips)
b7f39a2d: posts small blind $0.02
Hero: posts big blind $0.05
*** HOLE CARDS ***
Dealt to ff3870de 
Dealt to b7f39a2d 
Dealt to Hero [7c 5d]
Dealt to fb773c5f 
Dealt to c84e1d3b 
fb773c5f: folds
c84e1d3b: folds
ff3870de: folds
b7f39a2d: raises $0.1 to $0.15
Hero: folds
Uncalled bet ($0.1) returned to b7f39a2d
*** SHOWDOWN ***
b7f39a2d collected $0.1 from pot
*** SUMMARY ***
Total pot $0.1 | Rake $0 | Jackpot $0 | Bingo $0 | Fortune $0
Seat 2: ff3870de (button) folded before Flop (didn't bet)
Seat 3: b7f39a2d (small blind) collected ($0.1)
Seat 4: Hero (big blind) folded before Flop
Seat 5: fb773c5f folded before Flop (didn't bet)
Seat 6: c84e1d3b folded before Flop (didn't bet)


