Poker Hand #HD1197939434: Hold'em No Limit  ($0.02/$0.05) - 2023/04/10 22:47:21
Table 'NLHBlue47' 6-max Seat #2 is the button
Seat 2: 97a61b78 ($5.04 in chips)
Seat 3: d0ebf72d ($9.55 in chips)
Seat 4: 6abbd348 ($5 in chips)
Seat 5: Hero ($5.2 in chips)
Seat 6: cf8b8183 ($5.41 in chips)
d0ebf72d: posts small blind $0.02
6abbd348: posts big blind $0.05
*** HOLE CARDS ***
Dealt to 97a61b78 
Dealt to d0ebf72d 
Dealt to 6abbd348 
Dealt to Hero [9s 4c]
Dealt to cf8b8183 
Hero: folds
cf8b8183: folds
97a61b78: raises $0.1 to $0.15
d0ebf72d: folds
6abbd348: folds
Uncalled bet ($0.1) returned to 97a61b78
*** SHOWDOWN ***
97a61b78 collected $0.12 from pot
*** SUMMARY ***
Total pot $0.12 | Rake $0 | Jackpot $0 | Bingo $0 | Fortune $0
Seat 2: 97a61b78 (button) collected ($0.12)
Seat 3: d0ebf72d (small blind) folded before Flop
Seat 4: 6abbd348 (big blind) folded before Flop
Seat 5: Hero folded before Flop (didn't bet)
Seat 6: cf8b8183 folded before Flop (didn't bet)


Poker Hand #HD1197939319: Hold'em No Limit  ($0.02/$0.05) - 2023/04/10 22:45:50
Table 'NLHBlue47' 6-max Seat #6 is the button
Seat 1: 442d078a ($3.18 in chips)
Seat 2: 97a61b78 ($5.09 in chips)
Seat 3: d0ebf72d ($6.54 in chips)
Seat 4: 6abbd348 ($5 in chips)
Seat 5: Hero ($5.2 in chips)
Seat 6: cf8b8183 ($5.56 in chips)
442d078a: posts small blind $0.02
97a61b78: posts big blind $0.05
*** HOLE CARDS ***
Dealt to 442d078a 
Dealt to 97a61b78 
Dealt to d0ebf72d 
Dealt to 6abbd348 
Dealt to Hero [2c Ts]
Dealt to cf8b8183 
d0ebf72d: raises $0.1 to $0.15
6abbd348: folds
Hero: folds
cf8b8183: calls $0.15
442d078a: calls $0.13
97a61b78: folds
*** FLOP *** [Kc 3d 9h]
442d078a: checks
d0ebf72d: checks
cf8b8183: checks
*** TURN *** [Kc 3d 9h] [Ad]
442d078a: checks
d0ebf72d: checks
cf8b8183: checks
*** RIVER *** [Kc 3d 9h Ad] [5h]
442d078a: checks
d0ebf72d: bets $0.25
cf8b8183: folds
442d078a: raises $0.5 to $0.75
d0ebf72d: raises $2 to $2.75
442d078a: raises $0.28 to $3.03 and is all-in
d0ebf72d: calls $0.28
442d078a: shows [Ac 5c] (Pair of Aces and Pair of Fives)
d0ebf72d: shows [As Ah] (Three Aces)
*** SHOWDOWN ***
d0ebf72d collected $6.19 from pot
*** SUMMARY ***
Total pot $6.56 | Rake $0.32 | Jackpot $0.05 | Bingo $0 | Fortune $0
Board [Kc 3d 9h Ad 5h]
Seat 1: 442d078a (small blind) showed [Ac 5c] and lost with Pair of Aces and Pair of Fives
Seat 2: 97a61b78 (big blind) folded before Flop
Seat 3: d0ebf72d showed [As Ah] and won ($6.19) with Three Aces
Seat 4: 6abbd348 folded before Flop (didn't bet)
Seat 5: Hero folded before Flop (didn't bet)
Seat 6: cf8b8183 (button) folded on the River


Poker Hand #HD1197939275: Hold'em No Limit  ($0.02/$0.05) - 2023/04/10 22:45:13
Table 'NLHBlue47' 6-max Seat #5 is the button
Seat 1: 442d078a ($3.23 in chips)
Seat 2: 97a61b78 ($5.09 in chips)
Seat 3: d0ebf72d ($6.54 in chips)
Seat 4: 6abbd348 ($5 in chips)
Seat 5: Hero ($5.13 in chips)
Seat 6: cf8b8183 ($5.58 in chips)
cf8b8183: posts small blind $0.02
442d078a: posts big blind $0.05
*** HOLE CARDS ***
Dealt to 442d078a 
Dealt to 97a61b78 
Dealt to d0ebf72d 
Dealt to 6abbd348 
Dealt to Hero [6c Ad]
Dealt to cf8b8183 
97a61b78: folds
d0ebf72d: folds
6abbd348: folds
Hero: raises $0.07 to $0.12
cf8b8183: folds
442d078a: folds
Uncalled bet ($0.07) returned to Hero
*** SHOWDOWN ***
Hero collected $0.12 from pot
*** SUMMARY ***
Total pot $0.12 | Rake $0 | Jackpot $0 | Bingo $0 | Fortune $0
Seat 1: 442d078a (big blind) folded before Flop
Seat 2: 97a61b78 folded before Flop (didn't bet)
Seat 3: d0ebf72d folded before Flop (didn't bet)
Seat 4: 6abbd348 folded before Flop (didn't bet)
Seat 5: Hero (button) collected ($0.12)
Seat 6: cf8b8183 (small blind) folded before Flop


Poker Hand #HD1197939258: Hold'em No Limit  ($0.02/$0.05) - 2023/04/10 22:44:56
Table 'NLHBlue47' 6-max Seat #4 is the button
Seat 1: 442d078a ($3.23 in chips)
Seat 2: 97a61b78 ($5.09 in chips)
Seat 3: d0ebf72d ($6.54 in chips)
Seat 4: 6abbd348 ($5 in chips)
Seat 5: Hero ($5.08 in chips)
Seat 6: cf8b8183 ($5.63 in chips)
Hero: posts small blind $0.02
cf8b8183: posts big blind $0.05
*** HOLE CARDS ***
Dealt to 442d078a 
Dealt to 97a61b78 
Dealt to d0ebf72d 
Dealt to 6abbd348 
Dealt to Hero [8s 8d]
Dealt to cf8b8183 
442d078a: folds
97a61b78: folds
d0ebf72d: folds
6abbd348: folds
Hero: raises $0.09 to $0.14
cf8b8183: folds
Uncalled bet ($0.09) returned to Hero
*** SHOWDOWN ***
Hero collected $0.1 from pot
*** SUMMARY ***
Total pot $0.1 | Rake $0 | Jackpot $0 | Bingo $0 | Fortune $0
Seat 1: 442d078a folded before Flop (didn't bet)
Seat 2: 97a61b78 folded before Flop (didn't bet)
Seat 3: d0ebf72d folded before Flop (didn't bet)
Seat 4: 6abbd348 (button) folded before Flop (didn't bet)
Seat 5: Hero (small blind) collected ($0.1)
Seat 6: cf8b8183 (big blind) folded before Flop


Poker Hand #HD1197939227: Hold'em No Limit  ($0.02/$0.05) - 2023/04/10 22:44:24
Table 'NLHBlue47' 6-max Seat #3 is the button
Seat 1: 442d078a ($3.38 in chips)
Seat 2: 97a61b78 ($5.09 in chips)
Seat 3: d0ebf72d ($6.33 in chips)
Seat 4: 6abbd348 ($5 in chips)
Seat 5: Hero ($5.13 in chips)
Seat 6: cf8b8183 ($5.63 in chips)
6abbd348: posts small blind $0.02
Hero: posts big blind $0.05
*** HOLE CARDS ***
Dealt to 442d078a 
Dealt to 97a61b78 
Dealt to d0ebf72d 
Dealt to 6abbd348 
Dealt to Hero [6d Td]
Dealt to cf8b8183 
cf8b8183: folds
442d078a: calls $0.05
97a61b78: folds
d0ebf72d: raises $0.1 to $0.15
6abbd348: folds
Hero: folds
442d078a: calls $0.1
*** FLOP *** [4c Ah 6h]
442d078a: checks
d0ebf72d: bets $0.28
442d078a: folds
Uncalled bet ($0.28) returned to d0ebf72d
*** SHOWDOWN ***
d0ebf72d collected $0.36 from pot
*** SUMMARY ***
Total pot $0.37 | Rake $0.01 | Jackpot $0 | Bingo $0 | Fortune $0
Board [4c Ah 6h]
Seat 1: 442d078a folded on the Flop
Seat 2: 97a61b78 folded before Flop (didn't bet)
Seat 3: d0ebf72d (button) won ($0.36)
Seat 4: 6abbd348 (small blind) folded before Flop
Seat 5: Hero (big blind) folded before Flop
Seat 6: cf8b8183 folded before Flop (didn't bet)


Poker Hand #HD1197939200: Hold'em No Limit  ($0.02/$0.05) - 2023/04/10 22:43:55
Table 'NLHBlue47' 6-max Seat #2 is the button
Seat 1: 442d078a ($3.38 in chips)
Seat 2: 97a61b78 ($5.09 in chips)
Seat 3: d0ebf72d ($6.28 in chips)
Seat 4: 6abbd348 ($5 in chips)
Seat 5: Hero ($5.13 in chips)
Seat 6: cf8b8183 ($5.63 in chips)
d0ebf72d: posts small blind $0.02
6abbd348: posts big blind $0.05
*** HOLE CARDS ***
Dealt to 442d078a 
Dealt to 97a61b78 
Dealt to d0ebf72d 
Dealt to 6abbd348 
Dealt to Hero [2d 4d]
Dealt to cf8b8183 
Hero: folds
cf8b8183: folds
442d078a: folds
97a61b78: folds
d0ebf72d: calls $0.03
6abbd348: checks
*** FLOP *** [7d 9d Td]
d0ebf72d: bets $0.05
6abbd348: folds
Uncalled bet ($0.05) returned to d0ebf72d
*** SHOWDOWN ***
d0ebf72d collected $0.1 from pot
*** SUMMARY ***
Total pot $0.1 | Rake $0 | Jackpot $0 | Bingo $0 | Fortune $0
Board [7d 9d Td]
Seat 1: 442d078a folded before Flop (didn't bet)
Seat 2: 97a61b78 (button) folded before Flop (didn't bet)
Seat 3: d0ebf72d (small blind) won ($0.1)
Seat 4: 6abbd348 (big blind) folded on the Flop
Seat 5: Hero folded before Flop (didn't bet)
Seat 6: cf8b8183 folded before Flop (didn't bet)


Poker Hand #HD1197939143: Hold'em No Limit  ($0.02/$0.05) - 2023/04/10 22:43:16
Table 'NLHBlue47' 6-max Seat #1 is the button
Seat 1: 442d078a ($3.38 in chips)
Seat 2: 97a61b78 ($5.11 in chips)
Seat 3: d0ebf72d ($6.4 in chips)
Seat 4: 6abbd348 ($5 in chips)
Seat 5: Hero ($5 in chips)
Seat 6: cf8b8183 ($5.63 in chips)
97a61b78: posts small blind $0.02
d0ebf72d: posts big blind $0.05
*** HOLE CARDS ***
Dealt to 442d078a 
Dealt to 97a61b78 
Dealt to d0ebf72d 
Dealt to 6abbd348 
Dealt to Hero [Js Kh]
Dealt to cf8b8183 
6abbd348: folds
Hero: raises $0.07 to $0.12
cf8b8183: folds
442d078a: folds
97a61b78: folds
d0ebf72d: calls $0.07
*** FLOP *** [Td Th 2h]
d0ebf72d: checks
Hero: checks
*** TURN *** [Td Th 2h] [7d]
d0ebf72d: checks
Hero: checks
*** RIVER *** [Td Th 2h 7d] [5c]
d0ebf72d: checks
Hero: checks
d0ebf72d: shows [Qc 9c] (Pair of Tens)
Hero: shows [Js Kh] (Pair of Tens)
*** SHOWDOWN ***
Hero collected $0.25 from pot
*** SUMMARY ***
Total pot $0.26 | Rake $0.01 | Jackpot $0 | Bingo $0 | Fortune $0
Board [Td Th 2h 7d 5c]
Seat 1: 442d078a (button) folded before Flop (didn't bet)
Seat 2: 97a61b78 (small blind) folded before Flop
Seat 3: d0ebf72d (big blind) showed [Qc 9c] and lost with Pair of Tens
Seat 4: 6abbd348 folded before Flop (didn't bet)
Seat 5: Hero showed [Js Kh] and won ($0.25) with Pair of Tens
Seat 6: cf8b8183 folded before Flop (didn't bet)


Poker Hand #HD1197939048: Hold'em No Limit  ($0.02/$0.05) - 2023/04/10 22:41:59
Table 'NLHBlue47' 6-max Seat #6 is the button
Seat 1: 442d078a ($3.99 in chips)
Seat 2: 97a61b78 ($5.16 in chips)
Seat 3: d0ebf72d ($6.4 in chips)
Seat 4: 6abbd348 ($5 in chips)
Seat 5: Hero ($5 in chips)
Seat 6: cf8b8183 ($5.03 in chips)
442d078a: posts small blind $0.02
97a61b78: posts big blind $0.05
*** HOLE CARDS ***
Dealt to 442d078a 
Dealt to 97a61b78 
Dealt to d0ebf72d 
Dealt to 6abbd348 
Dealt to Hero [Jd 7h]
Dealt to cf8b8183 
d0ebf72d: folds
6abbd348: folds
Hero: folds
cf8b8183: raises $0.05 to $0.1
442d078a: raises $0.19 to $0.29
97a61b78: folds
cf8b8183: calls $0.19
*** FLOP *** [5s 7s 8s]
442d078a: checks
cf8b8183: checks
*** TURN *** [5s 7s 8s] [6h]
442d078a: bets $0.32
cf8b8183: calls $0.32
*** RIVER *** [5s 7s 8s 6h] [9c]
442d078a: checks
cf8b8183: bets $0.64
442d078a: folds
Uncalled bet ($0.64) returned to cf8b8183
*** SHOWDOWN ***
cf8b8183 collected $1.21 from pot
*** SUMMARY ***
Total pot $1.27 | Rake $0.06 | Jackpot $0 | Bingo $0 | Fortune $0
Board [5s 7s 8s 6h 9c]
Seat 1: 442d078a (small blind) folded on the River
Seat 2: 97a61b78 (big blind) folded before Flop
Seat 3: d0ebf72d folded before Flop (didn't bet)
Seat 4: 6abbd348 folded before Flop (didn't bet)
Seat 5: Hero folded before Flop (didn't bet)
Seat 6: cf8b8183 (button) won ($1.21)


Poker Hand #HD1197939006: Hold'em No Limit  ($0.02/$0.05) - 2023/04/10 22:41:29
Table 'NLHBlue47' 6-max Seat #5 is the button
Seat 1: 442d078a ($4.14 in chips)
Seat 2: 97a61b78 ($5 in chips)
Seat 3: d0ebf72d ($6.4 in chips)
Seat 4: 6abbd348 ($5 in chips)
Seat 5: Hero ($5 in chips)
Seat 6: cf8b8183 ($5.05 in chips)
cf8b8183: posts small blind $0.02
442d078a: posts big blind $0.05
*** HOLE CARDS ***
Dealt to 442d078a 
Dealt to 97a61b78 
Dealt to d0ebf72d 
Dealt to 6abbd348 
Dealt to Hero [Jd 9c]
Dealt to cf8b8183 
97a61b78: raises $0.1 to $0.15
d0ebf72d: folds
6abbd348: folds
Hero: folds
cf8b8183: folds
442d078a: calls $0.1
*** FLOP *** [4d 7s 9d]
442d078a: checks
97a61b78: bets $0.22
442d078a: folds
Uncalled bet ($0.22) returned to 97a61b78
*** SHOWDOWN ***
97a61b78 collected $0.31 from pot
*** SUMMARY ***
Total pot $0.32 | Rake $0.01 | Jackpot $0 | Bingo $0 | Fortune $0
Board [4d 7s 9d]
Seat 1: 442d078a (big blind) folded on the Flop
Seat 2: 97a61b78 won ($0.31)
Seat 3: d0ebf72d folded before Flop (didn't bet)
Seat 4: 6abbd348 folded before Flop (didn't bet)
Seat 5: Hero (button) folded before Flop (didn't bet)
Seat 6: cf8b8183 (small blind) folded before Flop


Poker Hand #HD1197938960: Hold'em No Limit  ($0.02/$0.05) - 2023/04/10 22:40:52
Table 'NLHBlue47' 6-max Seat #4 is the button
Seat 1: 442d078a ($4.29 in chips)
Seat 2: 97a61b78 ($5 in chips)
Seat 3: d0ebf72d ($5.5 in chips)
Seat 4: 6abbd348 ($5 in chips)
Seat 5: Hero ($5 in chips)
Seat 6: cf8b8183 ($5.1 in chips)
Hero: posts small blind $0.02
cf8b8183: posts big blind $0.05
*** HOLE CARDS ***
Dealt to 442d078a 
Dealt to 97a61b78 
Dealt to d0ebf72d 
Dealt to 6abbd348 
Dealt to Hero [3d Qh]
Dealt to cf8b8183 
442d078a: raises $0.1 to $0.15
97a61b78: raises $0.3 to $0.45
d0ebf72d: calls $0.45
6abbd348: folds
Hero: folds
cf8b8183: folds
442d078a: folds
*** FLOP *** [Td 7h 5d]
97a61b78: bets $0.37
d0ebf72d: raises $1.86 to $2.23
97a61b78: folds
Uncalled bet ($1.86) returned to d0ebf72d
*** SHOWDOWN ***
d0ebf72d collected $1.72 from pot
*** SUMMARY ***
Total pot $1.86 | Rake $0.09 | Jackpot $0.05 | Bingo $0 | Fortune $0
Board [Td 7h 5d]
Seat 1: 442d078a folded before Flop
Seat 2: 97a61b78 folded on the Flop
Seat 3: d0ebf72d won ($1.72)
Seat 4: 6abbd348 (button) folded before Flop (didn't bet)
Seat 5: Hero (small blind) folded before Flop
Seat 6: cf8b8183 (big blind) folded before Flop


Poker Hand #HD1197938922: Hold'em No Limit  ($0.02/$0.05) - 2023/04/10 22:40:23
Table 'NLHBlue47' 6-max Seat #3 is the button
Seat 1: 442d078a ($3.98 in chips)
Seat 2: 97a61b78 ($5 in chips)
Seat 3: d0ebf72d ($5.63 in chips)
Seat 4: 6abbd348 ($5.02 in chips)
Seat 5: Hero ($5 in chips)
Seat 6: cf8b8183 ($5.23 in chips)
6abbd348: posts small blind $0.02
Hero: posts big blind $0.05
*** HOLE CARDS ***
Dealt to 442d078a 
Dealt to 97a61b78 
Dealt to d0ebf72d 
Dealt to 6abbd348 
Dealt to Hero [Ts 3c]
Dealt to cf8b8183 
cf8b8183: raises $0.08 to $0.13
442d078a: calls $0.13
97a61b78: folds
d0ebf72d: calls $0.13
6abbd348: folds
Hero: folds
*** FLOP *** [8c Jh 8s]
cf8b8183: checks
442d078a: bets $0.23
d0ebf72d: folds
cf8b8183: folds
Uncalled bet ($0.23) returned to 442d078a
442d078a: shows [Jd]
*** SHOWDOWN ***
442d078a collected $0.44 from pot
*** SUMMARY ***
Total pot $0.46 | Rake $0.02 | Jackpot $0 | Bingo $0 | Fortune $0
Board [8c Jh 8s]
Seat 1: 442d078a showed [Jd As] and won ($0.44) with Pair of Jacks and Pair of Eights
Seat 2: 97a61b78 folded before Flop (didn't bet)
Seat 3: d0ebf72d (button) folded on the Flop
Seat 4: 6abbd348 (small blind) folded before Flop
Seat 5: Hero (big blind) folded before Flop
Seat 6: cf8b8183 folded on the Flop


Poker Hand #HD1197938871: Hold'em No Limit  ($0.02/$0.05) - 2023/04/10 22:39:38
Table 'NLHBlue47' 6-max Seat #2 is the button
Seat 1: 442d078a ($3.98 in chips)
Seat 2: 97a61b78 ($5 in chips)
Seat 3: d0ebf72d ($5.76 in chips)
Seat 4: 6abbd348 ($5.07 in chips)
Seat 5: Hero ($5 in chips)
Seat 6: cf8b8183 ($5.06 in chips)
d0ebf72d: posts small blind $0.02
6abbd348: posts big blind $0.05
*** HOLE CARDS ***
Dealt to 442d078a 
Dealt to 97a61b78 
Dealt to d0ebf72d 
Dealt to 6abbd348 
Dealt to Hero [Kh 6c]
Dealt to cf8b8183 
Hero: folds
cf8b8183: raises $0.08 to $0.13
442d078a: folds
97a61b78: folds
d0ebf72d: calls $0.11
6abbd348: folds
*** FLOP *** [4s 7d 7c]
d0ebf72d: checks
cf8b8183: checks
*** TURN *** [4s 7d 7c] [Qs]
d0ebf72d: checks
cf8b8183: bets $0.24
d0ebf72d: folds
Uncalled bet ($0.24) returned to cf8b8183
*** SHOWDOWN ***
cf8b8183 collected $0.3 from pot
*** SUMMARY ***
Total pot $0.31 | Rake $0.01 | Jackpot $0 | Bingo $0 | Fortune $0
Board [4s 7d 7c Qs]
Seat 1: 442d078a folded before Flop (didn't bet)
Seat 2: 97a61b78 (button) folded before Flop (didn't bet)
Seat 3: d0ebf72d (small blind) folded on the Turn
Seat 4: 6abbd348 (big blind) folded before Flop
Seat 5: Hero folded before Flop (didn't bet)
Seat 6: cf8b8183 won ($0.3)


Poker Hand #HD1197938854: Hold'em No Limit  ($0.02/$0.05) - 2023/04/10 22:39:22
Table 'NLHBlue47' 6-max Seat #1 is the button
Seat 1: 442d078a ($3.98 in chips)
Seat 2: 97a61b78 ($5 in chips)
Seat 3: d0ebf72d ($5.81 in chips)
Seat 4: 6abbd348 ($5 in chips)
Seat 5: Hero ($5 in chips)
Seat 6: cf8b8183 ($5.06 in chips)
97a61b78: posts small blind $0.02
d0ebf72d: posts big blind $0.05
*** HOLE CARDS ***
Dealt to 442d078a 
Dealt to 97a61b78 
Dealt to d0ebf72d 
Dealt to 6abbd348 
Dealt to Hero [Jh 2c]
Dealt to cf8b8183 
6abbd348: raises $0.1 to $0.15
Hero: folds
cf8b8183: folds
442d078a: folds
97a61b78: folds
d0ebf72d: folds
Uncalled bet ($0.1) returned to 6abbd348
*** SHOWDOWN ***
6abbd348 collected $0.12 from pot
*** SUMMARY ***
Total pot $0.12 | Rake $0 | Jackpot $0 | Bingo $0 | Fortune $0
Seat 1: 442d078a (button) folded before Flop (didn't bet)
Seat 2: 97a61b78 (small blind) folded before Flop
Seat 3: d0ebf72d (big blind) folded before Flop
Seat 4: 6abbd348 collected ($0.12)
Seat 5: Hero folded before Flop (didn't bet)
Seat 6: cf8b8183 folded before Flop (didn't bet)


Poker Hand #HD1197938815: Hold'em No Limit  ($0.02/$0.05) - 2023/04/10 22:38:54
Table 'NLHBlue47' 6-max Seat #6 is the button
Seat 1: 442d078a ($4.03 in chips)
Seat 2: 97a61b78 ($5 in chips)
Seat 3: d0ebf72d ($5.71 in chips)
Seat 4: 6abbd348 ($5 in chips)
Seat 5: Hero ($5 in chips)
Seat 6: cf8b8183 ($5.06 in chips)
442d078a: posts small blind $0.02
97a61b78: posts big blind $0.05
*** HOLE CARDS ***
Dealt to 442d078a 
Dealt to 97a61b78 
Dealt to d0ebf72d 
Dealt to 6abbd348 
Dealt to Hero [Kh 3d]
Dealt to cf8b8183 
d0ebf72d: calls $0.05
6abbd348: folds
Hero: folds
cf8b8183: folds
442d078a: calls $0.03
97a61b78: checks
*** FLOP *** [Ks Td Jc]
442d078a: checks
97a61b78: checks
d0ebf72d: bets $0.12
442d078a: folds
97a61b78: folds
Uncalled bet ($0.12) returned to d0ebf72d
*** SHOWDOWN ***
d0ebf72d collected $0.15 from pot
*** SUMMARY ***
Total pot $0.15 | Rake $0 | Jackpot $0 | Bingo $0 | Fortune $0
Board [Ks Td Jc]
Seat 1: 442d078a (small blind) folded on the Flop
Seat 2: 97a61b78 (big blind) folded on the Flop
Seat 3: d0ebf72d won ($0.15)
Seat 4: 6abbd348 folded before Flop (didn't bet)
Seat 5: Hero folded before Flop (didn't bet)
Seat 6: cf8b8183 (button) folded before Flop (didn't bet)


Poker Hand #HD1197938756: Hold'em No Limit  ($0.02/$0.05) - 2023/04/10 22:38:09
Table 'NLHBlue47' 6-max Seat #5 is the button
Seat 1: 442d078a ($4.2 in chips)
Seat 2: 97a61b78 ($5 in chips)
Seat 3: d0ebf72d ($5.39 in chips)
Seat 4: 6abbd348 ($5 in chips)
Seat 5: Hero ($5 in chips)
Seat 6: cf8b8183 ($5.23 in chips)
cf8b8183: posts small blind $0.02
442d078a: posts big blind $0.05
*** HOLE CARDS ***
Dealt to 442d078a 
Dealt to 97a61b78 
Dealt to d0ebf72d 
Dealt to 6abbd348 
Dealt to Hero [Ks 2d]
Dealt to cf8b8183 
97a61b78: folds
d0ebf72d: calls $0.05
6abbd348: folds
Hero: folds
cf8b8183: calls $0.03
442d078a: checks
*** FLOP *** [4d Jd 2s]
cf8b8183: checks
442d078a: checks
d0ebf72d: bets $0.12
cf8b8183: calls $0.12
442d078a: calls $0.12
*** TURN *** [4d Jd 2s] [4h]
cf8b8183: checks
442d078a: checks
d0ebf72d: bets $0.26
cf8b8183: folds
442d078a: folds
Uncalled bet ($0.26) returned to d0ebf72d
*** SHOWDOWN ***
d0ebf72d collected $0.49 from pot
*** SUMMARY ***
Total pot $0.51 | Rake $0.02 | Jackpot $0 | Bingo $0 | Fortune $0
Board [4d Jd 2s 4h]
Seat 1: 442d078a (big blind) folded on the Turn
Seat 2: 97a61b78 folded before Flop (didn't bet)
Seat 3: d0ebf72d won ($0.49)
Seat 4: 6abbd348 folded before Flop (didn't bet)
Seat 5: Hero (button) folded before Flop (didn't bet)
Seat 6: cf8b8183 (small blind) folded on the Turn


Poker Hand #HD1197938738: Hold'em No Limit  ($0.02/$0.05) - 2023/04/10 22:37:51
Table 'NLHBlue47' 6-max Seat #4 is the button
Seat 1: 442d078a ($4.13 in chips)
Seat 2: 97a61b78 ($5 in chips)
Seat 3: d0ebf72d ($5.39 in chips)
Seat 4: 6abbd348 ($5 in chips)
Seat 5: Hero ($5 in chips)
Seat 6: cf8b8183 ($5.28 in chips)
Hero: posts small blind $0.02
cf8b8183: posts big blind $0.05
*** HOLE CARDS ***
Dealt to 442d078a 
Dealt to 97a61b78 
Dealt to d0ebf72d 
Dealt to 6abbd348 
Dealt to Hero [Th Ks]
Dealt to cf8b8183 
442d078a: raises $0.1 to $0.15
97a61b78: folds
d0ebf72d: folds
6abbd348: folds
Hero: folds
cf8b8183: folds
Uncalled bet ($0.1) returned to 442d078a
*** SHOWDOWN ***
442d078a collected $0.12 from pot
*** SUMMARY ***
Total pot $0.12 | Rake $0 | Jackpot $0 | Bingo $0 | Fortune $0
Seat 1: 442d078a collected ($0.12)
Seat 2: 97a61b78 folded before Flop (didn't bet)
Seat 3: d0ebf72d folded before Flop (didn't bet)
Seat 4: 6abbd348 (button) folded before Flop (didn't bet)
Seat 5: Hero (small blind) folded before Flop
Seat 6: cf8b8183 (big blind) folded before Flop


Poker Hand #HD1197938676: Hold'em No Limit  ($0.02/$0.05) - 2023/04/10 22:37:00
Table 'NLHBlue47' 6-max Seat #3 is the button
Seat 1: 442d078a ($3.74 in chips)
Seat 2: 97a61b78 ($5 in chips)
Seat 3: d0ebf72d ($5.39 in chips)
Seat 4: 6abbd348 ($5 in chips)
Seat 5: Hero ($5 in chips)
Seat 6: cf8b8183 ($5.28 in chips)
6abbd348: posts small blind $0.02
Hero: posts big blind $0.05
*** HOLE CARDS ***
Dealt to 442d078a 
Dealt to 97a61b78 
Dealt to d0ebf72d 
Dealt to 6abbd348 
Dealt to Hero [2h 8c]
Dealt to cf8b8183 
cf8b8183: folds
442d078a: calls $0.05
97a61b78: raises $0.15 to $0.2
d0ebf72d: folds
6abbd348: folds
Hero: folds
442d078a: calls $0.15
*** FLOP *** [8h Th Td]
442d078a: checks
97a61b78: bets $0.16
442d078a: calls $0.16
*** TURN *** [8h Th Td] [6c]
442d078a: checks
97a61b78: checks
*** RIVER *** [8h Th Td 6c] [7h]
442d078a: checks
97a61b78: checks
442d078a: shows [9s 6s] (Tens-High Straight)
97a61b78: shows [Jd Qd] (Pair of Tens)
*** SHOWDOWN ***
442d078a collected $0.75 from pot
*** SUMMARY ***
Total pot $0.79 | Rake $0.04 | Jackpot $0 | Bingo $0 | Fortune $0
Board [8h Th Td 6c 7h]
Seat 1: 442d078a showed [9s 6s] and won ($0.75) with Tens-High Straight
Seat 2: 97a61b78 showed [Jd Qd] and lost with Pair of Tens
Seat 3: d0ebf72d (button) folded before Flop (didn't bet)
Seat 4: 6abbd348 (small blind) folded before Flop
Seat 5: Hero (big blind) folded before Flop
Seat 6: cf8b8183 folded before Flop (didn't bet)


Poker Hand #HD1197938607: Hold'em No Limit  ($0.02/$0.05) - 2023/04/10 22:36:10
Table 'NLHBlue47' 6-max Seat #2 is the button
Seat 1: 442d078a ($3.89 in chips)
Seat 2: 97a61b78 ($5 in chips)
Seat 3: d0ebf72d ($5.11 in chips)
Seat 4: 6abbd348 ($5 in chips)
Seat 5: Hero ($5 in chips)
Seat 6: cf8b8183 ($5.28 in chips)
d0ebf72d: posts small blind $0.02
6abbd348: posts big blind $0.05
*** HOLE CARDS ***
Dealt to 442d078a 
Dealt to 97a61b78 
Dealt to d0ebf72d 
Dealt to 6abbd348 
Dealt to Hero [4c 9c]
Dealt to cf8b8183 
Hero: folds
cf8b8183: folds
442d078a: raises $0.1 to $0.15
97a61b78: folds
d0ebf72d: calls $0.13
6abbd348: calls $0.1
*** FLOP *** [2h 4h 6s]
d0ebf72d: checks
6abbd348: checks
442d078a: checks
*** TURN *** [2h 4h 6s] [7s]
d0ebf72d: bets $0.34
6abbd348: folds
442d078a: folds
Uncalled bet ($0.34) returned to d0ebf72d
442d078a: shows [Ad] (Ace-High)
*** SHOWDOWN ***
d0ebf72d collected $0.43 from pot
*** SUMMARY ***
Total pot $0.45 | Rake $0.02 | Jackpot $0 | Bingo $0 | Fortune $0
Board [2h 4h 6s 7s]
Seat 1: 442d078a folded on the Turn
Seat 2: 97a61b78 (button) folded before Flop (didn't bet)
Seat 3: d0ebf72d (small blind) won ($0.43)
Seat 4: 6abbd348 (big blind) folded on the Turn
Seat 5: Hero folded before Flop (didn't bet)
Seat 6: cf8b8183 folded before Flop (didn't bet)


Poker Hand #HD1197938582: Hold'em No Limit  ($0.02/$0.05) - 2023/04/10 22:35:49
Table 'NLHBlue47' 6-max Seat #1 is the button
Seat 1: 442d078a ($3.78 in chips)
Seat 2: 97a61b78 ($5.02 in chips)
Seat 3: d0ebf72d ($5.21 in chips)
Seat 5: Hero ($5 in chips)
Seat 6: cf8b8183 ($5.28 in chips)
97a61b78: posts small blind $0.02
d0ebf72d: posts big blind $0.05
*** HOLE CARDS ***
Dealt to 442d078a 
Dealt to 97a61b78 
Dealt to d0ebf72d 
Dealt to Hero [Kc 5c]
Dealt to cf8b8183 
Hero: folds
cf8b8183: folds
442d078a: raises $0.05 to $0.1
97a61b78: folds
d0ebf72d: calls $0.05
*** FLOP *** [Ah Kh 4h]
d0ebf72d: checks
442d078a: bets $0.17
d0ebf72d: folds
Uncalled bet ($0.17) returned to 442d078a
*** SHOWDOWN ***
442d078a collected $0.21 from pot
*** SUMMARY ***
Total pot $0.22 | Rake $0.01 | Jackpot $0 | Bingo $0 | Fortune $0
Board [Ah Kh 4h]
Seat 1: 442d078a (button) won ($0.21)
Seat 2: 97a61b78 (small blind) folded before Flop
Seat 3: d0ebf72d (big blind) folded on the Flop
Seat 5: Hero folded before Flop (didn't bet)
Seat 6: cf8b8183 folded before Flop (didn't bet)


Poker Hand #HD1197938544: Hold'em No Limit  ($0.02/$0.05) - 2023/04/10 22:35:14
Table 'NLHBlue47' 6-max Seat #6 is the button
Seat 1: 442d078a ($3.68 in chips)
Seat 2: 97a61b78 ($5.07 in chips)
Seat 3: d0ebf72d ($5.26 in chips)
Seat 5: Hero ($5 in chips)
Seat 6: cf8b8183 ($5.28 in chips)
442d078a: posts small blind $0.02
97a61b78: posts big blind $0.05
*** HOLE CARDS ***
Dealt to 442d078a 
Dealt to 97a61b78 
Dealt to d0ebf72d 
Dealt to Hero [6c 2s]
Dealt to cf8b8183 
d0ebf72d: calls $0.05
Hero: folds
cf8b8183: folds
442d078a: calls $0.03
97a61b78: checks
*** FLOP *** [Kh 6h Ac]
442d078a: checks
97a61b78: checks
d0ebf72d: checks
*** TURN *** [Kh 6h Ac] [Qd]
442d078a: bets $0.15
97a61b78: folds
d0ebf72d: folds
Uncalled bet ($0.15) returned to 442d078a
*** SHOWDOWN ***
442d078a collected $0.15 from pot
*** SUMMARY ***
Total pot $0.15 | Rake $0 | Jackpot $0 | Bingo $0 | Fortune $0
Board [Kh 6h Ac Qd]
Seat 1: 442d078a (small blind) won ($0.15)
Seat 2: 97a61b78 (big blind) folded on the Turn
Seat 3: d0ebf72d folded on the Turn
Seat 5: Hero folded before Flop (didn't bet)
Seat 6: cf8b8183 (button) folded before Flop (didn't bet)


Poker Hand #HD1197938474: Hold'em No Limit  ($0.02/$0.05) - 2023/04/10 22:34:17
Table 'NLHBlue47' 6-max Seat #5 is the button
Seat 1: 442d078a ($3.29 in chips)
Seat 2: 97a61b78 ($5.07 in chips)
Seat 3: d0ebf72d ($5.46 in chips)
Seat 5: Hero ($5.11 in chips)
Seat 6: cf8b8183 ($5.3 in chips)
cf8b8183: posts small blind $0.02
442d078a: posts big blind $0.05
*** HOLE CARDS ***
Dealt to 442d078a 
Dealt to 97a61b78 
Dealt to d0ebf72d 
Dealt to Hero [Qs 9s]
Dealt to cf8b8183 
97a61b78: folds
d0ebf72d: calls $0.05
Hero: raises $0.15 to $0.2
cf8b8183: folds
442d078a: calls $0.15
d0ebf72d: calls $0.15
*** FLOP *** [8s 6c Ac]
442d078a: checks
d0ebf72d: checks
Hero: checks
*** TURN *** [8s 6c Ac] [2d]
442d078a: checks
d0ebf72d: checks
Hero: checks
*** RIVER *** [8s 6c Ac 2d] [As]
442d078a: checks
d0ebf72d: checks
Hero: checks
442d078a: shows [3c 3s] (Pair of Aces and Pair of Treys)
d0ebf72d: shows [Tc Jd] (Pair of Aces)
Hero: shows [Qs 9s] (Pair of Aces)
*** SHOWDOWN ***
442d078a collected $0.59 from pot
*** SUMMARY ***
Total pot $0.62 | Rake $0.03 | Jackpot $0 | Bingo $0 | Fortune $0
Board [8s 6c Ac 2d As]
Seat 1: 442d078a (big blind) showed [3c 3s] and won ($0.59) with Pair of Aces and Pair of Treys
Seat 2: 97a61b78 folded before Flop (didn't bet)
Seat 3: d0ebf72d showed [Tc Jd] and lost with Pair of Aces
Seat 5: Hero (button) showed [Qs 9s] and lost with Pair of Aces
Seat 6: cf8b8183 (small blind) folded before Flop


Poker Hand #HD1197938426: Hold'em No Limit  ($0.02/$0.05) - 2023/04/10 22:33:38
Table 'NLHBlue47' 6-max Seat #3 is the button
Seat 1: 442d078a ($3.6 in chips)
Seat 2: 97a61b78 ($5.07 in chips)
Seat 3: d0ebf72d ($5.46 in chips)
Seat 5: Hero ($5.13 in chips)
Seat 6: cf8b8183 ($5 in chips)
Hero: posts small blind $0.02
cf8b8183: posts big blind $0.05
*** HOLE CARDS ***
Dealt to 442d078a 
Dealt to 97a61b78 
Dealt to d0ebf72d 
Dealt to Hero [5c 2d]
Dealt to cf8b8183 
442d078a: raises $0.1 to $0.15
97a61b78: folds
d0ebf72d: folds
Hero: folds
cf8b8183: calls $0.1
*** FLOP *** [9d As Qc]
cf8b8183: checks
442d078a: bets $0.16
cf8b8183: calls $0.16
*** TURN *** [9d As Qc] [3c]
cf8b8183: checks
442d078a: checks
*** RIVER *** [9d As Qc 3c] [Qd]
cf8b8183: checks
442d078a: checks
cf8b8183: shows [Kc Ah] (Pair of Aces and Pair of Queens)
442d078a: shows [5s 8s] (Pair of Queens)
*** SHOWDOWN ***
cf8b8183 collected $0.61 from pot
*** SUMMARY ***
Total pot $0.64 | Rake $0.03 | Jackpot $0 | Bingo $0 | Fortune $0
Board [9d As Qc 3c Qd]
Seat 1: 442d078a showed [5s 8s] and lost with Pair of Queens
Seat 2: 97a61b78 folded before Flop (didn't bet)
Seat 3: d0ebf72d (button) folded before Flop (didn't bet)
Seat 5: Hero (small blind) folded before Flop
Seat 6: cf8b8183 (big blind) showed [Kc Ah] and won ($0.61) with Pair of Aces and Pair of Queens


Poker Hand #HD1197938395: Hold'em No Limit  ($0.02/$0.05) - 2023/04/10 22:33:14
Table 'NLHBlue47' 6-max Seat #2 is the button
Seat 1: 442d078a ($3.6 in chips)
Seat 2: 97a61b78 ($5.07 in chips)
Seat 3: d0ebf72d ($5.41 in chips)
Seat 5: Hero ($5.18 in chips)
Seat 6: cf8b8183 ($5 in chips)
d0ebf72d: posts small blind $0.02
Hero: posts big blind $0.05
*** HOLE CARDS ***
Dealt to 442d078a 
Dealt to 97a61b78 
Dealt to d0ebf72d 
Dealt to Hero [9h Jc]
Dealt to cf8b8183 
cf8b8183: folds
442d078a: folds
97a61b78: folds
d0ebf72d: calls $0.03
Hero: checks
*** FLOP *** [7d Ah 4c]
d0ebf72d: bets $0.05
Hero: folds
Uncalled bet ($0.05) returned to d0ebf72d
*** SHOWDOWN ***
d0ebf72d collected $0.1 from pot
*** SUMMARY ***
Total pot $0.1 | Rake $0 | Jackpot $0 | Bingo $0 | Fortune $0
Board [7d Ah 4c]
Seat 1: 442d078a folded before Flop (didn't bet)
Seat 2: 97a61b78 (button) folded before Flop (didn't bet)
Seat 3: d0ebf72d (small blind) won ($0.1)
Seat 5: Hero (big blind) folded on the Flop
Seat 6: cf8b8183 folded before Flop (didn't bet)


Poker Hand #HD1197938384: Hold'em No Limit  ($0.02/$0.05) - 2023/04/10 22:33:02
Table 'NLHBlue47' 6-max Seat #1 is the button
Seat 1: 442d078a ($3.6 in chips)
Seat 2: 97a61b78 ($5.09 in chips)
Seat 3: d0ebf72d ($5.39 in chips)
Seat 5: Hero ($5.18 in chips)
Seat 6: cf8b8183 ($5 in chips)
97a61b78: posts small blind $0.02
d0ebf72d: posts big blind $0.05
*** HOLE CARDS ***
Dealt to 442d078a 
Dealt to 97a61b78 
Dealt to d0ebf72d 
Dealt to Hero [5d Kc]
Dealt to cf8b8183 
Hero: folds
cf8b8183: folds
442d078a: folds
97a61b78: folds
Uncalled bet ($0.03) returned to d0ebf72d
*** SHOWDOWN ***
d0ebf72d collected $0.04 from pot
*** SUMMARY ***
Total pot $0.04 | Rake $0 | Jackpot $0 | Bingo $0 | Fortune $0
Seat 1: 442d078a (button) folded before Flop (didn't bet)
Seat 2: 97a61b78 (small blind) folded before Flop
Seat 3: d0ebf72d (big blind) collected ($0.04)
Seat 5: Hero folded before Flop (didn't bet)
Seat 6: cf8b8183 folded before Flop (didn't bet)


Poker Hand #HD1197938364: Hold'em No Limit  ($0.02/$0.05) - 2023/04/10 22:32:42
Table 'NLHBlue47' 6-max Seat #6 is the button
Seat 1: 442d078a ($3.62 in chips)
Seat 2: 97a61b78 ($5.14 in chips)
Seat 3: d0ebf72d ($5.32 in chips)
Seat 5: Hero ($5.18 in chips)
Seat 6: cf8b8183 ($5 in chips)
442d078a: posts small blind $0.02
97a61b78: posts big blind $0.05
*** HOLE CARDS ***
Dealt to 442d078a 
Dealt to 97a61b78 
Dealt to d0ebf72d 
Dealt to Hero [7s 4s]
Dealt to cf8b8183 
d0ebf72d: raises $0.05 to $0.1
Hero: folds
cf8b8183: folds
442d078a: folds
97a61b78: folds
Uncalled bet ($0.05) returned to d0ebf72d
*** SHOWDOWN ***
d0ebf72d collected $0.12 from pot
*** SUMMARY ***
Total pot $0.12 | Rake $0 | Jackpot $0 | Bingo $0 | Fortune $0
Seat 1: 442d078a (small blind) folded before Flop
Seat 2: 97a61b78 (big blind) folded before Flop
Seat 3: d0ebf72d collected ($0.12)
Seat 5: Hero folded before Flop (didn't bet)
Seat 6: cf8b8183 (button) folded before Flop (didn't bet)


Poker Hand #HD1197938318: Hold'em No Limit  ($0.02/$0.05) - 2023/04/10 22:32:02
Table 'NLHBlue47' 6-max Seat #5 is the button
Seat 1: 442d078a ($3.72 in chips)
Seat 2: 97a61b78 ($5.14 in chips)
Seat 3: d0ebf72d ($5 in chips)
Seat 5: Hero ($5.18 in chips)
Seat 6: cf8b8183 ($5.02 in chips)
cf8b8183: posts small blind $0.02
442d078a: posts big blind $0.05
*** HOLE CARDS ***
Dealt to 442d078a 
Dealt to 97a61b78 
Dealt to d0ebf72d 
Dealt to Hero [Ts 5h]
Dealt to cf8b8183 
97a61b78: folds
d0ebf72d: raises $0.05 to $0.1
Hero: folds
cf8b8183: calls $0.08
442d078a: calls $0.05
*** FLOP *** [9s 6s As]
cf8b8183: checks
442d078a: checks
d0ebf72d: bets $0.15
cf8b8183: calls $0.15
442d078a: folds
*** TURN *** [9s 6s As] [7c]
cf8b8183: checks
d0ebf72d: bets $0.3
cf8b8183: folds
Uncalled bet ($0.3) returned to d0ebf72d
*** SHOWDOWN ***
d0ebf72d collected $0.57 from pot
*** SUMMARY ***
Total pot $0.6 | Rake $0.03 | Jackpot $0 | Bingo $0 | Fortune $0
Board [9s 6s As 7c]
Seat 1: 442d078a (big blind) folded on the Flop
Seat 2: 97a61b78 folded before Flop (didn't bet)
Seat 3: d0ebf72d won ($0.57)
Seat 5: Hero (button) folded before Flop (didn't bet)
Seat 6: cf8b8183 (small blind) folded on the Turn


Poker Hand #HD1197938288: Hold'em No Limit  ($0.02/$0.05) - 2023/04/10 22:31:43
Table 'NLHBlue47' 6-max Seat #3 is the button
Seat 1: 442d078a ($3.72 in chips)
Seat 2: 97a61b78 ($5.14 in chips)
Seat 3: d0ebf72d ($4.93 in chips)
Seat 5: Hero ($5.2 in chips)
Seat 6: cf8b8183 ($5.07 in chips)
Hero: posts small blind $0.02
cf8b8183: posts big blind $0.05
*** HOLE CARDS ***
Dealt to 442d078a 
Dealt to 97a61b78 
Dealt to d0ebf72d 
Dealt to Hero [Js 7h]
Dealt to cf8b8183 
442d078a: folds
97a61b78: folds
d0ebf72d: calls $0.05
Hero: folds
cf8b8183: checks
*** FLOP *** [6c Qc Ad]
cf8b8183: checks
d0ebf72d: bets $0.09
cf8b8183: folds
Uncalled bet ($0.09) returned to d0ebf72d
*** SHOWDOWN ***
d0ebf72d collected $0.12 from pot
*** SUMMARY ***
Total pot $0.12 | Rake $0 | Jackpot $0 | Bingo $0 | Fortune $0
Board [6c Qc Ad]
Seat 1: 442d078a folded before Flop (didn't bet)
Seat 2: 97a61b78 folded before Flop (didn't bet)
Seat 3: d0ebf72d (button) won ($0.12)
Seat 5: Hero (small blind) folded before Flop
Seat 6: cf8b8183 (big blind) folded on the Flop


Poker Hand #HD1197938272: Hold'em No Limit  ($0.02/$0.05) - 2023/04/10 22:31:26
Table 'NLHBlue47' 6-max Seat #2 is the button
Seat 1: 442d078a ($3.72 in chips)
Seat 2: 97a61b78 ($5.14 in chips)
Seat 3: d0ebf72d ($4.95 in chips)
Seat 5: Hero ($5.25 in chips)
Seat 6: cf8b8183 ($5 in chips)
d0ebf72d: posts small blind $0.02
Hero: posts big blind $0.05
*** HOLE CARDS ***
Dealt to 442d078a 
Dealt to 97a61b78 
Dealt to d0ebf72d 
Dealt to Hero [Jd 4c]
Dealt to cf8b8183 
cf8b8183: raises $0.08 to $0.13
442d078a: folds
97a61b78: folds
d0ebf72d: folds
Hero: folds
Uncalled bet ($0.08) returned to cf8b8183
*** SHOWDOWN ***
cf8b8183 collected $0.12 from pot
*** SUMMARY ***
Total pot $0.12 | Rake $0 | Jackpot $0 | Bingo $0 | Fortune $0
Seat 1: 442d078a folded before Flop (didn't bet)
Seat 2: 97a61b78 (button) folded before Flop (didn't bet)
Seat 3: d0ebf72d (small blind) folded before Flop
Seat 5: Hero (big blind) folded before Flop
Seat 6: cf8b8183 collected ($0.12)


Poker Hand #HD1197938257: Hold'em No Limit  ($0.02/$0.05) - 2023/04/10 22:31:14
Table 'NLHBlue47' 6-max Seat #1 is the button
Seat 1: 442d078a ($3.65 in chips)
Seat 2: 97a61b78 ($5.16 in chips)
Seat 3: d0ebf72d ($5 in chips)
Seat 5: Hero ($5.25 in chips)
Seat 6: cf8b8183 ($5 in chips)
97a61b78: posts small blind $0.02
d0ebf72d: posts big blind $0.05
*** HOLE CARDS ***
Dealt to 442d078a 
Dealt to 97a61b78 
Dealt to d0ebf72d 
Dealt to Hero [9s Jd]
Dealt to cf8b8183 
Hero: folds
cf8b8183: folds
442d078a: raises $0.1 to $0.15
97a61b78: folds
d0ebf72d: folds
Uncalled bet ($0.1) returned to 442d078a
*** SHOWDOWN ***
442d078a collected $0.12 from pot
*** SUMMARY ***
Total pot $0.12 | Rake $0 | Jackpot $0 | Bingo $0 | Fortune $0
Seat 1: 442d078a (button) collected ($0.12)
Seat 2: 97a61b78 (small blind) folded before Flop
Seat 3: d0ebf72d (big blind) folded before Flop
Seat 5: Hero folded before Flop (didn't bet)
Seat 6: cf8b8183 folded before Flop (didn't bet)


Poker Hand #HD1197938187: Hold'em No Limit  ($0.02/$0.05) - 2023/04/10 22:30:21
Table 'NLHBlue47' 6-max Seat #6 is the button
Seat 1: 442d078a ($3.1 in chips)
Seat 2: 97a61b78 ($5.21 in chips)
Seat 3: fbda94a5 ($7.82 in chips)
Seat 4: 49bcca4a ($5.4 in chips)
Seat 5: Hero ($5.8 in chips)
Seat 6: cf8b8183 ($5 in chips)
442d078a: posts small blind $0.02
97a61b78: posts big blind $0.05
*** HOLE CARDS ***
Dealt to 442d078a 
Dealt to 97a61b78 
Dealt to fbda94a5 
Dealt to 49bcca4a 
Dealt to Hero [Th Tc]
Dealt to cf8b8183 
fbda94a5: folds
49bcca4a: folds
Hero: raises $0.07 to $0.12
cf8b8183: folds
442d078a: calls $0.1
97a61b78: folds
*** FLOP *** [5s Qd 5h]
442d078a: checks
Hero: bets $0.14
442d078a: calls $0.14
*** TURN *** [5s Qd 5h] [8s]
442d078a: checks
Hero: bets $0.29
442d078a: calls $0.29
*** RIVER *** [5s Qd 5h 8s] [5d]
442d078a: checks
Hero: checks
442d078a: shows [Qh Jh] (Fives Full over Queens)
Hero: shows [Th Tc] (Fives Full over Tens)
*** SHOWDOWN ***
442d078a collected $1.1 from pot
*** SUMMARY ***
Total pot $1.15 | Rake $0.05 | Jackpot $0 | Bingo $0 | Fortune $0
Board [5s Qd 5h 8s 5d]
Seat 1: 442d078a (small blind) showed [Qh Jh] and won ($1.1) with Fives Full over Queens
Seat 2: 97a61b78 (big blind) folded before Flop
Seat 3: fbda94a5 folded before Flop (didn't bet)
Seat 4: 49bcca4a folded before Flop (didn't bet)
Seat 5: Hero showed [Th Tc] and lost with Fives Full over Tens
Seat 6: cf8b8183 (button) folded before Flop (didn't bet)


Poker Hand #HD1197938167: Hold'em No Limit  ($0.02/$0.05) - 2023/04/10 22:30:04
Table 'NLHBlue47' 6-max Seat #5 is the button
Seat 1: 442d078a ($3.08 in chips)
Seat 2: 97a61b78 ($5.21 in chips)
Seat 3: fbda94a5 ($7.82 in chips)
Seat 4: 49bcca4a ($5.4 in chips)
Seat 5: Hero ($5.8 in chips)
Seat 6: cf8b8183 ($5.02 in chips)
cf8b8183: posts small blind $0.02
442d078a: posts big blind $0.05
*** HOLE CARDS ***
Dealt to 442d078a 
Dealt to 97a61b78 
Dealt to fbda94a5 
Dealt to 49bcca4a 
Dealt to Hero [5c Tc]
Dealt to cf8b8183 
97a61b78: folds
fbda94a5: folds
49bcca4a: folds
Hero: folds
cf8b8183: folds
Uncalled bet ($0.03) returned to 442d078a
*** SHOWDOWN ***
442d078a collected $0.04 from pot
*** SUMMARY ***
Total pot $0.04 | Rake $0 | Jackpot $0 | Bingo $0 | Fortune $0
Seat 1: 442d078a (big blind) collected ($0.04)
Seat 2: 97a61b78 folded before Flop (didn't bet)
Seat 3: fbda94a5 folded before Flop (didn't bet)
Seat 4: 49bcca4a folded before Flop (didn't bet)
Seat 5: Hero (button) folded before Flop (didn't bet)
Seat 6: cf8b8183 (small blind) folded before Flop


Poker Hand #HD1197938137: Hold'em No Limit  ($0.02/$0.05) - 2023/04/10 22:29:36
Table 'NLHBlue47' 6-max Seat #4 is the button
Seat 1: 442d078a ($3.08 in chips)
Seat 2: 97a61b78 ($5.14 in chips)
Seat 3: fbda94a5 ($7.82 in chips)
Seat 4: 49bcca4a ($5.4 in chips)
Seat 5: Hero ($5.82 in chips)
Seat 6: cf8b8183 ($5.07 in chips)
Hero: posts small blind $0.02
cf8b8183: posts big blind $0.05
*** HOLE CARDS ***
Dealt to 442d078a 
Dealt to 97a61b78 
Dealt to fbda94a5 
Dealt to 49bcca4a 
Dealt to Hero [7h Ks]
Dealt to cf8b8183 
442d078a: folds
97a61b78: raises $0.1 to $0.15
fbda94a5: folds
49bcca4a: folds
Hero: folds
cf8b8183: folds
Uncalled bet ($0.1) returned to 97a61b78
*** SHOWDOWN ***
97a61b78 collected $0.12 from pot
*** SUMMARY ***
Total pot $0.12 | Rake $0 | Jackpot $0 | Bingo $0 | Fortune $0
Seat 1: 442d078a folded before Flop (didn't bet)
Seat 2: 97a61b78 collected ($0.12)
Seat 3: fbda94a5 folded before Flop (didn't bet)
Seat 4: 49bcca4a (button) folded before Flop (didn't bet)
Seat 5: Hero (small blind) folded before Flop
Seat 6: cf8b8183 (big blind) folded before Flop


Poker Hand #HD1197938114: Hold'em No Limit  ($0.02/$0.05) - 2023/04/10 22:29:11
Table 'NLHBlue47' 6-max Seat #3 is the button
Seat 1: 442d078a ($3.01 in chips)
Seat 2: 97a61b78 ($5.14 in chips)
Seat 3: fbda94a5 ($7.82 in chips)
Seat 4: 49bcca4a ($5.42 in chips)
Seat 5: Hero ($5.87 in chips)
Seat 6: cf8b8183 ($5.07 in chips)
49bcca4a: posts small blind $0.02
Hero: posts big blind $0.05
*** HOLE CARDS ***
Dealt to 442d078a 
Dealt to 97a61b78 
Dealt to fbda94a5 
Dealt to 49bcca4a 
Dealt to Hero [4c 9s]
Dealt to cf8b8183 
cf8b8183: folds
442d078a: raises $0.1 to $0.15
97a61b78: folds
fbda94a5: folds
49bcca4a: folds
Hero: folds
Uncalled bet ($0.1) returned to 442d078a
*** SHOWDOWN ***
442d078a collected $0.12 from pot
*** SUMMARY ***
Total pot $0.12 | Rake $0 | Jackpot $0 | Bingo $0 | Fortune $0
Seat 1: 442d078a collected ($0.12)
Seat 2: 97a61b78 folded before Flop (didn't bet)
Seat 3: fbda94a5 (button) folded before Flop (didn't bet)
Seat 4: 49bcca4a (small blind) folded before Flop
Seat 5: Hero (big blind) folded before Flop
Seat 6: cf8b8183 folded before Flop (didn't bet)


Poker Hand #HD1197938036: Hold'em No Limit  ($0.02/$0.05) - 2023/04/10 22:28:07
Table 'NLHBlue47' 6-max Seat #2 is the button
Seat 1: 442d078a ($3.01 in chips)
Seat 2: 97a61b78 ($5.14 in chips)
Seat 3: fbda94a5 ($8.06 in chips)
Seat 4: 49bcca4a ($5.2 in chips)
Seat 5: Hero ($5.87 in chips)
Seat 6: cf8b8183 ($5.07 in chips)
fbda94a5: posts small blind $0.02
49bcca4a: posts big blind $0.05
*** HOLE CARDS ***
Dealt to 442d078a 
Dealt to 97a61b78 
Dealt to fbda94a5 
Dealt to 49bcca4a 
Dealt to Hero [9c 7d]
Dealt to cf8b8183 
Hero: folds
cf8b8183: folds
442d078a: folds
97a61b78: folds
fbda94a5: raises $0.05 to $0.1
49bcca4a: calls $0.05
*** FLOP *** [4d 5h Jh]
fbda94a5: checks
49bcca4a: checks
*** TURN *** [4d 5h Jh] [5c]
fbda94a5: bets $0.14
49bcca4a: raises $0.24 to $0.38
fbda94a5: folds
Uncalled bet ($0.24) returned to 49bcca4a
*** SHOWDOWN ***
49bcca4a collected $0.46 from pot
*** SUMMARY ***
Total pot $0.48 | Rake $0.02 | Jackpot $0 | Bingo $0 | Fortune $0
Board [4d 5h Jh 5c]
Seat 1: 442d078a folded before Flop (didn't bet)
Seat 2: 97a61b78 (button) folded before Flop (didn't bet)
Seat 3: fbda94a5 (small blind) folded on the Turn
Seat 4: 49bcca4a (big blind) won ($0.46)
Seat 5: Hero folded before Flop (didn't bet)
Seat 6: cf8b8183 folded before Flop (didn't bet)


Poker Hand #HD1197938006: Hold'em No Limit  ($0.02/$0.05) - 2023/04/10 22:27:47
Table 'NLHBlue47' 6-max Seat #1 is the button
Seat 1: 442d078a ($3.01 in chips)
Seat 2: 97a61b78 ($5.16 in chips)
Seat 3: fbda94a5 ($8.11 in chips)
Seat 4: 49bcca4a ($5.2 in chips)
Seat 5: Hero ($5.87 in chips)
Seat 6: cf8b8183 ($5 in chips)
97a61b78: posts small blind $0.02
fbda94a5: posts big blind $0.05
*** HOLE CARDS ***
Dealt to 442d078a 
Dealt to 97a61b78 
Dealt to fbda94a5 
Dealt to 49bcca4a 
Dealt to Hero [Jh 9c]
Dealt to cf8b8183 
49bcca4a: folds
Hero: folds
cf8b8183: raises $0.08 to $0.13
442d078a: folds
97a61b78: folds
fbda94a5: folds
Uncalled bet ($0.08) returned to cf8b8183
*** SHOWDOWN ***
cf8b8183 collected $0.12 from pot
*** SUMMARY ***
Total pot $0.12 | Rake $0 | Jackpot $0 | Bingo $0 | Fortune $0
Seat 1: 442d078a (button) folded before Flop (didn't bet)
Seat 2: 97a61b78 (small blind) folded before Flop
Seat 3: fbda94a5 (big blind) folded before Flop
Seat 4: 49bcca4a folded before Flop (didn't bet)
Seat 5: Hero folded before Flop (didn't bet)
Seat 6: cf8b8183 collected ($0.12)


Poker Hand #HD1197937934: Hold'em No Limit  ($0.02/$0.05) - 2023/04/10 22:26:46
Table 'NLHBlue47' 6-max Seat #6 is the button
Seat 1: 442d078a ($3.11 in chips)
Seat 2: 97a61b78 ($5.21 in chips)
Seat 3: fbda94a5 ($7.97 in chips)
Seat 4: 49bcca4a ($5.2 in chips)
Seat 5: Hero ($5.87 in chips)
Seat 6: cf8b8183 ($5 in chips)
442d078a: posts small blind $0.02
97a61b78: posts big blind $0.05
*** HOLE CARDS ***
Dealt to 442d078a 
Dealt to 97a61b78 
Dealt to fbda94a5 
Dealt to 49bcca4a 
Dealt to Hero [Ac Js]
Dealt to cf8b8183 
fbda94a5: raises $0.05 to $0.1
49bcca4a: folds
Hero: folds
cf8b8183: folds
442d078a: calls $0.08
97a61b78: folds
*** FLOP *** [Ah 3h Qh]
442d078a: checks
fbda94a5: checks
*** TURN *** [Ah 3h Qh] [9s]
442d078a: checks
fbda94a5: checks
*** RIVER *** [Ah 3h Qh 9s] [4d]
442d078a: checks
fbda94a5: checks
442d078a: shows [6s 8s] (Ace-High)
fbda94a5: shows [Ks Jc] (Ace-High)
*** SHOWDOWN ***
fbda94a5 collected $0.24 from pot
*** SUMMARY ***
Total pot $0.25 | Rake $0.01 | Jackpot $0 | Bingo $0 | Fortune $0
Board [Ah 3h Qh 9s 4d]
Seat 1: 442d078a (small blind) showed [6s 8s] and lost with Ace-High
Seat 2: 97a61b78 (big blind) folded before Flop
Seat 3: fbda94a5 showed [Ks Jc] and won ($0.24) with Ace-High
Seat 4: 49bcca4a folded before Flop (didn't bet)
Seat 5: Hero folded before Flop (didn't bet)
Seat 6: cf8b8183 (button) folded before Flop (didn't bet)


Poker Hand #HD1197937915: Hold'em No Limit  ($0.02/$0.05) - 2023/04/10 22:26:28
Table 'NLHBlue47' 6-max Seat #5 is the button
Seat 1: 442d078a ($3.09 in chips)
Seat 2: 97a61b78 ($5.21 in chips)
Seat 3: fbda94a5 ($7.97 in chips)
Seat 4: 49bcca4a ($5.2 in chips)
Seat 5: Hero ($5.87 in chips)
Seat 6: cf8b8183 ($5 in chips)
cf8b8183: posts small blind $0.02
442d078a: posts big blind $0.05
*** HOLE CARDS ***
Dealt to 442d078a 
Dealt to 97a61b78 
Dealt to fbda94a5 
Dealt to 49bcca4a 
Dealt to Hero [6h 9s]
Dealt to cf8b8183 
97a61b78: folds
fbda94a5: folds
49bcca4a: folds
Hero: folds
cf8b8183: folds
Uncalled bet ($0.03) returned to 442d078a
*** SHOWDOWN ***
442d078a collected $0.04 from pot
*** SUMMARY ***
Total pot $0.04 | Rake $0 | Jackpot $0 | Bingo $0 | Fortune $0
Seat 1: 442d078a (big blind) collected ($0.04)
Seat 2: 97a61b78 folded before Flop (didn't bet)
Seat 3: fbda94a5 folded before Flop (didn't bet)
Seat 4: 49bcca4a folded before Flop (didn't bet)
Seat 5: Hero (button) folded before Flop (didn't bet)
Seat 6: cf8b8183 (small blind) folded before Flop


Poker Hand #HD1197937865: Hold'em No Limit  ($0.02/$0.05) - 2023/04/10 22:25:40
Table 'NLHBlue47' 6-max Seat #4 is the button
Seat 1: 442d078a ($3.09 in chips)
Seat 2: 97a61b78 ($5.21 in chips)
Seat 3: fbda94a5 ($7.97 in chips)
Seat 4: 49bcca4a ($5.2 in chips)
Seat 5: Hero ($5.74 in chips)
Seat 6: cf8b8183 ($5 in chips)
Hero: posts small blind $0.02
cf8b8183: posts big blind $0.05
*** HOLE CARDS ***
Dealt to 442d078a 
Dealt to 97a61b78 
Dealt to fbda94a5 
Dealt to 49bcca4a 
Dealt to Hero [5d Kd]
Dealt to cf8b8183 
442d078a: folds
97a61b78: folds
fbda94a5: folds
49bcca4a: folds
Hero: raises $0.09 to $0.14
cf8b8183: calls $0.09
*** FLOP *** [3c Kc 4s]
Hero: bets $0.14
cf8b8183: folds
Uncalled bet ($0.14) returned to Hero
*** SHOWDOWN ***
Hero collected $0.27 from pot
*** SUMMARY ***
Total pot $0.28 | Rake $0.01 | Jackpot $0 | Bingo $0 | Fortune $0
Board [3c Kc 4s]
Seat 1: 442d078a folded before Flop (didn't bet)
Seat 2: 97a61b78 folded before Flop (didn't bet)
Seat 3: fbda94a5 folded before Flop (didn't bet)
Seat 4: 49bcca4a (button) folded before Flop (didn't bet)
Seat 5: Hero (small blind) won ($0.27)
Seat 6: cf8b8183 (big blind) folded on the Flop


Poker Hand #HD1197937837: Hold'em No Limit  ($0.02/$0.05) - 2023/04/10 22:25:14
Table 'NLHBlue47' 6-max Seat #3 is the button
Seat 1: 442d078a ($3.09 in chips)
Seat 2: 97a61b78 ($5.21 in chips)
Seat 3: fbda94a5 ($7.97 in chips)
Seat 4: 49bcca4a ($5.22 in chips)
Seat 5: Hero ($5.72 in chips)
Seat 6: cf8b8183 ($5 in chips)
49bcca4a: posts small blind $0.02
Hero: posts big blind $0.05
*** HOLE CARDS ***
Dealt to 442d078a 
Dealt to 97a61b78 
Dealt to fbda94a5 
Dealt to 49bcca4a 
Dealt to Hero [4h 3s]
Dealt to cf8b8183 
cf8b8183: folds
442d078a: folds
97a61b78: folds
fbda94a5: folds
49bcca4a: folds
Uncalled bet ($0.03) returned to Hero
*** SHOWDOWN ***
Hero collected $0.04 from pot
*** SUMMARY ***
Total pot $0.04 | Rake $0 | Jackpot $0 | Bingo $0 | Fortune $0
Seat 1: 442d078a folded before Flop (didn't bet)
Seat 2: 97a61b78 folded before Flop (didn't bet)
Seat 3: fbda94a5 (button) folded before Flop (didn't bet)
Seat 4: 49bcca4a (small blind) folded before Flop
Seat 5: Hero (big blind) collected ($0.04)
Seat 6: cf8b8183 folded before Flop (didn't bet)


Poker Hand #HD1197937817: Hold'em No Limit  ($0.02/$0.05) - 2023/04/10 22:24:58
Table 'NLHBlue47' 6-max Seat #2 is the button
Seat 1: 442d078a ($3.09 in chips)
Seat 2: 97a61b78 ($5.14 in chips)
Seat 3: fbda94a5 ($7.99 in chips)
Seat 4: 49bcca4a ($5.27 in chips)
Seat 5: Hero ($5.72 in chips)
Seat 6: cf8b8183 ($5 in chips)
fbda94a5: posts small blind $0.02
49bcca4a: posts big blind $0.05
*** HOLE CARDS ***
Dealt to 442d078a 
Dealt to 97a61b78 
Dealt to fbda94a5 
Dealt to 49bcca4a 
Dealt to Hero [6s 8h]
Dealt to cf8b8183 
Hero: folds
cf8b8183: folds
442d078a: folds
97a61b78: raises $0.1 to $0.15
fbda94a5: folds
49bcca4a: folds
Uncalled bet ($0.1) returned to 97a61b78
*** SHOWDOWN ***
97a61b78 collected $0.12 from pot
*** SUMMARY ***
Total pot $0.12 | Rake $0 | Jackpot $0 | Bingo $0 | Fortune $0
Seat 1: 442d078a folded before Flop (didn't bet)
Seat 2: 97a61b78 (button) collected ($0.12)
Seat 3: fbda94a5 (small blind) folded before Flop
Seat 4: 49bcca4a (big blind) folded before Flop
Seat 5: Hero folded before Flop (didn't bet)
Seat 6: cf8b8183 folded before Flop (didn't bet)


Poker Hand #HD1197937729: Hold'em No Limit  ($0.02/$0.05) - 2023/04/10 22:23:52
Table 'NLHBlue47' 6-max Seat #1 is the button
Seat 1: 442d078a ($3.09 in chips)
Seat 2: 97a61b78 ($5.16 in chips)
Seat 3: fbda94a5 ($8.04 in chips)
Seat 4: 49bcca4a ($5.57 in chips)
Seat 5: Hero ($5.38 in chips)
Seat 6: cf8b8183 ($5 in chips)
97a61b78: posts small blind $0.02
fbda94a5: posts big blind $0.05
*** HOLE CARDS ***
Dealt to 442d078a 
Dealt to 97a61b78 
Dealt to fbda94a5 
Dealt to 49bcca4a 
Dealt to Hero [9s 9d]
Dealt to cf8b8183 
49bcca4a: raises $0.05 to $0.1
Hero: raises $0.2 to $0.3
cf8b8183: folds
442d078a: folds
97a61b78: folds
fbda94a5: folds
49bcca4a: calls $0.2
*** FLOP *** [7s 4d Qh]
49bcca4a: checks
Hero: bets $0.25
49bcca4a: folds
Uncalled bet ($0.25) returned to Hero
*** SHOWDOWN ***
Hero collected $0.64 from pot
*** SUMMARY ***
Total pot $0.67 | Rake $0.03 | Jackpot $0 | Bingo $0 | Fortune $0
Board [7s 4d Qh]
Seat 1: 442d078a (button) folded before Flop (didn't bet)
Seat 2: 97a61b78 (small blind) folded before Flop
Seat 3: fbda94a5 (big blind) folded before Flop
Seat 4: 49bcca4a folded on the Flop
Seat 5: Hero won ($0.64)
Seat 6: cf8b8183 folded before Flop (didn't bet)


Poker Hand #HD1197937660: Hold'em No Limit  ($0.02/$0.05) - 2023/04/10 22:22:52
Table 'NLHBlue47' 6-max Seat #6 is the button
Seat 1: 442d078a ($3.11 in chips)
Seat 2: 97a61b78 ($5.03 in chips)
Seat 3: fbda94a5 ($8.04 in chips)
Seat 4: 49bcca4a ($5.57 in chips)
Seat 5: Hero ($5.5 in chips)
Seat 6: cf8b8183 ($5 in chips)
442d078a: posts small blind $0.02
97a61b78: posts big blind $0.05
*** HOLE CARDS ***
Dealt to 442d078a 
Dealt to 97a61b78 
Dealt to fbda94a5 
Dealt to 49bcca4a 
Dealt to Hero [6d Ad]
Dealt to cf8b8183 
fbda94a5: folds
49bcca4a: folds
Hero: raises $0.07 to $0.12
cf8b8183: folds
442d078a: folds
97a61b78: calls $0.07
*** FLOP *** [Th Kc 9c]
97a61b78: checks
Hero: checks
*** TURN *** [Th Kc 9c] [8s]
97a61b78: checks
Hero: checks
*** RIVER *** [Th Kc 9c 8s] [6s]
97a61b78: bets $0.18
Hero: folds
Uncalled bet ($0.18) returned to 97a61b78
*** SHOWDOWN ***
97a61b78 collected $0.25 from pot
*** SUMMARY ***
Total pot $0.26 | Rake $0.01 | Jackpot $0 | Bingo $0 | Fortune $0
Board [Th Kc 9c 8s 6s]
Seat 1: 442d078a (small blind) folded before Flop
Seat 2: 97a61b78 (big blind) won ($0.25)
Seat 3: fbda94a5 folded before Flop (didn't bet)
Seat 4: 49bcca4a folded before Flop (didn't bet)
Seat 5: Hero folded on the River
Seat 6: cf8b8183 (button) folded before Flop (didn't bet)


Poker Hand #HD1197937625: Hold'em No Limit  ($0.02/$0.05) - 2023/04/10 22:22:13
Table 'NLHBlue47' 6-max Seat #5 is the button
Seat 1: 442d078a ($3.23 in chips)
Seat 2: 97a61b78 ($5.03 in chips)
Seat 3: fbda94a5 ($8.04 in chips)
Seat 4: 49bcca4a ($5.57 in chips)
Seat 5: Hero ($5.37 in chips)
Seat 6: cf8b8183 ($5 in chips)
cf8b8183: posts small blind $0.02
442d078a: posts big blind $0.05
*** HOLE CARDS ***
Dealt to 442d078a 
Dealt to 97a61b78 
Dealt to fbda94a5 
Dealt to 49bcca4a 
Dealt to Hero [Ac Qd]
Dealt to cf8b8183 
97a61b78: folds
fbda94a5: folds
49bcca4a: folds
Hero: raises $0.07 to $0.12
cf8b8183: folds
442d078a: calls $0.07
*** FLOP *** [Jd 3c 3s]
442d078a: checks
Hero: bets $0.13
442d078a: folds
Uncalled bet ($0.13) returned to Hero
*** SHOWDOWN ***
Hero collected $0.25 from pot
*** SUMMARY ***
Total pot $0.26 | Rake $0.01 | Jackpot $0 | Bingo $0 | Fortune $0
Board [Jd 3c 3s]
Seat 1: 442d078a (big blind) folded on the Flop
Seat 2: 97a61b78 folded before Flop (didn't bet)
Seat 3: fbda94a5 folded before Flop (didn't bet)
Seat 4: 49bcca4a folded before Flop (didn't bet)
Seat 5: Hero (button) won ($0.25)
Seat 6: cf8b8183 (small blind) folded before Flop


Poker Hand #HD1197937588: Hold'em No Limit  ($0.02/$0.05) - 2023/04/10 22:21:46
Table 'NLHBlue47' 6-max Seat #4 is the button
Seat 1: 442d078a ($3.16 in chips)
Seat 2: 97a61b78 ($5.03 in chips)
Seat 3: fbda94a5 ($8.04 in chips)
Seat 4: 49bcca4a ($5.57 in chips)
Seat 5: Hero ($5.39 in chips)
Seat 6: cf8b8183 ($5 in chips)
Hero: posts small blind $0.02
cf8b8183: posts big blind $0.05
*** HOLE CARDS ***
Dealt to 442d078a 
Dealt to 97a61b78 
Dealt to fbda94a5 
Dealt to 49bcca4a 
Dealt to Hero [4d 8c]
Dealt to cf8b8183 
442d078a: raises $0.05 to $0.1
97a61b78: folds
fbda94a5: folds
49bcca4a: folds
Hero: folds
cf8b8183: folds
Uncalled bet ($0.05) returned to 442d078a
*** SHOWDOWN ***
442d078a collected $0.12 from pot
*** SUMMARY ***
Total pot $0.12 | Rake $0 | Jackpot $0 | Bingo $0 | Fortune $0
Seat 1: 442d078a collected ($0.12)
Seat 2: 97a61b78 folded before Flop (didn't bet)
Seat 3: fbda94a5 folded before Flop (didn't bet)
Seat 4: 49bcca4a (button) folded before Flop (didn't bet)
Seat 5: Hero (small blind) folded before Flop
Seat 6: cf8b8183 (big blind) folded before Flop


Poker Hand #HD1197937553: Hold'em No Limit  ($0.02/$0.05) - 2023/04/10 22:21:18
Table 'NLHBlue47' 6-max Seat #3 is the button
Seat 1: 442d078a ($3.09 in chips)
Seat 2: 97a61b78 ($5.03 in chips)
Seat 3: fbda94a5 ($8.04 in chips)
Seat 4: 49bcca4a ($5.59 in chips)
Seat 5: Hero ($5.44 in chips)
49bcca4a: posts small blind $0.02
Hero: posts big blind $0.05
*** HOLE CARDS ***
Dealt to 442d078a 
Dealt to 97a61b78 
Dealt to fbda94a5 
Dealt to 49bcca4a 
Dealt to Hero [8s 9c]
442d078a: raises $0.05 to $0.1
97a61b78: folds
fbda94a5: folds
49bcca4a: folds
Hero: folds
Uncalled bet ($0.05) returned to 442d078a
*** SHOWDOWN ***
442d078a collected $0.12 from pot
*** SUMMARY ***
Total pot $0.12 | Rake $0 | Jackpot $0 | Bingo $0 | Fortune $0
Seat 1: 442d078a collected ($0.12)
Seat 2: 97a61b78 folded before Flop (didn't bet)
Seat 3: fbda94a5 (button) folded before Flop (didn't bet)
Seat 4: 49bcca4a (small blind) folded before Flop
Seat 5: Hero (big blind) folded before Flop


Poker Hand #HD1197937526: Hold'em No Limit  ($0.02/$0.05) - 2023/04/10 22:20:57
Table 'NLHBlue47' 6-max Seat #2 is the button
Seat 1: 442d078a ($3.02 in chips)
Seat 2: 97a61b78 ($5.03 in chips)
Seat 3: fbda94a5 ($8.06 in chips)
Seat 4: 49bcca4a ($5.64 in chips)
Seat 5: Hero ($5.44 in chips)
fbda94a5: posts small blind $0.02
49bcca4a: posts big blind $0.05
*** HOLE CARDS ***
Dealt to 442d078a 
Dealt to 97a61b78 
Dealt to fbda94a5 
Dealt to 49bcca4a 
Dealt to Hero [4d As]
Hero: folds
442d078a: raises $0.05 to $0.1
97a61b78: folds
fbda94a5: folds
49bcca4a: folds
Uncalled bet ($0.05) returned to 442d078a
*** SHOWDOWN ***
442d078a collected $0.12 from pot
*** SUMMARY ***
Total pot $0.12 | Rake $0 | Jackpot $0 | Bingo $0 | Fortune $0
Seat 1: 442d078a collected ($0.12)
Seat 2: 97a61b78 (button) folded before Flop (didn't bet)
Seat 3: fbda94a5 (small blind) folded before Flop
Seat 4: 49bcca4a (big blind) folded before Flop
Seat 5: Hero folded before Flop (didn't bet)


Poker Hand #HD1197937450: Hold'em No Limit  ($0.02/$0.05) - 2023/04/10 22:19:54
Table 'NLHBlue47' 6-max Seat #1 is the button
Seat 1: 442d078a ($2.72 in chips)
Seat 2: 97a61b78 ($5.05 in chips)
Seat 3: fbda94a5 ($8.37 in chips)
Seat 4: 49bcca4a ($5.64 in chips)
Seat 5: Hero ($5.44 in chips)
97a61b78: posts small blind $0.02
fbda94a5: posts big blind $0.05
*** HOLE CARDS ***
Dealt to 442d078a 
Dealt to 97a61b78 
Dealt to fbda94a5 
Dealt to 49bcca4a 
Dealt to Hero [5h 6c]
49bcca4a: folds
Hero: folds
442d078a: raises $0.05 to $0.1
97a61b78: folds
fbda94a5: calls $0.05
*** FLOP *** [5c Js 9h]
fbda94a5: checks
442d078a: bets $0.08
fbda94a5: raises $0.13 to $0.21
442d078a: raises $0.22 to $0.43
fbda94a5: folds
Uncalled bet ($0.22) returned to 442d078a
442d078a: shows [9d As] (Pair of Nines)
*** SHOWDOWN ***
442d078a collected $0.61 from pot
*** SUMMARY ***
Total pot $0.64 | Rake $0.03 | Jackpot $0 | Bingo $0 | Fortune $0
Board [5c Js 9h]
Seat 1: 442d078a (button) showed [9d As] and won ($0.61) with Pair of Nines
Seat 2: 97a61b78 (small blind) folded before Flop
Seat 3: fbda94a5 (big blind) folded on the Flop
Seat 4: 49bcca4a folded before Flop (didn't bet)
Seat 5: Hero folded before Flop (didn't bet)


Poker Hand #HD1197937418: Hold'em No Limit  ($0.02/$0.05) - 2023/04/10 22:19:30
Table 'NLHBlue47' 6-max Seat #5 is the button
Seat 1: 442d078a ($2.77 in chips)
Seat 2: 97a61b78 ($5.05 in chips)
Seat 3: fbda94a5 ($8.37 in chips)
Seat 4: 49bcca4a ($5.57 in chips)
Seat 5: Hero ($5.44 in chips)
Seat 6: 3a52eaab ($2.25 in chips)
3a52eaab: posts small blind $0.02
442d078a: posts big blind $0.05
*** HOLE CARDS ***
Dealt to 442d078a 
Dealt to 97a61b78 
Dealt to fbda94a5 
Dealt to 49bcca4a 
Dealt to Hero [Ac 4c]
Dealt to 3a52eaab 
97a61b78: folds
fbda94a5: folds
49bcca4a: raises $0.07 to $0.12
Hero: folds
3a52eaab: folds
442d078a: folds
Uncalled bet ($0.07) returned to 49bcca4a
*** SHOWDOWN ***
49bcca4a collected $0.12 from pot
*** SUMMARY ***
Total pot $0.12 | Rake $0 | Jackpot $0 | Bingo $0 | Fortune $0
Seat 1: 442d078a (big blind) folded before Flop
Seat 2: 97a61b78 folded before Flop (didn't bet)
Seat 3: fbda94a5 folded before Flop (didn't bet)
Seat 4: 49bcca4a collected ($0.12)
Seat 5: Hero (button) folded before Flop (didn't bet)
Seat 6: 3a52eaab (small blind) folded before Flop


Poker Hand #HD1197937360: Hold'em No Limit  ($0.02/$0.05) - 2023/04/10 22:18:36
Table 'NLHBlue47' 6-max Seat #4 is the button
Seat 1: 442d078a ($2.54 in chips)
Seat 2: 97a61b78 ($5.05 in chips)
Seat 3: fbda94a5 ($8.37 in chips)
Seat 4: 49bcca4a ($5.75 in chips)
Seat 5: Hero ($5.46 in chips)
Seat 6: 3a52eaab ($2.3 in chips)
Hero: posts small blind $0.02
3a52eaab: posts big blind $0.05
*** HOLE CARDS ***
Dealt to 442d078a 
Dealt to 97a61b78 
Dealt to fbda94a5 
Dealt to 49bcca4a 
Dealt to Hero [As Td]
Dealt to 3a52eaab 
442d078a: calls $0.05
97a61b78: folds
fbda94a5: folds
49bcca4a: raises $0.13 to $0.18
Hero: folds
3a52eaab: folds
442d078a: calls $0.13
*** FLOP *** [7c 8d 5d]
442d078a: checks
49bcca4a: checks
*** TURN *** [7c 8d 5d] [3c]
442d078a: checks
49bcca4a: checks
*** RIVER *** [7c 8d 5d 3c] [9c]
442d078a: checks
49bcca4a: checks
442d078a: shows [2c 2h] (Pair of Twos)
49bcca4a: shows [Jd Qc] (Queen-High)
*** SHOWDOWN ***
442d078a collected $0.41 from pot
*** SUMMARY ***
Total pot $0.43 | Rake $0.02 | Jackpot $0 | Bingo $0 | Fortune $0
Board [7c 8d 5d 3c 9c]
Seat 1: 442d078a showed [2c 2h] and won ($0.41) with Pair of Twos
Seat 2: 97a61b78 folded before Flop (didn't bet)
Seat 3: fbda94a5 folded before Flop (didn't bet)
Seat 4: 49bcca4a (button) showed [Jd Qc] and lost with Queen-High
Seat 5: Hero (small blind) folded before Flop
Seat 6: 3a52eaab (big blind) folded before Flop


Poker Hand #HD1197937331: Hold'em No Limit  ($0.02/$0.05) - 2023/04/10 22:18:14
Table 'NLHBlue47' 6-max Seat #3 is the button
Seat 1: 442d078a ($2.47 in chips)
Seat 2: 97a61b78 ($5.05 in chips)
Seat 3: fbda94a5 ($8.37 in chips)
Seat 4: 49bcca4a ($5.77 in chips)
Seat 5: Hero ($5.51 in chips)
Seat 6: 3a52eaab ($2.3 in chips)
49bcca4a: posts small blind $0.02
Hero: posts big blind $0.05
*** HOLE CARDS ***
Dealt to 442d078a 
Dealt to 97a61b78 
Dealt to fbda94a5 
Dealt to 49bcca4a 
Dealt to Hero [9h 3s]
Dealt to 3a52eaab 
3a52eaab: folds
442d078a: raises $0.05 to $0.1
97a61b78: folds
fbda94a5: folds
49bcca4a: folds
Hero: folds
Uncalled bet ($0.05) returned to 442d078a
*** SHOWDOWN ***
442d078a collected $0.12 from pot
*** SUMMARY ***
Total pot $0.12 | Rake $0 | Jackpot $0 | Bingo $0 | Fortune $0
Seat 1: 442d078a collected ($0.12)
Seat 2: 97a61b78 folded before Flop (didn't bet)
Seat 3: fbda94a5 (button) folded before Flop (didn't bet)
Seat 4: 49bcca4a (small blind) folded before Flop
Seat 5: Hero (big blind) folded before Flop
Seat 6: 3a52eaab folded before Flop (didn't bet)


Poker Hand #HD1197937235: Hold'em No Limit  ($0.02/$0.05) - 2023/04/10 22:16:43
Table 'NLHBlue47' 6-max Seat #2 is the button
Seat 1: 442d078a ($2.68 in chips)
Seat 2: 97a61b78 ($5.05 in chips)
Seat 3: fbda94a5 ($8.39 in chips)
Seat 4: 49bcca4a ($5.56 in chips)
Seat 5: Hero ($5.51 in chips)
Seat 6: 3a52eaab ($2.3 in chips)
fbda94a5: posts small blind $0.02
49bcca4a: posts big blind $0.05
*** HOLE CARDS ***
Dealt to 442d078a 
Dealt to 97a61b78 
Dealt to fbda94a5 
Dealt to 49bcca4a 
Dealt to Hero [3c Kd]
Dealt to 3a52eaab 
Hero: folds
3a52eaab: folds
442d078a: raises $0.05 to $0.1
97a61b78: folds
fbda94a5: folds
49bcca4a: calls $0.05
*** FLOP *** [Td Js 2s]
49bcca4a: checks
442d078a: bets $0.11
49bcca4a: calls $0.11
*** TURN *** [Td Js 2s] [6c]
49bcca4a: checks
442d078a: checks
*** RIVER *** [Td Js 2s 6c] [3d]
49bcca4a: bets $0.59
442d078a: folds
Uncalled bet ($0.59) returned to 49bcca4a
*** SHOWDOWN ***
49bcca4a collected $0.42 from pot
*** SUMMARY ***
Total pot $0.44 | Rake $0.02 | Jackpot $0 | Bingo $0 | Fortune $0
Board [Td Js 2s 6c 3d]
Seat 1: 442d078a folded on the River
Seat 2: 97a61b78 (button) folded before Flop (didn't bet)
Seat 3: fbda94a5 (small blind) folded before Flop
Seat 4: 49bcca4a (big blind) won ($0.42)
Seat 5: Hero folded before Flop (didn't bet)
Seat 6: 3a52eaab folded before Flop (didn't bet)


Poker Hand #HD1197937209: Hold'em No Limit  ($0.02/$0.05) - 2023/04/10 22:16:18
Table 'NLHBlue47' 6-max Seat #1 is the button
Seat 1: 442d078a ($2.61 in chips)
Seat 2: 97a61b78 ($5.07 in chips)
Seat 3: fbda94a5 ($8.44 in chips)
Seat 4: 49bcca4a ($5.56 in chips)
Seat 5: Hero ($5.51 in chips)
Seat 6: 3a52eaab ($2.3 in chips)
97a61b78: posts small blind $0.02
fbda94a5: posts big blind $0.05
*** HOLE CARDS ***
Dealt to 442d078a 
Dealt to 97a61b78 
Dealt to fbda94a5 
Dealt to 49bcca4a 
Dealt to Hero [2d Qc]
Dealt to 3a52eaab 
49bcca4a: folds
Hero: folds
3a52eaab: folds
442d078a: raises $0.1 to $0.15
97a61b78: folds
fbda94a5: folds
Uncalled bet ($0.1) returned to 442d078a
*** SHOWDOWN ***
442d078a collected $0.12 from pot
*** SUMMARY ***
Total pot $0.12 | Rake $0 | Jackpot $0 | Bingo $0 | Fortune $0
Seat 1: 442d078a (button) collected ($0.12)
Seat 2: 97a61b78 (small blind) folded before Flop
Seat 3: fbda94a5 (big blind) folded before Flop
Seat 4: 49bcca4a folded before Flop (didn't bet)
Seat 5: Hero folded before Flop (didn't bet)
Seat 6: 3a52eaab folded before Flop (didn't bet)


Poker Hand #HD1197937169: Hold'em No Limit  ($0.02/$0.05) - 2023/04/10 22:15:52
Table 'NLHBlue47' 6-max Seat #6 is the button
Seat 1: 442d078a ($2.63 in chips)
Seat 2: 97a61b78 ($5.12 in chips)
Seat 3: fbda94a5 ($8.37 in chips)
Seat 4: 49bcca4a ($5.56 in chips)
Seat 5: Hero ($5.51 in chips)
Seat 6: 3a52eaab ($2.3 in chips)
442d078a: posts small blind $0.02
97a61b78: posts big blind $0.05
*** HOLE CARDS ***
Dealt to 442d078a 
Dealt to 97a61b78 
Dealt to fbda94a5 
Dealt to 49bcca4a 
Dealt to Hero [6d 4d]
Dealt to 3a52eaab 
fbda94a5: raises $0.05 to $0.1
49bcca4a: folds
Hero: folds
3a52eaab: folds
442d078a: folds
97a61b78: folds
Uncalled bet ($0.05) returned to fbda94a5
*** SHOWDOWN ***
fbda94a5 collected $0.12 from pot
*** SUMMARY ***
Total pot $0.12 | Rake $0 | Jackpot $0 | Bingo $0 | Fortune $0
Seat 1: 442d078a (small blind) folded before Flop
Seat 2: 97a61b78 (big blind) folded before Flop
Seat 3: fbda94a5 collected ($0.12)
Seat 4: 49bcca4a folded before Flop (didn't bet)
Seat 5: Hero folded before Flop (didn't bet)
Seat 6: 3a52eaab (button) folded before Flop (didn't bet)


Poker Hand #HD1197937116: Hold'em No Limit  ($0.02/$0.05) - 2023/04/10 22:15:12
Table 'NLHBlue47' 6-max Seat #5 is the button
Seat 1: 442d078a ($2.68 in chips)
Seat 2: 97a61b78 ($5.12 in chips)
Seat 3: fbda94a5 ($8.47 in chips)
Seat 4: 49bcca4a ($5.56 in chips)
Seat 5: Hero ($5.51 in chips)
Seat 6: 3a52eaab ($2.16 in chips)
3a52eaab: posts small blind $0.02
442d078a: posts big blind $0.05
*** HOLE CARDS ***
Dealt to 442d078a 
Dealt to 97a61b78 
Dealt to fbda94a5 
Dealt to 49bcca4a 
Dealt to Hero [8d Qh]
Dealt to 3a52eaab 
97a61b78: folds
fbda94a5: raises $0.05 to $0.1
49bcca4a: folds
Hero: folds
3a52eaab: raises $0.44 to $0.54
442d078a: folds
fbda94a5: folds
Uncalled bet ($0.44) returned to 3a52eaab
*** SHOWDOWN ***
3a52eaab collected $0.24 from pot
*** SUMMARY ***
Total pot $0.25 | Rake $0.01 | Jackpot $0 | Bingo $0 | Fortune $0
Seat 1: 442d078a (big blind) folded before Flop
Seat 2: 97a61b78 folded before Flop (didn't bet)
Seat 3: fbda94a5 folded before Flop
Seat 4: 49bcca4a folded before Flop (didn't bet)
Seat 5: Hero (button) folded before Flop (didn't bet)
Seat 6: 3a52eaab (small blind) collected ($0.24)


Poker Hand #HD1197937095: Hold'em No Limit  ($0.02/$0.05) - 2023/04/10 22:14:50
Table 'NLHBlue47' 6-max Seat #4 is the button
Seat 1: 442d078a ($2.68 in chips)
Seat 2: 97a61b78 ($5.12 in chips)
Seat 3: fbda94a5 ($8.47 in chips)
Seat 4: 49bcca4a ($5.49 in chips)
Seat 5: Hero ($5.53 in chips)
Seat 6: 3a52eaab ($2.21 in chips)
Hero: posts small blind $0.02
3a52eaab: posts big blind $0.05
*** HOLE CARDS ***
Dealt to 442d078a 
Dealt to 97a61b78 
Dealt to fbda94a5 
Dealt to 49bcca4a 
Dealt to Hero [9d As]
Dealt to 3a52eaab 
442d078a: folds
97a61b78: folds
fbda94a5: folds
49bcca4a: raises $0.07 to $0.12
Hero: folds
3a52eaab: folds
Uncalled bet ($0.07) returned to 49bcca4a
*** SHOWDOWN ***
49bcca4a collected $0.12 from pot
*** SUMMARY ***
Total pot $0.12 | Rake $0 | Jackpot $0 | Bingo $0 | Fortune $0
Seat 1: 442d078a folded before Flop (didn't bet)
Seat 2: 97a61b78 folded before Flop (didn't bet)
Seat 3: fbda94a5 folded before Flop (didn't bet)
Seat 4: 49bcca4a (button) collected ($0.12)
Seat 5: Hero (small blind) folded before Flop
Seat 6: 3a52eaab (big blind) folded before Flop


Poker Hand #HD1197937048: Hold'em No Limit  ($0.02/$0.05) - 2023/04/10 22:14:13
Table 'NLHBlue47' 6-max Seat #3 is the button
Seat 1: 442d078a ($2.68 in chips)
Seat 2: 97a61b78 ($5.05 in chips)
Seat 3: fbda94a5 ($8.47 in chips)
Seat 4: 49bcca4a ($5.51 in chips)
Seat 5: Hero ($5.58 in chips)
Seat 6: 3a52eaab ($2.21 in chips)
49bcca4a: posts small blind $0.02
Hero: posts big blind $0.05
*** HOLE CARDS ***
Dealt to 442d078a 
Dealt to 97a61b78 
Dealt to fbda94a5 
Dealt to 49bcca4a 
Dealt to Hero [Ts 6c]
Dealt to 3a52eaab 
3a52eaab: folds
442d078a: folds
97a61b78: raises $0.1 to $0.15
fbda94a5: folds
49bcca4a: folds
Hero: folds
Uncalled bet ($0.1) returned to 97a61b78
*** SHOWDOWN ***
97a61b78 collected $0.12 from pot
*** SUMMARY ***
Total pot $0.12 | Rake $0 | Jackpot $0 | Bingo $0 | Fortune $0
Seat 1: 442d078a folded before Flop (didn't bet)
Seat 2: 97a61b78 collected ($0.12)
Seat 3: fbda94a5 (button) folded before Flop (didn't bet)
Seat 4: 49bcca4a (small blind) folded before Flop
Seat 5: Hero (big blind) folded before Flop
Seat 6: 3a52eaab folded before Flop (didn't bet)


Poker Hand #HD1197937028: Hold'em No Limit  ($0.02/$0.05) - 2023/04/10 22:13:57
Table 'NLHBlue47' 6-max Seat #2 is the button
Seat 1: 442d078a ($2.61 in chips)
Seat 2: 97a61b78 ($5.05 in chips)
Seat 3: fbda94a5 ($8.49 in chips)
Seat 4: 49bcca4a ($5.56 in chips)
Seat 5: Hero ($5.58 in chips)
Seat 6: 3a52eaab ($2.21 in chips)
fbda94a5: posts small blind $0.02
49bcca4a: posts big blind $0.05
*** HOLE CARDS ***
Dealt to 442d078a 
Dealt to 97a61b78 
Dealt to fbda94a5 
Dealt to 49bcca4a 
Dealt to Hero [9d 3c]
Dealt to 3a52eaab 
Hero: folds
3a52eaab: folds
442d078a: raises $0.1 to $0.15
97a61b78: folds
fbda94a5: folds
49bcca4a: folds
Uncalled bet ($0.1) returned to 442d078a
*** SHOWDOWN ***
442d078a collected $0.12 from pot
*** SUMMARY ***
Total pot $0.12 | Rake $0 | Jackpot $0 | Bingo $0 | Fortune $0
Seat 1: 442d078a collected ($0.12)
Seat 2: 97a61b78 (button) folded before Flop (didn't bet)
Seat 3: fbda94a5 (small blind) folded before Flop
Seat 4: 49bcca4a (big blind) folded before Flop
Seat 5: Hero folded before Flop (didn't bet)
Seat 6: 3a52eaab folded before Flop (didn't bet)


Poker Hand #HD1197936998: Hold'em No Limit  ($0.02/$0.05) - 2023/04/10 22:13:33
Table 'NLHBlue47' 6-max Seat #1 is the button
Seat 1: 442d078a ($2.61 in chips)
Seat 2: 97a61b78 ($5 in chips)
Seat 3: fbda94a5 ($8.54 in chips)
Seat 4: 49bcca4a ($5.56 in chips)
Seat 5: Hero ($5.58 in chips)
Seat 6: 3a52eaab ($2.21 in chips)
97a61b78: posts small blind $0.02
fbda94a5: posts big blind $0.05
*** HOLE CARDS ***
Dealt to 442d078a 
Dealt to 97a61b78 
Dealt to fbda94a5 
Dealt to 49bcca4a 
Dealt to Hero [8c 6h]
Dealt to 3a52eaab 
49bcca4a: folds
Hero: folds
3a52eaab: folds
442d078a: folds
97a61b78: raises $0.1 to $0.15
fbda94a5: folds
Uncalled bet ($0.1) returned to 97a61b78
*** SHOWDOWN ***
97a61b78 collected $0.1 from pot
*** SUMMARY ***
Total pot $0.1 | Rake $0 | Jackpot $0 | Bingo $0 | Fortune $0
Seat 1: 442d078a (button) folded before Flop (didn't bet)
Seat 2: 97a61b78 (small blind) collected ($0.1)
Seat 3: fbda94a5 (big blind) folded before Flop
Seat 4: 49bcca4a folded before Flop (didn't bet)
Seat 5: Hero folded before Flop (didn't bet)
Seat 6: 3a52eaab folded before Flop (didn't bet)


Poker Hand #HD1197936968: Hold'em No Limit  ($0.02/$0.05) - 2023/04/10 22:13:14
Table 'NLHBlue47' 6-max Seat #6 is the button
Seat 1: 442d078a ($2.63 in chips)
Seat 2: 97a61b78 ($5.04 in chips)
Seat 3: fbda94a5 ($8.54 in chips)
Seat 4: 49bcca4a ($5.56 in chips)
Seat 5: Hero ($5.51 in chips)
Seat 6: 3a52eaab ($2.21 in chips)
442d078a: posts small blind $0.02
97a61b78: posts big blind $0.05
*** HOLE CARDS ***
Dealt to 442d078a 
Dealt to 97a61b78 
Dealt to fbda94a5 
Dealt to 49bcca4a 
Dealt to Hero [Jh Ac]
Dealt to 3a52eaab 
fbda94a5: folds
49bcca4a: folds
Hero: raises $0.07 to $0.12
3a52eaab: folds
442d078a: folds
97a61b78: folds
Uncalled bet ($0.07) returned to Hero
*** SHOWDOWN ***
Hero collected $0.12 from pot
*** SUMMARY ***
Total pot $0.12 | Rake $0 | Jackpot $0 | Bingo $0 | Fortune $0
Seat 1: 442d078a (small blind) folded before Flop
Seat 2: 97a61b78 (big blind) folded before Flop
Seat 3: fbda94a5 folded before Flop (didn't bet)
Seat 4: 49bcca4a folded before Flop (didn't bet)
Seat 5: Hero collected ($0.12)
Seat 6: 3a52eaab (button) folded before Flop (didn't bet)


Poker Hand #HD1197936909: Hold'em No Limit  ($0.02/$0.05) - 2023/04/10 22:12:33
Table 'NLHBlue47' 6-max Seat #5 is the button
Seat 1: 442d078a ($2.68 in chips)
Seat 2: 97a61b78 ($5.19 in chips)
Seat 3: fbda94a5 ($8.54 in chips)
Seat 4: 49bcca4a ($5.35 in chips)
Seat 5: Hero ($5.51 in chips)
Seat 6: 3a52eaab ($2.23 in chips)
3a52eaab: posts small blind $0.02
442d078a: posts big blind $0.05
*** HOLE CARDS ***
Dealt to 442d078a 
Dealt to 97a61b78 
Dealt to fbda94a5 
Dealt to 49bcca4a 
Dealt to Hero [Qc 4h]
Dealt to 3a52eaab 
97a61b78: raises $0.1 to $0.15
fbda94a5: folds
49bcca4a: calls $0.15
Hero: folds
3a52eaab: folds
442d078a: folds
*** FLOP *** [Th 7d Td]
97a61b78: checks
49bcca4a: bets $0.13
97a61b78: folds
Uncalled bet ($0.13) returned to 49bcca4a
*** SHOWDOWN ***
49bcca4a collected $0.36 from pot
*** SUMMARY ***
Total pot $0.37 | Rake $0.01 | Jackpot $0 | Bingo $0 | Fortune $0
Board [Th 7d Td]
Seat 1: 442d078a (big blind) folded before Flop
Seat 2: 97a61b78 folded on the Flop
Seat 3: fbda94a5 folded before Flop (didn't bet)
Seat 4: 49bcca4a won ($0.36)
Seat 5: Hero (button) folded before Flop (didn't bet)
Seat 6: 3a52eaab (small blind) folded before Flop


Poker Hand #HD1197936854: Hold'em No Limit  ($0.02/$0.05) - 2023/04/10 22:11:53
Table 'NLHBlue47' 6-max Seat #4 is the button
Seat 1: 442d078a ($2.83 in chips)
Seat 2: 97a61b78 ($5.19 in chips)
Seat 3: fbda94a5 ($8.54 in chips)
Seat 4: 49bcca4a ($5.35 in chips)
Seat 5: Hero ($5.53 in chips)
Seat 6: 3a52eaab ($2.07 in chips)
Hero: posts small blind $0.02
3a52eaab: posts big blind $0.05
*** HOLE CARDS ***
Dealt to 442d078a 
Dealt to 97a61b78 
Dealt to fbda94a5 
Dealt to 49bcca4a 
Dealt to Hero [6d 9s]
Dealt to 3a52eaab 
442d078a: raises $0.1 to $0.15
97a61b78: folds
fbda94a5: folds
49bcca4a: folds
Hero: folds
3a52eaab: raises $0.39 to $0.54
442d078a: folds
Uncalled bet ($0.39) returned to 3a52eaab
*** SHOWDOWN ***
3a52eaab collected $0.31 from pot
*** SUMMARY ***
Total pot $0.32 | Rake $0.01 | Jackpot $0 | Bingo $0 | Fortune $0
Seat 1: 442d078a folded before Flop
Seat 2: 97a61b78 folded before Flop (didn't bet)
Seat 3: fbda94a5 folded before Flop (didn't bet)
Seat 4: 49bcca4a (button) folded before Flop (didn't bet)
Seat 5: Hero (small blind) folded before Flop
Seat 6: 3a52eaab (big blind) collected ($0.31)


Poker Hand #HD1197936832: Hold'em No Limit  ($0.02/$0.05) - 2023/04/10 22:11:33
Table 'NLHBlue47' 6-max Seat #3 is the button
Seat 1: 442d078a ($2.83 in chips)
Seat 2: 97a61b78 ($5.19 in chips)
Seat 3: fbda94a5 ($8.54 in chips)
Seat 4: 49bcca4a ($5.37 in chips)
Seat 5: Hero ($5.58 in chips)
Seat 6: 3a52eaab ($2 in chips)
49bcca4a: posts small blind $0.02
Hero: posts big blind $0.05
*** HOLE CARDS ***
Dealt to 442d078a 
Dealt to 97a61b78 
Dealt to fbda94a5 
Dealt to 49bcca4a 
Dealt to Hero [4s 3h]
Dealt to 3a52eaab 
3a52eaab: raises $0.1 to $0.15
442d078a: folds
97a61b78: folds
fbda94a5: folds
49bcca4a: folds
Hero: folds
Uncalled bet ($0.1) returned to 3a52eaab
*** SHOWDOWN ***
3a52eaab collected $0.12 from pot
*** SUMMARY ***
Total pot $0.12 | Rake $0 | Jackpot $0 | Bingo $0 | Fortune $0
Seat 1: 442d078a folded before Flop (didn't bet)
Seat 2: 97a61b78 folded before Flop (didn't bet)
Seat 3: fbda94a5 (button) folded before Flop (didn't bet)
Seat 4: 49bcca4a (small blind) folded before Flop
Seat 5: Hero (big blind) folded before Flop
Seat 6: 3a52eaab collected ($0.12)


Poker Hand #HD1197936795: Hold'em No Limit  ($0.02/$0.05) - 2023/04/10 22:11:12
Table 'NLHBlue47' 6-max Seat #2 is the button
Seat 1: 442d078a ($2.83 in chips)
Seat 2: 97a61b78 ($5.12 in chips)
Seat 3: fbda94a5 ($8.56 in chips)
Seat 4: 49bcca4a ($5.42 in chips)
Seat 5: Hero ($5.58 in chips)
Seat 6: 3a52eaab ($2 in chips)
fbda94a5: posts small blind $0.02
49bcca4a: posts big blind $0.05
*** HOLE CARDS ***
Dealt to 442d078a 
Dealt to 97a61b78 
Dealt to fbda94a5 
Dealt to 49bcca4a 
Dealt to Hero [2d Tc]
Dealt to 3a52eaab 
Hero: folds
3a52eaab: folds
442d078a: folds
97a61b78: raises $0.1 to $0.15
fbda94a5: folds
49bcca4a: folds
Uncalled bet ($0.1) returned to 97a61b78
*** SHOWDOWN ***
97a61b78 collected $0.12 from pot
*** SUMMARY ***
Total pot $0.12 | Rake $0 | Jackpot $0 | Bingo $0 | Fortune $0
Seat 1: 442d078a folded before Flop (didn't bet)
Seat 2: 97a61b78 (button) collected ($0.12)
Seat 3: fbda94a5 (small blind) folded before Flop
Seat 4: 49bcca4a (big blind) folded before Flop
Seat 5: Hero folded before Flop (didn't bet)
Seat 6: 3a52eaab folded before Flop (didn't bet)


Poker Hand #HD1197936776: Hold'em No Limit  ($0.02/$0.05) - 2023/04/10 22:10:58
Table 'NLHBlue47' 6-max Seat #1 is the button
Seat 1: 442d078a ($2.83 in chips)
Seat 2: 97a61b78 ($5.14 in chips)
Seat 3: fbda94a5 ($8.61 in chips)
Seat 4: 49bcca4a ($5.42 in chips)
Seat 5: Hero ($5.51 in chips)
Seat 6: 3a52eaab ($2 in chips)
97a61b78: posts small blind $0.02
fbda94a5: posts big blind $0.05
*** HOLE CARDS ***
Dealt to 442d078a 
Dealt to 97a61b78 
Dealt to fbda94a5 
Dealt to 49bcca4a 
Dealt to Hero [Ad Kh]
Dealt to 3a52eaab 
49bcca4a: folds
Hero: raises $0.09 to $0.14
3a52eaab: folds
442d078a: folds
97a61b78: folds
fbda94a5: folds
Uncalled bet ($0.09) returned to Hero
*** SHOWDOWN ***
Hero collected $0.12 from pot
*** SUMMARY ***
Total pot $0.12 | Rake $0 | Jackpot $0 | Bingo $0 | Fortune $0
Seat 1: 442d078a (button) folded before Flop (didn't bet)
Seat 2: 97a61b78 (small blind) folded before Flop
Seat 3: fbda94a5 (big blind) folded before Flop
Seat 4: 49bcca4a folded before Flop (didn't bet)
Seat 5: Hero collected ($0.12)
Seat 6: 3a52eaab folded before Flop (didn't bet)


Poker Hand #HD1197936683: Hold'em No Limit  ($0.02/$0.05) - 2023/04/10 22:09:51
Table 'NLHBlue47' 6-max Seat #6 is the button
Seat 1: 442d078a ($2.98 in chips)
Seat 2: 97a61b78 ($5 in chips)
Seat 3: fbda94a5 ($8.61 in chips)
Seat 4: 49bcca4a ($5.42 in chips)
Seat 5: Hero ($5.51 in chips)
Seat 6: 3a52eaab ($2 in chips)
442d078a: posts small blind $0.02
97a61b78: posts big blind $0.05
*** HOLE CARDS ***
Dealt to 442d078a 
Dealt to 97a61b78 
Dealt to fbda94a5 
Dealt to 49bcca4a 
Dealt to Hero [Ad 5h]
Dealt to 3a52eaab 
fbda94a5: folds
49bcca4a: folds
Hero: folds
3a52eaab: folds
442d078a: raises $0.1 to $0.15
97a61b78: calls $0.1
*** FLOP *** [4d Jc 6c]
442d078a: checks
97a61b78: checks
*** TURN *** [4d Jc 6c] [3c]
442d078a: checks
97a61b78: checks
*** RIVER *** [4d Jc 6c 3c] [9s]
442d078a: checks
97a61b78: checks
442d078a: shows [Kh Th] (King-High)
97a61b78: shows [2s Ah] (Ace-High)
*** SHOWDOWN ***
97a61b78 collected $0.29 from pot
*** SUMMARY ***
Total pot $0.3 | Rake $0.01 | Jackpot $0 | Bingo $0 | Fortune $0
Board [4d Jc 6c 3c 9s]
Seat 1: 442d078a (small blind) showed [Kh Th] and lost with King-High
Seat 2: 97a61b78 (big blind) showed [2s Ah] and won ($0.29) with Ace-High
Seat 3: fbda94a5 folded before Flop (didn't bet)
Seat 4: 49bcca4a folded before Flop (didn't bet)
Seat 5: Hero folded before Flop (didn't bet)
Seat 6: 3a52eaab (button) folded before Flop (didn't bet)


Poker Hand #HD1197936635: Hold'em No Limit  ($0.02/$0.05) - 2023/04/10 22:09:09
Table 'NLHBlue47' 6-max Seat #5 is the button
Seat 1: 442d078a ($2.72 in chips)
Seat 2: 97a61b78 ($5 in chips)
Seat 3: fbda94a5 ($8.61 in chips)
Seat 4: 49bcca4a ($5.42 in chips)
Seat 5: Hero ($5.51 in chips)
Seat 6: 3a52eaab ($2 in chips)
3a52eaab: posts small blind $0.02
442d078a: posts big blind $0.05
*** HOLE CARDS ***
Dealt to 442d078a 
Dealt to 97a61b78 
Dealt to fbda94a5 
Dealt to 49bcca4a 
Dealt to Hero [4d 2h]
Dealt to 3a52eaab 
97a61b78: raises $0.1 to $0.15
fbda94a5: folds
49bcca4a: folds
Hero: folds
3a52eaab: folds
442d078a: calls $0.1
*** FLOP *** [Ts 2s Ah]
442d078a: checks
97a61b78: bets $0.11
442d078a: calls $0.11
*** TURN *** [Ts 2s Ah] [8h]
442d078a: checks
97a61b78: checks
*** RIVER *** [Ts 2s Ah 8h] [2d]
442d078a: bets $0.54
97a61b78: folds
Uncalled bet ($0.54) returned to 442d078a
*** SHOWDOWN ***
442d078a collected $0.52 from pot
*** SUMMARY ***
Total pot $0.54 | Rake $0.02 | Jackpot $0 | Bingo $0 | Fortune $0
Board [Ts 2s Ah 8h 2d]
Seat 1: 442d078a (big blind) won ($0.52)
Seat 2: 97a61b78 folded on the River
Seat 3: fbda94a5 folded before Flop (didn't bet)
Seat 4: 49bcca4a folded before Flop (didn't bet)
Seat 5: Hero (button) folded before Flop (didn't bet)
Seat 6: 3a52eaab (small blind) folded before Flop


Poker Hand #HD1197936593: Hold'em No Limit  ($0.02/$0.05) - 2023/04/10 22:08:35
Table 'NLHBlue47' 6-max Seat #4 is the button
Seat 1: 442d078a ($2.82 in chips)
Seat 2: 97a61b78 ($5 in chips)
Seat 3: fbda94a5 ($8.71 in chips)
Seat 4: 49bcca4a ($5.16 in chips)
Seat 5: Hero ($5.53 in chips)
Seat 6: 3a52eaab ($2 in chips)
Hero: posts small blind $0.02
3a52eaab: posts big blind $0.05
*** HOLE CARDS ***
Dealt to 442d078a 
Dealt to 97a61b78 
Dealt to fbda94a5 
Dealt to 49bcca4a 
Dealt to Hero [Ad Td]
Dealt to 3a52eaab 
442d078a: raises $0.05 to $0.1
97a61b78: folds
fbda94a5: calls $0.1
49bcca4a: raises $0.35 to $0.45
Hero: folds
3a52eaab: folds
442d078a: folds
fbda94a5: folds
Uncalled bet ($0.35) returned to 49bcca4a
*** SHOWDOWN ***
49bcca4a collected $0.36 from pot
*** SUMMARY ***
Total pot $0.37 | Rake $0.01 | Jackpot $0 | Bingo $0 | Fortune $0
Seat 1: 442d078a folded before Flop
Seat 2: 97a61b78 folded before Flop (didn't bet)
Seat 3: fbda94a5 folded before Flop
Seat 4: 49bcca4a (button) collected ($0.36)
Seat 5: Hero (small blind) folded before Flop
Seat 6: 3a52eaab (big blind) folded before Flop


Poker Hand #HD1197936522: Hold'em No Limit  ($0.02/$0.05) - 2023/04/10 22:07:28
Table 'NLHBlue47' 6-max Seat #3 is the button
Seat 1: 442d078a ($2.82 in chips)
Seat 2: 97a61b78 ($5 in chips)
Seat 3: fbda94a5 ($6.41 in chips)
Seat 4: 49bcca4a ($5.18 in chips)
Seat 5: Hero ($5.85 in chips)
Seat 6: 3a52eaab ($3.7 in chips)
49bcca4a: posts small blind $0.02
Hero: posts big blind $0.05
*** HOLE CARDS ***
Dealt to 442d078a 
Dealt to 97a61b78 
Dealt to fbda94a5 
Dealt to 49bcca4a 
Dealt to Hero [7c 7d]
Dealt to 3a52eaab 
3a52eaab: raises $0.1 to $0.15
442d078a: folds
97a61b78: folds
fbda94a5: calls $0.15
49bcca4a: folds
Hero: calls $0.1
*** FLOP *** [Jc 5s Js]
Hero: bets $0.17
3a52eaab: calls $0.17
fbda94a5: calls $0.17
*** TURN *** [Jc 5s Js] [Ts]
Hero: checks
3a52eaab: checks
fbda94a5: bets $0.55
Hero: folds
3a52eaab: calls $0.55
*** RIVER *** [Jc 5s Js Ts] [3s]
3a52eaab: checks
fbda94a5: bets $1.38
3a52eaab: calls $1.38
fbda94a5: shows [5d 5h] (Fives Full over Jacks)
3a52eaab: shows [Kh Ks] (King High Flush)
*** SHOWDOWN ***
fbda94a5 collected $4.55 from pot
*** SUMMARY ***
Total pot $4.84 | Rake $0.24 | Jackpot $0.05 | Bingo $0 | Fortune $0
Board [Jc 5s Js Ts 3s]
Seat 1: 442d078a folded before Flop (didn't bet)
Seat 2: 97a61b78 folded before Flop (didn't bet)
Seat 3: fbda94a5 (button) showed [5d 5h] and won ($4.55) with Fives Full over Jacks
Seat 4: 49bcca4a (small blind) folded before Flop
Seat 5: Hero (big blind) folded on the Turn
Seat 6: 3a52eaab showed [Kh Ks] and lost with King High Flush


Poker Hand #HD1197936495: Hold'em No Limit  ($0.02/$0.05) - 2023/04/10 22:07:05
Table 'NLHBlue47' 6-max Seat #2 is the button
Seat 1: 442d078a ($2.82 in chips)
Seat 2: 97a61b78 ($5 in chips)
Seat 3: fbda94a5 ($6.43 in chips)
Seat 4: 49bcca4a ($5.23 in chips)
Seat 5: Hero ($5.85 in chips)
Seat 6: 3a52eaab ($3.63 in chips)
fbda94a5: posts small blind $0.02
49bcca4a: posts big blind $0.05
*** HOLE CARDS ***
Dealt to 442d078a 
Dealt to 97a61b78 
Dealt to fbda94a5 
Dealt to 49bcca4a 
Dealt to Hero [2h 2s]
Dealt to 3a52eaab 
Hero: folds
3a52eaab: raises $0.1 to $0.15
442d078a: folds
97a61b78: folds
fbda94a5: folds
49bcca4a: folds
Uncalled bet ($0.1) returned to 3a52eaab
*** SHOWDOWN ***
3a52eaab collected $0.12 from pot
*** SUMMARY ***
Total pot $0.12 | Rake $0 | Jackpot $0 | Bingo $0 | Fortune $0
Seat 1: 442d078a folded before Flop (didn't bet)
Seat 2: 97a61b78 (button) folded before Flop (didn't bet)
Seat 3: fbda94a5 (small blind) folded before Flop
Seat 4: 49bcca4a (big blind) folded before Flop
Seat 5: Hero folded before Flop (didn't bet)
Seat 6: 3a52eaab collected ($0.12)


Poker Hand #HD1197936475: Hold'em No Limit  ($0.02/$0.05) - 2023/04/10 22:06:51
Table 'NLHBlue47' 6-max Seat #1 is the button
Seat 1: 442d078a ($2.82 in chips)
Seat 2: 97a61b78 ($5.02 in chips)
Seat 3: fbda94a5 ($6.41 in chips)
Seat 4: 49bcca4a ($5.23 in chips)
Seat 5: Hero ($5.85 in chips)
Seat 6: 3a52eaab ($3.63 in chips)
97a61b78: posts small blind $0.02
fbda94a5: posts big blind $0.05
*** HOLE CARDS ***
Dealt to 442d078a 
Dealt to 97a61b78 
Dealt to fbda94a5 
Dealt to 49bcca4a 
Dealt to Hero [2d Ks]
Dealt to 3a52eaab 
49bcca4a: folds
Hero: folds
3a52eaab: folds
442d078a: folds
97a61b78: folds
Uncalled bet ($0.03) returned to fbda94a5
*** SHOWDOWN ***
fbda94a5 collected $0.04 from pot
*** SUMMARY ***
Total pot $0.04 | Rake $0 | Jackpot $0 | Bingo $0 | Fortune $0
Seat 1: 442d078a (button) folded before Flop (didn't bet)
Seat 2: 97a61b78 (small blind) folded before Flop
Seat 3: fbda94a5 (big blind) collected ($0.04)
Seat 4: 49bcca4a folded before Flop (didn't bet)
Seat 5: Hero folded before Flop (didn't bet)
Seat 6: 3a52eaab folded before Flop (didn't bet)


Poker Hand #HD1197936459: Hold'em No Limit  ($0.02/$0.05) - 2023/04/10 22:06:33
Table 'NLHBlue47' 6-max Seat #6 is the button
Seat 1: 442d078a ($2.77 in chips)
Seat 2: 97a61b78 ($5.07 in chips)
Seat 3: fbda94a5 ($6.41 in chips)
Seat 4: 49bcca4a ($5.23 in chips)
Seat 5: Hero ($5.85 in chips)
Seat 6: 3a52eaab ($3.63 in chips)
442d078a: posts small blind $0.02
97a61b78: posts big blind $0.05
*** HOLE CARDS ***
Dealt to 442d078a 
Dealt to 97a61b78 
Dealt to fbda94a5 
Dealt to 49bcca4a 
Dealt to Hero [2c 7h]
Dealt to 3a52eaab 
fbda94a5: folds
49bcca4a: folds
Hero: folds
3a52eaab: folds
442d078a: raises $0.05 to $0.1
97a61b78: folds
Uncalled bet ($0.05) returned to 442d078a
*** SHOWDOWN ***
442d078a collected $0.1 from pot
*** SUMMARY ***
Total pot $0.1 | Rake $0 | Jackpot $0 | Bingo $0 | Fortune $0
Seat 1: 442d078a (small blind) collected ($0.1)
Seat 2: 97a61b78 (big blind) folded before Flop
Seat 3: fbda94a5 folded before Flop (didn't bet)
Seat 4: 49bcca4a folded before Flop (didn't bet)
Seat 5: Hero folded before Flop (didn't bet)
Seat 6: 3a52eaab (button) folded before Flop (didn't bet)


Poker Hand #HD1197936432: Hold'em No Limit  ($0.02/$0.05) - 2023/04/10 22:06:15
Table 'NLHBlue47' 6-max Seat #5 is the button
Seat 1: 442d078a ($2.82 in chips)
Seat 2: 97a61b78 ($5 in chips)
Seat 3: fbda94a5 ($6.41 in chips)
Seat 4: 49bcca4a ($5.23 in chips)
Seat 5: Hero ($5.85 in chips)
Seat 6: 3a52eaab ($3.65 in chips)
3a52eaab: posts small blind $0.02
442d078a: posts big blind $0.05
*** HOLE CARDS ***
Dealt to 442d078a 
Dealt to 97a61b78 
Dealt to fbda94a5 
Dealt to 49bcca4a 
Dealt to Hero [Tc 3h]
Dealt to 3a52eaab 
97a61b78: raises $0.1 to $0.15
fbda94a5: folds
49bcca4a: folds
Hero: folds
3a52eaab: folds
442d078a: folds
Uncalled bet ($0.1) returned to 97a61b78
*** SHOWDOWN ***
97a61b78 collected $0.12 from pot
*** SUMMARY ***
Total pot $0.12 | Rake $0 | Jackpot $0 | Bingo $0 | Fortune $0
Seat 1: 442d078a (big blind) folded before Flop
Seat 2: 97a61b78 collected ($0.12)
Seat 3: fbda94a5 folded before Flop (didn't bet)
Seat 4: 49bcca4a folded before Flop (didn't bet)
Seat 5: Hero (button) folded before Flop (didn't bet)
Seat 6: 3a52eaab (small blind) folded before Flop


Poker Hand #HD1197936375: Hold'em No Limit  ($0.02/$0.05) - 2023/04/10 22:05:32
Table 'NLHBlue47' 6-max Seat #4 is the button
Seat 1: 442d078a ($2.82 in chips)
Seat 2: 97a61b78 ($5 in chips)
Seat 3: fbda94a5 ($6.41 in chips)
Seat 4: 49bcca4a ($5.23 in chips)
Seat 5: Hero ($5.72 in chips)
Seat 6: 3a52eaab ($3.79 in chips)
Hero: posts small blind $0.02
3a52eaab: posts big blind $0.05
*** HOLE CARDS ***
Dealt to 442d078a 
Dealt to 97a61b78 
Dealt to fbda94a5 
Dealt to 49bcca4a 
Dealt to Hero [Qs 5s]
Dealt to 3a52eaab 
442d078a: folds
97a61b78: folds
fbda94a5: folds
49bcca4a: folds
Hero: raises $0.09 to $0.14
3a52eaab: calls $0.09
*** FLOP *** [Qh 4c Kd]
Hero: bets $0.1
3a52eaab: folds
Uncalled bet ($0.1) returned to Hero
*** SHOWDOWN ***
Hero collected $0.27 from pot
*** SUMMARY ***
Total pot $0.28 | Rake $0.01 | Jackpot $0 | Bingo $0 | Fortune $0
Board [Qh 4c Kd]
Seat 1: 442d078a folded before Flop (didn't bet)
Seat 2: 97a61b78 folded before Flop (didn't bet)
Seat 3: fbda94a5 folded before Flop (didn't bet)
Seat 4: 49bcca4a (button) folded before Flop (didn't bet)
Seat 5: Hero (small blind) won ($0.27)
Seat 6: 3a52eaab (big blind) folded on the Flop


Poker Hand #HD1197936306: Hold'em No Limit  ($0.02/$0.05) - 2023/04/10 22:04:35
Table 'NLHBlue47' 6-max Seat #3 is the button
Seat 1: 442d078a ($2.82 in chips)
Seat 2: 97a61b78 ($5 in chips)
Seat 3: fbda94a5 ($6.41 in chips)
Seat 4: 49bcca4a ($5.25 in chips)
Seat 5: Hero ($7.72 in chips)
Seat 6: 3a52eaab ($2 in chips)
49bcca4a: posts small blind $0.02
Hero: posts big blind $0.05
*** HOLE CARDS ***
Dealt to 442d078a 
Dealt to 97a61b78 
Dealt to fbda94a5 
Dealt to 49bcca4a 
Dealt to Hero [Jd Js]
Dealt to 3a52eaab 
3a52eaab: raises $0.1 to $0.15
442d078a: folds
97a61b78: folds
fbda94a5: folds
49bcca4a: folds
Hero: raises $0.27 to $0.42
3a52eaab: raises $1.58 to $2 and is all-in
Hero: calls $1.58
3a52eaab: shows [9s 9h]
Hero: shows [Jd Js]
*** FIRST FLOP *** [Ts 2s 8c]
*** FIRST TURN *** [Ts 2s 8c] [9c]
*** FIRST RIVER *** [Ts 2s 8c 9c] [5c]
*** SECOND FLOP *** [9d 2d 5s]
*** SECOND TURN *** [9d 2d 5s] [3d]
*** SECOND RIVER *** [9d 2d 5s 3d] [5d]
*** FIRST SHOWDOWN ***
3a52eaab collected $1.9 from pot
*** SECOND SHOWDOWN ***
3a52eaab collected $1.89 from pot
*** SUMMARY ***
Total pot $4.02 | Rake $0.18 | Jackpot $0.05 | Bingo $0 | Fortune $0
Hand was run two times
FIRST Board [Ts 2s 8c 9c 5c]
SECOND Board [9d 2d 5s 3d 5d]
Seat 1: 442d078a folded before Flop (didn't bet)
Seat 2: 97a61b78 folded before Flop (didn't bet)
Seat 3: fbda94a5 (button) folded before Flop (didn't bet)
Seat 4: 49bcca4a (small blind) folded before Flop
Seat 5: Hero (big blind) showed [Jd Js] and lost with Pair of Jacks, and lost with Jack High Flush
Seat 6: 3a52eaab showed [9s 9h] and won ($1.9) with Three Nines, and won ($1.89) with Nines Full over Fives


Poker Hand #HD1197936227: Hold'em No Limit  ($0.02/$0.05) - 2023/04/10 22:03:39
Table 'NLHBlue47' 6-max Seat #2 is the button
Seat 1: 442d078a ($2.82 in chips)
Seat 2: 97a61b78 ($5 in chips)
Seat 3: fbda94a5 ($6.51 in chips)
Seat 4: 49bcca4a ($5.16 in chips)
Seat 5: Hero ($7.72 in chips)
Seat 6: 3a52eaab ($2 in chips)
fbda94a5: posts small blind $0.02
49bcca4a: posts big blind $0.05
*** HOLE CARDS ***
Dealt to 442d078a 
Dealt to 97a61b78 
Dealt to fbda94a5 
Dealt to 49bcca4a 
Dealt to Hero [Td 2d]
Dealt to 3a52eaab 
Hero: folds
3a52eaab: folds
442d078a: folds
97a61b78: folds
fbda94a5: raises $0.05 to $0.1
49bcca4a: calls $0.05
*** FLOP *** [8c 9d 8d]
fbda94a5: checks
49bcca4a: bets $0.1
fbda94a5: folds
Uncalled bet ($0.1) returned to 49bcca4a
*** SHOWDOWN ***
49bcca4a collected $0.19 from pot
*** SUMMARY ***
Total pot $0.2 | Rake $0.01 | Jackpot $0 | Bingo $0 | Fortune $0
Board [8c 9d 8d]
Seat 1: 442d078a folded before Flop (didn't bet)
Seat 2: 97a61b78 (button) folded before Flop (didn't bet)
Seat 3: fbda94a5 (small blind) folded on the Flop
Seat 4: 49bcca4a (big blind) won ($0.19)
Seat 5: Hero folded before Flop (didn't bet)
Seat 6: 3a52eaab folded before Flop (didn't bet)


Poker Hand #HD1197936143: Hold'em No Limit  ($0.02/$0.05) - 2023/04/10 22:02:35
Table 'NLHBlue47' 6-max Seat #1 is the button
Seat 1: 442d078a ($2.71 in chips)
Seat 2: 97a61b78 ($5.02 in chips)
Seat 3: fbda94a5 ($6.61 in chips)
Seat 4: 49bcca4a ($5.16 in chips)
Seat 5: Hero ($7.72 in chips)
Seat 6: 3a52eaab ($2 in chips)
97a61b78: posts small blind $0.02
fbda94a5: posts big blind $0.05
*** HOLE CARDS ***
Dealt to 442d078a 
Dealt to 97a61b78 
Dealt to fbda94a5 
Dealt to 49bcca4a 
Dealt to Hero [9h 4c]
Dealt to 3a52eaab 
49bcca4a: folds
Hero: folds
3a52eaab: folds
442d078a: calls $0.05
97a61b78: folds
fbda94a5: checks
*** FLOP *** [8h Js 3s]
fbda94a5: checks
442d078a: checks
*** TURN *** [8h Js 3s] [Kd]
fbda94a5: bets $0.05
442d078a: raises $0.08 to $0.13
fbda94a5: folds
Uncalled bet ($0.08) returned to 442d078a
442d078a: shows [2d Td] (King-High)
*** SHOWDOWN ***
442d078a collected $0.21 from pot
*** SUMMARY ***
Total pot $0.22 | Rake $0.01 | Jackpot $0 | Bingo $0 | Fortune $0
Board [8h Js 3s Kd]
Seat 1: 442d078a (button) showed [2d Td] and won ($0.21) with King-High
Seat 2: 97a61b78 (small blind) folded before Flop
Seat 3: fbda94a5 (big blind) folded on the Turn
Seat 4: 49bcca4a folded before Flop (didn't bet)
Seat 5: Hero folded before Flop (didn't bet)
Seat 6: 3a52eaab folded before Flop (didn't bet)


Poker Hand #HD1197936074: Hold'em No Limit  ($0.02/$0.05) - 2023/04/10 22:01:47
Table 'NLHBlue47' 6-max Seat #6 is the button
Seat 1: 442d078a ($2.83 in chips)
Seat 2: 97a61b78 ($5.07 in chips)
Seat 3: fbda94a5 ($6.61 in chips)
Seat 4: 49bcca4a ($5.16 in chips)
Seat 5: Hero ($7.56 in chips)
Seat 6: 3a52eaab ($2 in chips)
442d078a: posts small blind $0.02
97a61b78: posts big blind $0.05
*** HOLE CARDS ***
Dealt to 442d078a 
Dealt to 97a61b78 
Dealt to fbda94a5 
Dealt to 49bcca4a 
Dealt to Hero [Kh Ks]
Dealt to 3a52eaab 
fbda94a5: folds
49bcca4a: folds
Hero: raises $0.07 to $0.12
3a52eaab: folds
442d078a: calls $0.1
97a61b78: folds
*** FLOP *** [Qh 4h Th]
442d078a: checks
Hero: bets $0.22
442d078a: folds
Uncalled bet ($0.22) returned to Hero
*** SHOWDOWN ***
Hero collected $0.28 from pot
*** SUMMARY ***
Total pot $0.29 | Rake $0.01 | Jackpot $0 | Bingo $0 | Fortune $0
Board [Qh 4h Th]
Seat 1: 442d078a (small blind) folded on the Flop
Seat 2: 97a61b78 (big blind) folded before Flop
Seat 3: fbda94a5 folded before Flop (didn't bet)
Seat 4: 49bcca4a folded before Flop (didn't bet)
Seat 5: Hero won ($0.28)
Seat 6: 3a52eaab (button) folded before Flop (didn't bet)


Poker Hand #HD1197936044: Hold'em No Limit  ($0.02/$0.05) - 2023/04/10 22:01:29
Table 'NLHBlue47' 6-max Seat #5 is the button
Seat 1: 442d078a ($2.88 in chips)
Seat 2: 97a61b78 ($5.07 in chips)
Seat 3: fbda94a5 ($6.54 in chips)
Seat 4: 49bcca4a ($5.16 in chips)
Seat 5: Hero ($7.56 in chips)
Seat 6: 3a52eaab ($2 in chips)
3a52eaab: posts small blind $0.02
442d078a: posts big blind $0.05
*** HOLE CARDS ***
Dealt to 442d078a 
Dealt to 97a61b78 
Dealt to fbda94a5 
Dealt to 49bcca4a 
Dealt to Hero [As Th]
Dealt to 3a52eaab 
97a61b78: folds
fbda94a5: raises $0.05 to $0.1
49bcca4a: folds
Hero: folds
3a52eaab: folds
442d078a: folds
Uncalled bet ($0.05) returned to fbda94a5
*** SHOWDOWN ***
fbda94a5 collected $0.12 from pot
*** SUMMARY ***
Total pot $0.12 | Rake $0 | Jackpot $0 | Bingo $0 | Fortune $0
Seat 1: 442d078a (big blind) folded before Flop
Seat 2: 97a61b78 folded before Flop (didn't bet)
Seat 3: fbda94a5 collected ($0.12)
Seat 4: 49bcca4a folded before Flop (didn't bet)
Seat 5: Hero (button) folded before Flop (didn't bet)
Seat 6: 3a52eaab (small blind) folded before Flop


Poker Hand #HD1197936001: Hold'em No Limit  ($0.02/$0.05) - 2023/04/10 22:00:52
Table 'NLHBlue47' 6-max Seat #4 is the button
Seat 1: 442d078a ($2.77 in chips)
Seat 2: 97a61b78 ($5.07 in chips)
Seat 3: fbda94a5 ($6.54 in chips)
Seat 4: 49bcca4a ($5.16 in chips)
Seat 5: Hero ($7.58 in chips)
Seat 6: 3a52eaab ($2.03 in chips)
Hero: posts small blind $0.02
3a52eaab: posts big blind $0.05
*** HOLE CARDS ***
Dealt to 442d078a 
Dealt to 97a61b78 
Dealt to fbda94a5 
Dealt to 49bcca4a 
Dealt to Hero [Jd 4d]
Dealt to 3a52eaab 
442d078a: raises $0.05 to $0.1
97a61b78: folds
fbda94a5: folds
49bcca4a: folds
Hero: folds
3a52eaab: calls $0.05
*** FLOP *** [9d Ks 3d]
3a52eaab: checks
442d078a: bets $0.11
3a52eaab: folds
Uncalled bet ($0.11) returned to 442d078a
*** SHOWDOWN ***
442d078a collected $0.21 from pot
*** SUMMARY ***
Total pot $0.22 | Rake $0.01 | Jackpot $0 | Bingo $0 | Fortune $0
Board [9d Ks 3d]
Seat 1: 442d078a won ($0.21)
Seat 2: 97a61b78 folded before Flop (didn't bet)
Seat 3: fbda94a5 folded before Flop (didn't bet)
Seat 4: 49bcca4a (button) folded before Flop (didn't bet)
Seat 5: Hero (small blind) folded before Flop
Seat 6: 3a52eaab (big blind) folded on the Flop


Poker Hand #HD1197935970: Hold'em No Limit  ($0.02/$0.05) - 2023/04/10 22:00:32
Table 'NLHBlue47' 6-max Seat #3 is the button
Seat 1: 442d078a ($2.77 in chips)
Seat 2: 97a61b78 ($5 in chips)
Seat 3: fbda94a5 ($6.54 in chips)
Seat 4: 49bcca4a ($5.18 in chips)
Seat 5: Hero ($7.63 in chips)
Seat 6: 3a52eaab ($2.03 in chips)
49bcca4a: posts small blind $0.02
Hero: posts big blind $0.05
*** HOLE CARDS ***
Dealt to 442d078a 
Dealt to 97a61b78 
Dealt to fbda94a5 
Dealt to 49bcca4a 
Dealt to Hero [2c 4h]
Dealt to 3a52eaab 
3a52eaab: folds
442d078a: folds
97a61b78: raises $0.1 to $0.15
fbda94a5: folds
49bcca4a: folds
Hero: folds
Uncalled bet ($0.1) returned to 97a61b78
*** SHOWDOWN ***
97a61b78 collected $0.12 from pot
*** SUMMARY ***
Total pot $0.12 | Rake $0 | Jackpot $0 | Bingo $0 | Fortune $0
Seat 1: 442d078a folded before Flop (didn't bet)
Seat 2: 97a61b78 collected ($0.12)
Seat 3: fbda94a5 (button) folded before Flop (didn't bet)
Seat 4: 49bcca4a (small blind) folded before Flop
Seat 5: Hero (big blind) folded before Flop
Seat 6: 3a52eaab folded before Flop (didn't bet)


Poker Hand #HD1197935926: Hold'em No Limit  ($0.02/$0.05) - 2023/04/10 22:00:04
Table 'NLHBlue47' 6-max Seat #2 is the button
Seat 1: 442d078a ($2.77 in chips)
Seat 2: 97a61b78 ($5 in chips)
Seat 3: fbda94a5 ($6.56 in chips)
Seat 4: 49bcca4a ($5.16 in chips)
Seat 5: Hero ($7.63 in chips)
Seat 6: 3a52eaab ($2.03 in chips)
fbda94a5: posts small blind $0.02
49bcca4a: posts big blind $0.05
*** HOLE CARDS ***
Dealt to 442d078a 
Dealt to 97a61b78 
Dealt to fbda94a5 
Dealt to 49bcca4a 
Dealt to Hero [Tc 7c]
Dealt to 3a52eaab 
Hero: folds
3a52eaab: folds
442d078a: folds
97a61b78: folds
fbda94a5: folds
Uncalled bet ($0.03) returned to 49bcca4a
*** SHOWDOWN ***
49bcca4a collected $0.04 from pot
*** SUMMARY ***
Total pot $0.04 | Rake $0 | Jackpot $0 | Bingo $0 | Fortune $0
Seat 1: 442d078a folded before Flop (didn't bet)
Seat 2: 97a61b78 (button) folded before Flop (didn't bet)
Seat 3: fbda94a5 (small blind) folded before Flop
Seat 4: 49bcca4a (big blind) collected ($0.04)
Seat 5: Hero folded before Flop (didn't bet)
Seat 6: 3a52eaab folded before Flop (didn't bet)


Poker Hand #HD1197935882: Hold'em No Limit  ($0.02/$0.05) - 2023/04/10 21:59:30
Table 'NLHBlue47' 6-max Seat #1 is the button
Seat 1: 442d078a ($2.45 in chips)
Seat 2: 97a61b78 ($5 in chips)
Seat 3: fbda94a5 ($6.61 in chips)
Seat 4: 49bcca4a ($5.16 in chips)
Seat 5: Hero ($7.91 in chips)
Seat 6: 3a52eaab ($2.03 in chips)
97a61b78: posts small blind $0.02
fbda94a5: posts big blind $0.05
*** HOLE CARDS ***
Dealt to 442d078a 
Dealt to 97a61b78 
Dealt to fbda94a5 
Dealt to 49bcca4a 
Dealt to Hero [8s 7s]
Dealt to 3a52eaab 
49bcca4a: folds
Hero: raises $0.07 to $0.12
3a52eaab: folds
442d078a: calls $0.12
97a61b78: folds
fbda94a5: folds
*** FLOP *** [3s Js Tc]
Hero: bets $0.16
442d078a: calls $0.16
*** TURN *** [3s Js Tc] [Jh]
Hero: checks
442d078a: checks
*** RIVER *** [3s Js Tc Jh] [Kh]
Hero: checks
442d078a: checks
Hero: shows [8s 7s] (Pair of Jacks)
442d078a: shows [Th Qc] (Pair of Jacks and Pair of Tens)
*** SHOWDOWN ***
442d078a collected $0.6 from pot
*** SUMMARY ***
Total pot $0.63 | Rake $0.03 | Jackpot $0 | Bingo $0 | Fortune $0
Board [3s Js Tc Jh Kh]
Seat 1: 442d078a (button) showed [Th Qc] and won ($0.6) with Pair of Jacks and Pair of Tens
Seat 2: 97a61b78 (small blind) folded before Flop
Seat 3: fbda94a5 (big blind) folded before Flop
Seat 4: 49bcca4a folded before Flop (didn't bet)
Seat 5: Hero showed [8s 7s] and lost with Pair of Jacks
Seat 6: 3a52eaab folded before Flop (didn't bet)


Poker Hand #HD1197935838: Hold'em No Limit  ($0.02/$0.05) - 2023/04/10 21:59:02
Table 'NLHBlue47' 6-max Seat #6 is the button
Seat 1: 442d078a ($2.57 in chips)
Seat 2: 97a61b78 ($5 in chips)
Seat 3: fbda94a5 ($6.61 in chips)
Seat 4: 49bcca4a ($5.16 in chips)
Seat 5: Hero ($7.75 in chips)
Seat 6: 3a52eaab ($2.03 in chips)
442d078a: posts small blind $0.02
97a61b78: posts big blind $0.05
*** HOLE CARDS ***
Dealt to 442d078a 
Dealt to 97a61b78 
Dealt to fbda94a5 
Dealt to 49bcca4a 
Dealt to Hero [Th Kh]
Dealt to 3a52eaab 
fbda94a5: folds
49bcca4a: folds
Hero: raises $0.07 to $0.12
3a52eaab: folds
442d078a: calls $0.1
97a61b78: folds
*** FLOP *** [3s 6c Qh]
442d078a: checks
Hero: bets $0.11
442d078a: folds
Uncalled bet ($0.11) returned to Hero
*** SHOWDOWN ***
Hero collected $0.28 from pot
*** SUMMARY ***
Total pot $0.29 | Rake $0.01 | Jackpot $0 | Bingo $0 | Fortune $0
Board [3s 6c Qh]
Seat 1: 442d078a (small blind) folded on the Flop
Seat 2: 97a61b78 (big blind) folded before Flop
Seat 3: fbda94a5 folded before Flop (didn't bet)
Seat 4: 49bcca4a folded before Flop (didn't bet)
Seat 5: Hero won ($0.28)
Seat 6: 3a52eaab (button) folded before Flop (didn't bet)


Poker Hand #HD1197935769: Hold'em No Limit  ($0.02/$0.05) - 2023/04/10 21:58:07
Table 'NLHBlue47' 6-max Seat #5 is the button
Seat 1: 442d078a ($2.38 in chips)
Seat 2: 97a61b78 ($5 in chips)
Seat 3: fbda94a5 ($6.71 in chips)
Seat 4: 49bcca4a ($5.16 in chips)
Seat 5: Hero ($7.75 in chips)
Seat 6: 3a52eaab ($2.13 in chips)
3a52eaab: posts small blind $0.02
442d078a: posts big blind $0.05
*** HOLE CARDS ***
Dealt to 442d078a 
Dealt to 97a61b78 
Dealt to fbda94a5 
Dealt to 49bcca4a 
Dealt to Hero [Qd 7h]
Dealt to 3a52eaab 
97a61b78: folds
fbda94a5: raises $0.05 to $0.1
49bcca4a: folds
Hero: folds
3a52eaab: calls $0.08
442d078a: calls $0.05
*** FLOP *** [8s 5s 6s]
3a52eaab: checks
442d078a: checks
fbda94a5: checks
*** TURN *** [8s 5s 6s] [8h]
3a52eaab: checks
442d078a: bets $0.3
fbda94a5: folds
3a52eaab: folds
Uncalled bet ($0.3) returned to 442d078a
*** SHOWDOWN ***
442d078a collected $0.29 from pot
*** SUMMARY ***
Total pot $0.3 | Rake $0.01 | Jackpot $0 | Bingo $0 | Fortune $0
Board [8s 5s 6s 8h]
Seat 1: 442d078a (big blind) won ($0.29)
Seat 2: 97a61b78 folded before Flop (didn't bet)
Seat 3: fbda94a5 folded on the Turn
Seat 4: 49bcca4a folded before Flop (didn't bet)
Seat 5: Hero (button) folded before Flop (didn't bet)
Seat 6: 3a52eaab (small blind) folded on the Turn


Poker Hand #HD1197935725: Hold'em No Limit  ($0.02/$0.05) - 2023/04/10 21:57:33
Table 'NLHBlue47' 6-max Seat #4 is the button
Seat 1: 442d078a ($2.38 in chips)
Seat 2: 97a61b78 ($5 in chips)
Seat 3: fbda94a5 ($6.81 in chips)
Seat 4: 49bcca4a ($5 in chips)
Seat 5: Hero ($7.77 in chips)
Seat 6: 3a52eaab ($2.18 in chips)
Hero: posts small blind $0.02
3a52eaab: posts big blind $0.05
*** HOLE CARDS ***
Dealt to 442d078a 
Dealt to 97a61b78 
Dealt to fbda94a5 
Dealt to 49bcca4a 
Dealt to Hero [Jc 2s]
Dealt to 3a52eaab 
442d078a: folds
97a61b78: folds
fbda94a5: raises $0.05 to $0.1
49bcca4a: raises $0.25 to $0.35
Hero: folds
3a52eaab: folds
fbda94a5: folds
Uncalled bet ($0.25) returned to 49bcca4a
*** SHOWDOWN ***
49bcca4a collected $0.26 from pot
*** SUMMARY ***
Total pot $0.27 | Rake $0.01 | Jackpot $0 | Bingo $0 | Fortune $0
Seat 1: 442d078a folded before Flop (didn't bet)
Seat 2: 97a61b78 folded before Flop (didn't bet)
Seat 3: fbda94a5 folded before Flop
Seat 4: 49bcca4a (button) collected ($0.26)
Seat 5: Hero (small blind) folded before Flop
Seat 6: 3a52eaab (big blind) folded before Flop


Poker Hand #HD1197825637: Hold'em No Limit  ($0.02/$0.05) - 2023/04/10 21:56:23
Table 'NLHBlue47' 6-max Seat #3 is the button
Seat 1: 442d078a ($2.38 in chips)
Seat 2: 97a61b78 ($5 in chips)
Seat 3: fbda94a5 ($6.81 in chips)
Seat 4: 49bcca4a ($5.09 in chips)
Seat 5: Hero ($6.01 in chips)
Seat 6: 3a52eaab ($2.18 in chips)
49bcca4a: posts small blind $0.02
Hero: posts big blind $0.05
*** HOLE CARDS ***
Dealt to 442d078a 
Dealt to 97a61b78 
Dealt to fbda94a5 
Dealt to 49bcca4a 
Dealt to Hero [9c Ad]
Dealt to 3a52eaab 
3a52eaab: folds
442d078a: folds
97a61b78: folds
fbda94a5: folds
49bcca4a: raises $0.1 to $0.15
Hero: calls $0.1
*** FLOP *** [Ac 4d Kh]
49bcca4a: bets $0.1
Hero: calls $0.1
*** TURN *** [Ac 4d Kh] [8d]
49bcca4a: checks
Hero: bets $0.25
49bcca4a: calls $0.25
*** RIVER *** [Ac 4d Kh 8d] [Ah]
49bcca4a: checks
Hero: bets $0.5
49bcca4a: raises $1 to $1.5
Hero: calls $1
49bcca4a: shows [9d 9h] (Pair of Aces and Pair of Nines)
Hero: shows [9c Ad] (Three Aces)
*** SHOWDOWN ***
Hero collected $3.76 from pot
*** SUMMARY ***
Total pot $4 | Rake $0.19 | Jackpot $0.05 | Bingo $0 | Fortune $0
Board [Ac 4d Kh 8d Ah]
Seat 1: 442d078a folded before Flop (didn't bet)
Seat 2: 97a61b78 folded before Flop (didn't bet)
Seat 3: fbda94a5 (button) folded before Flop (didn't bet)
Seat 4: 49bcca4a (small blind) showed [9d 9h] and lost with Pair of Aces and Pair of Nines
Seat 5: Hero (big blind) showed [9c Ad] and won ($3.76) with Three Aces
Seat 6: 3a52eaab folded before Flop (didn't bet)


Poker Hand #HD1197825607: Hold'em No Limit  ($0.02/$0.05) - 2023/04/10 21:56:00
Table 'NLHBlue47' 6-max Seat #2 is the button
Seat 1: 442d078a ($2.38 in chips)
Seat 2: 97a61b78 ($5 in chips)
Seat 3: fbda94a5 ($6.83 in chips)
Seat 4: 49bcca4a ($5.14 in chips)
Seat 5: Hero ($5.94 in chips)
Seat 6: 3a52eaab ($2.18 in chips)
fbda94a5: posts small blind $0.02
49bcca4a: posts big blind $0.05
*** HOLE CARDS ***
Dealt to 442d078a 
Dealt to 97a61b78 
Dealt to fbda94a5 
Dealt to 49bcca4a 
Dealt to Hero [Ah Ac]
Dealt to 3a52eaab 
Hero: raises $0.07 to $0.12
3a52eaab: folds
442d078a: folds
97a61b78: folds
fbda94a5: folds
49bcca4a: folds
Uncalled bet ($0.07) returned to Hero
*** SHOWDOWN ***
Hero collected $0.12 from pot
*** SUMMARY ***
Total pot $0.12 | Rake $0 | Jackpot $0 | Bingo $0 | Fortune $0
Seat 1: 442d078a folded before Flop (didn't bet)
Seat 2: 97a61b78 (button) folded before Flop (didn't bet)
Seat 3: fbda94a5 (small blind) folded before Flop
Seat 4: 49bcca4a (big blind) folded before Flop
Seat 5: Hero collected ($0.12)
Seat 6: 3a52eaab folded before Flop (didn't bet)


Poker Hand #HD1197825550: Hold'em No Limit  ($0.02/$0.05) - 2023/04/10 21:55:21
Table 'NLHBlue47' 6-max Seat #1 is the button
Seat 1: 442d078a ($2.31 in chips)
Seat 2: 97a61b78 ($5 in chips)
Seat 3: fbda94a5 ($6.88 in chips)
Seat 4: 49bcca4a ($5.14 in chips)
Seat 5: Hero ($5.94 in chips)
Seat 6: 3a52eaab ($2.18 in chips)
97a61b78: posts small blind $0.02
fbda94a5: posts big blind $0.05
*** HOLE CARDS ***
Dealt to 442d078a 
Dealt to 97a61b78 
Dealt to fbda94a5 
Dealt to 49bcca4a 
Dealt to Hero [5d 7c]
Dealt to 3a52eaab 
49bcca4a: folds
Hero: folds
3a52eaab: folds
442d078a: calls $0.05
97a61b78: folds
fbda94a5: checks
*** FLOP *** [Kc 9c 2h]
fbda94a5: checks
442d078a: bets $0.06
fbda94a5: folds
Uncalled bet ($0.06) returned to 442d078a
*** SHOWDOWN ***
442d078a collected $0.12 from pot
*** SUMMARY ***
Total pot $0.12 | Rake $0 | Jackpot $0 | Bingo $0 | Fortune $0
Board [Kc 9c 2h]
Seat 1: 442d078a (button) won ($0.12)
Seat 2: 97a61b78 (small blind) folded before Flop
Seat 3: fbda94a5 (big blind) folded on the Flop
Seat 4: 49bcca4a folded before Flop (didn't bet)
Seat 5: Hero folded before Flop (didn't bet)
Seat 6: 3a52eaab folded before Flop (didn't bet)


Poker Hand #HD1197825504: Hold'em No Limit  ($0.02/$0.05) - 2023/04/10 21:54:45
Table 'NLHBlue47' 6-max Seat #6 is the button
Seat 1: 442d078a ($2.33 in chips)
Seat 2: 97a61b78 ($5 in chips)
Seat 3: fbda94a5 ($6.88 in chips)
Seat 4: 49bcca4a ($5.02 in chips)
Seat 5: Hero ($5.94 in chips)
Seat 6: 3a52eaab ($2.18 in chips)
442d078a: posts small blind $0.02
97a61b78: posts big blind $0.05
*** HOLE CARDS ***
Dealt to 442d078a 
Dealt to 97a61b78 
Dealt to fbda94a5 
Dealt to 49bcca4a 
Dealt to Hero [7c 9s]
Dealt to 3a52eaab 
fbda94a5: folds
49bcca4a: raises $0.06 to $0.11
Hero: folds
3a52eaab: folds
442d078a: folds
97a61b78: calls $0.06
*** FLOP *** [Th 4h Ts]
97a61b78: checks
49bcca4a: bets $0.08
97a61b78: folds
Uncalled bet ($0.08) returned to 49bcca4a
*** SHOWDOWN ***
49bcca4a collected $0.23 from pot
*** SUMMARY ***
Total pot $0.24 | Rake $0.01 | Jackpot $0 | Bingo $0 | Fortune $0
Board [Th 4h Ts]
Seat 1: 442d078a (small blind) folded before Flop
Seat 2: 97a61b78 (big blind) folded on the Flop
Seat 3: fbda94a5 folded before Flop (didn't bet)
Seat 4: 49bcca4a won ($0.23)
Seat 5: Hero folded before Flop (didn't bet)
Seat 6: 3a52eaab (button) folded before Flop (didn't bet)


Poker Hand #HD1197825467: Hold'em No Limit  ($0.02/$0.05) - 2023/04/10 21:54:21
Table 'NLHBlue47' 6-max Seat #5 is the button
Seat 1: 442d078a ($2.38 in chips)
Seat 2: 97a61b78 ($5 in chips)
Seat 3: fbda94a5 ($6.88 in chips)
Seat 4: 49bcca4a ($5.02 in chips)
Seat 5: Hero ($6.06 in chips)
Seat 6: 3a52eaab ($2.02 in chips)
3a52eaab: posts small blind $0.02
442d078a: posts big blind $0.05
*** HOLE CARDS ***
Dealt to 442d078a 
Dealt to 97a61b78 
Dealt to fbda94a5 
Dealt to 49bcca4a 
Dealt to Hero [Ad 4s]
Dealt to 3a52eaab 
97a61b78: folds
fbda94a5: folds
49bcca4a: folds
Hero: raises $0.07 to $0.12
3a52eaab: raises $0.38 to $0.5
442d078a: folds
Hero: folds
Uncalled bet ($0.38) returned to 3a52eaab
*** SHOWDOWN ***
3a52eaab collected $0.28 from pot
*** SUMMARY ***
Total pot $0.29 | Rake $0.01 | Jackpot $0 | Bingo $0 | Fortune $0
Seat 1: 442d078a (big blind) folded before Flop
Seat 2: 97a61b78 folded before Flop (didn't bet)
Seat 3: fbda94a5 folded before Flop (didn't bet)
Seat 4: 49bcca4a folded before Flop (didn't bet)
Seat 5: Hero (button) folded before Flop
Seat 6: 3a52eaab (small blind) collected ($0.28)


Poker Hand #HD1197825432: Hold'em No Limit  ($0.02/$0.05) - 2023/04/10 21:53:56
Table 'NLHBlue47' 6-max Seat #4 is the button
Seat 1: 442d078a ($2.31 in chips)
Seat 2: 97a61b78 ($5 in chips)
Seat 3: fbda94a5 ($6.88 in chips)
Seat 4: 49bcca4a ($5.02 in chips)
Seat 5: Hero ($6.08 in chips)
Seat 6: 3a52eaab ($2.07 in chips)
Hero: posts small blind $0.02
3a52eaab: posts big blind $0.05
*** HOLE CARDS ***
Dealt to 442d078a 
Dealt to 97a61b78 
Dealt to fbda94a5 
Dealt to 49bcca4a 
Dealt to Hero [Kd 3c]
Dealt to 3a52eaab 
442d078a: raises $0.1 to $0.15
97a61b78: folds
fbda94a5: folds
49bcca4a: folds
Hero: folds
3a52eaab: folds
Uncalled bet ($0.1) returned to 442d078a
*** SHOWDOWN ***
442d078a collected $0.12 from pot
*** SUMMARY ***
Total pot $0.12 | Rake $0 | Jackpot $0 | Bingo $0 | Fortune $0
Seat 1: 442d078a collected ($0.12)
Seat 2: 97a61b78 folded before Flop (didn't bet)
Seat 3: fbda94a5 folded before Flop (didn't bet)
Seat 4: 49bcca4a (button) folded before Flop (didn't bet)
Seat 5: Hero (small blind) folded before Flop
Seat 6: 3a52eaab (big blind) folded before Flop


Poker Hand #HD1197825371: Hold'em No Limit  ($0.02/$0.05) - 2023/04/10 21:53:15
Table 'NLHBlue47' 6-max Seat #3 is the button
Seat 1: 442d078a ($2.2 in chips)
Seat 2: 97a61b78 ($5 in chips)
Seat 3: fbda94a5 ($6.88 in chips)
Seat 4: 49bcca4a ($5.04 in chips)
Seat 5: Hero ($6.18 in chips)
Seat 6: 3a52eaab ($2.07 in chips)
49bcca4a: posts small blind $0.02
Hero: posts big blind $0.05
*** HOLE CARDS ***
Dealt to 442d078a 
Dealt to 97a61b78 
Dealt to fbda94a5 
Dealt to 49bcca4a 
Dealt to Hero [9h Kd]
Dealt to 3a52eaab 
3a52eaab: folds
442d078a: raises $0.05 to $0.1
97a61b78: folds
fbda94a5: folds
49bcca4a: folds
Hero: calls $0.05
*** FLOP *** [5s 3d 7c]
Hero: checks
442d078a: checks
*** TURN *** [5s 3d 7c] [6h]
Hero: checks
442d078a: checks
*** RIVER *** [5s 3d 7c 6h] [7s]
Hero: checks
442d078a: checks
Hero: shows [9h Kd] (Pair of Sevens)
442d078a: shows [Qs Kh] (Pair of Sevens)
*** SHOWDOWN ***
442d078a collected $0.21 from pot
*** SUMMARY ***
Total pot $0.22 | Rake $0.01 | Jackpot $0 | Bingo $0 | Fortune $0
Board [5s 3d 7c 6h 7s]
Seat 1: 442d078a showed [Qs Kh] and won ($0.21) with Pair of Sevens
Seat 2: 97a61b78 folded before Flop (didn't bet)
Seat 3: fbda94a5 (button) folded before Flop (didn't bet)
Seat 4: 49bcca4a (small blind) folded before Flop
Seat 5: Hero (big blind) showed [9h Kd] and lost with Pair of Sevens
Seat 6: 3a52eaab folded before Flop (didn't bet)


Poker Hand #HD1197825309: Hold'em No Limit  ($0.02/$0.05) - 2023/04/10 21:52:25
Table 'NLHBlue47' 6-max Seat #2 is the button
Seat 1: 442d078a ($3.1 in chips)
Seat 2: 97a61b78 ($5 in chips)
Seat 3: fbda94a5 ($6.9 in chips)
Seat 4: 49bcca4a ($5.09 in chips)
Seat 5: Hero ($5.35 in chips)
Seat 6: 3a52eaab ($2.07 in chips)
fbda94a5: posts small blind $0.02
49bcca4a: posts big blind $0.05
*** HOLE CARDS ***
Dealt to 442d078a 
Dealt to 97a61b78 
Dealt to fbda94a5 
Dealt to 49bcca4a 
Dealt to Hero [7s 7d]
Dealt to 3a52eaab 
Hero: raises $0.07 to $0.12
3a52eaab: folds
442d078a: raises $0.31 to $0.43
97a61b78: folds
fbda94a5: folds
49bcca4a: folds
Hero: calls $0.31
*** FLOP *** [5h 2s 2d]
Hero: checks
442d078a: bets $0.47
Hero: raises $0.55 to $1.02
442d078a: folds
Uncalled bet ($0.55) returned to Hero
442d078a: shows [Td Tc] (Pair of Tens and Pair of Twos)
*** SHOWDOWN ***
Hero collected $1.73 from pot
*** SUMMARY ***
Total pot $1.87 | Rake $0.09 | Jackpot $0.05 | Bingo $0 | Fortune $0
Board [5h 2s 2d]
Seat 1: 442d078a folded on the Flop
Seat 2: 97a61b78 (button) folded before Flop (didn't bet)
Seat 3: fbda94a5 (small blind) folded before Flop
Seat 4: 49bcca4a (big blind) folded before Flop
Seat 5: Hero won ($1.73)
Seat 6: 3a52eaab folded before Flop (didn't bet)


Poker Hand #HD1197825277: Hold'em No Limit  ($0.02/$0.05) - 2023/04/10 21:52:00
Table 'NLHBlue47' 6-max Seat #1 is the button
Seat 1: 442d078a ($3.1 in chips)
Seat 2: 97a61b78 ($5 in chips)
Seat 3: fbda94a5 ($6.88 in chips)
Seat 4: 49bcca4a ($5.09 in chips)
Seat 5: Hero ($5.35 in chips)
Seat 6: 3a52eaab ($2.07 in chips)
97a61b78: posts small blind $0.02
fbda94a5: posts big blind $0.05
*** HOLE CARDS ***
Dealt to 442d078a 
Dealt to 97a61b78 
Dealt to fbda94a5 
Dealt to 49bcca4a 
Dealt to Hero [Kc 6c]
Dealt to 3a52eaab 
49bcca4a: folds
Hero: folds
3a52eaab: folds
442d078a: folds
97a61b78: folds
Uncalled bet ($0.03) returned to fbda94a5
*** SHOWDOWN ***
fbda94a5 collected $0.04 from pot
*** SUMMARY ***
Total pot $0.04 | Rake $0 | Jackpot $0 | Bingo $0 | Fortune $0
Seat 1: 442d078a (button) folded before Flop (didn't bet)
Seat 2: 97a61b78 (small blind) folded before Flop
Seat 3: fbda94a5 (big blind) collected ($0.04)
Seat 4: 49bcca4a folded before Flop (didn't bet)
Seat 5: Hero folded before Flop (didn't bet)
Seat 6: 3a52eaab folded before Flop (didn't bet)


Poker Hand #HD1197825230: Hold'em No Limit  ($0.02/$0.05) - 2023/04/10 21:51:26
Table 'NLHBlue47' 6-max Seat #6 is the button
Seat 1: 442d078a ($3.12 in chips)
Seat 2: 97a61b78 ($5 in chips)
Seat 3: fbda94a5 ($6.88 in chips)
Seat 4: 49bcca4a ($5.09 in chips)
Seat 5: Hero ($5.35 in chips)
Seat 6: 3a52eaab ($2 in chips)
442d078a: posts small blind $0.02
97a61b78: posts big blind $0.05
*** HOLE CARDS ***
Dealt to 442d078a 
Dealt to 97a61b78 
Dealt to fbda94a5 
Dealt to 49bcca4a 
Dealt to Hero [4s 7h]
Dealt to 3a52eaab 
fbda94a5: folds
49bcca4a: folds
Hero: folds
3a52eaab: raises $0.1 to $0.15
442d078a: folds
97a61b78: folds
Uncalled bet ($0.1) returned to 3a52eaab
*** SHOWDOWN ***
3a52eaab collected $0.12 from pot
*** SUMMARY ***
Total pot $0.12 | Rake $0 | Jackpot $0 | Bingo $0 | Fortune $0
Seat 1: 442d078a (small blind) folded before Flop
Seat 2: 97a61b78 (big blind) folded before Flop
Seat 3: fbda94a5 folded before Flop (didn't bet)
Seat 4: 49bcca4a folded before Flop (didn't bet)
Seat 5: Hero folded before Flop (didn't bet)
Seat 6: 3a52eaab (button) collected ($0.12)


Poker Hand #HD1197825200: Hold'em No Limit  ($0.02/$0.05) - 2023/04/10 21:51:03
Table 'NLHBlue47' 6-max Seat #5 is the button
Seat 1: 442d078a ($3.17 in chips)
Seat 2: 420e64ae ($5.57 in chips)
Seat 3: fbda94a5 ($6.88 in chips)
Seat 4: 49bcca4a ($5.09 in chips)
Seat 5: Hero ($5.28 in chips)
Seat 6: 3a52eaab ($2 in chips)
3a52eaab: posts small blind $0.02
442d078a: posts big blind $0.05
*** HOLE CARDS ***
Dealt to 442d078a 
Dealt to 420e64ae 
Dealt to fbda94a5 
Dealt to 49bcca4a 
Dealt to Hero [Qh Ac]
Dealt to 3a52eaab 
420e64ae: folds
fbda94a5: folds
49bcca4a: folds
Hero: raises $0.07 to $0.12
3a52eaab: folds
442d078a: folds
Uncalled bet ($0.07) returned to Hero
*** SHOWDOWN ***
Hero collected $0.12 from pot
*** SUMMARY ***
Total pot $0.12 | Rake $0 | Jackpot $0 | Bingo $0 | Fortune $0
Seat 1: 442d078a (big blind) folded before Flop
Seat 2: 420e64ae folded before Flop (didn't bet)
Seat 3: fbda94a5 folded before Flop (didn't bet)
Seat 4: 49bcca4a folded before Flop (didn't bet)
Seat 5: Hero (button) collected ($0.12)
Seat 6: 3a52eaab (small blind) folded before Flop


Poker Hand #HD1197825151: Hold'em No Limit  ($0.02/$0.05) - 2023/04/10 21:50:30
Table 'NLHBlue47' 6-max Seat #4 is the button
Seat 1: 442d078a ($3.22 in chips)
Seat 2: 420e64ae ($5.57 in chips)
Seat 3: fbda94a5 ($6.88 in chips)
Seat 4: 49bcca4a ($5.09 in chips)
Seat 5: Hero ($5.18 in chips)
Seat 6: 3a52eaab ($2 in chips)
Hero: posts small blind $0.02
3a52eaab: posts big blind $0.05
*** HOLE CARDS ***
Dealt to 442d078a 
Dealt to 420e64ae 
Dealt to fbda94a5 
Dealt to 49bcca4a 
Dealt to Hero [Ah 5h]
Dealt to 3a52eaab 
442d078a: calls $0.05
420e64ae: folds
fbda94a5: folds
49bcca4a: folds
Hero: raises $0.23 to $0.28
3a52eaab: folds
442d078a: folds
Uncalled bet ($0.23) returned to Hero
*** SHOWDOWN ***
Hero collected $0.15 from pot
*** SUMMARY ***
Total pot $0.15 | Rake $0 | Jackpot $0 | Bingo $0 | Fortune $0
Seat 1: 442d078a folded before Flop
Seat 2: 420e64ae folded before Flop (didn't bet)
Seat 3: fbda94a5 folded before Flop (didn't bet)
Seat 4: 49bcca4a (button) folded before Flop (didn't bet)
Seat 5: Hero (small blind) collected ($0.15)
Seat 6: 3a52eaab (big blind) folded before Flop


Poker Hand #HD1197825112: Hold'em No Limit  ($0.02/$0.05) - 2023/04/10 21:50:02
Table 'NLHBlue47' 6-max Seat #3 is the button
Seat 1: 442d078a ($3.15 in chips)
Seat 2: 420e64ae ($5.57 in chips)
Seat 3: fbda94a5 ($6.88 in chips)
Seat 4: 49bcca4a ($5.11 in chips)
Seat 5: Hero ($5.23 in chips)
Seat 6: 3a52eaab ($2 in chips)
49bcca4a: posts small blind $0.02
Hero: posts big blind $0.05
*** HOLE CARDS ***
Dealt to 442d078a 
Dealt to 420e64ae 
Dealt to fbda94a5 
Dealt to 49bcca4a 
Dealt to Hero [5c 4s]
Dealt to 3a52eaab 
3a52eaab: folds
442d078a: raises $0.1 to $0.15
420e64ae: folds
fbda94a5: folds
49bcca4a: folds
Hero: folds
Uncalled bet ($0.1) returned to 442d078a
*** SHOWDOWN ***
442d078a collected $0.12 from pot
*** SUMMARY ***
Total pot $0.12 | Rake $0 | Jackpot $0 | Bingo $0 | Fortune $0
Seat 1: 442d078a collected ($0.12)
Seat 2: 420e64ae folded before Flop (didn't bet)
Seat 3: fbda94a5 (button) folded before Flop (didn't bet)
Seat 4: 49bcca4a (small blind) folded before Flop
Seat 5: Hero (big blind) folded before Flop
Seat 6: 3a52eaab folded before Flop (didn't bet)


Poker Hand #HD1197824994: Hold'em No Limit  ($0.02/$0.05) - 2023/04/10 21:48:45
Table 'NLHBlue47' 6-max Seat #2 is the button
Seat 1: 442d078a ($3.25 in chips)
Seat 2: 420e64ae ($5.57 in chips)
Seat 3: fbda94a5 ($6.9 in chips)
Seat 4: 49bcca4a ($5 in chips)
Seat 5: Hero ($5.23 in chips)
Seat 6: 3a52eaab ($2 in chips)
fbda94a5: posts small blind $0.02
49bcca4a: posts big blind $0.05
*** HOLE CARDS ***
Dealt to 442d078a 
Dealt to 420e64ae 
Dealt to fbda94a5 
Dealt to 49bcca4a 
Dealt to Hero [4s 2c]
Dealt to 3a52eaab 
Hero: folds
3a52eaab: folds
442d078a: raises $0.05 to $0.1
420e64ae: folds
fbda94a5: folds
49bcca4a: calls $0.05
*** FLOP *** [7h Ah 4h]
49bcca4a: checks
442d078a: checks
*** TURN *** [7h Ah 4h] [2s]
49bcca4a: checks
442d078a: checks
*** RIVER *** [7h Ah 4h 2s] [6s]
49bcca4a: checks
442d078a: checks
49bcca4a: shows [Qh Kd] (Ace-High)
442d078a: shows [Qd Tc] (Ace-High)
*** SHOWDOWN ***
49bcca4a collected $0.21 from pot
*** SUMMARY ***
Total pot $0.22 | Rake $0.01 | Jackpot $0 | Bingo $0 | Fortune $0
Board [7h Ah 4h 2s 6s]
Seat 1: 442d078a showed [Qd Tc] and lost with Ace-High
Seat 2: 420e64ae (button) folded before Flop (didn't bet)
Seat 3: fbda94a5 (small blind) folded before Flop
Seat 4: 49bcca4a (big blind) showed [Qh Kd] and won ($0.21) with Ace-High
Seat 5: Hero folded before Flop (didn't bet)
Seat 6: 3a52eaab folded before Flop (didn't bet)


Poker Hand #HD1197824964: Hold'em No Limit  ($0.02/$0.05) - 2023/04/10 21:48:27
Table 'NLHBlue47' 6-max Seat #1 is the button
Seat 1: 442d078a ($3.18 in chips)
Seat 2: 420e64ae ($5.59 in chips)
Seat 3: fbda94a5 ($6.95 in chips)
Seat 5: Hero ($5.23 in chips)
Seat 6: 3a52eaab ($2 in chips)
420e64ae: posts small blind $0.02
fbda94a5: posts big blind $0.05
*** HOLE CARDS ***
Dealt to 442d078a 
Dealt to 420e64ae 
Dealt to fbda94a5 
Dealt to Hero [7s Th]
Dealt to 3a52eaab 
Hero: folds
3a52eaab: folds
442d078a: raises $0.05 to $0.1
420e64ae: folds
fbda94a5: folds
Uncalled bet ($0.05) returned to 442d078a
*** SHOWDOWN ***
442d078a collected $0.12 from pot
*** SUMMARY ***
Total pot $0.12 | Rake $0 | Jackpot $0 | Bingo $0 | Fortune $0
Seat 1: 442d078a (button) collected ($0.12)
Seat 2: 420e64ae (small blind) folded before Flop
Seat 3: fbda94a5 (big blind) folded before Flop
Seat 5: Hero folded before Flop (didn't bet)
Seat 6: 3a52eaab folded before Flop (didn't bet)


Poker Hand #HD1197824922: Hold'em No Limit  ($0.02/$0.05) - 2023/04/10 21:47:56
Table 'NLHBlue47' 6-max Seat #6 is the button
Seat 1: 442d078a ($3.3 in chips)
Seat 2: 420e64ae ($5.64 in chips)
Seat 3: fbda94a5 ($6.95 in chips)
Seat 5: Hero ($5.07 in chips)
Seat 6: 3a52eaab ($2 in chips)
442d078a: posts small blind $0.02
420e64ae: posts big blind $0.05
*** HOLE CARDS ***
Dealt to 442d078a 
Dealt to 420e64ae 
Dealt to fbda94a5 
Dealt to Hero [4s As]
Dealt to 3a52eaab 
fbda94a5: folds
Hero: raises $0.07 to $0.12
3a52eaab: folds
442d078a: calls $0.1
420e64ae: folds
*** FLOP *** [5h 2h 6d]
442d078a: checks
Hero: bets $0.15
442d078a: folds
Uncalled bet ($0.15) returned to Hero
*** SHOWDOWN ***
Hero collected $0.28 from pot
*** SUMMARY ***
Total pot $0.29 | Rake $0.01 | Jackpot $0 | Bingo $0 | Fortune $0
Board [5h 2h 6d]
Seat 1: 442d078a (small blind) folded on the Flop
Seat 2: 420e64ae (big blind) folded before Flop
Seat 3: fbda94a5 folded before Flop (didn't bet)
Seat 5: Hero won ($0.28)
Seat 6: 3a52eaab (button) folded before Flop (didn't bet)


Poker Hand #HD1197824872: Hold'em No Limit  ($0.02/$0.05) - 2023/04/10 21:47:15
Table 'NLHBlue47' 6-max Seat #5 is the button
Seat 1: 442d078a ($3.18 in chips)
Seat 2: 420e64ae ($5.64 in chips)
Seat 3: fbda94a5 ($6.95 in chips)
Seat 5: Hero ($5.07 in chips)
Seat 6: 3a52eaab ($2.06 in chips)
3a52eaab: posts small blind $0.02
442d078a: posts big blind $0.05
*** HOLE CARDS ***
Dealt to 442d078a 
Dealt to 420e64ae 
Dealt to fbda94a5 
Dealt to Hero [2d 4h]
Dealt to 3a52eaab 
420e64ae: folds
fbda94a5: folds
Hero: folds
3a52eaab: raises $0.08 to $0.13
442d078a: calls $0.08
*** FLOP *** [Jc 3c Kh]
3a52eaab: checks
442d078a: checks
*** TURN *** [Jc 3c Kh] [Kc]
3a52eaab: checks
442d078a: checks
*** RIVER *** [Jc 3c Kh Kc] [9c]
3a52eaab: checks
442d078a: checks
3a52eaab: shows [8d 4d] (Pair of Kings)
442d078a: shows [Ah 9h] (Pair of Kings and Pair of Nines)
*** SHOWDOWN ***
442d078a collected $0.25 from pot
*** SUMMARY ***
Total pot $0.26 | Rake $0.01 | Jackpot $0 | Bingo $0 | Fortune $0
Board [Jc 3c Kh Kc 9c]
Seat 1: 442d078a (big blind) showed [Ah 9h] and won ($0.25) with Pair of Kings and Pair of Nines
Seat 2: 420e64ae folded before Flop (didn't bet)
Seat 3: fbda94a5 folded before Flop (didn't bet)
Seat 5: Hero (button) folded before Flop (didn't bet)
Seat 6: 3a52eaab (small blind) showed [8d 4d] and lost with Pair of Kings


Poker Hand #HD1197824843: Hold'em No Limit  ($0.02/$0.05) - 2023/04/10 21:46:58
Table 'NLHBlue47' 6-max Seat #3 is the button
Seat 1: 442d078a ($3.11 in chips)
Seat 2: 420e64ae ($5.64 in chips)
Seat 3: fbda94a5 ($6.95 in chips)
Seat 5: Hero ($5.09 in chips)
Seat 6: 3a52eaab ($2.11 in chips)
Hero: posts small blind $0.02
3a52eaab: posts big blind $0.05
*** HOLE CARDS ***
Dealt to 442d078a 
Dealt to 420e64ae 
Dealt to fbda94a5 
Dealt to Hero [7h 4d]
Dealt to 3a52eaab 
442d078a: raises $0.05 to $0.1
420e64ae: folds
fbda94a5: folds
Hero: folds
3a52eaab: folds
Uncalled bet ($0.05) returned to 442d078a
*** SHOWDOWN ***
442d078a collected $0.12 from pot
*** SUMMARY ***
Total pot $0.12 | Rake $0 | Jackpot $0 | Bingo $0 | Fortune $0
Seat 1: 442d078a collected ($0.12)
Seat 2: 420e64ae folded before Flop (didn't bet)
Seat 3: fbda94a5 (button) folded before Flop (didn't bet)
Seat 5: Hero (small blind) folded before Flop
Seat 6: 3a52eaab (big blind) folded before Flop


Poker Hand #HD1197824797: Hold'em No Limit  ($0.02/$0.05) - 2023/04/10 21:46:27
Table 'NLHBlue47' 6-max Seat #2 is the button
Seat 1: 442d078a ($3.11 in chips)
Seat 2: 420e64ae ($5.64 in chips)
Seat 3: fbda94a5 ($7.05 in chips)
Seat 5: Hero ($5 in chips)
Seat 6: 3a52eaab ($2.11 in chips)
fbda94a5: posts small blind $0.02
Hero: posts big blind $0.05
*** HOLE CARDS ***
Dealt to 442d078a 
Dealt to 420e64ae 
Dealt to fbda94a5 
Dealt to Hero [Ks 7s]
Dealt to 3a52eaab 
3a52eaab: folds
442d078a: folds
420e64ae: folds
fbda94a5: raises $0.05 to $0.1
Hero: calls $0.05
*** FLOP *** [3c 7d Kd]
fbda94a5: checks
Hero: bets $0.15
fbda94a5: folds
Uncalled bet ($0.15) returned to Hero
*** SHOWDOWN ***
Hero collected $0.19 from pot
*** SUMMARY ***
Total pot $0.2 | Rake $0.01 | Jackpot $0 | Bingo $0 | Fortune $0
Board [3c 7d Kd]
Seat 1: 442d078a folded before Flop (didn't bet)
Seat 2: 420e64ae (button) folded before Flop (didn't bet)
Seat 3: fbda94a5 (small blind) folded on the Flop
Seat 5: Hero (big blind) won ($0.19)
Seat 6: 3a52eaab folded before Flop (didn't bet)


Poker Hand #HD1197824764: Hold'em No Limit  ($0.02/$0.05) - 2023/04/10 21:46:07
Table 'NLHBlue47' 6-max Seat #1 is the button
Seat 1: 442d078a ($3.11 in chips)
Seat 2: 420e64ae ($5.66 in chips)
Seat 3: fbda94a5 ($7.1 in chips)
Seat 5: Hero ($5 in chips)
Seat 6: 3a52eaab ($2.04 in chips)
420e64ae: posts small blind $0.02
fbda94a5: posts big blind $0.05
*** HOLE CARDS ***
Dealt to 442d078a 
Dealt to 420e64ae 
Dealt to fbda94a5 
Dealt to Hero [Jc Qd]
Dealt to 3a52eaab 
Hero: folds
3a52eaab: raises $0.1 to $0.15
442d078a: folds
420e64ae: folds
fbda94a5: folds
Uncalled bet ($0.1) returned to 3a52eaab
*** SHOWDOWN ***
3a52eaab collected $0.12 from pot
*** SUMMARY ***
Total pot $0.12 | Rake $0 | Jackpot $0 | Bingo $0 | Fortune $0
Seat 1: 442d078a (button) folded before Flop (didn't bet)
Seat 2: 420e64ae (small blind) folded before Flop
Seat 3: fbda94a5 (big blind) folded before Flop
Seat 5: Hero folded before Flop (didn't bet)
Seat 6: 3a52eaab collected ($0.12)


Poker Hand #HD1197824698: Hold'em No Limit  ($0.02/$0.05) - 2023/04/10 21:45:18
Table 'NLHBlue47' 6-max Seat #6 is the button
Seat 1: 442d078a ($3.13 in chips)
Seat 2: 420e64ae ($5 in chips)
Seat 3: fbda94a5 ($7.1 in chips)
Seat 4: 9e743b96 ($6.11 in chips)
Seat 5: Hero ($5 in chips)
Seat 6: 3a52eaab ($2.04 in chips)
442d078a: posts small blind $0.02
420e64ae: posts big blind $0.05
*** HOLE CARDS ***
Dealt to 442d078a 
Dealt to 420e64ae 
Dealt to fbda94a5 
Dealt to 9e743b96 
Dealt to Hero [Ah Qs]
Dealt to 3a52eaab 
fbda94a5: folds
9e743b96: folds
Hero: raises $0.07 to $0.12
3a52eaab: folds
442d078a: folds
420e64ae: raises $0.3 to $0.42
Hero: calls $0.3
*** FLOP *** [4d 8d 8h]
420e64ae: bets $0.29
Hero: calls $0.29
*** TURN *** [4d 8d 8h] [7h]
420e64ae: checks
Hero: checks
*** RIVER *** [4d 8d 8h 7h] [9d]
420e64ae: checks
Hero: checks
420e64ae: shows [As Kc] (Pair of Eights)
Hero: shows [Ah Qs] (Pair of Eights)
*** SHOWDOWN ***
420e64ae collected $1.37 from pot
*** SUMMARY ***
Total pot $1.44 | Rake $0.07 | Jackpot $0 | Bingo $0 | Fortune $0
Board [4d 8d 8h 7h 9d]
Seat 1: 442d078a (small blind) folded before Flop
Seat 2: 420e64ae (big blind) showed [As Kc] and won ($1.37) with Pair of Eights
Seat 3: fbda94a5 folded before Flop (didn't bet)
Seat 4: 9e743b96 folded before Flop (didn't bet)
Seat 5: Hero showed [Ah Qs] and lost with Pair of Eights
Seat 6: 3a52eaab (button) folded before Flop (didn't bet)


Poker Hand #HD1197824638: Hold'em No Limit  ($0.02/$0.05) - 2023/04/10 21:44:31
Table 'NLHBlue47' 6-max Seat #5 is the button
Seat 1: 442d078a ($2.87 in chips)
Seat 2: e20f3478 ($5.61 in chips)
Seat 3: fbda94a5 ($7.1 in chips)
Seat 4: 9e743b96 ($6.11 in chips)
Seat 5: Hero ($5 in chips)
Seat 6: 3a52eaab ($2.06 in chips)
3a52eaab: posts small blind $0.02
442d078a: posts big blind $0.05
*** HOLE CARDS ***
Dealt to 442d078a 
Dealt to e20f3478 
Dealt to fbda94a5 
Dealt to 9e743b96 
Dealt to Hero [Qd 3d]
Dealt to 3a52eaab 
e20f3478: folds
fbda94a5: folds
9e743b96: folds
Hero: raises $0.07 to $0.12
3a52eaab: folds
442d078a: calls $0.07
*** FLOP *** [7c 5h 3c]
442d078a: checks
Hero: bets $0.14
442d078a: calls $0.14
*** TURN *** [7c 5h 3c] [6s]
442d078a: checks
Hero: checks
*** RIVER *** [7c 5h 3c 6s] [2d]
442d078a: checks
Hero: checks
442d078a: shows [9c 5c] (Pair of Fives)
Hero: shows [Qd 3d] (Pair of Treys)
*** SHOWDOWN ***
442d078a collected $0.52 from pot
*** SUMMARY ***
Total pot $0.54 | Rake $0.02 | Jackpot $0 | Bingo $0 | Fortune $0
Board [7c 5h 3c 6s 2d]
Seat 1: 442d078a (big blind) showed [9c 5c] and won ($0.52) with Pair of Fives
Seat 2: e20f3478 folded before Flop (didn't bet)
Seat 3: fbda94a5 folded before Flop (didn't bet)
Seat 4: 9e743b96 folded before Flop (didn't bet)
Seat 5: Hero (button) showed [Qd 3d] and lost with Pair of Treys
Seat 6: 3a52eaab (small blind) folded before Flop


Poker Hand #HD1197824575: Hold'em No Limit  ($0.02/$0.05) - 2023/04/10 21:43:47
Table 'NLHBlue47' 6-max Seat #4 is the button
Seat 1: 442d078a ($2.44 in chips)
Seat 2: e20f3478 ($5.61 in chips)
Seat 3: fbda94a5 ($7.1 in chips)
Seat 4: 9e743b96 ($6.11 in chips)
Seat 5: Hero ($5 in chips)
Seat 6: 3a52eaab ($2.11 in chips)
Hero: posts small blind $0.02
3a52eaab: posts big blind $0.05
*** HOLE CARDS ***
Dealt to 442d078a 
Dealt to e20f3478 
Dealt to fbda94a5 
Dealt to 9e743b96 
Dealt to Hero [Qd Qc]
Dealt to 3a52eaab 
442d078a: calls $0.05
e20f3478: folds
fbda94a5: folds
9e743b96: folds
Hero: raises $0.19 to $0.24
3a52eaab: folds
442d078a: calls $0.19
*** FLOP *** [2c As 9h]
Hero: bets $0.18
442d078a: calls $0.18
*** TURN *** [2c As 9h] [Kd]
Hero: checks
442d078a: checks
*** RIVER *** [2c As 9h Kd] [Jc]
Hero: checks
442d078a: bets $0.45
Hero: folds
Uncalled bet ($0.45) returned to 442d078a
*** SHOWDOWN ***
442d078a collected $0.85 from pot
*** SUMMARY ***
Total pot $0.89 | Rake $0.04 | Jackpot $0 | Bingo $0 | Fortune $0
Board [2c As 9h Kd Jc]
Seat 1: 442d078a won ($0.85)
Seat 2: e20f3478 folded before Flop (didn't bet)
Seat 3: fbda94a5 folded before Flop (didn't bet)
Seat 4: 9e743b96 (button) folded before Flop (didn't bet)
Seat 5: Hero (small blind) folded on the River
Seat 6: 3a52eaab (big blind) folded before Flop


Poker Hand #HD1197824529: Hold'em No Limit  ($0.02/$0.05) - 2023/04/10 21:43:15
Table 'NLHBlue47' 6-max Seat #3 is the button
Seat 1: 442d078a ($2.54 in chips)
Seat 2: e20f3478 ($5.61 in chips)
Seat 3: fbda94a5 ($7.2 in chips)
Seat 4: 9e743b96 ($5.87 in chips)
Seat 5: Hero ($5.05 in chips)
Seat 6: 3a52eaab ($2.11 in chips)
9e743b96: posts small blind $0.02
Hero: posts big blind $0.05
*** HOLE CARDS ***
Dealt to 442d078a 
Dealt to e20f3478 
Dealt to fbda94a5 
Dealt to 9e743b96 
Dealt to Hero [4c Kh]
Dealt to 3a52eaab 
3a52eaab: folds
442d078a: raises $0.05 to $0.1
e20f3478: folds
fbda94a5: calls $0.1
9e743b96: raises $0.6 to $0.7
Hero: folds
442d078a: folds
fbda94a5: folds
Uncalled bet ($0.6) returned to 9e743b96
*** SHOWDOWN ***
9e743b96 collected $0.34 from pot
*** SUMMARY ***
Total pot $0.35 | Rake $0.01 | Jackpot $0 | Bingo $0 | Fortune $0
Seat 1: 442d078a folded before Flop
Seat 2: e20f3478 folded before Flop (didn't bet)
Seat 3: fbda94a5 (button) folded before Flop
Seat 4: 9e743b96 (small blind) collected ($0.34)
Seat 5: Hero (big blind) folded before Flop
Seat 6: 3a52eaab folded before Flop (didn't bet)


Poker Hand #HD1197824451: Hold'em No Limit  ($0.02/$0.05) - 2023/04/10 21:42:20
Table 'NLHBlue47' 6-max Seat #2 is the button
Seat 1: 442d078a ($3.22 in chips)
Seat 2: e20f3478 ($5.61 in chips)
Seat 3: fbda94a5 ($7.22 in chips)
Seat 4: 9e743b96 ($5.23 in chips)
Seat 5: Hero ($5.05 in chips)
Seat 6: 3a52eaab ($2.11 in chips)
fbda94a5: posts small blind $0.02
9e743b96: posts big blind $0.05
*** HOLE CARDS ***
Dealt to 442d078a 
Dealt to e20f3478 
Dealt to fbda94a5 
Dealt to 9e743b96 
Dealt to Hero [3s 6c]
Dealt to 3a52eaab 
Hero: folds
3a52eaab: folds
442d078a: raises $0.05 to $0.1
e20f3478: folds
fbda94a5: folds
9e743b96: raises $0.3 to $0.4
442d078a: calls $0.3
*** FLOP *** [7h 6h Jd]
9e743b96: checks
442d078a: bets $0.28
9e743b96: calls $0.28
*** TURN *** [7h 6h Jd] [2d]
9e743b96: checks
442d078a: checks
*** RIVER *** [7h 6h Jd 2d] [Ah]
9e743b96: checks
442d078a: checks
9e743b96: shows [7d 7c] (Three Sevens)
442d078a: shows [4h 4c] (Pair of Fours)
*** SHOWDOWN ***
9e743b96 collected $1.32 from pot
*** SUMMARY ***
Total pot $1.38 | Rake $0.06 | Jackpot $0 | Bingo $0 | Fortune $0
Board [7h 6h Jd 2d Ah]
Seat 1: 442d078a showed [4h 4c] and lost with Pair of Fours
Seat 2: e20f3478 (button) folded before Flop (didn't bet)
Seat 3: fbda94a5 (small blind) folded before Flop
Seat 4: 9e743b96 (big blind) showed [7d 7c] and won ($1.32) with Three Sevens
Seat 5: Hero folded before Flop (didn't bet)
Seat 6: 3a52eaab folded before Flop (didn't bet)


Poker Hand #HD1197824428: Hold'em No Limit  ($0.02/$0.05) - 2023/04/10 21:42:04
Table 'NLHBlue47' 6-max Seat #1 is the button
Seat 1: 442d078a ($3.15 in chips)
Seat 2: e20f3478 ($5.63 in chips)
Seat 3: fbda94a5 ($7.27 in chips)
Seat 4: 9e743b96 ($5.23 in chips)
Seat 5: Hero ($5.05 in chips)
Seat 6: 3a52eaab ($2.11 in chips)
e20f3478: posts small blind $0.02
fbda94a5: posts big blind $0.05
*** HOLE CARDS ***
Dealt to 442d078a 
Dealt to e20f3478 
Dealt to fbda94a5 
Dealt to 9e743b96 
Dealt to Hero [Qh 5c]
Dealt to 3a52eaab 
9e743b96: folds
Hero: folds
3a52eaab: folds
442d078a: raises $0.05 to $0.1
e20f3478: folds
fbda94a5: folds
Uncalled bet ($0.05) returned to 442d078a
*** SHOWDOWN ***
442d078a collected $0.12 from pot
*** SUMMARY ***
Total pot $0.12 | Rake $0 | Jackpot $0 | Bingo $0 | Fortune $0
Seat 1: 442d078a (button) collected ($0.12)
Seat 2: e20f3478 (small blind) folded before Flop
Seat 3: fbda94a5 (big blind) folded before Flop
Seat 4: 9e743b96 folded before Flop (didn't bet)
Seat 5: Hero folded before Flop (didn't bet)
Seat 6: 3a52eaab folded before Flop (didn't bet)


Poker Hand #HD1197824397: Hold'em No Limit  ($0.02/$0.05) - 2023/04/10 21:41:41
Table 'NLHBlue47' 6-max Seat #6 is the button
Seat 1: 442d078a ($3.17 in chips)
Seat 2: e20f3478 ($5.68 in chips)
Seat 3: fbda94a5 ($7.37 in chips)
Seat 4: 9e743b96 ($5.07 in chips)
Seat 5: Hero ($5.05 in chips)
Seat 6: 3a52eaab ($2.11 in chips)
442d078a: posts small blind $0.02
e20f3478: posts big blind $0.05
*** HOLE CARDS ***
Dealt to 442d078a 
Dealt to e20f3478 
Dealt to fbda94a5 
Dealt to 9e743b96 
Dealt to Hero [Jh As]
Dealt to 3a52eaab 
fbda94a5: raises $0.05 to $0.1
9e743b96: raises $0.25 to $0.35
Hero: folds
3a52eaab: folds
442d078a: folds
e20f3478: folds
fbda94a5: folds
Uncalled bet ($0.25) returned to 9e743b96
*** SHOWDOWN ***
9e743b96 collected $0.26 from pot
*** SUMMARY ***
Total pot $0.27 | Rake $0.01 | Jackpot $0 | Bingo $0 | Fortune $0
Seat 1: 442d078a (small blind) folded before Flop
Seat 2: e20f3478 (big blind) folded before Flop
Seat 3: fbda94a5 folded before Flop
Seat 4: 9e743b96 collected ($0.26)
Seat 5: Hero folded before Flop (didn't bet)
Seat 6: 3a52eaab (button) folded before Flop (didn't bet)


Poker Hand #HD1197824380: Hold'em No Limit  ($0.02/$0.05) - 2023/04/10 21:41:29
Table 'NLHBlue47' 6-max Seat #5 is the button
Seat 1: 442d078a ($3.15 in chips)
Seat 2: e20f3478 ($5.68 in chips)
Seat 3: fbda94a5 ($7.37 in chips)
Seat 4: 9e743b96 ($5.07 in chips)
Seat 5: Hero ($5.05 in chips)
Seat 6: 3a52eaab ($2.13 in chips)
3a52eaab: posts small blind $0.02
442d078a: posts big blind $0.05
*** HOLE CARDS ***
Dealt to 442d078a 
Dealt to e20f3478 
Dealt to fbda94a5 
Dealt to 9e743b96 
Dealt to Hero [2d 7d]
Dealt to 3a52eaab 
e20f3478: folds
fbda94a5: folds
9e743b96: folds
Hero: folds
3a52eaab: folds
Uncalled bet ($0.03) returned to 442d078a
*** SHOWDOWN ***
442d078a collected $0.04 from pot
*** SUMMARY ***
Total pot $0.04 | Rake $0 | Jackpot $0 | Bingo $0 | Fortune $0
Seat 1: 442d078a (big blind) collected ($0.04)
Seat 2: e20f3478 folded before Flop (didn't bet)
Seat 3: fbda94a5 folded before Flop (didn't bet)
Seat 4: 9e743b96 folded before Flop (didn't bet)
Seat 5: Hero (button) folded before Flop (didn't bet)
Seat 6: 3a52eaab (small blind) folded before Flop


Poker Hand #HD1197824353: Hold'em No Limit  ($0.02/$0.05) - 2023/04/10 21:41:11
Table 'NLHBlue47' 6-max Seat #4 is the button
Seat 1: 442d078a ($3.15 in chips)
Seat 2: e20f3478 ($5.68 in chips)
Seat 3: fbda94a5 ($7.37 in chips)
Seat 4: 9e743b96 ($5.07 in chips)
Seat 5: Hero ($5 in chips)
Seat 6: 3a52eaab ($2.18 in chips)
Hero: posts small blind $0.02
3a52eaab: posts big blind $0.05
*** HOLE CARDS ***
Dealt to 442d078a 
Dealt to e20f3478 
Dealt to fbda94a5 
Dealt to 9e743b96 
Dealt to Hero [Tc Js]
Dealt to 3a52eaab 
442d078a: folds
e20f3478: folds
fbda94a5: folds
9e743b96: folds
Hero: raises $0.09 to $0.14
3a52eaab: folds
Uncalled bet ($0.09) returned to Hero
*** SHOWDOWN ***
Hero collected $0.1 from pot
*** SUMMARY ***
Total pot $0.1 | Rake $0 | Jackpot $0 | Bingo $0 | Fortune $0
Seat 1: 442d078a folded before Flop (didn't bet)
Seat 2: e20f3478 folded before Flop (didn't bet)
Seat 3: fbda94a5 folded before Flop (didn't bet)
Seat 4: 9e743b96 (button) folded before Flop (didn't bet)
Seat 5: Hero (small blind) collected ($0.1)
Seat 6: 3a52eaab (big blind) folded before Flop


Poker Hand #HD1197824321: Hold'em No Limit  ($0.02/$0.05) - 2023/04/10 21:40:51
Table 'NLHBlue47' 6-max Seat #3 is the button
Seat 1: 442d078a ($3.15 in chips)
Seat 2: e20f3478 ($5.68 in chips)
Seat 3: fbda94a5 ($7.37 in chips)
Seat 4: 9e743b96 ($5.02 in chips)
Seat 5: Hero ($5 in chips)
Seat 6: 3a52eaab ($2.18 in chips)
9e743b96: posts small blind $0.02
Hero: posts big blind $0.05
*** HOLE CARDS ***
Dealt to 442d078a 
Dealt to e20f3478 
Dealt to fbda94a5 
Dealt to 9e743b96 
Dealt to Hero [3c 5h]
Dealt to 3a52eaab 
3a52eaab: folds
442d078a: folds
e20f3478: folds
fbda94a5: folds
9e743b96: raises $0.1 to $0.15
Hero: folds
Uncalled bet ($0.1) returned to 9e743b96
*** SHOWDOWN ***
9e743b96 collected $0.1 from pot
*** SUMMARY ***
Total pot $0.1 | Rake $0 | Jackpot $0 | Bingo $0 | Fortune $0
Seat 1: 442d078a folded before Flop (didn't bet)
Seat 2: e20f3478 folded before Flop (didn't bet)
Seat 3: fbda94a5 (button) folded before Flop (didn't bet)
Seat 4: 9e743b96 (small blind) collected ($0.1)
Seat 5: Hero (big blind) folded before Flop
Seat 6: 3a52eaab folded before Flop (didn't bet)


Poker Hand #HD1197824250: Hold'em No Limit  ($0.02/$0.05) - 2023/04/10 21:40:05
Table 'NLHBlue47' 6-max Seat #2 is the button
Seat 1: 442d078a ($3.15 in chips)
Seat 2: e20f3478 ($5.29 in chips)
Seat 3: fbda94a5 ($7.75 in chips)
Seat 4: 9e743b96 ($5.07 in chips)
Seat 5: Hero ($5 in chips)
Seat 6: 3a52eaab ($2.18 in chips)
fbda94a5: posts small blind $0.02
9e743b96: posts big blind $0.05
*** HOLE CARDS ***
Dealt to 442d078a 
Dealt to e20f3478 
Dealt to fbda94a5 
Dealt to 9e743b96 
Dealt to Hero [Qh 4s]
Dealt to 3a52eaab 
Hero: folds
3a52eaab: folds
442d078a: folds
e20f3478: raises $0.08 to $0.13
fbda94a5: calls $0.11
9e743b96: folds
*** FLOP *** [Kc 3d 6c]
fbda94a5: checks
e20f3478: bets $0.11
fbda94a5: calls $0.11
*** TURN *** [Kc 3d 6c] [2c]
fbda94a5: checks
e20f3478: checks
*** RIVER *** [Kc 3d 6c 2c] [6h]
fbda94a5: checks
e20f3478: bets $0.14
fbda94a5: calls $0.14
e20f3478: shows [Qc Qs] (Pair of Queens and Pair of Sixes)
fbda94a5: shows [Th Tc] (Pair of Tens and Pair of Sixes)
*** SHOWDOWN ***
e20f3478 collected $0.77 from pot
*** SUMMARY ***
Total pot $0.81 | Rake $0.04 | Jackpot $0 | Bingo $0 | Fortune $0
Board [Kc 3d 6c 2c 6h]
Seat 1: 442d078a folded before Flop (didn't bet)
Seat 2: e20f3478 (button) showed [Qc Qs] and won ($0.77) with Pair of Queens and Pair of Sixes
Seat 3: fbda94a5 (small blind) showed [Th Tc] and lost with Pair of Tens and Pair of Sixes
Seat 4: 9e743b96 (big blind) folded before Flop
Seat 5: Hero folded before Flop (didn't bet)
Seat 6: 3a52eaab folded before Flop (didn't bet)


Poker Hand #HD1197824220: Hold'em No Limit  ($0.02/$0.05) - 2023/04/10 21:39:47
Table 'NLHBlue47' 6-max Seat #1 is the button
Seat 1: 442d078a ($3.15 in chips)
Seat 2: e20f3478 ($5.31 in chips)
Seat 3: fbda94a5 ($7.8 in chips)
Seat 4: 9e743b96 ($5 in chips)
Seat 5: Hero ($5 in chips)
Seat 6: 3a52eaab ($2.18 in chips)
e20f3478: posts small blind $0.02
fbda94a5: posts big blind $0.05
*** HOLE CARDS ***
Dealt to 442d078a 
Dealt to e20f3478 
Dealt to fbda94a5 
Dealt to 9e743b96 
Dealt to Hero [5d Kh]
Dealt to 3a52eaab 
9e743b96: raises $0.1 to $0.15
Hero: folds
3a52eaab: folds
442d078a: folds
e20f3478: folds
fbda94a5: folds
Uncalled bet ($0.1) returned to 9e743b96
*** SHOWDOWN ***
9e743b96 collected $0.12 from pot
*** SUMMARY ***
Total pot $0.12 | Rake $0 | Jackpot $0 | Bingo $0 | Fortune $0
Seat 1: 442d078a (button) folded before Flop (didn't bet)
Seat 2: e20f3478 (small blind) folded before Flop
Seat 3: fbda94a5 (big blind) folded before Flop
Seat 4: 9e743b96 collected ($0.12)
Seat 5: Hero folded before Flop (didn't bet)
Seat 6: 3a52eaab folded before Flop (didn't bet)


Poker Hand #HD1197824197: Hold'em No Limit  ($0.02/$0.05) - 2023/04/10 21:39:27
Table 'NLHBlue47' 6-max Seat #6 is the button
Seat 1: 442d078a ($3.17 in chips)
Seat 2: e20f3478 ($5.36 in chips)
Seat 3: fbda94a5 ($7.73 in chips)
Seat 4: 9e743b96 ($5 in chips)
Seat 5: Hero ($5 in chips)
Seat 6: 3a52eaab ($2.18 in chips)
442d078a: posts small blind $0.02
e20f3478: posts big blind $0.05
*** HOLE CARDS ***
Dealt to 442d078a 
Dealt to e20f3478 
Dealt to fbda94a5 
Dealt to 9e743b96 
Dealt to Hero [6s 3s]
Dealt to 3a52eaab 
fbda94a5: raises $0.05 to $0.1
9e743b96: folds
Hero: folds
3a52eaab: folds
442d078a: folds
e20f3478: folds
Uncalled bet ($0.05) returned to fbda94a5
*** SHOWDOWN ***
fbda94a5 collected $0.12 from pot
*** SUMMARY ***
Total pot $0.12 | Rake $0 | Jackpot $0 | Bingo $0 | Fortune $0
Seat 1: 442d078a (small blind) folded before Flop
Seat 2: e20f3478 (big blind) folded before Flop
Seat 3: fbda94a5 collected ($0.12)
Seat 4: 9e743b96 folded before Flop (didn't bet)
Seat 5: Hero folded before Flop (didn't bet)
Seat 6: 3a52eaab (button) folded before Flop (didn't bet)


Poker Hand #HD1197824151: Hold'em No Limit  ($0.02/$0.05) - 2023/04/10 21:38:50
Table 'NLHBlue47' 6-max Seat #5 is the button
Seat 1: 442d078a ($3.34 in chips)
Seat 2: e20f3478 ($5.36 in chips)
Seat 3: fbda94a5 ($7.73 in chips)
Seat 4: 9e743b96 ($5 in chips)
Seat 5: Hero ($5 in chips)
Seat 6: 3a52eaab ($2.02 in chips)
3a52eaab: posts small blind $0.02
442d078a: posts big blind $0.05
*** HOLE CARDS ***
Dealt to 442d078a 
Dealt to e20f3478 
Dealt to fbda94a5 
Dealt to 9e743b96 
Dealt to Hero [2d 6c]
Dealt to 3a52eaab 
e20f3478: folds
fbda94a5: folds
9e743b96: folds
Hero: folds
3a52eaab: raises $0.05 to $0.1
442d078a: calls $0.05
*** FLOP *** [Jc Tc 3s]
3a52eaab: checks
442d078a: bets $0.07
3a52eaab: calls $0.07
*** TURN *** [Jc Tc 3s] [5s]
3a52eaab: checks
442d078a: checks
*** RIVER *** [Jc Tc 3s 5s] [2c]
3a52eaab: checks
442d078a: checks
3a52eaab: shows [Th As] (Pair of Tens)
442d078a: shows [4d 8s] (Jack-High)
*** SHOWDOWN ***
3a52eaab collected $0.33 from pot
*** SUMMARY ***
Total pot $0.34 | Rake $0.01 | Jackpot $0 | Bingo $0 | Fortune $0
Board [Jc Tc 3s 5s 2c]
Seat 1: 442d078a (big blind) showed [4d 8s] and lost with Jack-High
Seat 2: e20f3478 folded before Flop (didn't bet)
Seat 3: fbda94a5 folded before Flop (didn't bet)
Seat 4: 9e743b96 folded before Flop (didn't bet)
Seat 5: Hero (button) folded before Flop (didn't bet)
Seat 6: 3a52eaab (small blind) showed [Th As] and won ($0.33) with Pair of Tens


Poker Hand #HD1197824095: Hold'em No Limit  ($0.02/$0.05) - 2023/04/10 21:38:14
Table 'NLHBlue47' 6-max Seat #4 is the button
Seat 1: 442d078a ($3.66 in chips)
Seat 2: e20f3478 ($5 in chips)
Seat 3: fbda94a5 ($7.73 in chips)
Seat 4: 9e743b96 ($5 in chips)
Seat 5: Hero ($5.02 in chips)
Seat 6: 3a52eaab ($2.07 in chips)
Hero: posts small blind $0.02
3a52eaab: posts big blind $0.05
*** HOLE CARDS ***
Dealt to 442d078a 
Dealt to e20f3478 
Dealt to fbda94a5 
Dealt to 9e743b96 
Dealt to Hero [3c Kc]
Dealt to 3a52eaab 
442d078a: calls $0.05
e20f3478: raises $0.15 to $0.2
fbda94a5: folds
9e743b96: folds
Hero: folds
3a52eaab: folds
442d078a: calls $0.15
*** FLOP *** [7c 5h 4s]
442d078a: checks
e20f3478: bets $0.12
442d078a: calls $0.12
*** TURN *** [7c 5h 4s] [As]
442d078a: checks
e20f3478: bets $0.4
442d078a: folds
Uncalled bet ($0.4) returned to e20f3478
*** SHOWDOWN ***
e20f3478 collected $0.68 from pot
*** SUMMARY ***
Total pot $0.71 | Rake $0.03 | Jackpot $0 | Bingo $0 | Fortune $0
Board [7c 5h 4s As]
Seat 1: 442d078a folded on the Turn
Seat 2: e20f3478 won ($0.68)
Seat 3: fbda94a5 folded before Flop (didn't bet)
Seat 4: 9e743b96 (button) folded before Flop (didn't bet)
Seat 5: Hero (small blind) folded before Flop
Seat 6: 3a52eaab (big blind) folded before Flop


Poker Hand #HD1197824070: Hold'em No Limit  ($0.02/$0.05) - 2023/04/10 21:37:58
Table 'NLHBlue47' 6-max Seat #3 is the button
Seat 1: 442d078a ($3.66 in chips)
Seat 2: e20f3478 ($5 in chips)
Seat 3: fbda94a5 ($7.73 in chips)
Seat 4: 9e743b96 ($5 in chips)
Seat 5: Hero ($5.07 in chips)
Seat 6: 3a52eaab ($2 in chips)
9e743b96: posts small blind $0.02
Hero: posts big blind $0.05
*** HOLE CARDS ***
Dealt to 442d078a 
Dealt to e20f3478 
Dealt to fbda94a5 
Dealt to 9e743b96 
Dealt to Hero [8c 6d]
Dealt to 3a52eaab 
3a52eaab: raises $0.1 to $0.15
442d078a: folds
e20f3478: folds
fbda94a5: folds
9e743b96: folds
Hero: folds
Uncalled bet ($0.1) returned to 3a52eaab
*** SHOWDOWN ***
3a52eaab collected $0.12 from pot
*** SUMMARY ***
Total pot $0.12 | Rake $0 | Jackpot $0 | Bingo $0 | Fortune $0
Seat 1: 442d078a folded before Flop (didn't bet)
Seat 2: e20f3478 folded before Flop (didn't bet)
Seat 3: fbda94a5 (button) folded before Flop (didn't bet)
Seat 4: 9e743b96 (small blind) folded before Flop
Seat 5: Hero (big blind) folded before Flop
Seat 6: 3a52eaab collected ($0.12)


Poker Hand #HD1197824007: Hold'em No Limit  ($0.02/$0.05) - 2023/04/10 21:37:10
Table 'NLHBlue47' 6-max Seat #2 is the button
Seat 1: 442d078a ($3.66 in chips)
Seat 2: e20f3478 ($5.1 in chips)
Seat 3: fbda94a5 ($6.51 in chips)
Seat 4: 9e743b96 ($5 in chips)
Seat 5: Hero ($5.07 in chips)
Seat 6: 3a52eaab ($2 in chips)
fbda94a5: posts small blind $0.02
9e743b96: posts big blind $0.05
*** HOLE CARDS ***
Dealt to 442d078a 
Dealt to e20f3478 
Dealt to fbda94a5 
Dealt to 9e743b96 
Dealt to Hero [5s 4h]
Dealt to 3a52eaab 
Hero: folds
3a52eaab: folds
442d078a: folds
e20f3478: raises $0.08 to $0.13
fbda94a5: raises $0.37 to $0.5
9e743b96: folds
e20f3478: raises $0.85 to $1.35
fbda94a5: raises $5.16 to $6.51 and is all-in
e20f3478: folds
Uncalled bet ($5.16) returned to fbda94a5
*** SHOWDOWN ***
fbda94a5 collected $2.57 from pot
*** SUMMARY ***
Total pot $2.75 | Rake $0.13 | Jackpot $0.05 | Bingo $0 | Fortune $0
Seat 1: 442d078a folded before Flop (didn't bet)
Seat 2: e20f3478 (button) folded before Flop
Seat 3: fbda94a5 (small blind) collected ($2.57)
Seat 4: 9e743b96 (big blind) folded before Flop
Seat 5: Hero folded before Flop (didn't bet)
Seat 6: 3a52eaab folded before Flop (didn't bet)


Poker Hand #HD1197823987: Hold'em No Limit  ($0.02/$0.05) - 2023/04/10 21:36:55
Table 'NLHBlue47' 6-max Seat #1 is the button
Seat 1: 442d078a ($3.66 in chips)
Seat 2: e20f3478 ($5.12 in chips)
Seat 3: fbda94a5 ($6.56 in chips)
Seat 4: 9e743b96 ($5 in chips)
Seat 5: Hero ($5 in chips)
Seat 6: 3a52eaab ($2 in chips)
e20f3478: posts small blind $0.02
fbda94a5: posts big blind $0.05
*** HOLE CARDS ***
Dealt to 442d078a 
Dealt to e20f3478 
Dealt to fbda94a5 
Dealt to 9e743b96 
Dealt to Hero [Ad Jd]
Dealt to 3a52eaab 
9e743b96: folds
Hero: raises $0.07 to $0.12
3a52eaab: folds
442d078a: folds
e20f3478: folds
fbda94a5: folds
Uncalled bet ($0.07) returned to Hero
*** SHOWDOWN ***
Hero collected $0.12 from pot
*** SUMMARY ***
Total pot $0.12 | Rake $0 | Jackpot $0 | Bingo $0 | Fortune $0
Seat 1: 442d078a (button) folded before Flop (didn't bet)
Seat 2: e20f3478 (small blind) folded before Flop
Seat 3: fbda94a5 (big blind) folded before Flop
Seat 4: 9e743b96 folded before Flop (didn't bet)
Seat 5: Hero collected ($0.12)
Seat 6: 3a52eaab folded before Flop (didn't bet)


Poker Hand #HD1197823960: Hold'em No Limit  ($0.02/$0.05) - 2023/04/10 21:36:36
Table 'NLHBlue47' 6-max Seat #6 is the button
Seat 1: 442d078a ($3.71 in chips)
Seat 2: e20f3478 ($5.07 in chips)
Seat 4: 9e743b96 ($5 in chips)
Seat 5: Hero ($5 in chips)
Seat 6: 3a52eaab ($2 in chips)
442d078a: posts small blind $0.02
e20f3478: posts big blind $0.05
*** HOLE CARDS ***
Dealt to 442d078a 
Dealt to e20f3478 
Dealt to 9e743b96 
Dealt to Hero [5d Js]
Dealt to 3a52eaab 
9e743b96: folds
Hero: folds
3a52eaab: folds
442d078a: calls $0.03
e20f3478: checks
*** FLOP *** [2h Ts 6h]
442d078a: checks
e20f3478: bets $0.05
442d078a: folds
Uncalled bet ($0.05) returned to e20f3478
*** SHOWDOWN ***
e20f3478 collected $0.1 from pot
*** SUMMARY ***
Total pot $0.1 | Rake $0 | Jackpot $0 | Bingo $0 | Fortune $0
Board [2h Ts 6h]
Seat 1: 442d078a (small blind) folded on the Flop
Seat 2: e20f3478 (big blind) won ($0.1)
Seat 4: 9e743b96 folded before Flop (didn't bet)
Seat 5: Hero folded before Flop (didn't bet)
Seat 6: 3a52eaab (button) folded before Flop (didn't bet)


Poker Hand #HD1197823921: Hold'em No Limit  ($0.02/$0.05) - 2023/04/10 21:36:03
Table 'NLHBlue47' 6-max Seat #5 is the button
Seat 1: 442d078a ($3.46 in chips)
Seat 2: e20f3478 ($5.07 in chips)
Seat 4: 9e743b96 ($5 in chips)
Seat 5: Hero ($5 in chips)
Seat 6: 3a52eaab ($2 in chips)
3a52eaab: posts small blind $0.02
442d078a: posts big blind $0.05
*** HOLE CARDS ***
Dealt to 442d078a 
Dealt to e20f3478 
Dealt to 9e743b96 
Dealt to Hero [3d Jd]
Dealt to 3a52eaab 
e20f3478: folds
9e743b96: folds
Hero: folds
3a52eaab: raises $0.1 to $0.15
442d078a: calls $0.1
*** FLOP *** [9s 4s Kd]
3a52eaab: bets $0.12
442d078a: calls $0.12
*** TURN *** [9s 4s Kd] [3s]
3a52eaab: checks
442d078a: checks
*** RIVER *** [9s 4s Kd 3s] [4d]
3a52eaab: checks
442d078a: bets $0.41
3a52eaab: folds
Uncalled bet ($0.41) returned to 442d078a
*** SHOWDOWN ***
442d078a collected $0.52 from pot
*** SUMMARY ***
Total pot $0.54 | Rake $0.02 | Jackpot $0 | Bingo $0 | Fortune $0
Board [9s 4s Kd 3s 4d]
Seat 1: 442d078a (big blind) won ($0.52)
Seat 2: e20f3478 folded before Flop (didn't bet)
Seat 4: 9e743b96 folded before Flop (didn't bet)
Seat 5: Hero (button) folded before Flop (didn't bet)
Seat 6: 3a52eaab (small blind) folded on the River


Poker Hand #HD1197823852: Hold'em No Limit  ($0.02/$0.05) - 2023/04/10 21:35:19
Table 'NLHBlue47' 6-max Seat #4 is the button
Seat 1: 442d078a ($3.07 in chips)
Seat 2: e20f3478 ($5.07 in chips)
Seat 4: 9e743b96 ($5.19 in chips)
Seat 5: Hero ($5 in chips)
Seat 6: 3a52eaab ($2 in chips)
Hero: posts small blind $0.02
3a52eaab: posts big blind $0.05
*** HOLE CARDS ***
Dealt to 442d078a 
Dealt to e20f3478 
Dealt to 9e743b96 
Dealt to Hero [5h As]
Dealt to 3a52eaab 
442d078a: raises $0.05 to $0.1
e20f3478: folds
9e743b96: raises $0.25 to $0.35
Hero: folds
3a52eaab: folds
442d078a: calls $0.25
*** FLOP *** [2s Kc 8s]
442d078a: checks
9e743b96: checks
*** TURN *** [2s Kc 8s] [9d]
442d078a: checks
9e743b96: checks
*** RIVER *** [2s Kc 8s 9d] [Ks]
442d078a: bets $0.26
9e743b96: folds
Uncalled bet ($0.26) returned to 442d078a
*** SHOWDOWN ***
442d078a collected $0.74 from pot
*** SUMMARY ***
Total pot $0.77 | Rake $0.03 | Jackpot $0 | Bingo $0 | Fortune $0
Board [2s Kc 8s 9d Ks]
Seat 1: 442d078a won ($0.74)
Seat 2: e20f3478 folded before Flop (didn't bet)
Seat 4: 9e743b96 (button) folded on the River
Seat 5: Hero (small blind) folded before Flop
Seat 6: 3a52eaab (big blind) folded before Flop


Poker Hand #HD1197823833: Hold'em No Limit  ($0.02/$0.05) - 2023/04/10 21:35:07
Table 'NLHBlue47' 6-max Seat #2 is the button
Seat 1: 442d078a ($3.07 in chips)
Seat 2: e20f3478 ($5 in chips)
Seat 4: 9e743b96 ($5.21 in chips)
Seat 5: Hero ($5 in chips)
9e743b96: posts small blind $0.02
Hero: posts big blind $0.05
*** HOLE CARDS ***
Dealt to 442d078a 
Dealt to e20f3478 
Dealt to 9e743b96 
Dealt to Hero [Jd 3s]
442d078a: folds
e20f3478: raises $0.08 to $0.13
9e743b96: folds
Hero: folds
Uncalled bet ($0.08) returned to e20f3478
*** SHOWDOWN ***
e20f3478 collected $0.12 from pot
*** SUMMARY ***
Total pot $0.12 | Rake $0 | Jackpot $0 | Bingo $0 | Fortune $0
Seat 1: 442d078a folded before Flop (didn't bet)
Seat 2: e20f3478 (button) collected ($0.12)
Seat 4: 9e743b96 (small blind) folded before Flop
Seat 5: Hero (big blind) folded before Flop


