Poker Hand #HD1200310712: Hold'em No Limit  ($0.02/$0.05) - 2023/04/12 17:29:50
Table 'NLHBlue39' 6-max Seat #1 is the button
Seat 1: b93e7334 ($15.49 in chips)
Seat 2: 3b0ec153 ($5.18 in chips)
Seat 3: 26fce065 ($5.42 in chips)
Seat 5: Hero ($5.7 in chips)
Seat 6: 768c7533 ($4.94 in chips)
3b0ec153: posts small blind $0.02
26fce065: posts big blind $0.05
*** HOLE CARDS ***
Dealt to b93e7334 
Dealt to 3b0ec153 
Dealt to 26fce065 
Dealt to Hero [Qc 3d]
Dealt to 768c7533 
Hero: folds
768c7533: raises $0.15 to $0.2
b93e7334: calls $0.2
3b0ec153: folds
26fce065: folds
*** FLOP *** [7d Th 2h]
768c7533: bets $0.16
b93e7334: calls $0.16
*** TURN *** [7d Th 2h] [6s]
768c7533: bets $0.79
b93e7334: raises $0.94 to $1.73
768c7533: raises $2.85 to $4.58 and is all-in
b93e7334: calls $2.85
768c7533: shows [Ks Ts] (Pair of Tens)
b93e7334: shows [8h 9h] (Tens-High Straight)
*** RIVER *** [7d Th 2h 6s] [As]
*** SHOWDOWN ***
b93e7334 collected $9.41 from pot
*** SUMMARY ***
Total pot $9.95 | Rake $0.49 | Jackpot $0.05 | Bingo $0 | Fortune $0
Board [7d Th 2h 6s As]
Seat 1: b93e7334 (button) showed [8h 9h] and won ($9.41) with Tens-High Straight
Seat 2: 3b0ec153 (small blind) folded before Flop
Seat 3: 26fce065 (big blind) folded before Flop
Seat 5: Hero folded before Flop (didn't bet)
Seat 6: 768c7533 showed [Ks Ts] and lost with Pair of Tens


Poker Hand #HD1200310622: Hold'em No Limit  ($0.02/$0.05) - 2023/04/12 17:29:02
Table 'NLHBlue39' 6-max Seat #6 is the button
Seat 1: b93e7334 ($15.59 in chips)
Seat 2: 3b0ec153 ($5.09 in chips)
Seat 3: 26fce065 ($5.42 in chips)
Seat 5: Hero ($5.7 in chips)
Seat 6: 768c7533 ($4.94 in chips)
b93e7334: posts small blind $0.02
3b0ec153: posts big blind $0.05
*** HOLE CARDS ***
Dealt to b93e7334 
Dealt to 3b0ec153 
Dealt to 26fce065 
Dealt to Hero [Ts 4h]
Dealt to 768c7533 
26fce065: folds
Hero: folds
768c7533: folds
b93e7334: raises $0.05 to $0.1
3b0ec153: calls $0.05
*** FLOP *** [Jd 9c 4c]
b93e7334: checks
3b0ec153: checks
*** TURN *** [Jd 9c 4c] [As]
b93e7334: checks
3b0ec153: bets $0.1
b93e7334: folds
Uncalled bet ($0.1) returned to 3b0ec153
*** SHOWDOWN ***
3b0ec153 collected $0.19 from pot
*** SUMMARY ***
Total pot $0.2 | Rake $0.01 | Jackpot $0 | Bingo $0 | Fortune $0
Board [Jd 9c 4c As]
Seat 1: b93e7334 (small blind) folded on the Turn
Seat 2: 3b0ec153 (big blind) won ($0.19)
Seat 3: 26fce065 folded before Flop (didn't bet)
Seat 5: Hero folded before Flop (didn't bet)
Seat 6: 768c7533 (button) folded before Flop (didn't bet)


Poker Hand #HD1200310597: Hold'em No Limit  ($0.02/$0.05) - 2023/04/12 17:28:51
Table 'NLHBlue39' 6-max Seat #5 is the button
Seat 1: b93e7334 ($15.64 in chips)
Seat 2: 3b0ec153 ($5.02 in chips)
Seat 3: 26fce065 ($5.42 in chips)
Seat 5: Hero ($5.7 in chips)
Seat 6: 768c7533 ($4.96 in chips)
768c7533: posts small blind $0.02
b93e7334: posts big blind $0.05
*** HOLE CARDS ***
Dealt to b93e7334 
Dealt to 3b0ec153 
Dealt to 26fce065 
Dealt to Hero [3s 6d]
Dealt to 768c7533 
3b0ec153: raises $0.1 to $0.15
26fce065: folds
Hero: folds
768c7533: folds
b93e7334: folds
Uncalled bet ($0.1) returned to 3b0ec153
*** SHOWDOWN ***
3b0ec153 collected $0.12 from pot
*** SUMMARY ***
Total pot $0.12 | Rake $0 | Jackpot $0 | Bingo $0 | Fortune $0
Seat 1: b93e7334 (big blind) folded before Flop
Seat 2: 3b0ec153 collected ($0.12)
Seat 3: 26fce065 folded before Flop (didn't bet)
Seat 5: Hero (button) folded before Flop (didn't bet)
Seat 6: 768c7533 (small blind) folded before Flop


Poker Hand #HD1200310520: Hold'em No Limit  ($0.02/$0.05) - 2023/04/12 17:28:14
Table 'NLHBlue39' 6-max Seat #3 is the button
Seat 1: b93e7334 ($15.74 in chips)
Seat 2: 3b0ec153 ($5.02 in chips)
Seat 3: 26fce065 ($5.42 in chips)
Seat 5: Hero ($5.72 in chips)
Seat 6: 768c7533 ($4.85 in chips)
Hero: posts small blind $0.02
768c7533: posts big blind $0.05
*** HOLE CARDS ***
Dealt to b93e7334 
Dealt to 3b0ec153 
Dealt to 26fce065 
Dealt to Hero [6c 9h]
Dealt to 768c7533 
b93e7334: raises $0.05 to $0.1
3b0ec153: folds
26fce065: folds
Hero: folds
768c7533: calls $0.05
*** FLOP *** [4c 8s As]
768c7533: bets $0.11
b93e7334: folds
Uncalled bet ($0.11) returned to 768c7533
*** SHOWDOWN ***
768c7533 collected $0.21 from pot
*** SUMMARY ***
Total pot $0.22 | Rake $0.01 | Jackpot $0 | Bingo $0 | Fortune $0
Board [4c 8s As]
Seat 1: b93e7334 folded on the Flop
Seat 2: 3b0ec153 folded before Flop (didn't bet)
Seat 3: 26fce065 (button) folded before Flop (didn't bet)
Seat 5: Hero (small blind) folded before Flop
Seat 6: 768c7533 (big blind) won ($0.21)


Poker Hand #HD1200310479: Hold'em No Limit  ($0.02/$0.05) - 2023/04/12 17:27:55
Table 'NLHBlue39' 6-max Seat #2 is the button
Seat 1: b93e7334 ($15.74 in chips)
Seat 2: 3b0ec153 ($5.02 in chips)
Seat 3: 26fce065 ($5.44 in chips)
Seat 5: Hero ($5.77 in chips)
Seat 6: 768c7533 ($4.78 in chips)
26fce065: posts small blind $0.02
Hero: posts big blind $0.05
*** HOLE CARDS ***
Dealt to b93e7334 
Dealt to 3b0ec153 
Dealt to 26fce065 
Dealt to Hero [7c 5h]
Dealt to 768c7533 
768c7533: raises $0.1 to $0.15
b93e7334: folds
3b0ec153: folds
26fce065: folds
Hero: folds
Uncalled bet ($0.1) returned to 768c7533
*** SHOWDOWN ***
768c7533 collected $0.12 from pot
*** SUMMARY ***
Total pot $0.12 | Rake $0 | Jackpot $0 | Bingo $0 | Fortune $0
Seat 1: b93e7334 folded before Flop (didn't bet)
Seat 2: 3b0ec153 (button) folded before Flop (didn't bet)
Seat 3: 26fce065 (small blind) folded before Flop
Seat 5: Hero (big blind) folded before Flop
Seat 6: 768c7533 collected ($0.12)


Poker Hand #HD1200310443: Hold'em No Limit  ($0.02/$0.05) - 2023/04/12 17:27:38
Table 'NLHBlue39' 6-max Seat #1 is the button
Seat 1: b93e7334 ($15.74 in chips)
Seat 2: 3b0ec153 ($5.04 in chips)
Seat 3: 26fce065 ($5.42 in chips)
Seat 5: Hero ($5.77 in chips)
Seat 6: 768c7533 ($4.78 in chips)
3b0ec153: posts small blind $0.02
26fce065: posts big blind $0.05
*** HOLE CARDS ***
Dealt to b93e7334 
Dealt to 3b0ec153 
Dealt to 26fce065 
Dealt to Hero [Ks 3s]
Dealt to 768c7533 
Hero: folds
768c7533: folds
b93e7334: folds
3b0ec153: folds
Uncalled bet ($0.03) returned to 26fce065
*** SHOWDOWN ***
26fce065 collected $0.04 from pot
*** SUMMARY ***
Total pot $0.04 | Rake $0 | Jackpot $0 | Bingo $0 | Fortune $0
Seat 1: b93e7334 (button) folded before Flop (didn't bet)
Seat 2: 3b0ec153 (small blind) folded before Flop
Seat 3: 26fce065 (big blind) collected ($0.04)
Seat 5: Hero folded before Flop (didn't bet)
Seat 6: 768c7533 folded before Flop (didn't bet)


Poker Hand #HD1200310414: Hold'em No Limit  ($0.02/$0.05) - 2023/04/12 17:27:20
Table 'NLHBlue39' 6-max Seat #6 is the button
Seat 1: b93e7334 ($15.76 in chips)
Seat 2: 3b0ec153 ($5.09 in chips)
Seat 3: 26fce065 ($5.42 in chips)
Seat 5: Hero ($5.77 in chips)
Seat 6: 768c7533 ($4.71 in chips)
b93e7334: posts small blind $0.02
3b0ec153: posts big blind $0.05
*** HOLE CARDS ***
Dealt to b93e7334 
Dealt to 3b0ec153 
Dealt to 26fce065 
Dealt to Hero [8d Kh]
Dealt to 768c7533 
26fce065: folds
Hero: folds
768c7533: raises $0.05 to $0.1
b93e7334: folds
3b0ec153: folds
Uncalled bet ($0.05) returned to 768c7533
*** SHOWDOWN ***
768c7533 collected $0.12 from pot
*** SUMMARY ***
Total pot $0.12 | Rake $0 | Jackpot $0 | Bingo $0 | Fortune $0
Seat 1: b93e7334 (small blind) folded before Flop
Seat 2: 3b0ec153 (big blind) folded before Flop
Seat 3: 26fce065 folded before Flop (didn't bet)
Seat 5: Hero folded before Flop (didn't bet)
Seat 6: 768c7533 (button) collected ($0.12)


Poker Hand #HD1200310328: Hold'em No Limit  ($0.02/$0.05) - 2023/04/12 17:26:40
Table 'NLHBlue39' 6-max Seat #5 is the button
Seat 1: b93e7334 ($15.81 in chips)
Seat 2: 3b0ec153 ($5.09 in chips)
Seat 3: 26fce065 ($5.42 in chips)
Seat 4: 13c5622d ($4.4 in chips)
Seat 5: Hero ($5.35 in chips)
Seat 6: 768c7533 ($5.12 in chips)
768c7533: posts small blind $0.02
b93e7334: posts big blind $0.05
*** HOLE CARDS ***
Dealt to b93e7334 
Dealt to 3b0ec153 
Dealt to 26fce065 
Dealt to 13c5622d 
Dealt to Hero [Ad Qh]
Dealt to 768c7533 
3b0ec153: folds
26fce065: folds
13c5622d: folds
Hero: raises $0.07 to $0.12
768c7533: calls $0.1
b93e7334: folds
*** FLOP *** [6s Td Qs]
768c7533: bets $0.29
Hero: raises $0.49 to $0.78
768c7533: folds
Uncalled bet ($0.49) returned to Hero
*** SHOWDOWN ***
Hero collected $0.83 from pot
*** SUMMARY ***
Total pot $0.87 | Rake $0.04 | Jackpot $0 | Bingo $0 | Fortune $0
Board [6s Td Qs]
Seat 1: b93e7334 (big blind) folded before Flop
Seat 2: 3b0ec153 folded before Flop (didn't bet)
Seat 3: 26fce065 folded before Flop (didn't bet)
Seat 4: 13c5622d folded before Flop (didn't bet)
Seat 5: Hero (button) won ($0.83)
Seat 6: 768c7533 (small blind) folded on the Flop


Poker Hand #HD1200310221: Hold'em No Limit  ($0.02/$0.05) - 2023/04/12 17:25:41
Table 'NLHBlue39' 6-max Seat #4 is the button
Seat 1: b93e7334 ($15.81 in chips)
Seat 2: 3b0ec153 ($5.09 in chips)
Seat 3: 26fce065 ($5.42 in chips)
Seat 4: 13c5622d ($4.66 in chips)
Seat 5: Hero ($5.37 in chips)
Seat 6: 768c7533 ($4.86 in chips)
Hero: posts small blind $0.02
768c7533: posts big blind $0.05
*** HOLE CARDS ***
Dealt to b93e7334 
Dealt to 3b0ec153 
Dealt to 26fce065 
Dealt to 13c5622d 
Dealt to Hero [Qd 6h]
Dealt to 768c7533 
b93e7334: folds
3b0ec153: folds
26fce065: folds
13c5622d: calls $0.05
Hero: folds
768c7533: raises $0.1 to $0.15
13c5622d: calls $0.1
*** FLOP *** [Js 9c 6c]
768c7533: bets $0.11
13c5622d: calls $0.11
*** TURN *** [Js 9c 6c] [4s]
768c7533: bets $0.41
13c5622d: folds
Uncalled bet ($0.41) returned to 768c7533
*** SHOWDOWN ***
768c7533 collected $0.52 from pot
*** SUMMARY ***
Total pot $0.54 | Rake $0.02 | Jackpot $0 | Bingo $0 | Fortune $0
Board [Js 9c 6c 4s]
Seat 1: b93e7334 folded before Flop (didn't bet)
Seat 2: 3b0ec153 folded before Flop (didn't bet)
Seat 3: 26fce065 folded before Flop (didn't bet)
Seat 4: 13c5622d (button) folded on the Turn
Seat 5: Hero (small blind) folded before Flop
Seat 6: 768c7533 (big blind) won ($0.52)


Poker Hand #HD1200310190: Hold'em No Limit  ($0.02/$0.05) - 2023/04/12 17:25:24
Table 'NLHBlue39' 6-max Seat #3 is the button
Seat 1: b93e7334 ($15.74 in chips)
Seat 2: 3b0ec153 ($5.09 in chips)
Seat 3: 26fce065 ($5.42 in chips)
Seat 4: 13c5622d ($4.68 in chips)
Seat 5: Hero ($5.42 in chips)
Seat 6: 768c7533 ($4.86 in chips)
13c5622d: posts small blind $0.02
Hero: posts big blind $0.05
*** HOLE CARDS ***
Dealt to b93e7334 
Dealt to 3b0ec153 
Dealt to 26fce065 
Dealt to 13c5622d 
Dealt to Hero [9d 2c]
Dealt to 768c7533 
768c7533: folds
b93e7334: raises $0.05 to $0.1
3b0ec153: folds
26fce065: folds
13c5622d: folds
Hero: folds
Uncalled bet ($0.05) returned to b93e7334
*** SHOWDOWN ***
b93e7334 collected $0.12 from pot
*** SUMMARY ***
Total pot $0.12 | Rake $0 | Jackpot $0 | Bingo $0 | Fortune $0
Seat 1: b93e7334 collected ($0.12)
Seat 2: 3b0ec153 folded before Flop (didn't bet)
Seat 3: 26fce065 (button) folded before Flop (didn't bet)
Seat 4: 13c5622d (small blind) folded before Flop
Seat 5: Hero (big blind) folded before Flop
Seat 6: 768c7533 folded before Flop (didn't bet)


Poker Hand #HD1200310073: Hold'em No Limit  ($0.02/$0.05) - 2023/04/12 17:24:24
Table 'NLHBlue39' 6-max Seat #2 is the button
Seat 1: b93e7334 ($15.74 in chips)
Seat 2: 3b0ec153 ($5.09 in chips)
Seat 3: 26fce065 ($5.44 in chips)
Seat 4: 13c5622d ($4.98 in chips)
Seat 5: Hero ($5.42 in chips)
Seat 6: 768c7533 ($4.57 in chips)
26fce065: posts small blind $0.02
13c5622d: posts big blind $0.05
*** HOLE CARDS ***
Dealt to b93e7334 
Dealt to 3b0ec153 
Dealt to 26fce065 
Dealt to 13c5622d 
Dealt to Hero [9h 4h]
Dealt to 768c7533 
Hero: folds
768c7533: raises $0.05 to $0.1
b93e7334: folds
3b0ec153: folds
26fce065: folds
13c5622d: raises $0.2 to $0.3
768c7533: calls $0.2
*** FLOP *** [8h 4s Jd]
13c5622d: checks
768c7533: bets $0.62
13c5622d: folds
Uncalled bet ($0.62) returned to 768c7533
*** SHOWDOWN ***
768c7533 collected $0.59 from pot
*** SUMMARY ***
Total pot $0.62 | Rake $0.03 | Jackpot $0 | Bingo $0 | Fortune $0
Board [8h 4s Jd]
Seat 1: b93e7334 folded before Flop (didn't bet)
Seat 2: 3b0ec153 (button) folded before Flop (didn't bet)
Seat 3: 26fce065 (small blind) folded before Flop
Seat 4: 13c5622d (big blind) folded on the Flop
Seat 5: Hero folded before Flop (didn't bet)
Seat 6: 768c7533 won ($0.59)


Poker Hand #HD1200309943: Hold'em No Limit  ($0.02/$0.05) - 2023/04/12 17:23:17
Table 'NLHBlue39' 6-max Seat #1 is the button
Seat 1: b93e7334 ($15.74 in chips)
Seat 2: 3b0ec153 ($5.11 in chips)
Seat 3: 26fce065 ($5.88 in chips)
Seat 4: 13c5622d ($4.56 in chips)
Seat 5: Hero ($5.42 in chips)
Seat 6: 768c7533 ($4.57 in chips)
3b0ec153: posts small blind $0.02
26fce065: posts big blind $0.05
*** HOLE CARDS ***
Dealt to b93e7334 
Dealt to 3b0ec153 
Dealt to 26fce065 
Dealt to 13c5622d 
Dealt to Hero [9c 2s]
Dealt to 768c7533 
13c5622d: calls $0.05
Hero: folds
768c7533: folds
b93e7334: folds
3b0ec153: folds
26fce065: checks
*** FLOP *** [7d Td 8s]
26fce065: checks
13c5622d: bets $0.12
26fce065: calls $0.12
*** TURN *** [7d Td 8s] [Ts]
26fce065: checks
13c5622d: bets $0.27
26fce065: calls $0.27
*** RIVER *** [7d Td 8s Ts] [Qs]
26fce065: checks
13c5622d: checks
26fce065: shows [9s 7h] (Pair of Tens and Pair of Sevens)
13c5622d: shows [Qd 6d] (Pair of Queens and Pair of Tens)
*** SHOWDOWN ***
13c5622d collected $0.86 from pot
*** SUMMARY ***
Total pot $0.9 | Rake $0.04 | Jackpot $0 | Bingo $0 | Fortune $0
Board [7d Td 8s Ts Qs]
Seat 1: b93e7334 (button) folded before Flop (didn't bet)
Seat 2: 3b0ec153 (small blind) folded before Flop
Seat 3: 26fce065 (big blind) showed [9s 7h] and lost with Pair of Tens and Pair of Sevens
Seat 4: 13c5622d showed [Qd 6d] and won ($0.86) with Pair of Queens and Pair of Tens
Seat 5: Hero folded before Flop (didn't bet)
Seat 6: 768c7533 folded before Flop (didn't bet)


Poker Hand #HD1200309899: Hold'em No Limit  ($0.02/$0.05) - 2023/04/12 17:22:50
Table 'NLHBlue39' 6-max Seat #6 is the button
Seat 1: b93e7334 ($15.84 in chips)
Seat 2: 3b0ec153 ($5.16 in chips)
Seat 3: 26fce065 ($5.88 in chips)
Seat 4: 13c5622d ($4.42 in chips)
Seat 5: Hero ($5.42 in chips)
Seat 6: 768c7533 ($4.57 in chips)
b93e7334: posts small blind $0.02
3b0ec153: posts big blind $0.05
*** HOLE CARDS ***
Dealt to b93e7334 
Dealt to 3b0ec153 
Dealt to 26fce065 
Dealt to 13c5622d 
Dealt to Hero [5c 2c]
Dealt to 768c7533 
26fce065: folds
13c5622d: raises $0.05 to $0.1
Hero: folds
768c7533: folds
b93e7334: calls $0.08
3b0ec153: folds
*** FLOP *** [Kc 7d 9s]
b93e7334: checks
13c5622d: bets $0.09
b93e7334: folds
Uncalled bet ($0.09) returned to 13c5622d
*** SHOWDOWN ***
13c5622d collected $0.24 from pot
*** SUMMARY ***
Total pot $0.25 | Rake $0.01 | Jackpot $0 | Bingo $0 | Fortune $0
Board [Kc 7d 9s]
Seat 1: b93e7334 (small blind) folded on the Flop
Seat 2: 3b0ec153 (big blind) folded before Flop
Seat 3: 26fce065 folded before Flop (didn't bet)
Seat 4: 13c5622d won ($0.24)
Seat 5: Hero folded before Flop (didn't bet)
Seat 6: 768c7533 (button) folded before Flop (didn't bet)


Poker Hand #HD1200309795: Hold'em No Limit  ($0.02/$0.05) - 2023/04/12 17:21:59
Table 'NLHBlue39' 6-max Seat #5 is the button
Seat 1: b93e7334 ($15.99 in chips)
Seat 2: 3b0ec153 ($5 in chips)
Seat 3: 26fce065 ($5.88 in chips)
Seat 4: 13c5622d ($4.42 in chips)
Seat 5: Hero ($5.42 in chips)
Seat 6: 768c7533 ($4.59 in chips)
768c7533: posts small blind $0.02
b93e7334: posts big blind $0.05
*** HOLE CARDS ***
Dealt to b93e7334 
Dealt to 3b0ec153 
Dealt to 26fce065 
Dealt to 13c5622d 
Dealt to Hero [6h 8s]
Dealt to 768c7533 
3b0ec153: raises $0.1 to $0.15
26fce065: folds
13c5622d: folds
Hero: folds
768c7533: folds
b93e7334: calls $0.1
*** FLOP *** [3d 4s 7h]
b93e7334: checks
3b0ec153: checks
*** TURN *** [3d 4s 7h] [Jh]
b93e7334: checks
3b0ec153: bets $0.16
b93e7334: folds
Uncalled bet ($0.16) returned to 3b0ec153
*** SHOWDOWN ***
3b0ec153 collected $0.31 from pot
*** SUMMARY ***
Total pot $0.32 | Rake $0.01 | Jackpot $0 | Bingo $0 | Fortune $0
Board [3d 4s 7h Jh]
Seat 1: b93e7334 (big blind) folded on the Turn
Seat 2: 3b0ec153 won ($0.31)
Seat 3: 26fce065 folded before Flop (didn't bet)
Seat 4: 13c5622d folded before Flop (didn't bet)
Seat 5: Hero (button) folded before Flop (didn't bet)
Seat 6: 768c7533 (small blind) folded before Flop


Poker Hand #HD1200309758: Hold'em No Limit  ($0.02/$0.05) - 2023/04/12 17:21:41
Table 'NLHBlue39' 6-max Seat #4 is the button
Seat 1: b93e7334 ($15.99 in chips)
Seat 2: 3b0ec153 ($5 in chips)
Seat 3: 26fce065 ($5.88 in chips)
Seat 4: 13c5622d ($4.35 in chips)
Seat 5: Hero ($5.44 in chips)
Seat 6: 768c7533 ($4.64 in chips)
Hero: posts small blind $0.02
768c7533: posts big blind $0.05
*** HOLE CARDS ***
Dealt to b93e7334 
Dealt to 3b0ec153 
Dealt to 26fce065 
Dealt to 13c5622d 
Dealt to Hero [Td 9h]
Dealt to 768c7533 
b93e7334: folds
3b0ec153: folds
26fce065: folds
13c5622d: raises $0.1 to $0.15
Hero: folds
768c7533: folds
Uncalled bet ($0.1) returned to 13c5622d
*** SHOWDOWN ***
13c5622d collected $0.12 from pot
*** SUMMARY ***
Total pot $0.12 | Rake $0 | Jackpot $0 | Bingo $0 | Fortune $0
Seat 1: b93e7334 folded before Flop (didn't bet)
Seat 2: 3b0ec153 folded before Flop (didn't bet)
Seat 3: 26fce065 folded before Flop (didn't bet)
Seat 4: 13c5622d (button) collected ($0.12)
Seat 5: Hero (small blind) folded before Flop
Seat 6: 768c7533 (big blind) folded before Flop


Poker Hand #HD1200309682: Hold'em No Limit  ($0.02/$0.05) - 2023/04/12 17:21:04
Table 'NLHBlue39' 6-max Seat #3 is the button
Seat 1: b93e7334 ($15.99 in chips)
Seat 2: 3b0ec153 ($5 in chips)
Seat 3: 26fce065 ($6.03 in chips)
Seat 4: 13c5622d ($4.16 in chips)
Seat 5: Hero ($5.49 in chips)
Seat 6: 768c7533 ($4.64 in chips)
13c5622d: posts small blind $0.02
Hero: posts big blind $0.05
*** HOLE CARDS ***
Dealt to b93e7334 
Dealt to 3b0ec153 
Dealt to 26fce065 
Dealt to 13c5622d 
Dealt to Hero [8s 4c]
Dealt to 768c7533 
768c7533: folds
b93e7334: folds
3b0ec153: folds
26fce065: raises $0.1 to $0.15
13c5622d: calls $0.13
Hero: folds
*** FLOP *** [Jd Qh 4s]
13c5622d: bets $0.27
26fce065: folds
Uncalled bet ($0.27) returned to 13c5622d
*** SHOWDOWN ***
13c5622d collected $0.34 from pot
*** SUMMARY ***
Total pot $0.35 | Rake $0.01 | Jackpot $0 | Bingo $0 | Fortune $0
Board [Jd Qh 4s]
Seat 1: b93e7334 folded before Flop (didn't bet)
Seat 2: 3b0ec153 folded before Flop (didn't bet)
Seat 3: 26fce065 (button) folded on the Flop
Seat 4: 13c5622d (small blind) won ($0.34)
Seat 5: Hero (big blind) folded before Flop
Seat 6: 768c7533 folded before Flop (didn't bet)


Poker Hand #HD1200309662: Hold'em No Limit  ($0.02/$0.05) - 2023/04/12 17:20:53
Table 'NLHBlue39' 6-max Seat #2 is the button
Seat 1: b93e7334 ($15.99 in chips)
Seat 2: 3b0ec153 ($5 in chips)
Seat 3: 26fce065 ($5.98 in chips)
Seat 4: 13c5622d ($4.21 in chips)
Seat 5: Hero ($5.49 in chips)
Seat 6: 768c7533 ($4.64 in chips)
26fce065: posts small blind $0.02
13c5622d: posts big blind $0.05
*** HOLE CARDS ***
Dealt to b93e7334 
Dealt to 3b0ec153 
Dealt to 26fce065 
Dealt to 13c5622d 
Dealt to Hero [7c 9h]
Dealt to 768c7533 
Hero: folds
768c7533: folds
b93e7334: folds
3b0ec153: folds
26fce065: raises $0.1 to $0.15
13c5622d: folds
Uncalled bet ($0.1) returned to 26fce065
*** SHOWDOWN ***
26fce065 collected $0.1 from pot
*** SUMMARY ***
Total pot $0.1 | Rake $0 | Jackpot $0 | Bingo $0 | Fortune $0
Seat 1: b93e7334 folded before Flop (didn't bet)
Seat 2: 3b0ec153 (button) folded before Flop (didn't bet)
Seat 3: 26fce065 (small blind) collected ($0.1)
Seat 4: 13c5622d (big blind) folded before Flop
Seat 5: Hero folded before Flop (didn't bet)
Seat 6: 768c7533 folded before Flop (didn't bet)


Poker Hand #HD1200309578: Hold'em No Limit  ($0.02/$0.05) - 2023/04/12 17:20:11
Table 'NLHBlue39' 6-max Seat #1 is the button
Seat 1: b93e7334 ($15.99 in chips)
Seat 2: 3b0ec153 ($5.02 in chips)
Seat 3: 26fce065 ($6.03 in chips)
Seat 4: 13c5622d ($3.95 in chips)
Seat 5: Hero ($5.49 in chips)
Seat 6: 768c7533 ($4.64 in chips)
3b0ec153: posts small blind $0.02
26fce065: posts big blind $0.05
*** HOLE CARDS ***
Dealt to b93e7334 
Dealt to 3b0ec153 
Dealt to 26fce065 
Dealt to 13c5622d 
Dealt to Hero [Tc 9d]
Dealt to 768c7533 
13c5622d: raises $0.05 to $0.1
Hero: folds
768c7533: folds
b93e7334: folds
3b0ec153: calls $0.08
26fce065: folds
*** FLOP *** [Ac 5s 5h]
3b0ec153: checks
13c5622d: checks
*** TURN *** [Ac 5s 5h] [Qc]
3b0ec153: bets $0.13
13c5622d: calls $0.13
*** RIVER *** [Ac 5s 5h Qc] [2c]
3b0ec153: checks
13c5622d: checks
3b0ec153: shows [Jh Th] (Pair of Fives)
13c5622d: shows [Kc Qh] (Pair of Queens and Pair of Fives)
*** SHOWDOWN ***
13c5622d collected $0.49 from pot
*** SUMMARY ***
Total pot $0.51 | Rake $0.02 | Jackpot $0 | Bingo $0 | Fortune $0
Board [Ac 5s 5h Qc 2c]
Seat 1: b93e7334 (button) folded before Flop (didn't bet)
Seat 2: 3b0ec153 (small blind) showed [Jh Th] and lost with Pair of Fives
Seat 3: 26fce065 (big blind) folded before Flop
Seat 4: 13c5622d showed [Kc Qh] and won ($0.49) with Pair of Queens and Pair of Fives
Seat 5: Hero folded before Flop (didn't bet)
Seat 6: 768c7533 folded before Flop (didn't bet)


Poker Hand #HD1200309540: Hold'em No Limit  ($0.02/$0.05) - 2023/04/12 17:19:54
Table 'NLHBlue39' 6-max Seat #6 is the button
Seat 1: b93e7334 ($16.01 in chips)
Seat 2: 3b0ec153 ($5.07 in chips)
Seat 3: 26fce065 ($5.96 in chips)
Seat 4: 13c5622d ($3.95 in chips)
Seat 5: Hero ($5.49 in chips)
Seat 6: 768c7533 ($4.64 in chips)
b93e7334: posts small blind $0.02
3b0ec153: posts big blind $0.05
*** HOLE CARDS ***
Dealt to b93e7334 
Dealt to 3b0ec153 
Dealt to 26fce065 
Dealt to 13c5622d 
Dealt to Hero [6s 7c]
Dealt to 768c7533 
26fce065: raises $0.1 to $0.15
13c5622d: folds
Hero: folds
768c7533: folds
b93e7334: folds
3b0ec153: folds
Uncalled bet ($0.1) returned to 26fce065
*** SHOWDOWN ***
26fce065 collected $0.12 from pot
*** SUMMARY ***
Total pot $0.12 | Rake $0 | Jackpot $0 | Bingo $0 | Fortune $0
Seat 1: b93e7334 (small blind) folded before Flop
Seat 2: 3b0ec153 (big blind) folded before Flop
Seat 3: 26fce065 collected ($0.12)
Seat 4: 13c5622d folded before Flop (didn't bet)
Seat 5: Hero folded before Flop (didn't bet)
Seat 6: 768c7533 (button) folded before Flop (didn't bet)


Poker Hand #HD1200309455: Hold'em No Limit  ($0.02/$0.05) - 2023/04/12 17:19:06
Table 'NLHBlue39' 6-max Seat #5 is the button
Seat 1: b93e7334 ($16.27 in chips)
Seat 2: 3b0ec153 ($5.07 in chips)
Seat 3: 26fce065 ($5.96 in chips)
Seat 4: 13c5622d ($3.95 in chips)
Seat 5: Hero ($5.76 in chips)
Seat 6: 768c7533 ($4.66 in chips)
768c7533: posts small blind $0.02
b93e7334: posts big blind $0.05
*** HOLE CARDS ***
Dealt to b93e7334 
Dealt to 3b0ec153 
Dealt to 26fce065 
Dealt to 13c5622d 
Dealt to Hero [As Ks]
Dealt to 768c7533 
3b0ec153: folds
26fce065: folds
13c5622d: folds
Hero: raises $0.07 to $0.12
768c7533: folds
b93e7334: raises $0.41 to $0.53
Hero: raises $0.87 to $1.4
b93e7334: raises $14.6 to $16
Hero: calls $4.36 and is all-in
Uncalled bet ($10.24) returned to b93e7334
b93e7334: shows [Jd Jh]
Hero: shows [As Ks]
*** FIRST FLOP *** [9h 8h 3s]
*** FIRST TURN *** [9h 8h 3s] [8d]
*** FIRST RIVER *** [9h 8h 3s 8d] [5h]
*** SECOND FLOP *** [2h Kd 6h]
*** SECOND TURN *** [2h Kd 6h] [4h]
*** SECOND RIVER *** [2h Kd 6h 4h] [Ac]
*** FIRST SHOWDOWN ***
b93e7334 collected $5.5 from pot
*** SECOND SHOWDOWN ***
Hero collected $5.49 from pot
*** SUMMARY ***
Total pot $11.54 | Rake $0.5 | Jackpot $0.05 | Bingo $0 | Fortune $0
Hand was run two times
FIRST Board [9h 8h 3s 8d 5h]
SECOND Board [2h Kd 6h 4h Ac]
Seat 1: b93e7334 (big blind) showed [Jd Jh] and won ($5.5) with Pair of Jacks and Pair of Eights, and lost with Pair of Jacks
Seat 2: 3b0ec153 folded before Flop (didn't bet)
Seat 3: 26fce065 folded before Flop (didn't bet)
Seat 4: 13c5622d folded before Flop (didn't bet)
Seat 5: Hero (button) showed [As Ks] and lost with Pair of Eights, and won ($5.49) with Pair of Aces and Pair of Kings
Seat 6: 768c7533 (small blind) folded before Flop


Poker Hand #HD1200309393: Hold'em No Limit  ($0.02/$0.05) - 2023/04/12 17:18:42
Table 'NLHBlue39' 6-max Seat #4 is the button
Seat 1: b93e7334 ($16.27 in chips)
Seat 2: 3b0ec153 ($5.07 in chips)
Seat 3: 26fce065 ($5.96 in chips)
Seat 4: 13c5622d ($3.95 in chips)
Seat 5: Hero ($5.63 in chips)
Seat 6: 768c7533 ($4.8 in chips)
Hero: posts small blind $0.02
768c7533: posts big blind $0.05
*** HOLE CARDS ***
Dealt to b93e7334 
Dealt to 3b0ec153 
Dealt to 26fce065 
Dealt to 13c5622d 
Dealt to Hero [Qh Th]
Dealt to 768c7533 
b93e7334: folds
3b0ec153: folds
26fce065: folds
13c5622d: folds
Hero: raises $0.09 to $0.14
768c7533: calls $0.09
*** FLOP *** [Qc Jc Jd]
Hero: bets $0.11
768c7533: folds
Uncalled bet ($0.11) returned to Hero
*** SHOWDOWN ***
Hero collected $0.27 from pot
*** SUMMARY ***
Total pot $0.28 | Rake $0.01 | Jackpot $0 | Bingo $0 | Fortune $0
Board [Qc Jc Jd]
Seat 1: b93e7334 folded before Flop (didn't bet)
Seat 2: 3b0ec153 folded before Flop (didn't bet)
Seat 3: 26fce065 folded before Flop (didn't bet)
Seat 4: 13c5622d (button) folded before Flop (didn't bet)
Seat 5: Hero (small blind) won ($0.27)
Seat 6: 768c7533 (big blind) folded on the Flop


Poker Hand #HD1200309375: Hold'em No Limit  ($0.02/$0.05) - 2023/04/12 17:18:30
Table 'NLHBlue39' 6-max Seat #3 is the button
Seat 1: b93e7334 ($16.27 in chips)
Seat 2: 3b0ec153 ($5.07 in chips)
Seat 3: 26fce065 ($5.96 in chips)
Seat 4: 13c5622d ($3.97 in chips)
Seat 5: Hero ($5.61 in chips)
Seat 6: 768c7533 ($4.8 in chips)
13c5622d: posts small blind $0.02
Hero: posts big blind $0.05
*** HOLE CARDS ***
Dealt to b93e7334 
Dealt to 3b0ec153 
Dealt to 26fce065 
Dealt to 13c5622d 
Dealt to Hero [Ts 8d]
Dealt to 768c7533 
768c7533: folds
b93e7334: folds
3b0ec153: folds
26fce065: folds
13c5622d: folds
Uncalled bet ($0.03) returned to Hero
*** SHOWDOWN ***
Hero collected $0.04 from pot
*** SUMMARY ***
Total pot $0.04 | Rake $0 | Jackpot $0 | Bingo $0 | Fortune $0
Seat 1: b93e7334 folded before Flop (didn't bet)
Seat 2: 3b0ec153 folded before Flop (didn't bet)
Seat 3: 26fce065 (button) folded before Flop (didn't bet)
Seat 4: 13c5622d (small blind) folded before Flop
Seat 5: Hero (big blind) collected ($0.04)
Seat 6: 768c7533 folded before Flop (didn't bet)


Poker Hand #HD1200309197: Hold'em No Limit  ($0.02/$0.05) - 2023/04/12 17:17:10
Table 'NLHBlue39' 6-max Seat #2 is the button
Seat 1: b93e7334 ($16.87 in chips)
Seat 2: 3b0ec153 ($5.07 in chips)
Seat 3: 26fce065 ($5.98 in chips)
Seat 4: 13c5622d ($4.02 in chips)
Seat 5: Hero ($5 in chips)
Seat 6: 768c7533 ($4.8 in chips)
26fce065: posts small blind $0.02
13c5622d: posts big blind $0.05
*** HOLE CARDS ***
Dealt to b93e7334 
Dealt to 3b0ec153 
Dealt to 26fce065 
Dealt to 13c5622d 
Dealt to Hero [Kh Ks]
Dealt to 768c7533 
Hero: raises $0.07 to $0.12
768c7533: folds
b93e7334: calls $0.12
3b0ec153: folds
26fce065: folds
13c5622d: folds
*** FLOP *** [7s Tc Ad]
Hero: bets $0.14
b93e7334: calls $0.14
*** TURN *** [7s Tc Ad] [6h]
Hero: bets $0.34
b93e7334: calls $0.34
*** RIVER *** [7s Tc Ad 6h] [5h]
Hero: checks
b93e7334: checks
Hero: shows [Kh Ks] (Pair of Kings)
b93e7334: shows [Qd Td] (Pair of Tens)
*** SHOWDOWN ***
Hero collected $1.21 from pot
*** SUMMARY ***
Total pot $1.27 | Rake $0.06 | Jackpot $0 | Bingo $0 | Fortune $0
Board [7s Tc Ad 6h 5h]
Seat 1: b93e7334 showed [Qd Td] and lost with Pair of Tens
Seat 2: 3b0ec153 (button) folded before Flop (didn't bet)
Seat 3: 26fce065 (small blind) folded before Flop
Seat 4: 13c5622d (big blind) folded before Flop
Seat 5: Hero showed [Kh Ks] and won ($1.21) with Pair of Kings
Seat 6: 768c7533 folded before Flop (didn't bet)


Poker Hand #HD1200309175: Hold'em No Limit  ($0.02/$0.05) - 2023/04/12 17:16:54
Table 'NLHBlue39' 6-max Seat #1 is the button
Seat 1: b93e7334 ($16.87 in chips)
Seat 2: 3b0ec153 ($5.09 in chips)
Seat 3: 26fce065 ($5.96 in chips)
Seat 4: 13c5622d ($4.02 in chips)
Seat 5: Hero ($5 in chips)
Seat 6: 768c7533 ($4.8 in chips)
3b0ec153: posts small blind $0.02
26fce065: posts big blind $0.05
*** HOLE CARDS ***
Dealt to b93e7334 
Dealt to 3b0ec153 
Dealt to 26fce065 
Dealt to 13c5622d 
Dealt to Hero [9h Kd]
Dealt to 768c7533 
13c5622d: folds
Hero: folds
768c7533: folds
b93e7334: folds
3b0ec153: folds
Uncalled bet ($0.03) returned to 26fce065
*** SHOWDOWN ***
26fce065 collected $0.04 from pot
*** SUMMARY ***
Total pot $0.04 | Rake $0 | Jackpot $0 | Bingo $0 | Fortune $0
Seat 1: b93e7334 (button) folded before Flop (didn't bet)
Seat 2: 3b0ec153 (small blind) folded before Flop
Seat 3: 26fce065 (big blind) collected ($0.04)
Seat 4: 13c5622d folded before Flop (didn't bet)
Seat 5: Hero folded before Flop (didn't bet)
Seat 6: 768c7533 folded before Flop (didn't bet)


Poker Hand #HD1200309102: Hold'em No Limit  ($0.02/$0.05) - 2023/04/12 17:16:19
Table 'NLHBlue39' 6-max Seat #6 is the button
Seat 1: b93e7334 ($16.89 in chips)
Seat 2: 3b0ec153 ($5.14 in chips)
Seat 3: 26fce065 ($5.96 in chips)
Seat 4: 13c5622d ($4.26 in chips)
Seat 5: Hero ($5 in chips)
Seat 6: 768c7533 ($4.51 in chips)
b93e7334: posts small blind $0.02
3b0ec153: posts big blind $0.05
*** HOLE CARDS ***
Dealt to b93e7334 
Dealt to 3b0ec153 
Dealt to 26fce065 
Dealt to 13c5622d 
Dealt to Hero [Ks 3d]
Dealt to 768c7533 
26fce065: folds
13c5622d: raises $0.05 to $0.1
Hero: folds
768c7533: raises $0.14 to $0.24
b93e7334: folds
3b0ec153: folds
13c5622d: calls $0.14
*** FLOP *** [Ad 2s 3c]
13c5622d: checks
768c7533: bets $0.28
13c5622d: folds
Uncalled bet ($0.28) returned to 768c7533
*** SHOWDOWN ***
768c7533 collected $0.53 from pot
*** SUMMARY ***
Total pot $0.55 | Rake $0.02 | Jackpot $0 | Bingo $0 | Fortune $0
Board [Ad 2s 3c]
Seat 1: b93e7334 (small blind) folded before Flop
Seat 2: 3b0ec153 (big blind) folded before Flop
Seat 3: 26fce065 folded before Flop (didn't bet)
Seat 4: 13c5622d folded on the Flop
Seat 5: Hero folded before Flop (didn't bet)
Seat 6: 768c7533 (button) won ($0.53)


Poker Hand #HD1200309025: Hold'em No Limit  ($0.02/$0.05) - 2023/04/12 17:15:34
Table 'NLHBlue39' 6-max Seat #5 is the button
Seat 1: b93e7334 ($16.94 in chips)
Seat 2: 3b0ec153 ($5.14 in chips)
Seat 3: 26fce065 ($5.96 in chips)
Seat 4: 13c5622d ($4.41 in chips)
Seat 5: Hero ($5 in chips)
Seat 6: 768c7533 ($4.32 in chips)
768c7533: posts small blind $0.02
b93e7334: posts big blind $0.05
*** HOLE CARDS ***
Dealt to b93e7334 
Dealt to 3b0ec153 
Dealt to 26fce065 
Dealt to 13c5622d 
Dealt to Hero [6s 9d]
Dealt to 768c7533 
3b0ec153: folds
26fce065: folds
13c5622d: raises $0.1 to $0.15
Hero: folds
768c7533: calls $0.13
b93e7334: folds
*** FLOP *** [4s Ks 5s]
768c7533: bets $0.12
13c5622d: folds
Uncalled bet ($0.12) returned to 768c7533
*** SHOWDOWN ***
768c7533 collected $0.34 from pot
*** SUMMARY ***
Total pot $0.35 | Rake $0.01 | Jackpot $0 | Bingo $0 | Fortune $0
Board [4s Ks 5s]
Seat 1: b93e7334 (big blind) folded before Flop
Seat 2: 3b0ec153 folded before Flop (didn't bet)
Seat 3: 26fce065 folded before Flop (didn't bet)
Seat 4: 13c5622d folded on the Flop
Seat 5: Hero (button) folded before Flop (didn't bet)
Seat 6: 768c7533 (small blind) won ($0.34)


Poker Hand #HD1200308985: Hold'em No Limit  ($0.02/$0.05) - 2023/04/12 17:15:15
Table 'NLHBlue39' 6-max Seat #4 is the button
Seat 1: b93e7334 ($16.87 in chips)
Seat 2: 3b0ec153 ($5.14 in chips)
Seat 3: 26fce065 ($5.96 in chips)
Seat 4: 13c5622d ($4.41 in chips)
Seat 5: Hero ($5 in chips)
Seat 6: 768c7533 ($4.37 in chips)
Hero: posts small blind $0.02
768c7533: posts big blind $0.05
*** HOLE CARDS ***
Dealt to b93e7334 
Dealt to 3b0ec153 
Dealt to 26fce065 
Dealt to 13c5622d 
Dealt to Hero [Jh 2h]
Dealt to 768c7533 
b93e7334: raises $0.08 to $0.13
3b0ec153: folds
26fce065: folds
13c5622d: folds
Hero: folds
768c7533: folds
Uncalled bet ($0.08) returned to b93e7334
*** SHOWDOWN ***
b93e7334 collected $0.12 from pot
*** SUMMARY ***
Total pot $0.12 | Rake $0 | Jackpot $0 | Bingo $0 | Fortune $0
Seat 1: b93e7334 collected ($0.12)
Seat 2: 3b0ec153 folded before Flop (didn't bet)
Seat 3: 26fce065 folded before Flop (didn't bet)
Seat 4: 13c5622d (button) folded before Flop (didn't bet)
Seat 5: Hero (small blind) folded before Flop
Seat 6: 768c7533 (big blind) folded before Flop


Poker Hand #HD1200308950: Hold'em No Limit  ($0.02/$0.05) - 2023/04/12 17:14:58
Table 'NLHBlue39' 6-max Seat #3 is the button
Seat 1: b93e7334 ($16.8 in chips)
Seat 2: 3b0ec153 ($5.14 in chips)
Seat 3: 26fce065 ($5.96 in chips)
Seat 4: 13c5622d ($4.43 in chips)
Seat 5: Hero ($5 in chips)
13c5622d: posts small blind $0.02
Hero: posts big blind $0.05
*** HOLE CARDS ***
Dealt to b93e7334 
Dealt to 3b0ec153 
Dealt to 26fce065 
Dealt to 13c5622d 
Dealt to Hero [6c Qh]
b93e7334: raises $0.05 to $0.1
3b0ec153: folds
26fce065: folds
13c5622d: folds
Hero: folds
Uncalled bet ($0.05) returned to b93e7334
*** SHOWDOWN ***
b93e7334 collected $0.12 from pot
*** SUMMARY ***
Total pot $0.12 | Rake $0 | Jackpot $0 | Bingo $0 | Fortune $0
Seat 1: b93e7334 collected ($0.12)
Seat 2: 3b0ec153 folded before Flop (didn't bet)
Seat 3: 26fce065 (button) folded before Flop (didn't bet)
Seat 4: 13c5622d (small blind) folded before Flop
Seat 5: Hero (big blind) folded before Flop


Poker Hand #HD1200308845: Hold'em No Limit  ($0.02/$0.05) - 2023/04/12 17:14:03
Table 'NLHBlue39' 6-max Seat #2 is the button
Seat 1: b93e7334 ($16.51 in chips)
Seat 2: 3b0ec153 ($5.14 in chips)
Seat 3: 26fce065 ($6.23 in chips)
Seat 4: 13c5622d ($4.48 in chips)
Seat 5: Hero ($5 in chips)
26fce065: posts small blind $0.02
13c5622d: posts big blind $0.05
*** HOLE CARDS ***
Dealt to b93e7334 
Dealt to 3b0ec153 
Dealt to 26fce065 
Dealt to 13c5622d 
Dealt to Hero [2s 8s]
Hero: folds
b93e7334: raises $0.05 to $0.1
3b0ec153: folds
26fce065: calls $0.08
13c5622d: folds
*** FLOP *** [Kc 6d 6s]
26fce065: bets $0.17
b93e7334: calls $0.17
*** TURN *** [Kc 6d 6s] [9c]
26fce065: checks
b93e7334: bets $0.2
26fce065: folds
Uncalled bet ($0.2) returned to b93e7334
*** SHOWDOWN ***
b93e7334 collected $0.56 from pot
*** SUMMARY ***
Total pot $0.59 | Rake $0.03 | Jackpot $0 | Bingo $0 | Fortune $0
Board [Kc 6d 6s 9c]
Seat 1: b93e7334 won ($0.56)
Seat 2: 3b0ec153 (button) folded before Flop (didn't bet)
Seat 3: 26fce065 (small blind) folded on the Turn
Seat 4: 13c5622d (big blind) folded before Flop
Seat 5: Hero folded before Flop (didn't bet)


Poker Hand #HD1200308702: Hold'em No Limit  ($0.02/$0.05) - 2023/04/12 17:12:50
Table 'NLHBlue39' 6-max Seat #1 is the button
Seat 1: b93e7334 ($16.73 in chips)
Seat 2: 3b0ec153 ($5.16 in chips)
Seat 3: 26fce065 ($6.28 in chips)
Seat 4: 13c5622d ($4.48 in chips)
Seat 5: Hero ($5 in chips)
Seat 6: ec6ccdd6 ($5.08 in chips)
3b0ec153: posts small blind $0.02
26fce065: posts big blind $0.05
*** HOLE CARDS ***
Dealt to b93e7334 
Dealt to 3b0ec153 
Dealt to 26fce065 
Dealt to 13c5622d 
Dealt to Hero [7h 6d]
Dealt to ec6ccdd6 
13c5622d: folds
Hero: folds
ec6ccdd6: calls $0.05
b93e7334: raises $0.17 to $0.22
3b0ec153: folds
26fce065: folds
ec6ccdd6: calls $0.17
*** FLOP *** [3c 8d 7d]
ec6ccdd6: checks
b93e7334: checks
*** TURN *** [3c 8d 7d] [3d]
ec6ccdd6: checks
b93e7334: checks
*** RIVER *** [3c 8d 7d 3d] [Th]
ec6ccdd6: checks
b93e7334: checks
ec6ccdd6: shows [Kd Ts] (Pair of Tens and Pair of Treys)
b93e7334: shows [Ac Ks] (Pair of Treys)
*** SHOWDOWN ***
ec6ccdd6 collected $0.49 from pot
*** SUMMARY ***
Total pot $0.51 | Rake $0.02 | Jackpot $0 | Bingo $0 | Fortune $0
Board [3c 8d 7d 3d Th]
Seat 1: b93e7334 (button) showed [Ac Ks] and lost with Pair of Treys
Seat 2: 3b0ec153 (small blind) folded before Flop
Seat 3: 26fce065 (big blind) folded before Flop
Seat 4: 13c5622d folded before Flop (didn't bet)
Seat 5: Hero folded before Flop (didn't bet)
Seat 6: ec6ccdd6 showed [Kd Ts] and won ($0.49) with Pair of Tens and Pair of Treys


Poker Hand #HD1200308649: Hold'em No Limit  ($0.02/$0.05) - 2023/04/12 17:12:24
Table 'NLHBlue39' 6-max Seat #6 is the button
Seat 1: b93e7334 ($16.75 in chips)
Seat 2: 3b0ec153 ($5.14 in chips)
Seat 3: 26fce065 ($6.28 in chips)
Seat 4: 13c5622d ($4.48 in chips)
Seat 5: Hero ($5 in chips)
Seat 6: ec6ccdd6 ($5.08 in chips)
b93e7334: posts small blind $0.02
3b0ec153: posts big blind $0.05
*** HOLE CARDS ***
Dealt to b93e7334 
Dealt to 3b0ec153 
Dealt to 26fce065 
Dealt to 13c5622d 
Dealt to Hero [2h Jh]
Dealt to ec6ccdd6 
26fce065: folds
13c5622d: folds
Hero: folds
ec6ccdd6: folds
b93e7334: folds
Uncalled bet ($0.03) returned to 3b0ec153
*** SHOWDOWN ***
3b0ec153 collected $0.04 from pot
*** SUMMARY ***
Total pot $0.04 | Rake $0 | Jackpot $0 | Bingo $0 | Fortune $0
Seat 1: b93e7334 (small blind) folded before Flop
Seat 2: 3b0ec153 (big blind) collected ($0.04)
Seat 3: 26fce065 folded before Flop (didn't bet)
Seat 4: 13c5622d folded before Flop (didn't bet)
Seat 5: Hero folded before Flop (didn't bet)
Seat 6: ec6ccdd6 (button) folded before Flop (didn't bet)


Poker Hand #HD1200308556: Hold'em No Limit  ($0.02/$0.05) - 2023/04/12 17:11:38
Table 'NLHBlue39' 6-max Seat #5 is the button
Seat 1: b93e7334 ($16.87 in chips)
Seat 2: 3b0ec153 ($5.14 in chips)
Seat 3: 26fce065 ($6.28 in chips)
Seat 4: 13c5622d ($4.48 in chips)
Seat 5: Hero ($5 in chips)
Seat 6: ec6ccdd6 ($4.85 in chips)
ec6ccdd6: posts small blind $0.02
b93e7334: posts big blind $0.05
*** HOLE CARDS ***
Dealt to b93e7334 
Dealt to 3b0ec153 
Dealt to 26fce065 
Dealt to 13c5622d 
Dealt to Hero [2d Ac]
Dealt to ec6ccdd6 
3b0ec153: folds
26fce065: folds
13c5622d: folds
Hero: raises $0.07 to $0.12
ec6ccdd6: calls $0.1
b93e7334: calls $0.07
*** FLOP *** [Qs 9s 2h]
ec6ccdd6: bets $0.05
b93e7334: folds
Hero: folds
Uncalled bet ($0.05) returned to ec6ccdd6
*** SHOWDOWN ***
ec6ccdd6 collected $0.35 from pot
*** SUMMARY ***
Total pot $0.36 | Rake $0.01 | Jackpot $0 | Bingo $0 | Fortune $0
Board [Qs 9s 2h]
Seat 1: b93e7334 (big blind) folded on the Flop
Seat 2: 3b0ec153 folded before Flop (didn't bet)
Seat 3: 26fce065 folded before Flop (didn't bet)
Seat 4: 13c5622d folded before Flop (didn't bet)
Seat 5: Hero (button) folded on the Flop
Seat 6: ec6ccdd6 (small blind) won ($0.35)


Poker Hand #HD1200308520: Hold'em No Limit  ($0.02/$0.05) - 2023/04/12 17:11:21
Table 'NLHBlue39' 6-max Seat #4 is the button
Seat 1: b93e7334 ($16.87 in chips)
Seat 2: 3b0ec153 ($5.14 in chips)
Seat 3: 26fce065 ($6.28 in chips)
Seat 4: 13c5622d ($4.41 in chips)
Seat 5: Hero ($5 in chips)
Seat 6: ec6ccdd6 ($4.9 in chips)
Hero: posts small blind $0.02
ec6ccdd6: posts big blind $0.05
*** HOLE CARDS ***
Dealt to b93e7334 
Dealt to 3b0ec153 
Dealt to 26fce065 
Dealt to 13c5622d 
Dealt to Hero [8h Kd]
Dealt to ec6ccdd6 
b93e7334: folds
3b0ec153: folds
26fce065: folds
13c5622d: raises $0.15 to $0.2
Hero: folds
ec6ccdd6: folds
Uncalled bet ($0.15) returned to 13c5622d
*** SHOWDOWN ***
13c5622d collected $0.12 from pot
*** SUMMARY ***
Total pot $0.12 | Rake $0 | Jackpot $0 | Bingo $0 | Fortune $0
Seat 1: b93e7334 folded before Flop (didn't bet)
Seat 2: 3b0ec153 folded before Flop (didn't bet)
Seat 3: 26fce065 folded before Flop (didn't bet)
Seat 4: 13c5622d (button) collected ($0.12)
Seat 5: Hero (small blind) folded before Flop
Seat 6: ec6ccdd6 (big blind) folded before Flop


Poker Hand #HD1200308320: Hold'em No Limit  ($0.02/$0.05) - 2023/04/12 17:09:42
Table 'NLHBlue39' 6-max Seat #3 is the button
Seat 1: b93e7334 ($16.87 in chips)
Seat 2: 3b0ec153 ($5.14 in chips)
Seat 3: 26fce065 ($2.97 in chips)
Seat 4: 13c5622d ($4.95 in chips)
Seat 5: Hero ($5 in chips)
Seat 6: ec6ccdd6 ($7.87 in chips)
13c5622d: posts small blind $0.02
Hero: posts big blind $0.05
*** HOLE CARDS ***
Dealt to b93e7334 
Dealt to 3b0ec153 
Dealt to 26fce065 
Dealt to 13c5622d 
Dealt to Hero [9d Jd]
Dealt to ec6ccdd6 
ec6ccdd6: calls $0.05
b93e7334: folds
3b0ec153: folds
26fce065: raises $0.13 to $0.18
13c5622d: calls $0.16
Hero: calls $0.13
ec6ccdd6: calls $0.13
*** FLOP *** [2h 8c 2d]
13c5622d: bets $0.36
Hero: folds
ec6ccdd6: calls $0.36
26fce065: calls $0.36
*** TURN *** [2h 8c 2d] [Qc]
13c5622d: checks
ec6ccdd6: checks
26fce065: bets $0.7
13c5622d: folds
ec6ccdd6: calls $0.7
*** RIVER *** [2h 8c 2d Qc] [8h]
ec6ccdd6: bets $6.63 and is all-in
26fce065: calls $1.73 and is all-in
Uncalled bet ($4.9) returned to ec6ccdd6
ec6ccdd6: shows [2s 5s] (Twos Full over Eights)
26fce065: shows [Qd Qs] (Queens Full over Eights)
*** SHOWDOWN ***
26fce065 collected $6.28 from pot
*** SUMMARY ***
Total pot $6.66 | Rake $0.33 | Jackpot $0.05 | Bingo $0 | Fortune $0
Board [2h 8c 2d Qc 8h]
Seat 1: b93e7334 folded before Flop (didn't bet)
Seat 2: 3b0ec153 folded before Flop (didn't bet)
Seat 3: 26fce065 (button) showed [Qd Qs] and won ($6.28) with Queens Full over Eights
Seat 4: 13c5622d (small blind) folded on the Turn
Seat 5: Hero (big blind) folded on the Flop
Seat 6: ec6ccdd6 showed [2s 5s] and lost with Twos Full over Eights


Poker Hand #HD1200308163: Hold'em No Limit  ($0.02/$0.05) - 2023/04/12 17:08:22
Table 'NLHBlue39' 6-max Seat #2 is the button
Seat 1: b93e7334 ($16.87 in chips)
Seat 2: 3b0ec153 ($5.14 in chips)
Seat 3: 26fce065 ($3.07 in chips)
Seat 4: 13c5622d ($5 in chips)
Seat 5: Hero ($5 in chips)
Seat 6: ec6ccdd6 ($7.73 in chips)
26fce065: posts small blind $0.02
13c5622d: posts big blind $0.05
*** HOLE CARDS ***
Dealt to b93e7334 
Dealt to 3b0ec153 
Dealt to 26fce065 
Dealt to 13c5622d 
Dealt to Hero [2s Jc]
Dealt to ec6ccdd6 
Hero: folds
ec6ccdd6: calls $0.05
b93e7334: folds
3b0ec153: folds
26fce065: calls $0.03
13c5622d: checks
*** FLOP *** [Th 5d Tc]
26fce065: checks
13c5622d: checks
ec6ccdd6: checks
*** TURN *** [Th 5d Tc] [2d]
26fce065: checks
13c5622d: checks
ec6ccdd6: bets $0.05
26fce065: calls $0.05
13c5622d: folds
*** RIVER *** [Th 5d Tc 2d] [2c]
26fce065: checks
ec6ccdd6: checks
26fce065: shows [Ad Jd] (Pair of Tens and Pair of Twos)
ec6ccdd6: shows [5s 4c] (Pair of Tens and Pair of Fives)
*** SHOWDOWN ***
ec6ccdd6 collected $0.24 from pot
*** SUMMARY ***
Total pot $0.25 | Rake $0.01 | Jackpot $0 | Bingo $0 | Fortune $0
Board [Th 5d Tc 2d 2c]
Seat 1: b93e7334 folded before Flop (didn't bet)
Seat 2: 3b0ec153 (button) folded before Flop (didn't bet)
Seat 3: 26fce065 (small blind) showed [Ad Jd] and lost with Pair of Tens and Pair of Twos
Seat 4: 13c5622d (big blind) folded on the Turn
Seat 5: Hero folded before Flop (didn't bet)
Seat 6: ec6ccdd6 showed [5s 4c] and won ($0.24) with Pair of Tens and Pair of Fives


Poker Hand #HD1200308118: Hold'em No Limit  ($0.02/$0.05) - 2023/04/12 17:07:58
Table 'NLHBlue39' 6-max Seat #1 is the button
Seat 1: b93e7334 ($16.87 in chips)
Seat 2: 3b0ec153 ($5.09 in chips)
Seat 3: 26fce065 ($3.12 in chips)
Seat 5: Hero ($5 in chips)
Seat 6: ec6ccdd6 ($7.73 in chips)
3b0ec153: posts small blind $0.02
26fce065: posts big blind $0.05
*** HOLE CARDS ***
Dealt to b93e7334 
Dealt to 3b0ec153 
Dealt to 26fce065 
Dealt to Hero [5h 6s]
Dealt to ec6ccdd6 
Hero: folds
ec6ccdd6: folds
b93e7334: folds
3b0ec153: raises $0.1 to $0.15
26fce065: folds
Uncalled bet ($0.1) returned to 3b0ec153
*** SHOWDOWN ***
3b0ec153 collected $0.1 from pot
*** SUMMARY ***
Total pot $0.1 | Rake $0 | Jackpot $0 | Bingo $0 | Fortune $0
Seat 1: b93e7334 (button) folded before Flop (didn't bet)
Seat 2: 3b0ec153 (small blind) collected ($0.1)
Seat 3: 26fce065 (big blind) folded before Flop
Seat 5: Hero folded before Flop (didn't bet)
Seat 6: ec6ccdd6 folded before Flop (didn't bet)


Poker Hand #HD1200307989: Hold'em No Limit  ($0.02/$0.05) - 2023/04/12 17:06:58
Table 'NLHBlue39' 6-max Seat #6 is the button
Seat 1: b93e7334 ($16.89 in chips)
Seat 2: 3b0ec153 ($5.14 in chips)
Seat 3: 26fce065 ($3.27 in chips)
Seat 5: Hero ($5 in chips)
Seat 6: ec6ccdd6 ($6.84 in chips)
b93e7334: posts small blind $0.02
3b0ec153: posts big blind $0.05
*** HOLE CARDS ***
Dealt to b93e7334 
Dealt to 3b0ec153 
Dealt to 26fce065 
Dealt to Hero [9c 9d]
Dealt to ec6ccdd6 
26fce065: raises $0.1 to $0.15
Hero: raises $0.27 to $0.42
ec6ccdd6: calls $0.42
b93e7334: folds
3b0ec153: folds
26fce065: folds
*** FLOP *** [5s 4s Js]
Hero: bets $0.39
ec6ccdd6: calls $0.39
*** TURN *** [5s 4s Js] [7s]
Hero: checks
ec6ccdd6: checks
*** RIVER *** [5s 4s Js 7s] [8h]
Hero: checks
ec6ccdd6: checks
Hero: shows [9c 9d] (Pair of Nines)
ec6ccdd6: shows [Jd Jh] (Three Jacks)
*** SHOWDOWN ***
ec6ccdd6 collected $1.7 from pot
*** SUMMARY ***
Total pot $1.84 | Rake $0.09 | Jackpot $0.05 | Bingo $0 | Fortune $0
Board [5s 4s Js 7s 8h]
Seat 1: b93e7334 (small blind) folded before Flop
Seat 2: 3b0ec153 (big blind) folded before Flop
Seat 3: 26fce065 folded before Flop
Seat 5: Hero showed [9c 9d] and lost with Pair of Nines
Seat 6: ec6ccdd6 (button) showed [Jd Jh] and won ($1.7) with Three Jacks


Poker Hand #HD1200307870: Hold'em No Limit  ($0.02/$0.05) - 2023/04/12 17:06:08
Table 'NLHBlue39' 6-max Seat #5 is the button
Seat 1: b93e7334 ($16.94 in chips)
Seat 2: 3b0ec153 ($5.14 in chips)
Seat 3: 26fce065 ($3.27 in chips)
Seat 5: Hero ($5 in chips)
Seat 6: ec6ccdd6 ($6.79 in chips)
ec6ccdd6: posts small blind $0.02
b93e7334: posts big blind $0.05
*** HOLE CARDS ***
Dealt to b93e7334 
Dealt to 3b0ec153 
Dealt to 26fce065 
Dealt to Hero [2d 5c]
Dealt to ec6ccdd6 
3b0ec153: folds
26fce065: folds
Hero: folds
ec6ccdd6: calls $0.03
b93e7334: checks
*** FLOP *** [2h 9d Kc]
ec6ccdd6: checks
b93e7334: checks
*** TURN *** [2h 9d Kc] [2c]
ec6ccdd6: checks
b93e7334: checks
*** RIVER *** [2h 9d Kc 2c] [As]
ec6ccdd6: checks
b93e7334: checks
ec6ccdd6: shows [Qc Jh] (Pair of Twos)
b93e7334: shows [Td Jd] (Pair of Twos)
*** SHOWDOWN ***
ec6ccdd6 collected $0.1 from pot
*** SUMMARY ***
Total pot $0.1 | Rake $0 | Jackpot $0 | Bingo $0 | Fortune $0
Board [2h 9d Kc 2c As]
Seat 1: b93e7334 (big blind) showed [Td Jd] and lost with Pair of Twos
Seat 2: 3b0ec153 folded before Flop (didn't bet)
Seat 3: 26fce065 folded before Flop (didn't bet)
Seat 5: Hero (button) folded before Flop (didn't bet)
Seat 6: ec6ccdd6 (small blind) showed [Qc Jh] and won ($0.1) with Pair of Twos


Poker Hand #HD1200307842: Hold'em No Limit  ($0.02/$0.05) - 2023/04/12 17:05:52
Table 'NLHBlue39' 6-max Seat #3 is the button
Seat 1: b93e7334 ($16.87 in chips)
Seat 2: 3b0ec153 ($5.14 in chips)
Seat 3: 26fce065 ($3.27 in chips)
Seat 5: Hero ($5 in chips)
Seat 6: ec6ccdd6 ($6.84 in chips)
Hero: posts small blind $0.02
ec6ccdd6: posts big blind $0.05
*** HOLE CARDS ***
Dealt to b93e7334 
Dealt to 3b0ec153 
Dealt to 26fce065 
Dealt to Hero [2c 4c]
Dealt to ec6ccdd6 
b93e7334: raises $0.08 to $0.13
3b0ec153: folds
26fce065: folds
Hero: folds
ec6ccdd6: folds
Uncalled bet ($0.08) returned to b93e7334
*** SHOWDOWN ***
b93e7334 collected $0.12 from pot
*** SUMMARY ***
Total pot $0.12 | Rake $0 | Jackpot $0 | Bingo $0 | Fortune $0
Seat 1: b93e7334 collected ($0.12)
Seat 2: 3b0ec153 folded before Flop (didn't bet)
Seat 3: 26fce065 (button) folded before Flop (didn't bet)
Seat 5: Hero (small blind) folded before Flop
Seat 6: ec6ccdd6 (big blind) folded before Flop


Poker Hand #HD1200307818: Hold'em No Limit  ($0.02/$0.05) - 2023/04/12 17:05:37
Table 'NLHBlue39' 6-max Seat #2 is the button
Seat 1: b93e7334 ($16.8 in chips)
Seat 2: 3b0ec153 ($5.14 in chips)
Seat 3: 26fce065 ($3.29 in chips)
Seat 5: Hero ($5 in chips)
Seat 6: ec6ccdd6 ($6.84 in chips)
26fce065: posts small blind $0.02
Hero: posts big blind $0.05
*** HOLE CARDS ***
Dealt to b93e7334 
Dealt to 3b0ec153 
Dealt to 26fce065 
Dealt to Hero [Ks 2c]
Dealt to ec6ccdd6 
ec6ccdd6: folds
b93e7334: raises $0.08 to $0.13
3b0ec153: folds
26fce065: folds
Hero: folds
Uncalled bet ($0.08) returned to b93e7334
*** SHOWDOWN ***
b93e7334 collected $0.12 from pot
*** SUMMARY ***
Total pot $0.12 | Rake $0 | Jackpot $0 | Bingo $0 | Fortune $0
Seat 1: b93e7334 collected ($0.12)
Seat 2: 3b0ec153 (button) folded before Flop (didn't bet)
Seat 3: 26fce065 (small blind) folded before Flop
Seat 5: Hero (big blind) folded before Flop
Seat 6: ec6ccdd6 folded before Flop (didn't bet)


Poker Hand #HD1200307559: Hold'em No Limit  ($0.02/$0.05) - 2023/04/12 17:03:27
Table 'NLHBlue39' 6-max Seat #1 is the button
Seat 1: b93e7334 ($16.85 in chips)
Seat 2: 3b0ec153 ($5 in chips)
Seat 3: 26fce065 ($3.34 in chips)
Seat 5: Hero ($5 in chips)
Seat 6: ec6ccdd6 ($6.89 in chips)
3b0ec153: posts small blind $0.02
26fce065: posts big blind $0.05
*** HOLE CARDS ***
Dealt to b93e7334 
Dealt to 3b0ec153 
Dealt to 26fce065 
Dealt to Hero [5d Jc]
Dealt to ec6ccdd6 
Hero: folds
ec6ccdd6: calls $0.05
b93e7334: calls $0.05
3b0ec153: calls $0.03
26fce065: checks
*** FLOP *** [4s Qh 2d]
3b0ec153: checks
26fce065: checks
ec6ccdd6: checks
b93e7334: checks
*** TURN *** [4s Qh 2d] [Js]
3b0ec153: checks
26fce065: checks
ec6ccdd6: checks
b93e7334: checks
*** RIVER *** [4s Qh 2d Js] [2h]
3b0ec153: checks
26fce065: checks
ec6ccdd6: checks
b93e7334: checks
3b0ec153: shows [9c 9d] (Pair of Nines and Pair of Twos)
26fce065: shows [7s 3d] (Pair of Twos)
ec6ccdd6: shows [Kc 7d] (Pair of Twos)
b93e7334: shows [Ac 6s] (Pair of Twos)
*** SHOWDOWN ***
3b0ec153 collected $0.19 from pot
*** SUMMARY ***
Total pot $0.2 | Rake $0.01 | Jackpot $0 | Bingo $0 | Fortune $0
Board [4s Qh 2d Js 2h]
Seat 1: b93e7334 (button) showed [Ac 6s] and lost with Pair of Twos
Seat 2: 3b0ec153 (small blind) showed [9c 9d] and won ($0.19) with Pair of Nines and Pair of Twos
Seat 3: 26fce065 (big blind) showed [7s 3d] and lost with Pair of Twos
Seat 5: Hero folded before Flop (didn't bet)
Seat 6: ec6ccdd6 showed [Kc 7d] and lost with Pair of Twos


Poker Hand #HD1200307524: Hold'em No Limit  ($0.02/$0.05) - 2023/04/12 17:03:11
Table 'NLHBlue39' 6-max Seat #6 is the button
Seat 1: b93e7334 ($16.8 in chips)
Seat 2: 3b0ec153 ($5 in chips)
Seat 3: 26fce065 ($3.34 in chips)
Seat 5: Hero ($5 in chips)
Seat 6: ec6ccdd6 ($6.89 in chips)
b93e7334: posts small blind $0.02
3b0ec153: posts big blind $0.05
*** HOLE CARDS ***
Dealt to b93e7334 
Dealt to 3b0ec153 
Dealt to 26fce065 
Dealt to Hero [8d 6s]
Dealt to ec6ccdd6 
26fce065: folds
Hero: folds
ec6ccdd6: folds
b93e7334: raises $0.05 to $0.1
3b0ec153: folds
Uncalled bet ($0.05) returned to b93e7334
*** SHOWDOWN ***
b93e7334 collected $0.1 from pot
*** SUMMARY ***
Total pot $0.1 | Rake $0 | Jackpot $0 | Bingo $0 | Fortune $0
Seat 1: b93e7334 (small blind) collected ($0.1)
Seat 2: 3b0ec153 (big blind) folded before Flop
Seat 3: 26fce065 folded before Flop (didn't bet)
Seat 5: Hero folded before Flop (didn't bet)
Seat 6: ec6ccdd6 (button) folded before Flop (didn't bet)


Poker Hand #HD1200307433: Hold'em No Limit  ($0.02/$0.05) - 2023/04/12 17:02:22
Table 'NLHBlue39' 6-max Seat #5 is the button
Seat 1: b93e7334 ($16.85 in chips)
Seat 2: 3b0ec153 ($5 in chips)
Seat 3: 26fce065 ($3.34 in chips)
Seat 5: Hero ($5 in chips)
Seat 6: ec6ccdd6 ($6.84 in chips)
ec6ccdd6: posts small blind $0.02
b93e7334: posts big blind $0.05
*** HOLE CARDS ***
Dealt to b93e7334 
Dealt to 3b0ec153 
Dealt to 26fce065 
Dealt to Hero [2c 4s]
Dealt to ec6ccdd6 
3b0ec153: folds
26fce065: folds
Hero: folds
ec6ccdd6: calls $0.03
b93e7334: checks
*** FLOP *** [7d Qc Kd]
ec6ccdd6: checks
b93e7334: checks
*** TURN *** [7d Qc Kd] [9h]
ec6ccdd6: checks
b93e7334: checks
*** RIVER *** [7d Qc Kd 9h] [Ts]
ec6ccdd6: checks
b93e7334: checks
ec6ccdd6: shows [9c 3c] (Pair of Nines)
b93e7334: shows [8s 5c] (King-High)
*** SHOWDOWN ***
ec6ccdd6 collected $0.1 from pot
*** SUMMARY ***
Total pot $0.1 | Rake $0 | Jackpot $0 | Bingo $0 | Fortune $0
Board [7d Qc Kd 9h Ts]
Seat 1: b93e7334 (big blind) showed [8s 5c] and lost with King-High
Seat 2: 3b0ec153 folded before Flop (didn't bet)
Seat 3: 26fce065 folded before Flop (didn't bet)
Seat 5: Hero (button) folded before Flop (didn't bet)
Seat 6: ec6ccdd6 (small blind) showed [9c 3c] and won ($0.1) with Pair of Nines


Poker Hand #HD1200307284: Hold'em No Limit  ($0.02/$0.05) - 2023/04/12 17:01:06
Table 'NLHBlue39' 6-max Seat #4 is the button
Seat 1: b93e7334 ($16.46 in chips)
Seat 2: 3b0ec153 ($5 in chips)
Seat 3: 26fce065 ($3.7 in chips)
Seat 4: fbc81860 ($3.96 in chips)
Seat 5: Hero ($5 in chips)
Seat 6: ec6ccdd6 ($6.89 in chips)
Hero: posts small blind $0.02
ec6ccdd6: posts big blind $0.05
*** HOLE CARDS ***
Dealt to b93e7334 
Dealt to 3b0ec153 
Dealt to 26fce065 
Dealt to fbc81860 
Dealt to Hero [9s 3s]
Dealt to ec6ccdd6 
b93e7334: raises $0.1 to $0.15
3b0ec153: folds
26fce065: calls $0.15
fbc81860: folds
Hero: folds
ec6ccdd6: folds
*** FLOP *** [4c 6s As]
b93e7334: checks
26fce065: bets $0.21
b93e7334: calls $0.21
*** TURN *** [4c 6s As] [2d]
b93e7334: checks
26fce065: checks
*** RIVER *** [4c 6s As 2d] [Kh]
b93e7334: checks
26fce065: checks
b93e7334: shows [7d 6d] (Pair of Sixes)
26fce065: shows [Jd Td] (Ace-High)
*** SHOWDOWN ***
b93e7334 collected $0.75 from pot
*** SUMMARY ***
Total pot $0.79 | Rake $0.04 | Jackpot $0 | Bingo $0 | Fortune $0
Board [4c 6s As 2d Kh]
Seat 1: b93e7334 showed [7d 6d] and won ($0.75) with Pair of Sixes
Seat 2: 3b0ec153 folded before Flop (didn't bet)
Seat 3: 26fce065 showed [Jd Td] and lost with Ace-High
Seat 4: fbc81860 (button) folded before Flop (didn't bet)
Seat 5: Hero (small blind) folded before Flop
Seat 6: ec6ccdd6 (big blind) folded before Flop


Poker Hand #HD1200307256: Hold'em No Limit  ($0.02/$0.05) - 2023/04/12 17:00:52
Table 'NLHBlue39' 6-max Seat #3 is the button
Seat 1: b93e7334 ($16.39 in chips)
Seat 2: 3b0ec153 ($5 in chips)
Seat 3: 26fce065 ($3.7 in chips)
Seat 4: fbc81860 ($3.98 in chips)
Seat 5: Hero ($5 in chips)
Seat 6: ec6ccdd6 ($6.89 in chips)
fbc81860: posts small blind $0.02
Hero: posts big blind $0.05
*** HOLE CARDS ***
Dealt to b93e7334 
Dealt to 3b0ec153 
Dealt to 26fce065 
Dealt to fbc81860 
Dealt to Hero [Qc 8s]
Dealt to ec6ccdd6 
ec6ccdd6: folds
b93e7334: raises $0.08 to $0.13
3b0ec153: folds
26fce065: folds
fbc81860: folds
Hero: folds
Uncalled bet ($0.08) returned to b93e7334
*** SHOWDOWN ***
b93e7334 collected $0.12 from pot
*** SUMMARY ***
Total pot $0.12 | Rake $0 | Jackpot $0 | Bingo $0 | Fortune $0
Seat 1: b93e7334 collected ($0.12)
Seat 2: 3b0ec153 folded before Flop (didn't bet)
Seat 3: 26fce065 (button) folded before Flop (didn't bet)
Seat 4: fbc81860 (small blind) folded before Flop
Seat 5: Hero (big blind) folded before Flop
Seat 6: ec6ccdd6 folded before Flop (didn't bet)


