Poker Hand #HD1151806283: Hold'em No Limit  ($0.02/$0.05) - 2023/03/08 21:08:09
Table 'NLHBlue33' 6-max Seat #4 is the button
Seat 1: Hero ($5.07 in chips)
Seat 2: 7f1435d7 ($5.23 in chips)
Seat 3: ac1ab5db ($10.73 in chips)
Seat 4: bff294a1 ($5.1 in chips)
Seat 5: d60f9c65 ($5.14 in chips)
Seat 6: 4925aefb ($7.26 in chips)
d60f9c65: posts small blind $0.02
4925aefb: posts big blind $0.05
*** HOLE CARDS ***
Dealt to Hero [9h Ts]
Dealt to 7f1435d7 
Dealt to ac1ab5db 
Dealt to bff294a1 
Dealt to d60f9c65 
Dealt to 4925aefb 
Hero: folds
7f1435d7: raises $0.05 to $0.1
ac1ab5db: folds
bff294a1: folds
d60f9c65: raises $0.3 to $0.4
4925aefb: folds
7f1435d7: folds
Uncalled bet ($0.3) returned to d60f9c65
*** SHOWDOWN ***
d60f9c65 collected $0.24 from pot
*** SUMMARY ***
Total pot $0.25 | Rake $0.01 | Jackpot $0 | Bingo $0 | Fortune $0
Seat 1: Hero folded before Flop (didn't bet)
Seat 2: 7f1435d7 folded before Flop
Seat 3: ac1ab5db folded before Flop (didn't bet)
Seat 4: bff294a1 (button) folded before Flop (didn't bet)
Seat 5: d60f9c65 (small blind) collected ($0.24)
Seat 6: 4925aefb (big blind) folded before Flop


Poker Hand #HD1151806226: Hold'em No Limit  ($0.02/$0.05) - 2023/03/08 21:07:38
Table 'NLHBlue33' 6-max Seat #3 is the button
Seat 1: Hero ($5.07 in chips)
Seat 2: 7f1435d7 ($5.23 in chips)
Seat 3: ac1ab5db ($10.73 in chips)
Seat 4: bff294a1 ($5.05 in chips)
Seat 5: d60f9c65 ($5.19 in chips)
Seat 6: 4925aefb ($7.26 in chips)
bff294a1: posts small blind $0.02
d60f9c65: posts big blind $0.05
*** HOLE CARDS ***
Dealt to Hero [2s Qd]
Dealt to 7f1435d7 
Dealt to ac1ab5db 
Dealt to bff294a1 
Dealt to d60f9c65 
Dealt to 4925aefb 
4925aefb: folds
Hero: folds
7f1435d7: folds
ac1ab5db: folds
bff294a1: raises $0.1 to $0.15
d60f9c65: folds
Uncalled bet ($0.1) returned to bff294a1
*** SHOWDOWN ***
bff294a1 collected $0.1 from pot
*** SUMMARY ***
Total pot $0.1 | Rake $0 | Jackpot $0 | Bingo $0 | Fortune $0
Seat 1: Hero folded before Flop (didn't bet)
Seat 2: 7f1435d7 folded before Flop (didn't bet)
Seat 3: ac1ab5db (button) folded before Flop (didn't bet)
Seat 4: bff294a1 (small blind) collected ($0.1)
Seat 5: d60f9c65 (big blind) folded before Flop
Seat 6: 4925aefb folded before Flop (didn't bet)


Poker Hand #HD1151806191: Hold'em No Limit  ($0.02/$0.05) - 2023/03/08 21:07:18
Table 'NLHBlue33' 6-max Seat #2 is the button
Seat 1: Hero ($5.07 in chips)
Seat 2: 7f1435d7 ($5.23 in chips)
Seat 3: ac1ab5db ($10.75 in chips)
Seat 4: bff294a1 ($5 in chips)
Seat 5: d60f9c65 ($5.12 in chips)
Seat 6: 4925aefb ($7.26 in chips)
ac1ab5db: posts small blind $0.02
bff294a1: posts big blind $0.05
*** HOLE CARDS ***
Dealt to Hero [4c 9d]
Dealt to 7f1435d7 
Dealt to ac1ab5db 
Dealt to bff294a1 
Dealt to d60f9c65 
Dealt to 4925aefb 
d60f9c65: raises $0.08 to $0.13
4925aefb: folds
Hero: folds
7f1435d7: folds
ac1ab5db: folds
bff294a1: folds
Uncalled bet ($0.08) returned to d60f9c65
*** SHOWDOWN ***
d60f9c65 collected $0.12 from pot
*** SUMMARY ***
Total pot $0.12 | Rake $0 | Jackpot $0 | Bingo $0 | Fortune $0
Seat 1: Hero folded before Flop (didn't bet)
Seat 2: 7f1435d7 (button) folded before Flop (didn't bet)
Seat 3: ac1ab5db (small blind) folded before Flop
Seat 4: bff294a1 (big blind) folded before Flop
Seat 5: d60f9c65 collected ($0.12)
Seat 6: 4925aefb folded before Flop (didn't bet)


Poker Hand #HD1151806128: Hold'em No Limit  ($0.02/$0.05) - 2023/03/08 21:06:45
Table 'NLHBlue33' 6-max Seat #1 is the button
Seat 1: Hero ($5.07 in chips)
Seat 2: 7f1435d7 ($5.14 in chips)
Seat 3: ac1ab5db ($10.85 in chips)
Seat 4: bff294a1 ($5 in chips)
Seat 5: d60f9c65 ($5.12 in chips)
Seat 6: 4925aefb ($7.26 in chips)
7f1435d7: posts small blind $0.02
ac1ab5db: posts big blind $0.05
*** HOLE CARDS ***
Dealt to Hero [Tc 3s]
Dealt to 7f1435d7 
Dealt to ac1ab5db 
Dealt to bff294a1 
Dealt to d60f9c65 
Dealt to 4925aefb 
bff294a1: folds
d60f9c65: folds
4925aefb: folds
Hero: folds
7f1435d7: raises $0.05 to $0.1
ac1ab5db: calls $0.05
*** FLOP *** [2c Kd Ts]
7f1435d7: bets $0.1
ac1ab5db: folds
Uncalled bet ($0.1) returned to 7f1435d7
*** SHOWDOWN ***
7f1435d7 collected $0.19 from pot
*** SUMMARY ***
Total pot $0.2 | Rake $0.01 | Jackpot $0 | Bingo $0 | Fortune $0
Board [2c Kd Ts]
Seat 1: Hero (button) folded before Flop (didn't bet)
Seat 2: 7f1435d7 (small blind) won ($0.19)
Seat 3: ac1ab5db (big blind) folded on the Flop
Seat 4: bff294a1 folded before Flop (didn't bet)
Seat 5: d60f9c65 folded before Flop (didn't bet)
Seat 6: 4925aefb folded before Flop (didn't bet)


Poker Hand #HD1151806085: Hold'em No Limit  ($0.02/$0.05) - 2023/03/08 21:06:25
Table 'NLHBlue33' 6-max Seat #6 is the button
Seat 1: Hero ($5.09 in chips)
Seat 2: 7f1435d7 ($5.12 in chips)
Seat 3: ac1ab5db ($10.85 in chips)
Seat 4: bff294a1 ($5 in chips)
Seat 5: d60f9c65 ($5.12 in chips)
Seat 6: 4925aefb ($7.26 in chips)
Hero: posts small blind $0.02
7f1435d7: posts big blind $0.05
*** HOLE CARDS ***
Dealt to Hero [8c Qh]
Dealt to 7f1435d7 
Dealt to ac1ab5db 
Dealt to bff294a1 
Dealt to d60f9c65 
Dealt to 4925aefb 
ac1ab5db: folds
bff294a1: folds
d60f9c65: folds
4925aefb: folds
Hero: folds
Uncalled bet ($0.03) returned to 7f1435d7
*** SHOWDOWN ***
7f1435d7 collected $0.04 from pot
*** SUMMARY ***
Total pot $0.04 | Rake $0 | Jackpot $0 | Bingo $0 | Fortune $0
Seat 1: Hero (small blind) folded before Flop
Seat 2: 7f1435d7 (big blind) collected ($0.04)
Seat 3: ac1ab5db folded before Flop (didn't bet)
Seat 4: bff294a1 folded before Flop (didn't bet)
Seat 5: d60f9c65 folded before Flop (didn't bet)
Seat 6: 4925aefb (button) folded before Flop (didn't bet)


Poker Hand #HD1151806020: Hold'em No Limit  ($0.02/$0.05) - 2023/03/08 21:05:51
Table 'NLHBlue33' 6-max Seat #5 is the button
Seat 1: Hero ($5 in chips)
Seat 2: 7f1435d7 ($5.12 in chips)
Seat 3: ac1ab5db ($10.92 in chips)
Seat 4: bff294a1 ($5 in chips)
Seat 5: d60f9c65 ($5.12 in chips)
Seat 6: 4925aefb ($7.28 in chips)
4925aefb: posts small blind $0.02
Hero: posts big blind $0.05
ac1ab5db: posts big blind $0.05
ac1ab5db: posts missed blind $0.02
*** HOLE CARDS ***
Dealt to Hero [Qc Ad]
Dealt to 7f1435d7 
Dealt to ac1ab5db 
Dealt to bff294a1 
Dealt to d60f9c65 
Dealt to 4925aefb 
7f1435d7: folds
ac1ab5db: checks
bff294a1: folds
d60f9c65: folds
4925aefb: folds
Hero: checks
*** FLOP *** [Jd 3c Kd]
Hero: checks
ac1ab5db: checks
*** TURN *** [Jd 3c Kd] [As]
Hero: bets $0.11
ac1ab5db: folds
Uncalled bet ($0.11) returned to Hero
*** SHOWDOWN ***
Hero collected $0.14 from pot
*** SUMMARY ***
Total pot $0.14 | Rake $0 | Jackpot $0 | Bingo $0 | Fortune $0
Board [Jd 3c Kd As]
Seat 1: Hero (big blind) won ($0.14)
Seat 2: 7f1435d7 folded before Flop (didn't bet)
Seat 3: ac1ab5db folded on the Turn
Seat 4: bff294a1 folded before Flop (didn't bet)
Seat 5: d60f9c65 (button) folded before Flop (didn't bet)
Seat 6: 4925aefb (small blind) folded before Flop


Poker Hand #HD1151805980: Hold'em No Limit  ($0.02/$0.05) - 2023/03/08 21:05:27
Table 'NLHBlue33' 6-max Seat #4 is the button
Seat 1: Hero ($5 in chips)
Seat 2: 7f1435d7 ($5.05 in chips)
Seat 4: bff294a1 ($5 in chips)
Seat 5: d60f9c65 ($5.14 in chips)
Seat 6: 4925aefb ($7.33 in chips)
d60f9c65: posts small blind $0.02
4925aefb: posts big blind $0.05
*** HOLE CARDS ***
Dealt to Hero [6h 5h]
Dealt to 7f1435d7 
Dealt to bff294a1 
Dealt to d60f9c65 
Dealt to 4925aefb 
Hero: folds
7f1435d7: raises $0.1 to $0.15
bff294a1: folds
d60f9c65: folds
4925aefb: folds
Uncalled bet ($0.1) returned to 7f1435d7
*** SHOWDOWN ***
7f1435d7 collected $0.12 from pot
*** SUMMARY ***
Total pot $0.12 | Rake $0 | Jackpot $0 | Bingo $0 | Fortune $0
Seat 1: Hero folded before Flop (didn't bet)
Seat 2: 7f1435d7 collected ($0.12)
Seat 4: bff294a1 (button) folded before Flop (didn't bet)
Seat 5: d60f9c65 (small blind) folded before Flop
Seat 6: 4925aefb (big blind) folded before Flop


Poker Hand #HD1151805881: Hold'em No Limit  ($0.02/$0.05) - 2023/03/08 21:04:41
Table 'NLHBlue33' 6-max Seat #2 is the button
Seat 1: Hero ($5 in chips)
Seat 2: 7f1435d7 ($5.05 in chips)
Seat 4: bff294a1 ($5.05 in chips)
Seat 5: d60f9c65 ($5 in chips)
Seat 6: 4925aefb ($7.33 in chips)
bff294a1: posts small blind $0.02
d60f9c65: posts big blind $0.05
*** HOLE CARDS ***
Dealt to Hero [4c Js]
Dealt to 7f1435d7 
Dealt to bff294a1 
Dealt to d60f9c65 
Dealt to 4925aefb 
4925aefb: folds
Hero: folds
7f1435d7: folds
bff294a1: raises $0.1 to $0.15
d60f9c65: calls $0.1
*** FLOP *** [6s 4d 6h]
bff294a1: checks
d60f9c65: checks
*** TURN *** [6s 4d 6h] [Qd]
bff294a1: checks
d60f9c65: checks
*** RIVER *** [6s 4d 6h Qd] [3d]
bff294a1: checks
d60f9c65: checks
bff294a1: shows [Tc Jd] (Pair of Sixes)
d60f9c65: shows [3h Kh] (Pair of Sixes and Pair of Treys)
*** SHOWDOWN ***
d60f9c65 collected $0.29 from pot
*** SUMMARY ***
Total pot $0.3 | Rake $0.01 | Jackpot $0 | Bingo $0 | Fortune $0
Board [6s 4d 6h Qd 3d]
Seat 1: Hero folded before Flop (didn't bet)
Seat 2: 7f1435d7 (button) folded before Flop (didn't bet)
Seat 4: bff294a1 (small blind) showed [Tc Jd] and lost with Pair of Sixes
Seat 5: d60f9c65 (big blind) showed [3h Kh] and won ($0.29) with Pair of Sixes and Pair of Treys
Seat 6: 4925aefb folded before Flop (didn't bet)


Poker Hand #HD1151805844: Hold'em No Limit  ($0.02/$0.05) - 2023/03/08 21:04:23
Table 'NLHBlue33' 6-max Seat #1 is the button
Seat 1: Hero ($5 in chips)
Seat 2: 7f1435d7 ($5 in chips)
Seat 4: bff294a1 ($5 in chips)
Seat 5: cc15e5b4 ($5.26 in chips)
Seat 6: 4925aefb ($7.33 in chips)
7f1435d7: posts small blind $0.02
bff294a1: posts big blind $0.05
*** HOLE CARDS ***
Dealt to Hero [Qd 2s]
Dealt to 7f1435d7 
Dealt to bff294a1 
Dealt to cc15e5b4 
Dealt to 4925aefb 
cc15e5b4: folds
4925aefb: folds
Hero: folds
7f1435d7: raises $0.05 to $0.1
bff294a1: folds
Uncalled bet ($0.05) returned to 7f1435d7
*** SHOWDOWN ***
7f1435d7 collected $0.1 from pot
*** SUMMARY ***
Total pot $0.1 | Rake $0 | Jackpot $0 | Bingo $0 | Fortune $0
Seat 1: Hero (button) folded before Flop (didn't bet)
Seat 2: 7f1435d7 (small blind) collected ($0.1)
Seat 4: bff294a1 (big blind) folded before Flop
Seat 5: cc15e5b4 folded before Flop (didn't bet)
Seat 6: 4925aefb folded before Flop (didn't bet)


Poker Hand #HD1151805812: Hold'em No Limit  ($0.02/$0.05) - 2023/03/08 21:04:04
Table 'NLHBlue33' 6-max Seat #6 is the button
Seat 1: Hero ($5.02 in chips)
Seat 2: 7f1435d7 ($5.05 in chips)
Seat 4: bff294a1 ($5 in chips)
Seat 5: cc15e5b4 ($5.26 in chips)
Seat 6: 4925aefb ($7.26 in chips)
Hero: posts small blind $0.02
7f1435d7: posts big blind $0.05
*** HOLE CARDS ***
Dealt to Hero [Qc 8d]
Dealt to 7f1435d7 
Dealt to bff294a1 
Dealt to cc15e5b4 
Dealt to 4925aefb 
bff294a1: folds
cc15e5b4: folds
4925aefb: raises $0.08 to $0.13
Hero: folds
7f1435d7: folds
Uncalled bet ($0.08) returned to 4925aefb
*** SHOWDOWN ***
4925aefb collected $0.12 from pot
*** SUMMARY ***
Total pot $0.12 | Rake $0 | Jackpot $0 | Bingo $0 | Fortune $0
Seat 1: Hero (small blind) folded before Flop
Seat 2: 7f1435d7 (big blind) folded before Flop
Seat 4: bff294a1 folded before Flop (didn't bet)
Seat 5: cc15e5b4 folded before Flop (didn't bet)
Seat 6: 4925aefb (button) collected ($0.12)


Poker Hand #HD1151805785: Hold'em No Limit  ($0.02/$0.05) - 2023/03/08 21:03:50
Table 'NLHBlue33' 6-max Seat #5 is the button
Seat 1: Hero ($5 in chips)
Seat 2: 7f1435d7 ($5.05 in chips)
Seat 4: bff294a1 ($5 in chips)
Seat 5: cc15e5b4 ($5.26 in chips)
Seat 6: 4925aefb ($7.28 in chips)
4925aefb: posts small blind $0.02
Hero: posts big blind $0.05
*** HOLE CARDS ***
Dealt to Hero [5c 6d]
Dealt to 7f1435d7 
Dealt to bff294a1 
Dealt to cc15e5b4 
Dealt to 4925aefb 
7f1435d7: folds
bff294a1: folds
cc15e5b4: folds
4925aefb: folds
Uncalled bet ($0.03) returned to Hero
*** SHOWDOWN ***
Hero collected $0.04 from pot
*** SUMMARY ***
Total pot $0.04 | Rake $0 | Jackpot $0 | Bingo $0 | Fortune $0
Seat 1: Hero (big blind) collected ($0.04)
Seat 2: 7f1435d7 folded before Flop (didn't bet)
Seat 4: bff294a1 folded before Flop (didn't bet)
Seat 5: cc15e5b4 (button) folded before Flop (didn't bet)
Seat 6: 4925aefb (small blind) folded before Flop


Poker Hand #HD1151805738: Hold'em No Limit  ($0.02/$0.05) - 2023/03/08 21:03:29
Table 'NLHBlue33' 6-max Seat #4 is the button
Seat 1: Hero ($5 in chips)
Seat 2: 7f1435d7 ($5.05 in chips)
Seat 4: bff294a1 ($5 in chips)
Seat 5: cc15e5b4 ($5.21 in chips)
Seat 6: 4925aefb ($7.33 in chips)
cc15e5b4: posts small blind $0.02
4925aefb: posts big blind $0.05
*** HOLE CARDS ***
Dealt to Hero [8c 9d]
Dealt to 7f1435d7 
Dealt to bff294a1 
Dealt to cc15e5b4 
Dealt to 4925aefb 
Hero: folds
7f1435d7: folds
bff294a1: folds
cc15e5b4: raises $0.08 to $0.13
4925aefb: folds
Uncalled bet ($0.08) returned to cc15e5b4
*** SHOWDOWN ***
cc15e5b4 collected $0.1 from pot
*** SUMMARY ***
Total pot $0.1 | Rake $0 | Jackpot $0 | Bingo $0 | Fortune $0
Seat 1: Hero folded before Flop (didn't bet)
Seat 2: 7f1435d7 folded before Flop (didn't bet)
Seat 4: bff294a1 (button) folded before Flop (didn't bet)
Seat 5: cc15e5b4 (small blind) collected ($0.1)
Seat 6: 4925aefb (big blind) folded before Flop


Poker Hand #HD1151805677: Hold'em No Limit  ($0.02/$0.05) - 2023/03/08 21:03:00
Table 'NLHBlue33' 6-max Seat #2 is the button
Seat 1: Hero ($5 in chips)
Seat 2: 7f1435d7 ($5.05 in chips)
Seat 3: ac1ab5db ($10.94 in chips)
Seat 4: bff294a1 ($5 in chips)
Seat 5: cc15e5b4 ($5.21 in chips)
Seat 6: 4925aefb ($7.26 in chips)
ac1ab5db: posts small blind $0.02
bff294a1: posts big blind $0.05
*** HOLE CARDS ***
Dealt to Hero [4h Ac]
Dealt to 7f1435d7 
Dealt to ac1ab5db 
Dealt to bff294a1 
Dealt to cc15e5b4 
Dealt to 4925aefb 
cc15e5b4: folds
4925aefb: raises $0.08 to $0.13
Hero: folds
7f1435d7: folds
ac1ab5db: folds
bff294a1: folds
Uncalled bet ($0.08) returned to 4925aefb
*** SHOWDOWN ***
4925aefb collected $0.12 from pot
*** SUMMARY ***
Total pot $0.12 | Rake $0 | Jackpot $0 | Bingo $0 | Fortune $0
Seat 1: Hero folded before Flop (didn't bet)
Seat 2: 7f1435d7 (button) folded before Flop (didn't bet)
Seat 3: ac1ab5db (small blind) folded before Flop
Seat 4: bff294a1 (big blind) folded before Flop
Seat 5: cc15e5b4 folded before Flop (didn't bet)
Seat 6: 4925aefb collected ($0.12)


Poker Hand #HD1151735630: Hold'em No Limit  ($0.02/$0.05) - 2023/03/08 21:02:41
Table 'NLHBlue33' 6-max Seat #1 is the button
Seat 1: Hero ($5 in chips)
Seat 2: 7f1435d7 ($5 in chips)
Seat 3: ac1ab5db ($10.99 in chips)
Seat 4: bff294a1 ($5 in chips)
Seat 5: cc15e5b4 ($5.21 in chips)
Seat 6: 4925aefb ($7.26 in chips)
7f1435d7: posts small blind $0.02
ac1ab5db: posts big blind $0.05
*** HOLE CARDS ***
Dealt to Hero [2d 8s]
Dealt to 7f1435d7 
Dealt to ac1ab5db 
Dealt to bff294a1 
Dealt to cc15e5b4 
Dealt to 4925aefb 
bff294a1: folds
cc15e5b4: folds
4925aefb: folds
Hero: folds
7f1435d7: raises $0.05 to $0.1
ac1ab5db: folds
Uncalled bet ($0.05) returned to 7f1435d7
*** SHOWDOWN ***
7f1435d7 collected $0.1 from pot
*** SUMMARY ***
Total pot $0.1 | Rake $0 | Jackpot $0 | Bingo $0 | Fortune $0
Seat 1: Hero (button) folded before Flop (didn't bet)
Seat 2: 7f1435d7 (small blind) collected ($0.1)
Seat 3: ac1ab5db (big blind) folded before Flop
Seat 4: bff294a1 folded before Flop (didn't bet)
Seat 5: cc15e5b4 folded before Flop (didn't bet)
Seat 6: 4925aefb folded before Flop (didn't bet)


Poker Hand #HD1151735574: Hold'em No Limit  ($0.02/$0.05) - 2023/03/08 21:02:13
Table 'NLHBlue33' 6-max Seat #6 is the button
Seat 1: Hero ($5 in chips)
Seat 2: 7f1435d7 ($5 in chips)
Seat 3: ac1ab5db ($10.99 in chips)
Seat 4: bff294a1 ($5.11 in chips)
Seat 5: cc15e5b4 ($5 in chips)
Seat 6: 4925aefb ($7.26 in chips)
Hero: posts small blind $0.02
7f1435d7: posts big blind $0.05
*** HOLE CARDS ***
Dealt to Hero [5c 7d]
Dealt to 7f1435d7 
Dealt to ac1ab5db 
Dealt to bff294a1 
Dealt to cc15e5b4 
Dealt to 4925aefb 
ac1ab5db: folds
bff294a1: raises $0.1 to $0.15
cc15e5b4: raises $0.28 to $0.43
4925aefb: folds
Hero: folds
7f1435d7: folds
bff294a1: folds
Uncalled bet ($0.28) returned to cc15e5b4
*** SHOWDOWN ***
cc15e5b4 collected $0.36 from pot
*** SUMMARY ***
Total pot $0.37 | Rake $0.01 | Jackpot $0 | Bingo $0 | Fortune $0
Seat 1: Hero (small blind) folded before Flop
Seat 2: 7f1435d7 (big blind) folded before Flop
Seat 3: ac1ab5db folded before Flop (didn't bet)
Seat 4: bff294a1 folded before Flop
Seat 5: cc15e5b4 collected ($0.36)
Seat 6: 4925aefb (button) folded before Flop (didn't bet)


Poker Hand #HD1151735417: Hold'em No Limit  ($0.02/$0.05) - 2023/03/08 21:00:58
Table 'NLHBlue33' 6-max Seat #5 is the button
Seat 1: Hero ($5 in chips)
Seat 3: ac1ab5db ($10.99 in chips)
Seat 4: bff294a1 ($6.15 in chips)
Seat 5: cc15e5b4 ($5 in chips)
Seat 6: 4925aefb ($5.38 in chips)
4925aefb: posts small blind $0.02
Hero: posts big blind $0.05
*** HOLE CARDS ***
Dealt to Hero [Qd Js]
Dealt to ac1ab5db 
Dealt to bff294a1 
Dealt to cc15e5b4 
Dealt to 4925aefb 
ac1ab5db: folds
bff294a1: raises $0.1 to $0.15
cc15e5b4: folds
4925aefb: calls $0.13
Hero: calls $0.1
*** FLOP *** [9d 8h 5d]
4925aefb: checks
Hero: checks
bff294a1: bets $0.17
4925aefb: calls $0.17
Hero: calls $0.17
*** TURN *** [9d 8h 5d] [Jc]
4925aefb: bets $0.72
Hero: calls $0.72
bff294a1: calls $0.72
*** RIVER *** [9d 8h 5d Jc] [Ah]
4925aefb: checks
Hero: checks
bff294a1: checks
4925aefb: shows [Kh Jh] (Pair of Jacks)
Hero: shows [Qd Js] (Pair of Jacks)
bff294a1: shows [Ts 9s] (Pair of Nines)
*** SHOWDOWN ***
4925aefb collected $2.92 from pot
*** SUMMARY ***
Total pot $3.12 | Rake $0.15 | Jackpot $0.05 | Bingo $0 | Fortune $0
Board [9d 8h 5d Jc Ah]
Seat 1: Hero (big blind) showed [Qd Js] and lost with Pair of Jacks
Seat 3: ac1ab5db folded before Flop (didn't bet)
Seat 4: bff294a1 showed [Ts 9s] and lost with Pair of Nines
Seat 5: cc15e5b4 (button) folded before Flop (didn't bet)
Seat 6: 4925aefb (small blind) showed [Kh Jh] and won ($2.92) with Pair of Jacks


Poker Hand #HD1151735376: Hold'em No Limit  ($0.02/$0.05) - 2023/03/08 21:00:40
Table 'NLHBlue33' 6-max Seat #4 is the button
Seat 1: Hero ($5 in chips)
Seat 2: 8d86aab5 ($2.05 in chips)
Seat 3: ac1ab5db ($10.99 in chips)
Seat 4: bff294a1 ($6.08 in chips)
Seat 5: cc15e5b4 ($5 in chips)
Seat 6: 4925aefb ($5.43 in chips)
cc15e5b4: posts small blind $0.02
4925aefb: posts big blind $0.05
*** HOLE CARDS ***
Dealt to Hero [8s 6h]
Dealt to 8d86aab5 
Dealt to ac1ab5db 
Dealt to bff294a1 
Dealt to cc15e5b4 
Dealt to 4925aefb 
Hero: folds
8d86aab5: folds
ac1ab5db: folds
bff294a1: raises $0.07 to $0.12
cc15e5b4: folds
4925aefb: folds
Uncalled bet ($0.07) returned to bff294a1
*** SHOWDOWN ***
bff294a1 collected $0.12 from pot
*** SUMMARY ***
Total pot $0.12 | Rake $0 | Jackpot $0 | Bingo $0 | Fortune $0
Seat 1: Hero folded before Flop (didn't bet)
Seat 2: 8d86aab5 folded before Flop (didn't bet)
Seat 3: ac1ab5db folded before Flop (didn't bet)
Seat 4: bff294a1 (button) collected ($0.12)
Seat 5: cc15e5b4 (small blind) folded before Flop
Seat 6: 4925aefb (big blind) folded before Flop


Poker Hand #HD1151735310: Hold'em No Limit  ($0.02/$0.05) - 2023/03/08 21:00:10
Table 'NLHBlue33' 6-max Seat #3 is the button
Seat 1: Hero ($5 in chips)
Seat 2: 8d86aab5 ($1.98 in chips)
Seat 3: ac1ab5db ($10.99 in chips)
Seat 4: bff294a1 ($6.1 in chips)
Seat 5: cc15e5b4 ($5 in chips)
Seat 6: 4925aefb ($5.43 in chips)
bff294a1: posts small blind $0.02
cc15e5b4: posts big blind $0.05
*** HOLE CARDS ***
Dealt to Hero [Qd 3c]
Dealt to 8d86aab5 
Dealt to ac1ab5db 
Dealt to bff294a1 
Dealt to cc15e5b4 
Dealt to 4925aefb 
4925aefb: folds
Hero: folds
8d86aab5: calls $0.05
ac1ab5db: folds
bff294a1: folds
cc15e5b4: checks
*** FLOP *** [2s 2c Kc]
cc15e5b4: checks
8d86aab5: checks
*** TURN *** [2s 2c Kc] [9c]
cc15e5b4: checks
8d86aab5: bets $0.09
cc15e5b4: folds
Uncalled bet ($0.09) returned to 8d86aab5
*** SHOWDOWN ***
8d86aab5 collected $0.12 from pot
*** SUMMARY ***
Total pot $0.12 | Rake $0 | Jackpot $0 | Bingo $0 | Fortune $0
Board [2s 2c Kc 9c]
Seat 1: Hero folded before Flop (didn't bet)
Seat 2: 8d86aab5 won ($0.12)
Seat 3: ac1ab5db (button) folded before Flop (didn't bet)
Seat 4: bff294a1 (small blind) folded before Flop
Seat 5: cc15e5b4 (big blind) folded on the Turn
Seat 6: 4925aefb folded before Flop (didn't bet)


Poker Hand #HD1151735085: Hold'em No Limit  ($0.02/$0.05) - 2023/03/08 20:58:30
Table 'NLHBlue33' 6-max Seat #2 is the button
Seat 1: Hero ($5 in chips)
Seat 2: 8d86aab5 ($2.15 in chips)
Seat 3: ac1ab5db ($10.67 in chips)
Seat 4: bff294a1 ($6.27 in chips)
Seat 6: 4925aefb ($5.43 in chips)
ac1ab5db: posts small blind $0.02
bff294a1: posts big blind $0.05
*** HOLE CARDS ***
Dealt to Hero [9c 4c]
Dealt to 8d86aab5 
Dealt to ac1ab5db 
Dealt to bff294a1 
Dealt to 4925aefb 
4925aefb: folds
Hero: folds
8d86aab5: calls $0.05
ac1ab5db: raises $0.12 to $0.17
bff294a1: calls $0.12
8d86aab5: calls $0.12
*** FLOP *** [Td Ah Jh]
ac1ab5db: bets $0.3
bff294a1: folds
8d86aab5: folds
Uncalled bet ($0.3) returned to ac1ab5db
*** SHOWDOWN ***
ac1ab5db collected $0.49 from pot
*** SUMMARY ***
Total pot $0.51 | Rake $0.02 | Jackpot $0 | Bingo $0 | Fortune $0
Board [Td Ah Jh]
Seat 1: Hero folded before Flop (didn't bet)
Seat 2: 8d86aab5 (button) folded on the Flop
Seat 3: ac1ab5db (small blind) won ($0.49)
Seat 4: bff294a1 (big blind) folded on the Flop
Seat 6: 4925aefb folded before Flop (didn't bet)


Poker Hand #HD1151734987: Hold'em No Limit  ($0.02/$0.05) - 2023/03/08 20:57:49
Table 'NLHBlue33' 6-max Seat #1 is the button
Seat 1: Hero ($5 in chips)
Seat 2: 8d86aab5 ($1.99 in chips)
Seat 3: ac1ab5db ($10.72 in chips)
Seat 4: bff294a1 ($6.27 in chips)
Seat 6: 4925aefb ($5.43 in chips)
8d86aab5: posts small blind $0.02
ac1ab5db: posts big blind $0.05
*** HOLE CARDS ***
Dealt to Hero [2d 2s]
Dealt to 8d86aab5 
Dealt to ac1ab5db 
Dealt to bff294a1 
Dealt to 4925aefb 
bff294a1: folds
4925aefb: folds
Hero: raises $0.07 to $0.12
8d86aab5: calls $0.1
ac1ab5db: folds
*** FLOP *** [9s Ks Qc]
8d86aab5: checks
Hero: checks
*** TURN *** [9s Ks Qc] [Kc]
8d86aab5: checks
Hero: checks
*** RIVER *** [9s Ks Qc Kc] [8c]
8d86aab5: bets $0.1
Hero: folds
Uncalled bet ($0.1) returned to 8d86aab5
*** SHOWDOWN ***
8d86aab5 collected $0.28 from pot
*** SUMMARY ***
Total pot $0.29 | Rake $0.01 | Jackpot $0 | Bingo $0 | Fortune $0
Board [9s Ks Qc Kc 8c]
Seat 1: Hero (button) folded on the River
Seat 2: 8d86aab5 (small blind) won ($0.28)
Seat 3: ac1ab5db (big blind) folded before Flop
Seat 4: bff294a1 folded before Flop (didn't bet)
Seat 6: 4925aefb folded before Flop (didn't bet)


Poker Hand #HD1151734889: Hold'em No Limit  ($0.02/$0.05) - 2023/03/08 20:57:05
Table 'NLHBlue33' 6-max Seat #6 is the button
Seat 1: Hero ($5 in chips)
Seat 2: 8d86aab5 ($2.14 in chips)
Seat 3: ac1ab5db ($10.74 in chips)
Seat 4: bff294a1 ($6.09 in chips)
Seat 6: 4925aefb ($5.43 in chips)
Hero: posts small blind $0.02
8d86aab5: posts big blind $0.05
ac1ab5db: posts missed blind $0.02
*** HOLE CARDS ***
Dealt to Hero [8c Th]
Dealt to 8d86aab5 
Dealt to ac1ab5db 
Dealt to bff294a1 
Dealt to 4925aefb 
ac1ab5db: folds
bff294a1: raises $0.1 to $0.15
4925aefb: folds
Hero: folds
8d86aab5: calls $0.1
*** FLOP *** [2h Ad 7d]
8d86aab5: checks
bff294a1: bets $0.26
8d86aab5: folds
Uncalled bet ($0.26) returned to bff294a1
*** SHOWDOWN ***
bff294a1 collected $0.33 from pot
*** SUMMARY ***
Total pot $0.34 | Rake $0.01 | Jackpot $0 | Bingo $0 | Fortune $0
Board [2h Ad 7d]
Seat 1: Hero (small blind) folded before Flop
Seat 2: 8d86aab5 (big blind) folded on the Flop
Seat 3: ac1ab5db folded before Flop
Seat 4: bff294a1 won ($0.33)
Seat 6: 4925aefb (button) folded before Flop (didn't bet)


Poker Hand #HD1151734768: Hold'em No Limit  ($0.02/$0.05) - 2023/03/08 20:56:06
Table 'NLHBlue33' 6-max Seat #5 is the button
Seat 1: Hero ($5.03 in chips)
Seat 2: 8d86aab5 ($2.19 in chips)
Seat 4: bff294a1 ($6.09 in chips)
Seat 5: 4883a809 ($1.85 in chips)
Seat 6: 4925aefb ($5.45 in chips)
4925aefb: posts small blind $0.02
Hero: posts big blind $0.05
*** HOLE CARDS ***
Dealt to Hero [8d 7s]
Dealt to 8d86aab5 
Dealt to bff294a1 
Dealt to 4883a809 
Dealt to 4925aefb 
8d86aab5: calls $0.05
bff294a1: folds
4883a809: calls $0.05
4925aefb: folds
Hero: checks
*** FLOP *** [7d 9h 8s]
Hero: bets $0.13
8d86aab5: folds
4883a809: raises $0.22 to $0.35
Hero: raises $4.63 to $4.98 and is all-in
4883a809: calls $1.45 and is all-in
Uncalled bet ($3.18) returned to Hero
Hero: shows [8d 7s] (Pair of Eights and Pair of Sevens)
4883a809: shows [6s 5s] (Nines-High Straight)
*** FIRST TURN *** [7d 9h 8s] [3s]
*** FIRST RIVER *** [7d 9h 8s 3s] [Tc]
*** SECOND TURN *** [7d 9h 8s] [Kh]
*** SECOND RIVER *** [7d 9h 8s Kh] [9c]
*** FIRST SHOWDOWN ***
4883a809 collected $1.77 from pot
*** SECOND SHOWDOWN ***
4883a809 collected $1.77 from pot
*** SUMMARY ***
Total pot $3.77 | Rake $0.18 | Jackpot $0.05 | Bingo $0 | Fortune $0
Hand was run two times
FIRST Board [7d 9h 8s 3s Tc]
SECOND Board [Kh 9c]
Seat 1: Hero (big blind) showed [8d 7s] and lost with Pair of Eights and Pair of Sevens, and lost
Seat 2: 8d86aab5 folded on the Flop
Seat 4: bff294a1 folded before Flop (didn't bet)
Seat 5: 4883a809 (button) showed [6s 5s] and won ($1.77) with Tens-High Straight, and won ($1.77)
Seat 6: 4925aefb (small blind) folded before Flop


Poker Hand #HD1151734748: Hold'em No Limit  ($0.02/$0.05) - 2023/03/08 20:55:55
Table 'NLHBlue33' 6-max Seat #4 is the button
Seat 1: Hero ($5.03 in chips)
Seat 2: 8d86aab5 ($2.19 in chips)
Seat 4: bff294a1 ($6.09 in chips)
Seat 5: 4883a809 ($1.87 in chips)
Seat 6: 4925aefb ($5.43 in chips)
4883a809: posts small blind $0.02
4925aefb: posts big blind $0.05
*** HOLE CARDS ***
Dealt to Hero [6c 9d]
Dealt to 8d86aab5 
Dealt to bff294a1 
Dealt to 4883a809 
Dealt to 4925aefb 
Hero: folds
8d86aab5: folds
bff294a1: folds
4883a809: folds
Uncalled bet ($0.03) returned to 4925aefb
*** SHOWDOWN ***
4925aefb collected $0.04 from pot
*** SUMMARY ***
Total pot $0.04 | Rake $0 | Jackpot $0 | Bingo $0 | Fortune $0
Seat 1: Hero folded before Flop (didn't bet)
Seat 2: 8d86aab5 folded before Flop (didn't bet)
Seat 4: bff294a1 (button) folded before Flop (didn't bet)
Seat 5: 4883a809 (small blind) folded before Flop
Seat 6: 4925aefb (big blind) collected ($0.04)


Poker Hand #HD1151734634: Hold'em No Limit  ($0.02/$0.05) - 2023/03/08 20:55:01
Table 'NLHBlue33' 6-max Seat #2 is the button
Seat 1: Hero ($5.03 in chips)
Seat 2: 8d86aab5 ($2.19 in chips)
Seat 4: bff294a1 ($5 in chips)
Seat 5: 4883a809 ($3.13 in chips)
Seat 6: 4925aefb ($5.43 in chips)
bff294a1: posts small blind $0.02
4883a809: posts big blind $0.05
*** HOLE CARDS ***
Dealt to Hero [Ts Qh]
Dealt to 8d86aab5 
Dealt to bff294a1 
Dealt to 4883a809 
Dealt to 4925aefb 
4925aefb: folds
Hero: folds
8d86aab5: folds
bff294a1: raises $0.1 to $0.15
4883a809: calls $0.1
*** FLOP *** [8d Qc 8c]
bff294a1: bets $0.1
4883a809: raises $0.38 to $0.48
bff294a1: calls $0.38
*** TURN *** [8d Qc 8c] [2h]
bff294a1: checks
4883a809: bets $0.63
bff294a1: calls $0.63
*** RIVER *** [8d Qc 8c 2h] [Js]
bff294a1: checks
4883a809: checks
bff294a1: shows [Ac Jc] (Pair of Jacks and Pair of Eights)
4883a809: shows [9s 9d] (Pair of Nines and Pair of Eights)
*** SHOWDOWN ***
bff294a1 collected $2.35 from pot
*** SUMMARY ***
Total pot $2.52 | Rake $0.12 | Jackpot $0.05 | Bingo $0 | Fortune $0
Board [8d Qc 8c 2h Js]
Seat 1: Hero folded before Flop (didn't bet)
Seat 2: 8d86aab5 (button) folded before Flop (didn't bet)
Seat 4: bff294a1 (small blind) showed [Ac Jc] and won ($2.35) with Pair of Jacks and Pair of Eights
Seat 5: 4883a809 (big blind) showed [9s 9d] and lost with Pair of Nines and Pair of Eights
Seat 6: 4925aefb folded before Flop (didn't bet)


Poker Hand #HD1151734531: Hold'em No Limit  ($0.02/$0.05) - 2023/03/08 20:54:11
Table 'NLHBlue33' 6-max Seat #1 is the button
Seat 1: Hero ($5.03 in chips)
Seat 2: 8d86aab5 ($2.14 in chips)
Seat 3: ac1ab5db ($10.79 in chips)
Seat 4: bff294a1 ($5 in chips)
Seat 5: 4883a809 ($3.13 in chips)
Seat 6: 4925aefb ($5.43 in chips)
8d86aab5: posts small blind $0.02
ac1ab5db: posts big blind $0.05
*** HOLE CARDS ***
Dealt to Hero [2d 4d]
Dealt to 8d86aab5 
Dealt to ac1ab5db 
Dealt to bff294a1 
Dealt to 4883a809 
Dealt to 4925aefb 
bff294a1: folds
4883a809: folds
4925aefb: folds
Hero: folds
8d86aab5: calls $0.03
ac1ab5db: checks
*** FLOP *** [2h 3h Th]
8d86aab5: bets $0.05
ac1ab5db: folds
Uncalled bet ($0.05) returned to 8d86aab5
*** SHOWDOWN ***
8d86aab5 collected $0.1 from pot
*** SUMMARY ***
Total pot $0.1 | Rake $0 | Jackpot $0 | Bingo $0 | Fortune $0
Board [2h 3h Th]
Seat 1: Hero (button) folded before Flop (didn't bet)
Seat 2: 8d86aab5 (small blind) won ($0.1)
Seat 3: ac1ab5db (big blind) folded on the Flop
Seat 4: bff294a1 folded before Flop (didn't bet)
Seat 5: 4883a809 folded before Flop (didn't bet)
Seat 6: 4925aefb folded before Flop (didn't bet)


Poker Hand #HD1151734432: Hold'em No Limit  ($0.02/$0.05) - 2023/03/08 20:53:23
Table 'NLHBlue33' 6-max Seat #6 is the button
Seat 1: Hero ($5.05 in chips)
Seat 2: 8d86aab5 ($2.27 in chips)
Seat 3: ac1ab5db ($10.65 in chips)
Seat 4: bff294a1 ($5 in chips)
Seat 5: 4883a809 ($3.13 in chips)
Seat 6: 4925aefb ($5.43 in chips)
Hero: posts small blind $0.02
8d86aab5: posts big blind $0.05
*** HOLE CARDS ***
Dealt to Hero [6d 9c]
Dealt to 8d86aab5 
Dealt to ac1ab5db 
Dealt to bff294a1 
Dealt to 4883a809 
Dealt to 4925aefb 
ac1ab5db: raises $0.08 to $0.13
bff294a1: folds
4883a809: folds
4925aefb: folds
Hero: folds
8d86aab5: calls $0.08
*** FLOP *** [8d Qc 8h]
8d86aab5: checks
ac1ab5db: checks
*** TURN *** [8d Qc 8h] [Jc]
8d86aab5: checks
ac1ab5db: bets $0.21
8d86aab5: folds
Uncalled bet ($0.21) returned to ac1ab5db
*** SHOWDOWN ***
ac1ab5db collected $0.27 from pot
*** SUMMARY ***
Total pot $0.28 | Rake $0.01 | Jackpot $0 | Bingo $0 | Fortune $0
Board [8d Qc 8h Jc]
Seat 1: Hero (small blind) folded before Flop
Seat 2: 8d86aab5 (big blind) folded on the Turn
Seat 3: ac1ab5db won ($0.27)
Seat 4: bff294a1 folded before Flop (didn't bet)
Seat 5: 4883a809 folded before Flop (didn't bet)
Seat 6: 4925aefb (button) folded before Flop (didn't bet)


Poker Hand #HD1151734386: Hold'em No Limit  ($0.02/$0.05) - 2023/03/08 20:53:02
Table 'NLHBlue33' 6-max Seat #5 is the button
Seat 1: Hero ($5 in chips)
Seat 2: 8d86aab5 ($2.27 in chips)
Seat 3: ac1ab5db ($10.65 in chips)
Seat 4: bff294a1 ($5 in chips)
Seat 5: 4883a809 ($3.13 in chips)
Seat 6: 4925aefb ($5.38 in chips)
4925aefb: posts small blind $0.02
Hero: posts big blind $0.05
*** HOLE CARDS ***
Dealt to Hero [Kc 4s]
Dealt to 8d86aab5 
Dealt to ac1ab5db 
Dealt to bff294a1 
Dealt to 4883a809 
Dealt to 4925aefb 
8d86aab5: folds
ac1ab5db: folds
bff294a1: folds
4883a809: folds
4925aefb: raises $0.1 to $0.15
Hero: folds
Uncalled bet ($0.1) returned to 4925aefb
*** SHOWDOWN ***
4925aefb collected $0.1 from pot
*** SUMMARY ***
Total pot $0.1 | Rake $0 | Jackpot $0 | Bingo $0 | Fortune $0
Seat 1: Hero (big blind) folded before Flop
Seat 2: 8d86aab5 folded before Flop (didn't bet)
Seat 3: ac1ab5db folded before Flop (didn't bet)
Seat 4: bff294a1 folded before Flop (didn't bet)
Seat 5: 4883a809 (button) folded before Flop (didn't bet)
Seat 6: 4925aefb (small blind) collected ($0.1)


Poker Hand #HD1151734298: Hold'em No Limit  ($0.02/$0.05) - 2023/03/08 20:52:26
Table 'NLHBlue33' 6-max Seat #4 is the button
Seat 1: Hero ($5 in chips)
Seat 2: 8d86aab5 ($1.88 in chips)
Seat 3: ac1ab5db ($10.65 in chips)
Seat 4: bff294a1 ($5 in chips)
Seat 5: 4883a809 ($3.15 in chips)
Seat 6: 4925aefb ($5.43 in chips)
4883a809: posts small blind $0.02
4925aefb: posts big blind $0.05
*** HOLE CARDS ***
Dealt to Hero [8c Ad]
Dealt to 8d86aab5 
Dealt to ac1ab5db 
Dealt to bff294a1 
Dealt to 4883a809 
Dealt to 4925aefb 
Hero: folds
8d86aab5: calls $0.05
ac1ab5db: folds
bff294a1: raises $0.15 to $0.2
4883a809: folds
4925aefb: folds
8d86aab5: calls $0.15
*** FLOP *** [Ts 5c Qc]
8d86aab5: checks
bff294a1: bets $0.16
8d86aab5: raises $0.6 to $0.76
bff294a1: folds
Uncalled bet ($0.6) returned to 8d86aab5
*** SHOWDOWN ***
8d86aab5 collected $0.75 from pot
*** SUMMARY ***
Total pot $0.79 | Rake $0.04 | Jackpot $0 | Bingo $0 | Fortune $0
Board [Ts 5c Qc]
Seat 1: Hero folded before Flop (didn't bet)
Seat 2: 8d86aab5 won ($0.75)
Seat 3: ac1ab5db folded before Flop (didn't bet)
Seat 4: bff294a1 (button) folded on the Flop
Seat 5: 4883a809 (small blind) folded before Flop
Seat 6: 4925aefb (big blind) folded before Flop


Poker Hand #HD1151734248: Hold'em No Limit  ($0.02/$0.05) - 2023/03/08 20:52:06
Table 'NLHBlue33' 6-max Seat #3 is the button
Seat 1: Hero ($5 in chips)
Seat 2: 8d86aab5 ($1.81 in chips)
Seat 3: ac1ab5db ($10.65 in chips)
Seat 4: bff294a1 ($5 in chips)
Seat 5: 4883a809 ($3.2 in chips)
Seat 6: 4925aefb ($5.43 in chips)
bff294a1: posts small blind $0.02
4883a809: posts big blind $0.05
*** HOLE CARDS ***
Dealt to Hero [4d 7d]
Dealt to 8d86aab5 
Dealt to ac1ab5db 
Dealt to bff294a1 
Dealt to 4883a809 
Dealt to 4925aefb 
4925aefb: folds
Hero: folds
8d86aab5: raises $0.15 to $0.2
ac1ab5db: folds
bff294a1: folds
4883a809: folds
Uncalled bet ($0.15) returned to 8d86aab5
*** SHOWDOWN ***
8d86aab5 collected $0.12 from pot
*** SUMMARY ***
Total pot $0.12 | Rake $0 | Jackpot $0 | Bingo $0 | Fortune $0
Seat 1: Hero folded before Flop (didn't bet)
Seat 2: 8d86aab5 collected ($0.12)
Seat 3: ac1ab5db (button) folded before Flop (didn't bet)
Seat 4: bff294a1 (small blind) folded before Flop
Seat 5: 4883a809 (big blind) folded before Flop
Seat 6: 4925aefb folded before Flop (didn't bet)


Poker Hand #HD1151734224: Hold'em No Limit  ($0.02/$0.05) - 2023/03/08 20:51:53
Table 'NLHBlue33' 6-max Seat #2 is the button
Seat 1: Hero ($5 in chips)
Seat 2: 8d86aab5 ($1.74 in chips)
Seat 3: ac1ab5db ($10.67 in chips)
Seat 4: bff294a1 ($5 in chips)
Seat 5: 4883a809 ($3.2 in chips)
Seat 6: 4925aefb ($5.43 in chips)
ac1ab5db: posts small blind $0.02
bff294a1: posts big blind $0.05
*** HOLE CARDS ***
Dealt to Hero [3s 5s]
Dealt to 8d86aab5 
Dealt to ac1ab5db 
Dealt to bff294a1 
Dealt to 4883a809 
Dealt to 4925aefb 
4883a809: folds
4925aefb: folds
Hero: folds
8d86aab5: raises $0.1 to $0.15
ac1ab5db: folds
bff294a1: folds
Uncalled bet ($0.1) returned to 8d86aab5
*** SHOWDOWN ***
8d86aab5 collected $0.12 from pot
*** SUMMARY ***
Total pot $0.12 | Rake $0 | Jackpot $0 | Bingo $0 | Fortune $0
Seat 1: Hero folded before Flop (didn't bet)
Seat 2: 8d86aab5 (button) collected ($0.12)
Seat 3: ac1ab5db (small blind) folded before Flop
Seat 4: bff294a1 (big blind) folded before Flop
Seat 5: 4883a809 folded before Flop (didn't bet)
Seat 6: 4925aefb folded before Flop (didn't bet)


Poker Hand #HD1151734111: Hold'em No Limit  ($0.02/$0.05) - 2023/03/08 20:50:52
Table 'NLHBlue33' 6-max Seat #1 is the button
Seat 1: Hero ($5 in chips)
Seat 2: 8d86aab5 ($2.12 in chips)
Seat 3: ac1ab5db ($10.72 in chips)
Seat 4: bff294a1 ($5 in chips)
Seat 5: 4883a809 ($2.45 in chips)
Seat 6: 4925aefb ($5.81 in chips)
8d86aab5: posts small blind $0.02
ac1ab5db: posts big blind $0.05
*** HOLE CARDS ***
Dealt to Hero [8h 2h]
Dealt to 8d86aab5 
Dealt to ac1ab5db 
Dealt to bff294a1 
Dealt to 4883a809 
Dealt to 4925aefb 
bff294a1: folds
4883a809: calls $0.05
4925aefb: raises $0.13 to $0.18
Hero: folds
8d86aab5: calls $0.16
ac1ab5db: folds
4883a809: calls $0.13
*** FLOP *** [9c 5d Kc]
8d86aab5: checks
4883a809: checks
4925aefb: bets $0.2
8d86aab5: calls $0.2
4883a809: raises $0.6 to $0.8
4925aefb: folds
8d86aab5: folds
Uncalled bet ($0.6) returned to 4883a809
*** SHOWDOWN ***
4883a809 collected $1.13 from pot
*** SUMMARY ***
Total pot $1.19 | Rake $0.06 | Jackpot $0 | Bingo $0 | Fortune $0
Board [9c 5d Kc]
Seat 1: Hero (button) folded before Flop (didn't bet)
Seat 2: 8d86aab5 (small blind) folded on the Flop
Seat 3: ac1ab5db (big blind) folded before Flop
Seat 4: bff294a1 folded before Flop (didn't bet)
Seat 5: 4883a809 won ($1.13)
Seat 6: 4925aefb folded on the Flop


Poker Hand #HD1151733926: Hold'em No Limit  ($0.02/$0.05) - 2023/03/08 20:49:27
Table 'NLHBlue33' 6-max Seat #6 is the button
Seat 1: Hero ($5 in chips)
Seat 2: 8d86aab5 ($1.14 in chips)
Seat 3: ac1ab5db ($10.72 in chips)
Seat 4: bff294a1 ($5 in chips)
Seat 5: 4883a809 ($2.45 in chips)
Seat 6: 4925aefb ($5.81 in chips)
Hero: posts small blind $0.02
8d86aab5: posts big blind $0.05
*** HOLE CARDS ***
Dealt to Hero [2s Qd]
Dealt to 8d86aab5 
Dealt to ac1ab5db 
Dealt to bff294a1 
Dealt to 4883a809 
Dealt to 4925aefb 
ac1ab5db: folds
bff294a1: raises $0.1 to $0.15
4883a809: folds
4925aefb: folds
Hero: folds
8d86aab5: raises $0.32 to $0.47
bff294a1: calls $0.32
*** FLOP *** [6d 5c 6h]
8d86aab5: bets $0.67 and is all-in
bff294a1: calls $0.67
8d86aab5: shows [Js Jd] (Pair of Jacks and Pair of Sixes)
bff294a1: shows [4c 4d] (Pair of Sixes and Pair of Fours)
*** TURN *** [6d 5c 6h] [9h]
*** RIVER *** [6d 5c 6h 9h] [8h]
*** SHOWDOWN ***
8d86aab5 collected $2.12 from pot
*** SUMMARY ***
Total pot $2.3 | Rake $0.13 | Jackpot $0.05 | Bingo $0 | Fortune $0
Board [6d 5c 6h 9h 8h]
Seat 1: Hero (small blind) folded before Flop
Seat 2: 8d86aab5 (big blind) showed [Js Jd] and won ($2.12) with Pair of Jacks and Pair of Sixes
Seat 3: ac1ab5db folded before Flop (didn't bet)
Seat 4: bff294a1 showed [4c 4d] and lost with Pair of Sixes and Pair of Fours
Seat 5: 4883a809 folded before Flop (didn't bet)
Seat 6: 4925aefb (button) folded before Flop (didn't bet)


Poker Hand #HD1151733857: Hold'em No Limit  ($0.02/$0.05) - 2023/03/08 20:48:55
Table 'NLHBlue33' 6-max Seat #5 is the button
Seat 1: Hero ($5 in chips)
Seat 2: 8d86aab5 ($1.07 in chips)
Seat 3: ac1ab5db ($10.72 in chips)
Seat 4: bff294a1 ($5 in chips)
Seat 5: 4883a809 ($2.45 in chips)
Seat 6: 4925aefb ($5.83 in chips)
4925aefb: posts small blind $0.02
Hero: posts big blind $0.05
*** HOLE CARDS ***
Dealt to Hero [Qc 3c]
Dealt to 8d86aab5 
Dealt to ac1ab5db 
Dealt to bff294a1 
Dealt to 4883a809 
Dealt to 4925aefb 
8d86aab5: raises $0.15 to $0.2
ac1ab5db: folds
bff294a1: folds
4883a809: folds
4925aefb: folds
Hero: folds
Uncalled bet ($0.15) returned to 8d86aab5
*** SHOWDOWN ***
8d86aab5 collected $0.12 from pot
*** SUMMARY ***
Total pot $0.12 | Rake $0 | Jackpot $0 | Bingo $0 | Fortune $0
Seat 1: Hero (big blind) folded before Flop
Seat 2: 8d86aab5 collected ($0.12)
Seat 3: ac1ab5db folded before Flop (didn't bet)
Seat 4: bff294a1 folded before Flop (didn't bet)
Seat 5: 4883a809 (button) folded before Flop (didn't bet)
Seat 6: 4925aefb (small blind) folded before Flop


Poker Hand #HD1151733813: Hold'em No Limit  ($0.02/$0.05) - 2023/03/08 20:48:33
Table 'NLHBlue33' 6-max Seat #4 is the button
Seat 1: Hero ($5 in chips)
Seat 2: 8d86aab5 ($1 in chips)
Seat 3: ac1ab5db ($10.72 in chips)
Seat 4: bff294a1 ($5 in chips)
Seat 5: 4883a809 ($2.47 in chips)
Seat 6: 4925aefb ($5.88 in chips)
4883a809: posts small blind $0.02
4925aefb: posts big blind $0.05
8d86aab5: posts big blind $0.05
*** HOLE CARDS ***
Dealt to Hero [8h Td]
Dealt to 8d86aab5 
Dealt to ac1ab5db 
Dealt to bff294a1 
Dealt to 4883a809 
Dealt to 4925aefb 
Hero: folds
8d86aab5: raises $0.15 to $0.2
ac1ab5db: folds
bff294a1: folds
4883a809: folds
4925aefb: folds
Uncalled bet ($0.15) returned to 8d86aab5
*** SHOWDOWN ***
8d86aab5 collected $0.12 from pot
*** SUMMARY ***
Total pot $0.12 | Rake $0 | Jackpot $0 | Bingo $0 | Fortune $0
Seat 1: Hero folded before Flop (didn't bet)
Seat 2: 8d86aab5 collected ($0.12)
Seat 3: ac1ab5db folded before Flop (didn't bet)
Seat 4: bff294a1 (button) folded before Flop (didn't bet)
Seat 5: 4883a809 (small blind) folded before Flop
Seat 6: 4925aefb (big blind) folded before Flop


Poker Hand #HD1151733765: Hold'em No Limit  ($0.02/$0.05) - 2023/03/08 20:48:01
Table 'NLHBlue33' 6-max Seat #3 is the button
Seat 1: Hero ($5 in chips)
Seat 3: ac1ab5db ($10.56 in chips)
Seat 4: bff294a1 ($5 in chips)
Seat 5: 4883a809 ($2.62 in chips)
Seat 6: 4925aefb ($5.88 in chips)
bff294a1: posts small blind $0.02
4883a809: posts big blind $0.05
*** HOLE CARDS ***
Dealt to Hero [2c Kc]
Dealt to ac1ab5db 
Dealt to bff294a1 
Dealt to 4883a809 
Dealt to 4925aefb 
4925aefb: folds
Hero: folds
ac1ab5db: raises $0.1 to $0.15
bff294a1: folds
4883a809: calls $0.1
*** FLOP *** [6c 6h 5s]
4883a809: checks
ac1ab5db: bets $0.15
4883a809: folds
Uncalled bet ($0.15) returned to ac1ab5db
*** SHOWDOWN ***
ac1ab5db collected $0.31 from pot
*** SUMMARY ***
Total pot $0.32 | Rake $0.01 | Jackpot $0 | Bingo $0 | Fortune $0
Board [6c 6h 5s]
Seat 1: Hero folded before Flop (didn't bet)
Seat 3: ac1ab5db (button) won ($0.31)
Seat 4: bff294a1 (small blind) folded before Flop
Seat 5: 4883a809 (big blind) folded on the Flop
Seat 6: 4925aefb folded before Flop (didn't bet)


Poker Hand #HD1151733655: Hold'em No Limit  ($0.02/$0.05) - 2023/03/08 20:47:11
Table 'NLHBlue33' 6-max Seat #1 is the button
Seat 1: Hero ($5 in chips)
Seat 3: ac1ab5db ($10.04 in chips)
Seat 4: bff294a1 ($5 in chips)
Seat 5: 4883a809 ($2.62 in chips)
Seat 6: 4925aefb ($5.88 in chips)
ac1ab5db: posts small blind $0.02
bff294a1: posts big blind $0.05
*** HOLE CARDS ***
Dealt to Hero [Jc Kh]
Dealt to ac1ab5db 
Dealt to bff294a1 
Dealt to 4883a809 
Dealt to 4925aefb 
4883a809: folds
4925aefb: folds
Hero: raises $0.07 to $0.12
ac1ab5db: calls $0.1
bff294a1: calls $0.07
*** FLOP *** [Ks As 7h]
ac1ab5db: checks
bff294a1: checks
Hero: bets $0.18
ac1ab5db: calls $0.18
bff294a1: folds
*** TURN *** [Ks As 7h] [8h]
ac1ab5db: checks
Hero: checks
*** RIVER *** [Ks As 7h 8h] [3s]
ac1ab5db: bets $0.15
Hero: calls $0.15
ac1ab5db: shows [Td Ad] (Pair of Aces)
Hero: shows [Jc Kh] (Pair of Kings)
*** SHOWDOWN ***
ac1ab5db collected $0.97 from pot
*** SUMMARY ***
Total pot $1.02 | Rake $0.05 | Jackpot $0 | Bingo $0 | Fortune $0
Board [Ks As 7h 8h 3s]
Seat 1: Hero (button) showed [Jc Kh] and lost with Pair of Kings
Seat 3: ac1ab5db (small blind) showed [Td Ad] and won ($0.97) with Pair of Aces
Seat 4: bff294a1 (big blind) folded on the Flop
Seat 5: 4883a809 folded before Flop (didn't bet)
Seat 6: 4925aefb folded before Flop (didn't bet)


Poker Hand #HD1151733502: Hold'em No Limit  ($0.02/$0.05) - 2023/03/08 20:45:59
Table 'NLHBlue33' 6-max Seat #6 is the button
Seat 1: Hero ($6.43 in chips)
Seat 3: ac1ab5db ($8.6 in chips)
Seat 4: bff294a1 ($5 in chips)
Seat 5: 4883a809 ($1.58 in chips)
Seat 6: 4925aefb ($5.88 in chips)
Hero: posts small blind $0.02
ac1ab5db: posts big blind $0.05
*** HOLE CARDS ***
Dealt to Hero [8d Ad]
Dealt to ac1ab5db 
Dealt to bff294a1 
Dealt to 4883a809 
Dealt to 4925aefb 
bff294a1: folds
4883a809: folds
4925aefb: folds
Hero: raises $0.09 to $0.14
ac1ab5db: raises $0.31 to $0.45
Hero: calls $0.31
*** FLOP *** [Td 2d 7h]
Hero: checks
ac1ab5db: bets $0.25
Hero: calls $0.25
*** TURN *** [Td 2d 7h] [9c]
Hero: checks
ac1ab5db: bets $0.95
Hero: calls $0.95
*** RIVER *** [Td 2d 7h 9c] [4c]
Hero: checks
ac1ab5db: bets $2.25
Hero: folds
Uncalled bet ($2.25) returned to ac1ab5db
*** SHOWDOWN ***
ac1ab5db collected $3.09 from pot
*** SUMMARY ***
Total pot $3.3 | Rake $0.16 | Jackpot $0.05 | Bingo $0 | Fortune $0
Board [Td 2d 7h 9c 4c]
Seat 1: Hero (small blind) folded on the River
Seat 3: ac1ab5db (big blind) won ($3.09)
Seat 4: bff294a1 folded before Flop (didn't bet)
Seat 5: 4883a809 folded before Flop (didn't bet)
Seat 6: 4925aefb (button) folded before Flop (didn't bet)


Poker Hand #HD1151733454: Hold'em No Limit  ($0.02/$0.05) - 2023/03/08 20:45:37
Table 'NLHBlue33' 6-max Seat #5 is the button
Seat 1: Hero ($6.48 in chips)
Seat 2: 1e9cef3d ($7.81 in chips)
Seat 3: ac1ab5db ($8.6 in chips)
Seat 4: bff294a1 ($5 in chips)
Seat 5: 4883a809 ($1.58 in chips)
Seat 6: 4925aefb ($5.83 in chips)
4925aefb: posts small blind $0.02
Hero: posts big blind $0.05
*** HOLE CARDS ***
Dealt to Hero [Jc 3s]
Dealt to 1e9cef3d 
Dealt to ac1ab5db 
Dealt to bff294a1 
Dealt to 4883a809 
Dealt to 4925aefb 
1e9cef3d: folds
ac1ab5db: folds
bff294a1: folds
4883a809: folds
4925aefb: raises $0.1 to $0.15
Hero: folds
Uncalled bet ($0.1) returned to 4925aefb
*** SHOWDOWN ***
4925aefb collected $0.1 from pot
*** SUMMARY ***
Total pot $0.1 | Rake $0 | Jackpot $0 | Bingo $0 | Fortune $0
Seat 1: Hero (big blind) folded before Flop
Seat 2: 1e9cef3d folded before Flop (didn't bet)
Seat 3: ac1ab5db folded before Flop (didn't bet)
Seat 4: bff294a1 folded before Flop (didn't bet)
Seat 5: 4883a809 (button) folded before Flop (didn't bet)
Seat 6: 4925aefb (small blind) collected ($0.1)


Poker Hand #HD1151733422: Hold'em No Limit  ($0.02/$0.05) - 2023/03/08 20:45:21
Table 'NLHBlue33' 6-max Seat #4 is the button
Seat 1: Hero ($6.48 in chips)
Seat 2: 1e9cef3d ($7.81 in chips)
Seat 3: ac1ab5db ($8.53 in chips)
Seat 4: bff294a1 ($5 in chips)
Seat 5: 4883a809 ($1.6 in chips)
Seat 6: 4925aefb ($5.88 in chips)
4883a809: posts small blind $0.02
4925aefb: posts big blind $0.05
*** HOLE CARDS ***
Dealt to Hero [Kh 6h]
Dealt to 1e9cef3d 
Dealt to ac1ab5db 
Dealt to bff294a1 
Dealt to 4883a809 
Dealt to 4925aefb 
Hero: folds
1e9cef3d: folds
ac1ab5db: raises $0.1 to $0.15
bff294a1: folds
4883a809: folds
4925aefb: folds
Uncalled bet ($0.1) returned to ac1ab5db
*** SHOWDOWN ***
ac1ab5db collected $0.12 from pot
*** SUMMARY ***
Total pot $0.12 | Rake $0 | Jackpot $0 | Bingo $0 | Fortune $0
Seat 1: Hero folded before Flop (didn't bet)
Seat 2: 1e9cef3d folded before Flop (didn't bet)
Seat 3: ac1ab5db collected ($0.12)
Seat 4: bff294a1 (button) folded before Flop (didn't bet)
Seat 5: 4883a809 (small blind) folded before Flop
Seat 6: 4925aefb (big blind) folded before Flop


Poker Hand #HD1151733383: Hold'em No Limit  ($0.02/$0.05) - 2023/03/08 20:45:04
Table 'NLHBlue33' 6-max Seat #3 is the button
Seat 1: Hero ($6.48 in chips)
Seat 2: 1e9cef3d ($7.81 in chips)
Seat 3: ac1ab5db ($8.46 in chips)
Seat 4: bff294a1 ($5 in chips)
Seat 5: 4883a809 ($1.65 in chips)
Seat 6: 4925aefb ($5.88 in chips)
bff294a1: posts small blind $0.02
4883a809: posts big blind $0.05
*** HOLE CARDS ***
Dealt to Hero [Ks 8d]
Dealt to 1e9cef3d 
Dealt to ac1ab5db 
Dealt to bff294a1 
Dealt to 4883a809 
Dealt to 4925aefb 
4925aefb: folds
Hero: folds
1e9cef3d: folds
ac1ab5db: raises $0.1 to $0.15
bff294a1: folds
4883a809: folds
Uncalled bet ($0.1) returned to ac1ab5db
*** SHOWDOWN ***
ac1ab5db collected $0.12 from pot
*** SUMMARY ***
Total pot $0.12 | Rake $0 | Jackpot $0 | Bingo $0 | Fortune $0
Seat 1: Hero folded before Flop (didn't bet)
Seat 2: 1e9cef3d folded before Flop (didn't bet)
Seat 3: ac1ab5db (button) collected ($0.12)
Seat 4: bff294a1 (small blind) folded before Flop
Seat 5: 4883a809 (big blind) folded before Flop
Seat 6: 4925aefb folded before Flop (didn't bet)


Poker Hand #HD1151733349: Hold'em No Limit  ($0.02/$0.05) - 2023/03/08 20:44:52
Table 'NLHBlue33' 6-max Seat #2 is the button
Seat 1: Hero ($6.41 in chips)
Seat 2: 1e9cef3d ($7.81 in chips)
Seat 3: ac1ab5db ($8.48 in chips)
Seat 4: bff294a1 ($5.01 in chips)
Seat 5: 4883a809 ($1.65 in chips)
Seat 6: 4925aefb ($5.88 in chips)
ac1ab5db: posts small blind $0.02
bff294a1: posts big blind $0.05
*** HOLE CARDS ***
Dealt to Hero [Ah Ks]
Dealt to 1e9cef3d 
Dealt to ac1ab5db 
Dealt to bff294a1 
Dealt to 4883a809 
Dealt to 4925aefb 
4883a809: folds
4925aefb: folds
Hero: raises $0.07 to $0.12
1e9cef3d: folds
ac1ab5db: folds
bff294a1: folds
Uncalled bet ($0.07) returned to Hero
*** SHOWDOWN ***
Hero collected $0.12 from pot
*** SUMMARY ***
Total pot $0.12 | Rake $0 | Jackpot $0 | Bingo $0 | Fortune $0
Seat 1: Hero collected ($0.12)
Seat 2: 1e9cef3d (button) folded before Flop (didn't bet)
Seat 3: ac1ab5db (small blind) folded before Flop
Seat 4: bff294a1 (big blind) folded before Flop
Seat 5: 4883a809 folded before Flop (didn't bet)
Seat 6: 4925aefb folded before Flop (didn't bet)


Poker Hand #HD1151733298: Hold'em No Limit  ($0.02/$0.05) - 2023/03/08 20:44:22
Table 'NLHBlue33' 6-max Seat #1 is the button
Seat 1: Hero ($6.53 in chips)
Seat 2: 1e9cef3d ($7.65 in chips)
Seat 3: ac1ab5db ($8.53 in chips)
Seat 4: bff294a1 ($5.01 in chips)
Seat 5: 4883a809 ($1.65 in chips)
Seat 6: 4925aefb ($5.88 in chips)
1e9cef3d: posts small blind $0.02
ac1ab5db: posts big blind $0.05
*** HOLE CARDS ***
Dealt to Hero [9d Qd]
Dealt to 1e9cef3d 
Dealt to ac1ab5db 
Dealt to bff294a1 
Dealt to 4883a809 
Dealt to 4925aefb 
bff294a1: folds
4883a809: folds
4925aefb: folds
Hero: raises $0.07 to $0.12
1e9cef3d: raises $0.18 to $0.3
ac1ab5db: folds
Hero: folds
Uncalled bet ($0.18) returned to 1e9cef3d
*** SHOWDOWN ***
1e9cef3d collected $0.28 from pot
*** SUMMARY ***
Total pot $0.29 | Rake $0.01 | Jackpot $0 | Bingo $0 | Fortune $0
Seat 1: Hero (button) folded before Flop
Seat 2: 1e9cef3d (small blind) collected ($0.28)
Seat 3: ac1ab5db (big blind) folded before Flop
Seat 4: bff294a1 folded before Flop (didn't bet)
Seat 5: 4883a809 folded before Flop (didn't bet)
Seat 6: 4925aefb folded before Flop (didn't bet)


Poker Hand #HD1151733165: Hold'em No Limit  ($0.02/$0.05) - 2023/03/08 20:43:17
Table 'NLHBlue33' 6-max Seat #6 is the button
Seat 1: Hero ($6.55 in chips)
Seat 2: 1e9cef3d ($7.7 in chips)
Seat 3: ac1ab5db ($8.76 in chips)
Seat 4: bff294a1 ($5.01 in chips)
Seat 5: 4883a809 ($1.65 in chips)
Seat 6: 4925aefb ($5.6 in chips)
Hero: posts small blind $0.02
1e9cef3d: posts big blind $0.05
*** HOLE CARDS ***
Dealt to Hero [Ah 4d]
Dealt to 1e9cef3d 
Dealt to ac1ab5db 
Dealt to bff294a1 
Dealt to 4883a809 
Dealt to 4925aefb 
ac1ab5db: raises $0.08 to $0.13
bff294a1: folds
4883a809: folds
4925aefb: calls $0.13
Hero: folds
1e9cef3d: folds
*** FLOP *** [As Tc Jc]
ac1ab5db: bets $0.1
4925aefb: calls $0.1
*** TURN *** [As Tc Jc] [Kh]
ac1ab5db: checks
4925aefb: checks
*** RIVER *** [As Tc Jc Kh] [8s]
ac1ab5db: checks
4925aefb: checks
ac1ab5db: shows [6s 6d] (Pair of Sixes)
4925aefb: shows [Js Ks] (Pair of Kings and Pair of Jacks)
*** SHOWDOWN ***
4925aefb collected $0.51 from pot
*** SUMMARY ***
Total pot $0.53 | Rake $0.02 | Jackpot $0 | Bingo $0 | Fortune $0
Board [As Tc Jc Kh 8s]
Seat 1: Hero (small blind) folded before Flop
Seat 2: 1e9cef3d (big blind) folded before Flop
Seat 3: ac1ab5db showed [6s 6d] and lost with Pair of Sixes
Seat 4: bff294a1 folded before Flop (didn't bet)
Seat 5: 4883a809 folded before Flop (didn't bet)
Seat 6: 4925aefb (button) showed [Js Ks] and won ($0.51) with Pair of Kings and Pair of Jacks


Poker Hand #HD1151733095: Hold'em No Limit  ($0.02/$0.05) - 2023/03/08 20:42:47
Table 'NLHBlue33' 6-max Seat #5 is the button
Seat 1: Hero ($6.6 in chips)
Seat 2: 1e9cef3d ($7.7 in chips)
Seat 3: ac1ab5db ($8.91 in chips)
Seat 4: bff294a1 ($5.46 in chips)
Seat 5: 4883a809 ($1.65 in chips)
Seat 6: 4925aefb ($5 in chips)
4925aefb: posts small blind $0.02
Hero: posts big blind $0.05
*** HOLE CARDS ***
Dealt to Hero [As 7h]
Dealt to 1e9cef3d 
Dealt to ac1ab5db 
Dealt to bff294a1 
Dealt to 4883a809 
Dealt to 4925aefb 
1e9cef3d: folds
ac1ab5db: raises $0.1 to $0.15
bff294a1: raises $0.3 to $0.45
4883a809: folds
4925aefb: raises $4.55 to $5 and is all-in
Hero: folds
ac1ab5db: folds
bff294a1: folds
Uncalled bet ($4.55) returned to 4925aefb
*** SHOWDOWN ***
4925aefb collected $1.05 from pot
*** SUMMARY ***
Total pot $1.1 | Rake $0.05 | Jackpot $0 | Bingo $0 | Fortune $0
Seat 1: Hero (big blind) folded before Flop
Seat 2: 1e9cef3d folded before Flop (didn't bet)
Seat 3: ac1ab5db folded before Flop
Seat 4: bff294a1 folded before Flop
Seat 5: 4883a809 (button) folded before Flop (didn't bet)
Seat 6: 4925aefb (small blind) collected ($1.05)


Poker Hand #HD1151733014: Hold'em No Limit  ($0.02/$0.05) - 2023/03/08 20:42:05
Table 'NLHBlue33' 6-max Seat #4 is the button
Seat 1: Hero ($6.6 in chips)
Seat 2: 1e9cef3d ($7.03 in chips)
Seat 3: ac1ab5db ($8.91 in chips)
Seat 4: bff294a1 ($5.46 in chips)
Seat 5: 4883a809 ($2.34 in chips)
Seat 6: 4925aefb ($5 in chips)
4883a809: posts small blind $0.02
4925aefb: posts big blind $0.05
*** HOLE CARDS ***
Dealt to Hero [Qs 2d]
Dealt to 1e9cef3d 
Dealt to ac1ab5db 
Dealt to bff294a1 
Dealt to 4883a809 
Dealt to 4925aefb 
Hero: folds
1e9cef3d: raises $0.1 to $0.15
ac1ab5db: folds
bff294a1: folds
4883a809: calls $0.13
4925aefb: folds
*** FLOP *** [8s Td Js]
4883a809: checks
1e9cef3d: bets $0.18
4883a809: raises $0.36 to $0.54
1e9cef3d: raises $1.08 to $1.62
4883a809: folds
Uncalled bet ($1.08) returned to 1e9cef3d
*** SHOWDOWN ***
1e9cef3d collected $1.36 from pot
*** SUMMARY ***
Total pot $1.43 | Rake $0.07 | Jackpot $0 | Bingo $0 | Fortune $0
Board [8s Td Js]
Seat 1: Hero folded before Flop (didn't bet)
Seat 2: 1e9cef3d won ($1.36)
Seat 3: ac1ab5db folded before Flop (didn't bet)
Seat 4: bff294a1 (button) folded before Flop (didn't bet)
Seat 5: 4883a809 (small blind) folded on the Flop
Seat 6: 4925aefb (big blind) folded before Flop


Poker Hand #HD1151732962: Hold'em No Limit  ($0.02/$0.05) - 2023/03/08 20:41:38
Table 'NLHBlue33' 6-max Seat #3 is the button
Seat 1: Hero ($6.31 in chips)
Seat 2: 1e9cef3d ($7.15 in chips)
Seat 3: ac1ab5db ($9.03 in chips)
Seat 4: bff294a1 ($5.48 in chips)
Seat 5: 4883a809 ($2.39 in chips)
bff294a1: posts small blind $0.02
4883a809: posts big blind $0.05
*** HOLE CARDS ***
Dealt to Hero [Jc Jd]
Dealt to 1e9cef3d 
Dealt to ac1ab5db 
Dealt to bff294a1 
Dealt to 4883a809 
Hero: raises $0.07 to $0.12
1e9cef3d: calls $0.12
ac1ab5db: calls $0.12
bff294a1: folds
4883a809: folds
*** FLOP *** [Ts 3h 5s]
Hero: bets $0.33
1e9cef3d: folds
ac1ab5db: folds
Uncalled bet ($0.33) returned to Hero
*** SHOWDOWN ***
Hero collected $0.41 from pot
*** SUMMARY ***
Total pot $0.43 | Rake $0.02 | Jackpot $0 | Bingo $0 | Fortune $0
Board [Ts 3h 5s]
Seat 1: Hero won ($0.41)
Seat 2: 1e9cef3d folded on the Flop
Seat 3: ac1ab5db (button) folded on the Flop
Seat 4: bff294a1 (small blind) folded before Flop
Seat 5: 4883a809 (big blind) folded before Flop


Poker Hand #HD1151732915: Hold'em No Limit  ($0.02/$0.05) - 2023/03/08 20:41:17
Table 'NLHBlue33' 6-max Seat #2 is the button
Seat 1: Hero ($6.31 in chips)
Seat 2: 1e9cef3d ($7.3 in chips)
Seat 3: ac1ab5db ($9.05 in chips)
Seat 4: bff294a1 ($5.32 in chips)
Seat 5: 4883a809 ($2.39 in chips)
ac1ab5db: posts small blind $0.02
bff294a1: posts big blind $0.05
*** HOLE CARDS ***
Dealt to Hero [9h 7s]
Dealt to 1e9cef3d 
Dealt to ac1ab5db 
Dealt to bff294a1 
Dealt to 4883a809 
4883a809: folds
Hero: folds
1e9cef3d: raises $0.1 to $0.15
ac1ab5db: folds
bff294a1: raises $0.4 to $0.55
1e9cef3d: folds
Uncalled bet ($0.4) returned to bff294a1
*** SHOWDOWN ***
bff294a1 collected $0.31 from pot
*** SUMMARY ***
Total pot $0.32 | Rake $0.01 | Jackpot $0 | Bingo $0 | Fortune $0
Seat 1: Hero folded before Flop (didn't bet)
Seat 2: 1e9cef3d (button) folded before Flop
Seat 3: ac1ab5db (small blind) folded before Flop
Seat 4: bff294a1 (big blind) collected ($0.31)
Seat 5: 4883a809 folded before Flop (didn't bet)


Poker Hand #HD1151732894: Hold'em No Limit  ($0.02/$0.05) - 2023/03/08 20:41:06
Table 'NLHBlue33' 6-max Seat #1 is the button
Seat 1: Hero ($6.31 in chips)
Seat 2: 1e9cef3d ($7.32 in chips)
Seat 3: ac1ab5db ($9.03 in chips)
Seat 4: bff294a1 ($5.32 in chips)
Seat 5: 4883a809 ($2.39 in chips)
1e9cef3d: posts small blind $0.02
ac1ab5db: posts big blind $0.05
*** HOLE CARDS ***
Dealt to Hero [8c 2s]
Dealt to 1e9cef3d 
Dealt to ac1ab5db 
Dealt to bff294a1 
Dealt to 4883a809 
bff294a1: folds
4883a809: folds
Hero: folds
1e9cef3d: folds
Uncalled bet ($0.03) returned to ac1ab5db
*** SHOWDOWN ***
ac1ab5db collected $0.04 from pot
*** SUMMARY ***
Total pot $0.04 | Rake $0 | Jackpot $0 | Bingo $0 | Fortune $0
Seat 1: Hero (button) folded before Flop (didn't bet)
Seat 2: 1e9cef3d (small blind) folded before Flop
Seat 3: ac1ab5db (big blind) collected ($0.04)
Seat 4: bff294a1 folded before Flop (didn't bet)
Seat 5: 4883a809 folded before Flop (didn't bet)


Poker Hand #HD1151732870: Hold'em No Limit  ($0.02/$0.05) - 2023/03/08 20:40:55
Table 'NLHBlue33' 6-max Seat #5 is the button
Seat 1: Hero ($6.33 in chips)
Seat 2: 1e9cef3d ($7.3 in chips)
Seat 3: ac1ab5db ($9.03 in chips)
Seat 4: bff294a1 ($5.32 in chips)
Seat 5: 4883a809 ($2.39 in chips)
Hero: posts small blind $0.02
1e9cef3d: posts big blind $0.05
*** HOLE CARDS ***
Dealt to Hero [Kh 7d]
Dealt to 1e9cef3d 
Dealt to ac1ab5db 
Dealt to bff294a1 
Dealt to 4883a809 
ac1ab5db: folds
bff294a1: folds
4883a809: folds
Hero: folds
Uncalled bet ($0.03) returned to 1e9cef3d
*** SHOWDOWN ***
1e9cef3d collected $0.04 from pot
*** SUMMARY ***
Total pot $0.04 | Rake $0 | Jackpot $0 | Bingo $0 | Fortune $0
Seat 1: Hero (small blind) folded before Flop
Seat 2: 1e9cef3d (big blind) collected ($0.04)
Seat 3: ac1ab5db folded before Flop (didn't bet)
Seat 4: bff294a1 folded before Flop (didn't bet)
Seat 5: 4883a809 (button) folded before Flop (didn't bet)


Poker Hand #HD1151732780: Hold'em No Limit  ($0.02/$0.05) - 2023/03/08 20:40:12
Table 'NLHBlue33' 6-max Seat #4 is the button
Seat 1: Hero ($6.45 in chips)
Seat 2: 1e9cef3d ($7.3 in chips)
Seat 3: ac1ab5db ($9.03 in chips)
Seat 4: bff294a1 ($5.19 in chips)
Seat 5: 4883a809 ($2.41 in chips)
4883a809: posts small blind $0.02
Hero: posts big blind $0.05
*** HOLE CARDS ***
Dealt to Hero [5s Ah]
Dealt to 1e9cef3d 
Dealt to ac1ab5db 
Dealt to bff294a1 
Dealt to 4883a809 
1e9cef3d: folds
ac1ab5db: folds
bff294a1: raises $0.07 to $0.12
4883a809: folds
Hero: calls $0.07
*** FLOP *** [8s 2h Td]
Hero: checks
bff294a1: checks
*** TURN *** [8s 2h Td] [4c]
Hero: checks
bff294a1: checks
*** RIVER *** [8s 2h Td 4c] [7d]
Hero: checks
bff294a1: checks
Hero: shows [5s Ah] (Ace-High)
bff294a1: shows [Ac Kd] (Ace-High)
*** SHOWDOWN ***
bff294a1 collected $0.25 from pot
*** SUMMARY ***
Total pot $0.26 | Rake $0.01 | Jackpot $0 | Bingo $0 | Fortune $0
Board [8s 2h Td 4c 7d]
Seat 1: Hero (big blind) showed [5s Ah] and lost with Ace-High
Seat 2: 1e9cef3d folded before Flop (didn't bet)
Seat 3: ac1ab5db folded before Flop (didn't bet)
Seat 4: bff294a1 (button) showed [Ac Kd] and won ($0.25) with Ace-High
Seat 5: 4883a809 (small blind) folded before Flop


Poker Hand #HD1151732721: Hold'em No Limit  ($0.02/$0.05) - 2023/03/08 20:39:45
Table 'NLHBlue33' 6-max Seat #3 is the button
Seat 1: Hero ($6.45 in chips)
Seat 2: 1e9cef3d ($7.3 in chips)
Seat 3: ac1ab5db ($9.18 in chips)
Seat 4: bff294a1 ($5 in chips)
Seat 5: 4883a809 ($2.46 in chips)
Seat 6: 1a907c8c ($5.21 in chips)
bff294a1: posts small blind $0.02
4883a809: posts big blind $0.05
*** HOLE CARDS ***
Dealt to Hero [9s Jh]
Dealt to 1e9cef3d 
Dealt to ac1ab5db 
Dealt to bff294a1 
Dealt to 4883a809 
Dealt to 1a907c8c 
1a907c8c: folds
Hero: folds
1e9cef3d: folds
ac1ab5db: raises $0.1 to $0.15
bff294a1: raises $0.39 to $0.54
4883a809: folds
ac1ab5db: folds
Uncalled bet ($0.39) returned to bff294a1
*** SHOWDOWN ***
bff294a1 collected $0.34 from pot
*** SUMMARY ***
Total pot $0.35 | Rake $0.01 | Jackpot $0 | Bingo $0 | Fortune $0
Seat 1: Hero folded before Flop (didn't bet)
Seat 2: 1e9cef3d folded before Flop (didn't bet)
Seat 3: ac1ab5db (button) folded before Flop
Seat 4: bff294a1 (small blind) collected ($0.34)
Seat 5: 4883a809 (big blind) folded before Flop
Seat 6: 1a907c8c folded before Flop (didn't bet)


Poker Hand #HD1151732615: Hold'em No Limit  ($0.02/$0.05) - 2023/03/08 20:39:03
Table 'NLHBlue33' 6-max Seat #2 is the button
Seat 1: Hero ($6.45 in chips)
Seat 2: 1e9cef3d ($7.3 in chips)
Seat 3: ac1ab5db ($9.08 in chips)
Seat 4: bff294a1 ($5 in chips)
Seat 5: 4883a809 ($2.51 in chips)
Seat 6: 1a907c8c ($5.21 in chips)
ac1ab5db: posts small blind $0.02
bff294a1: posts big blind $0.05
*** HOLE CARDS ***
Dealt to Hero [5h 7d]
Dealt to 1e9cef3d 
Dealt to ac1ab5db 
Dealt to bff294a1 
Dealt to 4883a809 
Dealt to 1a907c8c 
4883a809: calls $0.05
1a907c8c: folds
Hero: folds
1e9cef3d: folds
ac1ab5db: calls $0.03
bff294a1: checks
*** FLOP *** [2c Ah 6h]
ac1ab5db: bets $0.05
bff294a1: folds
4883a809: folds
Uncalled bet ($0.05) returned to ac1ab5db
*** SHOWDOWN ***
ac1ab5db collected $0.15 from pot
*** SUMMARY ***
Total pot $0.15 | Rake $0 | Jackpot $0 | Bingo $0 | Fortune $0
Board [2c Ah 6h]
Seat 1: Hero folded before Flop (didn't bet)
Seat 2: 1e9cef3d (button) folded before Flop (didn't bet)
Seat 3: ac1ab5db (small blind) won ($0.15)
Seat 4: bff294a1 (big blind) folded on the Flop
Seat 5: 4883a809 folded on the Flop
Seat 6: 1a907c8c folded before Flop (didn't bet)


Poker Hand #HD1151732576: Hold'em No Limit  ($0.02/$0.05) - 2023/03/08 20:38:47
Table 'NLHBlue33' 6-max Seat #1 is the button
Seat 1: Hero ($6.45 in chips)
Seat 2: 1e9cef3d ($7.32 in chips)
Seat 3: ac1ab5db ($9.06 in chips)
Seat 5: 4883a809 ($2.51 in chips)
Seat 6: 1a907c8c ($5.21 in chips)
1e9cef3d: posts small blind $0.02
ac1ab5db: posts big blind $0.05
*** HOLE CARDS ***
Dealt to Hero [4s Qh]
Dealt to 1e9cef3d 
Dealt to ac1ab5db 
Dealt to 4883a809 
Dealt to 1a907c8c 
4883a809: folds
1a907c8c: folds
Hero: folds
1e9cef3d: folds
Uncalled bet ($0.03) returned to ac1ab5db
*** SHOWDOWN ***
ac1ab5db collected $0.04 from pot
*** SUMMARY ***
Total pot $0.04 | Rake $0 | Jackpot $0 | Bingo $0 | Fortune $0
Seat 1: Hero (button) folded before Flop (didn't bet)
Seat 2: 1e9cef3d (small blind) folded before Flop
Seat 3: ac1ab5db (big blind) collected ($0.04)
Seat 5: 4883a809 folded before Flop (didn't bet)
Seat 6: 1a907c8c folded before Flop (didn't bet)


Poker Hand #HD1151732491: Hold'em No Limit  ($0.02/$0.05) - 2023/03/08 20:38:08
Table 'NLHBlue33' 6-max Seat #6 is the button
Seat 1: Hero ($6.47 in chips)
Seat 2: 1e9cef3d ($7.37 in chips)
Seat 3: ac1ab5db ($9.36 in chips)
Seat 5: 4883a809 ($2.17 in chips)
Seat 6: 1a907c8c ($5.21 in chips)
Hero: posts small blind $0.02
1e9cef3d: posts big blind $0.05
*** HOLE CARDS ***
Dealt to Hero [9h Kd]
Dealt to 1e9cef3d 
Dealt to ac1ab5db 
Dealt to 4883a809 
Dealt to 1a907c8c 
ac1ab5db: raises $0.1 to $0.15
4883a809: calls $0.15
1a907c8c: folds
Hero: folds
1e9cef3d: folds
*** FLOP *** [6d 3s 9s]
ac1ab5db: bets $0.15
4883a809: raises $0.45 to $0.6
ac1ab5db: folds
Uncalled bet ($0.45) returned to 4883a809
*** SHOWDOWN ***
4883a809 collected $0.64 from pot
*** SUMMARY ***
Total pot $0.67 | Rake $0.03 | Jackpot $0 | Bingo $0 | Fortune $0
Board [6d 3s 9s]
Seat 1: Hero (small blind) folded before Flop
Seat 2: 1e9cef3d (big blind) folded before Flop
Seat 3: ac1ab5db folded on the Flop
Seat 5: 4883a809 won ($0.64)
Seat 6: 1a907c8c (button) folded before Flop (didn't bet)


Poker Hand #HD1151732462: Hold'em No Limit  ($0.02/$0.05) - 2023/03/08 20:37:56
Table 'NLHBlue33' 6-max Seat #5 is the button
Seat 1: Hero ($6.52 in chips)
Seat 2: 1e9cef3d ($7.3 in chips)
Seat 3: ac1ab5db ($9.36 in chips)
Seat 5: 4883a809 ($2.17 in chips)
Seat 6: 1a907c8c ($5.23 in chips)
1a907c8c: posts small blind $0.02
Hero: posts big blind $0.05
*** HOLE CARDS ***
Dealt to Hero [6h Jc]
Dealt to 1e9cef3d 
Dealt to ac1ab5db 
Dealt to 4883a809 
Dealt to 1a907c8c 
1e9cef3d: raises $0.1 to $0.15
ac1ab5db: folds
4883a809: folds
1a907c8c: folds
Hero: folds
Uncalled bet ($0.1) returned to 1e9cef3d
*** SHOWDOWN ***
1e9cef3d collected $0.12 from pot
*** SUMMARY ***
Total pot $0.12 | Rake $0 | Jackpot $0 | Bingo $0 | Fortune $0
Seat 1: Hero (big blind) folded before Flop
Seat 2: 1e9cef3d collected ($0.12)
Seat 3: ac1ab5db folded before Flop (didn't bet)
Seat 5: 4883a809 (button) folded before Flop (didn't bet)
Seat 6: 1a907c8c (small blind) folded before Flop


Poker Hand #HD1151732323: Hold'em No Limit  ($0.02/$0.05) - 2023/03/08 20:36:49
Table 'NLHBlue33' 6-max Seat #3 is the button
Seat 1: Hero ($6.52 in chips)
Seat 2: 1e9cef3d ($9.57 in chips)
Seat 3: ac1ab5db ($7.29 in chips)
Seat 5: 4883a809 ($2.19 in chips)
Seat 6: 1a907c8c ($5.28 in chips)
4883a809: posts small blind $0.02
1a907c8c: posts big blind $0.05
*** HOLE CARDS ***
Dealt to Hero [Jc 6c]
Dealt to 1e9cef3d 
Dealt to ac1ab5db 
Dealt to 4883a809 
Dealt to 1a907c8c 
Hero: folds
1e9cef3d: raises $0.1 to $0.15
ac1ab5db: raises $0.3 to $0.45
4883a809: folds
1a907c8c: folds
1e9cef3d: calls $0.3
*** FLOP *** [2c Ah Kc]
1e9cef3d: bets $0.33
ac1ab5db: raises $0.57 to $0.9
1e9cef3d: calls $0.57
*** TURN *** [2c Ah Kc] [Ks]
1e9cef3d: checks
ac1ab5db: checks
*** RIVER *** [2c Ah Kc Ks] [2h]
1e9cef3d: checks
ac1ab5db: bets $0.92
1e9cef3d: calls $0.92
ac1ab5db: shows [Qd Ad] (Pair of Aces and Pair of Kings)
1e9cef3d: shows [As Ts] (Pair of Aces and Pair of Kings)
*** SHOWDOWN ***
ac1ab5db collected $4.34 from pot
*** SUMMARY ***
Total pot $4.61 | Rake $0.22 | Jackpot $0.05 | Bingo $0 | Fortune $0
Board [2c Ah Kc Ks 2h]
Seat 1: Hero folded before Flop (didn't bet)
Seat 2: 1e9cef3d showed [As Ts] and lost with Pair of Aces and Pair of Kings
Seat 3: ac1ab5db (button) showed [Qd Ad] and won ($4.34) with Pair of Aces and Pair of Kings
Seat 5: 4883a809 (small blind) folded before Flop
Seat 6: 1a907c8c (big blind) folded before Flop


Poker Hand #HD1151732305: Hold'em No Limit  ($0.02/$0.05) - 2023/03/08 20:36:40
Table 'NLHBlue33' 6-max Seat #2 is the button
Seat 1: Hero ($6.52 in chips)
Seat 2: 1e9cef3d ($9.5 in chips)
Seat 3: ac1ab5db ($7.31 in chips)
Seat 5: 4883a809 ($2.24 in chips)
Seat 6: 1a907c8c ($5.28 in chips)
ac1ab5db: posts small blind $0.02
4883a809: posts big blind $0.05
*** HOLE CARDS ***
Dealt to Hero [8s 6d]
Dealt to 1e9cef3d 
Dealt to ac1ab5db 
Dealt to 4883a809 
Dealt to 1a907c8c 
1a907c8c: folds
Hero: folds
1e9cef3d: raises $0.1 to $0.15
ac1ab5db: folds
4883a809: folds
Uncalled bet ($0.1) returned to 1e9cef3d
*** SHOWDOWN ***
1e9cef3d collected $0.12 from pot
*** SUMMARY ***
Total pot $0.12 | Rake $0 | Jackpot $0 | Bingo $0 | Fortune $0
Seat 1: Hero folded before Flop (didn't bet)
Seat 2: 1e9cef3d (button) collected ($0.12)
Seat 3: ac1ab5db (small blind) folded before Flop
Seat 5: 4883a809 (big blind) folded before Flop
Seat 6: 1a907c8c folded before Flop (didn't bet)


Poker Hand #HD1151732219: Hold'em No Limit  ($0.02/$0.05) - 2023/03/08 20:36:01
Table 'NLHBlue33' 6-max Seat #1 is the button
Seat 1: Hero ($6.52 in chips)
Seat 2: 1e9cef3d ($9.52 in chips)
Seat 3: ac1ab5db ($7.36 in chips)
Seat 5: 4883a809 ($2.17 in chips)
Seat 6: 1a907c8c ($5.28 in chips)
1e9cef3d: posts small blind $0.02
ac1ab5db: posts big blind $0.05
*** HOLE CARDS ***
Dealt to Hero [2s 5c]
Dealt to 1e9cef3d 
Dealt to ac1ab5db 
Dealt to 4883a809 
Dealt to 1a907c8c 
4883a809: calls $0.05
1a907c8c: folds
Hero: folds
1e9cef3d: folds
ac1ab5db: checks
*** FLOP *** [6h 9c 2d]
ac1ab5db: checks
4883a809: checks
*** TURN *** [6h 9c 2d] [Td]
ac1ab5db: checks
4883a809: bets $0.12
ac1ab5db: folds
Uncalled bet ($0.12) returned to 4883a809
*** SHOWDOWN ***
4883a809 collected $0.12 from pot
*** SUMMARY ***
Total pot $0.12 | Rake $0 | Jackpot $0 | Bingo $0 | Fortune $0
Board [6h 9c 2d Td]
Seat 1: Hero (button) folded before Flop (didn't bet)
Seat 2: 1e9cef3d (small blind) folded before Flop
Seat 3: ac1ab5db (big blind) folded on the Turn
Seat 5: 4883a809 won ($0.12)
Seat 6: 1a907c8c folded before Flop (didn't bet)


Poker Hand #HD1151732115: Hold'em No Limit  ($0.02/$0.05) - 2023/03/08 20:35:13
Table 'NLHBlue33' 6-max Seat #6 is the button
Seat 1: Hero ($6.54 in chips)
Seat 2: 1e9cef3d ($9.4 in chips)
Seat 3: ac1ab5db ($7.36 in chips)
Seat 5: 4883a809 ($2.17 in chips)
Seat 6: 1a907c8c ($5.39 in chips)
Hero: posts small blind $0.02
1e9cef3d: posts big blind $0.05
*** HOLE CARDS ***
Dealt to Hero [Ah 4s]
Dealt to 1e9cef3d 
Dealt to ac1ab5db 
Dealt to 4883a809 
Dealt to 1a907c8c 
ac1ab5db: folds
4883a809: folds
1a907c8c: calls $0.05
Hero: folds
1e9cef3d: raises $0.06 to $0.11
1a907c8c: calls $0.06
*** FLOP *** [8c 8d Tc]
1e9cef3d: checks
1a907c8c: checks
*** TURN *** [8c 8d Tc] [4d]
1e9cef3d: checks
1a907c8c: checks
*** RIVER *** [8c 8d Tc 4d] [Qc]
1e9cef3d: checks
1a907c8c: checks
1e9cef3d: shows [Jd Kc] (Pair of Eights)
1a907c8c: shows [7c 6s] (Pair of Eights)
*** SHOWDOWN ***
1e9cef3d collected $0.23 from pot
*** SUMMARY ***
Total pot $0.24 | Rake $0.01 | Jackpot $0 | Bingo $0 | Fortune $0
Board [8c 8d Tc 4d Qc]
Seat 1: Hero (small blind) folded before Flop
Seat 2: 1e9cef3d (big blind) showed [Jd Kc] and won ($0.23) with Pair of Eights
Seat 3: ac1ab5db folded before Flop (didn't bet)
Seat 5: 4883a809 folded before Flop (didn't bet)
Seat 6: 1a907c8c (button) showed [7c 6s] and lost with Pair of Eights


Poker Hand #HD1151732079: Hold'em No Limit  ($0.02/$0.05) - 2023/03/08 20:34:57
Table 'NLHBlue33' 6-max Seat #5 is the button
Seat 1: Hero ($6.59 in chips)
Seat 2: 1e9cef3d ($9.4 in chips)
Seat 3: ac1ab5db ($7.29 in chips)
Seat 5: 4883a809 ($2.17 in chips)
Seat 6: 1a907c8c ($5.41 in chips)
1a907c8c: posts small blind $0.02
Hero: posts big blind $0.05
*** HOLE CARDS ***
Dealt to Hero [8d 6h]
Dealt to 1e9cef3d 
Dealt to ac1ab5db 
Dealt to 4883a809 
Dealt to 1a907c8c 
1e9cef3d: folds
ac1ab5db: raises $0.1 to $0.15
4883a809: folds
1a907c8c: folds
Hero: folds
Uncalled bet ($0.1) returned to ac1ab5db
*** SHOWDOWN ***
ac1ab5db collected $0.12 from pot
*** SUMMARY ***
Total pot $0.12 | Rake $0 | Jackpot $0 | Bingo $0 | Fortune $0
Seat 1: Hero (big blind) folded before Flop
Seat 2: 1e9cef3d folded before Flop (didn't bet)
Seat 3: ac1ab5db collected ($0.12)
Seat 5: 4883a809 (button) folded before Flop (didn't bet)
Seat 6: 1a907c8c (small blind) folded before Flop


Poker Hand #HD1151732023: Hold'em No Limit  ($0.02/$0.05) - 2023/03/08 20:34:32
Table 'NLHBlue33' 6-max Seat #3 is the button
Seat 1: Hero ($6.59 in chips)
Seat 2: 1e9cef3d ($9.4 in chips)
Seat 3: ac1ab5db ($7.22 in chips)
Seat 5: 4883a809 ($2.19 in chips)
Seat 6: 1a907c8c ($5.46 in chips)
4883a809: posts small blind $0.02
1a907c8c: posts big blind $0.05
*** HOLE CARDS ***
Dealt to Hero [Jh 3d]
Dealt to 1e9cef3d 
Dealt to ac1ab5db 
Dealt to 4883a809 
Dealt to 1a907c8c 
Hero: folds
1e9cef3d: folds
ac1ab5db: raises $0.1 to $0.15
4883a809: folds
1a907c8c: folds
Uncalled bet ($0.1) returned to ac1ab5db
*** SHOWDOWN ***
ac1ab5db collected $0.12 from pot
*** SUMMARY ***
Total pot $0.12 | Rake $0 | Jackpot $0 | Bingo $0 | Fortune $0
Seat 1: Hero folded before Flop (didn't bet)
Seat 2: 1e9cef3d folded before Flop (didn't bet)
Seat 3: ac1ab5db (button) collected ($0.12)
Seat 5: 4883a809 (small blind) folded before Flop
Seat 6: 1a907c8c (big blind) folded before Flop


Poker Hand #HD1151731987: Hold'em No Limit  ($0.02/$0.05) - 2023/03/08 20:34:19
Table 'NLHBlue33' 6-max Seat #2 is the button
Seat 1: Hero ($6.59 in chips)
Seat 2: 1e9cef3d ($9.4 in chips)
Seat 3: ac1ab5db ($7.24 in chips)
Seat 5: 4883a809 ($2.17 in chips)
Seat 6: 1a907c8c ($5.46 in chips)
ac1ab5db: posts small blind $0.02
4883a809: posts big blind $0.05
*** HOLE CARDS ***
Dealt to Hero [9h 4c]
Dealt to 1e9cef3d 
Dealt to ac1ab5db 
Dealt to 4883a809 
Dealt to 1a907c8c 
1a907c8c: folds
Hero: folds
1e9cef3d: folds
ac1ab5db: folds
Uncalled bet ($0.03) returned to 4883a809
*** SHOWDOWN ***
4883a809 collected $0.04 from pot
*** SUMMARY ***
Total pot $0.04 | Rake $0 | Jackpot $0 | Bingo $0 | Fortune $0
Seat 1: Hero folded before Flop (didn't bet)
Seat 2: 1e9cef3d (button) folded before Flop (didn't bet)
Seat 3: ac1ab5db (small blind) folded before Flop
Seat 5: 4883a809 (big blind) collected ($0.04)
Seat 6: 1a907c8c folded before Flop (didn't bet)


Poker Hand #HD1151731918: Hold'em No Limit  ($0.02/$0.05) - 2023/03/08 20:33:50
Table 'NLHBlue33' 6-max Seat #1 is the button
Seat 1: Hero ($6.52 in chips)
Seat 2: 1e9cef3d ($9.42 in chips)
Seat 3: ac1ab5db ($7.29 in chips)
Seat 5: 4883a809 ($2.17 in chips)
Seat 6: 1a907c8c ($5.46 in chips)
1e9cef3d: posts small blind $0.02
ac1ab5db: posts big blind $0.05
*** HOLE CARDS ***
Dealt to Hero [Qh 9c]
Dealt to 1e9cef3d 
Dealt to ac1ab5db 
Dealt to 4883a809 
Dealt to 1a907c8c 
4883a809: folds
1a907c8c: folds
Hero: raises $0.07 to $0.12
1e9cef3d: folds
ac1ab5db: folds
Uncalled bet ($0.07) returned to Hero
*** SHOWDOWN ***
Hero collected $0.12 from pot
*** SUMMARY ***
Total pot $0.12 | Rake $0 | Jackpot $0 | Bingo $0 | Fortune $0
Seat 1: Hero (button) collected ($0.12)
Seat 2: 1e9cef3d (small blind) folded before Flop
Seat 3: ac1ab5db (big blind) folded before Flop
Seat 5: 4883a809 folded before Flop (didn't bet)
Seat 6: 1a907c8c folded before Flop (didn't bet)


Poker Hand #HD1151731885: Hold'em No Limit  ($0.02/$0.05) - 2023/03/08 20:33:35
Table 'NLHBlue33' 6-max Seat #6 is the button
Seat 1: Hero ($6.54 in chips)
Seat 2: 1e9cef3d ($9.4 in chips)
Seat 3: ac1ab5db ($7.29 in chips)
Seat 5: 4883a809 ($2.17 in chips)
Seat 6: 1a907c8c ($5.46 in chips)
Hero: posts small blind $0.02
1e9cef3d: posts big blind $0.05
*** HOLE CARDS ***
Dealt to Hero [9c 2s]
Dealt to 1e9cef3d 
Dealt to ac1ab5db 
Dealt to 4883a809 
Dealt to 1a907c8c 
ac1ab5db: folds
4883a809: folds
1a907c8c: folds
Hero: folds
Uncalled bet ($0.03) returned to 1e9cef3d
*** SHOWDOWN ***
1e9cef3d collected $0.04 from pot
*** SUMMARY ***
Total pot $0.04 | Rake $0 | Jackpot $0 | Bingo $0 | Fortune $0
Seat 1: Hero (small blind) folded before Flop
Seat 2: 1e9cef3d (big blind) collected ($0.04)
Seat 3: ac1ab5db folded before Flop (didn't bet)
Seat 5: 4883a809 folded before Flop (didn't bet)
Seat 6: 1a907c8c (button) folded before Flop (didn't bet)


Poker Hand #HD1151731723: Hold'em No Limit  ($0.02/$0.05) - 2023/03/08 20:32:21
Table 'NLHBlue33' 6-max Seat #5 is the button
Seat 1: Hero ($7.29 in chips)
Seat 2: 1e9cef3d ($9.4 in chips)
Seat 3: ac1ab5db ($6.52 in chips)
Seat 5: 4883a809 ($2.3 in chips)
Seat 6: 1a907c8c ($5.48 in chips)
1a907c8c: posts small blind $0.02
Hero: posts big blind $0.05
*** HOLE CARDS ***
Dealt to Hero [5s 5h]
Dealt to 1e9cef3d 
Dealt to ac1ab5db 
Dealt to 4883a809 
Dealt to 1a907c8c 
1e9cef3d: folds
ac1ab5db: raises $0.08 to $0.13
4883a809: calls $0.13
1a907c8c: folds
Hero: calls $0.08
*** FLOP *** [7d Kh 5d]
Hero: checks
ac1ab5db: checks
4883a809: checks
*** TURN *** [7d Kh 5d] [Js]
Hero: bets $0.62
ac1ab5db: calls $0.62
4883a809: folds
*** RIVER *** [7d Kh 5d Js] [8d]
Hero: checks
ac1ab5db: bets $2.31
Hero: folds
Uncalled bet ($2.31) returned to ac1ab5db
ac1ab5db: shows [Qh Td] (King-High)
*** SHOWDOWN ***
ac1ab5db collected $1.52 from pot
*** SUMMARY ***
Total pot $1.65 | Rake $0.08 | Jackpot $0.05 | Bingo $0 | Fortune $0
Board [7d Kh 5d Js 8d]
Seat 1: Hero (big blind) folded on the River
Seat 2: 1e9cef3d folded before Flop (didn't bet)
Seat 3: ac1ab5db showed [Qh Td] and won ($1.52) with King-High
Seat 5: 4883a809 (button) folded on the Turn
Seat 6: 1a907c8c (small blind) folded before Flop


Poker Hand #HD1151731678: Hold'em No Limit  ($0.02/$0.05) - 2023/03/08 20:32:04
Table 'NLHBlue33' 6-max Seat #3 is the button
Seat 1: Hero ($7.29 in chips)
Seat 2: 1e9cef3d ($9.4 in chips)
Seat 3: ac1ab5db ($6.45 in chips)
Seat 5: 4883a809 ($2.32 in chips)
Seat 6: 1a907c8c ($5.53 in chips)
4883a809: posts small blind $0.02
1a907c8c: posts big blind $0.05
*** HOLE CARDS ***
Dealt to Hero [9h Qc]
Dealt to 1e9cef3d 
Dealt to ac1ab5db 
Dealt to 4883a809 
Dealt to 1a907c8c 
Hero: folds
1e9cef3d: folds
ac1ab5db: raises $0.1 to $0.15
4883a809: folds
1a907c8c: folds
Uncalled bet ($0.1) returned to ac1ab5db
*** SHOWDOWN ***
ac1ab5db collected $0.12 from pot
*** SUMMARY ***
Total pot $0.12 | Rake $0 | Jackpot $0 | Bingo $0 | Fortune $0
Seat 1: Hero folded before Flop (didn't bet)
Seat 2: 1e9cef3d folded before Flop (didn't bet)
Seat 3: ac1ab5db (button) collected ($0.12)
Seat 5: 4883a809 (small blind) folded before Flop
Seat 6: 1a907c8c (big blind) folded before Flop


Poker Hand #HD1151731656: Hold'em No Limit  ($0.02/$0.05) - 2023/03/08 20:31:50
Table 'NLHBlue33' 6-max Seat #2 is the button
Seat 1: Hero ($7.22 in chips)
Seat 2: 1e9cef3d ($9.4 in chips)
Seat 3: ac1ab5db ($6.47 in chips)
Seat 5: 4883a809 ($2.37 in chips)
Seat 6: 1a907c8c ($5.53 in chips)
ac1ab5db: posts small blind $0.02
4883a809: posts big blind $0.05
*** HOLE CARDS ***
Dealt to Hero [Ts Td]
Dealt to 1e9cef3d 
Dealt to ac1ab5db 
Dealt to 4883a809 
Dealt to 1a907c8c 
1a907c8c: folds
Hero: raises $0.07 to $0.12
1e9cef3d: folds
ac1ab5db: folds
4883a809: folds
Uncalled bet ($0.07) returned to Hero
*** SHOWDOWN ***
Hero collected $0.12 from pot
*** SUMMARY ***
Total pot $0.12 | Rake $0 | Jackpot $0 | Bingo $0 | Fortune $0
Seat 1: Hero collected ($0.12)
Seat 2: 1e9cef3d (button) folded before Flop (didn't bet)
Seat 3: ac1ab5db (small blind) folded before Flop
Seat 5: 4883a809 (big blind) folded before Flop
Seat 6: 1a907c8c folded before Flop (didn't bet)


Poker Hand #HD1151731486: Hold'em No Limit  ($0.02/$0.05) - 2023/03/08 20:30:30
Table 'NLHBlue33' 6-max Seat #1 is the button
Seat 1: Hero ($5.12 in chips)
Seat 2: 1e9cef3d ($9.42 in chips)
Seat 3: ac1ab5db ($6.52 in chips)
Seat 4: 140b93c3 ($6.49 in chips)
Seat 5: 4883a809 ($2.77 in chips)
Seat 6: 1a907c8c ($5.53 in chips)
1e9cef3d: posts small blind $0.02
ac1ab5db: posts big blind $0.05
*** HOLE CARDS ***
Dealt to Hero [As Ah]
Dealt to 1e9cef3d 
Dealt to ac1ab5db 
Dealt to 140b93c3 
Dealt to 4883a809 
Dealt to 1a907c8c 
140b93c3: raises $0.05 to $0.1
4883a809: calls $0.1
1a907c8c: folds
Hero: raises $0.3 to $0.4
1e9cef3d: folds
ac1ab5db: folds
140b93c3: calls $0.3
4883a809: calls $0.3
*** FLOP *** [Kd 2c 8s]
140b93c3: checks
4883a809: checks
Hero: bets $0.64
140b93c3: calls $0.64
4883a809: folds
*** TURN *** [Kd 2c 8s] [Jc]
140b93c3: checks
Hero: bets $0.85
140b93c3: calls $0.85
*** RIVER *** [Kd 2c 8s Jc] [Ac]
140b93c3: checks
Hero: bets $1.1
140b93c3: folds
Uncalled bet ($1.1) returned to Hero
Hero: shows [As Ah] (Three Aces)
*** SHOWDOWN ***
Hero collected $3.99 from pot
*** SUMMARY ***
Total pot $4.25 | Rake $0.21 | Jackpot $0.05 | Bingo $0 | Fortune $0
Board [Kd 2c 8s Jc Ac]
Seat 1: Hero (button) showed [As Ah] and won ($3.99) with Three Aces
Seat 2: 1e9cef3d (small blind) folded before Flop
Seat 3: ac1ab5db (big blind) folded before Flop
Seat 4: 140b93c3 folded on the River
Seat 5: 4883a809 folded on the Flop
Seat 6: 1a907c8c folded before Flop (didn't bet)


Poker Hand #HD1151731451: Hold'em No Limit  ($0.02/$0.05) - 2023/03/08 20:30:11
Table 'NLHBlue33' 6-max Seat #6 is the button
Seat 1: Hero ($5.14 in chips)
Seat 2: 1e9cef3d ($9.47 in chips)
Seat 3: ac1ab5db ($6.52 in chips)
Seat 4: 140b93c3 ($6.49 in chips)
Seat 5: 4883a809 ($2.77 in chips)
Seat 6: 1a907c8c ($5.46 in chips)
Hero: posts small blind $0.02
1e9cef3d: posts big blind $0.05
*** HOLE CARDS ***
Dealt to Hero [7c 9h]
Dealt to 1e9cef3d 
Dealt to ac1ab5db 
Dealt to 140b93c3 
Dealt to 4883a809 
Dealt to 1a907c8c 
ac1ab5db: folds
140b93c3: folds
4883a809: folds
1a907c8c: raises $0.1 to $0.15
Hero: folds
1e9cef3d: folds
Uncalled bet ($0.1) returned to 1a907c8c
*** SHOWDOWN ***
1a907c8c collected $0.12 from pot
*** SUMMARY ***
Total pot $0.12 | Rake $0 | Jackpot $0 | Bingo $0 | Fortune $0
Seat 1: Hero (small blind) folded before Flop
Seat 2: 1e9cef3d (big blind) folded before Flop
Seat 3: ac1ab5db folded before Flop (didn't bet)
Seat 4: 140b93c3 folded before Flop (didn't bet)
Seat 5: 4883a809 folded before Flop (didn't bet)
Seat 6: 1a907c8c (button) collected ($0.12)


Poker Hand #HD1151731381: Hold'em No Limit  ($0.02/$0.05) - 2023/03/08 20:29:35
Table 'NLHBlue33' 6-max Seat #5 is the button
Seat 1: Hero ($5 in chips)
Seat 2: 1e9cef3d ($9.47 in chips)
Seat 3: ac1ab5db ($6.65 in chips)
Seat 4: 140b93c3 ($6.49 in chips)
Seat 5: 4883a809 ($2.77 in chips)
Seat 6: 1a907c8c ($5.48 in chips)
1a907c8c: posts small blind $0.02
Hero: posts big blind $0.05
*** HOLE CARDS ***
Dealt to Hero [5d Ad]
Dealt to 1e9cef3d 
Dealt to ac1ab5db 
Dealt to 140b93c3 
Dealt to 4883a809 
Dealt to 1a907c8c 
1e9cef3d: folds
ac1ab5db: raises $0.08 to $0.13
140b93c3: folds
4883a809: folds
1a907c8c: folds
Hero: raises $0.45 to $0.58
ac1ab5db: folds
Uncalled bet ($0.45) returned to Hero
*** SHOWDOWN ***
Hero collected $0.27 from pot
*** SUMMARY ***
Total pot $0.28 | Rake $0.01 | Jackpot $0 | Bingo $0 | Fortune $0
Seat 1: Hero (big blind) collected ($0.27)
Seat 2: 1e9cef3d folded before Flop (didn't bet)
Seat 3: ac1ab5db folded before Flop
Seat 4: 140b93c3 folded before Flop (didn't bet)
Seat 5: 4883a809 (button) folded before Flop (didn't bet)
Seat 6: 1a907c8c (small blind) folded before Flop


