Poker Hand #HD1176770980: Hold'em No Limit  ($0.02/$0.05) - 2023/03/26 15:36:01
Table 'NLHBlue20' 6-max Seat #4 is the button
Seat 1: Hero ($5.06 in chips)
Seat 2: 5704cc3b ($2.93 in chips)
Seat 3: ec1da9f ($4.79 in chips)
Seat 4: 3c8efe4f ($18.44 in chips)
Seat 5: 3a9c1982 ($5 in chips)
Seat 6: b511c85b ($5 in chips)
3a9c1982: posts small blind $0.02
b511c85b: posts big blind $0.05
*** HOLE CARDS ***
Dealt to Hero [8h 9d]
Dealt to 5704cc3b 
Dealt to ec1da9f 
Dealt to 3c8efe4f 
Dealt to 3a9c1982 
Dealt to b511c85b 
Hero: folds
5704cc3b: folds
ec1da9f: folds
3c8efe4f: folds
3a9c1982: raises $0.1 to $0.15
b511c85b: calls $0.1
*** FLOP *** [5h Ac Ad]
3a9c1982: checks
b511c85b: checks
*** TURN *** [5h Ac Ad] [4c]
3a9c1982: bets $0.1
b511c85b: folds
Uncalled bet ($0.1) returned to 3a9c1982
*** SHOWDOWN ***
3a9c1982 collected $0.29 from pot
*** SUMMARY ***
Total pot $0.3 | Rake $0.01 | Jackpot $0 | Bingo $0 | Fortune $0
Board [5h Ac Ad 4c]
Seat 1: Hero folded before Flop (didn't bet)
Seat 2: 5704cc3b folded before Flop (didn't bet)
Seat 3: ec1da9f folded before Flop (didn't bet)
Seat 4: 3c8efe4f (button) folded before Flop (didn't bet)
Seat 5: 3a9c1982 (small blind) won ($0.29)
Seat 6: b511c85b (big blind) folded on the Turn


Poker Hand #HD1176770957: Hold'em No Limit  ($0.02/$0.05) - 2023/03/26 15:35:50
Table 'NLHBlue20' 6-max Seat #3 is the button
Seat 1: Hero ($5.06 in chips)
Seat 2: 5704cc3b ($2.93 in chips)
Seat 3: ec1da9f ($4.72 in chips)
Seat 4: 3c8efe4f ($18.46 in chips)
Seat 5: 3a9c1982 ($5 in chips)
3c8efe4f: posts small blind $0.02
3a9c1982: posts big blind $0.05
*** HOLE CARDS ***
Dealt to Hero [8h 5s]
Dealt to 5704cc3b 
Dealt to ec1da9f 
Dealt to 3c8efe4f 
Dealt to 3a9c1982 
Hero: folds
5704cc3b: folds
ec1da9f: raises $0.05 to $0.1
3c8efe4f: folds
3a9c1982: folds
Uncalled bet ($0.05) returned to ec1da9f
*** SHOWDOWN ***
ec1da9f collected $0.12 from pot
*** SUMMARY ***
Total pot $0.12 | Rake $0 | Jackpot $0 | Bingo $0 | Fortune $0
Seat 1: Hero folded before Flop (didn't bet)
Seat 2: 5704cc3b folded before Flop (didn't bet)
Seat 3: ec1da9f (button) collected ($0.12)
Seat 4: 3c8efe4f (small blind) folded before Flop
Seat 5: 3a9c1982 (big blind) folded before Flop


Poker Hand #HD1176770846: Hold'em No Limit  ($0.02/$0.05) - 2023/03/26 15:35:08
Table 'NLHBlue20' 6-max Seat #2 is the button
Seat 1: Hero ($5.18 in chips)
Seat 2: 5704cc3b ($3.05 in chips)
Seat 3: ec1da9f ($4.74 in chips)
Seat 4: 3c8efe4f ($18.21 in chips)
Seat 5: 3a9c1982 ($5 in chips)
ec1da9f: posts small blind $0.02
3c8efe4f: posts big blind $0.05
*** HOLE CARDS ***
Dealt to Hero [Ts Ac]
Dealt to 5704cc3b 
Dealt to ec1da9f 
Dealt to 3c8efe4f 
Dealt to 3a9c1982 
3a9c1982: folds
Hero: raises $0.07 to $0.12
5704cc3b: calls $0.12
ec1da9f: folds
3c8efe4f: calls $0.07
*** FLOP *** [8s 2d 3s]
3c8efe4f: checks
Hero: checks
5704cc3b: checks
*** TURN *** [8s 2d 3s] [2h]
3c8efe4f: bets $0.2
Hero: folds
5704cc3b: folds
Uncalled bet ($0.2) returned to 3c8efe4f
*** SHOWDOWN ***
3c8efe4f collected $0.37 from pot
*** SUMMARY ***
Total pot $0.38 | Rake $0.01 | Jackpot $0 | Bingo $0 | Fortune $0
Board [8s 2d 3s 2h]
Seat 1: Hero folded on the Turn
Seat 2: 5704cc3b (button) folded on the Turn
Seat 3: ec1da9f (small blind) folded before Flop
Seat 4: 3c8efe4f (big blind) won ($0.37)
Seat 5: 3a9c1982 folded before Flop (didn't bet)


Poker Hand #HD1176770759: Hold'em No Limit  ($0.02/$0.05) - 2023/03/26 15:34:33
Table 'NLHBlue20' 6-max Seat #1 is the button
Seat 1: Hero ($5.05 in chips)
Seat 2: 5704cc3b ($3.07 in chips)
Seat 3: ec1da9f ($4.86 in chips)
Seat 4: 3c8efe4f ($18.21 in chips)
Seat 5: 3a9c1982 ($5 in chips)
5704cc3b: posts small blind $0.02
ec1da9f: posts big blind $0.05
*** HOLE CARDS ***
Dealt to Hero [5h 5s]
Dealt to 5704cc3b 
Dealt to ec1da9f 
Dealt to 3c8efe4f 
Dealt to 3a9c1982 
3c8efe4f: folds
3a9c1982: folds
Hero: raises $0.07 to $0.12
5704cc3b: folds
ec1da9f: calls $0.07
*** FLOP *** [Ac 4d 2s]
ec1da9f: checks
Hero: bets $0.12
ec1da9f: folds
Uncalled bet ($0.12) returned to Hero
*** SHOWDOWN ***
Hero collected $0.25 from pot
*** SUMMARY ***
Total pot $0.26 | Rake $0.01 | Jackpot $0 | Bingo $0 | Fortune $0
Board [Ac 4d 2s]
Seat 1: Hero (button) won ($0.25)
Seat 2: 5704cc3b (small blind) folded before Flop
Seat 3: ec1da9f (big blind) folded on the Flop
Seat 4: 3c8efe4f folded before Flop (didn't bet)
Seat 5: 3a9c1982 folded before Flop (didn't bet)


Poker Hand #HD1176770634: Hold'em No Limit  ($0.02/$0.05) - 2023/03/26 15:33:51
Table 'NLHBlue20' 6-max Seat #5 is the button
Seat 1: Hero ($5.07 in chips)
Seat 2: 5704cc3b ($3.12 in chips)
Seat 3: ec1da9f ($4.79 in chips)
Seat 4: 3c8efe4f ($18.21 in chips)
Seat 5: 3a9c1982 ($5 in chips)
Hero: posts small blind $0.02
5704cc3b: posts big blind $0.05
*** HOLE CARDS ***
Dealt to Hero [6s Ac]
Dealt to 5704cc3b 
Dealt to ec1da9f 
Dealt to 3c8efe4f 
Dealt to 3a9c1982 
ec1da9f: calls $0.05
3c8efe4f: folds
3a9c1982: folds
Hero: folds
5704cc3b: checks
*** FLOP *** [Ah 3d Kd]
5704cc3b: checks
ec1da9f: checks
*** TURN *** [Ah 3d Kd] [As]
5704cc3b: checks
ec1da9f: checks
*** RIVER *** [Ah 3d Kd As] [9c]
5704cc3b: checks
ec1da9f: checks
5704cc3b: shows [Qc Js] (Pair of Aces)
ec1da9f: shows [7d 7s] (Pair of Aces and Pair of Sevens)
*** SHOWDOWN ***
ec1da9f collected $0.12 from pot
*** SUMMARY ***
Total pot $0.12 | Rake $0 | Jackpot $0 | Bingo $0 | Fortune $0
Board [Ah 3d Kd As 9c]
Seat 1: Hero (small blind) folded before Flop
Seat 2: 5704cc3b (big blind) showed [Qc Js] and lost with Pair of Aces
Seat 3: ec1da9f showed [7d 7s] and won ($0.12) with Pair of Aces and Pair of Sevens
Seat 4: 3c8efe4f folded before Flop (didn't bet)
Seat 5: 3a9c1982 (button) folded before Flop (didn't bet)


Poker Hand #HD1176770600: Hold'em No Limit  ($0.02/$0.05) - 2023/03/26 15:33:38
Table 'NLHBlue20' 6-max Seat #4 is the button
Seat 1: Hero ($5.12 in chips)
Seat 2: 5704cc3b ($3.05 in chips)
Seat 3: ec1da9f ($4.79 in chips)
Seat 4: 3c8efe4f ($18.21 in chips)
Seat 5: 3a9c1982 ($5 in chips)
3a9c1982: posts small blind $0.02
Hero: posts big blind $0.05
*** HOLE CARDS ***
Dealt to Hero [2c 6s]
Dealt to 5704cc3b 
Dealt to ec1da9f 
Dealt to 3c8efe4f 
Dealt to 3a9c1982 
5704cc3b: raises $0.08 to $0.13
ec1da9f: folds
3c8efe4f: folds
3a9c1982: folds
Hero: folds
Uncalled bet ($0.08) returned to 5704cc3b
*** SHOWDOWN ***
5704cc3b collected $0.12 from pot
*** SUMMARY ***
Total pot $0.12 | Rake $0 | Jackpot $0 | Bingo $0 | Fortune $0
Seat 1: Hero (big blind) folded before Flop
Seat 2: 5704cc3b collected ($0.12)
Seat 3: ec1da9f folded before Flop (didn't bet)
Seat 4: 3c8efe4f (button) folded before Flop (didn't bet)
Seat 5: 3a9c1982 (small blind) folded before Flop


Poker Hand #HD1176770551: Hold'em No Limit  ($0.02/$0.05) - 2023/03/26 15:33:21
Table 'NLHBlue20' 6-max Seat #3 is the button
Seat 1: Hero ($5.12 in chips)
Seat 2: 5704cc3b ($3.05 in chips)
Seat 3: ec1da9f ($4.79 in chips)
Seat 4: 3c8efe4f ($18.16 in chips)
Seat 5: 3a9c1982 ($5.05 in chips)
Seat 6: 16326781 ($5.45 in chips)
3c8efe4f: posts small blind $0.02
3a9c1982: posts big blind $0.05
*** HOLE CARDS ***
Dealt to Hero [9c 5d]
Dealt to 5704cc3b 
Dealt to ec1da9f 
Dealt to 3c8efe4f 
Dealt to 3a9c1982 
Dealt to 16326781 
16326781: folds
Hero: folds
5704cc3b: folds
ec1da9f: folds
3c8efe4f: raises $0.1 to $0.15
3a9c1982: folds
Uncalled bet ($0.1) returned to 3c8efe4f
*** SHOWDOWN ***
3c8efe4f collected $0.1 from pot
*** SUMMARY ***
Total pot $0.1 | Rake $0 | Jackpot $0 | Bingo $0 | Fortune $0
Seat 1: Hero folded before Flop (didn't bet)
Seat 2: 5704cc3b folded before Flop (didn't bet)
Seat 3: ec1da9f (button) folded before Flop (didn't bet)
Seat 4: 3c8efe4f (small blind) collected ($0.1)
Seat 5: 3a9c1982 (big blind) folded before Flop
Seat 6: 16326781 folded before Flop (didn't bet)


Poker Hand #HD1176770469: Hold'em No Limit  ($0.02/$0.05) - 2023/03/26 15:32:51
Table 'NLHBlue20' 6-max Seat #2 is the button
Seat 1: Hero ($5.12 in chips)
Seat 2: 5704cc3b ($3.2 in chips)
Seat 3: ec1da9f ($4.81 in chips)
Seat 4: 3c8efe4f ($18.21 in chips)
Seat 5: 3a9c1982 ($5.05 in chips)
Seat 6: 16326781 ($5.24 in chips)
ec1da9f: posts small blind $0.02
3c8efe4f: posts big blind $0.05
*** HOLE CARDS ***
Dealt to Hero [6d Kc]
Dealt to 5704cc3b 
Dealt to ec1da9f 
Dealt to 3c8efe4f 
Dealt to 3a9c1982 
Dealt to 16326781 
3a9c1982: folds
16326781: raises $0.1 to $0.15
Hero: folds
5704cc3b: calls $0.15
ec1da9f: folds
3c8efe4f: folds
*** FLOP *** [4h Qh 6s]
16326781: bets $0.28
5704cc3b: folds
Uncalled bet ($0.28) returned to 16326781
*** SHOWDOWN ***
16326781 collected $0.36 from pot
*** SUMMARY ***
Total pot $0.37 | Rake $0.01 | Jackpot $0 | Bingo $0 | Fortune $0
Board [4h Qh 6s]
Seat 1: Hero folded before Flop (didn't bet)
Seat 2: 5704cc3b (button) folded on the Flop
Seat 3: ec1da9f (small blind) folded before Flop
Seat 4: 3c8efe4f (big blind) folded before Flop
Seat 5: 3a9c1982 folded before Flop (didn't bet)
Seat 6: 16326781 won ($0.36)


Poker Hand #HD1176770439: Hold'em No Limit  ($0.02/$0.05) - 2023/03/26 15:32:40
Table 'NLHBlue20' 6-max Seat #1 is the button
Seat 1: Hero ($5.12 in chips)
Seat 2: 5704cc3b ($3.22 in chips)
Seat 3: ec1da9f ($4.79 in chips)
Seat 4: 3c8efe4f ($18.21 in chips)
Seat 5: 3a9c1982 ($5.05 in chips)
Seat 6: 16326781 ($5.24 in chips)
5704cc3b: posts small blind $0.02
ec1da9f: posts big blind $0.05
*** HOLE CARDS ***
Dealt to Hero [3s Ad]
Dealt to 5704cc3b 
Dealt to ec1da9f 
Dealt to 3c8efe4f 
Dealt to 3a9c1982 
Dealt to 16326781 
3c8efe4f: folds
3a9c1982: folds
16326781: folds
Hero: folds
5704cc3b: folds
Uncalled bet ($0.03) returned to ec1da9f
*** SHOWDOWN ***
ec1da9f collected $0.04 from pot
*** SUMMARY ***
Total pot $0.04 | Rake $0 | Jackpot $0 | Bingo $0 | Fortune $0
Seat 1: Hero (button) folded before Flop (didn't bet)
Seat 2: 5704cc3b (small blind) folded before Flop
Seat 3: ec1da9f (big blind) collected ($0.04)
Seat 4: 3c8efe4f folded before Flop (didn't bet)
Seat 5: 3a9c1982 folded before Flop (didn't bet)
Seat 6: 16326781 folded before Flop (didn't bet)


Poker Hand #HD1176770371: Hold'em No Limit  ($0.02/$0.05) - 2023/03/26 15:32:13
Table 'NLHBlue20' 6-max Seat #6 is the button
Seat 1: Hero ($5.14 in chips)
Seat 2: 5704cc3b ($3.27 in chips)
Seat 3: ec1da9f ($4.72 in chips)
Seat 4: 3c8efe4f ($18.21 in chips)
Seat 5: 3a9c1982 ($5.05 in chips)
Seat 6: 16326781 ($5.24 in chips)
Hero: posts small blind $0.02
5704cc3b: posts big blind $0.05
*** HOLE CARDS ***
Dealt to Hero [3d 3h]
Dealt to 5704cc3b 
Dealt to ec1da9f 
Dealt to 3c8efe4f 
Dealt to 3a9c1982 
Dealt to 16326781 
ec1da9f: calls $0.05
3c8efe4f: folds
3a9c1982: folds
16326781: folds
Hero: folds
5704cc3b: checks
*** FLOP *** [7c Jc 6c]
5704cc3b: checks
ec1da9f: bets $0.09
5704cc3b: folds
Uncalled bet ($0.09) returned to ec1da9f
*** SHOWDOWN ***
ec1da9f collected $0.12 from pot
*** SUMMARY ***
Total pot $0.12 | Rake $0 | Jackpot $0 | Bingo $0 | Fortune $0
Board [7c Jc 6c]
Seat 1: Hero (small blind) folded before Flop
Seat 2: 5704cc3b (big blind) folded on the Flop
Seat 3: ec1da9f won ($0.12)
Seat 4: 3c8efe4f folded before Flop (didn't bet)
Seat 5: 3a9c1982 folded before Flop (didn't bet)
Seat 6: 16326781 (button) folded before Flop (didn't bet)


Poker Hand #HD1176770311: Hold'em No Limit  ($0.02/$0.05) - 2023/03/26 15:31:46
Table 'NLHBlue20' 6-max Seat #5 is the button
Seat 1: Hero ($5 in chips)
Seat 2: 5704cc3b ($3.27 in chips)
Seat 3: ec1da9f ($4.72 in chips)
Seat 4: 3c8efe4f ($18.21 in chips)
Seat 5: 3a9c1982 ($5.05 in chips)
Seat 6: 16326781 ($5.39 in chips)
16326781: posts small blind $0.02
Hero: posts big blind $0.05
*** HOLE CARDS ***
Dealt to Hero [9s Ts]
Dealt to 5704cc3b 
Dealt to ec1da9f 
Dealt to 3c8efe4f 
Dealt to 3a9c1982 
Dealt to 16326781 
5704cc3b: folds
ec1da9f: folds
3c8efe4f: folds
3a9c1982: folds
16326781: raises $0.1 to $0.15
Hero: raises $0.23 to $0.38
16326781: folds
Uncalled bet ($0.23) returned to Hero
*** SHOWDOWN ***
Hero collected $0.29 from pot
*** SUMMARY ***
Total pot $0.3 | Rake $0.01 | Jackpot $0 | Bingo $0 | Fortune $0
Seat 1: Hero (big blind) collected ($0.29)
Seat 2: 5704cc3b folded before Flop (didn't bet)
Seat 3: ec1da9f folded before Flop (didn't bet)
Seat 4: 3c8efe4f folded before Flop (didn't bet)
Seat 5: 3a9c1982 (button) folded before Flop (didn't bet)
Seat 6: 16326781 (small blind) folded before Flop


