Poker Hand #HD1189796726: Hold'em No Limit  ($0.02/$0.05) - 2023/04/04 21:45:29
Table 'NLHBlue64' 6-max Seat #2 is the button
Seat 1: e98f270d ($9.24 in chips)
Seat 2: 5c50543a ($5 in chips)
Seat 3: a82f39e0 ($5.2 in chips)
Seat 4: 1e86472b ($5.49 in chips)
Seat 5: Hero ($5 in chips)
a82f39e0: posts small blind $0.02
1e86472b: posts big blind $0.05
*** HOLE CARDS ***
Dealt to e98f270d 
Dealt to 5c50543a 
Dealt to a82f39e0 
Dealt to 1e86472b 
Dealt to Hero [3d Qs]
Hero: folds
e98f270d: folds
5c50543a: folds
a82f39e0: folds
Uncalled bet ($0.03) returned to 1e86472b
*** SHOWDOWN ***
1e86472b collected $0.04 from pot
*** SUMMARY ***
Total pot $0.04 | Rake $0 | Jackpot $0 | Bingo $0 | Fortune $0
Seat 1: e98f270d folded before Flop (didn't bet)
Seat 2: 5c50543a (button) folded before Flop (didn't bet)
Seat 3: a82f39e0 (small blind) folded before Flop
Seat 4: 1e86472b (big blind) collected ($0.04)
Seat 5: Hero folded before Flop (didn't bet)


Poker Hand #HD1189796674: Hold'em No Limit  ($0.02/$0.05) - 2023/04/04 21:44:54
Table 'NLHBlue64' 6-max Seat #1 is the button
Seat 1: e98f270d ($9.03 in chips)
Seat 2: 5c50543a ($5.02 in chips)
Seat 3: a82f39e0 ($5.25 in chips)
Seat 4: 1e86472b ($5.64 in chips)
Seat 5: Hero ($5 in chips)
5c50543a: posts small blind $0.02
a82f39e0: posts big blind $0.05
*** HOLE CARDS ***
Dealt to e98f270d 
Dealt to 5c50543a 
Dealt to a82f39e0 
Dealt to 1e86472b 
Dealt to Hero [Kd 8d]
1e86472b: raises $0.1 to $0.15
Hero: folds
e98f270d: raises $0.3 to $0.45
5c50543a: folds
a82f39e0: folds
1e86472b: folds
Uncalled bet ($0.3) returned to e98f270d
*** SHOWDOWN ***
e98f270d collected $0.36 from pot
*** SUMMARY ***
Total pot $0.37 | Rake $0.01 | Jackpot $0 | Bingo $0 | Fortune $0
Seat 1: e98f270d (button) collected ($0.36)
Seat 2: 5c50543a (small blind) folded before Flop
Seat 3: a82f39e0 (big blind) folded before Flop
Seat 4: 1e86472b folded before Flop
Seat 5: Hero folded before Flop (didn't bet)


Poker Hand #HD1189796620: Hold'em No Limit  ($0.02/$0.05) - 2023/04/04 21:44:24
Table 'NLHBlue64' 6-max Seat #5 is the button
Seat 1: e98f270d ($9.05 in chips)
Seat 2: 5c50543a ($5.07 in chips)
Seat 3: a82f39e0 ($5.18 in chips)
Seat 4: 1e86472b ($5.64 in chips)
Seat 5: Hero ($5 in chips)
e98f270d: posts small blind $0.02
5c50543a: posts big blind $0.05
*** HOLE CARDS ***
Dealt to e98f270d 
Dealt to 5c50543a 
Dealt to a82f39e0 
Dealt to 1e86472b 
Dealt to Hero [9d 8d]
a82f39e0: raises $0.08 to $0.13
1e86472b: folds
Hero: folds
e98f270d: folds
5c50543a: folds
Uncalled bet ($0.08) returned to a82f39e0
*** SHOWDOWN ***
a82f39e0 collected $0.12 from pot
*** SUMMARY ***
Total pot $0.12 | Rake $0 | Jackpot $0 | Bingo $0 | Fortune $0
Seat 1: e98f270d (small blind) folded before Flop
Seat 2: 5c50543a (big blind) folded before Flop
Seat 3: a82f39e0 collected ($0.12)
Seat 4: 1e86472b folded before Flop (didn't bet)
Seat 5: Hero (button) folded before Flop (didn't bet)


Poker Hand #HD1189796600: Hold'em No Limit  ($0.02/$0.05) - 2023/04/04 21:44:09
Table 'NLHBlue64' 6-max Seat #4 is the button
Seat 1: e98f270d ($9.1 in chips)
Seat 2: 5c50543a ($5.07 in chips)
Seat 3: a82f39e0 ($5.18 in chips)
Seat 4: 1e86472b ($5.57 in chips)
Seat 5: Hero ($5.02 in chips)
Hero: posts small blind $0.02
e98f270d: posts big blind $0.05
*** HOLE CARDS ***
Dealt to e98f270d 
Dealt to 5c50543a 
Dealt to a82f39e0 
Dealt to 1e86472b 
Dealt to Hero [3s 8s]
5c50543a: folds
a82f39e0: folds
1e86472b: raises $0.08 to $0.13
Hero: folds
e98f270d: folds
Uncalled bet ($0.08) returned to 1e86472b
*** SHOWDOWN ***
1e86472b collected $0.12 from pot
*** SUMMARY ***
Total pot $0.12 | Rake $0 | Jackpot $0 | Bingo $0 | Fortune $0
Seat 1: e98f270d (big blind) folded before Flop
Seat 2: 5c50543a folded before Flop (didn't bet)
Seat 3: a82f39e0 folded before Flop (didn't bet)
Seat 4: 1e86472b (button) collected ($0.12)
Seat 5: Hero (small blind) folded before Flop


Poker Hand #HD1189796555: Hold'em No Limit  ($0.02/$0.05) - 2023/04/04 21:43:45
Table 'NLHBlue64' 6-max Seat #3 is the button
Seat 1: e98f270d ($9.1 in chips)
Seat 2: 5c50543a ($5 in chips)
Seat 3: a82f39e0 ($5.18 in chips)
Seat 4: 1e86472b ($5.59 in chips)
Seat 5: Hero ($5.07 in chips)
1e86472b: posts small blind $0.02
Hero: posts big blind $0.05
*** HOLE CARDS ***
Dealt to e98f270d 
Dealt to 5c50543a 
Dealt to a82f39e0 
Dealt to 1e86472b 
Dealt to Hero [5h 8d]
e98f270d: folds
5c50543a: raises $0.08 to $0.13
a82f39e0: folds
1e86472b: folds
Hero: folds
Uncalled bet ($0.08) returned to 5c50543a
*** SHOWDOWN ***
5c50543a collected $0.12 from pot
*** SUMMARY ***
Total pot $0.12 | Rake $0 | Jackpot $0 | Bingo $0 | Fortune $0
Seat 1: e98f270d folded before Flop (didn't bet)
Seat 2: 5c50543a collected ($0.12)
Seat 3: a82f39e0 (button) folded before Flop (didn't bet)
Seat 4: 1e86472b (small blind) folded before Flop
Seat 5: Hero (big blind) folded before Flop


Poker Hand #HD1189796425: Hold'em No Limit  ($0.02/$0.05) - 2023/04/04 21:42:30
Table 'NLHBlue64' 6-max Seat #2 is the button
Seat 1: e98f270d ($9.1 in chips)
Seat 2: 5c50543a ($5.38 in chips)
Seat 3: a82f39e0 ($5.2 in chips)
Seat 4: 1e86472b ($5.03 in chips)
Seat 5: Hero ($5.07 in chips)
a82f39e0: posts small blind $0.02
1e86472b: posts big blind $0.05
*** HOLE CARDS ***
Dealt to e98f270d 
Dealt to 5c50543a 
Dealt to a82f39e0 
Dealt to 1e86472b 
Dealt to Hero [3h 2s]
Hero: folds
e98f270d: folds
5c50543a: raises $0.05 to $0.1
a82f39e0: folds
1e86472b: calls $0.05
*** FLOP *** [Th Ah Ks]
1e86472b: checks
5c50543a: bets $0.15
1e86472b: calls $0.15
*** TURN *** [Th Ah Ks] [Ad]
1e86472b: checks
5c50543a: bets $0.35
1e86472b: calls $0.35
*** RIVER *** [Th Ah Ks Ad] [9d]
1e86472b: checks
5c50543a: checks
1e86472b: shows [7c Ac] (Three Aces)
5c50543a: shows [Kh Jh] (Pair of Aces and Pair of Kings)
*** SHOWDOWN ***
1e86472b collected $1.16 from pot
*** SUMMARY ***
Total pot $1.22 | Rake $0.06 | Jackpot $0 | Bingo $0 | Fortune $0
Board [Th Ah Ks Ad 9d]
Seat 1: e98f270d folded before Flop (didn't bet)
Seat 2: 5c50543a (button) showed [Kh Jh] and lost with Pair of Aces and Pair of Kings
Seat 3: a82f39e0 (small blind) folded before Flop
Seat 4: 1e86472b (big blind) showed [7c Ac] and won ($1.16) with Three Aces
Seat 5: Hero folded before Flop (didn't bet)


Poker Hand #HD1189796358: Hold'em No Limit  ($0.02/$0.05) - 2023/04/04 21:41:49
Table 'NLHBlue64' 6-max Seat #1 is the button
Seat 1: e98f270d ($9.1 in chips)
Seat 2: 5c50543a ($5.4 in chips)
Seat 3: a82f39e0 ($5.25 in chips)
Seat 4: 1e86472b ($5.03 in chips)
Seat 5: Hero ($5.07 in chips)
Seat 6: b372b6f8 ($6.22 in chips)
5c50543a: posts small blind $0.02
a82f39e0: posts big blind $0.05
*** HOLE CARDS ***
Dealt to e98f270d 
Dealt to 5c50543a 
Dealt to a82f39e0 
Dealt to 1e86472b 
Dealt to Hero [4h 6d]
Dealt to b372b6f8 
1e86472b: folds
Hero: folds
b372b6f8: raises $0.1 to $0.15
e98f270d: folds
5c50543a: folds
a82f39e0: folds
Uncalled bet ($0.1) returned to b372b6f8
*** SHOWDOWN ***
b372b6f8 collected $0.12 from pot
*** SUMMARY ***
Total pot $0.12 | Rake $0 | Jackpot $0 | Bingo $0 | Fortune $0
Seat 1: e98f270d (button) folded before Flop (didn't bet)
Seat 2: 5c50543a (small blind) folded before Flop
Seat 3: a82f39e0 (big blind) folded before Flop
Seat 4: 1e86472b folded before Flop (didn't bet)
Seat 5: Hero folded before Flop (didn't bet)
Seat 6: b372b6f8 collected ($0.12)


Poker Hand #HD1189796301: Hold'em No Limit  ($0.02/$0.05) - 2023/04/04 21:41:16
Table 'NLHBlue64' 6-max Seat #6 is the button
Seat 1: e98f270d ($9.12 in chips)
Seat 2: 5c50543a ($5.45 in chips)
Seat 3: a82f39e0 ($5.18 in chips)
Seat 4: 1e86472b ($5.03 in chips)
Seat 5: Hero ($5.07 in chips)
Seat 6: b372b6f8 ($6.22 in chips)
e98f270d: posts small blind $0.02
5c50543a: posts big blind $0.05
*** HOLE CARDS ***
Dealt to e98f270d 
Dealt to 5c50543a 
Dealt to a82f39e0 
Dealt to 1e86472b 
Dealt to Hero [7c Td]
Dealt to b372b6f8 
a82f39e0: raises $0.08 to $0.13
1e86472b: folds
Hero: folds
b372b6f8: folds
e98f270d: folds
5c50543a: folds
Uncalled bet ($0.08) returned to a82f39e0
*** SHOWDOWN ***
a82f39e0 collected $0.12 from pot
*** SUMMARY ***
Total pot $0.12 | Rake $0 | Jackpot $0 | Bingo $0 | Fortune $0
Seat 1: e98f270d (small blind) folded before Flop
Seat 2: 5c50543a (big blind) folded before Flop
Seat 3: a82f39e0 collected ($0.12)
Seat 4: 1e86472b folded before Flop (didn't bet)
Seat 5: Hero folded before Flop (didn't bet)
Seat 6: b372b6f8 (button) folded before Flop (didn't bet)


Poker Hand #HD1189796259: Hold'em No Limit  ($0.02/$0.05) - 2023/04/04 21:40:47
Table 'NLHBlue64' 6-max Seat #5 is the button
Seat 1: e98f270d ($9.17 in chips)
Seat 2: 5c50543a ($5.45 in chips)
Seat 3: a82f39e0 ($5.18 in chips)
Seat 4: 1e86472b ($5.03 in chips)
Seat 5: Hero ($5 in chips)
Seat 6: b372b6f8 ($6.24 in chips)
b372b6f8: posts small blind $0.02
e98f270d: posts big blind $0.05
*** HOLE CARDS ***
Dealt to e98f270d 
Dealt to 5c50543a 
Dealt to a82f39e0 
Dealt to 1e86472b 
Dealt to Hero [5s Ks]
Dealt to b372b6f8 
5c50543a: folds
a82f39e0: folds
1e86472b: folds
Hero: raises $0.07 to $0.12
b372b6f8: folds
e98f270d: folds
Uncalled bet ($0.07) returned to Hero
*** SHOWDOWN ***
Hero collected $0.12 from pot
*** SUMMARY ***
Total pot $0.12 | Rake $0 | Jackpot $0 | Bingo $0 | Fortune $0
Seat 1: e98f270d (big blind) folded before Flop
Seat 2: 5c50543a folded before Flop (didn't bet)
Seat 3: a82f39e0 folded before Flop (didn't bet)
Seat 4: 1e86472b folded before Flop (didn't bet)
Seat 5: Hero (button) collected ($0.12)
Seat 6: b372b6f8 (small blind) folded before Flop


Poker Hand #HD1189796226: Hold'em No Limit  ($0.02/$0.05) - 2023/04/04 21:40:28
Table 'NLHBlue64' 6-max Seat #4 is the button
Seat 1: e98f270d ($9.17 in chips)
Seat 2: 5c50543a ($5.45 in chips)
Seat 3: a82f39e0 ($5.18 in chips)
Seat 4: 1e86472b ($5.03 in chips)
Seat 5: Hero ($5.02 in chips)
Seat 6: b372b6f8 ($6.22 in chips)
Hero: posts small blind $0.02
b372b6f8: posts big blind $0.05
*** HOLE CARDS ***
Dealt to e98f270d 
Dealt to 5c50543a 
Dealt to a82f39e0 
Dealt to 1e86472b 
Dealt to Hero [Ts 7c]
Dealt to b372b6f8 
e98f270d: folds
5c50543a: folds
a82f39e0: folds
1e86472b: folds
Hero: folds
Uncalled bet ($0.03) returned to b372b6f8
*** SHOWDOWN ***
b372b6f8 collected $0.04 from pot
*** SUMMARY ***
Total pot $0.04 | Rake $0 | Jackpot $0 | Bingo $0 | Fortune $0
Seat 1: e98f270d folded before Flop (didn't bet)
Seat 2: 5c50543a folded before Flop (didn't bet)
Seat 3: a82f39e0 folded before Flop (didn't bet)
Seat 4: 1e86472b (button) folded before Flop (didn't bet)
Seat 5: Hero (small blind) folded before Flop
Seat 6: b372b6f8 (big blind) collected ($0.04)


Poker Hand #HD1189796181: Hold'em No Limit  ($0.02/$0.05) - 2023/04/04 21:40:00
Table 'NLHBlue64' 6-max Seat #3 is the button
Seat 1: e98f270d ($9.17 in chips)
Seat 2: 5c50543a ($5.45 in chips)
Seat 3: a82f39e0 ($5.18 in chips)
Seat 4: 1e86472b ($5.05 in chips)
Seat 5: Hero ($5 in chips)
Seat 6: b372b6f8 ($6.22 in chips)
1e86472b: posts small blind $0.02
Hero: posts big blind $0.05
*** HOLE CARDS ***
Dealt to e98f270d 
Dealt to 5c50543a 
Dealt to a82f39e0 
Dealt to 1e86472b 
Dealt to Hero [3c 9h]
Dealt to b372b6f8 
b372b6f8: folds
e98f270d: folds
5c50543a: folds
a82f39e0: folds
1e86472b: folds
Uncalled bet ($0.03) returned to Hero
*** SHOWDOWN ***
Hero collected $0.04 from pot
*** SUMMARY ***
Total pot $0.04 | Rake $0 | Jackpot $0 | Bingo $0 | Fortune $0
Seat 1: e98f270d folded before Flop (didn't bet)
Seat 2: 5c50543a folded before Flop (didn't bet)
Seat 3: a82f39e0 (button) folded before Flop (didn't bet)
Seat 4: 1e86472b (small blind) folded before Flop
Seat 5: Hero (big blind) collected ($0.04)
Seat 6: b372b6f8 folded before Flop (didn't bet)


Poker Hand #HD1189796138: Hold'em No Limit  ($0.02/$0.05) - 2023/04/04 21:39:32
Table 'NLHBlue64' 6-max Seat #2 is the button
Seat 1: e98f270d ($9.17 in chips)
Seat 2: 5c50543a ($5.38 in chips)
Seat 3: a82f39e0 ($5.2 in chips)
Seat 4: 1e86472b ($5.1 in chips)
Seat 5: Hero ($5 in chips)
Seat 6: b372b6f8 ($6.22 in chips)
a82f39e0: posts small blind $0.02
1e86472b: posts big blind $0.05
*** HOLE CARDS ***
Dealt to e98f270d 
Dealt to 5c50543a 
Dealt to a82f39e0 
Dealt to 1e86472b 
Dealt to Hero [Jc Kd]
Dealt to b372b6f8 
Hero: folds
b372b6f8: folds
e98f270d: folds
5c50543a: raises $0.05 to $0.1
a82f39e0: folds
1e86472b: folds
Uncalled bet ($0.05) returned to 5c50543a
*** SHOWDOWN ***
5c50543a collected $0.12 from pot
*** SUMMARY ***
Total pot $0.12 | Rake $0 | Jackpot $0 | Bingo $0 | Fortune $0
Seat 1: e98f270d folded before Flop (didn't bet)
Seat 2: 5c50543a (button) collected ($0.12)
Seat 3: a82f39e0 (small blind) folded before Flop
Seat 4: 1e86472b (big blind) folded before Flop
Seat 5: Hero folded before Flop (didn't bet)
Seat 6: b372b6f8 folded before Flop (didn't bet)


Poker Hand #HD1189796073: Hold'em No Limit  ($0.02/$0.05) - 2023/04/04 21:38:51
Table 'NLHBlue64' 6-max Seat #1 is the button
Seat 1: e98f270d ($9.17 in chips)
Seat 2: 5c50543a ($5.4 in chips)
Seat 3: a82f39e0 ($5.25 in chips)
Seat 4: 1e86472b ($5.1 in chips)
Seat 5: Hero ($5 in chips)
Seat 6: b372b6f8 ($6.15 in chips)
5c50543a: posts small blind $0.02
a82f39e0: posts big blind $0.05
*** HOLE CARDS ***
Dealt to e98f270d 
Dealt to 5c50543a 
Dealt to a82f39e0 
Dealt to 1e86472b 
Dealt to Hero [9h Ad]
Dealt to b372b6f8 
1e86472b: folds
Hero: folds
b372b6f8: raises $0.1 to $0.15
e98f270d: folds
5c50543a: folds
a82f39e0: folds
Uncalled bet ($0.1) returned to b372b6f8
*** SHOWDOWN ***
b372b6f8 collected $0.12 from pot
*** SUMMARY ***
Total pot $0.12 | Rake $0 | Jackpot $0 | Bingo $0 | Fortune $0
Seat 1: e98f270d (button) folded before Flop (didn't bet)
Seat 2: 5c50543a (small blind) folded before Flop
Seat 3: a82f39e0 (big blind) folded before Flop
Seat 4: 1e86472b folded before Flop (didn't bet)
Seat 5: Hero folded before Flop (didn't bet)
Seat 6: b372b6f8 collected ($0.12)


Poker Hand #HD1189796017: Hold'em No Limit  ($0.02/$0.05) - 2023/04/04 21:38:17
Table 'NLHBlue64' 6-max Seat #6 is the button
Seat 1: e98f270d ($9.19 in chips)
Seat 2: 5c50543a ($5.45 in chips)
Seat 3: a82f39e0 ($5.18 in chips)
Seat 4: 1e86472b ($5.1 in chips)
Seat 5: Hero ($5 in chips)
Seat 6: b372b6f8 ($6.15 in chips)
e98f270d: posts small blind $0.02
5c50543a: posts big blind $0.05
*** HOLE CARDS ***
Dealt to e98f270d 
Dealt to 5c50543a 
Dealt to a82f39e0 
Dealt to 1e86472b 
Dealt to Hero [8d Kd]
Dealt to b372b6f8 
a82f39e0: raises $0.1 to $0.15
1e86472b: folds
Hero: folds
b372b6f8: folds
e98f270d: folds
5c50543a: folds
Uncalled bet ($0.1) returned to a82f39e0
*** SHOWDOWN ***
a82f39e0 collected $0.12 from pot
*** SUMMARY ***
Total pot $0.12 | Rake $0 | Jackpot $0 | Bingo $0 | Fortune $0
Seat 1: e98f270d (small blind) folded before Flop
Seat 2: 5c50543a (big blind) folded before Flop
Seat 3: a82f39e0 collected ($0.12)
Seat 4: 1e86472b folded before Flop (didn't bet)
Seat 5: Hero folded before Flop (didn't bet)
Seat 6: b372b6f8 (button) folded before Flop (didn't bet)


Poker Hand #HD1189795937: Hold'em No Limit  ($0.02/$0.05) - 2023/04/04 21:37:26
Table 'NLHBlue64' 6-max Seat #5 is the button
Seat 1: e98f270d ($9.24 in chips)
Seat 2: 5c50543a ($5.26 in chips)
Seat 3: a82f39e0 ($5.18 in chips)
Seat 4: 1e86472b ($5.1 in chips)
Seat 5: Hero ($5 in chips)
Seat 6: b372b6f8 ($6.3 in chips)
b372b6f8: posts small blind $0.02
e98f270d: posts big blind $0.05
*** HOLE CARDS ***
Dealt to e98f270d 
Dealt to 5c50543a 
Dealt to a82f39e0 
Dealt to 1e86472b 
Dealt to Hero [3h Qd]
Dealt to b372b6f8 
5c50543a: raises $0.1 to $0.15
a82f39e0: folds
1e86472b: folds
Hero: folds
b372b6f8: calls $0.13
e98f270d: folds
*** FLOP *** [7s Ad 6c]
b372b6f8: checks
5c50543a: bets $0.24
b372b6f8: folds
Uncalled bet ($0.24) returned to 5c50543a
*** SHOWDOWN ***
5c50543a collected $0.34 from pot
*** SUMMARY ***
Total pot $0.35 | Rake $0.01 | Jackpot $0 | Bingo $0 | Fortune $0
Board [7s Ad 6c]
Seat 1: e98f270d (big blind) folded before Flop
Seat 2: 5c50543a won ($0.34)
Seat 3: a82f39e0 folded before Flop (didn't bet)
Seat 4: 1e86472b folded before Flop (didn't bet)
Seat 5: Hero (button) folded before Flop (didn't bet)
Seat 6: b372b6f8 (small blind) folded on the Flop


Poker Hand #HD1189795897: Hold'em No Limit  ($0.02/$0.05) - 2023/04/04 21:37:01
Table 'NLHBlue64' 6-max Seat #4 is the button
Seat 1: e98f270d ($9.17 in chips)
Seat 2: 5c50543a ($5.26 in chips)
Seat 3: a82f39e0 ($5.18 in chips)
Seat 4: 1e86472b ($5.1 in chips)
Seat 5: Hero ($5 in chips)
Seat 6: b372b6f8 ($6.35 in chips)
Hero: posts small blind $0.02
b372b6f8: posts big blind $0.05
*** HOLE CARDS ***
Dealt to e98f270d 
Dealt to 5c50543a 
Dealt to a82f39e0 
Dealt to 1e86472b 
Dealt to Hero [9d 5d]
Dealt to b372b6f8 
e98f270d: raises $0.07 to $0.12
5c50543a: folds
a82f39e0: folds
1e86472b: folds
Hero: folds
b372b6f8: folds
Uncalled bet ($0.07) returned to e98f270d
*** SHOWDOWN ***
e98f270d collected $0.12 from pot
*** SUMMARY ***
Total pot $0.12 | Rake $0 | Jackpot $0 | Bingo $0 | Fortune $0
Seat 1: e98f270d collected ($0.12)
Seat 2: 5c50543a folded before Flop (didn't bet)
Seat 3: a82f39e0 folded before Flop (didn't bet)
Seat 4: 1e86472b (button) folded before Flop (didn't bet)
Seat 5: Hero (small blind) folded before Flop
Seat 6: b372b6f8 (big blind) folded before Flop


Poker Hand #HD1189795817: Hold'em No Limit  ($0.02/$0.05) - 2023/04/04 21:36:16
Table 'NLHBlue64' 6-max Seat #3 is the button
Seat 1: e98f270d ($9.29 in chips)
Seat 2: 5c50543a ($5.26 in chips)
Seat 3: a82f39e0 ($5 in chips)
Seat 4: 1e86472b ($5.12 in chips)
Seat 5: Hero ($5 in chips)
Seat 6: b372b6f8 ($6.35 in chips)
1e86472b: posts small blind $0.02
Hero: posts big blind $0.05
*** HOLE CARDS ***
Dealt to e98f270d 
Dealt to 5c50543a 
Dealt to a82f39e0 
Dealt to 1e86472b 
Dealt to Hero [9h 2h]
Dealt to b372b6f8 
b372b6f8: folds
e98f270d: raises $0.07 to $0.12
5c50543a: folds
a82f39e0: raises $0.27 to $0.39
1e86472b: folds
Hero: folds
e98f270d: folds
Uncalled bet ($0.27) returned to a82f39e0
*** SHOWDOWN ***
a82f39e0 collected $0.3 from pot
*** SUMMARY ***
Total pot $0.31 | Rake $0.01 | Jackpot $0 | Bingo $0 | Fortune $0
Seat 1: e98f270d folded before Flop
Seat 2: 5c50543a folded before Flop (didn't bet)
Seat 3: a82f39e0 (button) collected ($0.3)
Seat 4: 1e86472b (small blind) folded before Flop
Seat 5: Hero (big blind) folded before Flop
Seat 6: b372b6f8 folded before Flop (didn't bet)


