Poker Hand #HD1189671735: Hold'em No Limit  ($0.02/$0.05) - 2023/04/04 20:37:27
Table 'NLHBlue128' 6-max Seat #1 is the button
Seat 1: c55cd837 ($5 in chips)
Seat 2: cfd76904 ($8.86 in chips)
Seat 3: 534a239e ($10.77 in chips)
Seat 4: Hero ($5.32 in chips)
Seat 5: d6383447 ($5.51 in chips)
Seat 6: dccd6c6a ($5 in chips)
cfd76904: posts small blind $0.02
534a239e: posts big blind $0.05
*** HOLE CARDS ***
Dealt to c55cd837 
Dealt to cfd76904 
Dealt to 534a239e 
Dealt to Hero [3d Kd]
Dealt to d6383447 
Dealt to dccd6c6a 
Hero: folds
d6383447: folds
dccd6c6a: folds
c55cd837: folds
cfd76904: raises $0.1 to $0.15
534a239e: calls $0.1
*** FLOP *** [2d 8h 8d]
cfd76904: checks
534a239e: bets $0.17
cfd76904: folds
Uncalled bet ($0.17) returned to 534a239e
*** SHOWDOWN ***
534a239e collected $0.29 from pot
*** SUMMARY ***
Total pot $0.3 | Rake $0.01 | Jackpot $0 | Bingo $0 | Fortune $0
Board [2d 8h 8d]
Seat 1: c55cd837 (button) folded before Flop (didn't bet)
Seat 2: cfd76904 (small blind) folded on the Flop
Seat 3: 534a239e (big blind) won ($0.29)
Seat 4: Hero folded before Flop (didn't bet)
Seat 5: d6383447 folded before Flop (didn't bet)
Seat 6: dccd6c6a folded before Flop (didn't bet)


Poker Hand #HD1189671699: Hold'em No Limit  ($0.02/$0.05) - 2023/04/04 20:37:11
Table 'NLHBlue128' 6-max Seat #6 is the button
Seat 1: c55cd837 ($5 in chips)
Seat 2: cfd76904 ($8.91 in chips)
Seat 3: 534a239e ($10.7 in chips)
Seat 4: Hero ($5.32 in chips)
Seat 5: d6383447 ($5.51 in chips)
Seat 6: dccd6c6a ($5 in chips)
c55cd837: posts small blind $0.02
cfd76904: posts big blind $0.05
*** HOLE CARDS ***
Dealt to c55cd837 
Dealt to cfd76904 
Dealt to 534a239e 
Dealt to Hero [7s 2h]
Dealt to d6383447 
Dealt to dccd6c6a 
534a239e: raises $0.06 to $0.11
Hero: folds
d6383447: folds
dccd6c6a: folds
c55cd837: folds
cfd76904: folds
Uncalled bet ($0.06) returned to 534a239e
*** SHOWDOWN ***
534a239e collected $0.12 from pot
*** SUMMARY ***
Total pot $0.12 | Rake $0 | Jackpot $0 | Bingo $0 | Fortune $0
Seat 1: c55cd837 (small blind) folded before Flop
Seat 2: cfd76904 (big blind) folded before Flop
Seat 3: 534a239e collected ($0.12)
Seat 4: Hero folded before Flop (didn't bet)
Seat 5: d6383447 folded before Flop (didn't bet)
Seat 6: dccd6c6a (button) folded before Flop (didn't bet)


Poker Hand #HD1189671657: Hold'em No Limit  ($0.02/$0.05) - 2023/04/04 20:36:55
Table 'NLHBlue128' 6-max Seat #5 is the button
Seat 1: c55cd837 ($5 in chips)
Seat 2: cfd76904 ($8.91 in chips)
Seat 3: 534a239e ($10.7 in chips)
Seat 4: Hero ($5.25 in chips)
Seat 5: d6383447 ($5.51 in chips)
Seat 6: dccd6c6a ($5 in chips)
dccd6c6a: posts small blind $0.02
c55cd837: posts big blind $0.05
*** HOLE CARDS ***
Dealt to c55cd837 
Dealt to cfd76904 
Dealt to 534a239e 
Dealt to Hero [As Jc]
Dealt to d6383447 
Dealt to dccd6c6a 
cfd76904: folds
534a239e: folds
Hero: raises $0.07 to $0.12
d6383447: folds
dccd6c6a: folds
c55cd837: folds
Uncalled bet ($0.07) returned to Hero
*** SHOWDOWN ***
Hero collected $0.12 from pot
*** SUMMARY ***
Total pot $0.12 | Rake $0 | Jackpot $0 | Bingo $0 | Fortune $0
Seat 1: c55cd837 (big blind) folded before Flop
Seat 2: cfd76904 folded before Flop (didn't bet)
Seat 3: 534a239e folded before Flop (didn't bet)
Seat 4: Hero collected ($0.12)
Seat 5: d6383447 (button) folded before Flop (didn't bet)
Seat 6: dccd6c6a (small blind) folded before Flop


Poker Hand #HD1189671545: Hold'em No Limit  ($0.02/$0.05) - 2023/04/04 20:36:04
Table 'NLHBlue128' 6-max Seat #4 is the button
Seat 2: cfd76904 ($8.91 in chips)
Seat 3: 534a239e ($10.7 in chips)
Seat 4: Hero ($5 in chips)
Seat 5: d6383447 ($5.53 in chips)
Seat 6: dccd6c6a ($5 in chips)
d6383447: posts small blind $0.02
dccd6c6a: posts big blind $0.05
*** HOLE CARDS ***
Dealt to cfd76904 
Dealt to 534a239e 
Dealt to Hero [2d Ah]
Dealt to d6383447 
Dealt to dccd6c6a 
cfd76904: folds
534a239e: folds
Hero: raises $0.07 to $0.12
d6383447: folds
dccd6c6a: calls $0.07
*** FLOP *** [5s As 3d]
dccd6c6a: checks
Hero: bets $0.13
dccd6c6a: calls $0.13
*** TURN *** [5s As 3d] [4c]
dccd6c6a: checks
Hero: bets $0.39
dccd6c6a: folds
Uncalled bet ($0.39) returned to Hero
*** SHOWDOWN ***
Hero collected $0.5 from pot
*** SUMMARY ***
Total pot $0.52 | Rake $0.02 | Jackpot $0 | Bingo $0 | Fortune $0
Board [5s As 3d 4c]
Seat 2: cfd76904 folded before Flop (didn't bet)
Seat 3: 534a239e folded before Flop (didn't bet)
Seat 4: Hero (button) won ($0.5)
Seat 5: d6383447 (small blind) folded before Flop
Seat 6: dccd6c6a (big blind) folded on the Turn


Poker Hand #HD1189671407: Hold'em No Limit  ($0.02/$0.05) - 2023/04/04 20:35:07
Table 'NLHBlue128' 6-max Seat #3 is the button
Seat 2: cfd76904 ($8.49 in chips)
Seat 3: 534a239e ($10.7 in chips)
Seat 4: Hero ($5.02 in chips)
Seat 5: d6383447 ($5.58 in chips)
Seat 6: dccd6c6a ($5.14 in chips)
Hero: posts small blind $0.02
d6383447: posts big blind $0.05
*** HOLE CARDS ***
Dealt to cfd76904 
Dealt to 534a239e 
Dealt to Hero [Jc 9h]
Dealt to d6383447 
Dealt to dccd6c6a 
dccd6c6a: calls $0.05
cfd76904: raises $0.17 to $0.22
534a239e: folds
Hero: folds
d6383447: folds
dccd6c6a: calls $0.17
*** FLOP *** [9d 6h Td]
dccd6c6a: checks
cfd76904: bets $0.17
dccd6c6a: calls $0.17
*** TURN *** [9d 6h Td] [2h]
dccd6c6a: checks
cfd76904: bets $0.85
dccd6c6a: folds
Uncalled bet ($0.85) returned to cfd76904
*** SHOWDOWN ***
cfd76904 collected $0.81 from pot
*** SUMMARY ***
Total pot $0.85 | Rake $0.04 | Jackpot $0 | Bingo $0 | Fortune $0
Board [9d 6h Td 2h]
Seat 2: cfd76904 won ($0.81)
Seat 3: 534a239e (button) folded before Flop (didn't bet)
Seat 4: Hero (small blind) folded before Flop
Seat 5: d6383447 (big blind) folded before Flop
Seat 6: dccd6c6a folded on the Turn


Poker Hand #HD1189671377: Hold'em No Limit  ($0.02/$0.05) - 2023/04/04 20:34:56
Table 'NLHBlue128' 6-max Seat #2 is the button
Seat 2: cfd76904 ($8.49 in chips)
Seat 3: 534a239e ($10.72 in chips)
Seat 4: Hero ($5.07 in chips)
Seat 5: d6383447 ($5.51 in chips)
Seat 6: dccd6c6a ($5.14 in chips)
534a239e: posts small blind $0.02
Hero: posts big blind $0.05
*** HOLE CARDS ***
Dealt to cfd76904 
Dealt to 534a239e 
Dealt to Hero [6c 7s]
Dealt to d6383447 
Dealt to dccd6c6a 
d6383447: raises $0.1 to $0.15
dccd6c6a: folds
cfd76904: folds
534a239e: folds
Hero: folds
Uncalled bet ($0.1) returned to d6383447
*** SHOWDOWN ***
d6383447 collected $0.12 from pot
*** SUMMARY ***
Total pot $0.12 | Rake $0 | Jackpot $0 | Bingo $0 | Fortune $0
Seat 2: cfd76904 (button) folded before Flop (didn't bet)
Seat 3: 534a239e (small blind) folded before Flop
Seat 4: Hero (big blind) folded before Flop
Seat 5: d6383447 collected ($0.12)
Seat 6: dccd6c6a folded before Flop (didn't bet)


Poker Hand #HD1189671342: Hold'em No Limit  ($0.02/$0.05) - 2023/04/04 20:34:44
Table 'NLHBlue128' 6-max Seat #6 is the button
Seat 2: cfd76904 ($8.44 in chips)
Seat 3: 534a239e ($10.77 in chips)
Seat 4: Hero ($5.07 in chips)
Seat 5: d6383447 ($5.51 in chips)
Seat 6: dccd6c6a ($5.14 in chips)
cfd76904: posts small blind $0.02
534a239e: posts big blind $0.05
*** HOLE CARDS ***
Dealt to cfd76904 
Dealt to 534a239e 
Dealt to Hero [6d Kd]
Dealt to d6383447 
Dealt to dccd6c6a 
Hero: folds
d6383447: folds
dccd6c6a: folds
cfd76904: raises $0.1 to $0.15
534a239e: folds
Uncalled bet ($0.1) returned to cfd76904
*** SHOWDOWN ***
cfd76904 collected $0.1 from pot
*** SUMMARY ***
Total pot $0.1 | Rake $0 | Jackpot $0 | Bingo $0 | Fortune $0
Seat 2: cfd76904 (small blind) collected ($0.1)
Seat 3: 534a239e (big blind) folded before Flop
Seat 4: Hero folded before Flop (didn't bet)
Seat 5: d6383447 folded before Flop (didn't bet)
Seat 6: dccd6c6a (button) folded before Flop (didn't bet)


Poker Hand #HD1189671295: Hold'em No Limit  ($0.02/$0.05) - 2023/04/04 20:34:28
Table 'NLHBlue128' 6-max Seat #5 is the button
Seat 2: cfd76904 ($8.49 in chips)
Seat 3: 534a239e ($10.7 in chips)
Seat 4: Hero ($5.07 in chips)
Seat 5: d6383447 ($5.51 in chips)
Seat 6: dccd6c6a ($5.16 in chips)
dccd6c6a: posts small blind $0.02
cfd76904: posts big blind $0.05
*** HOLE CARDS ***
Dealt to cfd76904 
Dealt to 534a239e 
Dealt to Hero [4h Tc]
Dealt to d6383447 
Dealt to dccd6c6a 
534a239e: raises $0.06 to $0.11
Hero: folds
d6383447: folds
dccd6c6a: folds
cfd76904: folds
Uncalled bet ($0.06) returned to 534a239e
*** SHOWDOWN ***
534a239e collected $0.12 from pot
*** SUMMARY ***
Total pot $0.12 | Rake $0 | Jackpot $0 | Bingo $0 | Fortune $0
Seat 2: cfd76904 (big blind) folded before Flop
Seat 3: 534a239e collected ($0.12)
Seat 4: Hero folded before Flop (didn't bet)
Seat 5: d6383447 (button) folded before Flop (didn't bet)
Seat 6: dccd6c6a (small blind) folded before Flop


Poker Hand #HD1189671266: Hold'em No Limit  ($0.02/$0.05) - 2023/04/04 20:34:16
Table 'NLHBlue128' 6-max Seat #4 is the button
Seat 2: cfd76904 ($8.49 in chips)
Seat 3: 534a239e ($10.7 in chips)
Seat 4: Hero ($5 in chips)
Seat 5: d6383447 ($5.53 in chips)
Seat 6: dccd6c6a ($5.21 in chips)
d6383447: posts small blind $0.02
dccd6c6a: posts big blind $0.05
*** HOLE CARDS ***
Dealt to cfd76904 
Dealt to 534a239e 
Dealt to Hero [Kd Js]
Dealt to d6383447 
Dealt to dccd6c6a 
cfd76904: folds
534a239e: folds
Hero: raises $0.07 to $0.12
d6383447: folds
dccd6c6a: folds
Uncalled bet ($0.07) returned to Hero
*** SHOWDOWN ***
Hero collected $0.12 from pot
*** SUMMARY ***
Total pot $0.12 | Rake $0 | Jackpot $0 | Bingo $0 | Fortune $0
Seat 2: cfd76904 folded before Flop (didn't bet)
Seat 3: 534a239e folded before Flop (didn't bet)
Seat 4: Hero (button) collected ($0.12)
Seat 5: d6383447 (small blind) folded before Flop
Seat 6: dccd6c6a (big blind) folded before Flop


Poker Hand #HD1189671172: Hold'em No Limit  ($0.02/$0.05) - 2023/04/04 20:33:36
Table 'NLHBlue128' 6-max Seat #3 is the button
Seat 2: cfd76904 ($8.49 in chips)
Seat 3: 534a239e ($10.58 in chips)
Seat 4: Hero ($5 in chips)
Seat 5: d6383447 ($5.64 in chips)
Seat 6: dccd6c6a ($5.21 in chips)
Hero: posts small blind $0.02
d6383447: posts big blind $0.05
*** HOLE CARDS ***
Dealt to cfd76904 
Dealt to 534a239e 
Dealt to Hero [5h 8h]
Dealt to d6383447 
Dealt to dccd6c6a 
dccd6c6a: folds
cfd76904: folds
534a239e: raises $0.06 to $0.11
Hero: folds
d6383447: calls $0.06
*** FLOP *** [8c Kc Jh]
d6383447: checks
534a239e: checks
*** TURN *** [8c Kc Jh] [Qd]
d6383447: checks
534a239e: bets $0.33
d6383447: folds
Uncalled bet ($0.33) returned to 534a239e
*** SHOWDOWN ***
534a239e collected $0.23 from pot
*** SUMMARY ***
Total pot $0.24 | Rake $0.01 | Jackpot $0 | Bingo $0 | Fortune $0
Board [8c Kc Jh Qd]
Seat 2: cfd76904 folded before Flop (didn't bet)
Seat 3: 534a239e (button) won ($0.23)
Seat 4: Hero (small blind) folded before Flop
Seat 5: d6383447 (big blind) folded on the Turn
Seat 6: dccd6c6a folded before Flop (didn't bet)


Poker Hand #HD1189671061: Hold'em No Limit  ($0.02/$0.05) - 2023/04/04 20:32:48
Table 'NLHBlue128' 6-max Seat #2 is the button
Seat 2: cfd76904 ($8.49 in chips)
Seat 3: 534a239e ($10.37 in chips)
Seat 4: Hero ($5.17 in chips)
Seat 5: d6383447 ($5.64 in chips)
Seat 6: dccd6c6a ($5.21 in chips)
534a239e: posts small blind $0.02
Hero: posts big blind $0.05
*** HOLE CARDS ***
Dealt to cfd76904 
Dealt to 534a239e 
Dealt to Hero [9s Qh]
Dealt to d6383447 
Dealt to dccd6c6a 
d6383447: folds
dccd6c6a: folds
cfd76904: folds
534a239e: raises $0.1 to $0.15
Hero: calls $0.1
*** FLOP *** [9c 6h 3c]
534a239e: checks
Hero: bets $0.08
534a239e: calls $0.08
*** TURN *** [9c 6h 3c] [Td]
534a239e: checks
Hero: checks
*** RIVER *** [9c 6h 3c Td] [Ts]
534a239e: bets $0.55
Hero: folds
Uncalled bet ($0.55) returned to 534a239e
*** SHOWDOWN ***
534a239e collected $0.44 from pot
*** SUMMARY ***
Total pot $0.46 | Rake $0.02 | Jackpot $0 | Bingo $0 | Fortune $0
Board [9c 6h 3c Td Ts]
Seat 2: cfd76904 (button) folded before Flop (didn't bet)
Seat 3: 534a239e (small blind) won ($0.44)
Seat 4: Hero (big blind) folded on the River
Seat 5: d6383447 folded before Flop (didn't bet)
Seat 6: dccd6c6a folded before Flop (didn't bet)


Poker Hand #HD1189670994: Hold'em No Limit  ($0.02/$0.05) - 2023/04/04 20:32:23
Table 'NLHBlue128' 6-max Seat #6 is the button
Seat 1: 212d642a ($5 in chips)
Seat 2: cfd76904 ($8.54 in chips)
Seat 3: 534a239e ($10.37 in chips)
Seat 4: Hero ($5.17 in chips)
Seat 5: d6383447 ($5.64 in chips)
Seat 6: dccd6c6a ($5.14 in chips)
212d642a: posts small blind $0.02
cfd76904: posts big blind $0.05
*** HOLE CARDS ***
Dealt to 212d642a 
Dealt to cfd76904 
Dealt to 534a239e 
Dealt to Hero [7h 5h]
Dealt to d6383447 
Dealt to dccd6c6a 
534a239e: folds
Hero: folds
d6383447: folds
dccd6c6a: raises $0.1 to $0.15
212d642a: folds
cfd76904: folds
Uncalled bet ($0.1) returned to dccd6c6a
*** SHOWDOWN ***
dccd6c6a collected $0.12 from pot
*** SUMMARY ***
Total pot $0.12 | Rake $0 | Jackpot $0 | Bingo $0 | Fortune $0
Seat 1: 212d642a (small blind) folded before Flop
Seat 2: cfd76904 (big blind) folded before Flop
Seat 3: 534a239e folded before Flop (didn't bet)
Seat 4: Hero folded before Flop (didn't bet)
Seat 5: d6383447 folded before Flop (didn't bet)
Seat 6: dccd6c6a (button) collected ($0.12)


Poker Hand #HD1189670905: Hold'em No Limit  ($0.02/$0.05) - 2023/04/04 20:31:49
Table 'NLHBlue128' 6-max Seat #5 is the button
Seat 1: 212d642a ($5 in chips)
Seat 2: cfd76904 ($8.64 in chips)
Seat 3: 534a239e ($10.21 in chips)
Seat 4: Hero ($5.17 in chips)
Seat 5: d6383447 ($5.64 in chips)
Seat 6: dccd6c6a ($5.16 in chips)
dccd6c6a: posts small blind $0.02
212d642a: posts big blind $0.05
*** HOLE CARDS ***
Dealt to 212d642a 
Dealt to cfd76904 
Dealt to 534a239e 
Dealt to Hero [Jc 7c]
Dealt to d6383447 
Dealt to dccd6c6a 
cfd76904: raises $0.05 to $0.1
534a239e: raises $0.21 to $0.31
Hero: folds
d6383447: folds
dccd6c6a: folds
212d642a: folds
cfd76904: folds
Uncalled bet ($0.21) returned to 534a239e
*** SHOWDOWN ***
534a239e collected $0.26 from pot
*** SUMMARY ***
Total pot $0.27 | Rake $0.01 | Jackpot $0 | Bingo $0 | Fortune $0
Seat 1: 212d642a (big blind) folded before Flop
Seat 2: cfd76904 folded before Flop
Seat 3: 534a239e collected ($0.26)
Seat 4: Hero folded before Flop (didn't bet)
Seat 5: d6383447 (button) folded before Flop (didn't bet)
Seat 6: dccd6c6a (small blind) folded before Flop


Poker Hand #HD1189670866: Hold'em No Limit  ($0.02/$0.05) - 2023/04/04 20:31:35
Table 'NLHBlue128' 6-max Seat #4 is the button
Seat 1: 212d642a ($5 in chips)
Seat 2: cfd76904 ($8.64 in chips)
Seat 3: 534a239e ($10.14 in chips)
Seat 4: Hero ($5.17 in chips)
Seat 5: d6383447 ($5.66 in chips)
Seat 6: dccd6c6a ($5.21 in chips)
d6383447: posts small blind $0.02
dccd6c6a: posts big blind $0.05
*** HOLE CARDS ***
Dealt to 212d642a 
Dealt to cfd76904 
Dealt to 534a239e 
Dealt to Hero [Ah 8d]
Dealt to d6383447 
Dealt to dccd6c6a 
212d642a: folds
cfd76904: folds
534a239e: raises $0.06 to $0.11
Hero: folds
d6383447: folds
dccd6c6a: folds
Uncalled bet ($0.06) returned to 534a239e
*** SHOWDOWN ***
534a239e collected $0.12 from pot
*** SUMMARY ***
Total pot $0.12 | Rake $0 | Jackpot $0 | Bingo $0 | Fortune $0
Seat 1: 212d642a folded before Flop (didn't bet)
Seat 2: cfd76904 folded before Flop (didn't bet)
Seat 3: 534a239e collected ($0.12)
Seat 4: Hero (button) folded before Flop (didn't bet)
Seat 5: d6383447 (small blind) folded before Flop
Seat 6: dccd6c6a (big blind) folded before Flop


Poker Hand #HD1189670801: Hold'em No Limit  ($0.02/$0.05) - 2023/04/04 20:31:07
Table 'NLHBlue128' 6-max Seat #3 is the button
Seat 1: 212d642a ($5 in chips)
Seat 2: cfd76904 ($8.64 in chips)
Seat 3: 534a239e ($10.25 in chips)
Seat 4: Hero ($5.02 in chips)
Seat 5: d6383447 ($5.71 in chips)
Seat 6: dccd6c6a ($5.21 in chips)
Hero: posts small blind $0.02
d6383447: posts big blind $0.05
*** HOLE CARDS ***
Dealt to 212d642a 
Dealt to cfd76904 
Dealt to 534a239e 
Dealt to Hero [Qc Qs]
Dealt to d6383447 
Dealt to dccd6c6a 
dccd6c6a: folds
212d642a: folds
cfd76904: folds
534a239e: raises $0.06 to $0.11
Hero: raises $0.43 to $0.54
d6383447: folds
534a239e: folds
Uncalled bet ($0.43) returned to Hero
*** SHOWDOWN ***
Hero collected $0.26 from pot
*** SUMMARY ***
Total pot $0.27 | Rake $0.01 | Jackpot $0 | Bingo $0 | Fortune $0
Seat 1: 212d642a folded before Flop (didn't bet)
Seat 2: cfd76904 folded before Flop (didn't bet)
Seat 3: 534a239e (button) folded before Flop
Seat 4: Hero (small blind) collected ($0.26)
Seat 5: d6383447 (big blind) folded before Flop
Seat 6: dccd6c6a folded before Flop (didn't bet)


Poker Hand #HD1189670774: Hold'em No Limit  ($0.02/$0.05) - 2023/04/04 20:30:55
Table 'NLHBlue128' 6-max Seat #2 is the button
Seat 1: 212d642a ($5 in chips)
Seat 2: cfd76904 ($8.64 in chips)
Seat 3: 534a239e ($10.27 in chips)
Seat 4: Hero ($5 in chips)
Seat 5: d6383447 ($5.71 in chips)
Seat 6: dccd6c6a ($5.21 in chips)
534a239e: posts small blind $0.02
Hero: posts big blind $0.05
*** HOLE CARDS ***
Dealt to 212d642a 
Dealt to cfd76904 
Dealt to 534a239e 
Dealt to Hero [Kd 9d]
Dealt to d6383447 
Dealt to dccd6c6a 
d6383447: folds
dccd6c6a: folds
212d642a: folds
cfd76904: folds
534a239e: folds
Uncalled bet ($0.03) returned to Hero
*** SHOWDOWN ***
Hero collected $0.04 from pot
*** SUMMARY ***
Total pot $0.04 | Rake $0 | Jackpot $0 | Bingo $0 | Fortune $0
Seat 1: 212d642a folded before Flop (didn't bet)
Seat 2: cfd76904 (button) folded before Flop (didn't bet)
Seat 3: 534a239e (small blind) folded before Flop
Seat 4: Hero (big blind) collected ($0.04)
Seat 5: d6383447 folded before Flop (didn't bet)
Seat 6: dccd6c6a folded before Flop (didn't bet)


