Poker Hand #HD1155452463: Hold'em No Limit  ($0.02/$0.05) - 2023/03/11 13:23:47
Table 'NLHBlue78' 6-max Seat #2 is the button
Seat 1: e68b94d3 ($5 in chips)
Seat 2: 4e857e36 ($21.75 in chips)
Seat 3: 368b45ad ($5 in chips)
Seat 4: fb3829d2 ($10.45 in chips)
Seat 5: Hero ($8.06 in chips)
Seat 6: 24cc33d1 ($5.03 in chips)
368b45ad: posts small blind $0.02
fb3829d2: posts big blind $0.05
*** HOLE CARDS ***
Dealt to e68b94d3 
Dealt to 4e857e36 
Dealt to 368b45ad 
Dealt to fb3829d2 
Dealt to Hero [8h 3h]
Dealt to 24cc33d1 
Hero: folds
24cc33d1: folds
e68b94d3: folds
4e857e36: folds
368b45ad: folds
Uncalled bet ($0.03) returned to fb3829d2
*** SHOWDOWN ***
fb3829d2 collected $0.04 from pot
*** SUMMARY ***
Total pot $0.04 | Rake $0 | Jackpot $0 | Bingo $0 | Fortune $0
Seat 1: e68b94d3 folded before Flop (didn't bet)
Seat 2: 4e857e36 (button) folded before Flop (didn't bet)
Seat 3: 368b45ad (small blind) folded before Flop
Seat 4: fb3829d2 (big blind) collected ($0.04)
Seat 5: Hero folded before Flop (didn't bet)
Seat 6: 24cc33d1 folded before Flop (didn't bet)


Poker Hand #HD1155452424: Hold'em No Limit  ($0.02/$0.05) - 2023/03/11 13:23:32
Table 'NLHBlue78' 6-max Seat #1 is the button
Seat 1: e68b94d3 ($5 in chips)
Seat 2: 4e857e36 ($21.7 in chips)
Seat 3: 368b45ad ($5 in chips)
Seat 4: fb3829d2 ($10.45 in chips)
Seat 5: Hero ($8.06 in chips)
Seat 6: 24cc33d1 ($5.03 in chips)
4e857e36: posts small blind $0.02
368b45ad: posts big blind $0.05
*** HOLE CARDS ***
Dealt to e68b94d3 
Dealt to 4e857e36 
Dealt to 368b45ad 
Dealt to fb3829d2 
Dealt to Hero [3d 5s]
Dealt to 24cc33d1 
fb3829d2: folds
Hero: folds
24cc33d1: folds
e68b94d3: folds
4e857e36: raises $0.1 to $0.15
368b45ad: folds
Uncalled bet ($0.1) returned to 4e857e36
*** SHOWDOWN ***
4e857e36 collected $0.1 from pot
*** SUMMARY ***
Total pot $0.1 | Rake $0 | Jackpot $0 | Bingo $0 | Fortune $0
Seat 1: e68b94d3 (button) folded before Flop (didn't bet)
Seat 2: 4e857e36 (small blind) collected ($0.1)
Seat 3: 368b45ad (big blind) folded before Flop
Seat 4: fb3829d2 folded before Flop (didn't bet)
Seat 5: Hero folded before Flop (didn't bet)
Seat 6: 24cc33d1 folded before Flop (didn't bet)


Poker Hand #HD1155452269: Hold'em No Limit  ($0.02/$0.05) - 2023/03/11 13:22:34
Table 'NLHBlue78' 6-max Seat #6 is the button
Seat 1: e68b94d3 ($5 in chips)
Seat 2: 4e857e36 ($20.77 in chips)
Seat 3: 368b45ad ($5 in chips)
Seat 4: fb3829d2 ($11.51 in chips)
Seat 5: Hero ($8.06 in chips)
Seat 6: 24cc33d1 ($5.03 in chips)
e68b94d3: posts small blind $0.02
4e857e36: posts big blind $0.05
*** HOLE CARDS ***
Dealt to e68b94d3 
Dealt to 4e857e36 
Dealt to 368b45ad 
Dealt to fb3829d2 
Dealt to Hero [5s Kd]
Dealt to 24cc33d1 
368b45ad: folds
fb3829d2: calls $0.05
Hero: folds
24cc33d1: folds
e68b94d3: folds
4e857e36: checks
*** FLOP *** [4s 5d 6d]
4e857e36: bets $0.09
fb3829d2: calls $0.09
*** TURN *** [4s 5d 6d] [8s]
4e857e36: bets $0.23
fb3829d2: raises $0.69 to $0.92
4e857e36: calls $0.69
*** RIVER *** [4s 5d 6d 8s] [Qs]
4e857e36: checks
fb3829d2: checks
4e857e36: shows [7c 6h] (Eights-High Straight)
fb3829d2: shows [3c 8d] (Pair of Eights)
*** SHOWDOWN ***
4e857e36 collected $1.99 from pot
*** SUMMARY ***
Total pot $2.14 | Rake $0.1 | Jackpot $0.05 | Bingo $0 | Fortune $0
Board [4s 5d 6d 8s Qs]
Seat 1: e68b94d3 (small blind) folded before Flop
Seat 2: 4e857e36 (big blind) showed [7c 6h] and won ($1.99) with Eights-High Straight
Seat 3: 368b45ad folded before Flop (didn't bet)
Seat 4: fb3829d2 showed [3c 8d] and lost with Pair of Eights
Seat 5: Hero folded before Flop (didn't bet)
Seat 6: 24cc33d1 (button) folded before Flop (didn't bet)


Poker Hand #HD1155452251: Hold'em No Limit  ($0.02/$0.05) - 2023/03/11 13:22:21
Table 'NLHBlue78' 6-max Seat #5 is the button
Seat 1: e68b94d3 ($5 in chips)
Seat 2: 4e857e36 ($20.7 in chips)
Seat 3: 368b45ad ($5 in chips)
Seat 4: fb3829d2 ($11.51 in chips)
Seat 5: Hero ($8.06 in chips)
Seat 6: 24cc33d1 ($5.05 in chips)
24cc33d1: posts small blind $0.02
e68b94d3: posts big blind $0.05
*** HOLE CARDS ***
Dealt to e68b94d3 
Dealt to 4e857e36 
Dealt to 368b45ad 
Dealt to fb3829d2 
Dealt to Hero [2h Ts]
Dealt to 24cc33d1 
4e857e36: raises $0.05 to $0.1
368b45ad: folds
fb3829d2: folds
Hero: folds
24cc33d1: folds
e68b94d3: folds
Uncalled bet ($0.05) returned to 4e857e36
*** SHOWDOWN ***
4e857e36 collected $0.12 from pot
*** SUMMARY ***
Total pot $0.12 | Rake $0 | Jackpot $0 | Bingo $0 | Fortune $0
Seat 1: e68b94d3 (big blind) folded before Flop
Seat 2: 4e857e36 collected ($0.12)
Seat 3: 368b45ad folded before Flop (didn't bet)
Seat 4: fb3829d2 folded before Flop (didn't bet)
Seat 5: Hero (button) folded before Flop (didn't bet)
Seat 6: 24cc33d1 (small blind) folded before Flop


Poker Hand #HD1155452209: Hold'em No Limit  ($0.02/$0.05) - 2023/03/11 13:22:06
Table 'NLHBlue78' 6-max Seat #4 is the button
Seat 2: 4e857e36 ($20.7 in chips)
Seat 3: 368b45ad ($5 in chips)
Seat 4: fb3829d2 ($11.51 in chips)
Seat 5: Hero ($8.01 in chips)
Seat 6: 24cc33d1 ($5 in chips)
Hero: posts small blind $0.02
24cc33d1: posts big blind $0.05
*** HOLE CARDS ***
Dealt to 4e857e36 
Dealt to 368b45ad 
Dealt to fb3829d2 
Dealt to Hero [9d Ad]
Dealt to 24cc33d1 
4e857e36: folds
368b45ad: folds
fb3829d2: folds
Hero: raises $0.09 to $0.14
24cc33d1: folds
Uncalled bet ($0.09) returned to Hero
*** SHOWDOWN ***
Hero collected $0.1 from pot
*** SUMMARY ***
Total pot $0.1 | Rake $0 | Jackpot $0 | Bingo $0 | Fortune $0
Seat 2: 4e857e36 folded before Flop (didn't bet)
Seat 3: 368b45ad folded before Flop (didn't bet)
Seat 4: fb3829d2 (button) folded before Flop (didn't bet)
Seat 5: Hero (small blind) collected ($0.1)
Seat 6: 24cc33d1 (big blind) folded before Flop


Poker Hand #HD1155452185: Hold'em No Limit  ($0.02/$0.05) - 2023/03/11 13:21:56
Table 'NLHBlue78' 6-max Seat #3 is the button
Seat 2: 4e857e36 ($20.63 in chips)
Seat 3: 368b45ad ($5 in chips)
Seat 4: fb3829d2 ($11.53 in chips)
Seat 5: Hero ($8.06 in chips)
Seat 6: 24cc33d1 ($5 in chips)
fb3829d2: posts small blind $0.02
Hero: posts big blind $0.05
*** HOLE CARDS ***
Dealt to 4e857e36 
Dealt to 368b45ad 
Dealt to fb3829d2 
Dealt to Hero [6h 4c]
Dealt to 24cc33d1 
24cc33d1: folds
4e857e36: raises $0.05 to $0.1
368b45ad: folds
fb3829d2: folds
Hero: folds
Uncalled bet ($0.05) returned to 4e857e36
*** SHOWDOWN ***
4e857e36 collected $0.12 from pot
*** SUMMARY ***
Total pot $0.12 | Rake $0 | Jackpot $0 | Bingo $0 | Fortune $0
Seat 2: 4e857e36 collected ($0.12)
Seat 3: 368b45ad (button) folded before Flop (didn't bet)
Seat 4: fb3829d2 (small blind) folded before Flop
Seat 5: Hero (big blind) folded before Flop
Seat 6: 24cc33d1 folded before Flop (didn't bet)


Poker Hand #HD1155452133: Hold'em No Limit  ($0.02/$0.05) - 2023/03/11 13:21:37
Table 'NLHBlue78' 6-max Seat #2 is the button
Seat 2: 4e857e36 ($20.56 in chips)
Seat 3: 368b45ad ($5 in chips)
Seat 4: fb3829d2 ($11.58 in chips)
Seat 5: Hero ($8.06 in chips)
Seat 6: 24cc33d1 ($5 in chips)
368b45ad: posts small blind $0.02
fb3829d2: posts big blind $0.05
*** HOLE CARDS ***
Dealt to 4e857e36 
Dealt to 368b45ad 
Dealt to fb3829d2 
Dealt to Hero [2c 7h]
Dealt to 24cc33d1 
Hero: folds
24cc33d1: folds
4e857e36: raises $0.05 to $0.1
368b45ad: folds
fb3829d2: folds
Uncalled bet ($0.05) returned to 4e857e36
*** SHOWDOWN ***
4e857e36 collected $0.12 from pot
*** SUMMARY ***
Total pot $0.12 | Rake $0 | Jackpot $0 | Bingo $0 | Fortune $0
Seat 2: 4e857e36 (button) collected ($0.12)
Seat 3: 368b45ad (small blind) folded before Flop
Seat 4: fb3829d2 (big blind) folded before Flop
Seat 5: Hero folded before Flop (didn't bet)
Seat 6: 24cc33d1 folded before Flop (didn't bet)


Poker Hand #HD1155452109: Hold'em No Limit  ($0.02/$0.05) - 2023/03/11 13:21:28
Table 'NLHBlue78' 6-max Seat #6 is the button
Seat 2: 4e857e36 ($20.58 in chips)
Seat 3: 368b45ad ($5 in chips)
Seat 4: fb3829d2 ($11.51 in chips)
Seat 5: Hero ($8.06 in chips)
Seat 6: 24cc33d1 ($5 in chips)
4e857e36: posts small blind $0.02
368b45ad: posts big blind $0.05
*** HOLE CARDS ***
Dealt to 4e857e36 
Dealt to 368b45ad 
Dealt to fb3829d2 
Dealt to Hero [2d 3h]
Dealt to 24cc33d1 
fb3829d2: raises $0.06 to $0.11
Hero: folds
24cc33d1: folds
4e857e36: folds
368b45ad: folds
Uncalled bet ($0.06) returned to fb3829d2
*** SHOWDOWN ***
fb3829d2 collected $0.12 from pot
*** SUMMARY ***
Total pot $0.12 | Rake $0 | Jackpot $0 | Bingo $0 | Fortune $0
Seat 2: 4e857e36 (small blind) folded before Flop
Seat 3: 368b45ad (big blind) folded before Flop
Seat 4: fb3829d2 collected ($0.12)
Seat 5: Hero folded before Flop (didn't bet)
Seat 6: 24cc33d1 (button) folded before Flop (didn't bet)


Poker Hand #HD1155452010: Hold'em No Limit  ($0.02/$0.05) - 2023/03/11 13:20:46
Table 'NLHBlue78' 6-max Seat #5 is the button
Seat 2: 4e857e36 ($19.63 in chips)
Seat 4: fb3829d2 ($12.5 in chips)
Seat 5: Hero ($8.06 in chips)
Seat 6: 24cc33d1 ($5 in chips)
24cc33d1: posts small blind $0.02
4e857e36: posts big blind $0.05
*** HOLE CARDS ***
Dealt to 4e857e36 
Dealt to fb3829d2 
Dealt to Hero [Jc 3d]
Dealt to 24cc33d1 
fb3829d2: raises $0.06 to $0.11
Hero: folds
24cc33d1: calls $0.09
4e857e36: calls $0.06
*** FLOP *** [5h Th Js]
24cc33d1: checks
4e857e36: bets $0.25
fb3829d2: calls $0.25
24cc33d1: folds
*** TURN *** [5h Th Js] [Td]
4e857e36: bets $0.63
fb3829d2: calls $0.63
*** RIVER *** [5h Th Js Td] [4h]
4e857e36: checks
fb3829d2: checks
4e857e36: shows [5c 5s] (Fives Full over Tens)
fb3829d2: shows [As Ad] (Pair of Aces and Pair of Tens)
*** SHOWDOWN ***
4e857e36 collected $1.94 from pot
*** SUMMARY ***
Total pot $2.09 | Rake $0.1 | Jackpot $0.05 | Bingo $0 | Fortune $0
Board [5h Th Js Td 4h]
Seat 2: 4e857e36 (big blind) showed [5c 5s] and won ($1.94) with Fives Full over Tens
Seat 4: fb3829d2 showed [As Ad] and lost with Pair of Aces and Pair of Tens
Seat 5: Hero (button) folded before Flop (didn't bet)
Seat 6: 24cc33d1 (small blind) folded on the Flop


Poker Hand #HD1155451978: Hold'em No Limit  ($0.02/$0.05) - 2023/03/11 13:20:34
Table 'NLHBlue78' 6-max Seat #4 is the button
Seat 2: 4e857e36 ($19.63 in chips)
Seat 4: fb3829d2 ($12.5 in chips)
Seat 5: Hero ($8.01 in chips)
Seat 6: 24cc33d1 ($5 in chips)
Hero: posts small blind $0.02
24cc33d1: posts big blind $0.05
*** HOLE CARDS ***
Dealt to 4e857e36 
Dealt to fb3829d2 
Dealt to Hero [9h 5h]
Dealt to 24cc33d1 
4e857e36: folds
fb3829d2: folds
Hero: raises $0.09 to $0.14
24cc33d1: folds
Uncalled bet ($0.09) returned to Hero
*** SHOWDOWN ***
Hero collected $0.1 from pot
*** SUMMARY ***
Total pot $0.1 | Rake $0 | Jackpot $0 | Bingo $0 | Fortune $0
Seat 2: 4e857e36 folded before Flop (didn't bet)
Seat 4: fb3829d2 (button) folded before Flop (didn't bet)
Seat 5: Hero (small blind) collected ($0.1)
Seat 6: 24cc33d1 (big blind) folded before Flop


Poker Hand #HD1155451836: Hold'em No Limit  ($0.02/$0.05) - 2023/03/11 13:19:36
Table 'NLHBlue78' 6-max Seat #2 is the button
Seat 2: 4e857e36 ($14.97 in chips)
Seat 3: 821d799e ($4.54 in chips)
Seat 4: fb3829d2 ($12.62 in chips)
Seat 5: Hero ($5.07 in chips)
Seat 6: 24cc33d1 ($5 in chips)
821d799e: posts small blind $0.02
fb3829d2: posts big blind $0.05
*** HOLE CARDS ***
Dealt to 4e857e36 
Dealt to 821d799e 
Dealt to fb3829d2 
Dealt to Hero [7h 7s]
Dealt to 24cc33d1 
Hero: raises $0.07 to $0.12
24cc33d1: folds
4e857e36: calls $0.12
821d799e: folds
fb3829d2: calls $0.07
*** FLOP *** [7c Td Qd]
fb3829d2: checks
Hero: bets $0.57
4e857e36: raises $14.28 to $14.85 and is all-in
fb3829d2: folds
Hero: calls $4.38 and is all-in
Uncalled bet ($9.9) returned to 4e857e36
4e857e36: shows [Qh Th] (Pair of Queens and Pair of Tens)
Hero: shows [7h 7s] (Three Sevens)
*** TURN *** [7c Td Qd] [Ts]
*** RIVER *** [7c Td Qd Ts] [Jd]
Hero: Receives Cashout ($8.01)
*** SHOWDOWN ***
4e857e36 collected $9.73 from pot
*** SUMMARY ***
Total pot $10.28 | Rake $0.5 | Jackpot $0.05 | Bingo $0 | Fortune $0
Board [7c Td Qd Ts Jd]
Seat 2: 4e857e36 (button) showed [Qh Th] and won ($9.73) with Tens Full over Queens
Seat 3: 821d799e (small blind) folded before Flop
Seat 4: fb3829d2 (big blind) folded on the Flop
Seat 5: Hero showed [7h 7s] and lost with Sevens Full over Tens, EV Cashout ($8.01)
Seat 6: 24cc33d1 folded before Flop (didn't bet)


Poker Hand #HD1155451788: Hold'em No Limit  ($0.02/$0.05) - 2023/03/11 13:19:15
Table 'NLHBlue78' 6-max Seat #6 is the button
Seat 2: 4e857e36 ($14.92 in chips)
Seat 3: 821d799e ($4.59 in chips)
Seat 4: fb3829d2 ($12.62 in chips)
Seat 5: Hero ($5.07 in chips)
Seat 6: 24cc33d1 ($5 in chips)
4e857e36: posts small blind $0.02
821d799e: posts big blind $0.05
*** HOLE CARDS ***
Dealt to 4e857e36 
Dealt to 821d799e 
Dealt to fb3829d2 
Dealt to Hero [6d Ah]
Dealt to 24cc33d1 
fb3829d2: folds
Hero: folds
24cc33d1: folds
4e857e36: raises $0.1 to $0.15
821d799e: folds
Uncalled bet ($0.1) returned to 4e857e36
*** SHOWDOWN ***
4e857e36 collected $0.1 from pot
*** SUMMARY ***
Total pot $0.1 | Rake $0 | Jackpot $0 | Bingo $0 | Fortune $0
Seat 2: 4e857e36 (small blind) collected ($0.1)
Seat 3: 821d799e (big blind) folded before Flop
Seat 4: fb3829d2 folded before Flop (didn't bet)
Seat 5: Hero folded before Flop (didn't bet)
Seat 6: 24cc33d1 (button) folded before Flop (didn't bet)


Poker Hand #HD1155451761: Hold'em No Limit  ($0.02/$0.05) - 2023/03/11 13:19:04
Table 'NLHBlue78' 6-max Seat #5 is the button
Seat 2: 4e857e36 ($14.97 in chips)
Seat 3: 821d799e ($4.59 in chips)
Seat 4: fb3829d2 ($12.62 in chips)
Seat 5: Hero ($5 in chips)
Seat 6: 24cc33d1 ($5 in chips)
24cc33d1: posts small blind $0.02
4e857e36: posts big blind $0.05
*** HOLE CARDS ***
Dealt to 4e857e36 
Dealt to 821d799e 
Dealt to fb3829d2 
Dealt to Hero [Ad 2d]
Dealt to 24cc33d1 
821d799e: folds
fb3829d2: folds
Hero: raises $0.07 to $0.12
24cc33d1: folds
4e857e36: folds
Uncalled bet ($0.07) returned to Hero
*** SHOWDOWN ***
Hero collected $0.12 from pot
*** SUMMARY ***
Total pot $0.12 | Rake $0 | Jackpot $0 | Bingo $0 | Fortune $0
Seat 2: 4e857e36 (big blind) folded before Flop
Seat 3: 821d799e folded before Flop (didn't bet)
Seat 4: fb3829d2 folded before Flop (didn't bet)
Seat 5: Hero (button) collected ($0.12)
Seat 6: 24cc33d1 (small blind) folded before Flop


Poker Hand #HD1155451739: Hold'em No Limit  ($0.02/$0.05) - 2023/03/11 13:18:56
Table 'NLHBlue78' 6-max Seat #4 is the button
Seat 2: 4e857e36 ($14.9 in chips)
Seat 3: 821d799e ($4.59 in chips)
Seat 4: fb3829d2 ($12.62 in chips)
Seat 5: Hero ($5 in chips)
Seat 6: 24cc33d1 ($5 in chips)
Hero: posts small blind $0.02
24cc33d1: posts big blind $0.05
*** HOLE CARDS ***
Dealt to 4e857e36 
Dealt to 821d799e 
Dealt to fb3829d2 
Dealt to Hero [6s 8h]
Dealt to 24cc33d1 
4e857e36: raises $0.08 to $0.13
821d799e: folds
fb3829d2: folds
Hero: folds
24cc33d1: folds
Uncalled bet ($0.08) returned to 4e857e36
*** SHOWDOWN ***
4e857e36 collected $0.12 from pot
*** SUMMARY ***
Total pot $0.12 | Rake $0 | Jackpot $0 | Bingo $0 | Fortune $0
Seat 2: 4e857e36 collected ($0.12)
Seat 3: 821d799e folded before Flop (didn't bet)
Seat 4: fb3829d2 (button) folded before Flop (didn't bet)
Seat 5: Hero (small blind) folded before Flop
Seat 6: 24cc33d1 (big blind) folded before Flop


Poker Hand #HD1155451643: Hold'em No Limit  ($0.02/$0.05) - 2023/03/11 13:18:14
Table 'NLHBlue78' 6-max Seat #3 is the button
Seat 2: 4e857e36 ($14.9 in chips)
Seat 3: 821d799e ($4.59 in chips)
Seat 4: fb3829d2 ($12.12 in chips)
Seat 5: Hero ($5.48 in chips)
fb3829d2: posts small blind $0.02
Hero: posts big blind $0.05
*** HOLE CARDS ***
Dealt to 4e857e36 
Dealt to 821d799e 
Dealt to fb3829d2 
Dealt to Hero [As 2c]
4e857e36: folds
821d799e: folds
fb3829d2: raises $0.06 to $0.11
Hero: calls $0.06
*** FLOP *** [7h 7s 9d]
fb3829d2: checks
Hero: checks
*** TURN *** [7h 7s 9d] [9h]
fb3829d2: bets $0.14
Hero: calls $0.14
*** RIVER *** [7h 7s 9d 9h] [4d]
fb3829d2: bets $0.3
Hero: calls $0.3
fb3829d2: shows [7c 5c] (Sevens Full over Nines)
Hero: shows [As 2c] (Pair of Nines and Pair of Sevens)
*** SHOWDOWN ***
fb3829d2 collected $1.05 from pot
*** SUMMARY ***
Total pot $1.1 | Rake $0.05 | Jackpot $0 | Bingo $0 | Fortune $0
Board [7h 7s 9d 9h 4d]
Seat 2: 4e857e36 folded before Flop (didn't bet)
Seat 3: 821d799e (button) folded before Flop (didn't bet)
Seat 4: fb3829d2 (small blind) showed [7c 5c] and won ($1.05) with Sevens Full over Nines
Seat 5: Hero (big blind) showed [As 2c] and lost with Pair of Nines and Pair of Sevens


Poker Hand #HD1155451540: Hold'em No Limit  ($0.02/$0.05) - 2023/03/11 13:17:33
Table 'NLHBlue78' 6-max Seat #2 is the button
Seat 2: 4e857e36 ($14.71 in chips)
Seat 3: 821d799e ($4.69 in chips)
Seat 4: fb3829d2 ($12.22 in chips)
Seat 5: Hero ($5.48 in chips)
821d799e: posts small blind $0.02
fb3829d2: posts big blind $0.05
*** HOLE CARDS ***
Dealt to 4e857e36 
Dealt to 821d799e 
Dealt to fb3829d2 
Dealt to Hero [Th 5d]
Hero: folds
4e857e36: raises $0.05 to $0.1
821d799e: calls $0.08
fb3829d2: calls $0.05
*** FLOP *** [Qd 2s Qh]
821d799e: checks
fb3829d2: checks
4e857e36: bets $0.23
821d799e: folds
fb3829d2: folds
Uncalled bet ($0.23) returned to 4e857e36
*** SHOWDOWN ***
4e857e36 collected $0.29 from pot
*** SUMMARY ***
Total pot $0.3 | Rake $0.01 | Jackpot $0 | Bingo $0 | Fortune $0
Board [Qd 2s Qh]
Seat 2: 4e857e36 (button) won ($0.29)
Seat 3: 821d799e (small blind) folded on the Flop
Seat 4: fb3829d2 (big blind) folded on the Flop
Seat 5: Hero folded before Flop (didn't bet)


Poker Hand #HD1155451488: Hold'em No Limit  ($0.02/$0.05) - 2023/03/11 13:17:11
Table 'NLHBlue78' 6-max Seat #5 is the button
Seat 2: 4e857e36 ($14.73 in chips)
Seat 3: 821d799e ($4.74 in chips)
Seat 4: fb3829d2 ($12.15 in chips)
Seat 5: Hero ($5.48 in chips)
4e857e36: posts small blind $0.02
821d799e: posts big blind $0.05
*** HOLE CARDS ***
Dealt to 4e857e36 
Dealt to 821d799e 
Dealt to fb3829d2 
Dealt to Hero [6s Ac]
fb3829d2: raises $0.08 to $0.13
Hero: folds
4e857e36: folds
821d799e: folds
Uncalled bet ($0.08) returned to fb3829d2
*** SHOWDOWN ***
fb3829d2 collected $0.12 from pot
*** SUMMARY ***
Total pot $0.12 | Rake $0 | Jackpot $0 | Bingo $0 | Fortune $0
Seat 2: 4e857e36 (small blind) folded before Flop
Seat 3: 821d799e (big blind) folded before Flop
Seat 4: fb3829d2 collected ($0.12)
Seat 5: Hero (button) folded before Flop (didn't bet)


Poker Hand #HD1155451454: Hold'em No Limit  ($0.02/$0.05) - 2023/03/11 13:16:59
Table 'NLHBlue78' 6-max Seat #4 is the button
Seat 2: 4e857e36 ($14.78 in chips)
Seat 3: 821d799e ($4.74 in chips)
Seat 4: fb3829d2 ($12.08 in chips)
Seat 5: Hero ($5.5 in chips)
Hero: posts small blind $0.02
4e857e36: posts big blind $0.05
*** HOLE CARDS ***
Dealt to 4e857e36 
Dealt to 821d799e 
Dealt to fb3829d2 
Dealt to Hero [3c Qh]
821d799e: folds
fb3829d2: raises $0.08 to $0.13
Hero: folds
4e857e36: folds
Uncalled bet ($0.08) returned to fb3829d2
*** SHOWDOWN ***
fb3829d2 collected $0.12 from pot
*** SUMMARY ***
Total pot $0.12 | Rake $0 | Jackpot $0 | Bingo $0 | Fortune $0
Seat 2: 4e857e36 (big blind) folded before Flop
Seat 3: 821d799e folded before Flop (didn't bet)
Seat 4: fb3829d2 (button) collected ($0.12)
Seat 5: Hero (small blind) folded before Flop


Poker Hand #HD1155451360: Hold'em No Limit  ($0.02/$0.05) - 2023/03/11 13:16:15
Table 'NLHBlue78' 6-max Seat #3 is the button
Seat 2: 4e857e36 ($14.37 in chips)
Seat 3: 821d799e ($5.12 in chips)
Seat 4: fb3829d2 ($12.1 in chips)
Seat 5: Hero ($5.55 in chips)
fb3829d2: posts small blind $0.02
Hero: posts big blind $0.05
*** HOLE CARDS ***
Dealt to 4e857e36 
Dealt to 821d799e 
Dealt to fb3829d2 
Dealt to Hero [Jc 5h]
4e857e36: raises $0.08 to $0.13
821d799e: calls $0.13
fb3829d2: folds
Hero: folds
*** FLOP *** [4c 6h 7h]
4e857e36: bets $0.25
821d799e: calls $0.25
*** TURN *** [4c 6h 7h] [2c]
4e857e36: bets $0.63
821d799e: folds
Uncalled bet ($0.63) returned to 4e857e36
*** SHOWDOWN ***
4e857e36 collected $0.79 from pot
*** SUMMARY ***
Total pot $0.83 | Rake $0.04 | Jackpot $0 | Bingo $0 | Fortune $0
Board [4c 6h 7h 2c]
Seat 2: 4e857e36 won ($0.79)
Seat 3: 821d799e (button) folded on the Turn
Seat 4: fb3829d2 (small blind) folded before Flop
Seat 5: Hero (big blind) folded before Flop


Poker Hand #HD1155451343: Hold'em No Limit  ($0.02/$0.05) - 2023/03/11 13:16:08
Table 'NLHBlue78' 6-max Seat #2 is the button
Seat 2: 4e857e36 ($14.37 in chips)
Seat 3: 821d799e ($5.14 in chips)
Seat 4: fb3829d2 ($12.08 in chips)
Seat 5: Hero ($5.55 in chips)
821d799e: posts small blind $0.02
fb3829d2: posts big blind $0.05
*** HOLE CARDS ***
Dealt to 4e857e36 
Dealt to 821d799e 
Dealt to fb3829d2 
Dealt to Hero [3c As]
Hero: folds
4e857e36: folds
821d799e: folds
Uncalled bet ($0.03) returned to fb3829d2
*** SHOWDOWN ***
fb3829d2 collected $0.04 from pot
*** SUMMARY ***
Total pot $0.04 | Rake $0 | Jackpot $0 | Bingo $0 | Fortune $0
Seat 2: 4e857e36 (button) folded before Flop (didn't bet)
Seat 3: 821d799e (small blind) folded before Flop
Seat 4: fb3829d2 (big blind) collected ($0.04)
Seat 5: Hero folded before Flop (didn't bet)


Poker Hand #HD1155450943: Hold'em No Limit  ($0.02/$0.05) - 2023/03/11 13:13:13
Table 'NLHBlue78' 6-max Seat #1 is the button
Seat 1: 1310a36d ($3.28 in chips)
Seat 2: 4e857e36 ($15.66 in chips)
Seat 3: 821d799e ($5.19 in chips)
Seat 4: fb3829d2 ($12.08 in chips)
Seat 5: Hero ($5.55 in chips)
4e857e36: posts small blind $0.02
821d799e: posts big blind $0.05
*** HOLE CARDS ***
Dealt to 1310a36d 
Dealt to 4e857e36 
Dealt to 821d799e 
Dealt to fb3829d2 
Dealt to Hero [6h Tc]
fb3829d2: folds
Hero: folds
1310a36d: raises $0.1 to $0.15
4e857e36: raises $0.35 to $0.5
821d799e: folds
1310a36d: calls $0.35
*** FLOP *** [Ad 3s 8h]
4e857e36: bets $0.79
1310a36d: calls $0.79
*** TURN *** [Ad 3s 8h] [8d]
4e857e36: checks
1310a36d: checks
*** RIVER *** [Ad 3s 8h 8d] [2d]
4e857e36: checks
1310a36d: checks
4e857e36: shows [Qs Jh] (Pair of Eights)
1310a36d: shows [Td Ts] (Pair of Tens and Pair of Eights)
*** SHOWDOWN ***
1310a36d collected $2.46 from pot
*** SUMMARY ***
Total pot $2.63 | Rake $0.12 | Jackpot $0.05 | Bingo $0 | Fortune $0
Board [Ad 3s 8h 8d 2d]
Seat 1: 1310a36d (button) showed [Td Ts] and won ($2.46) with Pair of Tens and Pair of Eights
Seat 2: 4e857e36 (small blind) showed [Qs Jh] and lost with Pair of Eights
Seat 3: 821d799e (big blind) folded before Flop
Seat 4: fb3829d2 folded before Flop (didn't bet)
Seat 5: Hero folded before Flop (didn't bet)


Poker Hand #HD1155450790: Hold'em No Limit  ($0.02/$0.05) - 2023/03/11 13:12:09
Table 'NLHBlue78' 6-max Seat #6 is the button
Seat 1: 1310a36d ($3.3 in chips)
Seat 2: 4e857e36 ($15.71 in chips)
Seat 3: 821d799e ($5.19 in chips)
Seat 4: fb3829d2 ($8.16 in chips)
Seat 5: Hero ($5.55 in chips)
Seat 6: d2beed30 ($4.32 in chips)
1310a36d: posts small blind $0.02
4e857e36: posts big blind $0.05
*** HOLE CARDS ***
Dealt to 1310a36d 
Dealt to 4e857e36 
Dealt to 821d799e 
Dealt to fb3829d2 
Dealt to Hero [Tc 8d]
Dealt to d2beed30 
821d799e: folds
fb3829d2: raises $0.06 to $0.11
Hero: folds
d2beed30: raises $0.29 to $0.4
1310a36d: folds
4e857e36: folds
fb3829d2: raises $0.79 to $1.19
d2beed30: raises $2.45 to $3.64
fb3829d2: raises $4.52 to $8.16 and is all-in
d2beed30: calls $0.68 and is all-in
Uncalled bet ($3.84) returned to fb3829d2
fb3829d2: shows [Qs Qd]
d2beed30: shows [3s Qc]
*** FIRST FLOP *** [3c 6c 7d]
*** FIRST TURN *** [3c 6c 7d] [8h]
*** FIRST RIVER *** [3c 6c 7d 8h] [4h]
*** SECOND FLOP *** [3h 2d Qh]
*** SECOND TURN *** [3h 2d Qh] [2h]
*** SECOND RIVER *** [3h 2d Qh 2h] [Ah]
*** THIRD FLOP *** [9h As 9c]
*** THIRD TURN *** [9h As 9c] [Kh]
*** THIRD RIVER *** [9h As 9c Kh] [Jd]
*** FIRST SHOWDOWN ***
fb3829d2 collected $2.76 from pot
*** SECOND SHOWDOWN ***
fb3829d2 collected $2.74 from pot
*** THIRD SHOWDOWN ***
fb3829d2 collected $2.74 from pot
*** SUMMARY ***
Total pot $8.71 | Rake $0.42 | Jackpot $0.05 | Bingo $0 | Fortune $0
Hand was run three times
FIRST Board [3c 6c 7d 8h 4h]
SECOND Board [3h 2d Qh 2h Ah]
THIRD Board [9h As 9c Kh Jd]
Seat 1: 1310a36d (small blind) folded before Flop
Seat 2: 4e857e36 (big blind) folded before Flop
Seat 3: 821d799e folded before Flop (didn't bet)
Seat 4: fb3829d2 showed [Qs Qd] and won ($2.76) with Pair of Queens, and won ($2.74) with Queens Full over Twos, and won ($2.74) with Pair of Queens and Pair of Nines
Seat 5: Hero folded before Flop (didn't bet)
Seat 6: d2beed30 (button) showed [3s Qc] and lost with Pair of Treys, and lost with Pair of Queens and Pair of Treys, and lost with Pair of Nines


Poker Hand #HD1155450742: Hold'em No Limit  ($0.02/$0.05) - 2023/03/11 13:11:50
Table 'NLHBlue78' 6-max Seat #5 is the button
Seat 1: 1310a36d ($3.35 in chips)
Seat 2: 4e857e36 ($15.71 in chips)
Seat 3: 821d799e ($5.19 in chips)
Seat 4: fb3829d2 ($8.16 in chips)
Seat 5: Hero ($5.55 in chips)
Seat 6: d2beed30 ($4.27 in chips)
d2beed30: posts small blind $0.02
1310a36d: posts big blind $0.05
*** HOLE CARDS ***
Dealt to 1310a36d 
Dealt to 4e857e36 
Dealt to 821d799e 
Dealt to fb3829d2 
Dealt to Hero [Js 5c]
Dealt to d2beed30 
4e857e36: folds
821d799e: folds
fb3829d2: folds
Hero: folds
d2beed30: raises $0.1 to $0.15
1310a36d: folds
Uncalled bet ($0.1) returned to d2beed30
*** SHOWDOWN ***
d2beed30 collected $0.1 from pot
*** SUMMARY ***
Total pot $0.1 | Rake $0 | Jackpot $0 | Bingo $0 | Fortune $0
Seat 1: 1310a36d (big blind) folded before Flop
Seat 2: 4e857e36 folded before Flop (didn't bet)
Seat 3: 821d799e folded before Flop (didn't bet)
Seat 4: fb3829d2 folded before Flop (didn't bet)
Seat 5: Hero (button) folded before Flop (didn't bet)
Seat 6: d2beed30 (small blind) collected ($0.1)


Poker Hand #HD1155450546: Hold'em No Limit  ($0.02/$0.05) - 2023/03/11 13:10:26
Table 'NLHBlue78' 6-max Seat #4 is the button
Seat 1: 1310a36d ($3.35 in chips)
Seat 2: 4e857e36 ($15.71 in chips)
Seat 3: 821d799e ($5.06 in chips)
Seat 4: fb3829d2 ($8.16 in chips)
Seat 5: Hero ($5.57 in chips)
Seat 6: d2beed30 ($4.39 in chips)
Hero: posts small blind $0.02
d2beed30: posts big blind $0.05
*** HOLE CARDS ***
Dealt to 1310a36d 
Dealt to 4e857e36 
Dealt to 821d799e 
Dealt to fb3829d2 
Dealt to Hero [4d 4s]
Dealt to d2beed30 
1310a36d: folds
4e857e36: folds
821d799e: raises $0.07 to $0.12
fb3829d2: folds
Hero: folds
d2beed30: calls $0.07
*** FLOP *** [Tc Jh 8c]
d2beed30: checks
821d799e: bets $0.16
d2beed30: folds
Uncalled bet ($0.16) returned to 821d799e
*** SHOWDOWN ***
821d799e collected $0.25 from pot
*** SUMMARY ***
Total pot $0.26 | Rake $0.01 | Jackpot $0 | Bingo $0 | Fortune $0
Board [Tc Jh 8c]
Seat 1: 1310a36d folded before Flop (didn't bet)
Seat 2: 4e857e36 folded before Flop (didn't bet)
Seat 3: 821d799e won ($0.25)
Seat 4: fb3829d2 (button) folded before Flop (didn't bet)
Seat 5: Hero (small blind) folded before Flop
Seat 6: d2beed30 (big blind) folded on the Flop


Poker Hand #HD1155450478: Hold'em No Limit  ($0.02/$0.05) - 2023/03/11 13:09:57
Table 'NLHBlue78' 6-max Seat #3 is the button
Seat 1: 1310a36d ($3.35 in chips)
Seat 2: 4e857e36 ($15.71 in chips)
Seat 3: 821d799e ($5.06 in chips)
Seat 4: fb3829d2 ($8.18 in chips)
Seat 5: Hero ($5.62 in chips)
Seat 6: d2beed30 ($4.32 in chips)
fb3829d2: posts small blind $0.02
Hero: posts big blind $0.05
*** HOLE CARDS ***
Dealt to 1310a36d 
Dealt to 4e857e36 
Dealt to 821d799e 
Dealt to fb3829d2 
Dealt to Hero [Kd 2c]
Dealt to d2beed30 
d2beed30: calls $0.05
1310a36d: folds
4e857e36: folds
821d799e: folds
fb3829d2: folds
Hero: checks
*** FLOP *** [8s 4d 6h]
Hero: checks
d2beed30: checks
*** TURN *** [8s 4d 6h] [5d]
Hero: checks
d2beed30: checks
*** RIVER *** [8s 4d 6h 5d] [Jh]
Hero: checks
d2beed30: bets $0.12
Hero: folds
Uncalled bet ($0.12) returned to d2beed30
*** SHOWDOWN ***
d2beed30 collected $0.12 from pot
*** SUMMARY ***
Total pot $0.12 | Rake $0 | Jackpot $0 | Bingo $0 | Fortune $0
Board [8s 4d 6h 5d Jh]
Seat 1: 1310a36d folded before Flop (didn't bet)
Seat 2: 4e857e36 folded before Flop (didn't bet)
Seat 3: 821d799e (button) folded before Flop (didn't bet)
Seat 4: fb3829d2 (small blind) folded before Flop
Seat 5: Hero (big blind) folded on the River
Seat 6: d2beed30 won ($0.12)


Poker Hand #HD1155450268: Hold'em No Limit  ($0.02/$0.05) - 2023/03/11 13:08:30
Table 'NLHBlue78' 6-max Seat #2 is the button
Seat 1: 1310a36d ($3.35 in chips)
Seat 2: 4e857e36 ($16.22 in chips)
Seat 3: 821d799e ($5.21 in chips)
Seat 4: fb3829d2 ($7.14 in chips)
Seat 5: Hero ($5.62 in chips)
Seat 6: d2beed30 ($4.83 in chips)
821d799e: posts small blind $0.02
fb3829d2: posts big blind $0.05
*** HOLE CARDS ***
Dealt to 1310a36d 
Dealt to 4e857e36 
Dealt to 821d799e 
Dealt to fb3829d2 
Dealt to Hero [Kc Ts]
Dealt to d2beed30 
Hero: folds
d2beed30: raises $0.1 to $0.15
1310a36d: folds
4e857e36: calls $0.15
821d799e: calls $0.13
fb3829d2: calls $0.1
*** FLOP *** [7h Js Qd]
821d799e: checks
fb3829d2: bets $0.36
d2beed30: calls $0.36
4e857e36: calls $0.36
821d799e: folds
*** TURN *** [7h Js Qd] [2d]
fb3829d2: checks
d2beed30: checks
4e857e36: checks
*** RIVER *** [7h Js Qd 2d] [9s]
fb3829d2: checks
d2beed30: checks
4e857e36: checks
fb3829d2: shows [Td 9h] (Pair of Nines)
d2beed30: shows [Ac 6s] (Ace-High)
4e857e36: shows [7d 6d] (Pair of Sevens)
*** SHOWDOWN ***
fb3829d2 collected $1.55 from pot
*** SUMMARY ***
Total pot $1.68 | Rake $0.08 | Jackpot $0.05 | Bingo $0 | Fortune $0
Board [7h Js Qd 2d 9s]
Seat 1: 1310a36d folded before Flop (didn't bet)
Seat 2: 4e857e36 (button) showed [7d 6d] and lost with Pair of Sevens
Seat 3: 821d799e (small blind) folded on the Flop
Seat 4: fb3829d2 (big blind) showed [Td 9h] and won ($1.55) with Pair of Nines
Seat 5: Hero folded before Flop (didn't bet)
Seat 6: d2beed30 showed [Ac 6s] and lost with Ace-High


Poker Hand #HD1155450123: Hold'em No Limit  ($0.02/$0.05) - 2023/03/11 13:07:31
Table 'NLHBlue78' 6-max Seat #1 is the button
Seat 1: 1310a36d ($3.35 in chips)
Seat 2: 4e857e36 ($16.24 in chips)
Seat 3: 821d799e ($5.03 in chips)
Seat 4: fb3829d2 ($7.14 in chips)
Seat 5: Hero ($5.62 in chips)
Seat 6: d2beed30 ($5 in chips)
4e857e36: posts small blind $0.02
821d799e: posts big blind $0.05
d2beed30: posts missed blind $0.02
*** HOLE CARDS ***
Dealt to 1310a36d 
Dealt to 4e857e36 
Dealt to 821d799e 
Dealt to fb3829d2 
Dealt to Hero [Qd 4d]
Dealt to d2beed30 
fb3829d2: folds
Hero: folds
d2beed30: calls $0.05
1310a36d: folds
4e857e36: folds
821d799e: checks
*** FLOP *** [6h 4c As]
821d799e: checks
d2beed30: checks
*** TURN *** [6h 4c As] [5c]
821d799e: bets $0.1
d2beed30: calls $0.1
*** RIVER *** [6h 4c As 5c] [3h]
821d799e: checks
d2beed30: checks
821d799e: shows [Ts 3d] (Pair of Treys)
d2beed30: shows [8d Jh] (Ace-High)
*** SHOWDOWN ***
821d799e collected $0.33 from pot
*** SUMMARY ***
Total pot $0.34 | Rake $0.01 | Jackpot $0 | Bingo $0 | Fortune $0
Board [6h 4c As 5c 3h]
Seat 1: 1310a36d (button) folded before Flop (didn't bet)
Seat 2: 4e857e36 (small blind) folded before Flop
Seat 3: 821d799e (big blind) showed [Ts 3d] and won ($0.33) with Pair of Treys
Seat 4: fb3829d2 folded before Flop (didn't bet)
Seat 5: Hero folded before Flop (didn't bet)
Seat 6: d2beed30 showed [8d Jh] and lost with Ace-High


Poker Hand #HD1155450083: Hold'em No Limit  ($0.02/$0.05) - 2023/03/11 13:07:11
Table 'NLHBlue78' 6-max Seat #5 is the button
Seat 1: 1310a36d ($3.37 in chips)
Seat 2: 4e857e36 ($16.29 in chips)
Seat 3: 821d799e ($5.03 in chips)
Seat 4: fb3829d2 ($7.07 in chips)
Seat 5: Hero ($5.62 in chips)
1310a36d: posts small blind $0.02
4e857e36: posts big blind $0.05
*** HOLE CARDS ***
Dealt to 1310a36d 
Dealt to 4e857e36 
Dealt to 821d799e 
Dealt to fb3829d2 
Dealt to Hero [Ks 2c]
821d799e: folds
fb3829d2: raises $0.08 to $0.13
Hero: folds
1310a36d: folds
4e857e36: folds
Uncalled bet ($0.08) returned to fb3829d2
*** SHOWDOWN ***
fb3829d2 collected $0.12 from pot
*** SUMMARY ***
Total pot $0.12 | Rake $0 | Jackpot $0 | Bingo $0 | Fortune $0
Seat 1: 1310a36d (small blind) folded before Flop
Seat 2: 4e857e36 (big blind) folded before Flop
Seat 3: 821d799e folded before Flop (didn't bet)
Seat 4: fb3829d2 collected ($0.12)
Seat 5: Hero (button) folded before Flop (didn't bet)


Poker Hand #HD1155449860: Hold'em No Limit  ($0.02/$0.05) - 2023/03/11 13:05:24
Table 'NLHBlue78' 6-max Seat #4 is the button
Seat 1: 1310a36d ($3.37 in chips)
Seat 2: 4e857e36 ($16.39 in chips)
Seat 3: 821d799e ($5.03 in chips)
Seat 4: fb3829d2 ($7.07 in chips)
Seat 5: Hero ($5 in chips)
Seat 6: d2beed30 ($1 in chips)
Hero: posts small blind $0.02
d2beed30: posts big blind $0.05
*** HOLE CARDS ***
Dealt to 1310a36d 
Dealt to 4e857e36 
Dealt to 821d799e 
Dealt to fb3829d2 
Dealt to Hero [Qs As]
Dealt to d2beed30 
1310a36d: folds
4e857e36: raises $0.05 to $0.1
821d799e: folds
fb3829d2: folds
Hero: raises $0.4 to $0.5
d2beed30: calls $0.45
4e857e36: folds
*** FLOP *** [Ah 3c Ks]
Hero: bets $0.55
d2beed30: calls $0.5 and is all-in
Uncalled bet ($0.05) returned to Hero
Hero: shows [Qs As] (Pair of Aces)
d2beed30: shows [Jd Qd] (Ace-High)
Hero: Chooses to EV Cashout 
*** TURN *** [Ah 3c Ks] [8d]
*** RIVER *** [Ah 3c Ks 8d] [4c]
Hero: Pays Cashout Risk ($0.33)
*** SHOWDOWN ***
Hero collected $1.95 from pot
*** SUMMARY ***
Total pot $2.1 | Rake $0.1 | Jackpot $0.05 | Bingo $0 | Fortune $0
Board [Ah 3c Ks 8d 4c]
Seat 1: 1310a36d folded before Flop (didn't bet)
Seat 2: 4e857e36 folded before Flop
Seat 3: 821d799e folded before Flop (didn't bet)
Seat 4: fb3829d2 (button) folded before Flop (didn't bet)
Seat 5: Hero (small blind) showed [Qs As] and won ($1.95) with Pair of Aces, Cashout Risk ($0.33)
Seat 6: d2beed30 (big blind) showed [Jd Qd] and lost with Ace-High


Poker Hand #HD1155449728: Hold'em No Limit  ($0.02/$0.05) - 2023/03/11 13:04:27
Table 'NLHBlue78' 6-max Seat #3 is the button
Seat 1: 1310a36d ($3.37 in chips)
Seat 2: 4e857e36 ($16.39 in chips)
Seat 3: 821d799e ($5.03 in chips)
Seat 4: fb3829d2 ($6.97 in chips)
Seat 5: Hero ($5.05 in chips)
Seat 6: 57467ff5 ($5.18 in chips)
fb3829d2: posts small blind $0.02
Hero: posts big blind $0.05
*** HOLE CARDS ***
Dealt to 1310a36d 
Dealt to 4e857e36 
Dealt to 821d799e 
Dealt to fb3829d2 
Dealt to Hero [Jc 7c]
Dealt to 57467ff5 
57467ff5: folds
1310a36d: folds
4e857e36: folds
821d799e: folds
fb3829d2: raises $0.06 to $0.11
Hero: calls $0.06
*** FLOP *** [2h Qh 6s]
fb3829d2: bets $0.06
Hero: folds
Uncalled bet ($0.06) returned to fb3829d2
*** SHOWDOWN ***
fb3829d2 collected $0.21 from pot
*** SUMMARY ***
Total pot $0.22 | Rake $0.01 | Jackpot $0 | Bingo $0 | Fortune $0
Board [2h Qh 6s]
Seat 1: 1310a36d folded before Flop (didn't bet)
Seat 2: 4e857e36 folded before Flop (didn't bet)
Seat 3: 821d799e (button) folded before Flop (didn't bet)
Seat 4: fb3829d2 (small blind) won ($0.21)
Seat 5: Hero (big blind) folded on the Flop
Seat 6: 57467ff5 folded before Flop (didn't bet)


Poker Hand #HD1155449631: Hold'em No Limit  ($0.02/$0.05) - 2023/03/11 13:03:42
Table 'NLHBlue78' 6-max Seat #2 is the button
Seat 1: 1310a36d ($3.37 in chips)
Seat 2: 4e857e36 ($16.39 in chips)
Seat 3: 821d799e ($5.05 in chips)
Seat 4: fb3829d2 ($7.02 in chips)
Seat 5: Hero ($5.05 in chips)
Seat 6: 57467ff5 ($5.11 in chips)
821d799e: posts small blind $0.02
fb3829d2: posts big blind $0.05
*** HOLE CARDS ***
Dealt to 1310a36d 
Dealt to 4e857e36 
Dealt to 821d799e 
Dealt to fb3829d2 
Dealt to Hero [3c 5s]
Dealt to 57467ff5 
Hero: folds
57467ff5: raises $0.08 to $0.13
1310a36d: folds
4e857e36: folds
821d799e: folds
fb3829d2: folds
Uncalled bet ($0.08) returned to 57467ff5
*** SHOWDOWN ***
57467ff5 collected $0.12 from pot
*** SUMMARY ***
Total pot $0.12 | Rake $0 | Jackpot $0 | Bingo $0 | Fortune $0
Seat 1: 1310a36d folded before Flop (didn't bet)
Seat 2: 4e857e36 (button) folded before Flop (didn't bet)
Seat 3: 821d799e (small blind) folded before Flop
Seat 4: fb3829d2 (big blind) folded before Flop
Seat 5: Hero folded before Flop (didn't bet)
Seat 6: 57467ff5 collected ($0.12)


Poker Hand #HD1155449580: Hold'em No Limit  ($0.02/$0.05) - 2023/03/11 13:03:19
Table 'NLHBlue78' 6-max Seat #1 is the button
Seat 1: 1310a36d ($3.37 in chips)
Seat 2: 4e857e36 ($16.25 in chips)
Seat 3: 821d799e ($5.2 in chips)
Seat 4: fb3829d2 ($7.02 in chips)
Seat 5: Hero ($5.05 in chips)
Seat 6: 57467ff5 ($5.11 in chips)
4e857e36: posts small blind $0.02
821d799e: posts big blind $0.05
*** HOLE CARDS ***
Dealt to 1310a36d 
Dealt to 4e857e36 
Dealt to 821d799e 
Dealt to fb3829d2 
Dealt to Hero [6h Jd]
Dealt to 57467ff5 
fb3829d2: folds
Hero: folds
57467ff5: folds
1310a36d: folds
4e857e36: raises $0.1 to $0.15
821d799e: calls $0.1
*** FLOP *** [9d Kc 2s]
4e857e36: bets $0.23
821d799e: folds
Uncalled bet ($0.23) returned to 4e857e36
*** SHOWDOWN ***
4e857e36 collected $0.29 from pot
*** SUMMARY ***
Total pot $0.3 | Rake $0.01 | Jackpot $0 | Bingo $0 | Fortune $0
Board [9d Kc 2s]
Seat 1: 1310a36d (button) folded before Flop (didn't bet)
Seat 2: 4e857e36 (small blind) won ($0.29)
Seat 3: 821d799e (big blind) folded on the Flop
Seat 4: fb3829d2 folded before Flop (didn't bet)
Seat 5: Hero folded before Flop (didn't bet)
Seat 6: 57467ff5 folded before Flop (didn't bet)


Poker Hand #HD1155449551: Hold'em No Limit  ($0.02/$0.05) - 2023/03/11 13:03:03
Table 'NLHBlue78' 6-max Seat #6 is the button
Seat 1: 1310a36d ($3.32 in chips)
Seat 2: 4e857e36 ($16.3 in chips)
Seat 3: 821d799e ($5.2 in chips)
Seat 4: fb3829d2 ($7.02 in chips)
Seat 5: Hero ($5.05 in chips)
Seat 6: 57467ff5 ($5.11 in chips)
1310a36d: posts small blind $0.02
4e857e36: posts big blind $0.05
*** HOLE CARDS ***
Dealt to 1310a36d 
Dealt to 4e857e36 
Dealt to 821d799e 
Dealt to fb3829d2 
Dealt to Hero [Qs 3s]
Dealt to 57467ff5 
821d799e: folds
fb3829d2: folds
Hero: folds
57467ff5: folds
1310a36d: raises $0.1 to $0.15
4e857e36: folds
Uncalled bet ($0.1) returned to 1310a36d
*** SHOWDOWN ***
1310a36d collected $0.1 from pot
*** SUMMARY ***
Total pot $0.1 | Rake $0 | Jackpot $0 | Bingo $0 | Fortune $0
Seat 1: 1310a36d (small blind) collected ($0.1)
Seat 2: 4e857e36 (big blind) folded before Flop
Seat 3: 821d799e folded before Flop (didn't bet)
Seat 4: fb3829d2 folded before Flop (didn't bet)
Seat 5: Hero folded before Flop (didn't bet)
Seat 6: 57467ff5 (button) folded before Flop (didn't bet)


Poker Hand #HD1155449438: Hold'em No Limit  ($0.02/$0.05) - 2023/03/11 13:02:14
Table 'NLHBlue78' 6-max Seat #5 is the button
Seat 1: 1310a36d ($3.55 in chips)
Seat 2: 4e857e36 ($16.3 in chips)
Seat 3: 821d799e ($5.2 in chips)
Seat 4: fb3829d2 ($6.79 in chips)
Seat 5: Hero ($5.05 in chips)
Seat 6: 57467ff5 ($5.13 in chips)
57467ff5: posts small blind $0.02
1310a36d: posts big blind $0.05
*** HOLE CARDS ***
Dealt to 1310a36d 
Dealt to 4e857e36 
Dealt to 821d799e 
Dealt to fb3829d2 
Dealt to Hero [As 4h]
Dealt to 57467ff5 
4e857e36: folds
821d799e: folds
fb3829d2: raises $0.06 to $0.11
Hero: folds
57467ff5: folds
1310a36d: calls $0.06
*** FLOP *** [4c 4s Kd]
1310a36d: checks
fb3829d2: checks
*** TURN *** [4c 4s Kd] [9d]
1310a36d: bets $0.12
fb3829d2: calls $0.12
*** RIVER *** [4c 4s Kd 9d] [2h]
1310a36d: checks
fb3829d2: checks
1310a36d: shows [Qh 5s] (Pair of Fours)
fb3829d2: shows [Js Qc] (Pair of Fours)
*** SHOWDOWN ***
fb3829d2 collected $0.46 from pot
*** SUMMARY ***
Total pot $0.48 | Rake $0.02 | Jackpot $0 | Bingo $0 | Fortune $0
Board [4c 4s Kd 9d 2h]
Seat 1: 1310a36d (big blind) showed [Qh 5s] and lost with Pair of Fours
Seat 2: 4e857e36 folded before Flop (didn't bet)
Seat 3: 821d799e folded before Flop (didn't bet)
Seat 4: fb3829d2 showed [Js Qc] and won ($0.46) with Pair of Fours
Seat 5: Hero (button) folded before Flop (didn't bet)
Seat 6: 57467ff5 (small blind) folded before Flop


Poker Hand #HD1155449414: Hold'em No Limit  ($0.02/$0.05) - 2023/03/11 13:02:05
Table 'NLHBlue78' 6-max Seat #4 is the button
Seat 1: 1310a36d ($3.48 in chips)
Seat 2: 4e857e36 ($16.3 in chips)
Seat 3: 821d799e ($5.2 in chips)
Seat 4: fb3829d2 ($6.79 in chips)
Seat 5: Hero ($5.07 in chips)
Seat 6: 57467ff5 ($5.18 in chips)
Hero: posts small blind $0.02
57467ff5: posts big blind $0.05
*** HOLE CARDS ***
Dealt to 1310a36d 
Dealt to 4e857e36 
Dealt to 821d799e 
Dealt to fb3829d2 
Dealt to Hero [8s 7c]
Dealt to 57467ff5 
1310a36d: raises $0.1 to $0.15
4e857e36: folds
821d799e: folds
fb3829d2: folds
Hero: folds
57467ff5: folds
Uncalled bet ($0.1) returned to 1310a36d
*** SHOWDOWN ***
1310a36d collected $0.12 from pot
*** SUMMARY ***
Total pot $0.12 | Rake $0 | Jackpot $0 | Bingo $0 | Fortune $0
Seat 1: 1310a36d collected ($0.12)
Seat 2: 4e857e36 folded before Flop (didn't bet)
Seat 3: 821d799e folded before Flop (didn't bet)
Seat 4: fb3829d2 (button) folded before Flop (didn't bet)
Seat 5: Hero (small blind) folded before Flop
Seat 6: 57467ff5 (big blind) folded before Flop


Poker Hand #HD1155449383: Hold'em No Limit  ($0.02/$0.05) - 2023/03/11 13:01:51
Table 'NLHBlue78' 6-max Seat #3 is the button
Seat 1: 1310a36d ($3.48 in chips)
Seat 2: 4e857e36 ($16.3 in chips)
Seat 3: 821d799e ($5.2 in chips)
Seat 4: fb3829d2 ($6.81 in chips)
Seat 5: Hero ($5.05 in chips)
Seat 6: 57467ff5 ($5.18 in chips)
fb3829d2: posts small blind $0.02
Hero: posts big blind $0.05
*** HOLE CARDS ***
Dealt to 1310a36d 
Dealt to 4e857e36 
Dealt to 821d799e 
Dealt to fb3829d2 
Dealt to Hero [4h 3d]
Dealt to 57467ff5 
57467ff5: folds
1310a36d: folds
4e857e36: folds
821d799e: folds
fb3829d2: folds
Uncalled bet ($0.03) returned to Hero
*** SHOWDOWN ***
Hero collected $0.04 from pot
*** SUMMARY ***
Total pot $0.04 | Rake $0 | Jackpot $0 | Bingo $0 | Fortune $0
Seat 1: 1310a36d folded before Flop (didn't bet)
Seat 2: 4e857e36 folded before Flop (didn't bet)
Seat 3: 821d799e (button) folded before Flop (didn't bet)
Seat 4: fb3829d2 (small blind) folded before Flop
Seat 5: Hero (big blind) collected ($0.04)
Seat 6: 57467ff5 folded before Flop (didn't bet)


Poker Hand #HD1155449350: Hold'em No Limit  ($0.02/$0.05) - 2023/03/11 13:01:34
Table 'NLHBlue78' 6-max Seat #2 is the button
Seat 1: 1310a36d ($3.48 in chips)
Seat 2: 4e857e36 ($16.3 in chips)
Seat 3: 821d799e ($5.22 in chips)
Seat 4: fb3829d2 ($6.79 in chips)
Seat 5: Hero ($5.05 in chips)
Seat 6: 57467ff5 ($5.18 in chips)
821d799e: posts small blind $0.02
fb3829d2: posts big blind $0.05
*** HOLE CARDS ***
Dealt to 1310a36d 
Dealt to 4e857e36 
Dealt to 821d799e 
Dealt to fb3829d2 
Dealt to Hero [8d 5d]
Dealt to 57467ff5 
Hero: folds
57467ff5: folds
1310a36d: folds
4e857e36: folds
821d799e: folds
Uncalled bet ($0.03) returned to fb3829d2
*** SHOWDOWN ***
fb3829d2 collected $0.04 from pot
*** SUMMARY ***
Total pot $0.04 | Rake $0 | Jackpot $0 | Bingo $0 | Fortune $0
Seat 1: 1310a36d folded before Flop (didn't bet)
Seat 2: 4e857e36 (button) folded before Flop (didn't bet)
Seat 3: 821d799e (small blind) folded before Flop
Seat 4: fb3829d2 (big blind) collected ($0.04)
Seat 5: Hero folded before Flop (didn't bet)
Seat 6: 57467ff5 folded before Flop (didn't bet)


Poker Hand #HD1155449316: Hold'em No Limit  ($0.02/$0.05) - 2023/03/11 13:01:20
Table 'NLHBlue78' 6-max Seat #1 is the button
Seat 1: 1310a36d ($3.48 in chips)
Seat 2: 4e857e36 ($16.25 in chips)
Seat 3: 821d799e ($5.27 in chips)
Seat 4: fb3829d2 ($6.79 in chips)
Seat 5: Hero ($5.05 in chips)
Seat 6: 57467ff5 ($5.18 in chips)
4e857e36: posts small blind $0.02
821d799e: posts big blind $0.05
*** HOLE CARDS ***
Dealt to 1310a36d 
Dealt to 4e857e36 
Dealt to 821d799e 
Dealt to fb3829d2 
Dealt to Hero [Kh 9d]
Dealt to 57467ff5 
fb3829d2: folds
Hero: folds
57467ff5: folds
1310a36d: folds
4e857e36: raises $0.1 to $0.15
821d799e: folds
Uncalled bet ($0.1) returned to 4e857e36
*** SHOWDOWN ***
4e857e36 collected $0.1 from pot
*** SUMMARY ***
Total pot $0.1 | Rake $0 | Jackpot $0 | Bingo $0 | Fortune $0
Seat 1: 1310a36d (button) folded before Flop (didn't bet)
Seat 2: 4e857e36 (small blind) collected ($0.1)
Seat 3: 821d799e (big blind) folded before Flop
Seat 4: fb3829d2 folded before Flop (didn't bet)
Seat 5: Hero folded before Flop (didn't bet)
Seat 6: 57467ff5 folded before Flop (didn't bet)


Poker Hand #HD1155449254: Hold'em No Limit  ($0.02/$0.05) - 2023/03/11 13:00:52
Table 'NLHBlue78' 6-max Seat #6 is the button
Seat 1: 1310a36d ($3.5 in chips)
Seat 2: 4e857e36 ($16.3 in chips)
Seat 3: 821d799e ($5.27 in chips)
Seat 4: fb3829d2 ($6.79 in chips)
Seat 5: Hero ($5.17 in chips)
Seat 6: 57467ff5 ($5 in chips)
1310a36d: posts small blind $0.02
4e857e36: posts big blind $0.05
*** HOLE CARDS ***
Dealt to 1310a36d 
Dealt to 4e857e36 
Dealt to 821d799e 
Dealt to fb3829d2 
Dealt to Hero [9c Qc]
Dealt to 57467ff5 
821d799e: folds
fb3829d2: folds
Hero: raises $0.07 to $0.12
57467ff5: raises $0.33 to $0.45
1310a36d: folds
4e857e36: folds
Hero: folds
Uncalled bet ($0.33) returned to 57467ff5
*** SHOWDOWN ***
57467ff5 collected $0.3 from pot
*** SUMMARY ***
Total pot $0.31 | Rake $0.01 | Jackpot $0 | Bingo $0 | Fortune $0
Seat 1: 1310a36d (small blind) folded before Flop
Seat 2: 4e857e36 (big blind) folded before Flop
Seat 3: 821d799e folded before Flop (didn't bet)
Seat 4: fb3829d2 folded before Flop (didn't bet)
Seat 5: Hero folded before Flop
Seat 6: 57467ff5 (button) collected ($0.3)


Poker Hand #HD1155449225: Hold'em No Limit  ($0.02/$0.05) - 2023/03/11 13:00:39
Table 'NLHBlue78' 6-max Seat #5 is the button
Seat 1: 1310a36d ($3.55 in chips)
Seat 2: 4e857e36 ($16.23 in chips)
Seat 3: 821d799e ($5.27 in chips)
Seat 4: fb3829d2 ($6.79 in chips)
Seat 5: Hero ($5.17 in chips)
Seat 6: 57467ff5 ($5 in chips)
57467ff5: posts small blind $0.02
1310a36d: posts big blind $0.05
*** HOLE CARDS ***
Dealt to 1310a36d 
Dealt to 4e857e36 
Dealt to 821d799e 
Dealt to fb3829d2 
Dealt to Hero [Ah 2s]
Dealt to 57467ff5 
4e857e36: raises $0.05 to $0.1
821d799e: folds
fb3829d2: folds
Hero: folds
57467ff5: folds
1310a36d: folds
Uncalled bet ($0.05) returned to 4e857e36
*** SHOWDOWN ***
4e857e36 collected $0.12 from pot
*** SUMMARY ***
Total pot $0.12 | Rake $0 | Jackpot $0 | Bingo $0 | Fortune $0
Seat 1: 1310a36d (big blind) folded before Flop
Seat 2: 4e857e36 collected ($0.12)
Seat 3: 821d799e folded before Flop (didn't bet)
Seat 4: fb3829d2 folded before Flop (didn't bet)
Seat 5: Hero (button) folded before Flop (didn't bet)
Seat 6: 57467ff5 (small blind) folded before Flop


Poker Hand #HD1155449161: Hold'em No Limit  ($0.02/$0.05) - 2023/03/11 13:00:15
Table 'NLHBlue78' 6-max Seat #4 is the button
Seat 1: 1310a36d ($3.55 in chips)
Seat 2: 4e857e36 ($16.23 in chips)
Seat 3: 821d799e ($5.27 in chips)
Seat 4: fb3829d2 ($6.92 in chips)
Seat 5: Hero ($5 in chips)
Seat 6: 57467ff5 ($5 in chips)
Hero: posts small blind $0.02
57467ff5: posts big blind $0.05
*** HOLE CARDS ***
Dealt to 1310a36d 
Dealt to 4e857e36 
Dealt to 821d799e 
Dealt to fb3829d2 
Dealt to Hero [Ah Ks]
Dealt to 57467ff5 
1310a36d: folds
4e857e36: folds
821d799e: folds
fb3829d2: raises $0.08 to $0.13
Hero: raises $0.47 to $0.6
57467ff5: folds
fb3829d2: folds
Uncalled bet ($0.47) returned to Hero
*** SHOWDOWN ***
Hero collected $0.3 from pot
*** SUMMARY ***
Total pot $0.31 | Rake $0.01 | Jackpot $0 | Bingo $0 | Fortune $0
Seat 1: 1310a36d folded before Flop (didn't bet)
Seat 2: 4e857e36 folded before Flop (didn't bet)
Seat 3: 821d799e folded before Flop (didn't bet)
Seat 4: fb3829d2 (button) folded before Flop
Seat 5: Hero (small blind) collected ($0.3)
Seat 6: 57467ff5 (big blind) folded before Flop


Poker Hand #HD1155449100: Hold'em No Limit  ($0.02/$0.05) - 2023/03/11 12:59:49
Table 'NLHBlue78' 6-max Seat #3 is the button
Seat 1: 1310a36d ($3.55 in chips)
Seat 2: 4e857e36 ($16.33 in chips)
Seat 3: 821d799e ($5.11 in chips)
Seat 4: fb3829d2 ($6.94 in chips)
Seat 5: Hero ($5 in chips)
Seat 6: 57467ff5 ($5 in chips)
fb3829d2: posts small blind $0.02
Hero: posts big blind $0.05
*** HOLE CARDS ***
Dealt to 1310a36d 
Dealt to 4e857e36 
Dealt to 821d799e 
Dealt to fb3829d2 
Dealt to Hero [2s 4c]
Dealt to 57467ff5 
57467ff5: folds
1310a36d: folds
4e857e36: raises $0.05 to $0.1
821d799e: raises $0.16 to $0.26
fb3829d2: folds
Hero: folds
4e857e36: folds
Uncalled bet ($0.16) returned to 821d799e
*** SHOWDOWN ***
821d799e collected $0.26 from pot
*** SUMMARY ***
Total pot $0.27 | Rake $0.01 | Jackpot $0 | Bingo $0 | Fortune $0
Seat 1: 1310a36d folded before Flop (didn't bet)
Seat 2: 4e857e36 folded before Flop
Seat 3: 821d799e (button) collected ($0.26)
Seat 4: fb3829d2 (small blind) folded before Flop
Seat 5: Hero (big blind) folded before Flop
Seat 6: 57467ff5 folded before Flop (didn't bet)


Poker Hand #HD1155448999: Hold'em No Limit  ($0.02/$0.05) - 2023/03/11 12:59:07
Table 'NLHBlue78' 6-max Seat #2 is the button
Seat 1: 1310a36d ($3.48 in chips)
Seat 2: 4e857e36 ($16.33 in chips)
Seat 3: 821d799e ($5.13 in chips)
Seat 4: fb3829d2 ($6.99 in chips)
Seat 5: Hero ($5 in chips)
Seat 6: 57467ff5 ($5 in chips)
821d799e: posts small blind $0.02
fb3829d2: posts big blind $0.05
*** HOLE CARDS ***
Dealt to 1310a36d 
Dealt to 4e857e36 
Dealt to 821d799e 
Dealt to fb3829d2 
Dealt to Hero [Jh 3d]
Dealt to 57467ff5 
Hero: folds
57467ff5: folds
1310a36d: calls $0.05
4e857e36: folds
821d799e: folds
fb3829d2: checks
*** FLOP *** [4c Ah Jd]
fb3829d2: checks
1310a36d: checks
*** TURN *** [4c Ah Jd] [3c]
fb3829d2: checks
1310a36d: bets $0.12
fb3829d2: folds
Uncalled bet ($0.12) returned to 1310a36d
*** SHOWDOWN ***
1310a36d collected $0.12 from pot
*** SUMMARY ***
Total pot $0.12 | Rake $0 | Jackpot $0 | Bingo $0 | Fortune $0
Board [4c Ah Jd 3c]
Seat 1: 1310a36d won ($0.12)
Seat 2: 4e857e36 (button) folded before Flop (didn't bet)
Seat 3: 821d799e (small blind) folded before Flop
Seat 4: fb3829d2 (big blind) folded on the Turn
Seat 5: Hero folded before Flop (didn't bet)
Seat 6: 57467ff5 folded before Flop (didn't bet)


Poker Hand #HD1155448961: Hold'em No Limit  ($0.02/$0.05) - 2023/03/11 12:58:53
Table 'NLHBlue78' 6-max Seat #1 is the button
Seat 1: 1310a36d ($3.48 in chips)
Seat 2: 4e857e36 ($16.35 in chips)
Seat 3: 821d799e ($5.11 in chips)
Seat 4: fb3829d2 ($6.99 in chips)
Seat 5: Hero ($5 in chips)
Seat 6: 57467ff5 ($5 in chips)
4e857e36: posts small blind $0.02
821d799e: posts big blind $0.05
*** HOLE CARDS ***
Dealt to 1310a36d 
Dealt to 4e857e36 
Dealt to 821d799e 
Dealt to fb3829d2 
Dealt to Hero [7h 9d]
Dealt to 57467ff5 
fb3829d2: folds
Hero: folds
57467ff5: folds
1310a36d: folds
4e857e36: folds
Uncalled bet ($0.03) returned to 821d799e
*** SHOWDOWN ***
821d799e collected $0.04 from pot
*** SUMMARY ***
Total pot $0.04 | Rake $0 | Jackpot $0 | Bingo $0 | Fortune $0
Seat 1: 1310a36d (button) folded before Flop (didn't bet)
Seat 2: 4e857e36 (small blind) folded before Flop
Seat 3: 821d799e (big blind) collected ($0.04)
Seat 4: fb3829d2 folded before Flop (didn't bet)
Seat 5: Hero folded before Flop (didn't bet)
Seat 6: 57467ff5 folded before Flop (didn't bet)


Poker Hand #HD1155448922: Hold'em No Limit  ($0.02/$0.05) - 2023/03/11 12:58:38
Table 'NLHBlue78' 6-max Seat #6 is the button
Seat 1: 1310a36d ($3.5 in chips)
Seat 2: 4e857e36 ($16.33 in chips)
Seat 3: 821d799e ($5.11 in chips)
Seat 4: fb3829d2 ($6.99 in chips)
Seat 5: Hero ($5 in chips)
Seat 6: 57467ff5 ($5 in chips)
1310a36d: posts small blind $0.02
4e857e36: posts big blind $0.05
*** HOLE CARDS ***
Dealt to 1310a36d 
Dealt to 4e857e36 
Dealt to 821d799e 
Dealt to fb3829d2 
Dealt to Hero [7s 6c]
Dealt to 57467ff5 
821d799e: folds
fb3829d2: folds
Hero: folds
57467ff5: folds
1310a36d: folds
Uncalled bet ($0.03) returned to 4e857e36
*** SHOWDOWN ***
4e857e36 collected $0.04 from pot
*** SUMMARY ***
Total pot $0.04 | Rake $0 | Jackpot $0 | Bingo $0 | Fortune $0
Seat 1: 1310a36d (small blind) folded before Flop
Seat 2: 4e857e36 (big blind) collected ($0.04)
Seat 3: 821d799e folded before Flop (didn't bet)
Seat 4: fb3829d2 folded before Flop (didn't bet)
Seat 5: Hero folded before Flop (didn't bet)
Seat 6: 57467ff5 (button) folded before Flop (didn't bet)


Poker Hand #HD1155448869: Hold'em No Limit  ($0.02/$0.05) - 2023/03/11 12:58:09
Table 'NLHBlue78' 6-max Seat #5 is the button
Seat 1: 1310a36d ($3.55 in chips)
Seat 2: 4e857e36 ($16.33 in chips)
Seat 3: 821d799e ($5.11 in chips)
Seat 4: fb3829d2 ($6.92 in chips)
Seat 5: Hero ($5 in chips)
Seat 6: 57467ff5 ($5 in chips)
57467ff5: posts small blind $0.02
1310a36d: posts big blind $0.05
*** HOLE CARDS ***
Dealt to 1310a36d 
Dealt to 4e857e36 
Dealt to 821d799e 
Dealt to fb3829d2 
Dealt to Hero [Kh 2h]
Dealt to 57467ff5 
4e857e36: folds
821d799e: folds
fb3829d2: raises $0.08 to $0.13
Hero: folds
57467ff5: folds
1310a36d: folds
Uncalled bet ($0.08) returned to fb3829d2
*** SHOWDOWN ***
fb3829d2 collected $0.12 from pot
*** SUMMARY ***
Total pot $0.12 | Rake $0 | Jackpot $0 | Bingo $0 | Fortune $0
Seat 1: 1310a36d (big blind) folded before Flop
Seat 2: 4e857e36 folded before Flop (didn't bet)
Seat 3: 821d799e folded before Flop (didn't bet)
Seat 4: fb3829d2 collected ($0.12)
Seat 5: Hero (button) folded before Flop (didn't bet)
Seat 6: 57467ff5 (small blind) folded before Flop


Poker Hand #HD1155448800: Hold'em No Limit  ($0.02/$0.05) - 2023/03/11 12:57:42
Table 'NLHBlue78' 6-max Seat #4 is the button
Seat 2: 4e857e36 ($16.43 in chips)
Seat 3: 821d799e ($5.21 in chips)
Seat 4: fb3829d2 ($6.66 in chips)
Seat 5: Hero ($5.02 in chips)
Seat 6: 57467ff5 ($5 in chips)
Hero: posts small blind $0.02
57467ff5: posts big blind $0.05
*** HOLE CARDS ***
Dealt to 4e857e36 
Dealt to 821d799e 
Dealt to fb3829d2 
Dealt to Hero [7s 7h]
Dealt to 57467ff5 
4e857e36: raises $0.05 to $0.1
821d799e: calls $0.1
fb3829d2: raises $0.34 to $0.44
Hero: folds
57467ff5: folds
4e857e36: folds
821d799e: folds
Uncalled bet ($0.34) returned to fb3829d2
*** SHOWDOWN ***
fb3829d2 collected $0.36 from pot
*** SUMMARY ***
Total pot $0.37 | Rake $0.01 | Jackpot $0 | Bingo $0 | Fortune $0
Seat 2: 4e857e36 folded before Flop
Seat 3: 821d799e folded before Flop
Seat 4: fb3829d2 (button) collected ($0.36)
Seat 5: Hero (small blind) folded before Flop
Seat 6: 57467ff5 (big blind) folded before Flop


Poker Hand #HD1155448765: Hold'em No Limit  ($0.02/$0.05) - 2023/03/11 12:57:27
Table 'NLHBlue78' 6-max Seat #3 is the button
Seat 2: 4e857e36 ($16.43 in chips)
Seat 3: 821d799e ($5.21 in chips)
Seat 4: fb3829d2 ($6.68 in chips)
Seat 5: Hero ($5 in chips)
fb3829d2: posts small blind $0.02
Hero: posts big blind $0.05
*** HOLE CARDS ***
Dealt to 4e857e36 
Dealt to 821d799e 
Dealt to fb3829d2 
Dealt to Hero [9d 5s]
4e857e36: folds
821d799e: folds
fb3829d2: folds
Uncalled bet ($0.03) returned to Hero
*** SHOWDOWN ***
Hero collected $0.04 from pot
*** SUMMARY ***
Total pot $0.04 | Rake $0 | Jackpot $0 | Bingo $0 | Fortune $0
Seat 2: 4e857e36 folded before Flop (didn't bet)
Seat 3: 821d799e (button) folded before Flop (didn't bet)
Seat 4: fb3829d2 (small blind) folded before Flop
Seat 5: Hero (big blind) collected ($0.04)


Poker Hand #HD1155448628: Hold'em No Limit  ($0.02/$0.05) - 2023/03/11 12:56:25
Table 'NLHBlue78' 6-max Seat #2 is the button
Seat 2: 4e857e36 ($16.41 in chips)
Seat 3: 821d799e ($5.18 in chips)
Seat 4: fb3829d2 ($6.73 in chips)
Seat 5: Hero ($5 in chips)
821d799e: posts small blind $0.02
fb3829d2: posts big blind $0.05
*** HOLE CARDS ***
Dealt to 4e857e36 
Dealt to 821d799e 
Dealt to fb3829d2 
Dealt to Hero [8c 6c]
Hero: folds
4e857e36: raises $0.05 to $0.1
821d799e: calls $0.08
fb3829d2: folds
*** FLOP *** [Td Qh Kd]
821d799e: checks
4e857e36: checks
*** TURN *** [Td Qh Kd] [As]
821d799e: checks
4e857e36: checks
*** RIVER *** [Td Qh Kd As] [3h]
821d799e: checks
4e857e36: checks
821d799e: shows [7c 7h] (Pair of Sevens)
4e857e36: shows [7d 7s] (Pair of Sevens)
*** SHOWDOWN ***
821d799e collected $0.13 from pot
4e857e36 collected $0.12 from pot
*** SUMMARY ***
Total pot $0.25 | Rake $0 | Jackpot $0 | Bingo $0 | Fortune $0
Board [Td Qh Kd As 3h]
Seat 2: 4e857e36 (button) showed [7d 7s] and won ($0.12) with Pair of Sevens
Seat 3: 821d799e (small blind) showed [7c 7h] and won ($0.13) with Pair of Sevens
Seat 4: fb3829d2 (big blind) folded before Flop
Seat 5: Hero folded before Flop (didn't bet)


Poker Hand #HD1155448528: Hold'em No Limit  ($0.02/$0.05) - 2023/03/11 12:55:45
Table 'NLHBlue78' 6-max Seat #5 is the button
Seat 2: 4e857e36 ($16.43 in chips)
Seat 3: 821d799e ($5.05 in chips)
Seat 4: fb3829d2 ($6.73 in chips)
Seat 5: Hero ($5.03 in chips)
4e857e36: posts small blind $0.02
821d799e: posts big blind $0.05
*** HOLE CARDS ***
Dealt to 4e857e36 
Dealt to 821d799e 
Dealt to fb3829d2 
Dealt to Hero [9s Jh]
fb3829d2: folds
Hero: raises $0.07 to $0.12
4e857e36: folds
821d799e: calls $0.07
*** FLOP *** [Qd Ac 3h]
821d799e: checks
Hero: checks
*** TURN *** [Qd Ac 3h] [2s]
821d799e: bets $0.12
Hero: folds
Uncalled bet ($0.12) returned to 821d799e
*** SHOWDOWN ***
821d799e collected $0.25 from pot
*** SUMMARY ***
Total pot $0.26 | Rake $0.01 | Jackpot $0 | Bingo $0 | Fortune $0
Board [Qd Ac 3h 2s]
Seat 2: 4e857e36 (small blind) folded before Flop
Seat 3: 821d799e (big blind) won ($0.25)
Seat 4: fb3829d2 folded before Flop (didn't bet)
Seat 5: Hero (button) folded on the Turn


Poker Hand #HD1155448504: Hold'em No Limit  ($0.02/$0.05) - 2023/03/11 12:55:34
Table 'NLHBlue78' 6-max Seat #4 is the button
Seat 2: 4e857e36 ($16.41 in chips)
Seat 3: 821d799e ($5.05 in chips)
Seat 4: fb3829d2 ($6.73 in chips)
Seat 5: Hero ($5.05 in chips)
Hero: posts small blind $0.02
4e857e36: posts big blind $0.05
*** HOLE CARDS ***
Dealt to 4e857e36 
Dealt to 821d799e 
Dealt to fb3829d2 
Dealt to Hero [4h 8d]
821d799e: folds
fb3829d2: folds
Hero: folds
Uncalled bet ($0.03) returned to 4e857e36
*** SHOWDOWN ***
4e857e36 collected $0.04 from pot
*** SUMMARY ***
Total pot $0.04 | Rake $0 | Jackpot $0 | Bingo $0 | Fortune $0
Seat 2: 4e857e36 (big blind) collected ($0.04)
Seat 3: 821d799e folded before Flop (didn't bet)
Seat 4: fb3829d2 (button) folded before Flop (didn't bet)
Seat 5: Hero (small blind) folded before Flop


Poker Hand #HD1155448489: Hold'em No Limit  ($0.02/$0.05) - 2023/03/11 12:55:27
Table 'NLHBlue78' 6-max Seat #3 is the button
Seat 2: 4e857e36 ($16.41 in chips)
Seat 3: 821d799e ($5.05 in chips)
Seat 4: fb3829d2 ($6.75 in chips)
Seat 5: Hero ($5.03 in chips)
fb3829d2: posts small blind $0.02
Hero: posts big blind $0.05
*** HOLE CARDS ***
Dealt to 4e857e36 
Dealt to 821d799e 
Dealt to fb3829d2 
Dealt to Hero [8c Jc]
4e857e36: folds
821d799e: folds
fb3829d2: folds
Uncalled bet ($0.03) returned to Hero
*** SHOWDOWN ***
Hero collected $0.04 from pot
*** SUMMARY ***
Total pot $0.04 | Rake $0 | Jackpot $0 | Bingo $0 | Fortune $0
Seat 2: 4e857e36 folded before Flop (didn't bet)
Seat 3: 821d799e (button) folded before Flop (didn't bet)
Seat 4: fb3829d2 (small blind) folded before Flop
Seat 5: Hero (big blind) collected ($0.04)


Poker Hand #HD1155448467: Hold'em No Limit  ($0.02/$0.05) - 2023/03/11 12:55:19
Table 'NLHBlue78' 6-max Seat #2 is the button
Seat 2: 4e857e36 ($16.41 in chips)
Seat 3: 821d799e ($5.07 in chips)
Seat 4: fb3829d2 ($6.73 in chips)
Seat 5: Hero ($5.03 in chips)
821d799e: posts small blind $0.02
fb3829d2: posts big blind $0.05
*** HOLE CARDS ***
Dealt to 4e857e36 
Dealt to 821d799e 
Dealt to fb3829d2 
Dealt to Hero [4h 5c]
Hero: folds
4e857e36: folds
821d799e: folds
Uncalled bet ($0.03) returned to fb3829d2
*** SHOWDOWN ***
fb3829d2 collected $0.04 from pot
*** SUMMARY ***
Total pot $0.04 | Rake $0 | Jackpot $0 | Bingo $0 | Fortune $0
Seat 2: 4e857e36 (button) folded before Flop (didn't bet)
Seat 3: 821d799e (small blind) folded before Flop
Seat 4: fb3829d2 (big blind) collected ($0.04)
Seat 5: Hero folded before Flop (didn't bet)


Poker Hand #HD1155448435: Hold'em No Limit  ($0.02/$0.05) - 2023/03/11 12:55:01
Table 'NLHBlue78' 6-max Seat #5 is the button
Seat 2: 4e857e36 ($16.43 in chips)
Seat 3: 821d799e ($5.05 in chips)
Seat 4: fb3829d2 ($6.73 in chips)
Seat 5: Hero ($5.03 in chips)
4e857e36: posts small blind $0.02
821d799e: posts big blind $0.05
*** HOLE CARDS ***
Dealt to 4e857e36 
Dealt to 821d799e 
Dealt to fb3829d2 
Dealt to Hero [6d 3c]
fb3829d2: folds
Hero: folds
4e857e36: folds
Uncalled bet ($0.03) returned to 821d799e
*** SHOWDOWN ***
821d799e collected $0.04 from pot
*** SUMMARY ***
Total pot $0.04 | Rake $0 | Jackpot $0 | Bingo $0 | Fortune $0
Seat 2: 4e857e36 (small blind) folded before Flop
Seat 3: 821d799e (big blind) collected ($0.04)
Seat 4: fb3829d2 folded before Flop (didn't bet)
Seat 5: Hero (button) folded before Flop (didn't bet)


Poker Hand #HD1155448415: Hold'em No Limit  ($0.02/$0.05) - 2023/03/11 12:54:50
Table 'NLHBlue78' 6-max Seat #4 is the button
Seat 2: 4e857e36 ($16.41 in chips)
Seat 3: 821d799e ($5.05 in chips)
Seat 4: fb3829d2 ($6.73 in chips)
Seat 5: Hero ($5.05 in chips)
Hero: posts small blind $0.02
4e857e36: posts big blind $0.05
*** HOLE CARDS ***
Dealt to 4e857e36 
Dealt to 821d799e 
Dealt to fb3829d2 
Dealt to Hero [5h 3c]
821d799e: folds
fb3829d2: folds
Hero: folds
Uncalled bet ($0.03) returned to 4e857e36
*** SHOWDOWN ***
4e857e36 collected $0.04 from pot
*** SUMMARY ***
Total pot $0.04 | Rake $0 | Jackpot $0 | Bingo $0 | Fortune $0
Seat 2: 4e857e36 (big blind) collected ($0.04)
Seat 3: 821d799e folded before Flop (didn't bet)
Seat 4: fb3829d2 (button) folded before Flop (didn't bet)
Seat 5: Hero (small blind) folded before Flop


Poker Hand #HD1155448354: Hold'em No Limit  ($0.02/$0.05) - 2023/03/11 12:54:22
Table 'NLHBlue78' 6-max Seat #3 is the button
Seat 2: 4e857e36 ($16.41 in chips)
Seat 3: 821d799e ($5.05 in chips)
Seat 4: fb3829d2 ($6.68 in chips)
Seat 5: Hero ($5 in chips)
fb3829d2: posts small blind $0.02
Hero: posts big blind $0.05
*** HOLE CARDS ***
Dealt to 4e857e36 
Dealt to 821d799e 
Dealt to fb3829d2 
Dealt to Hero [4d 3s]
4e857e36: folds
821d799e: folds
fb3829d2: raises $0.08 to $0.13
Hero: folds
Uncalled bet ($0.08) returned to fb3829d2
*** SHOWDOWN ***
fb3829d2 collected $0.1 from pot
*** SUMMARY ***
Total pot $0.1 | Rake $0 | Jackpot $0 | Bingo $0 | Fortune $0
Seat 2: 4e857e36 folded before Flop (didn't bet)
Seat 3: 821d799e (button) folded before Flop (didn't bet)
Seat 4: fb3829d2 (small blind) collected ($0.1)
Seat 5: Hero (big blind) folded before Flop


Poker Hand #HD1155448232: Hold'em No Limit  ($0.02/$0.05) - 2023/03/11 12:53:28
Table 'NLHBlue78' 6-max Seat #2 is the button
Seat 1: 1e5d76b7 ($5 in chips)
Seat 2: 4e857e36 ($16.41 in chips)
Seat 3: 821d799e ($4.95 in chips)
Seat 4: fb3829d2 ($6.79 in chips)
Seat 5: Hero ($5 in chips)
821d799e: posts small blind $0.02
fb3829d2: posts big blind $0.05
*** HOLE CARDS ***
Dealt to 1e5d76b7 
Dealt to 4e857e36 
Dealt to 821d799e 
Dealt to fb3829d2 
Dealt to Hero [Qc 8c]
Hero: folds
1e5d76b7: folds
4e857e36: folds
821d799e: raises $0.06 to $0.11
fb3829d2: calls $0.06
*** FLOP *** [4h Kh 2s]
821d799e: checks
fb3829d2: checks
*** TURN *** [4h Kh 2s] [3d]
821d799e: bets $0.12
fb3829d2: folds
Uncalled bet ($0.12) returned to 821d799e
*** SHOWDOWN ***
821d799e collected $0.21 from pot
*** SUMMARY ***
Total pot $0.22 | Rake $0.01 | Jackpot $0 | Bingo $0 | Fortune $0
Board [4h Kh 2s 3d]
Seat 1: 1e5d76b7 folded before Flop (didn't bet)
Seat 2: 4e857e36 (button) folded before Flop (didn't bet)
Seat 3: 821d799e (small blind) won ($0.21)
Seat 4: fb3829d2 (big blind) folded on the Turn
Seat 5: Hero folded before Flop (didn't bet)


Poker Hand #HD1155448101: Hold'em No Limit  ($0.02/$0.05) - 2023/03/11 12:52:32
Table 'NLHBlue78' 6-max Seat #1 is the button
Seat 1: 1e5d76b7 ($5 in chips)
Seat 2: 4e857e36 ($16.43 in chips)
Seat 3: 821d799e ($5 in chips)
Seat 4: fb3829d2 ($5.15 in chips)
Seat 5: Hero ($5 in chips)
Seat 6: 40538f68 ($1.8 in chips)
4e857e36: posts small blind $0.02
821d799e: posts big blind $0.05
*** HOLE CARDS ***
Dealt to 1e5d76b7 
Dealt to 4e857e36 
Dealt to 821d799e 
Dealt to fb3829d2 
Dealt to Hero [Kd 3s]
Dealt to 40538f68 
fb3829d2: raises $0.06 to $0.11
Hero: folds
40538f68: raises $0.15 to $0.26
1e5d76b7: folds
4e857e36: folds
821d799e: folds
fb3829d2: raises $0.54 to $0.8
40538f68: calls $0.54
*** FLOP *** [Jh 2c 6s]
fb3829d2: bets $2.18
40538f68: calls $1 and is all-in
Uncalled bet ($1.18) returned to fb3829d2
fb3829d2: shows [Qs Qh] (Pair of Queens)
40538f68: shows [Js Jd] (Three Jacks)
*** TURN *** [Jh 2c 6s] [6d]
*** RIVER *** [Jh 2c 6s 6d] [Qd]
*** SHOWDOWN ***
fb3829d2 collected $3.44 from pot
*** SUMMARY ***
Total pot $3.67 | Rake $0.18 | Jackpot $0.05 | Bingo $0 | Fortune $0
Board [Jh 2c 6s 6d Qd]
Seat 1: 1e5d76b7 (button) folded before Flop (didn't bet)
Seat 2: 4e857e36 (small blind) folded before Flop
Seat 3: 821d799e (big blind) folded before Flop
Seat 4: fb3829d2 showed [Qs Qh] and won ($3.44) with Queens Full over Sixes
Seat 5: Hero folded before Flop (didn't bet)
Seat 6: 40538f68 showed [Js Jd] and lost with Jacks Full over Sixes


Poker Hand #HD1155448026: Hold'em No Limit  ($0.02/$0.05) - 2023/03/11 12:52:00
Table 'NLHBlue78' 6-max Seat #6 is the button
Seat 1: 1e5d76b7 ($5 in chips)
Seat 2: 4e857e36 ($16.2 in chips)
Seat 4: fb3829d2 ($5.26 in chips)
Seat 5: Hero ($5 in chips)
Seat 6: 40538f68 ($1.91 in chips)
1e5d76b7: posts small blind $0.02
4e857e36: posts big blind $0.05
*** HOLE CARDS ***
Dealt to 1e5d76b7 
Dealt to 4e857e36 
Dealt to fb3829d2 
Dealt to Hero [Qh 3d]
Dealt to 40538f68 
fb3829d2: raises $0.06 to $0.11
Hero: folds
40538f68: calls $0.11
1e5d76b7: folds
4e857e36: raises $0.64 to $0.75
fb3829d2: folds
40538f68: folds
Uncalled bet ($0.64) returned to 4e857e36
*** SHOWDOWN ***
4e857e36 collected $0.34 from pot
*** SUMMARY ***
Total pot $0.35 | Rake $0.01 | Jackpot $0 | Bingo $0 | Fortune $0
Seat 1: 1e5d76b7 (small blind) folded before Flop
Seat 2: 4e857e36 (big blind) collected ($0.34)
Seat 4: fb3829d2 folded before Flop
Seat 5: Hero folded before Flop (didn't bet)
Seat 6: 40538f68 (button) folded before Flop


Poker Hand #HD1155447987: Hold'em No Limit  ($0.02/$0.05) - 2023/03/11 12:51:44
Table 'NLHBlue78' 6-max Seat #5 is the button
Seat 1: 1e5d76b7 ($5 in chips)
Seat 2: 4e857e36 ($16.2 in chips)
Seat 4: fb3829d2 ($5.26 in chips)
Seat 5: Hero ($5 in chips)
Seat 6: 40538f68 ($1.86 in chips)
40538f68: posts small blind $0.02
1e5d76b7: posts big blind $0.05
*** HOLE CARDS ***
Dealt to 1e5d76b7 
Dealt to 4e857e36 
Dealt to fb3829d2 
Dealt to Hero [5h 2h]
Dealt to 40538f68 
4e857e36: folds
fb3829d2: folds
Hero: folds
40538f68: calls $0.03
1e5d76b7: checks
*** FLOP *** [3h Kh 5d]
40538f68: bets $0.1
1e5d76b7: folds
Uncalled bet ($0.1) returned to 40538f68
*** SHOWDOWN ***
40538f68 collected $0.1 from pot
*** SUMMARY ***
Total pot $0.1 | Rake $0 | Jackpot $0 | Bingo $0 | Fortune $0
Board [3h Kh 5d]
Seat 1: 1e5d76b7 (big blind) folded on the Flop
Seat 2: 4e857e36 folded before Flop (didn't bet)
Seat 4: fb3829d2 folded before Flop (didn't bet)
Seat 5: Hero (button) folded before Flop (didn't bet)
Seat 6: 40538f68 (small blind) won ($0.1)


Poker Hand #HD1155447869: Hold'em No Limit  ($0.02/$0.05) - 2023/03/11 12:50:58
Table 'NLHBlue78' 6-max Seat #4 is the button
Seat 1: 1e5d76b7 ($5 in chips)
Seat 2: 4e857e36 ($16.2 in chips)
Seat 4: fb3829d2 ($5.26 in chips)
Seat 5: Hero ($5 in chips)
Seat 6: 40538f68 ($1 in chips)
Hero: posts small blind $0.02
40538f68: posts big blind $0.05
*** HOLE CARDS ***
Dealt to 1e5d76b7 
Dealt to 4e857e36 
Dealt to fb3829d2 
Dealt to Hero [7c 4c]
Dealt to 40538f68 
1e5d76b7: folds
4e857e36: folds
fb3829d2: folds
Hero: raises $0.05 to $0.1
40538f68: calls $0.05
*** FLOP *** [2h 6s 7h]
Hero: bets $0.1
40538f68: raises $0.4 to $0.5
Hero: raises $1.8 to $2.3
40538f68: calls $0.4 and is all-in
Uncalled bet ($1.4) returned to Hero
Hero: shows [7c 4c] (Pair of Sevens)
40538f68: shows [8h 5h] (Eight-High)
*** TURN *** [2h 6s 7h] [Jh]
*** RIVER *** [2h 6s 7h Jh] [2d]
*** SHOWDOWN ***
40538f68 collected $1.86 from pot
*** SUMMARY ***
Total pot $2 | Rake $0.09 | Jackpot $0.05 | Bingo $0 | Fortune $0
Board [2h 6s 7h Jh 2d]
Seat 1: 1e5d76b7 folded before Flop (didn't bet)
Seat 2: 4e857e36 folded before Flop (didn't bet)
Seat 4: fb3829d2 (button) folded before Flop (didn't bet)
Seat 5: Hero (small blind) showed [7c 4c] and lost with Pair of Sevens and Pair of Twos
Seat 6: 40538f68 (big blind) showed [8h 5h] and won ($1.86) with Jack High Flush


Poker Hand #HD1155447839: Hold'em No Limit  ($0.02/$0.05) - 2023/03/11 12:50:45
Table 'NLHBlue78' 6-max Seat #2 is the button
Seat 1: 1e5d76b7 ($5 in chips)
Seat 2: 4e857e36 ($16.2 in chips)
Seat 4: fb3829d2 ($5.21 in chips)
Seat 5: Hero ($5 in chips)
fb3829d2: posts small blind $0.02
Hero: posts big blind $0.05
*** HOLE CARDS ***
Dealt to 1e5d76b7 
Dealt to 4e857e36 
Dealt to fb3829d2 
Dealt to Hero [6s 5d]
1e5d76b7: folds
4e857e36: folds
fb3829d2: raises $0.06 to $0.11
Hero: folds
Uncalled bet ($0.06) returned to fb3829d2
*** SHOWDOWN ***
fb3829d2 collected $0.1 from pot
*** SUMMARY ***
Total pot $0.1 | Rake $0 | Jackpot $0 | Bingo $0 | Fortune $0
Seat 1: 1e5d76b7 folded before Flop (didn't bet)
Seat 2: 4e857e36 (button) folded before Flop (didn't bet)
Seat 4: fb3829d2 (small blind) collected ($0.1)
Seat 5: Hero (big blind) folded before Flop


Poker Hand #HD1155447730: Hold'em No Limit  ($0.02/$0.05) - 2023/03/11 12:49:57
Table 'NLHBlue78' 6-max Seat #1 is the button
Seat 1: 1e5d76b7 ($5 in chips)
Seat 2: 4e857e36 ($16.35 in chips)
Seat 4: fb3829d2 ($5.07 in chips)
Seat 5: Hero ($5 in chips)
4e857e36: posts small blind $0.02
fb3829d2: posts big blind $0.05
*** HOLE CARDS ***
Dealt to 1e5d76b7 
Dealt to 4e857e36 
Dealt to fb3829d2 
Dealt to Hero [4d 8s]
Hero: folds
1e5d76b7: folds
4e857e36: raises $0.1 to $0.15
fb3829d2: calls $0.1
*** FLOP *** [9h 6s 7h]
4e857e36: checks
fb3829d2: checks
*** TURN *** [9h 6s 7h] [6h]
4e857e36: checks
fb3829d2: checks
*** RIVER *** [9h 6s 7h 6h] [6c]
4e857e36: checks
fb3829d2: checks
4e857e36: shows [4c 5c] (Three Sixes)
fb3829d2: shows [Td Kd] (Three Sixes)
*** SHOWDOWN ***
fb3829d2 collected $0.29 from pot
*** SUMMARY ***
Total pot $0.3 | Rake $0.01 | Jackpot $0 | Bingo $0 | Fortune $0
Board [9h 6s 7h 6h 6c]
Seat 1: 1e5d76b7 (button) folded before Flop (didn't bet)
Seat 2: 4e857e36 (small blind) showed [4c 5c] and lost with Three Sixes
Seat 4: fb3829d2 (big blind) showed [Td Kd] and won ($0.29) with Three Sixes
Seat 5: Hero folded before Flop (didn't bet)


Poker Hand #HD1155447658: Hold'em No Limit  ($0.02/$0.05) - 2023/03/11 12:49:21
Table 'NLHBlue78' 6-max Seat #5 is the button
Seat 1: 1e5d76b7 ($5 in chips)
Seat 2: 4e857e36 ($16.45 in chips)
Seat 4: fb3829d2 ($5.07 in chips)
Seat 5: Hero ($5 in chips)
Seat 6: 72cf10b3 ($9.74 in chips)
72cf10b3: posts small blind $0.02
1e5d76b7: posts big blind $0.05
*** HOLE CARDS ***
Dealt to 1e5d76b7 
Dealt to 4e857e36 
Dealt to fb3829d2 
Dealt to Hero [Td 6c]
Dealt to 72cf10b3 
4e857e36: raises $0.05 to $0.1
fb3829d2: folds
Hero: folds
72cf10b3: raises $0.34 to $0.44
1e5d76b7: folds
4e857e36: folds
Uncalled bet ($0.34) returned to 72cf10b3
*** SHOWDOWN ***
72cf10b3 collected $0.24 from pot
*** SUMMARY ***
Total pot $0.25 | Rake $0.01 | Jackpot $0 | Bingo $0 | Fortune $0
Seat 1: 1e5d76b7 (big blind) folded before Flop
Seat 2: 4e857e36 folded before Flop
Seat 4: fb3829d2 folded before Flop (didn't bet)
Seat 5: Hero (button) folded before Flop (didn't bet)
Seat 6: 72cf10b3 (small blind) collected ($0.24)


Poker Hand #HD1155447542: Hold'em No Limit  ($0.02/$0.05) - 2023/03/11 12:48:26
Table 'NLHBlue78' 6-max Seat #4 is the button
Seat 1: 1e5d76b7 ($5 in chips)
Seat 2: 4e857e36 ($11.93 in chips)
Seat 4: fb3829d2 ($5.07 in chips)
Seat 5: Hero ($5.02 in chips)
Seat 6: 72cf10b3 ($9.79 in chips)
Hero: posts small blind $0.02
72cf10b3: posts big blind $0.05
*** HOLE CARDS ***
Dealt to 1e5d76b7 
Dealt to 4e857e36 
Dealt to fb3829d2 
Dealt to Hero [5c 3h]
Dealt to 72cf10b3 
1e5d76b7: raises $0.1 to $0.15
4e857e36: raises $0.35 to $0.5
fb3829d2: folds
Hero: folds
72cf10b3: folds
1e5d76b7: calls $0.35
*** FLOP *** [9c Ac Th]
1e5d76b7: checks
4e857e36: bets $0.81
1e5d76b7: raises $1.78 to $2.59
4e857e36: raises $8.84 to $11.43 and is all-in
1e5d76b7: calls $1.91 and is all-in
Uncalled bet ($6.93) returned to 4e857e36
4e857e36: shows [Ah Ad] (Three Aces)
1e5d76b7: shows [As Kh] (Pair of Aces)
*** TURN *** [9c Ac Th] [3c]
*** RIVER *** [9c Ac Th 3c] [Kd]
*** SHOWDOWN ***
4e857e36 collected $9.52 from pot
*** SUMMARY ***
Total pot $10.07 | Rake $0.5 | Jackpot $0.05 | Bingo $0 | Fortune $0
Board [9c Ac Th 3c Kd]
Seat 1: 1e5d76b7 showed [As Kh] and lost with Pair of Aces and Pair of Kings
Seat 2: 4e857e36 showed [Ah Ad] and won ($9.52) with Three Aces
Seat 4: fb3829d2 (button) folded before Flop (didn't bet)
Seat 5: Hero (small blind) folded before Flop
Seat 6: 72cf10b3 (big blind) folded before Flop


Poker Hand #HD1155447505: Hold'em No Limit  ($0.02/$0.05) - 2023/03/11 12:48:10
Table 'NLHBlue78' 6-max Seat #2 is the button
Seat 1: 1e5d76b7 ($5 in chips)
Seat 2: 4e857e36 ($11.93 in chips)
Seat 4: fb3829d2 ($5.09 in chips)
Seat 5: Hero ($5 in chips)
Seat 6: 72cf10b3 ($9.79 in chips)
fb3829d2: posts small blind $0.02
Hero: posts big blind $0.05
*** HOLE CARDS ***
Dealt to 1e5d76b7 
Dealt to 4e857e36 
Dealt to fb3829d2 
Dealt to Hero [8s 7s]
Dealt to 72cf10b3 
72cf10b3: folds
1e5d76b7: folds
4e857e36: folds
fb3829d2: folds
Uncalled bet ($0.03) returned to Hero
*** SHOWDOWN ***
Hero collected $0.04 from pot
*** SUMMARY ***
Total pot $0.04 | Rake $0 | Jackpot $0 | Bingo $0 | Fortune $0
Seat 1: 1e5d76b7 folded before Flop (didn't bet)
Seat 2: 4e857e36 (button) folded before Flop (didn't bet)
Seat 4: fb3829d2 (small blind) folded before Flop
Seat 5: Hero (big blind) collected ($0.04)
Seat 6: 72cf10b3 folded before Flop (didn't bet)


Poker Hand #HD1155447466: Hold'em No Limit  ($0.02/$0.05) - 2023/03/11 12:47:54
Table 'NLHBlue78' 6-max Seat #1 is the button
Seat 1: 1e5d76b7 ($5 in chips)
Seat 2: 4e857e36 ($11.95 in chips)
Seat 4: fb3829d2 ($5.07 in chips)
Seat 5: Hero ($5 in chips)
Seat 6: 72cf10b3 ($9.79 in chips)
4e857e36: posts small blind $0.02
fb3829d2: posts big blind $0.05
*** HOLE CARDS ***
Dealt to 1e5d76b7 
Dealt to 4e857e36 
Dealt to fb3829d2 
Dealt to Hero [6h 2c]
Dealt to 72cf10b3 
Hero: folds
72cf10b3: folds
1e5d76b7: folds
4e857e36: folds
Uncalled bet ($0.03) returned to fb3829d2
*** SHOWDOWN ***
fb3829d2 collected $0.04 from pot
*** SUMMARY ***
Total pot $0.04 | Rake $0 | Jackpot $0 | Bingo $0 | Fortune $0
Seat 1: 1e5d76b7 (button) folded before Flop (didn't bet)
Seat 2: 4e857e36 (small blind) folded before Flop
Seat 4: fb3829d2 (big blind) collected ($0.04)
Seat 5: Hero folded before Flop (didn't bet)
Seat 6: 72cf10b3 folded before Flop (didn't bet)


Poker Hand #HD1155447302: Hold'em No Limit  ($0.02/$0.05) - 2023/03/11 12:46:42
Table 'NLHBlue78' 6-max Seat #6 is the button
Seat 1: 1e5d76b7 ($5.02 in chips)
Seat 2: 4e857e36 ($11.37 in chips)
Seat 4: fb3829d2 ($5.07 in chips)
Seat 5: Hero ($5 in chips)
Seat 6: 72cf10b3 ($10.41 in chips)
1e5d76b7: posts small blind $0.02
4e857e36: posts big blind $0.05
*** HOLE CARDS ***
Dealt to 1e5d76b7 
Dealt to 4e857e36 
Dealt to fb3829d2 
Dealt to Hero [3d 4c]
Dealt to 72cf10b3 
fb3829d2: folds
Hero: folds
72cf10b3: raises $0.07 to $0.12
1e5d76b7: folds
4e857e36: calls $0.07
*** FLOP *** [Kh 6h 3c]
4e857e36: checks
72cf10b3: bets $0.1
4e857e36: calls $0.1
*** TURN *** [Kh 6h 3c] [Qc]
4e857e36: checks
72cf10b3: bets $0.4
4e857e36: calls $0.4
*** RIVER *** [Kh 6h 3c Qc] [Tc]
4e857e36: checks
72cf10b3: checks
4e857e36: shows [Kd Js] (Pair of Kings)
72cf10b3: shows [8d 7d] (King-High)
*** SHOWDOWN ***
4e857e36 collected $1.2 from pot
*** SUMMARY ***
Total pot $1.26 | Rake $0.06 | Jackpot $0 | Bingo $0 | Fortune $0
Board [Kh 6h 3c Qc Tc]
Seat 1: 1e5d76b7 (small blind) folded before Flop
Seat 2: 4e857e36 (big blind) showed [Kd Js] and won ($1.2) with Pair of Kings
Seat 4: fb3829d2 folded before Flop (didn't bet)
Seat 5: Hero folded before Flop (didn't bet)
Seat 6: 72cf10b3 (button) showed [8d 7d] and lost with King-High


Poker Hand #HD1155447282: Hold'em No Limit  ($0.02/$0.05) - 2023/03/11 12:46:32
Table 'NLHBlue78' 6-max Seat #5 is the button
Seat 1: 1e5d76b7 ($5 in chips)
Seat 2: 4e857e36 ($11.37 in chips)
Seat 4: fb3829d2 ($5.07 in chips)
Seat 5: Hero ($5 in chips)
Seat 6: 72cf10b3 ($10.43 in chips)
72cf10b3: posts small blind $0.02
1e5d76b7: posts big blind $0.05
*** HOLE CARDS ***
Dealt to 1e5d76b7 
Dealt to 4e857e36 
Dealt to fb3829d2 
Dealt to Hero [2d Qc]
Dealt to 72cf10b3 
4e857e36: folds
fb3829d2: folds
Hero: folds
72cf10b3: folds
Uncalled bet ($0.03) returned to 1e5d76b7
*** SHOWDOWN ***
1e5d76b7 collected $0.04 from pot
*** SUMMARY ***
Total pot $0.04 | Rake $0 | Jackpot $0 | Bingo $0 | Fortune $0
Seat 1: 1e5d76b7 (big blind) collected ($0.04)
Seat 2: 4e857e36 folded before Flop (didn't bet)
Seat 4: fb3829d2 folded before Flop (didn't bet)
Seat 5: Hero (button) folded before Flop (didn't bet)
Seat 6: 72cf10b3 (small blind) folded before Flop


Poker Hand #HD1155447236: Hold'em No Limit  ($0.02/$0.05) - 2023/03/11 12:46:15
Table 'NLHBlue78' 6-max Seat #4 is the button
Seat 1: d3a6d70b ($9.33 in chips)
Seat 2: 4e857e36 ($11.37 in chips)
Seat 4: fb3829d2 ($5 in chips)
Seat 5: Hero ($5 in chips)
Seat 6: 72cf10b3 ($10.48 in chips)
Hero: posts small blind $0.02
72cf10b3: posts big blind $0.05
*** HOLE CARDS ***
Dealt to d3a6d70b 
Dealt to 4e857e36 
Dealt to fb3829d2 
Dealt to Hero [Js 5d]
Dealt to 72cf10b3 
d3a6d70b: folds
4e857e36: folds
fb3829d2: raises $0.06 to $0.11
Hero: folds
72cf10b3: folds
Uncalled bet ($0.06) returned to fb3829d2
*** SHOWDOWN ***
fb3829d2 collected $0.12 from pot
*** SUMMARY ***
Total pot $0.12 | Rake $0 | Jackpot $0 | Bingo $0 | Fortune $0
Seat 1: d3a6d70b folded before Flop (didn't bet)
Seat 2: 4e857e36 folded before Flop (didn't bet)
Seat 4: fb3829d2 (button) collected ($0.12)
Seat 5: Hero (small blind) folded before Flop
Seat 6: 72cf10b3 (big blind) folded before Flop


Poker Hand #HD1155447216: Hold'em No Limit  ($0.02/$0.05) - 2023/03/11 12:46:07
Table 'NLHBlue78' 6-max Seat #2 is the button
Seat 1: d3a6d70b ($9.33 in chips)
Seat 2: 4e857e36 ($11.3 in chips)
Seat 4: fb3829d2 ($5 in chips)
Seat 5: Hero ($5 in chips)
Seat 6: 72cf10b3 ($10.48 in chips)
fb3829d2: posts small blind $0.02
Hero: posts big blind $0.05
*** HOLE CARDS ***
Dealt to d3a6d70b 
Dealt to 4e857e36 
Dealt to fb3829d2 
Dealt to Hero [5s Kh]
Dealt to 72cf10b3 
72cf10b3: folds
d3a6d70b: folds
4e857e36: raises $0.05 to $0.1
fb3829d2: folds
Hero: folds
Uncalled bet ($0.05) returned to 4e857e36
*** SHOWDOWN ***
4e857e36 collected $0.12 from pot
*** SUMMARY ***
Total pot $0.12 | Rake $0 | Jackpot $0 | Bingo $0 | Fortune $0
Seat 1: d3a6d70b folded before Flop (didn't bet)
Seat 2: 4e857e36 (button) collected ($0.12)
Seat 4: fb3829d2 (small blind) folded before Flop
Seat 5: Hero (big blind) folded before Flop
Seat 6: 72cf10b3 folded before Flop (didn't bet)


Poker Hand #HD1155447160: Hold'em No Limit  ($0.02/$0.05) - 2023/03/11 12:45:44
Table 'NLHBlue78' 6-max Seat #1 is the button
Seat 1: d3a6d70b ($9.46 in chips)
Seat 2: 4e857e36 ($11.13 in chips)
Seat 4: fb3829d2 ($5 in chips)
Seat 5: Hero ($5 in chips)
Seat 6: 72cf10b3 ($10.48 in chips)
4e857e36: posts small blind $0.02
fb3829d2: posts big blind $0.05
*** HOLE CARDS ***
Dealt to d3a6d70b 
Dealt to 4e857e36 
Dealt to fb3829d2 
Dealt to Hero [2s 5c]
Dealt to 72cf10b3 
Hero: folds
72cf10b3: folds
d3a6d70b: raises $0.08 to $0.13
4e857e36: raises $0.37 to $0.5
fb3829d2: folds
d3a6d70b: folds
Uncalled bet ($0.37) returned to 4e857e36
*** SHOWDOWN ***
4e857e36 collected $0.3 from pot
*** SUMMARY ***
Total pot $0.31 | Rake $0.01 | Jackpot $0 | Bingo $0 | Fortune $0
Seat 1: d3a6d70b (button) folded before Flop
Seat 2: 4e857e36 (small blind) collected ($0.3)
Seat 4: fb3829d2 (big blind) folded before Flop
Seat 5: Hero folded before Flop (didn't bet)
Seat 6: 72cf10b3 folded before Flop (didn't bet)


Poker Hand #HD1155447136: Hold'em No Limit  ($0.02/$0.05) - 2023/03/11 12:45:33
Table 'NLHBlue78' 6-max Seat #6 is the button
Seat 1: d3a6d70b ($9.48 in chips)
Seat 2: 4e857e36 ($11.11 in chips)
Seat 4: fb3829d2 ($5 in chips)
Seat 5: Hero ($5 in chips)
Seat 6: 72cf10b3 ($10.48 in chips)
d3a6d70b: posts small blind $0.02
4e857e36: posts big blind $0.05
*** HOLE CARDS ***
Dealt to d3a6d70b 
Dealt to 4e857e36 
Dealt to fb3829d2 
Dealt to Hero [7d 5h]
Dealt to 72cf10b3 
fb3829d2: folds
Hero: folds
72cf10b3: folds
d3a6d70b: folds
Uncalled bet ($0.03) returned to 4e857e36
*** SHOWDOWN ***
4e857e36 collected $0.04 from pot
*** SUMMARY ***
Total pot $0.04 | Rake $0 | Jackpot $0 | Bingo $0 | Fortune $0
Seat 1: d3a6d70b (small blind) folded before Flop
Seat 2: 4e857e36 (big blind) collected ($0.04)
Seat 4: fb3829d2 folded before Flop (didn't bet)
Seat 5: Hero folded before Flop (didn't bet)
Seat 6: 72cf10b3 (button) folded before Flop (didn't bet)


Poker Hand #HD1155447114: Hold'em No Limit  ($0.02/$0.05) - 2023/03/11 12:45:25
Table 'NLHBlue78' 6-max Seat #5 is the button
Seat 1: d3a6d70b ($9.46 in chips)
Seat 2: 4e857e36 ($11.11 in chips)
Seat 4: fb3829d2 ($5 in chips)
Seat 5: Hero ($5 in chips)
Seat 6: 72cf10b3 ($10.5 in chips)
72cf10b3: posts small blind $0.02
d3a6d70b: posts big blind $0.05
*** HOLE CARDS ***
Dealt to d3a6d70b 
Dealt to 4e857e36 
Dealt to fb3829d2 
Dealt to Hero [3h 8d]
Dealt to 72cf10b3 
4e857e36: folds
fb3829d2: folds
Hero: folds
72cf10b3: folds
Uncalled bet ($0.03) returned to d3a6d70b
*** SHOWDOWN ***
d3a6d70b collected $0.04 from pot
*** SUMMARY ***
Total pot $0.04 | Rake $0 | Jackpot $0 | Bingo $0 | Fortune $0
Seat 1: d3a6d70b (big blind) collected ($0.04)
Seat 2: 4e857e36 folded before Flop (didn't bet)
Seat 4: fb3829d2 folded before Flop (didn't bet)
Seat 5: Hero (button) folded before Flop (didn't bet)
Seat 6: 72cf10b3 (small blind) folded before Flop


Poker Hand #HD1155447080: Hold'em No Limit  ($0.02/$0.05) - 2023/03/11 12:45:14
Table 'NLHBlue78' 6-max Seat #4 is the button
Seat 1: d3a6d70b ($9.39 in chips)
Seat 2: 4e857e36 ($11.11 in chips)
Seat 4: fb3829d2 ($5 in chips)
Seat 5: Hero ($5.02 in chips)
Seat 6: 72cf10b3 ($10.55 in chips)
Hero: posts small blind $0.02
72cf10b3: posts big blind $0.05
*** HOLE CARDS ***
Dealt to d3a6d70b 
Dealt to 4e857e36 
Dealt to fb3829d2 
Dealt to Hero [5d Qh]
Dealt to 72cf10b3 
d3a6d70b: raises $0.08 to $0.13
4e857e36: folds
fb3829d2: folds
Hero: folds
72cf10b3: folds
Uncalled bet ($0.08) returned to d3a6d70b
*** SHOWDOWN ***
d3a6d70b collected $0.12 from pot
*** SUMMARY ***
Total pot $0.12 | Rake $0 | Jackpot $0 | Bingo $0 | Fortune $0
Seat 1: d3a6d70b collected ($0.12)
Seat 2: 4e857e36 folded before Flop (didn't bet)
Seat 4: fb3829d2 (button) folded before Flop (didn't bet)
Seat 5: Hero (small blind) folded before Flop
Seat 6: 72cf10b3 (big blind) folded before Flop


Poker Hand #HD1155447063: Hold'em No Limit  ($0.02/$0.05) - 2023/03/11 12:45:06
Table 'NLHBlue78' 6-max Seat #2 is the button
Seat 1: d3a6d70b ($9.39 in chips)
Seat 2: 4e857e36 ($11.11 in chips)
Seat 4: fb3829d2 ($5.02 in chips)
Seat 5: Hero ($5 in chips)
Seat 6: 72cf10b3 ($10.55 in chips)
fb3829d2: posts small blind $0.02
Hero: posts big blind $0.05
*** HOLE CARDS ***
Dealt to d3a6d70b 
Dealt to 4e857e36 
Dealt to fb3829d2 
Dealt to Hero [8s Jc]
Dealt to 72cf10b3 
72cf10b3: folds
d3a6d70b: folds
4e857e36: folds
fb3829d2: folds
Uncalled bet ($0.03) returned to Hero
*** SHOWDOWN ***
Hero collected $0.04 from pot
*** SUMMARY ***
Total pot $0.04 | Rake $0 | Jackpot $0 | Bingo $0 | Fortune $0
Seat 1: d3a6d70b folded before Flop (didn't bet)
Seat 2: 4e857e36 (button) folded before Flop (didn't bet)
Seat 4: fb3829d2 (small blind) folded before Flop
Seat 5: Hero (big blind) collected ($0.04)
Seat 6: 72cf10b3 folded before Flop (didn't bet)


Poker Hand #HD1155447036: Hold'em No Limit  ($0.02/$0.05) - 2023/03/11 12:44:54
Table 'NLHBlue78' 6-max Seat #1 is the button
Seat 1: d3a6d70b ($9.32 in chips)
Seat 2: 4e857e36 ($11.13 in chips)
Seat 4: fb3829d2 ($5.07 in chips)
Seat 5: Hero ($5 in chips)
Seat 6: 72cf10b3 ($10.55 in chips)
4e857e36: posts small blind $0.02
fb3829d2: posts big blind $0.05
*** HOLE CARDS ***
Dealt to d3a6d70b 
Dealt to 4e857e36 
Dealt to fb3829d2 
Dealt to Hero [2c Ah]
Dealt to 72cf10b3 
Hero: folds
72cf10b3: folds
d3a6d70b: raises $0.08 to $0.13
4e857e36: folds
fb3829d2: folds
Uncalled bet ($0.08) returned to d3a6d70b
*** SHOWDOWN ***
d3a6d70b collected $0.12 from pot
*** SUMMARY ***
Total pot $0.12 | Rake $0 | Jackpot $0 | Bingo $0 | Fortune $0
Seat 1: d3a6d70b (button) collected ($0.12)
Seat 2: 4e857e36 (small blind) folded before Flop
Seat 4: fb3829d2 (big blind) folded before Flop
Seat 5: Hero folded before Flop (didn't bet)
Seat 6: 72cf10b3 folded before Flop (didn't bet)


Poker Hand #HD1155446889: Hold'em No Limit  ($0.02/$0.05) - 2023/03/11 12:43:52
Table 'NLHBlue78' 6-max Seat #6 is the button
Seat 1: d3a6d70b ($9.34 in chips)
Seat 2: 4e857e36 ($8.96 in chips)
Seat 4: fb3829d2 ($5.07 in chips)
Seat 5: Hero ($5.14 in chips)
Seat 6: 72cf10b3 ($10.67 in chips)
d3a6d70b: posts small blind $0.02
4e857e36: posts big blind $0.05
*** HOLE CARDS ***
Dealt to d3a6d70b 
Dealt to 4e857e36 
Dealt to fb3829d2 
Dealt to Hero [As Jc]
Dealt to 72cf10b3 
fb3829d2: folds
Hero: raises $0.07 to $0.12
72cf10b3: calls $0.12
d3a6d70b: folds
4e857e36: calls $0.07
*** FLOP *** [2s 4s Ah]
4e857e36: checks
Hero: bets $0.19
72cf10b3: folds
4e857e36: raises $0.57 to $0.76
Hero: calls $0.57
*** TURN *** [2s 4s Ah] [7s]
4e857e36: bets $1.43
Hero: calls $1.43
*** RIVER *** [2s 4s Ah 7s] [Th]
4e857e36: bets $6.65 and is all-in
Hero: folds
Uncalled bet ($6.65) returned to 4e857e36
*** SHOWDOWN ***
4e857e36 collected $4.48 from pot
*** SUMMARY ***
Total pot $4.76 | Rake $0.23 | Jackpot $0.05 | Bingo $0 | Fortune $0
Board [2s 4s Ah 7s Th]
Seat 1: d3a6d70b (small blind) folded before Flop
Seat 2: 4e857e36 (big blind) won ($4.48)
Seat 4: fb3829d2 folded before Flop (didn't bet)
Seat 5: Hero folded on the River
Seat 6: 72cf10b3 (button) folded on the Flop


Poker Hand #HD1155446864: Hold'em No Limit  ($0.02/$0.05) - 2023/03/11 12:43:38
Table 'NLHBlue78' 6-max Seat #5 is the button
Seat 1: d3a6d70b ($9.39 in chips)
Seat 2: 4e857e36 ($8.96 in chips)
Seat 4: fb3829d2 ($5.07 in chips)
Seat 5: Hero ($5.14 in chips)
Seat 6: 72cf10b3 ($10.62 in chips)
72cf10b3: posts small blind $0.02
d3a6d70b: posts big blind $0.05
*** HOLE CARDS ***
Dealt to d3a6d70b 
Dealt to 4e857e36 
Dealt to fb3829d2 
Dealt to Hero [6d Jc]
Dealt to 72cf10b3 
4e857e36: folds
fb3829d2: folds
Hero: folds
72cf10b3: raises $0.08 to $0.13
d3a6d70b: folds
Uncalled bet ($0.08) returned to 72cf10b3
*** SHOWDOWN ***
72cf10b3 collected $0.1 from pot
*** SUMMARY ***
Total pot $0.1 | Rake $0 | Jackpot $0 | Bingo $0 | Fortune $0
Seat 1: d3a6d70b (big blind) folded before Flop
Seat 2: 4e857e36 folded before Flop (didn't bet)
Seat 4: fb3829d2 folded before Flop (didn't bet)
Seat 5: Hero (button) folded before Flop (didn't bet)
Seat 6: 72cf10b3 (small blind) collected ($0.1)


Poker Hand #HD1155446825: Hold'em No Limit  ($0.02/$0.05) - 2023/03/11 12:43:24
Table 'NLHBlue78' 6-max Seat #4 is the button
Seat 1: d3a6d70b ($9.39 in chips)
Seat 2: 4e857e36 ($8.89 in chips)
Seat 4: fb3829d2 ($5.07 in chips)
Seat 5: Hero ($5.16 in chips)
Seat 6: 72cf10b3 ($10.67 in chips)
Hero: posts small blind $0.02
72cf10b3: posts big blind $0.05
*** HOLE CARDS ***
Dealt to d3a6d70b 
Dealt to 4e857e36 
Dealt to fb3829d2 
Dealt to Hero [3h Js]
Dealt to 72cf10b3 
d3a6d70b: folds
4e857e36: raises $0.05 to $0.1
fb3829d2: folds
Hero: folds
72cf10b3: folds
Uncalled bet ($0.05) returned to 4e857e36
*** SHOWDOWN ***
4e857e36 collected $0.12 from pot
*** SUMMARY ***
Total pot $0.12 | Rake $0 | Jackpot $0 | Bingo $0 | Fortune $0
Seat 1: d3a6d70b folded before Flop (didn't bet)
Seat 2: 4e857e36 collected ($0.12)
Seat 4: fb3829d2 (button) folded before Flop (didn't bet)
Seat 5: Hero (small blind) folded before Flop
Seat 6: 72cf10b3 (big blind) folded before Flop


Poker Hand #HD1155446788: Hold'em No Limit  ($0.02/$0.05) - 2023/03/11 12:43:08
Table 'NLHBlue78' 6-max Seat #2 is the button
Seat 1: d3a6d70b ($9.32 in chips)
Seat 2: 4e857e36 ($8.89 in chips)
Seat 4: fb3829d2 ($5.09 in chips)
Seat 5: Hero ($5.21 in chips)
Seat 6: 72cf10b3 ($10.67 in chips)
fb3829d2: posts small blind $0.02
Hero: posts big blind $0.05
*** HOLE CARDS ***
Dealt to d3a6d70b 
Dealt to 4e857e36 
Dealt to fb3829d2 
Dealt to Hero [Kc 8d]
Dealt to 72cf10b3 
72cf10b3: folds
d3a6d70b: raises $0.08 to $0.13
4e857e36: folds
fb3829d2: folds
Hero: folds
Uncalled bet ($0.08) returned to d3a6d70b
*** SHOWDOWN ***
d3a6d70b collected $0.12 from pot
*** SUMMARY ***
Total pot $0.12 | Rake $0 | Jackpot $0 | Bingo $0 | Fortune $0
Seat 1: d3a6d70b collected ($0.12)
Seat 2: 4e857e36 (button) folded before Flop (didn't bet)
Seat 4: fb3829d2 (small blind) folded before Flop
Seat 5: Hero (big blind) folded before Flop
Seat 6: 72cf10b3 folded before Flop (didn't bet)


Poker Hand #HD1155446769: Hold'em No Limit  ($0.02/$0.05) - 2023/03/11 12:42:57
Table 'NLHBlue78' 6-max Seat #1 is the button
Seat 1: d3a6d70b ($9.32 in chips)
Seat 2: 4e857e36 ($8.91 in chips)
Seat 4: fb3829d2 ($5.07 in chips)
Seat 5: Hero ($5.21 in chips)
Seat 6: 72cf10b3 ($10.67 in chips)
4e857e36: posts small blind $0.02
fb3829d2: posts big blind $0.05
*** HOLE CARDS ***
Dealt to d3a6d70b 
Dealt to 4e857e36 
Dealt to fb3829d2 
Dealt to Hero [Tc Ks]
Dealt to 72cf10b3 
Hero: folds
72cf10b3: folds
d3a6d70b: folds
4e857e36: folds
Uncalled bet ($0.03) returned to fb3829d2
*** SHOWDOWN ***
fb3829d2 collected $0.04 from pot
*** SUMMARY ***
Total pot $0.04 | Rake $0 | Jackpot $0 | Bingo $0 | Fortune $0
Seat 1: d3a6d70b (button) folded before Flop (didn't bet)
Seat 2: 4e857e36 (small blind) folded before Flop
Seat 4: fb3829d2 (big blind) collected ($0.04)
Seat 5: Hero folded before Flop (didn't bet)
Seat 6: 72cf10b3 folded before Flop (didn't bet)


Poker Hand #HD1155446740: Hold'em No Limit  ($0.02/$0.05) - 2023/03/11 12:42:43
Table 'NLHBlue78' 6-max Seat #6 is the button
Seat 1: d3a6d70b ($9.27 in chips)
Seat 2: 4e857e36 ($8.96 in chips)
Seat 4: fb3829d2 ($5.07 in chips)
Seat 5: Hero ($5.21 in chips)
Seat 6: 72cf10b3 ($10.67 in chips)
d3a6d70b: posts small blind $0.02
4e857e36: posts big blind $0.05
*** HOLE CARDS ***
Dealt to d3a6d70b 
Dealt to 4e857e36 
Dealt to fb3829d2 
Dealt to Hero [6s 2s]
Dealt to 72cf10b3 
fb3829d2: folds
Hero: folds
72cf10b3: folds
d3a6d70b: raises $0.1 to $0.15
4e857e36: folds
Uncalled bet ($0.1) returned to d3a6d70b
*** SHOWDOWN ***
d3a6d70b collected $0.1 from pot
*** SUMMARY ***
Total pot $0.1 | Rake $0 | Jackpot $0 | Bingo $0 | Fortune $0
Seat 1: d3a6d70b (small blind) collected ($0.1)
Seat 2: 4e857e36 (big blind) folded before Flop
Seat 4: fb3829d2 folded before Flop (didn't bet)
Seat 5: Hero folded before Flop (didn't bet)
Seat 6: 72cf10b3 (button) folded before Flop (didn't bet)


Poker Hand #HD1155446712: Hold'em No Limit  ($0.02/$0.05) - 2023/03/11 12:42:34
Table 'NLHBlue78' 6-max Seat #5 is the button
Seat 1: d3a6d70b ($9.25 in chips)
Seat 2: 4e857e36 ($8.96 in chips)
Seat 4: fb3829d2 ($5.07 in chips)
Seat 5: Hero ($5.21 in chips)
Seat 6: 72cf10b3 ($10.69 in chips)
72cf10b3: posts small blind $0.02
d3a6d70b: posts big blind $0.05
*** HOLE CARDS ***
Dealt to d3a6d70b 
Dealt to 4e857e36 
Dealt to fb3829d2 
Dealt to Hero [8s 2c]
Dealt to 72cf10b3 
4e857e36: folds
fb3829d2: folds
Hero: folds
72cf10b3: folds
Uncalled bet ($0.03) returned to d3a6d70b
*** SHOWDOWN ***
d3a6d70b collected $0.04 from pot
*** SUMMARY ***
Total pot $0.04 | Rake $0 | Jackpot $0 | Bingo $0 | Fortune $0
Seat 1: d3a6d70b (big blind) collected ($0.04)
Seat 2: 4e857e36 folded before Flop (didn't bet)
Seat 4: fb3829d2 folded before Flop (didn't bet)
Seat 5: Hero (button) folded before Flop (didn't bet)
Seat 6: 72cf10b3 (small blind) folded before Flop


Poker Hand #HD1155446671: Hold'em No Limit  ($0.02/$0.05) - 2023/03/11 12:42:17
Table 'NLHBlue78' 6-max Seat #4 is the button
Seat 1: d3a6d70b ($9.25 in chips)
Seat 2: 4e857e36 ($8.96 in chips)
Seat 4: fb3829d2 ($5.07 in chips)
Seat 5: Hero ($5.23 in chips)
Seat 6: 72cf10b3 ($10.67 in chips)
Hero: posts small blind $0.02
72cf10b3: posts big blind $0.05
*** HOLE CARDS ***
Dealt to d3a6d70b 
Dealt to 4e857e36 
Dealt to fb3829d2 
Dealt to Hero [Kd 5s]
Dealt to 72cf10b3 
d3a6d70b: folds
4e857e36: folds
fb3829d2: folds
Hero: folds
Uncalled bet ($0.03) returned to 72cf10b3
*** SHOWDOWN ***
72cf10b3 collected $0.04 from pot
*** SUMMARY ***
Total pot $0.04 | Rake $0 | Jackpot $0 | Bingo $0 | Fortune $0
Seat 1: d3a6d70b folded before Flop (didn't bet)
Seat 2: 4e857e36 folded before Flop (didn't bet)
Seat 4: fb3829d2 (button) folded before Flop (didn't bet)
Seat 5: Hero (small blind) folded before Flop
Seat 6: 72cf10b3 (big blind) collected ($0.04)


Poker Hand #HD1155446645: Hold'em No Limit  ($0.02/$0.05) - 2023/03/11 12:42:06
Table 'NLHBlue78' 6-max Seat #2 is the button
Seat 1: d3a6d70b ($9.25 in chips)
Seat 2: 4e857e36 ($8.96 in chips)
Seat 4: fb3829d2 ($5.09 in chips)
Seat 5: Hero ($5.21 in chips)
Seat 6: 72cf10b3 ($10.67 in chips)
fb3829d2: posts small blind $0.02
Hero: posts big blind $0.05
*** HOLE CARDS ***
Dealt to d3a6d70b 
Dealt to 4e857e36 
Dealt to fb3829d2 
Dealt to Hero [Ad 8c]
Dealt to 72cf10b3 
72cf10b3: folds
d3a6d70b: folds
4e857e36: folds
fb3829d2: folds
Uncalled bet ($0.03) returned to Hero
*** SHOWDOWN ***
Hero collected $0.04 from pot
*** SUMMARY ***
Total pot $0.04 | Rake $0 | Jackpot $0 | Bingo $0 | Fortune $0
Seat 1: d3a6d70b folded before Flop (didn't bet)
Seat 2: 4e857e36 (button) folded before Flop (didn't bet)
Seat 4: fb3829d2 (small blind) folded before Flop
Seat 5: Hero (big blind) collected ($0.04)
Seat 6: 72cf10b3 folded before Flop (didn't bet)


Poker Hand #HD1155446602: Hold'em No Limit  ($0.02/$0.05) - 2023/03/11 12:41:47
Table 'NLHBlue78' 6-max Seat #1 is the button
Seat 1: d3a6d70b ($9.25 in chips)
Seat 2: 4e857e36 ($8.98 in chips)
Seat 4: fb3829d2 ($5.07 in chips)
Seat 5: Hero ($5.21 in chips)
Seat 6: 72cf10b3 ($10.67 in chips)
4e857e36: posts small blind $0.02
fb3829d2: posts big blind $0.05
*** HOLE CARDS ***
Dealt to d3a6d70b 
Dealt to 4e857e36 
Dealt to fb3829d2 
Dealt to Hero [Qs 8s]
Dealt to 72cf10b3 
Hero: folds
72cf10b3: folds
d3a6d70b: folds
4e857e36: folds
Uncalled bet ($0.03) returned to fb3829d2
*** SHOWDOWN ***
fb3829d2 collected $0.04 from pot
*** SUMMARY ***
Total pot $0.04 | Rake $0 | Jackpot $0 | Bingo $0 | Fortune $0
Seat 1: d3a6d70b (button) folded before Flop (didn't bet)
Seat 2: 4e857e36 (small blind) folded before Flop
Seat 4: fb3829d2 (big blind) collected ($0.04)
Seat 5: Hero folded before Flop (didn't bet)
Seat 6: 72cf10b3 folded before Flop (didn't bet)


Poker Hand #HD1155446497: Hold'em No Limit  ($0.02/$0.05) - 2023/03/11 12:41:01
Table 'NLHBlue78' 6-max Seat #6 is the button
Seat 1: d3a6d70b ($9.5 in chips)
Seat 2: 4e857e36 ($8.75 in chips)
Seat 4: fb3829d2 ($5.07 in chips)
Seat 5: Hero ($5.21 in chips)
Seat 6: 72cf10b3 ($10.67 in chips)
d3a6d70b: posts small blind $0.02
4e857e36: posts big blind $0.05
*** HOLE CARDS ***
Dealt to d3a6d70b 
Dealt to 4e857e36 
Dealt to fb3829d2 
Dealt to Hero [Ad 6c]
Dealt to 72cf10b3 
fb3829d2: folds
Hero: folds
72cf10b3: folds
d3a6d70b: raises $0.1 to $0.15
4e857e36: calls $0.1
*** FLOP *** [Ah Qd Qh]
d3a6d70b: bets $0.1
4e857e36: calls $0.1
*** TURN *** [Ah Qd Qh] [3d]
d3a6d70b: checks
4e857e36: bets $0.38
d3a6d70b: folds
Uncalled bet ($0.38) returned to 4e857e36
*** SHOWDOWN ***
4e857e36 collected $0.48 from pot
*** SUMMARY ***
Total pot $0.5 | Rake $0.02 | Jackpot $0 | Bingo $0 | Fortune $0
Board [Ah Qd Qh 3d]
Seat 1: d3a6d70b (small blind) folded on the Turn
Seat 2: 4e857e36 (big blind) won ($0.48)
Seat 4: fb3829d2 folded before Flop (didn't bet)
Seat 5: Hero folded before Flop (didn't bet)
Seat 6: 72cf10b3 (button) folded before Flop (didn't bet)


Poker Hand #HD1155446457: Hold'em No Limit  ($0.02/$0.05) - 2023/03/11 12:40:43
Table 'NLHBlue78' 6-max Seat #5 is the button
Seat 1: d3a6d70b ($9.55 in chips)
Seat 2: 4e857e36 ($8.75 in chips)
Seat 4: fb3829d2 ($5 in chips)
Seat 5: Hero ($5.21 in chips)
Seat 6: 72cf10b3 ($10.69 in chips)
72cf10b3: posts small blind $0.02
d3a6d70b: posts big blind $0.05
*** HOLE CARDS ***
Dealt to d3a6d70b 
Dealt to 4e857e36 
Dealt to fb3829d2 
Dealt to Hero [9h 6s]
Dealt to 72cf10b3 
4e857e36: folds
fb3829d2: raises $0.06 to $0.11
Hero: folds
72cf10b3: folds
d3a6d70b: folds
Uncalled bet ($0.06) returned to fb3829d2
*** SHOWDOWN ***
fb3829d2 collected $0.12 from pot
*** SUMMARY ***
Total pot $0.12 | Rake $0 | Jackpot $0 | Bingo $0 | Fortune $0
Seat 1: d3a6d70b (big blind) folded before Flop
Seat 2: 4e857e36 folded before Flop (didn't bet)
Seat 4: fb3829d2 collected ($0.12)
Seat 5: Hero (button) folded before Flop (didn't bet)
Seat 6: 72cf10b3 (small blind) folded before Flop


Poker Hand #HD1155446408: Hold'em No Limit  ($0.02/$0.05) - 2023/03/11 12:40:23
Table 'NLHBlue78' 6-max Seat #4 is the button
Seat 1: d3a6d70b ($9.55 in chips)
Seat 2: 4e857e36 ($8.68 in chips)
Seat 4: fb3829d2 ($5 in chips)
Seat 5: Hero ($5.23 in chips)
Seat 6: 72cf10b3 ($10.74 in chips)
Hero: posts small blind $0.02
72cf10b3: posts big blind $0.05
*** HOLE CARDS ***
Dealt to d3a6d70b 
Dealt to 4e857e36 
Dealt to fb3829d2 
Dealt to Hero [Jd 2s]
Dealt to 72cf10b3 
d3a6d70b: folds
4e857e36: raises $0.05 to $0.1
fb3829d2: folds
Hero: folds
72cf10b3: folds
Uncalled bet ($0.05) returned to 4e857e36
*** SHOWDOWN ***
4e857e36 collected $0.12 from pot
*** SUMMARY ***
Total pot $0.12 | Rake $0 | Jackpot $0 | Bingo $0 | Fortune $0
Seat 1: d3a6d70b folded before Flop (didn't bet)
Seat 2: 4e857e36 collected ($0.12)
Seat 4: fb3829d2 (button) folded before Flop (didn't bet)
Seat 5: Hero (small blind) folded before Flop
Seat 6: 72cf10b3 (big blind) folded before Flop


Poker Hand #HD1155446379: Hold'em No Limit  ($0.02/$0.05) - 2023/03/11 12:40:11
Table 'NLHBlue78' 6-max Seat #2 is the button
Seat 1: d3a6d70b ($9.55 in chips)
Seat 2: 4e857e36 ($8.68 in chips)
Seat 4: fb3829d2 ($5.02 in chips)
Seat 5: Hero ($5.21 in chips)
Seat 6: 72cf10b3 ($10.74 in chips)
fb3829d2: posts small blind $0.02
Hero: posts big blind $0.05
*** HOLE CARDS ***
Dealt to d3a6d70b 
Dealt to 4e857e36 
Dealt to fb3829d2 
Dealt to Hero [8h 2d]
Dealt to 72cf10b3 
72cf10b3: folds
d3a6d70b: folds
4e857e36: folds
fb3829d2: folds
Uncalled bet ($0.03) returned to Hero
*** SHOWDOWN ***
Hero collected $0.04 from pot
*** SUMMARY ***
Total pot $0.04 | Rake $0 | Jackpot $0 | Bingo $0 | Fortune $0
Seat 1: d3a6d70b folded before Flop (didn't bet)
Seat 2: 4e857e36 (button) folded before Flop (didn't bet)
Seat 4: fb3829d2 (small blind) folded before Flop
Seat 5: Hero (big blind) collected ($0.04)
Seat 6: 72cf10b3 folded before Flop (didn't bet)


Poker Hand #HD1155446348: Hold'em No Limit  ($0.02/$0.05) - 2023/03/11 12:39:56
Table 'NLHBlue78' 6-max Seat #1 is the button
Seat 1: d3a6d70b ($9.55 in chips)
Seat 2: 4e857e36 ($8.7 in chips)
Seat 4: fb3829d2 ($5 in chips)
Seat 5: Hero ($5.21 in chips)
Seat 6: 72cf10b3 ($10.74 in chips)
4e857e36: posts small blind $0.02
fb3829d2: posts big blind $0.05
*** HOLE CARDS ***
Dealt to d3a6d70b 
Dealt to 4e857e36 
Dealt to fb3829d2 
Dealt to Hero [5d Jh]
Dealt to 72cf10b3 
Hero: folds
72cf10b3: folds
d3a6d70b: folds
4e857e36: folds
Uncalled bet ($0.03) returned to fb3829d2
*** SHOWDOWN ***
fb3829d2 collected $0.04 from pot
*** SUMMARY ***
Total pot $0.04 | Rake $0 | Jackpot $0 | Bingo $0 | Fortune $0
Seat 1: d3a6d70b (button) folded before Flop (didn't bet)
Seat 2: 4e857e36 (small blind) folded before Flop
Seat 4: fb3829d2 (big blind) collected ($0.04)
Seat 5: Hero folded before Flop (didn't bet)
Seat 6: 72cf10b3 folded before Flop (didn't bet)


Poker Hand #HD1155446304: Hold'em No Limit  ($0.02/$0.05) - 2023/03/11 12:39:37
Table 'NLHBlue78' 6-max Seat #6 is the button
Seat 1: d3a6d70b ($9.57 in chips)
Seat 2: 4e857e36 ($8.68 in chips)
Seat 4: fb3829d2 ($5 in chips)
Seat 5: Hero ($5.21 in chips)
Seat 6: 72cf10b3 ($10.74 in chips)
d3a6d70b: posts small blind $0.02
4e857e36: posts big blind $0.05
*** HOLE CARDS ***
Dealt to d3a6d70b 
Dealt to 4e857e36 
Dealt to fb3829d2 
Dealt to Hero [3d 2c]
Dealt to 72cf10b3 
fb3829d2: folds
Hero: folds
72cf10b3: folds
d3a6d70b: folds
Uncalled bet ($0.03) returned to 4e857e36
*** SHOWDOWN ***
4e857e36 collected $0.04 from pot
*** SUMMARY ***
Total pot $0.04 | Rake $0 | Jackpot $0 | Bingo $0 | Fortune $0
Seat 1: d3a6d70b (small blind) folded before Flop
Seat 2: 4e857e36 (big blind) collected ($0.04)
Seat 4: fb3829d2 folded before Flop (didn't bet)
Seat 5: Hero folded before Flop (didn't bet)
Seat 6: 72cf10b3 (button) folded before Flop (didn't bet)


Poker Hand #HD1155446263: Hold'em No Limit  ($0.02/$0.05) - 2023/03/11 12:39:19
Table 'NLHBlue78' 6-max Seat #5 is the button
Seat 1: d3a6d70b ($9.62 in chips)
Seat 2: 4e857e36 ($8.61 in chips)
Seat 4: fb3829d2 ($5 in chips)
Seat 5: Hero ($5.21 in chips)
Seat 6: 72cf10b3 ($10.76 in chips)
72cf10b3: posts small blind $0.02
d3a6d70b: posts big blind $0.05
*** HOLE CARDS ***
Dealt to d3a6d70b 
Dealt to 4e857e36 
Dealt to fb3829d2 
Dealt to Hero [Kd 7s]
Dealt to 72cf10b3 
4e857e36: raises $0.08 to $0.13
fb3829d2: folds
Hero: folds
72cf10b3: folds
d3a6d70b: folds
Uncalled bet ($0.08) returned to 4e857e36
*** SHOWDOWN ***
4e857e36 collected $0.12 from pot
*** SUMMARY ***
Total pot $0.12 | Rake $0 | Jackpot $0 | Bingo $0 | Fortune $0
Seat 1: d3a6d70b (big blind) folded before Flop
Seat 2: 4e857e36 collected ($0.12)
Seat 4: fb3829d2 folded before Flop (didn't bet)
Seat 5: Hero (button) folded before Flop (didn't bet)
Seat 6: 72cf10b3 (small blind) folded before Flop


Poker Hand #HD1155446182: Hold'em No Limit  ($0.02/$0.05) - 2023/03/11 12:38:44
Table 'NLHBlue78' 6-max Seat #4 is the button
Seat 1: d3a6d70b ($9.62 in chips)
Seat 2: 4e857e36 ($8.61 in chips)
Seat 4: fb3829d2 ($5 in chips)
Seat 5: Hero ($5.08 in chips)
Seat 6: 72cf10b3 ($10.9 in chips)
Hero: posts small blind $0.02
72cf10b3: posts big blind $0.05
*** HOLE CARDS ***
Dealt to d3a6d70b 
Dealt to 4e857e36 
Dealt to fb3829d2 
Dealt to Hero [2c Ac]
Dealt to 72cf10b3 
d3a6d70b: folds
4e857e36: folds
fb3829d2: folds
Hero: raises $0.09 to $0.14
72cf10b3: calls $0.09
*** FLOP *** [6c Ks 4h]
Hero: checks
72cf10b3: checks
*** TURN *** [6c Ks 4h] [Kd]
Hero: checks
72cf10b3: checks
*** RIVER *** [6c Ks 4h Kd] [9s]
Hero: checks
72cf10b3: checks
Hero: shows [2c Ac] (Pair of Kings)
72cf10b3: shows [Qs Tc] (Pair of Kings)
*** SHOWDOWN ***
Hero collected $0.27 from pot
*** SUMMARY ***
Total pot $0.28 | Rake $0.01 | Jackpot $0 | Bingo $0 | Fortune $0
Board [6c Ks 4h Kd 9s]
Seat 1: d3a6d70b folded before Flop (didn't bet)
Seat 2: 4e857e36 folded before Flop (didn't bet)
Seat 4: fb3829d2 (button) folded before Flop (didn't bet)
Seat 5: Hero (small blind) showed [2c Ac] and won ($0.27) with Pair of Kings
Seat 6: 72cf10b3 (big blind) showed [Qs Tc] and lost with Pair of Kings


Poker Hand #HD1155446030: Hold'em No Limit  ($0.02/$0.05) - 2023/03/11 12:37:44
Table 'NLHBlue78' 6-max Seat #2 is the button
Seat 1: d3a6d70b ($5 in chips)
Seat 2: 4e857e36 ($8.61 in chips)
Seat 4: fb3829d2 ($5.02 in chips)
Seat 5: Hero ($5.13 in chips)
Seat 6: 72cf10b3 ($11.02 in chips)
fb3829d2: posts small blind $0.02
Hero: posts big blind $0.05
*** HOLE CARDS ***
Dealt to d3a6d70b 
Dealt to 4e857e36 
Dealt to fb3829d2 
Dealt to Hero [3c 9s]
Dealt to 72cf10b3 
72cf10b3: raises $0.07 to $0.12
d3a6d70b: calls $0.12
4e857e36: folds
fb3829d2: raises $0.37 to $0.49
Hero: folds
72cf10b3: folds
d3a6d70b: calls $0.37
*** FLOP *** [Jd Qd 4d]
fb3829d2: bets $0.69
d3a6d70b: calls $0.69
*** TURN *** [Jd Qd 4d] [Qs]
fb3829d2: bets $3.84 and is all-in
d3a6d70b: calls $3.82 and is all-in
Uncalled bet ($0.02) returned to fb3829d2
fb3829d2: shows [Ah Ac] (Pair of Aces and Pair of Queens)
d3a6d70b: shows [4c 4h] (Fours Full over Queens)
*** RIVER *** [Jd Qd 4d Qs] [7h]
72cf10b3: shows [7s 7d] (Sevens Full over Queens)
*** SHOWDOWN ***
d3a6d70b collected $9.62 from pot
*** SUMMARY ***
Total pot $10.17 | Rake $0.5 | Jackpot $0.05 | Bingo $0 | Fortune $0
Board [Jd Qd 4d Qs 7h]
Seat 1: d3a6d70b showed [4c 4h] and won ($9.62) with Fours Full over Queens
Seat 2: 4e857e36 (button) folded before Flop (didn't bet)
Seat 4: fb3829d2 (small blind) showed [Ah Ac] and lost with Pair of Aces and Pair of Queens
Seat 5: Hero (big blind) folded before Flop
Seat 6: 72cf10b3 folded before Flop


Poker Hand #HD1155446004: Hold'em No Limit  ($0.02/$0.05) - 2023/03/11 12:37:35
Table 'NLHBlue78' 6-max Seat #1 is the button
Seat 1: d3a6d70b ($5 in chips)
Seat 2: 4e857e36 ($8.63 in chips)
Seat 4: fb3829d2 ($5 in chips)
Seat 5: Hero ($5.13 in chips)
Seat 6: 72cf10b3 ($11.02 in chips)
4e857e36: posts small blind $0.02
fb3829d2: posts big blind $0.05
*** HOLE CARDS ***
Dealt to d3a6d70b 
Dealt to 4e857e36 
Dealt to fb3829d2 
Dealt to Hero [2s 6s]
Dealt to 72cf10b3 
Hero: folds
72cf10b3: folds
d3a6d70b: folds
4e857e36: folds
Uncalled bet ($0.03) returned to fb3829d2
*** SHOWDOWN ***
fb3829d2 collected $0.04 from pot
*** SUMMARY ***
Total pot $0.04 | Rake $0 | Jackpot $0 | Bingo $0 | Fortune $0
Seat 1: d3a6d70b (button) folded before Flop (didn't bet)
Seat 2: 4e857e36 (small blind) folded before Flop
Seat 4: fb3829d2 (big blind) collected ($0.04)
Seat 5: Hero folded before Flop (didn't bet)
Seat 6: 72cf10b3 folded before Flop (didn't bet)


Poker Hand #HD1155445939: Hold'em No Limit  ($0.02/$0.05) - 2023/03/11 12:37:07
Table 'NLHBlue78' 6-max Seat #6 is the button
Seat 1: d3a6d70b ($5 in chips)
Seat 2: 4e857e36 ($8.51 in chips)
Seat 4: fb3829d2 ($5 in chips)
Seat 5: Hero ($5.13 in chips)
Seat 6: 72cf10b3 ($11.02 in chips)
d3a6d70b: posts small blind $0.02
4e857e36: posts big blind $0.05
*** HOLE CARDS ***
Dealt to d3a6d70b 
Dealt to 4e857e36 
Dealt to fb3829d2 
Dealt to Hero [Kd 5h]
Dealt to 72cf10b3 
fb3829d2: raises $0.06 to $0.11
Hero: folds
72cf10b3: folds
d3a6d70b: folds
4e857e36: calls $0.06
*** FLOP *** [4c 2h 8d]
4e857e36: checks
fb3829d2: checks
*** TURN *** [4c 2h 8d] [9c]
4e857e36: bets $0.18
fb3829d2: folds
Uncalled bet ($0.18) returned to 4e857e36
*** SHOWDOWN ***
4e857e36 collected $0.23 from pot
*** SUMMARY ***
Total pot $0.24 | Rake $0.01 | Jackpot $0 | Bingo $0 | Fortune $0
Board [4c 2h 8d 9c]
Seat 1: d3a6d70b (small blind) folded before Flop
Seat 2: 4e857e36 (big blind) won ($0.23)
Seat 4: fb3829d2 folded on the Turn
Seat 5: Hero folded before Flop (didn't bet)
Seat 6: 72cf10b3 (button) folded before Flop (didn't bet)


Poker Hand #HD1155445834: Hold'em No Limit  ($0.02/$0.05) - 2023/03/11 12:36:26
Table 'NLHBlue78' 6-max Seat #5 is the button
Seat 1: d3a6d70b ($5.03 in chips)
Seat 2: 4e857e36 ($8.51 in chips)
Seat 4: fb3829d2 ($5 in chips)
Seat 5: Hero ($5 in chips)
Seat 6: 72cf10b3 ($11.04 in chips)
72cf10b3: posts small blind $0.02
d3a6d70b: posts big blind $0.05
*** HOLE CARDS ***
Dealt to d3a6d70b 
Dealt to 4e857e36 
Dealt to fb3829d2 
Dealt to Hero [8h 8d]
Dealt to 72cf10b3 
4e857e36: folds
fb3829d2: folds
Hero: raises $0.07 to $0.12
72cf10b3: folds
d3a6d70b: calls $0.07
*** FLOP *** [Ad Qh 6h]
d3a6d70b: checks
Hero: checks
*** TURN *** [Ad Qh 6h] [6c]
d3a6d70b: checks
Hero: checks
*** RIVER *** [Ad Qh 6h 6c] [Qs]
d3a6d70b: checks
Hero: checks
d3a6d70b: shows [4c 5c] (Pair of Queens and Pair of Sixes)
Hero: shows [8h 8d] (Pair of Queens and Pair of Eights)
*** SHOWDOWN ***
Hero collected $0.25 from pot
*** SUMMARY ***
Total pot $0.26 | Rake $0.01 | Jackpot $0 | Bingo $0 | Fortune $0
Board [Ad Qh 6h 6c Qs]
Seat 1: d3a6d70b (big blind) showed [4c 5c] and lost with Pair of Queens and Pair of Sixes
Seat 2: 4e857e36 folded before Flop (didn't bet)
Seat 4: fb3829d2 folded before Flop (didn't bet)
Seat 5: Hero (button) showed [8h 8d] and won ($0.25) with Pair of Queens and Pair of Eights
Seat 6: 72cf10b3 (small blind) folded before Flop


Poker Hand #HD1155445745: Hold'em No Limit  ($0.02/$0.05) - 2023/03/11 12:35:50
Table 'NLHBlue78' 6-max Seat #4 is the button
Seat 1: d3a6d70b ($5.03 in chips)
Seat 2: 4e857e36 ($8.51 in chips)
Seat 4: fb3829d2 ($5 in chips)
Seat 5: Hero ($5 in chips)
Seat 6: 72cf10b3 ($10.82 in chips)
Hero: posts small blind $0.02
72cf10b3: posts big blind $0.05
*** HOLE CARDS ***
Dealt to d3a6d70b 
Dealt to 4e857e36 
Dealt to fb3829d2 
Dealt to Hero [Ad Kd]
Dealt to 72cf10b3 
d3a6d70b: folds
4e857e36: folds
fb3829d2: folds
Hero: raises $0.09 to $0.14
72cf10b3: calls $0.09
*** FLOP *** [2h 8s 5c]
Hero: bets $0.1
72cf10b3: calls $0.1
*** TURN *** [2h 8s 5c] [6h]
Hero: checks
72cf10b3: bets $0.75
Hero: folds
Uncalled bet ($0.75) returned to 72cf10b3
*** SHOWDOWN ***
72cf10b3 collected $0.46 from pot
*** SUMMARY ***
Total pot $0.48 | Rake $0.02 | Jackpot $0 | Bingo $0 | Fortune $0
Board [2h 8s 5c 6h]
Seat 1: d3a6d70b folded before Flop (didn't bet)
Seat 2: 4e857e36 folded before Flop (didn't bet)
Seat 4: fb3829d2 (button) folded before Flop (didn't bet)
Seat 5: Hero (small blind) folded on the Turn
Seat 6: 72cf10b3 (big blind) won ($0.46)


Poker Hand #HD1155365539: Hold'em No Limit  ($0.02/$0.05) - 2023/03/11 12:34:28
Table 'NLHBlue78' 6-max Seat #3 is the button
Seat 1: d3a6d70b ($5.03 in chips)
Seat 2: 4e857e36 ($8.51 in chips)
Seat 3: 254fc5d1 ($1.31 in chips)
Seat 4: fb3829d2 ($6.33 in chips)
Seat 5: Hero ($5 in chips)
Seat 6: 72cf10b3 ($5 in chips)
fb3829d2: posts small blind $0.02
Hero: posts big blind $0.05
*** HOLE CARDS ***
Dealt to d3a6d70b 
Dealt to 4e857e36 
Dealt to 254fc5d1 
Dealt to fb3829d2 
Dealt to Hero [8h 2h]
Dealt to 72cf10b3 
72cf10b3: raises $0.07 to $0.12
d3a6d70b: folds
4e857e36: folds
254fc5d1: calls $0.12
fb3829d2: raises $0.37 to $0.49
Hero: folds
72cf10b3: calls $0.37
254fc5d1: calls $0.37
*** FLOP *** [7s 6h 6s]
fb3829d2: bets $0.38
72cf10b3: calls $0.38
254fc5d1: calls $0.38
*** TURN *** [7s 6h 6s] [4c]
fb3829d2: bets $5.46 and is all-in
72cf10b3: calls $4.13 and is all-in
254fc5d1: calls $0.44 and is all-in
Uncalled bet ($1.33) returned to fb3829d2
fb3829d2: shows [Qc Ac] (Pair of Sixes)
72cf10b3: shows [7d 7c] (Sevens Full over Sixes)
254fc5d1: shows [Jd As] (Pair of Sixes)
*** RIVER *** [7s 6h 6s 4c] [7h]
*** SHOWDOWN ***
72cf10b3 collected $3.81 from pot
72cf10b3 collected $7.01 from pot
*** SUMMARY ***
Total pot $11.36 | Rake $0.49 | Jackpot $0.05 | Bingo $0 | Fortune $0
Board [7s 6h 6s 4c 7h]
Seat 1: d3a6d70b folded before Flop (didn't bet)
Seat 2: 4e857e36 folded before Flop (didn't bet)
Seat 3: 254fc5d1 (button) showed [Jd As] and lost with Pair of Sevens and Pair of Sixes
Seat 4: fb3829d2 (small blind) showed [Qc Ac] and lost with Pair of Sevens and Pair of Sixes
Seat 5: Hero (big blind) folded before Flop
Seat 6: 72cf10b3 showed [7d 7c] and won ($10.82) with Four Sevens


Poker Hand #HD1155365414: Hold'em No Limit  ($0.02/$0.05) - 2023/03/11 12:33:32
Table 'NLHBlue78' 6-max Seat #2 is the button
Seat 1: d3a6d70b ($5.03 in chips)
Seat 2: 4e857e36 ($8.51 in chips)
Seat 3: 254fc5d1 ($1.33 in chips)
Seat 4: fb3829d2 ($5.63 in chips)
Seat 5: Hero ($5.07 in chips)
Seat 6: 72cf10b3 ($5 in chips)
254fc5d1: posts small blind $0.02
fb3829d2: posts big blind $0.05
*** HOLE CARDS ***
Dealt to d3a6d70b 
Dealt to 4e857e36 
Dealt to 254fc5d1 
Dealt to fb3829d2 
Dealt to Hero [Tc Ac]
Dealt to 72cf10b3 
Hero: raises $0.07 to $0.12
72cf10b3: folds
d3a6d70b: folds
4e857e36: folds
254fc5d1: folds
fb3829d2: raises $0.24 to $0.36
Hero: calls $0.24
*** FLOP *** [5c Kd Qh]
fb3829d2: checks
Hero: checks
*** TURN *** [5c Kd Qh] [4s]
fb3829d2: bets $0.45
Hero: calls $0.45
*** RIVER *** [5c Kd Qh 4s] [9s]
fb3829d2: checks
Hero: checks
fb3829d2: shows [Js Jh] (Pair of Jacks)
Hero: shows [Tc Ac] (Ace-High)
*** SHOWDOWN ***
fb3829d2 collected $1.51 from pot
*** SUMMARY ***
Total pot $1.64 | Rake $0.08 | Jackpot $0.05 | Bingo $0 | Fortune $0
Board [5c Kd Qh 4s 9s]
Seat 1: d3a6d70b folded before Flop (didn't bet)
Seat 2: 4e857e36 (button) folded before Flop (didn't bet)
Seat 3: 254fc5d1 (small blind) folded before Flop
Seat 4: fb3829d2 (big blind) showed [Js Jh] and won ($1.51) with Pair of Jacks
Seat 5: Hero showed [Tc Ac] and lost with Ace-High
Seat 6: 72cf10b3 folded before Flop (didn't bet)


Poker Hand #HD1155365331: Hold'em No Limit  ($0.02/$0.05) - 2023/03/11 12:33:00
Table 'NLHBlue78' 6-max Seat #1 is the button
Seat 1: d3a6d70b ($5.03 in chips)
Seat 2: 4e857e36 ($8.35 in chips)
Seat 3: 254fc5d1 ($1.38 in chips)
Seat 4: fb3829d2 ($5.63 in chips)
Seat 5: Hero ($5.07 in chips)
Seat 6: 72cf10b3 ($4.51 in chips)
4e857e36: posts small blind $0.02
254fc5d1: posts big blind $0.05
*** HOLE CARDS ***
Dealt to d3a6d70b 
Dealt to 4e857e36 
Dealt to 254fc5d1 
Dealt to fb3829d2 
Dealt to Hero [5s 7d]
Dealt to 72cf10b3 
fb3829d2: folds
Hero: folds
72cf10b3: raises $0.07 to $0.12
d3a6d70b: folds
4e857e36: raises $0.38 to $0.5
254fc5d1: folds
72cf10b3: folds
Uncalled bet ($0.38) returned to 4e857e36
*** SHOWDOWN ***
4e857e36 collected $0.28 from pot
*** SUMMARY ***
Total pot $0.29 | Rake $0.01 | Jackpot $0 | Bingo $0 | Fortune $0
Seat 1: d3a6d70b (button) folded before Flop (didn't bet)
Seat 2: 4e857e36 (small blind) collected ($0.28)
Seat 3: 254fc5d1 (big blind) folded before Flop
Seat 4: fb3829d2 folded before Flop (didn't bet)
Seat 5: Hero folded before Flop (didn't bet)
Seat 6: 72cf10b3 folded before Flop


Poker Hand #HD1155365291: Hold'em No Limit  ($0.02/$0.05) - 2023/03/11 12:32:44
Table 'NLHBlue78' 6-max Seat #6 is the button
Seat 1: d3a6d70b ($5.05 in chips)
Seat 2: 4e857e36 ($8.4 in chips)
Seat 3: 254fc5d1 ($1.38 in chips)
Seat 4: fb3829d2 ($5.56 in chips)
Seat 5: Hero ($5.07 in chips)
Seat 6: 72cf10b3 ($4.51 in chips)
d3a6d70b: posts small blind $0.02
4e857e36: posts big blind $0.05
*** HOLE CARDS ***
Dealt to d3a6d70b 
Dealt to 4e857e36 
Dealt to 254fc5d1 
Dealt to fb3829d2 
Dealt to Hero [8s Td]
Dealt to 72cf10b3 
254fc5d1: folds
fb3829d2: raises $0.06 to $0.11
Hero: folds
72cf10b3: folds
d3a6d70b: folds
4e857e36: folds
Uncalled bet ($0.06) returned to fb3829d2
*** SHOWDOWN ***
fb3829d2 collected $0.12 from pot
*** SUMMARY ***
Total pot $0.12 | Rake $0 | Jackpot $0 | Bingo $0 | Fortune $0
Seat 1: d3a6d70b (small blind) folded before Flop
Seat 2: 4e857e36 (big blind) folded before Flop
Seat 3: 254fc5d1 folded before Flop (didn't bet)
Seat 4: fb3829d2 collected ($0.12)
Seat 5: Hero folded before Flop (didn't bet)
Seat 6: 72cf10b3 (button) folded before Flop (didn't bet)


Poker Hand #HD1155365256: Hold'em No Limit  ($0.02/$0.05) - 2023/03/11 12:32:29
Table 'NLHBlue78' 6-max Seat #5 is the button
Seat 1: d3a6d70b ($5 in chips)
Seat 2: 4e857e36 ($8.4 in chips)
Seat 3: 254fc5d1 ($1.38 in chips)
Seat 4: fb3829d2 ($5.56 in chips)
Seat 5: Hero ($5 in chips)
Seat 6: 72cf10b3 ($4.53 in chips)
72cf10b3: posts small blind $0.02
d3a6d70b: posts big blind $0.05
*** HOLE CARDS ***
Dealt to d3a6d70b 
Dealt to 4e857e36 
Dealt to 254fc5d1 
Dealt to fb3829d2 
Dealt to Hero [Kd Js]
Dealt to 72cf10b3 
4e857e36: folds
254fc5d1: folds
fb3829d2: folds
Hero: raises $0.07 to $0.12
72cf10b3: folds
d3a6d70b: folds
Uncalled bet ($0.07) returned to Hero
*** SHOWDOWN ***
Hero collected $0.12 from pot
*** SUMMARY ***
Total pot $0.12 | Rake $0 | Jackpot $0 | Bingo $0 | Fortune $0
Seat 1: d3a6d70b (big blind) folded before Flop
Seat 2: 4e857e36 folded before Flop (didn't bet)
Seat 3: 254fc5d1 folded before Flop (didn't bet)
Seat 4: fb3829d2 folded before Flop (didn't bet)
Seat 5: Hero (button) collected ($0.12)
Seat 6: 72cf10b3 (small blind) folded before Flop


Poker Hand #HD1155365235: Hold'em No Limit  ($0.02/$0.05) - 2023/03/11 12:32:21
Table 'NLHBlue78' 6-max Seat #4 is the button
Seat 2: 4e857e36 ($8.4 in chips)
Seat 3: 254fc5d1 ($1.38 in chips)
Seat 4: fb3829d2 ($5.56 in chips)
Seat 5: Hero ($5 in chips)
Seat 6: 72cf10b3 ($4.51 in chips)
Hero: posts small blind $0.02
72cf10b3: posts big blind $0.05
*** HOLE CARDS ***
Dealt to 4e857e36 
Dealt to 254fc5d1 
Dealt to fb3829d2 
Dealt to Hero [2h 7c]
Dealt to 72cf10b3 
4e857e36: folds
254fc5d1: folds
fb3829d2: folds
Hero: folds
Uncalled bet ($0.03) returned to 72cf10b3
*** SHOWDOWN ***
72cf10b3 collected $0.04 from pot
*** SUMMARY ***
Total pot $0.04 | Rake $0 | Jackpot $0 | Bingo $0 | Fortune $0
Seat 2: 4e857e36 folded before Flop (didn't bet)
Seat 3: 254fc5d1 folded before Flop (didn't bet)
Seat 4: fb3829d2 (button) folded before Flop (didn't bet)
Seat 5: Hero (small blind) folded before Flop
Seat 6: 72cf10b3 (big blind) collected ($0.04)


Poker Hand #HD1155365166: Hold'em No Limit  ($0.02/$0.05) - 2023/03/11 12:31:50
Table 'NLHBlue78' 6-max Seat #3 is the button
Seat 2: 4e857e36 ($8.4 in chips)
Seat 3: 254fc5d1 ($1.38 in chips)
Seat 4: fb3829d2 ($5.44 in chips)
Seat 5: Hero ($5.08 in chips)
Seat 6: 72cf10b3 ($4.51 in chips)
fb3829d2: posts small blind $0.02
Hero: posts big blind $0.05
*** HOLE CARDS ***
Dealt to 4e857e36 
Dealt to 254fc5d1 
Dealt to fb3829d2 
Dealt to Hero [Qc 5c]
Dealt to 72cf10b3 
72cf10b3: folds
4e857e36: folds
254fc5d1: folds
fb3829d2: raises $0.08 to $0.13
Hero: calls $0.08
*** FLOP *** [5d Td Kh]
fb3829d2: bets $0.16
Hero: folds
Uncalled bet ($0.16) returned to fb3829d2
*** SHOWDOWN ***
fb3829d2 collected $0.25 from pot
*** SUMMARY ***
Total pot $0.26 | Rake $0.01 | Jackpot $0 | Bingo $0 | Fortune $0
Board [5d Td Kh]
Seat 2: 4e857e36 folded before Flop (didn't bet)
Seat 3: 254fc5d1 (button) folded before Flop (didn't bet)
Seat 4: fb3829d2 (small blind) won ($0.25)
Seat 5: Hero (big blind) folded on the Flop
Seat 6: 72cf10b3 folded before Flop (didn't bet)


Poker Hand #HD1155365074: Hold'em No Limit  ($0.02/$0.05) - 2023/03/11 12:31:07
Table 'NLHBlue78' 6-max Seat #2 is the button
Seat 1: 1d8cff7e ($5.15 in chips)
Seat 2: 4e857e36 ($7.95 in chips)
Seat 3: 254fc5d1 ($1.4 in chips)
Seat 4: fb3829d2 ($5.49 in chips)
Seat 5: Hero ($5.08 in chips)
Seat 6: 72cf10b3 ($4.93 in chips)
254fc5d1: posts small blind $0.02
fb3829d2: posts big blind $0.05
*** HOLE CARDS ***
Dealt to 1d8cff7e 
Dealt to 4e857e36 
Dealt to 254fc5d1 
Dealt to fb3829d2 
Dealt to Hero [3h Jh]
Dealt to 72cf10b3 
Hero: folds
72cf10b3: raises $0.07 to $0.12
1d8cff7e: folds
4e857e36: calls $0.12
254fc5d1: folds
fb3829d2: folds
*** FLOP *** [3d 7s 2s]
72cf10b3: bets $0.3
4e857e36: calls $0.3
*** TURN *** [3d 7s 2s] [Ah]
72cf10b3: checks
4e857e36: checks
*** RIVER *** [3d 7s 2s Ah] [Kc]
72cf10b3: checks
4e857e36: checks
72cf10b3: shows [9d 9h] (Pair of Nines)
4e857e36: shows [Ks Qs] (Pair of Kings)
*** SHOWDOWN ***
4e857e36 collected $0.87 from pot
*** SUMMARY ***
Total pot $0.91 | Rake $0.04 | Jackpot $0 | Bingo $0 | Fortune $0
Board [3d 7s 2s Ah Kc]
Seat 1: 1d8cff7e folded before Flop (didn't bet)
Seat 2: 4e857e36 (button) showed [Ks Qs] and won ($0.87) with Pair of Kings
Seat 3: 254fc5d1 (small blind) folded before Flop
Seat 4: fb3829d2 (big blind) folded before Flop
Seat 5: Hero folded before Flop (didn't bet)
Seat 6: 72cf10b3 showed [9d 9h] and lost with Pair of Nines


Poker Hand #HD1155364958: Hold'em No Limit  ($0.02/$0.05) - 2023/03/11 12:30:18
Table 'NLHBlue78' 6-max Seat #1 is the button
Seat 1: 1d8cff7e ($5.15 in chips)
Seat 2: 4e857e36 ($7.97 in chips)
Seat 3: 254fc5d1 ($1.51 in chips)
Seat 4: fb3829d2 ($5.37 in chips)
Seat 5: Hero ($5.08 in chips)
Seat 6: 72cf10b3 ($4.93 in chips)
4e857e36: posts small blind $0.02
254fc5d1: posts big blind $0.05
*** HOLE CARDS ***
Dealt to 1d8cff7e 
Dealt to 4e857e36 
Dealt to 254fc5d1 
Dealt to fb3829d2 
Dealt to Hero [7c As]
Dealt to 72cf10b3 
fb3829d2: raises $0.06 to $0.11
Hero: folds
72cf10b3: folds
1d8cff7e: folds
4e857e36: folds
254fc5d1: calls $0.06
*** FLOP *** [4d Ad 9c]
254fc5d1: checks
fb3829d2: bets $0.15
254fc5d1: folds
Uncalled bet ($0.15) returned to fb3829d2
*** SHOWDOWN ***
fb3829d2 collected $0.23 from pot
*** SUMMARY ***
Total pot $0.24 | Rake $0.01 | Jackpot $0 | Bingo $0 | Fortune $0
Board [4d Ad 9c]
Seat 1: 1d8cff7e (button) folded before Flop (didn't bet)
Seat 2: 4e857e36 (small blind) folded before Flop
Seat 3: 254fc5d1 (big blind) folded on the Flop
Seat 4: fb3829d2 won ($0.23)
Seat 5: Hero folded before Flop (didn't bet)
Seat 6: 72cf10b3 folded before Flop (didn't bet)


Poker Hand #HD1155364875: Hold'em No Limit  ($0.02/$0.05) - 2023/03/11 12:29:39
Table 'NLHBlue78' 6-max Seat #6 is the button
Seat 1: 1d8cff7e ($5.17 in chips)
Seat 2: 4e857e36 ($8.14 in chips)
Seat 3: 254fc5d1 ($1.33 in chips)
Seat 4: fb3829d2 ($5.37 in chips)
Seat 5: Hero ($5.08 in chips)
Seat 6: 72cf10b3 ($4.93 in chips)
1d8cff7e: posts small blind $0.02
4e857e36: posts big blind $0.05
*** HOLE CARDS ***
Dealt to 1d8cff7e 
Dealt to 4e857e36 
Dealt to 254fc5d1 
Dealt to fb3829d2 
Dealt to Hero [6d Jh]
Dealt to 72cf10b3 
254fc5d1: calls $0.05
fb3829d2: folds
Hero: folds
72cf10b3: folds
1d8cff7e: folds
4e857e36: checks
*** FLOP *** [Td 6h 7s]
4e857e36: checks
254fc5d1: bets $0.12
4e857e36: calls $0.12
*** TURN *** [Td 6h 7s] [Ad]
4e857e36: checks
254fc5d1: bets $0.27
4e857e36: folds
Uncalled bet ($0.27) returned to 254fc5d1
*** SHOWDOWN ***
254fc5d1 collected $0.35 from pot
*** SUMMARY ***
Total pot $0.36 | Rake $0.01 | Jackpot $0 | Bingo $0 | Fortune $0
Board [Td 6h 7s Ad]
Seat 1: 1d8cff7e (small blind) folded before Flop
Seat 2: 4e857e36 (big blind) folded on the Turn
Seat 3: 254fc5d1 won ($0.35)
Seat 4: fb3829d2 folded before Flop (didn't bet)
Seat 5: Hero folded before Flop (didn't bet)
Seat 6: 72cf10b3 (button) folded before Flop (didn't bet)


Poker Hand #HD1155364822: Hold'em No Limit  ($0.02/$0.05) - 2023/03/11 12:29:19
Table 'NLHBlue78' 6-max Seat #5 is the button
Seat 1: 1d8cff7e ($5.22 in chips)
Seat 2: 4e857e36 ($8.14 in chips)
Seat 3: 254fc5d1 ($1.33 in chips)
Seat 4: fb3829d2 ($5.37 in chips)
Seat 5: Hero ($5.01 in chips)
Seat 6: 72cf10b3 ($4.95 in chips)
72cf10b3: posts small blind $0.02
1d8cff7e: posts big blind $0.05
*** HOLE CARDS ***
Dealt to 1d8cff7e 
Dealt to 4e857e36 
Dealt to 254fc5d1 
Dealt to fb3829d2 
Dealt to Hero [Tc 9d]
Dealt to 72cf10b3 
4e857e36: folds
254fc5d1: folds
fb3829d2: folds
Hero: raises $0.07 to $0.12
72cf10b3: folds
1d8cff7e: folds
Uncalled bet ($0.07) returned to Hero
*** SHOWDOWN ***
Hero collected $0.12 from pot
*** SUMMARY ***
Total pot $0.12 | Rake $0 | Jackpot $0 | Bingo $0 | Fortune $0
Seat 1: 1d8cff7e (big blind) folded before Flop
Seat 2: 4e857e36 folded before Flop (didn't bet)
Seat 3: 254fc5d1 folded before Flop (didn't bet)
Seat 4: fb3829d2 folded before Flop (didn't bet)
Seat 5: Hero (button) collected ($0.12)
Seat 6: 72cf10b3 (small blind) folded before Flop


Poker Hand #HD1155364791: Hold'em No Limit  ($0.02/$0.05) - 2023/03/11 12:29:03
Table 'NLHBlue78' 6-max Seat #4 is the button
Seat 1: 1d8cff7e ($5.22 in chips)
Seat 2: 4e857e36 ($8.14 in chips)
Seat 3: 254fc5d1 ($1.26 in chips)
Seat 4: fb3829d2 ($5.37 in chips)
Seat 5: Hero ($5.03 in chips)
Seat 6: 72cf10b3 ($5 in chips)
Hero: posts small blind $0.02
72cf10b3: posts big blind $0.05
*** HOLE CARDS ***
Dealt to 1d8cff7e 
Dealt to 4e857e36 
Dealt to 254fc5d1 
Dealt to fb3829d2 
Dealt to Hero [9h 7s]
Dealt to 72cf10b3 
1d8cff7e: folds
4e857e36: folds
254fc5d1: raises $0.15 to $0.2
fb3829d2: folds
Hero: folds
72cf10b3: folds
Uncalled bet ($0.15) returned to 254fc5d1
*** SHOWDOWN ***
254fc5d1 collected $0.12 from pot
*** SUMMARY ***
Total pot $0.12 | Rake $0 | Jackpot $0 | Bingo $0 | Fortune $0
Seat 1: 1d8cff7e folded before Flop (didn't bet)
Seat 2: 4e857e36 folded before Flop (didn't bet)
Seat 3: 254fc5d1 collected ($0.12)
Seat 4: fb3829d2 (button) folded before Flop (didn't bet)
Seat 5: Hero (small blind) folded before Flop
Seat 6: 72cf10b3 (big blind) folded before Flop


Poker Hand #HD1155364716: Hold'em No Limit  ($0.02/$0.05) - 2023/03/11 12:28:29
Table 'NLHBlue78' 6-max Seat #3 is the button
Seat 1: 1d8cff7e ($5.22 in chips)
Seat 2: 4e857e36 ($7.98 in chips)
Seat 3: 254fc5d1 ($1.36 in chips)
Seat 4: fb3829d2 ($5.39 in chips)
Seat 5: Hero ($5.08 in chips)
Seat 6: 72cf10b3 ($5 in chips)
fb3829d2: posts small blind $0.02
Hero: posts big blind $0.05
*** HOLE CARDS ***
Dealt to 1d8cff7e 
Dealt to 4e857e36 
Dealt to 254fc5d1 
Dealt to fb3829d2 
Dealt to Hero [Tc 4c]
Dealt to 72cf10b3 
72cf10b3: folds
1d8cff7e: folds
4e857e36: raises $0.05 to $0.1
254fc5d1: calls $0.1
fb3829d2: folds
Hero: folds
*** FLOP *** [5s 5h 5c]
4e857e36: bets $0.21
254fc5d1: folds
Uncalled bet ($0.21) returned to 4e857e36
*** SHOWDOWN ***
4e857e36 collected $0.26 from pot
*** SUMMARY ***
Total pot $0.27 | Rake $0.01 | Jackpot $0 | Bingo $0 | Fortune $0
Board [5s 5h 5c]
Seat 1: 1d8cff7e folded before Flop (didn't bet)
Seat 2: 4e857e36 won ($0.26)
Seat 3: 254fc5d1 (button) folded on the Flop
Seat 4: fb3829d2 (small blind) folded before Flop
Seat 5: Hero (big blind) folded before Flop
Seat 6: 72cf10b3 folded before Flop (didn't bet)


Poker Hand #HD1155364698: Hold'em No Limit  ($0.02/$0.05) - 2023/03/11 12:28:19
Table 'NLHBlue78' 6-max Seat #2 is the button
Seat 1: 1d8cff7e ($5.22 in chips)
Seat 2: 4e857e36 ($7.98 in chips)
Seat 3: 254fc5d1 ($1.38 in chips)
Seat 4: fb3829d2 ($5.37 in chips)
Seat 5: Hero ($5.08 in chips)
Seat 6: 72cf10b3 ($5 in chips)
254fc5d1: posts small blind $0.02
fb3829d2: posts big blind $0.05
*** HOLE CARDS ***
Dealt to 1d8cff7e 
Dealt to 4e857e36 
Dealt to 254fc5d1 
Dealt to fb3829d2 
Dealt to Hero [Jh 6s]
Dealt to 72cf10b3 
Hero: folds
72cf10b3: folds
1d8cff7e: folds
4e857e36: folds
254fc5d1: folds
Uncalled bet ($0.03) returned to fb3829d2
*** SHOWDOWN ***
fb3829d2 collected $0.04 from pot
*** SUMMARY ***
Total pot $0.04 | Rake $0 | Jackpot $0 | Bingo $0 | Fortune $0
Seat 1: 1d8cff7e folded before Flop (didn't bet)
Seat 2: 4e857e36 (button) folded before Flop (didn't bet)
Seat 3: 254fc5d1 (small blind) folded before Flop
Seat 4: fb3829d2 (big blind) collected ($0.04)
Seat 5: Hero folded before Flop (didn't bet)
Seat 6: 72cf10b3 folded before Flop (didn't bet)


Poker Hand #HD1155364651: Hold'em No Limit  ($0.02/$0.05) - 2023/03/11 12:28:03
Table 'NLHBlue78' 6-max Seat #1 is the button
Seat 1: 1d8cff7e ($5.22 in chips)
Seat 2: 4e857e36 ($8 in chips)
Seat 3: 254fc5d1 ($1.36 in chips)
Seat 4: fb3829d2 ($5.37 in chips)
Seat 5: Hero ($5.08 in chips)
Seat 6: 72cf10b3 ($5 in chips)
4e857e36: posts small blind $0.02
254fc5d1: posts big blind $0.05
*** HOLE CARDS ***
Dealt to 1d8cff7e 
Dealt to 4e857e36 
Dealt to 254fc5d1 
Dealt to fb3829d2 
Dealt to Hero [5s Kh]
Dealt to 72cf10b3 
fb3829d2: folds
Hero: folds
72cf10b3: folds
1d8cff7e: folds
4e857e36: folds
Uncalled bet ($0.03) returned to 254fc5d1
*** SHOWDOWN ***
254fc5d1 collected $0.04 from pot
*** SUMMARY ***
Total pot $0.04 | Rake $0 | Jackpot $0 | Bingo $0 | Fortune $0
Seat 1: 1d8cff7e (button) folded before Flop (didn't bet)
Seat 2: 4e857e36 (small blind) folded before Flop
Seat 3: 254fc5d1 (big blind) collected ($0.04)
Seat 4: fb3829d2 folded before Flop (didn't bet)
Seat 5: Hero folded before Flop (didn't bet)
Seat 6: 72cf10b3 folded before Flop (didn't bet)


Poker Hand #HD1155364556: Hold'em No Limit  ($0.02/$0.05) - 2023/03/11 12:27:20
Table 'NLHBlue78' 6-max Seat #6 is the button
Seat 1: 1d8cff7e ($5.24 in chips)
Seat 2: 4e857e36 ($8.17 in chips)
Seat 3: 254fc5d1 ($1.18 in chips)
Seat 4: fb3829d2 ($5.37 in chips)
Seat 5: Hero ($5.08 in chips)
Seat 6: 72cf10b3 ($5 in chips)
1d8cff7e: posts small blind $0.02
4e857e36: posts big blind $0.05
*** HOLE CARDS ***
Dealt to 1d8cff7e 
Dealt to 4e857e36 
Dealt to 254fc5d1 
Dealt to fb3829d2 
Dealt to Hero [Kh 2s]
Dealt to 72cf10b3 
254fc5d1: calls $0.05
fb3829d2: folds
Hero: folds
72cf10b3: folds
1d8cff7e: folds
4e857e36: checks
*** FLOP *** [9s Ts Jh]
4e857e36: checks
254fc5d1: bets $0.12
4e857e36: calls $0.12
*** TURN *** [9s Ts Jh] [5s]
4e857e36: checks
254fc5d1: checks
*** RIVER *** [9s Ts Jh 5s] [6s]
4e857e36: checks
254fc5d1: checks
4e857e36: shows [8c 2c] (Jack-High)
254fc5d1: shows [9d Td] (Pair of Tens and Pair of Nines)
*** SHOWDOWN ***
254fc5d1 collected $0.35 from pot
*** SUMMARY ***
Total pot $0.36 | Rake $0.01 | Jackpot $0 | Bingo $0 | Fortune $0
Board [9s Ts Jh 5s 6s]
Seat 1: 1d8cff7e (small blind) folded before Flop
Seat 2: 4e857e36 (big blind) showed [8c 2c] and lost with Jack-High
Seat 3: 254fc5d1 showed [9d Td] and won ($0.35) with Pair of Tens and Pair of Nines
Seat 4: fb3829d2 folded before Flop (didn't bet)
Seat 5: Hero folded before Flop (didn't bet)
Seat 6: 72cf10b3 (button) folded before Flop (didn't bet)


Poker Hand #HD1155364437: Hold'em No Limit  ($0.02/$0.05) - 2023/03/11 12:26:29
Table 'NLHBlue78' 6-max Seat #5 is the button
Seat 1: 1d8cff7e ($5.29 in chips)
Seat 2: 4e857e36 ($8.17 in chips)
Seat 3: 254fc5d1 ($1.11 in chips)
Seat 4: fb3829d2 ($5.37 in chips)
Seat 5: Hero ($5.08 in chips)
Seat 6: 72cf10b3 ($5.02 in chips)
72cf10b3: posts small blind $0.02
1d8cff7e: posts big blind $0.05
*** HOLE CARDS ***
Dealt to 1d8cff7e 
Dealt to 4e857e36 
Dealt to 254fc5d1 
Dealt to fb3829d2 
Dealt to Hero [Jd 8h]
Dealt to 72cf10b3 
4e857e36: folds
254fc5d1: calls $0.05
fb3829d2: folds
Hero: folds
72cf10b3: folds
1d8cff7e: checks
*** FLOP *** [5d Qs 8c]
1d8cff7e: checks
254fc5d1: checks
*** TURN *** [5d Qs 8c] [7c]
1d8cff7e: checks
254fc5d1: checks
*** RIVER *** [5d Qs 8c 7c] [7h]
1d8cff7e: checks
254fc5d1: checks
1d8cff7e: shows [2c Ks] (Pair of Sevens)
254fc5d1: shows [Th Kc] (Pair of Sevens)
*** SHOWDOWN ***
254fc5d1 collected $0.12 from pot
*** SUMMARY ***
Total pot $0.12 | Rake $0 | Jackpot $0 | Bingo $0 | Fortune $0
Board [5d Qs 8c 7c 7h]
Seat 1: 1d8cff7e (big blind) showed [2c Ks] and lost with Pair of Sevens
Seat 2: 4e857e36 folded before Flop (didn't bet)
Seat 3: 254fc5d1 showed [Th Kc] and won ($0.12) with Pair of Sevens
Seat 4: fb3829d2 folded before Flop (didn't bet)
Seat 5: Hero (button) folded before Flop (didn't bet)
Seat 6: 72cf10b3 (small blind) folded before Flop


Poker Hand #HD1155364412: Hold'em No Limit  ($0.02/$0.05) - 2023/03/11 12:26:19
Table 'NLHBlue78' 6-max Seat #4 is the button
Seat 1: 1d8cff7e ($5.29 in chips)
Seat 2: 4e857e36 ($8.17 in chips)
Seat 4: fb3829d2 ($5.37 in chips)
Seat 5: Hero ($5.1 in chips)
Seat 6: 72cf10b3 ($5 in chips)
Hero: posts small blind $0.02
72cf10b3: posts big blind $0.05
*** HOLE CARDS ***
Dealt to 1d8cff7e 
Dealt to 4e857e36 
Dealt to fb3829d2 
Dealt to Hero [9h 5d]
Dealt to 72cf10b3 
1d8cff7e: folds
4e857e36: folds
fb3829d2: folds
Hero: folds
Uncalled bet ($0.03) returned to 72cf10b3
*** SHOWDOWN ***
72cf10b3 collected $0.04 from pot
*** SUMMARY ***
Total pot $0.04 | Rake $0 | Jackpot $0 | Bingo $0 | Fortune $0
Seat 1: 1d8cff7e folded before Flop (didn't bet)
Seat 2: 4e857e36 folded before Flop (didn't bet)
Seat 4: fb3829d2 (button) folded before Flop (didn't bet)
Seat 5: Hero (small blind) folded before Flop
Seat 6: 72cf10b3 (big blind) collected ($0.04)


Poker Hand #HD1155364262: Hold'em No Limit  ($0.02/$0.05) - 2023/03/11 12:25:13
Table 'NLHBlue78' 6-max Seat #2 is the button
Seat 1: 1d8cff7e ($5.29 in chips)
Seat 2: 4e857e36 ($7.46 in chips)
Seat 3: 254fc5d1 ($0.78 in chips)
Seat 4: fb3829d2 ($5.42 in chips)
Seat 5: Hero ($5.1 in chips)
254fc5d1: posts small blind $0.02
fb3829d2: posts big blind $0.05
*** HOLE CARDS ***
Dealt to 1d8cff7e 
Dealt to 4e857e36 
Dealt to 254fc5d1 
Dealt to fb3829d2 
Dealt to Hero [Kc 2h]
Hero: folds
1d8cff7e: folds
4e857e36: raises $0.05 to $0.1
254fc5d1: calls $0.08
fb3829d2: folds
*** FLOP *** [4s Jh Kh]
254fc5d1: checks
4e857e36: bets $0.19
254fc5d1: calls $0.19
*** TURN *** [4s Jh Kh] [Ts]
254fc5d1: checks
4e857e36: bets $0.95
254fc5d1: calls $0.49 and is all-in
Uncalled bet ($0.46) returned to 4e857e36
4e857e36: shows [Ks 5s] (Pair of Kings)
254fc5d1: shows [Jc Qs] (Pair of Jacks)
*** RIVER *** [4s Jh Kh Ts] [Kd]
*** SHOWDOWN ***
4e857e36 collected $1.49 from pot
*** SUMMARY ***
Total pot $1.61 | Rake $0.07 | Jackpot $0.05 | Bingo $0 | Fortune $0
Board [4s Jh Kh Ts Kd]
Seat 1: 1d8cff7e folded before Flop (didn't bet)
Seat 2: 4e857e36 (button) showed [Ks 5s] and won ($1.49) with Three Kings
Seat 3: 254fc5d1 (small blind) showed [Jc Qs] and lost with Pair of Kings and Pair of Jacks
Seat 4: fb3829d2 (big blind) folded before Flop
Seat 5: Hero folded before Flop (didn't bet)


Poker Hand #HD1155364209: Hold'em No Limit  ($0.02/$0.05) - 2023/03/11 12:24:50
Table 'NLHBlue78' 6-max Seat #1 is the button
Seat 1: 1d8cff7e ($5.29 in chips)
Seat 2: 4e857e36 ($7.48 in chips)
Seat 3: 254fc5d1 ($0.83 in chips)
Seat 4: fb3829d2 ($5.42 in chips)
Seat 5: Hero ($5.03 in chips)
4e857e36: posts small blind $0.02
254fc5d1: posts big blind $0.05
*** HOLE CARDS ***
Dealt to 1d8cff7e 
Dealt to 4e857e36 
Dealt to 254fc5d1 
Dealt to fb3829d2 
Dealt to Hero [9c 9h]
fb3829d2: folds
Hero: raises $0.07 to $0.12
1d8cff7e: folds
4e857e36: folds
254fc5d1: folds
Uncalled bet ($0.07) returned to Hero
*** SHOWDOWN ***
Hero collected $0.12 from pot
*** SUMMARY ***
Total pot $0.12 | Rake $0 | Jackpot $0 | Bingo $0 | Fortune $0
Seat 1: 1d8cff7e (button) folded before Flop (didn't bet)
Seat 2: 4e857e36 (small blind) folded before Flop
Seat 3: 254fc5d1 (big blind) folded before Flop
Seat 4: fb3829d2 folded before Flop (didn't bet)
Seat 5: Hero collected ($0.12)


Poker Hand #HD1155364170: Hold'em No Limit  ($0.02/$0.05) - 2023/03/11 12:24:33
Table 'NLHBlue78' 6-max Seat #5 is the button
Seat 1: 1d8cff7e ($5.31 in chips)
Seat 2: 4e857e36 ($7.53 in chips)
Seat 3: 254fc5d1 ($0.76 in chips)
Seat 4: fb3829d2 ($5.42 in chips)
Seat 5: Hero ($5.03 in chips)
1d8cff7e: posts small blind $0.02
4e857e36: posts big blind $0.05
*** HOLE CARDS ***
Dealt to 1d8cff7e 
Dealt to 4e857e36 
Dealt to 254fc5d1 
Dealt to fb3829d2 
Dealt to Hero [6s Kd]
254fc5d1: raises $0.15 to $0.2
fb3829d2: folds
Hero: folds
1d8cff7e: folds
4e857e36: folds
Uncalled bet ($0.15) returned to 254fc5d1
*** SHOWDOWN ***
254fc5d1 collected $0.12 from pot
*** SUMMARY ***
Total pot $0.12 | Rake $0 | Jackpot $0 | Bingo $0 | Fortune $0
Seat 1: 1d8cff7e (small blind) folded before Flop
Seat 2: 4e857e36 (big blind) folded before Flop
Seat 3: 254fc5d1 collected ($0.12)
Seat 4: fb3829d2 folded before Flop (didn't bet)
Seat 5: Hero (button) folded before Flop (didn't bet)


Poker Hand #HD1155364144: Hold'em No Limit  ($0.02/$0.05) - 2023/03/11 12:24:21
Table 'NLHBlue78' 6-max Seat #4 is the button
Seat 1: 1d8cff7e ($5.24 in chips)
Seat 2: 4e857e36 ($7.53 in chips)
Seat 3: 254fc5d1 ($0.76 in chips)
Seat 4: fb3829d2 ($5.42 in chips)
Seat 5: Hero ($5.05 in chips)
Seat 6: 15c2d97a ($5.17 in chips)
Hero: posts small blind $0.02
15c2d97a: posts big blind $0.05
*** HOLE CARDS ***
Dealt to 1d8cff7e 
Dealt to 4e857e36 
Dealt to 254fc5d1 
Dealt to fb3829d2 
Dealt to Hero [3c Ts]
Dealt to 15c2d97a 
1d8cff7e: raises $0.08 to $0.13
4e857e36: folds
254fc5d1: folds
fb3829d2: folds
Hero: folds
15c2d97a: folds
Uncalled bet ($0.08) returned to 1d8cff7e
*** SHOWDOWN ***
1d8cff7e collected $0.12 from pot
*** SUMMARY ***
Total pot $0.12 | Rake $0 | Jackpot $0 | Bingo $0 | Fortune $0
Seat 1: 1d8cff7e collected ($0.12)
Seat 2: 4e857e36 folded before Flop (didn't bet)
Seat 3: 254fc5d1 folded before Flop (didn't bet)
Seat 4: fb3829d2 (button) folded before Flop (didn't bet)
Seat 5: Hero (small blind) folded before Flop
Seat 6: 15c2d97a (big blind) folded before Flop


Poker Hand #HD1155364112: Hold'em No Limit  ($0.02/$0.05) - 2023/03/11 12:24:09
Table 'NLHBlue78' 6-max Seat #3 is the button
Seat 1: 1d8cff7e ($5.24 in chips)
Seat 2: 4e857e36 ($7.53 in chips)
Seat 3: 254fc5d1 ($0.76 in chips)
Seat 4: fb3829d2 ($5.44 in chips)
Seat 5: Hero ($5.03 in chips)
Seat 6: 15c2d97a ($5.17 in chips)
fb3829d2: posts small blind $0.02
Hero: posts big blind $0.05
*** HOLE CARDS ***
Dealt to 1d8cff7e 
Dealt to 4e857e36 
Dealt to 254fc5d1 
Dealt to fb3829d2 
Dealt to Hero [Ks 8h]
Dealt to 15c2d97a 
15c2d97a: folds
1d8cff7e: folds
4e857e36: folds
254fc5d1: folds
fb3829d2: folds
Uncalled bet ($0.03) returned to Hero
*** SHOWDOWN ***
Hero collected $0.04 from pot
*** SUMMARY ***
Total pot $0.04 | Rake $0 | Jackpot $0 | Bingo $0 | Fortune $0
Seat 1: 1d8cff7e folded before Flop (didn't bet)
Seat 2: 4e857e36 folded before Flop (didn't bet)
Seat 3: 254fc5d1 (button) folded before Flop (didn't bet)
Seat 4: fb3829d2 (small blind) folded before Flop
Seat 5: Hero (big blind) collected ($0.04)
Seat 6: 15c2d97a folded before Flop (didn't bet)


Poker Hand #HD1155363993: Hold'em No Limit  ($0.02/$0.05) - 2023/03/11 12:23:19
Table 'NLHBlue78' 6-max Seat #2 is the button
Seat 1: 1d8cff7e ($5.24 in chips)
Seat 2: 4e857e36 ($7.53 in chips)
Seat 3: 254fc5d1 ($0.81 in chips)
Seat 4: fb3829d2 ($5.39 in chips)
Seat 5: Hero ($5.03 in chips)
Seat 6: 15c2d97a ($5.17 in chips)
254fc5d1: posts small blind $0.02
fb3829d2: posts big blind $0.05
*** HOLE CARDS ***
Dealt to 1d8cff7e 
Dealt to 4e857e36 
Dealt to 254fc5d1 
Dealt to fb3829d2 
Dealt to Hero [7c Kh]
Dealt to 15c2d97a 
Hero: folds
15c2d97a: folds
1d8cff7e: folds
4e857e36: folds
254fc5d1: calls $0.03
fb3829d2: checks
*** FLOP *** [8d Js 8h]
254fc5d1: checks
fb3829d2: checks
*** TURN *** [8d Js 8h] [Qd]
254fc5d1: checks
fb3829d2: checks
*** RIVER *** [8d Js 8h Qd] [Qc]
254fc5d1: checks
fb3829d2: checks
254fc5d1: shows [7d 7h] (Pair of Queens and Pair of Eights)
fb3829d2: shows [Ac 3d] (Pair of Queens and Pair of Eights)
*** SHOWDOWN ***
fb3829d2 collected $0.1 from pot
*** SUMMARY ***
Total pot $0.1 | Rake $0 | Jackpot $0 | Bingo $0 | Fortune $0
Board [8d Js 8h Qd Qc]
Seat 1: 1d8cff7e folded before Flop (didn't bet)
Seat 2: 4e857e36 (button) folded before Flop (didn't bet)
Seat 3: 254fc5d1 (small blind) showed [7d 7h] and lost with Pair of Queens and Pair of Eights
Seat 4: fb3829d2 (big blind) showed [Ac 3d] and won ($0.1) with Pair of Queens and Pair of Eights
Seat 5: Hero folded before Flop (didn't bet)
Seat 6: 15c2d97a folded before Flop (didn't bet)


Poker Hand #HD1155363937: Hold'em No Limit  ($0.02/$0.05) - 2023/03/11 12:22:54
Table 'NLHBlue78' 6-max Seat #1 is the button
Seat 1: 1d8cff7e ($5.24 in chips)
Seat 2: 4e857e36 ($7.48 in chips)
Seat 3: 254fc5d1 ($0.86 in chips)
Seat 4: fb3829d2 ($5.39 in chips)
Seat 5: Hero ($5.03 in chips)
Seat 6: 15c2d97a ($5.17 in chips)
4e857e36: posts small blind $0.02
254fc5d1: posts big blind $0.05
*** HOLE CARDS ***
Dealt to 1d8cff7e 
Dealt to 4e857e36 
Dealt to 254fc5d1 
Dealt to fb3829d2 
Dealt to Hero [2c Kd]
Dealt to 15c2d97a 
fb3829d2: folds
Hero: folds
15c2d97a: folds
1d8cff7e: folds
4e857e36: raises $0.1 to $0.15
254fc5d1: folds
Uncalled bet ($0.1) returned to 4e857e36
*** SHOWDOWN ***
4e857e36 collected $0.1 from pot
*** SUMMARY ***
Total pot $0.1 | Rake $0 | Jackpot $0 | Bingo $0 | Fortune $0
Seat 1: 1d8cff7e (button) folded before Flop (didn't bet)
Seat 2: 4e857e36 (small blind) collected ($0.1)
Seat 3: 254fc5d1 (big blind) folded before Flop
Seat 4: fb3829d2 folded before Flop (didn't bet)
Seat 5: Hero folded before Flop (didn't bet)
Seat 6: 15c2d97a folded before Flop (didn't bet)


Poker Hand #HD1155363804: Hold'em No Limit  ($0.02/$0.05) - 2023/03/11 12:21:50
Table 'NLHBlue78' 6-max Seat #6 is the button
Seat 1: 1d8cff7e ($5.26 in chips)
Seat 2: 4e857e36 ($7.41 in chips)
Seat 3: 254fc5d1 ($0.91 in chips)
Seat 4: fb3829d2 ($5.39 in chips)
Seat 5: Hero ($5.03 in chips)
Seat 6: 15c2d97a ($5.17 in chips)
1d8cff7e: posts small blind $0.02
4e857e36: posts big blind $0.05
*** HOLE CARDS ***
Dealt to 1d8cff7e 
Dealt to 4e857e36 
Dealt to 254fc5d1 
Dealt to fb3829d2 
Dealt to Hero [Js Qd]
Dealt to 15c2d97a 
254fc5d1: calls $0.05
fb3829d2: folds
Hero: folds
15c2d97a: folds
1d8cff7e: folds
4e857e36: checks
*** FLOP *** [5d 9d Kh]
4e857e36: checks
254fc5d1: checks
*** TURN *** [5d 9d Kh] [4d]
4e857e36: checks
254fc5d1: checks
*** RIVER *** [5d 9d Kh 4d] [2s]
4e857e36: checks
254fc5d1: checks
4e857e36: shows [8c 9s] (Pair of Nines)
254fc5d1: shows [Ad 7s] (Ace-High)
*** SHOWDOWN ***
4e857e36 collected $0.12 from pot
*** SUMMARY ***
Total pot $0.12 | Rake $0 | Jackpot $0 | Bingo $0 | Fortune $0
Board [5d 9d Kh 4d 2s]
Seat 1: 1d8cff7e (small blind) folded before Flop
Seat 2: 4e857e36 (big blind) showed [8c 9s] and won ($0.12) with Pair of Nines
Seat 3: 254fc5d1 showed [Ad 7s] and lost with Ace-High
Seat 4: fb3829d2 folded before Flop (didn't bet)
Seat 5: Hero folded before Flop (didn't bet)
Seat 6: 15c2d97a (button) folded before Flop (didn't bet)


Poker Hand #HD1155363775: Hold'em No Limit  ($0.02/$0.05) - 2023/03/11 12:21:38
Table 'NLHBlue78' 6-max Seat #5 is the button
Seat 1: 1d8cff7e ($5.24 in chips)
Seat 2: 4e857e36 ($7.41 in chips)
Seat 3: 254fc5d1 ($0.91 in chips)
Seat 4: fb3829d2 ($5.39 in chips)
Seat 5: Hero ($5.03 in chips)
Seat 6: 15c2d97a ($5.19 in chips)
15c2d97a: posts small blind $0.02
1d8cff7e: posts big blind $0.05
*** HOLE CARDS ***
Dealt to 1d8cff7e 
Dealt to 4e857e36 
Dealt to 254fc5d1 
Dealt to fb3829d2 
Dealt to Hero [6c Th]
Dealt to 15c2d97a 
4e857e36: folds
254fc5d1: folds
fb3829d2: folds
Hero: folds
15c2d97a: folds
Uncalled bet ($0.03) returned to 1d8cff7e
*** SHOWDOWN ***
1d8cff7e collected $0.04 from pot
*** SUMMARY ***
Total pot $0.04 | Rake $0 | Jackpot $0 | Bingo $0 | Fortune $0
Seat 1: 1d8cff7e (big blind) collected ($0.04)
Seat 2: 4e857e36 folded before Flop (didn't bet)
Seat 3: 254fc5d1 folded before Flop (didn't bet)
Seat 4: fb3829d2 folded before Flop (didn't bet)
Seat 5: Hero (button) folded before Flop (didn't bet)
Seat 6: 15c2d97a (small blind) folded before Flop


Poker Hand #HD1155363707: Hold'em No Limit  ($0.02/$0.05) - 2023/03/11 12:21:08
Table 'NLHBlue78' 6-max Seat #4 is the button
Seat 1: 1d8cff7e ($5.24 in chips)
Seat 2: 4e857e36 ($7.41 in chips)
Seat 3: 254fc5d1 ($0.96 in chips)
Seat 4: fb3829d2 ($5.39 in chips)
Seat 5: Hero ($5.05 in chips)
Seat 6: 15c2d97a ($5.12 in chips)
Hero: posts small blind $0.02
15c2d97a: posts big blind $0.05
*** HOLE CARDS ***
Dealt to 1d8cff7e 
Dealt to 4e857e36 
Dealt to 254fc5d1 
Dealt to fb3829d2 
Dealt to Hero [Qd Th]
Dealt to 15c2d97a 
1d8cff7e: folds
4e857e36: folds
254fc5d1: calls $0.05
fb3829d2: folds
Hero: folds
15c2d97a: raises $0.15 to $0.2
254fc5d1: folds
Uncalled bet ($0.15) returned to 15c2d97a
*** SHOWDOWN ***
15c2d97a collected $0.12 from pot
*** SUMMARY ***
Total pot $0.12 | Rake $0 | Jackpot $0 | Bingo $0 | Fortune $0
Seat 1: 1d8cff7e folded before Flop (didn't bet)
Seat 2: 4e857e36 folded before Flop (didn't bet)
Seat 3: 254fc5d1 folded before Flop
Seat 4: fb3829d2 (button) folded before Flop (didn't bet)
Seat 5: Hero (small blind) folded before Flop
Seat 6: 15c2d97a (big blind) collected ($0.12)


Poker Hand #HD1155363647: Hold'em No Limit  ($0.02/$0.05) - 2023/03/11 12:20:39
Table 'NLHBlue78' 6-max Seat #3 is the button
Seat 1: 1d8cff7e ($5.24 in chips)
Seat 2: 4e857e36 ($7.41 in chips)
Seat 3: 254fc5d1 ($0.89 in chips)
Seat 4: fb3829d2 ($5.41 in chips)
Seat 5: Hero ($5 in chips)
Seat 6: 15c2d97a ($5.12 in chips)
fb3829d2: posts small blind $0.02
Hero: posts big blind $0.05
*** HOLE CARDS ***
Dealt to 1d8cff7e 
Dealt to 4e857e36 
Dealt to 254fc5d1 
Dealt to fb3829d2 
Dealt to Hero [6c 8h]
Dealt to 15c2d97a 
15c2d97a: folds
1d8cff7e: folds
4e857e36: folds
254fc5d1: calls $0.05
fb3829d2: folds
Hero: checks
*** FLOP *** [2c Jh As]
Hero: checks
254fc5d1: bets $0.12
Hero: folds
Uncalled bet ($0.12) returned to 254fc5d1
*** SHOWDOWN ***
254fc5d1 collected $0.12 from pot
*** SUMMARY ***
Total pot $0.12 | Rake $0 | Jackpot $0 | Bingo $0 | Fortune $0
Board [2c Jh As]
Seat 1: 1d8cff7e folded before Flop (didn't bet)
Seat 2: 4e857e36 folded before Flop (didn't bet)
Seat 3: 254fc5d1 (button) won ($0.12)
Seat 4: fb3829d2 (small blind) folded before Flop
Seat 5: Hero (big blind) folded on the Flop
Seat 6: 15c2d97a folded before Flop (didn't bet)


