Poker Hand #HD1189726996: Hold'em No Limit  ($0.02/$0.05) - 2023/04/04 20:40:46
Table 'NLHBlue28' 6-max Seat #5 is the button
Seat 1: 3ced59f9 ($7.49 in chips)
Seat 2: Hero ($5.07 in chips)
Seat 3: c1e81f04 ($6.56 in chips)
Seat 4: afaecc88 ($6.62 in chips)
Seat 5: 5eee0f29 ($7.44 in chips)
Seat 6: 913f9879 ($5.05 in chips)
913f9879: posts small blind $0.02
3ced59f9: posts big blind $0.05
*** HOLE CARDS ***
Dealt to 3ced59f9 
Dealt to Hero [Ks 4c]
Dealt to c1e81f04 
Dealt to afaecc88 
Dealt to 5eee0f29 
Dealt to 913f9879 
Hero: folds
c1e81f04: folds
afaecc88: raises $0.1 to $0.15
5eee0f29: folds
913f9879: folds
3ced59f9: folds
Uncalled bet ($0.1) returned to afaecc88
*** SHOWDOWN ***
afaecc88 collected $0.12 from pot
*** SUMMARY ***
Total pot $0.12 | Rake $0 | Jackpot $0 | Bingo $0 | Fortune $0
Seat 1: 3ced59f9 (big blind) folded before Flop
Seat 2: Hero folded before Flop (didn't bet)
Seat 3: c1e81f04 folded before Flop (didn't bet)
Seat 4: afaecc88 collected ($0.12)
Seat 5: 5eee0f29 (button) folded before Flop (didn't bet)
Seat 6: 913f9879 (small blind) folded before Flop


Poker Hand #HD1189726948: Hold'em No Limit  ($0.02/$0.05) - 2023/04/04 20:40:23
Table 'NLHBlue28' 6-max Seat #4 is the button
Seat 1: 3ced59f9 ($7.49 in chips)
Seat 2: Hero ($5 in chips)
Seat 3: c1e81f04 ($6.56 in chips)
Seat 4: afaecc88 ($6.62 in chips)
Seat 5: 5eee0f29 ($7.46 in chips)
Seat 6: 913f9879 ($5.1 in chips)
5eee0f29: posts small blind $0.02
913f9879: posts big blind $0.05
*** HOLE CARDS ***
Dealt to 3ced59f9 
Dealt to Hero [7c 6c]
Dealt to c1e81f04 
Dealt to afaecc88 
Dealt to 5eee0f29 
Dealt to 913f9879 
3ced59f9: folds
Hero: raises $0.07 to $0.12
c1e81f04: folds
afaecc88: folds
5eee0f29: folds
913f9879: folds
Uncalled bet ($0.07) returned to Hero
*** SHOWDOWN ***
Hero collected $0.12 from pot
*** SUMMARY ***
Total pot $0.12 | Rake $0 | Jackpot $0 | Bingo $0 | Fortune $0
Seat 1: 3ced59f9 folded before Flop (didn't bet)
Seat 2: Hero collected ($0.12)
Seat 3: c1e81f04 folded before Flop (didn't bet)
Seat 4: afaecc88 (button) folded before Flop (didn't bet)
Seat 5: 5eee0f29 (small blind) folded before Flop
Seat 6: 913f9879 (big blind) folded before Flop


Poker Hand #HD1189726814: Hold'em No Limit  ($0.02/$0.05) - 2023/04/04 20:39:08
Table 'NLHBlue28' 6-max Seat #3 is the button
Seat 1: 3ced59f9 ($7.49 in chips)
Seat 2: Hero ($5 in chips)
Seat 3: c1e81f04 ($6.56 in chips)
Seat 4: afaecc88 ($6.67 in chips)
Seat 5: 5eee0f29 ($7.51 in chips)
Seat 6: 913f9879 ($5 in chips)
afaecc88: posts small blind $0.02
5eee0f29: posts big blind $0.05
*** HOLE CARDS ***
Dealt to 3ced59f9 
Dealt to Hero [8c Kd]
Dealt to c1e81f04 
Dealt to afaecc88 
Dealt to 5eee0f29 
Dealt to 913f9879 
913f9879: calls $0.05
3ced59f9: folds
Hero: folds
c1e81f04: folds
afaecc88: calls $0.03
5eee0f29: checks
*** FLOP *** [4d 3h 4s]
afaecc88: checks
5eee0f29: checks
913f9879: checks
*** TURN *** [4d 3h 4s] [8h]
afaecc88: checks
5eee0f29: checks
913f9879: checks
*** RIVER *** [4d 3h 4s 8h] [Kh]
afaecc88: checks
5eee0f29: checks
913f9879: checks
afaecc88: shows [Qh 9s] (Pair of Fours)
5eee0f29: shows [9d 6d] (Pair of Fours)
913f9879: shows [Ah 7c] (Pair of Fours)
*** SHOWDOWN ***
913f9879 collected $0.15 from pot
*** SUMMARY ***
Total pot $0.15 | Rake $0 | Jackpot $0 | Bingo $0 | Fortune $0
Board [4d 3h 4s 8h Kh]
Seat 1: 3ced59f9 folded before Flop (didn't bet)
Seat 2: Hero folded before Flop (didn't bet)
Seat 3: c1e81f04 (button) folded before Flop (didn't bet)
Seat 4: afaecc88 (small blind) showed [Qh 9s] and lost with Pair of Fours
Seat 5: 5eee0f29 (big blind) showed [9d 6d] and lost with Pair of Fours
Seat 6: 913f9879 showed [Ah 7c] and won ($0.15) with Pair of Fours


Poker Hand #HD1189726666: Hold'em No Limit  ($0.02/$0.05) - 2023/04/04 20:37:48
Table 'NLHBlue28' 6-max Seat #2 is the button
Seat 1: 3ced59f9 ($5.05 in chips)
Seat 2: Hero ($5 in chips)
Seat 3: c1e81f04 ($6.58 in chips)
Seat 4: afaecc88 ($6.72 in chips)
Seat 5: 5eee0f29 ($7.51 in chips)
Seat 6: 913f9879 ($4.87 in chips)
c1e81f04: posts small blind $0.02
afaecc88: posts big blind $0.05
*** HOLE CARDS ***
Dealt to 3ced59f9 
Dealt to Hero [7c 5h]
Dealt to c1e81f04 
Dealt to afaecc88 
Dealt to 5eee0f29 
Dealt to 913f9879 
5eee0f29: folds
913f9879: raises $0.05 to $0.1
3ced59f9: raises $0.27 to $0.37
Hero: folds
c1e81f04: folds
afaecc88: folds
913f9879: calls $0.27
*** FLOP *** [3d 8d 6d]
913f9879: bets $0.41
3ced59f9: calls $0.41
*** TURN *** [3d 8d 6d] [Kd]
913f9879: checks
3ced59f9: bets $0.54
913f9879: calls $0.54
*** RIVER *** [3d 8d 6d Kd] [Jc]
913f9879: checks
3ced59f9: bets $1.36
913f9879: calls $1.36
3ced59f9: shows [Ad Kh] (Ace High Flush)
913f9879: shows [9d 9h] (King High Flush)
*** SHOWDOWN ***
3ced59f9 collected $5.12 from pot
*** SUMMARY ***
Total pot $5.43 | Rake $0.26 | Jackpot $0.05 | Bingo $0 | Fortune $0
Board [3d 8d 6d Kd Jc]
Seat 1: 3ced59f9 showed [Ad Kh] and won ($5.12) with Ace High Flush
Seat 2: Hero (button) folded before Flop (didn't bet)
Seat 3: c1e81f04 (small blind) folded before Flop
Seat 4: afaecc88 (big blind) folded before Flop
Seat 5: 5eee0f29 folded before Flop (didn't bet)
Seat 6: 913f9879 showed [9d 9h] and lost with King High Flush


Poker Hand #HD1189726637: Hold'em No Limit  ($0.02/$0.05) - 2023/04/04 20:37:31
Table 'NLHBlue28' 6-max Seat #1 is the button
Seat 1: 3ced59f9 ($5.05 in chips)
Seat 2: Hero ($5 in chips)
Seat 3: c1e81f04 ($6.63 in chips)
Seat 4: afaecc88 ($6.65 in chips)
Seat 5: 5eee0f29 ($7.51 in chips)
Seat 6: 913f9879 ($4.87 in chips)
Hero: posts small blind $0.02
c1e81f04: posts big blind $0.05
*** HOLE CARDS ***
Dealt to 3ced59f9 
Dealt to Hero [Kd 6h]
Dealt to c1e81f04 
Dealt to afaecc88 
Dealt to 5eee0f29 
Dealt to 913f9879 
afaecc88: raises $0.15 to $0.2
5eee0f29: folds
913f9879: folds
3ced59f9: folds
Hero: folds
c1e81f04: folds
Uncalled bet ($0.15) returned to afaecc88
*** SHOWDOWN ***
afaecc88 collected $0.12 from pot
*** SUMMARY ***
Total pot $0.12 | Rake $0 | Jackpot $0 | Bingo $0 | Fortune $0
Seat 1: 3ced59f9 (button) folded before Flop (didn't bet)
Seat 2: Hero (small blind) folded before Flop
Seat 3: c1e81f04 (big blind) folded before Flop
Seat 4: afaecc88 collected ($0.12)
Seat 5: 5eee0f29 folded before Flop (didn't bet)
Seat 6: 913f9879 folded before Flop (didn't bet)


Poker Hand #HD1189726577: Hold'em No Limit  ($0.02/$0.05) - 2023/04/04 20:37:01
Table 'NLHBlue28' 6-max Seat #6 is the button
Seat 1: 3ced59f9 ($5 in chips)
Seat 2: Hero ($5 in chips)
Seat 3: c1e81f04 ($6.63 in chips)
Seat 4: afaecc88 ($6.65 in chips)
Seat 5: 5eee0f29 ($7.51 in chips)
Seat 6: 913f9879 ($4.87 in chips)
3ced59f9: posts small blind $0.02
Hero: posts big blind $0.05
*** HOLE CARDS ***
Dealt to 3ced59f9 
Dealt to Hero [Qd 3c]
Dealt to c1e81f04 
Dealt to afaecc88 
Dealt to 5eee0f29 
Dealt to 913f9879 
c1e81f04: folds
afaecc88: folds
5eee0f29: folds
913f9879: folds
3ced59f9: calls $0.03
Hero: checks
*** FLOP *** [Ac 7d 4h]
3ced59f9: bets $0.05
Hero: folds
Uncalled bet ($0.05) returned to 3ced59f9
*** SHOWDOWN ***
3ced59f9 collected $0.1 from pot
*** SUMMARY ***
Total pot $0.1 | Rake $0 | Jackpot $0 | Bingo $0 | Fortune $0
Board [Ac 7d 4h]
Seat 1: 3ced59f9 (small blind) won ($0.1)
Seat 2: Hero (big blind) folded on the Flop
Seat 3: c1e81f04 folded before Flop (didn't bet)
Seat 4: afaecc88 folded before Flop (didn't bet)
Seat 5: 5eee0f29 folded before Flop (didn't bet)
Seat 6: 913f9879 (button) folded before Flop (didn't bet)


Poker Hand #HD1189726500: Hold'em No Limit  ($0.02/$0.05) - 2023/04/04 20:36:15
Table 'NLHBlue28' 6-max Seat #5 is the button
Seat 1: 3ced59f9 ($5 in chips)
Seat 2: Hero ($5 in chips)
Seat 3: c1e81f04 ($6.63 in chips)
Seat 4: afaecc88 ($6.65 in chips)
Seat 5: 5eee0f29 ($7.51 in chips)
Seat 6: 913f9879 ($4.82 in chips)
913f9879: posts small blind $0.02
3ced59f9: posts big blind $0.05
*** HOLE CARDS ***
Dealt to 3ced59f9 
Dealt to Hero [Ts 6d]
Dealt to c1e81f04 
Dealt to afaecc88 
Dealt to 5eee0f29 
Dealt to 913f9879 
Hero: folds
c1e81f04: folds
afaecc88: folds
5eee0f29: folds
913f9879: raises $0.05 to $0.1
3ced59f9: folds
Uncalled bet ($0.05) returned to 913f9879
*** SHOWDOWN ***
913f9879 collected $0.1 from pot
*** SUMMARY ***
Total pot $0.1 | Rake $0 | Jackpot $0 | Bingo $0 | Fortune $0
Seat 1: 3ced59f9 (big blind) folded before Flop
Seat 2: Hero folded before Flop (didn't bet)
Seat 3: c1e81f04 folded before Flop (didn't bet)
Seat 4: afaecc88 folded before Flop (didn't bet)
Seat 5: 5eee0f29 (button) folded before Flop (didn't bet)
Seat 6: 913f9879 (small blind) collected ($0.1)


Poker Hand #HD1189726354: Hold'em No Limit  ($0.02/$0.05) - 2023/04/04 20:34:58
Table 'NLHBlue28' 6-max Seat #4 is the button
Seat 1: 3ced59f9 ($5 in chips)
Seat 2: Hero ($5 in chips)
Seat 3: c1e81f04 ($6.44 in chips)
Seat 4: afaecc88 ($6.65 in chips)
Seat 5: 5eee0f29 ($7.53 in chips)
Seat 6: 913f9879 ($5 in chips)
5eee0f29: posts small blind $0.02
913f9879: posts big blind $0.05
*** HOLE CARDS ***
Dealt to 3ced59f9 
Dealt to Hero [4c As]
Dealt to c1e81f04 
Dealt to afaecc88 
Dealt to 5eee0f29 
Dealt to 913f9879 
3ced59f9: folds
Hero: folds
c1e81f04: raises $0.05 to $0.1
afaecc88: folds
5eee0f29: folds
913f9879: calls $0.05
*** FLOP *** [9h 2d 9d]
913f9879: bets $0.08
c1e81f04: calls $0.08
*** TURN *** [9h 2d 9d] [Ah]
913f9879: checks
c1e81f04: checks
*** RIVER *** [9h 2d 9d Ah] [5s]
913f9879: checks
c1e81f04: bets $0.25
913f9879: folds
Uncalled bet ($0.25) returned to c1e81f04
*** SHOWDOWN ***
c1e81f04 collected $0.37 from pot
*** SUMMARY ***
Total pot $0.38 | Rake $0.01 | Jackpot $0 | Bingo $0 | Fortune $0
Board [9h 2d 9d Ah 5s]
Seat 1: 3ced59f9 folded before Flop (didn't bet)
Seat 2: Hero folded before Flop (didn't bet)
Seat 3: c1e81f04 won ($0.37)
Seat 4: afaecc88 (button) folded before Flop (didn't bet)
Seat 5: 5eee0f29 (small blind) folded before Flop
Seat 6: 913f9879 (big blind) folded on the River


Poker Hand #HD1189726323: Hold'em No Limit  ($0.02/$0.05) - 2023/04/04 20:34:45
Table 'NLHBlue28' 6-max Seat #3 is the button
Seat 1: 3ced59f9 ($5 in chips)
Seat 2: Hero ($5 in chips)
Seat 3: c1e81f04 ($6.44 in chips)
Seat 4: afaecc88 ($6.67 in chips)
Seat 5: 5eee0f29 ($7.51 in chips)
Seat 6: 913f9879 ($5 in chips)
afaecc88: posts small blind $0.02
5eee0f29: posts big blind $0.05
*** HOLE CARDS ***
Dealt to 3ced59f9 
Dealt to Hero [Kh 7s]
Dealt to c1e81f04 
Dealt to afaecc88 
Dealt to 5eee0f29 
Dealt to 913f9879 
913f9879: folds
3ced59f9: folds
Hero: folds
c1e81f04: folds
afaecc88: folds
Uncalled bet ($0.03) returned to 5eee0f29
*** SHOWDOWN ***
5eee0f29 collected $0.04 from pot
*** SUMMARY ***
Total pot $0.04 | Rake $0 | Jackpot $0 | Bingo $0 | Fortune $0
Seat 1: 3ced59f9 folded before Flop (didn't bet)
Seat 2: Hero folded before Flop (didn't bet)
Seat 3: c1e81f04 (button) folded before Flop (didn't bet)
Seat 4: afaecc88 (small blind) folded before Flop
Seat 5: 5eee0f29 (big blind) collected ($0.04)
Seat 6: 913f9879 folded before Flop (didn't bet)


Poker Hand #HD1189726289: Hold'em No Limit  ($0.02/$0.05) - 2023/04/04 20:34:22
Table 'NLHBlue28' 6-max Seat #2 is the button
Seat 1: 3ced59f9 ($5 in chips)
Seat 2: Hero ($5 in chips)
Seat 3: c1e81f04 ($6.46 in chips)
Seat 4: afaecc88 ($6.72 in chips)
Seat 5: 5eee0f29 ($7.51 in chips)
Seat 6: 913f9879 ($4.93 in chips)
c1e81f04: posts small blind $0.02
afaecc88: posts big blind $0.05
*** HOLE CARDS ***
Dealt to 3ced59f9 
Dealt to Hero [Tc 2c]
Dealt to c1e81f04 
Dealt to afaecc88 
Dealt to 5eee0f29 
Dealt to 913f9879 
5eee0f29: folds
913f9879: raises $0.1 to $0.15
3ced59f9: folds
Hero: folds
c1e81f04: folds
afaecc88: folds
Uncalled bet ($0.1) returned to 913f9879
*** SHOWDOWN ***
913f9879 collected $0.12 from pot
*** SUMMARY ***
Total pot $0.12 | Rake $0 | Jackpot $0 | Bingo $0 | Fortune $0
Seat 1: 3ced59f9 folded before Flop (didn't bet)
Seat 2: Hero (button) folded before Flop (didn't bet)
Seat 3: c1e81f04 (small blind) folded before Flop
Seat 4: afaecc88 (big blind) folded before Flop
Seat 5: 5eee0f29 folded before Flop (didn't bet)
Seat 6: 913f9879 collected ($0.12)


Poker Hand #HD1189726261: Hold'em No Limit  ($0.02/$0.05) - 2023/04/04 20:34:07
Table 'NLHBlue28' 6-max Seat #1 is the button
Seat 1: 3ced59f9 ($5 in chips)
Seat 2: Hero ($5 in chips)
Seat 3: c1e81f04 ($6.44 in chips)
Seat 4: afaecc88 ($6.72 in chips)
Seat 5: 5eee0f29 ($7.51 in chips)
Seat 6: 913f9879 ($4.93 in chips)
Hero: posts small blind $0.02
c1e81f04: posts big blind $0.05
*** HOLE CARDS ***
Dealt to 3ced59f9 
Dealt to Hero [Ts 2d]
Dealt to c1e81f04 
Dealt to afaecc88 
Dealt to 5eee0f29 
Dealt to 913f9879 
afaecc88: folds
5eee0f29: folds
913f9879: folds
3ced59f9: folds
Hero: folds
Uncalled bet ($0.03) returned to c1e81f04
*** SHOWDOWN ***
c1e81f04 collected $0.04 from pot
*** SUMMARY ***
Total pot $0.04 | Rake $0 | Jackpot $0 | Bingo $0 | Fortune $0
Seat 1: 3ced59f9 (button) folded before Flop (didn't bet)
Seat 2: Hero (small blind) folded before Flop
Seat 3: c1e81f04 (big blind) collected ($0.04)
Seat 4: afaecc88 folded before Flop (didn't bet)
Seat 5: 5eee0f29 folded before Flop (didn't bet)
Seat 6: 913f9879 folded before Flop (didn't bet)


Poker Hand #HD1189726153: Hold'em No Limit  ($0.02/$0.05) - 2023/04/04 20:33:06
Table 'NLHBlue28' 6-max Seat #6 is the button
Seat 1: 3ced59f9 ($5 in chips)
Seat 2: Hero ($5 in chips)
Seat 3: c1e81f04 ($6.44 in chips)
Seat 4: afaecc88 ($6.72 in chips)
Seat 5: 5eee0f29 ($7.51 in chips)
Seat 6: 913f9879 ($4.86 in chips)
3ced59f9: posts small blind $0.02
Hero: posts big blind $0.05
*** HOLE CARDS ***
Dealt to 3ced59f9 
Dealt to Hero [7s 8d]
Dealt to c1e81f04 
Dealt to afaecc88 
Dealt to 5eee0f29 
Dealt to 913f9879 
c1e81f04: folds
afaecc88: folds
5eee0f29: folds
913f9879: calls $0.05
3ced59f9: folds
Hero: checks
*** FLOP *** [2s As Js]
Hero: checks
913f9879: checks
*** TURN *** [2s As Js] [5c]
Hero: checks
913f9879: checks
*** RIVER *** [2s As Js 5c] [Kh]
Hero: checks
913f9879: checks
Hero: shows [7s 8d] (Ace-High)
913f9879: shows [5d 3d] (Pair of Fives)
*** SHOWDOWN ***
913f9879 collected $0.12 from pot
*** SUMMARY ***
Total pot $0.12 | Rake $0 | Jackpot $0 | Bingo $0 | Fortune $0
Board [2s As Js 5c Kh]
Seat 1: 3ced59f9 (small blind) folded before Flop
Seat 2: Hero (big blind) showed [7s 8d] and lost with Ace-High
Seat 3: c1e81f04 folded before Flop (didn't bet)
Seat 4: afaecc88 folded before Flop (didn't bet)
Seat 5: 5eee0f29 folded before Flop (didn't bet)
Seat 6: 913f9879 (button) showed [5d 3d] and won ($0.12) with Pair of Fives


