Poker Hand #HD1147142747: Hold'em No Limit  ($0.02/$0.05) - 2023/03/05 16:19:04
Table 'NLHBlue89' 6-max Seat #3 is the button
Seat 1: Hero ($7.31 in chips)
Seat 2: 1432a86e ($10.31 in chips)
Seat 3: 9ad26916 ($5 in chips)
Seat 5: eaabb430 ($8.62 in chips)
Seat 6: 8cffdbf5 ($5.58 in chips)
eaabb430: posts small blind $0.02
8cffdbf5: posts big blind $0.05
*** HOLE CARDS ***
Dealt to Hero [Js 4d]
Dealt to 1432a86e 
Dealt to 9ad26916 
Dealt to eaabb430 
Dealt to 8cffdbf5 
Hero: folds
1432a86e: folds
9ad26916: folds
eaabb430: raises $0.08 to $0.13
8cffdbf5: folds
Uncalled bet ($0.08) returned to eaabb430
*** SHOWDOWN ***
eaabb430 collected $0.1 from pot
*** SUMMARY ***
Total pot $0.1 | Rake $0 | Jackpot $0 | Bingo $0 | Fortune $0
Seat 1: Hero folded before Flop (didn't bet)
Seat 2: 1432a86e folded before Flop (didn't bet)
Seat 3: 9ad26916 (button) folded before Flop (didn't bet)
Seat 5: eaabb430 (small blind) collected ($0.1)
Seat 6: 8cffdbf5 (big blind) folded before Flop


Poker Hand #HD1147142715: Hold'em No Limit  ($0.02/$0.05) - 2023/03/05 16:18:52
Table 'NLHBlue89' 6-max Seat #2 is the button
Seat 1: Hero ($7.24 in chips)
Seat 2: 1432a86e ($10.31 in chips)
Seat 3: 9ad26916 ($5 in chips)
Seat 5: eaabb430 ($8.67 in chips)
Seat 6: 8cffdbf5 ($5.58 in chips)
9ad26916: posts small blind $0.02
eaabb430: posts big blind $0.05
*** HOLE CARDS ***
Dealt to Hero [As 4s]
Dealt to 1432a86e 
Dealt to 9ad26916 
Dealt to eaabb430 
Dealt to 8cffdbf5 
8cffdbf5: folds
Hero: raises $0.09 to $0.14
1432a86e: folds
9ad26916: folds
eaabb430: folds
Uncalled bet ($0.09) returned to Hero
*** SHOWDOWN ***
Hero collected $0.12 from pot
*** SUMMARY ***
Total pot $0.12 | Rake $0 | Jackpot $0 | Bingo $0 | Fortune $0
Seat 1: Hero collected ($0.12)
Seat 2: 1432a86e (button) folded before Flop (didn't bet)
Seat 3: 9ad26916 (small blind) folded before Flop
Seat 5: eaabb430 (big blind) folded before Flop
Seat 6: 8cffdbf5 folded before Flop (didn't bet)


Poker Hand #HD1147142472: Hold'em No Limit  ($0.02/$0.05) - 2023/03/05 16:17:16
Table 'NLHBlue89' 6-max Seat #1 is the button
Seat 1: Hero ($5.29 in chips)
Seat 2: 1432a86e ($10.33 in chips)
Seat 3: 9ad26916 ($6.13 in chips)
Seat 5: eaabb430 ($8.67 in chips)
Seat 6: 8cffdbf5 ($5.58 in chips)
1432a86e: posts small blind $0.02
9ad26916: posts big blind $0.05
*** HOLE CARDS ***
Dealt to Hero [Ts Tc]
Dealt to 1432a86e 
Dealt to 9ad26916 
Dealt to eaabb430 
Dealt to 8cffdbf5 
eaabb430: folds
8cffdbf5: folds
Hero: raises $0.07 to $0.12
1432a86e: folds
9ad26916: raises $0.31 to $0.43
Hero: calls $0.31
*** FLOP *** [9h Js 6s]
9ad26916: bets $0.66
Hero: calls $0.66
*** TURN *** [9h Js 6s] [Td]
9ad26916: bets $1.1
Hero: raises $1.26 to $2.36
9ad26916: folds
Uncalled bet ($1.26) returned to Hero
*** SHOWDOWN ***
Hero collected $4.14 from pot
*** SUMMARY ***
Total pot $4.4 | Rake $0.21 | Jackpot $0.05 | Bingo $0 | Fortune $0
Board [9h Js 6s Td]
Seat 1: Hero (button) won ($4.14)
Seat 2: 1432a86e (small blind) folded before Flop
Seat 3: 9ad26916 (big blind) folded on the Turn
Seat 5: eaabb430 folded before Flop (didn't bet)
Seat 6: 8cffdbf5 folded before Flop (didn't bet)


Poker Hand #HD1147142379: Hold'em No Limit  ($0.02/$0.05) - 2023/03/05 16:16:38
Table 'NLHBlue89' 6-max Seat #6 is the button
Seat 1: Hero ($5 in chips)
Seat 2: 1432a86e ($10.65 in chips)
Seat 3: 9ad26916 ($6.13 in chips)
Seat 5: eaabb430 ($8.67 in chips)
Seat 6: 8cffdbf5 ($5.58 in chips)
Hero: posts small blind $0.02
1432a86e: posts big blind $0.05
*** HOLE CARDS ***
Dealt to Hero [5d Ad]
Dealt to 1432a86e 
Dealt to 9ad26916 
Dealt to eaabb430 
Dealt to 8cffdbf5 
9ad26916: folds
eaabb430: folds
8cffdbf5: folds
Hero: raises $0.11 to $0.16
1432a86e: calls $0.11
*** FLOP *** [6h 5s Kc]
Hero: checks
1432a86e: bets $0.16
Hero: calls $0.16
*** TURN *** [6h 5s Kc] [Qd]
Hero: checks
1432a86e: checks
*** RIVER *** [6h 5s Kc Qd] [As]
Hero: bets $0.48
1432a86e: folds
Uncalled bet ($0.48) returned to Hero
*** SHOWDOWN ***
Hero collected $0.61 from pot
*** SUMMARY ***
Total pot $0.64 | Rake $0.03 | Jackpot $0 | Bingo $0 | Fortune $0
Board [6h 5s Kc Qd As]
Seat 1: Hero (small blind) won ($0.61)
Seat 2: 1432a86e (big blind) folded on the River
Seat 3: 9ad26916 folded before Flop (didn't bet)
Seat 5: eaabb430 folded before Flop (didn't bet)
Seat 6: 8cffdbf5 (button) folded before Flop (didn't bet)


Poker Hand #HD1147142341: Hold'em No Limit  ($0.02/$0.05) - 2023/03/05 16:16:25
Table 'NLHBlue89' 6-max Seat #5 is the button
Seat 1: Hero ($5 in chips)
Seat 2: 1432a86e ($10.65 in chips)
Seat 3: 9ad26916 ($6.06 in chips)
Seat 5: eaabb430 ($8.67 in chips)
Seat 6: 8cffdbf5 ($5.6 in chips)
8cffdbf5: posts small blind $0.02
Hero: posts big blind $0.05
*** HOLE CARDS ***
Dealt to Hero [3d Js]
Dealt to 1432a86e 
Dealt to 9ad26916 
Dealt to eaabb430 
Dealt to 8cffdbf5 
1432a86e: folds
9ad26916: raises $0.1 to $0.15
eaabb430: folds
8cffdbf5: folds
Hero: folds
Uncalled bet ($0.1) returned to 9ad26916
*** SHOWDOWN ***
9ad26916 collected $0.12 from pot
*** SUMMARY ***
Total pot $0.12 | Rake $0 | Jackpot $0 | Bingo $0 | Fortune $0
Seat 1: Hero (big blind) folded before Flop
Seat 2: 1432a86e folded before Flop (didn't bet)
Seat 3: 9ad26916 collected ($0.12)
Seat 5: eaabb430 (button) folded before Flop (didn't bet)
Seat 6: 8cffdbf5 (small blind) folded before Flop


Poker Hand #HD1147142315: Hold'em No Limit  ($0.02/$0.05) - 2023/03/05 16:16:12
Table 'NLHBlue89' 6-max Seat #3 is the button
Seat 1: Hero ($5 in chips)
Seat 2: 1432a86e ($10.65 in chips)
Seat 3: 9ad26916 ($6.06 in chips)
Seat 5: eaabb430 ($8.69 in chips)
Seat 6: 8cffdbf5 ($5.58 in chips)
eaabb430: posts small blind $0.02
8cffdbf5: posts big blind $0.05
*** HOLE CARDS ***
Dealt to Hero [6d Ac]
Dealt to 1432a86e 
Dealt to 9ad26916 
Dealt to eaabb430 
Dealt to 8cffdbf5 
Hero: folds
1432a86e: folds
9ad26916: folds
eaabb430: folds
Uncalled bet ($0.03) returned to 8cffdbf5
*** SHOWDOWN ***
8cffdbf5 collected $0.04 from pot
*** SUMMARY ***
Total pot $0.04 | Rake $0 | Jackpot $0 | Bingo $0 | Fortune $0
Seat 1: Hero folded before Flop (didn't bet)
Seat 2: 1432a86e folded before Flop (didn't bet)
Seat 3: 9ad26916 (button) folded before Flop (didn't bet)
Seat 5: eaabb430 (small blind) folded before Flop
Seat 6: 8cffdbf5 (big blind) collected ($0.04)


Poker Hand #HD1147142249: Hold'em No Limit  ($0.02/$0.05) - 2023/03/05 16:15:47
Table 'NLHBlue89' 6-max Seat #2 is the button
Seat 1: Hero ($5 in chips)
Seat 2: 1432a86e ($11.04 in chips)
Seat 3: 9ad26916 ($5.66 in chips)
Seat 5: eaabb430 ($8.74 in chips)
9ad26916: posts small blind $0.02
eaabb430: posts big blind $0.05
*** HOLE CARDS ***
Dealt to Hero [2d Ac]
Dealt to 1432a86e 
Dealt to 9ad26916 
Dealt to eaabb430 
Hero: folds
1432a86e: raises $0.09 to $0.14
9ad26916: raises $0.25 to $0.39
eaabb430: folds
1432a86e: calls $0.25
*** FLOP *** [8c Jd Jc]
9ad26916: bets $0.42
1432a86e: folds
Uncalled bet ($0.42) returned to 9ad26916
*** SHOWDOWN ***
9ad26916 collected $0.79 from pot
*** SUMMARY ***
Total pot $0.83 | Rake $0.04 | Jackpot $0 | Bingo $0 | Fortune $0
Board [8c Jd Jc]
Seat 1: Hero folded before Flop (didn't bet)
Seat 2: 1432a86e (button) folded on the Flop
Seat 3: 9ad26916 (small blind) won ($0.79)
Seat 5: eaabb430 (big blind) folded before Flop


Poker Hand #HD1147142232: Hold'em No Limit  ($0.02/$0.05) - 2023/03/05 16:15:38
Table 'NLHBlue89' 6-max Seat #1 is the button
Seat 1: Hero ($5 in chips)
Seat 2: 1432a86e ($11.06 in chips)
Seat 3: 9ad26916 ($5.64 in chips)
Seat 4: ca93cd22 ($5 in chips)
Seat 5: eaabb430 ($8.74 in chips)
1432a86e: posts small blind $0.02
9ad26916: posts big blind $0.05
*** HOLE CARDS ***
Dealt to Hero [4h 8c]
Dealt to 1432a86e 
Dealt to 9ad26916 
Dealt to ca93cd22 
Dealt to eaabb430 
ca93cd22: folds
eaabb430: folds
Hero: folds
1432a86e: folds
Uncalled bet ($0.03) returned to 9ad26916
*** SHOWDOWN ***
9ad26916 collected $0.04 from pot
*** SUMMARY ***
Total pot $0.04 | Rake $0 | Jackpot $0 | Bingo $0 | Fortune $0
Seat 1: Hero (button) folded before Flop (didn't bet)
Seat 2: 1432a86e (small blind) folded before Flop
Seat 3: 9ad26916 (big blind) collected ($0.04)
Seat 4: ca93cd22 folded before Flop (didn't bet)
Seat 5: eaabb430 folded before Flop (didn't bet)


Poker Hand #HD1147142201: Hold'em No Limit  ($0.02/$0.05) - 2023/03/05 16:15:27
Table 'NLHBlue89' 6-max Seat #5 is the button
Seat 1: Hero ($5 in chips)
Seat 2: 1432a86e ($11.04 in chips)
Seat 3: 9ad26916 ($5.64 in chips)
Seat 4: ca93cd22 ($5 in chips)
Seat 5: eaabb430 ($8.74 in chips)
Hero: posts small blind $0.02
1432a86e: posts big blind $0.05
*** HOLE CARDS ***
Dealt to Hero [8c Kh]
Dealt to 1432a86e 
Dealt to 9ad26916 
Dealt to ca93cd22 
Dealt to eaabb430 
9ad26916: folds
ca93cd22: folds
eaabb430: folds
Hero: folds
Uncalled bet ($0.03) returned to 1432a86e
*** SHOWDOWN ***
1432a86e collected $0.04 from pot
*** SUMMARY ***
Total pot $0.04 | Rake $0 | Jackpot $0 | Bingo $0 | Fortune $0
Seat 1: Hero (small blind) folded before Flop
Seat 2: 1432a86e (big blind) collected ($0.04)
Seat 3: 9ad26916 folded before Flop (didn't bet)
Seat 4: ca93cd22 folded before Flop (didn't bet)
Seat 5: eaabb430 (button) folded before Flop (didn't bet)


Poker Hand #HD1147142099: Hold'em No Limit  ($0.02/$0.05) - 2023/03/05 16:14:45
Table 'NLHBlue89' 6-max Seat #4 is the button
Seat 1: Hero ($5 in chips)
Seat 3: 9ad26916 ($5.64 in chips)
Seat 4: ca93cd22 ($5 in chips)
Seat 5: eaabb430 ($8.1 in chips)
eaabb430: posts small blind $0.02
Hero: posts big blind $0.05
*** HOLE CARDS ***
Dealt to Hero [5d 6c]
Dealt to 9ad26916 
Dealt to ca93cd22 
Dealt to eaabb430 
9ad26916: folds
ca93cd22: raises $0.08 to $0.13
eaabb430: calls $0.11
Hero: folds
*** FLOP *** [6d Ks 8d]
eaabb430: checks
ca93cd22: bets $0.16
eaabb430: calls $0.16
*** TURN *** [6d Ks 8d] [7s]
eaabb430: checks
ca93cd22: checks
*** RIVER *** [6d Ks 8d 7s] [Jd]
eaabb430: bets $0.36
ca93cd22: calls $0.36
eaabb430: shows [8c 8s] (Three Eights)
ca93cd22: shows [Kd Qh] (Pair of Kings)
*** SHOWDOWN ***
eaabb430 collected $1.29 from pot
*** SUMMARY ***
Total pot $1.35 | Rake $0.06 | Jackpot $0 | Bingo $0 | Fortune $0
Board [6d Ks 8d 7s Jd]
Seat 1: Hero (big blind) folded before Flop
Seat 3: 9ad26916 folded before Flop (didn't bet)
Seat 4: ca93cd22 (button) showed [Kd Qh] and lost with Pair of Kings
Seat 5: eaabb430 (small blind) showed [8c 8s] and won ($1.29) with Three Eights


Poker Hand #HD1147142052: Hold'em No Limit  ($0.02/$0.05) - 2023/03/05 16:14:25
Table 'NLHBlue89' 6-max Seat #3 is the button
Seat 1: Hero ($5 in chips)
Seat 3: 9ad26916 ($5.64 in chips)
Seat 4: ca93cd22 ($5.02 in chips)
Seat 5: eaabb430 ($8.08 in chips)
Seat 6: 8cffdbf5 ($5.58 in chips)
ca93cd22: posts small blind $0.02
eaabb430: posts big blind $0.05
*** HOLE CARDS ***
Dealt to Hero [As 9d]
Dealt to 9ad26916 
Dealt to ca93cd22 
Dealt to eaabb430 
Dealt to 8cffdbf5 
8cffdbf5: folds
Hero: folds
9ad26916: folds
ca93cd22: folds
Uncalled bet ($0.03) returned to eaabb430
*** SHOWDOWN ***
eaabb430 collected $0.04 from pot
*** SUMMARY ***
Total pot $0.04 | Rake $0 | Jackpot $0 | Bingo $0 | Fortune $0
Seat 1: Hero folded before Flop (didn't bet)
Seat 3: 9ad26916 (button) folded before Flop (didn't bet)
Seat 4: ca93cd22 (small blind) folded before Flop
Seat 5: eaabb430 (big blind) collected ($0.04)
Seat 6: 8cffdbf5 folded before Flop (didn't bet)


Poker Hand #HD1147142019: Hold'em No Limit  ($0.02/$0.05) - 2023/03/05 16:14:12
Table 'NLHBlue89' 6-max Seat #1 is the button
Seat 1: Hero ($5 in chips)
Seat 3: 9ad26916 ($5.66 in chips)
Seat 4: ca93cd22 ($5 in chips)
Seat 5: eaabb430 ($8.08 in chips)
Seat 6: 8cffdbf5 ($5.58 in chips)
9ad26916: posts small blind $0.02
ca93cd22: posts big blind $0.05
*** HOLE CARDS ***
Dealt to Hero [4d 2c]
Dealt to 9ad26916 
Dealt to ca93cd22 
Dealt to eaabb430 
Dealt to 8cffdbf5 
eaabb430: folds
8cffdbf5: folds
Hero: folds
9ad26916: folds
Uncalled bet ($0.03) returned to ca93cd22
*** SHOWDOWN ***
ca93cd22 collected $0.04 from pot
*** SUMMARY ***
Total pot $0.04 | Rake $0 | Jackpot $0 | Bingo $0 | Fortune $0
Seat 1: Hero (button) folded before Flop (didn't bet)
Seat 3: 9ad26916 (small blind) folded before Flop
Seat 4: ca93cd22 (big blind) collected ($0.04)
Seat 5: eaabb430 folded before Flop (didn't bet)
Seat 6: 8cffdbf5 folded before Flop (didn't bet)


Poker Hand #HD1147141968: Hold'em No Limit  ($0.02/$0.05) - 2023/03/05 16:13:53
Table 'NLHBlue89' 6-max Seat #6 is the button
Seat 1: Hero ($5 in chips)
Seat 3: 9ad26916 ($5.64 in chips)
Seat 5: eaabb430 ($8.08 in chips)
Seat 6: 8cffdbf5 ($5.58 in chips)
Hero: posts small blind $0.02
9ad26916: posts big blind $0.05
*** HOLE CARDS ***
Dealt to Hero [5s 3h]
Dealt to 9ad26916 
Dealt to eaabb430 
Dealt to 8cffdbf5 
eaabb430: folds
8cffdbf5: folds
Hero: folds
Uncalled bet ($0.03) returned to 9ad26916
*** SHOWDOWN ***
9ad26916 collected $0.04 from pot
*** SUMMARY ***
Total pot $0.04 | Rake $0 | Jackpot $0 | Bingo $0 | Fortune $0
Seat 1: Hero (small blind) folded before Flop
Seat 3: 9ad26916 (big blind) collected ($0.04)
Seat 5: eaabb430 folded before Flop (didn't bet)
Seat 6: 8cffdbf5 (button) folded before Flop (didn't bet)


Poker Hand #HD1147141921: Hold'em No Limit  ($0.02/$0.05) - 2023/03/05 16:13:32
Table 'NLHBlue89' 6-max Seat #5 is the button
Seat 1: Hero ($5 in chips)
Seat 3: 9ad26916 ($5.64 in chips)
Seat 5: eaabb430 ($8.01 in chips)
Seat 6: 8cffdbf5 ($5.6 in chips)
8cffdbf5: posts small blind $0.02
Hero: posts big blind $0.05
*** HOLE CARDS ***
Dealt to Hero [4d Kh]
Dealt to 9ad26916 
Dealt to eaabb430 
Dealt to 8cffdbf5 
9ad26916: folds
eaabb430: raises $0.08 to $0.13
8cffdbf5: folds
Hero: folds
Uncalled bet ($0.08) returned to eaabb430
*** SHOWDOWN ***
eaabb430 collected $0.12 from pot
*** SUMMARY ***
Total pot $0.12 | Rake $0 | Jackpot $0 | Bingo $0 | Fortune $0
Seat 1: Hero (big blind) folded before Flop
Seat 3: 9ad26916 folded before Flop (didn't bet)
Seat 5: eaabb430 (button) collected ($0.12)
Seat 6: 8cffdbf5 (small blind) folded before Flop


Poker Hand #HD1147141898: Hold'em No Limit  ($0.02/$0.05) - 2023/03/05 16:13:22
Table 'NLHBlue89' 6-max Seat #3 is the button
Seat 1: Hero ($5 in chips)
Seat 3: 9ad26916 ($5.64 in chips)
Seat 5: eaabb430 ($8.03 in chips)
Seat 6: 8cffdbf5 ($5.58 in chips)
eaabb430: posts small blind $0.02
8cffdbf5: posts big blind $0.05
*** HOLE CARDS ***
Dealt to Hero [Ac 7s]
Dealt to 9ad26916 
Dealt to eaabb430 
Dealt to 8cffdbf5 
Hero: folds
9ad26916: folds
eaabb430: folds
Uncalled bet ($0.03) returned to 8cffdbf5
*** SHOWDOWN ***
8cffdbf5 collected $0.04 from pot
*** SUMMARY ***
Total pot $0.04 | Rake $0 | Jackpot $0 | Bingo $0 | Fortune $0
Seat 1: Hero folded before Flop (didn't bet)
Seat 3: 9ad26916 (button) folded before Flop (didn't bet)
Seat 5: eaabb430 (small blind) folded before Flop
Seat 6: 8cffdbf5 (big blind) collected ($0.04)


Poker Hand #HD1147141866: Hold'em No Limit  ($0.02/$0.05) - 2023/03/05 16:13:09
Table 'NLHBlue89' 6-max Seat #1 is the button
Seat 1: Hero ($5 in chips)
Seat 3: 9ad26916 ($5.59 in chips)
Seat 5: eaabb430 ($8.08 in chips)
Seat 6: 8cffdbf5 ($5.58 in chips)
9ad26916: posts small blind $0.02
eaabb430: posts big blind $0.05
*** HOLE CARDS ***
Dealt to Hero [4h 5d]
Dealt to 9ad26916 
Dealt to eaabb430 
Dealt to 8cffdbf5 
8cffdbf5: folds
Hero: folds
9ad26916: raises $0.1 to $0.15
eaabb430: folds
Uncalled bet ($0.1) returned to 9ad26916
*** SHOWDOWN ***
9ad26916 collected $0.1 from pot
*** SUMMARY ***
Total pot $0.1 | Rake $0 | Jackpot $0 | Bingo $0 | Fortune $0
Seat 1: Hero (button) folded before Flop (didn't bet)
Seat 3: 9ad26916 (small blind) collected ($0.1)
Seat 5: eaabb430 (big blind) folded before Flop
Seat 6: 8cffdbf5 folded before Flop (didn't bet)


Poker Hand #HD1147141832: Hold'em No Limit  ($0.02/$0.05) - 2023/03/05 16:12:56
Table 'NLHBlue89' 6-max Seat #6 is the button
Seat 1: Hero ($5 in chips)
Seat 2: 1432a86e ($11.09 in chips)
Seat 3: 9ad26916 ($5.52 in chips)
Seat 5: eaabb430 ($8.08 in chips)
Seat 6: 8cffdbf5 ($5.58 in chips)
Hero: posts small blind $0.02
1432a86e: posts big blind $0.05
*** HOLE CARDS ***
Dealt to Hero [Jh 8d]
Dealt to 1432a86e 
Dealt to 9ad26916 
Dealt to eaabb430 
Dealt to 8cffdbf5 
9ad26916: raises $0.1 to $0.15
eaabb430: folds
8cffdbf5: folds
Hero: folds
1432a86e: folds
Uncalled bet ($0.1) returned to 9ad26916
*** SHOWDOWN ***
9ad26916 collected $0.12 from pot
*** SUMMARY ***
Total pot $0.12 | Rake $0 | Jackpot $0 | Bingo $0 | Fortune $0
Seat 1: Hero (small blind) folded before Flop
Seat 2: 1432a86e (big blind) folded before Flop
Seat 3: 9ad26916 collected ($0.12)
Seat 5: eaabb430 folded before Flop (didn't bet)
Seat 6: 8cffdbf5 (button) folded before Flop (didn't bet)


Poker Hand #HD1147141662: Hold'em No Limit  ($0.02/$0.05) - 2023/03/05 16:11:52
Table 'NLHBlue89' 6-max Seat #5 is the button
Seat 1: Hero ($5 in chips)
Seat 2: 1432a86e ($11.09 in chips)
Seat 3: 9ad26916 ($5.52 in chips)
Seat 5: eaabb430 ($8.08 in chips)
Seat 6: 8cffdbf5 ($5.03 in chips)
8cffdbf5: posts small blind $0.02
Hero: posts big blind $0.05
*** HOLE CARDS ***
Dealt to Hero [6c Tc]
Dealt to 1432a86e 
Dealt to 9ad26916 
Dealt to eaabb430 
Dealt to 8cffdbf5 
1432a86e: folds
9ad26916: folds
eaabb430: folds
8cffdbf5: raises $0.1 to $0.15
Hero: calls $0.1
*** FLOP *** [Td 9h Qs]
8cffdbf5: bets $0.15
Hero: raises $0.31 to $0.46
8cffdbf5: calls $0.31
*** TURN *** [Td 9h Qs] [Ac]
8cffdbf5: checks
Hero: checks
*** RIVER *** [Td 9h Qs Ac] [Ks]
8cffdbf5: checks
Hero: checks
8cffdbf5: shows [9s 9d] (Three Nines)
Hero: shows [6c Tc] (Pair of Tens)
*** SHOWDOWN ***
8cffdbf5 collected $1.16 from pot
*** SUMMARY ***
Total pot $1.22 | Rake $0.06 | Jackpot $0 | Bingo $0 | Fortune $0
Board [Td 9h Qs Ac Ks]
Seat 1: Hero (big blind) showed [6c Tc] and lost with Pair of Tens
Seat 2: 1432a86e folded before Flop (didn't bet)
Seat 3: 9ad26916 folded before Flop (didn't bet)
Seat 5: eaabb430 (button) folded before Flop (didn't bet)
Seat 6: 8cffdbf5 (small blind) showed [9s 9d] and won ($1.16) with Three Nines


