Poker Hand #HD1175473715: Hold'em No Limit  ($0.02/$0.05) - 2023/03/25 16:42:39
Table 'NLHBlue100' 6-max Seat #5 is the button
Seat 1: 25981bef ($5.02 in chips)
Seat 2: Hero ($10 in chips)
Seat 3: 8521e733 ($7.49 in chips)
Seat 4: f725fcae ($5 in chips)
Seat 5: cbd827c3 ($6.03 in chips)
Seat 6: 559683a5 ($4.27 in chips)
559683a5: posts small blind $0.02
25981bef: posts big blind $0.05
*** HOLE CARDS ***
Dealt to 25981bef 
Dealt to Hero [7h 9d]
Dealt to 8521e733 
Dealt to f725fcae 
Dealt to cbd827c3 
Dealt to 559683a5 
Hero: folds
8521e733: raises $0.05 to $0.1
f725fcae: folds
cbd827c3: folds
559683a5: calls $0.08
25981bef: calls $0.05
*** FLOP *** [Qs 6d 4s]
559683a5: checks
25981bef: checks
8521e733: bets $0.1
559683a5: calls $0.1
25981bef: folds
*** TURN *** [Qs 6d 4s] [2s]
559683a5: checks
8521e733: checks
*** RIVER *** [Qs 6d 4s 2s] [As]
559683a5: bets $0.25
8521e733: folds
Uncalled bet ($0.25) returned to 559683a5
*** SHOWDOWN ***
559683a5 collected $0.48 from pot
*** SUMMARY ***
Total pot $0.5 | Rake $0.02 | Jackpot $0 | Bingo $0 | Fortune $0
Board [Qs 6d 4s 2s As]
Seat 1: 25981bef (big blind) folded on the Flop
Seat 2: Hero folded before Flop (didn't bet)
Seat 3: 8521e733 folded on the River
Seat 4: f725fcae folded before Flop (didn't bet)
Seat 5: cbd827c3 (button) folded before Flop (didn't bet)
Seat 6: 559683a5 (small blind) won ($0.48)


Poker Hand #HD1175473605: Hold'em No Limit  ($0.02/$0.05) - 2023/03/25 16:42:00
Table 'NLHBlue100' 6-max Seat #4 is the button
Seat 1: 25981bef ($5.02 in chips)
Seat 2: Hero ($10 in chips)
Seat 3: 8521e733 ($7.64 in chips)
Seat 4: f725fcae ($5 in chips)
Seat 5: cbd827c3 ($5.84 in chips)
Seat 6: 559683a5 ($4.32 in chips)
cbd827c3: posts small blind $0.02
559683a5: posts big blind $0.05
*** HOLE CARDS ***
Dealt to 25981bef 
Dealt to Hero [2c 3c]
Dealt to 8521e733 
Dealt to f725fcae 
Dealt to cbd827c3 
Dealt to 559683a5 
25981bef: folds
Hero: folds
8521e733: raises $0.1 to $0.15
f725fcae: folds
cbd827c3: raises $0.35 to $0.5
559683a5: folds
8521e733: folds
Uncalled bet ($0.35) returned to cbd827c3
*** SHOWDOWN ***
cbd827c3 collected $0.34 from pot
*** SUMMARY ***
Total pot $0.35 | Rake $0.01 | Jackpot $0 | Bingo $0 | Fortune $0
Seat 1: 25981bef folded before Flop (didn't bet)
Seat 2: Hero folded before Flop (didn't bet)
Seat 3: 8521e733 folded before Flop
Seat 4: f725fcae (button) folded before Flop (didn't bet)
Seat 5: cbd827c3 (small blind) collected ($0.34)
Seat 6: 559683a5 (big blind) folded before Flop


Poker Hand #HD1175473387: Hold'em No Limit  ($0.02/$0.05) - 2023/03/25 16:40:49
Table 'NLHBlue100' 6-max Seat #3 is the button
Seat 1: 25981bef ($5.02 in chips)
Seat 2: Hero ($8.88 in chips)
Seat 3: 8521e733 ($7.64 in chips)
Seat 4: f725fcae ($5 in chips)
Seat 5: cbd827c3 ($5.89 in chips)
Seat 6: 559683a5 ($5.54 in chips)
f725fcae: posts small blind $0.02
cbd827c3: posts big blind $0.05
*** HOLE CARDS ***
Dealt to 25981bef 
Dealt to Hero [Qc Jc]
Dealt to 8521e733 
Dealt to f725fcae 
Dealt to cbd827c3 
Dealt to 559683a5 
559683a5: raises $0.05 to $0.1
25981bef: folds
Hero: raises $0.22 to $0.32
8521e733: folds
f725fcae: folds
cbd827c3: folds
559683a5: calls $0.22
*** FLOP *** [2h 2d 4d]
559683a5: checks
Hero: checks
*** TURN *** [2h 2d 4d] [Jh]
559683a5: bets $0.9
Hero: calls $0.9
*** RIVER *** [2h 2d 4d Jh] [Ks]
559683a5: checks
Hero: checks
559683a5: shows [Qd Ad] (Pair of Twos)
Hero: shows [Qc Jc] (Pair of Jacks and Pair of Twos)
*** SHOWDOWN ***
Hero collected $2.34 from pot
*** SUMMARY ***
Total pot $2.51 | Rake $0.12 | Jackpot $0.05 | Bingo $0 | Fortune $0
Board [2h 2d 4d Jh Ks]
Seat 1: 25981bef folded before Flop (didn't bet)
Seat 2: Hero showed [Qc Jc] and won ($2.34) with Pair of Jacks and Pair of Twos
Seat 3: 8521e733 (button) folded before Flop (didn't bet)
Seat 4: f725fcae (small blind) folded before Flop
Seat 5: cbd827c3 (big blind) folded before Flop
Seat 6: 559683a5 showed [Qd Ad] and lost with Pair of Twos


Poker Hand #HD1175473244: Hold'em No Limit  ($0.02/$0.05) - 2023/03/25 16:39:56
Table 'NLHBlue100' 6-max Seat #2 is the button
Seat 1: 25981bef ($5.02 in chips)
Seat 2: Hero ($8.72 in chips)
Seat 3: 8521e733 ($7.76 in chips)
Seat 4: f725fcae ($5 in chips)
Seat 5: cbd827c3 ($5.89 in chips)
Seat 6: 559683a5 ($5.54 in chips)
8521e733: posts small blind $0.02
f725fcae: posts big blind $0.05
*** HOLE CARDS ***
Dealt to 25981bef 
Dealt to Hero [As 8s]
Dealt to 8521e733 
Dealt to f725fcae 
Dealt to cbd827c3 
Dealt to 559683a5 
cbd827c3: folds
559683a5: folds
25981bef: folds
Hero: raises $0.07 to $0.12
8521e733: calls $0.1
f725fcae: folds
*** FLOP *** [Ah 6h 6s]
8521e733: checks
Hero: checks
*** TURN *** [Ah 6h 6s] [Qc]
8521e733: checks
Hero: checks
*** RIVER *** [Ah 6h 6s Qc] [Jc]
8521e733: checks
Hero: checks
8521e733: shows [Tc Jh] (Pair of Jacks and Pair of Sixes)
Hero: shows [As 8s] (Pair of Aces and Pair of Sixes)
*** SHOWDOWN ***
Hero collected $0.28 from pot
*** SUMMARY ***
Total pot $0.29 | Rake $0.01 | Jackpot $0 | Bingo $0 | Fortune $0
Board [Ah 6h 6s Qc Jc]
Seat 1: 25981bef folded before Flop (didn't bet)
Seat 2: Hero (button) showed [As 8s] and won ($0.28) with Pair of Aces and Pair of Sixes
Seat 3: 8521e733 (small blind) showed [Tc Jh] and lost with Pair of Jacks and Pair of Sixes
Seat 4: f725fcae (big blind) folded before Flop
Seat 5: cbd827c3 folded before Flop (didn't bet)
Seat 6: 559683a5 folded before Flop (didn't bet)


Poker Hand #HD1175473202: Hold'em No Limit  ($0.02/$0.05) - 2023/03/25 16:39:41
Table 'NLHBlue100' 6-max Seat #1 is the button
Seat 1: 25981bef ($5.02 in chips)
Seat 2: Hero ($8.74 in chips)
Seat 3: 8521e733 ($7.74 in chips)
Seat 5: cbd827c3 ($5.89 in chips)
Seat 6: 559683a5 ($5.54 in chips)
Hero: posts small blind $0.02
8521e733: posts big blind $0.05
*** HOLE CARDS ***
Dealt to 25981bef 
Dealt to Hero [2d Jd]
Dealt to 8521e733 
Dealt to cbd827c3 
Dealt to 559683a5 
cbd827c3: folds
559683a5: folds
25981bef: folds
Hero: folds
Uncalled bet ($0.03) returned to 8521e733
*** SHOWDOWN ***
8521e733 collected $0.04 from pot
*** SUMMARY ***
Total pot $0.04 | Rake $0 | Jackpot $0 | Bingo $0 | Fortune $0
Seat 1: 25981bef (button) folded before Flop (didn't bet)
Seat 2: Hero (small blind) folded before Flop
Seat 3: 8521e733 (big blind) collected ($0.04)
Seat 5: cbd827c3 folded before Flop (didn't bet)
Seat 6: 559683a5 folded before Flop (didn't bet)


Poker Hand #HD1175473184: Hold'em No Limit  ($0.02/$0.05) - 2023/03/25 16:39:34
Table 'NLHBlue100' 6-max Seat #6 is the button
Seat 1: 25981bef ($5 in chips)
Seat 2: Hero ($8.72 in chips)
Seat 3: 8521e733 ($7.74 in chips)
Seat 5: cbd827c3 ($5.89 in chips)
Seat 6: 559683a5 ($5.54 in chips)
25981bef: posts small blind $0.02
Hero: posts big blind $0.05
*** HOLE CARDS ***
Dealt to 25981bef 
Dealt to Hero [6d Ad]
Dealt to 8521e733 
Dealt to cbd827c3 
Dealt to 559683a5 
8521e733: folds
cbd827c3: folds
559683a5: folds
25981bef: folds
Uncalled bet ($0.03) returned to Hero
*** SHOWDOWN ***
Hero collected $0.04 from pot
*** SUMMARY ***
Total pot $0.04 | Rake $0 | Jackpot $0 | Bingo $0 | Fortune $0
Seat 1: 25981bef (small blind) folded before Flop
Seat 2: Hero (big blind) collected ($0.04)
Seat 3: 8521e733 folded before Flop (didn't bet)
Seat 5: cbd827c3 folded before Flop (didn't bet)
Seat 6: 559683a5 (button) folded before Flop (didn't bet)


Poker Hand #HD1175473136: Hold'em No Limit  ($0.02/$0.05) - 2023/03/25 16:39:16
Table 'NLHBlue100' 6-max Seat #5 is the button
Seat 1: 25981bef ($5 in chips)
Seat 2: Hero ($8.72 in chips)
Seat 3: 8521e733 ($7.74 in chips)
Seat 5: cbd827c3 ($5.82 in chips)
Seat 6: 559683a5 ($5.56 in chips)
559683a5: posts small blind $0.02
25981bef: posts big blind $0.05
*** HOLE CARDS ***
Dealt to 25981bef 
Dealt to Hero [8s 2s]
Dealt to 8521e733 
Dealt to cbd827c3 
Dealt to 559683a5 
Hero: folds
8521e733: folds
cbd827c3: raises $0.08 to $0.13
559683a5: folds
25981bef: folds
Uncalled bet ($0.08) returned to cbd827c3
*** SHOWDOWN ***
cbd827c3 collected $0.12 from pot
*** SUMMARY ***
Total pot $0.12 | Rake $0 | Jackpot $0 | Bingo $0 | Fortune $0
Seat 1: 25981bef (big blind) folded before Flop
Seat 2: Hero folded before Flop (didn't bet)
Seat 3: 8521e733 folded before Flop (didn't bet)
Seat 5: cbd827c3 (button) collected ($0.12)
Seat 6: 559683a5 (small blind) folded before Flop


Poker Hand #HD1175472992: Hold'em No Limit  ($0.02/$0.05) - 2023/03/25 16:38:22
Table 'NLHBlue100' 6-max Seat #3 is the button
Seat 1: 25981bef ($5 in chips)
Seat 2: Hero ($9.08 in chips)
Seat 3: 8521e733 ($7.35 in chips)
Seat 5: cbd827c3 ($5.84 in chips)
Seat 6: 559683a5 ($5.61 in chips)
cbd827c3: posts small blind $0.02
559683a5: posts big blind $0.05
*** HOLE CARDS ***
Dealt to 25981bef 
Dealt to Hero [5d 6d]
Dealt to 8521e733 
Dealt to cbd827c3 
Dealt to 559683a5 
25981bef: folds
Hero: raises $0.07 to $0.12
8521e733: raises $0.24 to $0.36
cbd827c3: folds
559683a5: folds
Hero: calls $0.24
*** FLOP *** [Qd 3c 7h]
Hero: checks
8521e733: checks
*** TURN *** [Qd 3c 7h] [9h]
Hero: checks
8521e733: checks
*** RIVER *** [Qd 3c 7h 9h] [5h]
Hero: checks
8521e733: bets $0.27
Hero: folds
Uncalled bet ($0.27) returned to 8521e733
*** SHOWDOWN ***
8521e733 collected $0.75 from pot
*** SUMMARY ***
Total pot $0.79 | Rake $0.04 | Jackpot $0 | Bingo $0 | Fortune $0
Board [Qd 3c 7h 9h 5h]
Seat 1: 25981bef folded before Flop (didn't bet)
Seat 2: Hero folded on the River
Seat 3: 8521e733 (button) won ($0.75)
Seat 5: cbd827c3 (small blind) folded before Flop
Seat 6: 559683a5 (big blind) folded before Flop


Poker Hand #HD1175472964: Hold'em No Limit  ($0.02/$0.05) - 2023/03/25 16:38:10
Table 'NLHBlue100' 6-max Seat #2 is the button
Seat 1: 25981bef ($5 in chips)
Seat 2: Hero ($9.01 in chips)
Seat 3: 8521e733 ($7.37 in chips)
Seat 5: cbd827c3 ($5.89 in chips)
Seat 6: 559683a5 ($5.61 in chips)
8521e733: posts small blind $0.02
cbd827c3: posts big blind $0.05
*** HOLE CARDS ***
Dealt to 25981bef 
Dealt to Hero [Ah Qc]
Dealt to 8521e733 
Dealt to cbd827c3 
Dealt to 559683a5 
559683a5: folds
25981bef: folds
Hero: raises $0.07 to $0.12
8521e733: folds
cbd827c3: folds
Uncalled bet ($0.07) returned to Hero
*** SHOWDOWN ***
Hero collected $0.12 from pot
*** SUMMARY ***
Total pot $0.12 | Rake $0 | Jackpot $0 | Bingo $0 | Fortune $0
Seat 1: 25981bef folded before Flop (didn't bet)
Seat 2: Hero (button) collected ($0.12)
Seat 3: 8521e733 (small blind) folded before Flop
Seat 5: cbd827c3 (big blind) folded before Flop
Seat 6: 559683a5 folded before Flop (didn't bet)


Poker Hand #HD1175472858: Hold'em No Limit  ($0.02/$0.05) - 2023/03/25 16:37:33
Table 'NLHBlue100' 6-max Seat #1 is the button
Seat 1: 25981bef ($5 in chips)
Seat 2: Hero ($9.03 in chips)
Seat 3: 8521e733 ($7.42 in chips)
Seat 4: c7314cb0 ($5 in chips)
Seat 5: cbd827c3 ($5.89 in chips)
Seat 6: 559683a5 ($5.4 in chips)
Hero: posts small blind $0.02
8521e733: posts big blind $0.05
*** HOLE CARDS ***
Dealt to 25981bef 
Dealt to Hero [2c As]
Dealt to 8521e733 
Dealt to c7314cb0 
Dealt to cbd827c3 
Dealt to 559683a5 
c7314cb0: folds
cbd827c3: folds
559683a5: raises $0.1 to $0.15
25981bef: calls $0.15
Hero: folds
8521e733: folds
*** FLOP *** [5h 5s 7h]
559683a5: bets $0.4
25981bef: folds
Uncalled bet ($0.4) returned to 559683a5
*** SHOWDOWN ***
559683a5 collected $0.36 from pot
*** SUMMARY ***
Total pot $0.37 | Rake $0.01 | Jackpot $0 | Bingo $0 | Fortune $0
Board [5h 5s 7h]
Seat 1: 25981bef (button) folded on the Flop
Seat 2: Hero (small blind) folded before Flop
Seat 3: 8521e733 (big blind) folded before Flop
Seat 4: c7314cb0 folded before Flop (didn't bet)
Seat 5: cbd827c3 folded before Flop (didn't bet)
Seat 6: 559683a5 won ($0.36)


Poker Hand #HD1175472772: Hold'em No Limit  ($0.02/$0.05) - 2023/03/25 16:36:59
Table 'NLHBlue100' 6-max Seat #6 is the button
Seat 1: 25981bef ($5 in chips)
Seat 2: Hero ($8.79 in chips)
Seat 3: 8521e733 ($7.42 in chips)
Seat 4: c7314cb0 ($5 in chips)
Seat 5: cbd827c3 ($6.02 in chips)
Seat 6: 559683a5 ($5.4 in chips)
25981bef: posts small blind $0.02
Hero: posts big blind $0.05
*** HOLE CARDS ***
Dealt to 25981bef 
Dealt to Hero [Ad 6s]
Dealt to 8521e733 
Dealt to c7314cb0 
Dealt to cbd827c3 
Dealt to 559683a5 
8521e733: folds
c7314cb0: folds
cbd827c3: raises $0.08 to $0.13
559683a5: folds
25981bef: calls $0.11
Hero: calls $0.08
*** FLOP *** [Ac 3c 4d]
25981bef: checks
Hero: bets $0.2
cbd827c3: folds
25981bef: folds
Uncalled bet ($0.2) returned to Hero
*** SHOWDOWN ***
Hero collected $0.37 from pot
*** SUMMARY ***
Total pot $0.39 | Rake $0.02 | Jackpot $0 | Bingo $0 | Fortune $0
Board [Ac 3c 4d]
Seat 1: 25981bef (small blind) folded on the Flop
Seat 2: Hero (big blind) won ($0.37)
Seat 3: 8521e733 folded before Flop (didn't bet)
Seat 4: c7314cb0 folded before Flop (didn't bet)
Seat 5: cbd827c3 folded on the Flop
Seat 6: 559683a5 (button) folded before Flop (didn't bet)


Poker Hand #HD1175472640: Hold'em No Limit  ($0.02/$0.05) - 2023/03/25 16:36:10
Table 'NLHBlue100' 6-max Seat #5 is the button
Seat 1: 25981bef ($5 in chips)
Seat 2: Hero ($8.91 in chips)
Seat 3: 8521e733 ($7.42 in chips)
Seat 4: c7314cb0 ($5 in chips)
Seat 5: cbd827c3 ($6.02 in chips)
Seat 6: 559683a5 ($4.99 in chips)
559683a5: posts small blind $0.02
25981bef: posts big blind $0.05
*** HOLE CARDS ***
Dealt to 25981bef 
Dealt to Hero [8d 8c]
Dealt to 8521e733 
Dealt to c7314cb0 
Dealt to cbd827c3 
Dealt to 559683a5 
Hero: raises $0.07 to $0.12
8521e733: folds
c7314cb0: folds
cbd827c3: folds
559683a5: calls $0.1
25981bef: calls $0.07
*** FLOP *** [Ah 7s Tc]
559683a5: checks
25981bef: checks
Hero: checks
*** TURN *** [Ah 7s Tc] [2d]
559683a5: bets $0.2
25981bef: calls $0.2
Hero: folds
*** RIVER *** [Ah 7s Tc 2d] [8s]
559683a5: bets $0.25
25981bef: folds
Uncalled bet ($0.25) returned to 559683a5
*** SHOWDOWN ***
559683a5 collected $0.73 from pot
*** SUMMARY ***
Total pot $0.76 | Rake $0.03 | Jackpot $0 | Bingo $0 | Fortune $0
Board [Ah 7s Tc 2d 8s]
Seat 1: 25981bef (big blind) folded on the River
Seat 2: Hero folded on the Turn
Seat 3: 8521e733 folded before Flop (didn't bet)
Seat 4: c7314cb0 folded before Flop (didn't bet)
Seat 5: cbd827c3 (button) folded before Flop (didn't bet)
Seat 6: 559683a5 (small blind) won ($0.73)


Poker Hand #HD1175472598: Hold'em No Limit  ($0.02/$0.05) - 2023/03/25 16:35:56
Table 'NLHBlue100' 6-max Seat #4 is the button
Seat 1: 25981bef ($5 in chips)
Seat 2: Hero ($8.91 in chips)
Seat 3: 8521e733 ($7.42 in chips)
Seat 4: c7314cb0 ($5 in chips)
Seat 5: cbd827c3 ($6.04 in chips)
Seat 6: 559683a5 ($4.97 in chips)
cbd827c3: posts small blind $0.02
559683a5: posts big blind $0.05
*** HOLE CARDS ***
Dealt to 25981bef 
Dealt to Hero [Td 8c]
Dealt to 8521e733 
Dealt to c7314cb0 
Dealt to cbd827c3 
Dealt to 559683a5 
25981bef: folds
Hero: folds
8521e733: folds
c7314cb0: folds
cbd827c3: folds
Uncalled bet ($0.03) returned to 559683a5
*** SHOWDOWN ***
559683a5 collected $0.04 from pot
*** SUMMARY ***
Total pot $0.04 | Rake $0 | Jackpot $0 | Bingo $0 | Fortune $0
Seat 1: 25981bef folded before Flop (didn't bet)
Seat 2: Hero folded before Flop (didn't bet)
Seat 3: 8521e733 folded before Flop (didn't bet)
Seat 4: c7314cb0 (button) folded before Flop (didn't bet)
Seat 5: cbd827c3 (small blind) folded before Flop
Seat 6: 559683a5 (big blind) collected ($0.04)


Poker Hand #HD1175472458: Hold'em No Limit  ($0.02/$0.05) - 2023/03/25 16:35:03
Table 'NLHBlue100' 6-max Seat #3 is the button
Seat 1: 25981bef ($5 in chips)
Seat 2: Hero ($8.91 in chips)
Seat 3: 8521e733 ($7.42 in chips)
Seat 4: c7314cb0 ($5 in chips)
Seat 5: cbd827c3 ($6.29 in chips)
Seat 6: 559683a5 ($4.72 in chips)
c7314cb0: posts small blind $0.02
cbd827c3: posts big blind $0.05
*** HOLE CARDS ***
Dealt to 25981bef 
Dealt to Hero [8d Ac]
Dealt to 8521e733 
Dealt to c7314cb0 
Dealt to cbd827c3 
Dealt to 559683a5 
559683a5: raises $0.1 to $0.15
25981bef: folds
Hero: folds
8521e733: folds
c7314cb0: folds
cbd827c3: calls $0.1
*** FLOP *** [Qs 2d Ad]
cbd827c3: checks
559683a5: bets $0.1
cbd827c3: calls $0.1
*** TURN *** [Qs 2d Ad] [9c]
cbd827c3: checks
559683a5: checks
*** RIVER *** [Qs 2d Ad 9c] [4d]
cbd827c3: checks
559683a5: bets $0.5
cbd827c3: folds
Uncalled bet ($0.5) returned to 559683a5
*** SHOWDOWN ***
559683a5 collected $0.5 from pot
*** SUMMARY ***
Total pot $0.52 | Rake $0.02 | Jackpot $0 | Bingo $0 | Fortune $0
Board [Qs 2d Ad 9c 4d]
Seat 1: 25981bef folded before Flop (didn't bet)
Seat 2: Hero folded before Flop (didn't bet)
Seat 3: 8521e733 (button) folded before Flop (didn't bet)
Seat 4: c7314cb0 (small blind) folded before Flop
Seat 5: cbd827c3 (big blind) folded on the River
Seat 6: 559683a5 won ($0.5)


Poker Hand #HD1175472229: Hold'em No Limit  ($0.02/$0.05) - 2023/03/25 16:33:38
Table 'NLHBlue100' 6-max Seat #2 is the button
Seat 1: 25981bef ($5.03 in chips)
Seat 2: Hero ($8.91 in chips)
Seat 3: 8521e733 ($4.75 in chips)
Seat 4: c7314cb0 ($5 in chips)
Seat 5: cbd827c3 ($6.29 in chips)
Seat 6: 559683a5 ($4.72 in chips)
8521e733: posts small blind $0.02
c7314cb0: posts big blind $0.05
*** HOLE CARDS ***
Dealt to 25981bef 
Dealt to Hero [Qc 5h]
Dealt to 8521e733 
Dealt to c7314cb0 
Dealt to cbd827c3 
Dealt to 559683a5 
cbd827c3: folds
559683a5: folds
25981bef: raises $0.08 to $0.13
Hero: folds
8521e733: calls $0.11
c7314cb0: folds
*** FLOP *** [8c 9d 7s]
8521e733: bets $0.24
25981bef: calls $0.24
*** TURN *** [8c 9d 7s] [8h]
8521e733: bets $0.6
25981bef: calls $0.6
*** RIVER *** [8c 9d 7s 8h] [Tc]
8521e733: bets $1.99
25981bef: calls $1.99
8521e733: shows [Js 9s] (Jacks-High Straight)
25981bef: shows [Ah Ad] (Pair of Aces and Pair of Eights)
*** SHOWDOWN ***
8521e733 collected $5.63 from pot
*** SUMMARY ***
Total pot $5.97 | Rake $0.29 | Jackpot $0.05 | Bingo $0 | Fortune $0
Board [8c 9d 7s 8h Tc]
Seat 1: 25981bef showed [Ah Ad] and lost with Pair of Aces and Pair of Eights
Seat 2: Hero (button) folded before Flop (didn't bet)
Seat 3: 8521e733 (small blind) showed [Js 9s] and won ($5.63) with Jacks-High Straight
Seat 4: c7314cb0 (big blind) folded before Flop
Seat 5: cbd827c3 folded before Flop (didn't bet)
Seat 6: 559683a5 folded before Flop (didn't bet)


Poker Hand #HD1175472184: Hold'em No Limit  ($0.02/$0.05) - 2023/03/25 16:33:23
Table 'NLHBlue100' 6-max Seat #1 is the button
Seat 1: 25981bef ($5.03 in chips)
Seat 2: Hero ($8.93 in chips)
Seat 3: 8521e733 ($4.73 in chips)
Seat 4: c7314cb0 ($5 in chips)
Seat 5: cbd827c3 ($6.29 in chips)
Seat 6: 559683a5 ($4.72 in chips)
Hero: posts small blind $0.02
8521e733: posts big blind $0.05
*** HOLE CARDS ***
Dealt to 25981bef 
Dealt to Hero [8c 2h]
Dealt to 8521e733 
Dealt to c7314cb0 
Dealt to cbd827c3 
Dealt to 559683a5 
c7314cb0: folds
cbd827c3: folds
559683a5: folds
25981bef: folds
Hero: folds
Uncalled bet ($0.03) returned to 8521e733
*** SHOWDOWN ***
8521e733 collected $0.04 from pot
*** SUMMARY ***
Total pot $0.04 | Rake $0 | Jackpot $0 | Bingo $0 | Fortune $0
Seat 1: 25981bef (button) folded before Flop (didn't bet)
Seat 2: Hero (small blind) folded before Flop
Seat 3: 8521e733 (big blind) collected ($0.04)
Seat 4: c7314cb0 folded before Flop (didn't bet)
Seat 5: cbd827c3 folded before Flop (didn't bet)
Seat 6: 559683a5 folded before Flop (didn't bet)


Poker Hand #HD1175472156: Hold'em No Limit  ($0.02/$0.05) - 2023/03/25 16:33:10
Table 'NLHBlue100' 6-max Seat #6 is the button
Seat 1: 25981bef ($5.05 in chips)
Seat 2: Hero ($8.98 in chips)
Seat 3: 8521e733 ($4.73 in chips)
Seat 4: c7314cb0 ($5 in chips)
Seat 5: cbd827c3 ($6.29 in chips)
Seat 6: 559683a5 ($4.65 in chips)
25981bef: posts small blind $0.02
Hero: posts big blind $0.05
*** HOLE CARDS ***
Dealt to 25981bef 
Dealt to Hero [8h 5s]
Dealt to 8521e733 
Dealt to c7314cb0 
Dealt to cbd827c3 
Dealt to 559683a5 
8521e733: folds
c7314cb0: folds
cbd827c3: folds
559683a5: raises $0.1 to $0.15
25981bef: folds
Hero: folds
Uncalled bet ($0.1) returned to 559683a5
*** SHOWDOWN ***
559683a5 collected $0.12 from pot
*** SUMMARY ***
Total pot $0.12 | Rake $0 | Jackpot $0 | Bingo $0 | Fortune $0
Seat 1: 25981bef (small blind) folded before Flop
Seat 2: Hero (big blind) folded before Flop
Seat 3: 8521e733 folded before Flop (didn't bet)
Seat 4: c7314cb0 folded before Flop (didn't bet)
Seat 5: cbd827c3 folded before Flop (didn't bet)
Seat 6: 559683a5 (button) collected ($0.12)


Poker Hand #HD1175472125: Hold'em No Limit  ($0.02/$0.05) - 2023/03/25 16:32:59
Table 'NLHBlue100' 6-max Seat #5 is the button
Seat 1: 25981bef ($5.03 in chips)
Seat 2: Hero ($8.98 in chips)
Seat 3: 8521e733 ($4.73 in chips)
Seat 4: c7314cb0 ($5 in chips)
Seat 5: cbd827c3 ($6.29 in chips)
Seat 6: 559683a5 ($4.67 in chips)
559683a5: posts small blind $0.02
25981bef: posts big blind $0.05
*** HOLE CARDS ***
Dealt to 25981bef 
Dealt to Hero [3h 2c]
Dealt to 8521e733 
Dealt to c7314cb0 
Dealt to cbd827c3 
Dealt to 559683a5 
Hero: folds
8521e733: folds
c7314cb0: folds
cbd827c3: folds
559683a5: folds
Uncalled bet ($0.03) returned to 25981bef
*** SHOWDOWN ***
25981bef collected $0.04 from pot
*** SUMMARY ***
Total pot $0.04 | Rake $0 | Jackpot $0 | Bingo $0 | Fortune $0
Seat 1: 25981bef (big blind) collected ($0.04)
Seat 2: Hero folded before Flop (didn't bet)
Seat 3: 8521e733 folded before Flop (didn't bet)
Seat 4: c7314cb0 folded before Flop (didn't bet)
Seat 5: cbd827c3 (button) folded before Flop (didn't bet)
Seat 6: 559683a5 (small blind) folded before Flop


Poker Hand #HD1175472097: Hold'em No Limit  ($0.02/$0.05) - 2023/03/25 16:32:49
Table 'NLHBlue100' 6-max Seat #4 is the button
Seat 1: 25981bef ($5.03 in chips)
Seat 2: Hero ($8.98 in chips)
Seat 3: 8521e733 ($4.73 in chips)
Seat 4: c7314cb0 ($5 in chips)
Seat 5: cbd827c3 ($6.31 in chips)
Seat 6: 559683a5 ($4.65 in chips)
cbd827c3: posts small blind $0.02
559683a5: posts big blind $0.05
*** HOLE CARDS ***
Dealt to 25981bef 
Dealt to Hero [3s Ac]
Dealt to 8521e733 
Dealt to c7314cb0 
Dealt to cbd827c3 
Dealt to 559683a5 
25981bef: folds
Hero: folds
8521e733: folds
c7314cb0: folds
cbd827c3: folds
Uncalled bet ($0.03) returned to 559683a5
*** SHOWDOWN ***
559683a5 collected $0.04 from pot
*** SUMMARY ***
Total pot $0.04 | Rake $0 | Jackpot $0 | Bingo $0 | Fortune $0
Seat 1: 25981bef folded before Flop (didn't bet)
Seat 2: Hero folded before Flop (didn't bet)
Seat 3: 8521e733 folded before Flop (didn't bet)
Seat 4: c7314cb0 (button) folded before Flop (didn't bet)
Seat 5: cbd827c3 (small blind) folded before Flop
Seat 6: 559683a5 (big blind) collected ($0.04)


Poker Hand #HD1175471979: Hold'em No Limit  ($0.02/$0.05) - 2023/03/25 16:32:04
Table 'NLHBlue100' 6-max Seat #3 is the button
Seat 1: 25981bef ($5.03 in chips)
Seat 2: Hero ($8.98 in chips)
Seat 3: 8521e733 ($4.73 in chips)
Seat 4: c7314cb0 ($5.16 in chips)
Seat 5: cbd827c3 ($5.98 in chips)
Seat 6: 559683a5 ($4.65 in chips)
c7314cb0: posts small blind $0.02
cbd827c3: posts big blind $0.05
*** HOLE CARDS ***
Dealt to 25981bef 
Dealt to Hero [4c 5h]
Dealt to 8521e733 
Dealt to c7314cb0 
Dealt to cbd827c3 
Dealt to 559683a5 
559683a5: folds
25981bef: folds
Hero: folds
8521e733: folds
c7314cb0: raises $0.13 to $0.18
cbd827c3: calls $0.13
*** FLOP *** [4s Ks Qc]
c7314cb0: bets $0.18
cbd827c3: calls $0.18
*** TURN *** [4s Ks Qc] [Kc]
c7314cb0: checks
cbd827c3: checks
*** RIVER *** [4s Ks Qc Kc] [6s]
c7314cb0: checks
cbd827c3: checks
c7314cb0: shows [As Td] (Pair of Kings)
cbd827c3: shows [9s Qh] (Pair of Kings and Pair of Queens)
*** SHOWDOWN ***
cbd827c3 collected $0.69 from pot
*** SUMMARY ***
Total pot $0.72 | Rake $0.03 | Jackpot $0 | Bingo $0 | Fortune $0
Board [4s Ks Qc Kc 6s]
Seat 1: 25981bef folded before Flop (didn't bet)
Seat 2: Hero folded before Flop (didn't bet)
Seat 3: 8521e733 (button) folded before Flop (didn't bet)
Seat 4: c7314cb0 (small blind) showed [As Td] and lost with Pair of Kings
Seat 5: cbd827c3 (big blind) showed [9s Qh] and won ($0.69) with Pair of Kings and Pair of Queens
Seat 6: 559683a5 folded before Flop (didn't bet)


Poker Hand #HD1175471872: Hold'em No Limit  ($0.02/$0.05) - 2023/03/25 16:31:27
Table 'NLHBlue100' 6-max Seat #2 is the button
Seat 1: 25981bef ($5.03 in chips)
Seat 2: Hero ($8.98 in chips)
Seat 3: 8521e733 ($4.88 in chips)
Seat 4: c7314cb0 ($5.21 in chips)
Seat 5: cbd827c3 ($5.98 in chips)
Seat 6: 559683a5 ($4.46 in chips)
8521e733: posts small blind $0.02
c7314cb0: posts big blind $0.05
*** HOLE CARDS ***
Dealt to 25981bef 
Dealt to Hero [As 4h]
Dealt to 8521e733 
Dealt to c7314cb0 
Dealt to cbd827c3 
Dealt to 559683a5 
cbd827c3: folds
559683a5: raises $0.1 to $0.15
25981bef: folds
Hero: folds
8521e733: calls $0.13
c7314cb0: folds
*** FLOP *** [Ks Jh 7h]
8521e733: checks
559683a5: bets $0.15
8521e733: folds
Uncalled bet ($0.15) returned to 559683a5
*** SHOWDOWN ***
559683a5 collected $0.34 from pot
*** SUMMARY ***
Total pot $0.35 | Rake $0.01 | Jackpot $0 | Bingo $0 | Fortune $0
Board [Ks Jh 7h]
Seat 1: 25981bef folded before Flop (didn't bet)
Seat 2: Hero (button) folded before Flop (didn't bet)
Seat 3: 8521e733 (small blind) folded on the Flop
Seat 4: c7314cb0 (big blind) folded before Flop
Seat 5: cbd827c3 folded before Flop (didn't bet)
Seat 6: 559683a5 won ($0.34)


Poker Hand #HD1175471824: Hold'em No Limit  ($0.02/$0.05) - 2023/03/25 16:31:08
Table 'NLHBlue100' 6-max Seat #1 is the button
Seat 1: 25981bef ($5.03 in chips)
Seat 2: Hero ($8.93 in chips)
Seat 3: 8521e733 ($4.93 in chips)
Seat 4: c7314cb0 ($5.21 in chips)
Seat 5: cbd827c3 ($5.98 in chips)
Seat 6: 559683a5 ($4.46 in chips)
Hero: posts small blind $0.02
8521e733: posts big blind $0.05
*** HOLE CARDS ***
Dealt to 25981bef 
Dealt to Hero [Qc Ac]
Dealt to 8521e733 
Dealt to c7314cb0 
Dealt to cbd827c3 
Dealt to 559683a5 
c7314cb0: folds
cbd827c3: folds
559683a5: folds
25981bef: folds
Hero: raises $0.09 to $0.14
8521e733: folds
Uncalled bet ($0.09) returned to Hero
*** SHOWDOWN ***
Hero collected $0.1 from pot
*** SUMMARY ***
Total pot $0.1 | Rake $0 | Jackpot $0 | Bingo $0 | Fortune $0
Seat 1: 25981bef (button) folded before Flop (didn't bet)
Seat 2: Hero (small blind) collected ($0.1)
Seat 3: 8521e733 (big blind) folded before Flop
Seat 4: c7314cb0 folded before Flop (didn't bet)
Seat 5: cbd827c3 folded before Flop (didn't bet)
Seat 6: 559683a5 folded before Flop (didn't bet)


Poker Hand #HD1175471783: Hold'em No Limit  ($0.02/$0.05) - 2023/03/25 16:30:53
Table 'NLHBlue100' 6-max Seat #6 is the button
Seat 1: 25981bef ($5.05 in chips)
Seat 2: Hero ($8.98 in chips)
Seat 3: 8521e733 ($4.86 in chips)
Seat 4: c7314cb0 ($5.21 in chips)
Seat 5: cbd827c3 ($5.98 in chips)
Seat 6: 559683a5 ($4.46 in chips)
25981bef: posts small blind $0.02
Hero: posts big blind $0.05
*** HOLE CARDS ***
Dealt to 25981bef 
Dealt to Hero [Th 4d]
Dealt to 8521e733 
Dealt to c7314cb0 
Dealt to cbd827c3 
Dealt to 559683a5 
8521e733: raises $0.1 to $0.15
c7314cb0: folds
cbd827c3: folds
559683a5: folds
25981bef: folds
Hero: folds
Uncalled bet ($0.1) returned to 8521e733
*** SHOWDOWN ***
8521e733 collected $0.12 from pot
*** SUMMARY ***
Total pot $0.12 | Rake $0 | Jackpot $0 | Bingo $0 | Fortune $0
Seat 1: 25981bef (small blind) folded before Flop
Seat 2: Hero (big blind) folded before Flop
Seat 3: 8521e733 collected ($0.12)
Seat 4: c7314cb0 folded before Flop (didn't bet)
Seat 5: cbd827c3 folded before Flop (didn't bet)
Seat 6: 559683a5 (button) folded before Flop (didn't bet)


Poker Hand #HD1175471616: Hold'em No Limit  ($0.02/$0.05) - 2023/03/25 16:29:57
Table 'NLHBlue100' 6-max Seat #5 is the button
Seat 1: 25981bef ($5.1 in chips)
Seat 2: Hero ($8.8 in chips)
Seat 3: 8521e733 ($4.98 in chips)
Seat 4: c7314cb0 ($5.21 in chips)
Seat 5: cbd827c3 ($5.98 in chips)
Seat 6: 559683a5 ($4.48 in chips)
559683a5: posts small blind $0.02
25981bef: posts big blind $0.05
*** HOLE CARDS ***
Dealt to 25981bef 
Dealt to Hero [Qh As]
Dealt to 8521e733 
Dealt to c7314cb0 
Dealt to cbd827c3 
Dealt to 559683a5 
Hero: raises $0.07 to $0.12
8521e733: calls $0.12
c7314cb0: folds
cbd827c3: folds
559683a5: folds
25981bef: folds
*** FLOP *** [Ad Ac 3c]
Hero: bets $0.24
8521e733: folds
Uncalled bet ($0.24) returned to Hero
*** SHOWDOWN ***
Hero collected $0.3 from pot
*** SUMMARY ***
Total pot $0.31 | Rake $0.01 | Jackpot $0 | Bingo $0 | Fortune $0
Board [Ad Ac 3c]
Seat 1: 25981bef (big blind) folded before Flop
Seat 2: Hero won ($0.3)
Seat 3: 8521e733 folded on the Flop
Seat 4: c7314cb0 folded before Flop (didn't bet)
Seat 5: cbd827c3 (button) folded before Flop (didn't bet)
Seat 6: 559683a5 (small blind) folded before Flop


Poker Hand #HD1175471565: Hold'em No Limit  ($0.02/$0.05) - 2023/03/25 16:29:38
Table 'NLHBlue100' 6-max Seat #4 is the button
Seat 1: 25981bef ($5.1 in chips)
Seat 2: Hero ($8.8 in chips)
Seat 3: 8521e733 ($4.98 in chips)
Seat 4: c7314cb0 ($5.21 in chips)
Seat 5: cbd827c3 ($5.93 in chips)
Seat 6: 559683a5 ($4.53 in chips)
cbd827c3: posts small blind $0.02
559683a5: posts big blind $0.05
*** HOLE CARDS ***
Dealt to 25981bef 
Dealt to Hero [Ah 2d]
Dealt to 8521e733 
Dealt to c7314cb0 
Dealt to cbd827c3 
Dealt to 559683a5 
25981bef: folds
Hero: folds
8521e733: folds
c7314cb0: folds
cbd827c3: raises $0.08 to $0.13
559683a5: folds
Uncalled bet ($0.08) returned to cbd827c3
*** SHOWDOWN ***
cbd827c3 collected $0.1 from pot
*** SUMMARY ***
Total pot $0.1 | Rake $0 | Jackpot $0 | Bingo $0 | Fortune $0
Seat 1: 25981bef folded before Flop (didn't bet)
Seat 2: Hero folded before Flop (didn't bet)
Seat 3: 8521e733 folded before Flop (didn't bet)
Seat 4: c7314cb0 (button) folded before Flop (didn't bet)
Seat 5: cbd827c3 (small blind) collected ($0.1)
Seat 6: 559683a5 (big blind) folded before Flop


Poker Hand #HD1175471465: Hold'em No Limit  ($0.02/$0.05) - 2023/03/25 16:29:01
Table 'NLHBlue100' 6-max Seat #3 is the button
Seat 1: 25981bef ($5.1 in chips)
Seat 2: Hero ($8.8 in chips)
Seat 3: 8521e733 ($5.13 in chips)
Seat 4: c7314cb0 ($5.02 in chips)
Seat 5: cbd827c3 ($5.98 in chips)
Seat 6: 559683a5 ($4.53 in chips)
c7314cb0: posts small blind $0.02
cbd827c3: posts big blind $0.05
*** HOLE CARDS ***
Dealt to 25981bef 
Dealt to Hero [2h Jc]
Dealt to 8521e733 
Dealt to c7314cb0 
Dealt to cbd827c3 
Dealt to 559683a5 
559683a5: folds
25981bef: folds
Hero: folds
8521e733: raises $0.1 to $0.15
c7314cb0: raises $0.46 to $0.61
cbd827c3: folds
8521e733: folds
Uncalled bet ($0.46) returned to c7314cb0
*** SHOWDOWN ***
c7314cb0 collected $0.34 from pot
*** SUMMARY ***
Total pot $0.35 | Rake $0.01 | Jackpot $0 | Bingo $0 | Fortune $0
Seat 1: 25981bef folded before Flop (didn't bet)
Seat 2: Hero folded before Flop (didn't bet)
Seat 3: 8521e733 (button) folded before Flop
Seat 4: c7314cb0 (small blind) collected ($0.34)
Seat 5: cbd827c3 (big blind) folded before Flop
Seat 6: 559683a5 folded before Flop (didn't bet)


Poker Hand #HD1175471436: Hold'em No Limit  ($0.02/$0.05) - 2023/03/25 16:28:49
Table 'NLHBlue100' 6-max Seat #2 is the button
Seat 1: 25981bef ($5.1 in chips)
Seat 2: Hero ($8.8 in chips)
Seat 3: 8521e733 ($5.15 in chips)
Seat 4: c7314cb0 ($5 in chips)
Seat 5: cbd827c3 ($5.98 in chips)
Seat 6: 559683a5 ($4.53 in chips)
8521e733: posts small blind $0.02
c7314cb0: posts big blind $0.05
*** HOLE CARDS ***
Dealt to 25981bef 
Dealt to Hero [6c 2s]
Dealt to 8521e733 
Dealt to c7314cb0 
Dealt to cbd827c3 
Dealt to 559683a5 
cbd827c3: folds
559683a5: folds
25981bef: folds
Hero: folds
8521e733: folds
Uncalled bet ($0.03) returned to c7314cb0
*** SHOWDOWN ***
c7314cb0 collected $0.04 from pot
*** SUMMARY ***
Total pot $0.04 | Rake $0 | Jackpot $0 | Bingo $0 | Fortune $0
Seat 1: 25981bef folded before Flop (didn't bet)
Seat 2: Hero (button) folded before Flop (didn't bet)
Seat 3: 8521e733 (small blind) folded before Flop
Seat 4: c7314cb0 (big blind) collected ($0.04)
Seat 5: cbd827c3 folded before Flop (didn't bet)
Seat 6: 559683a5 folded before Flop (didn't bet)


Poker Hand #HD1175471338: Hold'em No Limit  ($0.02/$0.05) - 2023/03/25 16:28:13
Table 'NLHBlue100' 6-max Seat #1 is the button
Seat 1: 25981bef ($5.1 in chips)
Seat 2: Hero ($8.82 in chips)
Seat 3: 8521e733 ($5.01 in chips)
Seat 4: c7314cb0 ($5 in chips)
Seat 5: cbd827c3 ($5.98 in chips)
Seat 6: 559683a5 ($4.53 in chips)
Hero: posts small blind $0.02
8521e733: posts big blind $0.05
*** HOLE CARDS ***
Dealt to 25981bef 
Dealt to Hero [5s 8c]
Dealt to 8521e733 
Dealt to c7314cb0 
Dealt to cbd827c3 
Dealt to 559683a5 
c7314cb0: raises $0.08 to $0.13
cbd827c3: folds
559683a5: folds
25981bef: folds
Hero: folds
8521e733: raises $0.21 to $0.34
c7314cb0: folds
Uncalled bet ($0.21) returned to 8521e733
*** SHOWDOWN ***
8521e733 collected $0.27 from pot
*** SUMMARY ***
Total pot $0.28 | Rake $0.01 | Jackpot $0 | Bingo $0 | Fortune $0
Seat 1: 25981bef (button) folded before Flop (didn't bet)
Seat 2: Hero (small blind) folded before Flop
Seat 3: 8521e733 (big blind) collected ($0.27)
Seat 4: c7314cb0 folded before Flop
Seat 5: cbd827c3 folded before Flop (didn't bet)
Seat 6: 559683a5 folded before Flop (didn't bet)


Poker Hand #HD1175471284: Hold'em No Limit  ($0.02/$0.05) - 2023/03/25 16:27:55
Table 'NLHBlue100' 6-max Seat #6 is the button
Seat 1: 25981bef ($5.12 in chips)
Seat 2: Hero ($8.87 in chips)
Seat 3: 8521e733 ($4.94 in chips)
Seat 4: c7314cb0 ($5 in chips)
Seat 5: cbd827c3 ($5.98 in chips)
Seat 6: 559683a5 ($4.53 in chips)
25981bef: posts small blind $0.02
Hero: posts big blind $0.05
*** HOLE CARDS ***
Dealt to 25981bef 
Dealt to Hero [Ts 2c]
Dealt to 8521e733 
Dealt to c7314cb0 
Dealt to cbd827c3 
Dealt to 559683a5 
8521e733: raises $0.1 to $0.15
c7314cb0: folds
cbd827c3: folds
559683a5: folds
25981bef: folds
Hero: folds
Uncalled bet ($0.1) returned to 8521e733
*** SHOWDOWN ***
8521e733 collected $0.12 from pot
*** SUMMARY ***
Total pot $0.12 | Rake $0 | Jackpot $0 | Bingo $0 | Fortune $0
Seat 1: 25981bef (small blind) folded before Flop
Seat 2: Hero (big blind) folded before Flop
Seat 3: 8521e733 collected ($0.12)
Seat 4: c7314cb0 folded before Flop (didn't bet)
Seat 5: cbd827c3 folded before Flop (didn't bet)
Seat 6: 559683a5 (button) folded before Flop (didn't bet)


Poker Hand #HD1175471231: Hold'em No Limit  ($0.02/$0.05) - 2023/03/25 16:27:33
Table 'NLHBlue100' 6-max Seat #5 is the button
Seat 1: 25981bef ($5.17 in chips)
Seat 2: Hero ($8.87 in chips)
Seat 3: 8521e733 ($4.94 in chips)
Seat 4: c7314cb0 ($5 in chips)
Seat 5: cbd827c3 ($5.91 in chips)
Seat 6: 559683a5 ($4.55 in chips)
559683a5: posts small blind $0.02
25981bef: posts big blind $0.05
*** HOLE CARDS ***
Dealt to 25981bef 
Dealt to Hero [4s 8d]
Dealt to 8521e733 
Dealt to c7314cb0 
Dealt to cbd827c3 
Dealt to 559683a5 
Hero: folds
8521e733: folds
c7314cb0: folds
cbd827c3: raises $0.08 to $0.13
559683a5: folds
25981bef: folds
Uncalled bet ($0.08) returned to cbd827c3
*** SHOWDOWN ***
cbd827c3 collected $0.12 from pot
*** SUMMARY ***
Total pot $0.12 | Rake $0 | Jackpot $0 | Bingo $0 | Fortune $0
Seat 1: 25981bef (big blind) folded before Flop
Seat 2: Hero folded before Flop (didn't bet)
Seat 3: 8521e733 folded before Flop (didn't bet)
Seat 4: c7314cb0 folded before Flop (didn't bet)
Seat 5: cbd827c3 (button) collected ($0.12)
Seat 6: 559683a5 (small blind) folded before Flop


Poker Hand #HD1175471173: Hold'em No Limit  ($0.02/$0.05) - 2023/03/25 16:27:14
Table 'NLHBlue100' 6-max Seat #4 is the button
Seat 1: 25981bef ($5.17 in chips)
Seat 2: Hero ($8.87 in chips)
Seat 3: 8521e733 ($4.87 in chips)
Seat 4: c7314cb0 ($5 in chips)
Seat 5: cbd827c3 ($5.93 in chips)
Seat 6: 559683a5 ($4.6 in chips)
cbd827c3: posts small blind $0.02
559683a5: posts big blind $0.05
*** HOLE CARDS ***
Dealt to 25981bef 
Dealt to Hero [2s 8s]
Dealt to 8521e733 
Dealt to c7314cb0 
Dealt to cbd827c3 
Dealt to 559683a5 
25981bef: folds
Hero: folds
8521e733: raises $0.1 to $0.15
c7314cb0: folds
cbd827c3: folds
559683a5: folds
Uncalled bet ($0.1) returned to 8521e733
*** SHOWDOWN ***
8521e733 collected $0.12 from pot
*** SUMMARY ***
Total pot $0.12 | Rake $0 | Jackpot $0 | Bingo $0 | Fortune $0
Seat 1: 25981bef folded before Flop (didn't bet)
Seat 2: Hero folded before Flop (didn't bet)
Seat 3: 8521e733 collected ($0.12)
Seat 4: c7314cb0 (button) folded before Flop (didn't bet)
Seat 5: cbd827c3 (small blind) folded before Flop
Seat 6: 559683a5 (big blind) folded before Flop


Poker Hand #HD1175471087: Hold'em No Limit  ($0.02/$0.05) - 2023/03/25 16:26:44
Table 'NLHBlue100' 6-max Seat #3 is the button
Seat 1: 25981bef ($5.17 in chips)
Seat 2: Hero ($8.66 in chips)
Seat 3: 8521e733 ($4.87 in chips)
Seat 4: c7314cb0 ($5 in chips)
Seat 5: cbd827c3 ($5.98 in chips)
Seat 6: 559683a5 ($4.75 in chips)
c7314cb0: posts small blind $0.02
cbd827c3: posts big blind $0.05
*** HOLE CARDS ***
Dealt to 25981bef 
Dealt to Hero [As Js]
Dealt to 8521e733 
Dealt to c7314cb0 
Dealt to cbd827c3 
Dealt to 559683a5 
559683a5: raises $0.1 to $0.15
25981bef: folds
Hero: raises $0.23 to $0.38
8521e733: folds
c7314cb0: folds
cbd827c3: folds
559683a5: folds
Uncalled bet ($0.23) returned to Hero
*** SHOWDOWN ***
Hero collected $0.36 from pot
*** SUMMARY ***
Total pot $0.37 | Rake $0.01 | Jackpot $0 | Bingo $0 | Fortune $0
Seat 1: 25981bef folded before Flop (didn't bet)
Seat 2: Hero collected ($0.36)
Seat 3: 8521e733 (button) folded before Flop (didn't bet)
Seat 4: c7314cb0 (small blind) folded before Flop
Seat 5: cbd827c3 (big blind) folded before Flop
Seat 6: 559683a5 folded before Flop


Poker Hand #HD1175471049: Hold'em No Limit  ($0.02/$0.05) - 2023/03/25 16:26:30
Table 'NLHBlue100' 6-max Seat #2 is the button
Seat 1: 25981bef ($5.17 in chips)
Seat 2: Hero ($8.66 in chips)
Seat 3: 8521e733 ($4.89 in chips)
Seat 4: c7314cb0 ($5 in chips)
Seat 5: cbd827c3 ($5.91 in chips)
Seat 6: 559683a5 ($4.75 in chips)
8521e733: posts small blind $0.02
c7314cb0: posts big blind $0.05
*** HOLE CARDS ***
Dealt to 25981bef 
Dealt to Hero [Ts 2s]
Dealt to 8521e733 
Dealt to c7314cb0 
Dealt to cbd827c3 
Dealt to 559683a5 
cbd827c3: raises $0.1 to $0.15
559683a5: folds
25981bef: folds
Hero: folds
8521e733: folds
c7314cb0: folds
Uncalled bet ($0.1) returned to cbd827c3
*** SHOWDOWN ***
cbd827c3 collected $0.12 from pot
*** SUMMARY ***
Total pot $0.12 | Rake $0 | Jackpot $0 | Bingo $0 | Fortune $0
Seat 1: 25981bef folded before Flop (didn't bet)
Seat 2: Hero (button) folded before Flop (didn't bet)
Seat 3: 8521e733 (small blind) folded before Flop
Seat 4: c7314cb0 (big blind) folded before Flop
Seat 5: cbd827c3 collected ($0.12)
Seat 6: 559683a5 folded before Flop (didn't bet)


Poker Hand #HD1175470939: Hold'em No Limit  ($0.02/$0.05) - 2023/03/25 16:25:49
Table 'NLHBlue100' 6-max Seat #1 is the button
Seat 1: 25981bef ($5.17 in chips)
Seat 2: Hero ($8.68 in chips)
Seat 3: 8521e733 ($5.04 in chips)
Seat 5: cbd827c3 ($5.91 in chips)
Seat 6: 559683a5 ($4.59 in chips)
Hero: posts small blind $0.02
8521e733: posts big blind $0.05
*** HOLE CARDS ***
Dealt to 25981bef 
Dealt to Hero [3s 5s]
Dealt to 8521e733 
Dealt to cbd827c3 
Dealt to 559683a5 
cbd827c3: folds
559683a5: raises $0.1 to $0.15
25981bef: folds
Hero: folds
8521e733: calls $0.1
*** FLOP *** [Qs 4c 3h]
8521e733: checks
559683a5: checks
*** TURN *** [Qs 4c 3h] [3d]
8521e733: checks
559683a5: bets $0.1
8521e733: folds
Uncalled bet ($0.1) returned to 559683a5
*** SHOWDOWN ***
559683a5 collected $0.31 from pot
*** SUMMARY ***
Total pot $0.32 | Rake $0.01 | Jackpot $0 | Bingo $0 | Fortune $0
Board [Qs 4c 3h 3d]
Seat 1: 25981bef (button) folded before Flop (didn't bet)
Seat 2: Hero (small blind) folded before Flop
Seat 3: 8521e733 (big blind) folded on the Turn
Seat 5: cbd827c3 folded before Flop (didn't bet)
Seat 6: 559683a5 won ($0.31)


Poker Hand #HD1175470880: Hold'em No Limit  ($0.02/$0.05) - 2023/03/25 16:25:31
Table 'NLHBlue100' 6-max Seat #6 is the button
Seat 1: 25981bef ($5 in chips)
Seat 2: Hero ($8.73 in chips)
Seat 3: 8521e733 ($5.04 in chips)
Seat 5: cbd827c3 ($6.04 in chips)
Seat 6: 559683a5 ($4.59 in chips)
25981bef: posts small blind $0.02
Hero: posts big blind $0.05
*** HOLE CARDS ***
Dealt to 25981bef 
Dealt to Hero [2c 8h]
Dealt to 8521e733 
Dealt to cbd827c3 
Dealt to 559683a5 
8521e733: folds
cbd827c3: raises $0.08 to $0.13
559683a5: folds
25981bef: raises $0.24 to $0.37
Hero: folds
cbd827c3: folds
Uncalled bet ($0.24) returned to 25981bef
*** SHOWDOWN ***
25981bef collected $0.3 from pot
*** SUMMARY ***
Total pot $0.31 | Rake $0.01 | Jackpot $0 | Bingo $0 | Fortune $0
Seat 1: 25981bef (small blind) collected ($0.3)
Seat 2: Hero (big blind) folded before Flop
Seat 3: 8521e733 folded before Flop (didn't bet)
Seat 5: cbd827c3 folded before Flop
Seat 6: 559683a5 (button) folded before Flop (didn't bet)


Poker Hand #HD1175470775: Hold'em No Limit  ($0.02/$0.05) - 2023/03/25 16:24:54
Table 'NLHBlue100' 6-max Seat #5 is the button
Seat 1: 25981bef ($5 in chips)
Seat 2: Hero ($8.55 in chips)
Seat 3: 8521e733 ($5.16 in chips)
Seat 5: cbd827c3 ($6.04 in chips)
Seat 6: 559683a5 ($4.61 in chips)
559683a5: posts small blind $0.02
25981bef: posts big blind $0.05
*** HOLE CARDS ***
Dealt to 25981bef 
Dealt to Hero [9d 9h]
Dealt to 8521e733 
Dealt to cbd827c3 
Dealt to 559683a5 
Hero: raises $0.07 to $0.12
8521e733: calls $0.12
cbd827c3: folds
559683a5: folds
25981bef: folds
*** FLOP *** [6s 4s Kc]
Hero: bets $0.18
8521e733: folds
Uncalled bet ($0.18) returned to Hero
*** SHOWDOWN ***
Hero collected $0.3 from pot
*** SUMMARY ***
Total pot $0.31 | Rake $0.01 | Jackpot $0 | Bingo $0 | Fortune $0
Board [6s 4s Kc]
Seat 1: 25981bef (big blind) folded before Flop
Seat 2: Hero won ($0.3)
Seat 3: 8521e733 folded on the Flop
Seat 5: cbd827c3 (button) folded before Flop (didn't bet)
Seat 6: 559683a5 (small blind) folded before Flop


Poker Hand #HD1175470690: Hold'em No Limit  ($0.02/$0.05) - 2023/03/25 16:24:24
Table 'NLHBlue100' 6-max Seat #3 is the button
Seat 1: 25981bef ($5 in chips)
Seat 2: Hero ($8.55 in chips)
Seat 3: 8521e733 ($5.31 in chips)
Seat 5: cbd827c3 ($6.06 in chips)
Seat 6: 559683a5 ($4.45 in chips)
cbd827c3: posts small blind $0.02
559683a5: posts big blind $0.05
*** HOLE CARDS ***
Dealt to 25981bef 
Dealt to Hero [9s Jc]
Dealt to 8521e733 
Dealt to cbd827c3 
Dealt to 559683a5 
25981bef: folds
Hero: folds
8521e733: raises $0.1 to $0.15
cbd827c3: folds
559683a5: calls $0.1
*** FLOP *** [4d 7h Kd]
559683a5: checks
8521e733: checks
*** TURN *** [4d 7h Kd] [Qs]
559683a5: bets $0.16
8521e733: folds
Uncalled bet ($0.16) returned to 559683a5
*** SHOWDOWN ***
559683a5 collected $0.31 from pot
*** SUMMARY ***
Total pot $0.32 | Rake $0.01 | Jackpot $0 | Bingo $0 | Fortune $0
Board [4d 7h Kd Qs]
Seat 1: 25981bef folded before Flop (didn't bet)
Seat 2: Hero folded before Flop (didn't bet)
Seat 3: 8521e733 (button) folded on the Turn
Seat 5: cbd827c3 (small blind) folded before Flop
Seat 6: 559683a5 (big blind) won ($0.31)


Poker Hand #HD1175470515: Hold'em No Limit  ($0.02/$0.05) - 2023/03/25 16:23:27
Table 'NLHBlue100' 6-max Seat #2 is the button
Seat 1: 25981bef ($5.07 in chips)
Seat 2: Hero ($5.64 in chips)
Seat 3: 8521e733 ($5.33 in chips)
Seat 5: cbd827c3 ($6.21 in chips)
Seat 6: 559683a5 ($4.6 in chips)
8521e733: posts small blind $0.02
cbd827c3: posts big blind $0.05
*** HOLE CARDS ***
Dealt to 25981bef 
Dealt to Hero [9c 8c]
Dealt to 8521e733 
Dealt to cbd827c3 
Dealt to 559683a5 
559683a5: raises $0.1 to $0.15
25981bef: calls $0.15
Hero: calls $0.15
8521e733: folds
cbd827c3: calls $0.1
*** FLOP *** [9h 9s Jh]
cbd827c3: checks
559683a5: checks
25981bef: bets $0.31
Hero: raises $0.62 to $0.93
cbd827c3: folds
559683a5: folds
25981bef: calls $0.62
*** TURN *** [9h 9s Jh] [Ac]
25981bef: bets $1.86
Hero: raises $2.7 to $4.56 and is all-in
25981bef: folds
Uncalled bet ($2.7) returned to Hero
*** SHOWDOWN ***
Hero collected $5.85 from pot
*** SUMMARY ***
Total pot $6.2 | Rake $0.3 | Jackpot $0.05 | Bingo $0 | Fortune $0
Board [9h 9s Jh Ac]
Seat 1: 25981bef folded on the Turn
Seat 2: Hero (button) won ($5.85)
Seat 3: 8521e733 (small blind) folded before Flop
Seat 5: cbd827c3 (big blind) folded on the Flop
Seat 6: 559683a5 folded on the Flop


Poker Hand #HD1175470461: Hold'em No Limit  ($0.02/$0.05) - 2023/03/25 16:23:07
Table 'NLHBlue100' 6-max Seat #1 is the button
Seat 1: 25981bef ($5 in chips)
Seat 2: Hero ($5.66 in chips)
Seat 3: 8521e733 ($5.38 in chips)
Seat 5: cbd827c3 ($6.21 in chips)
Seat 6: 559683a5 ($4.6 in chips)
Hero: posts small blind $0.02
8521e733: posts big blind $0.05
*** HOLE CARDS ***
Dealt to 25981bef 
Dealt to Hero [7h 8s]
Dealt to 8521e733 
Dealt to cbd827c3 
Dealt to 559683a5 
cbd827c3: folds
559683a5: folds
25981bef: raises $0.08 to $0.13
Hero: folds
8521e733: folds
Uncalled bet ($0.08) returned to 25981bef
*** SHOWDOWN ***
25981bef collected $0.12 from pot
*** SUMMARY ***
Total pot $0.12 | Rake $0 | Jackpot $0 | Bingo $0 | Fortune $0
Seat 1: 25981bef (button) collected ($0.12)
Seat 2: Hero (small blind) folded before Flop
Seat 3: 8521e733 (big blind) folded before Flop
Seat 5: cbd827c3 folded before Flop (didn't bet)
Seat 6: 559683a5 folded before Flop (didn't bet)


Poker Hand #HD1175470415: Hold'em No Limit  ($0.02/$0.05) - 2023/03/25 16:22:49
Table 'NLHBlue100' 6-max Seat #6 is the button
Seat 1: 25981bef ($5 in chips)
Seat 2: Hero ($5.71 in chips)
Seat 3: 8521e733 ($5.38 in chips)
Seat 5: cbd827c3 ($6.14 in chips)
Seat 6: 559683a5 ($4.6 in chips)
25981bef: posts small blind $0.02
Hero: posts big blind $0.05
*** HOLE CARDS ***
Dealt to 25981bef 
Dealt to Hero [Th 4c]
Dealt to 8521e733 
Dealt to cbd827c3 
Dealt to 559683a5 
8521e733: folds
cbd827c3: raises $0.08 to $0.13
559683a5: folds
25981bef: folds
Hero: folds
Uncalled bet ($0.08) returned to cbd827c3
*** SHOWDOWN ***
cbd827c3 collected $0.12 from pot
*** SUMMARY ***
Total pot $0.12 | Rake $0 | Jackpot $0 | Bingo $0 | Fortune $0
Seat 1: 25981bef (small blind) folded before Flop
Seat 2: Hero (big blind) folded before Flop
Seat 3: 8521e733 folded before Flop (didn't bet)
Seat 5: cbd827c3 collected ($0.12)
Seat 6: 559683a5 (button) folded before Flop (didn't bet)


Poker Hand #HD1175470281: Hold'em No Limit  ($0.02/$0.05) - 2023/03/25 16:22:02
Table 'NLHBlue100' 6-max Seat #5 is the button
Seat 1: 25981bef ($5.33 in chips)
Seat 2: Hero ($5.71 in chips)
Seat 3: 8521e733 ($5.38 in chips)
Seat 5: cbd827c3 ($6.14 in chips)
Seat 6: 559683a5 ($2.89 in chips)
559683a5: posts small blind $0.02
25981bef: posts big blind $0.05
*** HOLE CARDS ***
Dealt to 25981bef 
Dealt to Hero [Ad 4h]
Dealt to 8521e733 
Dealt to cbd827c3 
Dealt to 559683a5 
Hero: folds
8521e733: folds
cbd827c3: folds
559683a5: raises $0.1 to $0.15
25981bef: calls $0.1
*** FLOP *** [6s Kh Jc]
559683a5: bets $0.25
25981bef: calls $0.25
*** TURN *** [6s Kh Jc] [2c]
559683a5: checks
25981bef: bets $0.6
559683a5: raises $0.95 to $1.55
25981bef: calls $0.95
*** RIVER *** [6s Kh Jc 2c] [6h]
559683a5: bets $0.94 and is all-in
25981bef: folds
Uncalled bet ($0.94) returned to 559683a5
559683a5: shows [2s] (Pair of Sixes and Pair of Twos)
*** SHOWDOWN ***
559683a5 collected $3.66 from pot
*** SUMMARY ***
Total pot $3.9 | Rake $0.19 | Jackpot $0.05 | Bingo $0 | Fortune $0
Board [6s Kh Jc 2c 6h]
Seat 1: 25981bef (big blind) folded on the River
Seat 2: Hero folded before Flop (didn't bet)
Seat 3: 8521e733 folded before Flop (didn't bet)
Seat 5: cbd827c3 (button) folded before Flop (didn't bet)
Seat 6: 559683a5 (small blind) showed [2h 2s] and won ($3.66) with Twos Full over Sixes


Poker Hand #HD1175470200: Hold'em No Limit  ($0.02/$0.05) - 2023/03/25 16:21:36
Table 'NLHBlue100' 6-max Seat #3 is the button
Seat 1: 25981bef ($5.46 in chips)
Seat 2: Hero ($5.71 in chips)
Seat 3: 8521e733 ($5.38 in chips)
Seat 5: cbd827c3 ($6.16 in chips)
Seat 6: 559683a5 ($2.75 in chips)
cbd827c3: posts small blind $0.02
559683a5: posts big blind $0.05
*** HOLE CARDS ***
Dealt to 25981bef 
Dealt to Hero [6s Qc]
Dealt to 8521e733 
Dealt to cbd827c3 
Dealt to 559683a5 
25981bef: raises $0.08 to $0.13
Hero: folds
8521e733: folds
cbd827c3: folds
559683a5: calls $0.08
*** FLOP *** [3h 6d 7s]
559683a5: checks
25981bef: checks
*** TURN *** [3h 6d 7s] [2h]
559683a5: bets $0.35
25981bef: folds
Uncalled bet ($0.35) returned to 559683a5
*** SHOWDOWN ***
559683a5 collected $0.27 from pot
*** SUMMARY ***
Total pot $0.28 | Rake $0.01 | Jackpot $0 | Bingo $0 | Fortune $0
Board [3h 6d 7s 2h]
Seat 1: 25981bef folded on the Turn
Seat 2: Hero folded before Flop (didn't bet)
Seat 3: 8521e733 (button) folded before Flop (didn't bet)
Seat 5: cbd827c3 (small blind) folded before Flop
Seat 6: 559683a5 (big blind) won ($0.27)


Poker Hand #HD1175470138: Hold'em No Limit  ($0.02/$0.05) - 2023/03/25 16:21:13
Table 'NLHBlue100' 6-max Seat #2 is the button
Seat 1: 25981bef ($5.46 in chips)
Seat 2: Hero ($5.71 in chips)
Seat 3: 8521e733 ($5.24 in chips)
Seat 5: cbd827c3 ($6.31 in chips)
Seat 6: 559683a5 ($2.75 in chips)
8521e733: posts small blind $0.02
cbd827c3: posts big blind $0.05
*** HOLE CARDS ***
Dealt to 25981bef 
Dealt to Hero [4d Qc]
Dealt to 8521e733 
Dealt to cbd827c3 
Dealt to 559683a5 
559683a5: folds
25981bef: folds
Hero: folds
8521e733: raises $0.1 to $0.15
cbd827c3: calls $0.1
*** FLOP *** [Td 2s Ks]
8521e733: bets $0.1
cbd827c3: folds
Uncalled bet ($0.1) returned to 8521e733
*** SHOWDOWN ***
8521e733 collected $0.29 from pot
*** SUMMARY ***
Total pot $0.3 | Rake $0.01 | Jackpot $0 | Bingo $0 | Fortune $0
Board [Td 2s Ks]
Seat 1: 25981bef folded before Flop (didn't bet)
Seat 2: Hero (button) folded before Flop (didn't bet)
Seat 3: 8521e733 (small blind) won ($0.29)
Seat 5: cbd827c3 (big blind) folded on the Flop
Seat 6: 559683a5 folded before Flop (didn't bet)


Poker Hand #HD1175470095: Hold'em No Limit  ($0.02/$0.05) - 2023/03/25 16:20:58
Table 'NLHBlue100' 6-max Seat #1 is the button
Seat 1: 25981bef ($5.39 in chips)
Seat 2: Hero ($5.73 in chips)
Seat 3: 8521e733 ($5.29 in chips)
Seat 4: 42264f56 ($12.32 in chips)
Seat 5: cbd827c3 ($6.31 in chips)
Seat 6: 559683a5 ($2.75 in chips)
Hero: posts small blind $0.02
8521e733: posts big blind $0.05
*** HOLE CARDS ***
Dealt to 25981bef 
Dealt to Hero [Jd Qs]
Dealt to 8521e733 
Dealt to 42264f56 
Dealt to cbd827c3 
Dealt to 559683a5 
42264f56: folds
cbd827c3: folds
559683a5: folds
25981bef: raises $0.08 to $0.13
Hero: folds
8521e733: folds
Uncalled bet ($0.08) returned to 25981bef
*** SHOWDOWN ***
25981bef collected $0.12 from pot
*** SUMMARY ***
Total pot $0.12 | Rake $0 | Jackpot $0 | Bingo $0 | Fortune $0
Seat 1: 25981bef (button) collected ($0.12)
Seat 2: Hero (small blind) folded before Flop
Seat 3: 8521e733 (big blind) folded before Flop
Seat 4: 42264f56 folded before Flop (didn't bet)
Seat 5: cbd827c3 folded before Flop (didn't bet)
Seat 6: 559683a5 folded before Flop (didn't bet)


Poker Hand #HD1175469956: Hold'em No Limit  ($0.02/$0.05) - 2023/03/25 16:20:04
Table 'NLHBlue100' 6-max Seat #6 is the button
Seat 1: 25981bef ($5.52 in chips)
Seat 2: Hero ($5.36 in chips)
Seat 3: 8521e733 ($5.29 in chips)
Seat 4: 42264f56 ($12.45 in chips)
Seat 5: cbd827c3 ($6.31 in chips)
Seat 6: 559683a5 ($2.88 in chips)
25981bef: posts small blind $0.02
Hero: posts big blind $0.05
*** HOLE CARDS ***
Dealt to 25981bef 
Dealt to Hero [Kc 8c]
Dealt to 8521e733 
Dealt to 42264f56 
Dealt to cbd827c3 
Dealt to 559683a5 
8521e733: folds
42264f56: raises $0.08 to $0.13
cbd827c3: folds
559683a5: calls $0.13
25981bef: calls $0.11
Hero: calls $0.08
*** FLOP *** [6c 5c 4s]
25981bef: checks
Hero: bets $0.26
42264f56: folds
559683a5: folds
25981bef: folds
Uncalled bet ($0.26) returned to Hero
*** SHOWDOWN ***
Hero collected $0.5 from pot
*** SUMMARY ***
Total pot $0.52 | Rake $0.02 | Jackpot $0 | Bingo $0 | Fortune $0
Board [6c 5c 4s]
Seat 1: 25981bef (small blind) folded on the Flop
Seat 2: Hero (big blind) won ($0.5)
Seat 3: 8521e733 folded before Flop (didn't bet)
Seat 4: 42264f56 folded on the Flop
Seat 5: cbd827c3 folded before Flop (didn't bet)
Seat 6: 559683a5 (button) folded on the Flop


Poker Hand #HD1175469902: Hold'em No Limit  ($0.02/$0.05) - 2023/03/25 16:19:43
Table 'NLHBlue100' 6-max Seat #5 is the button
Seat 1: 25981bef ($5.57 in chips)
Seat 2: Hero ($5.36 in chips)
Seat 3: 8521e733 ($5.22 in chips)
Seat 4: 42264f56 ($12.45 in chips)
Seat 5: cbd827c3 ($6.31 in chips)
Seat 6: 559683a5 ($2.9 in chips)
559683a5: posts small blind $0.02
25981bef: posts big blind $0.05
*** HOLE CARDS ***
Dealt to 25981bef 
Dealt to Hero [Kc 4s]
Dealt to 8521e733 
Dealt to 42264f56 
Dealt to cbd827c3 
Dealt to 559683a5 
Hero: folds
8521e733: raises $0.1 to $0.15
42264f56: folds
cbd827c3: folds
559683a5: folds
25981bef: folds
Uncalled bet ($0.1) returned to 8521e733
*** SHOWDOWN ***
8521e733 collected $0.12 from pot
*** SUMMARY ***
Total pot $0.12 | Rake $0 | Jackpot $0 | Bingo $0 | Fortune $0
Seat 1: 25981bef (big blind) folded before Flop
Seat 2: Hero folded before Flop (didn't bet)
Seat 3: 8521e733 collected ($0.12)
Seat 4: 42264f56 folded before Flop (didn't bet)
Seat 5: cbd827c3 (button) folded before Flop (didn't bet)
Seat 6: 559683a5 (small blind) folded before Flop


Poker Hand #HD1175469868: Hold'em No Limit  ($0.02/$0.05) - 2023/03/25 16:19:30
Table 'NLHBlue100' 6-max Seat #4 is the button
Seat 1: 25981bef ($5.57 in chips)
Seat 2: Hero ($5.36 in chips)
Seat 3: 8521e733 ($5.22 in chips)
Seat 4: 42264f56 ($12.45 in chips)
Seat 5: cbd827c3 ($6.33 in chips)
Seat 6: 559683a5 ($2.88 in chips)
cbd827c3: posts small blind $0.02
559683a5: posts big blind $0.05
*** HOLE CARDS ***
Dealt to 25981bef 
Dealt to Hero [Qd 2c]
Dealt to 8521e733 
Dealt to 42264f56 
Dealt to cbd827c3 
Dealt to 559683a5 
25981bef: folds
Hero: folds
8521e733: folds
42264f56: folds
cbd827c3: folds
Uncalled bet ($0.03) returned to 559683a5
*** SHOWDOWN ***
559683a5 collected $0.04 from pot
*** SUMMARY ***
Total pot $0.04 | Rake $0 | Jackpot $0 | Bingo $0 | Fortune $0
Seat 1: 25981bef folded before Flop (didn't bet)
Seat 2: Hero folded before Flop (didn't bet)
Seat 3: 8521e733 folded before Flop (didn't bet)
Seat 4: 42264f56 (button) folded before Flop (didn't bet)
Seat 5: cbd827c3 (small blind) folded before Flop
Seat 6: 559683a5 (big blind) collected ($0.04)


Poker Hand #HD1175469820: Hold'em No Limit  ($0.02/$0.05) - 2023/03/25 16:19:14
Table 'NLHBlue100' 6-max Seat #3 is the button
Seat 1: 25981bef ($5.57 in chips)
Seat 2: Hero ($5.36 in chips)
Seat 3: 8521e733 ($5.22 in chips)
Seat 4: 42264f56 ($12.47 in chips)
Seat 5: cbd827c3 ($6.38 in chips)
Seat 6: 559683a5 ($2.81 in chips)
42264f56: posts small blind $0.02
cbd827c3: posts big blind $0.05
*** HOLE CARDS ***
Dealt to 25981bef 
Dealt to Hero [3s 2s]
Dealt to 8521e733 
Dealt to 42264f56 
Dealt to cbd827c3 
Dealt to 559683a5 
559683a5: raises $0.05 to $0.1
25981bef: folds
Hero: folds
8521e733: folds
42264f56: folds
cbd827c3: folds
Uncalled bet ($0.05) returned to 559683a5
*** SHOWDOWN ***
559683a5 collected $0.12 from pot
*** SUMMARY ***
Total pot $0.12 | Rake $0 | Jackpot $0 | Bingo $0 | Fortune $0
Seat 1: 25981bef folded before Flop (didn't bet)
Seat 2: Hero folded before Flop (didn't bet)
Seat 3: 8521e733 (button) folded before Flop (didn't bet)
Seat 4: 42264f56 (small blind) folded before Flop
Seat 5: cbd827c3 (big blind) folded before Flop
Seat 6: 559683a5 collected ($0.12)


Poker Hand #HD1175469765: Hold'em No Limit  ($0.02/$0.05) - 2023/03/25 16:18:55
Table 'NLHBlue100' 6-max Seat #2 is the button
Seat 1: 25981bef ($5.57 in chips)
Seat 2: Hero ($5.36 in chips)
Seat 3: 8521e733 ($5.24 in chips)
Seat 4: 42264f56 ($12.52 in chips)
Seat 5: cbd827c3 ($6.38 in chips)
Seat 6: 559683a5 ($2.74 in chips)
8521e733: posts small blind $0.02
42264f56: posts big blind $0.05
*** HOLE CARDS ***
Dealt to 25981bef 
Dealt to Hero [9c Ks]
Dealt to 8521e733 
Dealt to 42264f56 
Dealt to cbd827c3 
Dealt to 559683a5 
cbd827c3: folds
559683a5: raises $0.05 to $0.1
25981bef: folds
Hero: folds
8521e733: folds
42264f56: folds
Uncalled bet ($0.05) returned to 559683a5
*** SHOWDOWN ***
559683a5 collected $0.12 from pot
*** SUMMARY ***
Total pot $0.12 | Rake $0 | Jackpot $0 | Bingo $0 | Fortune $0
Seat 1: 25981bef folded before Flop (didn't bet)
Seat 2: Hero (button) folded before Flop (didn't bet)
Seat 3: 8521e733 (small blind) folded before Flop
Seat 4: 42264f56 (big blind) folded before Flop
Seat 5: cbd827c3 folded before Flop (didn't bet)
Seat 6: 559683a5 collected ($0.12)


Poker Hand #HD1175469723: Hold'em No Limit  ($0.02/$0.05) - 2023/03/25 16:18:39
Table 'NLHBlue100' 6-max Seat #1 is the button
Seat 1: 25981bef ($5.57 in chips)
Seat 2: Hero ($5.38 in chips)
Seat 3: 8521e733 ($5.22 in chips)
Seat 4: 42264f56 ($12.52 in chips)
Seat 5: cbd827c3 ($6.38 in chips)
Seat 6: 559683a5 ($2.74 in chips)
Hero: posts small blind $0.02
8521e733: posts big blind $0.05
*** HOLE CARDS ***
Dealt to 25981bef 
Dealt to Hero [Ks 3d]
Dealt to 8521e733 
Dealt to 42264f56 
Dealt to cbd827c3 
Dealt to 559683a5 
42264f56: folds
cbd827c3: folds
559683a5: folds
25981bef: folds
Hero: folds
Uncalled bet ($0.03) returned to 8521e733
*** SHOWDOWN ***
8521e733 collected $0.04 from pot
*** SUMMARY ***
Total pot $0.04 | Rake $0 | Jackpot $0 | Bingo $0 | Fortune $0
Seat 1: 25981bef (button) folded before Flop (didn't bet)
Seat 2: Hero (small blind) folded before Flop
Seat 3: 8521e733 (big blind) collected ($0.04)
Seat 4: 42264f56 folded before Flop (didn't bet)
Seat 5: cbd827c3 folded before Flop (didn't bet)
Seat 6: 559683a5 folded before Flop (didn't bet)


Poker Hand #HD1175469685: Hold'em No Limit  ($0.02/$0.05) - 2023/03/25 16:18:26
Table 'NLHBlue100' 6-max Seat #6 is the button
Seat 1: 25981bef ($5.59 in chips)
Seat 2: Hero ($5.43 in chips)
Seat 3: 8521e733 ($5.22 in chips)
Seat 4: 42264f56 ($12.52 in chips)
Seat 5: cbd827c3 ($6.38 in chips)
Seat 6: 559683a5 ($2.67 in chips)
25981bef: posts small blind $0.02
Hero: posts big blind $0.05
*** HOLE CARDS ***
Dealt to 25981bef 
Dealt to Hero [6c Js]
Dealt to 8521e733 
Dealt to 42264f56 
Dealt to cbd827c3 
Dealt to 559683a5 
8521e733: folds
42264f56: folds
cbd827c3: folds
559683a5: raises $0.1 to $0.15
25981bef: folds
Hero: folds
Uncalled bet ($0.1) returned to 559683a5
*** SHOWDOWN ***
559683a5 collected $0.12 from pot
*** SUMMARY ***
Total pot $0.12 | Rake $0 | Jackpot $0 | Bingo $0 | Fortune $0
Seat 1: 25981bef (small blind) folded before Flop
Seat 2: Hero (big blind) folded before Flop
Seat 3: 8521e733 folded before Flop (didn't bet)
Seat 4: 42264f56 folded before Flop (didn't bet)
Seat 5: cbd827c3 folded before Flop (didn't bet)
Seat 6: 559683a5 (button) collected ($0.12)


Poker Hand #HD1175469597: Hold'em No Limit  ($0.02/$0.05) - 2023/03/25 16:17:57
Table 'NLHBlue100' 6-max Seat #5 is the button
Seat 1: 25981bef ($5.72 in chips)
Seat 2: Hero ($5.43 in chips)
Seat 3: 8521e733 ($5.22 in chips)
Seat 4: 42264f56 ($12.38 in chips)
Seat 5: cbd827c3 ($6.38 in chips)
Seat 6: 559683a5 ($2.69 in chips)
559683a5: posts small blind $0.02
25981bef: posts big blind $0.05
*** HOLE CARDS ***
Dealt to 25981bef 
Dealt to Hero [7c Qh]
Dealt to 8521e733 
Dealt to 42264f56 
Dealt to cbd827c3 
Dealt to 559683a5 
Hero: folds
8521e733: folds
42264f56: raises $0.08 to $0.13
cbd827c3: folds
559683a5: folds
25981bef: calls $0.08
*** FLOP *** [8h Kc Jd]
25981bef: checks
42264f56: bets $0.22
25981bef: folds
Uncalled bet ($0.22) returned to 42264f56
*** SHOWDOWN ***
42264f56 collected $0.27 from pot
*** SUMMARY ***
Total pot $0.28 | Rake $0.01 | Jackpot $0 | Bingo $0 | Fortune $0
Board [8h Kc Jd]
Seat 1: 25981bef (big blind) folded on the Flop
Seat 2: Hero folded before Flop (didn't bet)
Seat 3: 8521e733 folded before Flop (didn't bet)
Seat 4: 42264f56 won ($0.27)
Seat 5: cbd827c3 (button) folded before Flop (didn't bet)
Seat 6: 559683a5 (small blind) folded before Flop


Poker Hand #HD1175469553: Hold'em No Limit  ($0.02/$0.05) - 2023/03/25 16:17:37
Table 'NLHBlue100' 6-max Seat #4 is the button
Seat 1: 25981bef ($5.72 in chips)
Seat 2: Hero ($5.43 in chips)
Seat 3: 8521e733 ($5.22 in chips)
Seat 4: 42264f56 ($12.38 in chips)
Seat 5: cbd827c3 ($6.4 in chips)
Seat 6: 559683a5 ($2.67 in chips)
cbd827c3: posts small blind $0.02
559683a5: posts big blind $0.05
*** HOLE CARDS ***
Dealt to 25981bef 
Dealt to Hero [Ks 6c]
Dealt to 8521e733 
Dealt to 42264f56 
Dealt to cbd827c3 
Dealt to 559683a5 
25981bef: folds
Hero: folds
8521e733: folds
42264f56: folds
cbd827c3: folds
Uncalled bet ($0.03) returned to 559683a5
*** SHOWDOWN ***
559683a5 collected $0.04 from pot
*** SUMMARY ***
Total pot $0.04 | Rake $0 | Jackpot $0 | Bingo $0 | Fortune $0
Seat 1: 25981bef folded before Flop (didn't bet)
Seat 2: Hero folded before Flop (didn't bet)
Seat 3: 8521e733 folded before Flop (didn't bet)
Seat 4: 42264f56 (button) folded before Flop (didn't bet)
Seat 5: cbd827c3 (small blind) folded before Flop
Seat 6: 559683a5 (big blind) collected ($0.04)


Poker Hand #HD1175469509: Hold'em No Limit  ($0.02/$0.05) - 2023/03/25 16:17:26
Table 'NLHBlue100' 6-max Seat #3 is the button
Seat 1: 25981bef ($5.72 in chips)
Seat 2: Hero ($5.43 in chips)
Seat 3: 8521e733 ($5.22 in chips)
Seat 4: 42264f56 ($12.4 in chips)
Seat 5: cbd827c3 ($6.45 in chips)
Seat 6: 559683a5 ($2.6 in chips)
42264f56: posts small blind $0.02
cbd827c3: posts big blind $0.05
*** HOLE CARDS ***
Dealt to 25981bef 
Dealt to Hero [4c 8c]
Dealt to 8521e733 
Dealt to 42264f56 
Dealt to cbd827c3 
Dealt to 559683a5 
559683a5: raises $0.1 to $0.15
25981bef: folds
Hero: folds
8521e733: folds
42264f56: folds
cbd827c3: folds
Uncalled bet ($0.1) returned to 559683a5
*** SHOWDOWN ***
559683a5 collected $0.12 from pot
*** SUMMARY ***
Total pot $0.12 | Rake $0 | Jackpot $0 | Bingo $0 | Fortune $0
Seat 1: 25981bef folded before Flop (didn't bet)
Seat 2: Hero folded before Flop (didn't bet)
Seat 3: 8521e733 (button) folded before Flop (didn't bet)
Seat 4: 42264f56 (small blind) folded before Flop
Seat 5: cbd827c3 (big blind) folded before Flop
Seat 6: 559683a5 collected ($0.12)


Poker Hand #HD1175469433: Hold'em No Limit  ($0.02/$0.05) - 2023/03/25 16:16:58
Table 'NLHBlue100' 6-max Seat #2 is the button
Seat 1: 25981bef ($5.72 in chips)
Seat 2: Hero ($5 in chips)
Seat 3: 8521e733 ($5.24 in chips)
Seat 4: 42264f56 ($12.45 in chips)
Seat 5: cbd827c3 ($6.45 in chips)
Seat 6: 559683a5 ($3 in chips)
8521e733: posts small blind $0.02
42264f56: posts big blind $0.05
*** HOLE CARDS ***
Dealt to 25981bef 
Dealt to Hero [Kc Ah]
Dealt to 8521e733 
Dealt to 42264f56 
Dealt to cbd827c3 
Dealt to 559683a5 
cbd827c3: folds
559683a5: raises $0.1 to $0.15
25981bef: folds
Hero: raises $0.25 to $0.4
8521e733: folds
42264f56: folds
559683a5: calls $0.25
*** FLOP *** [As 9d Kd]
559683a5: checks
Hero: bets $0.66
559683a5: folds
Uncalled bet ($0.66) returned to Hero
*** SHOWDOWN ***
Hero collected $0.83 from pot
*** SUMMARY ***
Total pot $0.87 | Rake $0.04 | Jackpot $0 | Bingo $0 | Fortune $0
Board [As 9d Kd]
Seat 1: 25981bef folded before Flop (didn't bet)
Seat 2: Hero (button) won ($0.83)
Seat 3: 8521e733 (small blind) folded before Flop
Seat 4: 42264f56 (big blind) folded before Flop
Seat 5: cbd827c3 folded before Flop (didn't bet)
Seat 6: 559683a5 folded on the Flop


Poker Hand #HD1175469356: Hold'em No Limit  ($0.02/$0.05) - 2023/03/25 16:16:30
Table 'NLHBlue100' 6-max Seat #1 is the button
Seat 1: 25981bef ($5.72 in chips)
Seat 2: Hero ($5.02 in chips)
Seat 3: 8521e733 ($5.08 in chips)
Seat 4: 42264f56 ($12.45 in chips)
Seat 5: cbd827c3 ($6.6 in chips)
Seat 6: 559683a5 ($3 in chips)
Hero: posts small blind $0.02
8521e733: posts big blind $0.05
*** HOLE CARDS ***
Dealt to 25981bef 
Dealt to Hero [2s 8d]
Dealt to 8521e733 
Dealt to 42264f56 
Dealt to cbd827c3 
Dealt to 559683a5 
42264f56: folds
cbd827c3: raises $0.1 to $0.15
559683a5: folds
25981bef: folds
Hero: folds
8521e733: calls $0.1
*** FLOP *** [2h 5s 3h]
8521e733: bets $0.16
cbd827c3: folds
Uncalled bet ($0.16) returned to 8521e733
*** SHOWDOWN ***
8521e733 collected $0.31 from pot
*** SUMMARY ***
Total pot $0.32 | Rake $0.01 | Jackpot $0 | Bingo $0 | Fortune $0
Board [2h 5s 3h]
Seat 1: 25981bef (button) folded before Flop (didn't bet)
Seat 2: Hero (small blind) folded before Flop
Seat 3: 8521e733 (big blind) won ($0.31)
Seat 4: 42264f56 folded before Flop (didn't bet)
Seat 5: cbd827c3 folded on the Flop
Seat 6: 559683a5 folded before Flop (didn't bet)


Poker Hand #HD1175469312: Hold'em No Limit  ($0.02/$0.05) - 2023/03/25 16:16:14
Table 'NLHBlue100' 6-max Seat #6 is the button
Seat 1: 25981bef ($5.74 in chips)
Seat 2: Hero ($5 in chips)
Seat 3: 8521e733 ($5.08 in chips)
Seat 4: 42264f56 ($12.45 in chips)
Seat 5: cbd827c3 ($6.6 in chips)
Seat 6: 559683a5 ($3 in chips)
25981bef: posts small blind $0.02
Hero: posts big blind $0.05
*** HOLE CARDS ***
Dealt to 25981bef 
Dealt to Hero [Kh As]
Dealt to 8521e733 
Dealt to 42264f56 
Dealt to cbd827c3 
Dealt to 559683a5 
8521e733: folds
42264f56: folds
cbd827c3: folds
559683a5: folds
25981bef: folds
Uncalled bet ($0.03) returned to Hero
*** SHOWDOWN ***
Hero collected $0.04 from pot
*** SUMMARY ***
Total pot $0.04 | Rake $0 | Jackpot $0 | Bingo $0 | Fortune $0
Seat 1: 25981bef (small blind) folded before Flop
Seat 2: Hero (big blind) collected ($0.04)
Seat 3: 8521e733 folded before Flop (didn't bet)
Seat 4: 42264f56 folded before Flop (didn't bet)
Seat 5: cbd827c3 folded before Flop (didn't bet)
Seat 6: 559683a5 (button) folded before Flop (didn't bet)


