Poker Hand #HD1204275723: Hold'em No Limit  ($0.02/$0.05) - 2023/04/15 16:31:25
Table 'NLHBlue44' 6-max Seat #2 is the button
Seat 1: dc2d069c ($5.69 in chips)
Seat 2: 9450217d ($5 in chips)
Seat 4: 7007ad33 ($7.24 in chips)
Seat 5: 49299c0c ($5 in chips)
Seat 6: Hero ($13.66 in chips)
7007ad33: posts small blind $0.02
49299c0c: posts big blind $0.05
*** HOLE CARDS ***
Dealt to dc2d069c 
Dealt to 9450217d 
Dealt to 7007ad33 
Dealt to 49299c0c 
Dealt to Hero [3s 7h]
Hero: folds
dc2d069c: raises $0.1 to $0.15
9450217d: folds
7007ad33: raises $0.25 to $0.4
49299c0c: folds
dc2d069c: calls $0.25
*** FLOP *** [Kd 5c 4s]
7007ad33: bets $0.29
dc2d069c: folds
Uncalled bet ($0.29) returned to 7007ad33
*** SHOWDOWN ***
7007ad33 collected $0.81 from pot
*** SUMMARY ***
Total pot $0.85 | Rake $0.04 | Jackpot $0 | Bingo $0 | Fortune $0
Board [Kd 5c 4s]
Seat 1: dc2d069c folded on the Flop
Seat 2: 9450217d (button) folded before Flop (didn't bet)
Seat 4: 7007ad33 (small blind) won ($0.81)
Seat 5: 49299c0c (big blind) folded before Flop
Seat 6: Hero folded before Flop (didn't bet)


Poker Hand #HD1204275692: Hold'em No Limit  ($0.02/$0.05) - 2023/04/15 16:31:11
Table 'NLHBlue44' 6-max Seat #1 is the button
Seat 1: dc2d069c ($5.69 in chips)
Seat 2: 9450217d ($5.02 in chips)
Seat 4: 7007ad33 ($7.22 in chips)
Seat 6: Hero ($13.66 in chips)
9450217d: posts small blind $0.02
7007ad33: posts big blind $0.05
*** HOLE CARDS ***
Dealt to dc2d069c 
Dealt to 9450217d 
Dealt to 7007ad33 
Dealt to Hero [Jh 6c]
Hero: folds
dc2d069c: folds
9450217d: folds
Uncalled bet ($0.03) returned to 7007ad33
*** SHOWDOWN ***
7007ad33 collected $0.04 from pot
*** SUMMARY ***
Total pot $0.04 | Rake $0 | Jackpot $0 | Bingo $0 | Fortune $0
Seat 1: dc2d069c (button) folded before Flop (didn't bet)
Seat 2: 9450217d (small blind) folded before Flop
Seat 4: 7007ad33 (big blind) collected ($0.04)
Seat 6: Hero folded before Flop (didn't bet)


Poker Hand #HD1204275665: Hold'em No Limit  ($0.02/$0.05) - 2023/04/15 16:30:59
Table 'NLHBlue44' 6-max Seat #6 is the button
Seat 1: dc2d069c ($5.64 in chips)
Seat 2: 9450217d ($5.07 in chips)
Seat 4: 7007ad33 ($7.22 in chips)
Seat 6: Hero ($13.66 in chips)
dc2d069c: posts small blind $0.02
9450217d: posts big blind $0.05
*** HOLE CARDS ***
Dealt to dc2d069c 
Dealt to 9450217d 
Dealt to 7007ad33 
Dealt to Hero [5c 7s]
7007ad33: folds
Hero: folds
dc2d069c: raises $0.12 to $0.17
9450217d: folds
Uncalled bet ($0.12) returned to dc2d069c
*** SHOWDOWN ***
dc2d069c collected $0.1 from pot
*** SUMMARY ***
Total pot $0.1 | Rake $0 | Jackpot $0 | Bingo $0 | Fortune $0
Seat 1: dc2d069c (small blind) collected ($0.1)
Seat 2: 9450217d (big blind) folded before Flop
Seat 4: 7007ad33 folded before Flop (didn't bet)
Seat 6: Hero (button) folded before Flop (didn't bet)


Poker Hand #HD1204275642: Hold'em No Limit  ($0.02/$0.05) - 2023/04/15 16:30:49
Table 'NLHBlue44' 6-max Seat #4 is the button
Seat 1: dc2d069c ($5.69 in chips)
Seat 2: 9450217d ($5.07 in chips)
Seat 4: 7007ad33 ($7.22 in chips)
Seat 6: Hero ($13.61 in chips)
Hero: posts small blind $0.02
dc2d069c: posts big blind $0.05
*** HOLE CARDS ***
Dealt to dc2d069c 
Dealt to 9450217d 
Dealt to 7007ad33 
Dealt to Hero [Qd 2d]
9450217d: folds
7007ad33: folds
Hero: raises $0.09 to $0.14
dc2d069c: folds
Uncalled bet ($0.09) returned to Hero
*** SHOWDOWN ***
Hero collected $0.1 from pot
*** SUMMARY ***
Total pot $0.1 | Rake $0 | Jackpot $0 | Bingo $0 | Fortune $0
Seat 1: dc2d069c (big blind) folded before Flop
Seat 2: 9450217d folded before Flop (didn't bet)
Seat 4: 7007ad33 (button) folded before Flop (didn't bet)
Seat 6: Hero (small blind) collected ($0.1)


Poker Hand #HD1204185627: Hold'em No Limit  ($0.02/$0.05) - 2023/04/15 16:30:38
Table 'NLHBlue44' 6-max Seat #2 is the button
Seat 1: dc2d069c ($5.69 in chips)
Seat 2: 9450217d ($5 in chips)
Seat 4: 7007ad33 ($7.24 in chips)
Seat 6: Hero ($13.66 in chips)
7007ad33: posts small blind $0.02
Hero: posts big blind $0.05
*** HOLE CARDS ***
Dealt to dc2d069c 
Dealt to 9450217d 
Dealt to 7007ad33 
Dealt to Hero [3h Td]
dc2d069c: folds
9450217d: raises $0.08 to $0.13
7007ad33: folds
Hero: folds
Uncalled bet ($0.08) returned to 9450217d
*** SHOWDOWN ***
9450217d collected $0.12 from pot
*** SUMMARY ***
Total pot $0.12 | Rake $0 | Jackpot $0 | Bingo $0 | Fortune $0
Seat 1: dc2d069c folded before Flop (didn't bet)
Seat 2: 9450217d (button) collected ($0.12)
Seat 4: 7007ad33 (small blind) folded before Flop
Seat 6: Hero (big blind) folded before Flop


Poker Hand #HD1204185589: Hold'em No Limit  ($0.02/$0.05) - 2023/04/15 16:30:17
Table 'NLHBlue44' 6-max Seat #1 is the button
Seat 1: dc2d069c ($5.69 in chips)
Seat 2: 9450217d ($5.02 in chips)
Seat 4: 7007ad33 ($7.29 in chips)
Seat 5: 9537aff1 ($5 in chips)
Seat 6: Hero ($13.59 in chips)
9450217d: posts small blind $0.02
7007ad33: posts big blind $0.05
*** HOLE CARDS ***
Dealt to dc2d069c 
Dealt to 9450217d 
Dealt to 7007ad33 
Dealt to 9537aff1 
Dealt to Hero [Ts As]
9537aff1: folds
Hero: raises $0.07 to $0.12
dc2d069c: folds
9450217d: folds
7007ad33: folds
Uncalled bet ($0.07) returned to Hero
*** SHOWDOWN ***
Hero collected $0.12 from pot
*** SUMMARY ***
Total pot $0.12 | Rake $0 | Jackpot $0 | Bingo $0 | Fortune $0
Seat 1: dc2d069c (button) folded before Flop (didn't bet)
Seat 2: 9450217d (small blind) folded before Flop
Seat 4: 7007ad33 (big blind) folded before Flop
Seat 5: 9537aff1 folded before Flop (didn't bet)
Seat 6: Hero collected ($0.12)


Poker Hand #HD1204185546: Hold'em No Limit  ($0.02/$0.05) - 2023/04/15 16:30:00
Table 'NLHBlue44' 6-max Seat #6 is the button
Seat 1: dc2d069c ($5.71 in chips)
Seat 2: 9450217d ($5 in chips)
Seat 4: 7007ad33 ($7.29 in chips)
Seat 5: 9537aff1 ($5 in chips)
Seat 6: Hero ($13.59 in chips)
dc2d069c: posts small blind $0.02
9450217d: posts big blind $0.05
*** HOLE CARDS ***
Dealt to dc2d069c 
Dealt to 9450217d 
Dealt to 7007ad33 
Dealt to 9537aff1 
Dealt to Hero [Jh 5c]
7007ad33: folds
9537aff1: folds
Hero: folds
dc2d069c: folds
Uncalled bet ($0.03) returned to 9450217d
*** SHOWDOWN ***
9450217d collected $0.04 from pot
*** SUMMARY ***
Total pot $0.04 | Rake $0 | Jackpot $0 | Bingo $0 | Fortune $0
Seat 1: dc2d069c (small blind) folded before Flop
Seat 2: 9450217d (big blind) collected ($0.04)
Seat 4: 7007ad33 folded before Flop (didn't bet)
Seat 5: 9537aff1 folded before Flop (didn't bet)
Seat 6: Hero (button) folded before Flop (didn't bet)


Poker Hand #HD1204185522: Hold'em No Limit  ($0.02/$0.05) - 2023/04/15 16:29:42
Table 'NLHBlue44' 6-max Seat #5 is the button
Seat 1: dc2d069c ($5.69 in chips)
Seat 2: 9450217d ($5 in chips)
Seat 4: 7007ad33 ($7.29 in chips)
Seat 5: 9537aff1 ($4.98 in chips)
Seat 6: Hero ($13.61 in chips)
Hero: posts small blind $0.02
dc2d069c: posts big blind $0.05
*** HOLE CARDS ***
Dealt to dc2d069c 
Dealt to 9450217d 
Dealt to 7007ad33 
Dealt to 9537aff1 
Dealt to Hero [9d 5h]
9450217d: folds
7007ad33: folds
9537aff1: folds
Hero: folds
Uncalled bet ($0.03) returned to dc2d069c
*** SHOWDOWN ***
dc2d069c collected $0.04 from pot
*** SUMMARY ***
Total pot $0.04 | Rake $0 | Jackpot $0 | Bingo $0 | Fortune $0
Seat 1: dc2d069c (big blind) collected ($0.04)
Seat 2: 9450217d folded before Flop (didn't bet)
Seat 4: 7007ad33 folded before Flop (didn't bet)
Seat 5: 9537aff1 (button) folded before Flop (didn't bet)
Seat 6: Hero (small blind) folded before Flop


Poker Hand #HD1204185499: Hold'em No Limit  ($0.02/$0.05) - 2023/04/15 16:29:31
Table 'NLHBlue44' 6-max Seat #4 is the button
Seat 1: dc2d069c ($5.69 in chips)
Seat 2: 9450217d ($5 in chips)
Seat 4: 7007ad33 ($7.29 in chips)
Seat 5: 9537aff1 ($5 in chips)
Seat 6: Hero ($13.59 in chips)
9537aff1: posts small blind $0.02
Hero: posts big blind $0.05
*** HOLE CARDS ***
Dealt to dc2d069c 
Dealt to 9450217d 
Dealt to 7007ad33 
Dealt to 9537aff1 
Dealt to Hero [6c 9h]
dc2d069c: folds
9450217d: folds
7007ad33: folds
9537aff1: folds
Uncalled bet ($0.03) returned to Hero
*** SHOWDOWN ***
Hero collected $0.04 from pot
*** SUMMARY ***
Total pot $0.04 | Rake $0 | Jackpot $0 | Bingo $0 | Fortune $0
Seat 1: dc2d069c folded before Flop (didn't bet)
Seat 2: 9450217d folded before Flop (didn't bet)
Seat 4: 7007ad33 (button) folded before Flop (didn't bet)
Seat 5: 9537aff1 (small blind) folded before Flop
Seat 6: Hero (big blind) collected ($0.04)


Poker Hand #HD1204185360: Hold'em No Limit  ($0.02/$0.05) - 2023/04/15 16:28:15
Table 'NLHBlue44' 6-max Seat #2 is the button
Seat 1: dc2d069c ($5 in chips)
Seat 2: 9450217d ($5 in chips)
Seat 4: 7007ad33 ($7.31 in chips)
Seat 5: 9537aff1 ($5 in chips)
Seat 6: Hero ($13.59 in chips)
7007ad33: posts small blind $0.02
9537aff1: posts big blind $0.05
*** HOLE CARDS ***
Dealt to dc2d069c 
Dealt to 9450217d 
Dealt to 7007ad33 
Dealt to 9537aff1 
Dealt to Hero [Ad 5s]
Hero: folds
dc2d069c: raises $0.1 to $0.15
9450217d: folds
7007ad33: folds
9537aff1: calls $0.1
*** FLOP *** [Jc Ts 3s]
9537aff1: checks
dc2d069c: bets $0.16
9537aff1: calls $0.16
*** TURN *** [Jc Ts 3s] [Kc]
9537aff1: bets $0.48
dc2d069c: calls $0.48
*** RIVER *** [Jc Ts 3s Kc] [8s]
9537aff1: checks
dc2d069c: bets $0.8
9537aff1: folds
Uncalled bet ($0.8) returned to dc2d069c
*** SHOWDOWN ***
dc2d069c collected $1.48 from pot
*** SUMMARY ***
Total pot $1.6 | Rake $0.07 | Jackpot $0.05 | Bingo $0 | Fortune $0
Board [Jc Ts 3s Kc 8s]
Seat 1: dc2d069c won ($1.48)
Seat 2: 9450217d (button) folded before Flop (didn't bet)
Seat 4: 7007ad33 (small blind) folded before Flop
Seat 5: 9537aff1 (big blind) folded on the River
Seat 6: Hero folded before Flop (didn't bet)


Poker Hand #HD1204185331: Hold'em No Limit  ($0.02/$0.05) - 2023/04/15 16:27:58
Table 'NLHBlue44' 6-max Seat #1 is the button
Seat 1: dc2d069c ($5 in chips)
Seat 2: 9450217d ($5 in chips)
Seat 4: 7007ad33 ($7.29 in chips)
Seat 5: 9537aff1 ($5 in chips)
Seat 6: Hero ($13.59 in chips)
9450217d: posts small blind $0.02
7007ad33: posts big blind $0.05
*** HOLE CARDS ***
Dealt to dc2d069c 
Dealt to 9450217d 
Dealt to 7007ad33 
Dealt to 9537aff1 
Dealt to Hero [As 5d]
9537aff1: folds
Hero: folds
dc2d069c: folds
9450217d: folds
Uncalled bet ($0.03) returned to 7007ad33
*** SHOWDOWN ***
7007ad33 collected $0.04 from pot
*** SUMMARY ***
Total pot $0.04 | Rake $0 | Jackpot $0 | Bingo $0 | Fortune $0
Seat 1: dc2d069c (button) folded before Flop (didn't bet)
Seat 2: 9450217d (small blind) folded before Flop
Seat 4: 7007ad33 (big blind) collected ($0.04)
Seat 5: 9537aff1 folded before Flop (didn't bet)
Seat 6: Hero folded before Flop (didn't bet)


Poker Hand #HD1204185227: Hold'em No Limit  ($0.02/$0.05) - 2023/04/15 16:27:04
Table 'NLHBlue44' 6-max Seat #6 is the button
Seat 1: dc2d069c ($5.02 in chips)
Seat 2: 9450217d ($5.19 in chips)
Seat 4: 7007ad33 ($7.29 in chips)
Seat 5: 9537aff1 ($5 in chips)
Seat 6: Hero ($13.34 in chips)
dc2d069c: posts small blind $0.02
9450217d: posts big blind $0.05
*** HOLE CARDS ***
Dealt to dc2d069c 
Dealt to 9450217d 
Dealt to 7007ad33 
Dealt to 9537aff1 
Dealt to Hero [Td Jd]
7007ad33: folds
9537aff1: folds
Hero: raises $0.07 to $0.12
dc2d069c: folds
9450217d: calls $0.07
*** FLOP *** [5s Kd 6d]
9450217d: checks
Hero: bets $0.13
9450217d: calls $0.13
*** TURN *** [5s Kd 6d] [6c]
9450217d: checks
Hero: bets $0.26
9450217d: folds
Uncalled bet ($0.26) returned to Hero
*** SHOWDOWN ***
Hero collected $0.5 from pot
*** SUMMARY ***
Total pot $0.52 | Rake $0.02 | Jackpot $0 | Bingo $0 | Fortune $0
Board [5s Kd 6d 6c]
Seat 1: dc2d069c (small blind) folded before Flop
Seat 2: 9450217d (big blind) folded on the Turn
Seat 4: 7007ad33 folded before Flop (didn't bet)
Seat 5: 9537aff1 folded before Flop (didn't bet)
Seat 6: Hero (button) won ($0.5)


Poker Hand #HD1204185212: Hold'em No Limit  ($0.02/$0.05) - 2023/04/15 16:26:57
Table 'NLHBlue44' 6-max Seat #5 is the button
Seat 1: dc2d069c ($5 in chips)
Seat 2: 9450217d ($5.19 in chips)
Seat 4: 7007ad33 ($7.29 in chips)
Seat 5: 9537aff1 ($5 in chips)
Seat 6: Hero ($13.36 in chips)
Hero: posts small blind $0.02
dc2d069c: posts big blind $0.05
*** HOLE CARDS ***
Dealt to dc2d069c 
Dealt to 9450217d 
Dealt to 7007ad33 
Dealt to 9537aff1 
Dealt to Hero [Th 7d]
9450217d: folds
7007ad33: folds
9537aff1: folds
Hero: folds
Uncalled bet ($0.03) returned to dc2d069c
*** SHOWDOWN ***
dc2d069c collected $0.04 from pot
*** SUMMARY ***
Total pot $0.04 | Rake $0 | Jackpot $0 | Bingo $0 | Fortune $0
Seat 1: dc2d069c (big blind) collected ($0.04)
Seat 2: 9450217d folded before Flop (didn't bet)
Seat 4: 7007ad33 folded before Flop (didn't bet)
Seat 5: 9537aff1 (button) folded before Flop (didn't bet)
Seat 6: Hero (small blind) folded before Flop


Poker Hand #HD1204185194: Hold'em No Limit  ($0.02/$0.05) - 2023/04/15 16:26:44
Table 'NLHBlue44' 6-max Seat #4 is the button
Seat 1: dc2d069c ($5 in chips)
Seat 2: 9450217d ($5.19 in chips)
Seat 4: 7007ad33 ($7.22 in chips)
Seat 5: 9537aff1 ($5 in chips)
Seat 6: Hero ($13.41 in chips)
9537aff1: posts small blind $0.02
Hero: posts big blind $0.05
*** HOLE CARDS ***
Dealt to dc2d069c 
Dealt to 9450217d 
Dealt to 7007ad33 
Dealt to 9537aff1 
Dealt to Hero [5c 3s]
dc2d069c: folds
9450217d: folds
7007ad33: raises $0.08 to $0.13
9537aff1: folds
Hero: folds
Uncalled bet ($0.08) returned to 7007ad33
*** SHOWDOWN ***
7007ad33 collected $0.12 from pot
*** SUMMARY ***
Total pot $0.12 | Rake $0 | Jackpot $0 | Bingo $0 | Fortune $0
Seat 1: dc2d069c folded before Flop (didn't bet)
Seat 2: 9450217d folded before Flop (didn't bet)
Seat 4: 7007ad33 (button) collected ($0.12)
Seat 5: 9537aff1 (small blind) folded before Flop
Seat 6: Hero (big blind) folded before Flop


Poker Hand #HD1204185139: Hold'em No Limit  ($0.02/$0.05) - 2023/04/15 16:26:12
Table 'NLHBlue44' 6-max Seat #3 is the button
Seat 1: dc2d069c ($5 in chips)
Seat 2: 9450217d ($5.12 in chips)
Seat 3: bdff758 ($9.36 in chips)
Seat 4: 7007ad33 ($7.24 in chips)
Seat 5: 9537aff1 ($5 in chips)
Seat 6: Hero ($13.41 in chips)
7007ad33: posts small blind $0.02
9537aff1: posts big blind $0.05
*** HOLE CARDS ***
Dealt to dc2d069c 
Dealt to 9450217d 
Dealt to bdff758 
Dealt to 7007ad33 
Dealt to 9537aff1 
Dealt to Hero [9d Qs]
Hero: folds
dc2d069c: folds
9450217d: raises $0.08 to $0.13
bdff758: folds
7007ad33: folds
9537aff1: folds
Uncalled bet ($0.08) returned to 9450217d
*** SHOWDOWN ***
9450217d collected $0.12 from pot
*** SUMMARY ***
Total pot $0.12 | Rake $0 | Jackpot $0 | Bingo $0 | Fortune $0
Seat 1: dc2d069c folded before Flop (didn't bet)
Seat 2: 9450217d collected ($0.12)
Seat 3: bdff758 (button) folded before Flop (didn't bet)
Seat 4: 7007ad33 (small blind) folded before Flop
Seat 5: 9537aff1 (big blind) folded before Flop
Seat 6: Hero folded before Flop (didn't bet)


Poker Hand #HD1204185102: Hold'em No Limit  ($0.02/$0.05) - 2023/04/15 16:25:53
Table 'NLHBlue44' 6-max Seat #2 is the button
Seat 1: dc2d069c ($5 in chips)
Seat 2: 9450217d ($5.12 in chips)
Seat 3: bdff758 ($9.38 in chips)
Seat 4: 7007ad33 ($7.22 in chips)
Seat 5: 9537aff1 ($5 in chips)
Seat 6: Hero ($13.41 in chips)
bdff758: posts small blind $0.02
7007ad33: posts big blind $0.05
*** HOLE CARDS ***
Dealt to dc2d069c 
Dealt to 9450217d 
Dealt to bdff758 
Dealt to 7007ad33 
Dealt to 9537aff1 
Dealt to Hero [8d Jc]
9537aff1: folds
Hero: folds
dc2d069c: folds
9450217d: folds
bdff758: folds
Uncalled bet ($0.03) returned to 7007ad33
*** SHOWDOWN ***
7007ad33 collected $0.04 from pot
*** SUMMARY ***
Total pot $0.04 | Rake $0 | Jackpot $0 | Bingo $0 | Fortune $0
Seat 1: dc2d069c folded before Flop (didn't bet)
Seat 2: 9450217d (button) folded before Flop (didn't bet)
Seat 3: bdff758 (small blind) folded before Flop
Seat 4: 7007ad33 (big blind) collected ($0.04)
Seat 5: 9537aff1 folded before Flop (didn't bet)
Seat 6: Hero folded before Flop (didn't bet)


Poker Hand #HD1204185067: Hold'em No Limit  ($0.02/$0.05) - 2023/04/15 16:25:36
Table 'NLHBlue44' 6-max Seat #1 is the button
Seat 1: dc2d069c ($5 in chips)
Seat 2: 9450217d ($5.14 in chips)
Seat 3: bdff758 ($9.43 in chips)
Seat 4: 7007ad33 ($7.22 in chips)
Seat 5: 9537aff1 ($5 in chips)
Seat 6: Hero ($13.34 in chips)
9450217d: posts small blind $0.02
bdff758: posts big blind $0.05
*** HOLE CARDS ***
Dealt to dc2d069c 
Dealt to 9450217d 
Dealt to bdff758 
Dealt to 7007ad33 
Dealt to 9537aff1 
Dealt to Hero [Jh Qh]
7007ad33: folds
9537aff1: folds
Hero: raises $0.07 to $0.12
dc2d069c: folds
9450217d: folds
bdff758: folds
Uncalled bet ($0.07) returned to Hero
*** SHOWDOWN ***
Hero collected $0.12 from pot
*** SUMMARY ***
Total pot $0.12 | Rake $0 | Jackpot $0 | Bingo $0 | Fortune $0
Seat 1: dc2d069c (button) folded before Flop (didn't bet)
Seat 2: 9450217d (small blind) folded before Flop
Seat 3: bdff758 (big blind) folded before Flop
Seat 4: 7007ad33 folded before Flop (didn't bet)
Seat 5: 9537aff1 folded before Flop (didn't bet)
Seat 6: Hero collected ($0.12)


Poker Hand #HD1204184978: Hold'em No Limit  ($0.02/$0.05) - 2023/04/15 16:24:45
Table 'NLHBlue44' 6-max Seat #6 is the button
Seat 1: dc2d069c ($5 in chips)
Seat 2: 9450217d ($5.19 in chips)
Seat 3: bdff758 ($9.69 in chips)
Seat 4: 7007ad33 ($7.22 in chips)
Seat 5: 9537aff1 ($5 in chips)
Seat 6: Hero ($13.04 in chips)
dc2d069c: posts small blind $0.02
9450217d: posts big blind $0.05
*** HOLE CARDS ***
Dealt to dc2d069c 
Dealt to 9450217d 
Dealt to bdff758 
Dealt to 7007ad33 
Dealt to 9537aff1 
Dealt to Hero [Ah 3h]
bdff758: raises $0.05 to $0.1
7007ad33: folds
9537aff1: folds
Hero: raises $0.16 to $0.26
dc2d069c: folds
9450217d: folds
bdff758: calls $0.16
*** FLOP *** [Kh 2d 2h]
bdff758: checks
Hero: bets $0.32
bdff758: folds
Uncalled bet ($0.32) returned to Hero
*** SHOWDOWN ***
Hero collected $0.56 from pot
*** SUMMARY ***
Total pot $0.59 | Rake $0.03 | Jackpot $0 | Bingo $0 | Fortune $0
Board [Kh 2d 2h]
Seat 1: dc2d069c (small blind) folded before Flop
Seat 2: 9450217d (big blind) folded before Flop
Seat 3: bdff758 folded on the Flop
Seat 4: 7007ad33 folded before Flop (didn't bet)
Seat 5: 9537aff1 folded before Flop (didn't bet)
Seat 6: Hero (button) won ($0.56)


Poker Hand #HD1204184870: Hold'em No Limit  ($0.02/$0.05) - 2023/04/15 16:23:47
Table 'NLHBlue44' 6-max Seat #5 is the button
Seat 1: dc2d069c ($5 in chips)
Seat 2: 9450217d ($5.19 in chips)
Seat 3: bdff758 ($9.69 in chips)
Seat 4: 7007ad33 ($7.08 in chips)
Seat 5: 9537aff1 ($5 in chips)
Seat 6: Hero ($13.06 in chips)
Hero: posts small blind $0.02
dc2d069c: posts big blind $0.05
*** HOLE CARDS ***
Dealt to dc2d069c 
Dealt to 9450217d 
Dealt to bdff758 
Dealt to 7007ad33 
Dealt to 9537aff1 
Dealt to Hero [Th 3c]
9450217d: folds
bdff758: folds
7007ad33: raises $0.08 to $0.13
9537aff1: folds
Hero: folds
dc2d069c: calls $0.08
*** FLOP *** [9c 9h 8s]
dc2d069c: checks
7007ad33: checks
*** TURN *** [9c 9h 8s] [2c]
dc2d069c: checks
7007ad33: checks
*** RIVER *** [9c 9h 8s 2c] [Js]
dc2d069c: checks
7007ad33: bets $0.28
dc2d069c: folds
Uncalled bet ($0.28) returned to 7007ad33
*** SHOWDOWN ***
7007ad33 collected $0.27 from pot
*** SUMMARY ***
Total pot $0.28 | Rake $0.01 | Jackpot $0 | Bingo $0 | Fortune $0
Board [9c 9h 8s 2c Js]
Seat 1: dc2d069c (big blind) folded on the River
Seat 2: 9450217d folded before Flop (didn't bet)
Seat 3: bdff758 folded before Flop (didn't bet)
Seat 4: 7007ad33 won ($0.27)
Seat 5: 9537aff1 (button) folded before Flop (didn't bet)
Seat 6: Hero (small blind) folded before Flop


Poker Hand #HD1204184755: Hold'em No Limit  ($0.02/$0.05) - 2023/04/15 16:22:41
Table 'NLHBlue44' 6-max Seat #4 is the button
Seat 1: dc2d069c ($5 in chips)
Seat 2: 9450217d ($5.19 in chips)
Seat 3: bdff758 ($9.17 in chips)
Seat 4: 7007ad33 ($7.08 in chips)
Seat 5: 9537aff1 ($4.95 in chips)
Seat 6: Hero ($13.61 in chips)
9537aff1: posts small blind $0.02
Hero: posts big blind $0.05
*** HOLE CARDS ***
Dealt to dc2d069c 
Dealt to 9450217d 
Dealt to bdff758 
Dealt to 7007ad33 
Dealt to 9537aff1 
Dealt to Hero [6d 7h]
dc2d069c: folds
9450217d: folds
bdff758: calls $0.05
7007ad33: folds
9537aff1: folds
Hero: checks
*** FLOP *** [6c 9d 4c]
Hero: checks
bdff758: bets $0.06
Hero: raises $0.16 to $0.22
bdff758: calls $0.16
*** TURN *** [6c 9d 4c] [9c]
Hero: bets $0.28
bdff758: calls $0.28
*** RIVER *** [6c 9d 4c 9c] [Qc]
Hero: checks
bdff758: bets $0.84
Hero: folds
Uncalled bet ($0.84) returned to bdff758
*** SHOWDOWN ***
bdff758 collected $1.07 from pot
*** SUMMARY ***
Total pot $1.12 | Rake $0.05 | Jackpot $0 | Bingo $0 | Fortune $0
Board [6c 9d 4c 9c Qc]
Seat 1: dc2d069c folded before Flop (didn't bet)
Seat 2: 9450217d folded before Flop (didn't bet)
Seat 3: bdff758 won ($1.07)
Seat 4: 7007ad33 (button) folded before Flop (didn't bet)
Seat 5: 9537aff1 (small blind) folded before Flop
Seat 6: Hero (big blind) folded on the River


Poker Hand #HD1204184718: Hold'em No Limit  ($0.02/$0.05) - 2023/04/15 16:22:21
Table 'NLHBlue44' 6-max Seat #3 is the button
Seat 1: dc2d069c ($5 in chips)
Seat 2: 9450217d ($5.19 in chips)
Seat 3: bdff758 ($9.1 in chips)
Seat 4: 7007ad33 ($7.1 in chips)
Seat 5: 9537aff1 ($5 in chips)
Seat 6: Hero ($13.61 in chips)
7007ad33: posts small blind $0.02
9537aff1: posts big blind $0.05
*** HOLE CARDS ***
Dealt to dc2d069c 
Dealt to 9450217d 
Dealt to bdff758 
Dealt to 7007ad33 
Dealt to 9537aff1 
Dealt to Hero [9d 5c]
Hero: folds
dc2d069c: folds
9450217d: folds
bdff758: raises $0.05 to $0.1
7007ad33: folds
9537aff1: folds
Uncalled bet ($0.05) returned to bdff758
*** SHOWDOWN ***
bdff758 collected $0.12 from pot
*** SUMMARY ***
Total pot $0.12 | Rake $0 | Jackpot $0 | Bingo $0 | Fortune $0
Seat 1: dc2d069c folded before Flop (didn't bet)
Seat 2: 9450217d folded before Flop (didn't bet)
Seat 3: bdff758 (button) collected ($0.12)
Seat 4: 7007ad33 (small blind) folded before Flop
Seat 5: 9537aff1 (big blind) folded before Flop
Seat 6: Hero folded before Flop (didn't bet)


Poker Hand #HD1204184687: Hold'em No Limit  ($0.02/$0.05) - 2023/04/15 16:22:04
Table 'NLHBlue44' 6-max Seat #2 is the button
Seat 1: dc2d069c ($5 in chips)
Seat 2: 9450217d ($5.19 in chips)
Seat 3: bdff758 ($9.12 in chips)
Seat 4: 7007ad33 ($7.08 in chips)
Seat 6: Hero ($13.61 in chips)
bdff758: posts small blind $0.02
7007ad33: posts big blind $0.05
*** HOLE CARDS ***
Dealt to dc2d069c 
Dealt to 9450217d 
Dealt to bdff758 
Dealt to 7007ad33 
Dealt to Hero [Js 4d]
Hero: folds
dc2d069c: folds
9450217d: folds
bdff758: folds
Uncalled bet ($0.03) returned to 7007ad33
*** SHOWDOWN ***
7007ad33 collected $0.04 from pot
*** SUMMARY ***
Total pot $0.04 | Rake $0 | Jackpot $0 | Bingo $0 | Fortune $0
Seat 1: dc2d069c folded before Flop (didn't bet)
Seat 2: 9450217d (button) folded before Flop (didn't bet)
Seat 3: bdff758 (small blind) folded before Flop
Seat 4: 7007ad33 (big blind) collected ($0.04)
Seat 6: Hero folded before Flop (didn't bet)


Poker Hand #HD1204184650: Hold'em No Limit  ($0.02/$0.05) - 2023/04/15 16:21:41
Table 'NLHBlue44' 6-max Seat #1 is the button
Seat 1: dc2d069c ($5 in chips)
Seat 2: 9450217d ($5.02 in chips)
Seat 3: bdff758 ($9.17 in chips)
Seat 4: 7007ad33 ($7.08 in chips)
Seat 6: Hero ($13.61 in chips)
9450217d: posts small blind $0.02
bdff758: posts big blind $0.05
*** HOLE CARDS ***
Dealt to dc2d069c 
Dealt to 9450217d 
Dealt to bdff758 
Dealt to 7007ad33 
Dealt to Hero [Ts 8d]
7007ad33: folds
Hero: folds
dc2d069c: raises $0.08 to $0.13
9450217d: raises $0.31 to $0.44
bdff758: folds
dc2d069c: folds
Uncalled bet ($0.31) returned to 9450217d
*** SHOWDOWN ***
9450217d collected $0.3 from pot
*** SUMMARY ***
Total pot $0.31 | Rake $0.01 | Jackpot $0 | Bingo $0 | Fortune $0
Seat 1: dc2d069c (button) folded before Flop
Seat 2: 9450217d (small blind) collected ($0.3)
Seat 3: bdff758 (big blind) folded before Flop
Seat 4: 7007ad33 folded before Flop (didn't bet)
Seat 6: Hero folded before Flop (didn't bet)


Poker Hand #HD1204184618: Hold'em No Limit  ($0.02/$0.05) - 2023/04/15 16:21:26
Table 'NLHBlue44' 6-max Seat #6 is the button
Seat 1: dc2d069c ($5 in chips)
Seat 2: 9450217d ($5 in chips)
Seat 3: bdff758 ($9.17 in chips)
Seat 4: 7007ad33 ($7.08 in chips)
Seat 5: c5bcb2c1 ($5 in chips)
Seat 6: Hero ($13.61 in chips)
dc2d069c: posts small blind $0.02
9450217d: posts big blind $0.05
*** HOLE CARDS ***
Dealt to dc2d069c 
Dealt to 9450217d 
Dealt to bdff758 
Dealt to 7007ad33 
Dealt to c5bcb2c1 
Dealt to Hero [Tc 8d]
bdff758: folds
7007ad33: folds
c5bcb2c1: folds
Hero: folds
dc2d069c: folds
Uncalled bet ($0.03) returned to 9450217d
*** SHOWDOWN ***
9450217d collected $0.04 from pot
*** SUMMARY ***
Total pot $0.04 | Rake $0 | Jackpot $0 | Bingo $0 | Fortune $0
Seat 1: dc2d069c (small blind) folded before Flop
Seat 2: 9450217d (big blind) collected ($0.04)
Seat 3: bdff758 folded before Flop (didn't bet)
Seat 4: 7007ad33 folded before Flop (didn't bet)
Seat 5: c5bcb2c1 folded before Flop (didn't bet)
Seat 6: Hero (button) folded before Flop (didn't bet)


Poker Hand #HD1204184518: Hold'em No Limit  ($0.02/$0.05) - 2023/04/15 16:20:28
Table 'NLHBlue44' 6-max Seat #5 is the button
Seat 1: dc2d069c ($5 in chips)
Seat 3: bdff758 ($9.17 in chips)
Seat 4: 7007ad33 ($6.34 in chips)
Seat 5: c5bcb2c1 ($4.96 in chips)
Seat 6: Hero ($13.63 in chips)
Hero: posts small blind $0.02
dc2d069c: posts big blind $0.05
*** HOLE CARDS ***
Dealt to dc2d069c 
Dealt to bdff758 
Dealt to 7007ad33 
Dealt to c5bcb2c1 
Dealt to Hero [7s 7d]
bdff758: folds
7007ad33: raises $0.08 to $0.13
c5bcb2c1: raises $0.25 to $0.38
Hero: folds
dc2d069c: folds
7007ad33: calls $0.25
*** FLOP *** [4c Qc 7c]
7007ad33: checks
c5bcb2c1: bets $0.42
7007ad33: raises $0.58 to $1
c5bcb2c1: folds
Uncalled bet ($0.58) returned to 7007ad33
*** SHOWDOWN ***
7007ad33 collected $1.54 from pot
*** SUMMARY ***
Total pot $1.67 | Rake $0.08 | Jackpot $0.05 | Bingo $0 | Fortune $0
Board [4c Qc 7c]
Seat 1: dc2d069c (big blind) folded before Flop
Seat 3: bdff758 folded before Flop (didn't bet)
Seat 4: 7007ad33 won ($1.54)
Seat 5: c5bcb2c1 (button) folded on the Flop
Seat 6: Hero (small blind) folded before Flop


Poker Hand #HD1204184507: Hold'em No Limit  ($0.02/$0.05) - 2023/04/15 16:20:21
Table 'NLHBlue44' 6-max Seat #4 is the button
Seat 1: dc2d069c ($5 in chips)
Seat 4: 7007ad33 ($6.34 in chips)
Seat 5: c5bcb2c1 ($4.98 in chips)
Seat 6: Hero ($13.61 in chips)
c5bcb2c1: posts small blind $0.02
Hero: posts big blind $0.05
*** HOLE CARDS ***
Dealt to dc2d069c 
Dealt to 7007ad33 
Dealt to c5bcb2c1 
Dealt to Hero [6s 7d]
dc2d069c: folds
7007ad33: folds
c5bcb2c1: folds
Uncalled bet ($0.03) returned to Hero
*** SHOWDOWN ***
Hero collected $0.04 from pot
*** SUMMARY ***
Total pot $0.04 | Rake $0 | Jackpot $0 | Bingo $0 | Fortune $0
Seat 1: dc2d069c folded before Flop (didn't bet)
Seat 4: 7007ad33 (button) folded before Flop (didn't bet)
Seat 5: c5bcb2c1 (small blind) folded before Flop
Seat 6: Hero (big blind) collected ($0.04)


Poker Hand #HD1204184463: Hold'em No Limit  ($0.02/$0.05) - 2023/04/15 16:20:00
Table 'NLHBlue44' 6-max Seat #1 is the button
Seat 1: dc2d069c ($5 in chips)
Seat 3: bdff758 ($9.19 in chips)
Seat 4: 7007ad33 ($6.32 in chips)
Seat 5: c5bcb2c1 ($4.98 in chips)
Seat 6: Hero ($13.61 in chips)
bdff758: posts small blind $0.02
7007ad33: posts big blind $0.05
*** HOLE CARDS ***
Dealt to dc2d069c 
Dealt to bdff758 
Dealt to 7007ad33 
Dealt to c5bcb2c1 
Dealt to Hero [5s 6h]
c5bcb2c1: folds
Hero: folds
dc2d069c: folds
bdff758: folds
Uncalled bet ($0.03) returned to 7007ad33
*** SHOWDOWN ***
7007ad33 collected $0.04 from pot
*** SUMMARY ***
Total pot $0.04 | Rake $0 | Jackpot $0 | Bingo $0 | Fortune $0
Seat 1: dc2d069c (button) folded before Flop (didn't bet)
Seat 3: bdff758 (small blind) folded before Flop
Seat 4: 7007ad33 (big blind) collected ($0.04)
Seat 5: c5bcb2c1 folded before Flop (didn't bet)
Seat 6: Hero folded before Flop (didn't bet)


Poker Hand #HD1204184410: Hold'em No Limit  ($0.02/$0.05) - 2023/04/15 16:19:32
Table 'NLHBlue44' 6-max Seat #6 is the button
Seat 1: dc2d069c ($5.04 in chips)
Seat 3: bdff758 ($8.8 in chips)
Seat 4: 7007ad33 ($6.32 in chips)
Seat 5: c5bcb2c1 ($4.98 in chips)
Seat 6: Hero ($13.61 in chips)
dc2d069c: posts small blind $0.02
bdff758: posts big blind $0.05
*** HOLE CARDS ***
Dealt to dc2d069c 
Dealt to bdff758 
Dealt to 7007ad33 
Dealt to c5bcb2c1 
Dealt to Hero [8h Js]
7007ad33: folds
c5bcb2c1: folds
Hero: folds
dc2d069c: raises $0.12 to $0.17
bdff758: raises $0.26 to $0.43
dc2d069c: calls $0.26
*** FLOP *** [4h 8c 9d]
dc2d069c: checks
bdff758: bets $0.65
dc2d069c: folds
Uncalled bet ($0.65) returned to bdff758
*** SHOWDOWN ***
bdff758 collected $0.82 from pot
*** SUMMARY ***
Total pot $0.86 | Rake $0.04 | Jackpot $0 | Bingo $0 | Fortune $0
Board [4h 8c 9d]
Seat 1: dc2d069c (small blind) folded on the Flop
Seat 3: bdff758 (big blind) won ($0.82)
Seat 4: 7007ad33 folded before Flop (didn't bet)
Seat 5: c5bcb2c1 folded before Flop (didn't bet)
Seat 6: Hero (button) folded before Flop (didn't bet)


Poker Hand #HD1204184383: Hold'em No Limit  ($0.02/$0.05) - 2023/04/15 16:19:12
Table 'NLHBlue44' 6-max Seat #5 is the button
Seat 1: dc2d069c ($5.02 in chips)
Seat 2: acd14744 ($5 in chips)
Seat 3: bdff758 ($8.8 in chips)
Seat 4: 7007ad33 ($6.32 in chips)
Seat 5: c5bcb2c1 ($4.98 in chips)
Seat 6: Hero ($13.63 in chips)
Hero: posts small blind $0.02
dc2d069c: posts big blind $0.05
*** HOLE CARDS ***
Dealt to dc2d069c 
Dealt to acd14744 
Dealt to bdff758 
Dealt to 7007ad33 
Dealt to c5bcb2c1 
Dealt to Hero [Kh 5c]
acd14744: folds
bdff758: folds
7007ad33: folds
c5bcb2c1: folds
Hero: folds
Uncalled bet ($0.03) returned to dc2d069c
*** SHOWDOWN ***
dc2d069c collected $0.04 from pot
*** SUMMARY ***
Total pot $0.04 | Rake $0 | Jackpot $0 | Bingo $0 | Fortune $0
Seat 1: dc2d069c (big blind) collected ($0.04)
Seat 2: acd14744 folded before Flop (didn't bet)
Seat 3: bdff758 folded before Flop (didn't bet)
Seat 4: 7007ad33 folded before Flop (didn't bet)
Seat 5: c5bcb2c1 (button) folded before Flop (didn't bet)
Seat 6: Hero (small blind) folded before Flop


Poker Hand #HD1204184300: Hold'em No Limit  ($0.02/$0.05) - 2023/04/15 16:18:32
Table 'NLHBlue44' 6-max Seat #4 is the button
Seat 1: dc2d069c ($5.02 in chips)
Seat 2: acd14744 ($5 in chips)
Seat 3: bdff758 ($8.73 in chips)
Seat 4: 7007ad33 ($6.32 in chips)
Seat 5: c5bcb2c1 ($5 in chips)
Seat 6: Hero ($13.68 in chips)
c5bcb2c1: posts small blind $0.02
Hero: posts big blind $0.05
*** HOLE CARDS ***
Dealt to dc2d069c 
Dealt to acd14744 
Dealt to bdff758 
Dealt to 7007ad33 
Dealt to c5bcb2c1 
Dealt to Hero [3h 4d]
dc2d069c: folds
acd14744: folds
bdff758: calls $0.05
7007ad33: folds
c5bcb2c1: folds
Hero: checks
*** FLOP *** [4s Js Qc]
Hero: checks
bdff758: checks
*** TURN *** [4s Js Qc] [6s]
Hero: checks
bdff758: bets $0.06
Hero: folds
Uncalled bet ($0.06) returned to bdff758
*** SHOWDOWN ***
bdff758 collected $0.12 from pot
*** SUMMARY ***
Total pot $0.12 | Rake $0 | Jackpot $0 | Bingo $0 | Fortune $0
Board [4s Js Qc 6s]
Seat 1: dc2d069c folded before Flop (didn't bet)
Seat 2: acd14744 folded before Flop (didn't bet)
Seat 3: bdff758 won ($0.12)
Seat 4: 7007ad33 (button) folded before Flop (didn't bet)
Seat 5: c5bcb2c1 (small blind) folded before Flop
Seat 6: Hero (big blind) folded on the Turn


Poker Hand #HD1204184234: Hold'em No Limit  ($0.02/$0.05) - 2023/04/15 16:17:54
Table 'NLHBlue44' 6-max Seat #3 is the button
Seat 1: dc2d069c ($5.17 in chips)
Seat 2: acd14744 ($5 in chips)
Seat 3: bdff758 ($8.52 in chips)
Seat 4: 7007ad33 ($6.34 in chips)
Seat 5: c5bcb2c1 ($5.05 in chips)
Seat 6: Hero ($13.68 in chips)
7007ad33: posts small blind $0.02
c5bcb2c1: posts big blind $0.05
*** HOLE CARDS ***
Dealt to dc2d069c 
Dealt to acd14744 
Dealt to bdff758 
Dealt to 7007ad33 
Dealt to c5bcb2c1 
Dealt to Hero [Jc 2h]
Hero: folds
dc2d069c: raises $0.1 to $0.15
acd14744: folds
bdff758: calls $0.15
7007ad33: folds
c5bcb2c1: folds
*** FLOP *** [3d 6c 6s]
dc2d069c: checks
bdff758: bets $0.19
dc2d069c: folds
Uncalled bet ($0.19) returned to bdff758
*** SHOWDOWN ***
bdff758 collected $0.36 from pot
*** SUMMARY ***
Total pot $0.37 | Rake $0.01 | Jackpot $0 | Bingo $0 | Fortune $0
Board [3d 6c 6s]
Seat 1: dc2d069c folded on the Flop
Seat 2: acd14744 folded before Flop (didn't bet)
Seat 3: bdff758 (button) won ($0.36)
Seat 4: 7007ad33 (small blind) folded before Flop
Seat 5: c5bcb2c1 (big blind) folded before Flop
Seat 6: Hero folded before Flop (didn't bet)


Poker Hand #HD1204184218: Hold'em No Limit  ($0.02/$0.05) - 2023/04/15 16:17:43
Table 'NLHBlue44' 6-max Seat #2 is the button
Seat 1: dc2d069c ($5.17 in chips)
Seat 2: acd14744 ($5 in chips)
Seat 3: bdff758 ($8.47 in chips)
Seat 4: 7007ad33 ($6.39 in chips)
Seat 5: c5bcb2c1 ($5.05 in chips)
Seat 6: Hero ($13.68 in chips)
bdff758: posts small blind $0.02
7007ad33: posts big blind $0.05
*** HOLE CARDS ***
Dealt to dc2d069c 
Dealt to acd14744 
Dealt to bdff758 
Dealt to 7007ad33 
Dealt to c5bcb2c1 
Dealt to Hero [As 5d]
c5bcb2c1: folds
Hero: folds
dc2d069c: folds
acd14744: folds
bdff758: raises $0.1 to $0.15
7007ad33: folds
Uncalled bet ($0.1) returned to bdff758
*** SHOWDOWN ***
bdff758 collected $0.1 from pot
*** SUMMARY ***
Total pot $0.1 | Rake $0 | Jackpot $0 | Bingo $0 | Fortune $0
Seat 1: dc2d069c folded before Flop (didn't bet)
Seat 2: acd14744 (button) folded before Flop (didn't bet)
Seat 3: bdff758 (small blind) collected ($0.1)
Seat 4: 7007ad33 (big blind) folded before Flop
Seat 5: c5bcb2c1 folded before Flop (didn't bet)
Seat 6: Hero folded before Flop (didn't bet)


Poker Hand #HD1204184173: Hold'em No Limit  ($0.02/$0.05) - 2023/04/15 16:17:13
Table 'NLHBlue44' 6-max Seat #1 is the button
Seat 1: dc2d069c ($5.17 in chips)
Seat 2: acd14744 ($5.02 in chips)
Seat 3: bdff758 ($8.52 in chips)
Seat 4: 7007ad33 ($6.39 in chips)
Seat 5: c5bcb2c1 ($5.05 in chips)
Seat 6: Hero ($13.61 in chips)
acd14744: posts small blind $0.02
bdff758: posts big blind $0.05
*** HOLE CARDS ***
Dealt to dc2d069c 
Dealt to acd14744 
Dealt to bdff758 
Dealt to 7007ad33 
Dealt to c5bcb2c1 
Dealt to Hero [7s As]
7007ad33: folds
c5bcb2c1: folds
Hero: raises $0.07 to $0.12
dc2d069c: folds
acd14744: folds
bdff758: folds
Uncalled bet ($0.07) returned to Hero
*** SHOWDOWN ***
Hero collected $0.12 from pot
*** SUMMARY ***
Total pot $0.12 | Rake $0 | Jackpot $0 | Bingo $0 | Fortune $0
Seat 1: dc2d069c (button) folded before Flop (didn't bet)
Seat 2: acd14744 (small blind) folded before Flop
Seat 3: bdff758 (big blind) folded before Flop
Seat 4: 7007ad33 folded before Flop (didn't bet)
Seat 5: c5bcb2c1 folded before Flop (didn't bet)
Seat 6: Hero collected ($0.12)


Poker Hand #HD1204184127: Hold'em No Limit  ($0.02/$0.05) - 2023/04/15 16:16:47
Table 'NLHBlue44' 6-max Seat #6 is the button
Seat 1: dc2d069c ($5.19 in chips)
Seat 2: acd14744 ($5 in chips)
Seat 3: bdff758 ($8.52 in chips)
Seat 4: 7007ad33 ($6.39 in chips)
Seat 5: c5bcb2c1 ($5.05 in chips)
Seat 6: Hero ($13.61 in chips)
dc2d069c: posts small blind $0.02
acd14744: posts big blind $0.05
*** HOLE CARDS ***
Dealt to dc2d069c 
Dealt to acd14744 
Dealt to bdff758 
Dealt to 7007ad33 
Dealt to c5bcb2c1 
Dealt to Hero [Qs 3d]
bdff758: folds
7007ad33: folds
c5bcb2c1: folds
Hero: folds
dc2d069c: folds
Uncalled bet ($0.03) returned to acd14744
*** SHOWDOWN ***
acd14744 collected $0.04 from pot
*** SUMMARY ***
Total pot $0.04 | Rake $0 | Jackpot $0 | Bingo $0 | Fortune $0
Seat 1: dc2d069c (small blind) folded before Flop
Seat 2: acd14744 (big blind) collected ($0.04)
Seat 3: bdff758 folded before Flop (didn't bet)
Seat 4: 7007ad33 folded before Flop (didn't bet)
Seat 5: c5bcb2c1 folded before Flop (didn't bet)
Seat 6: Hero (button) folded before Flop (didn't bet)


Poker Hand #HD1204184083: Hold'em No Limit  ($0.02/$0.05) - 2023/04/15 16:16:20
Table 'NLHBlue44' 6-max Seat #5 is the button
Seat 1: dc2d069c ($5.24 in chips)
Seat 2: acd14744 ($5 in chips)
Seat 3: bdff758 ($8.52 in chips)
Seat 4: 7007ad33 ($6.39 in chips)
Seat 5: c5bcb2c1 ($4.98 in chips)
Seat 6: Hero ($13.63 in chips)
Hero: posts small blind $0.02
dc2d069c: posts big blind $0.05
*** HOLE CARDS ***
Dealt to dc2d069c 
Dealt to acd14744 
Dealt to bdff758 
Dealt to 7007ad33 
Dealt to c5bcb2c1 
Dealt to Hero [9s Qd]
acd14744: folds
bdff758: folds
7007ad33: folds
c5bcb2c1: raises $0.05 to $0.1
Hero: folds
dc2d069c: folds
Uncalled bet ($0.05) returned to c5bcb2c1
*** SHOWDOWN ***
c5bcb2c1 collected $0.12 from pot
*** SUMMARY ***
Total pot $0.12 | Rake $0 | Jackpot $0 | Bingo $0 | Fortune $0
Seat 1: dc2d069c (big blind) folded before Flop
Seat 2: acd14744 folded before Flop (didn't bet)
Seat 3: bdff758 folded before Flop (didn't bet)
Seat 4: 7007ad33 folded before Flop (didn't bet)
Seat 5: c5bcb2c1 (button) collected ($0.12)
Seat 6: Hero (small blind) folded before Flop


Poker Hand #HD1204184008: Hold'em No Limit  ($0.02/$0.05) - 2023/04/15 16:15:37
Table 'NLHBlue44' 6-max Seat #4 is the button
Seat 1: dc2d069c ($5.24 in chips)
Seat 2: acd14744 ($5 in chips)
Seat 3: bdff758 ($8.52 in chips)
Seat 4: 7007ad33 ($6.54 in chips)
Seat 5: c5bcb2c1 ($5 in chips)
Seat 6: Hero ($13.33 in chips)
c5bcb2c1: posts small blind $0.02
Hero: posts big blind $0.05
*** HOLE CARDS ***
Dealt to dc2d069c 
Dealt to acd14744 
Dealt to bdff758 
Dealt to 7007ad33 
Dealt to c5bcb2c1 
Dealt to Hero [3c 3h]
dc2d069c: folds
acd14744: raises $0.1 to $0.15
bdff758: folds
7007ad33: calls $0.15
c5bcb2c1: folds
Hero: calls $0.1
*** FLOP *** [4s 7d 7s]
Hero: checks
acd14744: checks
7007ad33: checks
*** TURN *** [4s 7d 7s] [3d]
Hero: bets $0.36
acd14744: folds
7007ad33: folds
Uncalled bet ($0.36) returned to Hero
*** SHOWDOWN ***
Hero collected $0.45 from pot
*** SUMMARY ***
Total pot $0.47 | Rake $0.02 | Jackpot $0 | Bingo $0 | Fortune $0
Board [4s 7d 7s 3d]
Seat 1: dc2d069c folded before Flop (didn't bet)
Seat 2: acd14744 folded on the Turn
Seat 3: bdff758 folded before Flop (didn't bet)
Seat 4: 7007ad33 (button) folded on the Turn
Seat 5: c5bcb2c1 (small blind) folded before Flop
Seat 6: Hero (big blind) won ($0.45)


Poker Hand #HD1204183982: Hold'em No Limit  ($0.02/$0.05) - 2023/04/15 16:15:22
Table 'NLHBlue44' 6-max Seat #3 is the button
Seat 1: dc2d069c ($5.24 in chips)
Seat 2: acd14744 ($5 in chips)
Seat 3: bdff758 ($8.45 in chips)
Seat 4: 7007ad33 ($6.56 in chips)
Seat 5: c5bcb2c1 ($4.98 in chips)
Seat 6: Hero ($13.33 in chips)
7007ad33: posts small blind $0.02
c5bcb2c1: posts big blind $0.05
*** HOLE CARDS ***
Dealt to dc2d069c 
Dealt to acd14744 
Dealt to bdff758 
Dealt to 7007ad33 
Dealt to c5bcb2c1 
Dealt to Hero [7c 9h]
Hero: folds
dc2d069c: folds
acd14744: folds
bdff758: raises $0.1 to $0.15
7007ad33: folds
c5bcb2c1: folds
Uncalled bet ($0.1) returned to bdff758
*** SHOWDOWN ***
bdff758 collected $0.12 from pot
*** SUMMARY ***
Total pot $0.12 | Rake $0 | Jackpot $0 | Bingo $0 | Fortune $0
Seat 1: dc2d069c folded before Flop (didn't bet)
Seat 2: acd14744 folded before Flop (didn't bet)
Seat 3: bdff758 (button) collected ($0.12)
Seat 4: 7007ad33 (small blind) folded before Flop
Seat 5: c5bcb2c1 (big blind) folded before Flop
Seat 6: Hero folded before Flop (didn't bet)


Poker Hand #HD1204183860: Hold'em No Limit  ($0.02/$0.05) - 2023/04/15 16:14:23
Table 'NLHBlue44' 6-max Seat #2 is the button
Seat 1: dc2d069c ($5.24 in chips)
Seat 2: acd14744 ($5 in chips)
Seat 3: bdff758 ($7.87 in chips)
Seat 4: 7007ad33 ($6.61 in chips)
Seat 5: c5bcb2c1 ($4.98 in chips)
Seat 6: Hero ($13.92 in chips)
bdff758: posts small blind $0.02
7007ad33: posts big blind $0.05
*** HOLE CARDS ***
Dealt to dc2d069c 
Dealt to acd14744 
Dealt to bdff758 
Dealt to 7007ad33 
Dealt to c5bcb2c1 
Dealt to Hero [Jh 8h]
c5bcb2c1: folds
Hero: raises $0.07 to $0.12
dc2d069c: folds
acd14744: folds
bdff758: calls $0.1
7007ad33: folds
*** FLOP *** [3h Ad As]
bdff758: checks
Hero: checks
*** TURN *** [3h Ad As] [4h]
bdff758: bets $0.1
Hero: calls $0.1
*** RIVER *** [3h Ad As 4h] [Jc]
bdff758: bets $0.37
Hero: calls $0.37
bdff758: shows [3d Ac] (Aces Full over Treys)
Hero: shows [Jh 8h] (Pair of Aces and Pair of Jacks)
*** SHOWDOWN ***
bdff758 collected $1.17 from pot
*** SUMMARY ***
Total pot $1.23 | Rake $0.06 | Jackpot $0 | Bingo $0 | Fortune $0
Board [3h Ad As 4h Jc]
Seat 1: dc2d069c folded before Flop (didn't bet)
Seat 2: acd14744 (button) folded before Flop (didn't bet)
Seat 3: bdff758 (small blind) showed [3d Ac] and won ($1.17) with Aces Full over Treys
Seat 4: 7007ad33 (big blind) folded before Flop
Seat 5: c5bcb2c1 folded before Flop (didn't bet)
Seat 6: Hero showed [Jh 8h] and lost with Pair of Aces and Pair of Jacks


Poker Hand #HD1204183741: Hold'em No Limit  ($0.02/$0.05) - 2023/04/15 16:13:12
Table 'NLHBlue44' 6-max Seat #1 is the button
Seat 1: dc2d069c ($5.34 in chips)
Seat 2: acd14744 ($5 in chips)
Seat 3: bdff758 ($8.61 in chips)
Seat 4: 7007ad33 ($5.87 in chips)
Seat 5: c5bcb2c1 ($4.98 in chips)
Seat 6: Hero ($13.92 in chips)
acd14744: posts small blind $0.02
bdff758: posts big blind $0.05
*** HOLE CARDS ***
Dealt to dc2d069c 
Dealt to acd14744 
Dealt to bdff758 
Dealt to 7007ad33 
Dealt to c5bcb2c1 
Dealt to Hero [9c 3c]
7007ad33: raises $0.05 to $0.1
c5bcb2c1: folds
Hero: folds
dc2d069c: calls $0.1
acd14744: folds
bdff758: calls $0.05
*** FLOP *** [5s 2h 8c]
bdff758: bets $0.16
7007ad33: calls $0.16
dc2d069c: folds
*** TURN *** [5s 2h 8c] [8s]
bdff758: checks
7007ad33: checks
*** RIVER *** [5s 2h 8c 8s] [5d]
bdff758: bets $0.48
7007ad33: calls $0.48
bdff758: shows [9s Kh] (Pair of Eights and Pair of Fives)
7007ad33: shows [6s 6h] (Pair of Eights and Pair of Sixes)
*** SHOWDOWN ***
7007ad33 collected $1.48 from pot
*** SUMMARY ***
Total pot $1.6 | Rake $0.07 | Jackpot $0.05 | Bingo $0 | Fortune $0
Board [5s 2h 8c 8s 5d]
Seat 1: dc2d069c (button) folded on the Flop
Seat 2: acd14744 (small blind) folded before Flop
Seat 3: bdff758 (big blind) showed [9s Kh] and lost with Pair of Eights and Pair of Fives
Seat 4: 7007ad33 showed [6s 6h] and won ($1.48) with Pair of Eights and Pair of Sixes
Seat 5: c5bcb2c1 folded before Flop (didn't bet)
Seat 6: Hero folded before Flop (didn't bet)


Poker Hand #HD1204183571: Hold'em No Limit  ($0.02/$0.05) - 2023/04/15 16:11:34
Table 'NLHBlue44' 6-max Seat #6 is the button
Seat 1: dc2d069c ($5.47 in chips)
Seat 2: acd14744 ($5.77 in chips)
Seat 4: 7007ad33 ($5 in chips)
Seat 5: c5bcb2c1 ($4.98 in chips)
Seat 6: Hero ($13.92 in chips)
dc2d069c: posts small blind $0.02
acd14744: posts big blind $0.05
*** HOLE CARDS ***
Dealt to dc2d069c 
Dealt to acd14744 
Dealt to 7007ad33 
Dealt to c5bcb2c1 
Dealt to Hero [5d Qd]
7007ad33: raises $0.08 to $0.13
c5bcb2c1: folds
Hero: folds
dc2d069c: calls $0.11
acd14744: calls $0.08
*** FLOP *** [Kh Qc 4d]
dc2d069c: checks
acd14744: checks
7007ad33: checks
*** TURN *** [Kh Qc 4d] [Ad]
dc2d069c: checks
acd14744: checks
7007ad33: checks
*** RIVER *** [Kh Qc 4d Ad] [8d]
dc2d069c: checks
acd14744: bets $0.26
7007ad33: raises $0.49 to $0.75
dc2d069c: folds
acd14744: calls $0.49
7007ad33: shows [Td 9d] (Ace High Flush)
acd14744: shows [8s 8h] (Three Eights)
*** SHOWDOWN ***
7007ad33 collected $1.75 from pot
*** SUMMARY ***
Total pot $1.89 | Rake $0.09 | Jackpot $0.05 | Bingo $0 | Fortune $0
Board [Kh Qc 4d Ad 8d]
Seat 1: dc2d069c (small blind) folded on the River
Seat 2: acd14744 (big blind) showed [8s 8h] and lost with Three Eights
Seat 4: 7007ad33 showed [Td 9d] and won ($1.75) with Ace High Flush
Seat 5: c5bcb2c1 folded before Flop (didn't bet)
Seat 6: Hero (button) folded before Flop (didn't bet)


Poker Hand #HD1204183544: Hold'em No Limit  ($0.02/$0.05) - 2023/04/15 16:11:15
Table 'NLHBlue44' 6-max Seat #5 is the button
Seat 1: dc2d069c ($5.45 in chips)
Seat 2: d078e97d ($5 in chips)
Seat 3: bdff758 ($8.61 in chips)
Seat 4: 7007ad33 ($5 in chips)
Seat 5: c5bcb2c1 ($4.98 in chips)
Seat 6: Hero ($13.94 in chips)
Hero: posts small blind $0.02
dc2d069c: posts big blind $0.05
*** HOLE CARDS ***
Dealt to dc2d069c 
Dealt to d078e97d 
Dealt to bdff758 
Dealt to 7007ad33 
Dealt to c5bcb2c1 
Dealt to Hero [3h 2c]
d078e97d: folds
bdff758: folds
7007ad33: folds
c5bcb2c1: folds
Hero: folds
Uncalled bet ($0.03) returned to dc2d069c
*** SHOWDOWN ***
dc2d069c collected $0.04 from pot
*** SUMMARY ***
Total pot $0.04 | Rake $0 | Jackpot $0 | Bingo $0 | Fortune $0
Seat 1: dc2d069c (big blind) collected ($0.04)
Seat 2: d078e97d folded before Flop (didn't bet)
Seat 3: bdff758 folded before Flop (didn't bet)
Seat 4: 7007ad33 folded before Flop (didn't bet)
Seat 5: c5bcb2c1 (button) folded before Flop (didn't bet)
Seat 6: Hero (small blind) folded before Flop


Poker Hand #HD1204183491: Hold'em No Limit  ($0.02/$0.05) - 2023/04/15 16:10:49
Table 'NLHBlue44' 6-max Seat #4 is the button
Seat 1: dc2d069c ($5.45 in chips)
Seat 2: d078e97d ($5 in chips)
Seat 3: bdff758 ($8.42 in chips)
Seat 4: 7007ad33 ($5 in chips)
Seat 5: c5bcb2c1 ($5 in chips)
Seat 6: Hero ($13.99 in chips)
c5bcb2c1: posts small blind $0.02
Hero: posts big blind $0.05
*** HOLE CARDS ***
Dealt to dc2d069c 
Dealt to d078e97d 
Dealt to bdff758 
Dealt to 7007ad33 
Dealt to c5bcb2c1 
Dealt to Hero [8h 6d]
dc2d069c: folds
d078e97d: raises $0.08 to $0.13
bdff758: raises $0.11 to $0.24
7007ad33: folds
c5bcb2c1: folds
Hero: folds
d078e97d: folds
Uncalled bet ($0.11) returned to bdff758
*** SHOWDOWN ***
bdff758 collected $0.32 from pot
*** SUMMARY ***
Total pot $0.33 | Rake $0.01 | Jackpot $0 | Bingo $0 | Fortune $0
Seat 1: dc2d069c folded before Flop (didn't bet)
Seat 2: d078e97d folded before Flop
Seat 3: bdff758 collected ($0.32)
Seat 4: 7007ad33 (button) folded before Flop (didn't bet)
Seat 5: c5bcb2c1 (small blind) folded before Flop
Seat 6: Hero (big blind) folded before Flop


Poker Hand #HD1204183392: Hold'em No Limit  ($0.02/$0.05) - 2023/04/15 16:10:04
Table 'NLHBlue44' 6-max Seat #3 is the button
Seat 1: dc2d069c ($5.45 in chips)
Seat 2: d078e97d ($5 in chips)
Seat 3: bdff758 ($8.31 in chips)
Seat 4: 7007ad33 ($5 in chips)
Seat 5: c5bcb2c1 ($5 in chips)
Seat 6: Hero ($13.99 in chips)
7007ad33: posts small blind $0.02
c5bcb2c1: posts big blind $0.05
*** HOLE CARDS ***
Dealt to dc2d069c 
Dealt to d078e97d 
Dealt to bdff758 
Dealt to 7007ad33 
Dealt to c5bcb2c1 
Dealt to Hero [Jh 2h]
Hero: folds
dc2d069c: folds
d078e97d: folds
bdff758: raises $0.05 to $0.1
7007ad33: folds
c5bcb2c1: calls $0.05
*** FLOP *** [Jc Ac Ts]
c5bcb2c1: checks
bdff758: bets $0.11
c5bcb2c1: folds
Uncalled bet ($0.11) returned to bdff758
*** SHOWDOWN ***
bdff758 collected $0.21 from pot
*** SUMMARY ***
Total pot $0.22 | Rake $0.01 | Jackpot $0 | Bingo $0 | Fortune $0
Board [Jc Ac Ts]
Seat 1: dc2d069c folded before Flop (didn't bet)
Seat 2: d078e97d folded before Flop (didn't bet)
Seat 3: bdff758 (button) won ($0.21)
Seat 4: 7007ad33 (small blind) folded before Flop
Seat 5: c5bcb2c1 (big blind) folded on the Flop
Seat 6: Hero folded before Flop (didn't bet)


Poker Hand #HD1204183222: Hold'em No Limit  ($0.02/$0.05) - 2023/04/15 16:08:40
Table 'NLHBlue44' 6-max Seat #2 is the button
Seat 1: dc2d069c ($5.45 in chips)
Seat 2: d078e97d ($5 in chips)
Seat 3: bdff758 ($6.53 in chips)
Seat 4: 7007ad33 ($5 in chips)
Seat 5: c5bcb2c1 ($5.17 in chips)
Seat 6: Hero ($13.99 in chips)
bdff758: posts small blind $0.02
7007ad33: posts big blind $0.05
*** HOLE CARDS ***
Dealt to dc2d069c 
Dealt to d078e97d 
Dealt to bdff758 
Dealt to 7007ad33 
Dealt to c5bcb2c1 
Dealt to Hero [6c Ac]
c5bcb2c1: raises $0.05 to $0.1
Hero: folds
dc2d069c: folds
d078e97d: folds
bdff758: raises $0.19 to $0.29
7007ad33: folds
c5bcb2c1: calls $0.19
*** FLOP *** [Ts 4h 7s]
bdff758: bets $0.48
c5bcb2c1: calls $0.48
*** TURN *** [Ts 4h 7s] [Qs]
bdff758: bets $1.2
c5bcb2c1: calls $1.2
*** RIVER *** [Ts 4h 7s Qs] [8c]
bdff758: bets $1.32
c5bcb2c1: folds
Uncalled bet ($1.32) returned to bdff758
*** SHOWDOWN ***
bdff758 collected $3.75 from pot
*** SUMMARY ***
Total pot $3.99 | Rake $0.19 | Jackpot $0.05 | Bingo $0 | Fortune $0
Board [Ts 4h 7s Qs 8c]
Seat 1: dc2d069c folded before Flop (didn't bet)
Seat 2: d078e97d (button) folded before Flop (didn't bet)
Seat 3: bdff758 (small blind) won ($3.75)
Seat 4: 7007ad33 (big blind) folded before Flop
Seat 5: c5bcb2c1 folded on the River
Seat 6: Hero folded before Flop (didn't bet)


Poker Hand #HD1204183072: Hold'em No Limit  ($0.02/$0.05) - 2023/04/15 16:07:21
Table 'NLHBlue44' 6-max Seat #1 is the button
Seat 1: dc2d069c ($5.58 in chips)
Seat 2: d078e97d ($5 in chips)
Seat 3: bdff758 ($5.99 in chips)
Seat 4: 7007ad33 ($5.02 in chips)
Seat 5: c5bcb2c1 ($5.17 in chips)
Seat 6: Hero ($13.99 in chips)
d078e97d: posts small blind $0.02
bdff758: posts big blind $0.05
*** HOLE CARDS ***
Dealt to dc2d069c 
Dealt to d078e97d 
Dealt to bdff758 
Dealt to 7007ad33 
Dealt to c5bcb2c1 
Dealt to Hero [Ac 2d]
7007ad33: raises $0.08 to $0.13
c5bcb2c1: folds
Hero: folds
dc2d069c: calls $0.13
d078e97d: folds
bdff758: calls $0.08
*** FLOP *** [Jd 9c 2c]
bdff758: checks
7007ad33: checks
dc2d069c: checks
*** TURN *** [Jd 9c 2c] [9h]
bdff758: bets $0.31
7007ad33: calls $0.31
dc2d069c: folds
*** RIVER *** [Jd 9c 2c 9h] [4d]
bdff758: bets $0.78
7007ad33: folds
Uncalled bet ($0.78) returned to bdff758
*** SHOWDOWN ***
bdff758 collected $0.98 from pot
*** SUMMARY ***
Total pot $1.03 | Rake $0.05 | Jackpot $0 | Bingo $0 | Fortune $0
Board [Jd 9c 2c 9h 4d]
Seat 1: dc2d069c (button) folded on the Turn
Seat 2: d078e97d (small blind) folded before Flop
Seat 3: bdff758 (big blind) won ($0.98)
Seat 4: 7007ad33 folded on the River
Seat 5: c5bcb2c1 folded before Flop (didn't bet)
Seat 6: Hero folded before Flop (didn't bet)


Poker Hand #HD1204182984: Hold'em No Limit  ($0.02/$0.05) - 2023/04/15 16:06:32
Table 'NLHBlue44' 6-max Seat #6 is the button
Seat 1: dc2d069c ($5.68 in chips)
Seat 2: d078e97d ($5 in chips)
Seat 3: bdff758 ($5.75 in chips)
Seat 4: 7007ad33 ($5.12 in chips)
Seat 5: c5bcb2c1 ($5.17 in chips)
Seat 6: Hero ($13.99 in chips)
dc2d069c: posts small blind $0.02
d078e97d: posts big blind $0.05
*** HOLE CARDS ***
Dealt to dc2d069c 
Dealt to d078e97d 
Dealt to bdff758 
Dealt to 7007ad33 
Dealt to c5bcb2c1 
Dealt to Hero [9c 8d]
bdff758: raises $0.05 to $0.1
7007ad33: calls $0.1
c5bcb2c1: folds
Hero: folds
dc2d069c: calls $0.08
d078e97d: folds
*** FLOP *** [Qc Qh Jd]
dc2d069c: checks
bdff758: bets $0.18
7007ad33: folds
dc2d069c: folds
Uncalled bet ($0.18) returned to bdff758
*** SHOWDOWN ***
bdff758 collected $0.34 from pot
*** SUMMARY ***
Total pot $0.35 | Rake $0.01 | Jackpot $0 | Bingo $0 | Fortune $0
Board [Qc Qh Jd]
Seat 1: dc2d069c (small blind) folded on the Flop
Seat 2: d078e97d (big blind) folded before Flop
Seat 3: bdff758 won ($0.34)
Seat 4: 7007ad33 folded on the Flop
Seat 5: c5bcb2c1 folded before Flop (didn't bet)
Seat 6: Hero (button) folded before Flop (didn't bet)


Poker Hand #HD1204182897: Hold'em No Limit  ($0.02/$0.05) - 2023/04/15 16:05:46
Table 'NLHBlue44' 6-max Seat #5 is the button
Seat 1: dc2d069c ($5.86 in chips)
Seat 2: d078e97d ($5 in chips)
Seat 3: bdff758 ($5.75 in chips)
Seat 4: 7007ad33 ($5.12 in chips)
Seat 5: c5bcb2c1 ($4.98 in chips)
Seat 6: Hero ($14.01 in chips)
Hero: posts small blind $0.02
dc2d069c: posts big blind $0.05
*** HOLE CARDS ***
Dealt to dc2d069c 
Dealt to d078e97d 
Dealt to bdff758 
Dealt to 7007ad33 
Dealt to c5bcb2c1 
Dealt to Hero [9c 3h]
d078e97d: folds
bdff758: folds
7007ad33: folds
c5bcb2c1: raises $0.05 to $0.1
Hero: folds
dc2d069c: calls $0.05
*** FLOP *** [8h Js Kc]
dc2d069c: checks
c5bcb2c1: bets $0.08
dc2d069c: calls $0.08
*** TURN *** [8h Js Kc] [Jh]
dc2d069c: checks
c5bcb2c1: bets $0.19
dc2d069c: folds
Uncalled bet ($0.19) returned to c5bcb2c1
*** SHOWDOWN ***
c5bcb2c1 collected $0.37 from pot
*** SUMMARY ***
Total pot $0.38 | Rake $0.01 | Jackpot $0 | Bingo $0 | Fortune $0
Board [8h Js Kc Jh]
Seat 1: dc2d069c (big blind) folded on the Turn
Seat 2: d078e97d folded before Flop (didn't bet)
Seat 3: bdff758 folded before Flop (didn't bet)
Seat 4: 7007ad33 folded before Flop (didn't bet)
Seat 5: c5bcb2c1 (button) won ($0.37)
Seat 6: Hero (small blind) folded before Flop


Poker Hand #HD1204182876: Hold'em No Limit  ($0.02/$0.05) - 2023/04/15 16:05:35
Table 'NLHBlue44' 6-max Seat #4 is the button
Seat 1: dc2d069c ($5.86 in chips)
Seat 2: d078e97d ($5 in chips)
Seat 3: bdff758 ($5.75 in chips)
Seat 4: 7007ad33 ($5.12 in chips)
Seat 5: c5bcb2c1 ($5 in chips)
Seat 6: Hero ($13.99 in chips)
c5bcb2c1: posts small blind $0.02
Hero: posts big blind $0.05
*** HOLE CARDS ***
Dealt to dc2d069c 
Dealt to d078e97d 
Dealt to bdff758 
Dealt to 7007ad33 
Dealt to c5bcb2c1 
Dealt to Hero [2c Qh]
dc2d069c: folds
d078e97d: folds
bdff758: folds
7007ad33: folds
c5bcb2c1: folds
Uncalled bet ($0.03) returned to Hero
*** SHOWDOWN ***
Hero collected $0.04 from pot
*** SUMMARY ***
Total pot $0.04 | Rake $0 | Jackpot $0 | Bingo $0 | Fortune $0
Seat 1: dc2d069c folded before Flop (didn't bet)
Seat 2: d078e97d folded before Flop (didn't bet)
Seat 3: bdff758 folded before Flop (didn't bet)
Seat 4: 7007ad33 (button) folded before Flop (didn't bet)
Seat 5: c5bcb2c1 (small blind) folded before Flop
Seat 6: Hero (big blind) collected ($0.04)


Poker Hand #HD1204182702: Hold'em No Limit  ($0.02/$0.05) - 2023/04/15 16:03:58
Table 'NLHBlue44' 6-max Seat #3 is the button
Seat 1: dc2d069c ($5.86 in chips)
Seat 2: d078e97d ($5 in chips)
Seat 3: bdff758 ($3.98 in chips)
Seat 4: 7007ad33 ($5.14 in chips)
Seat 5: c5bcb2c1 ($5.01 in chips)
Seat 6: Hero ($13.99 in chips)
7007ad33: posts small blind $0.02
c5bcb2c1: posts big blind $0.05
*** HOLE CARDS ***
Dealt to dc2d069c 
Dealt to d078e97d 
Dealt to bdff758 
Dealt to 7007ad33 
Dealt to c5bcb2c1 
Dealt to Hero [2c 9h]
Hero: folds
dc2d069c: folds
d078e97d: folds
bdff758: raises $0.1 to $0.15
7007ad33: folds
c5bcb2c1: calls $0.1
*** FLOP *** [Qh Ah Tc]
c5bcb2c1: checks
bdff758: bets $0.24
c5bcb2c1: calls $0.24
*** TURN *** [Qh Ah Tc] [Jc]
c5bcb2c1: checks
bdff758: bets $0.4
c5bcb2c1: calls $0.4
*** RIVER *** [Qh Ah Tc Jc] [7d]
c5bcb2c1: checks
bdff758: bets $1.2
c5bcb2c1: calls $1.2
bdff758: shows [Ad Kh] (Aces-High Straight)
c5bcb2c1: shows [Ts Jh] (Pair of Jacks and Pair of Tens)
*** SHOWDOWN ***
bdff758 collected $3.76 from pot
*** SUMMARY ***
Total pot $4 | Rake $0.19 | Jackpot $0.05 | Bingo $0 | Fortune $0
Board [Qh Ah Tc Jc 7d]
Seat 1: dc2d069c folded before Flop (didn't bet)
Seat 2: d078e97d folded before Flop (didn't bet)
Seat 3: bdff758 (button) showed [Ad Kh] and won ($3.76) with Aces-High Straight
Seat 4: 7007ad33 (small blind) folded before Flop
Seat 5: c5bcb2c1 (big blind) showed [Ts Jh] and lost with Pair of Jacks and Pair of Tens
Seat 6: Hero folded before Flop (didn't bet)


Poker Hand #HD1204182608: Hold'em No Limit  ($0.02/$0.05) - 2023/04/15 16:03:16
Table 'NLHBlue44' 6-max Seat #2 is the button
Seat 1: dc2d069c ($5.86 in chips)
Seat 2: d078e97d ($5 in chips)
Seat 3: bdff758 ($4 in chips)
Seat 4: 7007ad33 ($5 in chips)
Seat 5: c5bcb2c1 ($5.01 in chips)
Seat 6: Hero ($13.99 in chips)
bdff758: posts small blind $0.02
7007ad33: posts big blind $0.05
*** HOLE CARDS ***
Dealt to dc2d069c 
Dealt to d078e97d 
Dealt to bdff758 
Dealt to 7007ad33 
Dealt to c5bcb2c1 
Dealt to Hero [7c Jc]
c5bcb2c1: folds
Hero: folds
dc2d069c: folds
d078e97d: raises $0.08 to $0.13
bdff758: folds
7007ad33: calls $0.08
*** FLOP *** [Ks 8c 6s]
7007ad33: checks
d078e97d: checks
*** TURN *** [Ks 8c 6s] [4c]
7007ad33: bets $0.1
d078e97d: folds
Uncalled bet ($0.1) returned to 7007ad33
*** SHOWDOWN ***
7007ad33 collected $0.27 from pot
*** SUMMARY ***
Total pot $0.28 | Rake $0.01 | Jackpot $0 | Bingo $0 | Fortune $0
Board [Ks 8c 6s 4c]
Seat 1: dc2d069c folded before Flop (didn't bet)
Seat 2: d078e97d (button) folded on the Turn
Seat 3: bdff758 (small blind) folded before Flop
Seat 4: 7007ad33 (big blind) won ($0.27)
Seat 5: c5bcb2c1 folded before Flop (didn't bet)
Seat 6: Hero folded before Flop (didn't bet)


Poker Hand #HD1204182580: Hold'em No Limit  ($0.02/$0.05) - 2023/04/15 16:02:59
Table 'NLHBlue44' 6-max Seat #1 is the button
Seat 1: dc2d069c ($5.79 in chips)
Seat 2: d078e97d ($5.02 in chips)
Seat 3: bdff758 ($4.05 in chips)
Seat 5: c5bcb2c1 ($5.01 in chips)
Seat 6: Hero ($13.99 in chips)
d078e97d: posts small blind $0.02
bdff758: posts big blind $0.05
*** HOLE CARDS ***
Dealt to dc2d069c 
Dealt to d078e97d 
Dealt to bdff758 
Dealt to c5bcb2c1 
Dealt to Hero [8s 5c]
c5bcb2c1: folds
Hero: folds
dc2d069c: raises $0.08 to $0.13
d078e97d: folds
bdff758: folds
Uncalled bet ($0.08) returned to dc2d069c
*** SHOWDOWN ***
dc2d069c collected $0.12 from pot
*** SUMMARY ***
Total pot $0.12 | Rake $0 | Jackpot $0 | Bingo $0 | Fortune $0
Seat 1: dc2d069c (button) collected ($0.12)
Seat 2: d078e97d (small blind) folded before Flop
Seat 3: bdff758 (big blind) folded before Flop
Seat 5: c5bcb2c1 folded before Flop (didn't bet)
Seat 6: Hero folded before Flop (didn't bet)


Poker Hand #HD1204182548: Hold'em No Limit  ($0.02/$0.05) - 2023/04/15 16:02:39
Table 'NLHBlue44' 6-max Seat #6 is the button
Seat 1: dc2d069c ($5.81 in chips)
Seat 2: d078e97d ($5 in chips)
Seat 3: bdff758 ($4.05 in chips)
Seat 5: c5bcb2c1 ($5.01 in chips)
Seat 6: Hero ($13.99 in chips)
dc2d069c: posts small blind $0.02
d078e97d: posts big blind $0.05
*** HOLE CARDS ***
Dealt to dc2d069c 
Dealt to d078e97d 
Dealt to bdff758 
Dealt to c5bcb2c1 
Dealt to Hero [Ks 3c]
bdff758: folds
c5bcb2c1: folds
Hero: folds
dc2d069c: folds
Uncalled bet ($0.03) returned to d078e97d
*** SHOWDOWN ***
d078e97d collected $0.04 from pot
*** SUMMARY ***
Total pot $0.04 | Rake $0 | Jackpot $0 | Bingo $0 | Fortune $0
Seat 1: dc2d069c (small blind) folded before Flop
Seat 2: d078e97d (big blind) collected ($0.04)
Seat 3: bdff758 folded before Flop (didn't bet)
Seat 5: c5bcb2c1 folded before Flop (didn't bet)
Seat 6: Hero (button) folded before Flop (didn't bet)


Poker Hand #HD1204182466: Hold'em No Limit  ($0.02/$0.05) - 2023/04/15 16:01:58
Table 'NLHBlue44' 6-max Seat #5 is the button
Seat 1: dc2d069c ($5.86 in chips)
Seat 2: d078e97d ($5 in chips)
Seat 3: bdff758 ($4.05 in chips)
Seat 5: c5bcb2c1 ($5.01 in chips)
Seat 6: Hero ($13.82 in chips)
Hero: posts small blind $0.02
dc2d069c: posts big blind $0.05
*** HOLE CARDS ***
Dealt to dc2d069c 
Dealt to d078e97d 
Dealt to bdff758 
Dealt to c5bcb2c1 
Dealt to Hero [Kc Jc]
d078e97d: raises $0.08 to $0.13
bdff758: folds
c5bcb2c1: folds
Hero: calls $0.11
dc2d069c: folds
*** FLOP *** [Ac 7c 2h]
Hero: bets $0.18
d078e97d: folds
Uncalled bet ($0.18) returned to Hero
*** SHOWDOWN ***
Hero collected $0.3 from pot
*** SUMMARY ***
Total pot $0.31 | Rake $0.01 | Jackpot $0 | Bingo $0 | Fortune $0
Board [Ac 7c 2h]
Seat 1: dc2d069c (big blind) folded before Flop
Seat 2: d078e97d folded on the Flop
Seat 3: bdff758 folded before Flop (didn't bet)
Seat 5: c5bcb2c1 (button) folded before Flop (didn't bet)
Seat 6: Hero (small blind) won ($0.3)


Poker Hand #HD1204182357: Hold'em No Limit  ($0.02/$0.05) - 2023/04/15 16:01:02
Table 'NLHBlue44' 6-max Seat #3 is the button
Seat 1: dc2d069c ($5.86 in chips)
Seat 2: d078e97d ($5 in chips)
Seat 3: bdff758 ($3.94 in chips)
Seat 5: c5bcb2c1 ($5.03 in chips)
Seat 6: Hero ($13.92 in chips)
c5bcb2c1: posts small blind $0.02
Hero: posts big blind $0.05
*** HOLE CARDS ***
Dealt to dc2d069c 
Dealt to d078e97d 
Dealt to bdff758 
Dealt to c5bcb2c1 
Dealt to Hero [4d 4s]
dc2d069c: folds
d078e97d: folds
bdff758: raises $0.05 to $0.1
c5bcb2c1: folds
Hero: calls $0.05
*** FLOP *** [Qh 6d 2c]
Hero: checks
bdff758: checks
*** TURN *** [Qh 6d 2c] [Th]
Hero: checks
bdff758: bets $0.11
Hero: folds
Uncalled bet ($0.11) returned to bdff758
*** SHOWDOWN ***
bdff758 collected $0.21 from pot
*** SUMMARY ***
Total pot $0.22 | Rake $0.01 | Jackpot $0 | Bingo $0 | Fortune $0
Board [Qh 6d 2c Th]
Seat 1: dc2d069c folded before Flop (didn't bet)
Seat 2: d078e97d folded before Flop (didn't bet)
Seat 3: bdff758 (button) won ($0.21)
Seat 5: c5bcb2c1 (small blind) folded before Flop
Seat 6: Hero (big blind) folded on the Turn


Poker Hand #HD1204182269: Hold'em No Limit  ($0.02/$0.05) - 2023/04/15 16:00:14
Table 'NLHBlue44' 6-max Seat #2 is the button
Seat 1: dc2d069c ($5.86 in chips)
Seat 2: d078e97d ($5 in chips)
Seat 3: bdff758 ($3.99 in chips)
Seat 5: c5bcb2c1 ($4.98 in chips)
Seat 6: Hero ($13.92 in chips)
bdff758: posts small blind $0.02
c5bcb2c1: posts big blind $0.05
*** HOLE CARDS ***
Dealt to dc2d069c 
Dealt to d078e97d 
Dealt to bdff758 
Dealt to c5bcb2c1 
Dealt to Hero [3s Td]
Hero: folds
dc2d069c: folds
d078e97d: folds
bdff758: calls $0.03
c5bcb2c1: checks
*** FLOP *** [2c 5h Jh]
bdff758: checks
c5bcb2c1: bets $0.05
bdff758: folds
Uncalled bet ($0.05) returned to c5bcb2c1
*** SHOWDOWN ***
c5bcb2c1 collected $0.1 from pot
*** SUMMARY ***
Total pot $0.1 | Rake $0 | Jackpot $0 | Bingo $0 | Fortune $0
Board [2c 5h Jh]
Seat 1: dc2d069c folded before Flop (didn't bet)
Seat 2: d078e97d (button) folded before Flop (didn't bet)
Seat 3: bdff758 (small blind) folded on the Flop
Seat 5: c5bcb2c1 (big blind) won ($0.1)
Seat 6: Hero folded before Flop (didn't bet)


Poker Hand #HD1204182253: Hold'em No Limit  ($0.02/$0.05) - 2023/04/15 16:00:05
Table 'NLHBlue44' 6-max Seat #1 is the button
Seat 1: dc2d069c ($5.86 in chips)
Seat 2: d078e97d ($5 in chips)
Seat 3: bdff758 ($3.97 in chips)
Seat 5: c5bcb2c1 ($4.98 in chips)
Seat 6: Hero ($13.92 in chips)
d078e97d: posts small blind $0.02
bdff758: posts big blind $0.05
*** HOLE CARDS ***
Dealt to dc2d069c 
Dealt to d078e97d 
Dealt to bdff758 
Dealt to c5bcb2c1 
Dealt to Hero [5d 3h]
c5bcb2c1: folds
Hero: folds
dc2d069c: folds
d078e97d: folds
Uncalled bet ($0.03) returned to bdff758
*** SHOWDOWN ***
bdff758 collected $0.04 from pot
*** SUMMARY ***
Total pot $0.04 | Rake $0 | Jackpot $0 | Bingo $0 | Fortune $0
Seat 1: dc2d069c (button) folded before Flop (didn't bet)
Seat 2: d078e97d (small blind) folded before Flop
Seat 3: bdff758 (big blind) collected ($0.04)
Seat 5: c5bcb2c1 folded before Flop (didn't bet)
Seat 6: Hero folded before Flop (didn't bet)


Poker Hand #HD1204182198: Hold'em No Limit  ($0.02/$0.05) - 2023/04/15 15:59:38
Table 'NLHBlue44' 6-max Seat #6 is the button
Seat 1: dc2d069c ($5.88 in chips)
Seat 2: d078e97d ($5 in chips)
Seat 3: bdff758 ($3.9 in chips)
Seat 4: 30e60d01 ($10.84 in chips)
Seat 5: c5bcb2c1 ($4.98 in chips)
Seat 6: Hero ($13.92 in chips)
dc2d069c: posts small blind $0.02
d078e97d: posts big blind $0.05
*** HOLE CARDS ***
Dealt to dc2d069c 
Dealt to d078e97d 
Dealt to bdff758 
Dealt to 30e60d01 
Dealt to c5bcb2c1 
Dealt to Hero [9s Jh]
bdff758: raises $0.05 to $0.1
30e60d01: folds
c5bcb2c1: folds
Hero: folds
dc2d069c: folds
d078e97d: folds
Uncalled bet ($0.05) returned to bdff758
*** SHOWDOWN ***
bdff758 collected $0.12 from pot
*** SUMMARY ***
Total pot $0.12 | Rake $0 | Jackpot $0 | Bingo $0 | Fortune $0
Seat 1: dc2d069c (small blind) folded before Flop
Seat 2: d078e97d (big blind) folded before Flop
Seat 3: bdff758 collected ($0.12)
Seat 4: 30e60d01 folded before Flop (didn't bet)
Seat 5: c5bcb2c1 folded before Flop (didn't bet)
Seat 6: Hero (button) folded before Flop (didn't bet)


Poker Hand #HD1204182136: Hold'em No Limit  ($0.02/$0.05) - 2023/04/15 15:59:04
Table 'NLHBlue44' 6-max Seat #5 is the button
Seat 1: dc2d069c ($5.93 in chips)
Seat 2: d078e97d ($5 in chips)
Seat 3: bdff758 ($3.83 in chips)
Seat 4: 30e60d01 ($10.84 in chips)
Seat 5: c5bcb2c1 ($4.98 in chips)
Seat 6: Hero ($13.94 in chips)
Hero: posts small blind $0.02
dc2d069c: posts big blind $0.05
*** HOLE CARDS ***
Dealt to dc2d069c 
Dealt to d078e97d 
Dealt to bdff758 
Dealt to 30e60d01 
Dealt to c5bcb2c1 
Dealt to Hero [Tc 3h]
d078e97d: folds
bdff758: calls $0.05
30e60d01: folds
c5bcb2c1: folds
Hero: folds
dc2d069c: checks
*** FLOP *** [Qs Ks 5s]
dc2d069c: checks
bdff758: bets $0.06
dc2d069c: folds
Uncalled bet ($0.06) returned to bdff758
*** SHOWDOWN ***
bdff758 collected $0.12 from pot
*** SUMMARY ***
Total pot $0.12 | Rake $0 | Jackpot $0 | Bingo $0 | Fortune $0
Board [Qs Ks 5s]
Seat 1: dc2d069c (big blind) folded on the Flop
Seat 2: d078e97d folded before Flop (didn't bet)
Seat 3: bdff758 won ($0.12)
Seat 4: 30e60d01 folded before Flop (didn't bet)
Seat 5: c5bcb2c1 (button) folded before Flop (didn't bet)
Seat 6: Hero (small blind) folded before Flop


Poker Hand #HD1204182057: Hold'em No Limit  ($0.02/$0.05) - 2023/04/15 15:58:25
Table 'NLHBlue44' 6-max Seat #4 is the button
Seat 1: dc2d069c ($5.93 in chips)
Seat 2: d078e97d ($5 in chips)
Seat 3: bdff758 ($3.76 in chips)
Seat 4: 30e60d01 ($10.84 in chips)
Seat 5: c5bcb2c1 ($5 in chips)
Seat 6: Hero ($13.99 in chips)
c5bcb2c1: posts small blind $0.02
Hero: posts big blind $0.05
bdff758: posts big blind $0.05
*** HOLE CARDS ***
Dealt to dc2d069c 
Dealt to d078e97d 
Dealt to bdff758 
Dealt to 30e60d01 
Dealt to c5bcb2c1 
Dealt to Hero [8d Jc]
dc2d069c: folds
d078e97d: folds
bdff758: raises $0.1 to $0.15
30e60d01: folds
c5bcb2c1: folds
Hero: folds
Uncalled bet ($0.1) returned to bdff758
*** SHOWDOWN ***
bdff758 collected $0.12 from pot
*** SUMMARY ***
Total pot $0.12 | Rake $0 | Jackpot $0 | Bingo $0 | Fortune $0
Seat 1: dc2d069c folded before Flop (didn't bet)
Seat 2: d078e97d folded before Flop (didn't bet)
Seat 3: bdff758 collected ($0.12)
Seat 4: 30e60d01 (button) folded before Flop (didn't bet)
Seat 5: c5bcb2c1 (small blind) folded before Flop
Seat 6: Hero (big blind) folded before Flop


Poker Hand #HD1204181980: Hold'em No Limit  ($0.02/$0.05) - 2023/04/15 15:57:46
Table 'NLHBlue44' 6-max Seat #2 is the button
Seat 1: dc2d069c ($5.93 in chips)
Seat 2: d078e97d ($5 in chips)
Seat 4: 30e60d01 ($10.49 in chips)
Seat 5: c5bcb2c1 ($5.3 in chips)
Seat 6: Hero ($13.99 in chips)
30e60d01: posts small blind $0.02
c5bcb2c1: posts big blind $0.05
*** HOLE CARDS ***
Dealt to dc2d069c 
Dealt to d078e97d 
Dealt to 30e60d01 
Dealt to c5bcb2c1 
Dealt to Hero [Jh 7c]
Hero: folds
dc2d069c: folds
d078e97d: folds
30e60d01: raises $0.1 to $0.15
c5bcb2c1: calls $0.1
*** FLOP *** [Jd 8c 2h]
30e60d01: bets $0.23
c5bcb2c1: calls $0.23
*** TURN *** [Jd 8c 2h] [4s]
30e60d01: bets $0.38
c5bcb2c1: folds
Uncalled bet ($0.38) returned to 30e60d01
*** SHOWDOWN ***
30e60d01 collected $0.73 from pot
*** SUMMARY ***
Total pot $0.76 | Rake $0.03 | Jackpot $0 | Bingo $0 | Fortune $0
Board [Jd 8c 2h 4s]
Seat 1: dc2d069c folded before Flop (didn't bet)
Seat 2: d078e97d (button) folded before Flop (didn't bet)
Seat 4: 30e60d01 (small blind) won ($0.73)
Seat 5: c5bcb2c1 (big blind) folded on the Turn
Seat 6: Hero folded before Flop (didn't bet)


Poker Hand #HD1204181959: Hold'em No Limit  ($0.02/$0.05) - 2023/04/15 15:57:35
Table 'NLHBlue44' 6-max Seat #1 is the button
Seat 1: dc2d069c ($5.86 in chips)
Seat 2: d078e97d ($5 in chips)
Seat 4: 30e60d01 ($10.54 in chips)
Seat 5: c5bcb2c1 ($5.3 in chips)
Seat 6: Hero ($13.99 in chips)
d078e97d: posts small blind $0.02
30e60d01: posts big blind $0.05
*** HOLE CARDS ***
Dealt to dc2d069c 
Dealt to d078e97d 
Dealt to 30e60d01 
Dealt to c5bcb2c1 
Dealt to Hero [Qs 7c]
c5bcb2c1: folds
Hero: folds
dc2d069c: raises $0.1 to $0.15
d078e97d: folds
30e60d01: folds
Uncalled bet ($0.1) returned to dc2d069c
*** SHOWDOWN ***
dc2d069c collected $0.12 from pot
*** SUMMARY ***
Total pot $0.12 | Rake $0 | Jackpot $0 | Bingo $0 | Fortune $0
Seat 1: dc2d069c (button) collected ($0.12)
Seat 2: d078e97d (small blind) folded before Flop
Seat 4: 30e60d01 (big blind) folded before Flop
Seat 5: c5bcb2c1 folded before Flop (didn't bet)
Seat 6: Hero folded before Flop (didn't bet)


Poker Hand #HD1204181883: Hold'em No Limit  ($0.02/$0.05) - 2023/04/15 15:56:51
Table 'NLHBlue44' 6-max Seat #6 is the button
Seat 1: dc2d069c ($5.88 in chips)
Seat 2: d078e97d ($5 in chips)
Seat 3: 88bdd249 ($5.64 in chips)
Seat 4: 30e60d01 ($10.54 in chips)
Seat 5: c5bcb2c1 ($5.19 in chips)
Seat 6: Hero ($13.99 in chips)
dc2d069c: posts small blind $0.02
d078e97d: posts big blind $0.05
*** HOLE CARDS ***
Dealt to dc2d069c 
Dealt to d078e97d 
Dealt to 88bdd249 
Dealt to 30e60d01 
Dealt to c5bcb2c1 
Dealt to Hero [6s 8c]
88bdd249: folds
30e60d01: folds
c5bcb2c1: raises $0.05 to $0.1
Hero: folds
dc2d069c: folds
d078e97d: calls $0.05
*** FLOP *** [7h Js 4s]
d078e97d: checks
c5bcb2c1: checks
*** TURN *** [7h Js 4s] [As]
d078e97d: checks
c5bcb2c1: bets $0.11
d078e97d: folds
Uncalled bet ($0.11) returned to c5bcb2c1
*** SHOWDOWN ***
c5bcb2c1 collected $0.21 from pot
*** SUMMARY ***
Total pot $0.22 | Rake $0.01 | Jackpot $0 | Bingo $0 | Fortune $0
Board [7h Js 4s As]
Seat 1: dc2d069c (small blind) folded before Flop
Seat 2: d078e97d (big blind) folded on the Turn
Seat 3: 88bdd249 folded before Flop (didn't bet)
Seat 4: 30e60d01 folded before Flop (didn't bet)
Seat 5: c5bcb2c1 won ($0.21)
Seat 6: Hero (button) folded before Flop (didn't bet)


Poker Hand #HD1204181851: Hold'em No Limit  ($0.02/$0.05) - 2023/04/15 15:56:35
Table 'NLHBlue44' 6-max Seat #5 is the button
Seat 1: dc2d069c ($5.93 in chips)
Seat 2: d078e97d ($5 in chips)
Seat 3: 88bdd249 ($5.64 in chips)
Seat 4: 30e60d01 ($10.54 in chips)
Seat 5: c5bcb2c1 ($5.19 in chips)
Seat 6: Hero ($13.94 in chips)
Hero: posts small blind $0.02
dc2d069c: posts big blind $0.05
*** HOLE CARDS ***
Dealt to dc2d069c 
Dealt to d078e97d 
Dealt to 88bdd249 
Dealt to 30e60d01 
Dealt to c5bcb2c1 
Dealt to Hero [Ks Ac]
d078e97d: folds
88bdd249: folds
30e60d01: folds
c5bcb2c1: folds
Hero: raises $0.09 to $0.14
dc2d069c: folds
Uncalled bet ($0.09) returned to Hero
*** SHOWDOWN ***
Hero collected $0.1 from pot
*** SUMMARY ***
Total pot $0.1 | Rake $0 | Jackpot $0 | Bingo $0 | Fortune $0
Seat 1: dc2d069c (big blind) folded before Flop
Seat 2: d078e97d folded before Flop (didn't bet)
Seat 3: 88bdd249 folded before Flop (didn't bet)
Seat 4: 30e60d01 folded before Flop (didn't bet)
Seat 5: c5bcb2c1 (button) folded before Flop (didn't bet)
Seat 6: Hero (small blind) collected ($0.1)


Poker Hand #HD1204181748: Hold'em No Limit  ($0.02/$0.05) - 2023/04/15 15:55:41
Table 'NLHBlue44' 6-max Seat #4 is the button
Seat 1: dc2d069c ($6.08 in chips)
Seat 2: d078e97d ($5 in chips)
Seat 3: 88bdd249 ($5.64 in chips)
Seat 4: 30e60d01 ($10.69 in chips)
Seat 5: c5bcb2c1 ($5.21 in chips)
Seat 6: Hero ($13.64 in chips)
c5bcb2c1: posts small blind $0.02
Hero: posts big blind $0.05
*** HOLE CARDS ***
Dealt to dc2d069c 
Dealt to d078e97d 
Dealt to 88bdd249 
Dealt to 30e60d01 
Dealt to c5bcb2c1 
Dealt to Hero [Ks Kh]
dc2d069c: raises $0.1 to $0.15
d078e97d: folds
88bdd249: folds
30e60d01: calls $0.15
c5bcb2c1: folds
Hero: raises $0.71 to $0.86
dc2d069c: folds
30e60d01: folds
Uncalled bet ($0.71) returned to Hero
*** SHOWDOWN ***
Hero collected $0.45 from pot
*** SUMMARY ***
Total pot $0.47 | Rake $0.02 | Jackpot $0 | Bingo $0 | Fortune $0
Seat 1: dc2d069c folded before Flop
Seat 2: d078e97d folded before Flop (didn't bet)
Seat 3: 88bdd249 folded before Flop (didn't bet)
Seat 4: 30e60d01 (button) folded before Flop
Seat 5: c5bcb2c1 (small blind) folded before Flop
Seat 6: Hero (big blind) collected ($0.45)


Poker Hand #HD1204181629: Hold'em No Limit  ($0.02/$0.05) - 2023/04/15 15:54:38
Table 'NLHBlue44' 6-max Seat #3 is the button
Seat 1: dc2d069c ($6.08 in chips)
Seat 2: d078e97d ($5 in chips)
Seat 3: 88bdd249 ($5 in chips)
Seat 4: 30e60d01 ($11.24 in chips)
Seat 5: c5bcb2c1 ($5.36 in chips)
Seat 6: Hero ($13.64 in chips)
30e60d01: posts small blind $0.02
c5bcb2c1: posts big blind $0.05
*** HOLE CARDS ***
Dealt to dc2d069c 
Dealt to d078e97d 
Dealt to 88bdd249 
Dealt to 30e60d01 
Dealt to c5bcb2c1 
Dealt to Hero [4s 6s]
Hero: folds
dc2d069c: folds
d078e97d: folds
88bdd249: raises $0.1 to $0.15
30e60d01: calls $0.13
c5bcb2c1: calls $0.1
*** FLOP *** [Qc Ac 8d]
30e60d01: checks
c5bcb2c1: checks
88bdd249: checks
*** TURN *** [Qc Ac 8d] [8h]
30e60d01: bets $0.15
c5bcb2c1: folds
88bdd249: calls $0.15
*** RIVER *** [Qc Ac 8d 8h] [3c]
30e60d01: bets $0.25
88bdd249: calls $0.25
30e60d01: shows [Kd Ts] (Pair of Eights)
88bdd249: shows [4d Ah] (Pair of Aces and Pair of Eights)
*** SHOWDOWN ***
88bdd249 collected $1.19 from pot
*** SUMMARY ***
Total pot $1.25 | Rake $0.06 | Jackpot $0 | Bingo $0 | Fortune $0
Board [Qc Ac 8d 8h 3c]
Seat 1: dc2d069c folded before Flop (didn't bet)
Seat 2: d078e97d folded before Flop (didn't bet)
Seat 3: 88bdd249 (button) showed [4d Ah] and won ($1.19) with Pair of Aces and Pair of Eights
Seat 4: 30e60d01 (small blind) showed [Kd Ts] and lost with Pair of Eights
Seat 5: c5bcb2c1 (big blind) folded on the Turn
Seat 6: Hero folded before Flop (didn't bet)


Poker Hand #HD1204181510: Hold'em No Limit  ($0.02/$0.05) - 2023/04/15 15:53:37
Table 'NLHBlue44' 6-max Seat #2 is the button
Seat 1: dc2d069c ($5 in chips)
Seat 2: d078e97d ($5 in chips)
Seat 3: 88bdd249 ($5.02 in chips)
Seat 4: 30e60d01 ($11.94 in chips)
Seat 5: c5bcb2c1 ($5.36 in chips)
Seat 6: Hero ($13.64 in chips)
88bdd249: posts small blind $0.02
30e60d01: posts big blind $0.05
*** HOLE CARDS ***
Dealt to dc2d069c 
Dealt to d078e97d 
Dealt to 88bdd249 
Dealt to 30e60d01 
Dealt to c5bcb2c1 
Dealt to Hero [4s Qd]
c5bcb2c1: folds
Hero: folds
dc2d069c: raises $0.1 to $0.15
d078e97d: raises $0.35 to $0.5
88bdd249: folds
30e60d01: calls $0.45
dc2d069c: calls $0.35
*** FLOP *** [6h Js 7s]
30e60d01: checks
dc2d069c: checks
d078e97d: checks
*** TURN *** [6h Js 7s] [Qs]
30e60d01: checks
dc2d069c: checks
d078e97d: checks
*** RIVER *** [6h Js 7s Qs] [7c]
30e60d01: bets $0.2
dc2d069c: calls $0.2
d078e97d: folds
30e60d01: shows [5d 5c] (Pair of Sevens and Pair of Fives)
dc2d069c: shows [9c 9h] (Pair of Nines and Pair of Sevens)
*** SHOWDOWN ***
dc2d069c collected $1.78 from pot
*** SUMMARY ***
Total pot $1.92 | Rake $0.09 | Jackpot $0.05 | Bingo $0 | Fortune $0
Board [6h Js 7s Qs 7c]
Seat 1: dc2d069c showed [9c 9h] and won ($1.78) with Pair of Nines and Pair of Sevens
Seat 2: d078e97d (button) folded on the River
Seat 3: 88bdd249 (small blind) folded before Flop
Seat 4: 30e60d01 (big blind) showed [5d 5c] and lost with Pair of Sevens and Pair of Fives
Seat 5: c5bcb2c1 folded before Flop (didn't bet)
Seat 6: Hero folded before Flop (didn't bet)


Poker Hand #HD1204181426: Hold'em No Limit  ($0.02/$0.05) - 2023/04/15 15:52:53
Table 'NLHBlue44' 6-max Seat #1 is the button
Seat 1: dc2d069c ($5 in chips)
Seat 2: d078e97d ($4.95 in chips)
Seat 3: 88bdd249 ($5.07 in chips)
Seat 4: 30e60d01 ($11.94 in chips)
Seat 5: c5bcb2c1 ($5.36 in chips)
Seat 6: Hero ($13.57 in chips)
d078e97d: posts small blind $0.02
88bdd249: posts big blind $0.05
*** HOLE CARDS ***
Dealt to dc2d069c 
Dealt to d078e97d 
Dealt to 88bdd249 
Dealt to 30e60d01 
Dealt to c5bcb2c1 
Dealt to Hero [Ks Js]
30e60d01: folds
c5bcb2c1: folds
Hero: raises $0.07 to $0.12
dc2d069c: folds
d078e97d: folds
88bdd249: folds
Uncalled bet ($0.07) returned to Hero
*** SHOWDOWN ***
Hero collected $0.12 from pot
*** SUMMARY ***
Total pot $0.12 | Rake $0 | Jackpot $0 | Bingo $0 | Fortune $0
Seat 1: dc2d069c (button) folded before Flop (didn't bet)
Seat 2: d078e97d (small blind) folded before Flop
Seat 3: 88bdd249 (big blind) folded before Flop
Seat 4: 30e60d01 folded before Flop (didn't bet)
Seat 5: c5bcb2c1 folded before Flop (didn't bet)
Seat 6: Hero collected ($0.12)


Poker Hand #HD1204181396: Hold'em No Limit  ($0.02/$0.05) - 2023/04/15 15:52:38
Table 'NLHBlue44' 6-max Seat #6 is the button
Seat 1: dc2d069c ($5.02 in chips)
Seat 2: d078e97d ($5 in chips)
Seat 3: 88bdd249 ($5 in chips)
Seat 4: 30e60d01 ($11.94 in chips)
Seat 5: c5bcb2c1 ($5.36 in chips)
Seat 6: Hero ($13.57 in chips)
dc2d069c: posts small blind $0.02
d078e97d: posts big blind $0.05
*** HOLE CARDS ***
Dealt to dc2d069c 
Dealt to d078e97d 
Dealt to 88bdd249 
Dealt to 30e60d01 
Dealt to c5bcb2c1 
Dealt to Hero [Tc 4h]
88bdd249: raises $0.1 to $0.15
30e60d01: folds
c5bcb2c1: folds
Hero: folds
dc2d069c: folds
d078e97d: folds
Uncalled bet ($0.1) returned to 88bdd249
*** SHOWDOWN ***
88bdd249 collected $0.12 from pot
*** SUMMARY ***
Total pot $0.12 | Rake $0 | Jackpot $0 | Bingo $0 | Fortune $0
Seat 1: dc2d069c (small blind) folded before Flop
Seat 2: d078e97d (big blind) folded before Flop
Seat 3: 88bdd249 collected ($0.12)
Seat 4: 30e60d01 folded before Flop (didn't bet)
Seat 5: c5bcb2c1 folded before Flop (didn't bet)
Seat 6: Hero (button) folded before Flop (didn't bet)


Poker Hand #HD1204181364: Hold'em No Limit  ($0.02/$0.05) - 2023/04/15 15:52:19
Table 'NLHBlue44' 6-max Seat #5 is the button
Seat 1: dc2d069c ($5.07 in chips)
Seat 2: d078e97d ($5 in chips)
Seat 3: 88bdd249 ($5 in chips)
Seat 5: c5bcb2c1 ($5.36 in chips)
Seat 6: Hero ($13.52 in chips)
Hero: posts small blind $0.02
dc2d069c: posts big blind $0.05
*** HOLE CARDS ***
Dealt to dc2d069c 
Dealt to d078e97d 
Dealt to 88bdd249 
Dealt to c5bcb2c1 
Dealt to Hero [4h 4c]
d078e97d: folds
88bdd249: folds
c5bcb2c1: folds
Hero: raises $0.11 to $0.16
dc2d069c: folds
Uncalled bet ($0.11) returned to Hero
*** SHOWDOWN ***
Hero collected $0.1 from pot
*** SUMMARY ***
Total pot $0.1 | Rake $0 | Jackpot $0 | Bingo $0 | Fortune $0
Seat 1: dc2d069c (big blind) folded before Flop
Seat 2: d078e97d folded before Flop (didn't bet)
Seat 3: 88bdd249 folded before Flop (didn't bet)
Seat 5: c5bcb2c1 (button) folded before Flop (didn't bet)
Seat 6: Hero (small blind) collected ($0.1)


Poker Hand #HD1204181321: Hold'em No Limit  ($0.02/$0.05) - 2023/04/15 15:51:56
Table 'NLHBlue44' 6-max Seat #4 is the button
Seat 1: dc2d069c ($5.07 in chips)
Seat 2: d078e97d ($5 in chips)
Seat 3: 88bdd249 ($5 in chips)
Seat 4: 30e60d01 ($11.94 in chips)
Seat 5: c5bcb2c1 ($5.38 in chips)
Seat 6: Hero ($13.5 in chips)
c5bcb2c1: posts small blind $0.02
Hero: posts big blind $0.05
*** HOLE CARDS ***
Dealt to dc2d069c 
Dealt to d078e97d 
Dealt to 88bdd249 
Dealt to 30e60d01 
Dealt to c5bcb2c1 
Dealt to Hero [Qh 3s]
dc2d069c: folds
d078e97d: folds
88bdd249: folds
30e60d01: folds
c5bcb2c1: folds
Uncalled bet ($0.03) returned to Hero
*** SHOWDOWN ***
Hero collected $0.04 from pot
*** SUMMARY ***
Total pot $0.04 | Rake $0 | Jackpot $0 | Bingo $0 | Fortune $0
Seat 1: dc2d069c folded before Flop (didn't bet)
Seat 2: d078e97d folded before Flop (didn't bet)
Seat 3: 88bdd249 folded before Flop (didn't bet)
Seat 4: 30e60d01 (button) folded before Flop (didn't bet)
Seat 5: c5bcb2c1 (small blind) folded before Flop
Seat 6: Hero (big blind) collected ($0.04)


Poker Hand #HD1204181239: Hold'em No Limit  ($0.02/$0.05) - 2023/04/15 15:51:14
Table 'NLHBlue44' 6-max Seat #3 is the button
Seat 1: dc2d069c ($5.07 in chips)
Seat 2: d078e97d ($5 in chips)
Seat 3: 88bdd249 ($5 in chips)
Seat 4: 30e60d01 ($12.36 in chips)
Seat 5: c5bcb2c1 ($5 in chips)
Seat 6: Hero ($13.5 in chips)
30e60d01: posts small blind $0.02
c5bcb2c1: posts big blind $0.05
*** HOLE CARDS ***
Dealt to dc2d069c 
Dealt to d078e97d 
Dealt to 88bdd249 
Dealt to 30e60d01 
Dealt to c5bcb2c1 
Dealt to Hero [Kc Th]
Hero: folds
dc2d069c: folds
d078e97d: folds
88bdd249: folds
30e60d01: raises $0.1 to $0.15
c5bcb2c1: calls $0.1
*** FLOP *** [8s 9d Qc]
30e60d01: bets $0.1
c5bcb2c1: calls $0.1
*** TURN *** [8s 9d Qc] [4d]
30e60d01: bets $0.17
c5bcb2c1: calls $0.17
*** RIVER *** [8s 9d Qc 4d] [2s]
30e60d01: checks
c5bcb2c1: checks
30e60d01: shows [Ah 6d] (Ace-High)
c5bcb2c1: shows [8c Td] (Pair of Eights)
*** SHOWDOWN ***
c5bcb2c1 collected $0.8 from pot
*** SUMMARY ***
Total pot $0.84 | Rake $0.04 | Jackpot $0 | Bingo $0 | Fortune $0
Board [8s 9d Qc 4d 2s]
Seat 1: dc2d069c folded before Flop (didn't bet)
Seat 2: d078e97d folded before Flop (didn't bet)
Seat 3: 88bdd249 (button) folded before Flop (didn't bet)
Seat 4: 30e60d01 (small blind) showed [Ah 6d] and lost with Ace-High
Seat 5: c5bcb2c1 (big blind) showed [8c Td] and won ($0.8) with Pair of Eights
Seat 6: Hero folded before Flop (didn't bet)


Poker Hand #HD1204181182: Hold'em No Limit  ($0.02/$0.05) - 2023/04/15 15:50:44
Table 'NLHBlue44' 6-max Seat #2 is the button
Seat 1: dc2d069c ($5 in chips)
Seat 2: d078e97d ($5 in chips)
Seat 3: 88bdd249 ($5 in chips)
Seat 4: 30e60d01 ($12.41 in chips)
Seat 5: c5bcb2c1 ($5 in chips)
Seat 6: Hero ($13.5 in chips)
88bdd249: posts small blind $0.02
30e60d01: posts big blind $0.05
*** HOLE CARDS ***
Dealt to dc2d069c 
Dealt to d078e97d 
Dealt to 88bdd249 
Dealt to 30e60d01 
Dealt to c5bcb2c1 
Dealt to Hero [5d Kh]
c5bcb2c1: folds
Hero: folds
dc2d069c: raises $0.1 to $0.15
d078e97d: folds
88bdd249: folds
30e60d01: folds
Uncalled bet ($0.1) returned to dc2d069c
*** SHOWDOWN ***
dc2d069c collected $0.12 from pot
*** SUMMARY ***
Total pot $0.12 | Rake $0 | Jackpot $0 | Bingo $0 | Fortune $0
Seat 1: dc2d069c collected ($0.12)
Seat 2: d078e97d (button) folded before Flop (didn't bet)
Seat 3: 88bdd249 (small blind) folded before Flop
Seat 4: 30e60d01 (big blind) folded before Flop
Seat 5: c5bcb2c1 folded before Flop (didn't bet)
Seat 6: Hero folded before Flop (didn't bet)


Poker Hand #HD1204181037: Hold'em No Limit  ($0.02/$0.05) - 2023/04/15 15:49:25
Table 'NLHBlue44' 6-max Seat #1 is the button
Seat 1: dc2d069c ($5 in chips)
Seat 2: d078e97d ($5 in chips)
Seat 3: 88bdd249 ($5 in chips)
Seat 4: 30e60d01 ($10.96 in chips)
Seat 5: c5bcb2c1 ($5 in chips)
Seat 6: Hero ($13.5 in chips)
d078e97d: posts small blind $0.02
88bdd249: posts big blind $0.05
*** HOLE CARDS ***
Dealt to dc2d069c 
Dealt to d078e97d 
Dealt to 88bdd249 
Dealt to 30e60d01 
Dealt to c5bcb2c1 
Dealt to Hero [5d 7h]
30e60d01: raises $0.05 to $0.1
c5bcb2c1: folds
Hero: folds
dc2d069c: folds
d078e97d: folds
88bdd249: calls $0.05
*** FLOP *** [Ad Qc 2s]
88bdd249: checks
30e60d01: bets $0.11
88bdd249: calls $0.11
*** TURN *** [Ad Qc 2s] [6c]
88bdd249: checks
30e60d01: bets $0.44
88bdd249: calls $0.44
*** RIVER *** [Ad Qc 2s 6c] [2d]
88bdd249: checks
30e60d01: bets $0.99
88bdd249: calls $0.99
30e60d01: shows [6h Ac] (Pair of Aces and Pair of Sixes)
88bdd249: shows [As Jd] (Pair of Aces and Pair of Twos)
*** SHOWDOWN ***
30e60d01 collected $3.09 from pot
*** SUMMARY ***
Total pot $3.3 | Rake $0.16 | Jackpot $0.05 | Bingo $0 | Fortune $0
Board [Ad Qc 2s 6c 2d]
Seat 1: dc2d069c (button) folded before Flop (didn't bet)
Seat 2: d078e97d (small blind) folded before Flop
Seat 3: 88bdd249 (big blind) showed [As Jd] and lost with Pair of Aces and Pair of Twos
Seat 4: 30e60d01 showed [6h Ac] and won ($3.09) with Pair of Aces and Pair of Sixes
Seat 5: c5bcb2c1 folded before Flop (didn't bet)
Seat 6: Hero folded before Flop (didn't bet)


Poker Hand #HD1204180910: Hold'em No Limit  ($0.02/$0.05) - 2023/04/15 15:48:27
Table 'NLHBlue44' 6-max Seat #6 is the button
Seat 1: dc2d069c ($5.11 in chips)
Seat 2: d078e97d ($5 in chips)
Seat 3: 88bdd249 ($5 in chips)
Seat 4: 30e60d01 ($11.1 in chips)
Seat 5: c5bcb2c1 ($5 in chips)
Seat 6: Hero ($12.99 in chips)
dc2d069c: posts small blind $0.02
d078e97d: posts big blind $0.05
*** HOLE CARDS ***
Dealt to dc2d069c 
Dealt to d078e97d 
Dealt to 88bdd249 
Dealt to 30e60d01 
Dealt to c5bcb2c1 
Dealt to Hero [9d Ad]
88bdd249: folds
30e60d01: raises $0.09 to $0.14
c5bcb2c1: folds
Hero: raises $0.22 to $0.36
dc2d069c: calls $0.34
d078e97d: folds
30e60d01: folds
*** FLOP *** [8h Jd 6s]
dc2d069c: checks
Hero: checks
*** TURN *** [8h Jd 6s] [Th]
dc2d069c: checks
Hero: bets $0.54
dc2d069c: folds
Uncalled bet ($0.54) returned to Hero
*** SHOWDOWN ***
Hero collected $0.87 from pot
*** SUMMARY ***
Total pot $0.91 | Rake $0.04 | Jackpot $0 | Bingo $0 | Fortune $0
Board [8h Jd 6s Th]
Seat 1: dc2d069c (small blind) folded on the Turn
Seat 2: d078e97d (big blind) folded before Flop
Seat 3: 88bdd249 folded before Flop (didn't bet)
Seat 4: 30e60d01 folded before Flop
Seat 5: c5bcb2c1 folded before Flop (didn't bet)
Seat 6: Hero (button) won ($0.87)


Poker Hand #HD1204180873: Hold'em No Limit  ($0.02/$0.05) - 2023/04/15 15:48:04
Table 'NLHBlue44' 6-max Seat #5 is the button
Seat 1: dc2d069c ($5.16 in chips)
Seat 2: d078e97d ($5 in chips)
Seat 3: 88bdd249 ($5 in chips)
Seat 4: 30e60d01 ($11.03 in chips)
Seat 5: c5bcb2c1 ($5 in chips)
Seat 6: Hero ($13.01 in chips)
Hero: posts small blind $0.02
dc2d069c: posts big blind $0.05
*** HOLE CARDS ***
Dealt to dc2d069c 
Dealt to d078e97d 
Dealt to 88bdd249 
Dealt to 30e60d01 
Dealt to c5bcb2c1 
Dealt to Hero [9s Th]
d078e97d: folds
88bdd249: folds
30e60d01: raises $0.05 to $0.1
c5bcb2c1: folds
Hero: folds
dc2d069c: folds
Uncalled bet ($0.05) returned to 30e60d01
*** SHOWDOWN ***
30e60d01 collected $0.12 from pot
*** SUMMARY ***
Total pot $0.12 | Rake $0 | Jackpot $0 | Bingo $0 | Fortune $0
Seat 1: dc2d069c (big blind) folded before Flop
Seat 2: d078e97d folded before Flop (didn't bet)
Seat 3: 88bdd249 folded before Flop (didn't bet)
Seat 4: 30e60d01 collected ($0.12)
Seat 5: c5bcb2c1 (button) folded before Flop (didn't bet)
Seat 6: Hero (small blind) folded before Flop


Poker Hand #HD1204180773: Hold'em No Limit  ($0.02/$0.05) - 2023/04/15 15:47:08
Table 'NLHBlue44' 6-max Seat #4 is the button
Seat 1: dc2d069c ($5.16 in chips)
Seat 2: d078e97d ($5 in chips)
Seat 3: 88bdd249 ($5 in chips)
Seat 4: 30e60d01 ($9.61 in chips)
Seat 5: c5bcb2c1 ($5.45 in chips)
Seat 6: Hero ($13.06 in chips)
c5bcb2c1: posts small blind $0.02
Hero: posts big blind $0.05
*** HOLE CARDS ***
Dealt to dc2d069c 
Dealt to d078e97d 
Dealt to 88bdd249 
Dealt to 30e60d01 
Dealt to c5bcb2c1 
Dealt to Hero [Tc 2c]
dc2d069c: folds
d078e97d: folds
88bdd249: folds
30e60d01: raises $0.05 to $0.1
c5bcb2c1: raises $0.45 to $0.55
Hero: folds
30e60d01: calls $0.45
*** FLOP *** [9d Qs 9c]
c5bcb2c1: checks
30e60d01: checks
*** TURN *** [9d Qs 9c] [8d]
c5bcb2c1: bets $0.38
30e60d01: calls $0.38
*** RIVER *** [9d Qs 9c 8d] [4s]
c5bcb2c1: bets $0.64
30e60d01: calls $0.64
c5bcb2c1: shows [Ts Ks] (Pair of Nines)
30e60d01: shows [Kh 8s] (Pair of Nines and Pair of Eights)
*** SHOWDOWN ***
30e60d01 collected $2.99 from pot
*** SUMMARY ***
Total pot $3.19 | Rake $0.15 | Jackpot $0.05 | Bingo $0 | Fortune $0
Board [9d Qs 9c 8d 4s]
Seat 1: dc2d069c folded before Flop (didn't bet)
Seat 2: d078e97d folded before Flop (didn't bet)
Seat 3: 88bdd249 folded before Flop (didn't bet)
Seat 4: 30e60d01 (button) showed [Kh 8s] and won ($2.99) with Pair of Nines and Pair of Eights
Seat 5: c5bcb2c1 (small blind) showed [Ts Ks] and lost with Pair of Nines
Seat 6: Hero (big blind) folded before Flop


Poker Hand #HD1204180680: Hold'em No Limit  ($0.02/$0.05) - 2023/04/15 15:46:19
Table 'NLHBlue44' 6-max Seat #3 is the button
Seat 1: dc2d069c ($5.16 in chips)
Seat 2: d078e97d ($5 in chips)
Seat 3: 88bdd249 ($5 in chips)
Seat 4: 30e60d01 ($10.11 in chips)
Seat 5: c5bcb2c1 ($5 in chips)
Seat 6: Hero ($13.06 in chips)
30e60d01: posts small blind $0.02
c5bcb2c1: posts big blind $0.05
*** HOLE CARDS ***
Dealt to dc2d069c 
Dealt to d078e97d 
Dealt to 88bdd249 
Dealt to 30e60d01 
Dealt to c5bcb2c1 
Dealt to Hero [7c 8d]
Hero: folds
dc2d069c: folds
d078e97d: folds
88bdd249: folds
30e60d01: raises $0.1 to $0.15
c5bcb2c1: calls $0.1
*** FLOP *** [Th 8h 7h]
30e60d01: bets $0.15
c5bcb2c1: calls $0.15
*** TURN *** [Th 8h 7h] [3s]
30e60d01: bets $0.2
c5bcb2c1: calls $0.2
*** RIVER *** [Th 8h 7h 3s] [Jd]
30e60d01: checks
c5bcb2c1: bets $0.75
30e60d01: folds
Uncalled bet ($0.75) returned to c5bcb2c1
*** SHOWDOWN ***
c5bcb2c1 collected $0.95 from pot
*** SUMMARY ***
Total pot $1 | Rake $0.05 | Jackpot $0 | Bingo $0 | Fortune $0
Board [Th 8h 7h 3s Jd]
Seat 1: dc2d069c folded before Flop (didn't bet)
Seat 2: d078e97d folded before Flop (didn't bet)
Seat 3: 88bdd249 (button) folded before Flop (didn't bet)
Seat 4: 30e60d01 (small blind) folded on the River
Seat 5: c5bcb2c1 (big blind) won ($0.95)
Seat 6: Hero folded before Flop (didn't bet)


Poker Hand #HD1204180555: Hold'em No Limit  ($0.02/$0.05) - 2023/04/15 15:45:11
Table 'NLHBlue44' 6-max Seat #2 is the button
Seat 1: dc2d069c ($5.16 in chips)
Seat 2: d078e97d ($5 in chips)
Seat 3: 88bdd249 ($5.02 in chips)
Seat 4: 30e60d01 ($5.25 in chips)
Seat 5: c5bcb2c1 ($6.35 in chips)
Seat 6: Hero ($13.06 in chips)
88bdd249: posts small blind $0.02
30e60d01: posts big blind $0.05
*** HOLE CARDS ***
Dealt to dc2d069c 
Dealt to d078e97d 
Dealt to 88bdd249 
Dealt to 30e60d01 
Dealt to c5bcb2c1 
Dealt to Hero [2d 9s]
c5bcb2c1: raises $0.09 to $0.14
Hero: folds
dc2d069c: folds
d078e97d: calls $0.14
88bdd249: folds
30e60d01: raises $0.22 to $0.36
c5bcb2c1: raises $0.69 to $1.05
d078e97d: folds
30e60d01: raises $2.26 to $3.31
c5bcb2c1: calls $2.26
*** FLOP *** [Ah 8h Ac]
30e60d01: bets $1.94 and is all-in
c5bcb2c1: calls $1.94
30e60d01: shows [Kh Ad] (Three Aces)
c5bcb2c1: shows [Qc Qd] (Pair of Aces and Pair of Queens)
*** TURN *** [Ah 8h Ac] [3c]
*** RIVER *** [Ah 8h Ac 3c] [8c]
*** SHOWDOWN ***
30e60d01 collected $10.11 from pot
*** SUMMARY ***
Total pot $10.66 | Rake $0.5 | Jackpot $0.05 | Bingo $0 | Fortune $0
Board [Ah 8h Ac 3c 8c]
Seat 1: dc2d069c folded before Flop (didn't bet)
Seat 2: d078e97d (button) folded before Flop
Seat 3: 88bdd249 (small blind) folded before Flop
Seat 4: 30e60d01 (big blind) showed [Kh Ad] and won ($10.11) with Aces Full over Eights
Seat 5: c5bcb2c1 showed [Qc Qd] and lost with Pair of Aces and Pair of Queens
Seat 6: Hero folded before Flop (didn't bet)


Poker Hand #HD1204180539: Hold'em No Limit  ($0.02/$0.05) - 2023/04/15 15:45:02
Table 'NLHBlue44' 6-max Seat #1 is the button
Seat 1: dc2d069c ($5.16 in chips)
Seat 2: d078e97d ($5.02 in chips)
Seat 3: 88bdd249 ($5 in chips)
Seat 4: 30e60d01 ($5.25 in chips)
Seat 5: c5bcb2c1 ($6.35 in chips)
Seat 6: Hero ($13.06 in chips)
d078e97d: posts small blind $0.02
88bdd249: posts big blind $0.05
*** HOLE CARDS ***
Dealt to dc2d069c 
Dealt to d078e97d 
Dealt to 88bdd249 
Dealt to 30e60d01 
Dealt to c5bcb2c1 
Dealt to Hero [5c 8c]
30e60d01: folds
c5bcb2c1: folds
Hero: folds
dc2d069c: folds
d078e97d: folds
Uncalled bet ($0.03) returned to 88bdd249
*** SHOWDOWN ***
88bdd249 collected $0.04 from pot
*** SUMMARY ***
Total pot $0.04 | Rake $0 | Jackpot $0 | Bingo $0 | Fortune $0
Seat 1: dc2d069c (button) folded before Flop (didn't bet)
Seat 2: d078e97d (small blind) folded before Flop
Seat 3: 88bdd249 (big blind) collected ($0.04)
Seat 4: 30e60d01 folded before Flop (didn't bet)
Seat 5: c5bcb2c1 folded before Flop (didn't bet)
Seat 6: Hero folded before Flop (didn't bet)


Poker Hand #HD1204180488: Hold'em No Limit  ($0.02/$0.05) - 2023/04/15 15:44:35
Table 'NLHBlue44' 6-max Seat #6 is the button
Seat 1: dc2d069c ($5.18 in chips)
Seat 2: d078e97d ($5.07 in chips)
Seat 3: 88bdd249 ($5.05 in chips)
Seat 4: 30e60d01 ($5.25 in chips)
Seat 5: c5bcb2c1 ($6.14 in chips)
Seat 6: Hero ($13.06 in chips)
dc2d069c: posts small blind $0.02
d078e97d: posts big blind $0.05
*** HOLE CARDS ***
Dealt to dc2d069c 
Dealt to d078e97d 
Dealt to 88bdd249 
Dealt to 30e60d01 
Dealt to c5bcb2c1 
Dealt to Hero [6h Jd]
88bdd249: raises $0.1 to $0.15
30e60d01: folds
c5bcb2c1: raises $0.3 to $0.45
Hero: folds
dc2d069c: folds
d078e97d: folds
88bdd249: folds
Uncalled bet ($0.3) returned to c5bcb2c1
*** SHOWDOWN ***
c5bcb2c1 collected $0.36 from pot
*** SUMMARY ***
Total pot $0.37 | Rake $0.01 | Jackpot $0 | Bingo $0 | Fortune $0
Seat 1: dc2d069c (small blind) folded before Flop
Seat 2: d078e97d (big blind) folded before Flop
Seat 3: 88bdd249 folded before Flop
Seat 4: 30e60d01 folded before Flop (didn't bet)
Seat 5: c5bcb2c1 collected ($0.36)
Seat 6: Hero (button) folded before Flop (didn't bet)


Poker Hand #HD1204180407: Hold'em No Limit  ($0.02/$0.05) - 2023/04/15 15:43:48
Table 'NLHBlue44' 6-max Seat #5 is the button
Seat 1: dc2d069c ($5.39 in chips)
Seat 2: d078e97d ($5.07 in chips)
Seat 3: 88bdd249 ($5.05 in chips)
Seat 4: 30e60d01 ($5.04 in chips)
Seat 5: c5bcb2c1 ($6.14 in chips)
Seat 6: Hero ($13.08 in chips)
Hero: posts small blind $0.02
dc2d069c: posts big blind $0.05
*** HOLE CARDS ***
Dealt to dc2d069c 
Dealt to d078e97d 
Dealt to 88bdd249 
Dealt to 30e60d01 
Dealt to c5bcb2c1 
Dealt to Hero [3c Jd]
d078e97d: folds
88bdd249: folds
30e60d01: raises $0.05 to $0.1
c5bcb2c1: folds
Hero: folds
dc2d069c: calls $0.05
*** FLOP *** [5h As 8d]
dc2d069c: bets $0.11
30e60d01: raises $0.15 to $0.26
dc2d069c: folds
Uncalled bet ($0.15) returned to 30e60d01
*** SHOWDOWN ***
30e60d01 collected $0.42 from pot
*** SUMMARY ***
Total pot $0.44 | Rake $0.02 | Jackpot $0 | Bingo $0 | Fortune $0
Board [5h As 8d]
Seat 1: dc2d069c (big blind) folded on the Flop
Seat 2: d078e97d folded before Flop (didn't bet)
Seat 3: 88bdd249 folded before Flop (didn't bet)
Seat 4: 30e60d01 won ($0.42)
Seat 5: c5bcb2c1 (button) folded before Flop (didn't bet)
Seat 6: Hero (small blind) folded before Flop


Poker Hand #HD1204180347: Hold'em No Limit  ($0.02/$0.05) - 2023/04/15 15:43:20
Table 'NLHBlue44' 6-max Seat #4 is the button
Seat 1: dc2d069c ($5.39 in chips)
Seat 2: d078e97d ($5 in chips)
Seat 3: 88bdd249 ($5.05 in chips)
Seat 4: 30e60d01 ($5.04 in chips)
Seat 5: c5bcb2c1 ($6.16 in chips)
Seat 6: Hero ($13.13 in chips)
c5bcb2c1: posts small blind $0.02
Hero: posts big blind $0.05
*** HOLE CARDS ***
Dealt to dc2d069c 
Dealt to d078e97d 
Dealt to 88bdd249 
Dealt to 30e60d01 
Dealt to c5bcb2c1 
Dealt to Hero [9h 6s]
dc2d069c: folds
d078e97d: raises $0.08 to $0.13
88bdd249: folds
30e60d01: folds
c5bcb2c1: folds
Hero: folds
Uncalled bet ($0.08) returned to d078e97d
*** SHOWDOWN ***
d078e97d collected $0.12 from pot
*** SUMMARY ***
Total pot $0.12 | Rake $0 | Jackpot $0 | Bingo $0 | Fortune $0
Seat 1: dc2d069c folded before Flop (didn't bet)
Seat 2: d078e97d collected ($0.12)
Seat 3: 88bdd249 folded before Flop (didn't bet)
Seat 4: 30e60d01 (button) folded before Flop (didn't bet)
Seat 5: c5bcb2c1 (small blind) folded before Flop
Seat 6: Hero (big blind) folded before Flop


Poker Hand #HD1204180310: Hold'em No Limit  ($0.02/$0.05) - 2023/04/15 15:42:58
Table 'NLHBlue44' 6-max Seat #3 is the button
Seat 1: dc2d069c ($5.54 in chips)
Seat 2: d078e97d ($5 in chips)
Seat 3: 88bdd249 ($5.05 in chips)
Seat 4: 30e60d01 ($5.06 in chips)
Seat 5: c5bcb2c1 ($6 in chips)
Seat 6: Hero ($13.13 in chips)
30e60d01: posts small blind $0.02
c5bcb2c1: posts big blind $0.05
*** HOLE CARDS ***
Dealt to dc2d069c 
Dealt to d078e97d 
Dealt to 88bdd249 
Dealt to 30e60d01 
Dealt to c5bcb2c1 
Dealt to Hero [3c 5h]
Hero: folds
dc2d069c: raises $0.1 to $0.15
d078e97d: folds
88bdd249: folds
30e60d01: folds
c5bcb2c1: raises $0.45 to $0.6
dc2d069c: folds
Uncalled bet ($0.45) returned to c5bcb2c1
*** SHOWDOWN ***
c5bcb2c1 collected $0.31 from pot
*** SUMMARY ***
Total pot $0.32 | Rake $0.01 | Jackpot $0 | Bingo $0 | Fortune $0
Seat 1: dc2d069c folded before Flop
Seat 2: d078e97d folded before Flop (didn't bet)
Seat 3: 88bdd249 (button) folded before Flop (didn't bet)
Seat 4: 30e60d01 (small blind) folded before Flop
Seat 5: c5bcb2c1 (big blind) collected ($0.31)
Seat 6: Hero folded before Flop (didn't bet)


Poker Hand #HD1204180252: Hold'em No Limit  ($0.02/$0.05) - 2023/04/15 15:42:28
Table 'NLHBlue44' 6-max Seat #2 is the button
Seat 1: dc2d069c ($5.54 in chips)
Seat 2: d078e97d ($5 in chips)
Seat 3: 88bdd249 ($5.2 in chips)
Seat 4: 30e60d01 ($4.92 in chips)
Seat 5: c5bcb2c1 ($6 in chips)
Seat 6: Hero ($13.13 in chips)
88bdd249: posts small blind $0.02
30e60d01: posts big blind $0.05
*** HOLE CARDS ***
Dealt to dc2d069c 
Dealt to d078e97d 
Dealt to 88bdd249 
Dealt to 30e60d01 
Dealt to c5bcb2c1 
Dealt to Hero [3h 7h]
c5bcb2c1: folds
Hero: folds
dc2d069c: folds
d078e97d: folds
88bdd249: raises $0.1 to $0.15
30e60d01: calls $0.1
*** FLOP *** [Ah 6d Ts]
88bdd249: checks
30e60d01: checks
*** TURN *** [Ah 6d Ts] [Td]
88bdd249: checks
30e60d01: bets $0.15
88bdd249: folds
Uncalled bet ($0.15) returned to 30e60d01
*** SHOWDOWN ***
30e60d01 collected $0.29 from pot
*** SUMMARY ***
Total pot $0.3 | Rake $0.01 | Jackpot $0 | Bingo $0 | Fortune $0
Board [Ah 6d Ts Td]
Seat 1: dc2d069c folded before Flop (didn't bet)
Seat 2: d078e97d (button) folded before Flop (didn't bet)
Seat 3: 88bdd249 (small blind) folded on the Turn
Seat 4: 30e60d01 (big blind) won ($0.29)
Seat 5: c5bcb2c1 folded before Flop (didn't bet)
Seat 6: Hero folded before Flop (didn't bet)


Poker Hand #HD1204180186: Hold'em No Limit  ($0.02/$0.05) - 2023/04/15 15:41:57
Table 'NLHBlue44' 6-max Seat #1 is the button
Seat 1: dc2d069c ($5.54 in chips)
Seat 2: d078e97d ($5 in chips)
Seat 3: 88bdd249 ($5.25 in chips)
Seat 4: 30e60d01 ($5.27 in chips)
Seat 5: c5bcb2c1 ($5.61 in chips)
Seat 6: Hero ($13.13 in chips)
d078e97d: posts small blind $0.02
88bdd249: posts big blind $0.05
*** HOLE CARDS ***
Dealt to dc2d069c 
Dealt to d078e97d 
Dealt to 88bdd249 
Dealt to 30e60d01 
Dealt to c5bcb2c1 
Dealt to Hero [Ts Jd]
30e60d01: raises $0.05 to $0.1
c5bcb2c1: raises $0.25 to $0.35
Hero: folds
dc2d069c: folds
d078e97d: folds
88bdd249: folds
30e60d01: calls $0.25
*** FLOP *** [7s 4d Td]
30e60d01: checks
c5bcb2c1: bets $0.39
30e60d01: folds
Uncalled bet ($0.39) returned to c5bcb2c1
*** SHOWDOWN ***
c5bcb2c1 collected $0.74 from pot
*** SUMMARY ***
Total pot $0.77 | Rake $0.03 | Jackpot $0 | Bingo $0 | Fortune $0
Board [7s 4d Td]
Seat 1: dc2d069c (button) folded before Flop (didn't bet)
Seat 2: d078e97d (small blind) folded before Flop
Seat 3: 88bdd249 (big blind) folded before Flop
Seat 4: 30e60d01 folded on the Flop
Seat 5: c5bcb2c1 won ($0.74)
Seat 6: Hero folded before Flop (didn't bet)


Poker Hand #HD1204180086: Hold'em No Limit  ($0.02/$0.05) - 2023/04/15 15:40:59
Table 'NLHBlue44' 6-max Seat #6 is the button
Seat 1: dc2d069c ($5.56 in chips)
Seat 2: d078e97d ($5 in chips)
Seat 3: 88bdd249 ($5.25 in chips)
Seat 4: 30e60d01 ($5.27 in chips)
Seat 5: c5bcb2c1 ($5.5 in chips)
Seat 6: Hero ($13.13 in chips)
dc2d069c: posts small blind $0.02
d078e97d: posts big blind $0.05
*** HOLE CARDS ***
Dealt to dc2d069c 
Dealt to d078e97d 
Dealt to 88bdd249 
Dealt to 30e60d01 
Dealt to c5bcb2c1 
Dealt to Hero [3d 9d]
88bdd249: folds
30e60d01: folds
c5bcb2c1: raises $0.05 to $0.1
Hero: folds
dc2d069c: folds
d078e97d: calls $0.05
*** FLOP *** [4d 6h 9s]
d078e97d: checks
c5bcb2c1: checks
*** TURN *** [4d 6h 9s] [Qd]
d078e97d: checks
c5bcb2c1: bets $0.08
d078e97d: folds
Uncalled bet ($0.08) returned to c5bcb2c1
*** SHOWDOWN ***
c5bcb2c1 collected $0.21 from pot
*** SUMMARY ***
Total pot $0.22 | Rake $0.01 | Jackpot $0 | Bingo $0 | Fortune $0
Board [4d 6h 9s Qd]
Seat 1: dc2d069c (small blind) folded before Flop
Seat 2: d078e97d (big blind) folded on the Turn
Seat 3: 88bdd249 folded before Flop (didn't bet)
Seat 4: 30e60d01 folded before Flop (didn't bet)
Seat 5: c5bcb2c1 won ($0.21)
Seat 6: Hero (button) folded before Flop (didn't bet)


Poker Hand #HD1204180055: Hold'em No Limit  ($0.02/$0.05) - 2023/04/15 15:40:44
Table 'NLHBlue44' 6-max Seat #5 is the button
Seat 1: dc2d069c ($5.61 in chips)
Seat 2: d078e97d ($5 in chips)
Seat 3: 88bdd249 ($5.25 in chips)
Seat 4: 30e60d01 ($5.27 in chips)
Seat 5: c5bcb2c1 ($5.43 in chips)
Seat 6: Hero ($13.15 in chips)
Hero: posts small blind $0.02
dc2d069c: posts big blind $0.05
*** HOLE CARDS ***
Dealt to dc2d069c 
Dealt to d078e97d 
Dealt to 88bdd249 
Dealt to 30e60d01 
Dealt to c5bcb2c1 
Dealt to Hero [7d 9s]
d078e97d: folds
88bdd249: folds
30e60d01: folds
c5bcb2c1: raises $0.05 to $0.1
Hero: folds
dc2d069c: folds
Uncalled bet ($0.05) returned to c5bcb2c1
*** SHOWDOWN ***
c5bcb2c1 collected $0.12 from pot
*** SUMMARY ***
Total pot $0.12 | Rake $0 | Jackpot $0 | Bingo $0 | Fortune $0
Seat 1: dc2d069c (big blind) folded before Flop
Seat 2: d078e97d folded before Flop (didn't bet)
Seat 3: 88bdd249 folded before Flop (didn't bet)
Seat 4: 30e60d01 folded before Flop (didn't bet)
Seat 5: c5bcb2c1 (button) collected ($0.12)
Seat 6: Hero (small blind) folded before Flop


Poker Hand #HD1204179922: Hold'em No Limit  ($0.02/$0.05) - 2023/04/15 15:39:34
Table 'NLHBlue44' 6-max Seat #4 is the button
Seat 1: dc2d069c ($5.61 in chips)
Seat 2: d078e97d ($5 in chips)
Seat 3: 88bdd249 ($5.25 in chips)
Seat 4: 30e60d01 ($5.01 in chips)
Seat 5: c5bcb2c1 ($5.45 in chips)
Seat 6: Hero ($13.28 in chips)
c5bcb2c1: posts small blind $0.02
Hero: posts big blind $0.05
*** HOLE CARDS ***
Dealt to dc2d069c 
Dealt to d078e97d 
Dealt to 88bdd249 
Dealt to 30e60d01 
Dealt to c5bcb2c1 
Dealt to Hero [7c Qc]
dc2d069c: folds
d078e97d: raises $0.08 to $0.13
88bdd249: folds
30e60d01: calls $0.13
c5bcb2c1: folds
Hero: calls $0.08
*** FLOP *** [3d Ts Js]
Hero: checks
d078e97d: checks
30e60d01: checks
*** TURN *** [3d Ts Js] [2d]
Hero: checks
d078e97d: checks
30e60d01: checks
*** RIVER *** [3d Ts Js 2d] [9s]
Hero: checks
d078e97d: checks
30e60d01: bets $0.31
Hero: folds
d078e97d: folds
Uncalled bet ($0.31) returned to 30e60d01
*** SHOWDOWN ***
30e60d01 collected $0.39 from pot
*** SUMMARY ***
Total pot $0.41 | Rake $0.02 | Jackpot $0 | Bingo $0 | Fortune $0
Board [3d Ts Js 2d 9s]
Seat 1: dc2d069c folded before Flop (didn't bet)
Seat 2: d078e97d folded on the River
Seat 3: 88bdd249 folded before Flop (didn't bet)
Seat 4: 30e60d01 (button) won ($0.39)
Seat 5: c5bcb2c1 (small blind) folded before Flop
Seat 6: Hero (big blind) folded on the River


Poker Hand #HD1204179876: Hold'em No Limit  ($0.02/$0.05) - 2023/04/15 15:39:09
Table 'NLHBlue44' 6-max Seat #3 is the button
Seat 1: dc2d069c ($5.61 in chips)
Seat 2: d078e97d ($5 in chips)
Seat 3: 88bdd249 ($5.25 in chips)
Seat 4: 30e60d01 ($5.03 in chips)
Seat 5: c5bcb2c1 ($5.43 in chips)
Seat 6: Hero ($13.28 in chips)
30e60d01: posts small blind $0.02
c5bcb2c1: posts big blind $0.05
*** HOLE CARDS ***
Dealt to dc2d069c 
Dealt to d078e97d 
Dealt to 88bdd249 
Dealt to 30e60d01 
Dealt to c5bcb2c1 
Dealt to Hero [Td 2s]
Hero: folds
dc2d069c: folds
d078e97d: folds
88bdd249: folds
30e60d01: folds
Uncalled bet ($0.03) returned to c5bcb2c1
*** SHOWDOWN ***
c5bcb2c1 collected $0.04 from pot
*** SUMMARY ***
Total pot $0.04 | Rake $0 | Jackpot $0 | Bingo $0 | Fortune $0
Seat 1: dc2d069c folded before Flop (didn't bet)
Seat 2: d078e97d folded before Flop (didn't bet)
Seat 3: 88bdd249 (button) folded before Flop (didn't bet)
Seat 4: 30e60d01 (small blind) folded before Flop
Seat 5: c5bcb2c1 (big blind) collected ($0.04)
Seat 6: Hero folded before Flop (didn't bet)


Poker Hand #HD1204179818: Hold'em No Limit  ($0.02/$0.05) - 2023/04/15 15:38:42
Table 'NLHBlue44' 6-max Seat #2 is the button
Seat 1: dc2d069c ($5.54 in chips)
Seat 2: d078e97d ($5 in chips)
Seat 3: 88bdd249 ($5.27 in chips)
Seat 4: 30e60d01 ($5.08 in chips)
Seat 5: c5bcb2c1 ($5.43 in chips)
Seat 6: Hero ($13.28 in chips)
88bdd249: posts small blind $0.02
30e60d01: posts big blind $0.05
*** HOLE CARDS ***
Dealt to dc2d069c 
Dealt to d078e97d 
Dealt to 88bdd249 
Dealt to 30e60d01 
Dealt to c5bcb2c1 
Dealt to Hero [6c 3c]
c5bcb2c1: folds
Hero: folds
dc2d069c: raises $0.08 to $0.13
d078e97d: folds
88bdd249: folds
30e60d01: folds
Uncalled bet ($0.08) returned to dc2d069c
*** SHOWDOWN ***
dc2d069c collected $0.12 from pot
*** SUMMARY ***
Total pot $0.12 | Rake $0 | Jackpot $0 | Bingo $0 | Fortune $0
Seat 1: dc2d069c collected ($0.12)
Seat 2: d078e97d (button) folded before Flop (didn't bet)
Seat 3: 88bdd249 (small blind) folded before Flop
Seat 4: 30e60d01 (big blind) folded before Flop
Seat 5: c5bcb2c1 folded before Flop (didn't bet)
Seat 6: Hero folded before Flop (didn't bet)


Poker Hand #HD1204179676: Hold'em No Limit  ($0.02/$0.05) - 2023/04/15 15:37:19
Table 'NLHBlue44' 6-max Seat #1 is the button
Seat 1: dc2d069c ($5.54 in chips)
Seat 2: d078e97d ($5 in chips)
Seat 3: 88bdd249 ($5 in chips)
Seat 4: 30e60d01 ($5.35 in chips)
Seat 5: c5bcb2c1 ($5.43 in chips)
Seat 6: Hero ($13.28 in chips)
d078e97d: posts small blind $0.02
88bdd249: posts big blind $0.05
*** HOLE CARDS ***
Dealt to dc2d069c 
Dealt to d078e97d 
Dealt to 88bdd249 
Dealt to 30e60d01 
Dealt to c5bcb2c1 
Dealt to Hero [6d 7h]
30e60d01: raises $0.05 to $0.1
c5bcb2c1: folds
Hero: folds
dc2d069c: folds
d078e97d: folds
88bdd249: calls $0.05
*** FLOP *** [Qc Jh Ah]
88bdd249: checks
30e60d01: checks
*** TURN *** [Qc Jh Ah] [9s]
88bdd249: bets $0.17
30e60d01: calls $0.17
*** RIVER *** [Qc Jh Ah 9s] [5h]
88bdd249: bets $0.19
30e60d01: folds
Uncalled bet ($0.19) returned to 88bdd249
*** SHOWDOWN ***
88bdd249 collected $0.54 from pot
*** SUMMARY ***
Total pot $0.56 | Rake $0.02 | Jackpot $0 | Bingo $0 | Fortune $0
Board [Qc Jh Ah 9s 5h]
Seat 1: dc2d069c (button) folded before Flop (didn't bet)
Seat 2: d078e97d (small blind) folded before Flop
Seat 3: 88bdd249 (big blind) won ($0.54)
Seat 4: 30e60d01 folded on the River
Seat 5: c5bcb2c1 folded before Flop (didn't bet)
Seat 6: Hero folded before Flop (didn't bet)


Poker Hand #HD1204179597: Hold'em No Limit  ($0.02/$0.05) - 2023/04/15 15:36:39
Table 'NLHBlue44' 6-max Seat #6 is the button
Seat 1: dc2d069c ($5.56 in chips)
Seat 2: d078e97d ($5 in chips)
Seat 3: 88bdd249 ($5 in chips)
Seat 4: 30e60d01 ($5.35 in chips)
Seat 5: c5bcb2c1 ($5.43 in chips)
Seat 6: Hero ($13.15 in chips)
dc2d069c: posts small blind $0.02
d078e97d: posts big blind $0.05
*** HOLE CARDS ***
Dealt to dc2d069c 
Dealt to d078e97d 
Dealt to 88bdd249 
Dealt to 30e60d01 
Dealt to c5bcb2c1 
Dealt to Hero [5h Kh]
88bdd249: folds
30e60d01: folds
c5bcb2c1: folds
Hero: raises $0.07 to $0.12
dc2d069c: folds
d078e97d: calls $0.07
*** FLOP *** [6d 4c 3s]
d078e97d: checks
Hero: bets $0.13
d078e97d: folds
Uncalled bet ($0.13) returned to Hero
*** SHOWDOWN ***
Hero collected $0.25 from pot
*** SUMMARY ***
Total pot $0.26 | Rake $0.01 | Jackpot $0 | Bingo $0 | Fortune $0
Board [6d 4c 3s]
Seat 1: dc2d069c (small blind) folded before Flop
Seat 2: d078e97d (big blind) folded on the Flop
Seat 3: 88bdd249 folded before Flop (didn't bet)
Seat 4: 30e60d01 folded before Flop (didn't bet)
Seat 5: c5bcb2c1 folded before Flop (didn't bet)
Seat 6: Hero (button) won ($0.25)


Poker Hand #HD1204179476: Hold'em No Limit  ($0.02/$0.05) - 2023/04/15 15:35:34
Table 'NLHBlue44' 6-max Seat #5 is the button
Seat 1: dc2d069c ($5.66 in chips)
Seat 2: d078e97d ($5 in chips)
Seat 3: 88bdd249 ($5 in chips)
Seat 4: 30e60d01 ($5.35 in chips)
Seat 5: c5bcb2c1 ($5.32 in chips)
Seat 6: Hero ($13.17 in chips)
Hero: posts small blind $0.02
dc2d069c: posts big blind $0.05
*** HOLE CARDS ***
Dealt to dc2d069c 
Dealt to d078e97d 
Dealt to 88bdd249 
Dealt to 30e60d01 
Dealt to c5bcb2c1 
Dealt to Hero [Qs 3h]
d078e97d: folds
88bdd249: folds
30e60d01: folds
c5bcb2c1: raises $0.05 to $0.1
Hero: folds
dc2d069c: calls $0.05
*** FLOP *** [Ks 2d Jc]
dc2d069c: checks
c5bcb2c1: bets $0.08
dc2d069c: folds
Uncalled bet ($0.08) returned to c5bcb2c1
*** SHOWDOWN ***
c5bcb2c1 collected $0.21 from pot
*** SUMMARY ***
Total pot $0.22 | Rake $0.01 | Jackpot $0 | Bingo $0 | Fortune $0
Board [Ks 2d Jc]
Seat 1: dc2d069c (big blind) folded on the Flop
Seat 2: d078e97d folded before Flop (didn't bet)
Seat 3: 88bdd249 folded before Flop (didn't bet)
Seat 4: 30e60d01 folded before Flop (didn't bet)
Seat 5: c5bcb2c1 (button) won ($0.21)
Seat 6: Hero (small blind) folded before Flop


Poker Hand #HD1204179369: Hold'em No Limit  ($0.02/$0.05) - 2023/04/15 15:34:39
Table 'NLHBlue44' 6-max Seat #4 is the button
Seat 1: dc2d069c ($5.66 in chips)
Seat 2: d078e97d ($5 in chips)
Seat 3: 88bdd249 ($5 in chips)
Seat 4: 30e60d01 ($5.35 in chips)
Seat 5: c5bcb2c1 ($5.34 in chips)
Seat 6: Hero ($12.71 in chips)
c5bcb2c1: posts small blind $0.02
Hero: posts big blind $0.05
*** HOLE CARDS ***
Dealt to dc2d069c 
Dealt to d078e97d 
Dealt to 88bdd249 
Dealt to 30e60d01 
Dealt to c5bcb2c1 
Dealt to Hero [Qc 7c]
dc2d069c: folds
d078e97d: folds
88bdd249: raises $0.1 to $0.15
30e60d01: folds
c5bcb2c1: folds
Hero: calls $0.1
*** FLOP *** [Jc Kc Js]
Hero: checks
88bdd249: bets $0.11
Hero: raises $0.23 to $0.34
88bdd249: calls $0.23
*** TURN *** [Jc Kc Js] [5s]
Hero: bets $0.75
88bdd249: folds
Uncalled bet ($0.75) returned to Hero
*** SHOWDOWN ***
Hero collected $0.95 from pot
*** SUMMARY ***
Total pot $1 | Rake $0.05 | Jackpot $0 | Bingo $0 | Fortune $0
Board [Jc Kc Js 5s]
Seat 1: dc2d069c folded before Flop (didn't bet)
Seat 2: d078e97d folded before Flop (didn't bet)
Seat 3: 88bdd249 folded on the Turn
Seat 4: 30e60d01 (button) folded before Flop (didn't bet)
Seat 5: c5bcb2c1 (small blind) folded before Flop
Seat 6: Hero (big blind) won ($0.95)


Poker Hand #HD1204179287: Hold'em No Limit  ($0.02/$0.05) - 2023/04/15 15:33:53
Table 'NLHBlue44' 6-max Seat #3 is the button
Seat 1: dc2d069c ($5.66 in chips)
Seat 2: d078e97d ($5 in chips)
Seat 3: 88bdd249 ($4.98 in chips)
Seat 4: 30e60d01 ($5.04 in chips)
Seat 5: c5bcb2c1 ($5.39 in chips)
Seat 6: Hero ($12.71 in chips)
30e60d01: posts small blind $0.02
c5bcb2c1: posts big blind $0.05
*** HOLE CARDS ***
Dealt to dc2d069c 
Dealt to d078e97d 
Dealt to 88bdd249 
Dealt to 30e60d01 
Dealt to c5bcb2c1 
Dealt to Hero [Td 6d]
Hero: folds
dc2d069c: folds
d078e97d: raises $0.08 to $0.13
88bdd249: folds
30e60d01: calls $0.11
c5bcb2c1: folds
*** FLOP *** [2d Ah Kc]
30e60d01: checks
d078e97d: bets $0.16
30e60d01: calls $0.16
*** TURN *** [2d Ah Kc] [Jh]
30e60d01: checks
d078e97d: checks
*** RIVER *** [2d Ah Kc Jh] [4d]
30e60d01: bets $4.75 and is all-in
d078e97d: folds
Uncalled bet ($4.75) returned to 30e60d01
*** SHOWDOWN ***
30e60d01 collected $0.6 from pot
*** SUMMARY ***
Total pot $0.63 | Rake $0.03 | Jackpot $0 | Bingo $0 | Fortune $0
Board [2d Ah Kc Jh 4d]
Seat 1: dc2d069c folded before Flop (didn't bet)
Seat 2: d078e97d folded on the River
Seat 3: 88bdd249 (button) folded before Flop (didn't bet)
Seat 4: 30e60d01 (small blind) won ($0.6)
Seat 5: c5bcb2c1 (big blind) folded before Flop
Seat 6: Hero folded before Flop (didn't bet)


Poker Hand #HD1204179222: Hold'em No Limit  ($0.02/$0.05) - 2023/04/15 15:33:18
Table 'NLHBlue44' 6-max Seat #2 is the button
Seat 1: dc2d069c ($5.66 in chips)
Seat 2: d078e97d ($5 in chips)
Seat 3: 88bdd249 ($5 in chips)
Seat 4: 30e60d01 ($5.02 in chips)
Seat 5: c5bcb2c1 ($5.39 in chips)
Seat 6: Hero ($12.71 in chips)
88bdd249: posts small blind $0.02
30e60d01: posts big blind $0.05
*** HOLE CARDS ***
Dealt to dc2d069c 
Dealt to d078e97d 
Dealt to 88bdd249 
Dealt to 30e60d01 
Dealt to c5bcb2c1 
Dealt to Hero [7c 8d]
c5bcb2c1: folds
Hero: folds
dc2d069c: folds
d078e97d: folds
88bdd249: folds
Uncalled bet ($0.03) returned to 30e60d01
*** SHOWDOWN ***
30e60d01 collected $0.04 from pot
*** SUMMARY ***
Total pot $0.04 | Rake $0 | Jackpot $0 | Bingo $0 | Fortune $0
Seat 1: dc2d069c folded before Flop (didn't bet)
Seat 2: d078e97d (button) folded before Flop (didn't bet)
Seat 3: 88bdd249 (small blind) folded before Flop
Seat 4: 30e60d01 (big blind) collected ($0.04)
Seat 5: c5bcb2c1 folded before Flop (didn't bet)
Seat 6: Hero folded before Flop (didn't bet)


Poker Hand #HD1204179037: Hold'em No Limit  ($0.02/$0.05) - 2023/04/15 15:31:39
Table 'NLHBlue44' 6-max Seat #1 is the button
Seat 1: dc2d069c ($5.81 in chips)
Seat 2: d078e97d ($5 in chips)
Seat 3: 88bdd249 ($5.13 in chips)
Seat 4: 30e60d01 ($3.9 in chips)
Seat 5: c5bcb2c1 ($5.39 in chips)
Seat 6: Hero ($12.71 in chips)
d078e97d: posts small blind $0.02
88bdd249: posts big blind $0.05
*** HOLE CARDS ***
Dealt to dc2d069c 
Dealt to d078e97d 
Dealt to 88bdd249 
Dealt to 30e60d01 
Dealt to c5bcb2c1 
Dealt to Hero [6c 4d]
30e60d01: raises $0.1 to $0.15
c5bcb2c1: folds
Hero: folds
dc2d069c: calls $0.15
d078e97d: folds
88bdd249: calls $0.1
*** FLOP *** [2c Ac Th]
88bdd249: checks
30e60d01: bets $0.24
dc2d069c: folds
88bdd249: calls $0.24
*** TURN *** [2c Ac Th] [Ad]
88bdd249: checks
30e60d01: checks
*** RIVER *** [2c Ac Th Ad] [8h]
88bdd249: bets $0.72
30e60d01: raises $1.2 to $1.92
88bdd249: folds
Uncalled bet ($1.2) returned to 30e60d01
*** SHOWDOWN ***
30e60d01 collected $2.23 from pot
*** SUMMARY ***
Total pot $2.39 | Rake $0.11 | Jackpot $0.05 | Bingo $0 | Fortune $0
Board [2c Ac Th Ad 8h]
Seat 1: dc2d069c (button) folded on the Flop
Seat 2: d078e97d (small blind) folded before Flop
Seat 3: 88bdd249 (big blind) folded on the River
Seat 4: 30e60d01 won ($2.23)
Seat 5: c5bcb2c1 folded before Flop (didn't bet)
Seat 6: Hero folded before Flop (didn't bet)


Poker Hand #HD1204178972: Hold'em No Limit  ($0.02/$0.05) - 2023/04/15 15:30:56
Table 'NLHBlue44' 6-max Seat #6 is the button
Seat 1: dc2d069c ($5.93 in chips)
Seat 2: d078e97d ($5 in chips)
Seat 4: 30e60d01 ($3.9 in chips)
Seat 5: c5bcb2c1 ($5.39 in chips)
Seat 6: Hero ($12.55 in chips)
dc2d069c: posts small blind $0.02
d078e97d: posts big blind $0.05
*** HOLE CARDS ***
Dealt to dc2d069c 
Dealt to d078e97d 
Dealt to 30e60d01 
Dealt to c5bcb2c1 
Dealt to Hero [8c Kc]
30e60d01: folds
c5bcb2c1: folds
Hero: raises $0.07 to $0.12
dc2d069c: calls $0.1
d078e97d: folds
*** FLOP *** [7c 9d 4s]
dc2d069c: checks
Hero: bets $0.15
dc2d069c: folds
Uncalled bet ($0.15) returned to Hero
*** SHOWDOWN ***
Hero collected $0.28 from pot
*** SUMMARY ***
Total pot $0.29 | Rake $0.01 | Jackpot $0 | Bingo $0 | Fortune $0
Board [7c 9d 4s]
Seat 1: dc2d069c (small blind) folded on the Flop
Seat 2: d078e97d (big blind) folded before Flop
Seat 4: 30e60d01 folded before Flop (didn't bet)
Seat 5: c5bcb2c1 folded before Flop (didn't bet)
Seat 6: Hero (button) won ($0.28)


Poker Hand #HD1204178960: Hold'em No Limit  ($0.02/$0.05) - 2023/04/15 15:30:48
Table 'NLHBlue44' 6-max Seat #5 is the button
Seat 1: dc2d069c ($5.91 in chips)
Seat 4: 30e60d01 ($3.9 in chips)
Seat 5: c5bcb2c1 ($5.39 in chips)
Seat 6: Hero ($12.57 in chips)
Hero: posts small blind $0.02
dc2d069c: posts big blind $0.05
*** HOLE CARDS ***
Dealt to dc2d069c 
Dealt to 30e60d01 
Dealt to c5bcb2c1 
Dealt to Hero [Ts 3d]
30e60d01: folds
c5bcb2c1: folds
Hero: folds
Uncalled bet ($0.03) returned to dc2d069c
*** SHOWDOWN ***
dc2d069c collected $0.04 from pot
*** SUMMARY ***
Total pot $0.04 | Rake $0 | Jackpot $0 | Bingo $0 | Fortune $0
Seat 1: dc2d069c (big blind) collected ($0.04)
Seat 4: 30e60d01 folded before Flop (didn't bet)
Seat 5: c5bcb2c1 (button) folded before Flop (didn't bet)
Seat 6: Hero (small blind) folded before Flop


Poker Hand #HD1204178939: Hold'em No Limit  ($0.02/$0.05) - 2023/04/15 15:30:37
Table 'NLHBlue44' 6-max Seat #4 is the button
Seat 1: dc2d069c ($5.91 in chips)
Seat 4: 30e60d01 ($3.9 in chips)
Seat 5: c5bcb2c1 ($5.41 in chips)
Seat 6: Hero ($12.55 in chips)
c5bcb2c1: posts small blind $0.02
Hero: posts big blind $0.05
*** HOLE CARDS ***
Dealt to dc2d069c 
Dealt to 30e60d01 
Dealt to c5bcb2c1 
Dealt to Hero [Js 4h]
dc2d069c: folds
30e60d01: folds
c5bcb2c1: folds
Uncalled bet ($0.03) returned to Hero
*** SHOWDOWN ***
Hero collected $0.04 from pot
*** SUMMARY ***
Total pot $0.04 | Rake $0 | Jackpot $0 | Bingo $0 | Fortune $0
Seat 1: dc2d069c folded before Flop (didn't bet)
Seat 4: 30e60d01 (button) folded before Flop (didn't bet)
Seat 5: c5bcb2c1 (small blind) folded before Flop
Seat 6: Hero (big blind) collected ($0.04)


Poker Hand #HD1204178873: Hold'em No Limit  ($0.02/$0.05) - 2023/04/15 15:29:59
Table 'NLHBlue44' 6-max Seat #1 is the button
Seat 1: dc2d069c ($5.91 in chips)
Seat 4: 30e60d01 ($4.3 in chips)
Seat 5: c5bcb2c1 ($5.05 in chips)
Seat 6: Hero ($12.55 in chips)
30e60d01: posts small blind $0.02
c5bcb2c1: posts big blind $0.05
*** HOLE CARDS ***
Dealt to dc2d069c 
Dealt to 30e60d01 
Dealt to c5bcb2c1 
Dealt to Hero [4c Jd]
Hero: folds
dc2d069c: folds
30e60d01: raises $0.05 to $0.1
c5bcb2c1: raises $0.3 to $0.4
30e60d01: calls $0.3
*** FLOP *** [Ac 8d 5s]
30e60d01: checks
c5bcb2c1: bets $0.2
30e60d01: folds
Uncalled bet ($0.2) returned to c5bcb2c1
*** SHOWDOWN ***
c5bcb2c1 collected $0.76 from pot
*** SUMMARY ***
Total pot $0.8 | Rake $0.04 | Jackpot $0 | Bingo $0 | Fortune $0
Board [Ac 8d 5s]
Seat 1: dc2d069c (button) folded before Flop (didn't bet)
Seat 4: 30e60d01 (small blind) folded on the Flop
Seat 5: c5bcb2c1 (big blind) won ($0.76)
Seat 6: Hero folded before Flop (didn't bet)


Poker Hand #HD1204178833: Hold'em No Limit  ($0.02/$0.05) - 2023/04/15 15:29:37
Table 'NLHBlue44' 6-max Seat #6 is the button
Seat 1: dc2d069c ($5.93 in chips)
Seat 4: 30e60d01 ($4.35 in chips)
Seat 5: c5bcb2c1 ($4.98 in chips)
Seat 6: Hero ($12.55 in chips)
dc2d069c: posts small blind $0.02
30e60d01: posts big blind $0.05
*** HOLE CARDS ***
Dealt to dc2d069c 
Dealt to 30e60d01 
Dealt to c5bcb2c1 
Dealt to Hero [7d Qs]
c5bcb2c1: raises $0.05 to $0.1
Hero: folds
dc2d069c: folds
30e60d01: folds
Uncalled bet ($0.05) returned to c5bcb2c1
*** SHOWDOWN ***
c5bcb2c1 collected $0.12 from pot
*** SUMMARY ***
Total pot $0.12 | Rake $0 | Jackpot $0 | Bingo $0 | Fortune $0
Seat 1: dc2d069c (small blind) folded before Flop
Seat 4: 30e60d01 (big blind) folded before Flop
Seat 5: c5bcb2c1 collected ($0.12)
Seat 6: Hero (button) folded before Flop (didn't bet)


Poker Hand #HD1204178781: Hold'em No Limit  ($0.02/$0.05) - 2023/04/15 15:29:09
Table 'NLHBlue44' 6-max Seat #5 is the button
Seat 1: dc2d069c ($5.98 in chips)
Seat 4: 30e60d01 ($4.35 in chips)
Seat 5: c5bcb2c1 ($4.98 in chips)
Seat 6: Hero ($12.5 in chips)
Hero: posts small blind $0.02
dc2d069c: posts big blind $0.05
*** HOLE CARDS ***
Dealt to dc2d069c 
Dealt to 30e60d01 
Dealt to c5bcb2c1 
Dealt to Hero [4h As]
30e60d01: folds
c5bcb2c1: folds
Hero: raises $0.09 to $0.14
dc2d069c: folds
Uncalled bet ($0.09) returned to Hero
*** SHOWDOWN ***
Hero collected $0.1 from pot
*** SUMMARY ***
Total pot $0.1 | Rake $0 | Jackpot $0 | Bingo $0 | Fortune $0
Seat 1: dc2d069c (big blind) folded before Flop
Seat 4: 30e60d01 folded before Flop (didn't bet)
Seat 5: c5bcb2c1 (button) folded before Flop (didn't bet)
Seat 6: Hero (small blind) collected ($0.1)


Poker Hand #HD1204178700: Hold'em No Limit  ($0.02/$0.05) - 2023/04/15 15:28:17
Table 'NLHBlue44' 6-max Seat #4 is the button
Seat 1: dc2d069c ($5.98 in chips)
Seat 3: 88bdd249 ($5.13 in chips)
Seat 4: 30e60d01 ($6.46 in chips)
Seat 5: c5bcb2c1 ($5 in chips)
Seat 6: Hero ($10.63 in chips)
c5bcb2c1: posts small blind $0.02
Hero: posts big blind $0.05
*** HOLE CARDS ***
Dealt to dc2d069c 
Dealt to 88bdd249 
Dealt to 30e60d01 
Dealt to c5bcb2c1 
Dealt to Hero [Ac Qc]
dc2d069c: folds
88bdd249: folds
30e60d01: raises $0.1 to $0.15
c5bcb2c1: folds
Hero: raises $0.37 to $0.52
30e60d01: calls $0.37
*** FLOP *** [8d 7s Jc]
Hero: checks
30e60d01: bets $0.53
Hero: calls $0.53
*** TURN *** [8d 7s Jc] [7c]
Hero: checks
30e60d01: bets $1.06
Hero: calls $1.06
*** RIVER *** [8d 7s Jc 7c] [8c]
Hero: checks
30e60d01: checks
Hero: shows [Ac Qc] (Ace High Flush)
30e60d01: shows [Js Ah] (Pair of Jacks and Pair of Eights)
*** SHOWDOWN ***
Hero collected $3.98 from pot
*** SUMMARY ***
Total pot $4.24 | Rake $0.21 | Jackpot $0.05 | Bingo $0 | Fortune $0
Board [8d 7s Jc 7c 8c]
Seat 1: dc2d069c folded before Flop (didn't bet)
Seat 3: 88bdd249 folded before Flop (didn't bet)
Seat 4: 30e60d01 (button) showed [Js Ah] and lost with Pair of Jacks and Pair of Eights
Seat 5: c5bcb2c1 (small blind) folded before Flop
Seat 6: Hero (big blind) showed [Ac Qc] and won ($3.98) with Ace High Flush


Poker Hand #HD1204178664: Hold'em No Limit  ($0.02/$0.05) - 2023/04/15 15:27:54
Table 'NLHBlue44' 6-max Seat #3 is the button
Seat 1: dc2d069c ($5.98 in chips)
Seat 3: 88bdd249 ($5.06 in chips)
Seat 4: 30e60d01 ($6.48 in chips)
Seat 5: c5bcb2c1 ($5 in chips)
Seat 6: Hero ($10.63 in chips)
30e60d01: posts small blind $0.02
c5bcb2c1: posts big blind $0.05
*** HOLE CARDS ***
Dealt to dc2d069c 
Dealt to 88bdd249 
Dealt to 30e60d01 
Dealt to c5bcb2c1 
Dealt to Hero [5c 9s]
Hero: folds
dc2d069c: folds
88bdd249: raises $0.1 to $0.15
30e60d01: folds
c5bcb2c1: folds
Uncalled bet ($0.1) returned to 88bdd249
*** SHOWDOWN ***
88bdd249 collected $0.12 from pot
*** SUMMARY ***
Total pot $0.12 | Rake $0 | Jackpot $0 | Bingo $0 | Fortune $0
Seat 1: dc2d069c folded before Flop (didn't bet)
Seat 3: 88bdd249 (button) collected ($0.12)
Seat 4: 30e60d01 (small blind) folded before Flop
Seat 5: c5bcb2c1 (big blind) folded before Flop
Seat 6: Hero folded before Flop (didn't bet)


Poker Hand #HD1204178610: Hold'em No Limit  ($0.02/$0.05) - 2023/04/15 15:27:25
Table 'NLHBlue44' 6-max Seat #1 is the button
Seat 1: dc2d069c ($5.98 in chips)
Seat 2: 90f82e88 ($5 in chips)
Seat 3: 88bdd249 ($5.04 in chips)
Seat 4: 30e60d01 ($6.48 in chips)
Seat 5: c5bcb2c1 ($5 in chips)
Seat 6: Hero ($10.63 in chips)
90f82e88: posts small blind $0.02
88bdd249: posts big blind $0.05
*** HOLE CARDS ***
Dealt to dc2d069c 
Dealt to 90f82e88 
Dealt to 88bdd249 
Dealt to 30e60d01 
Dealt to c5bcb2c1 
Dealt to Hero [5c 4d]
30e60d01: folds
c5bcb2c1: folds
Hero: folds
dc2d069c: folds
90f82e88: folds
Uncalled bet ($0.03) returned to 88bdd249
*** SHOWDOWN ***
88bdd249 collected $0.04 from pot
*** SUMMARY ***
Total pot $0.04 | Rake $0 | Jackpot $0 | Bingo $0 | Fortune $0
Seat 1: dc2d069c (button) folded before Flop (didn't bet)
Seat 2: 90f82e88 (small blind) folded before Flop
Seat 3: 88bdd249 (big blind) collected ($0.04)
Seat 4: 30e60d01 folded before Flop (didn't bet)
Seat 5: c5bcb2c1 folded before Flop (didn't bet)
Seat 6: Hero folded before Flop (didn't bet)


Poker Hand #HD1204178558: Hold'em No Limit  ($0.02/$0.05) - 2023/04/15 15:26:53
Table 'NLHBlue44' 6-max Seat #6 is the button
Seat 1: dc2d069c ($6 in chips)
Seat 2: 90f82e88 ($5.05 in chips)
Seat 3: 88bdd249 ($5.04 in chips)
Seat 4: 30e60d01 ($6.41 in chips)
Seat 5: c5bcb2c1 ($5 in chips)
Seat 6: Hero ($10.63 in chips)
dc2d069c: posts small blind $0.02
90f82e88: posts big blind $0.05
*** HOLE CARDS ***
Dealt to dc2d069c 
Dealt to 90f82e88 
Dealt to 88bdd249 
Dealt to 30e60d01 
Dealt to c5bcb2c1 
Dealt to Hero [7d 3c]
88bdd249: folds
30e60d01: raises $0.1 to $0.15
c5bcb2c1: folds
Hero: folds
dc2d069c: folds
90f82e88: folds
Uncalled bet ($0.1) returned to 30e60d01
*** SHOWDOWN ***
30e60d01 collected $0.12 from pot
*** SUMMARY ***
Total pot $0.12 | Rake $0 | Jackpot $0 | Bingo $0 | Fortune $0
Seat 1: dc2d069c (small blind) folded before Flop
Seat 2: 90f82e88 (big blind) folded before Flop
Seat 3: 88bdd249 folded before Flop (didn't bet)
Seat 4: 30e60d01 collected ($0.12)
Seat 5: c5bcb2c1 folded before Flop (didn't bet)
Seat 6: Hero (button) folded before Flop (didn't bet)


Poker Hand #HD1204178461: Hold'em No Limit  ($0.02/$0.05) - 2023/04/15 15:25:46
Table 'NLHBlue44' 6-max Seat #5 is the button
Seat 1: dc2d069c ($6.05 in chips)
Seat 2: 90f82e88 ($5.05 in chips)
Seat 3: 88bdd249 ($5.04 in chips)
Seat 4: 30e60d01 ($6.03 in chips)
Seat 5: c5bcb2c1 ($4.98 in chips)
Seat 6: Hero ($10.65 in chips)
Hero: posts small blind $0.02
dc2d069c: posts big blind $0.05
*** HOLE CARDS ***
Dealt to dc2d069c 
Dealt to 90f82e88 
Dealt to 88bdd249 
Dealt to 30e60d01 
Dealt to c5bcb2c1 
Dealt to Hero [5s 2c]
90f82e88: folds
88bdd249: folds
30e60d01: raises $0.1 to $0.15
c5bcb2c1: calls $0.15
Hero: folds
dc2d069c: folds
*** FLOP *** [9d 4c 7d]
30e60d01: bets $0.19
c5bcb2c1: calls $0.19
*** TURN *** [9d 4c 7d] [8s]
30e60d01: bets $0.38
c5bcb2c1: folds
Uncalled bet ($0.38) returned to 30e60d01
*** SHOWDOWN ***
30e60d01 collected $0.72 from pot
*** SUMMARY ***
Total pot $0.75 | Rake $0.03 | Jackpot $0 | Bingo $0 | Fortune $0
Board [9d 4c 7d 8s]
Seat 1: dc2d069c (big blind) folded before Flop
Seat 2: 90f82e88 folded before Flop (didn't bet)
Seat 3: 88bdd249 folded before Flop (didn't bet)
Seat 4: 30e60d01 won ($0.72)
Seat 5: c5bcb2c1 (button) folded on the Turn
Seat 6: Hero (small blind) folded before Flop


Poker Hand #HD1204178376: Hold'em No Limit  ($0.02/$0.05) - 2023/04/15 15:25:00
Table 'NLHBlue44' 6-max Seat #4 is the button
Seat 1: dc2d069c ($6.05 in chips)
Seat 2: 90f82e88 ($5.05 in chips)
Seat 3: 88bdd249 ($5.19 in chips)
Seat 4: 30e60d01 ($5.73 in chips)
Seat 5: c5bcb2c1 ($5 in chips)
Seat 6: Hero ($10.8 in chips)
c5bcb2c1: posts small blind $0.02
Hero: posts big blind $0.05
*** HOLE CARDS ***
Dealt to dc2d069c 
Dealt to 90f82e88 
Dealt to 88bdd249 
Dealt to 30e60d01 
Dealt to c5bcb2c1 
Dealt to Hero [5c Ac]
dc2d069c: folds
90f82e88: folds
88bdd249: raises $0.1 to $0.15
30e60d01: calls $0.15
c5bcb2c1: folds
Hero: calls $0.1
*** FLOP *** [6h 2h 7h]
Hero: checks
88bdd249: checks
30e60d01: bets $0.16
Hero: folds
88bdd249: folds
Uncalled bet ($0.16) returned to 30e60d01
*** SHOWDOWN ***
30e60d01 collected $0.45 from pot
*** SUMMARY ***
Total pot $0.47 | Rake $0.02 | Jackpot $0 | Bingo $0 | Fortune $0
Board [6h 2h 7h]
Seat 1: dc2d069c folded before Flop (didn't bet)
Seat 2: 90f82e88 folded before Flop (didn't bet)
Seat 3: 88bdd249 folded on the Flop
Seat 4: 30e60d01 (button) won ($0.45)
Seat 5: c5bcb2c1 (small blind) folded before Flop
Seat 6: Hero (big blind) folded on the Flop


Poker Hand #HD1204178314: Hold'em No Limit  ($0.02/$0.05) - 2023/04/15 15:24:19
Table 'NLHBlue44' 6-max Seat #3 is the button
Seat 1: dc2d069c ($6.05 in chips)
Seat 2: 90f82e88 ($5.05 in chips)
Seat 3: 88bdd249 ($5 in chips)
Seat 4: 30e60d01 ($5.88 in chips)
Seat 5: c5bcb2c1 ($5 in chips)
Seat 6: Hero ($10.8 in chips)
30e60d01: posts small blind $0.02
c5bcb2c1: posts big blind $0.05
*** HOLE CARDS ***
Dealt to dc2d069c 
Dealt to 90f82e88 
Dealt to 88bdd249 
Dealt to 30e60d01 
Dealt to c5bcb2c1 
Dealt to Hero [5c Qd]
Hero: folds
dc2d069c: folds
90f82e88: folds
88bdd249: raises $0.1 to $0.15
30e60d01: calls $0.13
c5bcb2c1: folds
*** FLOP *** [2c Kd 3c]
30e60d01: checks
88bdd249: bets $0.12
30e60d01: folds
Uncalled bet ($0.12) returned to 88bdd249
*** SHOWDOWN ***
88bdd249 collected $0.34 from pot
*** SUMMARY ***
Total pot $0.35 | Rake $0.01 | Jackpot $0 | Bingo $0 | Fortune $0
Board [2c Kd 3c]
Seat 1: dc2d069c folded before Flop (didn't bet)
Seat 2: 90f82e88 folded before Flop (didn't bet)
Seat 3: 88bdd249 (button) won ($0.34)
Seat 4: 30e60d01 (small blind) folded on the Flop
Seat 5: c5bcb2c1 (big blind) folded before Flop
Seat 6: Hero folded before Flop (didn't bet)


Poker Hand #HD1204178284: Hold'em No Limit  ($0.02/$0.05) - 2023/04/15 15:24:04
Table 'NLHBlue44' 6-max Seat #2 is the button
Seat 1: dc2d069c ($6.05 in chips)
Seat 2: 90f82e88 ($5.05 in chips)
Seat 3: 88bdd249 ($5.02 in chips)
Seat 4: 30e60d01 ($5.86 in chips)
Seat 6: Hero ($10.8 in chips)
88bdd249: posts small blind $0.02
30e60d01: posts big blind $0.05
*** HOLE CARDS ***
Dealt to dc2d069c 
Dealt to 90f82e88 
Dealt to 88bdd249 
Dealt to 30e60d01 
Dealt to Hero [2c 9h]
Hero: folds
dc2d069c: folds
90f82e88: folds
88bdd249: folds
Uncalled bet ($0.03) returned to 30e60d01
*** SHOWDOWN ***
30e60d01 collected $0.04 from pot
*** SUMMARY ***
Total pot $0.04 | Rake $0 | Jackpot $0 | Bingo $0 | Fortune $0
Seat 1: dc2d069c folded before Flop (didn't bet)
Seat 2: 90f82e88 (button) folded before Flop (didn't bet)
Seat 3: 88bdd249 (small blind) folded before Flop
Seat 4: 30e60d01 (big blind) collected ($0.04)
Seat 6: Hero folded before Flop (didn't bet)


Poker Hand #HD1204178257: Hold'em No Limit  ($0.02/$0.05) - 2023/04/15 15:23:48
Table 'NLHBlue44' 6-max Seat #1 is the button
Seat 1: dc2d069c ($6.05 in chips)
Seat 2: 90f82e88 ($5.07 in chips)
Seat 3: 88bdd249 ($5 in chips)
Seat 4: 30e60d01 ($5.86 in chips)
Seat 6: Hero ($10.8 in chips)
90f82e88: posts small blind $0.02
88bdd249: posts big blind $0.05
*** HOLE CARDS ***
Dealt to dc2d069c 
Dealt to 90f82e88 
Dealt to 88bdd249 
Dealt to 30e60d01 
Dealt to Hero [4s 7h]
30e60d01: folds
Hero: folds
dc2d069c: folds
90f82e88: folds
Uncalled bet ($0.03) returned to 88bdd249
*** SHOWDOWN ***
88bdd249 collected $0.04 from pot
*** SUMMARY ***
Total pot $0.04 | Rake $0 | Jackpot $0 | Bingo $0 | Fortune $0
Seat 1: dc2d069c (button) folded before Flop (didn't bet)
Seat 2: 90f82e88 (small blind) folded before Flop
Seat 3: 88bdd249 (big blind) collected ($0.04)
Seat 4: 30e60d01 folded before Flop (didn't bet)
Seat 6: Hero folded before Flop (didn't bet)


Poker Hand #HD1204178224: Hold'em No Limit  ($0.02/$0.05) - 2023/04/15 15:23:29
Table 'NLHBlue44' 6-max Seat #6 is the button
Seat 1: dc2d069c ($6.07 in chips)
Seat 2: 90f82e88 ($5.12 in chips)
Seat 3: 88bdd249 ($5 in chips)
Seat 4: 30e60d01 ($5.79 in chips)
Seat 6: Hero ($10.8 in chips)
dc2d069c: posts small blind $0.02
90f82e88: posts big blind $0.05
*** HOLE CARDS ***
Dealt to dc2d069c 
Dealt to 90f82e88 
Dealt to 88bdd249 
Dealt to 30e60d01 
Dealt to Hero [4c 6h]
88bdd249: folds
30e60d01: raises $0.1 to $0.15
Hero: folds
dc2d069c: folds
90f82e88: folds
Uncalled bet ($0.1) returned to 30e60d01
*** SHOWDOWN ***
30e60d01 collected $0.12 from pot
*** SUMMARY ***
Total pot $0.12 | Rake $0 | Jackpot $0 | Bingo $0 | Fortune $0
Seat 1: dc2d069c (small blind) folded before Flop
Seat 2: 90f82e88 (big blind) folded before Flop
Seat 3: 88bdd249 folded before Flop (didn't bet)
Seat 4: 30e60d01 collected ($0.12)
Seat 6: Hero (button) folded before Flop (didn't bet)


Poker Hand #HD1204178161: Hold'em No Limit  ($0.02/$0.05) - 2023/04/15 15:22:49
Table 'NLHBlue44' 6-max Seat #4 is the button
Seat 1: dc2d069c ($6.12 in chips)
Seat 2: 90f82e88 ($5.25 in chips)
Seat 3: 88bdd249 ($5 in chips)
Seat 4: 30e60d01 ($5.79 in chips)
Seat 6: Hero ($10.63 in chips)
Hero: posts small blind $0.02
dc2d069c: posts big blind $0.05
*** HOLE CARDS ***
Dealt to dc2d069c 
Dealt to 90f82e88 
Dealt to 88bdd249 
Dealt to 30e60d01 
Dealt to Hero [Ks As]
90f82e88: raises $0.08 to $0.13
88bdd249: folds
30e60d01: folds
Hero: raises $0.47 to $0.6
dc2d069c: folds
90f82e88: folds
Uncalled bet ($0.47) returned to Hero
*** SHOWDOWN ***
Hero collected $0.3 from pot
*** SUMMARY ***
Total pot $0.31 | Rake $0.01 | Jackpot $0 | Bingo $0 | Fortune $0
Seat 1: dc2d069c (big blind) folded before Flop
Seat 2: 90f82e88 folded before Flop
Seat 3: 88bdd249 folded before Flop (didn't bet)
Seat 4: 30e60d01 (button) folded before Flop (didn't bet)
Seat 6: Hero (small blind) collected ($0.3)


Poker Hand #HD1204178076: Hold'em No Limit  ($0.02/$0.05) - 2023/04/15 15:21:56
Table 'NLHBlue44' 6-max Seat #3 is the button
Seat 1: dc2d069c ($6.12 in chips)
Seat 2: 90f82e88 ($5.25 in chips)
Seat 3: 88bdd249 ($5 in chips)
Seat 4: 30e60d01 ($5.7 in chips)
Seat 6: Hero ($10.73 in chips)
30e60d01: posts small blind $0.02
Hero: posts big blind $0.05
*** HOLE CARDS ***
Dealt to dc2d069c 
Dealt to 90f82e88 
Dealt to 88bdd249 
Dealt to 30e60d01 
Dealt to Hero [Tc 9d]
dc2d069c: folds
90f82e88: folds
88bdd249: folds
30e60d01: raises $0.05 to $0.1
Hero: calls $0.05
*** FLOP *** [7d As 2s]
30e60d01: bets $0.1
Hero: folds
Uncalled bet ($0.1) returned to 30e60d01
*** SHOWDOWN ***
30e60d01 collected $0.19 from pot
*** SUMMARY ***
Total pot $0.2 | Rake $0.01 | Jackpot $0 | Bingo $0 | Fortune $0
Board [7d As 2s]
Seat 1: dc2d069c folded before Flop (didn't bet)
Seat 2: 90f82e88 folded before Flop (didn't bet)
Seat 3: 88bdd249 (button) folded before Flop (didn't bet)
Seat 4: 30e60d01 (small blind) won ($0.19)
Seat 6: Hero (big blind) folded on the Flop


Poker Hand #HD1204177997: Hold'em No Limit  ($0.02/$0.05) - 2023/04/15 15:21:13
Table 'NLHBlue44' 6-max Seat #2 is the button
Seat 1: dc2d069c ($6.12 in chips)
Seat 2: 90f82e88 ($5.25 in chips)
Seat 3: 88bdd249 ($4.96 in chips)
Seat 4: 30e60d01 ($5.2 in chips)
Seat 6: Hero ($11.26 in chips)
88bdd249: posts small blind $0.02
30e60d01: posts big blind $0.05
*** HOLE CARDS ***
Dealt to dc2d069c 
Dealt to 90f82e88 
Dealt to 88bdd249 
Dealt to 30e60d01 
Dealt to Hero [Qc Kc]
Hero: raises $0.07 to $0.12
dc2d069c: folds
90f82e88: folds
88bdd249: folds
30e60d01: calls $0.07
*** FLOP *** [5h 8d Ah]
30e60d01: checks
Hero: bets $0.14
30e60d01: calls $0.14
*** TURN *** [5h 8d Ah] [9s]
30e60d01: checks
Hero: checks
*** RIVER *** [5h 8d Ah 9s] [Kh]
30e60d01: bets $0.27
Hero: calls $0.27
30e60d01: shows [4d Ad] (Pair of Aces)
Hero: shows [Qc Kc] (Pair of Kings)
*** SHOWDOWN ***
30e60d01 collected $1.03 from pot
*** SUMMARY ***
Total pot $1.08 | Rake $0.05 | Jackpot $0 | Bingo $0 | Fortune $0
Board [5h 8d Ah 9s Kh]
Seat 1: dc2d069c folded before Flop (didn't bet)
Seat 2: 90f82e88 (button) folded before Flop (didn't bet)
Seat 3: 88bdd249 (small blind) folded before Flop
Seat 4: 30e60d01 (big blind) showed [4d Ad] and won ($1.03) with Pair of Aces
Seat 6: Hero showed [Qc Kc] and lost with Pair of Kings


Poker Hand #HD1204177953: Hold'em No Limit  ($0.02/$0.05) - 2023/04/15 15:20:50
Table 'NLHBlue44' 6-max Seat #1 is the button
Seat 1: dc2d069c ($6.12 in chips)
Seat 2: 90f82e88 ($5.27 in chips)
Seat 3: 88bdd249 ($5.01 in chips)
Seat 4: 30e60d01 ($5.2 in chips)
Seat 6: Hero ($11.19 in chips)
90f82e88: posts small blind $0.02
88bdd249: posts big blind $0.05
*** HOLE CARDS ***
Dealt to dc2d069c 
Dealt to 90f82e88 
Dealt to 88bdd249 
Dealt to 30e60d01 
Dealt to Hero [Ah 7h]
30e60d01: folds
Hero: raises $0.07 to $0.12
dc2d069c: folds
90f82e88: folds
88bdd249: folds
Uncalled bet ($0.07) returned to Hero
*** SHOWDOWN ***
Hero collected $0.12 from pot
*** SUMMARY ***
Total pot $0.12 | Rake $0 | Jackpot $0 | Bingo $0 | Fortune $0
Seat 1: dc2d069c (button) folded before Flop (didn't bet)
Seat 2: 90f82e88 (small blind) folded before Flop
Seat 3: 88bdd249 (big blind) folded before Flop
Seat 4: 30e60d01 folded before Flop (didn't bet)
Seat 6: Hero collected ($0.12)


Poker Hand #HD1204177824: Hold'em No Limit  ($0.02/$0.05) - 2023/04/15 15:19:32
Table 'NLHBlue44' 6-max Seat #6 is the button
Seat 1: dc2d069c ($6.41 in chips)
Seat 2: 90f82e88 ($5 in chips)
Seat 3: 88bdd249 ($5.01 in chips)
Seat 4: 30e60d01 ($5.2 in chips)
Seat 6: Hero ($11.19 in chips)
dc2d069c: posts small blind $0.02
90f82e88: posts big blind $0.05
*** HOLE CARDS ***
Dealt to dc2d069c 
Dealt to 90f82e88 
Dealt to 88bdd249 
Dealt to 30e60d01 
Dealt to Hero [6c 9s]
88bdd249: folds
30e60d01: folds
Hero: folds
dc2d069c: raises $0.12 to $0.17
90f82e88: calls $0.12
*** FLOP *** [Ac 9d 6h]
dc2d069c: bets $0.12
90f82e88: calls $0.12
*** TURN *** [Ac 9d 6h] [7d]
dc2d069c: checks
90f82e88: checks
*** RIVER *** [Ac 9d 6h 7d] [2h]
dc2d069c: checks
90f82e88: checks
dc2d069c: shows [7s Qs] (Pair of Sevens)
90f82e88: shows [9h Ks] (Pair of Nines)
*** SHOWDOWN ***
90f82e88 collected $0.56 from pot
*** SUMMARY ***
Total pot $0.58 | Rake $0.02 | Jackpot $0 | Bingo $0 | Fortune $0
Board [Ac 9d 6h 7d 2h]
Seat 1: dc2d069c (small blind) showed [7s Qs] and lost with Pair of Sevens
Seat 2: 90f82e88 (big blind) showed [9h Ks] and won ($0.56) with Pair of Nines
Seat 3: 88bdd249 folded before Flop (didn't bet)
Seat 4: 30e60d01 folded before Flop (didn't bet)
Seat 6: Hero (button) folded before Flop (didn't bet)


Poker Hand #HD1204177797: Hold'em No Limit  ($0.02/$0.05) - 2023/04/15 15:19:18
Table 'NLHBlue44' 6-max Seat #4 is the button
Seat 1: dc2d069c ($6.39 in chips)
Seat 2: 90f82e88 ($5 in chips)
Seat 3: 88bdd249 ($5.01 in chips)
Seat 4: 30e60d01 ($5.2 in chips)
Seat 6: Hero ($11.21 in chips)
Hero: posts small blind $0.02
dc2d069c: posts big blind $0.05
*** HOLE CARDS ***
Dealt to dc2d069c 
Dealt to 90f82e88 
Dealt to 88bdd249 
Dealt to 30e60d01 
Dealt to Hero [7d 6c]
90f82e88: folds
88bdd249: folds
30e60d01: folds
Hero: folds
Uncalled bet ($0.03) returned to dc2d069c
*** SHOWDOWN ***
dc2d069c collected $0.04 from pot
*** SUMMARY ***
Total pot $0.04 | Rake $0 | Jackpot $0 | Bingo $0 | Fortune $0
Seat 1: dc2d069c (big blind) collected ($0.04)
Seat 2: 90f82e88 folded before Flop (didn't bet)
Seat 3: 88bdd249 folded before Flop (didn't bet)
Seat 4: 30e60d01 (button) folded before Flop (didn't bet)
Seat 6: Hero (small blind) folded before Flop


Poker Hand #HD1204177744: Hold'em No Limit  ($0.02/$0.05) - 2023/04/15 15:18:49
Table 'NLHBlue44' 6-max Seat #3 is the button
Seat 1: dc2d069c ($6.39 in chips)
Seat 2: 90f82e88 ($5 in chips)
Seat 3: 88bdd249 ($5.01 in chips)
Seat 4: 30e60d01 ($5.22 in chips)
Seat 6: Hero ($11.19 in chips)
30e60d01: posts small blind $0.02
Hero: posts big blind $0.05
*** HOLE CARDS ***
Dealt to dc2d069c 
Dealt to 90f82e88 
Dealt to 88bdd249 
Dealt to 30e60d01 
Dealt to Hero [7c Ac]
dc2d069c: folds
90f82e88: folds
88bdd249: folds
30e60d01: folds
Uncalled bet ($0.03) returned to Hero
*** SHOWDOWN ***
Hero collected $0.04 from pot
*** SUMMARY ***
Total pot $0.04 | Rake $0 | Jackpot $0 | Bingo $0 | Fortune $0
Seat 1: dc2d069c folded before Flop (didn't bet)
Seat 2: 90f82e88 folded before Flop (didn't bet)
Seat 3: 88bdd249 (button) folded before Flop (didn't bet)
Seat 4: 30e60d01 (small blind) folded before Flop
Seat 6: Hero (big blind) collected ($0.04)


Poker Hand #HD1204177589: Hold'em No Limit  ($0.02/$0.05) - 2023/04/15 15:17:14
Table 'NLHBlue44' 6-max Seat #2 is the button
Seat 1: dc2d069c ($6.66 in chips)
Seat 2: 90f82e88 ($5 in chips)
Seat 3: 88bdd249 ($5.03 in chips)
Seat 4: 30e60d01 ($4.95 in chips)
Seat 6: Hero ($11.19 in chips)
88bdd249: posts small blind $0.02
30e60d01: posts big blind $0.05
*** HOLE CARDS ***
Dealt to dc2d069c 
Dealt to 90f82e88 
Dealt to 88bdd249 
Dealt to 30e60d01 
Dealt to Hero [7h Jh]
Hero: folds
dc2d069c: raises $0.08 to $0.13
90f82e88: folds
88bdd249: folds
30e60d01: calls $0.08
*** FLOP *** [As 8d 7c]
30e60d01: checks
dc2d069c: bets $0.14
30e60d01: calls $0.14
*** TURN *** [As 8d 7c] [3h]
30e60d01: checks
dc2d069c: checks
*** RIVER *** [As 8d 7c 3h] [Ac]
30e60d01: bets $0.42
dc2d069c: folds
Uncalled bet ($0.42) returned to 30e60d01
*** SHOWDOWN ***
30e60d01 collected $0.54 from pot
*** SUMMARY ***
Total pot $0.56 | Rake $0.02 | Jackpot $0 | Bingo $0 | Fortune $0
Board [As 8d 7c 3h Ac]
Seat 1: dc2d069c folded on the River
Seat 2: 90f82e88 (button) folded before Flop (didn't bet)
Seat 3: 88bdd249 (small blind) folded before Flop
Seat 4: 30e60d01 (big blind) won ($0.54)
Seat 6: Hero folded before Flop (didn't bet)


Poker Hand #HD1204177576: Hold'em No Limit  ($0.02/$0.05) - 2023/04/15 15:17:03
Table 'NLHBlue44' 6-max Seat #1 is the button
Seat 1: dc2d069c ($6.66 in chips)
Seat 2: 90f82e88 ($5 in chips)
Seat 3: 88bdd249 ($5.01 in chips)
Seat 4: 30e60d01 ($4.95 in chips)
Seat 6: Hero ($11.19 in chips)
90f82e88: posts small blind $0.02
88bdd249: posts big blind $0.05
*** HOLE CARDS ***
Dealt to dc2d069c 
Dealt to 90f82e88 
Dealt to 88bdd249 
Dealt to 30e60d01 
Dealt to Hero [2c 3d]
30e60d01: folds
Hero: folds
dc2d069c: folds
90f82e88: folds
Uncalled bet ($0.03) returned to 88bdd249
*** SHOWDOWN ***
88bdd249 collected $0.04 from pot
*** SUMMARY ***
Total pot $0.04 | Rake $0 | Jackpot $0 | Bingo $0 | Fortune $0
Seat 1: dc2d069c (button) folded before Flop (didn't bet)
Seat 2: 90f82e88 (small blind) folded before Flop
Seat 3: 88bdd249 (big blind) collected ($0.04)
Seat 4: 30e60d01 folded before Flop (didn't bet)
Seat 6: Hero folded before Flop (didn't bet)


Poker Hand #HD1204177387: Hold'em No Limit  ($0.02/$0.05) - 2023/04/15 15:15:11
Table 'NLHBlue44' 6-max Seat #6 is the button
Seat 1: dc2d069c ($6.43 in chips)
Seat 2: 90f82e88 ($5 in chips)
Seat 3: 88bdd249 ($5.01 in chips)
Seat 4: 30e60d01 ($5 in chips)
Seat 6: Hero ($11.19 in chips)
dc2d069c: posts small blind $0.02
90f82e88: posts big blind $0.05
30e60d01: posts big blind $0.05
*** HOLE CARDS ***
Dealt to dc2d069c 
Dealt to 90f82e88 
Dealt to 88bdd249 
Dealt to 30e60d01 
Dealt to Hero [Kc 5c]
88bdd249: folds
30e60d01: checks
Hero: folds
dc2d069c: raises $0.15 to $0.2
90f82e88: calls $0.15
30e60d01: folds
*** FLOP *** [4c 6s 4h]
dc2d069c: checks
90f82e88: checks
*** TURN *** [4c 6s 4h] [2s]
dc2d069c: checks
90f82e88: checks
*** RIVER *** [4c 6s 4h 2s] [7s]
dc2d069c: checks
90f82e88: checks
dc2d069c: shows [Kd Ac] (Pair of Fours)
90f82e88: shows [Ah 9h] (Pair of Fours)
*** SHOWDOWN ***
dc2d069c collected $0.43 from pot
*** SUMMARY ***
Total pot $0.45 | Rake $0.02 | Jackpot $0 | Bingo $0 | Fortune $0
Board [4c 6s 4h 2s 7s]
Seat 1: dc2d069c (small blind) showed [Kd Ac] and won ($0.43) with Pair of Fours
Seat 2: 90f82e88 (big blind) showed [Ah 9h] and lost with Pair of Fours
Seat 3: 88bdd249 folded before Flop (didn't bet)
Seat 4: 30e60d01 folded before Flop
Seat 6: Hero (button) folded before Flop (didn't bet)


Poker Hand #HD1204177306: Hold'em No Limit  ($0.02/$0.05) - 2023/04/15 15:14:23
Table 'NLHBlue44' 6-max Seat #3 is the button
Seat 1: dc2d069c ($6.48 in chips)
Seat 3: 88bdd249 ($5.16 in chips)
Seat 6: Hero ($11 in chips)
Hero: posts small blind $0.02
dc2d069c: posts big blind $0.05
*** HOLE CARDS ***
Dealt to dc2d069c 
Dealt to 88bdd249 
Dealt to Hero [Qs Ts]
88bdd249: raises $0.1 to $0.15
Hero: raises $0.53 to $0.68
dc2d069c: folds
88bdd249: folds
Uncalled bet ($0.53) returned to Hero
*** SHOWDOWN ***
Hero collected $0.34 from pot
*** SUMMARY ***
Total pot $0.35 | Rake $0.01 | Jackpot $0 | Bingo $0 | Fortune $0
Seat 1: dc2d069c (big blind) folded before Flop
Seat 3: 88bdd249 (button) folded before Flop
Seat 6: Hero (small blind) collected ($0.34)


Poker Hand #HD1204177178: Hold'em No Limit  ($0.02/$0.05) - 2023/04/15 15:13:10
Table 'NLHBlue44' 6-max Seat #1 is the button
Seat 1: dc2d069c ($6.48 in chips)
Seat 3: 88bdd249 ($5.41 in chips)
Seat 6: Hero ($10.77 in chips)
88bdd249: posts small blind $0.02
Hero: posts big blind $0.05
*** HOLE CARDS ***
Dealt to dc2d069c 
Dealt to 88bdd249 
Dealt to Hero [Td Jc]
dc2d069c: folds
88bdd249: raises $0.1 to $0.15
Hero: calls $0.1
*** FLOP *** [Ks Th As]
88bdd249: bets $0.1
Hero: calls $0.1
*** TURN *** [Ks Th As] [Js]
88bdd249: checks
Hero: bets $0.25
88bdd249: folds
Uncalled bet ($0.25) returned to Hero
*** SHOWDOWN ***
Hero collected $0.48 from pot
*** SUMMARY ***
Total pot $0.5 | Rake $0.02 | Jackpot $0 | Bingo $0 | Fortune $0
Board [Ks Th As Js]
Seat 1: dc2d069c (button) folded before Flop (didn't bet)
Seat 3: 88bdd249 (small blind) folded on the Turn
Seat 6: Hero (big blind) won ($0.48)


Poker Hand #HD1204177049: Hold'em No Limit  ($0.02/$0.05) - 2023/04/15 15:11:51
Table 'NLHBlue44' 6-max Seat #6 is the button
Seat 1: dc2d069c ($6.17 in chips)
Seat 2: 90f82e88 ($5.05 in chips)
Seat 3: 88bdd249 ($5.41 in chips)
Seat 6: Hero ($10.77 in chips)
dc2d069c: posts small blind $0.02
90f82e88: posts big blind $0.05
*** HOLE CARDS ***
Dealt to dc2d069c 
Dealt to 90f82e88 
Dealt to 88bdd249 
Dealt to Hero [5c 4d]
88bdd249: folds
Hero: folds
dc2d069c: raises $0.12 to $0.17
90f82e88: calls $0.12
*** FLOP *** [Qd As Td]
dc2d069c: checks
90f82e88: checks
*** TURN *** [Qd As Td] [3d]
dc2d069c: bets $0.17
90f82e88: calls $0.17
*** RIVER *** [Qd As Td 3d] [3h]
dc2d069c: checks
90f82e88: checks
dc2d069c: shows [Jd Qs] (Pair of Queens and Pair of Treys)
90f82e88: shows [Tc 9d] (Pair of Tens and Pair of Treys)
*** SHOWDOWN ***
dc2d069c collected $0.65 from pot
*** SUMMARY ***
Total pot $0.68 | Rake $0.03 | Jackpot $0 | Bingo $0 | Fortune $0
Board [Qd As Td 3d 3h]
Seat 1: dc2d069c (small blind) showed [Jd Qs] and won ($0.65) with Pair of Queens and Pair of Treys
Seat 2: 90f82e88 (big blind) showed [Tc 9d] and lost with Pair of Tens and Pair of Treys
Seat 3: 88bdd249 folded before Flop (didn't bet)
Seat 6: Hero (button) folded before Flop (didn't bet)


Poker Hand #HD1204177037: Hold'em No Limit  ($0.02/$0.05) - 2023/04/15 15:11:43
Table 'NLHBlue44' 6-max Seat #3 is the button
Seat 1: dc2d069c ($6.15 in chips)
Seat 2: 90f82e88 ($5.05 in chips)
Seat 3: 88bdd249 ($5.41 in chips)
Seat 6: Hero ($10.79 in chips)
Hero: posts small blind $0.02
dc2d069c: posts big blind $0.05
*** HOLE CARDS ***
Dealt to dc2d069c 
Dealt to 90f82e88 
Dealt to 88bdd249 
Dealt to Hero [2s Jh]
90f82e88: folds
88bdd249: folds
Hero: folds
Uncalled bet ($0.03) returned to dc2d069c
*** SHOWDOWN ***
dc2d069c collected $0.04 from pot
*** SUMMARY ***
Total pot $0.04 | Rake $0 | Jackpot $0 | Bingo $0 | Fortune $0
Seat 1: dc2d069c (big blind) collected ($0.04)
Seat 2: 90f82e88 folded before Flop (didn't bet)
Seat 3: 88bdd249 (button) folded before Flop (didn't bet)
Seat 6: Hero (small blind) folded before Flop


Poker Hand #HD1204177008: Hold'em No Limit  ($0.02/$0.05) - 2023/04/15 15:11:24
Table 'NLHBlue44' 6-max Seat #2 is the button
Seat 1: dc2d069c ($6.08 in chips)
Seat 2: 90f82e88 ($5.05 in chips)
Seat 3: 88bdd249 ($5.43 in chips)
Seat 6: Hero ($10.84 in chips)
88bdd249: posts small blind $0.02
Hero: posts big blind $0.05
*** HOLE CARDS ***
Dealt to dc2d069c 
Dealt to 90f82e88 
Dealt to 88bdd249 
Dealt to Hero [8h 6h]
dc2d069c: raises $0.1 to $0.15
90f82e88: folds
88bdd249: folds
Hero: folds
Uncalled bet ($0.1) returned to dc2d069c
*** SHOWDOWN ***
dc2d069c collected $0.12 from pot
*** SUMMARY ***
Total pot $0.12 | Rake $0 | Jackpot $0 | Bingo $0 | Fortune $0
Seat 1: dc2d069c collected ($0.12)
Seat 2: 90f82e88 (button) folded before Flop (didn't bet)
Seat 3: 88bdd249 (small blind) folded before Flop
Seat 6: Hero (big blind) folded before Flop


Poker Hand #HD1204176979: Hold'em No Limit  ($0.02/$0.05) - 2023/04/15 15:11:08
Table 'NLHBlue44' 6-max Seat #1 is the button
Seat 1: dc2d069c ($6.08 in chips)
Seat 2: 90f82e88 ($5 in chips)
Seat 3: 88bdd249 ($5.48 in chips)
Seat 6: Hero ($10.84 in chips)
90f82e88: posts small blind $0.02
88bdd249: posts big blind $0.05
*** HOLE CARDS ***
Dealt to dc2d069c 
Dealt to 90f82e88 
Dealt to 88bdd249 
Dealt to Hero [2c 5s]
Hero: folds
dc2d069c: folds
90f82e88: raises $0.1 to $0.15
88bdd249: folds
Uncalled bet ($0.1) returned to 90f82e88
*** SHOWDOWN ***
90f82e88 collected $0.1 from pot
*** SUMMARY ***
Total pot $0.1 | Rake $0 | Jackpot $0 | Bingo $0 | Fortune $0
Seat 1: dc2d069c (button) folded before Flop (didn't bet)
Seat 2: 90f82e88 (small blind) collected ($0.1)
Seat 3: 88bdd249 (big blind) folded before Flop
Seat 6: Hero folded before Flop (didn't bet)


Poker Hand #HD1204176756: Hold'em No Limit  ($0.02/$0.05) - 2023/04/15 15:08:52
Table 'NLHBlue44' 6-max Seat #6 is the button
Seat 1: dc2d069c ($6.1 in chips)
Seat 2: 90f82e88 ($5.61 in chips)
Seat 3: 88bdd249 ($5.48 in chips)
Seat 6: Hero ($5.76 in chips)
dc2d069c: posts small blind $0.02
90f82e88: posts big blind $0.05
*** HOLE CARDS ***
Dealt to dc2d069c 
Dealt to 90f82e88 
Dealt to 88bdd249 
Dealt to Hero [Qd Jd]
88bdd249: folds
Hero: raises $0.07 to $0.12
dc2d069c: folds
90f82e88: calls $0.07
*** FLOP *** [8s 2c Kh]
90f82e88: checks
Hero: bets $0.1
90f82e88: calls $0.1
*** TURN *** [8s 2c Kh] [Ah]
90f82e88: checks
Hero: bets $0.35
90f82e88: calls $0.35
*** RIVER *** [8s 2c Kh Ah] [Tc]
90f82e88: bets $1
Hero: raises $4.19 to $5.19 and is all-in
90f82e88: calls $4.04 and is all-in
Uncalled bet ($0.15) returned to Hero
Hero: shows [Qd Jd] (Aces-High Straight)
90f82e88: shows [Th Ac] (Pair of Aces and Pair of Tens)
*** SHOWDOWN ***
Hero collected $10.69 from pot
*** SUMMARY ***
Total pot $11.24 | Rake $0.5 | Jackpot $0.05 | Bingo $0 | Fortune $0
Board [8s 2c Kh Ah Tc]
Seat 1: dc2d069c (small blind) folded before Flop
Seat 2: 90f82e88 (big blind) showed [Th Ac] and lost with Pair of Aces and Pair of Tens
Seat 3: 88bdd249 folded before Flop (didn't bet)
Seat 6: Hero (button) showed [Qd Jd] and won ($10.69) with Aces-High Straight


Poker Hand #HD1204176734: Hold'em No Limit  ($0.02/$0.05) - 2023/04/15 15:08:42
Table 'NLHBlue44' 6-max Seat #4 is the button
Seat 1: dc2d069c ($6.08 in chips)
Seat 2: 90f82e88 ($5.61 in chips)
Seat 3: 88bdd249 ($5.48 in chips)
Seat 4: 1e01d4b9 ($4.5 in chips)
Seat 6: Hero ($5.78 in chips)
Hero: posts small blind $0.02
dc2d069c: posts big blind $0.05
*** HOLE CARDS ***
Dealt to dc2d069c 
Dealt to 90f82e88 
Dealt to 88bdd249 
Dealt to 1e01d4b9 
Dealt to Hero [2h 8d]
90f82e88: folds
88bdd249: folds
1e01d4b9: folds
Hero: folds
Uncalled bet ($0.03) returned to dc2d069c
*** SHOWDOWN ***
dc2d069c collected $0.04 from pot
*** SUMMARY ***
Total pot $0.04 | Rake $0 | Jackpot $0 | Bingo $0 | Fortune $0
Seat 1: dc2d069c (big blind) collected ($0.04)
Seat 2: 90f82e88 folded before Flop (didn't bet)
Seat 3: 88bdd249 folded before Flop (didn't bet)
Seat 4: 1e01d4b9 (button) folded before Flop (didn't bet)
Seat 6: Hero (small blind) folded before Flop


Poker Hand #HD1204176609: Hold'em No Limit  ($0.02/$0.05) - 2023/04/15 15:07:18
Table 'NLHBlue44' 6-max Seat #3 is the button
Seat 1: dc2d069c ($5.89 in chips)
Seat 2: 90f82e88 ($5.61 in chips)
Seat 3: 88bdd249 ($5.48 in chips)
Seat 4: 1e01d4b9 ($4.65 in chips)
Seat 5: dd8d4878 ($3.05 in chips)
Seat 6: Hero ($5.78 in chips)
1e01d4b9: posts small blind $0.02
dd8d4878: posts big blind $0.05
*** HOLE CARDS ***
Dealt to dc2d069c 
Dealt to 90f82e88 
Dealt to 88bdd249 
Dealt to 1e01d4b9 
Dealt to dd8d4878 
Dealt to Hero [5d Kd]
Hero: folds
dc2d069c: raises $0.1 to $0.15
90f82e88: folds
88bdd249: folds
1e01d4b9: calls $0.13
dd8d4878: folds
*** FLOP *** [2d 4d 6c]
1e01d4b9: checks
dc2d069c: bets $0.18
1e01d4b9: folds
Uncalled bet ($0.18) returned to dc2d069c
*** SHOWDOWN ***
dc2d069c collected $0.34 from pot
*** SUMMARY ***
Total pot $0.35 | Rake $0.01 | Jackpot $0 | Bingo $0 | Fortune $0
Board [2d 4d 6c]
Seat 1: dc2d069c won ($0.34)
Seat 2: 90f82e88 folded before Flop (didn't bet)
Seat 3: 88bdd249 (button) folded before Flop (didn't bet)
Seat 4: 1e01d4b9 (small blind) folded on the Flop
Seat 5: dd8d4878 (big blind) folded before Flop
Seat 6: Hero folded before Flop (didn't bet)


Poker Hand #HD1204176478: Hold'em No Limit  ($0.02/$0.05) - 2023/04/15 15:05:59
Table 'NLHBlue44' 6-max Seat #2 is the button
Seat 1: dc2d069c ($6.01 in chips)
Seat 2: 90f82e88 ($5.61 in chips)
Seat 3: 88bdd249 ($5.5 in chips)
Seat 4: 1e01d4b9 ($4.93 in chips)
Seat 5: dd8d4878 ($3.05 in chips)
Seat 6: Hero ($5.39 in chips)
88bdd249: posts small blind $0.02
1e01d4b9: posts big blind $0.05
*** HOLE CARDS ***
Dealt to dc2d069c 
Dealt to 90f82e88 
Dealt to 88bdd249 
Dealt to 1e01d4b9 
Dealt to dd8d4878 
Dealt to Hero [7h Ah]
dd8d4878: folds
Hero: raises $0.07 to $0.12
dc2d069c: calls $0.12
90f82e88: folds
88bdd249: folds
1e01d4b9: calls $0.07
*** FLOP *** [4h Qc Td]
1e01d4b9: checks
Hero: checks
dc2d069c: checks
*** TURN *** [4h Qc Td] [4s]
1e01d4b9: checks
Hero: bets $0.16
dc2d069c: folds
1e01d4b9: calls $0.16
*** RIVER *** [4h Qc Td 4s] [3h]
1e01d4b9: checks
Hero: checks
1e01d4b9: shows [9h Jh] (Pair of Fours)
Hero: shows [7h Ah] (Pair of Fours)
*** SHOWDOWN ***
Hero collected $0.67 from pot
*** SUMMARY ***
Total pot $0.7 | Rake $0.03 | Jackpot $0 | Bingo $0 | Fortune $0
Board [4h Qc Td 4s 3h]
Seat 1: dc2d069c folded on the Turn
Seat 2: 90f82e88 (button) folded before Flop (didn't bet)
Seat 3: 88bdd249 (small blind) folded before Flop
Seat 4: 1e01d4b9 (big blind) showed [9h Jh] and lost with Pair of Fours
Seat 5: dd8d4878 folded before Flop (didn't bet)
Seat 6: Hero showed [7h Ah] and won ($0.67) with Pair of Fours


Poker Hand #HD1204176393: Hold'em No Limit  ($0.02/$0.05) - 2023/04/15 15:05:09
Table 'NLHBlue44' 6-max Seat #1 is the button
Seat 1: dc2d069c ($6.01 in chips)
Seat 2: 90f82e88 ($5.85 in chips)
Seat 3: 88bdd249 ($5.28 in chips)
Seat 4: 1e01d4b9 ($4.93 in chips)
Seat 5: dd8d4878 ($3.05 in chips)
Seat 6: Hero ($5.39 in chips)
90f82e88: posts small blind $0.02
88bdd249: posts big blind $0.05
*** HOLE CARDS ***
Dealt to dc2d069c 
Dealt to 90f82e88 
Dealt to 88bdd249 
Dealt to 1e01d4b9 
Dealt to dd8d4878 
Dealt to Hero [5s 4c]
1e01d4b9: folds
dd8d4878: folds
Hero: folds
dc2d069c: folds
90f82e88: raises $0.1 to $0.15
88bdd249: calls $0.1
*** FLOP *** [7h Th 9h]
90f82e88: bets $0.09
88bdd249: calls $0.09
*** TURN *** [7h Th 9h] [4h]
90f82e88: checks
88bdd249: bets $0.36
90f82e88: folds
Uncalled bet ($0.36) returned to 88bdd249
*** SHOWDOWN ***
88bdd249 collected $0.46 from pot
*** SUMMARY ***
Total pot $0.48 | Rake $0.02 | Jackpot $0 | Bingo $0 | Fortune $0
Board [7h Th 9h 4h]
Seat 1: dc2d069c (button) folded before Flop (didn't bet)
Seat 2: 90f82e88 (small blind) folded on the Turn
Seat 3: 88bdd249 (big blind) won ($0.46)
Seat 4: 1e01d4b9 folded before Flop (didn't bet)
Seat 5: dd8d4878 folded before Flop (didn't bet)
Seat 6: Hero folded before Flop (didn't bet)


Poker Hand #HD1204176307: Hold'em No Limit  ($0.02/$0.05) - 2023/04/15 15:04:17
Table 'NLHBlue44' 6-max Seat #6 is the button
Seat 1: dc2d069c ($6.16 in chips)
Seat 2: 90f82e88 ($6 in chips)
Seat 3: 88bdd249 ($5 in chips)
Seat 4: 1e01d4b9 ($4.93 in chips)
Seat 5: dd8d4878 ($3.05 in chips)
Seat 6: Hero ($5.39 in chips)
dc2d069c: posts small blind $0.02
90f82e88: posts big blind $0.05
*** HOLE CARDS ***
Dealt to dc2d069c 
Dealt to 90f82e88 
Dealt to 88bdd249 
Dealt to 1e01d4b9 
Dealt to dd8d4878 
Dealt to Hero [Jh 3d]
88bdd249: raises $0.1 to $0.15
1e01d4b9: folds
dd8d4878: folds
Hero: folds
dc2d069c: calls $0.13
90f82e88: calls $0.1
*** FLOP *** [Ac Td 2s]
dc2d069c: checks
90f82e88: checks
88bdd249: bets $0.15
dc2d069c: folds
90f82e88: folds
Uncalled bet ($0.15) returned to 88bdd249
*** SHOWDOWN ***
88bdd249 collected $0.43 from pot
*** SUMMARY ***
Total pot $0.45 | Rake $0.02 | Jackpot $0 | Bingo $0 | Fortune $0
Board [Ac Td 2s]
Seat 1: dc2d069c (small blind) folded on the Flop
Seat 2: 90f82e88 (big blind) folded on the Flop
Seat 3: 88bdd249 won ($0.43)
Seat 4: 1e01d4b9 folded before Flop (didn't bet)
Seat 5: dd8d4878 folded before Flop (didn't bet)
Seat 6: Hero (button) folded before Flop (didn't bet)


Poker Hand #HD1204176141: Hold'em No Limit  ($0.02/$0.05) - 2023/04/15 15:02:32
Table 'NLHBlue44' 6-max Seat #5 is the button
Seat 1: dc2d069c ($5.94 in chips)
Seat 2: 90f82e88 ($6.22 in chips)
Seat 3: 88bdd249 ($5 in chips)
Seat 4: 1e01d4b9 ($4.93 in chips)
Seat 5: dd8d4878 ($3.05 in chips)
Seat 6: Hero ($5.41 in chips)
Hero: posts small blind $0.02
dc2d069c: posts big blind $0.05
*** HOLE CARDS ***
Dealt to dc2d069c 
Dealt to 90f82e88 
Dealt to 88bdd249 
Dealt to 1e01d4b9 
Dealt to dd8d4878 
Dealt to Hero [7s 3c]
90f82e88: raises $0.08 to $0.13
88bdd249: folds
1e01d4b9: folds
dd8d4878: folds
Hero: folds
dc2d069c: calls $0.08
*** FLOP *** [Jd 9c 3s]
dc2d069c: checks
90f82e88: bets $0.09
dc2d069c: calls $0.09
*** TURN *** [Jd 9c 3s] [6s]
dc2d069c: checks
90f82e88: checks
*** RIVER *** [Jd 9c 3s 6s] [4d]
dc2d069c: bets $0.31
90f82e88: folds
Uncalled bet ($0.31) returned to dc2d069c
*** SHOWDOWN ***
dc2d069c collected $0.44 from pot
*** SUMMARY ***
Total pot $0.46 | Rake $0.02 | Jackpot $0 | Bingo $0 | Fortune $0
Board [Jd 9c 3s 6s 4d]
Seat 1: dc2d069c (big blind) won ($0.44)
Seat 2: 90f82e88 folded on the River
Seat 3: 88bdd249 folded before Flop (didn't bet)
Seat 4: 1e01d4b9 folded before Flop (didn't bet)
Seat 5: dd8d4878 (button) folded before Flop (didn't bet)
Seat 6: Hero (small blind) folded before Flop


Poker Hand #HD1204176015: Hold'em No Limit  ($0.02/$0.05) - 2023/04/15 15:01:20
Table 'NLHBlue44' 6-max Seat #4 is the button
Seat 1: dc2d069c ($5.59 in chips)
Seat 3: 88bdd249 ($5 in chips)
Seat 4: 1e01d4b9 ($4.93 in chips)
Seat 5: dd8d4878 ($3.38 in chips)
Seat 6: Hero ($5.46 in chips)
dd8d4878: posts small blind $0.02
Hero: posts big blind $0.05
*** HOLE CARDS ***
Dealt to dc2d069c 
Dealt to 88bdd249 
Dealt to 1e01d4b9 
Dealt to dd8d4878 
Dealt to Hero [9c Kh]
dc2d069c: raises $0.1 to $0.15
88bdd249: folds
1e01d4b9: folds
dd8d4878: calls $0.13
Hero: folds
*** FLOP *** [7s Ac 6s]
dd8d4878: checks
dc2d069c: bets $0.18
dd8d4878: calls $0.18
*** TURN *** [7s Ac 6s] [Jc]
dd8d4878: checks
dc2d069c: bets $0.36
dd8d4878: folds
Uncalled bet ($0.36) returned to dc2d069c
*** SHOWDOWN ***
dc2d069c collected $0.68 from pot
*** SUMMARY ***
Total pot $0.71 | Rake $0.03 | Jackpot $0 | Bingo $0 | Fortune $0
Board [7s Ac 6s Jc]
Seat 1: dc2d069c won ($0.68)
Seat 3: 88bdd249 folded before Flop (didn't bet)
Seat 4: 1e01d4b9 (button) folded before Flop (didn't bet)
Seat 5: dd8d4878 (small blind) folded on the Turn
Seat 6: Hero (big blind) folded before Flop


Poker Hand #HD1204175863: Hold'em No Limit  ($0.02/$0.05) - 2023/04/15 15:00:00
Table 'NLHBlue44' 6-max Seat #3 is the button
Seat 1: dc2d069c ($5.07 in chips)
Seat 3: 88bdd249 ($5 in chips)
Seat 4: 1e01d4b9 ($4.95 in chips)
Seat 5: dd8d4878 ($3.93 in chips)
Seat 6: Hero ($5.46 in chips)
1e01d4b9: posts small blind $0.02
dd8d4878: posts big blind $0.05
*** HOLE CARDS ***
Dealt to dc2d069c 
Dealt to 88bdd249 
Dealt to 1e01d4b9 
Dealt to dd8d4878 
Dealt to Hero [9d Qs]
Hero: folds
dc2d069c: raises $0.08 to $0.13
88bdd249: folds
1e01d4b9: folds
dd8d4878: calls $0.08
*** FLOP *** [6h 2s 8c]
dd8d4878: checks
dc2d069c: bets $0.14
dd8d4878: calls $0.14
*** TURN *** [6h 2s 8c] [4h]
dd8d4878: checks
dc2d069c: bets $0.28
dd8d4878: calls $0.28
*** RIVER *** [6h 2s 8c 4h] [6d]
dd8d4878: checks
dc2d069c: checks
dd8d4878: shows [3s 4s] (Pair of Sixes and Pair of Fours)
dc2d069c: shows [7c 8d] (Pair of Eights and Pair of Sixes)
*** SHOWDOWN ***
dc2d069c collected $1.07 from pot
*** SUMMARY ***
Total pot $1.12 | Rake $0.05 | Jackpot $0 | Bingo $0 | Fortune $0
Board [6h 2s 8c 4h 6d]
Seat 1: dc2d069c showed [7c 8d] and won ($1.07) with Pair of Eights and Pair of Sixes
Seat 3: 88bdd249 (button) folded before Flop (didn't bet)
Seat 4: 1e01d4b9 (small blind) folded before Flop
Seat 5: dd8d4878 (big blind) showed [3s 4s] and lost with Pair of Sixes and Pair of Fours
Seat 6: Hero folded before Flop (didn't bet)


Poker Hand #HD1204175805: Hold'em No Limit  ($0.02/$0.05) - 2023/04/15 14:59:37
Table 'NLHBlue44' 6-max Seat #2 is the button
Seat 1: dc2d069c ($5.07 in chips)
Seat 2: 90f82e88 ($6.22 in chips)
Seat 3: 88bdd249 ($5.02 in chips)
Seat 4: 1e01d4b9 ($5 in chips)
Seat 5: dd8d4878 ($3.93 in chips)
Seat 6: Hero ($5.39 in chips)
88bdd249: posts small blind $0.02
1e01d4b9: posts big blind $0.05
*** HOLE CARDS ***
Dealt to dc2d069c 
Dealt to 90f82e88 
Dealt to 88bdd249 
Dealt to 1e01d4b9 
Dealt to dd8d4878 
Dealt to Hero [Kh Ac]
dd8d4878: folds
Hero: raises $0.07 to $0.12
dc2d069c: folds
90f82e88: folds
88bdd249: folds
1e01d4b9: folds
Uncalled bet ($0.07) returned to Hero
*** SHOWDOWN ***
Hero collected $0.12 from pot
*** SUMMARY ***
Total pot $0.12 | Rake $0 | Jackpot $0 | Bingo $0 | Fortune $0
Seat 1: dc2d069c folded before Flop (didn't bet)
Seat 2: 90f82e88 (button) folded before Flop (didn't bet)
Seat 3: 88bdd249 (small blind) folded before Flop
Seat 4: 1e01d4b9 (big blind) folded before Flop
Seat 5: dd8d4878 folded before Flop (didn't bet)
Seat 6: Hero collected ($0.12)


Poker Hand #HD1204175767: Hold'em No Limit  ($0.02/$0.05) - 2023/04/15 14:59:12
Table 'NLHBlue44' 6-max Seat #1 is the button
Seat 1: dc2d069c ($5 in chips)
Seat 2: 90f82e88 ($6.24 in chips)
Seat 3: 88bdd249 ($5.07 in chips)
Seat 4: 1e01d4b9 ($5 in chips)
Seat 5: dd8d4878 ($3.93 in chips)
Seat 6: Hero ($5.39 in chips)
90f82e88: posts small blind $0.02
88bdd249: posts big blind $0.05
*** HOLE CARDS ***
Dealt to dc2d069c 
Dealt to 90f82e88 
Dealt to 88bdd249 
Dealt to 1e01d4b9 
Dealt to dd8d4878 
Dealt to Hero [Kd 4c]
1e01d4b9: folds
dd8d4878: folds
Hero: folds
dc2d069c: raises $0.08 to $0.13
90f82e88: folds
88bdd249: folds
Uncalled bet ($0.08) returned to dc2d069c
*** SHOWDOWN ***
dc2d069c collected $0.12 from pot
*** SUMMARY ***
Total pot $0.12 | Rake $0 | Jackpot $0 | Bingo $0 | Fortune $0
Seat 1: dc2d069c (button) collected ($0.12)
Seat 2: 90f82e88 (small blind) folded before Flop
Seat 3: 88bdd249 (big blind) folded before Flop
Seat 4: 1e01d4b9 folded before Flop (didn't bet)
Seat 5: dd8d4878 folded before Flop (didn't bet)
Seat 6: Hero folded before Flop (didn't bet)


Poker Hand #HD1204175675: Hold'em No Limit  ($0.02/$0.05) - 2023/04/15 14:58:16
Table 'NLHBlue44' 6-max Seat #6 is the button
Seat 1: dc2d069c ($5 in chips)
Seat 2: 90f82e88 ($6.29 in chips)
Seat 3: 88bdd249 ($5.07 in chips)
Seat 4: 1e01d4b9 ($5 in chips)
Seat 5: dd8d4878 ($4.13 in chips)
Seat 6: Hero ($5.39 in chips)
dc2d069c: posts small blind $0.02
90f82e88: posts big blind $0.05
*** HOLE CARDS ***
Dealt to dc2d069c 
Dealt to 90f82e88 
Dealt to 88bdd249 
Dealt to 1e01d4b9 
Dealt to dd8d4878 
Dealt to Hero [7h 4h]
88bdd249: folds
1e01d4b9: folds
dd8d4878: raises $0.1 to $0.15
Hero: folds
dc2d069c: raises $0.35 to $0.5
90f82e88: folds
dd8d4878: raises $0.79 to $1.29
dc2d069c: raises $3.71 to $5 and is all-in
dd8d4878: calls $2.84 and is all-in
Uncalled bet ($0.87) returned to dc2d069c
dc2d069c: shows [Ac Kd]
dd8d4878: shows [Ah Kh]
*** FLOP *** [3c Js Qs]
*** TURN *** [3c Js Qs] [2s]
*** RIVER *** [3c Js Qs 2s] [5d]
*** SHOWDOWN ***
dd8d4878 collected $3.93 from pot
dc2d069c collected $3.93 from pot
*** SUMMARY ***
Total pot $8.31 | Rake $0.4 | Jackpot $0.05 | Bingo $0 | Fortune $0
Board [3c Js Qs 2s 5d]
Seat 1: dc2d069c (small blind) showed [Ac Kd] and won ($3.93) with Ace-High
Seat 2: 90f82e88 (big blind) folded before Flop
Seat 3: 88bdd249 folded before Flop (didn't bet)
Seat 4: 1e01d4b9 folded before Flop (didn't bet)
Seat 5: dd8d4878 showed [Ah Kh] and won ($3.93) with Ace-High
Seat 6: Hero (button) folded before Flop (didn't bet)


Poker Hand #HD1204175648: Hold'em No Limit  ($0.02/$0.05) - 2023/04/15 14:57:58
Table 'NLHBlue44' 6-max Seat #5 is the button
Seat 1: dc2d069c ($5 in chips)
Seat 2: 90f82e88 ($6.29 in chips)
Seat 3: 88bdd249 ($5 in chips)
Seat 4: 1e01d4b9 ($4.86 in chips)
Seat 5: dd8d4878 ($4.13 in chips)
Seat 6: Hero ($5.41 in chips)
Hero: posts small blind $0.02
dc2d069c: posts big blind $0.05
*** HOLE CARDS ***
Dealt to dc2d069c 
Dealt to 90f82e88 
Dealt to 88bdd249 
Dealt to 1e01d4b9 
Dealt to dd8d4878 
Dealt to Hero [7s Tc]
90f82e88: folds
88bdd249: raises $0.1 to $0.15
1e01d4b9: folds
dd8d4878: folds
Hero: folds
dc2d069c: folds
Uncalled bet ($0.1) returned to 88bdd249
*** SHOWDOWN ***
88bdd249 collected $0.12 from pot
*** SUMMARY ***
Total pot $0.12 | Rake $0 | Jackpot $0 | Bingo $0 | Fortune $0
Seat 1: dc2d069c (big blind) folded before Flop
Seat 2: 90f82e88 folded before Flop (didn't bet)
Seat 3: 88bdd249 collected ($0.12)
Seat 4: 1e01d4b9 folded before Flop (didn't bet)
Seat 5: dd8d4878 (button) folded before Flop (didn't bet)
Seat 6: Hero (small blind) folded before Flop


Poker Hand #HD1204085571: Hold'em No Limit  ($0.02/$0.05) - 2023/04/15 14:57:18
Table 'NLHBlue44' 6-max Seat #4 is the button
Seat 2: 90f82e88 ($6.29 in chips)
Seat 3: 88bdd249 ($5 in chips)
Seat 4: 1e01d4b9 ($5.01 in chips)
Seat 5: dd8d4878 ($4.15 in chips)
Seat 6: Hero ($5.25 in chips)
dd8d4878: posts small blind $0.02
Hero: posts big blind $0.05
*** HOLE CARDS ***
Dealt to 90f82e88 
Dealt to 88bdd249 
Dealt to 1e01d4b9 
Dealt to dd8d4878 
Dealt to Hero [8s Kc]
90f82e88: folds
88bdd249: folds
1e01d4b9: raises $0.1 to $0.15
dd8d4878: folds
Hero: calls $0.1
*** FLOP *** [Kh 6h Kd]
Hero: checks
1e01d4b9: checks
*** TURN *** [Kh 6h Kd] [8d]
Hero: bets $0.24
1e01d4b9: folds
Uncalled bet ($0.24) returned to Hero
*** SHOWDOWN ***
Hero collected $0.31 from pot
*** SUMMARY ***
Total pot $0.32 | Rake $0.01 | Jackpot $0 | Bingo $0 | Fortune $0
Board [Kh 6h Kd 8d]
Seat 2: 90f82e88 folded before Flop (didn't bet)
Seat 3: 88bdd249 folded before Flop (didn't bet)
Seat 4: 1e01d4b9 (button) folded on the Turn
Seat 5: dd8d4878 (small blind) folded before Flop
Seat 6: Hero (big blind) won ($0.31)


Poker Hand #HD1204085454: Hold'em No Limit  ($0.02/$0.05) - 2023/04/15 14:56:13
Table 'NLHBlue44' 6-max Seat #3 is the button
Seat 1: eaca9d3 ($5.44 in chips)
Seat 2: 90f82e88 ($6.29 in chips)
Seat 3: 88bdd249 ($5 in chips)
Seat 4: 1e01d4b9 ($5.39 in chips)
Seat 5: dd8d4878 ($3.8 in chips)
Seat 6: Hero ($5.25 in chips)
1e01d4b9: posts small blind $0.02
dd8d4878: posts big blind $0.05
*** HOLE CARDS ***
Dealt to eaca9d3 
Dealt to 90f82e88 
Dealt to 88bdd249 
Dealt to 1e01d4b9 
Dealt to dd8d4878 
Dealt to Hero [5s 8c]
Hero: folds
eaca9d3: folds
90f82e88: folds
88bdd249: folds
1e01d4b9: raises $0.1 to $0.15
dd8d4878: calls $0.1
*** FLOP *** [Js 5h Jd]
1e01d4b9: bets $0.23
dd8d4878: calls $0.23
*** TURN *** [Js 5h Jd] [Td]
1e01d4b9: checks
dd8d4878: bets $0.57
1e01d4b9: folds
Uncalled bet ($0.57) returned to dd8d4878
*** SHOWDOWN ***
dd8d4878 collected $0.73 from pot
*** SUMMARY ***
Total pot $0.76 | Rake $0.03 | Jackpot $0 | Bingo $0 | Fortune $0
Board [Js 5h Jd Td]
Seat 1: eaca9d3 folded before Flop (didn't bet)
Seat 2: 90f82e88 folded before Flop (didn't bet)
Seat 3: 88bdd249 (button) folded before Flop (didn't bet)
Seat 4: 1e01d4b9 (small blind) folded on the Turn
Seat 5: dd8d4878 (big blind) won ($0.73)
Seat 6: Hero folded before Flop (didn't bet)


Poker Hand #HD1204085382: Hold'em No Limit  ($0.02/$0.05) - 2023/04/15 14:55:28
Table 'NLHBlue44' 6-max Seat #2 is the button
Seat 1: eaca9d3 ($5.44 in chips)
Seat 2: 90f82e88 ($6.29 in chips)
Seat 3: 88bdd249 ($5 in chips)
Seat 4: 1e01d4b9 ($5.12 in chips)
Seat 5: dd8d4878 ($4.07 in chips)
Seat 6: Hero ($5.25 in chips)
88bdd249: posts small blind $0.02
1e01d4b9: posts big blind $0.05
*** HOLE CARDS ***
Dealt to eaca9d3 
Dealt to 90f82e88 
Dealt to 88bdd249 
Dealt to 1e01d4b9 
Dealt to dd8d4878 
Dealt to Hero [Ac Js]
dd8d4878: raises $0.05 to $0.1
Hero: folds
eaca9d3: folds
90f82e88: folds
88bdd249: folds
1e01d4b9: calls $0.05
*** FLOP *** [Jd Qh 7c]
1e01d4b9: checks
dd8d4878: bets $0.17
1e01d4b9: calls $0.17
*** TURN *** [Jd Qh 7c] [8c]
1e01d4b9: checks
dd8d4878: checks
*** RIVER *** [Jd Qh 7c 8c] [Qd]
1e01d4b9: checks
dd8d4878: checks
1e01d4b9: shows [Kh Jh] (Pair of Queens and Pair of Jacks)
dd8d4878: shows [Kd Th] (Pair of Queens)
*** SHOWDOWN ***
1e01d4b9 collected $0.54 from pot
*** SUMMARY ***
Total pot $0.56 | Rake $0.02 | Jackpot $0 | Bingo $0 | Fortune $0
Board [Jd Qh 7c 8c Qd]
Seat 1: eaca9d3 folded before Flop (didn't bet)
Seat 2: 90f82e88 (button) folded before Flop (didn't bet)
Seat 3: 88bdd249 (small blind) folded before Flop
Seat 4: 1e01d4b9 (big blind) showed [Kh Jh] and won ($0.54) with Pair of Queens and Pair of Jacks
Seat 5: dd8d4878 showed [Kd Th] and lost with Pair of Queens
Seat 6: Hero folded before Flop (didn't bet)


Poker Hand #HD1204085283: Hold'em No Limit  ($0.02/$0.05) - 2023/04/15 14:54:43
Table 'NLHBlue44' 6-max Seat #1 is the button
Seat 1: eaca9d3 ($5.59 in chips)
Seat 2: 90f82e88 ($5.42 in chips)
Seat 3: 88bdd249 ($5 in chips)
Seat 4: 1e01d4b9 ($5.12 in chips)
Seat 5: dd8d4878 ($4.87 in chips)
Seat 6: Hero ($5.25 in chips)
90f82e88: posts small blind $0.02
88bdd249: posts big blind $0.05
*** HOLE CARDS ***
Dealt to eaca9d3 
Dealt to 90f82e88 
Dealt to 88bdd249 
Dealt to 1e01d4b9 
Dealt to dd8d4878 
Dealt to Hero [4h 7c]
1e01d4b9: folds
dd8d4878: raises $0.1 to $0.15
Hero: folds
eaca9d3: calls $0.15
90f82e88: raises $0.65 to $0.8
88bdd249: folds
dd8d4878: calls $0.65
eaca9d3: folds
*** FLOP *** [6h Tc Ac]
90f82e88: bets $0.54
dd8d4878: folds
Uncalled bet ($0.54) returned to 90f82e88
*** SHOWDOWN ***
90f82e88 collected $1.67 from pot
*** SUMMARY ***
Total pot $1.8 | Rake $0.08 | Jackpot $0.05 | Bingo $0 | Fortune $0
Board [6h Tc Ac]
Seat 1: eaca9d3 (button) folded before Flop
Seat 2: 90f82e88 (small blind) won ($1.67)
Seat 3: 88bdd249 (big blind) folded before Flop
Seat 4: 1e01d4b9 folded before Flop (didn't bet)
Seat 5: dd8d4878 folded on the Flop
Seat 6: Hero folded before Flop (didn't bet)


Poker Hand #HD1204085230: Hold'em No Limit  ($0.02/$0.05) - 2023/04/15 14:54:17
Table 'NLHBlue44' 6-max Seat #6 is the button
Seat 1: eaca9d3 ($5.74 in chips)
Seat 2: 90f82e88 ($5.47 in chips)
Seat 3: 88bdd249 ($5 in chips)
Seat 4: 1e01d4b9 ($5.12 in chips)
Seat 5: dd8d4878 ($4.68 in chips)
Seat 6: Hero ($5.25 in chips)
eaca9d3: posts small blind $0.02
90f82e88: posts big blind $0.05
*** HOLE CARDS ***
Dealt to eaca9d3 
Dealt to 90f82e88 
Dealt to 88bdd249 
Dealt to 1e01d4b9 
Dealt to dd8d4878 
Dealt to Hero [Qs Jd]
88bdd249: folds
1e01d4b9: folds
dd8d4878: raises $0.1 to $0.15
Hero: folds
eaca9d3: calls $0.13
90f82e88: folds
*** FLOP *** [7d Js Tc]
eaca9d3: checks
dd8d4878: bets $0.27
eaca9d3: folds
Uncalled bet ($0.27) returned to dd8d4878
*** SHOWDOWN ***
dd8d4878 collected $0.34 from pot
*** SUMMARY ***
Total pot $0.35 | Rake $0.01 | Jackpot $0 | Bingo $0 | Fortune $0
Board [7d Js Tc]
Seat 1: eaca9d3 (small blind) folded on the Flop
Seat 2: 90f82e88 (big blind) folded before Flop
Seat 3: 88bdd249 folded before Flop (didn't bet)
Seat 4: 1e01d4b9 folded before Flop (didn't bet)
Seat 5: dd8d4878 won ($0.34)
Seat 6: Hero (button) folded before Flop (didn't bet)


Poker Hand #HD1204085192: Hold'em No Limit  ($0.02/$0.05) - 2023/04/15 14:53:52
Table 'NLHBlue44' 6-max Seat #5 is the button
Seat 1: eaca9d3 ($5.79 in chips)
Seat 2: 90f82e88 ($5.6 in chips)
Seat 3: 88bdd249 ($5 in chips)
Seat 4: 1e01d4b9 ($4.93 in chips)
Seat 5: dd8d4878 ($4.68 in chips)
Seat 6: Hero ($5.27 in chips)
Hero: posts small blind $0.02
eaca9d3: posts big blind $0.05
*** HOLE CARDS ***
Dealt to eaca9d3 
Dealt to 90f82e88 
Dealt to 88bdd249 
Dealt to 1e01d4b9 
Dealt to dd8d4878 
Dealt to Hero [Qd 4d]
90f82e88: raises $0.08 to $0.13
88bdd249: folds
1e01d4b9: raises $0.25 to $0.38
dd8d4878: folds
Hero: folds
eaca9d3: folds
90f82e88: folds
Uncalled bet ($0.25) returned to 1e01d4b9
*** SHOWDOWN ***
1e01d4b9 collected $0.32 from pot
*** SUMMARY ***
Total pot $0.33 | Rake $0.01 | Jackpot $0 | Bingo $0 | Fortune $0
Seat 1: eaca9d3 (big blind) folded before Flop
Seat 2: 90f82e88 folded before Flop
Seat 3: 88bdd249 folded before Flop (didn't bet)
Seat 4: 1e01d4b9 collected ($0.32)
Seat 5: dd8d4878 (button) folded before Flop (didn't bet)
Seat 6: Hero (small blind) folded before Flop


Poker Hand #HD1204085149: Hold'em No Limit  ($0.02/$0.05) - 2023/04/15 14:53:25
Table 'NLHBlue44' 6-max Seat #4 is the button
Seat 1: eaca9d3 ($5.79 in chips)
Seat 2: 90f82e88 ($5.53 in chips)
Seat 3: 88bdd249 ($5 in chips)
Seat 4: 1e01d4b9 ($4.93 in chips)
Seat 5: dd8d4878 ($4.7 in chips)
Seat 6: Hero ($5.32 in chips)
dd8d4878: posts small blind $0.02
Hero: posts big blind $0.05
*** HOLE CARDS ***
Dealt to eaca9d3 
Dealt to 90f82e88 
Dealt to 88bdd249 
Dealt to 1e01d4b9 
Dealt to dd8d4878 
Dealt to Hero [2h 3h]
eaca9d3: folds
90f82e88: raises $0.08 to $0.13
88bdd249: folds
1e01d4b9: folds
dd8d4878: folds
Hero: folds
Uncalled bet ($0.08) returned to 90f82e88
*** SHOWDOWN ***
90f82e88 collected $0.12 from pot
*** SUMMARY ***
Total pot $0.12 | Rake $0 | Jackpot $0 | Bingo $0 | Fortune $0
Seat 1: eaca9d3 folded before Flop (didn't bet)
Seat 2: 90f82e88 collected ($0.12)
Seat 3: 88bdd249 folded before Flop (didn't bet)
Seat 4: 1e01d4b9 (button) folded before Flop (didn't bet)
Seat 5: dd8d4878 (small blind) folded before Flop
Seat 6: Hero (big blind) folded before Flop


Poker Hand #HD1204085102: Hold'em No Limit  ($0.02/$0.05) - 2023/04/15 14:53:04
Table 'NLHBlue44' 6-max Seat #3 is the button
Seat 1: eaca9d3 ($5.79 in chips)
Seat 2: 90f82e88 ($5.53 in chips)
Seat 3: 88bdd249 ($5 in chips)
Seat 4: 1e01d4b9 ($4.95 in chips)
Seat 5: dd8d4878 ($4.75 in chips)
Seat 6: Hero ($5.25 in chips)
1e01d4b9: posts small blind $0.02
dd8d4878: posts big blind $0.05
*** HOLE CARDS ***
Dealt to eaca9d3 
Dealt to 90f82e88 
Dealt to 88bdd249 
Dealt to 1e01d4b9 
Dealt to dd8d4878 
Dealt to Hero [Ac Ah]
Hero: raises $0.07 to $0.12
eaca9d3: folds
90f82e88: folds
88bdd249: folds
1e01d4b9: folds
dd8d4878: folds
Uncalled bet ($0.07) returned to Hero
*** SHOWDOWN ***
Hero collected $0.12 from pot
*** SUMMARY ***
Total pot $0.12 | Rake $0 | Jackpot $0 | Bingo $0 | Fortune $0
Seat 1: eaca9d3 folded before Flop (didn't bet)
Seat 2: 90f82e88 folded before Flop (didn't bet)
Seat 3: 88bdd249 (button) folded before Flop (didn't bet)
Seat 4: 1e01d4b9 (small blind) folded before Flop
Seat 5: dd8d4878 (big blind) folded before Flop
Seat 6: Hero collected ($0.12)


Poker Hand #HD1204085077: Hold'em No Limit  ($0.02/$0.05) - 2023/04/15 14:52:47
Table 'NLHBlue44' 6-max Seat #2 is the button
Seat 1: eaca9d3 ($5.72 in chips)
Seat 2: 90f82e88 ($5.53 in chips)
Seat 3: 88bdd249 ($5 in chips)
Seat 4: 1e01d4b9 ($5 in chips)
Seat 5: dd8d4878 ($4.75 in chips)
Seat 6: Hero ($5.25 in chips)
88bdd249: posts small blind $0.02
1e01d4b9: posts big blind $0.05
*** HOLE CARDS ***
Dealt to eaca9d3 
Dealt to 90f82e88 
Dealt to 88bdd249 
Dealt to 1e01d4b9 
Dealt to dd8d4878 
Dealt to Hero [4c 3d]
dd8d4878: folds
Hero: folds
eaca9d3: raises $0.1 to $0.15
90f82e88: folds
88bdd249: folds
1e01d4b9: folds
Uncalled bet ($0.1) returned to eaca9d3
*** SHOWDOWN ***
eaca9d3 collected $0.12 from pot
*** SUMMARY ***
Total pot $0.12 | Rake $0 | Jackpot $0 | Bingo $0 | Fortune $0
Seat 1: eaca9d3 collected ($0.12)
Seat 2: 90f82e88 (button) folded before Flop (didn't bet)
Seat 3: 88bdd249 (small blind) folded before Flop
Seat 4: 1e01d4b9 (big blind) folded before Flop
Seat 5: dd8d4878 folded before Flop (didn't bet)
Seat 6: Hero folded before Flop (didn't bet)


Poker Hand #HD1204085022: Hold'em No Limit  ($0.02/$0.05) - 2023/04/15 14:52:17
Table 'NLHBlue44' 6-max Seat #1 is the button
Seat 1: eaca9d3 ($5.56 in chips)
Seat 2: 90f82e88 ($5.55 in chips)
Seat 3: 88bdd249 ($5 in chips)
Seat 4: 1e01d4b9 ($4.09 in chips)
Seat 5: dd8d4878 ($4.75 in chips)
Seat 6: Hero ($5.25 in chips)
90f82e88: posts small blind $0.02
88bdd249: posts big blind $0.05
*** HOLE CARDS ***
Dealt to eaca9d3 
Dealt to 90f82e88 
Dealt to 88bdd249 
Dealt to 1e01d4b9 
Dealt to dd8d4878 
Dealt to Hero [8s Ac]
1e01d4b9: folds
dd8d4878: folds
Hero: folds
eaca9d3: raises $0.1 to $0.15
90f82e88: folds
88bdd249: calls $0.1
*** FLOP *** [9s 8c 6c]
88bdd249: checks
eaca9d3: bets $0.16
88bdd249: folds
Uncalled bet ($0.16) returned to eaca9d3
*** SHOWDOWN ***
eaca9d3 collected $0.31 from pot
*** SUMMARY ***
Total pot $0.32 | Rake $0.01 | Jackpot $0 | Bingo $0 | Fortune $0
Board [9s 8c 6c]
Seat 1: eaca9d3 (button) won ($0.31)
Seat 2: 90f82e88 (small blind) folded before Flop
Seat 3: 88bdd249 (big blind) folded on the Flop
Seat 4: 1e01d4b9 folded before Flop (didn't bet)
Seat 5: dd8d4878 folded before Flop (didn't bet)
Seat 6: Hero folded before Flop (didn't bet)


Poker Hand #HD1204084940: Hold'em No Limit  ($0.02/$0.05) - 2023/04/15 14:51:32
Table 'NLHBlue44' 6-max Seat #6 is the button
Seat 1: eaca9d3 ($4.5 in chips)
Seat 2: 90f82e88 ($5.7 in chips)
Seat 3: 88bdd249 ($5 in chips)
Seat 4: 1e01d4b9 ($5.16 in chips)
Seat 5: dd8d4878 ($4.75 in chips)
Seat 6: Hero ($5.25 in chips)
eaca9d3: posts small blind $0.02
90f82e88: posts big blind $0.05
*** HOLE CARDS ***
Dealt to eaca9d3 
Dealt to 90f82e88 
Dealt to 88bdd249 
Dealt to 1e01d4b9 
Dealt to dd8d4878 
Dealt to Hero [4d 5d]
88bdd249: folds
1e01d4b9: raises $0.1 to $0.15
dd8d4878: folds
Hero: folds
eaca9d3: calls $0.13
90f82e88: calls $0.1
*** FLOP *** [Qh Ah 2s]
eaca9d3: checks
90f82e88: checks
1e01d4b9: checks
*** TURN *** [Qh Ah 2s] [4c]
eaca9d3: checks
90f82e88: checks
1e01d4b9: bets $0.23
eaca9d3: calls $0.23
90f82e88: folds
*** RIVER *** [Qh Ah 2s 4c] [9h]
eaca9d3: checks
1e01d4b9: bets $0.69
eaca9d3: calls $0.69
1e01d4b9: shows [Jc 8c] (Ace-High)
eaca9d3: shows [Qs 8d] (Pair of Queens)
*** SHOWDOWN ***
eaca9d3 collected $2.13 from pot
*** SUMMARY ***
Total pot $2.29 | Rake $0.11 | Jackpot $0.05 | Bingo $0 | Fortune $0
Board [Qh Ah 2s 4c 9h]
Seat 1: eaca9d3 (small blind) showed [Qs 8d] and won ($2.13) with Pair of Queens
Seat 2: 90f82e88 (big blind) folded on the Turn
Seat 3: 88bdd249 folded before Flop (didn't bet)
Seat 4: 1e01d4b9 showed [Jc 8c] and lost with Ace-High
Seat 5: dd8d4878 folded before Flop (didn't bet)
Seat 6: Hero (button) folded before Flop (didn't bet)


Poker Hand #HD1204084901: Hold'em No Limit  ($0.02/$0.05) - 2023/04/15 14:51:11
Table 'NLHBlue44' 6-max Seat #5 is the button
Seat 1: eaca9d3 ($4.37 in chips)
Seat 2: 90f82e88 ($5.7 in chips)
Seat 3: 88bdd249 ($5 in chips)
Seat 4: 1e01d4b9 ($5.16 in chips)
Seat 5: dd8d4878 ($4.75 in chips)
Seat 6: Hero ($5.39 in chips)
Hero: posts small blind $0.02
eaca9d3: posts big blind $0.05
*** HOLE CARDS ***
Dealt to eaca9d3 
Dealt to 90f82e88 
Dealt to 88bdd249 
Dealt to 1e01d4b9 
Dealt to dd8d4878 
Dealt to Hero [Ac 4h]
90f82e88: folds
88bdd249: folds
1e01d4b9: folds
dd8d4878: folds
Hero: raises $0.09 to $0.14
eaca9d3: raises $0.28 to $0.42
Hero: folds
Uncalled bet ($0.28) returned to eaca9d3
*** SHOWDOWN ***
eaca9d3 collected $0.27 from pot
*** SUMMARY ***
Total pot $0.28 | Rake $0.01 | Jackpot $0 | Bingo $0 | Fortune $0
Seat 1: eaca9d3 (big blind) collected ($0.27)
Seat 2: 90f82e88 folded before Flop (didn't bet)
Seat 3: 88bdd249 folded before Flop (didn't bet)
Seat 4: 1e01d4b9 folded before Flop (didn't bet)
Seat 5: dd8d4878 (button) folded before Flop (didn't bet)
Seat 6: Hero (small blind) folded before Flop


Poker Hand #HD1204084809: Hold'em No Limit  ($0.02/$0.05) - 2023/04/15 14:50:31
Table 'NLHBlue44' 6-max Seat #4 is the button
Seat 1: eaca9d3 ($4.37 in chips)
Seat 2: 90f82e88 ($5.7 in chips)
Seat 3: 88bdd249 ($5.02 in chips)
Seat 4: 1e01d4b9 ($5.16 in chips)
Seat 5: dd8d4878 ($4.9 in chips)
Seat 6: Hero ($5.11 in chips)
dd8d4878: posts small blind $0.02
Hero: posts big blind $0.05
*** HOLE CARDS ***
Dealt to eaca9d3 
Dealt to 90f82e88 
Dealt to 88bdd249 
Dealt to 1e01d4b9 
Dealt to dd8d4878 
Dealt to Hero [Ad Jd]
eaca9d3: folds
90f82e88: folds
88bdd249: raises $0.1 to $0.15
1e01d4b9: folds
dd8d4878: calls $0.13
Hero: raises $0.63 to $0.78
88bdd249: folds
dd8d4878: folds
Uncalled bet ($0.63) returned to Hero
*** SHOWDOWN ***
Hero collected $0.43 from pot
*** SUMMARY ***
Total pot $0.45 | Rake $0.02 | Jackpot $0 | Bingo $0 | Fortune $0
Seat 1: eaca9d3 folded before Flop (didn't bet)
Seat 2: 90f82e88 folded before Flop (didn't bet)
Seat 3: 88bdd249 folded before Flop
Seat 4: 1e01d4b9 (button) folded before Flop (didn't bet)
Seat 5: dd8d4878 (small blind) folded before Flop
Seat 6: Hero (big blind) collected ($0.43)


Poker Hand #HD1204084735: Hold'em No Limit  ($0.02/$0.05) - 2023/04/15 14:49:53
Table 'NLHBlue44' 6-max Seat #3 is the button
Seat 1: eaca9d3 ($4.52 in chips)
Seat 2: 90f82e88 ($5.49 in chips)
Seat 3: 88bdd249 ($5.02 in chips)
Seat 4: 1e01d4b9 ($5.18 in chips)
Seat 5: dd8d4878 ($4.95 in chips)
Seat 6: Hero ($5.11 in chips)
1e01d4b9: posts small blind $0.02
dd8d4878: posts big blind $0.05
*** HOLE CARDS ***
Dealt to eaca9d3 
Dealt to 90f82e88 
Dealt to 88bdd249 
Dealt to 1e01d4b9 
Dealt to dd8d4878 
Dealt to Hero [Qh 7s]
Hero: folds
eaca9d3: raises $0.1 to $0.15
90f82e88: raises $0.45 to $0.6
88bdd249: folds
1e01d4b9: folds
dd8d4878: folds
eaca9d3: folds
Uncalled bet ($0.45) returned to 90f82e88
*** SHOWDOWN ***
90f82e88 collected $0.36 from pot
*** SUMMARY ***
Total pot $0.37 | Rake $0.01 | Jackpot $0 | Bingo $0 | Fortune $0
Seat 1: eaca9d3 folded before Flop
Seat 2: 90f82e88 collected ($0.36)
Seat 3: 88bdd249 (button) folded before Flop (didn't bet)
Seat 4: 1e01d4b9 (small blind) folded before Flop
Seat 5: dd8d4878 (big blind) folded before Flop
Seat 6: Hero folded before Flop (didn't bet)


Poker Hand #HD1204084710: Hold'em No Limit  ($0.02/$0.05) - 2023/04/15 14:49:38
Table 'NLHBlue44' 6-max Seat #2 is the button
Seat 1: eaca9d3 ($4.45 in chips)
Seat 2: 90f82e88 ($5.49 in chips)
Seat 3: 88bdd249 ($5.04 in chips)
Seat 4: 1e01d4b9 ($5.23 in chips)
Seat 6: Hero ($5.11 in chips)
88bdd249: posts small blind $0.02
1e01d4b9: posts big blind $0.05
*** HOLE CARDS ***
Dealt to eaca9d3 
Dealt to 90f82e88 
Dealt to 88bdd249 
Dealt to 1e01d4b9 
Dealt to Hero [Kd 5d]
Hero: folds
eaca9d3: raises $0.1 to $0.15
90f82e88: folds
88bdd249: folds
1e01d4b9: folds
Uncalled bet ($0.1) returned to eaca9d3
*** SHOWDOWN ***
eaca9d3 collected $0.12 from pot
*** SUMMARY ***
Total pot $0.12 | Rake $0 | Jackpot $0 | Bingo $0 | Fortune $0
Seat 1: eaca9d3 collected ($0.12)
Seat 2: 90f82e88 (button) folded before Flop (didn't bet)
Seat 3: 88bdd249 (small blind) folded before Flop
Seat 4: 1e01d4b9 (big blind) folded before Flop
Seat 6: Hero folded before Flop (didn't bet)


Poker Hand #HD1204084659: Hold'em No Limit  ($0.02/$0.05) - 2023/04/15 14:49:13
Table 'NLHBlue44' 6-max Seat #1 is the button
Seat 1: eaca9d3 ($4.6 in chips)
Seat 2: 90f82e88 ($5.51 in chips)
Seat 3: 88bdd249 ($5.09 in chips)
Seat 4: 1e01d4b9 ($5.02 in chips)
Seat 6: Hero ($5.11 in chips)
90f82e88: posts small blind $0.02
88bdd249: posts big blind $0.05
*** HOLE CARDS ***
Dealt to eaca9d3 
Dealt to 90f82e88 
Dealt to 88bdd249 
Dealt to 1e01d4b9 
Dealt to Hero [Kc 8c]
1e01d4b9: raises $0.1 to $0.15
Hero: folds
eaca9d3: calls $0.15
90f82e88: folds
88bdd249: folds
*** FLOP *** [2s Ad 7c]
1e01d4b9: bets $0.19
eaca9d3: folds
Uncalled bet ($0.19) returned to 1e01d4b9
*** SHOWDOWN ***
1e01d4b9 collected $0.36 from pot
*** SUMMARY ***
Total pot $0.37 | Rake $0.01 | Jackpot $0 | Bingo $0 | Fortune $0
Board [2s Ad 7c]
Seat 1: eaca9d3 (button) folded on the Flop
Seat 2: 90f82e88 (small blind) folded before Flop
Seat 3: 88bdd249 (big blind) folded before Flop
Seat 4: 1e01d4b9 won ($0.36)
Seat 6: Hero folded before Flop (didn't bet)


Poker Hand #HD1204084587: Hold'em No Limit  ($0.02/$0.05) - 2023/04/15 14:48:34
Table 'NLHBlue44' 6-max Seat #6 is the button
Seat 1: eaca9d3 ($4.41 in chips)
Seat 2: 90f82e88 ($5.56 in chips)
Seat 3: 88bdd249 ($5.09 in chips)
Seat 4: 1e01d4b9 ($5.17 in chips)
Seat 6: Hero ($5.11 in chips)
eaca9d3: posts small blind $0.02
90f82e88: posts big blind $0.05
*** HOLE CARDS ***
Dealt to eaca9d3 
Dealt to 90f82e88 
Dealt to 88bdd249 
Dealt to 1e01d4b9 
Dealt to Hero [Jh 7h]
88bdd249: folds
1e01d4b9: raises $0.1 to $0.15
Hero: folds
eaca9d3: calls $0.13
90f82e88: folds
*** FLOP *** [3h 5s 3s]
eaca9d3: checks
1e01d4b9: checks
*** TURN *** [3h 5s 3s] [2d]
eaca9d3: bets $0.12
1e01d4b9: folds
Uncalled bet ($0.12) returned to eaca9d3
*** SHOWDOWN ***
eaca9d3 collected $0.34 from pot
*** SUMMARY ***
Total pot $0.35 | Rake $0.01 | Jackpot $0 | Bingo $0 | Fortune $0
Board [3h 5s 3s 2d]
Seat 1: eaca9d3 (small blind) won ($0.34)
Seat 2: 90f82e88 (big blind) folded before Flop
Seat 3: 88bdd249 folded before Flop (didn't bet)
Seat 4: 1e01d4b9 folded on the Turn
Seat 6: Hero (button) folded before Flop (didn't bet)


Poker Hand #HD1204084517: Hold'em No Limit  ($0.02/$0.05) - 2023/04/15 14:47:50
Table 'NLHBlue44' 6-max Seat #4 is the button
Seat 1: eaca9d3 ($4.15 in chips)
Seat 2: 90f82e88 ($5.56 in chips)
Seat 3: 88bdd249 ($5.35 in chips)
Seat 4: 1e01d4b9 ($5.17 in chips)
Seat 6: Hero ($5.13 in chips)
Hero: posts small blind $0.02
eaca9d3: posts big blind $0.05
*** HOLE CARDS ***
Dealt to eaca9d3 
Dealt to 90f82e88 
Dealt to 88bdd249 
Dealt to 1e01d4b9 
Dealt to Hero [7d 8d]
90f82e88: folds
88bdd249: raises $0.1 to $0.15
1e01d4b9: folds
Hero: folds
eaca9d3: calls $0.1
*** FLOP *** [6c Jc 2d]
eaca9d3: checks
88bdd249: bets $0.11
eaca9d3: calls $0.11
*** TURN *** [6c Jc 2d] [5c]
eaca9d3: bets $0.27
88bdd249: folds
Uncalled bet ($0.27) returned to eaca9d3
*** SHOWDOWN ***
eaca9d3 collected $0.52 from pot
*** SUMMARY ***
Total pot $0.54 | Rake $0.02 | Jackpot $0 | Bingo $0 | Fortune $0
Board [6c Jc 2d 5c]
Seat 1: eaca9d3 (big blind) won ($0.52)
Seat 2: 90f82e88 folded before Flop (didn't bet)
Seat 3: 88bdd249 folded on the Turn
Seat 4: 1e01d4b9 (button) folded before Flop (didn't bet)
Seat 6: Hero (small blind) folded before Flop


Poker Hand #HD1204084473: Hold'em No Limit  ($0.02/$0.05) - 2023/04/15 14:47:23
Table 'NLHBlue44' 6-max Seat #3 is the button
Seat 1: eaca9d3 ($4.08 in chips)
Seat 2: 90f82e88 ($5.56 in chips)
Seat 3: 88bdd249 ($5.35 in chips)
Seat 4: 1e01d4b9 ($5.19 in chips)
Seat 6: Hero ($5.18 in chips)
1e01d4b9: posts small blind $0.02
Hero: posts big blind $0.05
*** HOLE CARDS ***
Dealt to eaca9d3 
Dealt to 90f82e88 
Dealt to 88bdd249 
Dealt to 1e01d4b9 
Dealt to Hero [7h 3c]
eaca9d3: calls $0.05
90f82e88: folds
88bdd249: folds
1e01d4b9: folds
Hero: checks
*** FLOP *** [2c 8h Qc]
Hero: checks
eaca9d3: bets $0.06
Hero: folds
Uncalled bet ($0.06) returned to eaca9d3
*** SHOWDOWN ***
eaca9d3 collected $0.12 from pot
*** SUMMARY ***
Total pot $0.12 | Rake $0 | Jackpot $0 | Bingo $0 | Fortune $0
Board [2c 8h Qc]
Seat 1: eaca9d3 won ($0.12)
Seat 2: 90f82e88 folded before Flop (didn't bet)
Seat 3: 88bdd249 (button) folded before Flop (didn't bet)
Seat 4: 1e01d4b9 (small blind) folded before Flop
Seat 6: Hero (big blind) folded on the Flop


Poker Hand #HD1204084384: Hold'em No Limit  ($0.02/$0.05) - 2023/04/15 14:46:29
Table 'NLHBlue44' 6-max Seat #2 is the button
Seat 1: eaca9d3 ($3.87 in chips)
Seat 2: 90f82e88 ($5.56 in chips)
Seat 3: 88bdd249 ($5.37 in chips)
Seat 4: 1e01d4b9 ($5.4 in chips)
Seat 6: Hero ($5.18 in chips)
88bdd249: posts small blind $0.02
1e01d4b9: posts big blind $0.05
*** HOLE CARDS ***
Dealt to eaca9d3 
Dealt to 90f82e88 
Dealt to 88bdd249 
Dealt to 1e01d4b9 
Dealt to Hero [9h 8s]
Hero: folds
eaca9d3: raises $0.05 to $0.1
90f82e88: folds
88bdd249: folds
1e01d4b9: calls $0.05
*** FLOP *** [7s Ad 7h]
1e01d4b9: checks
eaca9d3: checks
*** TURN *** [7s Ad 7h] [Js]
1e01d4b9: checks
eaca9d3: checks
*** RIVER *** [7s Ad 7h Js] [Jc]
1e01d4b9: bets $0.11
eaca9d3: calls $0.11
1e01d4b9: shows [8h Ac] (Pair of Aces and Pair of Jacks)
eaca9d3: shows [8d 7c] (Sevens Full over Jacks)
*** SHOWDOWN ***
eaca9d3 collected $0.42 from pot
*** SUMMARY ***
Total pot $0.44 | Rake $0.02 | Jackpot $0 | Bingo $0 | Fortune $0
Board [7s Ad 7h Js Jc]
Seat 1: eaca9d3 showed [8d 7c] and won ($0.42) with Sevens Full over Jacks
Seat 2: 90f82e88 (button) folded before Flop (didn't bet)
Seat 3: 88bdd249 (small blind) folded before Flop
Seat 4: 1e01d4b9 (big blind) showed [8h Ac] and lost with Pair of Aces and Pair of Jacks
Seat 6: Hero folded before Flop (didn't bet)


Poker Hand #HD1204084290: Hold'em No Limit  ($0.02/$0.05) - 2023/04/15 14:45:38
Table 'NLHBlue44' 6-max Seat #1 is the button
Seat 1: eaca9d3 ($3.87 in chips)
Seat 2: 90f82e88 ($5.58 in chips)
Seat 3: 88bdd249 ($5.68 in chips)
Seat 4: 1e01d4b9 ($5.1 in chips)
Seat 6: Hero ($5.18 in chips)
90f82e88: posts small blind $0.02
88bdd249: posts big blind $0.05
*** HOLE CARDS ***
Dealt to eaca9d3 
Dealt to 90f82e88 
Dealt to 88bdd249 
Dealt to 1e01d4b9 
Dealt to Hero [7c Qd]
1e01d4b9: raises $0.1 to $0.15
Hero: folds
eaca9d3: folds
90f82e88: folds
88bdd249: calls $0.1
*** FLOP *** [6c Kd Qc]
88bdd249: checks
1e01d4b9: bets $0.16
88bdd249: calls $0.16
*** TURN *** [6c Kd Qc] [3h]
88bdd249: checks
1e01d4b9: bets $0.32
88bdd249: folds
Uncalled bet ($0.32) returned to 1e01d4b9
*** SHOWDOWN ***
1e01d4b9 collected $0.61 from pot
*** SUMMARY ***
Total pot $0.64 | Rake $0.03 | Jackpot $0 | Bingo $0 | Fortune $0
Board [6c Kd Qc 3h]
Seat 1: eaca9d3 (button) folded before Flop (didn't bet)
Seat 2: 90f82e88 (small blind) folded before Flop
Seat 3: 88bdd249 (big blind) folded on the Turn
Seat 4: 1e01d4b9 won ($0.61)
Seat 6: Hero folded before Flop (didn't bet)


Poker Hand #HD1204084191: Hold'em No Limit  ($0.02/$0.05) - 2023/04/15 14:44:43
Table 'NLHBlue44' 6-max Seat #6 is the button
Seat 1: eaca9d3 ($3.89 in chips)
Seat 2: 90f82e88 ($5.63 in chips)
Seat 3: 88bdd249 ($5.68 in chips)
Seat 4: 1e01d4b9 ($4.98 in chips)
Seat 5: dd8d4878 ($5 in chips)
Seat 6: Hero ($5.18 in chips)
eaca9d3: posts small blind $0.02
90f82e88: posts big blind $0.05
dd8d4878: posts big blind $0.05
*** HOLE CARDS ***
Dealt to eaca9d3 
Dealt to 90f82e88 
Dealt to 88bdd249 
Dealt to 1e01d4b9 
Dealt to dd8d4878 
Dealt to Hero [9d 8h]
88bdd249: folds
1e01d4b9: raises $0.1 to $0.15
dd8d4878: folds
Hero: folds
eaca9d3: folds
90f82e88: folds
Uncalled bet ($0.1) returned to 1e01d4b9
*** SHOWDOWN ***
1e01d4b9 collected $0.17 from pot
*** SUMMARY ***
Total pot $0.17 | Rake $0 | Jackpot $0 | Bingo $0 | Fortune $0
Seat 1: eaca9d3 (small blind) folded before Flop
Seat 2: 90f82e88 (big blind) folded before Flop
Seat 3: 88bdd249 folded before Flop (didn't bet)
Seat 4: 1e01d4b9 collected ($0.17)
Seat 5: dd8d4878 folded before Flop
Seat 6: Hero (button) folded before Flop (didn't bet)


Poker Hand #HD1204084040: Hold'em No Limit  ($0.02/$0.05) - 2023/04/15 14:43:14
Table 'NLHBlue44' 6-max Seat #4 is the button
Seat 1: eaca9d3 ($3.94 in chips)
Seat 2: 90f82e88 ($5.63 in chips)
Seat 3: 88bdd249 ($5 in chips)
Seat 4: 1e01d4b9 ($4.98 in chips)
Seat 6: Hero ($5.93 in chips)
Hero: posts small blind $0.02
eaca9d3: posts big blind $0.05
*** HOLE CARDS ***
Dealt to eaca9d3 
Dealt to 90f82e88 
Dealt to 88bdd249 
Dealt to 1e01d4b9 
Dealt to Hero [Jd Td]
90f82e88: folds
88bdd249: raises $0.1 to $0.15
1e01d4b9: folds
Hero: raises $0.27 to $0.42
eaca9d3: folds
88bdd249: calls $0.27
*** FLOP *** [6s 2h 7s]
Hero: bets $0.33
88bdd249: calls $0.33
*** TURN *** [6s 2h 7s] [3d]
Hero: checks
88bdd249: checks
*** RIVER *** [6s 2h 7s 3d] [8c]
Hero: checks
88bdd249: bets $1.17
Hero: folds
Uncalled bet ($1.17) returned to 88bdd249
*** SHOWDOWN ***
88bdd249 collected $1.43 from pot
*** SUMMARY ***
Total pot $1.55 | Rake $0.07 | Jackpot $0.05 | Bingo $0 | Fortune $0
Board [6s 2h 7s 3d 8c]
Seat 1: eaca9d3 (big blind) folded before Flop
Seat 2: 90f82e88 folded before Flop (didn't bet)
Seat 3: 88bdd249 won ($1.43)
Seat 4: 1e01d4b9 (button) folded before Flop (didn't bet)
Seat 6: Hero (small blind) folded on the River


Poker Hand #HD1204083909: Hold'em No Limit  ($0.02/$0.05) - 2023/04/15 14:42:04
Table 'NLHBlue44' 6-max Seat #3 is the button
Seat 1: eaca9d3 ($4.38 in chips)
Seat 2: 90f82e88 ($5.63 in chips)
Seat 3: 88bdd249 ($5 in chips)
Seat 4: 1e01d4b9 ($5 in chips)
Seat 6: Hero ($5.51 in chips)
1e01d4b9: posts small blind $0.02
Hero: posts big blind $0.05
*** HOLE CARDS ***
Dealt to eaca9d3 
Dealt to 90f82e88 
Dealt to 88bdd249 
Dealt to 1e01d4b9 
Dealt to Hero [Jh Qh]
eaca9d3: raises $0.1 to $0.15
90f82e88: folds
88bdd249: folds
1e01d4b9: folds
Hero: calls $0.1
*** FLOP *** [As Kh 4d]
Hero: checks
eaca9d3: bets $0.11
Hero: calls $0.11
*** TURN *** [As Kh 4d] [2h]
Hero: checks
eaca9d3: bets $0.18
Hero: calls $0.18
*** RIVER *** [As Kh 4d 2h] [Tc]
Hero: bets $1.35
eaca9d3: folds
Uncalled bet ($1.35) returned to Hero
*** SHOWDOWN ***
Hero collected $0.86 from pot
*** SUMMARY ***
Total pot $0.9 | Rake $0.04 | Jackpot $0 | Bingo $0 | Fortune $0
Board [As Kh 4d 2h Tc]
Seat 1: eaca9d3 folded on the River
Seat 2: 90f82e88 folded before Flop (didn't bet)
Seat 3: 88bdd249 (button) folded before Flop (didn't bet)
Seat 4: 1e01d4b9 (small blind) folded before Flop
Seat 6: Hero (big blind) won ($0.86)


Poker Hand #HD1204083874: Hold'em No Limit  ($0.02/$0.05) - 2023/04/15 14:41:43
Table 'NLHBlue44' 6-max Seat #2 is the button
Seat 2: 90f82e88 ($5.63 in chips)
Seat 3: 88bdd249 ($5 in chips)
Seat 4: 1e01d4b9 ($5.05 in chips)
Seat 6: Hero ($5.44 in chips)
88bdd249: posts small blind $0.02
1e01d4b9: posts big blind $0.05
*** HOLE CARDS ***
Dealt to 90f82e88 
Dealt to 88bdd249 
Dealt to 1e01d4b9 
Dealt to Hero [9s Qs]
Hero: raises $0.07 to $0.12
90f82e88: folds
88bdd249: folds
1e01d4b9: folds
Uncalled bet ($0.07) returned to Hero
*** SHOWDOWN ***
Hero collected $0.12 from pot
*** SUMMARY ***
Total pot $0.12 | Rake $0 | Jackpot $0 | Bingo $0 | Fortune $0
Seat 2: 90f82e88 (button) folded before Flop (didn't bet)
Seat 3: 88bdd249 (small blind) folded before Flop
Seat 4: 1e01d4b9 (big blind) folded before Flop
Seat 6: Hero collected ($0.12)


Poker Hand #HD1204083836: Hold'em No Limit  ($0.02/$0.05) - 2023/04/15 14:41:24
Table 'NLHBlue44' 6-max Seat #6 is the button
Seat 1: eaca9d3 ($4.4 in chips)
Seat 2: 90f82e88 ($5.61 in chips)
Seat 3: 88bdd249 ($5 in chips)
Seat 4: 1e01d4b9 ($5.05 in chips)
Seat 6: Hero ($5.44 in chips)
eaca9d3: posts small blind $0.02
90f82e88: posts big blind $0.05
*** HOLE CARDS ***
Dealt to eaca9d3 
Dealt to 90f82e88 
Dealt to 88bdd249 
Dealt to 1e01d4b9 
Dealt to Hero [2h 6h]
88bdd249: folds
1e01d4b9: folds
Hero: folds
eaca9d3: folds
Uncalled bet ($0.03) returned to 90f82e88
*** SHOWDOWN ***
90f82e88 collected $0.04 from pot
*** SUMMARY ***
Total pot $0.04 | Rake $0 | Jackpot $0 | Bingo $0 | Fortune $0
Seat 1: eaca9d3 (small blind) folded before Flop
Seat 2: 90f82e88 (big blind) collected ($0.04)
Seat 3: 88bdd249 folded before Flop (didn't bet)
Seat 4: 1e01d4b9 folded before Flop (didn't bet)
Seat 6: Hero (button) folded before Flop (didn't bet)


Poker Hand #HD1204083796: Hold'em No Limit  ($0.02/$0.05) - 2023/04/15 14:41:03
Table 'NLHBlue44' 6-max Seat #4 is the button
Seat 1: eaca9d3 ($4.45 in chips)
Seat 2: 90f82e88 ($5.61 in chips)
Seat 3: 88bdd249 ($5 in chips)
Seat 4: 1e01d4b9 ($4.98 in chips)
Seat 6: Hero ($5.46 in chips)
Hero: posts small blind $0.02
eaca9d3: posts big blind $0.05
*** HOLE CARDS ***
Dealt to eaca9d3 
Dealt to 90f82e88 
Dealt to 88bdd249 
Dealt to 1e01d4b9 
Dealt to Hero [3c 4h]
90f82e88: folds
88bdd249: folds
1e01d4b9: raises $0.1 to $0.15
Hero: folds
eaca9d3: folds
Uncalled bet ($0.1) returned to 1e01d4b9
*** SHOWDOWN ***
1e01d4b9 collected $0.12 from pot
*** SUMMARY ***
Total pot $0.12 | Rake $0 | Jackpot $0 | Bingo $0 | Fortune $0
Seat 1: eaca9d3 (big blind) folded before Flop
Seat 2: 90f82e88 folded before Flop (didn't bet)
Seat 3: 88bdd249 folded before Flop (didn't bet)
Seat 4: 1e01d4b9 (button) collected ($0.12)
Seat 6: Hero (small blind) folded before Flop


Poker Hand #HD1204083700: Hold'em No Limit  ($0.02/$0.05) - 2023/04/15 14:40:18
Table 'NLHBlue44' 6-max Seat #3 is the button
Seat 2: 90f82e88 ($5.61 in chips)
Seat 3: 88bdd249 ($5 in chips)
Seat 4: 1e01d4b9 ($4.61 in chips)
Seat 6: Hero ($5 in chips)
1e01d4b9: posts small blind $0.02
Hero: posts big blind $0.05
*** HOLE CARDS ***
Dealt to 90f82e88 
Dealt to 88bdd249 
Dealt to 1e01d4b9 
Dealt to Hero [Qc 2c]
90f82e88: folds
88bdd249: raises $0.1 to $0.15
1e01d4b9: folds
Hero: calls $0.1
*** FLOP *** [4s 5s Ac]
Hero: checks
88bdd249: bets $0.11
Hero: raises $0.23 to $0.34
88bdd249: calls $0.23
*** TURN *** [4s 5s Ac] [5c]
Hero: bets $0.75
88bdd249: folds
Uncalled bet ($0.75) returned to Hero
*** SHOWDOWN ***
Hero collected $0.95 from pot
*** SUMMARY ***
Total pot $1 | Rake $0.05 | Jackpot $0 | Bingo $0 | Fortune $0
Board [4s 5s Ac 5c]
Seat 2: 90f82e88 folded before Flop (didn't bet)
Seat 3: 88bdd249 (button) folded on the Turn
Seat 4: 1e01d4b9 (small blind) folded before Flop
Seat 6: Hero (big blind) won ($0.95)


Poker Hand #HD1204083609: Hold'em No Limit  ($0.02/$0.05) - 2023/04/15 14:39:26
Table 'NLHBlue44' 6-max Seat #2 is the button
Seat 2: 90f82e88 ($5.24 in chips)
Seat 3: 88bdd249 ($5.02 in chips)
Seat 4: 1e01d4b9 ($5 in chips)
Seat 6: Hero ($5 in chips)
88bdd249: posts small blind $0.02
1e01d4b9: posts big blind $0.05
*** HOLE CARDS ***
Dealt to 90f82e88 
Dealt to 88bdd249 
Dealt to 1e01d4b9 
Dealt to Hero [9s 4h]
Hero: folds
90f82e88: raises $0.08 to $0.13
88bdd249: folds
1e01d4b9: calls $0.08
*** FLOP *** [Qc 8h Ah]
1e01d4b9: bets $0.1
90f82e88: calls $0.1
*** TURN *** [Qc 8h Ah] [6c]
1e01d4b9: bets $0.16
90f82e88: calls $0.16
*** RIVER *** [Qc 8h Ah 6c] [3d]
1e01d4b9: checks
90f82e88: checks
1e01d4b9: shows [2h 5h] (Ace-High)
90f82e88: shows [Tc Jd] (Ace-High)
*** SHOWDOWN ***
90f82e88 collected $0.76 from pot
*** SUMMARY ***
Total pot $0.8 | Rake $0.04 | Jackpot $0 | Bingo $0 | Fortune $0
Board [Qc 8h Ah 6c 3d]
Seat 2: 90f82e88 (button) showed [Tc Jd] and won ($0.76) with Ace-High
Seat 3: 88bdd249 (small blind) folded before Flop
Seat 4: 1e01d4b9 (big blind) showed [2h 5h] and lost with Ace-High
Seat 6: Hero folded before Flop (didn't bet)


Poker Hand #HD1204083591: Hold'em No Limit  ($0.02/$0.05) - 2023/04/15 14:39:17
Table 'NLHBlue44' 6-max Seat #6 is the button
Seat 2: 90f82e88 ($5.26 in chips)
Seat 3: 88bdd249 ($5 in chips)
Seat 6: Hero ($5 in chips)
90f82e88: posts small blind $0.02
88bdd249: posts big blind $0.05
*** HOLE CARDS ***
Dealt to 90f82e88 
Dealt to 88bdd249 
Dealt to Hero [3d 9c]
Hero: folds
90f82e88: folds
Uncalled bet ($0.03) returned to 88bdd249
*** SHOWDOWN ***
88bdd249 collected $0.04 from pot
*** SUMMARY ***
Total pot $0.04 | Rake $0 | Jackpot $0 | Bingo $0 | Fortune $0
Seat 2: 90f82e88 (small blind) folded before Flop
Seat 3: 88bdd249 (big blind) collected ($0.04)
Seat 6: Hero (button) folded before Flop (didn't bet)


Poker Hand #HD1204083530: Hold'em No Limit  ($0.02/$0.05) - 2023/04/15 14:38:43
Table 'NLHBlue44' 6-max Seat #3 is the button
Seat 2: 90f82e88 ($5 in chips)
Seat 3: 88bdd249 ($5.25 in chips)
Seat 6: Hero ($5 in chips)
Hero: posts small blind $0.02
90f82e88: posts big blind $0.05
*** HOLE CARDS ***
Dealt to 90f82e88 
Dealt to 88bdd249 
Dealt to Hero [4d Jd]
88bdd249: raises $0.1 to $0.15
Hero: folds
90f82e88: calls $0.1
*** FLOP *** [Tc 4c 6h]
90f82e88: checks
88bdd249: bets $0.11
90f82e88: calls $0.11
*** TURN *** [Tc 4c 6h] [3c]
90f82e88: checks
88bdd249: checks
*** RIVER *** [Tc 4c 6h 3c] [5c]
90f82e88: checks
88bdd249: checks
90f82e88: shows [Qh 7h] (Sevens-High Straight)
88bdd249: shows [5h 3h] (Pair of Fives and Pair of Treys)
*** SHOWDOWN ***
90f82e88 collected $0.52 from pot
*** SUMMARY ***
Total pot $0.54 | Rake $0.02 | Jackpot $0 | Bingo $0 | Fortune $0
Board [Tc 4c 6h 3c 5c]
Seat 2: 90f82e88 (big blind) showed [Qh 7h] and won ($0.52) with Sevens-High Straight
Seat 3: 88bdd249 (button) showed [5h 3h] and lost with Pair of Fives and Pair of Treys
Seat 6: Hero (small blind) folded before Flop


Poker Hand #HD1204083480: Hold'em No Limit  ($0.02/$0.05) - 2023/04/15 14:38:12
Table 'NLHBlue44' 6-max Seat #2 is the button
Seat 1: e0e9c59d ($2.96 in chips)
Seat 2: 90f82e88 ($5 in chips)
Seat 3: 88bdd249 ($5.11 in chips)
Seat 6: Hero ($5 in chips)
88bdd249: posts small blind $0.02
Hero: posts big blind $0.05
*** HOLE CARDS ***
Dealt to e0e9c59d 
Dealt to 90f82e88 
Dealt to 88bdd249 
Dealt to Hero [Kc Ts]
e0e9c59d: folds
90f82e88: folds
88bdd249: raises $0.1 to $0.15
Hero: calls $0.1
*** FLOP *** [Ah 3s 4h]
88bdd249: bets $0.1
Hero: folds
Uncalled bet ($0.1) returned to 88bdd249
*** SHOWDOWN ***
88bdd249 collected $0.29 from pot
*** SUMMARY ***
Total pot $0.3 | Rake $0.01 | Jackpot $0 | Bingo $0 | Fortune $0
Board [Ah 3s 4h]
Seat 1: e0e9c59d folded before Flop (didn't bet)
Seat 2: 90f82e88 (button) folded before Flop (didn't bet)
Seat 3: 88bdd249 (small blind) won ($0.29)
Seat 6: Hero (big blind) folded on the Flop


