Poker Hand #HD1181471212: Hold'em No Limit  ($0.02/$0.05) - 2023/03/29 20:40:17
Table 'NLHBlue4' 6-max Seat #5 is the button
Seat 1: 654d9b26 ($4.55 in chips)
Seat 2: Hero ($5.9 in chips)
Seat 3: 6468493c ($2.51 in chips)
Seat 4: 20874154 ($5.29 in chips)
Seat 5: f91ebda6 ($5.54 in chips)
Seat 6: 33f0848d ($0.6 in chips)
33f0848d: posts small blind $0.02
654d9b26: posts big blind $0.05
*** HOLE CARDS ***
Dealt to 654d9b26 
Dealt to Hero [Qd 3s]
Dealt to 6468493c 
Dealt to 20874154 
Dealt to f91ebda6 
Dealt to 33f0848d 
Hero: folds
6468493c: raises $0.05 to $0.1
20874154: folds
f91ebda6: folds
33f0848d: calls $0.08
654d9b26: calls $0.05
*** FLOP *** [2d 4h 4d]
33f0848d: checks
654d9b26: checks
6468493c: checks
*** TURN *** [2d 4h 4d] [6s]
33f0848d: checks
654d9b26: bets $0.15
6468493c: folds
33f0848d: folds
Uncalled bet ($0.15) returned to 654d9b26
*** SHOWDOWN ***
654d9b26 collected $0.29 from pot
*** SUMMARY ***
Total pot $0.3 | Rake $0.01 | Jackpot $0 | Bingo $0 | Fortune $0
Board [2d 4h 4d 6s]
Seat 1: 654d9b26 (big blind) won ($0.29)
Seat 2: Hero folded before Flop (didn't bet)
Seat 3: 6468493c folded on the Turn
Seat 4: 20874154 folded before Flop (didn't bet)
Seat 5: f91ebda6 (button) folded before Flop (didn't bet)
Seat 6: 33f0848d (small blind) folded on the Turn


Poker Hand #HD1181471109: Hold'em No Limit  ($0.02/$0.05) - 2023/03/29 20:39:38
Table 'NLHBlue4' 6-max Seat #4 is the button
Seat 1: 654d9b26 ($4.48 in chips)
Seat 2: Hero ($5.9 in chips)
Seat 3: 6468493c ($2.51 in chips)
Seat 4: 20874154 ($5.29 in chips)
Seat 5: f91ebda6 ($5.56 in chips)
Seat 6: 33f0848d ($0.65 in chips)
f91ebda6: posts small blind $0.02
33f0848d: posts big blind $0.05
*** HOLE CARDS ***
Dealt to 654d9b26 
Dealt to Hero [Tc 2c]
Dealt to 6468493c 
Dealt to 20874154 
Dealt to f91ebda6 
Dealt to 33f0848d 
654d9b26: calls $0.05
Hero: folds
6468493c: folds
20874154: folds
f91ebda6: folds
33f0848d: checks
*** FLOP *** [As Js Qs]
33f0848d: checks
654d9b26: bets $0.06
33f0848d: folds
Uncalled bet ($0.06) returned to 654d9b26
*** SHOWDOWN ***
654d9b26 collected $0.12 from pot
*** SUMMARY ***
Total pot $0.12 | Rake $0 | Jackpot $0 | Bingo $0 | Fortune $0
Board [As Js Qs]
Seat 1: 654d9b26 won ($0.12)
Seat 2: Hero folded before Flop (didn't bet)
Seat 3: 6468493c folded before Flop (didn't bet)
Seat 4: 20874154 (button) folded before Flop (didn't bet)
Seat 5: f91ebda6 (small blind) folded before Flop
Seat 6: 33f0848d (big blind) folded on the Flop


Poker Hand #HD1181471077: Hold'em No Limit  ($0.02/$0.05) - 2023/03/29 20:39:26
Table 'NLHBlue4' 6-max Seat #3 is the button
Seat 1: 654d9b26 ($4.48 in chips)
Seat 2: Hero ($5.9 in chips)
Seat 3: 6468493c ($2.51 in chips)
Seat 4: 20874154 ($5.31 in chips)
Seat 5: f91ebda6 ($5.54 in chips)
Seat 6: 33f0848d ($0.65 in chips)
20874154: posts small blind $0.02
f91ebda6: posts big blind $0.05
*** HOLE CARDS ***
Dealt to 654d9b26 
Dealt to Hero [6s 8h]
Dealt to 6468493c 
Dealt to 20874154 
Dealt to f91ebda6 
Dealt to 33f0848d 
33f0848d: folds
654d9b26: folds
Hero: folds
6468493c: folds
20874154: folds
Uncalled bet ($0.03) returned to f91ebda6
*** SHOWDOWN ***
f91ebda6 collected $0.04 from pot
*** SUMMARY ***
Total pot $0.04 | Rake $0 | Jackpot $0 | Bingo $0 | Fortune $0
Seat 1: 654d9b26 folded before Flop (didn't bet)
Seat 2: Hero folded before Flop (didn't bet)
Seat 3: 6468493c (button) folded before Flop (didn't bet)
Seat 4: 20874154 (small blind) folded before Flop
Seat 5: f91ebda6 (big blind) collected ($0.04)
Seat 6: 33f0848d folded before Flop (didn't bet)


Poker Hand #HD1181470948: Hold'em No Limit  ($0.02/$0.05) - 2023/03/29 20:38:44
Table 'NLHBlue4' 6-max Seat #2 is the button
Seat 1: 654d9b26 ($4.32 in chips)
Seat 2: Hero ($5.9 in chips)
Seat 3: 6468493c ($2.53 in chips)
Seat 4: 20874154 ($5.36 in chips)
Seat 5: f91ebda6 ($5.54 in chips)
Seat 6: 33f0848d ($0.75 in chips)
6468493c: posts small blind $0.02
20874154: posts big blind $0.05
*** HOLE CARDS ***
Dealt to 654d9b26 
Dealt to Hero [8h Ks]
Dealt to 6468493c 
Dealt to 20874154 
Dealt to f91ebda6 
Dealt to 33f0848d 
f91ebda6: folds
33f0848d: raises $0.05 to $0.1
654d9b26: calls $0.1
Hero: folds
6468493c: folds
20874154: folds
*** FLOP *** [Th Kh Jc]
33f0848d: checks
654d9b26: bets $0.14
33f0848d: folds
Uncalled bet ($0.14) returned to 654d9b26
*** SHOWDOWN ***
654d9b26 collected $0.26 from pot
*** SUMMARY ***
Total pot $0.27 | Rake $0.01 | Jackpot $0 | Bingo $0 | Fortune $0
Board [Th Kh Jc]
Seat 1: 654d9b26 won ($0.26)
Seat 2: Hero (button) folded before Flop (didn't bet)
Seat 3: 6468493c (small blind) folded before Flop
Seat 4: 20874154 (big blind) folded before Flop
Seat 5: f91ebda6 folded before Flop (didn't bet)
Seat 6: 33f0848d folded on the Flop


Poker Hand #HD1181470798: Hold'em No Limit  ($0.02/$0.05) - 2023/03/29 20:37:46
Table 'NLHBlue4' 6-max Seat #1 is the button
Seat 1: 654d9b26 ($3.97 in chips)
Seat 2: Hero ($5.92 in chips)
Seat 3: 6468493c ($2.63 in chips)
Seat 4: 20874154 ($5.36 in chips)
Seat 5: f91ebda6 ($5.54 in chips)
Seat 6: 33f0848d ($1.01 in chips)
Hero: posts small blind $0.02
6468493c: posts big blind $0.05
*** HOLE CARDS ***
Dealt to 654d9b26 
Dealt to Hero [Ks 2d]
Dealt to 6468493c 
Dealt to 20874154 
Dealt to f91ebda6 
Dealt to 33f0848d 
20874154: folds
f91ebda6: folds
33f0848d: raises $0.05 to $0.1
654d9b26: calls $0.1
Hero: folds
6468493c: calls $0.05
*** FLOP *** [3c 7s Qs]
6468493c: checks
33f0848d: bets $0.16
654d9b26: raises $0.22 to $0.38
6468493c: folds
33f0848d: folds
Uncalled bet ($0.22) returned to 654d9b26
*** SHOWDOWN ***
654d9b26 collected $0.61 from pot
*** SUMMARY ***
Total pot $0.64 | Rake $0.03 | Jackpot $0 | Bingo $0 | Fortune $0
Board [3c 7s Qs]
Seat 1: 654d9b26 (button) won ($0.61)
Seat 2: Hero (small blind) folded before Flop
Seat 3: 6468493c (big blind) folded on the Flop
Seat 4: 20874154 folded before Flop (didn't bet)
Seat 5: f91ebda6 folded before Flop (didn't bet)
Seat 6: 33f0848d folded on the Flop


Poker Hand #HD1181470759: Hold'em No Limit  ($0.02/$0.05) - 2023/03/29 20:37:33
Table 'NLHBlue4' 6-max Seat #6 is the button
Seat 1: 654d9b26 ($3.99 in chips)
Seat 2: Hero ($5.97 in chips)
Seat 3: 6468493c ($2.56 in chips)
Seat 4: 20874154 ($5.36 in chips)
Seat 5: f91ebda6 ($5.54 in chips)
Seat 6: 33f0848d ($1.01 in chips)
654d9b26: posts small blind $0.02
Hero: posts big blind $0.05
*** HOLE CARDS ***
Dealt to 654d9b26 
Dealt to Hero [4d Jh]
Dealt to 6468493c 
Dealt to 20874154 
Dealt to f91ebda6 
Dealt to 33f0848d 
6468493c: raises $0.05 to $0.1
20874154: folds
f91ebda6: folds
33f0848d: folds
654d9b26: folds
Hero: folds
Uncalled bet ($0.05) returned to 6468493c
*** SHOWDOWN ***
6468493c collected $0.12 from pot
*** SUMMARY ***
Total pot $0.12 | Rake $0 | Jackpot $0 | Bingo $0 | Fortune $0
Seat 1: 654d9b26 (small blind) folded before Flop
Seat 2: Hero (big blind) folded before Flop
Seat 3: 6468493c collected ($0.12)
Seat 4: 20874154 folded before Flop (didn't bet)
Seat 5: f91ebda6 folded before Flop (didn't bet)
Seat 6: 33f0848d (button) folded before Flop (didn't bet)


Poker Hand #HD1181470696: Hold'em No Limit  ($0.02/$0.05) - 2023/03/29 20:37:13
Table 'NLHBlue4' 6-max Seat #5 is the button
Seat 1: 654d9b26 ($4.04 in chips)
Seat 2: Hero ($5.97 in chips)
Seat 3: 6468493c ($2.49 in chips)
Seat 4: 20874154 ($5.36 in chips)
Seat 5: f91ebda6 ($5.54 in chips)
Seat 6: 33f0848d ($1.03 in chips)
33f0848d: posts small blind $0.02
654d9b26: posts big blind $0.05
*** HOLE CARDS ***
Dealt to 654d9b26 
Dealt to Hero [Qs 9h]
Dealt to 6468493c 
Dealt to 20874154 
Dealt to f91ebda6 
Dealt to 33f0848d 
Hero: folds
6468493c: raises $0.05 to $0.1
20874154: folds
f91ebda6: folds
33f0848d: folds
654d9b26: folds
Uncalled bet ($0.05) returned to 6468493c
*** SHOWDOWN ***
6468493c collected $0.12 from pot
*** SUMMARY ***
Total pot $0.12 | Rake $0 | Jackpot $0 | Bingo $0 | Fortune $0
Seat 1: 654d9b26 (big blind) folded before Flop
Seat 2: Hero folded before Flop (didn't bet)
Seat 3: 6468493c collected ($0.12)
Seat 4: 20874154 folded before Flop (didn't bet)
Seat 5: f91ebda6 (button) folded before Flop (didn't bet)
Seat 6: 33f0848d (small blind) folded before Flop


Poker Hand #HD1181470584: Hold'em No Limit  ($0.02/$0.05) - 2023/03/29 20:36:34
Table 'NLHBlue4' 6-max Seat #4 is the button
Seat 1: 654d9b26 ($4.04 in chips)
Seat 2: Hero ($5.97 in chips)
Seat 3: 6468493c ($2.49 in chips)
Seat 4: 20874154 ($5.68 in chips)
Seat 5: f91ebda6 ($5.56 in chips)
Seat 6: 33f0848d ($0.72 in chips)
f91ebda6: posts small blind $0.02
33f0848d: posts big blind $0.05
*** HOLE CARDS ***
Dealt to 654d9b26 
Dealt to Hero [6h Jd]
Dealt to 6468493c 
Dealt to 20874154 
Dealt to f91ebda6 
Dealt to 33f0848d 
654d9b26: folds
Hero: folds
6468493c: folds
20874154: raises $0.08 to $0.13
f91ebda6: folds
33f0848d: calls $0.08
*** FLOP *** [Ts Kd Ad]
33f0848d: checks
20874154: checks
*** TURN *** [Ts Kd Ad] [7h]
33f0848d: bets $0.14
20874154: calls $0.14
*** RIVER *** [Ts Kd Ad 7h] [7s]
33f0848d: checks
20874154: bets $0.05
33f0848d: calls $0.05
20874154: shows [9d Kc] (Pair of Kings and Pair of Sevens)
33f0848d: shows [Ac 4c] (Pair of Aces and Pair of Sevens)
6468493c: shows [7d Kh] (Sevens Full over Kings)
*** SHOWDOWN ***
33f0848d collected $0.63 from pot
*** SUMMARY ***
Total pot $0.66 | Rake $0.03 | Jackpot $0 | Bingo $0 | Fortune $0
Board [Ts Kd Ad 7h 7s]
Seat 1: 654d9b26 folded before Flop (didn't bet)
Seat 2: Hero folded before Flop (didn't bet)
Seat 3: 6468493c folded before Flop (didn't bet)
Seat 4: 20874154 (button) showed [9d Kc] and lost with Pair of Kings and Pair of Sevens
Seat 5: f91ebda6 (small blind) folded before Flop
Seat 6: 33f0848d (big blind) showed [Ac 4c] and won ($0.63) with Pair of Aces and Pair of Sevens


Poker Hand #HD1181470515: Hold'em No Limit  ($0.02/$0.05) - 2023/03/29 20:36:07
Table 'NLHBlue4' 6-max Seat #3 is the button
Seat 1: 654d9b26 ($4.04 in chips)
Seat 2: Hero ($5.97 in chips)
Seat 3: 6468493c ($2.59 in chips)
Seat 4: 20874154 ($5.54 in chips)
Seat 5: f91ebda6 ($5.61 in chips)
Seat 6: 33f0848d ($0.72 in chips)
20874154: posts small blind $0.02
f91ebda6: posts big blind $0.05
*** HOLE CARDS ***
Dealt to 654d9b26 
Dealt to Hero [3d 6h]
Dealt to 6468493c 
Dealt to 20874154 
Dealt to f91ebda6 
Dealt to 33f0848d 
33f0848d: folds
654d9b26: folds
Hero: folds
6468493c: raises $0.05 to $0.1
20874154: raises $0.25 to $0.35
f91ebda6: folds
6468493c: folds
Uncalled bet ($0.25) returned to 20874154
*** SHOWDOWN ***
20874154 collected $0.24 from pot
*** SUMMARY ***
Total pot $0.25 | Rake $0.01 | Jackpot $0 | Bingo $0 | Fortune $0
Seat 1: 654d9b26 folded before Flop (didn't bet)
Seat 2: Hero folded before Flop (didn't bet)
Seat 3: 6468493c (button) folded before Flop
Seat 4: 20874154 (small blind) collected ($0.24)
Seat 5: f91ebda6 (big blind) folded before Flop
Seat 6: 33f0848d folded before Flop (didn't bet)


Poker Hand #HD1181470415: Hold'em No Limit  ($0.02/$0.05) - 2023/03/29 20:35:32
Table 'NLHBlue4' 6-max Seat #2 is the button
Seat 1: 654d9b26 ($4.09 in chips)
Seat 2: Hero ($5.85 in chips)
Seat 3: 6468493c ($2.61 in chips)
Seat 4: 20874154 ($5.59 in chips)
Seat 5: f91ebda6 ($5.61 in chips)
Seat 6: 33f0848d ($0.72 in chips)
6468493c: posts small blind $0.02
20874154: posts big blind $0.05
*** HOLE CARDS ***
Dealt to 654d9b26 
Dealt to Hero [2h 2c]
Dealt to 6468493c 
Dealt to 20874154 
Dealt to f91ebda6 
Dealt to 33f0848d 
f91ebda6: folds
33f0848d: folds
654d9b26: calls $0.05
Hero: raises $0.15 to $0.2
6468493c: folds
20874154: folds
654d9b26: folds
Uncalled bet ($0.15) returned to Hero
*** SHOWDOWN ***
Hero collected $0.17 from pot
*** SUMMARY ***
Total pot $0.17 | Rake $0 | Jackpot $0 | Bingo $0 | Fortune $0
Seat 1: 654d9b26 folded before Flop
Seat 2: Hero (button) collected ($0.17)
Seat 3: 6468493c (small blind) folded before Flop
Seat 4: 20874154 (big blind) folded before Flop
Seat 5: f91ebda6 folded before Flop (didn't bet)
Seat 6: 33f0848d folded before Flop (didn't bet)


Poker Hand #HD1181470302: Hold'em No Limit  ($0.02/$0.05) - 2023/03/29 20:34:50
Table 'NLHBlue4' 6-max Seat #1 is the button
Seat 1: 654d9b26 ($4.69 in chips)
Seat 2: Hero ($5.87 in chips)
Seat 3: 6468493c ($2.66 in chips)
Seat 4: 20874154 ($5.59 in chips)
Seat 5: f91ebda6 ($5 in chips)
Seat 6: 33f0848d ($0.72 in chips)
Hero: posts small blind $0.02
6468493c: posts big blind $0.05
*** HOLE CARDS ***
Dealt to 654d9b26 
Dealt to Hero [2d 7c]
Dealt to 6468493c 
Dealt to 20874154 
Dealt to f91ebda6 
Dealt to 33f0848d 
20874154: folds
f91ebda6: raises $0.08 to $0.13
33f0848d: folds
654d9b26: calls $0.13
Hero: folds
6468493c: folds
*** FLOP *** [Qs Kd Jd]
f91ebda6: checks
654d9b26: checks
*** TURN *** [Qs Kd Jd] [9s]
f91ebda6: checks
654d9b26: checks
*** RIVER *** [Qs Kd Jd 9s] [2s]
f91ebda6: bets $0.47
654d9b26: calls $0.47
f91ebda6: shows [As 4s] (Ace High Flush)
654d9b26: shows [Qc 9h] (Pair of Queens and Pair of Nines)
6468493c: shows [Th] (Kings-High Straight)
*** SHOWDOWN ***
f91ebda6 collected $1.21 from pot
*** SUMMARY ***
Total pot $1.27 | Rake $0.06 | Jackpot $0 | Bingo $0 | Fortune $0
Board [Qs Kd Jd 9s 2s]
Seat 1: 654d9b26 (button) showed [Qc 9h] and lost with Pair of Queens and Pair of Nines
Seat 2: Hero (small blind) folded before Flop
Seat 3: 6468493c (big blind) folded before Flop
Seat 4: 20874154 folded before Flop (didn't bet)
Seat 5: f91ebda6 showed [As 4s] and won ($1.21) with Ace High Flush
Seat 6: 33f0848d folded before Flop (didn't bet)


Poker Hand #HD1181470200: Hold'em No Limit  ($0.02/$0.05) - 2023/03/29 20:34:17
Table 'NLHBlue4' 6-max Seat #6 is the button
Seat 1: 654d9b26 ($4.98 in chips)
Seat 2: Hero ($5.92 in chips)
Seat 3: 6468493c ($2.66 in chips)
Seat 4: 20874154 ($5.28 in chips)
Seat 5: f91ebda6 ($5 in chips)
Seat 6: 33f0848d ($0.72 in chips)
654d9b26: posts small blind $0.02
Hero: posts big blind $0.05
*** HOLE CARDS ***
Dealt to 654d9b26 
Dealt to Hero [4d Jc]
Dealt to 6468493c 
Dealt to 20874154 
Dealt to f91ebda6 
Dealt to 33f0848d 
6468493c: folds
20874154: raises $0.08 to $0.13
f91ebda6: folds
33f0848d: folds
654d9b26: calls $0.11
Hero: folds
*** FLOP *** [9s 9d Kh]
654d9b26: checks
20874154: bets $0.16
654d9b26: calls $0.16
*** TURN *** [9s 9d Kh] [2c]
654d9b26: checks
20874154: bets $0.32
654d9b26: folds
Uncalled bet ($0.32) returned to 20874154
6468493c: shows [9h] (Three Nines)
*** SHOWDOWN ***
20874154 collected $0.6 from pot
*** SUMMARY ***
Total pot $0.63 | Rake $0.03 | Jackpot $0 | Bingo $0 | Fortune $0
Board [9s 9d Kh 2c]
Seat 1: 654d9b26 (small blind) folded on the Turn
Seat 2: Hero (big blind) folded before Flop
Seat 3: 6468493c folded before Flop (didn't bet)
Seat 4: 20874154 won ($0.6)
Seat 5: f91ebda6 folded before Flop (didn't bet)
Seat 6: 33f0848d (button) folded before Flop (didn't bet)


Poker Hand #HD1181470113: Hold'em No Limit  ($0.02/$0.05) - 2023/03/29 20:33:49
Table 'NLHBlue4' 6-max Seat #5 is the button
Seat 1: 654d9b26 ($5.08 in chips)
Seat 2: Hero ($5.92 in chips)
Seat 3: 6468493c ($2.55 in chips)
Seat 4: 20874154 ($5.28 in chips)
Seat 5: f91ebda6 ($5 in chips)
Seat 6: 33f0848d ($0.74 in chips)
33f0848d: posts small blind $0.02
654d9b26: posts big blind $0.05
*** HOLE CARDS ***
Dealt to 654d9b26 
Dealt to Hero [2s 8s]
Dealt to 6468493c 
Dealt to 20874154 
Dealt to f91ebda6 
Dealt to 33f0848d 
Hero: folds
6468493c: raises $0.05 to $0.1
20874154: folds
f91ebda6: folds
33f0848d: folds
654d9b26: calls $0.05
*** FLOP *** [4h Jh 6c]
654d9b26: checks
6468493c: checks
*** TURN *** [4h Jh 6c] [5d]
654d9b26: checks
6468493c: bets $0.08
654d9b26: folds
Uncalled bet ($0.08) returned to 6468493c
*** SHOWDOWN ***
6468493c collected $0.21 from pot
*** SUMMARY ***
Total pot $0.22 | Rake $0.01 | Jackpot $0 | Bingo $0 | Fortune $0
Board [4h Jh 6c 5d]
Seat 1: 654d9b26 (big blind) folded on the Turn
Seat 2: Hero folded before Flop (didn't bet)
Seat 3: 6468493c won ($0.21)
Seat 4: 20874154 folded before Flop (didn't bet)
Seat 5: f91ebda6 (button) folded before Flop (didn't bet)
Seat 6: 33f0848d (small blind) folded before Flop


Poker Hand #HD1181470042: Hold'em No Limit  ($0.02/$0.05) - 2023/03/29 20:33:25
Table 'NLHBlue4' 6-max Seat #4 is the button
Seat 1: 654d9b26 ($5.13 in chips)
Seat 2: Hero ($5.76 in chips)
Seat 3: 6468493c ($2.6 in chips)
Seat 4: 20874154 ($5.28 in chips)
Seat 5: f91ebda6 ($5 in chips)
Seat 6: 33f0848d ($0.79 in chips)
f91ebda6: posts small blind $0.02
33f0848d: posts big blind $0.05
6468493c: posts big blind $0.05
*** HOLE CARDS ***
Dealt to 654d9b26 
Dealt to Hero [9s 9h]
Dealt to 6468493c 
Dealt to 20874154 
Dealt to f91ebda6 
Dealt to 33f0848d 
654d9b26: calls $0.05
Hero: raises $0.29 to $0.34
6468493c: folds
20874154: folds
f91ebda6: folds
33f0848d: folds
654d9b26: folds
Uncalled bet ($0.29) returned to Hero
*** SHOWDOWN ***
Hero collected $0.21 from pot
*** SUMMARY ***
Total pot $0.22 | Rake $0.01 | Jackpot $0 | Bingo $0 | Fortune $0
Seat 1: 654d9b26 folded before Flop
Seat 2: Hero collected ($0.21)
Seat 3: 6468493c folded before Flop
Seat 4: 20874154 (button) folded before Flop (didn't bet)
Seat 5: f91ebda6 (small blind) folded before Flop
Seat 6: 33f0848d (big blind) folded before Flop


Poker Hand #HD1181469988: Hold'em No Limit  ($0.02/$0.05) - 2023/03/29 20:33:07
Table 'NLHBlue4' 6-max Seat #2 is the button
Seat 1: 654d9b26 ($5.13 in chips)
Seat 2: Hero ($5.76 in chips)
Seat 4: 20874154 ($5.23 in chips)
Seat 5: f91ebda6 ($5 in chips)
Seat 6: 33f0848d ($0.79 in chips)
20874154: posts small blind $0.02
f91ebda6: posts big blind $0.05
*** HOLE CARDS ***
Dealt to 654d9b26 
Dealt to Hero [2s 9d]
Dealt to 20874154 
Dealt to f91ebda6 
Dealt to 33f0848d 
33f0848d: folds
654d9b26: folds
Hero: folds
20874154: raises $0.08 to $0.13
f91ebda6: folds
Uncalled bet ($0.08) returned to 20874154
*** SHOWDOWN ***
20874154 collected $0.1 from pot
*** SUMMARY ***
Total pot $0.1 | Rake $0 | Jackpot $0 | Bingo $0 | Fortune $0
Seat 1: 654d9b26 folded before Flop (didn't bet)
Seat 2: Hero (button) folded before Flop (didn't bet)
Seat 4: 20874154 (small blind) collected ($0.1)
Seat 5: f91ebda6 (big blind) folded before Flop
Seat 6: 33f0848d folded before Flop (didn't bet)


Poker Hand #HD1181469873: Hold'em No Limit  ($0.02/$0.05) - 2023/03/29 20:32:28
Table 'NLHBlue4' 6-max Seat #1 is the button
Seat 1: 654d9b26 ($4.87 in chips)
Seat 2: Hero ($5.78 in chips)
Seat 4: 20874154 ($5.36 in chips)
Seat 5: f91ebda6 ($5 in chips)
Seat 6: 33f0848d ($0.79 in chips)
Hero: posts small blind $0.02
20874154: posts big blind $0.05
*** HOLE CARDS ***
Dealt to 654d9b26 
Dealt to Hero [6s Qh]
Dealt to 20874154 
Dealt to f91ebda6 
Dealt to 33f0848d 
f91ebda6: raises $0.08 to $0.13
33f0848d: folds
654d9b26: calls $0.13
Hero: folds
20874154: calls $0.08
*** FLOP *** [3c 6h 3h]
20874154: checks
f91ebda6: checks
654d9b26: bets $0.21
20874154: folds
f91ebda6: folds
Uncalled bet ($0.21) returned to 654d9b26
*** SHOWDOWN ***
654d9b26 collected $0.39 from pot
*** SUMMARY ***
Total pot $0.41 | Rake $0.02 | Jackpot $0 | Bingo $0 | Fortune $0
Board [3c 6h 3h]
Seat 1: 654d9b26 (button) won ($0.39)
Seat 2: Hero (small blind) folded before Flop
Seat 4: 20874154 (big blind) folded on the Flop
Seat 5: f91ebda6 folded on the Flop
Seat 6: 33f0848d folded before Flop (didn't bet)


Poker Hand #HD1181469792: Hold'em No Limit  ($0.02/$0.05) - 2023/03/29 20:31:58
Table 'NLHBlue4' 6-max Seat #6 is the button
Seat 1: 654d9b26 ($4.7 in chips)
Seat 2: Hero ($5.83 in chips)
Seat 3: a829de39 ($5.16 in chips)
Seat 4: 20874154 ($5.36 in chips)
Seat 5: f91ebda6 ($5 in chips)
Seat 6: 33f0848d ($0.79 in chips)
654d9b26: posts small blind $0.02
Hero: posts big blind $0.05
*** HOLE CARDS ***
Dealt to 654d9b26 
Dealt to Hero [6h Kd]
Dealt to a829de39 
Dealt to 20874154 
Dealt to f91ebda6 
Dealt to 33f0848d 
a829de39: folds
20874154: folds
f91ebda6: raises $0.08 to $0.13
33f0848d: folds
654d9b26: raises $0.24 to $0.37
Hero: folds
f91ebda6: folds
Uncalled bet ($0.24) returned to 654d9b26
*** SHOWDOWN ***
654d9b26 collected $0.3 from pot
*** SUMMARY ***
Total pot $0.31 | Rake $0.01 | Jackpot $0 | Bingo $0 | Fortune $0
Seat 1: 654d9b26 (small blind) collected ($0.3)
Seat 2: Hero (big blind) folded before Flop
Seat 3: a829de39 folded before Flop (didn't bet)
Seat 4: 20874154 folded before Flop (didn't bet)
Seat 5: f91ebda6 folded before Flop
Seat 6: 33f0848d (button) folded before Flop (didn't bet)


Poker Hand #HD1181469751: Hold'em No Limit  ($0.02/$0.05) - 2023/03/29 20:31:44
Table 'NLHBlue4' 6-max Seat #5 is the button
Seat 1: 654d9b26 ($4.75 in chips)
Seat 2: Hero ($5.83 in chips)
Seat 3: a829de39 ($5.09 in chips)
Seat 4: 20874154 ($5.36 in chips)
Seat 5: f91ebda6 ($5 in chips)
Seat 6: 33f0848d ($0.81 in chips)
33f0848d: posts small blind $0.02
654d9b26: posts big blind $0.05
*** HOLE CARDS ***
Dealt to 654d9b26 
Dealt to Hero [7c 4d]
Dealt to a829de39 
Dealt to 20874154 
Dealt to f91ebda6 
Dealt to 33f0848d 
Hero: folds
a829de39: raises $0.1 to $0.15
20874154: folds
f91ebda6: folds
33f0848d: folds
654d9b26: folds
Uncalled bet ($0.1) returned to a829de39
*** SHOWDOWN ***
a829de39 collected $0.12 from pot
*** SUMMARY ***
Total pot $0.12 | Rake $0 | Jackpot $0 | Bingo $0 | Fortune $0
Seat 1: 654d9b26 (big blind) folded before Flop
Seat 2: Hero folded before Flop (didn't bet)
Seat 3: a829de39 collected ($0.12)
Seat 4: 20874154 folded before Flop (didn't bet)
Seat 5: f91ebda6 (button) folded before Flop (didn't bet)
Seat 6: 33f0848d (small blind) folded before Flop


Poker Hand #HD1181469690: Hold'em No Limit  ($0.02/$0.05) - 2023/03/29 20:31:23
Table 'NLHBlue4' 6-max Seat #4 is the button
Seat 2: Hero ($5.83 in chips)
Seat 3: a829de39 ($5.02 in chips)
Seat 4: 20874154 ($5.36 in chips)
Seat 5: f91ebda6 ($5 in chips)
Seat 6: 33f0848d ($0.86 in chips)
f91ebda6: posts small blind $0.02
33f0848d: posts big blind $0.05
*** HOLE CARDS ***
Dealt to Hero [Qc Jd]
Dealt to a829de39 
Dealt to 20874154 
Dealt to f91ebda6 
Dealt to 33f0848d 
Hero: folds
a829de39: raises $0.08 to $0.13
20874154: folds
f91ebda6: folds
33f0848d: folds
Uncalled bet ($0.08) returned to a829de39
*** SHOWDOWN ***
a829de39 collected $0.12 from pot
*** SUMMARY ***
Total pot $0.12 | Rake $0 | Jackpot $0 | Bingo $0 | Fortune $0
Seat 2: Hero folded before Flop (didn't bet)
Seat 3: a829de39 collected ($0.12)
Seat 4: 20874154 (button) folded before Flop (didn't bet)
Seat 5: f91ebda6 (small blind) folded before Flop
Seat 6: 33f0848d (big blind) folded before Flop


Poker Hand #HD1181469589: Hold'em No Limit  ($0.02/$0.05) - 2023/03/29 20:30:54
Table 'NLHBlue4' 6-max Seat #3 is the button
Seat 2: Hero ($5.7 in chips)
Seat 3: a829de39 ($5.02 in chips)
Seat 4: 20874154 ($5.38 in chips)
Seat 5: f91ebda6 ($5.07 in chips)
Seat 6: 33f0848d ($0.86 in chips)
20874154: posts small blind $0.02
f91ebda6: posts big blind $0.05
*** HOLE CARDS ***
Dealt to Hero [Kc Jh]
Dealt to a829de39 
Dealt to 20874154 
Dealt to f91ebda6 
Dealt to 33f0848d 
33f0848d: folds
Hero: raises $0.07 to $0.12
a829de39: folds
20874154: folds
f91ebda6: calls $0.07
*** FLOP *** [Qc 7c 6c]
f91ebda6: checks
Hero: checks
*** TURN *** [Qc 7c 6c] [9c]
f91ebda6: checks
Hero: bets $0.2
f91ebda6: folds
Uncalled bet ($0.2) returned to Hero
*** SHOWDOWN ***
Hero collected $0.25 from pot
*** SUMMARY ***
Total pot $0.26 | Rake $0.01 | Jackpot $0 | Bingo $0 | Fortune $0
Board [Qc 7c 6c 9c]
Seat 2: Hero won ($0.25)
Seat 3: a829de39 (button) folded before Flop (didn't bet)
Seat 4: 20874154 (small blind) folded before Flop
Seat 5: f91ebda6 (big blind) folded on the Turn
Seat 6: 33f0848d folded before Flop (didn't bet)


Poker Hand #HD1181469485: Hold'em No Limit  ($0.02/$0.05) - 2023/03/29 20:30:17
Table 'NLHBlue4' 6-max Seat #2 is the button
Seat 2: Hero ($5.57 in chips)
Seat 3: a829de39 ($5.04 in chips)
Seat 4: 20874154 ($5.5 in chips)
Seat 5: f91ebda6 ($5.07 in chips)
Seat 6: 33f0848d ($0.86 in chips)
a829de39: posts small blind $0.02
20874154: posts big blind $0.05
*** HOLE CARDS ***
Dealt to Hero [Kc Tc]
Dealt to a829de39 
Dealt to 20874154 
Dealt to f91ebda6 
Dealt to 33f0848d 
f91ebda6: folds
33f0848d: folds
Hero: raises $0.07 to $0.12
a829de39: folds
20874154: calls $0.07
*** FLOP *** [Kd 5c 9d]
20874154: checks
Hero: bets $0.13
20874154: folds
Uncalled bet ($0.13) returned to Hero
*** SHOWDOWN ***
Hero collected $0.25 from pot
*** SUMMARY ***
Total pot $0.26 | Rake $0.01 | Jackpot $0 | Bingo $0 | Fortune $0
Board [Kd 5c 9d]
Seat 2: Hero (button) won ($0.25)
Seat 3: a829de39 (small blind) folded before Flop
Seat 4: 20874154 (big blind) folded on the Flop
Seat 5: f91ebda6 folded before Flop (didn't bet)
Seat 6: 33f0848d folded before Flop (didn't bet)


Poker Hand #HD1181469374: Hold'em No Limit  ($0.02/$0.05) - 2023/03/29 20:29:32
Table 'NLHBlue4' 6-max Seat #6 is the button
Seat 2: Hero ($5.81 in chips)
Seat 3: a829de39 ($5.09 in chips)
Seat 4: 20874154 ($5.23 in chips)
Seat 5: f91ebda6 ($5.07 in chips)
Seat 6: 33f0848d ($0.86 in chips)
Hero: posts small blind $0.02
a829de39: posts big blind $0.05
*** HOLE CARDS ***
Dealt to Hero [8d 8c]
Dealt to a829de39 
Dealt to 20874154 
Dealt to f91ebda6 
Dealt to 33f0848d 
20874154: raises $0.08 to $0.13
f91ebda6: folds
33f0848d: folds
Hero: calls $0.11
a829de39: folds
*** FLOP *** [Ad 6s Qc]
Hero: checks
20874154: bets $0.11
Hero: calls $0.11
*** TURN *** [Ad 6s Qc] [Kh]
Hero: checks
20874154: bets $0.4
Hero: folds
Uncalled bet ($0.4) returned to 20874154
*** SHOWDOWN ***
20874154 collected $0.51 from pot
*** SUMMARY ***
Total pot $0.53 | Rake $0.02 | Jackpot $0 | Bingo $0 | Fortune $0
Board [Ad 6s Qc Kh]
Seat 2: Hero (small blind) folded on the Turn
Seat 3: a829de39 (big blind) folded before Flop
Seat 4: 20874154 won ($0.51)
Seat 5: f91ebda6 folded before Flop (didn't bet)
Seat 6: 33f0848d (button) folded before Flop (didn't bet)


Poker Hand #HD1181469329: Hold'em No Limit  ($0.02/$0.05) - 2023/03/29 20:29:19
Table 'NLHBlue4' 6-max Seat #5 is the button
Seat 2: Hero ($5.86 in chips)
Seat 4: 20874154 ($5.16 in chips)
Seat 5: f91ebda6 ($5.07 in chips)
Seat 6: 33f0848d ($0.88 in chips)
33f0848d: posts small blind $0.02
Hero: posts big blind $0.05
*** HOLE CARDS ***
Dealt to Hero [Qs 2h]
Dealt to 20874154 
Dealt to f91ebda6 
Dealt to 33f0848d 
20874154: raises $0.08 to $0.13
f91ebda6: folds
33f0848d: folds
Hero: folds
Uncalled bet ($0.08) returned to 20874154
*** SHOWDOWN ***
20874154 collected $0.12 from pot
*** SUMMARY ***
Total pot $0.12 | Rake $0 | Jackpot $0 | Bingo $0 | Fortune $0
Seat 2: Hero (big blind) folded before Flop
Seat 4: 20874154 collected ($0.12)
Seat 5: f91ebda6 (button) folded before Flop (didn't bet)
Seat 6: 33f0848d (small blind) folded before Flop


Poker Hand #HD1181469291: Hold'em No Limit  ($0.02/$0.05) - 2023/03/29 20:29:04
Table 'NLHBlue4' 6-max Seat #4 is the button
Seat 2: Hero ($5.86 in chips)
Seat 4: 20874154 ($5.09 in chips)
Seat 5: f91ebda6 ($5.09 in chips)
Seat 6: 33f0848d ($0.93 in chips)
f91ebda6: posts small blind $0.02
33f0848d: posts big blind $0.05
*** HOLE CARDS ***
Dealt to Hero [9s 6s]
Dealt to 20874154 
Dealt to f91ebda6 
Dealt to 33f0848d 
Hero: folds
20874154: raises $0.08 to $0.13
f91ebda6: folds
33f0848d: folds
Uncalled bet ($0.08) returned to 20874154
*** SHOWDOWN ***
20874154 collected $0.12 from pot
*** SUMMARY ***
Total pot $0.12 | Rake $0 | Jackpot $0 | Bingo $0 | Fortune $0
Seat 2: Hero folded before Flop (didn't bet)
Seat 4: 20874154 (button) collected ($0.12)
Seat 5: f91ebda6 (small blind) folded before Flop
Seat 6: 33f0848d (big blind) folded before Flop


Poker Hand #HD1181469271: Hold'em No Limit  ($0.02/$0.05) - 2023/03/29 20:28:54
Table 'NLHBlue4' 6-max Seat #2 is the button
Seat 2: Hero ($5.86 in chips)
Seat 4: 20874154 ($5.11 in chips)
Seat 5: f91ebda6 ($5.07 in chips)
Seat 6: 33f0848d ($0.93 in chips)
20874154: posts small blind $0.02
f91ebda6: posts big blind $0.05
*** HOLE CARDS ***
Dealt to Hero [Js 8h]
Dealt to 20874154 
Dealt to f91ebda6 
Dealt to 33f0848d 
33f0848d: folds
Hero: folds
20874154: folds
Uncalled bet ($0.03) returned to f91ebda6
*** SHOWDOWN ***
f91ebda6 collected $0.04 from pot
*** SUMMARY ***
Total pot $0.04 | Rake $0 | Jackpot $0 | Bingo $0 | Fortune $0
Seat 2: Hero (button) folded before Flop (didn't bet)
Seat 4: 20874154 (small blind) folded before Flop
Seat 5: f91ebda6 (big blind) collected ($0.04)
Seat 6: 33f0848d folded before Flop (didn't bet)


Poker Hand #HD1181469207: Hold'em No Limit  ($0.02/$0.05) - 2023/03/29 20:28:26
Table 'NLHBlue4' 6-max Seat #6 is the button
Seat 2: Hero ($5.88 in chips)
Seat 3: a829de39 ($5.14 in chips)
Seat 4: 20874154 ($5.11 in chips)
Seat 5: f91ebda6 ($5 in chips)
Seat 6: 33f0848d ($0.93 in chips)
Hero: posts small blind $0.02
a829de39: posts big blind $0.05
*** HOLE CARDS ***
Dealt to Hero [9s 8d]
Dealt to a829de39 
Dealt to 20874154 
Dealt to f91ebda6 
Dealt to 33f0848d 
20874154: folds
f91ebda6: raises $0.08 to $0.13
33f0848d: folds
Hero: folds
a829de39: folds
Uncalled bet ($0.08) returned to f91ebda6
*** SHOWDOWN ***
f91ebda6 collected $0.12 from pot
*** SUMMARY ***
Total pot $0.12 | Rake $0 | Jackpot $0 | Bingo $0 | Fortune $0
Seat 2: Hero (small blind) folded before Flop
Seat 3: a829de39 (big blind) folded before Flop
Seat 4: 20874154 folded before Flop (didn't bet)
Seat 5: f91ebda6 collected ($0.12)
Seat 6: 33f0848d (button) folded before Flop (didn't bet)


Poker Hand #HD1181469030: Hold'em No Limit  ($0.02/$0.05) - 2023/03/29 20:27:30
Table 'NLHBlue4' 6-max Seat #5 is the button
Seat 2: Hero ($5.61 in chips)
Seat 3: a829de39 ($5.14 in chips)
Seat 4: 20874154 ($5.11 in chips)
Seat 5: f91ebda6 ($5 in chips)
Seat 6: 33f0848d ($0.95 in chips)
33f0848d: posts small blind $0.02
Hero: posts big blind $0.05
*** HOLE CARDS ***
Dealt to Hero [8c 6c]
Dealt to a829de39 
Dealt to 20874154 
Dealt to f91ebda6 
Dealt to 33f0848d 
a829de39: folds
20874154: folds
f91ebda6: raises $0.08 to $0.13
33f0848d: folds
Hero: calls $0.08
*** FLOP *** [5s 3h 2h]
Hero: checks
f91ebda6: bets $0.14
Hero: raises $0.26 to $0.4
f91ebda6: folds
Uncalled bet ($0.26) returned to Hero
*** SHOWDOWN ***
Hero collected $0.54 from pot
*** SUMMARY ***
Total pot $0.56 | Rake $0.02 | Jackpot $0 | Bingo $0 | Fortune $0
Board [5s 3h 2h]
Seat 2: Hero (big blind) won ($0.54)
Seat 3: a829de39 folded before Flop (didn't bet)
Seat 4: 20874154 folded before Flop (didn't bet)
Seat 5: f91ebda6 (button) folded on the Flop
Seat 6: 33f0848d (small blind) folded before Flop


Poker Hand #HD1181468934: Hold'em No Limit  ($0.02/$0.05) - 2023/03/29 20:26:58
Table 'NLHBlue4' 6-max Seat #4 is the button
Seat 1: 36c7ce86 ($11.61 in chips)
Seat 2: Hero ($5.61 in chips)
Seat 3: a829de39 ($5.14 in chips)
Seat 4: 20874154 ($5.04 in chips)
Seat 5: f91ebda6 ($5.02 in chips)
Seat 6: 33f0848d ($1 in chips)
f91ebda6: posts small blind $0.02
33f0848d: posts big blind $0.05
*** HOLE CARDS ***
Dealt to 36c7ce86 
Dealt to Hero [7d Jd]
Dealt to a829de39 
Dealt to 20874154 
Dealt to f91ebda6 
Dealt to 33f0848d 
36c7ce86: folds
Hero: folds
a829de39: folds
20874154: raises $0.08 to $0.13
f91ebda6: folds
33f0848d: folds
Uncalled bet ($0.08) returned to 20874154
*** SHOWDOWN ***
20874154 collected $0.12 from pot
*** SUMMARY ***
Total pot $0.12 | Rake $0 | Jackpot $0 | Bingo $0 | Fortune $0
Seat 1: 36c7ce86 folded before Flop (didn't bet)
Seat 2: Hero folded before Flop (didn't bet)
Seat 3: a829de39 folded before Flop (didn't bet)
Seat 4: 20874154 (button) collected ($0.12)
Seat 5: f91ebda6 (small blind) folded before Flop
Seat 6: 33f0848d (big blind) folded before Flop


Poker Hand #HD1181468912: Hold'em No Limit  ($0.02/$0.05) - 2023/03/29 20:26:50
Table 'NLHBlue4' 6-max Seat #3 is the button
Seat 1: 36c7ce86 ($11.61 in chips)
Seat 2: Hero ($5.61 in chips)
Seat 3: a829de39 ($5.14 in chips)
Seat 4: 20874154 ($5.06 in chips)
Seat 5: f91ebda6 ($5 in chips)
20874154: posts small blind $0.02
f91ebda6: posts big blind $0.05
*** HOLE CARDS ***
Dealt to 36c7ce86 
Dealt to Hero [9h 4d]
Dealt to a829de39 
Dealt to 20874154 
Dealt to f91ebda6 
36c7ce86: folds
Hero: folds
a829de39: folds
20874154: folds
Uncalled bet ($0.03) returned to f91ebda6
*** SHOWDOWN ***
f91ebda6 collected $0.04 from pot
*** SUMMARY ***
Total pot $0.04 | Rake $0 | Jackpot $0 | Bingo $0 | Fortune $0
Seat 1: 36c7ce86 folded before Flop (didn't bet)
Seat 2: Hero folded before Flop (didn't bet)
Seat 3: a829de39 (button) folded before Flop (didn't bet)
Seat 4: 20874154 (small blind) folded before Flop
Seat 5: f91ebda6 (big blind) collected ($0.04)


Poker Hand #HD1181468832: Hold'em No Limit  ($0.02/$0.05) - 2023/03/29 20:26:20
Table 'NLHBlue4' 6-max Seat #2 is the button
Seat 1: 36c7ce86 ($11.45 in chips)
Seat 2: Hero ($5.61 in chips)
Seat 3: a829de39 ($5.16 in chips)
Seat 4: 20874154 ($5.21 in chips)
Seat 5: f91ebda6 ($5 in chips)
a829de39: posts small blind $0.02
20874154: posts big blind $0.05
*** HOLE CARDS ***
Dealt to 36c7ce86 
Dealt to Hero [Td 6s]
Dealt to a829de39 
Dealt to 20874154 
Dealt to f91ebda6 
f91ebda6: folds
36c7ce86: raises $0.1 to $0.15
Hero: folds
a829de39: folds
20874154: calls $0.1
*** FLOP *** [Ts Kc 2c]
20874154: checks
36c7ce86: bets $0.24
20874154: folds
Uncalled bet ($0.24) returned to 36c7ce86
*** SHOWDOWN ***
36c7ce86 collected $0.31 from pot
*** SUMMARY ***
Total pot $0.32 | Rake $0.01 | Jackpot $0 | Bingo $0 | Fortune $0
Board [Ts Kc 2c]
Seat 1: 36c7ce86 won ($0.31)
Seat 2: Hero (button) folded before Flop (didn't bet)
Seat 3: a829de39 (small blind) folded before Flop
Seat 4: 20874154 (big blind) folded on the Flop
Seat 5: f91ebda6 folded before Flop (didn't bet)


Poker Hand #HD1181468792: Hold'em No Limit  ($0.02/$0.05) - 2023/03/29 20:26:08
Table 'NLHBlue4' 6-max Seat #1 is the button
Seat 1: 36c7ce86 ($11.45 in chips)
Seat 2: Hero ($5.63 in chips)
Seat 3: a829de39 ($5.14 in chips)
Seat 4: 20874154 ($5.21 in chips)
Seat 5: f91ebda6 ($5 in chips)
Hero: posts small blind $0.02
a829de39: posts big blind $0.05
*** HOLE CARDS ***
Dealt to 36c7ce86 
Dealt to Hero [5h 3d]
Dealt to a829de39 
Dealt to 20874154 
Dealt to f91ebda6 
20874154: folds
f91ebda6: folds
36c7ce86: folds
Hero: folds
Uncalled bet ($0.03) returned to a829de39
*** SHOWDOWN ***
a829de39 collected $0.04 from pot
*** SUMMARY ***
Total pot $0.04 | Rake $0 | Jackpot $0 | Bingo $0 | Fortune $0
Seat 1: 36c7ce86 (button) folded before Flop (didn't bet)
Seat 2: Hero (small blind) folded before Flop
Seat 3: a829de39 (big blind) collected ($0.04)
Seat 4: 20874154 folded before Flop (didn't bet)
Seat 5: f91ebda6 folded before Flop (didn't bet)


Poker Hand #HD1181468600: Hold'em No Limit  ($0.02/$0.05) - 2023/03/29 20:24:58
Table 'NLHBlue4' 6-max Seat #5 is the button
Seat 1: 36c7ce86 ($6.53 in chips)
Seat 2: Hero ($5.63 in chips)
Seat 3: a829de39 ($5.14 in chips)
Seat 4: 20874154 ($5.71 in chips)
Seat 5: f91ebda6 ($5 in chips)
Seat 6: 96287789 ($4.97 in chips)
96287789: posts small blind $0.02
36c7ce86: posts big blind $0.05
*** HOLE CARDS ***
Dealt to 36c7ce86 
Dealt to Hero [6c 4h]
Dealt to a829de39 
Dealt to 20874154 
Dealt to f91ebda6 
Dealt to 96287789 
Hero: folds
a829de39: folds
20874154: raises $0.08 to $0.13
f91ebda6: folds
96287789: raises $0.37 to $0.5
36c7ce86: calls $0.45
20874154: calls $0.37
*** FLOP *** [Ks Jc 4s]
96287789: bets $0.5
36c7ce86: calls $0.5
20874154: folds
*** TURN *** [Ks Jc 4s] [5s]
96287789: bets $1.25
36c7ce86: calls $1.25
*** RIVER *** [Ks Jc 4s 5s] [4c]
96287789: bets $2.72 and is all-in
36c7ce86: calls $2.72
96287789: shows [Qd Ac] (Pair of Fours)
36c7ce86: shows [Td Ts] (Pair of Tens and Pair of Fours)
*** SHOWDOWN ***
36c7ce86 collected $9.89 from pot
*** SUMMARY ***
Total pot $10.44 | Rake $0.5 | Jackpot $0.05 | Bingo $0 | Fortune $0
Board [Ks Jc 4s 5s 4c]
Seat 1: 36c7ce86 (big blind) showed [Td Ts] and won ($9.89) with Pair of Tens and Pair of Fours
Seat 2: Hero folded before Flop (didn't bet)
Seat 3: a829de39 folded before Flop (didn't bet)
Seat 4: 20874154 folded on the Flop
Seat 5: f91ebda6 (button) folded before Flop (didn't bet)
Seat 6: 96287789 (small blind) showed [Qd Ac] and lost with Pair of Fours


Poker Hand #HD1181468550: Hold'em No Limit  ($0.02/$0.05) - 2023/03/29 20:24:43
Table 'NLHBlue4' 6-max Seat #4 is the button
Seat 1: 36c7ce86 ($6.53 in chips)
Seat 2: Hero ($5.63 in chips)
Seat 3: a829de39 ($5.07 in chips)
Seat 4: 20874154 ($5.71 in chips)
Seat 5: f91ebda6 ($5 in chips)
Seat 6: 96287789 ($5.02 in chips)
f91ebda6: posts small blind $0.02
96287789: posts big blind $0.05
*** HOLE CARDS ***
Dealt to 36c7ce86 
Dealt to Hero [7s Tc]
Dealt to a829de39 
Dealt to 20874154 
Dealt to f91ebda6 
Dealt to 96287789 
36c7ce86: folds
Hero: folds
a829de39: raises $0.08 to $0.13
20874154: folds
f91ebda6: folds
96287789: folds
Uncalled bet ($0.08) returned to a829de39
*** SHOWDOWN ***
a829de39 collected $0.12 from pot
*** SUMMARY ***
Total pot $0.12 | Rake $0 | Jackpot $0 | Bingo $0 | Fortune $0
Seat 1: 36c7ce86 folded before Flop (didn't bet)
Seat 2: Hero folded before Flop (didn't bet)
Seat 3: a829de39 collected ($0.12)
Seat 4: 20874154 (button) folded before Flop (didn't bet)
Seat 5: f91ebda6 (small blind) folded before Flop
Seat 6: 96287789 (big blind) folded before Flop


Poker Hand #HD1181468483: Hold'em No Limit  ($0.02/$0.05) - 2023/03/29 20:24:20
Table 'NLHBlue4' 6-max Seat #3 is the button
Seat 1: 36c7ce86 ($6.53 in chips)
Seat 2: Hero ($5.63 in chips)
Seat 3: a829de39 ($5 in chips)
Seat 4: 20874154 ($5.73 in chips)
Seat 5: f91ebda6 ($5 in chips)
Seat 6: 96287789 ($5.02 in chips)
20874154: posts small blind $0.02
f91ebda6: posts big blind $0.05
*** HOLE CARDS ***
Dealt to 36c7ce86 
Dealt to Hero [9s Jd]
Dealt to a829de39 
Dealt to 20874154 
Dealt to f91ebda6 
Dealt to 96287789 
96287789: folds
36c7ce86: folds
Hero: folds
a829de39: raises $0.08 to $0.13
20874154: folds
f91ebda6: folds
Uncalled bet ($0.08) returned to a829de39
*** SHOWDOWN ***
a829de39 collected $0.12 from pot
*** SUMMARY ***
Total pot $0.12 | Rake $0 | Jackpot $0 | Bingo $0 | Fortune $0
Seat 1: 36c7ce86 folded before Flop (didn't bet)
Seat 2: Hero folded before Flop (didn't bet)
Seat 3: a829de39 (button) collected ($0.12)
Seat 4: 20874154 (small blind) folded before Flop
Seat 5: f91ebda6 (big blind) folded before Flop
Seat 6: 96287789 folded before Flop (didn't bet)


Poker Hand #HD1181468371: Hold'em No Limit  ($0.02/$0.05) - 2023/03/29 20:23:40
Table 'NLHBlue4' 6-max Seat #2 is the button
Seat 1: 36c7ce86 ($7.01 in chips)
Seat 2: Hero ($5 in chips)
Seat 3: a829de39 ($5.02 in chips)
Seat 4: 20874154 ($5.78 in chips)
Seat 6: 96287789 ($5.15 in chips)
a829de39: posts small blind $0.02
20874154: posts big blind $0.05
*** HOLE CARDS ***
Dealt to 36c7ce86 
Dealt to Hero [As Ah]
Dealt to a829de39 
Dealt to 20874154 
Dealt to 96287789 
96287789: raises $0.08 to $0.13
36c7ce86: calls $0.13
Hero: raises $0.35 to $0.48
a829de39: folds
20874154: folds
96287789: folds
36c7ce86: calls $0.35
*** FLOP *** [Kh 4s Th]
36c7ce86: checks
Hero: bets $0.87
36c7ce86: folds
Uncalled bet ($0.87) returned to Hero
*** SHOWDOWN ***
Hero collected $1.11 from pot
*** SUMMARY ***
Total pot $1.16 | Rake $0.05 | Jackpot $0 | Bingo $0 | Fortune $0
Board [Kh 4s Th]
Seat 1: 36c7ce86 folded on the Flop
Seat 2: Hero (button) won ($1.11)
Seat 3: a829de39 (small blind) folded before Flop
Seat 4: 20874154 (big blind) folded before Flop
Seat 6: 96287789 folded before Flop


Poker Hand #HD1181468350: Hold'em No Limit  ($0.02/$0.05) - 2023/03/29 20:23:34
Table 'NLHBlue4' 6-max Seat #1 is the button
Seat 1: 36c7ce86 ($7.01 in chips)
Seat 2: Hero ($5 in chips)
Seat 3: a829de39 ($5 in chips)
Seat 4: 20874154 ($5.78 in chips)
Seat 6: 96287789 ($5.15 in chips)
Hero: posts small blind $0.02
a829de39: posts big blind $0.05
*** HOLE CARDS ***
Dealt to 36c7ce86 
Dealt to Hero [5c 2s]
Dealt to a829de39 
Dealt to 20874154 
Dealt to 96287789 
20874154: folds
96287789: folds
36c7ce86: folds
Hero: folds
Uncalled bet ($0.03) returned to a829de39
*** SHOWDOWN ***
a829de39 collected $0.04 from pot
*** SUMMARY ***
Total pot $0.04 | Rake $0 | Jackpot $0 | Bingo $0 | Fortune $0
Seat 1: 36c7ce86 (button) folded before Flop (didn't bet)
Seat 2: Hero (small blind) folded before Flop
Seat 3: a829de39 (big blind) collected ($0.04)
Seat 4: 20874154 folded before Flop (didn't bet)
Seat 6: 96287789 folded before Flop (didn't bet)


Poker Hand #HD1181468245: Hold'em No Limit  ($0.02/$0.05) - 2023/03/29 20:22:57
Table 'NLHBlue4' 6-max Seat #6 is the button
Seat 1: 36c7ce86 ($6.96 in chips)
Seat 2: Hero ($5 in chips)
Seat 3: a829de39 ($5 in chips)
Seat 4: 20874154 ($5.78 in chips)
Seat 6: 96287789 ($5.15 in chips)
36c7ce86: posts small blind $0.02
Hero: posts big blind $0.05
*** HOLE CARDS ***
Dealt to 36c7ce86 
Dealt to Hero [9d 2c]
Dealt to a829de39 
Dealt to 20874154 
Dealt to 96287789 
a829de39: folds
20874154: folds
96287789: folds
36c7ce86: calls $0.03
Hero: checks
*** FLOP *** [Qs 6h 8c]
36c7ce86: checks
Hero: checks
*** TURN *** [Qs 6h 8c] [Kh]
36c7ce86: checks
Hero: checks
*** RIVER *** [Qs 6h 8c Kh] [5d]
36c7ce86: checks
Hero: checks
36c7ce86: shows [As 7c] (Ace-High)
Hero: shows [9d 2c] (King-High)
*** SHOWDOWN ***
36c7ce86 collected $0.1 from pot
*** SUMMARY ***
Total pot $0.1 | Rake $0 | Jackpot $0 | Bingo $0 | Fortune $0
Board [Qs 6h 8c Kh 5d]
Seat 1: 36c7ce86 (small blind) showed [As 7c] and won ($0.1) with Ace-High
Seat 2: Hero (big blind) showed [9d 2c] and lost with King-High
Seat 3: a829de39 folded before Flop (didn't bet)
Seat 4: 20874154 folded before Flop (didn't bet)
Seat 6: 96287789 (button) folded before Flop (didn't bet)


Poker Hand #HD1181468053: Hold'em No Limit  ($0.02/$0.05) - 2023/03/29 20:21:55
Table 'NLHBlue4' 6-max Seat #4 is the button
Seat 1: 36c7ce86 ($6.96 in chips)
Seat 2: Hero ($5.07 in chips)
Seat 3: a829de39 ($5 in chips)
Seat 4: 20874154 ($5.78 in chips)
Seat 5: 306860a8 ($5.95 in chips)
Seat 6: 96287789 ($4.26 in chips)
306860a8: posts small blind $0.02
96287789: posts big blind $0.05
*** HOLE CARDS ***
Dealt to 36c7ce86 
Dealt to Hero [As 3s]
Dealt to a829de39 
Dealt to 20874154 
Dealt to 306860a8 
Dealt to 96287789 
36c7ce86: folds
Hero: raises $0.07 to $0.12
a829de39: folds
20874154: folds
306860a8: folds
96287789: calls $0.07
*** FLOP *** [Jd Ks Ts]
96287789: checks
Hero: bets $0.13
96287789: raises $0.27 to $0.4
Hero: calls $0.27
*** TURN *** [Jd Ks Ts] [8h]
96287789: bets $0.5
Hero: calls $0.5
*** RIVER *** [Jd Ks Ts 8h] [4c]
96287789: bets $2
Hero: folds
Uncalled bet ($2) returned to 96287789
*** SHOWDOWN ***
96287789 collected $1.91 from pot
*** SUMMARY ***
Total pot $2.06 | Rake $0.1 | Jackpot $0.05 | Bingo $0 | Fortune $0
Board [Jd Ks Ts 8h 4c]
Seat 1: 36c7ce86 folded before Flop (didn't bet)
Seat 2: Hero folded on the River
Seat 3: a829de39 folded before Flop (didn't bet)
Seat 4: 20874154 (button) folded before Flop (didn't bet)
Seat 5: 306860a8 (small blind) folded before Flop
Seat 6: 96287789 (big blind) won ($1.91)


Poker Hand #HD1181467992: Hold'em No Limit  ($0.02/$0.05) - 2023/03/29 20:21:34
Table 'NLHBlue4' 6-max Seat #3 is the button
Seat 1: 36c7ce86 ($6.96 in chips)
Seat 2: Hero ($5 in chips)
Seat 3: a829de39 ($5 in chips)
Seat 4: 20874154 ($5.8 in chips)
Seat 5: 306860a8 ($6 in chips)
Seat 6: 96287789 ($4.26 in chips)
20874154: posts small blind $0.02
306860a8: posts big blind $0.05
*** HOLE CARDS ***
Dealt to 36c7ce86 
Dealt to Hero [Qs 9s]
Dealt to a829de39 
Dealt to 20874154 
Dealt to 306860a8 
Dealt to 96287789 
96287789: folds
36c7ce86: folds
Hero: raises $0.07 to $0.12
a829de39: folds
20874154: folds
306860a8: folds
Uncalled bet ($0.07) returned to Hero
*** SHOWDOWN ***
Hero collected $0.12 from pot
*** SUMMARY ***
Total pot $0.12 | Rake $0 | Jackpot $0 | Bingo $0 | Fortune $0
Seat 1: 36c7ce86 folded before Flop (didn't bet)
Seat 2: Hero collected ($0.12)
Seat 3: a829de39 (button) folded before Flop (didn't bet)
Seat 4: 20874154 (small blind) folded before Flop
Seat 5: 306860a8 (big blind) folded before Flop
Seat 6: 96287789 folded before Flop (didn't bet)


Poker Hand #HD1181467859: Hold'em No Limit  ($0.02/$0.05) - 2023/03/29 20:20:46
Table 'NLHBlue4' 6-max Seat #2 is the button
Seat 1: 36c7ce86 ($6.55 in chips)
Seat 2: Hero ($5 in chips)
Seat 3: a829de39 ($5 in chips)
Seat 4: 20874154 ($6.01 in chips)
Seat 5: 306860a8 ($6.21 in chips)
Seat 6: 96287789 ($4.26 in chips)
a829de39: posts small blind $0.02
20874154: posts big blind $0.05
*** HOLE CARDS ***
Dealt to 36c7ce86 
Dealt to Hero [5h Td]
Dealt to a829de39 
Dealt to 20874154 
Dealt to 306860a8 
Dealt to 96287789 
306860a8: raises $0.05 to $0.1
96287789: folds
36c7ce86: calls $0.1
Hero: folds
a829de39: folds
20874154: calls $0.05
*** FLOP *** [4s 2h Kh]
20874154: checks
306860a8: bets $0.11
36c7ce86: calls $0.11
20874154: calls $0.11
*** TURN *** [4s 2h Kh] [3s]
20874154: checks
306860a8: checks
36c7ce86: bets $0.49
20874154: folds
306860a8: folds
Uncalled bet ($0.49) returned to 36c7ce86
*** SHOWDOWN ***
36c7ce86 collected $0.62 from pot
*** SUMMARY ***
Total pot $0.65 | Rake $0.03 | Jackpot $0 | Bingo $0 | Fortune $0
Board [4s 2h Kh 3s]
Seat 1: 36c7ce86 won ($0.62)
Seat 2: Hero (button) folded before Flop (didn't bet)
Seat 3: a829de39 (small blind) folded before Flop
Seat 4: 20874154 (big blind) folded on the Turn
Seat 5: 306860a8 folded on the Turn
Seat 6: 96287789 folded before Flop (didn't bet)


Poker Hand #HD1181467786: Hold'em No Limit  ($0.02/$0.05) - 2023/03/29 20:20:20
Table 'NLHBlue4' 6-max Seat #1 is the button
Seat 1: 36c7ce86 ($6.21 in chips)
Seat 2: Hero ($5 in chips)
Seat 3: a829de39 ($5 in chips)
Seat 4: 20874154 ($6.01 in chips)
Seat 5: 306860a8 ($6.21 in chips)
Seat 6: 96287789 ($4.56 in chips)
Hero: posts small blind $0.02
a829de39: posts big blind $0.05
*** HOLE CARDS ***
Dealt to 36c7ce86 
Dealt to Hero [7c 2h]
Dealt to a829de39 
Dealt to 20874154 
Dealt to 306860a8 
Dealt to 96287789 
20874154: folds
306860a8: folds
96287789: raises $0.1 to $0.15
36c7ce86: raises $0.15 to $0.3
Hero: folds
a829de39: folds
96287789: calls $0.15
*** FLOP *** [7h Kd Th]
96287789: checks
36c7ce86: bets $0.51
96287789: folds
Uncalled bet ($0.51) returned to 36c7ce86
*** SHOWDOWN ***
36c7ce86 collected $0.64 from pot
*** SUMMARY ***
Total pot $0.67 | Rake $0.03 | Jackpot $0 | Bingo $0 | Fortune $0
Board [7h Kd Th]
Seat 1: 36c7ce86 (button) won ($0.64)
Seat 2: Hero (small blind) folded before Flop
Seat 3: a829de39 (big blind) folded before Flop
Seat 4: 20874154 folded before Flop (didn't bet)
Seat 5: 306860a8 folded before Flop (didn't bet)
Seat 6: 96287789 folded on the Flop


Poker Hand #HD1181467639: Hold'em No Limit  ($0.02/$0.05) - 2023/03/29 20:19:30
Table 'NLHBlue4' 6-max Seat #6 is the button
Seat 1: 36c7ce86 ($6.98 in chips)
Seat 2: Hero ($5 in chips)
Seat 4: 20874154 ($5.31 in chips)
Seat 5: 306860a8 ($6.21 in chips)
Seat 6: 96287789 ($4.56 in chips)
36c7ce86: posts small blind $0.02
Hero: posts big blind $0.05
*** HOLE CARDS ***
Dealt to 36c7ce86 
Dealt to Hero [3s Jd]
Dealt to 20874154 
Dealt to 306860a8 
Dealt to 96287789 
20874154: raises $0.08 to $0.13
306860a8: folds
96287789: folds
36c7ce86: calls $0.11
Hero: folds
*** FLOP *** [Qh 7c 9c]
36c7ce86: checks
20874154: bets $0.16
36c7ce86: calls $0.16
*** TURN *** [Qh 7c 9c] [2s]
36c7ce86: checks
20874154: bets $0.48
36c7ce86: calls $0.48
*** RIVER *** [Qh 7c 9c 2s] [Td]
36c7ce86: checks
20874154: checks
36c7ce86: shows [8h 8s] (Pair of Eights)
20874154: shows [Kh Qd] (Pair of Queens)
*** SHOWDOWN ***
20874154 collected $1.47 from pot
*** SUMMARY ***
Total pot $1.59 | Rake $0.07 | Jackpot $0.05 | Bingo $0 | Fortune $0
Board [Qh 7c 9c 2s Td]
Seat 1: 36c7ce86 (small blind) showed [8h 8s] and lost with Pair of Eights
Seat 2: Hero (big blind) folded before Flop
Seat 4: 20874154 showed [Kh Qd] and won ($1.47) with Pair of Queens
Seat 5: 306860a8 folded before Flop (didn't bet)
Seat 6: 96287789 (button) folded before Flop (didn't bet)


Poker Hand #HD1181467572: Hold'em No Limit  ($0.02/$0.05) - 2023/03/29 20:19:02
Table 'NLHBlue4' 6-max Seat #5 is the button
Seat 1: 36c7ce86 ($7.03 in chips)
Seat 2: Hero ($5 in chips)
Seat 3: f276e25 ($4.95 in chips)
Seat 4: 20874154 ($5.31 in chips)
Seat 5: 306860a8 ($6.21 in chips)
Seat 6: 96287789 ($4.51 in chips)
96287789: posts small blind $0.02
36c7ce86: posts big blind $0.05
*** HOLE CARDS ***
Dealt to 36c7ce86 
Dealt to Hero [5d 2d]
Dealt to f276e25 
Dealt to 20874154 
Dealt to 306860a8 
Dealt to 96287789 
Hero: folds
f276e25: folds
20874154: folds
306860a8: folds
96287789: raises $0.15 to $0.2
36c7ce86: folds
Uncalled bet ($0.15) returned to 96287789
*** SHOWDOWN ***
96287789 collected $0.1 from pot
*** SUMMARY ***
Total pot $0.1 | Rake $0 | Jackpot $0 | Bingo $0 | Fortune $0
Seat 1: 36c7ce86 (big blind) folded before Flop
Seat 2: Hero folded before Flop (didn't bet)
Seat 3: f276e25 folded before Flop (didn't bet)
Seat 4: 20874154 folded before Flop (didn't bet)
Seat 5: 306860a8 (button) folded before Flop (didn't bet)
Seat 6: 96287789 (small blind) collected ($0.1)


Poker Hand #HD1181467475: Hold'em No Limit  ($0.02/$0.05) - 2023/03/29 20:18:27
Table 'NLHBlue4' 6-max Seat #4 is the button
Seat 1: 36c7ce86 ($7.03 in chips)
Seat 2: Hero ($5 in chips)
Seat 3: f276e25 ($5 in chips)
Seat 4: 20874154 ($5.19 in chips)
Seat 5: 306860a8 ($6.23 in chips)
Seat 6: 96287789 ($4.56 in chips)
306860a8: posts small blind $0.02
96287789: posts big blind $0.05
f276e25: posts big blind $0.05
*** HOLE CARDS ***
Dealt to 36c7ce86 
Dealt to Hero [7s Qd]
Dealt to f276e25 
Dealt to 20874154 
Dealt to 306860a8 
Dealt to 96287789 
36c7ce86: folds
Hero: folds
f276e25: checks
20874154: raises $0.17 to $0.22
306860a8: folds
96287789: folds
f276e25: folds
Uncalled bet ($0.17) returned to 20874154
*** SHOWDOWN ***
20874154 collected $0.17 from pot
*** SUMMARY ***
Total pot $0.17 | Rake $0 | Jackpot $0 | Bingo $0 | Fortune $0
Seat 1: 36c7ce86 folded before Flop (didn't bet)
Seat 2: Hero folded before Flop (didn't bet)
Seat 3: f276e25 folded before Flop
Seat 4: 20874154 (button) collected ($0.17)
Seat 5: 306860a8 (small blind) folded before Flop
Seat 6: 96287789 (big blind) folded before Flop


Poker Hand #HD1181467377: Hold'em No Limit  ($0.02/$0.05) - 2023/03/29 20:17:55
Table 'NLHBlue4' 6-max Seat #2 is the button
Seat 1: 36c7ce86 ($7.03 in chips)
Seat 2: Hero ($5 in chips)
Seat 4: 20874154 ($5.34 in chips)
Seat 5: 306860a8 ($6.28 in chips)
Seat 6: 96287789 ($4.37 in chips)
20874154: posts small blind $0.02
306860a8: posts big blind $0.05
*** HOLE CARDS ***
Dealt to 36c7ce86 
Dealt to Hero [6d 6s]
Dealt to 20874154 
Dealt to 306860a8 
Dealt to 96287789 
96287789: raises $0.1 to $0.15
36c7ce86: folds
Hero: folds
20874154: calls $0.13
306860a8: folds
*** FLOP *** [Qh Ah 8s]
20874154: checks
96287789: bets $0.15
20874154: folds
Uncalled bet ($0.15) returned to 96287789
*** SHOWDOWN ***
96287789 collected $0.34 from pot
*** SUMMARY ***
Total pot $0.35 | Rake $0.01 | Jackpot $0 | Bingo $0 | Fortune $0
Board [Qh Ah 8s]
Seat 1: 36c7ce86 folded before Flop (didn't bet)
Seat 2: Hero (button) folded before Flop (didn't bet)
Seat 4: 20874154 (small blind) folded on the Flop
Seat 5: 306860a8 (big blind) folded before Flop
Seat 6: 96287789 won ($0.34)


Poker Hand #HD1181467213: Hold'em No Limit  ($0.02/$0.05) - 2023/03/29 20:16:56
Table 'NLHBlue4' 6-max Seat #1 is the button
Seat 1: 36c7ce86 ($4.12 in chips)
Seat 2: Hero ($5 in chips)
Seat 4: 20874154 ($5.39 in chips)
Seat 5: 306860a8 ($6.28 in chips)
Seat 6: 96287789 ($7.58 in chips)
Hero: posts small blind $0.02
20874154: posts big blind $0.05
*** HOLE CARDS ***
Dealt to 36c7ce86 
Dealt to Hero [5c 4s]
Dealt to 20874154 
Dealt to 306860a8 
Dealt to 96287789 
306860a8: folds
96287789: raises $0.1 to $0.15
36c7ce86: calls $0.15
Hero: folds
20874154: folds
*** FLOP *** [Tc 3s 9h]
96287789: checks
36c7ce86: bets $0.33
96287789: calls $0.33
*** TURN *** [Tc 3s 9h] [Qh]
96287789: checks
36c7ce86: bets $0.78
96287789: calls $0.78
*** RIVER *** [Tc 3s 9h Qh] [4h]
96287789: checks
36c7ce86: bets $1.95
96287789: calls $1.95
36c7ce86: shows [Qc 9d] (Pair of Queens and Pair of Nines)
96287789: shows [Jh Jc] (Pair of Jacks)
*** SHOWDOWN ***
36c7ce86 collected $6.12 from pot
*** SUMMARY ***
Total pot $6.49 | Rake $0.32 | Jackpot $0.05 | Bingo $0 | Fortune $0
Board [Tc 3s 9h Qh 4h]
Seat 1: 36c7ce86 (button) showed [Qc 9d] and won ($6.12) with Pair of Queens and Pair of Nines
Seat 2: Hero (small blind) folded before Flop
Seat 4: 20874154 (big blind) folded before Flop
Seat 5: 306860a8 folded before Flop (didn't bet)
Seat 6: 96287789 showed [Jh Jc] and lost with Pair of Jacks


Poker Hand #HD1181466993: Hold'em No Limit  ($0.02/$0.05) - 2023/03/29 20:15:31
Table 'NLHBlue4' 6-max Seat #6 is the button
Seat 1: 36c7ce86 ($4.47 in chips)
Seat 2: Hero ($5 in chips)
Seat 3: 52659a1e ($7.45 in chips)
Seat 4: 20874154 ($5.39 in chips)
Seat 5: 306860a8 ($4.47 in chips)
Seat 6: 96287789 ($8.4 in chips)
36c7ce86: posts small blind $0.02
Hero: posts big blind $0.05
*** HOLE CARDS ***
Dealt to 36c7ce86 
Dealt to Hero [Qs Js]
Dealt to 52659a1e 
Dealt to 20874154 
Dealt to 306860a8 
Dealt to 96287789 
52659a1e: folds
20874154: folds
306860a8: raises $0.3 to $0.35
96287789: calls $0.35
36c7ce86: calls $0.33
Hero: calls $0.3
*** FLOP *** [3s 9h Qd]
36c7ce86: checks
Hero: checks
306860a8: checks
96287789: checks
*** TURN *** [3s 9h Qd] [8h]
36c7ce86: checks
Hero: bets $0.47
306860a8: calls $0.47
96287789: calls $0.47
36c7ce86: folds
*** RIVER *** [3s 9h Qd 8h] [7s]
Hero: checks
306860a8: bets $3.65 and is all-in
96287789: folds
Hero: folds
Uncalled bet ($3.65) returned to 306860a8
*** SHOWDOWN ***
306860a8 collected $2.63 from pot
*** SUMMARY ***
Total pot $2.81 | Rake $0.13 | Jackpot $0.05 | Bingo $0 | Fortune $0
Board [3s 9h Qd 8h 7s]
Seat 1: 36c7ce86 (small blind) folded on the Turn
Seat 2: Hero (big blind) folded on the River
Seat 3: 52659a1e folded before Flop (didn't bet)
Seat 4: 20874154 folded before Flop (didn't bet)
Seat 5: 306860a8 won ($2.63)
Seat 6: 96287789 (button) folded on the River


Poker Hand #HD1181466927: Hold'em No Limit  ($0.02/$0.05) - 2023/03/29 20:15:05
Table 'NLHBlue4' 6-max Seat #5 is the button
Seat 1: 36c7ce86 ($4.52 in chips)
Seat 2: Hero ($5 in chips)
Seat 3: 52659a1e ($7.45 in chips)
Seat 4: 20874154 ($5.39 in chips)
Seat 5: 306860a8 ($4.47 in chips)
Seat 6: 96287789 ($8.35 in chips)
96287789: posts small blind $0.02
36c7ce86: posts big blind $0.05
*** HOLE CARDS ***
Dealt to 36c7ce86 
Dealt to Hero [Jc 6d]
Dealt to 52659a1e 
Dealt to 20874154 
Dealt to 306860a8 
Dealt to 96287789 
Hero: folds
52659a1e: folds
20874154: folds
306860a8: folds
96287789: raises $0.15 to $0.2
36c7ce86: folds
Uncalled bet ($0.15) returned to 96287789
*** SHOWDOWN ***
96287789 collected $0.1 from pot
*** SUMMARY ***
Total pot $0.1 | Rake $0 | Jackpot $0 | Bingo $0 | Fortune $0
Seat 1: 36c7ce86 (big blind) folded before Flop
Seat 2: Hero folded before Flop (didn't bet)
Seat 3: 52659a1e folded before Flop (didn't bet)
Seat 4: 20874154 folded before Flop (didn't bet)
Seat 5: 306860a8 (button) folded before Flop (didn't bet)
Seat 6: 96287789 (small blind) collected ($0.1)


Poker Hand #HD1181466832: Hold'em No Limit  ($0.02/$0.05) - 2023/03/29 20:14:30
Table 'NLHBlue4' 6-max Seat #4 is the button
Seat 1: 36c7ce86 ($4.52 in chips)
Seat 2: Hero ($5 in chips)
Seat 3: 52659a1e ($7.45 in chips)
Seat 4: 20874154 ($5.39 in chips)
Seat 5: 306860a8 ($4.38 in chips)
Seat 6: 96287789 ($8.45 in chips)
306860a8: posts small blind $0.02
96287789: posts big blind $0.05
*** HOLE CARDS ***
Dealt to 36c7ce86 
Dealt to Hero [3d 4s]
Dealt to 52659a1e 
Dealt to 20874154 
Dealt to 306860a8 
Dealt to 96287789 
36c7ce86: folds
Hero: folds
52659a1e: folds
20874154: folds
306860a8: raises $0.05 to $0.1
96287789: calls $0.05
*** FLOP *** [4c 8s Ac]
306860a8: bets $0.07
96287789: folds
Uncalled bet ($0.07) returned to 306860a8
*** SHOWDOWN ***
306860a8 collected $0.19 from pot
*** SUMMARY ***
Total pot $0.2 | Rake $0.01 | Jackpot $0 | Bingo $0 | Fortune $0
Board [4c 8s Ac]
Seat 1: 36c7ce86 folded before Flop (didn't bet)
Seat 2: Hero folded before Flop (didn't bet)
Seat 3: 52659a1e folded before Flop (didn't bet)
Seat 4: 20874154 (button) folded before Flop (didn't bet)
Seat 5: 306860a8 (small blind) won ($0.19)
Seat 6: 96287789 (big blind) folded on the Flop


Poker Hand #HD1181466692: Hold'em No Limit  ($0.02/$0.05) - 2023/03/29 20:13:42
Table 'NLHBlue4' 6-max Seat #3 is the button
Seat 1: 36c7ce86 ($4.32 in chips)
Seat 2: Hero ($5 in chips)
Seat 3: 52659a1e ($7.45 in chips)
Seat 4: 20874154 ($5.41 in chips)
Seat 5: 306860a8 ($4.58 in chips)
Seat 6: 96287789 ($8.45 in chips)
20874154: posts small blind $0.02
306860a8: posts big blind $0.05
*** HOLE CARDS ***
Dealt to 36c7ce86 
Dealt to Hero [8s Jh]
Dealt to 52659a1e 
Dealt to 20874154 
Dealt to 306860a8 
Dealt to 96287789 
96287789: folds
36c7ce86: raises $0.15 to $0.2
Hero: folds
52659a1e: folds
20874154: folds
306860a8: calls $0.15
*** FLOP *** [Qh 2h 5s]
306860a8: checks
36c7ce86: bets $0.32
306860a8: folds
Uncalled bet ($0.32) returned to 36c7ce86
*** SHOWDOWN ***
36c7ce86 collected $0.4 from pot
*** SUMMARY ***
Total pot $0.42 | Rake $0.02 | Jackpot $0 | Bingo $0 | Fortune $0
Board [Qh 2h 5s]
Seat 1: 36c7ce86 won ($0.4)
Seat 2: Hero folded before Flop (didn't bet)
Seat 3: 52659a1e (button) folded before Flop (didn't bet)
Seat 4: 20874154 (small blind) folded before Flop
Seat 5: 306860a8 (big blind) folded on the Flop
Seat 6: 96287789 folded before Flop (didn't bet)


Poker Hand #HD1181466543: Hold'em No Limit  ($0.02/$0.05) - 2023/03/29 20:12:53
Table 'NLHBlue4' 6-max Seat #2 is the button
Seat 1: 36c7ce86 ($4.32 in chips)
Seat 2: Hero ($5.63 in chips)
Seat 3: 52659a1e ($7.47 in chips)
Seat 4: 20874154 ($5.46 in chips)
Seat 5: 306860a8 ($3.93 in chips)
Seat 6: 96287789 ($8.45 in chips)
52659a1e: posts small blind $0.02
20874154: posts big blind $0.05
*** HOLE CARDS ***
Dealt to 36c7ce86 
Dealt to Hero [Qd Qh]
Dealt to 52659a1e 
Dealt to 20874154 
Dealt to 306860a8 
Dealt to 96287789 
306860a8: raises $0.05 to $0.1
96287789: folds
36c7ce86: folds
Hero: raises $0.2 to $0.3
52659a1e: folds
20874154: folds
306860a8: calls $0.2
*** FLOP *** [Ac 7h Ks]
306860a8: checks
Hero: bets $0.34
306860a8: raises $0.51 to $0.85
Hero: folds
Uncalled bet ($0.51) returned to 306860a8
*** SHOWDOWN ***
306860a8 collected $1.29 from pot
*** SUMMARY ***
Total pot $1.35 | Rake $0.06 | Jackpot $0 | Bingo $0 | Fortune $0
Board [Ac 7h Ks]
Seat 1: 36c7ce86 folded before Flop (didn't bet)
Seat 2: Hero (button) folded on the Flop
Seat 3: 52659a1e (small blind) folded before Flop
Seat 4: 20874154 (big blind) folded before Flop
Seat 5: 306860a8 won ($1.29)
Seat 6: 96287789 folded before Flop (didn't bet)


Poker Hand #HD1181466479: Hold'em No Limit  ($0.02/$0.05) - 2023/03/29 20:12:31
Table 'NLHBlue4' 6-max Seat #1 is the button
Seat 1: 36c7ce86 ($4.25 in chips)
Seat 2: Hero ($5.65 in chips)
Seat 3: 52659a1e ($7.52 in chips)
Seat 4: 20874154 ($5.46 in chips)
Seat 5: 306860a8 ($3.93 in chips)
Seat 6: 96287789 ($8.45 in chips)
Hero: posts small blind $0.02
52659a1e: posts big blind $0.05
*** HOLE CARDS ***
Dealt to 36c7ce86 
Dealt to Hero [Ks 2s]
Dealt to 52659a1e 
Dealt to 20874154 
Dealt to 306860a8 
Dealt to 96287789 
20874154: folds
306860a8: folds
96287789: folds
36c7ce86: raises $0.1 to $0.15
Hero: folds
52659a1e: folds
Uncalled bet ($0.1) returned to 36c7ce86
*** SHOWDOWN ***
36c7ce86 collected $0.12 from pot
*** SUMMARY ***
Total pot $0.12 | Rake $0 | Jackpot $0 | Bingo $0 | Fortune $0
Seat 1: 36c7ce86 (button) collected ($0.12)
Seat 2: Hero (small blind) folded before Flop
Seat 3: 52659a1e (big blind) folded before Flop
Seat 4: 20874154 folded before Flop (didn't bet)
Seat 5: 306860a8 folded before Flop (didn't bet)
Seat 6: 96287789 folded before Flop (didn't bet)


Poker Hand #HD1181466452: Hold'em No Limit  ($0.02/$0.05) - 2023/03/29 20:12:20
Table 'NLHBlue4' 6-max Seat #6 is the button
Seat 1: 36c7ce86 ($4.27 in chips)
Seat 2: Hero ($5.63 in chips)
Seat 3: 52659a1e ($7.52 in chips)
Seat 4: 20874154 ($5.46 in chips)
Seat 5: 306860a8 ($3.93 in chips)
Seat 6: 96287789 ($8.45 in chips)
36c7ce86: posts small blind $0.02
Hero: posts big blind $0.05
*** HOLE CARDS ***
Dealt to 36c7ce86 
Dealt to Hero [Qc 4c]
Dealt to 52659a1e 
Dealt to 20874154 
Dealt to 306860a8 
Dealt to 96287789 
52659a1e: folds
20874154: folds
306860a8: folds
96287789: folds
36c7ce86: folds
Uncalled bet ($0.03) returned to Hero
*** SHOWDOWN ***
Hero collected $0.04 from pot
*** SUMMARY ***
Total pot $0.04 | Rake $0 | Jackpot $0 | Bingo $0 | Fortune $0
Seat 1: 36c7ce86 (small blind) folded before Flop
Seat 2: Hero (big blind) collected ($0.04)
Seat 3: 52659a1e folded before Flop (didn't bet)
Seat 4: 20874154 folded before Flop (didn't bet)
Seat 5: 306860a8 folded before Flop (didn't bet)
Seat 6: 96287789 (button) folded before Flop (didn't bet)


Poker Hand #HD1181466278: Hold'em No Limit  ($0.02/$0.05) - 2023/03/29 20:11:21
Table 'NLHBlue4' 6-max Seat #5 is the button
Seat 1: 36c7ce86 ($4.6 in chips)
Seat 2: Hero ($5.63 in chips)
Seat 3: 52659a1e ($7.52 in chips)
Seat 4: 20874154 ($5.14 in chips)
Seat 5: 306860a8 ($3.93 in chips)
Seat 6: 96287789 ($8.47 in chips)
96287789: posts small blind $0.02
36c7ce86: posts big blind $0.05
20874154: posts big blind $0.05
20874154: posts missed blind $0.02
*** HOLE CARDS ***
Dealt to 36c7ce86 
Dealt to Hero [4h Qh]
Dealt to 52659a1e 
Dealt to 20874154 
Dealt to 306860a8 
Dealt to 96287789 
Hero: folds
52659a1e: folds
20874154: raises $0.07 to $0.12
306860a8: folds
96287789: folds
36c7ce86: calls $0.07
*** FLOP *** [Ah 3d Th]
36c7ce86: bets $0.21
20874154: calls $0.21
*** TURN *** [Ah 3d Th] [6d]
36c7ce86: checks
20874154: bets $0.53
36c7ce86: folds
Uncalled bet ($0.53) returned to 20874154
*** SHOWDOWN ***
20874154 collected $0.67 from pot
*** SUMMARY ***
Total pot $0.7 | Rake $0.03 | Jackpot $0 | Bingo $0 | Fortune $0
Board [Ah 3d Th 6d]
Seat 1: 36c7ce86 (big blind) folded on the Turn
Seat 2: Hero folded before Flop (didn't bet)
Seat 3: 52659a1e folded before Flop (didn't bet)
Seat 4: 20874154 won ($0.67)
Seat 5: 306860a8 (button) folded before Flop (didn't bet)
Seat 6: 96287789 (small blind) folded before Flop


Poker Hand #HD1181466183: Hold'em No Limit  ($0.02/$0.05) - 2023/03/29 20:10:45
Table 'NLHBlue4' 6-max Seat #3 is the button
Seat 1: 36c7ce86 ($4.6 in chips)
Seat 2: Hero ($5.63 in chips)
Seat 3: 52659a1e ($7.52 in chips)
Seat 5: 306860a8 ($3.88 in chips)
Seat 6: 96287789 ($8.52 in chips)
306860a8: posts small blind $0.02
96287789: posts big blind $0.05
*** HOLE CARDS ***
Dealt to 36c7ce86 
Dealt to Hero [Th 7d]
Dealt to 52659a1e 
Dealt to 306860a8 
Dealt to 96287789 
36c7ce86: folds
Hero: folds
52659a1e: folds
306860a8: raises $0.25 to $0.3
96287789: folds
Uncalled bet ($0.25) returned to 306860a8
*** SHOWDOWN ***
306860a8 collected $0.1 from pot
*** SUMMARY ***
Total pot $0.1 | Rake $0 | Jackpot $0 | Bingo $0 | Fortune $0
Seat 1: 36c7ce86 folded before Flop (didn't bet)
Seat 2: Hero folded before Flop (didn't bet)
Seat 3: 52659a1e (button) folded before Flop (didn't bet)
Seat 5: 306860a8 (small blind) collected ($0.1)
Seat 6: 96287789 (big blind) folded before Flop


Poker Hand #HD1181466005: Hold'em No Limit  ($0.02/$0.05) - 2023/03/29 20:09:44
Table 'NLHBlue4' 6-max Seat #2 is the button
Seat 1: 36c7ce86 ($4.11 in chips)
Seat 2: Hero ($5.63 in chips)
Seat 3: 52659a1e ($7.54 in chips)
Seat 5: 306860a8 ($4.4 in chips)
Seat 6: 96287789 ($8.52 in chips)
52659a1e: posts small blind $0.02
306860a8: posts big blind $0.05
*** HOLE CARDS ***
Dealt to 36c7ce86 
Dealt to Hero [Qd 9h]
Dealt to 52659a1e 
Dealt to 306860a8 
Dealt to 96287789 
96287789: folds
36c7ce86: raises $0.15 to $0.2
Hero: folds
52659a1e: folds
306860a8: calls $0.15
*** FLOP *** [Js 2c Qh]
306860a8: checks
36c7ce86: bets $0.32
306860a8: calls $0.32
*** TURN *** [Js 2c Qh] [3h]
306860a8: checks
36c7ce86: bets $0.8
306860a8: folds
Uncalled bet ($0.8) returned to 36c7ce86
*** SHOWDOWN ***
36c7ce86 collected $1.01 from pot
*** SUMMARY ***
Total pot $1.06 | Rake $0.05 | Jackpot $0 | Bingo $0 | Fortune $0
Board [Js 2c Qh 3h]
Seat 1: 36c7ce86 won ($1.01)
Seat 2: Hero (button) folded before Flop (didn't bet)
Seat 3: 52659a1e (small blind) folded before Flop
Seat 5: 306860a8 (big blind) folded on the Turn
Seat 6: 96287789 folded before Flop (didn't bet)


Poker Hand #HD1181465882: Hold'em No Limit  ($0.02/$0.05) - 2023/03/29 20:09:03
Table 'NLHBlue4' 6-max Seat #1 is the button
Seat 1: 36c7ce86 ($3.95 in chips)
Seat 2: Hero ($5.65 in chips)
Seat 3: 52659a1e ($7.69 in chips)
Seat 5: 306860a8 ($4.4 in chips)
Seat 6: 96287789 ($8.52 in chips)
Hero: posts small blind $0.02
52659a1e: posts big blind $0.05
*** HOLE CARDS ***
Dealt to 36c7ce86 
Dealt to Hero [6h Qh]
Dealt to 52659a1e 
Dealt to 306860a8 
Dealt to 96287789 
306860a8: folds
96287789: folds
36c7ce86: raises $0.1 to $0.15
Hero: folds
52659a1e: calls $0.1
*** FLOP *** [3s 9h 4c]
52659a1e: checks
36c7ce86: bets $0.24
52659a1e: folds
Uncalled bet ($0.24) returned to 36c7ce86
*** SHOWDOWN ***
36c7ce86 collected $0.31 from pot
*** SUMMARY ***
Total pot $0.32 | Rake $0.01 | Jackpot $0 | Bingo $0 | Fortune $0
Board [3s 9h 4c]
Seat 1: 36c7ce86 (button) won ($0.31)
Seat 2: Hero (small blind) folded before Flop
Seat 3: 52659a1e (big blind) folded on the Flop
Seat 5: 306860a8 folded before Flop (didn't bet)
Seat 6: 96287789 folded before Flop (didn't bet)


Poker Hand #HD1181465713: Hold'em No Limit  ($0.02/$0.05) - 2023/03/29 20:08:01
Table 'NLHBlue4' 6-max Seat #6 is the button
Seat 1: 36c7ce86 ($4.55 in chips)
Seat 2: Hero ($5.11 in chips)
Seat 3: 52659a1e ($7.69 in chips)
Seat 5: 306860a8 ($4.4 in chips)
Seat 6: 96287789 ($8.52 in chips)
36c7ce86: posts small blind $0.02
Hero: posts big blind $0.05
*** HOLE CARDS ***
Dealt to 36c7ce86 
Dealt to Hero [7c 7h]
Dealt to 52659a1e 
Dealt to 306860a8 
Dealt to 96287789 
52659a1e: folds
306860a8: folds
96287789: folds
36c7ce86: raises $0.05 to $0.1
Hero: raises $0.2 to $0.3
36c7ce86: calls $0.2
*** FLOP *** [6h Th 8h]
36c7ce86: checks
Hero: bets $0.3
36c7ce86: calls $0.3
*** TURN *** [6h Th 8h] [Kc]
36c7ce86: checks
Hero: bets $0.68
36c7ce86: folds
Uncalled bet ($0.68) returned to Hero
*** SHOWDOWN ***
Hero collected $1.14 from pot
*** SUMMARY ***
Total pot $1.2 | Rake $0.06 | Jackpot $0 | Bingo $0 | Fortune $0
Board [6h Th 8h Kc]
Seat 1: 36c7ce86 (small blind) folded on the Turn
Seat 2: Hero (big blind) won ($1.14)
Seat 3: 52659a1e folded before Flop (didn't bet)
Seat 5: 306860a8 folded before Flop (didn't bet)
Seat 6: 96287789 (button) folded before Flop (didn't bet)


Poker Hand #HD1181395615: Hold'em No Limit  ($0.02/$0.05) - 2023/03/29 20:07:28
Table 'NLHBlue4' 6-max Seat #5 is the button
Seat 1: 36c7ce86 ($4.6 in chips)
Seat 2: Hero ($5.11 in chips)
Seat 3: 52659a1e ($7.69 in chips)
Seat 5: 306860a8 ($4.4 in chips)
Seat 6: 96287789 ($8.47 in chips)
96287789: posts small blind $0.02
36c7ce86: posts big blind $0.05
*** HOLE CARDS ***
Dealt to 36c7ce86 
Dealt to Hero [Qs Jh]
Dealt to 52659a1e 
Dealt to 306860a8 
Dealt to 96287789 
Hero: folds
52659a1e: folds
306860a8: folds
96287789: raises $0.15 to $0.2
36c7ce86: folds
Uncalled bet ($0.15) returned to 96287789
*** SHOWDOWN ***
96287789 collected $0.1 from pot
*** SUMMARY ***
Total pot $0.1 | Rake $0 | Jackpot $0 | Bingo $0 | Fortune $0
Seat 1: 36c7ce86 (big blind) folded before Flop
Seat 2: Hero folded before Flop (didn't bet)
Seat 3: 52659a1e folded before Flop (didn't bet)
Seat 5: 306860a8 (button) folded before Flop (didn't bet)
Seat 6: 96287789 (small blind) collected ($0.1)


Poker Hand #HD1181395399: Hold'em No Limit  ($0.02/$0.05) - 2023/03/29 20:06:13
Table 'NLHBlue4' 6-max Seat #4 is the button
Seat 2: Hero ($5.11 in chips)
Seat 3: 52659a1e ($7.08 in chips)
Seat 4: 20874154 ($5.14 in chips)
Seat 5: 306860a8 ($5.02 in chips)
Seat 6: 96287789 ($8.52 in chips)
306860a8: posts small blind $0.02
96287789: posts big blind $0.05
*** HOLE CARDS ***
Dealt to Hero [Qd 6s]
Dealt to 52659a1e 
Dealt to 20874154 
Dealt to 306860a8 
Dealt to 96287789 
Hero: folds
52659a1e: raises $0.1 to $0.15
20874154: folds
306860a8: calls $0.13
96287789: folds
*** FLOP *** [Ks 9d 2d]
306860a8: bets $0.12
52659a1e: calls $0.12
*** TURN *** [Ks 9d 2d] [5h]
306860a8: bets $0.35
52659a1e: raises $0.85 to $1.2
306860a8: folds
Uncalled bet ($0.85) returned to 52659a1e
*** SHOWDOWN ***
52659a1e collected $1.23 from pot
*** SUMMARY ***
Total pot $1.29 | Rake $0.06 | Jackpot $0 | Bingo $0 | Fortune $0
Board [Ks 9d 2d 5h]
Seat 2: Hero folded before Flop (didn't bet)
Seat 3: 52659a1e won ($1.23)
Seat 4: 20874154 (button) folded before Flop (didn't bet)
Seat 5: 306860a8 (small blind) folded on the Turn
Seat 6: 96287789 (big blind) folded before Flop


Poker Hand #HD1181395340: Hold'em No Limit  ($0.02/$0.05) - 2023/03/29 20:05:52
Table 'NLHBlue4' 6-max Seat #3 is the button
Seat 2: Hero ($5.11 in chips)
Seat 3: 52659a1e ($7.08 in chips)
Seat 4: 20874154 ($5.16 in chips)
Seat 5: 306860a8 ($5 in chips)
Seat 6: 96287789 ($8.52 in chips)
20874154: posts small blind $0.02
306860a8: posts big blind $0.05
*** HOLE CARDS ***
Dealt to Hero [6s 4s]
Dealt to 52659a1e 
Dealt to 20874154 
Dealt to 306860a8 
Dealt to 96287789 
96287789: folds
Hero: folds
52659a1e: folds
20874154: folds
Uncalled bet ($0.03) returned to 306860a8
*** SHOWDOWN ***
306860a8 collected $0.04 from pot
*** SUMMARY ***
Total pot $0.04 | Rake $0 | Jackpot $0 | Bingo $0 | Fortune $0
Seat 2: Hero folded before Flop (didn't bet)
Seat 3: 52659a1e (button) folded before Flop (didn't bet)
Seat 4: 20874154 (small blind) folded before Flop
Seat 5: 306860a8 (big blind) collected ($0.04)
Seat 6: 96287789 folded before Flop (didn't bet)


Poker Hand #HD1181395263: Hold'em No Limit  ($0.02/$0.05) - 2023/03/29 20:05:25
Table 'NLHBlue4' 6-max Seat #2 is the button
Seat 2: Hero ($5.11 in chips)
Seat 3: 52659a1e ($7.03 in chips)
Seat 4: 20874154 ($5.21 in chips)
Seat 6: 96287789 ($8.52 in chips)
52659a1e: posts small blind $0.02
20874154: posts big blind $0.05
*** HOLE CARDS ***
Dealt to Hero [Kd 7c]
Dealt to 52659a1e 
Dealt to 20874154 
Dealt to 96287789 
96287789: folds
Hero: folds
52659a1e: raises $0.12 to $0.17
20874154: folds
Uncalled bet ($0.12) returned to 52659a1e
*** SHOWDOWN ***
52659a1e collected $0.1 from pot
*** SUMMARY ***
Total pot $0.1 | Rake $0 | Jackpot $0 | Bingo $0 | Fortune $0
Seat 2: Hero (button) folded before Flop (didn't bet)
Seat 3: 52659a1e (small blind) collected ($0.1)
Seat 4: 20874154 (big blind) folded before Flop
Seat 6: 96287789 folded before Flop (didn't bet)


Poker Hand #HD1181395145: Hold'em No Limit  ($0.02/$0.05) - 2023/03/29 20:04:38
Table 'NLHBlue4' 6-max Seat #6 is the button
Seat 2: Hero ($5.13 in chips)
Seat 3: 52659a1e ($6.87 in chips)
Seat 4: 20874154 ($5.21 in chips)
Seat 6: 96287789 ($8.67 in chips)
Hero: posts small blind $0.02
52659a1e: posts big blind $0.05
*** HOLE CARDS ***
Dealt to Hero [2h Qd]
Dealt to 52659a1e 
Dealt to 20874154 
Dealt to 96287789 
20874154: folds
96287789: raises $0.1 to $0.15
Hero: folds
52659a1e: calls $0.1
*** FLOP *** [6h 7d Qh]
52659a1e: bets $0.16
96287789: folds
Uncalled bet ($0.16) returned to 52659a1e
*** SHOWDOWN ***
52659a1e collected $0.31 from pot
*** SUMMARY ***
Total pot $0.32 | Rake $0.01 | Jackpot $0 | Bingo $0 | Fortune $0
Board [6h 7d Qh]
Seat 2: Hero (small blind) folded before Flop
Seat 3: 52659a1e (big blind) won ($0.31)
Seat 4: 20874154 folded before Flop (didn't bet)
Seat 6: 96287789 (button) folded on the Flop


Poker Hand #HD1181394958: Hold'em No Limit  ($0.02/$0.05) - 2023/03/29 20:03:35
Table 'NLHBlue4' 6-max Seat #4 is the button
Seat 2: Hero ($5.13 in chips)
Seat 3: 52659a1e ($6.87 in chips)
Seat 4: 20874154 ($5.21 in chips)
Seat 5: 36a5ea55 ($3.05 in chips)
Seat 6: 96287789 ($5.97 in chips)
36a5ea55: posts small blind $0.02
96287789: posts big blind $0.05
*** HOLE CARDS ***
Dealt to Hero [9d Kh]
Dealt to 52659a1e 
Dealt to 20874154 
Dealt to 36a5ea55 
Dealt to 96287789 
Hero: folds
52659a1e: folds
20874154: folds
36a5ea55: calls $0.03
96287789: raises $0.13 to $0.18
36a5ea55: calls $0.13
*** FLOP *** [6d 2c 5c]
36a5ea55: bets $0.12
96287789: raises $0.28 to $0.4
36a5ea55: calls $0.28
*** TURN *** [6d 2c 5c] [8d]
36a5ea55: checks
96287789: bets $0.5
36a5ea55: calls $0.5
*** RIVER *** [6d 2c 5c 8d] [Ad]
36a5ea55: bets $1.97 and is all-in
96287789: calls $1.97
36a5ea55: shows [Tc Qc] (Ace-High)
96287789: shows [2d 5d] (Ace High Flush)
*** SHOWDOWN ***
96287789 collected $5.75 from pot
*** SUMMARY ***
Total pot $6.1 | Rake $0.3 | Jackpot $0.05 | Bingo $0 | Fortune $0
Board [6d 2c 5c 8d Ad]
Seat 2: Hero folded before Flop (didn't bet)
Seat 3: 52659a1e folded before Flop (didn't bet)
Seat 4: 20874154 (button) folded before Flop (didn't bet)
Seat 5: 36a5ea55 (small blind) showed [Tc Qc] and lost with Ace-High
Seat 6: 96287789 (big blind) showed [2d 5d] and won ($5.75) with Ace High Flush


Poker Hand #HD1181394885: Hold'em No Limit  ($0.02/$0.05) - 2023/03/29 20:03:08
Table 'NLHBlue4' 6-max Seat #3 is the button
Seat 2: Hero ($5 in chips)
Seat 3: 52659a1e ($6.87 in chips)
Seat 4: 20874154 ($5.23 in chips)
Seat 5: 36a5ea55 ($3.17 in chips)
Seat 6: 96287789 ($5.97 in chips)
20874154: posts small blind $0.02
36a5ea55: posts big blind $0.05
*** HOLE CARDS ***
Dealt to Hero [Th Ac]
Dealt to 52659a1e 
Dealt to 20874154 
Dealt to 36a5ea55 
Dealt to 96287789 
96287789: folds
Hero: raises $0.07 to $0.12
52659a1e: folds
20874154: folds
36a5ea55: calls $0.07
*** FLOP *** [Ks 3h 4s]
36a5ea55: checks
Hero: checks
*** TURN *** [Ks 3h 4s] [Jd]
36a5ea55: checks
Hero: bets $0.13
36a5ea55: folds
Uncalled bet ($0.13) returned to Hero
*** SHOWDOWN ***
Hero collected $0.25 from pot
*** SUMMARY ***
Total pot $0.26 | Rake $0.01 | Jackpot $0 | Bingo $0 | Fortune $0
Board [Ks 3h 4s Jd]
Seat 2: Hero won ($0.25)
Seat 3: 52659a1e (button) folded before Flop (didn't bet)
Seat 4: 20874154 (small blind) folded before Flop
Seat 5: 36a5ea55 (big blind) folded on the Turn
Seat 6: 96287789 folded before Flop (didn't bet)


Poker Hand #HD1181394766: Hold'em No Limit  ($0.02/$0.05) - 2023/03/29 20:02:27
Table 'NLHBlue4' 6-max Seat #2 is the button
Seat 2: Hero ($5 in chips)
Seat 3: 52659a1e ($6.99 in chips)
Seat 4: 20874154 ($5 in chips)
Seat 5: 36a5ea55 ($3.17 in chips)
Seat 6: 96287789 ($5.97 in chips)
52659a1e: posts small blind $0.02
20874154: posts big blind $0.05
*** HOLE CARDS ***
Dealt to Hero [Qc 6c]
Dealt to 52659a1e 
Dealt to 20874154 
Dealt to 36a5ea55 
Dealt to 96287789 
36a5ea55: folds
96287789: folds
Hero: raises $0.07 to $0.12
52659a1e: calls $0.1
20874154: raises $0.46 to $0.58
Hero: folds
52659a1e: folds
Uncalled bet ($0.46) returned to 20874154
*** SHOWDOWN ***
20874154 collected $0.35 from pot
*** SUMMARY ***
Total pot $0.36 | Rake $0.01 | Jackpot $0 | Bingo $0 | Fortune $0
Seat 2: Hero (button) folded before Flop
Seat 3: 52659a1e (small blind) folded before Flop
Seat 4: 20874154 (big blind) collected ($0.35)
Seat 5: 36a5ea55 folded before Flop (didn't bet)
Seat 6: 96287789 folded before Flop (didn't bet)


Poker Hand #HD1181394417: Hold'em No Limit  ($0.02/$0.05) - 2023/03/29 20:00:31
Table 'NLHBlue4' 6-max Seat #1 is the button
Seat 1: 481496e8 ($1.09 in chips)
Seat 2: Hero ($5.19 in chips)
Seat 3: 52659a1e ($8.03 in chips)
Seat 5: 36a5ea55 ($1.14 in chips)
Seat 6: 96287789 ($5.97 in chips)
Hero: posts small blind $0.02
52659a1e: posts big blind $0.05
*** HOLE CARDS ***
Dealt to 481496e8 
Dealt to Hero [9s 9h]
Dealt to 52659a1e 
Dealt to 36a5ea55 
Dealt to 96287789 
36a5ea55: calls $0.05
96287789: folds
481496e8: folds
Hero: raises $0.15 to $0.2
52659a1e: calls $0.15
36a5ea55: calls $0.15
*** FLOP *** [Qd 3d 8h]
Hero: bets $0.3
52659a1e: calls $0.3
36a5ea55: calls $0.3
*** TURN *** [Qd 3d 8h] [5c]
Hero: bets $0.75
52659a1e: calls $0.75
36a5ea55: calls $0.64 and is all-in
*** RIVER *** [Qd 3d 8h 5c] [7h]
Hero: checks
52659a1e: checks
Hero: shows [9s 9h] (Pair of Nines)
52659a1e: shows [Jd Qh] (Pair of Queens)
36a5ea55: shows [5s Qc] (Pair of Queens and Pair of Fives)
*** SHOWDOWN ***
36a5ea55 collected $3.17 from pot
52659a1e collected $0.21 from pot
*** SUMMARY ***
Total pot $3.64 | Rake $0.21 | Jackpot $0.05 | Bingo $0 | Fortune $0
Board [Qd 3d 8h 5c 7h]
Seat 1: 481496e8 (button) folded before Flop (didn't bet)
Seat 2: Hero (small blind) showed [9s 9h] and lost with Pair of Nines
Seat 3: 52659a1e (big blind) showed [Jd Qh] and won ($0.21) with Pair of Queens
Seat 5: 36a5ea55 showed [5s Qc] and won ($3.17) with Pair of Queens and Pair of Fives
Seat 6: 96287789 folded before Flop (didn't bet)


Poker Hand #HD1181394341: Hold'em No Limit  ($0.02/$0.05) - 2023/03/29 20:00:07
Table 'NLHBlue4' 6-max Seat #6 is the button
Seat 1: 481496e8 ($1.11 in chips)
Seat 2: Hero ($5.17 in chips)
Seat 3: 52659a1e ($8.03 in chips)
Seat 5: 36a5ea55 ($1.14 in chips)
Seat 6: 96287789 ($5.97 in chips)
481496e8: posts small blind $0.02
Hero: posts big blind $0.05
*** HOLE CARDS ***
Dealt to 481496e8 
Dealt to Hero [3d As]
Dealt to 52659a1e 
Dealt to 36a5ea55 
Dealt to 96287789 
52659a1e: folds
36a5ea55: folds
96287789: folds
481496e8: folds
Uncalled bet ($0.03) returned to Hero
*** SHOWDOWN ***
Hero collected $0.04 from pot
*** SUMMARY ***
Total pot $0.04 | Rake $0 | Jackpot $0 | Bingo $0 | Fortune $0
Seat 1: 481496e8 (small blind) folded before Flop
Seat 2: Hero (big blind) collected ($0.04)
Seat 3: 52659a1e folded before Flop (didn't bet)
Seat 5: 36a5ea55 folded before Flop (didn't bet)
Seat 6: 96287789 (button) folded before Flop (didn't bet)


Poker Hand #HD1181394134: Hold'em No Limit  ($0.02/$0.05) - 2023/03/29 19:58:54
Table 'NLHBlue4' 6-max Seat #5 is the button
Seat 1: 481496e8 ($1.17 in chips)
Seat 2: Hero ($5.17 in chips)
Seat 3: 52659a1e ($8.03 in chips)
Seat 5: 36a5ea55 ($1.22 in chips)
Seat 6: 96287789 ($5.99 in chips)
96287789: posts small blind $0.02
481496e8: posts big blind $0.05
*** HOLE CARDS ***
Dealt to 481496e8 
Dealt to Hero [5s Kc]
Dealt to 52659a1e 
Dealt to 36a5ea55 
Dealt to 96287789 
Hero: folds
52659a1e: folds
36a5ea55: raises $0.05 to $0.1
96287789: folds
481496e8: raises $0.22 to $0.32
36a5ea55: calls $0.22
*** FLOP *** [7s 8c 4h]
481496e8: bets $0.33
36a5ea55: raises $0.57 to $0.9 and is all-in
481496e8: calls $0.52 and is all-in
Uncalled bet ($0.05) returned to 36a5ea55
36a5ea55: shows [4c 4d] (Three Fours)
481496e8: shows [Ac Ad] (Pair of Aces)
*** TURN *** [7s 8c 4h] [6h]
*** RIVER *** [7s 8c 4h 6h] [5c]
*** SHOWDOWN ***
481496e8 collected $1.11 from pot
36a5ea55 collected $1.09 from pot
*** SUMMARY ***
Total pot $2.36 | Rake $0.11 | Jackpot $0.05 | Bingo $0 | Fortune $0
Board [7s 8c 4h 6h 5c]
Seat 1: 481496e8 (big blind) showed [Ac Ad] and won ($1.11) with Eights-High Straight
Seat 2: Hero folded before Flop (didn't bet)
Seat 3: 52659a1e folded before Flop (didn't bet)
Seat 5: 36a5ea55 (button) showed [4c 4d] and won ($1.09) with Eights-High Straight
Seat 6: 96287789 (small blind) folded before Flop


Poker Hand #HD1181394001: Hold'em No Limit  ($0.02/$0.05) - 2023/03/29 19:58:13
Table 'NLHBlue4' 6-max Seat #3 is the button
Seat 1: 481496e8 ($1.17 in chips)
Seat 2: Hero ($5.17 in chips)
Seat 3: 52659a1e ($8.03 in chips)
Seat 5: 36a5ea55 ($1.42 in chips)
Seat 6: 96287789 ($5.81 in chips)
36a5ea55: posts small blind $0.02
96287789: posts big blind $0.05
*** HOLE CARDS ***
Dealt to 481496e8 
Dealt to Hero [9c 8h]
Dealt to 52659a1e 
Dealt to 36a5ea55 
Dealt to 96287789 
481496e8: folds
Hero: folds
52659a1e: folds
36a5ea55: raises $0.05 to $0.1
96287789: calls $0.05
*** FLOP *** [Qh 3s Qs]
36a5ea55: checks
96287789: bets $0.1
36a5ea55: calls $0.1
*** TURN *** [Qh 3s Qs] [4s]
36a5ea55: checks
96287789: checks
*** RIVER *** [Qh 3s Qs 4s] [Qd]
36a5ea55: checks
96287789: checks
36a5ea55: shows [Js Ah] (Three Queens)
96287789: shows [7s 4c] (Queens Full over Fours)
*** SHOWDOWN ***
96287789 collected $0.38 from pot
*** SUMMARY ***
Total pot $0.4 | Rake $0.02 | Jackpot $0 | Bingo $0 | Fortune $0
Board [Qh 3s Qs 4s Qd]
Seat 1: 481496e8 folded before Flop (didn't bet)
Seat 2: Hero folded before Flop (didn't bet)
Seat 3: 52659a1e (button) folded before Flop (didn't bet)
Seat 5: 36a5ea55 (small blind) showed [Js Ah] and lost with Three Queens
Seat 6: 96287789 (big blind) showed [7s 4c] and won ($0.38) with Queens Full over Fours


Poker Hand #HD1181393929: Hold'em No Limit  ($0.02/$0.05) - 2023/03/29 19:57:47
Table 'NLHBlue4' 6-max Seat #2 is the button
Seat 1: 481496e8 ($1.17 in chips)
Seat 2: Hero ($5.17 in chips)
Seat 3: 52659a1e ($8.05 in chips)
Seat 4: 20874154 ($5 in chips)
Seat 5: 36a5ea55 ($1.35 in chips)
Seat 6: 96287789 ($5.81 in chips)
52659a1e: posts small blind $0.02
20874154: posts big blind $0.05
*** HOLE CARDS ***
Dealt to 481496e8 
Dealt to Hero [9s 5d]
Dealt to 52659a1e 
Dealt to 20874154 
Dealt to 36a5ea55 
Dealt to 96287789 
36a5ea55: raises $0.05 to $0.1
96287789: folds
481496e8: folds
Hero: folds
52659a1e: folds
20874154: folds
Uncalled bet ($0.05) returned to 36a5ea55
*** SHOWDOWN ***
36a5ea55 collected $0.12 from pot
*** SUMMARY ***
Total pot $0.12 | Rake $0 | Jackpot $0 | Bingo $0 | Fortune $0
Seat 1: 481496e8 folded before Flop (didn't bet)
Seat 2: Hero (button) folded before Flop (didn't bet)
Seat 3: 52659a1e (small blind) folded before Flop
Seat 4: 20874154 (big blind) folded before Flop
Seat 5: 36a5ea55 collected ($0.12)
Seat 6: 96287789 folded before Flop (didn't bet)


Poker Hand #HD1181393777: Hold'em No Limit  ($0.02/$0.05) - 2023/03/29 19:56:54
Table 'NLHBlue4' 6-max Seat #1 is the button
Seat 1: 481496e8 ($1.17 in chips)
Seat 2: Hero ($5.19 in chips)
Seat 3: 52659a1e ($7.98 in chips)
Seat 5: 36a5ea55 ($1.4 in chips)
Seat 6: 96287789 ($5.81 in chips)
Hero: posts small blind $0.02
52659a1e: posts big blind $0.05
*** HOLE CARDS ***
Dealt to 481496e8 
Dealt to Hero [3d Kd]
Dealt to 52659a1e 
Dealt to 36a5ea55 
Dealt to 96287789 
36a5ea55: calls $0.05
96287789: folds
481496e8: folds
Hero: folds
52659a1e: checks
*** FLOP *** [4h Qc Ts]
52659a1e: checks
36a5ea55: checks
*** TURN *** [4h Qc Ts] [7s]
52659a1e: checks
36a5ea55: checks
*** RIVER *** [4h Qc Ts 7s] [Ac]
52659a1e: checks
36a5ea55: checks
52659a1e: shows [2s Td] (Pair of Tens)
36a5ea55: shows [Jd 7h] (Pair of Sevens)
*** SHOWDOWN ***
52659a1e collected $0.12 from pot
*** SUMMARY ***
Total pot $0.12 | Rake $0 | Jackpot $0 | Bingo $0 | Fortune $0
Board [4h Qc Ts 7s Ac]
Seat 1: 481496e8 (button) folded before Flop (didn't bet)
Seat 2: Hero (small blind) folded before Flop
Seat 3: 52659a1e (big blind) showed [2s Td] and won ($0.12) with Pair of Tens
Seat 5: 36a5ea55 showed [Jd 7h] and lost with Pair of Sevens
Seat 6: 96287789 folded before Flop (didn't bet)


Poker Hand #HD1181393682: Hold'em No Limit  ($0.02/$0.05) - 2023/03/29 19:56:22
Table 'NLHBlue4' 6-max Seat #6 is the button
Seat 1: 481496e8 ($1.19 in chips)
Seat 2: Hero ($5.5 in chips)
Seat 3: 52659a1e ($7.98 in chips)
Seat 5: 36a5ea55 ($1.1 in chips)
Seat 6: 96287789 ($5.81 in chips)
481496e8: posts small blind $0.02
Hero: posts big blind $0.05
*** HOLE CARDS ***
Dealt to 481496e8 
Dealt to Hero [As Jh]
Dealt to 52659a1e 
Dealt to 36a5ea55 
Dealt to 96287789 
52659a1e: folds
36a5ea55: calls $0.05
96287789: folds
481496e8: folds
Hero: raises $0.13 to $0.18
36a5ea55: calls $0.13
*** FLOP *** [Qc 6c 3c]
Hero: bets $0.13
36a5ea55: calls $0.13
*** TURN *** [Qc 6c 3c] [Tc]
Hero: checks
36a5ea55: bets $0.22
Hero: folds
Uncalled bet ($0.22) returned to 36a5ea55
*** SHOWDOWN ***
36a5ea55 collected $0.61 from pot
*** SUMMARY ***
Total pot $0.64 | Rake $0.03 | Jackpot $0 | Bingo $0 | Fortune $0
Board [Qc 6c 3c Tc]
Seat 1: 481496e8 (small blind) folded before Flop
Seat 2: Hero (big blind) folded on the Turn
Seat 3: 52659a1e folded before Flop (didn't bet)
Seat 5: 36a5ea55 won ($0.61)
Seat 6: 96287789 (button) folded before Flop (didn't bet)


Poker Hand #HD1181393575: Hold'em No Limit  ($0.02/$0.05) - 2023/03/29 19:55:47
Table 'NLHBlue4' 6-max Seat #5 is the button
Seat 1: 481496e8 ($1.24 in chips)
Seat 2: Hero ($5.5 in chips)
Seat 3: 52659a1e ($7.98 in chips)
Seat 5: 36a5ea55 ($1.35 in chips)
Seat 6: 96287789 ($5.53 in chips)
96287789: posts small blind $0.02
481496e8: posts big blind $0.05
*** HOLE CARDS ***
Dealt to 481496e8 
Dealt to Hero [5d 4s]
Dealt to 52659a1e 
Dealt to 36a5ea55 
Dealt to 96287789 
Hero: folds
52659a1e: folds
36a5ea55: calls $0.05
96287789: raises $0.2 to $0.25
481496e8: folds
36a5ea55: calls $0.2
*** FLOP *** [8c 9h 2s]
96287789: bets $0.25
36a5ea55: folds
Uncalled bet ($0.25) returned to 96287789
*** SHOWDOWN ***
96287789 collected $0.53 from pot
*** SUMMARY ***
Total pot $0.55 | Rake $0.02 | Jackpot $0 | Bingo $0 | Fortune $0
Board [8c 9h 2s]
Seat 1: 481496e8 (big blind) folded before Flop
Seat 2: Hero folded before Flop (didn't bet)
Seat 3: 52659a1e folded before Flop (didn't bet)
Seat 5: 36a5ea55 (button) folded on the Flop
Seat 6: 96287789 (small blind) won ($0.53)


Poker Hand #HD1181393519: Hold'em No Limit  ($0.02/$0.05) - 2023/03/29 19:55:23
Table 'NLHBlue4' 6-max Seat #3 is the button
Seat 1: 481496e8 ($1.24 in chips)
Seat 2: Hero ($5.5 in chips)
Seat 3: 52659a1e ($7.91 in chips)
Seat 5: 36a5ea55 ($1.37 in chips)
Seat 6: 96287789 ($5.58 in chips)
36a5ea55: posts small blind $0.02
96287789: posts big blind $0.05
*** HOLE CARDS ***
Dealt to 481496e8 
Dealt to Hero [Jc 2c]
Dealt to 52659a1e 
Dealt to 36a5ea55 
Dealt to 96287789 
481496e8: folds
Hero: folds
52659a1e: raises $0.1 to $0.15
36a5ea55: folds
96287789: folds
Uncalled bet ($0.1) returned to 52659a1e
*** SHOWDOWN ***
52659a1e collected $0.12 from pot
*** SUMMARY ***
Total pot $0.12 | Rake $0 | Jackpot $0 | Bingo $0 | Fortune $0
Seat 1: 481496e8 folded before Flop (didn't bet)
Seat 2: Hero folded before Flop (didn't bet)
Seat 3: 52659a1e (button) collected ($0.12)
Seat 5: 36a5ea55 (small blind) folded before Flop
Seat 6: 96287789 (big blind) folded before Flop


Poker Hand #HD1181393134: Hold'em No Limit  ($0.02/$0.05) - 2023/03/29 19:52:58
Table 'NLHBlue4' 6-max Seat #2 is the button
Seat 1: 481496e8 ($1.24 in chips)
Seat 2: Hero ($6.1 in chips)
Seat 3: 52659a1e ($5.09 in chips)
Seat 4: c5d32f53 ($2.5 in chips)
Seat 5: 36a5ea55 ($1.42 in chips)
Seat 6: 96287789 ($5.58 in chips)
52659a1e: posts small blind $0.02
c5d32f53: posts big blind $0.05
*** HOLE CARDS ***
Dealt to 481496e8 
Dealt to Hero [Jh Kh]
Dealt to 52659a1e 
Dealt to c5d32f53 
Dealt to 36a5ea55 
Dealt to 96287789 
36a5ea55: calls $0.05
96287789: folds
481496e8: folds
Hero: raises $0.17 to $0.22
52659a1e: calls $0.2
c5d32f53: raises $0.38 to $0.6
36a5ea55: folds
Hero: calls $0.38
52659a1e: calls $0.38
*** FLOP *** [5c 6s 7c]
52659a1e: checks
c5d32f53: bets $0.62
Hero: folds
52659a1e: calls $0.62
*** TURN *** [5c 6s 7c] [3c]
52659a1e: checks
c5d32f53: bets $1.28 and is all-in
52659a1e: calls $1.28
c5d32f53: shows [Jd Jc] (Pair of Jacks)
52659a1e: shows [9c 8c] (Nine High Flush)
*** RIVER *** [5c 6s 7c 3c] [2d]
*** SHOWDOWN ***
52659a1e collected $5.32 from pot
*** SUMMARY ***
Total pot $5.65 | Rake $0.28 | Jackpot $0.05 | Bingo $0 | Fortune $0
Board [5c 6s 7c 3c 2d]
Seat 1: 481496e8 folded before Flop (didn't bet)
Seat 2: Hero (button) folded on the Flop
Seat 3: 52659a1e (small blind) showed [9c 8c] and won ($5.32) with Nine High Flush
Seat 4: c5d32f53 (big blind) showed [Jd Jc] and lost with Pair of Jacks
Seat 5: 36a5ea55 folded before Flop
Seat 6: 96287789 folded before Flop (didn't bet)


Poker Hand #HD1181393087: Hold'em No Limit  ($0.02/$0.05) - 2023/03/29 19:52:40
Table 'NLHBlue4' 6-max Seat #1 is the button
Seat 1: 481496e8 ($1.24 in chips)
Seat 2: Hero ($6.12 in chips)
Seat 3: 52659a1e ($5.07 in chips)
Seat 4: c5d32f53 ($2.5 in chips)
Seat 5: 36a5ea55 ($1.42 in chips)
Seat 6: 96287789 ($5.58 in chips)
Hero: posts small blind $0.02
52659a1e: posts big blind $0.05
*** HOLE CARDS ***
Dealt to 481496e8 
Dealt to Hero [Tc 4s]
Dealt to 52659a1e 
Dealt to c5d32f53 
Dealt to 36a5ea55 
Dealt to 96287789 
c5d32f53: folds
36a5ea55: folds
96287789: folds
481496e8: folds
Hero: folds
Uncalled bet ($0.03) returned to 52659a1e
*** SHOWDOWN ***
52659a1e collected $0.04 from pot
*** SUMMARY ***
Total pot $0.04 | Rake $0 | Jackpot $0 | Bingo $0 | Fortune $0
Seat 1: 481496e8 (button) folded before Flop (didn't bet)
Seat 2: Hero (small blind) folded before Flop
Seat 3: 52659a1e (big blind) collected ($0.04)
Seat 4: c5d32f53 folded before Flop (didn't bet)
Seat 5: 36a5ea55 folded before Flop (didn't bet)
Seat 6: 96287789 folded before Flop (didn't bet)


Poker Hand #HD1181392952: Hold'em No Limit  ($0.02/$0.05) - 2023/03/29 19:51:52
Table 'NLHBlue4' 6-max Seat #6 is the button
Seat 1: 481496e8 ($1.26 in chips)
Seat 2: Hero ($6.27 in chips)
Seat 3: 52659a1e ($5.22 in chips)
Seat 4: c5d32f53 ($2.5 in chips)
Seat 5: 36a5ea55 ($1.57 in chips)
Seat 6: 96287789 ($5.14 in chips)
481496e8: posts small blind $0.02
Hero: posts big blind $0.05
*** HOLE CARDS ***
Dealt to 481496e8 
Dealt to Hero [Ac 5s]
Dealt to 52659a1e 
Dealt to c5d32f53 
Dealt to 36a5ea55 
Dealt to 96287789 
52659a1e: raises $0.1 to $0.15
c5d32f53: folds
36a5ea55: calls $0.15
96287789: calls $0.15
481496e8: folds
Hero: calls $0.1
*** FLOP *** [Td 2s 7d]
Hero: checks
52659a1e: checks
36a5ea55: checks
96287789: bets $0.3
Hero: folds
52659a1e: folds
36a5ea55: folds
Uncalled bet ($0.3) returned to 96287789
*** SHOWDOWN ***
96287789 collected $0.59 from pot
*** SUMMARY ***
Total pot $0.62 | Rake $0.03 | Jackpot $0 | Bingo $0 | Fortune $0
Board [Td 2s 7d]
Seat 1: 481496e8 (small blind) folded before Flop
Seat 2: Hero (big blind) folded on the Flop
Seat 3: 52659a1e folded on the Flop
Seat 4: c5d32f53 folded before Flop (didn't bet)
Seat 5: 36a5ea55 folded on the Flop
Seat 6: 96287789 (button) won ($0.59)


Poker Hand #HD1181392826: Hold'em No Limit  ($0.02/$0.05) - 2023/03/29 19:51:06
Table 'NLHBlue4' 6-max Seat #5 is the button
Seat 1: 481496e8 ($1.31 in chips)
Seat 2: Hero ($6.27 in chips)
Seat 3: 52659a1e ($5.22 in chips)
Seat 4: c5d32f53 ($2.24 in chips)
Seat 5: 36a5ea55 ($1.78 in chips)
Seat 6: 96287789 ($5.16 in chips)
96287789: posts small blind $0.02
481496e8: posts big blind $0.05
*** HOLE CARDS ***
Dealt to 481496e8 
Dealt to Hero [2s 5c]
Dealt to 52659a1e 
Dealt to c5d32f53 
Dealt to 36a5ea55 
Dealt to 96287789 
Hero: folds
52659a1e: folds
c5d32f53: raises $0.06 to $0.11
36a5ea55: calls $0.11
96287789: folds
481496e8: folds
*** FLOP *** [6d Qh 5d]
c5d32f53: bets $0.1
36a5ea55: calls $0.1
*** TURN *** [6d Qh 5d] [4c]
c5d32f53: bets $0.23
36a5ea55: folds
Uncalled bet ($0.23) returned to c5d32f53
*** SHOWDOWN ***
c5d32f53 collected $0.47 from pot
*** SUMMARY ***
Total pot $0.49 | Rake $0.02 | Jackpot $0 | Bingo $0 | Fortune $0
Board [6d Qh 5d 4c]
Seat 1: 481496e8 (big blind) folded before Flop
Seat 2: Hero folded before Flop (didn't bet)
Seat 3: 52659a1e folded before Flop (didn't bet)
Seat 4: c5d32f53 won ($0.47)
Seat 5: 36a5ea55 (button) folded on the Turn
Seat 6: 96287789 (small blind) folded before Flop


Poker Hand #HD1181392626: Hold'em No Limit  ($0.02/$0.05) - 2023/03/29 19:50:01
Table 'NLHBlue4' 6-max Seat #4 is the button
Seat 2: Hero ($6.27 in chips)
Seat 3: 52659a1e ($5.37 in chips)
Seat 4: c5d32f53 ($2.24 in chips)
Seat 5: 36a5ea55 ($1.8 in chips)
Seat 6: 96287789 ($5 in chips)
36a5ea55: posts small blind $0.02
96287789: posts big blind $0.05
*** HOLE CARDS ***
Dealt to Hero [Jd 7s]
Dealt to 52659a1e 
Dealt to c5d32f53 
Dealt to 36a5ea55 
Dealt to 96287789 
Hero: folds
52659a1e: raises $0.1 to $0.15
c5d32f53: folds
36a5ea55: folds
96287789: calls $0.1
*** FLOP *** [4c 6s 8c]
96287789: bets $0.13
52659a1e: folds
Uncalled bet ($0.13) returned to 96287789
*** SHOWDOWN ***
96287789 collected $0.31 from pot
*** SUMMARY ***
Total pot $0.32 | Rake $0.01 | Jackpot $0 | Bingo $0 | Fortune $0
Board [4c 6s 8c]
Seat 2: Hero folded before Flop (didn't bet)
Seat 3: 52659a1e folded on the Flop
Seat 4: c5d32f53 (button) folded before Flop (didn't bet)
Seat 5: 36a5ea55 (small blind) folded before Flop
Seat 6: 96287789 (big blind) won ($0.31)


Poker Hand #HD1181392517: Hold'em No Limit  ($0.02/$0.05) - 2023/03/29 19:49:24
Table 'NLHBlue4' 6-max Seat #3 is the button
Seat 2: Hero ($6.27 in chips)
Seat 3: 52659a1e ($5.21 in chips)
Seat 4: c5d32f53 ($2.26 in chips)
Seat 5: 36a5ea55 ($1.95 in chips)
c5d32f53: posts small blind $0.02
36a5ea55: posts big blind $0.05
*** HOLE CARDS ***
Dealt to Hero [4s Kh]
Dealt to 52659a1e 
Dealt to c5d32f53 
Dealt to 36a5ea55 
Hero: folds
52659a1e: raises $0.1 to $0.15
c5d32f53: folds
36a5ea55: calls $0.1
*** FLOP *** [Qs 8h 6d]
36a5ea55: checks
52659a1e: bets $0.16
36a5ea55: folds
Uncalled bet ($0.16) returned to 52659a1e
*** SHOWDOWN ***
52659a1e collected $0.31 from pot
*** SUMMARY ***
Total pot $0.32 | Rake $0.01 | Jackpot $0 | Bingo $0 | Fortune $0
Board [Qs 8h 6d]
Seat 2: Hero folded before Flop (didn't bet)
Seat 3: 52659a1e (button) won ($0.31)
Seat 4: c5d32f53 (small blind) folded before Flop
Seat 5: 36a5ea55 (big blind) folded on the Flop


Poker Hand #HD1181392455: Hold'em No Limit  ($0.02/$0.05) - 2023/03/29 19:49:00
Table 'NLHBlue4' 6-max Seat #2 is the button
Seat 2: Hero ($6.27 in chips)
Seat 3: 52659a1e ($5.11 in chips)
Seat 4: c5d32f53 ($2.31 in chips)
Seat 5: 36a5ea55 ($2 in chips)
52659a1e: posts small blind $0.02
c5d32f53: posts big blind $0.05
36a5ea55: posts big blind $0.05
*** HOLE CARDS ***
Dealt to Hero [9h 3d]
Dealt to 52659a1e 
Dealt to c5d32f53 
Dealt to 36a5ea55 
36a5ea55: checks
Hero: folds
52659a1e: raises $0.15 to $0.2
c5d32f53: folds
36a5ea55: folds
Uncalled bet ($0.15) returned to 52659a1e
*** SHOWDOWN ***
52659a1e collected $0.15 from pot
*** SUMMARY ***
Total pot $0.15 | Rake $0 | Jackpot $0 | Bingo $0 | Fortune $0
Seat 2: Hero (button) folded before Flop (didn't bet)
Seat 3: 52659a1e (small blind) collected ($0.15)
Seat 4: c5d32f53 (big blind) folded before Flop
Seat 5: 36a5ea55 folded before Flop


Poker Hand #HD1181392438: Hold'em No Limit  ($0.02/$0.05) - 2023/03/29 19:48:55
Table 'NLHBlue4' 6-max Seat #4 is the button
Seat 2: Hero ($6.29 in chips)
Seat 3: 52659a1e ($5.09 in chips)
Seat 4: c5d32f53 ($2.31 in chips)
Hero: posts small blind $0.02
52659a1e: posts big blind $0.05
*** HOLE CARDS ***
Dealt to Hero [5d 9s]
Dealt to 52659a1e 
Dealt to c5d32f53 
c5d32f53: folds
Hero: folds
Uncalled bet ($0.03) returned to 52659a1e
*** SHOWDOWN ***
52659a1e collected $0.04 from pot
*** SUMMARY ***
Total pot $0.04 | Rake $0 | Jackpot $0 | Bingo $0 | Fortune $0
Seat 2: Hero (small blind) folded before Flop
Seat 3: 52659a1e (big blind) collected ($0.04)
Seat 4: c5d32f53 (button) folded before Flop (didn't bet)


Poker Hand #HD1181392385: Hold'em No Limit  ($0.02/$0.05) - 2023/03/29 19:48:35
Table 'NLHBlue4' 6-max Seat #3 is the button
Seat 2: Hero ($6.34 in chips)
Seat 3: 52659a1e ($5.09 in chips)
Seat 4: c5d32f53 ($2.26 in chips)
c5d32f53: posts small blind $0.02
Hero: posts big blind $0.05
*** HOLE CARDS ***
Dealt to Hero [Jc 8s]
Dealt to 52659a1e 
Dealt to c5d32f53 
52659a1e: folds
c5d32f53: raises $0.06 to $0.11
Hero: folds
Uncalled bet ($0.06) returned to c5d32f53
*** SHOWDOWN ***
c5d32f53 collected $0.1 from pot
*** SUMMARY ***
Total pot $0.1 | Rake $0 | Jackpot $0 | Bingo $0 | Fortune $0
Seat 2: Hero (big blind) folded before Flop
Seat 3: 52659a1e (button) folded before Flop (didn't bet)
Seat 4: c5d32f53 (small blind) collected ($0.1)


Poker Hand #HD1181392165: Hold'em No Limit  ($0.02/$0.05) - 2023/03/29 19:47:16
Table 'NLHBlue4' 6-max Seat #2 is the button
Seat 2: Hero ($6.34 in chips)
Seat 3: 52659a1e ($5.2 in chips)
Seat 4: c5d32f53 ($2.31 in chips)
Seat 5: 226dc68f ($7.44 in chips)
Seat 6: d139e12 ($10.47 in chips)
52659a1e: posts small blind $0.02
c5d32f53: posts big blind $0.05
*** HOLE CARDS ***
Dealt to Hero [8h Ac]
Dealt to 52659a1e 
Dealt to c5d32f53 
Dealt to 226dc68f 
Dealt to d139e12 
226dc68f: calls $0.05
d139e12: raises $0.06 to $0.11
Hero: folds
52659a1e: calls $0.09
c5d32f53: folds
226dc68f: calls $0.06
*** FLOP *** [6c Ts 3s]
52659a1e: checks
226dc68f: checks
d139e12: checks
*** TURN *** [6c Ts 3s] [Ks]
52659a1e: checks
226dc68f: checks
d139e12: checks
*** RIVER *** [6c Ts 3s Ks] [Td]
52659a1e: checks
226dc68f: checks
d139e12: checks
52659a1e: shows [Jc 9c] (Pair of Tens)
226dc68f: shows [8s 8d] (Pair of Tens and Pair of Eights)
d139e12: shows [5h Ah] (Pair of Tens)
*** SHOWDOWN ***
226dc68f collected $0.37 from pot
*** SUMMARY ***
Total pot $0.38 | Rake $0.01 | Jackpot $0 | Bingo $0 | Fortune $0
Board [6c Ts 3s Ks Td]
Seat 2: Hero (button) folded before Flop (didn't bet)
Seat 3: 52659a1e (small blind) showed [Jc 9c] and lost with Pair of Tens
Seat 4: c5d32f53 (big blind) folded before Flop
Seat 5: 226dc68f showed [8s 8d] and won ($0.37) with Pair of Tens and Pair of Eights
Seat 6: d139e12 showed [5h Ah] and lost with Pair of Tens


Poker Hand #HD1181392036: Hold'em No Limit  ($0.02/$0.05) - 2023/03/29 19:46:27
Table 'NLHBlue4' 6-max Seat #1 is the button
Seat 1: ccc087c3 ($6 in chips)
Seat 2: Hero ($6.36 in chips)
Seat 3: 52659a1e ($5.25 in chips)
Seat 4: c5d32f53 ($2.31 in chips)
Seat 5: 226dc68f ($7.37 in chips)
Seat 6: d139e12 ($10.47 in chips)
Hero: posts small blind $0.02
52659a1e: posts big blind $0.05
*** HOLE CARDS ***
Dealt to ccc087c3 
Dealt to Hero [Td 3d]
Dealt to 52659a1e 
Dealt to c5d32f53 
Dealt to 226dc68f 
Dealt to d139e12 
c5d32f53: folds
226dc68f: calls $0.05
d139e12: folds
ccc087c3: folds
Hero: folds
52659a1e: checks
*** FLOP *** [4d As Qs]
52659a1e: checks
226dc68f: bets $0.08
52659a1e: folds
Uncalled bet ($0.08) returned to 226dc68f
*** SHOWDOWN ***
226dc68f collected $0.12 from pot
*** SUMMARY ***
Total pot $0.12 | Rake $0 | Jackpot $0 | Bingo $0 | Fortune $0
Board [4d As Qs]
Seat 1: ccc087c3 (button) folded before Flop (didn't bet)
Seat 2: Hero (small blind) folded before Flop
Seat 3: 52659a1e (big blind) folded on the Flop
Seat 4: c5d32f53 folded before Flop (didn't bet)
Seat 5: 226dc68f won ($0.12)
Seat 6: d139e12 folded before Flop (didn't bet)


Poker Hand #HD1181391952: Hold'em No Limit  ($0.02/$0.05) - 2023/03/29 19:46:00
Table 'NLHBlue4' 6-max Seat #6 is the button
Seat 1: ccc087c3 ($6.02 in chips)
Seat 2: Hero ($6.41 in chips)
Seat 3: 52659a1e ($5.25 in chips)
Seat 4: c5d32f53 ($2.31 in chips)
Seat 5: 226dc68f ($7.37 in chips)
Seat 6: d139e12 ($10.4 in chips)
ccc087c3: posts small blind $0.02
Hero: posts big blind $0.05
*** HOLE CARDS ***
Dealt to ccc087c3 
Dealt to Hero [7c 4s]
Dealt to 52659a1e 
Dealt to c5d32f53 
Dealt to 226dc68f 
Dealt to d139e12 
52659a1e: folds
c5d32f53: folds
226dc68f: folds
d139e12: raises $0.08 to $0.13
ccc087c3: folds
Hero: folds
Uncalled bet ($0.08) returned to d139e12
*** SHOWDOWN ***
d139e12 collected $0.12 from pot
*** SUMMARY ***
Total pot $0.12 | Rake $0 | Jackpot $0 | Bingo $0 | Fortune $0
Seat 1: ccc087c3 (small blind) folded before Flop
Seat 2: Hero (big blind) folded before Flop
Seat 3: 52659a1e folded before Flop (didn't bet)
Seat 4: c5d32f53 folded before Flop (didn't bet)
Seat 5: 226dc68f folded before Flop (didn't bet)
Seat 6: d139e12 (button) collected ($0.12)


Poker Hand #HD1181391826: Hold'em No Limit  ($0.02/$0.05) - 2023/03/29 19:45:17
Table 'NLHBlue4' 6-max Seat #5 is the button
Seat 1: ccc087c3 ($6.13 in chips)
Seat 2: Hero ($6.41 in chips)
Seat 3: 52659a1e ($5.25 in chips)
Seat 4: c5d32f53 ($2.19 in chips)
Seat 5: 226dc68f ($7.37 in chips)
Seat 6: d139e12 ($10.42 in chips)
d139e12: posts small blind $0.02
ccc087c3: posts big blind $0.05
*** HOLE CARDS ***
Dealt to ccc087c3 
Dealt to Hero [4d Jd]
Dealt to 52659a1e 
Dealt to c5d32f53 
Dealt to 226dc68f 
Dealt to d139e12 
Hero: folds
52659a1e: folds
c5d32f53: raises $0.06 to $0.11
226dc68f: folds
d139e12: folds
ccc087c3: calls $0.06
*** FLOP *** [7h 6s 8s]
ccc087c3: checks
c5d32f53: checks
*** TURN *** [7h 6s 8s] [9d]
ccc087c3: checks
c5d32f53: bets $0.12
ccc087c3: folds
Uncalled bet ($0.12) returned to c5d32f53
*** SHOWDOWN ***
c5d32f53 collected $0.23 from pot
*** SUMMARY ***
Total pot $0.24 | Rake $0.01 | Jackpot $0 | Bingo $0 | Fortune $0
Board [7h 6s 8s 9d]
Seat 1: ccc087c3 (big blind) folded on the Turn
Seat 2: Hero folded before Flop (didn't bet)
Seat 3: 52659a1e folded before Flop (didn't bet)
Seat 4: c5d32f53 won ($0.23)
Seat 5: 226dc68f (button) folded before Flop (didn't bet)
Seat 6: d139e12 (small blind) folded before Flop


Poker Hand #HD1181391768: Hold'em No Limit  ($0.02/$0.05) - 2023/03/29 19:44:55
Table 'NLHBlue4' 6-max Seat #4 is the button
Seat 1: ccc087c3 ($6.13 in chips)
Seat 2: Hero ($6.41 in chips)
Seat 3: 52659a1e ($5.18 in chips)
Seat 4: c5d32f53 ($2.19 in chips)
Seat 5: 226dc68f ($7.39 in chips)
Seat 6: d139e12 ($10.47 in chips)
226dc68f: posts small blind $0.02
d139e12: posts big blind $0.05
*** HOLE CARDS ***
Dealt to ccc087c3 
Dealt to Hero [3d 6s]
Dealt to 52659a1e 
Dealt to c5d32f53 
Dealt to 226dc68f 
Dealt to d139e12 
ccc087c3: folds
Hero: folds
52659a1e: raises $0.1 to $0.15
c5d32f53: folds
226dc68f: folds
d139e12: folds
Uncalled bet ($0.1) returned to 52659a1e
*** SHOWDOWN ***
52659a1e collected $0.12 from pot
*** SUMMARY ***
Total pot $0.12 | Rake $0 | Jackpot $0 | Bingo $0 | Fortune $0
Seat 1: ccc087c3 folded before Flop (didn't bet)
Seat 2: Hero folded before Flop (didn't bet)
Seat 3: 52659a1e collected ($0.12)
Seat 4: c5d32f53 (button) folded before Flop (didn't bet)
Seat 5: 226dc68f (small blind) folded before Flop
Seat 6: d139e12 (big blind) folded before Flop


Poker Hand #HD1181391671: Hold'em No Limit  ($0.02/$0.05) - 2023/03/29 19:44:17
Table 'NLHBlue4' 6-max Seat #3 is the button
Seat 1: ccc087c3 ($6.26 in chips)
Seat 2: Hero ($6.41 in chips)
Seat 3: 52659a1e ($5.18 in chips)
Seat 4: c5d32f53 ($2.21 in chips)
Seat 5: 226dc68f ($7.44 in chips)
Seat 6: d139e12 ($10.28 in chips)
c5d32f53: posts small blind $0.02
226dc68f: posts big blind $0.05
*** HOLE CARDS ***
Dealt to ccc087c3 
Dealt to Hero [Ac 9s]
Dealt to 52659a1e 
Dealt to c5d32f53 
Dealt to 226dc68f 
Dealt to d139e12 
d139e12: raises $0.08 to $0.13
ccc087c3: calls $0.13
Hero: folds
52659a1e: folds
c5d32f53: folds
226dc68f: folds
*** FLOP *** [5h 7d Qh]
d139e12: bets $0.17
ccc087c3: folds
Uncalled bet ($0.17) returned to d139e12
*** SHOWDOWN ***
d139e12 collected $0.32 from pot
*** SUMMARY ***
Total pot $0.33 | Rake $0.01 | Jackpot $0 | Bingo $0 | Fortune $0
Board [5h 7d Qh]
Seat 1: ccc087c3 folded on the Flop
Seat 2: Hero folded before Flop (didn't bet)
Seat 3: 52659a1e (button) folded before Flop (didn't bet)
Seat 4: c5d32f53 (small blind) folded before Flop
Seat 5: 226dc68f (big blind) folded before Flop
Seat 6: d139e12 won ($0.32)


Poker Hand #HD1181391512: Hold'em No Limit  ($0.02/$0.05) - 2023/03/29 19:43:23
Table 'NLHBlue4' 6-max Seat #2 is the button
Seat 1: ccc087c3 ($6.26 in chips)
Seat 2: Hero ($6.17 in chips)
Seat 3: 52659a1e ($5.2 in chips)
Seat 4: c5d32f53 ($2.45 in chips)
Seat 5: 226dc68f ($7.44 in chips)
Seat 6: d139e12 ($10.28 in chips)
52659a1e: posts small blind $0.02
c5d32f53: posts big blind $0.05
*** HOLE CARDS ***
Dealt to ccc087c3 
Dealt to Hero [8c Kc]
Dealt to 52659a1e 
Dealt to c5d32f53 
Dealt to 226dc68f 
Dealt to d139e12 
226dc68f: folds
d139e12: folds
ccc087c3: folds
Hero: raises $0.07 to $0.12
52659a1e: folds
c5d32f53: calls $0.07
*** FLOP *** [Js 4d Jd]
c5d32f53: checks
Hero: checks
*** TURN *** [Js 4d Jd] [Kh]
c5d32f53: bets $0.12
Hero: calls $0.12
*** RIVER *** [Js 4d Jd Kh] [3h]
c5d32f53: checks
Hero: bets $0.25
c5d32f53: folds
Uncalled bet ($0.25) returned to Hero
*** SHOWDOWN ***
Hero collected $0.48 from pot
*** SUMMARY ***
Total pot $0.5 | Rake $0.02 | Jackpot $0 | Bingo $0 | Fortune $0
Board [Js 4d Jd Kh 3h]
Seat 1: ccc087c3 folded before Flop (didn't bet)
Seat 2: Hero (button) won ($0.48)
Seat 3: 52659a1e (small blind) folded before Flop
Seat 4: c5d32f53 (big blind) folded on the River
Seat 5: 226dc68f folded before Flop (didn't bet)
Seat 6: d139e12 folded before Flop (didn't bet)


Poker Hand #HD1181391470: Hold'em No Limit  ($0.02/$0.05) - 2023/03/29 19:43:08
Table 'NLHBlue4' 6-max Seat #1 is the button
Seat 1: ccc087c3 ($6.26 in chips)
Seat 2: Hero ($6.19 in chips)
Seat 3: 52659a1e ($5.18 in chips)
Seat 4: c5d32f53 ($2.45 in chips)
Seat 5: 226dc68f ($7.44 in chips)
Seat 6: d139e12 ($10.28 in chips)
Hero: posts small blind $0.02
52659a1e: posts big blind $0.05
*** HOLE CARDS ***
Dealt to ccc087c3 
Dealt to Hero [Ts 5h]
Dealt to 52659a1e 
Dealt to c5d32f53 
Dealt to 226dc68f 
Dealt to d139e12 
c5d32f53: folds
226dc68f: folds
d139e12: folds
ccc087c3: folds
Hero: folds
Uncalled bet ($0.03) returned to 52659a1e
*** SHOWDOWN ***
52659a1e collected $0.04 from pot
*** SUMMARY ***
Total pot $0.04 | Rake $0 | Jackpot $0 | Bingo $0 | Fortune $0
Seat 1: ccc087c3 (button) folded before Flop (didn't bet)
Seat 2: Hero (small blind) folded before Flop
Seat 3: 52659a1e (big blind) collected ($0.04)
Seat 4: c5d32f53 folded before Flop (didn't bet)
Seat 5: 226dc68f folded before Flop (didn't bet)
Seat 6: d139e12 folded before Flop (didn't bet)


Poker Hand #HD1181391427: Hold'em No Limit  ($0.02/$0.05) - 2023/03/29 19:42:54
Table 'NLHBlue4' 6-max Seat #6 is the button
Seat 1: ccc087c3 ($6.28 in chips)
Seat 2: Hero ($6.17 in chips)
Seat 3: 52659a1e ($5.18 in chips)
Seat 4: c5d32f53 ($2.45 in chips)
Seat 5: 226dc68f ($7.44 in chips)
Seat 6: d139e12 ($10.28 in chips)
ccc087c3: posts small blind $0.02
Hero: posts big blind $0.05
*** HOLE CARDS ***
Dealt to ccc087c3 
Dealt to Hero [9s 9d]
Dealt to 52659a1e 
Dealt to c5d32f53 
Dealt to 226dc68f 
Dealt to d139e12 
52659a1e: folds
c5d32f53: folds
226dc68f: folds
d139e12: folds
ccc087c3: folds
Uncalled bet ($0.03) returned to Hero
*** SHOWDOWN ***
Hero collected $0.04 from pot
*** SUMMARY ***
Total pot $0.04 | Rake $0 | Jackpot $0 | Bingo $0 | Fortune $0
Seat 1: ccc087c3 (small blind) folded before Flop
Seat 2: Hero (big blind) collected ($0.04)
Seat 3: 52659a1e folded before Flop (didn't bet)
Seat 4: c5d32f53 folded before Flop (didn't bet)
Seat 5: 226dc68f folded before Flop (didn't bet)
Seat 6: d139e12 (button) folded before Flop (didn't bet)


Poker Hand #HD1181391338: Hold'em No Limit  ($0.02/$0.05) - 2023/03/29 19:42:20
Table 'NLHBlue4' 6-max Seat #5 is the button
Seat 1: ccc087c3 ($6.16 in chips)
Seat 2: Hero ($6.17 in chips)
Seat 3: 52659a1e ($5.18 in chips)
Seat 4: c5d32f53 ($2.45 in chips)
Seat 5: 226dc68f ($7.44 in chips)
Seat 6: d139e12 ($10.41 in chips)
d139e12: posts small blind $0.02
ccc087c3: posts big blind $0.05
*** HOLE CARDS ***
Dealt to ccc087c3 
Dealt to Hero [7d 2c]
Dealt to 52659a1e 
Dealt to c5d32f53 
Dealt to 226dc68f 
Dealt to d139e12 
Hero: folds
52659a1e: folds
c5d32f53: folds
226dc68f: folds
d139e12: raises $0.08 to $0.13
ccc087c3: calls $0.08
*** FLOP *** [7h Qd 2d]
d139e12: checks
ccc087c3: checks
*** TURN *** [7h Qd 2d] [5c]
d139e12: checks
ccc087c3: bets $0.2
d139e12: folds
Uncalled bet ($0.2) returned to ccc087c3
*** SHOWDOWN ***
ccc087c3 collected $0.25 from pot
*** SUMMARY ***
Total pot $0.26 | Rake $0.01 | Jackpot $0 | Bingo $0 | Fortune $0
Board [7h Qd 2d 5c]
Seat 1: ccc087c3 (big blind) won ($0.25)
Seat 2: Hero folded before Flop (didn't bet)
Seat 3: 52659a1e folded before Flop (didn't bet)
Seat 4: c5d32f53 folded before Flop (didn't bet)
Seat 5: 226dc68f (button) folded before Flop (didn't bet)
Seat 6: d139e12 (small blind) folded on the Turn


Poker Hand #HD1181391271: Hold'em No Limit  ($0.02/$0.05) - 2023/03/29 19:42:01
Table 'NLHBlue4' 6-max Seat #4 is the button
Seat 1: ccc087c3 ($6.16 in chips)
Seat 2: Hero ($6.17 in chips)
Seat 3: 52659a1e ($5.18 in chips)
Seat 4: c5d32f53 ($2.38 in chips)
Seat 5: 226dc68f ($7.46 in chips)
Seat 6: d139e12 ($10.46 in chips)
226dc68f: posts small blind $0.02
d139e12: posts big blind $0.05
*** HOLE CARDS ***
Dealt to ccc087c3 
Dealt to Hero [Js 4s]
Dealt to 52659a1e 
Dealt to c5d32f53 
Dealt to 226dc68f 
Dealt to d139e12 
ccc087c3: folds
Hero: folds
52659a1e: folds
c5d32f53: raises $0.06 to $0.11
226dc68f: folds
d139e12: folds
Uncalled bet ($0.06) returned to c5d32f53
*** SHOWDOWN ***
c5d32f53 collected $0.12 from pot
*** SUMMARY ***
Total pot $0.12 | Rake $0 | Jackpot $0 | Bingo $0 | Fortune $0
Seat 1: ccc087c3 folded before Flop (didn't bet)
Seat 2: Hero folded before Flop (didn't bet)
Seat 3: 52659a1e folded before Flop (didn't bet)
Seat 4: c5d32f53 (button) collected ($0.12)
Seat 5: 226dc68f (small blind) folded before Flop
Seat 6: d139e12 (big blind) folded before Flop


Poker Hand #HD1181391219: Hold'em No Limit  ($0.02/$0.05) - 2023/03/29 19:41:44
Table 'NLHBlue4' 6-max Seat #3 is the button
Seat 1: ccc087c3 ($6.16 in chips)
Seat 2: Hero ($6.1 in chips)
Seat 3: 52659a1e ($5.18 in chips)
Seat 4: c5d32f53 ($2.4 in chips)
Seat 5: 226dc68f ($7.51 in chips)
Seat 6: d139e12 ($10.46 in chips)
c5d32f53: posts small blind $0.02
226dc68f: posts big blind $0.05
*** HOLE CARDS ***
Dealt to ccc087c3 
Dealt to Hero [9h Kh]
Dealt to 52659a1e 
Dealt to c5d32f53 
Dealt to 226dc68f 
Dealt to d139e12 
d139e12: folds
ccc087c3: folds
Hero: raises $0.07 to $0.12
52659a1e: folds
c5d32f53: folds
226dc68f: folds
Uncalled bet ($0.07) returned to Hero
*** SHOWDOWN ***
Hero collected $0.12 from pot
*** SUMMARY ***
Total pot $0.12 | Rake $0 | Jackpot $0 | Bingo $0 | Fortune $0
Seat 1: ccc087c3 folded before Flop (didn't bet)
Seat 2: Hero collected ($0.12)
Seat 3: 52659a1e (button) folded before Flop (didn't bet)
Seat 4: c5d32f53 (small blind) folded before Flop
Seat 5: 226dc68f (big blind) folded before Flop
Seat 6: d139e12 folded before Flop (didn't bet)


Poker Hand #HD1181391128: Hold'em No Limit  ($0.02/$0.05) - 2023/03/29 19:41:09
Table 'NLHBlue4' 6-max Seat #2 is the button
Seat 1: ccc087c3 ($6.16 in chips)
Seat 2: Hero ($6.1 in chips)
Seat 3: 52659a1e ($5.02 in chips)
Seat 4: c5d32f53 ($2.57 in chips)
Seat 5: 226dc68f ($7.51 in chips)
Seat 6: d139e12 ($10.46 in chips)
52659a1e: posts small blind $0.02
c5d32f53: posts big blind $0.05
*** HOLE CARDS ***
Dealt to ccc087c3 
Dealt to Hero [4h 2d]
Dealt to 52659a1e 
Dealt to c5d32f53 
Dealt to 226dc68f 
Dealt to d139e12 
226dc68f: folds
d139e12: folds
ccc087c3: folds
Hero: folds
52659a1e: raises $0.12 to $0.17
c5d32f53: calls $0.12
*** FLOP *** [Kd 8s 5h]
52659a1e: bets $0.17
c5d32f53: folds
Uncalled bet ($0.17) returned to 52659a1e
*** SHOWDOWN ***
52659a1e collected $0.33 from pot
*** SUMMARY ***
Total pot $0.34 | Rake $0.01 | Jackpot $0 | Bingo $0 | Fortune $0
Board [Kd 8s 5h]
Seat 1: ccc087c3 folded before Flop (didn't bet)
Seat 2: Hero (button) folded before Flop (didn't bet)
Seat 3: 52659a1e (small blind) won ($0.33)
Seat 4: c5d32f53 (big blind) folded on the Flop
Seat 5: 226dc68f folded before Flop (didn't bet)
Seat 6: d139e12 folded before Flop (didn't bet)


Poker Hand #HD1181391098: Hold'em No Limit  ($0.02/$0.05) - 2023/03/29 19:40:57
Table 'NLHBlue4' 6-max Seat #1 is the button
Seat 1: ccc087c3 ($6.16 in chips)
Seat 2: Hero ($6.12 in chips)
Seat 3: 52659a1e ($5 in chips)
Seat 4: c5d32f53 ($2.57 in chips)
Seat 5: 226dc68f ($7.51 in chips)
Seat 6: d139e12 ($10.46 in chips)
Hero: posts small blind $0.02
52659a1e: posts big blind $0.05
*** HOLE CARDS ***
Dealt to ccc087c3 
Dealt to Hero [3h 2s]
Dealt to 52659a1e 
Dealt to c5d32f53 
Dealt to 226dc68f 
Dealt to d139e12 
c5d32f53: folds
226dc68f: folds
d139e12: folds
ccc087c3: folds
Hero: folds
Uncalled bet ($0.03) returned to 52659a1e
*** SHOWDOWN ***
52659a1e collected $0.04 from pot
*** SUMMARY ***
Total pot $0.04 | Rake $0 | Jackpot $0 | Bingo $0 | Fortune $0
Seat 1: ccc087c3 (button) folded before Flop (didn't bet)
Seat 2: Hero (small blind) folded before Flop
Seat 3: 52659a1e (big blind) collected ($0.04)
Seat 4: c5d32f53 folded before Flop (didn't bet)
Seat 5: 226dc68f folded before Flop (didn't bet)
Seat 6: d139e12 folded before Flop (didn't bet)


Poker Hand #HD1181390965: Hold'em No Limit  ($0.02/$0.05) - 2023/03/29 19:40:08
Table 'NLHBlue4' 6-max Seat #6 is the button
Seat 1: ccc087c3 ($6.18 in chips)
Seat 2: Hero ($6.11 in chips)
Seat 3: 52659a1e ($5 in chips)
Seat 4: c5d32f53 ($2.57 in chips)
Seat 5: 226dc68f ($7.5 in chips)
Seat 6: d139e12 ($10.46 in chips)
ccc087c3: posts small blind $0.02
Hero: posts big blind $0.05
*** HOLE CARDS ***
Dealt to ccc087c3 
Dealt to Hero [9s 8s]
Dealt to 52659a1e 
Dealt to c5d32f53 
Dealt to 226dc68f 
Dealt to d139e12 
52659a1e: folds
c5d32f53: folds
226dc68f: calls $0.05
d139e12: folds
ccc087c3: folds
Hero: checks
*** FLOP *** [2s 3h 3c]
Hero: checks
226dc68f: checks
*** TURN *** [2s 3h 3c] [Qc]
Hero: checks
226dc68f: checks
*** RIVER *** [2s 3h 3c Qc] [8d]
Hero: bets $0.06
226dc68f: calls $0.06
Hero: shows [9s 8s] (Pair of Eights and Pair of Treys)
226dc68f: shows [9c 8c] (Pair of Eights and Pair of Treys)
*** SHOWDOWN ***
Hero collected $0.12 from pot
226dc68f collected $0.12 from pot
*** SUMMARY ***
Total pot $0.24 | Rake $0 | Jackpot $0 | Bingo $0 | Fortune $0
Board [2s 3h 3c Qc 8d]
Seat 1: ccc087c3 (small blind) folded before Flop
Seat 2: Hero (big blind) showed [9s 8s] and won ($0.12) with Pair of Eights and Pair of Treys
Seat 3: 52659a1e folded before Flop (didn't bet)
Seat 4: c5d32f53 folded before Flop (didn't bet)
Seat 5: 226dc68f showed [9c 8c] and won ($0.12) with Pair of Eights and Pair of Treys
Seat 6: d139e12 (button) folded before Flop (didn't bet)


Poker Hand #HD1181390804: Hold'em No Limit  ($0.02/$0.05) - 2023/03/29 19:39:04
Table 'NLHBlue4' 6-max Seat #5 is the button
Seat 1: ccc087c3 ($5.33 in chips)
Seat 2: Hero ($6.11 in chips)
Seat 3: 52659a1e ($5 in chips)
Seat 4: c5d32f53 ($2.57 in chips)
Seat 5: 226dc68f ($8.47 in chips)
Seat 6: d139e12 ($10.48 in chips)
d139e12: posts small blind $0.02
ccc087c3: posts big blind $0.05
*** HOLE CARDS ***
Dealt to ccc087c3 
Dealt to Hero [3d 4s]
Dealt to 52659a1e 
Dealt to c5d32f53 
Dealt to 226dc68f 
Dealt to d139e12 
Hero: folds
52659a1e: folds
c5d32f53: folds
226dc68f: raises $0.08 to $0.13
d139e12: folds
ccc087c3: raises $0.28 to $0.41
226dc68f: calls $0.28
*** FLOP *** [8d Th 7h]
ccc087c3: bets $0.56
226dc68f: calls $0.56
*** TURN *** [8d Th 7h] [7d]
ccc087c3: checks
226dc68f: checks
*** RIVER *** [8d Th 7h 7d] [Qs]
ccc087c3: bets $0.8
226dc68f: folds
Uncalled bet ($0.8) returned to ccc087c3
*** SHOWDOWN ***
ccc087c3 collected $1.82 from pot
*** SUMMARY ***
Total pot $1.96 | Rake $0.09 | Jackpot $0.05 | Bingo $0 | Fortune $0
Board [8d Th 7h 7d Qs]
Seat 1: ccc087c3 (big blind) won ($1.82)
Seat 2: Hero folded before Flop (didn't bet)
Seat 3: 52659a1e folded before Flop (didn't bet)
Seat 4: c5d32f53 folded before Flop (didn't bet)
Seat 5: 226dc68f (button) folded on the River
Seat 6: d139e12 (small blind) folded before Flop


Poker Hand #HD1181390730: Hold'em No Limit  ($0.02/$0.05) - 2023/03/29 19:38:36
Table 'NLHBlue4' 6-max Seat #4 is the button
Seat 1: ccc087c3 ($5.26 in chips)
Seat 2: Hero ($6.11 in chips)
Seat 3: 52659a1e ($5 in chips)
Seat 4: c5d32f53 ($2.57 in chips)
Seat 5: 226dc68f ($8.49 in chips)
Seat 6: d139e12 ($10.53 in chips)
226dc68f: posts small blind $0.02
d139e12: posts big blind $0.05
*** HOLE CARDS ***
Dealt to ccc087c3 
Dealt to Hero [Jd 7d]
Dealt to 52659a1e 
Dealt to c5d32f53 
Dealt to 226dc68f 
Dealt to d139e12 
ccc087c3: raises $0.05 to $0.1
Hero: folds
52659a1e: folds
c5d32f53: folds
226dc68f: folds
d139e12: folds
Uncalled bet ($0.05) returned to ccc087c3
*** SHOWDOWN ***
ccc087c3 collected $0.12 from pot
*** SUMMARY ***
Total pot $0.12 | Rake $0 | Jackpot $0 | Bingo $0 | Fortune $0
Seat 1: ccc087c3 collected ($0.12)
Seat 2: Hero folded before Flop (didn't bet)
Seat 3: 52659a1e folded before Flop (didn't bet)
Seat 4: c5d32f53 (button) folded before Flop (didn't bet)
Seat 5: 226dc68f (small blind) folded before Flop
Seat 6: d139e12 (big blind) folded before Flop


Poker Hand #HD1181390666: Hold'em No Limit  ($0.02/$0.05) - 2023/03/29 19:38:11
Table 'NLHBlue4' 6-max Seat #3 is the button
Seat 1: ccc087c3 ($5.19 in chips)
Seat 2: Hero ($6.11 in chips)
Seat 3: 52659a1e ($5 in chips)
Seat 4: c5d32f53 ($2.59 in chips)
Seat 5: 226dc68f ($8.54 in chips)
Seat 6: d139e12 ($10.53 in chips)
c5d32f53: posts small blind $0.02
226dc68f: posts big blind $0.05
*** HOLE CARDS ***
Dealt to ccc087c3 
Dealt to Hero [6s Js]
Dealt to 52659a1e 
Dealt to c5d32f53 
Dealt to 226dc68f 
Dealt to d139e12 
d139e12: folds
ccc087c3: raises $0.05 to $0.1
Hero: folds
52659a1e: folds
c5d32f53: folds
226dc68f: folds
Uncalled bet ($0.05) returned to ccc087c3
*** SHOWDOWN ***
ccc087c3 collected $0.12 from pot
*** SUMMARY ***
Total pot $0.12 | Rake $0 | Jackpot $0 | Bingo $0 | Fortune $0
Seat 1: ccc087c3 collected ($0.12)
Seat 2: Hero folded before Flop (didn't bet)
Seat 3: 52659a1e (button) folded before Flop (didn't bet)
Seat 4: c5d32f53 (small blind) folded before Flop
Seat 5: 226dc68f (big blind) folded before Flop
Seat 6: d139e12 folded before Flop (didn't bet)


Poker Hand #HD1181390595: Hold'em No Limit  ($0.02/$0.05) - 2023/03/29 19:37:48
Table 'NLHBlue4' 6-max Seat #2 is the button
Seat 1: ccc087c3 ($5.12 in chips)
Seat 2: Hero ($6.11 in chips)
Seat 3: 52659a1e ($5 in chips)
Seat 4: c5d32f53 ($2.64 in chips)
Seat 5: 226dc68f ($8.54 in chips)
Seat 6: d139e12 ($10.53 in chips)
52659a1e: posts small blind $0.02
c5d32f53: posts big blind $0.05
*** HOLE CARDS ***
Dealt to ccc087c3 
Dealt to Hero [4h 5h]
Dealt to 52659a1e 
Dealt to c5d32f53 
Dealt to 226dc68f 
Dealt to d139e12 
226dc68f: folds
d139e12: folds
ccc087c3: raises $0.06 to $0.11
Hero: folds
52659a1e: folds
c5d32f53: folds
Uncalled bet ($0.06) returned to ccc087c3
*** SHOWDOWN ***
ccc087c3 collected $0.12 from pot
*** SUMMARY ***
Total pot $0.12 | Rake $0 | Jackpot $0 | Bingo $0 | Fortune $0
Seat 1: ccc087c3 collected ($0.12)
Seat 2: Hero (button) folded before Flop (didn't bet)
Seat 3: 52659a1e (small blind) folded before Flop
Seat 4: c5d32f53 (big blind) folded before Flop
Seat 5: 226dc68f folded before Flop (didn't bet)
Seat 6: d139e12 folded before Flop (didn't bet)


Poker Hand #HD1181390515: Hold'em No Limit  ($0.02/$0.05) - 2023/03/29 19:37:17
Table 'NLHBlue4' 6-max Seat #1 is the button
Seat 1: ccc087c3 ($5.12 in chips)
Seat 2: Hero ($6.13 in chips)
Seat 3: 52659a1e ($5 in chips)
Seat 4: c5d32f53 ($2.57 in chips)
Seat 5: 226dc68f ($8.54 in chips)
Seat 6: d139e12 ($10.53 in chips)
Hero: posts small blind $0.02
52659a1e: posts big blind $0.05
*** HOLE CARDS ***
Dealt to ccc087c3 
Dealt to Hero [3h Kd]
Dealt to 52659a1e 
Dealt to c5d32f53 
Dealt to 226dc68f 
Dealt to d139e12 
c5d32f53: raises $0.06 to $0.11
226dc68f: folds
d139e12: folds
ccc087c3: folds
Hero: folds
52659a1e: folds
Uncalled bet ($0.06) returned to c5d32f53
*** SHOWDOWN ***
c5d32f53 collected $0.12 from pot
*** SUMMARY ***
Total pot $0.12 | Rake $0 | Jackpot $0 | Bingo $0 | Fortune $0
Seat 1: ccc087c3 (button) folded before Flop (didn't bet)
Seat 2: Hero (small blind) folded before Flop
Seat 3: 52659a1e (big blind) folded before Flop
Seat 4: c5d32f53 collected ($0.12)
Seat 5: 226dc68f folded before Flop (didn't bet)
Seat 6: d139e12 folded before Flop (didn't bet)


Poker Hand #HD1181390472: Hold'em No Limit  ($0.02/$0.05) - 2023/03/29 19:37:01
Table 'NLHBlue4' 6-max Seat #6 is the button
Seat 1: ccc087c3 ($5.14 in chips)
Seat 2: Hero ($6.11 in chips)
Seat 3: 52659a1e ($5 in chips)
Seat 4: c5d32f53 ($2.57 in chips)
Seat 5: 226dc68f ($8.54 in chips)
Seat 6: d139e12 ($10.53 in chips)
ccc087c3: posts small blind $0.02
Hero: posts big blind $0.05
*** HOLE CARDS ***
Dealt to ccc087c3 
Dealt to Hero [2h Ts]
Dealt to 52659a1e 
Dealt to c5d32f53 
Dealt to 226dc68f 
Dealt to d139e12 
52659a1e: folds
c5d32f53: folds
226dc68f: folds
d139e12: folds
ccc087c3: folds
Uncalled bet ($0.03) returned to Hero
*** SHOWDOWN ***
Hero collected $0.04 from pot
*** SUMMARY ***
Total pot $0.04 | Rake $0 | Jackpot $0 | Bingo $0 | Fortune $0
Seat 1: ccc087c3 (small blind) folded before Flop
Seat 2: Hero (big blind) collected ($0.04)
Seat 3: 52659a1e folded before Flop (didn't bet)
Seat 4: c5d32f53 folded before Flop (didn't bet)
Seat 5: 226dc68f folded before Flop (didn't bet)
Seat 6: d139e12 (button) folded before Flop (didn't bet)


Poker Hand #HD1181390304: Hold'em No Limit  ($0.02/$0.05) - 2023/03/29 19:35:59
Table 'NLHBlue4' 6-max Seat #5 is the button
Seat 1: ccc087c3 ($5.19 in chips)
Seat 2: Hero ($5.21 in chips)
Seat 3: 52659a1e ($5 in chips)
Seat 4: c5d32f53 ($3.54 in chips)
Seat 5: 226dc68f ($8.54 in chips)
Seat 6: d139e12 ($10.55 in chips)
d139e12: posts small blind $0.02
ccc087c3: posts big blind $0.05
*** HOLE CARDS ***
Dealt to ccc087c3 
Dealt to Hero [Js Jd]
Dealt to 52659a1e 
Dealt to c5d32f53 
Dealt to 226dc68f 
Dealt to d139e12 
Hero: raises $0.07 to $0.12
52659a1e: folds
c5d32f53: raises $0.15 to $0.27
226dc68f: folds
d139e12: folds
ccc087c3: folds
Hero: calls $0.15
*** FLOP *** [3s 5c 5s]
Hero: checks
c5d32f53: bets $0.25
Hero: raises $0.45 to $0.7
c5d32f53: calls $0.45
*** TURN *** [3s 5c 5s] [3h]
Hero: bets $1.01
c5d32f53: folds
Uncalled bet ($1.01) returned to Hero
*** SHOWDOWN ***
Hero collected $1.87 from pot
*** SUMMARY ***
Total pot $2.01 | Rake $0.09 | Jackpot $0.05 | Bingo $0 | Fortune $0
Board [3s 5c 5s 3h]
Seat 1: ccc087c3 (big blind) folded before Flop
Seat 2: Hero won ($1.87)
Seat 3: 52659a1e folded before Flop (didn't bet)
Seat 4: c5d32f53 folded on the Turn
Seat 5: 226dc68f (button) folded before Flop (didn't bet)
Seat 6: d139e12 (small blind) folded before Flop


Poker Hand #HD1181390240: Hold'em No Limit  ($0.02/$0.05) - 2023/03/29 19:35:36
Table 'NLHBlue4' 6-max Seat #4 is the button
Seat 1: ccc087c3 ($5.19 in chips)
Seat 2: Hero ($5.14 in chips)
Seat 3: 52659a1e ($5 in chips)
Seat 4: c5d32f53 ($3.54 in chips)
Seat 5: 226dc68f ($8.56 in chips)
Seat 6: d139e12 ($10.6 in chips)
226dc68f: posts small blind $0.02
d139e12: posts big blind $0.05
*** HOLE CARDS ***
Dealt to ccc087c3 
Dealt to Hero [Ac Jc]
Dealt to 52659a1e 
Dealt to c5d32f53 
Dealt to 226dc68f 
Dealt to d139e12 
ccc087c3: folds
Hero: raises $0.07 to $0.12
52659a1e: folds
c5d32f53: folds
226dc68f: folds
d139e12: folds
Uncalled bet ($0.07) returned to Hero
*** SHOWDOWN ***
Hero collected $0.12 from pot
*** SUMMARY ***
Total pot $0.12 | Rake $0 | Jackpot $0 | Bingo $0 | Fortune $0
Seat 1: ccc087c3 folded before Flop (didn't bet)
Seat 2: Hero collected ($0.12)
Seat 3: 52659a1e folded before Flop (didn't bet)
Seat 4: c5d32f53 (button) folded before Flop (didn't bet)
Seat 5: 226dc68f (small blind) folded before Flop
Seat 6: d139e12 (big blind) folded before Flop


Poker Hand #HD1181390168: Hold'em No Limit  ($0.02/$0.05) - 2023/03/29 19:35:10
Table 'NLHBlue4' 6-max Seat #3 is the button
Seat 1: ccc087c3 ($5.19 in chips)
Seat 2: Hero ($5.07 in chips)
Seat 3: 52659a1e ($5 in chips)
Seat 4: c5d32f53 ($3.56 in chips)
Seat 5: 226dc68f ($8.61 in chips)
Seat 6: d139e12 ($10.6 in chips)
c5d32f53: posts small blind $0.02
226dc68f: posts big blind $0.05
*** HOLE CARDS ***
Dealt to ccc087c3 
Dealt to Hero [2h 2c]
Dealt to 52659a1e 
Dealt to c5d32f53 
Dealt to 226dc68f 
Dealt to d139e12 
d139e12: folds
ccc087c3: folds
Hero: raises $0.07 to $0.12
52659a1e: folds
c5d32f53: folds
226dc68f: folds
Uncalled bet ($0.07) returned to Hero
*** SHOWDOWN ***
Hero collected $0.12 from pot
*** SUMMARY ***
Total pot $0.12 | Rake $0 | Jackpot $0 | Bingo $0 | Fortune $0
Seat 1: ccc087c3 folded before Flop (didn't bet)
Seat 2: Hero collected ($0.12)
Seat 3: 52659a1e (button) folded before Flop (didn't bet)
Seat 4: c5d32f53 (small blind) folded before Flop
Seat 5: 226dc68f (big blind) folded before Flop
Seat 6: d139e12 folded before Flop (didn't bet)


Poker Hand #HD1181390133: Hold'em No Limit  ($0.02/$0.05) - 2023/03/29 19:34:55
Table 'NLHBlue4' 6-max Seat #2 is the button
Seat 1: ccc087c3 ($5.19 in chips)
Seat 2: Hero ($5 in chips)
Seat 3: 52659a1e ($5.02 in chips)
Seat 4: c5d32f53 ($3.61 in chips)
Seat 5: 226dc68f ($8.61 in chips)
Seat 6: d139e12 ($10.6 in chips)
52659a1e: posts small blind $0.02
c5d32f53: posts big blind $0.05
*** HOLE CARDS ***
Dealt to ccc087c3 
Dealt to Hero [9d Qh]
Dealt to 52659a1e 
Dealt to c5d32f53 
Dealt to 226dc68f 
Dealt to d139e12 
226dc68f: folds
d139e12: folds
ccc087c3: folds
Hero: raises $0.07 to $0.12
52659a1e: folds
c5d32f53: folds
Uncalled bet ($0.07) returned to Hero
*** SHOWDOWN ***
Hero collected $0.12 from pot
*** SUMMARY ***
Total pot $0.12 | Rake $0 | Jackpot $0 | Bingo $0 | Fortune $0
Seat 1: ccc087c3 folded before Flop (didn't bet)
Seat 2: Hero (button) collected ($0.12)
Seat 3: 52659a1e (small blind) folded before Flop
Seat 4: c5d32f53 (big blind) folded before Flop
Seat 5: 226dc68f folded before Flop (didn't bet)
Seat 6: d139e12 folded before Flop (didn't bet)


Poker Hand #HD1181390105: Hold'em No Limit  ($0.02/$0.05) - 2023/03/29 19:34:46
Table 'NLHBlue4' 6-max Seat #1 is the button
Seat 1: ccc087c3 ($5.19 in chips)
Seat 2: Hero ($5.02 in chips)
Seat 3: 52659a1e ($5 in chips)
Seat 4: c5d32f53 ($3.61 in chips)
Seat 5: 226dc68f ($8.61 in chips)
Seat 6: d139e12 ($10.6 in chips)
Hero: posts small blind $0.02
52659a1e: posts big blind $0.05
*** HOLE CARDS ***
Dealt to ccc087c3 
Dealt to Hero [4h 8c]
Dealt to 52659a1e 
Dealt to c5d32f53 
Dealt to 226dc68f 
Dealt to d139e12 
c5d32f53: folds
226dc68f: folds
d139e12: folds
ccc087c3: folds
Hero: folds
Uncalled bet ($0.03) returned to 52659a1e
*** SHOWDOWN ***
52659a1e collected $0.04 from pot
*** SUMMARY ***
Total pot $0.04 | Rake $0 | Jackpot $0 | Bingo $0 | Fortune $0
Seat 1: ccc087c3 (button) folded before Flop (didn't bet)
Seat 2: Hero (small blind) folded before Flop
Seat 3: 52659a1e (big blind) collected ($0.04)
Seat 4: c5d32f53 folded before Flop (didn't bet)
Seat 5: 226dc68f folded before Flop (didn't bet)
Seat 6: d139e12 folded before Flop (didn't bet)


Poker Hand #HD1181390065: Hold'em No Limit  ($0.02/$0.05) - 2023/03/29 19:34:32
Table 'NLHBlue4' 6-max Seat #6 is the button
Seat 1: ccc087c3 ($5.21 in chips)
Seat 2: Hero ($5.07 in chips)
Seat 3: d9807564 ($5 in chips)
Seat 4: c5d32f53 ($3.54 in chips)
Seat 5: 226dc68f ($8.61 in chips)
Seat 6: d139e12 ($10.6 in chips)
ccc087c3: posts small blind $0.02
Hero: posts big blind $0.05
*** HOLE CARDS ***
Dealt to ccc087c3 
Dealt to Hero [Kd 2c]
Dealt to d9807564 
Dealt to c5d32f53 
Dealt to 226dc68f 
Dealt to d139e12 
d9807564: folds
c5d32f53: raises $0.06 to $0.11
226dc68f: folds
d139e12: folds
ccc087c3: folds
Hero: folds
Uncalled bet ($0.06) returned to c5d32f53
*** SHOWDOWN ***
c5d32f53 collected $0.12 from pot
*** SUMMARY ***
Total pot $0.12 | Rake $0 | Jackpot $0 | Bingo $0 | Fortune $0
Seat 1: ccc087c3 (small blind) folded before Flop
Seat 2: Hero (big blind) folded before Flop
Seat 3: d9807564 folded before Flop (didn't bet)
Seat 4: c5d32f53 collected ($0.12)
Seat 5: 226dc68f folded before Flop (didn't bet)
Seat 6: d139e12 (button) folded before Flop (didn't bet)


Poker Hand #HD1181390008: Hold'em No Limit  ($0.02/$0.05) - 2023/03/29 19:34:12
Table 'NLHBlue4' 6-max Seat #5 is the button
Seat 1: ccc087c3 ($5.26 in chips)
Seat 2: Hero ($5.07 in chips)
Seat 3: d9807564 ($5 in chips)
Seat 4: c5d32f53 ($3.47 in chips)
Seat 5: 226dc68f ($8.61 in chips)
Seat 6: d139e12 ($10.62 in chips)
d139e12: posts small blind $0.02
ccc087c3: posts big blind $0.05
*** HOLE CARDS ***
Dealt to ccc087c3 
Dealt to Hero [9h 2h]
Dealt to d9807564 
Dealt to c5d32f53 
Dealt to 226dc68f 
Dealt to d139e12 
Hero: folds
d9807564: folds
c5d32f53: raises $0.06 to $0.11
226dc68f: folds
d139e12: folds
ccc087c3: folds
Uncalled bet ($0.06) returned to c5d32f53
*** SHOWDOWN ***
c5d32f53 collected $0.12 from pot
*** SUMMARY ***
Total pot $0.12 | Rake $0 | Jackpot $0 | Bingo $0 | Fortune $0
Seat 1: ccc087c3 (big blind) folded before Flop
Seat 2: Hero folded before Flop (didn't bet)
Seat 3: d9807564 folded before Flop (didn't bet)
Seat 4: c5d32f53 collected ($0.12)
Seat 5: 226dc68f (button) folded before Flop (didn't bet)
Seat 6: d139e12 (small blind) folded before Flop


Poker Hand #HD1181389957: Hold'em No Limit  ($0.02/$0.05) - 2023/03/29 19:33:55
Table 'NLHBlue4' 6-max Seat #4 is the button
Seat 1: ccc087c3 ($5.19 in chips)
Seat 2: Hero ($5.07 in chips)
Seat 3: d9807564 ($5 in chips)
Seat 4: c5d32f53 ($3.47 in chips)
Seat 5: 226dc68f ($8.63 in chips)
Seat 6: d139e12 ($10.67 in chips)
226dc68f: posts small blind $0.02
d139e12: posts big blind $0.05
*** HOLE CARDS ***
Dealt to ccc087c3 
Dealt to Hero [Qd Jh]
Dealt to d9807564 
Dealt to c5d32f53 
Dealt to 226dc68f 
Dealt to d139e12 
ccc087c3: raises $0.05 to $0.1
Hero: folds
d9807564: folds
c5d32f53: folds
226dc68f: folds
d139e12: folds
Uncalled bet ($0.05) returned to ccc087c3
*** SHOWDOWN ***
ccc087c3 collected $0.12 from pot
*** SUMMARY ***
Total pot $0.12 | Rake $0 | Jackpot $0 | Bingo $0 | Fortune $0
Seat 1: ccc087c3 collected ($0.12)
Seat 2: Hero folded before Flop (didn't bet)
Seat 3: d9807564 folded before Flop (didn't bet)
Seat 4: c5d32f53 (button) folded before Flop (didn't bet)
Seat 5: 226dc68f (small blind) folded before Flop
Seat 6: d139e12 (big blind) folded before Flop


Poker Hand #HD1181389880: Hold'em No Limit  ($0.02/$0.05) - 2023/03/29 19:33:29
Table 'NLHBlue4' 6-max Seat #3 is the button
Seat 1: ccc087c3 ($5.19 in chips)
Seat 2: Hero ($5 in chips)
Seat 3: d9807564 ($5 in chips)
Seat 4: c5d32f53 ($3.49 in chips)
Seat 5: 226dc68f ($8.68 in chips)
Seat 6: d139e12 ($10.67 in chips)
c5d32f53: posts small blind $0.02
226dc68f: posts big blind $0.05
*** HOLE CARDS ***
Dealt to ccc087c3 
Dealt to Hero [Ac Kc]
Dealt to d9807564 
Dealt to c5d32f53 
Dealt to 226dc68f 
Dealt to d139e12 
d139e12: folds
ccc087c3: folds
Hero: raises $0.07 to $0.12
d9807564: folds
c5d32f53: folds
226dc68f: folds
Uncalled bet ($0.07) returned to Hero
*** SHOWDOWN ***
Hero collected $0.12 from pot
*** SUMMARY ***
Total pot $0.12 | Rake $0 | Jackpot $0 | Bingo $0 | Fortune $0
Seat 1: ccc087c3 folded before Flop (didn't bet)
Seat 2: Hero collected ($0.12)
Seat 3: d9807564 (button) folded before Flop (didn't bet)
Seat 4: c5d32f53 (small blind) folded before Flop
Seat 5: 226dc68f (big blind) folded before Flop
Seat 6: d139e12 folded before Flop (didn't bet)


Poker Hand #HD1181389801: Hold'em No Limit  ($0.02/$0.05) - 2023/03/29 19:32:57
Table 'NLHBlue4' 6-max Seat #2 is the button
Seat 1: ccc087c3 ($5.19 in chips)
Seat 2: Hero ($5 in chips)
Seat 3: d9807564 ($5 in chips)
Seat 4: c5d32f53 ($3.47 in chips)
Seat 5: 226dc68f ($8.68 in chips)
Seat 6: d139e12 ($10.67 in chips)
d9807564: posts small blind $0.02
c5d32f53: posts big blind $0.05
*** HOLE CARDS ***
Dealt to ccc087c3 
Dealt to Hero [5s 9s]
Dealt to d9807564 
Dealt to c5d32f53 
Dealt to 226dc68f 
Dealt to d139e12 
226dc68f: folds
d139e12: folds
ccc087c3: folds
Hero: folds
d9807564: folds
Uncalled bet ($0.03) returned to c5d32f53
*** SHOWDOWN ***
c5d32f53 collected $0.04 from pot
*** SUMMARY ***
Total pot $0.04 | Rake $0 | Jackpot $0 | Bingo $0 | Fortune $0
Seat 1: ccc087c3 folded before Flop (didn't bet)
Seat 2: Hero (button) folded before Flop (didn't bet)
Seat 3: d9807564 (small blind) folded before Flop
Seat 4: c5d32f53 (big blind) collected ($0.04)
Seat 5: 226dc68f folded before Flop (didn't bet)
Seat 6: d139e12 folded before Flop (didn't bet)


Poker Hand #HD1181389713: Hold'em No Limit  ($0.02/$0.05) - 2023/03/29 19:32:23
Table 'NLHBlue4' 6-max Seat #1 is the button
Seat 1: ccc087c3 ($5.19 in chips)
Seat 2: Hero ($5.02 in chips)
Seat 3: d9807564 ($5.04 in chips)
Seat 4: c5d32f53 ($3.47 in chips)
Seat 5: 226dc68f ($8.61 in chips)
Seat 6: d139e12 ($10.67 in chips)
Hero: posts small blind $0.02
d9807564: posts big blind $0.05
*** HOLE CARDS ***
Dealt to ccc087c3 
Dealt to Hero [9s As]
Dealt to d9807564 
Dealt to c5d32f53 
Dealt to 226dc68f 
Dealt to d139e12 
c5d32f53: folds
226dc68f: raises $0.08 to $0.13
d139e12: folds
ccc087c3: folds
Hero: folds
d9807564: folds
Uncalled bet ($0.08) returned to 226dc68f
*** SHOWDOWN ***
226dc68f collected $0.12 from pot
*** SUMMARY ***
Total pot $0.12 | Rake $0 | Jackpot $0 | Bingo $0 | Fortune $0
Seat 1: ccc087c3 (button) folded before Flop (didn't bet)
Seat 2: Hero (small blind) folded before Flop
Seat 3: d9807564 (big blind) folded before Flop
Seat 4: c5d32f53 folded before Flop (didn't bet)
Seat 5: 226dc68f collected ($0.12)
Seat 6: d139e12 folded before Flop (didn't bet)


Poker Hand #HD1181389612: Hold'em No Limit  ($0.02/$0.05) - 2023/03/29 19:31:44
Table 'NLHBlue4' 6-max Seat #6 is the button
Seat 1: ccc087c3 ($5.21 in chips)
Seat 2: Hero ($5.07 in chips)
Seat 3: d9807564 ($5.04 in chips)
Seat 4: c5d32f53 ($3.58 in chips)
Seat 5: 226dc68f ($8.44 in chips)
Seat 6: d139e12 ($10.67 in chips)
ccc087c3: posts small blind $0.02
Hero: posts big blind $0.05
*** HOLE CARDS ***
Dealt to ccc087c3 
Dealt to Hero [As 2d]
Dealt to d9807564 
Dealt to c5d32f53 
Dealt to 226dc68f 
Dealt to d139e12 
d9807564: folds
c5d32f53: raises $0.06 to $0.11
226dc68f: calls $0.11
d139e12: folds
ccc087c3: folds
Hero: folds
*** FLOP *** [Qd Ks 9h]
c5d32f53: checks
226dc68f: bets $0.2
c5d32f53: folds
Uncalled bet ($0.2) returned to 226dc68f
*** SHOWDOWN ***
226dc68f collected $0.28 from pot
*** SUMMARY ***
Total pot $0.29 | Rake $0.01 | Jackpot $0 | Bingo $0 | Fortune $0
Board [Qd Ks 9h]
Seat 1: ccc087c3 (small blind) folded before Flop
Seat 2: Hero (big blind) folded before Flop
Seat 3: d9807564 folded before Flop (didn't bet)
Seat 4: c5d32f53 folded on the Flop
Seat 5: 226dc68f won ($0.28)
Seat 6: d139e12 (button) folded before Flop (didn't bet)


Poker Hand #HD1181389408: Hold'em No Limit  ($0.02/$0.05) - 2023/03/29 19:30:30
Table 'NLHBlue4' 6-max Seat #5 is the button
Seat 1: ccc087c3 ($5 in chips)
Seat 2: Hero ($5.07 in chips)
Seat 3: d9807564 ($5.25 in chips)
Seat 4: c5d32f53 ($3.58 in chips)
Seat 5: 226dc68f ($8.44 in chips)
Seat 6: d139e12 ($10.69 in chips)
d139e12: posts small blind $0.02
ccc087c3: posts big blind $0.05
*** HOLE CARDS ***
Dealt to ccc087c3 
Dealt to Hero [Tc Ks]
Dealt to d9807564 
Dealt to c5d32f53 
Dealt to 226dc68f 
Dealt to d139e12 
Hero: folds
d9807564: raises $0.07 to $0.12
c5d32f53: folds
226dc68f: folds
d139e12: folds
ccc087c3: calls $0.07
*** FLOP *** [Jc 3c 5h]
ccc087c3: checks
d9807564: checks
*** TURN *** [Jc 3c 5h] [4d]
ccc087c3: bets $0.09
d9807564: calls $0.09
*** RIVER *** [Jc 3c 5h 4d] [6h]
ccc087c3: bets $0.3
d9807564: folds
Uncalled bet ($0.3) returned to ccc087c3
*** SHOWDOWN ***
ccc087c3 collected $0.42 from pot
*** SUMMARY ***
Total pot $0.44 | Rake $0.02 | Jackpot $0 | Bingo $0 | Fortune $0
Board [Jc 3c 5h 4d 6h]
Seat 1: ccc087c3 (big blind) won ($0.42)
Seat 2: Hero folded before Flop (didn't bet)
Seat 3: d9807564 folded on the River
Seat 4: c5d32f53 folded before Flop (didn't bet)
Seat 5: 226dc68f (button) folded before Flop (didn't bet)
Seat 6: d139e12 (small blind) folded before Flop


Poker Hand #HD1181389373: Hold'em No Limit  ($0.02/$0.05) - 2023/03/29 19:30:16
Table 'NLHBlue4' 6-max Seat #4 is the button
Seat 2: Hero ($5.07 in chips)
Seat 3: d9807564 ($5.25 in chips)
Seat 4: c5d32f53 ($3.58 in chips)
Seat 5: 226dc68f ($8.39 in chips)
Seat 6: d139e12 ($10.74 in chips)
226dc68f: posts small blind $0.02
d139e12: posts big blind $0.05
*** HOLE CARDS ***
Dealt to Hero [4d 2c]
Dealt to d9807564 
Dealt to c5d32f53 
Dealt to 226dc68f 
Dealt to d139e12 
Hero: folds
d9807564: folds
c5d32f53: folds
226dc68f: raises $0.08 to $0.13
d139e12: folds
Uncalled bet ($0.08) returned to 226dc68f
*** SHOWDOWN ***
226dc68f collected $0.1 from pot
*** SUMMARY ***
Total pot $0.1 | Rake $0 | Jackpot $0 | Bingo $0 | Fortune $0
Seat 2: Hero folded before Flop (didn't bet)
Seat 3: d9807564 folded before Flop (didn't bet)
Seat 4: c5d32f53 (button) folded before Flop (didn't bet)
Seat 5: 226dc68f (small blind) collected ($0.1)
Seat 6: d139e12 (big blind) folded before Flop


Poker Hand #HD1181389335: Hold'em No Limit  ($0.02/$0.05) - 2023/03/29 19:30:03
Table 'NLHBlue4' 6-max Seat #3 is the button
Seat 2: Hero ($5 in chips)
Seat 3: d9807564 ($5.25 in chips)
Seat 4: c5d32f53 ($3.6 in chips)
Seat 5: 226dc68f ($8.44 in chips)
Seat 6: d139e12 ($10.74 in chips)
c5d32f53: posts small blind $0.02
226dc68f: posts big blind $0.05
*** HOLE CARDS ***
Dealt to Hero [Ks 4s]
Dealt to d9807564 
Dealt to c5d32f53 
Dealt to 226dc68f 
Dealt to d139e12 
d139e12: folds
Hero: raises $0.07 to $0.12
d9807564: folds
c5d32f53: folds
226dc68f: folds
Uncalled bet ($0.07) returned to Hero
*** SHOWDOWN ***
Hero collected $0.12 from pot
*** SUMMARY ***
Total pot $0.12 | Rake $0 | Jackpot $0 | Bingo $0 | Fortune $0
Seat 2: Hero collected ($0.12)
Seat 3: d9807564 (button) folded before Flop (didn't bet)
Seat 4: c5d32f53 (small blind) folded before Flop
Seat 5: 226dc68f (big blind) folded before Flop
Seat 6: d139e12 folded before Flop (didn't bet)


Poker Hand #HD1181389288: Hold'em No Limit  ($0.02/$0.05) - 2023/03/29 19:29:43
Table 'NLHBlue4' 6-max Seat #2 is the button
Seat 2: Hero ($5 in chips)
Seat 3: d9807564 ($5.2 in chips)
Seat 4: c5d32f53 ($3.65 in chips)
Seat 5: 226dc68f ($8.44 in chips)
Seat 6: d139e12 ($10.74 in chips)
d9807564: posts small blind $0.02
c5d32f53: posts big blind $0.05
*** HOLE CARDS ***
Dealt to Hero [8h 9d]
Dealt to d9807564 
Dealt to c5d32f53 
Dealt to 226dc68f 
Dealt to d139e12 
226dc68f: folds
d139e12: folds
Hero: folds
d9807564: raises $0.1 to $0.15
c5d32f53: folds
Uncalled bet ($0.1) returned to d9807564
*** SHOWDOWN ***
d9807564 collected $0.1 from pot
*** SUMMARY ***
Total pot $0.1 | Rake $0 | Jackpot $0 | Bingo $0 | Fortune $0
Seat 2: Hero (button) folded before Flop (didn't bet)
Seat 3: d9807564 (small blind) collected ($0.1)
Seat 4: c5d32f53 (big blind) folded before Flop
Seat 5: 226dc68f folded before Flop (didn't bet)
Seat 6: d139e12 folded before Flop (didn't bet)


Poker Hand #HD1181389184: Hold'em No Limit  ($0.02/$0.05) - 2023/03/29 19:29:04
Table 'NLHBlue4' 6-max Seat #6 is the button
Seat 1: f9227965 ($14.65 in chips)
Seat 2: Hero ($5.07 in chips)
Seat 3: d9807564 ($5.07 in chips)
Seat 4: c5d32f53 ($3.65 in chips)
Seat 5: 226dc68f ($8.44 in chips)
Seat 6: d139e12 ($10.74 in chips)
f9227965: posts small blind $0.02
Hero: posts big blind $0.05
*** HOLE CARDS ***
Dealt to f9227965 
Dealt to Hero [Js Kc]
Dealt to d9807564 
Dealt to c5d32f53 
Dealt to 226dc68f 
Dealt to d139e12 
d9807564: raises $0.07 to $0.12
c5d32f53: folds
226dc68f: folds
d139e12: folds
f9227965: folds
Hero: calls $0.07
*** FLOP *** [Ac 8h 8d]
Hero: checks
d9807564: bets $0.09
Hero: folds
Uncalled bet ($0.09) returned to d9807564
*** SHOWDOWN ***
d9807564 collected $0.25 from pot
*** SUMMARY ***
Total pot $0.26 | Rake $0.01 | Jackpot $0 | Bingo $0 | Fortune $0
Board [Ac 8h 8d]
Seat 1: f9227965 (small blind) folded before Flop
Seat 2: Hero (big blind) folded on the Flop
Seat 3: d9807564 won ($0.25)
Seat 4: c5d32f53 folded before Flop (didn't bet)
Seat 5: 226dc68f folded before Flop (didn't bet)
Seat 6: d139e12 (button) folded before Flop (didn't bet)


Poker Hand #HD1181389134: Hold'em No Limit  ($0.02/$0.05) - 2023/03/29 19:28:48
Table 'NLHBlue4' 6-max Seat #5 is the button
Seat 1: f9227965 ($14.7 in chips)
Seat 2: Hero ($5 in chips)
Seat 3: d9807564 ($5.07 in chips)
Seat 4: c5d32f53 ($3.65 in chips)
Seat 5: 226dc68f ($8.44 in chips)
Seat 6: d139e12 ($10.76 in chips)
d139e12: posts small blind $0.02
f9227965: posts big blind $0.05
*** HOLE CARDS ***
Dealt to f9227965 
Dealt to Hero [8c 8h]
Dealt to d9807564 
Dealt to c5d32f53 
Dealt to 226dc68f 
Dealt to d139e12 
Hero: raises $0.07 to $0.12
d9807564: folds
c5d32f53: folds
226dc68f: folds
d139e12: folds
f9227965: folds
Uncalled bet ($0.07) returned to Hero
*** SHOWDOWN ***
Hero collected $0.12 from pot
*** SUMMARY ***
Total pot $0.12 | Rake $0 | Jackpot $0 | Bingo $0 | Fortune $0
Seat 1: f9227965 (big blind) folded before Flop
Seat 2: Hero collected ($0.12)
Seat 3: d9807564 folded before Flop (didn't bet)
Seat 4: c5d32f53 folded before Flop (didn't bet)
Seat 5: 226dc68f (button) folded before Flop (didn't bet)
Seat 6: d139e12 (small blind) folded before Flop


Poker Hand #HD1181389111: Hold'em No Limit  ($0.02/$0.05) - 2023/03/29 19:28:40
Table 'NLHBlue4' 6-max Seat #4 is the button
Seat 1: f9227965 ($14.7 in chips)
Seat 2: Hero ($5 in chips)
Seat 3: d9807564 ($5.07 in chips)
Seat 4: c5d32f53 ($3.65 in chips)
Seat 5: 226dc68f ($8.46 in chips)
Seat 6: d139e12 ($10.74 in chips)
226dc68f: posts small blind $0.02
d139e12: posts big blind $0.05
*** HOLE CARDS ***
Dealt to f9227965 
Dealt to Hero [7s 9h]
Dealt to d9807564 
Dealt to c5d32f53 
Dealt to 226dc68f 
Dealt to d139e12 
f9227965: folds
Hero: folds
d9807564: folds
c5d32f53: folds
226dc68f: folds
Uncalled bet ($0.03) returned to d139e12
*** SHOWDOWN ***
d139e12 collected $0.04 from pot
*** SUMMARY ***
Total pot $0.04 | Rake $0 | Jackpot $0 | Bingo $0 | Fortune $0
Seat 1: f9227965 folded before Flop (didn't bet)
Seat 2: Hero folded before Flop (didn't bet)
Seat 3: d9807564 folded before Flop (didn't bet)
Seat 4: c5d32f53 (button) folded before Flop (didn't bet)
Seat 5: 226dc68f (small blind) folded before Flop
Seat 6: d139e12 (big blind) collected ($0.04)


Poker Hand #HD1181389049: Hold'em No Limit  ($0.02/$0.05) - 2023/03/29 19:28:19
Table 'NLHBlue4' 6-max Seat #3 is the button
Seat 1: f9227965 ($14.7 in chips)
Seat 2: Hero ($5 in chips)
Seat 3: d9807564 ($5 in chips)
Seat 4: c5d32f53 ($3.67 in chips)
Seat 5: 226dc68f ($8.51 in chips)
Seat 6: d139e12 ($10.74 in chips)
c5d32f53: posts small blind $0.02
226dc68f: posts big blind $0.05
*** HOLE CARDS ***
Dealt to f9227965 
Dealt to Hero [Ks 5c]
Dealt to d9807564 
Dealt to c5d32f53 
Dealt to 226dc68f 
Dealt to d139e12 
d139e12: folds
f9227965: folds
Hero: folds
d9807564: raises $0.07 to $0.12
c5d32f53: folds
226dc68f: folds
Uncalled bet ($0.07) returned to d9807564
*** SHOWDOWN ***
d9807564 collected $0.12 from pot
*** SUMMARY ***
Total pot $0.12 | Rake $0 | Jackpot $0 | Bingo $0 | Fortune $0
Seat 1: f9227965 folded before Flop (didn't bet)
Seat 2: Hero folded before Flop (didn't bet)
Seat 3: d9807564 (button) collected ($0.12)
Seat 4: c5d32f53 (small blind) folded before Flop
Seat 5: 226dc68f (big blind) folded before Flop
Seat 6: d139e12 folded before Flop (didn't bet)


Poker Hand #HD1181388963: Hold'em No Limit  ($0.02/$0.05) - 2023/03/29 19:27:43
Table 'NLHBlue4' 6-max Seat #2 is the button
Seat 1: f9227965 ($14.7 in chips)
Seat 2: Hero ($5 in chips)
Seat 3: d9807564 ($5.02 in chips)
Seat 4: c5d32f53 ($3.53 in chips)
Seat 5: 226dc68f ($8.64 in chips)
Seat 6: d139e12 ($10.74 in chips)
d9807564: posts small blind $0.02
c5d32f53: posts big blind $0.05
*** HOLE CARDS ***
Dealt to f9227965 
Dealt to Hero [6d Kc]
Dealt to d9807564 
Dealt to c5d32f53 
Dealt to 226dc68f 
Dealt to d139e12 
226dc68f: raises $0.08 to $0.13
d139e12: folds
f9227965: folds
Hero: folds
d9807564: folds
c5d32f53: calls $0.08
*** FLOP *** [8h 9s 7d]
c5d32f53: checks
226dc68f: checks
*** TURN *** [8h 9s 7d] [9c]
c5d32f53: bets $0.13
226dc68f: folds
Uncalled bet ($0.13) returned to c5d32f53
*** SHOWDOWN ***
c5d32f53 collected $0.27 from pot
*** SUMMARY ***
Total pot $0.28 | Rake $0.01 | Jackpot $0 | Bingo $0 | Fortune $0
Board [8h 9s 7d 9c]
Seat 1: f9227965 folded before Flop (didn't bet)
Seat 2: Hero (button) folded before Flop (didn't bet)
Seat 3: d9807564 (small blind) folded before Flop
Seat 4: c5d32f53 (big blind) won ($0.27)
Seat 5: 226dc68f folded on the Turn
Seat 6: d139e12 folded before Flop (didn't bet)


Poker Hand #HD1181388912: Hold'em No Limit  ($0.02/$0.05) - 2023/03/29 19:27:24
Table 'NLHBlue4' 6-max Seat #1 is the button
Seat 1: f9227965 ($14.7 in chips)
Seat 2: Hero ($5.02 in chips)
Seat 3: d9807564 ($5 in chips)
Seat 4: c5d32f53 ($3.53 in chips)
Seat 5: 226dc68f ($8.64 in chips)
Seat 6: d139e12 ($10.74 in chips)
Hero: posts small blind $0.02
d9807564: posts big blind $0.05
*** HOLE CARDS ***
Dealt to f9227965 
Dealt to Hero [6c 8d]
Dealt to d9807564 
Dealt to c5d32f53 
Dealt to 226dc68f 
Dealt to d139e12 
c5d32f53: folds
226dc68f: folds
d139e12: folds
f9227965: folds
Hero: folds
Uncalled bet ($0.03) returned to d9807564
*** SHOWDOWN ***
d9807564 collected $0.04 from pot
*** SUMMARY ***
Total pot $0.04 | Rake $0 | Jackpot $0 | Bingo $0 | Fortune $0
Seat 1: f9227965 (button) folded before Flop (didn't bet)
Seat 2: Hero (small blind) folded before Flop
Seat 3: d9807564 (big blind) collected ($0.04)
Seat 4: c5d32f53 folded before Flop (didn't bet)
Seat 5: 226dc68f folded before Flop (didn't bet)
Seat 6: d139e12 folded before Flop (didn't bet)


Poker Hand #HD1181388841: Hold'em No Limit  ($0.02/$0.05) - 2023/03/29 19:27:02
Table 'NLHBlue4' 6-max Seat #6 is the button
Seat 1: f9227965 ($14.72 in chips)
Seat 2: Hero ($5.07 in chips)
Seat 3: d9807564 ($5 in chips)
Seat 4: c5d32f53 ($3.53 in chips)
Seat 5: 226dc68f ($8.64 in chips)
Seat 6: d139e12 ($10.67 in chips)
f9227965: posts small blind $0.02
Hero: posts big blind $0.05
*** HOLE CARDS ***
Dealt to f9227965 
Dealt to Hero [3d 7s]
Dealt to d9807564 
Dealt to c5d32f53 
Dealt to 226dc68f 
Dealt to d139e12 
d9807564: folds
c5d32f53: folds
226dc68f: folds
d139e12: raises $0.08 to $0.13
f9227965: folds
Hero: folds
Uncalled bet ($0.08) returned to d139e12
*** SHOWDOWN ***
d139e12 collected $0.12 from pot
*** SUMMARY ***
Total pot $0.12 | Rake $0 | Jackpot $0 | Bingo $0 | Fortune $0
Seat 1: f9227965 (small blind) folded before Flop
Seat 2: Hero (big blind) folded before Flop
Seat 3: d9807564 folded before Flop (didn't bet)
Seat 4: c5d32f53 folded before Flop (didn't bet)
Seat 5: 226dc68f folded before Flop (didn't bet)
Seat 6: d139e12 (button) collected ($0.12)


Poker Hand #HD1181388802: Hold'em No Limit  ($0.02/$0.05) - 2023/03/29 19:26:49
Table 'NLHBlue4' 6-max Seat #5 is the button
Seat 1: f9227965 ($14.77 in chips)
Seat 2: Hero ($5.07 in chips)
Seat 3: d9807564 ($5 in chips)
Seat 4: c5d32f53 ($3.53 in chips)
Seat 5: 226dc68f ($8.64 in chips)
Seat 6: d139e12 ($10.62 in chips)
d139e12: posts small blind $0.02
f9227965: posts big blind $0.05
*** HOLE CARDS ***
Dealt to f9227965 
Dealt to Hero [6d 8d]
Dealt to d9807564 
Dealt to c5d32f53 
Dealt to 226dc68f 
Dealt to d139e12 
Hero: folds
d9807564: folds
c5d32f53: folds
226dc68f: folds
d139e12: raises $0.08 to $0.13
f9227965: folds
Uncalled bet ($0.08) returned to d139e12
*** SHOWDOWN ***
d139e12 collected $0.1 from pot
*** SUMMARY ***
Total pot $0.1 | Rake $0 | Jackpot $0 | Bingo $0 | Fortune $0
Seat 1: f9227965 (big blind) folded before Flop
Seat 2: Hero folded before Flop (didn't bet)
Seat 3: d9807564 folded before Flop (didn't bet)
Seat 4: c5d32f53 folded before Flop (didn't bet)
Seat 5: 226dc68f (button) folded before Flop (didn't bet)
Seat 6: d139e12 (small blind) collected ($0.1)


Poker Hand #HD1181388551: Hold'em No Limit  ($0.02/$0.05) - 2023/03/29 19:25:09
Table 'NLHBlue4' 6-max Seat #4 is the button
Seat 1: f9227965 ($14.77 in chips)
Seat 2: Hero ($5.07 in chips)
Seat 3: d9807564 ($5.76 in chips)
Seat 4: c5d32f53 ($3.53 in chips)
Seat 5: 226dc68f ($8.66 in chips)
Seat 6: d139e12 ($7.48 in chips)
226dc68f: posts small blind $0.02
d139e12: posts big blind $0.05
*** HOLE CARDS ***
Dealt to f9227965 
Dealt to Hero [Th 3c]
Dealt to d9807564 
Dealt to c5d32f53 
Dealt to 226dc68f 
Dealt to d139e12 
f9227965: folds
Hero: folds
d9807564: raises $0.07 to $0.12
c5d32f53: folds
226dc68f: folds
d139e12: raises $0.38 to $0.5
d9807564: calls $0.38
*** FLOP *** [2c Qc 7d]
d139e12: bets $0.51
d9807564: calls $0.51
*** TURN *** [2c Qc 7d] [3h]
d139e12: bets $1.35
d9807564: calls $1.35
*** RIVER *** [2c Qc 7d 3h] [6d]
d139e12: checks
d9807564: bets $1.16
d139e12: calls $1.16
d9807564: shows [Qd Ad] (Pair of Queens)
d139e12: shows [As Ah] (Pair of Aces)
*** SHOWDOWN ***
d139e12 collected $6.66 from pot
*** SUMMARY ***
Total pot $7.06 | Rake $0.35 | Jackpot $0.05 | Bingo $0 | Fortune $0
Board [2c Qc 7d 3h 6d]
Seat 1: f9227965 folded before Flop (didn't bet)
Seat 2: Hero folded before Flop (didn't bet)
Seat 3: d9807564 showed [Qd Ad] and lost with Pair of Queens
Seat 4: c5d32f53 (button) folded before Flop (didn't bet)
Seat 5: 226dc68f (small blind) folded before Flop
Seat 6: d139e12 (big blind) showed [As Ah] and won ($6.66) with Pair of Aces


Poker Hand #HD1181388389: Hold'em No Limit  ($0.02/$0.05) - 2023/03/29 19:24:16
Table 'NLHBlue4' 6-max Seat #3 is the button
Seat 1: f9227965 ($14.77 in chips)
Seat 2: Hero ($5.07 in chips)
Seat 3: d9807564 ($6.02 in chips)
Seat 4: c5d32f53 ($3.24 in chips)
Seat 5: 226dc68f ($8.71 in chips)
Seat 6: d139e12 ($7.48 in chips)
c5d32f53: posts small blind $0.02
226dc68f: posts big blind $0.05
*** HOLE CARDS ***
Dealt to f9227965 
Dealt to Hero [7c 8h]
Dealt to d9807564 
Dealt to c5d32f53 
Dealt to 226dc68f 
Dealt to d139e12 
d139e12: folds
f9227965: folds
Hero: folds
d9807564: raises $0.07 to $0.12
c5d32f53: calls $0.1
226dc68f: folds
*** FLOP *** [Qc 6d Jd]
c5d32f53: bets $0.14
d9807564: calls $0.14
*** TURN *** [Qc 6d Jd] [Ac]
c5d32f53: bets $0.43
d9807564: folds
Uncalled bet ($0.43) returned to c5d32f53
*** SHOWDOWN ***
c5d32f53 collected $0.55 from pot
*** SUMMARY ***
Total pot $0.57 | Rake $0.02 | Jackpot $0 | Bingo $0 | Fortune $0
Board [Qc 6d Jd Ac]
Seat 1: f9227965 folded before Flop (didn't bet)
Seat 2: Hero folded before Flop (didn't bet)
Seat 3: d9807564 (button) folded on the Turn
Seat 4: c5d32f53 (small blind) won ($0.55)
Seat 5: 226dc68f (big blind) folded before Flop
Seat 6: d139e12 folded before Flop (didn't bet)


Poker Hand #HD1181388218: Hold'em No Limit  ($0.02/$0.05) - 2023/03/29 19:23:11
Table 'NLHBlue4' 6-max Seat #2 is the button
Seat 1: f9227965 ($14.77 in chips)
Seat 2: Hero ($5.07 in chips)
Seat 3: d9807564 ($5.4 in chips)
Seat 4: c5d32f53 ($3.92 in chips)
Seat 5: 226dc68f ($8.71 in chips)
Seat 6: d139e12 ($7.48 in chips)
d9807564: posts small blind $0.02
c5d32f53: posts big blind $0.05
*** HOLE CARDS ***
Dealt to f9227965 
Dealt to Hero [Jc 4s]
Dealt to d9807564 
Dealt to c5d32f53 
Dealt to 226dc68f 
Dealt to d139e12 
226dc68f: folds
d139e12: folds
f9227965: folds
Hero: folds
d9807564: raises $0.09 to $0.14
c5d32f53: calls $0.09
*** FLOP *** [6c 8c 5s]
d9807564: checks
c5d32f53: bets $0.13
d9807564: calls $0.13
*** TURN *** [6c 8c 5s] [7d]
d9807564: checks
c5d32f53: bets $0.41
d9807564: calls $0.41
*** RIVER *** [6c 8c 5s 7d] [Js]
d9807564: checks
c5d32f53: checks
d9807564: shows [4h As] (Eights-High Straight)
c5d32f53: shows [Ah Kd] (Ace-High)
*** SHOWDOWN ***
d9807564 collected $1.3 from pot
*** SUMMARY ***
Total pot $1.36 | Rake $0.06 | Jackpot $0 | Bingo $0 | Fortune $0
Board [6c 8c 5s 7d Js]
Seat 1: f9227965 folded before Flop (didn't bet)
Seat 2: Hero (button) folded before Flop (didn't bet)
Seat 3: d9807564 (small blind) showed [4h As] and won ($1.3) with Eights-High Straight
Seat 4: c5d32f53 (big blind) showed [Ah Kd] and lost with Ace-High
Seat 5: 226dc68f folded before Flop (didn't bet)
Seat 6: d139e12 folded before Flop (didn't bet)


Poker Hand #HD1181388139: Hold'em No Limit  ($0.02/$0.05) - 2023/03/29 19:22:43
Table 'NLHBlue4' 6-max Seat #1 is the button
Seat 1: f9227965 ($14.77 in chips)
Seat 2: Hero ($5.02 in chips)
Seat 3: d9807564 ($5.45 in chips)
Seat 4: c5d32f53 ($3.92 in chips)
Seat 5: 226dc68f ($8.71 in chips)
Seat 6: d139e12 ($7.48 in chips)
Hero: posts small blind $0.02
d9807564: posts big blind $0.05
*** HOLE CARDS ***
Dealt to f9227965 
Dealt to Hero [Ah 8h]
Dealt to d9807564 
Dealt to c5d32f53 
Dealt to 226dc68f 
Dealt to d139e12 
c5d32f53: folds
226dc68f: folds
d139e12: folds
f9227965: folds
Hero: raises $0.09 to $0.14
d9807564: folds
Uncalled bet ($0.09) returned to Hero
*** SHOWDOWN ***
Hero collected $0.1 from pot
*** SUMMARY ***
Total pot $0.1 | Rake $0 | Jackpot $0 | Bingo $0 | Fortune $0
Seat 1: f9227965 (button) folded before Flop (didn't bet)
Seat 2: Hero (small blind) collected ($0.1)
Seat 3: d9807564 (big blind) folded before Flop
Seat 4: c5d32f53 folded before Flop (didn't bet)
Seat 5: 226dc68f folded before Flop (didn't bet)
Seat 6: d139e12 folded before Flop (didn't bet)


Poker Hand #HD1181388023: Hold'em No Limit  ($0.02/$0.05) - 2023/03/29 19:22:06
Table 'NLHBlue4' 6-max Seat #6 is the button
Seat 1: f9227965 ($14.79 in chips)
Seat 2: Hero ($5.07 in chips)
Seat 3: d9807564 ($5.45 in chips)
Seat 4: c5d32f53 ($3.92 in chips)
Seat 5: 226dc68f ($8.64 in chips)
Seat 6: d139e12 ($7.48 in chips)
f9227965: posts small blind $0.02
Hero: posts big blind $0.05
*** HOLE CARDS ***
Dealt to f9227965 
Dealt to Hero [3s 8s]
Dealt to d9807564 
Dealt to c5d32f53 
Dealt to 226dc68f 
Dealt to d139e12 
d9807564: folds
c5d32f53: folds
226dc68f: calls $0.05
d139e12: folds
f9227965: folds
Hero: checks
*** FLOP *** [4d 9h 7h]
Hero: checks
226dc68f: bets $0.08
Hero: folds
Uncalled bet ($0.08) returned to 226dc68f
*** SHOWDOWN ***
226dc68f collected $0.12 from pot
*** SUMMARY ***
Total pot $0.12 | Rake $0 | Jackpot $0 | Bingo $0 | Fortune $0
Board [4d 9h 7h]
Seat 1: f9227965 (small blind) folded before Flop
Seat 2: Hero (big blind) folded on the Flop
Seat 3: d9807564 folded before Flop (didn't bet)
Seat 4: c5d32f53 folded before Flop (didn't bet)
Seat 5: 226dc68f won ($0.12)
Seat 6: d139e12 (button) folded before Flop (didn't bet)


Poker Hand #HD1181387959: Hold'em No Limit  ($0.02/$0.05) - 2023/03/29 19:21:41
Table 'NLHBlue4' 6-max Seat #5 is the button
Seat 1: f9227965 ($14.84 in chips)
Seat 2: Hero ($5.07 in chips)
Seat 3: d9807564 ($5.45 in chips)
Seat 4: c5d32f53 ($3.85 in chips)
Seat 5: 226dc68f ($8.64 in chips)
Seat 6: d139e12 ($7.5 in chips)
d139e12: posts small blind $0.02
f9227965: posts big blind $0.05
c5d32f53: posts big blind $0.05
*** HOLE CARDS ***
Dealt to f9227965 
Dealt to Hero [3s 8d]
Dealt to d9807564 
Dealt to c5d32f53 
Dealt to 226dc68f 
Dealt to d139e12 
Hero: folds
d9807564: folds
c5d32f53: checks
226dc68f: folds
d139e12: folds
f9227965: checks
*** FLOP *** [8c Kc Ac]
f9227965: checks
c5d32f53: bets $0.06
f9227965: folds
Uncalled bet ($0.06) returned to c5d32f53
*** SHOWDOWN ***
c5d32f53 collected $0.12 from pot
*** SUMMARY ***
Total pot $0.12 | Rake $0 | Jackpot $0 | Bingo $0 | Fortune $0
Board [8c Kc Ac]
Seat 1: f9227965 (big blind) folded on the Flop
Seat 2: Hero folded before Flop (didn't bet)
Seat 3: d9807564 folded before Flop (didn't bet)
Seat 4: c5d32f53 won ($0.12)
Seat 5: 226dc68f (button) folded before Flop (didn't bet)
Seat 6: d139e12 (small blind) folded before Flop


Poker Hand #HD1181387930: Hold'em No Limit  ($0.02/$0.05) - 2023/03/29 19:21:31
Table 'NLHBlue4' 6-max Seat #3 is the button
Seat 1: f9227965 ($14.84 in chips)
Seat 2: Hero ($5.07 in chips)
Seat 3: d9807564 ($5.45 in chips)
Seat 5: 226dc68f ($8.66 in chips)
Seat 6: d139e12 ($7.48 in chips)
226dc68f: posts small blind $0.02
d139e12: posts big blind $0.05
*** HOLE CARDS ***
Dealt to f9227965 
Dealt to Hero [Th 3c]
Dealt to d9807564 
Dealt to 226dc68f 
Dealt to d139e12 
f9227965: folds
Hero: folds
d9807564: folds
226dc68f: folds
Uncalled bet ($0.03) returned to d139e12
*** SHOWDOWN ***
d139e12 collected $0.04 from pot
*** SUMMARY ***
Total pot $0.04 | Rake $0 | Jackpot $0 | Bingo $0 | Fortune $0
Seat 1: f9227965 folded before Flop (didn't bet)
Seat 2: Hero folded before Flop (didn't bet)
Seat 3: d9807564 (button) folded before Flop (didn't bet)
Seat 5: 226dc68f (small blind) folded before Flop
Seat 6: d139e12 (big blind) collected ($0.04)


Poker Hand #HD1181387879: Hold'em No Limit  ($0.02/$0.05) - 2023/03/29 19:21:13
Table 'NLHBlue4' 6-max Seat #2 is the button
Seat 1: f9227965 ($14.84 in chips)
Seat 2: Hero ($5 in chips)
Seat 3: d9807564 ($5.47 in chips)
Seat 5: 226dc68f ($8.71 in chips)
Seat 6: d139e12 ($7.48 in chips)
d9807564: posts small blind $0.02
226dc68f: posts big blind $0.05
*** HOLE CARDS ***
Dealt to f9227965 
Dealt to Hero [Ad 4h]
Dealt to d9807564 
Dealt to 226dc68f 
Dealt to d139e12 
d139e12: folds
f9227965: folds
Hero: raises $0.07 to $0.12
d9807564: folds
226dc68f: folds
Uncalled bet ($0.07) returned to Hero
*** SHOWDOWN ***
Hero collected $0.12 from pot
*** SUMMARY ***
Total pot $0.12 | Rake $0 | Jackpot $0 | Bingo $0 | Fortune $0
Seat 1: f9227965 folded before Flop (didn't bet)
Seat 2: Hero (button) collected ($0.12)
Seat 3: d9807564 (small blind) folded before Flop
Seat 5: 226dc68f (big blind) folded before Flop
Seat 6: d139e12 folded before Flop (didn't bet)


Poker Hand #HD1181387811: Hold'em No Limit  ($0.02/$0.05) - 2023/03/29 19:20:51
Table 'NLHBlue4' 6-max Seat #1 is the button
Seat 1: f9227965 ($14.77 in chips)
Seat 2: Hero ($5.02 in chips)
Seat 3: d9807564 ($5.52 in chips)
Seat 5: 226dc68f ($8.71 in chips)
Seat 6: d139e12 ($7.48 in chips)
Hero: posts small blind $0.02
d9807564: posts big blind $0.05
*** HOLE CARDS ***
Dealt to f9227965 
Dealt to Hero [8c 9h]
Dealt to d9807564 
Dealt to 226dc68f 
Dealt to d139e12 
226dc68f: folds
d139e12: folds
f9227965: raises $0.08 to $0.13
Hero: folds
d9807564: folds
Uncalled bet ($0.08) returned to f9227965
*** SHOWDOWN ***
f9227965 collected $0.12 from pot
*** SUMMARY ***
Total pot $0.12 | Rake $0 | Jackpot $0 | Bingo $0 | Fortune $0
Seat 1: f9227965 (button) collected ($0.12)
Seat 2: Hero (small blind) folded before Flop
Seat 3: d9807564 (big blind) folded before Flop
Seat 5: 226dc68f folded before Flop (didn't bet)
Seat 6: d139e12 folded before Flop (didn't bet)


Poker Hand #HD1181387777: Hold'em No Limit  ($0.02/$0.05) - 2023/03/29 19:20:40
Table 'NLHBlue4' 6-max Seat #6 is the button
Seat 1: f9227965 ($14.79 in chips)
Seat 2: Hero ($5 in chips)
Seat 3: d9807564 ($5.52 in chips)
Seat 5: 226dc68f ($8.71 in chips)
Seat 6: d139e12 ($7.48 in chips)
f9227965: posts small blind $0.02
Hero: posts big blind $0.05
*** HOLE CARDS ***
Dealt to f9227965 
Dealt to Hero [Qc 2s]
Dealt to d9807564 
Dealt to 226dc68f 
Dealt to d139e12 
d9807564: folds
226dc68f: folds
d139e12: folds
f9227965: folds
Uncalled bet ($0.03) returned to Hero
*** SHOWDOWN ***
Hero collected $0.04 from pot
*** SUMMARY ***
Total pot $0.04 | Rake $0 | Jackpot $0 | Bingo $0 | Fortune $0
Seat 1: f9227965 (small blind) folded before Flop
Seat 2: Hero (big blind) collected ($0.04)
Seat 3: d9807564 folded before Flop (didn't bet)
Seat 5: 226dc68f folded before Flop (didn't bet)
Seat 6: d139e12 (button) folded before Flop (didn't bet)


