Poker Hand #HD1184025335: Hold'em No Limit  ($0.02/$0.05) - 2023/03/31 22:01:43
Table 'NLHBlue28' 6-max Seat #1 is the button
Seat 1: 1d549433 ($5 in chips)
Seat 4: 106fa4aa ($5 in chips)
Seat 5: Hero ($5.07 in chips)
Seat 6: 549c9c89 ($7.29 in chips)
106fa4aa: posts small blind $0.02
Hero: posts big blind $0.05
*** HOLE CARDS ***
Dealt to 1d549433 
Dealt to 106fa4aa 
Dealt to Hero [Qc Ad]
Dealt to 549c9c89 
549c9c89: folds
1d549433: folds
106fa4aa: folds
Uncalled bet ($0.03) returned to Hero
*** SHOWDOWN ***
Hero collected $0.04 from pot
*** SUMMARY ***
Total pot $0.04 | Rake $0 | Jackpot $0 | Bingo $0 | Fortune $0
Seat 1: 1d549433 (button) folded before Flop (didn't bet)
Seat 4: 106fa4aa (small blind) folded before Flop
Seat 5: Hero (big blind) collected ($0.04)
Seat 6: 549c9c89 folded before Flop (didn't bet)


Poker Hand #HD1184025313: Hold'em No Limit  ($0.02/$0.05) - 2023/03/31 22:01:30
Table 'NLHBlue28' 6-max Seat #6 is the button
Seat 1: 1d549433 ($5.02 in chips)
Seat 4: 106fa4aa ($5 in chips)
Seat 5: Hero ($5 in chips)
Seat 6: 549c9c89 ($7.29 in chips)
1d549433: posts small blind $0.02
106fa4aa: posts big blind $0.05
*** HOLE CARDS ***
Dealt to 1d549433 
Dealt to 106fa4aa 
Dealt to Hero [Td Qc]
Dealt to 549c9c89 
Hero: raises $0.07 to $0.12
549c9c89: folds
1d549433: folds
106fa4aa: folds
Uncalled bet ($0.07) returned to Hero
*** SHOWDOWN ***
Hero collected $0.12 from pot
*** SUMMARY ***
Total pot $0.12 | Rake $0 | Jackpot $0 | Bingo $0 | Fortune $0
Seat 1: 1d549433 (small blind) folded before Flop
Seat 4: 106fa4aa (big blind) folded before Flop
Seat 5: Hero collected ($0.12)
Seat 6: 549c9c89 (button) folded before Flop (didn't bet)


Poker Hand #HD1184025294: Hold'em No Limit  ($0.02/$0.05) - 2023/03/31 22:01:18
Table 'NLHBlue28' 6-max Seat #5 is the button
Seat 1: 1d549433 ($5.07 in chips)
Seat 3: 6e39603a ($5.22 in chips)
Seat 4: 106fa4aa ($5 in chips)
Seat 5: Hero ($5 in chips)
Seat 6: 549c9c89 ($7.24 in chips)
549c9c89: posts small blind $0.02
1d549433: posts big blind $0.05
*** HOLE CARDS ***
Dealt to 1d549433 
Dealt to 6e39603a 
Dealt to 106fa4aa 
Dealt to Hero [5h 7d]
Dealt to 549c9c89 
6e39603a: folds
106fa4aa: folds
Hero: folds
549c9c89: raises $0.08 to $0.13
1d549433: folds
Uncalled bet ($0.08) returned to 549c9c89
*** SHOWDOWN ***
549c9c89 collected $0.1 from pot
*** SUMMARY ***
Total pot $0.1 | Rake $0 | Jackpot $0 | Bingo $0 | Fortune $0
Seat 1: 1d549433 (big blind) folded before Flop
Seat 3: 6e39603a folded before Flop (didn't bet)
Seat 4: 106fa4aa folded before Flop (didn't bet)
Seat 5: Hero (button) folded before Flop (didn't bet)
Seat 6: 549c9c89 (small blind) collected ($0.1)


Poker Hand #HD1184025279: Hold'em No Limit  ($0.02/$0.05) - 2023/03/31 22:01:11
Table 'NLHBlue28' 6-max Seat #4 is the button
Seat 1: 1d549433 ($5.07 in chips)
Seat 3: 6e39603a ($5.22 in chips)
Seat 4: 106fa4aa ($5 in chips)
Seat 5: Hero ($5.02 in chips)
Seat 6: 549c9c89 ($7.22 in chips)
Hero: posts small blind $0.02
549c9c89: posts big blind $0.05
*** HOLE CARDS ***
Dealt to 1d549433 
Dealt to 6e39603a 
Dealt to 106fa4aa 
Dealt to Hero [5s 8c]
Dealt to 549c9c89 
1d549433: folds
6e39603a: folds
106fa4aa: folds
Hero: folds
Uncalled bet ($0.03) returned to 549c9c89
*** SHOWDOWN ***
549c9c89 collected $0.04 from pot
*** SUMMARY ***
Total pot $0.04 | Rake $0 | Jackpot $0 | Bingo $0 | Fortune $0
Seat 1: 1d549433 folded before Flop (didn't bet)
Seat 3: 6e39603a folded before Flop (didn't bet)
Seat 4: 106fa4aa (button) folded before Flop (didn't bet)
Seat 5: Hero (small blind) folded before Flop
Seat 6: 549c9c89 (big blind) collected ($0.04)


Poker Hand #HD1184025258: Hold'em No Limit  ($0.02/$0.05) - 2023/03/31 22:01:01
Table 'NLHBlue28' 6-max Seat #3 is the button
Seat 1: 1d549433 ($5 in chips)
Seat 3: 6e39603a ($5.22 in chips)
Seat 4: 106fa4aa ($5 in chips)
Seat 5: Hero ($5.07 in chips)
Seat 6: 549c9c89 ($7.22 in chips)
106fa4aa: posts small blind $0.02
Hero: posts big blind $0.05
*** HOLE CARDS ***
Dealt to 1d549433 
Dealt to 6e39603a 
Dealt to 106fa4aa 
Dealt to Hero [9s 5c]
Dealt to 549c9c89 
549c9c89: folds
1d549433: raises $0.08 to $0.13
6e39603a: folds
106fa4aa: folds
Hero: folds
Uncalled bet ($0.08) returned to 1d549433
*** SHOWDOWN ***
1d549433 collected $0.12 from pot
*** SUMMARY ***
Total pot $0.12 | Rake $0 | Jackpot $0 | Bingo $0 | Fortune $0
Seat 1: 1d549433 collected ($0.12)
Seat 3: 6e39603a (button) folded before Flop (didn't bet)
Seat 4: 106fa4aa (small blind) folded before Flop
Seat 5: Hero (big blind) folded before Flop
Seat 6: 549c9c89 folded before Flop (didn't bet)


Poker Hand #HD1184025214: Hold'em No Limit  ($0.02/$0.05) - 2023/03/31 22:00:41
Table 'NLHBlue28' 6-max Seat #1 is the button
Seat 1: 1d549433 ($5 in chips)
Seat 3: 6e39603a ($5.17 in chips)
Seat 4: 106fa4aa ($5 in chips)
Seat 5: Hero ($5.07 in chips)
Seat 6: 549c9c89 ($7.22 in chips)
6e39603a: posts small blind $0.02
106fa4aa: posts big blind $0.05
*** HOLE CARDS ***
Dealt to 1d549433 
Dealt to 6e39603a 
Dealt to 106fa4aa 
Dealt to Hero [Jc 2h]
Dealt to 549c9c89 
Hero: folds
549c9c89: folds
1d549433: folds
6e39603a: calls $0.03
106fa4aa: checks
*** FLOP *** [7h Qd 3h]
6e39603a: checks
106fa4aa: checks
*** TURN *** [7h Qd 3h] [3c]
6e39603a: checks
106fa4aa: checks
*** RIVER *** [7h Qd 3h 3c] [Ad]
6e39603a: bets $0.05
106fa4aa: folds
Uncalled bet ($0.05) returned to 6e39603a
*** SHOWDOWN ***
6e39603a collected $0.1 from pot
*** SUMMARY ***
Total pot $0.1 | Rake $0 | Jackpot $0 | Bingo $0 | Fortune $0
Board [7h Qd 3h 3c Ad]
Seat 1: 1d549433 (button) folded before Flop (didn't bet)
Seat 3: 6e39603a (small blind) won ($0.1)
Seat 4: 106fa4aa (big blind) folded on the River
Seat 5: Hero folded before Flop (didn't bet)
Seat 6: 549c9c89 folded before Flop (didn't bet)


Poker Hand #HD1184025175: Hold'em No Limit  ($0.02/$0.05) - 2023/03/31 22:00:23
Table 'NLHBlue28' 6-max Seat #6 is the button
Seat 1: 1d549433 ($5 in chips)
Seat 3: 6e39603a ($5.22 in chips)
Seat 4: 106fa4aa ($5 in chips)
Seat 5: Hero ($5 in chips)
Seat 6: 549c9c89 ($7.22 in chips)
1d549433: posts small blind $0.02
6e39603a: posts big blind $0.05
*** HOLE CARDS ***
Dealt to 1d549433 
Dealt to 6e39603a 
Dealt to 106fa4aa 
Dealt to Hero [8d Td]
Dealt to 549c9c89 
106fa4aa: folds
Hero: raises $0.07 to $0.12
549c9c89: folds
1d549433: folds
6e39603a: folds
Uncalled bet ($0.07) returned to Hero
*** SHOWDOWN ***
Hero collected $0.12 from pot
*** SUMMARY ***
Total pot $0.12 | Rake $0 | Jackpot $0 | Bingo $0 | Fortune $0
Seat 1: 1d549433 (small blind) folded before Flop
Seat 3: 6e39603a (big blind) folded before Flop
Seat 4: 106fa4aa folded before Flop (didn't bet)
Seat 5: Hero collected ($0.12)
Seat 6: 549c9c89 (button) folded before Flop (didn't bet)


Poker Hand #HD1184025158: Hold'em No Limit  ($0.02/$0.05) - 2023/03/31 22:00:13
Table 'NLHBlue28' 6-max Seat #5 is the button
Seat 1: 1d549433 ($5 in chips)
Seat 3: 6e39603a ($5.15 in chips)
Seat 4: 106fa4aa ($5 in chips)
Seat 5: Hero ($5 in chips)
Seat 6: 549c9c89 ($7.24 in chips)
549c9c89: posts small blind $0.02
1d549433: posts big blind $0.05
*** HOLE CARDS ***
Dealt to 1d549433 
Dealt to 6e39603a 
Dealt to 106fa4aa 
Dealt to Hero [8d 3d]
Dealt to 549c9c89 
6e39603a: raises $0.08 to $0.13
106fa4aa: folds
Hero: folds
549c9c89: folds
1d549433: folds
Uncalled bet ($0.08) returned to 6e39603a
*** SHOWDOWN ***
6e39603a collected $0.12 from pot
*** SUMMARY ***
Total pot $0.12 | Rake $0 | Jackpot $0 | Bingo $0 | Fortune $0
Seat 1: 1d549433 (big blind) folded before Flop
Seat 3: 6e39603a collected ($0.12)
Seat 4: 106fa4aa folded before Flop (didn't bet)
Seat 5: Hero (button) folded before Flop (didn't bet)
Seat 6: 549c9c89 (small blind) folded before Flop


Poker Hand #HD1184025134: Hold'em No Limit  ($0.02/$0.05) - 2023/03/31 22:00:02
Table 'NLHBlue28' 6-max Seat #4 is the button
Seat 1: 1d549433 ($5 in chips)
Seat 3: 6e39603a ($5.08 in chips)
Seat 4: 106fa4aa ($5 in chips)
Seat 5: Hero ($5.02 in chips)
Seat 6: 549c9c89 ($7.29 in chips)
Hero: posts small blind $0.02
549c9c89: posts big blind $0.05
*** HOLE CARDS ***
Dealt to 1d549433 
Dealt to 6e39603a 
Dealt to 106fa4aa 
Dealt to Hero [7c Ah]
Dealt to 549c9c89 
1d549433: folds
6e39603a: raises $0.08 to $0.13
106fa4aa: folds
Hero: folds
549c9c89: folds
Uncalled bet ($0.08) returned to 6e39603a
*** SHOWDOWN ***
6e39603a collected $0.12 from pot
*** SUMMARY ***
Total pot $0.12 | Rake $0 | Jackpot $0 | Bingo $0 | Fortune $0
Seat 1: 1d549433 folded before Flop (didn't bet)
Seat 3: 6e39603a collected ($0.12)
Seat 4: 106fa4aa (button) folded before Flop (didn't bet)
Seat 5: Hero (small blind) folded before Flop
Seat 6: 549c9c89 (big blind) folded before Flop


Poker Hand #HD1184025113: Hold'em No Limit  ($0.02/$0.05) - 2023/03/31 21:59:53
Table 'NLHBlue28' 6-max Seat #3 is the button
Seat 1: 1d549433 ($5 in chips)
Seat 3: 6e39603a ($5.01 in chips)
Seat 4: 106fa4aa ($5.02 in chips)
Seat 5: Hero ($5.07 in chips)
Seat 6: 549c9c89 ($7.29 in chips)
106fa4aa: posts small blind $0.02
Hero: posts big blind $0.05
*** HOLE CARDS ***
Dealt to 1d549433 
Dealt to 6e39603a 
Dealt to 106fa4aa 
Dealt to Hero [7s 3c]
Dealt to 549c9c89 
549c9c89: folds
1d549433: folds
6e39603a: raises $0.1 to $0.15
106fa4aa: folds
Hero: folds
Uncalled bet ($0.1) returned to 6e39603a
*** SHOWDOWN ***
6e39603a collected $0.12 from pot
*** SUMMARY ***
Total pot $0.12 | Rake $0 | Jackpot $0 | Bingo $0 | Fortune $0
Seat 1: 1d549433 folded before Flop (didn't bet)
Seat 3: 6e39603a (button) collected ($0.12)
Seat 4: 106fa4aa (small blind) folded before Flop
Seat 5: Hero (big blind) folded before Flop
Seat 6: 549c9c89 folded before Flop (didn't bet)


Poker Hand #HD1184025094: Hold'em No Limit  ($0.02/$0.05) - 2023/03/31 21:59:42
Table 'NLHBlue28' 6-max Seat #1 is the button
Seat 1: 1d549433 ($5 in chips)
Seat 3: 6e39603a ($5.03 in chips)
Seat 4: 106fa4aa ($5 in chips)
Seat 5: Hero ($5.07 in chips)
Seat 6: 549c9c89 ($7.29 in chips)
6e39603a: posts small blind $0.02
106fa4aa: posts big blind $0.05
*** HOLE CARDS ***
Dealt to 1d549433 
Dealt to 6e39603a 
Dealt to 106fa4aa 
Dealt to Hero [Ah 5s]
Dealt to 549c9c89 
Hero: folds
549c9c89: folds
1d549433: folds
6e39603a: folds
Uncalled bet ($0.03) returned to 106fa4aa
*** SHOWDOWN ***
106fa4aa collected $0.04 from pot
*** SUMMARY ***
Total pot $0.04 | Rake $0 | Jackpot $0 | Bingo $0 | Fortune $0
Seat 1: 1d549433 (button) folded before Flop (didn't bet)
Seat 3: 6e39603a (small blind) folded before Flop
Seat 4: 106fa4aa (big blind) collected ($0.04)
Seat 5: Hero folded before Flop (didn't bet)
Seat 6: 549c9c89 folded before Flop (didn't bet)


Poker Hand #HD1184025071: Hold'em No Limit  ($0.02/$0.05) - 2023/03/31 21:59:31
Table 'NLHBlue28' 6-max Seat #6 is the button
Seat 1: 1d549433 ($5 in chips)
Seat 3: 6e39603a ($5.01 in chips)
Seat 4: 106fa4aa ($5 in chips)
Seat 5: Hero ($5.07 in chips)
Seat 6: 549c9c89 ($7.29 in chips)
1d549433: posts small blind $0.02
6e39603a: posts big blind $0.05
*** HOLE CARDS ***
Dealt to 1d549433 
Dealt to 6e39603a 
Dealt to 106fa4aa 
Dealt to Hero [3c 6h]
Dealt to 549c9c89 
106fa4aa: folds
Hero: folds
549c9c89: folds
1d549433: folds
Uncalled bet ($0.03) returned to 6e39603a
*** SHOWDOWN ***
6e39603a collected $0.04 from pot
*** SUMMARY ***
Total pot $0.04 | Rake $0 | Jackpot $0 | Bingo $0 | Fortune $0
Seat 1: 1d549433 (small blind) folded before Flop
Seat 3: 6e39603a (big blind) collected ($0.04)
Seat 4: 106fa4aa folded before Flop (didn't bet)
Seat 5: Hero folded before Flop (didn't bet)
Seat 6: 549c9c89 (button) folded before Flop (didn't bet)


Poker Hand #HD1184025030: Hold'em No Limit  ($0.02/$0.05) - 2023/03/31 21:59:11
Table 'NLHBlue28' 6-max Seat #5 is the button
Seat 1: 1d549433 ($5 in chips)
Seat 3: 6e39603a ($5.01 in chips)
Seat 4: 106fa4aa ($5 in chips)
Seat 5: Hero ($5 in chips)
Seat 6: 549c9c89 ($7.31 in chips)
549c9c89: posts small blind $0.02
1d549433: posts big blind $0.05
*** HOLE CARDS ***
Dealt to 1d549433 
Dealt to 6e39603a 
Dealt to 106fa4aa 
Dealt to Hero [9h Kd]
Dealt to 549c9c89 
6e39603a: folds
106fa4aa: folds
Hero: raises $0.07 to $0.12
549c9c89: folds
1d549433: folds
Uncalled bet ($0.07) returned to Hero
*** SHOWDOWN ***
Hero collected $0.12 from pot
*** SUMMARY ***
Total pot $0.12 | Rake $0 | Jackpot $0 | Bingo $0 | Fortune $0
Seat 1: 1d549433 (big blind) folded before Flop
Seat 3: 6e39603a folded before Flop (didn't bet)
Seat 4: 106fa4aa folded before Flop (didn't bet)
Seat 5: Hero (button) collected ($0.12)
Seat 6: 549c9c89 (small blind) folded before Flop


Poker Hand #HD1184025008: Hold'em No Limit  ($0.02/$0.05) - 2023/03/31 21:59:01
Table 'NLHBlue28' 6-max Seat #4 is the button
Seat 2: 9e41f44e ($5.63 in chips)
Seat 3: 6e39603a ($5.01 in chips)
Seat 4: 106fa4aa ($5 in chips)
Seat 5: Hero ($5 in chips)
Seat 6: 549c9c89 ($7.29 in chips)
Hero: posts small blind $0.02
549c9c89: posts big blind $0.05
*** HOLE CARDS ***
Dealt to 9e41f44e 
Dealt to 6e39603a 
Dealt to 106fa4aa 
Dealt to Hero [Qc 5s]
Dealt to 549c9c89 
9e41f44e: folds
6e39603a: folds
106fa4aa: folds
Hero: folds
Uncalled bet ($0.03) returned to 549c9c89
*** SHOWDOWN ***
549c9c89 collected $0.04 from pot
*** SUMMARY ***
Total pot $0.04 | Rake $0 | Jackpot $0 | Bingo $0 | Fortune $0
Seat 2: 9e41f44e folded before Flop (didn't bet)
Seat 3: 6e39603a folded before Flop (didn't bet)
Seat 4: 106fa4aa (button) folded before Flop (didn't bet)
Seat 5: Hero (small blind) folded before Flop
Seat 6: 549c9c89 (big blind) collected ($0.04)


Poker Hand #HD1184024922: Hold'em No Limit  ($0.02/$0.05) - 2023/03/31 21:58:18
Table 'NLHBlue28' 6-max Seat #3 is the button
Seat 2: 9e41f44e ($5.32 in chips)
Seat 3: 6e39603a ($5.22 in chips)
Seat 4: 106fa4aa ($5 in chips)
Seat 5: Hero ($5 in chips)
Seat 6: 549c9c89 ($7.29 in chips)
106fa4aa: posts small blind $0.02
Hero: posts big blind $0.05
*** HOLE CARDS ***
Dealt to 9e41f44e 
Dealt to 6e39603a 
Dealt to 106fa4aa 
Dealt to Hero [Ks 5s]
Dealt to 549c9c89 
549c9c89: folds
9e41f44e: raises $0.05 to $0.1
6e39603a: calls $0.1
106fa4aa: folds
Hero: calls $0.05
*** FLOP *** [5c Jh Ad]
Hero: checks
9e41f44e: bets $0.11
6e39603a: calls $0.11
Hero: folds
*** TURN *** [5c Jh Ad] [8s]
9e41f44e: bets $0.27
6e39603a: folds
Uncalled bet ($0.27) returned to 9e41f44e
*** SHOWDOWN ***
9e41f44e collected $0.52 from pot
*** SUMMARY ***
Total pot $0.54 | Rake $0.02 | Jackpot $0 | Bingo $0 | Fortune $0
Board [5c Jh Ad 8s]
Seat 2: 9e41f44e won ($0.52)
Seat 3: 6e39603a (button) folded on the Turn
Seat 4: 106fa4aa (small blind) folded before Flop
Seat 5: Hero (big blind) folded on the Flop
Seat 6: 549c9c89 folded before Flop (didn't bet)


