Poker Hand #HD1216226756: Hold'em No Limit ($0.02/$0.05) - 2023/04/24 20:37:20
Table 'NLHBlue37' 6-max Seat #4 is the button
Seat 3: 8ce87fee ($5 in chips)
Seat 4: Hero ($5.13 in chips)
Hero: posts small blind $0.02
8ce87fee: posts big blind $0.05
*** HOLE CARDS ***
Dealt to 8ce87fee 
Dealt to Hero [Qh 6d]
Hero: folds
Uncalled bet ($0.03) returned to 8ce87fee
*** SHOWDOWN ***
8ce87fee collected $0.04 from pot
*** SUMMARY ***
Total pot $0.04 | Rake $0 | Jackpot $0 | Bingo $0 | Fortune $0 | Tax $0
Seat 3: 8ce87fee (big blind) collected ($0.04)
Seat 4: Hero (small blind) folded before Flop


Poker Hand #HD1216226749: Hold'em No Limit ($0.02/$0.05) - 2023/04/24 20:37:15
Table 'NLHBlue37' 6-max Seat #3 is the button
Seat 3: 8ce87fee ($5 in chips)
Seat 4: Hero ($5.11 in chips)
8ce87fee: posts small blind $0.02
Hero: posts big blind $0.05
*** HOLE CARDS ***
Dealt to 8ce87fee 
Dealt to Hero [3d 6s]
8ce87fee: folds
Uncalled bet ($0.03) returned to Hero
*** SHOWDOWN ***
Hero collected $0.04 from pot
*** SUMMARY ***
Total pot $0.04 | Rake $0 | Jackpot $0 | Bingo $0 | Fortune $0 | Tax $0
Seat 3: 8ce87fee (small blind) folded before Flop
Seat 4: Hero (big blind) collected ($0.04)


Poker Hand #HD1216226736: Hold'em No Limit ($0.02/$0.05) - 2023/04/24 20:37:07
Table 'NLHBlue37' 6-max Seat #4 is the button
Seat 3: 8ce87fee ($5.05 in chips)
Seat 4: Hero ($5.06 in chips)
Hero: posts small blind $0.02
8ce87fee: posts big blind $0.05
*** HOLE CARDS ***
Dealt to 8ce87fee 
Dealt to Hero [9c As]
Hero: raises $0.09 to $0.14
8ce87fee: folds
Uncalled bet ($0.09) returned to Hero
*** SHOWDOWN ***
Hero collected $0.1 from pot
*** SUMMARY ***
Total pot $0.1 | Rake $0 | Jackpot $0 | Bingo $0 | Fortune $0 | Tax $0
Seat 3: 8ce87fee (big blind) folded before Flop
Seat 4: Hero (small blind) collected ($0.1)


Poker Hand #HD1216226717: Hold'em No Limit ($0.02/$0.05) - 2023/04/24 20:36:59
Table 'NLHBlue37' 6-max Seat #3 is the button
Seat 3: 8ce87fee ($5 in chips)
Seat 4: Hero ($5.11 in chips)
8ce87fee: posts small blind $0.02
Hero: posts big blind $0.05
*** HOLE CARDS ***
Dealt to 8ce87fee 
Dealt to Hero [2c Jh]
8ce87fee: raises $0.08 to $0.13
Hero: folds
Uncalled bet ($0.08) returned to 8ce87fee
*** SHOWDOWN ***
8ce87fee collected $0.1 from pot
*** SUMMARY ***
Total pot $0.1 | Rake $0 | Jackpot $0 | Bingo $0 | Fortune $0 | Tax $0
Seat 3: 8ce87fee (small blind) collected ($0.1)
Seat 4: Hero (big blind) folded before Flop


Poker Hand #HD1216226702: Hold'em No Limit ($0.02/$0.05) - 2023/04/24 20:36:50
Table 'NLHBlue37' 6-max Seat #6 is the button
Seat 3: 8ce87fee ($5 in chips)
Seat 4: Hero ($5.09 in chips)
Seat 6: 8e3874e0 ($5.03 in chips)
8ce87fee: posts small blind $0.02
Hero: posts big blind $0.05
*** HOLE CARDS ***
Dealt to 8ce87fee 
Dealt to Hero [5h Ks]
Dealt to 8e3874e0 
8e3874e0: folds
8ce87fee: folds
Uncalled bet ($0.03) returned to Hero
*** SHOWDOWN ***
Hero collected $0.04 from pot
*** SUMMARY ***
Total pot $0.04 | Rake $0 | Jackpot $0 | Bingo $0 | Fortune $0 | Tax $0
Seat 3: 8ce87fee (small blind) folded before Flop
Seat 4: Hero (big blind) collected ($0.04)
Seat 6: 8e3874e0 (button) folded before Flop (didn't bet)


Poker Hand #HD1216226681: Hold'em No Limit ($0.02/$0.05) - 2023/04/24 20:36:38
Table 'NLHBlue37' 6-max Seat #4 is the button
Seat 3: 8ce87fee ($5 in chips)
Seat 4: Hero ($5.02 in chips)
Seat 6: 8e3874e0 ($5.05 in chips)
8e3874e0: posts small blind $0.02
8ce87fee: posts big blind $0.05
*** HOLE CARDS ***
Dealt to 8ce87fee 
Dealt to Hero [Qs Kc]
Dealt to 8e3874e0 
Hero: raises $0.07 to $0.12
8e3874e0: folds
8ce87fee: folds
Uncalled bet ($0.07) returned to Hero
*** SHOWDOWN ***
Hero collected $0.12 from pot
*** SUMMARY ***
Total pot $0.12 | Rake $0 | Jackpot $0 | Bingo $0 | Fortune $0 | Tax $0
Seat 3: 8ce87fee (big blind) folded before Flop
Seat 4: Hero (button) collected ($0.12)
Seat 6: 8e3874e0 (small blind) folded before Flop


Poker Hand #HD1216226671: Hold'em No Limit ($0.02/$0.05) - 2023/04/24 20:36:30
Table 'NLHBlue37' 6-max Seat #6 is the button
Seat 4: Hero ($5.07 in chips)
Seat 6: 8e3874e0 ($5 in chips)
8e3874e0: posts small blind $0.02
Hero: posts big blind $0.05
*** HOLE CARDS ***
Dealt to Hero [3d 9s]
Dealt to 8e3874e0 
8e3874e0: raises $0.08 to $0.13
Hero: folds
Uncalled bet ($0.08) returned to 8e3874e0
*** SHOWDOWN ***
8e3874e0 collected $0.1 from pot
*** SUMMARY ***
Total pot $0.1 | Rake $0 | Jackpot $0 | Bingo $0 | Fortune $0 | Tax $0
Seat 4: Hero (big blind) folded before Flop
Seat 6: 8e3874e0 (small blind) collected ($0.1)


Poker Hand #HD1216226654: Hold'em No Limit ($0.02/$0.05) - 2023/04/24 20:36:19
Table 'NLHBlue37' 6-max Seat #4 is the button
Seat 2: 629e424c ($9.91 in chips)
Seat 4: Hero ($5 in chips)
Seat 6: 8e3874e0 ($5 in chips)
8e3874e0: posts small blind $0.02
629e424c: posts big blind $0.05
*** HOLE CARDS ***
Dealt to 629e424c 
Dealt to Hero [Qc 5c]
Dealt to 8e3874e0 
Hero: raises $0.07 to $0.12
8e3874e0: folds
629e424c: folds
Uncalled bet ($0.07) returned to Hero
*** SHOWDOWN ***
Hero collected $0.12 from pot
*** SUMMARY ***
Total pot $0.12 | Rake $0 | Jackpot $0 | Bingo $0 | Fortune $0 | Tax $0
Seat 2: 629e424c (big blind) folded before Flop
Seat 4: Hero (button) collected ($0.12)
Seat 6: 8e3874e0 (small blind) folded before Flop


Poker Hand #HD1216226564: Hold'em No Limit ($0.02/$0.05) - 2023/04/24 20:35:35
Table 'NLHBlue37' 6-max Seat #2 is the button
Seat 1: 940b2480 ($0.66 in chips)
Seat 2: 629e424c ($9.67 in chips)
Seat 4: Hero ($5 in chips)
Seat 5: 68adbc6 ($5.62 in chips)
Seat 6: 8e3874e0 ($5 in chips)
Hero: posts small blind $0.02
68adbc6: posts big blind $0.05
*** HOLE CARDS ***
Dealt to 940b2480 
Dealt to 629e424c 
Dealt to Hero [5s 8s]
Dealt to 68adbc6 
Dealt to 8e3874e0 
8e3874e0: raises $0.08 to $0.13
940b2480: raises $0.33 to $0.46
629e424c: raises $0.33 to $0.79
Hero: folds
68adbc6: folds
8e3874e0: folds
940b2480: calls $0.2 and is all-in
Uncalled bet ($0.13) returned to 629e424c
629e424c: shows [5c 6c]
940b2480: shows [Th Jh]
*** FLOP *** [2s 6h Ah]
*** TURN *** [2s 6h Ah] [9s]
629e424c: Chooses to EV Cashout 
*** RIVER *** [2s 6h Ah 9s] [6d]
629e424c: Pays Cashout Risk ($0.5)
*** SHOWDOWN ***
629e424c collected $1.4 from pot
*** SUMMARY ***
Total pot $1.52 | Rake $0.07 | Jackpot $0.05 | Bingo $0 | Fortune $0 | Tax $0
Board [2s 6h Ah 9s 6d]
Seat 1: 940b2480 showed [Th Jh] and lost with Pair of Sixes
Seat 2: 629e424c (button) showed [5c 6c] and won ($1.4) with Three Sixes, Cashout Risk ($0.5)
Seat 4: Hero (small blind) folded before Flop
Seat 5: 68adbc6 (big blind) folded before Flop
Seat 6: 8e3874e0 folded before Flop


Poker Hand #HD1216226519: Hold'em No Limit ($0.02/$0.05) - 2023/04/24 20:35:07
Table 'NLHBlue37' 6-max Seat #1 is the button
Seat 1: 940b2480 ($0.86 in chips)
Seat 2: 629e424c ($9.87 in chips)
Seat 4: Hero ($5 in chips)
Seat 5: 68adbc6 ($5.2 in chips)
Seat 6: 8e3874e0 ($5 in chips)
629e424c: posts small blind $0.02
Hero: posts big blind $0.05
*** HOLE CARDS ***
Dealt to 940b2480 
Dealt to 629e424c 
Dealt to Hero [7c Jh]
Dealt to 68adbc6 
Dealt to 8e3874e0 
68adbc6: raises $0.15 to $0.2
8e3874e0: folds
940b2480: calls $0.2
629e424c: calls $0.18
Hero: folds
*** FLOP *** [As 7d 9s]
629e424c: checks
68adbc6: bets $0.65
940b2480: folds
629e424c: folds
Uncalled bet ($0.65) returned to 68adbc6
*** SHOWDOWN ***
68adbc6 collected $0.62 from pot
*** SUMMARY ***
Total pot $0.65 | Rake $0.03 | Jackpot $0 | Bingo $0 | Fortune $0 | Tax $0
Board [As 7d 9s]
Seat 1: 940b2480 (button) folded on the Flop
Seat 2: 629e424c (small blind) folded on the Flop
Seat 4: Hero (big blind) folded before Flop
Seat 5: 68adbc6 won ($0.62)
Seat 6: 8e3874e0 folded before Flop (didn't bet)


Poker Hand #HD1216226477: Hold'em No Limit ($0.02/$0.05) - 2023/04/24 20:34:41
Table 'NLHBlue37' 6-max Seat #6 is the button
Seat 1: 940b2480 ($0.88 in chips)
Seat 2: 629e424c ($10.07 in chips)
Seat 4: Hero ($5 in chips)
Seat 5: 68adbc6 ($5 in chips)
Seat 6: 8e3874e0 ($5 in chips)
940b2480: posts small blind $0.02
629e424c: posts big blind $0.05
68adbc6: posts big blind $0.05
*** HOLE CARDS ***
Dealt to 940b2480 
Dealt to 629e424c 
Dealt to Hero [7c 8s]
Dealt to 68adbc6 
Dealt to 8e3874e0 
Hero: folds
68adbc6: raises $0.15 to $0.2
8e3874e0: folds
940b2480: folds
629e424c: calls $0.15
*** FLOP *** [Ah Kh Qd]
629e424c: checks
68adbc6: bets $4.8 and is all-in
629e424c: folds
Uncalled bet ($4.8) returned to 68adbc6
*** SHOWDOWN ***
68adbc6 collected $0.4 from pot
*** SUMMARY ***
Total pot $0.42 | Rake $0.02 | Jackpot $0 | Bingo $0 | Fortune $0 | Tax $0
Board [Ah Kh Qd]
Seat 1: 940b2480 (small blind) folded before Flop
Seat 2: 629e424c (big blind) folded on the Flop
Seat 4: Hero folded before Flop (didn't bet)
Seat 5: 68adbc6 won ($0.4)
Seat 6: 8e3874e0 (button) folded before Flop (didn't bet)


Poker Hand #HD1216226452: Hold'em No Limit ($0.02/$0.05) - 2023/04/24 20:34:30
Table 'NLHBlue37' 6-max Seat #4 is the button
Seat 1: 940b2480 ($0.86 in chips)
Seat 2: 629e424c ($10.07 in chips)
Seat 4: Hero ($5 in chips)
Seat 6: 8e3874e0 ($5 in chips)
8e3874e0: posts small blind $0.02
940b2480: posts big blind $0.05
*** HOLE CARDS ***
Dealt to 940b2480 
Dealt to 629e424c 
Dealt to Hero [9h 4s]
Dealt to 8e3874e0 
629e424c: folds
Hero: folds
8e3874e0: folds
Uncalled bet ($0.03) returned to 940b2480
*** SHOWDOWN ***
940b2480 collected $0.04 from pot
*** SUMMARY ***
Total pot $0.04 | Rake $0 | Jackpot $0 | Bingo $0 | Fortune $0 | Tax $0
Seat 1: 940b2480 (big blind) collected ($0.04)
Seat 2: 629e424c folded before Flop (didn't bet)
Seat 4: Hero (button) folded before Flop (didn't bet)
Seat 6: 8e3874e0 (small blind) folded before Flop


Poker Hand #HD1216226359: Hold'em No Limit ($0.02/$0.05) - 2023/04/24 20:33:37
Table 'NLHBlue37' 6-max Seat #2 is the button
Seat 1: 940b2480 ($0.86 in chips)
Seat 2: 629e424c ($8.87 in chips)
Seat 4: Hero ($5 in chips)
Seat 6: 8e3874e0 ($5 in chips)
Hero: posts small blind $0.02
8e3874e0: posts big blind $0.05
*** HOLE CARDS ***
Dealt to 940b2480 
Dealt to 629e424c 
Dealt to Hero [Js 6h]
Dealt to 8e3874e0 
940b2480: folds
629e424c: calls $0.05
Hero: folds
8e3874e0: raises $0.15 to $0.2
629e424c: calls $0.15
*** FLOP *** [9c Ks 5d]
8e3874e0: bets $0.14
629e424c: calls $0.14
*** TURN *** [9c Ks 5d] [2h]
8e3874e0: bets $0.24
629e424c: calls $0.24
*** RIVER *** [9c Ks 5d 2h] [9s]
8e3874e0: bets $0.39
629e424c: raises $0.39 to $0.78
8e3874e0: calls $0.39
629e424c: shows [Jh 9h] (Three Nines)
8e3874e0: shows [As Kc] (Pair of Kings and Pair of Nines)
*** SHOWDOWN ***
629e424c collected $2.56 from pot
*** SUMMARY ***
Total pot $2.74 | Rake $0.13 | Jackpot $0.05 | Bingo $0 | Fortune $0 | Tax $0
Board [9c Ks 5d 2h 9s]
Seat 1: 940b2480 folded before Flop (didn't bet)
Seat 2: 629e424c (button) showed [Jh 9h] and won ($2.56) with Three Nines
Seat 4: Hero (small blind) folded before Flop
Seat 6: 8e3874e0 (big blind) showed [As Kc] and lost with Pair of Kings and Pair of Nines


Poker Hand #HD1216226283: Hold'em No Limit ($0.02/$0.05) - 2023/04/24 20:33:00
Table 'NLHBlue37' 6-max Seat #1 is the button
Seat 1: 940b2480 ($3.7 in chips)
Seat 2: 629e424c ($6.31 in chips)
Seat 4: Hero ($5 in chips)
Seat 6: 8e3874e0 ($5 in chips)
629e424c: posts small blind $0.02
Hero: posts big blind $0.05
*** HOLE CARDS ***
Dealt to 940b2480 
Dealt to 629e424c 
Dealt to Hero [Th 4h]
Dealt to 8e3874e0 
8e3874e0: folds
940b2480: calls $0.05
629e424c: raises $0.15 to $0.2
Hero: folds
940b2480: calls $0.15
*** FLOP *** [6c 5c Qd]
629e424c: bets $0.23
940b2480: calls $0.23
*** TURN *** [6c 5c Qd] [Kh]
629e424c: bets $0.69
940b2480: calls $0.69
*** RIVER *** [6c 5c Qd Kh] [6s]
629e424c: checks
940b2480: bets $1.72
629e424c: calls $1.72
940b2480: shows [9c 3c] (Pair of Sixes)
629e424c: shows [Kd Ad] (Pair of Kings and Pair of Sixes)
*** SHOWDOWN ***
629e424c collected $5.4 from pot
*** SUMMARY ***
Total pot $5.73 | Rake $0.28 | Jackpot $0.05 | Bingo $0 | Fortune $0 | Tax $0
Board [6c 5c Qd Kh 6s]
Seat 1: 940b2480 (button) showed [9c 3c] and lost with Pair of Sixes
Seat 2: 629e424c (small blind) showed [Kd Ad] and won ($5.4) with Pair of Kings and Pair of Sixes
Seat 4: Hero (big blind) folded before Flop
Seat 6: 8e3874e0 folded before Flop (didn't bet)


Poker Hand #HD1216226182: Hold'em No Limit ($0.02/$0.05) - 2023/04/24 20:32:00
Table 'NLHBlue37' 6-max Seat #6 is the button
Seat 1: 940b2480 ($3.72 in chips)
Seat 2: 629e424c ($6.17 in chips)
Seat 4: Hero ($5 in chips)
Seat 6: 8e3874e0 ($5 in chips)
940b2480: posts small blind $0.02
629e424c: posts big blind $0.05
*** HOLE CARDS ***
Dealt to 940b2480 
Dealt to 629e424c 
Dealt to Hero [4c Tc]
Dealt to 8e3874e0 
Hero: folds
8e3874e0: raises $0.08 to $0.13
940b2480: folds
629e424c: calls $0.08
*** FLOP *** [7h 8h Kd]
629e424c: checks
8e3874e0: checks
*** TURN *** [7h 8h Kd] [Js]
629e424c: checks
8e3874e0: checks
*** RIVER *** [7h 8h Kd Js] [3c]
629e424c: checks
8e3874e0: checks
629e424c: shows [6s 7d] (Pair of Sevens)
8e3874e0: shows [6d Ac] (Ace-High)
*** SHOWDOWN ***
629e424c collected $0.27 from pot
*** SUMMARY ***
Total pot $0.28 | Rake $0.01 | Jackpot $0 | Bingo $0 | Fortune $0 | Tax $0
Board [7h 8h Kd Js 3c]
Seat 1: 940b2480 (small blind) folded before Flop
Seat 2: 629e424c (big blind) showed [6s 7d] and won ($0.27) with Pair of Sevens
Seat 4: Hero folded before Flop (didn't bet)
Seat 6: 8e3874e0 (button) showed [6d Ac] and lost with Ace-High


Poker Hand #HD1216226099: Hold'em No Limit ($0.02/$0.05) - 2023/04/24 20:31:16
Table 'NLHBlue37' 6-max Seat #4 is the button
Seat 1: 940b2480 ($3.77 in chips)
Seat 2: 629e424c ($5.19 in chips)
Seat 4: Hero ($5 in chips)
Seat 6: 8e3874e0 ($5.02 in chips)
8e3874e0: posts small blind $0.02
940b2480: posts big blind $0.05
*** HOLE CARDS ***
Dealt to 940b2480 
Dealt to 629e424c 
Dealt to Hero [Td Jd]
Dealt to 8e3874e0 
629e424c: calls $0.05
Hero: raises $0.15 to $0.2
8e3874e0: folds
940b2480: folds
629e424c: calls $0.15
*** FLOP *** [Kc 6c 7h]
629e424c: checks
Hero: bets $0.2
629e424c: calls $0.2
*** TURN *** [Kc 6c 7h] [Ah]
629e424c: checks
Hero: bets $0.66
629e424c: calls $0.66
*** RIVER *** [Kc 6c 7h Ah] [Tc]
629e424c: bets $1.65
Hero: folds
Uncalled bet ($1.65) returned to 629e424c
*** SHOWDOWN ***
629e424c collected $2.04 from pot
*** SUMMARY ***
Total pot $2.19 | Rake $0.1 | Jackpot $0.05 | Bingo $0 | Fortune $0 | Tax $0
Board [Kc 6c 7h Ah Tc]
Seat 1: 940b2480 (big blind) folded before Flop
Seat 2: 629e424c won ($2.04)
Seat 4: Hero (button) folded on the River
Seat 6: 8e3874e0 (small blind) folded before Flop


Poker Hand #HD1216226076: Hold'em No Limit ($0.02/$0.05) - 2023/04/24 20:31:05
Table 'NLHBlue37' 6-max Seat #2 is the button
Seat 1: 940b2480 ($3.77 in chips)
Seat 2: 629e424c ($5.19 in chips)
Seat 4: Hero ($5 in chips)
Seat 6: 8e3874e0 ($5 in chips)
Hero: posts small blind $0.02
8e3874e0: posts big blind $0.05
*** HOLE CARDS ***
Dealt to 940b2480 
Dealt to 629e424c 
Dealt to Hero [Qc 2s]
Dealt to 8e3874e0 
940b2480: folds
629e424c: folds
Hero: folds
Uncalled bet ($0.03) returned to 8e3874e0
*** SHOWDOWN ***
8e3874e0 collected $0.04 from pot
*** SUMMARY ***
Total pot $0.04 | Rake $0 | Jackpot $0 | Bingo $0 | Fortune $0 | Tax $0
Seat 1: 940b2480 folded before Flop (didn't bet)
Seat 2: 629e424c (button) folded before Flop (didn't bet)
Seat 4: Hero (small blind) folded before Flop
Seat 6: 8e3874e0 (big blind) collected ($0.04)


Poker Hand #HD1216225985: Hold'em No Limit ($0.02/$0.05) - 2023/04/24 20:30:20
Table 'NLHBlue37' 6-max Seat #1 is the button
Seat 1: 940b2480 ($3.6 in chips)
Seat 2: 629e424c ($5.32 in chips)
Seat 4: Hero ($5 in chips)
Seat 6: 8e3874e0 ($5 in chips)
629e424c: posts small blind $0.02
Hero: posts big blind $0.05
*** HOLE CARDS ***
Dealt to 940b2480 
Dealt to 629e424c 
Dealt to Hero [4d 3s]
Dealt to 8e3874e0 
8e3874e0: folds
940b2480: calls $0.05
629e424c: calls $0.03
Hero: checks
*** FLOP *** [8s 9h Ts]
629e424c: checks
Hero: checks
940b2480: bets $0.08
629e424c: calls $0.08
Hero: folds
*** TURN *** [8s 9h Ts] [8c]
629e424c: checks
940b2480: checks
*** RIVER *** [8s 9h Ts 8c] [3d]
629e424c: checks
940b2480: bets $0.16
629e424c: folds
Uncalled bet ($0.16) returned to 940b2480
*** SHOWDOWN ***
940b2480 collected $0.3 from pot
*** SUMMARY ***
Total pot $0.31 | Rake $0.01 | Jackpot $0 | Bingo $0 | Fortune $0 | Tax $0
Board [8s 9h Ts 8c 3d]
Seat 1: 940b2480 (button) won ($0.3)
Seat 2: 629e424c (small blind) folded on the River
Seat 4: Hero (big blind) folded on the Flop
Seat 6: 8e3874e0 folded before Flop (didn't bet)


Poker Hand #HD1216225952: Hold'em No Limit ($0.02/$0.05) - 2023/04/24 20:30:02
Table 'NLHBlue37' 6-max Seat #6 is the button
Seat 1: 940b2480 ($3.55 in chips)
Seat 2: 629e424c ($5.37 in chips)
Seat 4: Hero ($5 in chips)
Seat 5: 2ddfd48b ($0.43 in chips)
Seat 6: 8e3874e0 ($5 in chips)
940b2480: posts small blind $0.02
629e424c: posts big blind $0.05
*** HOLE CARDS ***
Dealt to 940b2480 
Dealt to 629e424c 
Dealt to Hero [4h 8d]
Dealt to 2ddfd48b 
Dealt to 8e3874e0 
Hero: folds
2ddfd48b: folds
8e3874e0: folds
940b2480: calls $0.03
629e424c: checks
*** FLOP *** [3s Td Kc]
940b2480: bets $0.05
629e424c: folds
Uncalled bet ($0.05) returned to 940b2480
*** SHOWDOWN ***
940b2480 collected $0.1 from pot
*** SUMMARY ***
Total pot $0.1 | Rake $0 | Jackpot $0 | Bingo $0 | Fortune $0 | Tax $0
Board [3s Td Kc]
Seat 1: 940b2480 (small blind) won ($0.1)
Seat 2: 629e424c (big blind) folded on the Flop
Seat 4: Hero folded before Flop (didn't bet)
Seat 5: 2ddfd48b folded before Flop (didn't bet)
Seat 6: 8e3874e0 (button) folded before Flop (didn't bet)


Poker Hand #HD1216225924: Hold'em No Limit ($0.02/$0.05) - 2023/04/24 20:29:46
Table 'NLHBlue37' 6-max Seat #5 is the button
Seat 1: 940b2480 ($3.6 in chips)
Seat 2: 629e424c ($5.37 in chips)
Seat 4: Hero ($5 in chips)
Seat 5: 2ddfd48b ($0.36 in chips)
Seat 6: 8e3874e0 ($5 in chips)
8e3874e0: posts small blind $0.02
940b2480: posts big blind $0.05
*** HOLE CARDS ***
Dealt to 940b2480 
Dealt to 629e424c 
Dealt to Hero [Kc 8d]
Dealt to 2ddfd48b 
Dealt to 8e3874e0 
629e424c: folds
Hero: folds
2ddfd48b: raises $0.31 to $0.36 and is all-in
8e3874e0: folds
940b2480: folds
Uncalled bet ($0.31) returned to 2ddfd48b
*** SHOWDOWN ***
2ddfd48b collected $0.12 from pot
*** SUMMARY ***
Total pot $0.12 | Rake $0 | Jackpot $0 | Bingo $0 | Fortune $0 | Tax $0
Seat 1: 940b2480 (big blind) folded before Flop
Seat 2: 629e424c folded before Flop (didn't bet)
Seat 4: Hero folded before Flop (didn't bet)
Seat 5: 2ddfd48b (button) collected ($0.12)
Seat 6: 8e3874e0 (small blind) folded before Flop


Poker Hand #HD1216225872: Hold'em No Limit ($0.02/$0.05) - 2023/04/24 20:29:21
Table 'NLHBlue37' 6-max Seat #4 is the button
Seat 1: 940b2480 ($3.7 in chips)
Seat 2: 629e424c ($5.37 in chips)
Seat 4: Hero ($5 in chips)
Seat 5: 2ddfd48b ($0.22 in chips)
Seat 6: 8e3874e0 ($5 in chips)
2ddfd48b: posts small blind $0.02
8e3874e0: posts big blind $0.05
*** HOLE CARDS ***
Dealt to 940b2480 
Dealt to 629e424c 
Dealt to Hero [2d Kc]
Dealt to 2ddfd48b 
Dealt to 8e3874e0 
940b2480: calls $0.05
629e424c: folds
Hero: folds
2ddfd48b: raises $0.05 to $0.1
8e3874e0: folds
940b2480: calls $0.05
*** FLOP *** [8c 4h Ah]
2ddfd48b: bets $0.12 and is all-in
940b2480: folds
Uncalled bet ($0.12) returned to 2ddfd48b
*** SHOWDOWN ***
2ddfd48b collected $0.24 from pot
*** SUMMARY ***
Total pot $0.25 | Rake $0.01 | Jackpot $0 | Bingo $0 | Fortune $0 | Tax $0
Board [8c 4h Ah]
Seat 1: 940b2480 folded on the Flop
Seat 2: 629e424c folded before Flop (didn't bet)
Seat 4: Hero (button) folded before Flop (didn't bet)
Seat 5: 2ddfd48b (small blind) won ($0.24)
Seat 6: 8e3874e0 (big blind) folded before Flop


Poker Hand #HD1216225779: Hold'em No Limit ($0.02/$0.05) - 2023/04/24 20:28:33
Table 'NLHBlue37' 6-max Seat #2 is the button
Seat 1: 940b2480 ($3.7 in chips)
Seat 2: 629e424c ($3.6 in chips)
Seat 4: Hero ($5 in chips)
Seat 5: 2ddfd48b ($2.21 in chips)
Hero: posts small blind $0.02
2ddfd48b: posts big blind $0.05
*** HOLE CARDS ***
Dealt to 940b2480 
Dealt to 629e424c 
Dealt to Hero [Jd 9h]
Dealt to 2ddfd48b 
940b2480: folds
629e424c: raises $0.1 to $0.15
Hero: folds
2ddfd48b: calls $0.1
*** FLOP *** [Qs Ac 9c]
2ddfd48b: checks
629e424c: bets $0.16
2ddfd48b: calls $0.16
*** TURN *** [Qs Ac 9c] [Ks]
2ddfd48b: checks
629e424c: bets $0.48
2ddfd48b: calls $0.48
*** RIVER *** [Qs Ac 9c Ks] [2d]
2ddfd48b: checks
629e424c: bets $1.2
2ddfd48b: calls $1.2
629e424c: shows [Qh Ah] (Pair of Aces and Pair of Queens)
2ddfd48b: shows [Ad 6h] (Pair of Aces)
*** SHOWDOWN ***
629e424c collected $3.76 from pot
*** SUMMARY ***
Total pot $4 | Rake $0.19 | Jackpot $0.05 | Bingo $0 | Fortune $0 | Tax $0
Board [Qs Ac 9c Ks 2d]
Seat 1: 940b2480 folded before Flop (didn't bet)
Seat 2: 629e424c (button) showed [Qh Ah] and won ($3.76) with Pair of Aces and Pair of Queens
Seat 4: Hero (small blind) folded before Flop
Seat 5: 2ddfd48b (big blind) showed [Ad 6h] and lost with Pair of Aces


Poker Hand #HD1216225705: Hold'em No Limit ($0.02/$0.05) - 2023/04/24 20:27:49
Table 'NLHBlue37' 6-max Seat #1 is the button
Seat 1: 940b2480 ($3.75 in chips)
Seat 2: 629e424c ($3.32 in chips)
Seat 4: Hero ($5 in chips)
Seat 5: 2ddfd48b ($2.26 in chips)
629e424c: posts small blind $0.02
Hero: posts big blind $0.05
*** HOLE CARDS ***
Dealt to 940b2480 
Dealt to 629e424c 
Dealt to Hero [4s Jh]
Dealt to 2ddfd48b 
2ddfd48b: calls $0.05
940b2480: calls $0.05
629e424c: calls $0.03
Hero: checks
*** FLOP *** [Qc Kh 9s]
629e424c: bets $0.15
Hero: calls $0.15
2ddfd48b: folds
940b2480: folds
*** TURN *** [Qc Kh 9s] [2s]
629e424c: bets $0.38
Hero: folds
Uncalled bet ($0.38) returned to 629e424c
629e424c: shows [Ks] (Pair of Kings)
*** SHOWDOWN ***
629e424c collected $0.48 from pot
*** SUMMARY ***
Total pot $0.5 | Rake $0.02 | Jackpot $0 | Bingo $0 | Fortune $0 | Tax $0
Board [Qc Kh 9s 2s]
Seat 1: 940b2480 (button) folded on the Flop
Seat 2: 629e424c (small blind) showed [Ks] and won ($0.48)
Seat 4: Hero (big blind) folded on the Turn
Seat 5: 2ddfd48b folded on the Flop


Poker Hand #HD1216115609: Hold'em No Limit ($0.02/$0.05) - 2023/04/24 20:26:51
Table 'NLHBlue37' 6-max Seat #5 is the button
Seat 1: 940b2480 ($5.2 in chips)
Seat 2: 629e424c ($3.37 in chips)
Seat 3: 88eb9295 ($5 in chips)
Seat 4: Hero ($5 in chips)
Seat 5: 2ddfd48b ($1.45 in chips)
940b2480: posts small blind $0.02
629e424c: posts big blind $0.05
*** HOLE CARDS ***
Dealt to 940b2480 
Dealt to 629e424c 
Dealt to 88eb9295 
Dealt to Hero [Kd Tc]
Dealt to 2ddfd48b 
88eb9295: folds
Hero: folds
2ddfd48b: calls $0.05
940b2480: calls $0.03
629e424c: checks
*** FLOP *** [4d As Js]
940b2480: bets $0.08
629e424c: folds
2ddfd48b: raises $0.08 to $0.16
940b2480: calls $0.08
*** TURN *** [4d As Js] [7h]
940b2480: bets $0.36
2ddfd48b: raises $0.88 to $1.24 and is all-in
940b2480: calls $0.88
2ddfd48b: shows [4c Jh] (Pair of Jacks and Pair of Fours)
940b2480: shows [Ks Jd] (Pair of Jacks)
2ddfd48b: Chooses to EV Cashout 
*** RIVER *** [4d As Js 7h] [6h]
2ddfd48b: Pays Cashout Risk ($0.5)
*** SHOWDOWN ***
2ddfd48b collected $2.76 from pot
*** SUMMARY ***
Total pot $2.95 | Rake $0.14 | Jackpot $0.05 | Bingo $0 | Fortune $0 | Tax $0
Board [4d As Js 7h 6h]
Seat 1: 940b2480 (small blind) showed [Ks Jd] and lost with Pair of Jacks
Seat 2: 629e424c (big blind) folded on the Flop
Seat 3: 88eb9295 folded before Flop (didn't bet)
Seat 4: Hero folded before Flop (didn't bet)
Seat 5: 2ddfd48b (button) showed [4c Jh] and won ($2.76) with Pair of Jacks and Pair of Fours, Cashout Risk ($0.5)


Poker Hand #HD1216115490: Hold'em No Limit ($0.02/$0.05) - 2023/04/24 20:25:42
Table 'NLHBlue37' 6-max Seat #4 is the button
Seat 1: 940b2480 ($5.35 in chips)
Seat 2: 629e424c ($2.91 in chips)
Seat 3: 88eb9295 ($5 in chips)
Seat 4: Hero ($5 in chips)
Seat 5: 2ddfd48b ($0.71 in chips)
2ddfd48b: posts small blind $0.02
940b2480: posts big blind $0.05
*** HOLE CARDS ***
Dealt to 940b2480 
Dealt to 629e424c 
Dealt to 88eb9295 
Dealt to Hero [2s 8d]
Dealt to 2ddfd48b 
629e424c: raises $0.1 to $0.15
88eb9295: folds
Hero: folds
2ddfd48b: calls $0.13
940b2480: calls $0.1
*** FLOP *** [2d Ah Th]
2ddfd48b: checks
940b2480: checks
629e424c: bets $0.23
2ddfd48b: raises $0.23 to $0.46
940b2480: folds
629e424c: raises $1.03 to $1.49
2ddfd48b: calls $0.1 and is all-in
Uncalled bet ($0.93) returned to 629e424c
629e424c: shows [Tc Ts] (Three Tens)
2ddfd48b: shows [8h Ad] (Pair of Aces)
*** TURN *** [2d Ah Th] [6h]
*** RIVER *** [2d Ah Th 6h] [3h]
629e424c: Receives Cashout ($1.17)
*** SHOWDOWN ***
2ddfd48b collected $1.45 from pot
*** SUMMARY ***
Total pot $1.57 | Rake $0.07 | Jackpot $0.05 | Bingo $0 | Fortune $0 | Tax $0
Board [2d Ah Th 6h 3h]
Seat 1: 940b2480 (big blind) folded on the Flop
Seat 2: 629e424c showed [Tc Ts] and lost with Three Tens, EV Cashout ($1.17)
Seat 3: 88eb9295 folded before Flop (didn't bet)
Seat 4: Hero (button) folded before Flop (didn't bet)
Seat 5: 2ddfd48b (small blind) showed [8h Ad] and won ($1.45) with Ace High Flush


Poker Hand #HD1216115433: Hold'em No Limit ($0.02/$0.05) - 2023/04/24 20:25:14
Table 'NLHBlue37' 6-max Seat #3 is the button
Seat 1: 940b2480 ($5.35 in chips)
Seat 2: 629e424c ($2.91 in chips)
Seat 3: 88eb9295 ($5 in chips)
Seat 4: Hero ($5 in chips)
Seat 5: 2ddfd48b ($0.58 in chips)
Seat 6: 913e3248 ($9.43 in chips)
Hero: posts small blind $0.02
2ddfd48b: posts big blind $0.05
*** HOLE CARDS ***
Dealt to 940b2480 
Dealt to 629e424c 
Dealt to 88eb9295 
Dealt to Hero [Td Jd]
Dealt to 2ddfd48b 
Dealt to 913e3248 
913e3248: folds
940b2480: folds
629e424c: folds
88eb9295: folds
Hero: raises $0.09 to $0.14
2ddfd48b: calls $0.09
*** FLOP *** [4s 6c Ah]
Hero: checks
2ddfd48b: bets $0.28
Hero: folds
Uncalled bet ($0.28) returned to 2ddfd48b
*** SHOWDOWN ***
2ddfd48b collected $0.27 from pot
*** SUMMARY ***
Total pot $0.28 | Rake $0.01 | Jackpot $0 | Bingo $0 | Fortune $0 | Tax $0
Board [4s 6c Ah]
Seat 1: 940b2480 folded before Flop (didn't bet)
Seat 2: 629e424c folded before Flop (didn't bet)
Seat 3: 88eb9295 (button) folded before Flop (didn't bet)
Seat 4: Hero (small blind) folded on the Flop
Seat 5: 2ddfd48b (big blind) won ($0.27)
Seat 6: 913e3248 folded before Flop (didn't bet)


Poker Hand #HD1216115359: Hold'em No Limit ($0.02/$0.05) - 2023/04/24 20:24:35
Table 'NLHBlue37' 6-max Seat #2 is the button
Seat 1: 940b2480 ($6.45 in chips)
Seat 2: 629e424c ($2.91 in chips)
Seat 3: 88eb9295 ($5 in chips)
Seat 4: Hero ($5 in chips)
Seat 5: 2ddfd48b ($0.58 in chips)
Seat 6: 913e3248 ($8.42 in chips)
88eb9295: posts small blind $0.02
Hero: posts big blind $0.05
*** HOLE CARDS ***
Dealt to 940b2480 
Dealt to 629e424c 
Dealt to 88eb9295 
Dealt to Hero [9h 2h]
Dealt to 2ddfd48b 
Dealt to 913e3248 
2ddfd48b: folds
913e3248: raises $0.1 to $0.15
940b2480: raises $0.19 to $0.34
629e424c: folds
88eb9295: folds
Hero: folds
913e3248: raises $0.76 to $1.1
940b2480: calls $0.76
*** FLOP *** [9c 2s 8h]
913e3248: bets $0.75
940b2480: folds
Uncalled bet ($0.75) returned to 913e3248
*** SHOWDOWN ***
913e3248 collected $2.11 from pot
*** SUMMARY ***
Total pot $2.27 | Rake $0.11 | Jackpot $0.05 | Bingo $0 | Fortune $0 | Tax $0
Board [9c 2s 8h]
Seat 1: 940b2480 folded on the Flop
Seat 2: 629e424c (button) folded before Flop (didn't bet)
Seat 3: 88eb9295 (small blind) folded before Flop
Seat 4: Hero (big blind) folded before Flop
Seat 5: 2ddfd48b folded before Flop (didn't bet)
Seat 6: 913e3248 won ($2.11)


