Poker Hand #HD1146246084: Hold'em No Limit  ($0.02/$0.05) - 2023/03/04 22:55:15
Table 'NLHBlue29' 6-max Seat #1 is the button
Seat 1: 6e2b3c76 ($4.88 in chips)
Seat 2: c9295a51 ($7.94 in chips)
Seat 3: 69a14042 ($1.19 in chips)
Seat 4: Hero ($5.07 in chips)
Seat 5: 2163fb45 ($5.29 in chips)
Seat 6: ab6533a8 ($1.74 in chips)
c9295a51: posts small blind $0.02
69a14042: posts big blind $0.05
*** HOLE CARDS ***
Dealt to 6e2b3c76 
Dealt to c9295a51 
Dealt to 69a14042 
Dealt to Hero [9c 6s]
Dealt to 2163fb45 
Dealt to ab6533a8 
Hero: folds
2163fb45: folds
ab6533a8: raises $0.12 to $0.17
6e2b3c76: folds
c9295a51: folds
69a14042: folds
Uncalled bet ($0.12) returned to ab6533a8
*** SHOWDOWN ***
ab6533a8 collected $0.12 from pot
*** SUMMARY ***
Total pot $0.12 | Rake $0 | Jackpot $0 | Bingo $0 | Fortune $0
Seat 1: 6e2b3c76 (button) folded before Flop (didn't bet)
Seat 2: c9295a51 (small blind) folded before Flop
Seat 3: 69a14042 (big blind) folded before Flop
Seat 4: Hero folded before Flop (didn't bet)
Seat 5: 2163fb45 folded before Flop (didn't bet)
Seat 6: ab6533a8 collected ($0.12)


Poker Hand #HD1146246034: Hold'em No Limit  ($0.02/$0.05) - 2023/03/04 22:54:48
Table 'NLHBlue29' 6-max Seat #6 is the button
Seat 1: 6e2b3c76 ($4.9 in chips)
Seat 2: c9295a51 ($7.99 in chips)
Seat 3: 69a14042 ($1.12 in chips)
Seat 4: Hero ($5.07 in chips)
Seat 5: 2163fb45 ($5.29 in chips)
Seat 6: ab6533a8 ($1.74 in chips)
6e2b3c76: posts small blind $0.02
c9295a51: posts big blind $0.05
69a14042: posts missed blind $0.02
*** HOLE CARDS ***
Dealt to 6e2b3c76 
Dealt to c9295a51 
Dealt to 69a14042 
Dealt to Hero [Kc 9c]
Dealt to 2163fb45 
Dealt to ab6533a8 
69a14042: raises $0.08 to $0.13
Hero: folds
2163fb45: folds
ab6533a8: folds
6e2b3c76: folds
c9295a51: folds
Uncalled bet ($0.08) returned to 69a14042
*** SHOWDOWN ***
69a14042 collected $0.14 from pot
*** SUMMARY ***
Total pot $0.14 | Rake $0 | Jackpot $0 | Bingo $0 | Fortune $0
Seat 1: 6e2b3c76 (small blind) folded before Flop
Seat 2: c9295a51 (big blind) folded before Flop
Seat 3: 69a14042 collected ($0.14)
Seat 4: Hero folded before Flop (didn't bet)
Seat 5: 2163fb45 folded before Flop (didn't bet)
Seat 6: ab6533a8 (button) folded before Flop (didn't bet)


Poker Hand #HD1146245964: Hold'em No Limit  ($0.02/$0.05) - 2023/03/04 22:54:06
Table 'NLHBlue29' 6-max Seat #5 is the button
Seat 1: 6e2b3c76 ($5 in chips)
Seat 2: c9295a51 ($7.88 in chips)
Seat 4: Hero ($5.07 in chips)
Seat 5: 2163fb45 ($5.29 in chips)
Seat 6: ab6533a8 ($1.76 in chips)
ab6533a8: posts small blind $0.02
6e2b3c76: posts big blind $0.05
*** HOLE CARDS ***
Dealt to 6e2b3c76 
Dealt to c9295a51 
Dealt to Hero [Jd 4s]
Dealt to 2163fb45 
Dealt to ab6533a8 
c9295a51: raises $0.05 to $0.1
Hero: folds
2163fb45: folds
ab6533a8: folds
6e2b3c76: calls $0.05
*** FLOP *** [2s 4d 5s]
6e2b3c76: checks
c9295a51: checks
*** TURN *** [2s 4d 5s] [As]
6e2b3c76: checks
c9295a51: checks
*** RIVER *** [2s 4d 5s As] [8h]
6e2b3c76: checks
c9295a51: checks
6e2b3c76: shows [6c 8s] (Pair of Eights)
c9295a51: shows [9h 8d] (Pair of Eights)
*** SHOWDOWN ***
c9295a51 collected $0.21 from pot
*** SUMMARY ***
Total pot $0.22 | Rake $0.01 | Jackpot $0 | Bingo $0 | Fortune $0
Board [2s 4d 5s As 8h]
Seat 1: 6e2b3c76 (big blind) showed [6c 8s] and lost with Pair of Eights
Seat 2: c9295a51 showed [9h 8d] and won ($0.21) with Pair of Eights
Seat 4: Hero folded before Flop (didn't bet)
Seat 5: 2163fb45 (button) folded before Flop (didn't bet)
Seat 6: ab6533a8 (small blind) folded before Flop


Poker Hand #HD1146245924: Hold'em No Limit  ($0.02/$0.05) - 2023/03/04 22:53:45
Table 'NLHBlue29' 6-max Seat #4 is the button
Seat 2: c9295a51 ($7.88 in chips)
Seat 4: Hero ($5 in chips)
Seat 5: 2163fb45 ($5.31 in chips)
Seat 6: ab6533a8 ($1.81 in chips)
2163fb45: posts small blind $0.02
ab6533a8: posts big blind $0.05
*** HOLE CARDS ***
Dealt to c9295a51 
Dealt to Hero [9d Ad]
Dealt to 2163fb45 
Dealt to ab6533a8 
c9295a51: folds
Hero: raises $0.07 to $0.12
2163fb45: folds
ab6533a8: folds
Uncalled bet ($0.07) returned to Hero
*** SHOWDOWN ***
Hero collected $0.12 from pot
*** SUMMARY ***
Total pot $0.12 | Rake $0 | Jackpot $0 | Bingo $0 | Fortune $0
Seat 2: c9295a51 folded before Flop (didn't bet)
Seat 4: Hero (button) collected ($0.12)
Seat 5: 2163fb45 (small blind) folded before Flop
Seat 6: ab6533a8 (big blind) folded before Flop


Poker Hand #HD1146245906: Hold'em No Limit  ($0.02/$0.05) - 2023/03/04 22:53:31
Table 'NLHBlue29' 6-max Seat #2 is the button
Seat 2: c9295a51 ($7.88 in chips)
Seat 4: Hero ($5 in chips)
Seat 5: 2163fb45 ($5.36 in chips)
Seat 6: ab6533a8 ($1.74 in chips)
Hero: posts small blind $0.02
2163fb45: posts big blind $0.05
*** HOLE CARDS ***
Dealt to c9295a51 
Dealt to Hero [6s 2s]
Dealt to 2163fb45 
Dealt to ab6533a8 
ab6533a8: raises $0.12 to $0.17
c9295a51: folds
Hero: folds
2163fb45: folds
Uncalled bet ($0.12) returned to ab6533a8
*** SHOWDOWN ***
ab6533a8 collected $0.12 from pot
*** SUMMARY ***
Total pot $0.12 | Rake $0 | Jackpot $0 | Bingo $0 | Fortune $0
Seat 2: c9295a51 (button) folded before Flop (didn't bet)
Seat 4: Hero (small blind) folded before Flop
Seat 5: 2163fb45 (big blind) folded before Flop
Seat 6: ab6533a8 collected ($0.12)


Poker Hand #HD1146245786: Hold'em No Limit  ($0.02/$0.05) - 2023/03/04 22:52:27
Table 'NLHBlue29' 6-max Seat #6 is the button
Seat 2: c9295a51 ($7.93 in chips)
Seat 3: 69a14042 ($1.07 in chips)
Seat 4: Hero ($5 in chips)
Seat 5: 2163fb45 ($5.36 in chips)
Seat 6: ab6533a8 ($1.74 in chips)
c9295a51: posts small blind $0.02
69a14042: posts big blind $0.05
*** HOLE CARDS ***
Dealt to c9295a51 
Dealt to 69a14042 
Dealt to Hero [2d 5d]
Dealt to 2163fb45 
Dealt to ab6533a8 
Hero: folds
2163fb45: folds
ab6533a8: folds
c9295a51: calls $0.03
69a14042: checks
*** FLOP *** [5s Qh As]
c9295a51: checks
69a14042: checks
*** TURN *** [5s Qh As] [6h]
c9295a51: checks
69a14042: checks
*** RIVER *** [5s Qh As 6h] [Td]
c9295a51: checks
69a14042: checks
c9295a51: shows [Kc 5h] (Pair of Fives)
69a14042: shows [7h Tc] (Pair of Tens)
*** SHOWDOWN ***
69a14042 collected $0.1 from pot
*** SUMMARY ***
Total pot $0.1 | Rake $0 | Jackpot $0 | Bingo $0 | Fortune $0
Board [5s Qh As 6h Td]
Seat 2: c9295a51 (small blind) showed [Kc 5h] and lost with Pair of Fives
Seat 3: 69a14042 (big blind) showed [7h Tc] and won ($0.1) with Pair of Tens
Seat 4: Hero folded before Flop (didn't bet)
Seat 5: 2163fb45 folded before Flop (didn't bet)
Seat 6: ab6533a8 (button) folded before Flop (didn't bet)


Poker Hand #HD1146245755: Hold'em No Limit  ($0.02/$0.05) - 2023/03/04 22:52:09
Table 'NLHBlue29' 6-max Seat #5 is the button
Seat 2: c9295a51 ($7.98 in chips)
Seat 3: 69a14042 ($1.07 in chips)
Seat 4: Hero ($5 in chips)
Seat 5: 2163fb45 ($5.36 in chips)
Seat 6: ab6533a8 ($1.69 in chips)
ab6533a8: posts small blind $0.02
c9295a51: posts big blind $0.05
*** HOLE CARDS ***
Dealt to c9295a51 
Dealt to 69a14042 
Dealt to Hero [Ad 3h]
Dealt to 2163fb45 
Dealt to ab6533a8 
69a14042: folds
Hero: folds
2163fb45: folds
ab6533a8: raises $0.1 to $0.15
c9295a51: folds
Uncalled bet ($0.1) returned to ab6533a8
*** SHOWDOWN ***
ab6533a8 collected $0.1 from pot
*** SUMMARY ***
Total pot $0.1 | Rake $0 | Jackpot $0 | Bingo $0 | Fortune $0
Seat 2: c9295a51 (big blind) folded before Flop
Seat 3: 69a14042 folded before Flop (didn't bet)
Seat 4: Hero folded before Flop (didn't bet)
Seat 5: 2163fb45 (button) folded before Flop (didn't bet)
Seat 6: ab6533a8 (small blind) collected ($0.1)


Poker Hand #HD1146245718: Hold'em No Limit  ($0.02/$0.05) - 2023/03/04 22:51:46
Table 'NLHBlue29' 6-max Seat #4 is the button
Seat 2: c9295a51 ($7.98 in chips)
Seat 3: 69a14042 ($1 in chips)
Seat 4: Hero ($5 in chips)
Seat 5: 2163fb45 ($5.38 in chips)
Seat 6: ab6533a8 ($1.74 in chips)
2163fb45: posts small blind $0.02
ab6533a8: posts big blind $0.05
69a14042: posts big blind $0.05
*** HOLE CARDS ***
Dealt to c9295a51 
Dealt to 69a14042 
Dealt to Hero [5c Ts]
Dealt to 2163fb45 
Dealt to ab6533a8 
c9295a51: folds
69a14042: raises $0.06 to $0.11
Hero: folds
2163fb45: folds
ab6533a8: folds
Uncalled bet ($0.06) returned to 69a14042
*** SHOWDOWN ***
69a14042 collected $0.12 from pot
*** SUMMARY ***
Total pot $0.12 | Rake $0 | Jackpot $0 | Bingo $0 | Fortune $0
Seat 2: c9295a51 folded before Flop (didn't bet)
Seat 3: 69a14042 collected ($0.12)
Seat 4: Hero (button) folded before Flop (didn't bet)
Seat 5: 2163fb45 (small blind) folded before Flop
Seat 6: ab6533a8 (big blind) folded before Flop


Poker Hand #HD1146165606: Hold'em No Limit  ($0.02/$0.05) - 2023/03/04 22:50:49
Table 'NLHBlue29' 6-max Seat #2 is the button
Seat 1: c09f167a ($12.71 in chips)
Seat 2: c9295a51 ($7.98 in chips)
Seat 4: Hero ($5.11 in chips)
Seat 5: 2163fb45 ($5.43 in chips)
Seat 6: ab6533a8 ($1.37 in chips)
Hero: posts small blind $0.02
2163fb45: posts big blind $0.05
*** HOLE CARDS ***
Dealt to c09f167a 
Dealt to c9295a51 
Dealt to Hero [2d 2h]
Dealt to 2163fb45 
Dealt to ab6533a8 
ab6533a8: calls $0.05
c09f167a: folds
c9295a51: folds
Hero: raises $0.15 to $0.2
2163fb45: folds
ab6533a8: calls $0.15
*** FLOP *** [3c 5c 9h]
Hero: bets $0.15
ab6533a8: calls $0.15
*** TURN *** [3c 5c 9h] [6s]
Hero: checks
ab6533a8: bets $0.57
Hero: folds
Uncalled bet ($0.57) returned to ab6533a8
*** SHOWDOWN ***
ab6533a8 collected $0.72 from pot
*** SUMMARY ***
Total pot $0.75 | Rake $0.03 | Jackpot $0 | Bingo $0 | Fortune $0
Board [3c 5c 9h 6s]
Seat 1: c09f167a folded before Flop (didn't bet)
Seat 2: c9295a51 (button) folded before Flop (didn't bet)
Seat 4: Hero (small blind) folded on the Turn
Seat 5: 2163fb45 (big blind) folded before Flop
Seat 6: ab6533a8 won ($0.72)


Poker Hand #HD1146165569: Hold'em No Limit  ($0.02/$0.05) - 2023/03/04 22:50:27
Table 'NLHBlue29' 6-max Seat #1 is the button
Seat 1: c09f167a ($12.71 in chips)
Seat 2: c9295a51 ($8 in chips)
Seat 4: Hero ($5.09 in chips)
Seat 5: 2163fb45 ($5.43 in chips)
Seat 6: ab6533a8 ($1.37 in chips)
c9295a51: posts small blind $0.02
Hero: posts big blind $0.05
*** HOLE CARDS ***
Dealt to c09f167a 
Dealt to c9295a51 
Dealt to Hero [9h 2s]
Dealt to 2163fb45 
Dealt to ab6533a8 
2163fb45: folds
ab6533a8: folds
c09f167a: folds
c9295a51: folds
Uncalled bet ($0.03) returned to Hero
*** SHOWDOWN ***
Hero collected $0.04 from pot
*** SUMMARY ***
Total pot $0.04 | Rake $0 | Jackpot $0 | Bingo $0 | Fortune $0
Seat 1: c09f167a (button) folded before Flop (didn't bet)
Seat 2: c9295a51 (small blind) folded before Flop
Seat 4: Hero (big blind) collected ($0.04)
Seat 5: 2163fb45 folded before Flop (didn't bet)
Seat 6: ab6533a8 folded before Flop (didn't bet)


Poker Hand #HD1146165520: Hold'em No Limit  ($0.02/$0.05) - 2023/03/04 22:50:00
Table 'NLHBlue29' 6-max Seat #6 is the button
Seat 1: c09f167a ($12.73 in chips)
Seat 2: c9295a51 ($8.05 in chips)
Seat 3: a8e1e7c6 ($5.29 in chips)
Seat 4: Hero ($5.09 in chips)
Seat 5: 2163fb45 ($5.43 in chips)
Seat 6: ab6533a8 ($1.3 in chips)
c09f167a: posts small blind $0.02
c9295a51: posts big blind $0.05
*** HOLE CARDS ***
Dealt to c09f167a 
Dealt to c9295a51 
Dealt to a8e1e7c6 
Dealt to Hero [Qd 7d]
Dealt to 2163fb45 
Dealt to ab6533a8 
a8e1e7c6: folds
Hero: folds
2163fb45: folds
ab6533a8: raises $0.12 to $0.17
c09f167a: folds
c9295a51: folds
Uncalled bet ($0.12) returned to ab6533a8
*** SHOWDOWN ***
ab6533a8 collected $0.12 from pot
*** SUMMARY ***
Total pot $0.12 | Rake $0 | Jackpot $0 | Bingo $0 | Fortune $0
Seat 1: c09f167a (small blind) folded before Flop
Seat 2: c9295a51 (big blind) folded before Flop
Seat 3: a8e1e7c6 folded before Flop (didn't bet)
Seat 4: Hero folded before Flop (didn't bet)
Seat 5: 2163fb45 folded before Flop (didn't bet)
Seat 6: ab6533a8 (button) collected ($0.12)


Poker Hand #HD1146165487: Hold'em No Limit  ($0.02/$0.05) - 2023/03/04 22:49:42
Table 'NLHBlue29' 6-max Seat #5 is the button
Seat 1: c09f167a ($12.78 in chips)
Seat 2: c9295a51 ($8.05 in chips)
Seat 3: a8e1e7c6 ($5.29 in chips)
Seat 4: Hero ($5.09 in chips)
Seat 5: 2163fb45 ($5.36 in chips)
Seat 6: ab6533a8 ($1.32 in chips)
ab6533a8: posts small blind $0.02
c09f167a: posts big blind $0.05
*** HOLE CARDS ***
Dealt to c09f167a 
Dealt to c9295a51 
Dealt to a8e1e7c6 
Dealt to Hero [8d Td]
Dealt to 2163fb45 
Dealt to ab6533a8 
c9295a51: folds
a8e1e7c6: folds
Hero: folds
2163fb45: raises $0.06 to $0.11
ab6533a8: folds
c09f167a: folds
Uncalled bet ($0.06) returned to 2163fb45
*** SHOWDOWN ***
2163fb45 collected $0.12 from pot
*** SUMMARY ***
Total pot $0.12 | Rake $0 | Jackpot $0 | Bingo $0 | Fortune $0
Seat 1: c09f167a (big blind) folded before Flop
Seat 2: c9295a51 folded before Flop (didn't bet)
Seat 3: a8e1e7c6 folded before Flop (didn't bet)
Seat 4: Hero folded before Flop (didn't bet)
Seat 5: 2163fb45 (button) collected ($0.12)
Seat 6: ab6533a8 (small blind) folded before Flop


Poker Hand #HD1146165470: Hold'em No Limit  ($0.02/$0.05) - 2023/03/04 22:49:31
Table 'NLHBlue29' 6-max Seat #4 is the button
Seat 1: c09f167a ($12.78 in chips)
Seat 2: c9295a51 ($7.98 in chips)
Seat 3: a8e1e7c6 ($5.29 in chips)
Seat 4: Hero ($5.09 in chips)
Seat 5: 2163fb45 ($5.38 in chips)
Seat 6: ab6533a8 ($1.37 in chips)
2163fb45: posts small blind $0.02
ab6533a8: posts big blind $0.05
*** HOLE CARDS ***
Dealt to c09f167a 
Dealt to c9295a51 
Dealt to a8e1e7c6 
Dealt to Hero [4c 6h]
Dealt to 2163fb45 
Dealt to ab6533a8 
c09f167a: folds
c9295a51: raises $0.05 to $0.1
a8e1e7c6: folds
Hero: folds
2163fb45: folds
ab6533a8: folds
Uncalled bet ($0.05) returned to c9295a51
*** SHOWDOWN ***
c9295a51 collected $0.12 from pot
*** SUMMARY ***
Total pot $0.12 | Rake $0 | Jackpot $0 | Bingo $0 | Fortune $0
Seat 1: c09f167a folded before Flop (didn't bet)
Seat 2: c9295a51 collected ($0.12)
Seat 3: a8e1e7c6 folded before Flop (didn't bet)
Seat 4: Hero (button) folded before Flop (didn't bet)
Seat 5: 2163fb45 (small blind) folded before Flop
Seat 6: ab6533a8 (big blind) folded before Flop


Poker Hand #HD1146165385: Hold'em No Limit  ($0.02/$0.05) - 2023/03/04 22:48:41
Table 'NLHBlue29' 6-max Seat #3 is the button
Seat 1: c09f167a ($12.78 in chips)
Seat 2: c9295a51 ($7.82 in chips)
Seat 3: a8e1e7c6 ($5.29 in chips)
Seat 4: Hero ($5.11 in chips)
Seat 5: 2163fb45 ($5.43 in chips)
Seat 6: ab6533a8 ($1.47 in chips)
Hero: posts small blind $0.02
2163fb45: posts big blind $0.05
*** HOLE CARDS ***
Dealt to c09f167a 
Dealt to c9295a51 
Dealt to a8e1e7c6 
Dealt to Hero [3h Jd]
Dealt to 2163fb45 
Dealt to ab6533a8 
ab6533a8: calls $0.05
c09f167a: folds
c9295a51: raises $0.05 to $0.1
a8e1e7c6: folds
Hero: folds
2163fb45: folds
ab6533a8: calls $0.05
*** FLOP *** [Qc Js 6c]
ab6533a8: checks
c9295a51: bets $0.19
ab6533a8: folds
Uncalled bet ($0.19) returned to c9295a51
*** SHOWDOWN ***
c9295a51 collected $0.26 from pot
*** SUMMARY ***
Total pot $0.27 | Rake $0.01 | Jackpot $0 | Bingo $0 | Fortune $0
Board [Qc Js 6c]
Seat 1: c09f167a folded before Flop (didn't bet)
Seat 2: c9295a51 won ($0.26)
Seat 3: a8e1e7c6 (button) folded before Flop (didn't bet)
Seat 4: Hero (small blind) folded before Flop
Seat 5: 2163fb45 (big blind) folded before Flop
Seat 6: ab6533a8 folded on the Flop


Poker Hand #HD1146165255: Hold'em No Limit  ($0.02/$0.05) - 2023/03/04 22:47:23
Table 'NLHBlue29' 6-max Seat #2 is the button
Seat 1: c09f167a ($12.39 in chips)
Seat 2: c9295a51 ($7.99 in chips)
Seat 3: a8e1e7c6 ($5.31 in chips)
Seat 4: Hero ($5.16 in chips)
Seat 5: 2163fb45 ($5.43 in chips)
Seat 6: ab6533a8 ($1.64 in chips)
a8e1e7c6: posts small blind $0.02
Hero: posts big blind $0.05
*** HOLE CARDS ***
Dealt to c09f167a 
Dealt to c9295a51 
Dealt to a8e1e7c6 
Dealt to Hero [7h 4s]
Dealt to 2163fb45 
Dealt to ab6533a8 
2163fb45: folds
ab6533a8: raises $0.12 to $0.17
c09f167a: calls $0.17
c9295a51: calls $0.17
a8e1e7c6: folds
Hero: folds
*** FLOP *** [3s 9c 7s]
ab6533a8: checks
c09f167a: bets $0.32
c9295a51: folds
ab6533a8: folds
Uncalled bet ($0.32) returned to c09f167a
*** SHOWDOWN ***
c09f167a collected $0.56 from pot
*** SUMMARY ***
Total pot $0.58 | Rake $0.02 | Jackpot $0 | Bingo $0 | Fortune $0
Board [3s 9c 7s]
Seat 1: c09f167a won ($0.56)
Seat 2: c9295a51 (button) folded on the Flop
Seat 3: a8e1e7c6 (small blind) folded before Flop
Seat 4: Hero (big blind) folded before Flop
Seat 5: 2163fb45 folded before Flop (didn't bet)
Seat 6: ab6533a8 folded on the Flop


Poker Hand #HD1146165183: Hold'em No Limit  ($0.02/$0.05) - 2023/03/04 22:46:42
Table 'NLHBlue29' 6-max Seat #1 is the button
Seat 1: c09f167a ($12.39 in chips)
Seat 2: c9295a51 ($8.21 in chips)
Seat 3: a8e1e7c6 ($5.36 in chips)
Seat 4: Hero ($5.16 in chips)
Seat 5: 2163fb45 ($5.18 in chips)
Seat 6: ab6533a8 ($1.64 in chips)
c9295a51: posts small blind $0.02
a8e1e7c6: posts big blind $0.05
*** HOLE CARDS ***
Dealt to c09f167a 
Dealt to c9295a51 
Dealt to a8e1e7c6 
Dealt to Hero [Kd 5h]
Dealt to 2163fb45 
Dealt to ab6533a8 
Hero: folds
2163fb45: raises $0.07 to $0.12
ab6533a8: folds
c09f167a: folds
c9295a51: calls $0.1
a8e1e7c6: folds
*** FLOP *** [Td 8c Th]
c9295a51: checks
2163fb45: bets $0.1
c9295a51: calls $0.1
*** TURN *** [Td 8c Th] [6d]
c9295a51: checks
2163fb45: bets $0.37
c9295a51: folds
Uncalled bet ($0.37) returned to 2163fb45
*** SHOWDOWN ***
2163fb45 collected $0.47 from pot
*** SUMMARY ***
Total pot $0.49 | Rake $0.02 | Jackpot $0 | Bingo $0 | Fortune $0
Board [Td 8c Th 6d]
Seat 1: c09f167a (button) folded before Flop (didn't bet)
Seat 2: c9295a51 (small blind) folded on the Turn
Seat 3: a8e1e7c6 (big blind) folded before Flop
Seat 4: Hero folded before Flop (didn't bet)
Seat 5: 2163fb45 won ($0.47)
Seat 6: ab6533a8 folded before Flop (didn't bet)


Poker Hand #HD1146165091: Hold'em No Limit  ($0.02/$0.05) - 2023/03/04 22:45:59
Table 'NLHBlue29' 6-max Seat #6 is the button
Seat 1: c09f167a ($12.41 in chips)
Seat 2: c9295a51 ($8.31 in chips)
Seat 3: a8e1e7c6 ($5.46 in chips)
Seat 4: Hero ($5.16 in chips)
Seat 6: ab6533a8 ($1.43 in chips)
c09f167a: posts small blind $0.02
c9295a51: posts big blind $0.05
*** HOLE CARDS ***
Dealt to c09f167a 
Dealt to c9295a51 
Dealt to a8e1e7c6 
Dealt to Hero [5s 7c]
Dealt to ab6533a8 
a8e1e7c6: raises $0.05 to $0.1
Hero: folds
ab6533a8: calls $0.1
c09f167a: folds
c9295a51: calls $0.05
*** FLOP *** [6s Ah Qh]
c9295a51: checks
a8e1e7c6: checks
ab6533a8: bets $0.24
c9295a51: folds
a8e1e7c6: folds
Uncalled bet ($0.24) returned to ab6533a8
*** SHOWDOWN ***
ab6533a8 collected $0.31 from pot
*** SUMMARY ***
Total pot $0.32 | Rake $0.01 | Jackpot $0 | Bingo $0 | Fortune $0
Board [6s Ah Qh]
Seat 1: c09f167a (small blind) folded before Flop
Seat 2: c9295a51 (big blind) folded on the Flop
Seat 3: a8e1e7c6 folded on the Flop
Seat 4: Hero folded before Flop (didn't bet)
Seat 6: ab6533a8 (button) won ($0.31)


Poker Hand #HD1146164983: Hold'em No Limit  ($0.02/$0.05) - 2023/03/04 22:44:59
Table 'NLHBlue29' 6-max Seat #5 is the button
Seat 1: c09f167a ($12.46 in chips)
Seat 2: c9295a51 ($8.31 in chips)
Seat 3: a8e1e7c6 ($5.46 in chips)
Seat 4: Hero ($5 in chips)
Seat 5: 2163fb45 ($5.18 in chips)
Seat 6: ab6533a8 ($1.55 in chips)
ab6533a8: posts small blind $0.02
c09f167a: posts big blind $0.05
*** HOLE CARDS ***
Dealt to c09f167a 
Dealt to c9295a51 
Dealt to a8e1e7c6 
Dealt to Hero [As Ad]
Dealt to 2163fb45 
Dealt to ab6533a8 
c9295a51: folds
a8e1e7c6: folds
Hero: raises $0.07 to $0.12
2163fb45: folds
ab6533a8: calls $0.1
c09f167a: folds
*** FLOP *** [7h Qd 2c]
ab6533a8: checks
Hero: bets $0.18
ab6533a8: folds
Uncalled bet ($0.18) returned to Hero
*** SHOWDOWN ***
Hero collected $0.28 from pot
*** SUMMARY ***
Total pot $0.29 | Rake $0.01 | Jackpot $0 | Bingo $0 | Fortune $0
Board [7h Qd 2c]
Seat 1: c09f167a (big blind) folded before Flop
Seat 2: c9295a51 folded before Flop (didn't bet)
Seat 3: a8e1e7c6 folded before Flop (didn't bet)
Seat 4: Hero won ($0.28)
Seat 5: 2163fb45 (button) folded before Flop (didn't bet)
Seat 6: ab6533a8 (small blind) folded on the Flop


Poker Hand #HD1146164933: Hold'em No Limit  ($0.02/$0.05) - 2023/03/04 22:44:25
Table 'NLHBlue29' 6-max Seat #4 is the button
Seat 1: c09f167a ($12.46 in chips)
Seat 2: c9295a51 ($8.31 in chips)
Seat 3: a8e1e7c6 ($5.46 in chips)
Seat 4: Hero ($5 in chips)
Seat 5: 2163fb45 ($5.02 in chips)
Seat 6: ab6533a8 ($1.6 in chips)
2163fb45: posts small blind $0.02
ab6533a8: posts big blind $0.05
*** HOLE CARDS ***
Dealt to c09f167a 
Dealt to c9295a51 
Dealt to a8e1e7c6 
Dealt to Hero [5h 4h]
Dealt to 2163fb45 
Dealt to ab6533a8 
c09f167a: folds
c9295a51: folds
a8e1e7c6: folds
Hero: raises $0.07 to $0.12
2163fb45: raises $0.44 to $0.56
ab6533a8: folds
Hero: folds
Uncalled bet ($0.44) returned to 2163fb45
*** SHOWDOWN ***
2163fb45 collected $0.28 from pot
*** SUMMARY ***
Total pot $0.29 | Rake $0.01 | Jackpot $0 | Bingo $0 | Fortune $0
Seat 1: c09f167a folded before Flop (didn't bet)
Seat 2: c9295a51 folded before Flop (didn't bet)
Seat 3: a8e1e7c6 folded before Flop (didn't bet)
Seat 4: Hero (button) folded before Flop
Seat 5: 2163fb45 (small blind) collected ($0.28)
Seat 6: ab6533a8 (big blind) folded before Flop


Poker Hand #HD1146164919: Hold'em No Limit  ($0.02/$0.05) - 2023/03/04 22:44:16
Table 'NLHBlue29' 6-max Seat #3 is the button
Seat 1: c09f167a ($12.46 in chips)
Seat 2: c9295a51 ($8.31 in chips)
Seat 3: a8e1e7c6 ($5.46 in chips)
Seat 4: Hero ($5 in chips)
Seat 5: 2163fb45 ($5 in chips)
Seat 6: ab6533a8 ($1.6 in chips)
Hero: posts small blind $0.02
2163fb45: posts big blind $0.05
*** HOLE CARDS ***
Dealt to c09f167a 
Dealt to c9295a51 
Dealt to a8e1e7c6 
Dealt to Hero [3d Jh]
Dealt to 2163fb45 
Dealt to ab6533a8 
ab6533a8: folds
c09f167a: folds
c9295a51: folds
a8e1e7c6: folds
Hero: folds
Uncalled bet ($0.03) returned to 2163fb45
*** SHOWDOWN ***
2163fb45 collected $0.04 from pot
*** SUMMARY ***
Total pot $0.04 | Rake $0 | Jackpot $0 | Bingo $0 | Fortune $0
Seat 1: c09f167a folded before Flop (didn't bet)
Seat 2: c9295a51 folded before Flop (didn't bet)
Seat 3: a8e1e7c6 (button) folded before Flop (didn't bet)
Seat 4: Hero (small blind) folded before Flop
Seat 5: 2163fb45 (big blind) collected ($0.04)
Seat 6: ab6533a8 folded before Flop (didn't bet)


Poker Hand #HD1146164835: Hold'em No Limit  ($0.02/$0.05) - 2023/03/04 22:43:31
Table 'NLHBlue29' 6-max Seat #2 is the button
Seat 1: c09f167a ($12.59 in chips)
Seat 2: c9295a51 ($8.31 in chips)
Seat 3: a8e1e7c6 ($5.29 in chips)
Seat 4: Hero ($5.02 in chips)
Seat 6: ab6533a8 ($1.6 in chips)
a8e1e7c6: posts small blind $0.02
Hero: posts big blind $0.05
*** HOLE CARDS ***
Dealt to c09f167a 
Dealt to c9295a51 
Dealt to a8e1e7c6 
Dealt to Hero [9s 2c]
Dealt to ab6533a8 
ab6533a8: folds
c09f167a: raises $0.08 to $0.13
c9295a51: folds
a8e1e7c6: raises $0.39 to $0.52
Hero: folds
c09f167a: folds
Uncalled bet ($0.39) returned to a8e1e7c6
*** SHOWDOWN ***
a8e1e7c6 collected $0.3 from pot
*** SUMMARY ***
Total pot $0.31 | Rake $0.01 | Jackpot $0 | Bingo $0 | Fortune $0
Seat 1: c09f167a folded before Flop
Seat 2: c9295a51 (button) folded before Flop (didn't bet)
Seat 3: a8e1e7c6 (small blind) collected ($0.3)
Seat 4: Hero (big blind) folded before Flop
Seat 6: ab6533a8 folded before Flop (didn't bet)


Poker Hand #HD1146164734: Hold'em No Limit  ($0.02/$0.05) - 2023/03/04 22:42:33
Table 'NLHBlue29' 6-max Seat #1 is the button
Seat 1: c09f167a ($12.27 in chips)
Seat 2: c9295a51 ($8.61 in chips)
Seat 3: a8e1e7c6 ($5.34 in chips)
Seat 4: Hero ($5.02 in chips)
Seat 6: ab6533a8 ($1.6 in chips)
c9295a51: posts small blind $0.02
a8e1e7c6: posts big blind $0.05
*** HOLE CARDS ***
Dealt to c09f167a 
Dealt to c9295a51 
Dealt to a8e1e7c6 
Dealt to Hero [Kh 5d]
Dealt to ab6533a8 
Hero: folds
ab6533a8: folds
c09f167a: raises $0.08 to $0.13
c9295a51: calls $0.11
a8e1e7c6: folds
*** FLOP *** [Jd 7h 8s]
c9295a51: checks
c09f167a: checks
*** TURN *** [Jd 7h 8s] [6h]
c9295a51: checks
c09f167a: bets $0.17
c9295a51: calls $0.17
*** RIVER *** [Jd 7h 8s 6h] [Kd]
c9295a51: checks
c09f167a: checks
c9295a51: shows [Ah 5h] (Ace-High)
c09f167a: shows [Ad 6d] (Pair of Sixes)
*** SHOWDOWN ***
c09f167a collected $0.62 from pot
*** SUMMARY ***
Total pot $0.65 | Rake $0.03 | Jackpot $0 | Bingo $0 | Fortune $0
Board [Jd 7h 8s 6h Kd]
Seat 1: c09f167a (button) showed [Ad 6d] and won ($0.62) with Pair of Sixes
Seat 2: c9295a51 (small blind) showed [Ah 5h] and lost with Ace-High
Seat 3: a8e1e7c6 (big blind) folded before Flop
Seat 4: Hero folded before Flop (didn't bet)
Seat 6: ab6533a8 folded before Flop (didn't bet)


Poker Hand #HD1146164710: Hold'em No Limit  ($0.02/$0.05) - 2023/03/04 22:42:17
Table 'NLHBlue29' 6-max Seat #6 is the button
Seat 1: c09f167a ($12.29 in chips)
Seat 2: c9295a51 ($8.66 in chips)
Seat 3: a8e1e7c6 ($5.34 in chips)
Seat 4: Hero ($5.02 in chips)
Seat 6: ab6533a8 ($1.53 in chips)
c09f167a: posts small blind $0.02
c9295a51: posts big blind $0.05
*** HOLE CARDS ***
Dealt to c09f167a 
Dealt to c9295a51 
Dealt to a8e1e7c6 
Dealt to Hero [Tc Kh]
Dealt to ab6533a8 
a8e1e7c6: folds
Hero: folds
ab6533a8: raises $0.12 to $0.17
c09f167a: folds
c9295a51: folds
Uncalled bet ($0.12) returned to ab6533a8
*** SHOWDOWN ***
ab6533a8 collected $0.12 from pot
*** SUMMARY ***
Total pot $0.12 | Rake $0 | Jackpot $0 | Bingo $0 | Fortune $0
Seat 1: c09f167a (small blind) folded before Flop
Seat 2: c9295a51 (big blind) folded before Flop
Seat 3: a8e1e7c6 folded before Flop (didn't bet)
Seat 4: Hero folded before Flop (didn't bet)
Seat 6: ab6533a8 (button) collected ($0.12)


Poker Hand #HD1146164572: Hold'em No Limit  ($0.02/$0.05) - 2023/03/04 22:41:02
Table 'NLHBlue29' 6-max Seat #4 is the button
Seat 1: c09f167a ($12.34 in chips)
Seat 2: c9295a51 ($8.66 in chips)
Seat 3: a8e1e7c6 ($5 in chips)
Seat 4: Hero ($5.02 in chips)
Seat 6: ab6533a8 ($1.85 in chips)
ab6533a8: posts small blind $0.02
c09f167a: posts big blind $0.05
*** HOLE CARDS ***
Dealt to c09f167a 
Dealt to c9295a51 
Dealt to a8e1e7c6 
Dealt to Hero [7h Ac]
Dealt to ab6533a8 
c9295a51: folds
a8e1e7c6: raises $0.06 to $0.11
Hero: folds
ab6533a8: calls $0.09
c09f167a: folds
*** FLOP *** [8d 8h Tc]
ab6533a8: checks
a8e1e7c6: checks
*** TURN *** [8d 8h Tc] [3c]
ab6533a8: bets $0.21
a8e1e7c6: calls $0.21
*** RIVER *** [8d 8h Tc 3c] [Th]
ab6533a8: checks
a8e1e7c6: bets $0.52
ab6533a8: folds
Uncalled bet ($0.52) returned to a8e1e7c6
*** SHOWDOWN ***
a8e1e7c6 collected $0.66 from pot
*** SUMMARY ***
Total pot $0.69 | Rake $0.03 | Jackpot $0 | Bingo $0 | Fortune $0
Board [8d 8h Tc 3c Th]
Seat 1: c09f167a (big blind) folded before Flop
Seat 2: c9295a51 folded before Flop (didn't bet)
Seat 3: a8e1e7c6 won ($0.66)
Seat 4: Hero (button) folded before Flop (didn't bet)
Seat 6: ab6533a8 (small blind) folded on the River


Poker Hand #HD1146164544: Hold'em No Limit  ($0.02/$0.05) - 2023/03/04 22:40:48
Table 'NLHBlue29' 6-max Seat #3 is the button
Seat 1: c09f167a ($12.27 in chips)
Seat 2: c9295a51 ($8.66 in chips)
Seat 3: a8e1e7c6 ($5 in chips)
Seat 4: Hero ($5 in chips)
Seat 6: ab6533a8 ($1.9 in chips)
Hero: posts small blind $0.02
ab6533a8: posts big blind $0.05
*** HOLE CARDS ***
Dealt to c09f167a 
Dealt to c9295a51 
Dealt to a8e1e7c6 
Dealt to Hero [Ts 3s]
Dealt to ab6533a8 
c09f167a: raises $0.08 to $0.13
c9295a51: folds
a8e1e7c6: folds
Hero: folds
ab6533a8: folds
Uncalled bet ($0.08) returned to c09f167a
*** SHOWDOWN ***
c09f167a collected $0.12 from pot
*** SUMMARY ***
Total pot $0.12 | Rake $0 | Jackpot $0 | Bingo $0 | Fortune $0
Seat 1: c09f167a collected ($0.12)
Seat 2: c9295a51 folded before Flop (didn't bet)
Seat 3: a8e1e7c6 (button) folded before Flop (didn't bet)
Seat 4: Hero (small blind) folded before Flop
Seat 6: ab6533a8 (big blind) folded before Flop


Poker Hand #HD1146164422: Hold'em No Limit  ($0.02/$0.05) - 2023/03/04 22:39:39
Table 'NLHBlue29' 6-max Seat #2 is the button
Seat 1: c09f167a ($8.09 in chips)
Seat 2: c9295a51 ($8.66 in chips)
Seat 3: a8e1e7c6 ($5 in chips)
Seat 4: Hero ($5 in chips)
Seat 5: 64749902 ($4.46 in chips)
Seat 6: ab6533a8 ($2.05 in chips)
a8e1e7c6: posts small blind $0.02
Hero: posts big blind $0.05
*** HOLE CARDS ***
Dealt to c09f167a 
Dealt to c9295a51 
Dealt to a8e1e7c6 
Dealt to Hero [Ks 5c]
Dealt to 64749902 
Dealt to ab6533a8 
64749902: raises $0.1 to $0.15
ab6533a8: calls $0.15
c09f167a: raises $0.6 to $0.75
c9295a51: folds
a8e1e7c6: folds
Hero: folds
64749902: calls $0.6
ab6533a8: folds
*** FLOP *** [7s 9s 4c]
64749902: bets $3.71 and is all-in
c09f167a: calls $3.71
64749902: shows [8c 8d] (Pair of Eights)
c09f167a: shows [Ts Th] (Pair of Tens)
*** TURN *** [7s 9s 4c] [Td]
*** RIVER *** [7s 9s 4c Td] [5d]
*** SHOWDOWN ***
c09f167a collected $8.64 from pot
*** SUMMARY ***
Total pot $9.14 | Rake $0.45 | Jackpot $0.05 | Bingo $0 | Fortune $0
Board [7s 9s 4c Td 5d]
Seat 1: c09f167a showed [Ts Th] and won ($8.64) with Three Tens
Seat 2: c9295a51 (button) folded before Flop (didn't bet)
Seat 3: a8e1e7c6 (small blind) folded before Flop
Seat 4: Hero (big blind) folded before Flop
Seat 5: 64749902 showed [8c 8d] and lost with Pair of Eights
Seat 6: ab6533a8 folded before Flop


Poker Hand #HD1146164252: Hold'em No Limit  ($0.02/$0.05) - 2023/03/04 22:38:07
Table 'NLHBlue29' 6-max Seat #1 is the button
Seat 1: c09f167a ($8.21 in chips)
Seat 2: c9295a51 ($8.03 in chips)
Seat 3: a8e1e7c6 ($5 in chips)
Seat 4: Hero ($5 in chips)
Seat 5: 64749902 ($4.46 in chips)
Seat 6: ab6533a8 ($2.44 in chips)
c9295a51: posts small blind $0.02
a8e1e7c6: posts big blind $0.05
*** HOLE CARDS ***
Dealt to c09f167a 
Dealt to c9295a51 
Dealt to a8e1e7c6 
Dealt to Hero [Kh Ah]
Dealt to 64749902 
Dealt to ab6533a8 
Hero: raises $0.07 to $0.12
64749902: folds
ab6533a8: calls $0.12
c09f167a: calls $0.12
c9295a51: calls $0.1
a8e1e7c6: folds
*** FLOP *** [Td 5s 6h]
c9295a51: checks
Hero: checks
ab6533a8: bets $0.27
c09f167a: folds
c9295a51: calls $0.27
Hero: folds
*** TURN *** [Td 5s 6h] [5h]
c9295a51: checks
ab6533a8: checks
*** RIVER *** [Td 5s 6h 5h] [3c]
c9295a51: bets $0.72
ab6533a8: folds
Uncalled bet ($0.72) returned to c9295a51
*** SHOWDOWN ***
c9295a51 collected $1.02 from pot
*** SUMMARY ***
Total pot $1.07 | Rake $0.05 | Jackpot $0 | Bingo $0 | Fortune $0
Board [Td 5s 6h 5h 3c]
Seat 1: c09f167a (button) folded on the Flop
Seat 2: c9295a51 (small blind) won ($1.02)
Seat 3: a8e1e7c6 (big blind) folded before Flop
Seat 4: Hero folded on the Flop
Seat 5: 64749902 folded before Flop (didn't bet)
Seat 6: ab6533a8 folded on the River


Poker Hand #HD1146164091: Hold'em No Limit  ($0.02/$0.05) - 2023/03/04 22:36:29
Table 'NLHBlue29' 6-max Seat #6 is the button
Seat 1: c09f167a ($8.23 in chips)
Seat 2: c9295a51 ($8.13 in chips)
Seat 3: a8e1e7c6 ($5 in chips)
Seat 4: Hero ($5 in chips)
Seat 5: 64749902 ($3.78 in chips)
Seat 6: ab6533a8 ($2.96 in chips)
c09f167a: posts small blind $0.02
c9295a51: posts big blind $0.05
*** HOLE CARDS ***
Dealt to c09f167a 
Dealt to c9295a51 
Dealt to a8e1e7c6 
Dealt to Hero [4s Qh]
Dealt to 64749902 
Dealt to ab6533a8 
a8e1e7c6: raises $0.05 to $0.1
Hero: folds
64749902: calls $0.1
ab6533a8: calls $0.1
c09f167a: folds
c9295a51: calls $0.05
*** FLOP *** [As Qd 8s]
c9295a51: checks
a8e1e7c6: checks
64749902: checks
ab6533a8: checks
*** TURN *** [As Qd 8s] [Jd]
c9295a51: checks
a8e1e7c6: checks
64749902: bets $0.42
ab6533a8: calls $0.42
c9295a51: folds
a8e1e7c6: folds
*** RIVER *** [As Qd 8s Jd] [6h]
64749902: bets $0.95
ab6533a8: folds
Uncalled bet ($0.95) returned to 64749902
*** SHOWDOWN ***
64749902 collected $1.2 from pot
*** SUMMARY ***
Total pot $1.26 | Rake $0.06 | Jackpot $0 | Bingo $0 | Fortune $0
Board [As Qd 8s Jd 6h]
Seat 1: c09f167a (small blind) folded before Flop
Seat 2: c9295a51 (big blind) folded on the Turn
Seat 3: a8e1e7c6 folded on the Turn
Seat 4: Hero folded before Flop (didn't bet)
Seat 5: 64749902 won ($1.2)
Seat 6: ab6533a8 (button) folded on the River


Poker Hand #HD1146164000: Hold'em No Limit  ($0.02/$0.05) - 2023/03/04 22:35:44
Table 'NLHBlue29' 6-max Seat #5 is the button
Seat 1: c09f167a ($7.72 in chips)
Seat 2: c9295a51 ($8.13 in chips)
Seat 3: a8e1e7c6 ($5 in chips)
Seat 4: Hero ($5.26 in chips)
Seat 5: 64749902 ($3.78 in chips)
Seat 6: ab6533a8 ($2.98 in chips)
ab6533a8: posts small blind $0.02
c09f167a: posts big blind $0.05
*** HOLE CARDS ***
Dealt to c09f167a 
Dealt to c9295a51 
Dealt to a8e1e7c6 
Dealt to Hero [9c 9h]
Dealt to 64749902 
Dealt to ab6533a8 
c9295a51: folds
a8e1e7c6: folds
Hero: raises $0.07 to $0.12
64749902: folds
ab6533a8: folds
c09f167a: raises $0.42 to $0.54
Hero: calls $0.42
*** FLOP *** [6h 8h Kc]
c09f167a: bets $0.83
Hero: folds
Uncalled bet ($0.83) returned to c09f167a
*** SHOWDOWN ***
c09f167a collected $1.05 from pot
*** SUMMARY ***
Total pot $1.1 | Rake $0.05 | Jackpot $0 | Bingo $0 | Fortune $0
Board [6h 8h Kc]
Seat 1: c09f167a (big blind) won ($1.05)
Seat 2: c9295a51 folded before Flop (didn't bet)
Seat 3: a8e1e7c6 folded before Flop (didn't bet)
Seat 4: Hero folded on the Flop
Seat 5: 64749902 (button) folded before Flop (didn't bet)
Seat 6: ab6533a8 (small blind) folded before Flop


Poker Hand #HD1146163925: Hold'em No Limit  ($0.02/$0.05) - 2023/03/04 22:35:03
Table 'NLHBlue29' 6-max Seat #4 is the button
Seat 1: c09f167a ($7.72 in chips)
Seat 2: c9295a51 ($8.53 in chips)
Seat 3: a8e1e7c6 ($5 in chips)
Seat 4: Hero ($5.26 in chips)
Seat 5: 64749902 ($3.37 in chips)
Seat 6: ab6533a8 ($3.03 in chips)
64749902: posts small blind $0.02
ab6533a8: posts big blind $0.05
*** HOLE CARDS ***
Dealt to c09f167a 
Dealt to c9295a51 
Dealt to a8e1e7c6 
Dealt to Hero [3d 5s]
Dealt to 64749902 
Dealt to ab6533a8 
c09f167a: folds
c9295a51: raises $0.05 to $0.1
a8e1e7c6: folds
Hero: folds
64749902: raises $0.3 to $0.4
ab6533a8: folds
c9295a51: calls $0.3
*** FLOP *** [3c Qs 2h]
64749902: bets $2.97 and is all-in
c9295a51: folds
Uncalled bet ($2.97) returned to 64749902
*** SHOWDOWN ***
64749902 collected $0.81 from pot
*** SUMMARY ***
Total pot $0.85 | Rake $0.04 | Jackpot $0 | Bingo $0 | Fortune $0
Board [3c Qs 2h]
Seat 1: c09f167a folded before Flop (didn't bet)
Seat 2: c9295a51 folded on the Flop
Seat 3: a8e1e7c6 folded before Flop (didn't bet)
Seat 4: Hero (button) folded before Flop (didn't bet)
Seat 5: 64749902 (small blind) won ($0.81)
Seat 6: ab6533a8 (big blind) folded before Flop


Poker Hand #HD1146163814: Hold'em No Limit  ($0.02/$0.05) - 2023/03/04 22:33:58
Table 'NLHBlue29' 6-max Seat #3 is the button
Seat 1: c09f167a ($7.72 in chips)
Seat 2: c9295a51 ($8.53 in chips)
Seat 3: a8e1e7c6 ($5 in chips)
Seat 4: Hero ($5.28 in chips)
Seat 5: 64749902 ($3.81 in chips)
Seat 6: ab6533a8 ($2.61 in chips)
Hero: posts small blind $0.02
64749902: posts big blind $0.05
*** HOLE CARDS ***
Dealt to c09f167a 
Dealt to c9295a51 
Dealt to a8e1e7c6 
Dealt to Hero [5c As]
Dealt to 64749902 
Dealt to ab6533a8 
ab6533a8: calls $0.05
c09f167a: folds
c9295a51: folds
a8e1e7c6: folds
Hero: folds
64749902: checks
*** FLOP *** [6h 9h 2s]
64749902: bets $0.12
ab6533a8: calls $0.12
*** TURN *** [6h 9h 2s] [Ks]
64749902: checks
ab6533a8: checks
*** RIVER *** [6h 9h 2s Ks] [8c]
64749902: bets $0.27
ab6533a8: calls $0.27
64749902: shows [4d 8d] (Pair of Eights)
ab6533a8: shows [Ts Kc] (Pair of Kings)
*** SHOWDOWN ***
ab6533a8 collected $0.86 from pot
*** SUMMARY ***
Total pot $0.9 | Rake $0.04 | Jackpot $0 | Bingo $0 | Fortune $0
Board [6h 9h 2s Ks 8c]
Seat 1: c09f167a folded before Flop (didn't bet)
Seat 2: c9295a51 folded before Flop (didn't bet)
Seat 3: a8e1e7c6 (button) folded before Flop (didn't bet)
Seat 4: Hero (small blind) folded before Flop
Seat 5: 64749902 (big blind) showed [4d 8d] and lost with Pair of Eights
Seat 6: ab6533a8 showed [Ts Kc] and won ($0.86) with Pair of Kings


Poker Hand #HD1146163748: Hold'em No Limit  ($0.02/$0.05) - 2023/03/04 22:33:20
Table 'NLHBlue29' 6-max Seat #2 is the button
Seat 1: c09f167a ($7.6 in chips)
Seat 2: c9295a51 ($8.53 in chips)
Seat 3: a8e1e7c6 ($5 in chips)
Seat 4: Hero ($5.33 in chips)
Seat 5: 64749902 ($3.81 in chips)
Seat 6: ab6533a8 ($2.66 in chips)
a8e1e7c6: posts small blind $0.02
Hero: posts big blind $0.05
*** HOLE CARDS ***
Dealt to c09f167a 
Dealt to c9295a51 
Dealt to a8e1e7c6 
Dealt to Hero [5s Kd]
Dealt to 64749902 
Dealt to ab6533a8 
64749902: folds
ab6533a8: calls $0.05
c09f167a: raises $0.15 to $0.2
c9295a51: folds
a8e1e7c6: folds
Hero: folds
ab6533a8: folds
Uncalled bet ($0.15) returned to c09f167a
*** SHOWDOWN ***
c09f167a collected $0.17 from pot
*** SUMMARY ***
Total pot $0.17 | Rake $0 | Jackpot $0 | Bingo $0 | Fortune $0
Seat 1: c09f167a collected ($0.17)
Seat 2: c9295a51 (button) folded before Flop (didn't bet)
Seat 3: a8e1e7c6 (small blind) folded before Flop
Seat 4: Hero (big blind) folded before Flop
Seat 5: 64749902 folded before Flop (didn't bet)
Seat 6: ab6533a8 folded before Flop


Poker Hand #HD1146163669: Hold'em No Limit  ($0.02/$0.05) - 2023/03/04 22:32:39
Table 'NLHBlue29' 6-max Seat #1 is the button
Seat 1: c09f167a ($7.6 in chips)
Seat 2: c9295a51 ($8.48 in chips)
Seat 3: a8e1e7c6 ($5 in chips)
Seat 4: Hero ($5.33 in chips)
Seat 5: 64749902 ($3.81 in chips)
Seat 6: ab6533a8 ($2.66 in chips)
c9295a51: posts small blind $0.02
a8e1e7c6: posts big blind $0.05
*** HOLE CARDS ***
Dealt to c09f167a 
Dealt to c9295a51 
Dealt to a8e1e7c6 
Dealt to Hero [5h 4c]
Dealt to 64749902 
Dealt to ab6533a8 
Hero: folds
64749902: folds
ab6533a8: folds
c09f167a: folds
c9295a51: calls $0.03
a8e1e7c6: checks
*** FLOP *** [Tc Ah Qd]
c9295a51: checks
a8e1e7c6: checks
*** TURN *** [Tc Ah Qd] [8d]
c9295a51: checks
a8e1e7c6: checks
*** RIVER *** [Tc Ah Qd 8d] [Ad]
c9295a51: checks
a8e1e7c6: checks
c9295a51: shows [2c Kc] (Pair of Aces)
a8e1e7c6: shows [3d 6h] (Pair of Aces)
*** SHOWDOWN ***
c9295a51 collected $0.1 from pot
*** SUMMARY ***
Total pot $0.1 | Rake $0 | Jackpot $0 | Bingo $0 | Fortune $0
Board [Tc Ah Qd 8d Ad]
Seat 1: c09f167a (button) folded before Flop (didn't bet)
Seat 2: c9295a51 (small blind) showed [2c Kc] and won ($0.1) with Pair of Aces
Seat 3: a8e1e7c6 (big blind) showed [3d 6h] and lost with Pair of Aces
Seat 4: Hero folded before Flop (didn't bet)
Seat 5: 64749902 folded before Flop (didn't bet)
Seat 6: ab6533a8 folded before Flop (didn't bet)


Poker Hand #HD1146163545: Hold'em No Limit  ($0.02/$0.05) - 2023/03/04 22:31:29
Table 'NLHBlue29' 6-max Seat #6 is the button
Seat 1: c09f167a ($7.84 in chips)
Seat 2: c9295a51 ($8.6 in chips)
Seat 3: a8e1e7c6 ($5 in chips)
Seat 4: Hero ($5 in chips)
Seat 5: 64749902 ($3.81 in chips)
Seat 6: ab6533a8 ($2.66 in chips)
c09f167a: posts small blind $0.02
c9295a51: posts big blind $0.05
*** HOLE CARDS ***
Dealt to c09f167a 
Dealt to c9295a51 
Dealt to a8e1e7c6 
Dealt to Hero [Kd Ah]
Dealt to 64749902 
Dealt to ab6533a8 
a8e1e7c6: folds
Hero: raises $0.07 to $0.12
64749902: folds
ab6533a8: folds
c09f167a: calls $0.1
c9295a51: calls $0.07
*** FLOP *** [Kc Th 7d]
c09f167a: checks
c9295a51: checks
Hero: bets $0.12
c09f167a: calls $0.12
c9295a51: folds
*** TURN *** [Kc Th 7d] [2s]
c09f167a: checks
Hero: bets $0.3
c09f167a: folds
Uncalled bet ($0.3) returned to Hero
*** SHOWDOWN ***
Hero collected $0.57 from pot
*** SUMMARY ***
Total pot $0.6 | Rake $0.03 | Jackpot $0 | Bingo $0 | Fortune $0
Board [Kc Th 7d 2s]
Seat 1: c09f167a (small blind) folded on the Turn
Seat 2: c9295a51 (big blind) folded on the Flop
Seat 3: a8e1e7c6 folded before Flop (didn't bet)
Seat 4: Hero won ($0.57)
Seat 5: 64749902 folded before Flop (didn't bet)
Seat 6: ab6533a8 (button) folded before Flop (didn't bet)


Poker Hand #HD1146163473: Hold'em No Limit  ($0.02/$0.05) - 2023/03/04 22:30:48
Table 'NLHBlue29' 6-max Seat #5 is the button
Seat 1: c09f167a ($7.89 in chips)
Seat 2: c9295a51 ($8.6 in chips)
Seat 3: a8e1e7c6 ($5 in chips)
Seat 4: Hero ($5.07 in chips)
Seat 5: 64749902 ($3.53 in chips)
Seat 6: ab6533a8 ($2.68 in chips)
ab6533a8: posts small blind $0.02
c09f167a: posts big blind $0.05
*** HOLE CARDS ***
Dealt to c09f167a 
Dealt to c9295a51 
Dealt to a8e1e7c6 
Dealt to Hero [Jd Ac]
Dealt to 64749902 
Dealt to ab6533a8 
c9295a51: folds
a8e1e7c6: folds
Hero: raises $0.07 to $0.12
64749902: calls $0.12
ab6533a8: folds
c09f167a: folds
*** FLOP *** [8s 8c 3h]
Hero: bets $0.11
64749902: raises $0.27 to $0.38
Hero: folds
Uncalled bet ($0.27) returned to 64749902
*** SHOWDOWN ***
64749902 collected $0.51 from pot
*** SUMMARY ***
Total pot $0.53 | Rake $0.02 | Jackpot $0 | Bingo $0 | Fortune $0
Board [8s 8c 3h]
Seat 1: c09f167a (big blind) folded before Flop
Seat 2: c9295a51 folded before Flop (didn't bet)
Seat 3: a8e1e7c6 folded before Flop (didn't bet)
Seat 4: Hero folded on the Flop
Seat 5: 64749902 (button) won ($0.51)
Seat 6: ab6533a8 (small blind) folded before Flop


Poker Hand #HD1146163449: Hold'em No Limit  ($0.02/$0.05) - 2023/03/04 22:30:36
Table 'NLHBlue29' 6-max Seat #4 is the button
Seat 1: c09f167a ($7.89 in chips)
Seat 2: c9295a51 ($8.6 in chips)
Seat 3: a8e1e7c6 ($5 in chips)
Seat 4: Hero ($5 in chips)
Seat 5: 64749902 ($3.55 in chips)
Seat 6: ab6533a8 ($2.73 in chips)
64749902: posts small blind $0.02
ab6533a8: posts big blind $0.05
*** HOLE CARDS ***
Dealt to c09f167a 
Dealt to c9295a51 
Dealt to a8e1e7c6 
Dealt to Hero [3d Ac]
Dealt to 64749902 
Dealt to ab6533a8 
c09f167a: folds
c9295a51: folds
a8e1e7c6: folds
Hero: raises $0.07 to $0.12
64749902: folds
ab6533a8: folds
Uncalled bet ($0.07) returned to Hero
*** SHOWDOWN ***
Hero collected $0.12 from pot
*** SUMMARY ***
Total pot $0.12 | Rake $0 | Jackpot $0 | Bingo $0 | Fortune $0
Seat 1: c09f167a folded before Flop (didn't bet)
Seat 2: c9295a51 folded before Flop (didn't bet)
Seat 3: a8e1e7c6 folded before Flop (didn't bet)
Seat 4: Hero (button) collected ($0.12)
Seat 5: 64749902 (small blind) folded before Flop
Seat 6: ab6533a8 (big blind) folded before Flop


Poker Hand #HD1146163332: Hold'em No Limit  ($0.02/$0.05) - 2023/03/04 22:29:31
Table 'NLHBlue29' 6-max Seat #3 is the button
Seat 1: c09f167a ($7.89 in chips)
Seat 2: c9295a51 ($8.22 in chips)
Seat 3: a8e1e7c6 ($5 in chips)
Seat 4: Hero ($5 in chips)
Seat 5: 64749902 ($3.6 in chips)
Seat 6: ab6533a8 ($2.73 in chips)
Hero: posts small blind $0.02
64749902: posts big blind $0.05
*** HOLE CARDS ***
Dealt to c09f167a 
Dealt to c9295a51 
Dealt to a8e1e7c6 
Dealt to Hero [7c Ac]
Dealt to 64749902 
Dealt to ab6533a8 
ab6533a8: folds
c09f167a: folds
c9295a51: calls $0.05
a8e1e7c6: raises $0.13 to $0.18
Hero: calls $0.16
64749902: folds
c9295a51: calls $0.13
*** FLOP *** [2c 2s 9h]
Hero: checks
c9295a51: checks
a8e1e7c6: checks
*** TURN *** [2c 2s 9h] [2d]
Hero: checks
c9295a51: bets $0.36
a8e1e7c6: folds
Hero: folds
Uncalled bet ($0.36) returned to c9295a51
*** SHOWDOWN ***
c9295a51 collected $0.56 from pot
*** SUMMARY ***
Total pot $0.59 | Rake $0.03 | Jackpot $0 | Bingo $0 | Fortune $0
Board [2c 2s 9h 2d]
Seat 1: c09f167a folded before Flop (didn't bet)
Seat 2: c9295a51 won ($0.56)
Seat 3: a8e1e7c6 (button) folded on the Turn
Seat 4: Hero (small blind) folded on the Turn
Seat 5: 64749902 (big blind) folded before Flop
Seat 6: ab6533a8 folded before Flop (didn't bet)


Poker Hand #HD1146163202: Hold'em No Limit  ($0.02/$0.05) - 2023/03/04 22:28:18
Table 'NLHBlue29' 6-max Seat #2 is the button
Seat 1: c09f167a ($7.89 in chips)
Seat 2: c9295a51 ($6.19 in chips)
Seat 3: a8e1e7c6 ($5 in chips)
Seat 4: Hero ($5 in chips)
Seat 5: 64749902 ($3.6 in chips)
Seat 6: ab6533a8 ($4.93 in chips)
a8e1e7c6: posts small blind $0.02
Hero: posts big blind $0.05
*** HOLE CARDS ***
Dealt to c09f167a 
Dealt to c9295a51 
Dealt to a8e1e7c6 
Dealt to Hero [Qs 6h]
Dealt to 64749902 
Dealt to ab6533a8 
64749902: folds
ab6533a8: calls $0.05
c09f167a: folds
c9295a51: calls $0.05
a8e1e7c6: calls $0.03
Hero: checks
*** FLOP *** [3s 7c Ac]
a8e1e7c6: checks
Hero: checks
ab6533a8: bets $0.2
c9295a51: calls $0.2
a8e1e7c6: folds
Hero: folds
*** TURN *** [3s 7c Ac] [8s]
ab6533a8: bets $0.6
c9295a51: calls $0.6
*** RIVER *** [3s 7c Ac 8s] [Ts]
ab6533a8: bets $1.35
c9295a51: calls $1.35
ab6533a8: shows [5c 6c] (Ace-High)
c9295a51: shows [3h As] (Pair of Aces and Pair of Treys)
*** SHOWDOWN ***
c9295a51 collected $4.23 from pot
*** SUMMARY ***
Total pot $4.5 | Rake $0.22 | Jackpot $0.05 | Bingo $0 | Fortune $0
Board [3s 7c Ac 8s Ts]
Seat 1: c09f167a folded before Flop (didn't bet)
Seat 2: c9295a51 (button) showed [3h As] and won ($4.23) with Pair of Aces and Pair of Treys
Seat 3: a8e1e7c6 (small blind) folded on the Flop
Seat 4: Hero (big blind) folded on the Flop
Seat 5: 64749902 folded before Flop (didn't bet)
Seat 6: ab6533a8 showed [5c 6c] and lost with Ace-High


Poker Hand #HD1146163158: Hold'em No Limit  ($0.02/$0.05) - 2023/03/04 22:27:49
Table 'NLHBlue29' 6-max Seat #1 is the button
Seat 1: c09f167a ($7.76 in chips)
Seat 2: c9295a51 ($6.21 in chips)
Seat 3: a8e1e7c6 ($5 in chips)
Seat 4: Hero ($5 in chips)
Seat 5: 64749902 ($3.67 in chips)
Seat 6: ab6533a8 ($4.93 in chips)
c9295a51: posts small blind $0.02
a8e1e7c6: posts big blind $0.05
64749902: posts big blind $0.05
64749902: posts missed blind $0.02
*** HOLE CARDS ***
Dealt to c09f167a 
Dealt to c9295a51 
Dealt to a8e1e7c6 
Dealt to Hero [4d Jh]
Dealt to 64749902 
Dealt to ab6533a8 
Hero: folds
64749902: checks
ab6533a8: folds
c09f167a: raises $0.15 to $0.2
c9295a51: folds
a8e1e7c6: folds
64749902: folds
Uncalled bet ($0.15) returned to c09f167a
*** SHOWDOWN ***
c09f167a collected $0.18 from pot
*** SUMMARY ***
Total pot $0.19 | Rake $0.01 | Jackpot $0 | Bingo $0 | Fortune $0
Seat 1: c09f167a (button) collected ($0.18)
Seat 2: c9295a51 (small blind) folded before Flop
Seat 3: a8e1e7c6 (big blind) folded before Flop
Seat 4: Hero folded before Flop (didn't bet)
Seat 5: 64749902 folded before Flop
Seat 6: ab6533a8 folded before Flop (didn't bet)


Poker Hand #HD1146163071: Hold'em No Limit  ($0.02/$0.05) - 2023/03/04 22:26:58
Table 'NLHBlue29' 6-max Seat #6 is the button
Seat 1: c09f167a ($7.78 in chips)
Seat 2: c9295a51 ($6.1 in chips)
Seat 3: a8e1e7c6 ($5 in chips)
Seat 4: Hero ($5 in chips)
Seat 6: ab6533a8 ($4.93 in chips)
c09f167a: posts small blind $0.02
c9295a51: posts big blind $0.05
*** HOLE CARDS ***
Dealt to c09f167a 
Dealt to c9295a51 
Dealt to a8e1e7c6 
Dealt to Hero [9c 2d]
Dealt to ab6533a8 
a8e1e7c6: raises $0.05 to $0.1
Hero: folds
ab6533a8: folds
c09f167a: folds
c9295a51: calls $0.05
*** FLOP *** [5d 2s 3c]
c9295a51: checks
a8e1e7c6: checks
*** TURN *** [5d 2s 3c] [8d]
c9295a51: checks
a8e1e7c6: checks
*** RIVER *** [5d 2s 3c 8d] [6c]
c9295a51: bets $0.14
a8e1e7c6: folds
Uncalled bet ($0.14) returned to c9295a51
*** SHOWDOWN ***
c9295a51 collected $0.21 from pot
*** SUMMARY ***
Total pot $0.22 | Rake $0.01 | Jackpot $0 | Bingo $0 | Fortune $0
Board [5d 2s 3c 8d 6c]
Seat 1: c09f167a (small blind) folded before Flop
Seat 2: c9295a51 (big blind) won ($0.21)
Seat 3: a8e1e7c6 folded on the River
Seat 4: Hero folded before Flop (didn't bet)
Seat 6: ab6533a8 (button) folded before Flop (didn't bet)


Poker Hand #HD1146162964: Hold'em No Limit  ($0.02/$0.05) - 2023/03/04 22:25:56
Table 'NLHBlue29' 6-max Seat #4 is the button
Seat 1: c09f167a ($7.73 in chips)
Seat 2: c9295a51 ($6.1 in chips)
Seat 3: a8e1e7c6 ($5 in chips)
Seat 4: Hero ($5 in chips)
Seat 6: ab6533a8 ($4.98 in chips)
ab6533a8: posts small blind $0.02
c09f167a: posts big blind $0.05
*** HOLE CARDS ***
Dealt to c09f167a 
Dealt to c9295a51 
Dealt to a8e1e7c6 
Dealt to Hero [5s Tc]
Dealt to ab6533a8 
c9295a51: folds
a8e1e7c6: folds
Hero: folds
ab6533a8: calls $0.03
c09f167a: checks
*** FLOP *** [Qh 8c 3c]
ab6533a8: checks
c09f167a: checks
*** TURN *** [Qh 8c 3c] [4c]
ab6533a8: checks
c09f167a: checks
*** RIVER *** [Qh 8c 3c 4c] [Kh]
ab6533a8: checks
c09f167a: checks
ab6533a8: shows [Ad 9c] (Ace-High)
c09f167a: shows [3s 6d] (Pair of Treys)
*** SHOWDOWN ***
c09f167a collected $0.1 from pot
*** SUMMARY ***
Total pot $0.1 | Rake $0 | Jackpot $0 | Bingo $0 | Fortune $0
Board [Qh 8c 3c 4c Kh]
Seat 1: c09f167a (big blind) showed [3s 6d] and won ($0.1) with Pair of Treys
Seat 2: c9295a51 folded before Flop (didn't bet)
Seat 3: a8e1e7c6 folded before Flop (didn't bet)
Seat 4: Hero (button) folded before Flop (didn't bet)
Seat 6: ab6533a8 (small blind) showed [Ad 9c] and lost with Ace-High


Poker Hand #HD1146162933: Hold'em No Limit  ($0.02/$0.05) - 2023/03/04 22:25:37
Table 'NLHBlue29' 6-max Seat #3 is the button
Seat 1: c09f167a ($7.73 in chips)
Seat 2: c9295a51 ($6.03 in chips)
Seat 3: a8e1e7c6 ($5 in chips)
Seat 4: Hero ($5 in chips)
Seat 6: ab6533a8 ($5.03 in chips)
Hero: posts small blind $0.02
ab6533a8: posts big blind $0.05
*** HOLE CARDS ***
Dealt to c09f167a 
Dealt to c9295a51 
Dealt to a8e1e7c6 
Dealt to Hero [9d 5h]
Dealt to ab6533a8 
c09f167a: folds
c9295a51: raises $0.05 to $0.1
a8e1e7c6: folds
Hero: folds
ab6533a8: folds
Uncalled bet ($0.05) returned to c9295a51
*** SHOWDOWN ***
c9295a51 collected $0.12 from pot
*** SUMMARY ***
Total pot $0.12 | Rake $0 | Jackpot $0 | Bingo $0 | Fortune $0
Seat 1: c09f167a folded before Flop (didn't bet)
Seat 2: c9295a51 collected ($0.12)
Seat 3: a8e1e7c6 (button) folded before Flop (didn't bet)
Seat 4: Hero (small blind) folded before Flop
Seat 6: ab6533a8 (big blind) folded before Flop


Poker Hand #HD1146162844: Hold'em No Limit  ($0.02/$0.05) - 2023/03/04 22:24:44
Table 'NLHBlue29' 6-max Seat #2 is the button
Seat 1: c09f167a ($7.73 in chips)
Seat 2: c9295a51 ($6.03 in chips)
Seat 3: a8e1e7c6 ($5 in chips)
Seat 4: Hero ($5 in chips)
Seat 6: ab6533a8 ($4.93 in chips)
a8e1e7c6: posts small blind $0.02
Hero: posts big blind $0.05
*** HOLE CARDS ***
Dealt to c09f167a 
Dealt to c9295a51 
Dealt to a8e1e7c6 
Dealt to Hero [5d 7c]
Dealt to ab6533a8 
ab6533a8: calls $0.05
c09f167a: folds
c9295a51: folds
a8e1e7c6: calls $0.03
Hero: checks
*** FLOP *** [Kh 3d Jd]
a8e1e7c6: checks
Hero: checks
ab6533a8: checks
*** TURN *** [Kh 3d Jd] [Qs]
a8e1e7c6: checks
Hero: checks
ab6533a8: checks
*** RIVER *** [Kh 3d Jd Qs] [Ah]
a8e1e7c6: checks
Hero: checks
ab6533a8: checks
a8e1e7c6: shows [7h Qh] (Pair of Queens)
Hero: shows [5d 7c] (Ace-High)
ab6533a8: shows [9h As] (Pair of Aces)
*** SHOWDOWN ***
ab6533a8 collected $0.15 from pot
*** SUMMARY ***
Total pot $0.15 | Rake $0 | Jackpot $0 | Bingo $0 | Fortune $0
Board [Kh 3d Jd Qs Ah]
Seat 1: c09f167a folded before Flop (didn't bet)
Seat 2: c9295a51 (button) folded before Flop (didn't bet)
Seat 3: a8e1e7c6 (small blind) showed [7h Qh] and lost with Pair of Queens
Seat 4: Hero (big blind) showed [5d 7c] and lost with Ace-High
Seat 6: ab6533a8 showed [9h As] and won ($0.15) with Pair of Aces


Poker Hand #HD1146162721: Hold'em No Limit  ($0.02/$0.05) - 2023/03/04 22:23:34
Table 'NLHBlue29' 6-max Seat #1 is the button
Seat 1: c09f167a ($7.73 in chips)
Seat 2: c9295a51 ($5.98 in chips)
Seat 3: a8e1e7c6 ($5 in chips)
Seat 4: Hero ($5 in chips)
Seat 6: ab6533a8 ($4.93 in chips)
c9295a51: posts small blind $0.02
a8e1e7c6: posts big blind $0.05
*** HOLE CARDS ***
Dealt to c09f167a 
Dealt to c9295a51 
Dealt to a8e1e7c6 
Dealt to Hero [8s Ad]
Dealt to ab6533a8 
Hero: folds
ab6533a8: folds
c09f167a: folds
c9295a51: calls $0.03
a8e1e7c6: checks
*** FLOP *** [3s 6h Qh]
c9295a51: checks
a8e1e7c6: checks
*** TURN *** [3s 6h Qh] [3c]
c9295a51: checks
a8e1e7c6: checks
*** RIVER *** [3s 6h Qh 3c] [4c]
c9295a51: checks
a8e1e7c6: checks
c9295a51: shows [Ac 8d] (Pair of Treys)
a8e1e7c6: shows [Jd 9s] (Pair of Treys)
*** SHOWDOWN ***
c9295a51 collected $0.1 from pot
*** SUMMARY ***
Total pot $0.1 | Rake $0 | Jackpot $0 | Bingo $0 | Fortune $0
Board [3s 6h Qh 3c 4c]
Seat 1: c09f167a (button) folded before Flop (didn't bet)
Seat 2: c9295a51 (small blind) showed [Ac 8d] and won ($0.1) with Pair of Treys
Seat 3: a8e1e7c6 (big blind) showed [Jd 9s] and lost with Pair of Treys
Seat 4: Hero folded before Flop (didn't bet)
Seat 6: ab6533a8 folded before Flop (didn't bet)


Poker Hand #HD1146162607: Hold'em No Limit  ($0.02/$0.05) - 2023/03/04 22:22:37
Table 'NLHBlue29' 6-max Seat #6 is the button
Seat 1: c09f167a ($7.75 in chips)
Seat 2: c9295a51 ($5.86 in chips)
Seat 3: a8e1e7c6 ($5 in chips)
Seat 4: Hero ($5 in chips)
Seat 6: ab6533a8 ($5.04 in chips)
c09f167a: posts small blind $0.02
c9295a51: posts big blind $0.05
*** HOLE CARDS ***
Dealt to c09f167a 
Dealt to c9295a51 
Dealt to a8e1e7c6 
Dealt to Hero [5h 9d]
Dealt to ab6533a8 
a8e1e7c6: folds
Hero: folds
ab6533a8: calls $0.05
c09f167a: folds
c9295a51: checks
*** FLOP *** [7d 7s 6d]
c9295a51: checks
ab6533a8: bets $0.06
c9295a51: calls $0.06
*** TURN *** [7d 7s 6d] [Ad]
c9295a51: checks
ab6533a8: checks
*** RIVER *** [7d 7s 6d Ad] [3c]
c9295a51: bets $0.15
ab6533a8: folds
Uncalled bet ($0.15) returned to c9295a51
*** SHOWDOWN ***
c9295a51 collected $0.23 from pot
*** SUMMARY ***
Total pot $0.24 | Rake $0.01 | Jackpot $0 | Bingo $0 | Fortune $0
Board [7d 7s 6d Ad 3c]
Seat 1: c09f167a (small blind) folded before Flop
Seat 2: c9295a51 (big blind) won ($0.23)
Seat 3: a8e1e7c6 folded before Flop (didn't bet)
Seat 4: Hero folded before Flop (didn't bet)
Seat 6: ab6533a8 (button) folded on the River


Poker Hand #HD1146162503: Hold'em No Limit  ($0.02/$0.05) - 2023/03/04 22:21:40
Table 'NLHBlue29' 6-max Seat #5 is the button
Seat 1: c09f167a ($7.7 in chips)
Seat 2: c9295a51 ($5.86 in chips)
Seat 3: a8e1e7c6 ($5 in chips)
Seat 4: Hero ($5 in chips)
Seat 5: 64749902 ($3.67 in chips)
Seat 6: ab6533a8 ($5.09 in chips)
ab6533a8: posts small blind $0.02
c09f167a: posts big blind $0.05
*** HOLE CARDS ***
Dealt to c09f167a 
Dealt to c9295a51 
Dealt to a8e1e7c6 
Dealt to Hero [5h 4c]
Dealt to 64749902 
Dealt to ab6533a8 
c9295a51: folds
a8e1e7c6: folds
Hero: folds
64749902: folds
ab6533a8: calls $0.03
c09f167a: checks
*** FLOP *** [Ts 4s 7c]
ab6533a8: checks
c09f167a: checks
*** TURN *** [Ts 4s 7c] [Qs]
ab6533a8: checks
c09f167a: bets $0.08
ab6533a8: folds
Uncalled bet ($0.08) returned to c09f167a
*** SHOWDOWN ***
c09f167a collected $0.1 from pot
*** SUMMARY ***
Total pot $0.1 | Rake $0 | Jackpot $0 | Bingo $0 | Fortune $0
Board [Ts 4s 7c Qs]
Seat 1: c09f167a (big blind) won ($0.1)
Seat 2: c9295a51 folded before Flop (didn't bet)
Seat 3: a8e1e7c6 folded before Flop (didn't bet)
Seat 4: Hero folded before Flop (didn't bet)
Seat 5: 64749902 (button) folded before Flop (didn't bet)
Seat 6: ab6533a8 (small blind) folded on the Turn


Poker Hand #HD1146162487: Hold'em No Limit  ($0.02/$0.05) - 2023/03/04 22:21:31
Table 'NLHBlue29' 6-max Seat #4 is the button
Seat 1: c09f167a ($7.7 in chips)
Seat 2: c9295a51 ($5.86 in chips)
Seat 3: a8e1e7c6 ($5 in chips)
Seat 4: Hero ($5 in chips)
Seat 5: 64749902 ($3.69 in chips)
Seat 6: ab6533a8 ($5.07 in chips)
64749902: posts small blind $0.02
ab6533a8: posts big blind $0.05
*** HOLE CARDS ***
Dealt to c09f167a 
Dealt to c9295a51 
Dealt to a8e1e7c6 
Dealt to Hero [7h 3s]
Dealt to 64749902 
Dealt to ab6533a8 
c09f167a: folds
c9295a51: folds
a8e1e7c6: folds
Hero: folds
64749902: folds
Uncalled bet ($0.03) returned to ab6533a8
*** SHOWDOWN ***
ab6533a8 collected $0.04 from pot
*** SUMMARY ***
Total pot $0.04 | Rake $0 | Jackpot $0 | Bingo $0 | Fortune $0
Seat 1: c09f167a folded before Flop (didn't bet)
Seat 2: c9295a51 folded before Flop (didn't bet)
Seat 3: a8e1e7c6 folded before Flop (didn't bet)
Seat 4: Hero (button) folded before Flop (didn't bet)
Seat 5: 64749902 (small blind) folded before Flop
Seat 6: ab6533a8 (big blind) collected ($0.04)


Poker Hand #HD1146162415: Hold'em No Limit  ($0.02/$0.05) - 2023/03/04 22:20:53
Table 'NLHBlue29' 6-max Seat #3 is the button
Seat 1: c09f167a ($7.7 in chips)
Seat 2: c9295a51 ($5.86 in chips)
Seat 3: a8e1e7c6 ($5 in chips)
Seat 4: Hero ($5 in chips)
Seat 5: 64749902 ($3.56 in chips)
Seat 6: ab6533a8 ($5.07 in chips)
Hero: posts small blind $0.02
64749902: posts big blind $0.05
*** HOLE CARDS ***
Dealt to c09f167a 
Dealt to c9295a51 
Dealt to a8e1e7c6 
Dealt to Hero [3c Ah]
Dealt to 64749902 
Dealt to ab6533a8 
ab6533a8: folds
c09f167a: folds
c9295a51: folds
a8e1e7c6: folds
Hero: raises $0.09 to $0.14
64749902: calls $0.09
*** FLOP *** [9h 6c Td]
Hero: checks
64749902: bets $0.21
Hero: folds
Uncalled bet ($0.21) returned to 64749902
*** SHOWDOWN ***
64749902 collected $0.27 from pot
*** SUMMARY ***
Total pot $0.28 | Rake $0.01 | Jackpot $0 | Bingo $0 | Fortune $0
Board [9h 6c Td]
Seat 1: c09f167a folded before Flop (didn't bet)
Seat 2: c9295a51 folded before Flop (didn't bet)
Seat 3: a8e1e7c6 (button) folded before Flop (didn't bet)
Seat 4: Hero (small blind) folded on the Flop
Seat 5: 64749902 (big blind) won ($0.27)
Seat 6: ab6533a8 folded before Flop (didn't bet)


Poker Hand #HD1146162350: Hold'em No Limit  ($0.02/$0.05) - 2023/03/04 22:20:22
Table 'NLHBlue29' 6-max Seat #2 is the button
Seat 1: c09f167a ($7.58 in chips)
Seat 2: c9295a51 ($5.86 in chips)
Seat 3: a8e1e7c6 ($5 in chips)
Seat 4: Hero ($5 in chips)
Seat 5: 64749902 ($3.61 in chips)
Seat 6: ab6533a8 ($5.07 in chips)
a8e1e7c6: posts small blind $0.02
Hero: posts big blind $0.05
*** HOLE CARDS ***
Dealt to c09f167a 
Dealt to c9295a51 
Dealt to a8e1e7c6 
Dealt to Hero [Kc 7d]
Dealt to 64749902 
Dealt to ab6533a8 
64749902: calls $0.05
ab6533a8: folds
c09f167a: raises $0.15 to $0.2
c9295a51: folds
a8e1e7c6: folds
Hero: folds
64749902: folds
Uncalled bet ($0.15) returned to c09f167a
*** SHOWDOWN ***
c09f167a collected $0.17 from pot
*** SUMMARY ***
Total pot $0.17 | Rake $0 | Jackpot $0 | Bingo $0 | Fortune $0
Seat 1: c09f167a collected ($0.17)
Seat 2: c9295a51 (button) folded before Flop (didn't bet)
Seat 3: a8e1e7c6 (small blind) folded before Flop
Seat 4: Hero (big blind) folded before Flop
Seat 5: 64749902 folded before Flop
Seat 6: ab6533a8 folded before Flop (didn't bet)


Poker Hand #HD1146162325: Hold'em No Limit  ($0.02/$0.05) - 2023/03/04 22:20:09
Table 'NLHBlue29' 6-max Seat #1 is the button
Seat 1: c09f167a ($7.58 in chips)
Seat 2: c9295a51 ($5.88 in chips)
Seat 3: a8e1e7c6 ($5 in chips)
Seat 4: Hero ($5 in chips)
Seat 5: 64749902 ($3.61 in chips)
Seat 6: ab6533a8 ($5 in chips)
c9295a51: posts small blind $0.02
a8e1e7c6: posts big blind $0.05
ab6533a8: posts big blind $0.05
*** HOLE CARDS ***
Dealt to c09f167a 
Dealt to c9295a51 
Dealt to a8e1e7c6 
Dealt to Hero [7h Qc]
Dealt to 64749902 
Dealt to ab6533a8 
Hero: folds
64749902: folds
ab6533a8: raises $0.12 to $0.17
c09f167a: folds
c9295a51: folds
a8e1e7c6: folds
Uncalled bet ($0.12) returned to ab6533a8
*** SHOWDOWN ***
ab6533a8 collected $0.12 from pot
*** SUMMARY ***
Total pot $0.12 | Rake $0 | Jackpot $0 | Bingo $0 | Fortune $0
Seat 1: c09f167a (button) folded before Flop (didn't bet)
Seat 2: c9295a51 (small blind) folded before Flop
Seat 3: a8e1e7c6 (big blind) folded before Flop
Seat 4: Hero folded before Flop (didn't bet)
Seat 5: 64749902 folded before Flop (didn't bet)
Seat 6: ab6533a8 collected ($0.12)


Poker Hand #HD1146162221: Hold'em No Limit  ($0.02/$0.05) - 2023/03/04 22:19:08
Table 'NLHBlue29' 6-max Seat #5 is the button
Seat 1: c09f167a ($7.6 in chips)
Seat 2: c9295a51 ($6 in chips)
Seat 3: a8e1e7c6 ($5 in chips)
Seat 4: Hero ($5.15 in chips)
Seat 5: 64749902 ($2.87 in chips)
c09f167a: posts small blind $0.02
c9295a51: posts big blind $0.05
*** HOLE CARDS ***
Dealt to c09f167a 
Dealt to c9295a51 
Dealt to a8e1e7c6 
Dealt to Hero [Qc Td]
Dealt to 64749902 
a8e1e7c6: folds
Hero: raises $0.07 to $0.12
64749902: calls $0.12
c09f167a: folds
c9295a51: calls $0.07
*** FLOP *** [Tc 8s 9d]
c9295a51: checks
Hero: bets $0.19
64749902: raises $0.36 to $0.55
c9295a51: folds
Hero: calls $0.36
*** TURN *** [Tc 8s 9d] [4c]
Hero: checks
64749902: checks
*** RIVER *** [Tc 8s 9d 4c] [6d]
Hero: checks
64749902: bets $1.48
Hero: folds
Uncalled bet ($1.48) returned to 64749902
*** SHOWDOWN ***
64749902 collected $1.41 from pot
*** SUMMARY ***
Total pot $1.48 | Rake $0.07 | Jackpot $0 | Bingo $0 | Fortune $0
Board [Tc 8s 9d 4c 6d]
Seat 1: c09f167a (small blind) folded before Flop
Seat 2: c9295a51 (big blind) folded on the Flop
Seat 3: a8e1e7c6 folded before Flop (didn't bet)
Seat 4: Hero folded on the River
Seat 5: 64749902 (button) won ($1.41)


Poker Hand #HD1146162173: Hold'em No Limit  ($0.02/$0.05) - 2023/03/04 22:18:43
Table 'NLHBlue29' 6-max Seat #4 is the button
Seat 1: c09f167a ($7.65 in chips)
Seat 2: c9295a51 ($6 in chips)
Seat 3: a8e1e7c6 ($5 in chips)
Seat 4: Hero ($5.15 in chips)
Seat 5: 64749902 ($2.72 in chips)
64749902: posts small blind $0.02
c09f167a: posts big blind $0.05
*** HOLE CARDS ***
Dealt to c09f167a 
Dealt to c9295a51 
Dealt to a8e1e7c6 
Dealt to Hero [Ad 8s]
Dealt to 64749902 
c9295a51: folds
a8e1e7c6: raises $0.06 to $0.11
Hero: folds
64749902: calls $0.09
c09f167a: folds
*** FLOP *** [4c 3s 6h]
64749902: bets $0.27
a8e1e7c6: folds
Uncalled bet ($0.27) returned to 64749902
*** SHOWDOWN ***
64749902 collected $0.26 from pot
*** SUMMARY ***
Total pot $0.27 | Rake $0.01 | Jackpot $0 | Bingo $0 | Fortune $0
Board [4c 3s 6h]
Seat 1: c09f167a (big blind) folded before Flop
Seat 2: c9295a51 folded before Flop (didn't bet)
Seat 3: a8e1e7c6 folded on the Flop
Seat 4: Hero (button) folded before Flop (didn't bet)
Seat 5: 64749902 (small blind) won ($0.26)


Poker Hand #HD1146162151: Hold'em No Limit  ($0.02/$0.05) - 2023/03/04 22:18:34
Table 'NLHBlue29' 6-max Seat #3 is the button
Seat 1: c09f167a ($7.65 in chips)
Seat 2: c9295a51 ($6 in chips)
Seat 3: a8e1e7c6 ($5 in chips)
Seat 4: Hero ($5.17 in chips)
Seat 5: 64749902 ($2.7 in chips)
Hero: posts small blind $0.02
64749902: posts big blind $0.05
*** HOLE CARDS ***
Dealt to c09f167a 
Dealt to c9295a51 
Dealt to a8e1e7c6 
Dealt to Hero [Qc 3h]
Dealt to 64749902 
c09f167a: folds
c9295a51: folds
a8e1e7c6: folds
Hero: folds
Uncalled bet ($0.03) returned to 64749902
*** SHOWDOWN ***
64749902 collected $0.04 from pot
*** SUMMARY ***
Total pot $0.04 | Rake $0 | Jackpot $0 | Bingo $0 | Fortune $0
Seat 1: c09f167a folded before Flop (didn't bet)
Seat 2: c9295a51 folded before Flop (didn't bet)
Seat 3: a8e1e7c6 (button) folded before Flop (didn't bet)
Seat 4: Hero (small blind) folded before Flop
Seat 5: 64749902 (big blind) collected ($0.04)


Poker Hand #HD1146162093: Hold'em No Limit  ($0.02/$0.05) - 2023/03/04 22:18:00
Table 'NLHBlue29' 6-max Seat #2 is the button
Seat 1: c09f167a ($7.65 in chips)
Seat 2: c9295a51 ($6 in chips)
Seat 3: a8e1e7c6 ($5.02 in chips)
Seat 4: Hero ($5.32 in chips)
Seat 5: 64749902 ($2.54 in chips)
a8e1e7c6: posts small blind $0.02
Hero: posts big blind $0.05
*** HOLE CARDS ***
Dealt to c09f167a 
Dealt to c9295a51 
Dealt to a8e1e7c6 
Dealt to Hero [7d 6d]
Dealt to 64749902 
64749902: raises $0.1 to $0.15
c09f167a: folds
c9295a51: folds
a8e1e7c6: folds
Hero: calls $0.1
*** FLOP *** [8c Kc Js]
Hero: checks
64749902: checks
*** TURN *** [8c Kc Js] [4c]
Hero: checks
64749902: bets $0.24
Hero: folds
Uncalled bet ($0.24) returned to 64749902
*** SHOWDOWN ***
64749902 collected $0.31 from pot
*** SUMMARY ***
Total pot $0.32 | Rake $0.01 | Jackpot $0 | Bingo $0 | Fortune $0
Board [8c Kc Js 4c]
Seat 1: c09f167a folded before Flop (didn't bet)
Seat 2: c9295a51 (button) folded before Flop (didn't bet)
Seat 3: a8e1e7c6 (small blind) folded before Flop
Seat 4: Hero (big blind) folded on the Turn
Seat 5: 64749902 won ($0.31)


Poker Hand #HD1146162068: Hold'em No Limit  ($0.02/$0.05) - 2023/03/04 22:17:50
Table 'NLHBlue29' 6-max Seat #1 is the button
Seat 1: c09f167a ($7.65 in chips)
Seat 2: c9295a51 ($6.02 in chips)
Seat 3: a8e1e7c6 ($5 in chips)
Seat 4: Hero ($5.32 in chips)
Seat 5: 64749902 ($2.54 in chips)
c9295a51: posts small blind $0.02
a8e1e7c6: posts big blind $0.05
*** HOLE CARDS ***
Dealt to c09f167a 
Dealt to c9295a51 
Dealt to a8e1e7c6 
Dealt to Hero [6s 2s]
Dealt to 64749902 
Hero: folds
64749902: folds
c09f167a: folds
c9295a51: folds
Uncalled bet ($0.03) returned to a8e1e7c6
*** SHOWDOWN ***
a8e1e7c6 collected $0.04 from pot
*** SUMMARY ***
Total pot $0.04 | Rake $0 | Jackpot $0 | Bingo $0 | Fortune $0
Seat 1: c09f167a (button) folded before Flop (didn't bet)
Seat 2: c9295a51 (small blind) folded before Flop
Seat 3: a8e1e7c6 (big blind) collected ($0.04)
Seat 4: Hero folded before Flop (didn't bet)
Seat 5: 64749902 folded before Flop (didn't bet)


Poker Hand #HD1146162015: Hold'em No Limit  ($0.02/$0.05) - 2023/03/04 22:17:18
Table 'NLHBlue29' 6-max Seat #5 is the button
Seat 1: c09f167a ($7.67 in chips)
Seat 2: c9295a51 ($6.07 in chips)
Seat 3: a8e1e7c6 ($5 in chips)
Seat 4: Hero ($5.32 in chips)
Seat 5: 64749902 ($2.47 in chips)
c09f167a: posts small blind $0.02
c9295a51: posts big blind $0.05
*** HOLE CARDS ***
Dealt to c09f167a 
Dealt to c9295a51 
Dealt to a8e1e7c6 
Dealt to Hero [2c Ks]
Dealt to 64749902 
a8e1e7c6: folds
Hero: folds
64749902: raises $0.1 to $0.15
c09f167a: folds
c9295a51: folds
Uncalled bet ($0.1) returned to 64749902
*** SHOWDOWN ***
64749902 collected $0.12 from pot
*** SUMMARY ***
Total pot $0.12 | Rake $0 | Jackpot $0 | Bingo $0 | Fortune $0
Seat 1: c09f167a (small blind) folded before Flop
Seat 2: c9295a51 (big blind) folded before Flop
Seat 3: a8e1e7c6 folded before Flop (didn't bet)
Seat 4: Hero folded before Flop (didn't bet)
Seat 5: 64749902 (button) collected ($0.12)


Poker Hand #HD1146161871: Hold'em No Limit  ($0.02/$0.05) - 2023/03/04 22:15:59
Table 'NLHBlue29' 6-max Seat #4 is the button
Seat 1: c09f167a ($5.19 in chips)
Seat 2: c9295a51 ($6.2 in chips)
Seat 3: a8e1e7c6 ($5 in chips)
Seat 4: Hero ($5.45 in chips)
Seat 5: 64749902 ($2.49 in chips)
Seat 6: eabd71cb ($2.51 in chips)
64749902: posts small blind $0.02
eabd71cb: posts big blind $0.05
*** HOLE CARDS ***
Dealt to c09f167a 
Dealt to c9295a51 
Dealt to a8e1e7c6 
Dealt to Hero [Jc Ks]
Dealt to 64749902 
Dealt to eabd71cb 
c09f167a: raises $0.08 to $0.13
c9295a51: calls $0.13
a8e1e7c6: folds
Hero: calls $0.13
64749902: folds
eabd71cb: raises $2.38 to $2.51 and is all-in
c09f167a: calls $2.38
c9295a51: folds
Hero: folds
eabd71cb: shows [As Qd]
c09f167a: shows [Kh Kc]
*** FLOP *** [8d 4h 4c]
*** TURN *** [8d 4h 4c] [5h]
*** RIVER *** [8d 4h 4c 5h] [Jh]
*** SHOWDOWN ***
c09f167a collected $4.99 from pot
*** SUMMARY ***
Total pot $5.3 | Rake $0.26 | Jackpot $0.05 | Bingo $0 | Fortune $0
Board [8d 4h 4c 5h Jh]
Seat 1: c09f167a showed [Kh Kc] and won ($4.99) with Pair of Kings and Pair of Fours
Seat 2: c9295a51 folded before Flop
Seat 3: a8e1e7c6 folded before Flop (didn't bet)
Seat 4: Hero (button) folded before Flop
Seat 5: 64749902 (small blind) folded before Flop
Seat 6: eabd71cb (big blind) showed [As Qd] and lost with Pair of Fours


Poker Hand #HD1146161800: Hold'em No Limit  ($0.02/$0.05) - 2023/03/04 22:15:22
Table 'NLHBlue29' 6-max Seat #3 is the button
Seat 1: c09f167a ($5.19 in chips)
Seat 2: c9295a51 ($5.34 in chips)
Seat 3: a8e1e7c6 ($5 in chips)
Seat 4: Hero ($5.47 in chips)
Seat 5: 64749902 ($3.47 in chips)
Seat 6: eabd71cb ($2.51 in chips)
Hero: posts small blind $0.02
64749902: posts big blind $0.05
*** HOLE CARDS ***
Dealt to c09f167a 
Dealt to c9295a51 
Dealt to a8e1e7c6 
Dealt to Hero [Qh 2h]
Dealt to 64749902 
Dealt to eabd71cb 
eabd71cb: folds
c09f167a: folds
c9295a51: raises $0.05 to $0.1
a8e1e7c6: folds
Hero: folds
64749902: calls $0.05
*** FLOP *** [Ks Ad 2d]
64749902: checks
c9295a51: checks
*** TURN *** [Ks Ad 2d] [6c]
64749902: bets $0.22
c9295a51: calls $0.22
*** RIVER *** [Ks Ad 2d 6c] [7d]
64749902: bets $0.66
c9295a51: calls $0.66
64749902: shows [Kc 4c] (Pair of Kings)
c9295a51: shows [Js Ah] (Pair of Aces)
eabd71cb: shows [9d 4d] (Ace High Flush)
*** SHOWDOWN ***
c9295a51 collected $1.84 from pot
*** SUMMARY ***
Total pot $1.98 | Rake $0.09 | Jackpot $0.05 | Bingo $0 | Fortune $0
Board [Ks Ad 2d 6c 7d]
Seat 1: c09f167a folded before Flop (didn't bet)
Seat 2: c9295a51 showed [Js Ah] and won ($1.84) with Pair of Aces
Seat 3: a8e1e7c6 (button) folded before Flop (didn't bet)
Seat 4: Hero (small blind) folded before Flop
Seat 5: 64749902 (big blind) showed [Kc 4c] and lost with Pair of Kings
Seat 6: eabd71cb folded before Flop (didn't bet)


Poker Hand #HD1146161731: Hold'em No Limit  ($0.02/$0.05) - 2023/03/04 22:14:46
Table 'NLHBlue29' 6-max Seat #2 is the button
Seat 1: c09f167a ($5 in chips)
Seat 2: c9295a51 ($5.47 in chips)
Seat 3: a8e1e7c6 ($5 in chips)
Seat 4: Hero ($5.52 in chips)
Seat 5: 64749902 ($3.47 in chips)
Seat 6: eabd71cb ($2.51 in chips)
a8e1e7c6: posts small blind $0.02
Hero: posts big blind $0.05
*** HOLE CARDS ***
Dealt to c09f167a 
Dealt to c9295a51 
Dealt to a8e1e7c6 
Dealt to Hero [6c 5s]
Dealt to 64749902 
Dealt to eabd71cb 
64749902: folds
eabd71cb: folds
c09f167a: raises $0.08 to $0.13
c9295a51: calls $0.13
a8e1e7c6: folds
Hero: folds
*** FLOP *** [Qd 3d Qc]
c09f167a: bets $0.18
c9295a51: folds
Uncalled bet ($0.18) returned to c09f167a
*** SHOWDOWN ***
c09f167a collected $0.32 from pot
*** SUMMARY ***
Total pot $0.33 | Rake $0.01 | Jackpot $0 | Bingo $0 | Fortune $0
Board [Qd 3d Qc]
Seat 1: c09f167a won ($0.32)
Seat 2: c9295a51 (button) folded on the Flop
Seat 3: a8e1e7c6 (small blind) folded before Flop
Seat 4: Hero (big blind) folded before Flop
Seat 5: 64749902 folded before Flop (didn't bet)
Seat 6: eabd71cb folded before Flop (didn't bet)


Poker Hand #HD1146161696: Hold'em No Limit  ($0.02/$0.05) - 2023/03/04 22:14:29
Table 'NLHBlue29' 6-max Seat #1 is the button
Seat 1: c09f167a ($5 in chips)
Seat 2: c9295a51 ($5.49 in chips)
Seat 3: a8e1e7c6 ($5 in chips)
Seat 4: Hero ($5.52 in chips)
Seat 5: 64749902 ($3.47 in chips)
Seat 6: eabd71cb ($2.44 in chips)
c9295a51: posts small blind $0.02
a8e1e7c6: posts big blind $0.05
*** HOLE CARDS ***
Dealt to c09f167a 
Dealt to c9295a51 
Dealt to a8e1e7c6 
Dealt to Hero [2c 3c]
Dealt to 64749902 
Dealt to eabd71cb 
Hero: folds
64749902: folds
eabd71cb: raises $0.05 to $0.1
c09f167a: folds
c9295a51: folds
a8e1e7c6: folds
Uncalled bet ($0.05) returned to eabd71cb
*** SHOWDOWN ***
eabd71cb collected $0.12 from pot
*** SUMMARY ***
Total pot $0.12 | Rake $0 | Jackpot $0 | Bingo $0 | Fortune $0
Seat 1: c09f167a (button) folded before Flop (didn't bet)
Seat 2: c9295a51 (small blind) folded before Flop
Seat 3: a8e1e7c6 (big blind) folded before Flop
Seat 4: Hero folded before Flop (didn't bet)
Seat 5: 64749902 folded before Flop (didn't bet)
Seat 6: eabd71cb collected ($0.12)


Poker Hand #HD1146161623: Hold'em No Limit  ($0.02/$0.05) - 2023/03/04 22:13:50
Table 'NLHBlue29' 6-max Seat #6 is the button
Seat 1: c09f167a ($5 in chips)
Seat 2: c9295a51 ($5.59 in chips)
Seat 3: a8e1e7c6 ($5 in chips)
Seat 4: Hero ($5.52 in chips)
Seat 5: 64749902 ($3.26 in chips)
Seat 6: eabd71cb ($2.44 in chips)
c09f167a: posts small blind $0.02
c9295a51: posts big blind $0.05
*** HOLE CARDS ***
Dealt to c09f167a 
Dealt to c9295a51 
Dealt to a8e1e7c6 
Dealt to Hero [Js 2s]
Dealt to 64749902 
Dealt to eabd71cb 
a8e1e7c6: raises $0.05 to $0.1
Hero: folds
64749902: calls $0.1
eabd71cb: folds
c09f167a: folds
c9295a51: calls $0.05
*** FLOP *** [Td Kd Ad]
c9295a51: checks
a8e1e7c6: checks
64749902: bets $0.24
c9295a51: folds
a8e1e7c6: folds
Uncalled bet ($0.24) returned to 64749902
*** SHOWDOWN ***
64749902 collected $0.31 from pot
*** SUMMARY ***
Total pot $0.32 | Rake $0.01 | Jackpot $0 | Bingo $0 | Fortune $0
Board [Td Kd Ad]
Seat 1: c09f167a (small blind) folded before Flop
Seat 2: c9295a51 (big blind) folded on the Flop
Seat 3: a8e1e7c6 folded on the Flop
Seat 4: Hero folded before Flop (didn't bet)
Seat 5: 64749902 won ($0.31)
Seat 6: eabd71cb (button) folded before Flop (didn't bet)


Poker Hand #HD1146161542: Hold'em No Limit  ($0.02/$0.05) - 2023/03/04 22:13:04
Table 'NLHBlue29' 6-max Seat #5 is the button
Seat 1: c09f167a ($5 in chips)
Seat 2: c9295a51 ($5.59 in chips)
Seat 3: a8e1e7c6 ($5 in chips)
Seat 4: Hero ($5.18 in chips)
Seat 5: 64749902 ($3.26 in chips)
Seat 6: eabd71cb ($2.46 in chips)
eabd71cb: posts small blind $0.02
c09f167a: posts big blind $0.05
*** HOLE CARDS ***
Dealt to c09f167a 
Dealt to c9295a51 
Dealt to a8e1e7c6 
Dealt to Hero [Tc Qc]
Dealt to 64749902 
Dealt to eabd71cb 
c9295a51: folds
a8e1e7c6: raises $0.05 to $0.1
Hero: raises $0.2 to $0.3
64749902: folds
eabd71cb: folds
c09f167a: folds
a8e1e7c6: calls $0.2
*** FLOP *** [8c 4c Jh]
a8e1e7c6: checks
Hero: bets $0.51
a8e1e7c6: folds
Uncalled bet ($0.51) returned to Hero
*** SHOWDOWN ***
Hero collected $0.64 from pot
*** SUMMARY ***
Total pot $0.67 | Rake $0.03 | Jackpot $0 | Bingo $0 | Fortune $0
Board [8c 4c Jh]
Seat 1: c09f167a (big blind) folded before Flop
Seat 2: c9295a51 folded before Flop (didn't bet)
Seat 3: a8e1e7c6 folded on the Flop
Seat 4: Hero won ($0.64)
Seat 5: 64749902 (button) folded before Flop (didn't bet)
Seat 6: eabd71cb (small blind) folded before Flop


Poker Hand #HD1146161415: Hold'em No Limit  ($0.02/$0.05) - 2023/03/04 22:12:04
Table 'NLHBlue29' 6-max Seat #4 is the button
Seat 1: c09f167a ($5 in chips)
Seat 2: c9295a51 ($5.59 in chips)
Seat 3: a8e1e7c6 ($5.07 in chips)
Seat 4: Hero ($5.18 in chips)
Seat 5: 64749902 ($3.11 in chips)
Seat 6: eabd71cb ($2.51 in chips)
64749902: posts small blind $0.02
eabd71cb: posts big blind $0.05
*** HOLE CARDS ***
Dealt to c09f167a 
Dealt to c9295a51 
Dealt to a8e1e7c6 
Dealt to Hero [Kd 9h]
Dealt to 64749902 
Dealt to eabd71cb 
c09f167a: folds
c9295a51: folds
a8e1e7c6: raises $0.06 to $0.11
Hero: folds
64749902: calls $0.09
eabd71cb: folds
*** FLOP *** [5h 4c 8h]
64749902: checks
a8e1e7c6: checks
*** TURN *** [5h 4c 8h] [2s]
64749902: checks
a8e1e7c6: checks
*** RIVER *** [5h 4c 8h 2s] [Ah]
64749902: bets $0.21
a8e1e7c6: folds
Uncalled bet ($0.21) returned to 64749902
*** SHOWDOWN ***
64749902 collected $0.26 from pot
*** SUMMARY ***
Total pot $0.27 | Rake $0.01 | Jackpot $0 | Bingo $0 | Fortune $0
Board [5h 4c 8h 2s Ah]
Seat 1: c09f167a folded before Flop (didn't bet)
Seat 2: c9295a51 folded before Flop (didn't bet)
Seat 3: a8e1e7c6 folded on the River
Seat 4: Hero (button) folded before Flop (didn't bet)
Seat 5: 64749902 (small blind) won ($0.26)
Seat 6: eabd71cb (big blind) folded before Flop


Poker Hand #HD1146161348: Hold'em No Limit  ($0.02/$0.05) - 2023/03/04 22:11:29
Table 'NLHBlue29' 6-max Seat #3 is the button
Seat 1: c09f167a ($5 in chips)
Seat 2: c9295a51 ($5.59 in chips)
Seat 3: a8e1e7c6 ($5.07 in chips)
Seat 4: Hero ($5.05 in chips)
Seat 5: 64749902 ($3.25 in chips)
Hero: posts small blind $0.02
64749902: posts big blind $0.05
*** HOLE CARDS ***
Dealt to c09f167a 
Dealt to c9295a51 
Dealt to a8e1e7c6 
Dealt to Hero [3c 3s]
Dealt to 64749902 
c09f167a: folds
c9295a51: folds
a8e1e7c6: folds
Hero: raises $0.09 to $0.14
64749902: calls $0.09
*** FLOP *** [2s 9h 5h]
Hero: bets $0.1
64749902: folds
Uncalled bet ($0.1) returned to Hero
*** SHOWDOWN ***
Hero collected $0.27 from pot
*** SUMMARY ***
Total pot $0.28 | Rake $0.01 | Jackpot $0 | Bingo $0 | Fortune $0
Board [2s 9h 5h]
Seat 1: c09f167a folded before Flop (didn't bet)
Seat 2: c9295a51 folded before Flop (didn't bet)
Seat 3: a8e1e7c6 (button) folded before Flop (didn't bet)
Seat 4: Hero (small blind) won ($0.27)
Seat 5: 64749902 (big blind) folded on the Flop


Poker Hand #HD1146161326: Hold'em No Limit  ($0.02/$0.05) - 2023/03/04 22:11:18
Table 'NLHBlue29' 6-max Seat #2 is the button
Seat 1: c09f167a ($5 in chips)
Seat 2: c9295a51 ($5.59 in chips)
Seat 3: a8e1e7c6 ($5.02 in chips)
Seat 4: Hero ($5 in chips)
a8e1e7c6: posts small blind $0.02
Hero: posts big blind $0.05
*** HOLE CARDS ***
Dealt to c09f167a 
Dealt to c9295a51 
Dealt to a8e1e7c6 
Dealt to Hero [Jc 2s]
c09f167a: folds
c9295a51: folds
a8e1e7c6: raises $0.1 to $0.15
Hero: folds
Uncalled bet ($0.1) returned to a8e1e7c6
*** SHOWDOWN ***
a8e1e7c6 collected $0.1 from pot
*** SUMMARY ***
Total pot $0.1 | Rake $0 | Jackpot $0 | Bingo $0 | Fortune $0
Seat 1: c09f167a folded before Flop (didn't bet)
Seat 2: c9295a51 (button) folded before Flop (didn't bet)
Seat 3: a8e1e7c6 (small blind) collected ($0.1)
Seat 4: Hero (big blind) folded before Flop


