Poker Hand #HD1161409568: Hold'em No Limit  ($0.02/$0.05) - 2023/03/15 16:17:19
Table 'NLHBlue81' 6-max Seat #2 is the button
Seat 1: 8f1425f9 ($7.9 in chips)
Seat 2: 477f1a70 ($6.36 in chips)
Seat 3: 7277f951 ($4.04 in chips)
Seat 4: 8df866f9 ($5.36 in chips)
Seat 5: Hero ($5 in chips)
Seat 6: c5360bc5 ($5.44 in chips)
7277f951: posts small blind $0.02
8df866f9: posts big blind $0.05
*** HOLE CARDS ***
Dealt to 8f1425f9 
Dealt to 477f1a70 
Dealt to 7277f951 
Dealt to 8df866f9 
Dealt to Hero [7d Jc]
Dealt to c5360bc5 
Hero: folds
c5360bc5: folds
8f1425f9: folds
477f1a70: folds
7277f951: folds
Uncalled bet ($0.03) returned to 8df866f9
*** SHOWDOWN ***
8df866f9 collected $0.04 from pot
*** SUMMARY ***
Total pot $0.04 | Rake $0 | Jackpot $0 | Bingo $0 | Fortune $0
Seat 1: 8f1425f9 folded before Flop (didn't bet)
Seat 2: 477f1a70 (button) folded before Flop (didn't bet)
Seat 3: 7277f951 (small blind) folded before Flop
Seat 4: 8df866f9 (big blind) collected ($0.04)
Seat 5: Hero folded before Flop (didn't bet)
Seat 6: c5360bc5 folded before Flop (didn't bet)


Poker Hand #HD1161409500: Hold'em No Limit  ($0.02/$0.05) - 2023/03/15 16:16:55
Table 'NLHBlue81' 6-max Seat #1 is the button
Seat 1: 8f1425f9 ($7.9 in chips)
Seat 2: 477f1a70 ($6.38 in chips)
Seat 3: 7277f951 ($4.09 in chips)
Seat 4: 8df866f9 ($5.29 in chips)
Seat 5: Hero ($5 in chips)
Seat 6: c5360bc5 ($5.44 in chips)
477f1a70: posts small blind $0.02
7277f951: posts big blind $0.05
*** HOLE CARDS ***
Dealt to 8f1425f9 
Dealt to 477f1a70 
Dealt to 7277f951 
Dealt to 8df866f9 
Dealt to Hero [9d 5h]
Dealt to c5360bc5 
8df866f9: raises $0.08 to $0.13
Hero: folds
c5360bc5: folds
8f1425f9: folds
477f1a70: folds
7277f951: folds
Uncalled bet ($0.08) returned to 8df866f9
*** SHOWDOWN ***
8df866f9 collected $0.12 from pot
*** SUMMARY ***
Total pot $0.12 | Rake $0 | Jackpot $0 | Bingo $0 | Fortune $0
Seat 1: 8f1425f9 (button) folded before Flop (didn't bet)
Seat 2: 477f1a70 (small blind) folded before Flop
Seat 3: 7277f951 (big blind) folded before Flop
Seat 4: 8df866f9 collected ($0.12)
Seat 5: Hero folded before Flop (didn't bet)
Seat 6: c5360bc5 folded before Flop (didn't bet)


Poker Hand #HD1161409438: Hold'em No Limit  ($0.02/$0.05) - 2023/03/15 16:16:32
Table 'NLHBlue81' 6-max Seat #6 is the button
Seat 1: 8f1425f9 ($7.92 in chips)
Seat 2: 477f1a70 ($6.36 in chips)
Seat 3: 7277f951 ($4.09 in chips)
Seat 4: 8df866f9 ($5.29 in chips)
Seat 5: Hero ($5 in chips)
Seat 6: c5360bc5 ($5.44 in chips)
8f1425f9: posts small blind $0.02
477f1a70: posts big blind $0.05
*** HOLE CARDS ***
Dealt to 8f1425f9 
Dealt to 477f1a70 
Dealt to 7277f951 
Dealt to 8df866f9 
Dealt to Hero [8h 5h]
Dealt to c5360bc5 
7277f951: folds
8df866f9: folds
Hero: folds
c5360bc5: folds
8f1425f9: folds
Uncalled bet ($0.03) returned to 477f1a70
*** SHOWDOWN ***
477f1a70 collected $0.04 from pot
*** SUMMARY ***
Total pot $0.04 | Rake $0 | Jackpot $0 | Bingo $0 | Fortune $0
Seat 1: 8f1425f9 (small blind) folded before Flop
Seat 2: 477f1a70 (big blind) collected ($0.04)
Seat 3: 7277f951 folded before Flop (didn't bet)
Seat 4: 8df866f9 folded before Flop (didn't bet)
Seat 5: Hero folded before Flop (didn't bet)
Seat 6: c5360bc5 (button) folded before Flop (didn't bet)


Poker Hand #HD1161409392: Hold'em No Limit  ($0.02/$0.05) - 2023/03/15 16:16:15
Table 'NLHBlue81' 6-max Seat #5 is the button
Seat 1: 8f1425f9 ($7.97 in chips)
Seat 2: 477f1a70 ($6.36 in chips)
Seat 3: 7277f951 ($4.09 in chips)
Seat 4: 8df866f9 ($5.22 in chips)
Seat 5: Hero ($5 in chips)
Seat 6: c5360bc5 ($5.46 in chips)
c5360bc5: posts small blind $0.02
8f1425f9: posts big blind $0.05
*** HOLE CARDS ***
Dealt to 8f1425f9 
Dealt to 477f1a70 
Dealt to 7277f951 
Dealt to 8df866f9 
Dealt to Hero [4c Kd]
Dealt to c5360bc5 
477f1a70: folds
7277f951: folds
8df866f9: raises $0.08 to $0.13
Hero: folds
c5360bc5: folds
8f1425f9: folds
Uncalled bet ($0.08) returned to 8df866f9
*** SHOWDOWN ***
8df866f9 collected $0.12 from pot
*** SUMMARY ***
Total pot $0.12 | Rake $0 | Jackpot $0 | Bingo $0 | Fortune $0
Seat 1: 8f1425f9 (big blind) folded before Flop
Seat 2: 477f1a70 folded before Flop (didn't bet)
Seat 3: 7277f951 folded before Flop (didn't bet)
Seat 4: 8df866f9 collected ($0.12)
Seat 5: Hero (button) folded before Flop (didn't bet)
Seat 6: c5360bc5 (small blind) folded before Flop


Poker Hand #HD1161409351: Hold'em No Limit  ($0.02/$0.05) - 2023/03/15 16:16:01
Table 'NLHBlue81' 6-max Seat #4 is the button
Seat 1: 8f1425f9 ($7.97 in chips)
Seat 2: 477f1a70 ($6.36 in chips)
Seat 3: 7277f951 ($4.09 in chips)
Seat 4: 8df866f9 ($5.22 in chips)
Seat 5: Hero ($5 in chips)
Seat 6: c5360bc5 ($5.44 in chips)
Hero: posts small blind $0.02
c5360bc5: posts big blind $0.05
*** HOLE CARDS ***
Dealt to 8f1425f9 
Dealt to 477f1a70 
Dealt to 7277f951 
Dealt to 8df866f9 
Dealt to Hero [7s 8d]
Dealt to c5360bc5 
8f1425f9: folds
477f1a70: folds
7277f951: folds
8df866f9: folds
Hero: folds
Uncalled bet ($0.03) returned to c5360bc5
*** SHOWDOWN ***
c5360bc5 collected $0.04 from pot
*** SUMMARY ***
Total pot $0.04 | Rake $0 | Jackpot $0 | Bingo $0 | Fortune $0
Seat 1: 8f1425f9 folded before Flop (didn't bet)
Seat 2: 477f1a70 folded before Flop (didn't bet)
Seat 3: 7277f951 folded before Flop (didn't bet)
Seat 4: 8df866f9 (button) folded before Flop (didn't bet)
Seat 5: Hero (small blind) folded before Flop
Seat 6: c5360bc5 (big blind) collected ($0.04)


Poker Hand #HD1161409200: Hold'em No Limit  ($0.02/$0.05) - 2023/03/15 16:14:59
Table 'NLHBlue81' 6-max Seat #3 is the button
Seat 1: 8f1425f9 ($7.97 in chips)
Seat 2: 477f1a70 ($6.24 in chips)
Seat 3: 7277f951 ($4.09 in chips)
Seat 4: 8df866f9 ($5.24 in chips)
Seat 5: Hero ($5.07 in chips)
Seat 6: c5360bc5 ($5.44 in chips)
8df866f9: posts small blind $0.02
Hero: posts big blind $0.05
*** HOLE CARDS ***
Dealt to 8f1425f9 
Dealt to 477f1a70 
Dealt to 7277f951 
Dealt to 8df866f9 
Dealt to Hero [Js 9d]
Dealt to c5360bc5 
c5360bc5: folds
8f1425f9: folds
477f1a70: raises $0.06 to $0.11
7277f951: folds
8df866f9: folds
Hero: calls $0.06
*** FLOP *** [5d 8h 6d]
Hero: checks
477f1a70: checks
*** TURN *** [5d 8h 6d] [5c]
Hero: checks
477f1a70: checks
*** RIVER *** [5d 8h 6d 5c] [5s]
Hero: checks
477f1a70: checks
Hero: shows [Js 9d] (Three Fives)
477f1a70: shows [Jd As] (Three Fives)
*** SHOWDOWN ***
477f1a70 collected $0.23 from pot
*** SUMMARY ***
Total pot $0.24 | Rake $0.01 | Jackpot $0 | Bingo $0 | Fortune $0
Board [5d 8h 6d 5c 5s]
Seat 1: 8f1425f9 folded before Flop (didn't bet)
Seat 2: 477f1a70 showed [Jd As] and won ($0.23) with Three Fives
Seat 3: 7277f951 (button) folded before Flop (didn't bet)
Seat 4: 8df866f9 (small blind) folded before Flop
Seat 5: Hero (big blind) showed [Js 9d] and lost with Three Fives
Seat 6: c5360bc5 folded before Flop (didn't bet)


Poker Hand #HD1161409129: Hold'em No Limit  ($0.02/$0.05) - 2023/03/15 16:14:35
Table 'NLHBlue81' 6-max Seat #2 is the button
Seat 1: 8f1425f9 ($7.97 in chips)
Seat 2: 477f1a70 ($6.24 in chips)
Seat 3: 7277f951 ($4.11 in chips)
Seat 4: 8df866f9 ($5.22 in chips)
Seat 5: Hero ($5.07 in chips)
Seat 6: c5360bc5 ($5.44 in chips)
7277f951: posts small blind $0.02
8df866f9: posts big blind $0.05
*** HOLE CARDS ***
Dealt to 8f1425f9 
Dealt to 477f1a70 
Dealt to 7277f951 
Dealt to 8df866f9 
Dealt to Hero [Jh 8s]
Dealt to c5360bc5 
Hero: folds
c5360bc5: folds
8f1425f9: folds
477f1a70: folds
7277f951: folds
Uncalled bet ($0.03) returned to 8df866f9
*** SHOWDOWN ***
8df866f9 collected $0.04 from pot
*** SUMMARY ***
Total pot $0.04 | Rake $0 | Jackpot $0 | Bingo $0 | Fortune $0
Seat 1: 8f1425f9 folded before Flop (didn't bet)
Seat 2: 477f1a70 (button) folded before Flop (didn't bet)
Seat 3: 7277f951 (small blind) folded before Flop
Seat 4: 8df866f9 (big blind) collected ($0.04)
Seat 5: Hero folded before Flop (didn't bet)
Seat 6: c5360bc5 folded before Flop (didn't bet)


Poker Hand #HD1161408975: Hold'em No Limit  ($0.02/$0.05) - 2023/03/15 16:13:44
Table 'NLHBlue81' 6-max Seat #1 is the button
Seat 1: 8f1425f9 ($7.83 in chips)
Seat 2: 477f1a70 ($6.26 in chips)
Seat 3: 7277f951 ($4.24 in chips)
Seat 4: 8df866f9 ($5.22 in chips)
Seat 5: Hero ($5.07 in chips)
Seat 6: c5360bc5 ($5.44 in chips)
477f1a70: posts small blind $0.02
7277f951: posts big blind $0.05
*** HOLE CARDS ***
Dealt to 8f1425f9 
Dealt to 477f1a70 
Dealt to 7277f951 
Dealt to 8df866f9 
Dealt to Hero [7h 8s]
Dealt to c5360bc5 
8df866f9: folds
Hero: folds
c5360bc5: folds
8f1425f9: raises $0.08 to $0.13
477f1a70: folds
7277f951: calls $0.08
*** FLOP *** [Td 7c Qc]
7277f951: checks
8f1425f9: bets $0.12
7277f951: folds
Uncalled bet ($0.12) returned to 8f1425f9
*** SHOWDOWN ***
8f1425f9 collected $0.27 from pot
*** SUMMARY ***
Total pot $0.28 | Rake $0.01 | Jackpot $0 | Bingo $0 | Fortune $0
Board [Td 7c Qc]
Seat 1: 8f1425f9 (button) won ($0.27)
Seat 2: 477f1a70 (small blind) folded before Flop
Seat 3: 7277f951 (big blind) folded on the Flop
Seat 4: 8df866f9 folded before Flop (didn't bet)
Seat 5: Hero folded before Flop (didn't bet)
Seat 6: c5360bc5 folded before Flop (didn't bet)


Poker Hand #HD1161408910: Hold'em No Limit  ($0.02/$0.05) - 2023/03/15 16:13:19
Table 'NLHBlue81' 6-max Seat #6 is the button
Seat 1: 8f1425f9 ($7.85 in chips)
Seat 2: 477f1a70 ($6.31 in chips)
Seat 3: 7277f951 ($4.24 in chips)
Seat 4: 8df866f9 ($5.22 in chips)
Seat 5: Hero ($5 in chips)
Seat 6: c5360bc5 ($5.44 in chips)
8f1425f9: posts small blind $0.02
477f1a70: posts big blind $0.05
*** HOLE CARDS ***
Dealt to 8f1425f9 
Dealt to 477f1a70 
Dealt to 7277f951 
Dealt to 8df866f9 
Dealt to Hero [Ac Kc]
Dealt to c5360bc5 
7277f951: folds
8df866f9: folds
Hero: raises $0.07 to $0.12
c5360bc5: folds
8f1425f9: folds
477f1a70: folds
Uncalled bet ($0.07) returned to Hero
*** SHOWDOWN ***
Hero collected $0.12 from pot
*** SUMMARY ***
Total pot $0.12 | Rake $0 | Jackpot $0 | Bingo $0 | Fortune $0
Seat 1: 8f1425f9 (small blind) folded before Flop
Seat 2: 477f1a70 (big blind) folded before Flop
Seat 3: 7277f951 folded before Flop (didn't bet)
Seat 4: 8df866f9 folded before Flop (didn't bet)
Seat 5: Hero collected ($0.12)
Seat 6: c5360bc5 (button) folded before Flop (didn't bet)


Poker Hand #HD1161408796: Hold'em No Limit  ($0.02/$0.05) - 2023/03/15 16:12:37
Table 'NLHBlue81' 6-max Seat #5 is the button
Seat 1: 8f1425f9 ($7.72 in chips)
Seat 2: 477f1a70 ($6.31 in chips)
Seat 3: 7277f951 ($4.24 in chips)
Seat 4: 8df866f9 ($5.22 in chips)
Seat 5: Hero ($5 in chips)
Seat 6: c5360bc5 ($5.46 in chips)
c5360bc5: posts small blind $0.02
8f1425f9: posts big blind $0.05
*** HOLE CARDS ***
Dealt to 8f1425f9 
Dealt to 477f1a70 
Dealt to 7277f951 
Dealt to 8df866f9 
Dealt to Hero [7h Qh]
Dealt to c5360bc5 
477f1a70: folds
7277f951: folds
8df866f9: folds
Hero: raises $0.07 to $0.12
c5360bc5: folds
8f1425f9: calls $0.07
*** FLOP *** [6s 5h Ac]
8f1425f9: bets $0.15
Hero: folds
Uncalled bet ($0.15) returned to 8f1425f9
*** SHOWDOWN ***
8f1425f9 collected $0.25 from pot
*** SUMMARY ***
Total pot $0.26 | Rake $0.01 | Jackpot $0 | Bingo $0 | Fortune $0
Board [6s 5h Ac]
Seat 1: 8f1425f9 (big blind) won ($0.25)
Seat 2: 477f1a70 folded before Flop (didn't bet)
Seat 3: 7277f951 folded before Flop (didn't bet)
Seat 4: 8df866f9 folded before Flop (didn't bet)
Seat 5: Hero (button) folded on the Flop
Seat 6: c5360bc5 (small blind) folded before Flop


Poker Hand #HD1161408613: Hold'em No Limit  ($0.02/$0.05) - 2023/03/15 16:11:30
Table 'NLHBlue81' 6-max Seat #4 is the button
Seat 1: 8f1425f9 ($7.72 in chips)
Seat 2: 477f1a70 ($6.8 in chips)
Seat 3: 7277f951 ($4.24 in chips)
Seat 4: 8df866f9 ($5.22 in chips)
Seat 5: Hero ($5 in chips)
Seat 6: c5360bc5 ($5 in chips)
Hero: posts small blind $0.02
c5360bc5: posts big blind $0.05
*** HOLE CARDS ***
Dealt to 8f1425f9 
Dealt to 477f1a70 
Dealt to 7277f951 
Dealt to 8df866f9 
Dealt to Hero [9d Qh]
Dealt to c5360bc5 
8f1425f9: folds
477f1a70: raises $0.06 to $0.11
7277f951: folds
8df866f9: folds
Hero: folds
c5360bc5: calls $0.06
*** FLOP *** [5c 7c Jd]
c5360bc5: checks
477f1a70: bets $0.08
c5360bc5: calls $0.08
*** TURN *** [5c 7c Jd] [9c]
c5360bc5: checks
477f1a70: checks
*** RIVER *** [5c 7c Jd 9c] [Th]
c5360bc5: checks
477f1a70: bets $0.3
c5360bc5: calls $0.3
477f1a70: shows [Js 8s] (Jacks-High Straight)
c5360bc5: shows [Ks Qd] (Kings-High Straight)
*** SHOWDOWN ***
c5360bc5 collected $0.95 from pot
*** SUMMARY ***
Total pot $1 | Rake $0.05 | Jackpot $0 | Bingo $0 | Fortune $0
Board [5c 7c Jd 9c Th]
Seat 1: 8f1425f9 folded before Flop (didn't bet)
Seat 2: 477f1a70 showed [Js 8s] and lost with Jacks-High Straight
Seat 3: 7277f951 folded before Flop (didn't bet)
Seat 4: 8df866f9 (button) folded before Flop (didn't bet)
Seat 5: Hero (small blind) folded before Flop
Seat 6: c5360bc5 (big blind) showed [Ks Qd] and won ($0.95) with Kings-High Straight


Poker Hand #HD1161408541: Hold'em No Limit  ($0.02/$0.05) - 2023/03/15 16:11:06
Table 'NLHBlue81' 6-max Seat #3 is the button
Seat 1: 8f1425f9 ($7.72 in chips)
Seat 2: 477f1a70 ($6.73 in chips)
Seat 3: 7277f951 ($4.24 in chips)
Seat 4: 8df866f9 ($5.24 in chips)
Seat 5: Hero ($5 in chips)
8df866f9: posts small blind $0.02
Hero: posts big blind $0.05
*** HOLE CARDS ***
Dealt to 8f1425f9 
Dealt to 477f1a70 
Dealt to 7277f951 
Dealt to 8df866f9 
Dealt to Hero [9s 3h]
8f1425f9: folds
477f1a70: raises $0.06 to $0.11
7277f951: folds
8df866f9: folds
Hero: folds
Uncalled bet ($0.06) returned to 477f1a70
*** SHOWDOWN ***
477f1a70 collected $0.12 from pot
*** SUMMARY ***
Total pot $0.12 | Rake $0 | Jackpot $0 | Bingo $0 | Fortune $0
Seat 1: 8f1425f9 folded before Flop (didn't bet)
Seat 2: 477f1a70 collected ($0.12)
Seat 3: 7277f951 (button) folded before Flop (didn't bet)
Seat 4: 8df866f9 (small blind) folded before Flop
Seat 5: Hero (big blind) folded before Flop


