Poker Hand #HD1163284055: Hold'em No Limit  ($0.02/$0.05) - 2023/03/16 22:27:02
Table 'NLHBlue28' 6-max Seat #5 is the button
Seat 1: Hero ($5.37 in chips)
Seat 2: 22bd59d ($7.22 in chips)
Seat 3: 5804e5bf ($4.16 in chips)
Seat 5: f4d041b9 ($5.19 in chips)
Seat 6: 32d7c44c ($5.47 in chips)
32d7c44c: posts small blind $0.02
Hero: posts big blind $0.05
*** HOLE CARDS ***
Dealt to Hero [5h 5c]
Dealt to 22bd59d 
Dealt to 5804e5bf 
Dealt to f4d041b9 
Dealt to 32d7c44c 
22bd59d: folds
5804e5bf: folds
f4d041b9: raises $0.08 to $0.13
32d7c44c: folds
Hero: folds
Uncalled bet ($0.08) returned to f4d041b9
*** SHOWDOWN ***
f4d041b9 collected $0.12 from pot
*** SUMMARY ***
Total pot $0.12 | Rake $0 | Jackpot $0 | Bingo $0 | Fortune $0
Seat 1: Hero (big blind) folded before Flop
Seat 2: 22bd59d folded before Flop (didn't bet)
Seat 3: 5804e5bf folded before Flop (didn't bet)
Seat 5: f4d041b9 (button) collected ($0.12)
Seat 6: 32d7c44c (small blind) folded before Flop


Poker Hand #HD1163284034: Hold'em No Limit  ($0.02/$0.05) - 2023/03/16 22:26:51
Table 'NLHBlue28' 6-max Seat #3 is the button
Seat 1: Hero ($5.37 in chips)
Seat 2: 22bd59d ($7.22 in chips)
Seat 3: 5804e5bf ($4.16 in chips)
Seat 5: f4d041b9 ($5.21 in chips)
Seat 6: 32d7c44c ($5.45 in chips)
f4d041b9: posts small blind $0.02
32d7c44c: posts big blind $0.05
*** HOLE CARDS ***
Dealt to Hero [Ac 4s]
Dealt to 22bd59d 
Dealt to 5804e5bf 
Dealt to f4d041b9 
Dealt to 32d7c44c 
Hero: folds
22bd59d: folds
5804e5bf: folds
f4d041b9: folds
Uncalled bet ($0.03) returned to 32d7c44c
*** SHOWDOWN ***
32d7c44c collected $0.04 from pot
*** SUMMARY ***
Total pot $0.04 | Rake $0 | Jackpot $0 | Bingo $0 | Fortune $0
Seat 1: Hero folded before Flop (didn't bet)
Seat 2: 22bd59d folded before Flop (didn't bet)
Seat 3: 5804e5bf (button) folded before Flop (didn't bet)
Seat 5: f4d041b9 (small blind) folded before Flop
Seat 6: 32d7c44c (big blind) collected ($0.04)


Poker Hand #HD1163283860: Hold'em No Limit  ($0.02/$0.05) - 2023/03/16 22:25:30
Table 'NLHBlue28' 6-max Seat #2 is the button
Seat 1: Hero ($5.37 in chips)
Seat 2: 22bd59d ($7.43 in chips)
Seat 3: 5804e5bf ($4.18 in chips)
Seat 5: f4d041b9 ($5 in chips)
Seat 6: 32d7c44c ($5.45 in chips)
5804e5bf: posts small blind $0.02
f4d041b9: posts big blind $0.05
*** HOLE CARDS ***
Dealt to Hero [5s 3s]
Dealt to 22bd59d 
Dealt to 5804e5bf 
Dealt to f4d041b9 
Dealt to 32d7c44c 
32d7c44c: folds
Hero: folds
22bd59d: raises $0.05 to $0.1
5804e5bf: folds
f4d041b9: calls $0.05
*** FLOP *** [Kh Ac 5h]
f4d041b9: checks
22bd59d: bets $0.11
f4d041b9: calls $0.11
*** TURN *** [Kh Ac 5h] [9d]
f4d041b9: checks
22bd59d: checks
*** RIVER *** [Kh Ac 5h 9d] [7c]
f4d041b9: bets $0.22
22bd59d: folds
Uncalled bet ($0.22) returned to f4d041b9
*** SHOWDOWN ***
f4d041b9 collected $0.42 from pot
*** SUMMARY ***
Total pot $0.44 | Rake $0.02 | Jackpot $0 | Bingo $0 | Fortune $0
Board [Kh Ac 5h 9d 7c]
Seat 1: Hero folded before Flop (didn't bet)
Seat 2: 22bd59d (button) folded on the River
Seat 3: 5804e5bf (small blind) folded before Flop
Seat 5: f4d041b9 (big blind) won ($0.42)
Seat 6: 32d7c44c folded before Flop (didn't bet)


Poker Hand #HD1163283843: Hold'em No Limit  ($0.02/$0.05) - 2023/03/16 22:25:14
Table 'NLHBlue28' 6-max Seat #1 is the button
Seat 1: Hero ($5.3 in chips)
Seat 2: 22bd59d ($7.45 in chips)
Seat 3: 5804e5bf ($4.23 in chips)
Seat 5: f4d041b9 ($5 in chips)
Seat 6: 32d7c44c ($5.45 in chips)
22bd59d: posts small blind $0.02
5804e5bf: posts big blind $0.05
*** HOLE CARDS ***
Dealt to Hero [5s As]
Dealt to 22bd59d 
Dealt to 5804e5bf 
Dealt to f4d041b9 
Dealt to 32d7c44c 
f4d041b9: folds
32d7c44c: folds
Hero: raises $0.07 to $0.12
22bd59d: folds
5804e5bf: folds
Uncalled bet ($0.07) returned to Hero
*** SHOWDOWN ***
Hero collected $0.12 from pot
*** SUMMARY ***
Total pot $0.12 | Rake $0 | Jackpot $0 | Bingo $0 | Fortune $0
Seat 1: Hero (button) collected ($0.12)
Seat 2: 22bd59d (small blind) folded before Flop
Seat 3: 5804e5bf (big blind) folded before Flop
Seat 5: f4d041b9 folded before Flop (didn't bet)
Seat 6: 32d7c44c folded before Flop (didn't bet)


Poker Hand #HD1163283814: Hold'em No Limit  ($0.02/$0.05) - 2023/03/16 22:25:04
Table 'NLHBlue28' 6-max Seat #6 is the button
Seat 1: Hero ($5.32 in chips)
Seat 2: 22bd59d ($7.43 in chips)
Seat 3: 5804e5bf ($4.23 in chips)
Seat 5: f4d041b9 ($5 in chips)
Seat 6: 32d7c44c ($5.45 in chips)
Hero: posts small blind $0.02
22bd59d: posts big blind $0.05
*** HOLE CARDS ***
Dealt to Hero [9h 2h]
Dealt to 22bd59d 
Dealt to 5804e5bf 
Dealt to f4d041b9 
Dealt to 32d7c44c 
5804e5bf: folds
f4d041b9: folds
32d7c44c: folds
Hero: folds
Uncalled bet ($0.03) returned to 22bd59d
*** SHOWDOWN ***
22bd59d collected $0.04 from pot
*** SUMMARY ***
Total pot $0.04 | Rake $0 | Jackpot $0 | Bingo $0 | Fortune $0
Seat 1: Hero (small blind) folded before Flop
Seat 2: 22bd59d (big blind) collected ($0.04)
Seat 3: 5804e5bf folded before Flop (didn't bet)
Seat 5: f4d041b9 folded before Flop (didn't bet)
Seat 6: 32d7c44c (button) folded before Flop (didn't bet)


Poker Hand #HD1163283732: Hold'em No Limit  ($0.02/$0.05) - 2023/03/16 22:24:23
Table 'NLHBlue28' 6-max Seat #5 is the button
Seat 1: Hero ($5.21 in chips)
Seat 2: 22bd59d ($7.43 in chips)
Seat 3: 5804e5bf ($4.23 in chips)
Seat 5: f4d041b9 ($5 in chips)
Seat 6: 32d7c44c ($5.57 in chips)
32d7c44c: posts small blind $0.02
Hero: posts big blind $0.05
*** HOLE CARDS ***
Dealt to Hero [6s Ks]
Dealt to 22bd59d 
Dealt to 5804e5bf 
Dealt to f4d041b9 
Dealt to 32d7c44c 
22bd59d: folds
5804e5bf: folds
f4d041b9: folds
32d7c44c: raises $0.07 to $0.12
Hero: calls $0.07
*** FLOP *** [3d 8s 8h]
32d7c44c: checks
Hero: checks
*** TURN *** [3d 8s 8h] [Qh]
32d7c44c: checks
Hero: checks
*** RIVER *** [3d 8s 8h Qh] [Th]
32d7c44c: checks
Hero: checks
32d7c44c: shows [Jd 5d] (Pair of Eights)
Hero: shows [6s Ks] (Pair of Eights)
*** SHOWDOWN ***
Hero collected $0.23 from pot
*** SUMMARY ***
Total pot $0.24 | Rake $0.01 | Jackpot $0 | Bingo $0 | Fortune $0
Board [3d 8s 8h Qh Th]
Seat 1: Hero (big blind) showed [6s Ks] and won ($0.23) with Pair of Eights
Seat 2: 22bd59d folded before Flop (didn't bet)
Seat 3: 5804e5bf folded before Flop (didn't bet)
Seat 5: f4d041b9 (button) folded before Flop (didn't bet)
Seat 6: 32d7c44c (small blind) showed [Jd 5d] and lost with Pair of Eights


Poker Hand #HD1163283716: Hold'em No Limit  ($0.02/$0.05) - 2023/03/16 22:24:12
Table 'NLHBlue28' 6-max Seat #3 is the button
Seat 1: Hero ($5.21 in chips)
Seat 2: 22bd59d ($7.43 in chips)
Seat 3: 5804e5bf ($4.23 in chips)
Seat 5: f4d041b9 ($4.95 in chips)
Seat 6: 32d7c44c ($5.62 in chips)
f4d041b9: posts small blind $0.02
32d7c44c: posts big blind $0.05
*** HOLE CARDS ***
Dealt to Hero [Js 4d]
Dealt to 22bd59d 
Dealt to 5804e5bf 
Dealt to f4d041b9 
Dealt to 32d7c44c 
Hero: folds
22bd59d: folds
5804e5bf: folds
f4d041b9: raises $0.1 to $0.15
32d7c44c: folds
Uncalled bet ($0.1) returned to f4d041b9
*** SHOWDOWN ***
f4d041b9 collected $0.1 from pot
*** SUMMARY ***
Total pot $0.1 | Rake $0 | Jackpot $0 | Bingo $0 | Fortune $0
Seat 1: Hero folded before Flop (didn't bet)
Seat 2: 22bd59d folded before Flop (didn't bet)
Seat 3: 5804e5bf (button) folded before Flop (didn't bet)
Seat 5: f4d041b9 (small blind) collected ($0.1)
Seat 6: 32d7c44c (big blind) folded before Flop


Poker Hand #HD1163283702: Hold'em No Limit  ($0.02/$0.05) - 2023/03/16 22:24:05
Table 'NLHBlue28' 6-max Seat #2 is the button
Seat 1: Hero ($5.21 in chips)
Seat 2: 22bd59d ($7.43 in chips)
Seat 3: 5804e5bf ($4.25 in chips)
Seat 5: f4d041b9 ($4.93 in chips)
Seat 6: 32d7c44c ($5.62 in chips)
5804e5bf: posts small blind $0.02
f4d041b9: posts big blind $0.05
*** HOLE CARDS ***
Dealt to Hero [6c 5s]
Dealt to 22bd59d 
Dealt to 5804e5bf 
Dealt to f4d041b9 
Dealt to 32d7c44c 
32d7c44c: folds
Hero: folds
22bd59d: folds
5804e5bf: folds
Uncalled bet ($0.03) returned to f4d041b9
*** SHOWDOWN ***
f4d041b9 collected $0.04 from pot
*** SUMMARY ***
Total pot $0.04 | Rake $0 | Jackpot $0 | Bingo $0 | Fortune $0
Seat 1: Hero folded before Flop (didn't bet)
Seat 2: 22bd59d (button) folded before Flop (didn't bet)
Seat 3: 5804e5bf (small blind) folded before Flop
Seat 5: f4d041b9 (big blind) collected ($0.04)
Seat 6: 32d7c44c folded before Flop (didn't bet)


Poker Hand #HD1163283629: Hold'em No Limit  ($0.02/$0.05) - 2023/03/16 22:23:22
Table 'NLHBlue28' 6-max Seat #1 is the button
Seat 1: Hero ($5.21 in chips)
Seat 2: 22bd59d ($7.38 in chips)
Seat 3: 5804e5bf ($4.3 in chips)
Seat 5: f4d041b9 ($4.93 in chips)
Seat 6: 32d7c44c ($5.62 in chips)
22bd59d: posts small blind $0.02
5804e5bf: posts big blind $0.05
*** HOLE CARDS ***
Dealt to Hero [7s Kh]
Dealt to 22bd59d 
Dealt to 5804e5bf 
Dealt to f4d041b9 
Dealt to 32d7c44c 
f4d041b9: folds
32d7c44c: folds
Hero: folds
22bd59d: calls $0.03
5804e5bf: checks
*** FLOP *** [Qd 3h Ts]
22bd59d: checks
5804e5bf: checks
*** TURN *** [Qd 3h Ts] [2d]
22bd59d: bets $0.08
5804e5bf: folds
Uncalled bet ($0.08) returned to 22bd59d
*** SHOWDOWN ***
22bd59d collected $0.1 from pot
*** SUMMARY ***
Total pot $0.1 | Rake $0 | Jackpot $0 | Bingo $0 | Fortune $0
Board [Qd 3h Ts 2d]
Seat 1: Hero (button) folded before Flop (didn't bet)
Seat 2: 22bd59d (small blind) won ($0.1)
Seat 3: 5804e5bf (big blind) folded on the Turn
Seat 5: f4d041b9 folded before Flop (didn't bet)
Seat 6: 32d7c44c folded before Flop (didn't bet)


Poker Hand #HD1163283605: Hold'em No Limit  ($0.02/$0.05) - 2023/03/16 22:23:12
Table 'NLHBlue28' 6-max Seat #6 is the button
Seat 1: Hero ($5.23 in chips)
Seat 2: 22bd59d ($7.36 in chips)
Seat 3: 5804e5bf ($4.3 in chips)
Seat 5: f4d041b9 ($4.93 in chips)
Seat 6: 32d7c44c ($5.62 in chips)
Hero: posts small blind $0.02
22bd59d: posts big blind $0.05
*** HOLE CARDS ***
Dealt to Hero [6c 7d]
Dealt to 22bd59d 
Dealt to 5804e5bf 
Dealt to f4d041b9 
Dealt to 32d7c44c 
5804e5bf: folds
f4d041b9: folds
32d7c44c: folds
Hero: folds
Uncalled bet ($0.03) returned to 22bd59d
*** SHOWDOWN ***
22bd59d collected $0.04 from pot
*** SUMMARY ***
Total pot $0.04 | Rake $0 | Jackpot $0 | Bingo $0 | Fortune $0
Seat 1: Hero (small blind) folded before Flop
Seat 2: 22bd59d (big blind) collected ($0.04)
Seat 3: 5804e5bf folded before Flop (didn't bet)
Seat 5: f4d041b9 folded before Flop (didn't bet)
Seat 6: 32d7c44c (button) folded before Flop (didn't bet)


Poker Hand #HD1163283585: Hold'em No Limit  ($0.02/$0.05) - 2023/03/16 22:23:03
Table 'NLHBlue28' 6-max Seat #5 is the button
Seat 1: Hero ($5.21 in chips)
Seat 2: 22bd59d ($7.36 in chips)
Seat 3: 5804e5bf ($4.3 in chips)
Seat 5: f4d041b9 ($4.93 in chips)
Seat 6: 32d7c44c ($5.64 in chips)
32d7c44c: posts small blind $0.02
Hero: posts big blind $0.05
*** HOLE CARDS ***
Dealt to Hero [9d 5c]
Dealt to 22bd59d 
Dealt to 5804e5bf 
Dealt to f4d041b9 
Dealt to 32d7c44c 
22bd59d: folds
5804e5bf: folds
f4d041b9: folds
32d7c44c: folds
Uncalled bet ($0.03) returned to Hero
*** SHOWDOWN ***
Hero collected $0.04 from pot
*** SUMMARY ***
Total pot $0.04 | Rake $0 | Jackpot $0 | Bingo $0 | Fortune $0
Seat 1: Hero (big blind) collected ($0.04)
Seat 2: 22bd59d folded before Flop (didn't bet)
Seat 3: 5804e5bf folded before Flop (didn't bet)
Seat 5: f4d041b9 (button) folded before Flop (didn't bet)
Seat 6: 32d7c44c (small blind) folded before Flop


Poker Hand #HD1163283515: Hold'em No Limit  ($0.02/$0.05) - 2023/03/16 22:22:28
Table 'NLHBlue28' 6-max Seat #3 is the button
Seat 1: Hero ($5.21 in chips)
Seat 2: 22bd59d ($7.36 in chips)
Seat 3: 5804e5bf ($4.45 in chips)
Seat 5: f4d041b9 ($4.95 in chips)
Seat 6: 32d7c44c ($5.48 in chips)
f4d041b9: posts small blind $0.02
32d7c44c: posts big blind $0.05
*** HOLE CARDS ***
Dealt to Hero [6s 3h]
Dealt to 22bd59d 
Dealt to 5804e5bf 
Dealt to f4d041b9 
Dealt to 32d7c44c 
Hero: folds
22bd59d: folds
5804e5bf: raises $0.1 to $0.15
f4d041b9: folds
32d7c44c: calls $0.1
*** FLOP *** [8h 4c Jd]
32d7c44c: checks
5804e5bf: checks
*** TURN *** [8h 4c Jd] [Td]
32d7c44c: bets $0.24
5804e5bf: folds
Uncalled bet ($0.24) returned to 32d7c44c
*** SHOWDOWN ***
32d7c44c collected $0.31 from pot
*** SUMMARY ***
Total pot $0.32 | Rake $0.01 | Jackpot $0 | Bingo $0 | Fortune $0
Board [8h 4c Jd Td]
Seat 1: Hero folded before Flop (didn't bet)
Seat 2: 22bd59d folded before Flop (didn't bet)
Seat 3: 5804e5bf (button) folded on the Turn
Seat 5: f4d041b9 (small blind) folded before Flop
Seat 6: 32d7c44c (big blind) won ($0.31)


Poker Hand #HD1163283496: Hold'em No Limit  ($0.02/$0.05) - 2023/03/16 22:22:17
Table 'NLHBlue28' 6-max Seat #2 is the button
Seat 1: Hero ($5.14 in chips)
Seat 2: 22bd59d ($7.36 in chips)
Seat 3: 5804e5bf ($4.47 in chips)
Seat 5: f4d041b9 ($5 in chips)
Seat 6: 32d7c44c ($5.48 in chips)
5804e5bf: posts small blind $0.02
f4d041b9: posts big blind $0.05
*** HOLE CARDS ***
Dealt to Hero [9s As]
Dealt to 22bd59d 
Dealt to 5804e5bf 
Dealt to f4d041b9 
Dealt to 32d7c44c 
32d7c44c: folds
Hero: raises $0.07 to $0.12
22bd59d: folds
5804e5bf: folds
f4d041b9: folds
Uncalled bet ($0.07) returned to Hero
*** SHOWDOWN ***
Hero collected $0.12 from pot
*** SUMMARY ***
Total pot $0.12 | Rake $0 | Jackpot $0 | Bingo $0 | Fortune $0
Seat 1: Hero collected ($0.12)
Seat 2: 22bd59d (button) folded before Flop (didn't bet)
Seat 3: 5804e5bf (small blind) folded before Flop
Seat 5: f4d041b9 (big blind) folded before Flop
Seat 6: 32d7c44c folded before Flop (didn't bet)


Poker Hand #HD1163283456: Hold'em No Limit  ($0.02/$0.05) - 2023/03/16 22:21:56
Table 'NLHBlue28' 6-max Seat #1 is the button
Seat 1: Hero ($5.07 in chips)
Seat 2: 22bd59d ($7.38 in chips)
Seat 3: 5804e5bf ($4.52 in chips)
Seat 4: 72cdeb1 ($5.93 in chips)
Seat 5: f4d041b9 ($5 in chips)
Seat 6: 32d7c44c ($5.48 in chips)
22bd59d: posts small blind $0.02
5804e5bf: posts big blind $0.05
*** HOLE CARDS ***
Dealt to Hero [Ks Qs]
Dealt to 22bd59d 
Dealt to 5804e5bf 
Dealt to 72cdeb1 
Dealt to f4d041b9 
Dealt to 32d7c44c 
72cdeb1: folds
f4d041b9: folds
32d7c44c: folds
Hero: raises $0.07 to $0.12
22bd59d: folds
5804e5bf: folds
Uncalled bet ($0.07) returned to Hero
*** SHOWDOWN ***
Hero collected $0.12 from pot
*** SUMMARY ***
Total pot $0.12 | Rake $0 | Jackpot $0 | Bingo $0 | Fortune $0
Seat 1: Hero (button) collected ($0.12)
Seat 2: 22bd59d (small blind) folded before Flop
Seat 3: 5804e5bf (big blind) folded before Flop
Seat 4: 72cdeb1 folded before Flop (didn't bet)
Seat 5: f4d041b9 folded before Flop (didn't bet)
Seat 6: 32d7c44c folded before Flop (didn't bet)


Poker Hand #HD1163283418: Hold'em No Limit  ($0.02/$0.05) - 2023/03/16 22:21:36
Table 'NLHBlue28' 6-max Seat #6 is the button
Seat 1: Hero ($5.09 in chips)
Seat 2: 22bd59d ($7.43 in chips)
Seat 3: 5804e5bf ($4.52 in chips)
Seat 4: 72cdeb1 ($5.93 in chips)
Seat 5: f4d041b9 ($4.93 in chips)
Seat 6: 32d7c44c ($5.48 in chips)
Hero: posts small blind $0.02
22bd59d: posts big blind $0.05
*** HOLE CARDS ***
Dealt to Hero [5s Qd]
Dealt to 22bd59d 
Dealt to 5804e5bf 
Dealt to 72cdeb1 
Dealt to f4d041b9 
Dealt to 32d7c44c 
5804e5bf: folds
72cdeb1: folds
f4d041b9: raises $0.08 to $0.13
32d7c44c: folds
Hero: folds
22bd59d: folds
Uncalled bet ($0.08) returned to f4d041b9
*** SHOWDOWN ***
f4d041b9 collected $0.12 from pot
*** SUMMARY ***
Total pot $0.12 | Rake $0 | Jackpot $0 | Bingo $0 | Fortune $0
Seat 1: Hero (small blind) folded before Flop
Seat 2: 22bd59d (big blind) folded before Flop
Seat 3: 5804e5bf folded before Flop (didn't bet)
Seat 4: 72cdeb1 folded before Flop (didn't bet)
Seat 5: f4d041b9 collected ($0.12)
Seat 6: 32d7c44c (button) folded before Flop (didn't bet)


Poker Hand #HD1163283357: Hold'em No Limit  ($0.02/$0.05) - 2023/03/16 22:21:07
Table 'NLHBlue28' 6-max Seat #5 is the button
Seat 1: Hero ($5.07 in chips)
Seat 2: 22bd59d ($7.43 in chips)
Seat 3: 5804e5bf ($4.52 in chips)
Seat 4: 72cdeb1 ($5.93 in chips)
Seat 5: f4d041b9 ($4.93 in chips)
Seat 6: 32d7c44c ($5.5 in chips)
32d7c44c: posts small blind $0.02
Hero: posts big blind $0.05
*** HOLE CARDS ***
Dealt to Hero [4h Qd]
Dealt to 22bd59d 
Dealt to 5804e5bf 
Dealt to 72cdeb1 
Dealt to f4d041b9 
Dealt to 32d7c44c 
22bd59d: folds
5804e5bf: folds
72cdeb1: folds
f4d041b9: folds
32d7c44c: folds
Uncalled bet ($0.03) returned to Hero
*** SHOWDOWN ***
Hero collected $0.04 from pot
*** SUMMARY ***
Total pot $0.04 | Rake $0 | Jackpot $0 | Bingo $0 | Fortune $0
Seat 1: Hero (big blind) collected ($0.04)
Seat 2: 22bd59d folded before Flop (didn't bet)
Seat 3: 5804e5bf folded before Flop (didn't bet)
Seat 4: 72cdeb1 folded before Flop (didn't bet)
Seat 5: f4d041b9 (button) folded before Flop (didn't bet)
Seat 6: 32d7c44c (small blind) folded before Flop


Poker Hand #HD1163283327: Hold'em No Limit  ($0.02/$0.05) - 2023/03/16 22:20:50
Table 'NLHBlue28' 6-max Seat #4 is the button
Seat 1: Hero ($5.07 in chips)
Seat 2: 22bd59d ($7.43 in chips)
Seat 3: 5804e5bf ($4.52 in chips)
Seat 4: 72cdeb1 ($5.86 in chips)
Seat 5: f4d041b9 ($4.95 in chips)
Seat 6: 32d7c44c ($5.55 in chips)
f4d041b9: posts small blind $0.02
32d7c44c: posts big blind $0.05
*** HOLE CARDS ***
Dealt to Hero [Jc Qh]
Dealt to 22bd59d 
Dealt to 5804e5bf 
Dealt to 72cdeb1 
Dealt to f4d041b9 
Dealt to 32d7c44c 
Hero: folds
22bd59d: folds
5804e5bf: folds
72cdeb1: raises $0.08 to $0.13
f4d041b9: folds
32d7c44c: folds
Uncalled bet ($0.08) returned to 72cdeb1
*** SHOWDOWN ***
72cdeb1 collected $0.12 from pot
*** SUMMARY ***
Total pot $0.12 | Rake $0 | Jackpot $0 | Bingo $0 | Fortune $0
Seat 1: Hero folded before Flop (didn't bet)
Seat 2: 22bd59d folded before Flop (didn't bet)
Seat 3: 5804e5bf folded before Flop (didn't bet)
Seat 4: 72cdeb1 (button) collected ($0.12)
Seat 5: f4d041b9 (small blind) folded before Flop
Seat 6: 32d7c44c (big blind) folded before Flop


Poker Hand #HD1163283281: Hold'em No Limit  ($0.02/$0.05) - 2023/03/16 22:20:29
Table 'NLHBlue28' 6-max Seat #3 is the button
Seat 1: Hero ($5.07 in chips)
Seat 2: 22bd59d ($7.36 in chips)
Seat 3: 5804e5bf ($4.52 in chips)
Seat 4: 72cdeb1 ($5.88 in chips)
Seat 5: f4d041b9 ($5 in chips)
Seat 6: 32d7c44c ($5.55 in chips)
72cdeb1: posts small blind $0.02
f4d041b9: posts big blind $0.05
*** HOLE CARDS ***
Dealt to Hero [2d Jh]
Dealt to 22bd59d 
Dealt to 5804e5bf 
Dealt to 72cdeb1 
Dealt to f4d041b9 
Dealt to 32d7c44c 
32d7c44c: folds
Hero: folds
22bd59d: raises $0.08 to $0.13
5804e5bf: folds
72cdeb1: folds
f4d041b9: folds
Uncalled bet ($0.08) returned to 22bd59d
*** SHOWDOWN ***
22bd59d collected $0.12 from pot
*** SUMMARY ***
Total pot $0.12 | Rake $0 | Jackpot $0 | Bingo $0 | Fortune $0
Seat 1: Hero folded before Flop (didn't bet)
Seat 2: 22bd59d collected ($0.12)
Seat 3: 5804e5bf (button) folded before Flop (didn't bet)
Seat 4: 72cdeb1 (small blind) folded before Flop
Seat 5: f4d041b9 (big blind) folded before Flop
Seat 6: 32d7c44c folded before Flop (didn't bet)


Poker Hand #HD1163283114: Hold'em No Limit  ($0.02/$0.05) - 2023/03/16 22:19:02
Table 'NLHBlue28' 6-max Seat #2 is the button
Seat 1: Hero ($5.07 in chips)
Seat 2: 22bd59d ($7.05 in chips)
Seat 3: 5804e5bf ($4.54 in chips)
Seat 4: 72cdeb1 ($6.2 in chips)
Seat 5: f4d041b9 ($5 in chips)
Seat 6: 32d7c44c ($5.55 in chips)
5804e5bf: posts small blind $0.02
72cdeb1: posts big blind $0.05
*** HOLE CARDS ***
Dealt to Hero [Js 2h]
Dealt to 22bd59d 
Dealt to 5804e5bf 
Dealt to 72cdeb1 
Dealt to f4d041b9 
Dealt to 32d7c44c 
f4d041b9: folds
32d7c44c: folds
Hero: folds
22bd59d: raises $0.05 to $0.1
5804e5bf: folds
72cdeb1: calls $0.05
*** FLOP *** [9d 4h Qc]
72cdeb1: checks
22bd59d: bets $0.08
72cdeb1: calls $0.08
*** TURN *** [9d 4h Qc] [Ah]
72cdeb1: checks
22bd59d: bets $0.14
72cdeb1: calls $0.14
*** RIVER *** [9d 4h Qc Ah] [5c]
72cdeb1: checks
22bd59d: bets $0.4
72cdeb1: folds
Uncalled bet ($0.4) returned to 22bd59d
*** SHOWDOWN ***
22bd59d collected $0.63 from pot
*** SUMMARY ***
Total pot $0.66 | Rake $0.03 | Jackpot $0 | Bingo $0 | Fortune $0
Board [9d 4h Qc Ah 5c]
Seat 1: Hero folded before Flop (didn't bet)
Seat 2: 22bd59d (button) won ($0.63)
Seat 3: 5804e5bf (small blind) folded before Flop
Seat 4: 72cdeb1 (big blind) folded on the River
Seat 5: f4d041b9 folded before Flop (didn't bet)
Seat 6: 32d7c44c folded before Flop (didn't bet)


Poker Hand #HD1163283081: Hold'em No Limit  ($0.02/$0.05) - 2023/03/16 22:18:47
Table 'NLHBlue28' 6-max Seat #1 is the button
Seat 1: Hero ($5 in chips)
Seat 2: 22bd59d ($7.07 in chips)
Seat 3: 5804e5bf ($4.59 in chips)
Seat 4: 72cdeb1 ($6.2 in chips)
Seat 5: f4d041b9 ($5 in chips)
Seat 6: 32d7c44c ($5.55 in chips)
22bd59d: posts small blind $0.02
5804e5bf: posts big blind $0.05
*** HOLE CARDS ***
Dealt to Hero [9s Kc]
Dealt to 22bd59d 
Dealt to 5804e5bf 
Dealt to 72cdeb1 
Dealt to f4d041b9 
Dealt to 32d7c44c 
72cdeb1: folds
f4d041b9: folds
32d7c44c: folds
Hero: raises $0.07 to $0.12
22bd59d: folds
5804e5bf: folds
Uncalled bet ($0.07) returned to Hero
*** SHOWDOWN ***
Hero collected $0.12 from pot
*** SUMMARY ***
Total pot $0.12 | Rake $0 | Jackpot $0 | Bingo $0 | Fortune $0
Seat 1: Hero (button) collected ($0.12)
Seat 2: 22bd59d (small blind) folded before Flop
Seat 3: 5804e5bf (big blind) folded before Flop
Seat 4: 72cdeb1 folded before Flop (didn't bet)
Seat 5: f4d041b9 folded before Flop (didn't bet)
Seat 6: 32d7c44c folded before Flop (didn't bet)


Poker Hand #HD1163283047: Hold'em No Limit  ($0.02/$0.05) - 2023/03/16 22:18:28
Table 'NLHBlue28' 6-max Seat #6 is the button
Seat 1: Hero ($5.01 in chips)
Seat 2: 22bd59d ($7.05 in chips)
Seat 3: 5804e5bf ($4.59 in chips)
Seat 4: 72cdeb1 ($6.2 in chips)
Seat 5: f4d041b9 ($5 in chips)
Seat 6: 32d7c44c ($5.55 in chips)
Hero: posts small blind $0.02
22bd59d: posts big blind $0.05
*** HOLE CARDS ***
Dealt to Hero [8h Jc]
Dealt to 22bd59d 
Dealt to 5804e5bf 
Dealt to 72cdeb1 
Dealt to f4d041b9 
Dealt to 32d7c44c 
5804e5bf: folds
72cdeb1: folds
f4d041b9: folds
32d7c44c: folds
Hero: folds
Uncalled bet ($0.03) returned to 22bd59d
*** SHOWDOWN ***
22bd59d collected $0.04 from pot
*** SUMMARY ***
Total pot $0.04 | Rake $0 | Jackpot $0 | Bingo $0 | Fortune $0
Seat 1: Hero (small blind) folded before Flop
Seat 2: 22bd59d (big blind) collected ($0.04)
Seat 3: 5804e5bf folded before Flop (didn't bet)
Seat 4: 72cdeb1 folded before Flop (didn't bet)
Seat 5: f4d041b9 folded before Flop (didn't bet)
Seat 6: 32d7c44c (button) folded before Flop (didn't bet)


Poker Hand #HD1163282966: Hold'em No Limit  ($0.02/$0.05) - 2023/03/16 22:17:48
Table 'NLHBlue28' 6-max Seat #5 is the button
Seat 1: Hero ($5.06 in chips)
Seat 2: 22bd59d ($7.05 in chips)
Seat 3: 5804e5bf ($4.59 in chips)
Seat 4: 72cdeb1 ($5.66 in chips)
Seat 5: f4d041b9 ($5 in chips)
Seat 6: 32d7c44c ($6.09 in chips)
32d7c44c: posts small blind $0.02
Hero: posts big blind $0.05
*** HOLE CARDS ***
Dealt to Hero [Qd 4s]
Dealt to 22bd59d 
Dealt to 5804e5bf 
Dealt to 72cdeb1 
Dealt to f4d041b9 
Dealt to 32d7c44c 
22bd59d: folds
5804e5bf: folds
72cdeb1: raises $0.08 to $0.13
f4d041b9: folds
32d7c44c: raises $0.41 to $0.54
Hero: folds
72cdeb1: calls $0.41
*** FLOP *** [3d 6c Jc]
32d7c44c: checks
72cdeb1: checks
*** TURN *** [3d 6c Jc] [4h]
32d7c44c: checks
72cdeb1: bets $0.85
32d7c44c: folds
Uncalled bet ($0.85) returned to 72cdeb1
*** SHOWDOWN ***
72cdeb1 collected $1.08 from pot
*** SUMMARY ***
Total pot $1.13 | Rake $0.05 | Jackpot $0 | Bingo $0 | Fortune $0
Board [3d 6c Jc 4h]
Seat 1: Hero (big blind) folded before Flop
Seat 2: 22bd59d folded before Flop (didn't bet)
Seat 3: 5804e5bf folded before Flop (didn't bet)
Seat 4: 72cdeb1 won ($1.08)
Seat 5: f4d041b9 (button) folded before Flop (didn't bet)
Seat 6: 32d7c44c (small blind) folded on the Turn


Poker Hand #HD1163282930: Hold'em No Limit  ($0.02/$0.05) - 2023/03/16 22:17:29
Table 'NLHBlue28' 6-max Seat #4 is the button
Seat 1: Hero ($5.06 in chips)
Seat 2: 22bd59d ($7.05 in chips)
Seat 3: 5804e5bf ($4.59 in chips)
Seat 4: 72cdeb1 ($5.59 in chips)
Seat 5: f4d041b9 ($5.02 in chips)
Seat 6: 32d7c44c ($6.14 in chips)
f4d041b9: posts small blind $0.02
32d7c44c: posts big blind $0.05
*** HOLE CARDS ***
Dealt to Hero [3c Th]
Dealt to 22bd59d 
Dealt to 5804e5bf 
Dealt to 72cdeb1 
Dealt to f4d041b9 
Dealt to 32d7c44c 
Hero: folds
22bd59d: folds
5804e5bf: folds
72cdeb1: raises $0.08 to $0.13
f4d041b9: folds
32d7c44c: folds
Uncalled bet ($0.08) returned to 72cdeb1
*** SHOWDOWN ***
72cdeb1 collected $0.12 from pot
*** SUMMARY ***
Total pot $0.12 | Rake $0 | Jackpot $0 | Bingo $0 | Fortune $0
Seat 1: Hero folded before Flop (didn't bet)
Seat 2: 22bd59d folded before Flop (didn't bet)
Seat 3: 5804e5bf folded before Flop (didn't bet)
Seat 4: 72cdeb1 (button) collected ($0.12)
Seat 5: f4d041b9 (small blind) folded before Flop
Seat 6: 32d7c44c (big blind) folded before Flop


Poker Hand #HD1163282874: Hold'em No Limit  ($0.02/$0.05) - 2023/03/16 22:17:02
Table 'NLHBlue28' 6-max Seat #3 is the button
Seat 1: Hero ($5.06 in chips)
Seat 2: 22bd59d ($7.05 in chips)
Seat 3: 5804e5bf ($4.59 in chips)
Seat 4: 72cdeb1 ($5.61 in chips)
Seat 5: f4d041b9 ($5 in chips)
Seat 6: 32d7c44c ($6.14 in chips)
72cdeb1: posts small blind $0.02
f4d041b9: posts big blind $0.05
*** HOLE CARDS ***
Dealt to Hero [9s Ac]
Dealt to 22bd59d 
Dealt to 5804e5bf 
Dealt to 72cdeb1 
Dealt to f4d041b9 
Dealt to 32d7c44c 
32d7c44c: folds
Hero: folds
22bd59d: folds
5804e5bf: folds
72cdeb1: folds
Uncalled bet ($0.03) returned to f4d041b9
*** SHOWDOWN ***
f4d041b9 collected $0.04 from pot
*** SUMMARY ***
Total pot $0.04 | Rake $0 | Jackpot $0 | Bingo $0 | Fortune $0
Seat 1: Hero folded before Flop (didn't bet)
Seat 2: 22bd59d folded before Flop (didn't bet)
Seat 3: 5804e5bf (button) folded before Flop (didn't bet)
Seat 4: 72cdeb1 (small blind) folded before Flop
Seat 5: f4d041b9 (big blind) collected ($0.04)
Seat 6: 32d7c44c folded before Flop (didn't bet)


Poker Hand #HD1163282760: Hold'em No Limit  ($0.02/$0.05) - 2023/03/16 22:16:07
Table 'NLHBlue28' 6-max Seat #2 is the button
Seat 1: Hero ($5.06 in chips)
Seat 2: 22bd59d ($7.05 in chips)
Seat 3: 5804e5bf ($4.61 in chips)
Seat 4: 72cdeb1 ($5.83 in chips)
Seat 6: 32d7c44c ($5.92 in chips)
5804e5bf: posts small blind $0.02
72cdeb1: posts big blind $0.05
*** HOLE CARDS ***
Dealt to Hero [7h 9d]
Dealt to 22bd59d 
Dealt to 5804e5bf 
Dealt to 72cdeb1 
Dealt to 32d7c44c 
32d7c44c: raises $0.07 to $0.12
Hero: folds
22bd59d: folds
5804e5bf: folds
72cdeb1: calls $0.07
*** FLOP *** [2c Td Ah]
72cdeb1: checks
32d7c44c: bets $0.1
72cdeb1: calls $0.1
*** TURN *** [2c Td Ah] [Ts]
72cdeb1: checks
32d7c44c: checks
*** RIVER *** [2c Td Ah Ts] [6s]
72cdeb1: checks
32d7c44c: checks
72cdeb1: shows [Jh 8h] (Pair of Tens)
32d7c44c: shows [2s As] (Pair of Aces and Pair of Tens)
*** SHOWDOWN ***
32d7c44c collected $0.44 from pot
*** SUMMARY ***
Total pot $0.46 | Rake $0.02 | Jackpot $0 | Bingo $0 | Fortune $0
Board [2c Td Ah Ts 6s]
Seat 1: Hero folded before Flop (didn't bet)
Seat 2: 22bd59d (button) folded before Flop (didn't bet)
Seat 3: 5804e5bf (small blind) folded before Flop
Seat 4: 72cdeb1 (big blind) showed [Jh 8h] and lost with Pair of Tens
Seat 6: 32d7c44c showed [2s As] and won ($0.44) with Pair of Aces and Pair of Tens


Poker Hand #HD1163282727: Hold'em No Limit  ($0.02/$0.05) - 2023/03/16 22:15:46
Table 'NLHBlue28' 6-max Seat #1 is the button
Seat 1: Hero ($5.06 in chips)
Seat 2: 22bd59d ($7.07 in chips)
Seat 3: 5804e5bf ($4.66 in chips)
Seat 4: 72cdeb1 ($5.76 in chips)
Seat 6: 32d7c44c ($5.92 in chips)
22bd59d: posts small blind $0.02
5804e5bf: posts big blind $0.05
*** HOLE CARDS ***
Dealt to Hero [7d 3c]
Dealt to 22bd59d 
Dealt to 5804e5bf 
Dealt to 72cdeb1 
Dealt to 32d7c44c 
72cdeb1: raises $0.08 to $0.13
32d7c44c: folds
Hero: folds
22bd59d: folds
5804e5bf: folds
Uncalled bet ($0.08) returned to 72cdeb1
*** SHOWDOWN ***
72cdeb1 collected $0.12 from pot
*** SUMMARY ***
Total pot $0.12 | Rake $0 | Jackpot $0 | Bingo $0 | Fortune $0
Seat 1: Hero (button) folded before Flop (didn't bet)
Seat 2: 22bd59d (small blind) folded before Flop
Seat 3: 5804e5bf (big blind) folded before Flop
Seat 4: 72cdeb1 collected ($0.12)
Seat 6: 32d7c44c folded before Flop (didn't bet)


Poker Hand #HD1163282702: Hold'em No Limit  ($0.02/$0.05) - 2023/03/16 22:15:35
Table 'NLHBlue28' 6-max Seat #6 is the button
Seat 1: Hero ($5.08 in chips)
Seat 2: 22bd59d ($7.05 in chips)
Seat 3: 5804e5bf ($4.66 in chips)
Seat 4: 72cdeb1 ($5.76 in chips)
Seat 6: 32d7c44c ($5.92 in chips)
Hero: posts small blind $0.02
22bd59d: posts big blind $0.05
*** HOLE CARDS ***
Dealt to Hero [Ks 3h]
Dealt to 22bd59d 
Dealt to 5804e5bf 
Dealt to 72cdeb1 
Dealt to 32d7c44c 
5804e5bf: folds
72cdeb1: folds
32d7c44c: folds
Hero: folds
Uncalled bet ($0.03) returned to 22bd59d
*** SHOWDOWN ***
22bd59d collected $0.04 from pot
*** SUMMARY ***
Total pot $0.04 | Rake $0 | Jackpot $0 | Bingo $0 | Fortune $0
Seat 1: Hero (small blind) folded before Flop
Seat 2: 22bd59d (big blind) collected ($0.04)
Seat 3: 5804e5bf folded before Flop (didn't bet)
Seat 4: 72cdeb1 folded before Flop (didn't bet)
Seat 6: 32d7c44c (button) folded before Flop (didn't bet)


Poker Hand #HD1163282661: Hold'em No Limit  ($0.02/$0.05) - 2023/03/16 22:15:10
Table 'NLHBlue28' 6-max Seat #4 is the button
Seat 1: Hero ($5.23 in chips)
Seat 2: 22bd59d ($7.05 in chips)
Seat 3: 5804e5bf ($4.5 in chips)
Seat 4: 72cdeb1 ($5.76 in chips)
Seat 6: 32d7c44c ($5.94 in chips)
32d7c44c: posts small blind $0.02
Hero: posts big blind $0.05
*** HOLE CARDS ***
Dealt to Hero [Ac 4c]
Dealt to 22bd59d 
Dealt to 5804e5bf 
Dealt to 72cdeb1 
Dealt to 32d7c44c 
22bd59d: folds
5804e5bf: raises $0.1 to $0.15
72cdeb1: folds
32d7c44c: folds
Hero: calls $0.1
*** FLOP *** [Kc 6d Th]
Hero: checks
5804e5bf: bets $0.16
Hero: folds
Uncalled bet ($0.16) returned to 5804e5bf
*** SHOWDOWN ***
5804e5bf collected $0.31 from pot
*** SUMMARY ***
Total pot $0.32 | Rake $0.01 | Jackpot $0 | Bingo $0 | Fortune $0
Board [Kc 6d Th]
Seat 1: Hero (big blind) folded on the Flop
Seat 2: 22bd59d folded before Flop (didn't bet)
Seat 3: 5804e5bf won ($0.31)
Seat 4: 72cdeb1 (button) folded before Flop (didn't bet)
Seat 6: 32d7c44c (small blind) folded before Flop


Poker Hand #HD1163282575: Hold'em No Limit  ($0.02/$0.05) - 2023/03/16 22:14:24
Table 'NLHBlue28' 6-max Seat #3 is the button
Seat 1: Hero ($5.23 in chips)
Seat 2: 22bd59d ($7.05 in chips)
Seat 3: 5804e5bf ($4.5 in chips)
Seat 4: 72cdeb1 ($5.78 in chips)
Seat 5: c7e91749 ($1.07 in chips)
Seat 6: 32d7c44c ($5 in chips)
72cdeb1: posts small blind $0.02
c7e91749: posts big blind $0.05
*** HOLE CARDS ***
Dealt to Hero [8d Qd]
Dealt to 22bd59d 
Dealt to 5804e5bf 
Dealt to 72cdeb1 
Dealt to c7e91749 
Dealt to 32d7c44c 
32d7c44c: raises $0.07 to $0.12
Hero: folds
22bd59d: folds
5804e5bf: folds
72cdeb1: folds
c7e91749: calls $0.07
*** FLOP *** [4d 5c 2h]
c7e91749: checks
32d7c44c: bets $0.13
c7e91749: calls $0.13
*** TURN *** [4d 5c 2h] [Kh]
c7e91749: checks
32d7c44c: bets $0.32
c7e91749: calls $0.32
*** RIVER *** [4d 5c 2h Kh] [Jd]
c7e91749: checks
32d7c44c: bets $0.87
c7e91749: calls $0.5 and is all-in
Uncalled bet ($0.37) returned to 32d7c44c
32d7c44c: shows [Kd Kc] (Three Kings)
c7e91749: shows [3h Js] (Pair of Jacks)
*** SHOWDOWN ***
32d7c44c collected $2.01 from pot
*** SUMMARY ***
Total pot $2.16 | Rake $0.1 | Jackpot $0.05 | Bingo $0 | Fortune $0
Board [4d 5c 2h Kh Jd]
Seat 1: Hero folded before Flop (didn't bet)
Seat 2: 22bd59d folded before Flop (didn't bet)
Seat 3: 5804e5bf (button) folded before Flop (didn't bet)
Seat 4: 72cdeb1 (small blind) folded before Flop
Seat 5: c7e91749 (big blind) showed [3h Js] and lost with Pair of Jacks
Seat 6: 32d7c44c showed [Kd Kc] and won ($2.01) with Three Kings


Poker Hand #HD1163282505: Hold'em No Limit  ($0.02/$0.05) - 2023/03/16 22:13:44
Table 'NLHBlue28' 6-max Seat #2 is the button
Seat 1: Hero ($5.23 in chips)
Seat 2: 22bd59d ($7.05 in chips)
Seat 3: 5804e5bf ($4.52 in chips)
Seat 4: 72cdeb1 ($5.83 in chips)
Seat 5: c7e91749 ($1 in chips)
Seat 6: 32d7c44c ($5 in chips)
5804e5bf: posts small blind $0.02
72cdeb1: posts big blind $0.05
c7e91749: posts big blind $0.05
*** HOLE CARDS ***
Dealt to Hero [Ac Js]
Dealt to 22bd59d 
Dealt to 5804e5bf 
Dealt to 72cdeb1 
Dealt to c7e91749 
Dealt to 32d7c44c 
c7e91749: raises $0.12 to $0.17
32d7c44c: folds
Hero: folds
22bd59d: folds
5804e5bf: folds
72cdeb1: folds
Uncalled bet ($0.12) returned to c7e91749
*** SHOWDOWN ***
c7e91749 collected $0.12 from pot
*** SUMMARY ***
Total pot $0.12 | Rake $0 | Jackpot $0 | Bingo $0 | Fortune $0
Seat 1: Hero folded before Flop (didn't bet)
Seat 2: 22bd59d (button) folded before Flop (didn't bet)
Seat 3: 5804e5bf (small blind) folded before Flop
Seat 4: 72cdeb1 (big blind) folded before Flop
Seat 5: c7e91749 collected ($0.12)
Seat 6: 32d7c44c folded before Flop (didn't bet)


Poker Hand #HD1163282437: Hold'em No Limit  ($0.02/$0.05) - 2023/03/16 22:13:09
Table 'NLHBlue28' 6-max Seat #1 is the button
Seat 1: Hero ($5.07 in chips)
Seat 2: 22bd59d ($7.17 in chips)
Seat 3: 5804e5bf ($4.57 in chips)
Seat 4: 72cdeb1 ($5.83 in chips)
Seat 6: 32d7c44c ($5 in chips)
22bd59d: posts small blind $0.02
5804e5bf: posts big blind $0.05
*** HOLE CARDS ***
Dealt to Hero [4s 4d]
Dealt to 22bd59d 
Dealt to 5804e5bf 
Dealt to 72cdeb1 
Dealt to 32d7c44c 
72cdeb1: folds
32d7c44c: folds
Hero: raises $0.07 to $0.12
22bd59d: calls $0.1
5804e5bf: folds
*** FLOP *** [5s Kc 2h]
22bd59d: checks
Hero: bets $0.1
22bd59d: folds
Uncalled bet ($0.1) returned to Hero
*** SHOWDOWN ***
Hero collected $0.28 from pot
*** SUMMARY ***
Total pot $0.29 | Rake $0.01 | Jackpot $0 | Bingo $0 | Fortune $0
Board [5s Kc 2h]
Seat 1: Hero (button) won ($0.28)
Seat 2: 22bd59d (small blind) folded on the Flop
Seat 3: 5804e5bf (big blind) folded before Flop
Seat 4: 72cdeb1 folded before Flop (didn't bet)
Seat 6: 32d7c44c folded before Flop (didn't bet)


Poker Hand #HD1163282412: Hold'em No Limit  ($0.02/$0.05) - 2023/03/16 22:12:55
Table 'NLHBlue28' 6-max Seat #6 is the button
Seat 1: Hero ($5.09 in chips)
Seat 2: 22bd59d ($7.22 in chips)
Seat 3: 5804e5bf ($4.57 in chips)
Seat 4: 72cdeb1 ($5.76 in chips)
Seat 6: 32d7c44c ($5 in chips)
Hero: posts small blind $0.02
22bd59d: posts big blind $0.05
*** HOLE CARDS ***
Dealt to Hero [8s Ad]
Dealt to 22bd59d 
Dealt to 5804e5bf 
Dealt to 72cdeb1 
Dealt to 32d7c44c 
5804e5bf: folds
72cdeb1: raises $0.08 to $0.13
32d7c44c: folds
Hero: folds
22bd59d: folds
Uncalled bet ($0.08) returned to 72cdeb1
*** SHOWDOWN ***
72cdeb1 collected $0.12 from pot
*** SUMMARY ***
Total pot $0.12 | Rake $0 | Jackpot $0 | Bingo $0 | Fortune $0
Seat 1: Hero (small blind) folded before Flop
Seat 2: 22bd59d (big blind) folded before Flop
Seat 3: 5804e5bf folded before Flop (didn't bet)
Seat 4: 72cdeb1 collected ($0.12)
Seat 6: 32d7c44c (button) folded before Flop (didn't bet)


Poker Hand #HD1163282392: Hold'em No Limit  ($0.02/$0.05) - 2023/03/16 22:12:42
Table 'NLHBlue28' 6-max Seat #4 is the button
Seat 1: Hero ($5.07 in chips)
Seat 2: 22bd59d ($7.22 in chips)
Seat 3: 5804e5bf ($4.57 in chips)
Seat 4: 72cdeb1 ($5.76 in chips)
Seat 6: 32d7c44c ($5.02 in chips)
32d7c44c: posts small blind $0.02
Hero: posts big blind $0.05
*** HOLE CARDS ***
Dealt to Hero [7s 2c]
Dealt to 22bd59d 
Dealt to 5804e5bf 
Dealt to 72cdeb1 
Dealt to 32d7c44c 
22bd59d: folds
5804e5bf: folds
72cdeb1: folds
32d7c44c: folds
Uncalled bet ($0.03) returned to Hero
*** SHOWDOWN ***
Hero collected $0.04 from pot
*** SUMMARY ***
Total pot $0.04 | Rake $0 | Jackpot $0 | Bingo $0 | Fortune $0
Seat 1: Hero (big blind) collected ($0.04)
Seat 2: 22bd59d folded before Flop (didn't bet)
Seat 3: 5804e5bf folded before Flop (didn't bet)
Seat 4: 72cdeb1 (button) folded before Flop (didn't bet)
Seat 6: 32d7c44c (small blind) folded before Flop


Poker Hand #HD1163282360: Hold'em No Limit  ($0.02/$0.05) - 2023/03/16 22:12:31
Table 'NLHBlue28' 6-max Seat #3 is the button
Seat 1: Hero ($5.07 in chips)
Seat 2: 22bd59d ($7.15 in chips)
Seat 3: 5804e5bf ($4.57 in chips)
Seat 4: 72cdeb1 ($5.78 in chips)
Seat 6: 32d7c44c ($5.07 in chips)
72cdeb1: posts small blind $0.02
32d7c44c: posts big blind $0.05
*** HOLE CARDS ***
Dealt to Hero [Ts 6d]
Dealt to 22bd59d 
Dealt to 5804e5bf 
Dealt to 72cdeb1 
Dealt to 32d7c44c 
Hero: folds
22bd59d: raises $0.08 to $0.13
5804e5bf: folds
72cdeb1: folds
32d7c44c: folds
Uncalled bet ($0.08) returned to 22bd59d
*** SHOWDOWN ***
22bd59d collected $0.12 from pot
*** SUMMARY ***
Total pot $0.12 | Rake $0 | Jackpot $0 | Bingo $0 | Fortune $0
Seat 1: Hero folded before Flop (didn't bet)
Seat 2: 22bd59d collected ($0.12)
Seat 3: 5804e5bf (button) folded before Flop (didn't bet)
Seat 4: 72cdeb1 (small blind) folded before Flop
Seat 6: 32d7c44c (big blind) folded before Flop


Poker Hand #HD1163282318: Hold'em No Limit  ($0.02/$0.05) - 2023/03/16 22:12:10
Table 'NLHBlue28' 6-max Seat #2 is the button
Seat 1: Hero ($5.07 in chips)
Seat 2: 22bd59d ($7.15 in chips)
Seat 3: 5804e5bf ($4.59 in chips)
Seat 4: 72cdeb1 ($5.83 in chips)
Seat 5: 7782fa9d ($7.46 in chips)
Seat 6: 32d7c44c ($5 in chips)
5804e5bf: posts small blind $0.02
72cdeb1: posts big blind $0.05
*** HOLE CARDS ***
Dealt to Hero [Tc 3s]
Dealt to 22bd59d 
Dealt to 5804e5bf 
Dealt to 72cdeb1 
Dealt to 7782fa9d 
Dealt to 32d7c44c 
7782fa9d: folds
32d7c44c: raises $0.07 to $0.12
Hero: folds
22bd59d: folds
5804e5bf: folds
72cdeb1: folds
Uncalled bet ($0.07) returned to 32d7c44c
*** SHOWDOWN ***
32d7c44c collected $0.12 from pot
*** SUMMARY ***
Total pot $0.12 | Rake $0 | Jackpot $0 | Bingo $0 | Fortune $0
Seat 1: Hero folded before Flop (didn't bet)
Seat 2: 22bd59d (button) folded before Flop (didn't bet)
Seat 3: 5804e5bf (small blind) folded before Flop
Seat 4: 72cdeb1 (big blind) folded before Flop
Seat 5: 7782fa9d folded before Flop (didn't bet)
Seat 6: 32d7c44c collected ($0.12)


Poker Hand #HD1163282277: Hold'em No Limit  ($0.02/$0.05) - 2023/03/16 22:11:47
Table 'NLHBlue28' 6-max Seat #1 is the button
Seat 1: Hero ($5 in chips)
Seat 2: 22bd59d ($7.17 in chips)
Seat 3: 5804e5bf ($4.64 in chips)
Seat 4: 72cdeb1 ($5.83 in chips)
Seat 5: 7782fa9d ($7.46 in chips)
Seat 6: 32d7c44c ($5 in chips)
22bd59d: posts small blind $0.02
5804e5bf: posts big blind $0.05
*** HOLE CARDS ***
Dealt to Hero [6c Ac]
Dealt to 22bd59d 
Dealt to 5804e5bf 
Dealt to 72cdeb1 
Dealt to 7782fa9d 
Dealt to 32d7c44c 
72cdeb1: folds
7782fa9d: folds
32d7c44c: folds
Hero: raises $0.07 to $0.12
22bd59d: folds
5804e5bf: folds
Uncalled bet ($0.07) returned to Hero
*** SHOWDOWN ***
Hero collected $0.12 from pot
*** SUMMARY ***
Total pot $0.12 | Rake $0 | Jackpot $0 | Bingo $0 | Fortune $0
Seat 1: Hero (button) collected ($0.12)
Seat 2: 22bd59d (small blind) folded before Flop
Seat 3: 5804e5bf (big blind) folded before Flop
Seat 4: 72cdeb1 folded before Flop (didn't bet)
Seat 5: 7782fa9d folded before Flop (didn't bet)
Seat 6: 32d7c44c folded before Flop (didn't bet)


Poker Hand #HD1163282212: Hold'em No Limit  ($0.02/$0.05) - 2023/03/16 22:11:16
Table 'NLHBlue28' 6-max Seat #6 is the button
Seat 1: Hero ($5 in chips)
Seat 2: 22bd59d ($7.22 in chips)
Seat 3: 5804e5bf ($4.79 in chips)
Seat 4: 72cdeb1 ($5.62 in chips)
Seat 5: 7782fa9d ($7.46 in chips)
Seat 6: 32d7c44c ($5 in chips)
Hero: posts small blind $0.02
22bd59d: posts big blind $0.05
*** HOLE CARDS ***
Dealt to Hero [Qh Tc]
Dealt to 22bd59d 
Dealt to 5804e5bf 
Dealt to 72cdeb1 
Dealt to 7782fa9d 
Dealt to 32d7c44c 
5804e5bf: raises $0.1 to $0.15
72cdeb1: raises $0.28 to $0.43
7782fa9d: folds
32d7c44c: folds
Hero: folds
22bd59d: folds
5804e5bf: folds
Uncalled bet ($0.28) returned to 72cdeb1
*** SHOWDOWN ***
72cdeb1 collected $0.36 from pot
*** SUMMARY ***
Total pot $0.37 | Rake $0.01 | Jackpot $0 | Bingo $0 | Fortune $0
Seat 1: Hero (small blind) folded before Flop
Seat 2: 22bd59d (big blind) folded before Flop
Seat 3: 5804e5bf folded before Flop
Seat 4: 72cdeb1 collected ($0.36)
Seat 5: 7782fa9d folded before Flop (didn't bet)
Seat 6: 32d7c44c (button) folded before Flop (didn't bet)


Poker Hand #HD1163282174: Hold'em No Limit  ($0.02/$0.05) - 2023/03/16 22:11:01
Table 'NLHBlue28' 6-max Seat #5 is the button
Seat 1: Hero ($5 in chips)
Seat 2: 22bd59d ($7.22 in chips)
Seat 3: 5804e5bf ($4.79 in chips)
Seat 4: 72cdeb1 ($5.55 in chips)
Seat 5: 7782fa9d ($7.46 in chips)
Seat 6: 32d7c44c ($5.02 in chips)
32d7c44c: posts small blind $0.02
Hero: posts big blind $0.05
*** HOLE CARDS ***
Dealt to Hero [4s 9s]
Dealt to 22bd59d 
Dealt to 5804e5bf 
Dealt to 72cdeb1 
Dealt to 7782fa9d 
Dealt to 32d7c44c 
22bd59d: folds
5804e5bf: folds
72cdeb1: raises $0.08 to $0.13
7782fa9d: folds
32d7c44c: folds
Hero: folds
Uncalled bet ($0.08) returned to 72cdeb1
*** SHOWDOWN ***
72cdeb1 collected $0.12 from pot
*** SUMMARY ***
Total pot $0.12 | Rake $0 | Jackpot $0 | Bingo $0 | Fortune $0
Seat 1: Hero (big blind) folded before Flop
Seat 2: 22bd59d folded before Flop (didn't bet)
Seat 3: 5804e5bf folded before Flop (didn't bet)
Seat 4: 72cdeb1 collected ($0.12)
Seat 5: 7782fa9d (button) folded before Flop (didn't bet)
Seat 6: 32d7c44c (small blind) folded before Flop


