Poker Hand #HD1137671496: Hold'em No Limit  ($0.02/$0.05) - 2023/02/26 22:29:47
Table 'NLHBlue54' 6-max Seat #4 is the button
Seat 1: 180fc669 ($7.28 in chips)
Seat 2: Hero ($13.89 in chips)
Seat 3: 76509381 ($5.28 in chips)
Seat 4: 699e30ee ($6.5 in chips)
Seat 6: c09f7e2 ($5 in chips)
c09f7e2: posts small blind $0.02
180fc669: posts big blind $0.05
*** HOLE CARDS ***
Dealt to 180fc669 
Dealt to Hero [6h Td]
Dealt to 76509381 
Dealt to 699e30ee 
Dealt to c09f7e2 
Hero: folds
76509381: folds
699e30ee: folds
c09f7e2: raises $0.05 to $0.1
180fc669: calls $0.05
*** FLOP *** [9d Tc As]
c09f7e2: bets $0.14
180fc669: folds
Uncalled bet ($0.14) returned to c09f7e2
*** SHOWDOWN ***
c09f7e2 collected $0.19 from pot
*** SUMMARY ***
Total pot $0.2 | Rake $0.01 | Jackpot $0 | Bingo $0 | Fortune $0
Board [9d Tc As]
Seat 1: 180fc669 (big blind) folded on the Flop
Seat 2: Hero folded before Flop (didn't bet)
Seat 3: 76509381 folded before Flop (didn't bet)
Seat 4: 699e30ee (button) folded before Flop (didn't bet)
Seat 6: c09f7e2 (small blind) won ($0.19)


Poker Hand #HD1137671342: Hold'em No Limit  ($0.02/$0.05) - 2023/02/26 22:28:21
Table 'NLHBlue54' 6-max Seat #3 is the button
Seat 1: 180fc669 ($7.28 in chips)
Seat 2: Hero ($12.7 in chips)
Seat 3: 76509381 ($5.28 in chips)
Seat 4: 699e30ee ($6.62 in chips)
Seat 5: 13fe3cb2 ($2.11 in chips)
Seat 6: c09f7e2 ($5 in chips)
699e30ee: posts small blind $0.02
13fe3cb2: posts big blind $0.05
*** HOLE CARDS ***
Dealt to 180fc669 
Dealt to Hero [Ac Ad]
Dealt to 76509381 
Dealt to 699e30ee 
Dealt to 13fe3cb2 
Dealt to c09f7e2 
c09f7e2: folds
180fc669: folds
Hero: raises $0.07 to $0.12
76509381: folds
699e30ee: calls $0.1
13fe3cb2: calls $0.07
*** FLOP *** [9h 6s 3s]
699e30ee: checks
13fe3cb2: bets $0.12
Hero: raises $0.45 to $0.57
699e30ee: folds
13fe3cb2: calls $0.45
*** TURN *** [9h 6s 3s] [Qc]
13fe3cb2: checks
Hero: bets $1.5
13fe3cb2: calls $1.42 and is all-in
Uncalled bet ($0.08) returned to Hero
Hero: shows [Ac Ad] (Pair of Aces)
13fe3cb2: shows [7c 8d] (Queen-High)
Hero: Chooses to EV Cashout 
*** RIVER *** [9h 6s 3s Qc] [4h]
Hero: Pays Cashout Risk ($0.78)
*** SHOWDOWN ***
Hero collected $4.08 from pot
*** SUMMARY ***
Total pot $4.34 | Rake $0.21 | Jackpot $0.05 | Bingo $0 | Fortune $0
Board [9h 6s 3s Qc 4h]
Seat 1: 180fc669 folded before Flop (didn't bet)
Seat 2: Hero showed [Ac Ad] and won ($4.08) with Pair of Aces, Cashout Risk ($0.78)
Seat 3: 76509381 (button) folded before Flop (didn't bet)
Seat 4: 699e30ee (small blind) folded on the Flop
Seat 5: 13fe3cb2 (big blind) showed [7c 8d] and lost with Queen-High
Seat 6: c09f7e2 folded before Flop (didn't bet)


Poker Hand #HD1137671311: Hold'em No Limit  ($0.02/$0.05) - 2023/02/26 22:28:06
Table 'NLHBlue54' 6-max Seat #2 is the button
Seat 1: 180fc669 ($7.28 in chips)
Seat 2: Hero ($12.63 in chips)
Seat 3: 76509381 ($5.3 in chips)
Seat 4: 699e30ee ($6.67 in chips)
Seat 5: 13fe3cb2 ($2.11 in chips)
Seat 6: c09f7e2 ($5 in chips)
76509381: posts small blind $0.02
699e30ee: posts big blind $0.05
*** HOLE CARDS ***
Dealt to 180fc669 
Dealt to Hero [Kh Qc]
Dealt to 76509381 
Dealt to 699e30ee 
Dealt to 13fe3cb2 
Dealt to c09f7e2 
13fe3cb2: folds
c09f7e2: folds
180fc669: folds
Hero: raises $0.07 to $0.12
76509381: folds
699e30ee: folds
Uncalled bet ($0.07) returned to Hero
*** SHOWDOWN ***
Hero collected $0.12 from pot
*** SUMMARY ***
Total pot $0.12 | Rake $0 | Jackpot $0 | Bingo $0 | Fortune $0
Seat 1: 180fc669 folded before Flop (didn't bet)
Seat 2: Hero (button) collected ($0.12)
Seat 3: 76509381 (small blind) folded before Flop
Seat 4: 699e30ee (big blind) folded before Flop
Seat 5: 13fe3cb2 folded before Flop (didn't bet)
Seat 6: c09f7e2 folded before Flop (didn't bet)


Poker Hand #HD1137671187: Hold'em No Limit  ($0.02/$0.05) - 2023/02/26 22:26:53
Table 'NLHBlue54' 6-max Seat #1 is the button
Seat 1: 180fc669 ($7.28 in chips)
Seat 2: Hero ($12.65 in chips)
Seat 3: 76509381 ($5 in chips)
Seat 4: 699e30ee ($6.67 in chips)
Seat 5: 13fe3cb2 ($2.42 in chips)
Seat 6: c09f7e2 ($5 in chips)
Hero: posts small blind $0.02
76509381: posts big blind $0.05
*** HOLE CARDS ***
Dealt to 180fc669 
Dealt to Hero [9c Ks]
Dealt to 76509381 
Dealt to 699e30ee 
Dealt to 13fe3cb2 
Dealt to c09f7e2 
699e30ee: folds
13fe3cb2: raises $0.05 to $0.1
c09f7e2: folds
180fc669: folds
Hero: folds
76509381: calls $0.05
*** FLOP *** [3d 8d 8s]
76509381: checks
13fe3cb2: bets $0.08
76509381: calls $0.08
*** TURN *** [3d 8d 8s] [6s]
76509381: checks
13fe3cb2: bets $0.13
76509381: calls $0.13
*** RIVER *** [3d 8d 8s 6s] [4d]
76509381: bets $0.45
13fe3cb2: folds
Uncalled bet ($0.45) returned to 76509381
*** SHOWDOWN ***
76509381 collected $0.61 from pot
*** SUMMARY ***
Total pot $0.64 | Rake $0.03 | Jackpot $0 | Bingo $0 | Fortune $0
Board [3d 8d 8s 6s 4d]
Seat 1: 180fc669 (button) folded before Flop (didn't bet)
Seat 2: Hero (small blind) folded before Flop
Seat 3: 76509381 (big blind) won ($0.61)
Seat 4: 699e30ee folded before Flop (didn't bet)
Seat 5: 13fe3cb2 folded on the River
Seat 6: c09f7e2 folded before Flop (didn't bet)


Poker Hand #HD1137671126: Hold'em No Limit  ($0.02/$0.05) - 2023/02/26 22:26:20
Table 'NLHBlue54' 6-max Seat #6 is the button
Seat 1: 180fc669 ($7.3 in chips)
Seat 2: Hero ($12.78 in chips)
Seat 3: 76509381 ($5 in chips)
Seat 4: 699e30ee ($6.53 in chips)
Seat 5: 13fe3cb2 ($2.42 in chips)
Seat 6: c09f7e2 ($5 in chips)
180fc669: posts small blind $0.02
Hero: posts big blind $0.05
*** HOLE CARDS ***
Dealt to 180fc669 
Dealt to Hero [9s Ac]
Dealt to 76509381 
Dealt to 699e30ee 
Dealt to 13fe3cb2 
Dealt to c09f7e2 
76509381: folds
699e30ee: raises $0.08 to $0.13
13fe3cb2: folds
c09f7e2: folds
180fc669: folds
Hero: calls $0.08
*** FLOP *** [Qh 2h Jc]
Hero: checks
699e30ee: bets $0.14
Hero: folds
Uncalled bet ($0.14) returned to 699e30ee
*** SHOWDOWN ***
699e30ee collected $0.27 from pot
*** SUMMARY ***
Total pot $0.28 | Rake $0.01 | Jackpot $0 | Bingo $0 | Fortune $0
Board [Qh 2h Jc]
Seat 1: 180fc669 (small blind) folded before Flop
Seat 2: Hero (big blind) folded on the Flop
Seat 3: 76509381 folded before Flop (didn't bet)
Seat 4: 699e30ee won ($0.27)
Seat 5: 13fe3cb2 folded before Flop (didn't bet)
Seat 6: c09f7e2 (button) folded before Flop (didn't bet)


Poker Hand #HD1137670956: Hold'em No Limit  ($0.02/$0.05) - 2023/02/26 22:24:50
Table 'NLHBlue54' 6-max Seat #5 is the button
Seat 1: 180fc669 ($5.07 in chips)
Seat 2: Hero ($12.78 in chips)
Seat 3: 76509381 ($5 in chips)
Seat 4: 699e30ee ($6.53 in chips)
Seat 5: 13fe3cb2 ($4.93 in chips)
Seat 6: c09f7e2 ($5 in chips)
c09f7e2: posts small blind $0.02
180fc669: posts big blind $0.05
*** HOLE CARDS ***
Dealt to 180fc669 
Dealt to Hero [6s 5d]
Dealt to 76509381 
Dealt to 699e30ee 
Dealt to 13fe3cb2 
Dealt to c09f7e2 
Hero: folds
76509381: folds
699e30ee: folds
13fe3cb2: raises $0.05 to $0.1
c09f7e2: folds
180fc669: calls $0.05
*** FLOP *** [4h Qd 7h]
180fc669: bets $0.17
13fe3cb2: calls $0.17
*** TURN *** [4h Qd 7h] [Ks]
180fc669: bets $0.56
13fe3cb2: calls $0.56
*** RIVER *** [4h Qd 7h Ks] [9s]
180fc669: bets $1.68
13fe3cb2: calls $1.68
180fc669: shows [7c Qc] (Pair of Queens and Pair of Sevens)
13fe3cb2: shows [Ac Ah] (Pair of Aces)
*** SHOWDOWN ***
180fc669 collected $4.74 from pot
*** SUMMARY ***
Total pot $5.04 | Rake $0.25 | Jackpot $0.05 | Bingo $0 | Fortune $0
Board [4h Qd 7h Ks 9s]
Seat 1: 180fc669 (big blind) showed [7c Qc] and won ($4.74) with Pair of Queens and Pair of Sevens
Seat 2: Hero folded before Flop (didn't bet)
Seat 3: 76509381 folded before Flop (didn't bet)
Seat 4: 699e30ee folded before Flop (didn't bet)
Seat 5: 13fe3cb2 (button) showed [Ac Ah] and lost with Pair of Aces
Seat 6: c09f7e2 (small blind) folded before Flop


Poker Hand #HD1137670915: Hold'em No Limit  ($0.02/$0.05) - 2023/02/26 22:24:26
Table 'NLHBlue54' 6-max Seat #4 is the button
Seat 1: 180fc669 ($5.07 in chips)
Seat 2: Hero ($12.71 in chips)
Seat 3: 76509381 ($5 in chips)
Seat 4: 699e30ee ($6.53 in chips)
Seat 5: 13fe3cb2 ($4.95 in chips)
Seat 6: c09f7e2 ($5 in chips)
13fe3cb2: posts small blind $0.02
c09f7e2: posts big blind $0.05
*** HOLE CARDS ***
Dealt to 180fc669 
Dealt to Hero [6h Ah]
Dealt to 76509381 
Dealt to 699e30ee 
Dealt to 13fe3cb2 
Dealt to c09f7e2 
180fc669: folds
Hero: raises $0.07 to $0.12
76509381: folds
699e30ee: folds
13fe3cb2: folds
c09f7e2: folds
Uncalled bet ($0.07) returned to Hero
*** SHOWDOWN ***
Hero collected $0.12 from pot
*** SUMMARY ***
Total pot $0.12 | Rake $0 | Jackpot $0 | Bingo $0 | Fortune $0
Seat 1: 180fc669 folded before Flop (didn't bet)
Seat 2: Hero collected ($0.12)
Seat 3: 76509381 folded before Flop (didn't bet)
Seat 4: 699e30ee (button) folded before Flop (didn't bet)
Seat 5: 13fe3cb2 (small blind) folded before Flop
Seat 6: c09f7e2 (big blind) folded before Flop


Poker Hand #HD1137670830: Hold'em No Limit  ($0.02/$0.05) - 2023/02/26 22:23:44
Table 'NLHBlue54' 6-max Seat #3 is the button
Seat 1: 180fc669 ($5.07 in chips)
Seat 2: Hero ($12.64 in chips)
Seat 3: 76509381 ($5 in chips)
Seat 4: 699e30ee ($6.55 in chips)
Seat 5: 13fe3cb2 ($5 in chips)
699e30ee: posts small blind $0.02
13fe3cb2: posts big blind $0.05
*** HOLE CARDS ***
Dealt to 180fc669 
Dealt to Hero [9h Qh]
Dealt to 76509381 
Dealt to 699e30ee 
Dealt to 13fe3cb2 
180fc669: folds
Hero: raises $0.07 to $0.12
76509381: folds
699e30ee: folds
13fe3cb2: folds
Uncalled bet ($0.07) returned to Hero
*** SHOWDOWN ***
Hero collected $0.12 from pot
*** SUMMARY ***
Total pot $0.12 | Rake $0 | Jackpot $0 | Bingo $0 | Fortune $0
Seat 1: 180fc669 folded before Flop (didn't bet)
Seat 2: Hero collected ($0.12)
Seat 3: 76509381 (button) folded before Flop (didn't bet)
Seat 4: 699e30ee (small blind) folded before Flop
Seat 5: 13fe3cb2 (big blind) folded before Flop


Poker Hand #HD1137670795: Hold'em No Limit  ($0.02/$0.05) - 2023/02/26 22:23:27
Table 'NLHBlue54' 6-max Seat #2 is the button
Seat 1: 180fc669 ($5 in chips)
Seat 2: Hero ($12.64 in chips)
Seat 3: 76509381 ($5 in chips)
Seat 4: 699e30ee ($6.6 in chips)
Seat 5: 13fe3cb2 ($5 in chips)
76509381: posts small blind $0.02
699e30ee: posts big blind $0.05
*** HOLE CARDS ***
Dealt to 180fc669 
Dealt to Hero [6c 4s]
Dealt to 76509381 
Dealt to 699e30ee 
Dealt to 13fe3cb2 
13fe3cb2: folds
180fc669: raises $0.08 to $0.13
Hero: folds
76509381: folds
699e30ee: folds
Uncalled bet ($0.08) returned to 180fc669
*** SHOWDOWN ***
180fc669 collected $0.12 from pot
*** SUMMARY ***
Total pot $0.12 | Rake $0 | Jackpot $0 | Bingo $0 | Fortune $0
Seat 1: 180fc669 collected ($0.12)
Seat 2: Hero (button) folded before Flop (didn't bet)
Seat 3: 76509381 (small blind) folded before Flop
Seat 4: 699e30ee (big blind) folded before Flop
Seat 5: 13fe3cb2 folded before Flop (didn't bet)


Poker Hand #HD1137670711: Hold'em No Limit  ($0.02/$0.05) - 2023/02/26 22:22:38
Table 'NLHBlue54' 6-max Seat #1 is the button
Seat 1: 180fc669 ($5 in chips)
Seat 2: Hero ($12.66 in chips)
Seat 3: 76509381 ($5 in chips)
Seat 4: 699e30ee ($6.6 in chips)
Seat 5: 13fe3cb2 ($4.93 in chips)
Hero: posts small blind $0.02
76509381: posts big blind $0.05
*** HOLE CARDS ***
Dealt to 180fc669 
Dealt to Hero [4h 7h]
Dealt to 76509381 
Dealt to 699e30ee 
Dealt to 13fe3cb2 
699e30ee: folds
13fe3cb2: calls $0.05
180fc669: folds
Hero: folds
76509381: checks
*** FLOP *** [Ac 8s 8d]
76509381: checks
13fe3cb2: checks
*** TURN *** [Ac 8s 8d] [Th]
76509381: checks
13fe3cb2: checks
*** RIVER *** [Ac 8s 8d Th] [5h]
76509381: checks
13fe3cb2: checks
76509381: shows [7d 2h] (Pair of Eights)
13fe3cb2: shows [Jh 3h] (Pair of Eights)
*** SHOWDOWN ***
13fe3cb2 collected $0.12 from pot
*** SUMMARY ***
Total pot $0.12 | Rake $0 | Jackpot $0 | Bingo $0 | Fortune $0
Board [Ac 8s 8d Th 5h]
Seat 1: 180fc669 (button) folded before Flop (didn't bet)
Seat 2: Hero (small blind) folded before Flop
Seat 3: 76509381 (big blind) showed [7d 2h] and lost with Pair of Eights
Seat 4: 699e30ee folded before Flop (didn't bet)
Seat 5: 13fe3cb2 showed [Jh 3h] and won ($0.12) with Pair of Eights


Poker Hand #HD1137670572: Hold'em No Limit  ($0.02/$0.05) - 2023/02/26 22:21:26
Table 'NLHBlue54' 6-max Seat #5 is the button
Seat 1: 180fc669 ($5 in chips)
Seat 2: Hero ($13.03 in chips)
Seat 3: 76509381 ($5 in chips)
Seat 4: 699e30ee ($6.97 in chips)
Seat 5: 13fe3cb2 ($4.22 in chips)
180fc669: posts small blind $0.02
Hero: posts big blind $0.05
*** HOLE CARDS ***
Dealt to 180fc669 
Dealt to Hero [As 7c]
Dealt to 76509381 
Dealt to 699e30ee 
Dealt to 13fe3cb2 
76509381: folds
699e30ee: raises $0.08 to $0.13
13fe3cb2: calls $0.13
180fc669: folds
Hero: calls $0.08
*** FLOP *** [Ac 5h 3s]
Hero: bets $0.05
699e30ee: calls $0.05
13fe3cb2: raises $0.19 to $0.24
Hero: calls $0.19
699e30ee: calls $0.19
*** TURN *** [Ac 5h 3s] [9s]
Hero: checks
699e30ee: checks
13fe3cb2: checks
*** RIVER *** [Ac 5h 3s 9s] [Qs]
Hero: checks
699e30ee: checks
13fe3cb2: checks
Hero: shows [As 7c] (Pair of Aces)
699e30ee: shows [6d 7d] (Ace-High)
13fe3cb2: shows [Ah 8h] (Pair of Aces)
*** SHOWDOWN ***
13fe3cb2 collected $1.08 from pot
*** SUMMARY ***
Total pot $1.13 | Rake $0.05 | Jackpot $0 | Bingo $0 | Fortune $0
Board [Ac 5h 3s 9s Qs]
Seat 1: 180fc669 (small blind) folded before Flop
Seat 2: Hero (big blind) showed [As 7c] and lost with Pair of Aces
Seat 3: 76509381 folded before Flop (didn't bet)
Seat 4: 699e30ee showed [6d 7d] and lost with Ace-High
Seat 5: 13fe3cb2 (button) showed [Ah 8h] and won ($1.08) with Pair of Aces


Poker Hand #HD1137670545: Hold'em No Limit  ($0.02/$0.05) - 2023/02/26 22:21:13
Table 'NLHBlue54' 6-max Seat #4 is the button
Seat 1: 180fc669 ($5 in chips)
Seat 2: Hero ($13.03 in chips)
Seat 3: 76509381 ($5 in chips)
Seat 4: 699e30ee ($6.97 in chips)
Seat 5: 13fe3cb2 ($4.17 in chips)
13fe3cb2: posts small blind $0.02
180fc669: posts big blind $0.05
*** HOLE CARDS ***
Dealt to 180fc669 
Dealt to Hero [Jd Th]
Dealt to 76509381 
Dealt to 699e30ee 
Dealt to 13fe3cb2 
Hero: folds
76509381: folds
699e30ee: folds
13fe3cb2: raises $0.05 to $0.1
180fc669: folds
Uncalled bet ($0.05) returned to 13fe3cb2
*** SHOWDOWN ***
13fe3cb2 collected $0.1 from pot
*** SUMMARY ***
Total pot $0.1 | Rake $0 | Jackpot $0 | Bingo $0 | Fortune $0
Seat 1: 180fc669 (big blind) folded before Flop
Seat 2: Hero folded before Flop (didn't bet)
Seat 3: 76509381 folded before Flop (didn't bet)
Seat 4: 699e30ee (button) folded before Flop (didn't bet)
Seat 5: 13fe3cb2 (small blind) collected ($0.1)


Poker Hand #HD1137670438: Hold'em No Limit  ($0.02/$0.05) - 2023/02/26 22:20:13
Table 'NLHBlue54' 6-max Seat #3 is the button
Seat 2: Hero ($12.68 in chips)
Seat 3: 76509381 ($5 in chips)
Seat 4: 699e30ee ($6.99 in chips)
Seat 5: 13fe3cb2 ($4.53 in chips)
Seat 6: 77e7dc54 ($5 in chips)
699e30ee: posts small blind $0.02
13fe3cb2: posts big blind $0.05
*** HOLE CARDS ***
Dealt to Hero [Kd 8d]
Dealt to 76509381 
Dealt to 699e30ee 
Dealt to 13fe3cb2 
Dealt to 77e7dc54 
77e7dc54: folds
Hero: raises $0.07 to $0.12
76509381: folds
699e30ee: folds
13fe3cb2: calls $0.07
*** FLOP *** [8h 3s 2d]
13fe3cb2: checks
Hero: bets $0.09
13fe3cb2: raises $0.15 to $0.24
Hero: calls $0.15
*** TURN *** [8h 3s 2d] [Qh]
13fe3cb2: checks
Hero: checks
*** RIVER *** [8h 3s 2d Qh] [7d]
13fe3cb2: checks
Hero: checks
13fe3cb2: shows [Ac 2c] (Pair of Twos)
Hero: shows [Kd 8d] (Pair of Eights)
*** SHOWDOWN ***
Hero collected $0.71 from pot
*** SUMMARY ***
Total pot $0.74 | Rake $0.03 | Jackpot $0 | Bingo $0 | Fortune $0
Board [8h 3s 2d Qh 7d]
Seat 2: Hero showed [Kd 8d] and won ($0.71) with Pair of Eights
Seat 3: 76509381 (button) folded before Flop (didn't bet)
Seat 4: 699e30ee (small blind) folded before Flop
Seat 5: 13fe3cb2 (big blind) showed [Ac 2c] and lost with Pair of Twos
Seat 6: 77e7dc54 folded before Flop (didn't bet)


Poker Hand #HD1137670329: Hold'em No Limit  ($0.02/$0.05) - 2023/02/26 22:19:19
Table 'NLHBlue54' 6-max Seat #2 is the button
Seat 2: Hero ($12 in chips)
Seat 3: 76509381 ($5 in chips)
Seat 4: 699e30ee ($7.04 in chips)
Seat 5: 13fe3cb2 ($4.53 in chips)
Seat 6: 77e7dc54 ($5.07 in chips)
76509381: posts small blind $0.02
699e30ee: posts big blind $0.05
*** HOLE CARDS ***
Dealt to Hero [Jd Td]
Dealt to 76509381 
Dealt to 699e30ee 
Dealt to 13fe3cb2 
Dealt to 77e7dc54 
13fe3cb2: folds
77e7dc54: raises $0.1 to $0.15
Hero: raises $0.27 to $0.42
76509381: folds
699e30ee: folds
77e7dc54: calls $0.27
*** FLOP *** [2d Ts 7h]
77e7dc54: checks
Hero: bets $0.31
77e7dc54: calls $0.31
*** TURN *** [2d Ts 7h] [Kc]
77e7dc54: checks
Hero: bets $0.51
77e7dc54: folds
Uncalled bet ($0.51) returned to Hero
*** SHOWDOWN ***
Hero collected $1.41 from pot
*** SUMMARY ***
Total pot $1.53 | Rake $0.07 | Jackpot $0.05 | Bingo $0 | Fortune $0
Board [2d Ts 7h Kc]
Seat 2: Hero (button) won ($1.41)
Seat 3: 76509381 (small blind) folded before Flop
Seat 4: 699e30ee (big blind) folded before Flop
Seat 5: 13fe3cb2 folded before Flop (didn't bet)
Seat 6: 77e7dc54 folded on the Turn


Poker Hand #HD1137670259: Hold'em No Limit  ($0.02/$0.05) - 2023/02/26 22:18:32
Table 'NLHBlue54' 6-max Seat #1 is the button
Seat 1: c1d326b2 ($7.04 in chips)
Seat 2: Hero ($11.87 in chips)
Seat 3: 76509381 ($5 in chips)
Seat 4: 699e30ee ($7.04 in chips)
Seat 5: 13fe3cb2 ($4.53 in chips)
Seat 6: 77e7dc54 ($5.07 in chips)
Hero: posts small blind $0.02
76509381: posts big blind $0.05
*** HOLE CARDS ***
Dealt to c1d326b2 
Dealt to Hero [Qc Js]
Dealt to 76509381 
Dealt to 699e30ee 
Dealt to 13fe3cb2 
Dealt to 77e7dc54 
699e30ee: folds
13fe3cb2: folds
77e7dc54: folds
c1d326b2: folds
Hero: raises $0.09 to $0.14
76509381: calls $0.09
*** FLOP *** [8d 2h Ts]
Hero: checks
76509381: checks
*** TURN *** [8d 2h Ts] [Td]
Hero: bets $0.14
76509381: folds
Uncalled bet ($0.14) returned to Hero
*** SHOWDOWN ***
Hero collected $0.27 from pot
*** SUMMARY ***
Total pot $0.28 | Rake $0.01 | Jackpot $0 | Bingo $0 | Fortune $0
Board [8d 2h Ts Td]
Seat 1: c1d326b2 (button) folded before Flop (didn't bet)
Seat 2: Hero (small blind) won ($0.27)
Seat 3: 76509381 (big blind) folded on the Turn
Seat 4: 699e30ee folded before Flop (didn't bet)
Seat 5: 13fe3cb2 folded before Flop (didn't bet)
Seat 6: 77e7dc54 folded before Flop (didn't bet)


Poker Hand #HD1137670148: Hold'em No Limit  ($0.02/$0.05) - 2023/02/26 22:17:35
Table 'NLHBlue54' 6-max Seat #6 is the button
Seat 1: c1d326b2 ($7.29 in chips)
Seat 2: Hero ($11.55 in chips)
Seat 3: 76509381 ($5 in chips)
Seat 4: 699e30ee ($7.04 in chips)
Seat 5: 13fe3cb2 ($4.63 in chips)
Seat 6: 77e7dc54 ($5.07 in chips)
c1d326b2: posts small blind $0.02
Hero: posts big blind $0.05
*** HOLE CARDS ***
Dealt to c1d326b2 
Dealt to Hero [6d 6h]
Dealt to 76509381 
Dealt to 699e30ee 
Dealt to 13fe3cb2 
Dealt to 77e7dc54 
76509381: folds
699e30ee: folds
13fe3cb2: raises $0.05 to $0.1
77e7dc54: folds
c1d326b2: calls $0.08
Hero: calls $0.05
*** FLOP *** [6s 8h 7s]
c1d326b2: checks
Hero: bets $0.15
13fe3cb2: folds
c1d326b2: calls $0.15
*** TURN *** [6s 8h 7s] [Qc]
c1d326b2: checks
Hero: bets $0.3
c1d326b2: folds
Uncalled bet ($0.3) returned to Hero
*** SHOWDOWN ***
Hero collected $0.57 from pot
*** SUMMARY ***
Total pot $0.6 | Rake $0.03 | Jackpot $0 | Bingo $0 | Fortune $0
Board [6s 8h 7s Qc]
Seat 1: c1d326b2 (small blind) folded on the Turn
Seat 2: Hero (big blind) won ($0.57)
Seat 3: 76509381 folded before Flop (didn't bet)
Seat 4: 699e30ee folded before Flop (didn't bet)
Seat 5: 13fe3cb2 folded on the Flop
Seat 6: 77e7dc54 (button) folded before Flop (didn't bet)


Poker Hand #HD1137669947: Hold'em No Limit  ($0.02/$0.05) - 2023/02/26 22:15:50
Table 'NLHBlue54' 6-max Seat #5 is the button
Seat 1: c1d326b2 ($3.85 in chips)
Seat 2: Hero ($11.55 in chips)
Seat 3: 76509381 ($5 in chips)
Seat 4: 699e30ee ($5 in chips)
Seat 5: 13fe3cb2 ($4.63 in chips)
Seat 6: 77e7dc54 ($5.09 in chips)
77e7dc54: posts small blind $0.02
c1d326b2: posts big blind $0.05
*** HOLE CARDS ***
Dealt to c1d326b2 
Dealt to Hero [5s Ks]
Dealt to 76509381 
Dealt to 699e30ee 
Dealt to 13fe3cb2 
Dealt to 77e7dc54 
Hero: folds
76509381: folds
699e30ee: raises $0.08 to $0.13
13fe3cb2: folds
77e7dc54: folds
c1d326b2: calls $0.08
*** FLOP *** [4h 5h Kd]
c1d326b2: checks
699e30ee: bets $0.14
c1d326b2: raises $0.41 to $0.55
699e30ee: calls $0.41
*** TURN *** [4h 5h Kd] [Js]
c1d326b2: bets $1.74
699e30ee: raises $1.74 to $3.48
c1d326b2: calls $1.43 and is all-in
Uncalled bet ($0.31) returned to 699e30ee
699e30ee: shows [Jd Kc] (Pair of Kings and Pair of Jacks)
c1d326b2: shows [6h Kh] (Pair of Kings)
*** RIVER *** [4h 5h Kd Js] [7h]
699e30ee: Receives Cashout ($5.89)
*** SHOWDOWN ***
c1d326b2 collected $7.29 from pot
*** SUMMARY ***
Total pot $7.72 | Rake $0.38 | Jackpot $0.05 | Bingo $0 | Fortune $0
Board [4h 5h Kd Js 7h]
Seat 1: c1d326b2 (big blind) showed [6h Kh] and won ($7.29) with King High Flush
Seat 2: Hero folded before Flop (didn't bet)
Seat 3: 76509381 folded before Flop (didn't bet)
Seat 4: 699e30ee showed [Jd Kc] and lost with Pair of Kings and Pair of Jacks, EV Cashout ($5.89)
Seat 5: 13fe3cb2 (button) folded before Flop (didn't bet)
Seat 6: 77e7dc54 (small blind) folded before Flop


Poker Hand #HD1137669923: Hold'em No Limit  ($0.02/$0.05) - 2023/02/26 22:15:35
Table 'NLHBlue54' 6-max Seat #4 is the button
Seat 1: c1d326b2 ($3.85 in chips)
Seat 2: Hero ($11.48 in chips)
Seat 3: 76509381 ($5 in chips)
Seat 4: 699e30ee ($5 in chips)
Seat 5: 13fe3cb2 ($4.65 in chips)
Seat 6: 77e7dc54 ($5.14 in chips)
13fe3cb2: posts small blind $0.02
77e7dc54: posts big blind $0.05
*** HOLE CARDS ***
Dealt to c1d326b2 
Dealt to Hero [Jc Qc]
Dealt to 76509381 
Dealt to 699e30ee 
Dealt to 13fe3cb2 
Dealt to 77e7dc54 
c1d326b2: folds
Hero: raises $0.07 to $0.12
76509381: folds
699e30ee: folds
13fe3cb2: folds
77e7dc54: folds
Uncalled bet ($0.07) returned to Hero
*** SHOWDOWN ***
Hero collected $0.12 from pot
*** SUMMARY ***
Total pot $0.12 | Rake $0 | Jackpot $0 | Bingo $0 | Fortune $0
Seat 1: c1d326b2 folded before Flop (didn't bet)
Seat 2: Hero collected ($0.12)
Seat 3: 76509381 folded before Flop (didn't bet)
Seat 4: 699e30ee (button) folded before Flop (didn't bet)
Seat 5: 13fe3cb2 (small blind) folded before Flop
Seat 6: 77e7dc54 (big blind) folded before Flop


Poker Hand #HD1137669894: Hold'em No Limit  ($0.02/$0.05) - 2023/02/26 22:15:20
Table 'NLHBlue54' 6-max Seat #3 is the button
Seat 1: c1d326b2 ($3.85 in chips)
Seat 2: Hero ($11.48 in chips)
Seat 3: 76509381 ($5 in chips)
Seat 4: 699e30ee ($5 in chips)
Seat 5: 13fe3cb2 ($4.7 in chips)
Seat 6: 77e7dc54 ($5.07 in chips)
699e30ee: posts small blind $0.02
13fe3cb2: posts big blind $0.05
*** HOLE CARDS ***
Dealt to c1d326b2 
Dealt to Hero [9s 4c]
Dealt to 76509381 
Dealt to 699e30ee 
Dealt to 13fe3cb2 
Dealt to 77e7dc54 
77e7dc54: raises $0.1 to $0.15
c1d326b2: folds
Hero: folds
76509381: folds
699e30ee: folds
13fe3cb2: folds
Uncalled bet ($0.1) returned to 77e7dc54
*** SHOWDOWN ***
77e7dc54 collected $0.12 from pot
*** SUMMARY ***
Total pot $0.12 | Rake $0 | Jackpot $0 | Bingo $0 | Fortune $0
Seat 1: c1d326b2 folded before Flop (didn't bet)
Seat 2: Hero folded before Flop (didn't bet)
Seat 3: 76509381 (button) folded before Flop (didn't bet)
Seat 4: 699e30ee (small blind) folded before Flop
Seat 5: 13fe3cb2 (big blind) folded before Flop
Seat 6: 77e7dc54 collected ($0.12)


Poker Hand #HD1137669839: Hold'em No Limit  ($0.02/$0.05) - 2023/02/26 22:14:53
Table 'NLHBlue54' 6-max Seat #2 is the button
Seat 1: c1d326b2 ($3.85 in chips)
Seat 2: Hero ($11.48 in chips)
Seat 3: 76509381 ($5.02 in chips)
Seat 4: 699e30ee ($5 in chips)
Seat 5: 13fe3cb2 ($4.7 in chips)
Seat 6: 77e7dc54 ($5 in chips)
76509381: posts small blind $0.02
699e30ee: posts big blind $0.05
*** HOLE CARDS ***
Dealt to c1d326b2 
Dealt to Hero [7c Ks]
Dealt to 76509381 
Dealt to 699e30ee 
Dealt to 13fe3cb2 
Dealt to 77e7dc54 
13fe3cb2: folds
77e7dc54: raises $0.1 to $0.15
c1d326b2: folds
Hero: folds
76509381: folds
699e30ee: folds
Uncalled bet ($0.1) returned to 77e7dc54
*** SHOWDOWN ***
77e7dc54 collected $0.12 from pot
*** SUMMARY ***
Total pot $0.12 | Rake $0 | Jackpot $0 | Bingo $0 | Fortune $0
Seat 1: c1d326b2 folded before Flop (didn't bet)
Seat 2: Hero (button) folded before Flop (didn't bet)
Seat 3: 76509381 (small blind) folded before Flop
Seat 4: 699e30ee (big blind) folded before Flop
Seat 5: 13fe3cb2 folded before Flop (didn't bet)
Seat 6: 77e7dc54 collected ($0.12)


Poker Hand #HD1137669809: Hold'em No Limit  ($0.02/$0.05) - 2023/02/26 22:14:36
Table 'NLHBlue54' 6-max Seat #1 is the button
Seat 1: c1d326b2 ($3.85 in chips)
Seat 2: Hero ($11.5 in chips)
Seat 3: 76509381 ($5 in chips)
Seat 4: 699e30ee ($5 in chips)
Seat 5: 13fe3cb2 ($4.7 in chips)
Seat 6: 77e7dc54 ($5 in chips)
Hero: posts small blind $0.02
76509381: posts big blind $0.05
*** HOLE CARDS ***
Dealt to c1d326b2 
Dealt to Hero [7s 5s]
Dealt to 76509381 
Dealt to 699e30ee 
Dealt to 13fe3cb2 
Dealt to 77e7dc54 
699e30ee: folds
13fe3cb2: folds
77e7dc54: folds
c1d326b2: folds
Hero: folds
Uncalled bet ($0.03) returned to 76509381
*** SHOWDOWN ***
76509381 collected $0.04 from pot
*** SUMMARY ***
Total pot $0.04 | Rake $0 | Jackpot $0 | Bingo $0 | Fortune $0
Seat 1: c1d326b2 (button) folded before Flop (didn't bet)
Seat 2: Hero (small blind) folded before Flop
Seat 3: 76509381 (big blind) collected ($0.04)
Seat 4: 699e30ee folded before Flop (didn't bet)
Seat 5: 13fe3cb2 folded before Flop (didn't bet)
Seat 6: 77e7dc54 folded before Flop (didn't bet)


Poker Hand #HD1137669772: Hold'em No Limit  ($0.02/$0.05) - 2023/02/26 22:14:16
Table 'NLHBlue54' 6-max Seat #6 is the button
Seat 1: c1d326b2 ($3.87 in chips)
Seat 2: Hero ($11.55 in chips)
Seat 3: 76509381 ($5 in chips)
Seat 4: 699e30ee ($5 in chips)
Seat 5: 13fe3cb2 ($4.63 in chips)
Seat 6: 77e7dc54 ($5 in chips)
c1d326b2: posts small blind $0.02
Hero: posts big blind $0.05
*** HOLE CARDS ***
Dealt to c1d326b2 
Dealt to Hero [Js 7c]
Dealt to 76509381 
Dealt to 699e30ee 
Dealt to 13fe3cb2 
Dealt to 77e7dc54 
76509381: folds
699e30ee: folds
13fe3cb2: raises $0.05 to $0.1
77e7dc54: folds
c1d326b2: folds
Hero: folds
Uncalled bet ($0.05) returned to 13fe3cb2
*** SHOWDOWN ***
13fe3cb2 collected $0.12 from pot
*** SUMMARY ***
Total pot $0.12 | Rake $0 | Jackpot $0 | Bingo $0 | Fortune $0
Seat 1: c1d326b2 (small blind) folded before Flop
Seat 2: Hero (big blind) folded before Flop
Seat 3: 76509381 folded before Flop (didn't bet)
Seat 4: 699e30ee folded before Flop (didn't bet)
Seat 5: 13fe3cb2 collected ($0.12)
Seat 6: 77e7dc54 (button) folded before Flop (didn't bet)


Poker Hand #HD1137669625: Hold'em No Limit  ($0.02/$0.05) - 2023/02/26 22:12:52
Table 'NLHBlue54' 6-max Seat #5 is the button
Seat 1: c1d326b2 ($2.75 in chips)
Seat 2: Hero ($11.55 in chips)
Seat 3: 76509381 ($5 in chips)
Seat 4: 699e30ee ($5.1 in chips)
Seat 5: 13fe3cb2 ($5.76 in chips)
Seat 6: 77e7dc54 ($5 in chips)
77e7dc54: posts small blind $0.02
c1d326b2: posts big blind $0.05
*** HOLE CARDS ***
Dealt to c1d326b2 
Dealt to Hero [Ks 9h]
Dealt to 76509381 
Dealt to 699e30ee 
Dealt to 13fe3cb2 
Dealt to 77e7dc54 
Hero: folds
76509381: folds
699e30ee: raises $0.08 to $0.13
13fe3cb2: calls $0.13
77e7dc54: folds
c1d326b2: raises $0.52 to $0.65
699e30ee: folds
13fe3cb2: calls $0.52
*** FLOP *** [4c Jd 8c]
c1d326b2: bets $0.48
13fe3cb2: calls $0.48
*** TURN *** [4c Jd 8c] [6d]
c1d326b2: bets $1.62 and is all-in
13fe3cb2: folds
Uncalled bet ($1.62) returned to c1d326b2
*** SHOWDOWN ***
c1d326b2 collected $2.25 from pot
*** SUMMARY ***
Total pot $2.41 | Rake $0.11 | Jackpot $0.05 | Bingo $0 | Fortune $0
Board [4c Jd 8c 6d]
Seat 1: c1d326b2 (big blind) won ($2.25)
Seat 2: Hero folded before Flop (didn't bet)
Seat 3: 76509381 folded before Flop (didn't bet)
Seat 4: 699e30ee folded before Flop
Seat 5: 13fe3cb2 (button) folded on the Turn
Seat 6: 77e7dc54 (small blind) folded before Flop


Poker Hand #HD1137669586: Hold'em No Limit  ($0.02/$0.05) - 2023/02/26 22:12:28
Table 'NLHBlue54' 6-max Seat #4 is the button
Seat 1: c1d326b2 ($2.75 in chips)
Seat 2: Hero ($11.48 in chips)
Seat 3: 76509381 ($5 in chips)
Seat 4: 699e30ee ($5.1 in chips)
Seat 5: 13fe3cb2 ($5.78 in chips)
Seat 6: 77e7dc54 ($5 in chips)
13fe3cb2: posts small blind $0.02
77e7dc54: posts big blind $0.05
*** HOLE CARDS ***
Dealt to c1d326b2 
Dealt to Hero [Qc As]
Dealt to 76509381 
Dealt to 699e30ee 
Dealt to 13fe3cb2 
Dealt to 77e7dc54 
c1d326b2: folds
Hero: raises $0.07 to $0.12
76509381: folds
699e30ee: folds
13fe3cb2: folds
77e7dc54: folds
Uncalled bet ($0.07) returned to Hero
*** SHOWDOWN ***
Hero collected $0.12 from pot
*** SUMMARY ***
Total pot $0.12 | Rake $0 | Jackpot $0 | Bingo $0 | Fortune $0
Seat 1: c1d326b2 folded before Flop (didn't bet)
Seat 2: Hero collected ($0.12)
Seat 3: 76509381 folded before Flop (didn't bet)
Seat 4: 699e30ee (button) folded before Flop (didn't bet)
Seat 5: 13fe3cb2 (small blind) folded before Flop
Seat 6: 77e7dc54 (big blind) folded before Flop


Poker Hand #HD1137669438: Hold'em No Limit  ($0.02/$0.05) - 2023/02/26 22:11:04
Table 'NLHBlue54' 6-max Seat #3 is the button
Seat 1: c1d326b2 ($2.75 in chips)
Seat 2: Hero ($11.69 in chips)
Seat 3: 76509381 ($5 in chips)
Seat 4: 699e30ee ($5.12 in chips)
Seat 5: 13fe3cb2 ($5.57 in chips)
Seat 6: 77e7dc54 ($5 in chips)
699e30ee: posts small blind $0.02
13fe3cb2: posts big blind $0.05
*** HOLE CARDS ***
Dealt to c1d326b2 
Dealt to Hero [9c 8c]
Dealt to 76509381 
Dealt to 699e30ee 
Dealt to 13fe3cb2 
Dealt to 77e7dc54 
77e7dc54: folds
c1d326b2: folds
Hero: raises $0.07 to $0.12
76509381: folds
699e30ee: folds
13fe3cb2: calls $0.07
*** FLOP *** [5h 7d 4s]
13fe3cb2: checks
Hero: bets $0.09
13fe3cb2: calls $0.09
*** TURN *** [5h 7d 4s] [Qc]
13fe3cb2: checks
Hero: checks
*** RIVER *** [5h 7d 4s Qc] [Qd]
13fe3cb2: bets $0.33
Hero: folds
Uncalled bet ($0.33) returned to 13fe3cb2
13fe3cb2: shows [As 9h] (Pair of Queens)
*** SHOWDOWN ***
13fe3cb2 collected $0.42 from pot
*** SUMMARY ***
Total pot $0.44 | Rake $0.02 | Jackpot $0 | Bingo $0 | Fortune $0
Board [5h 7d 4s Qc Qd]
Seat 1: c1d326b2 folded before Flop (didn't bet)
Seat 2: Hero folded on the River
Seat 3: 76509381 (button) folded before Flop (didn't bet)
Seat 4: 699e30ee (small blind) folded before Flop
Seat 5: 13fe3cb2 (big blind) showed [As 9h] and won ($0.42) with Pair of Queens
Seat 6: 77e7dc54 folded before Flop (didn't bet)


Poker Hand #HD1137669292: Hold'em No Limit  ($0.02/$0.05) - 2023/02/26 22:09:48
Table 'NLHBlue54' 6-max Seat #2 is the button
Seat 1: c1d326b2 ($2.75 in chips)
Seat 2: Hero ($12.4 in chips)
Seat 3: 76509381 ($5 in chips)
Seat 4: 699e30ee ($5.17 in chips)
Seat 5: 13fe3cb2 ($4.72 in chips)
Seat 6: 77e7dc54 ($5.07 in chips)
76509381: posts small blind $0.02
699e30ee: posts big blind $0.05
*** HOLE CARDS ***
Dealt to c1d326b2 
Dealt to Hero [Ac Js]
Dealt to 76509381 
Dealt to 699e30ee 
Dealt to 13fe3cb2 
Dealt to 77e7dc54 
13fe3cb2: calls $0.05
77e7dc54: raises $0.15 to $0.2
c1d326b2: folds
Hero: calls $0.2
76509381: folds
699e30ee: folds
13fe3cb2: raises $0.51 to $0.71
77e7dc54: folds
Hero: calls $0.51
*** FLOP *** [4s 6c 7c]
13fe3cb2: bets $0.85
Hero: folds
Uncalled bet ($0.85) returned to 13fe3cb2
*** SHOWDOWN ***
13fe3cb2 collected $1.56 from pot
*** SUMMARY ***
Total pot $1.69 | Rake $0.08 | Jackpot $0.05 | Bingo $0 | Fortune $0
Board [4s 6c 7c]
Seat 1: c1d326b2 folded before Flop (didn't bet)
Seat 2: Hero (button) folded on the Flop
Seat 3: 76509381 (small blind) folded before Flop
Seat 4: 699e30ee (big blind) folded before Flop
Seat 5: 13fe3cb2 won ($1.56)
Seat 6: 77e7dc54 folded before Flop


Poker Hand #HD1137669158: Hold'em No Limit  ($0.02/$0.05) - 2023/02/26 22:08:46
Table 'NLHBlue54' 6-max Seat #1 is the button
Seat 1: c1d326b2 ($2.5 in chips)
Seat 2: Hero ($12.42 in chips)
Seat 3: 76509381 ($5 in chips)
Seat 4: 699e30ee ($5.17 in chips)
Seat 5: 13fe3cb2 ($4.92 in chips)
Seat 6: 77e7dc54 ($5.07 in chips)
Hero: posts small blind $0.02
76509381: posts big blind $0.05
*** HOLE CARDS ***
Dealt to c1d326b2 
Dealt to Hero [Qs 8d]
Dealt to 76509381 
Dealt to 699e30ee 
Dealt to 13fe3cb2 
Dealt to 77e7dc54 
699e30ee: folds
13fe3cb2: calls $0.05
77e7dc54: folds
c1d326b2: raises $0.15 to $0.2
Hero: folds
76509381: folds
13fe3cb2: calls $0.15
*** FLOP *** [9c 6d 9s]
13fe3cb2: checks
c1d326b2: checks
*** TURN *** [9c 6d 9s] [9d]
13fe3cb2: checks
c1d326b2: bets $0.4
13fe3cb2: folds
Uncalled bet ($0.4) returned to c1d326b2
*** SHOWDOWN ***
c1d326b2 collected $0.45 from pot
*** SUMMARY ***
Total pot $0.47 | Rake $0.02 | Jackpot $0 | Bingo $0 | Fortune $0
Board [9c 6d 9s 9d]
Seat 1: c1d326b2 (button) won ($0.45)
Seat 2: Hero (small blind) folded before Flop
Seat 3: 76509381 (big blind) folded before Flop
Seat 4: 699e30ee folded before Flop (didn't bet)
Seat 5: 13fe3cb2 folded on the Turn
Seat 6: 77e7dc54 folded before Flop (didn't bet)


Poker Hand #HD1137669093: Hold'em No Limit  ($0.02/$0.05) - 2023/02/26 22:08:17
Table 'NLHBlue54' 6-max Seat #6 is the button
Seat 1: c1d326b2 ($2.5 in chips)
Seat 2: Hero ($12.47 in chips)
Seat 3: 76509381 ($5 in chips)
Seat 4: 699e30ee ($5.17 in chips)
Seat 5: 13fe3cb2 ($4.92 in chips)
Seat 6: 77e7dc54 ($5 in chips)
c1d326b2: posts small blind $0.02
Hero: posts big blind $0.05
*** HOLE CARDS ***
Dealt to c1d326b2 
Dealt to Hero [Tc 5h]
Dealt to 76509381 
Dealt to 699e30ee 
Dealt to 13fe3cb2 
Dealt to 77e7dc54 
76509381: folds
699e30ee: folds
13fe3cb2: folds
77e7dc54: raises $0.08 to $0.13
c1d326b2: folds
Hero: folds
Uncalled bet ($0.08) returned to 77e7dc54
*** SHOWDOWN ***
77e7dc54 collected $0.12 from pot
*** SUMMARY ***
Total pot $0.12 | Rake $0 | Jackpot $0 | Bingo $0 | Fortune $0
Seat 1: c1d326b2 (small blind) folded before Flop
Seat 2: Hero (big blind) folded before Flop
Seat 3: 76509381 folded before Flop (didn't bet)
Seat 4: 699e30ee folded before Flop (didn't bet)
Seat 5: 13fe3cb2 folded before Flop (didn't bet)
Seat 6: 77e7dc54 (button) collected ($0.12)


Poker Hand #HD1137668787: Hold'em No Limit  ($0.02/$0.05) - 2023/02/26 22:05:45
Table 'NLHBlue54' 6-max Seat #5 is the button
Seat 1: c1d326b2 ($2.5 in chips)
Seat 2: Hero ($12.47 in chips)
Seat 3: 76509381 ($5.08 in chips)
Seat 4: 699e30ee ($5.17 in chips)
Seat 5: 13fe3cb2 ($3.8 in chips)
Seat 6: 77e7dc54 ($5.48 in chips)
77e7dc54: posts small blind $0.02
c1d326b2: posts big blind $0.05
*** HOLE CARDS ***
Dealt to c1d326b2 
Dealt to Hero [2d Ac]
Dealt to 76509381 
Dealt to 699e30ee 
Dealt to 13fe3cb2 
Dealt to 77e7dc54 
Hero: folds
76509381: raises $0.08 to $0.13
699e30ee: folds
13fe3cb2: calls $0.13
77e7dc54: raises $0.57 to $0.7
c1d326b2: folds
76509381: folds
13fe3cb2: calls $0.57
*** FLOP *** [9c Js Ah]
77e7dc54: checks
13fe3cb2: checks
*** TURN *** [9c Js Ah] [4h]
77e7dc54: checks
13fe3cb2: checks
*** RIVER *** [9c Js Ah 4h] [8c]
77e7dc54: bets $0.4
13fe3cb2: raises $1.19 to $1.59
77e7dc54: folds
Uncalled bet ($1.19) returned to 13fe3cb2
13fe3cb2: shows [3c 4c] (Pair of Fours)
*** SHOWDOWN ***
13fe3cb2 collected $2.22 from pot
*** SUMMARY ***
Total pot $2.38 | Rake $0.11 | Jackpot $0.05 | Bingo $0 | Fortune $0
Board [9c Js Ah 4h 8c]
Seat 1: c1d326b2 (big blind) folded before Flop
Seat 2: Hero folded before Flop (didn't bet)
Seat 3: 76509381 folded before Flop
Seat 4: 699e30ee folded before Flop (didn't bet)
Seat 5: 13fe3cb2 (button) showed [3c 4c] and won ($2.22) with Pair of Fours
Seat 6: 77e7dc54 (small blind) folded on the River


Poker Hand #HD1137668667: Hold'em No Limit  ($0.02/$0.05) - 2023/02/26 22:04:44
Table 'NLHBlue54' 6-max Seat #4 is the button
Seat 2: Hero ($12.47 in chips)
Seat 3: 76509381 ($5.21 in chips)
Seat 4: 699e30ee ($5.17 in chips)
Seat 5: 13fe3cb2 ($4.06 in chips)
Seat 6: 77e7dc54 ($5.12 in chips)
13fe3cb2: posts small blind $0.02
77e7dc54: posts big blind $0.05
*** HOLE CARDS ***
Dealt to Hero [Qh 2d]
Dealt to 76509381 
Dealt to 699e30ee 
Dealt to 13fe3cb2 
Dealt to 77e7dc54 
Hero: folds
76509381: raises $0.08 to $0.13
699e30ee: folds
13fe3cb2: calls $0.11
77e7dc54: calls $0.08
*** FLOP *** [6c 7c Ts]
13fe3cb2: checks
77e7dc54: checks
76509381: checks
*** TURN *** [6c 7c Ts] [3d]
13fe3cb2: bets $0.13
77e7dc54: raises $0.27 to $0.4
76509381: folds
13fe3cb2: folds
Uncalled bet ($0.27) returned to 77e7dc54
*** SHOWDOWN ***
77e7dc54 collected $0.62 from pot
*** SUMMARY ***
Total pot $0.65 | Rake $0.03 | Jackpot $0 | Bingo $0 | Fortune $0
Board [6c 7c Ts 3d]
Seat 2: Hero folded before Flop (didn't bet)
Seat 3: 76509381 folded on the Turn
Seat 4: 699e30ee (button) folded before Flop (didn't bet)
Seat 5: 13fe3cb2 (small blind) folded on the Turn
Seat 6: 77e7dc54 (big blind) won ($0.62)


Poker Hand #HD1137668594: Hold'em No Limit  ($0.02/$0.05) - 2023/02/26 22:04:04
Table 'NLHBlue54' 6-max Seat #3 is the button
Seat 2: Hero ($12.47 in chips)
Seat 3: 76509381 ($5.34 in chips)
Seat 4: 699e30ee ($5 in chips)
Seat 5: 13fe3cb2 ($4.11 in chips)
Seat 6: 77e7dc54 ($5.12 in chips)
699e30ee: posts small blind $0.02
13fe3cb2: posts big blind $0.05
*** HOLE CARDS ***
Dealt to Hero [2h 8s]
Dealt to 76509381 
Dealt to 699e30ee 
Dealt to 13fe3cb2 
Dealt to 77e7dc54 
77e7dc54: folds
Hero: folds
76509381: raises $0.08 to $0.13
699e30ee: raises $0.18 to $0.31
13fe3cb2: folds
76509381: folds
Uncalled bet ($0.18) returned to 699e30ee
*** SHOWDOWN ***
699e30ee collected $0.3 from pot
*** SUMMARY ***
Total pot $0.31 | Rake $0.01 | Jackpot $0 | Bingo $0 | Fortune $0
Seat 2: Hero folded before Flop (didn't bet)
Seat 3: 76509381 (button) folded before Flop
Seat 4: 699e30ee (small blind) collected ($0.3)
Seat 5: 13fe3cb2 (big blind) folded before Flop
Seat 6: 77e7dc54 folded before Flop (didn't bet)


Poker Hand #HD1137668497: Hold'em No Limit  ($0.02/$0.05) - 2023/02/26 22:03:25
Table 'NLHBlue54' 6-max Seat #2 is the button
Seat 2: Hero ($12.47 in chips)
Seat 3: 76509381 ($5.39 in chips)
Seat 4: 699e30ee ($5 in chips)
Seat 5: 13fe3cb2 ($4.01 in chips)
Seat 6: 77e7dc54 ($5.12 in chips)
76509381: posts small blind $0.02
699e30ee: posts big blind $0.05
*** HOLE CARDS ***
Dealt to Hero [Js Td]
Dealt to 76509381 
Dealt to 699e30ee 
Dealt to 13fe3cb2 
Dealt to 77e7dc54 
13fe3cb2: calls $0.05
77e7dc54: folds
Hero: folds
76509381: calls $0.03
699e30ee: checks
*** FLOP *** [Jc Jh 9s]
76509381: checks
699e30ee: checks
13fe3cb2: bets $0.05
76509381: folds
699e30ee: folds
Uncalled bet ($0.05) returned to 13fe3cb2
*** SHOWDOWN ***
13fe3cb2 collected $0.15 from pot
*** SUMMARY ***
Total pot $0.15 | Rake $0 | Jackpot $0 | Bingo $0 | Fortune $0
Board [Jc Jh 9s]
Seat 2: Hero (button) folded before Flop (didn't bet)
Seat 3: 76509381 (small blind) folded on the Flop
Seat 4: 699e30ee (big blind) folded on the Flop
Seat 5: 13fe3cb2 won ($0.15)
Seat 6: 77e7dc54 folded before Flop (didn't bet)


Poker Hand #HD1137668330: Hold'em No Limit  ($0.02/$0.05) - 2023/02/26 22:01:56
Table 'NLHBlue54' 6-max Seat #1 is the button
Seat 1: df182f82 ($10.02 in chips)
Seat 2: Hero ($12.49 in chips)
Seat 3: 76509381 ($5.44 in chips)
Seat 4: 699e30ee ($5 in chips)
Seat 5: 13fe3cb2 ($3.67 in chips)
Seat 6: 77e7dc54 ($5.42 in chips)
Hero: posts small blind $0.02
76509381: posts big blind $0.05
*** HOLE CARDS ***
Dealt to df182f82 
Dealt to Hero [9s Ts]
Dealt to 76509381 
Dealt to 699e30ee 
Dealt to 13fe3cb2 
Dealt to 77e7dc54 
699e30ee: folds
13fe3cb2: raises $0.05 to $0.1
77e7dc54: raises $0.2 to $0.3
df182f82: folds
Hero: folds
76509381: folds
13fe3cb2: calls $0.2
*** FLOP *** [7s 7h 9h]
13fe3cb2: bets $0.23
77e7dc54: folds
Uncalled bet ($0.23) returned to 13fe3cb2
*** SHOWDOWN ***
13fe3cb2 collected $0.64 from pot
*** SUMMARY ***
Total pot $0.67 | Rake $0.03 | Jackpot $0 | Bingo $0 | Fortune $0
Board [7s 7h 9h]
Seat 1: df182f82 (button) folded before Flop (didn't bet)
Seat 2: Hero (small blind) folded before Flop
Seat 3: 76509381 (big blind) folded before Flop
Seat 4: 699e30ee folded before Flop (didn't bet)
Seat 5: 13fe3cb2 won ($0.64)
Seat 6: 77e7dc54 folded on the Flop


Poker Hand #HD1137668225: Hold'em No Limit  ($0.02/$0.05) - 2023/02/26 22:01:02
Table 'NLHBlue54' 6-max Seat #6 is the button
Seat 1: df182f82 ($10.31 in chips)
Seat 2: Hero ($12.54 in chips)
Seat 3: 76509381 ($5.44 in chips)
Seat 4: 699e30ee ($5 in chips)
Seat 5: 13fe3cb2 ($3.67 in chips)
Seat 6: 77e7dc54 ($5.11 in chips)
df182f82: posts small blind $0.02
Hero: posts big blind $0.05
*** HOLE CARDS ***
Dealt to df182f82 
Dealt to Hero [3d 5c]
Dealt to 76509381 
Dealt to 699e30ee 
Dealt to 13fe3cb2 
Dealt to 77e7dc54 
76509381: folds
699e30ee: folds
13fe3cb2: folds
77e7dc54: raises $0.08 to $0.13
df182f82: calls $0.11
Hero: folds
*** FLOP *** [Kd 8c 7s]
df182f82: checks
77e7dc54: bets $0.16
df182f82: calls $0.16
*** TURN *** [Kd 8c 7s] [2s]
df182f82: checks
77e7dc54: bets $0.48
df182f82: folds
Uncalled bet ($0.48) returned to 77e7dc54
*** SHOWDOWN ***
77e7dc54 collected $0.6 from pot
*** SUMMARY ***
Total pot $0.63 | Rake $0.03 | Jackpot $0 | Bingo $0 | Fortune $0
Board [Kd 8c 7s 2s]
Seat 1: df182f82 (small blind) folded on the Turn
Seat 2: Hero (big blind) folded before Flop
Seat 3: 76509381 folded before Flop (didn't bet)
Seat 4: 699e30ee folded before Flop (didn't bet)
Seat 5: 13fe3cb2 folded before Flop (didn't bet)
Seat 6: 77e7dc54 (button) won ($0.6)


Poker Hand #HD1137668039: Hold'em No Limit  ($0.02/$0.05) - 2023/02/26 21:59:35
Table 'NLHBlue54' 6-max Seat #5 is the button
Seat 1: df182f82 ($10.17 in chips)
Seat 2: Hero ($12.54 in chips)
Seat 3: 76509381 ($5.44 in chips)
Seat 4: 699e30ee ($5 in chips)
Seat 5: 13fe3cb2 ($3.77 in chips)
Seat 6: 77e7dc54 ($5.16 in chips)
77e7dc54: posts small blind $0.02
df182f82: posts big blind $0.05
*** HOLE CARDS ***
Dealt to df182f82 
Dealt to Hero [6s Qs]
Dealt to 76509381 
Dealt to 699e30ee 
Dealt to 13fe3cb2 
Dealt to 77e7dc54 
Hero: folds
76509381: folds
699e30ee: folds
13fe3cb2: calls $0.05
77e7dc54: calls $0.03
df182f82: checks
*** FLOP *** [Ac 6d Ks]
77e7dc54: checks
df182f82: checks
13fe3cb2: checks
*** TURN *** [Ac 6d Ks] [3h]
77e7dc54: checks
df182f82: checks
13fe3cb2: checks
*** RIVER *** [Ac 6d Ks 3h] [9d]
77e7dc54: checks
df182f82: checks
13fe3cb2: bets $0.05
77e7dc54: folds
df182f82: calls $0.05
13fe3cb2: shows [8s Jd] (Ace-High)
df182f82: shows [3s 4h] (Pair of Treys)
*** SHOWDOWN ***
df182f82 collected $0.24 from pot
*** SUMMARY ***
Total pot $0.25 | Rake $0.01 | Jackpot $0 | Bingo $0 | Fortune $0
Board [Ac 6d Ks 3h 9d]
Seat 1: df182f82 (big blind) showed [3s 4h] and won ($0.24) with Pair of Treys
Seat 2: Hero folded before Flop (didn't bet)
Seat 3: 76509381 folded before Flop (didn't bet)
Seat 4: 699e30ee folded before Flop (didn't bet)
Seat 5: 13fe3cb2 (button) showed [8s Jd] and lost with Ace-High
Seat 6: 77e7dc54 (small blind) folded on the River


Poker Hand #HD1137667943: Hold'em No Limit  ($0.02/$0.05) - 2023/02/26 21:58:48
Table 'NLHBlue54' 6-max Seat #4 is the button
Seat 1: df182f82 ($10.17 in chips)
Seat 2: Hero ($12.54 in chips)
Seat 3: 76509381 ($5.44 in chips)
Seat 4: 699e30ee ($5 in chips)
Seat 5: 13fe3cb2 ($3.94 in chips)
Seat 6: 77e7dc54 ($5 in chips)
13fe3cb2: posts small blind $0.02
77e7dc54: posts big blind $0.05
*** HOLE CARDS ***
Dealt to df182f82 
Dealt to Hero [8d 5c]
Dealt to 76509381 
Dealt to 699e30ee 
Dealt to 13fe3cb2 
Dealt to 77e7dc54 
df182f82: folds
Hero: folds
76509381: folds
699e30ee: folds
13fe3cb2: calls $0.03
77e7dc54: checks
*** FLOP *** [9d 7d As]
13fe3cb2: bets $0.05
77e7dc54: calls $0.05
*** TURN *** [9d 7d As] [4s]
13fe3cb2: checks
77e7dc54: checks
*** RIVER *** [9d 7d As 4s] [Ad]
13fe3cb2: bets $0.07
77e7dc54: calls $0.07
13fe3cb2: shows [Qh 5d] (Pair of Aces)
77e7dc54: shows [9c 5h] (Pair of Aces and Pair of Nines)
*** SHOWDOWN ***
77e7dc54 collected $0.33 from pot
*** SUMMARY ***
Total pot $0.34 | Rake $0.01 | Jackpot $0 | Bingo $0 | Fortune $0
Board [9d 7d As 4s Ad]
Seat 1: df182f82 folded before Flop (didn't bet)
Seat 2: Hero folded before Flop (didn't bet)
Seat 3: 76509381 folded before Flop (didn't bet)
Seat 4: 699e30ee (button) folded before Flop (didn't bet)
Seat 5: 13fe3cb2 (small blind) showed [Qh 5d] and lost with Pair of Aces
Seat 6: 77e7dc54 (big blind) showed [9c 5h] and won ($0.33) with Pair of Aces and Pair of Nines


Poker Hand #HD1137667803: Hold'em No Limit  ($0.02/$0.05) - 2023/02/26 21:57:39
Table 'NLHBlue54' 6-max Seat #3 is the button
Seat 1: df182f82 ($10.17 in chips)
Seat 2: Hero ($12.76 in chips)
Seat 3: 76509381 ($5.44 in chips)
Seat 4: 699e30ee ($5 in chips)
Seat 5: 13fe3cb2 ($3.72 in chips)
Seat 6: 77e7dc54 ($5 in chips)
699e30ee: posts small blind $0.02
13fe3cb2: posts big blind $0.05
*** HOLE CARDS ***
Dealt to df182f82 
Dealt to Hero [8s Js]
Dealt to 76509381 
Dealt to 699e30ee 
Dealt to 13fe3cb2 
Dealt to 77e7dc54 
77e7dc54: folds
df182f82: folds
Hero: raises $0.07 to $0.12
76509381: folds
699e30ee: folds
13fe3cb2: calls $0.07
*** FLOP *** [3s Kc Qc]
13fe3cb2: checks
Hero: bets $0.1
13fe3cb2: calls $0.1
*** TURN *** [3s Kc Qc] [Jh]
13fe3cb2: checks
Hero: checks
*** RIVER *** [3s Kc Qc Jh] [9h]
13fe3cb2: bets $0.46
Hero: folds
Uncalled bet ($0.46) returned to 13fe3cb2
*** SHOWDOWN ***
13fe3cb2 collected $0.44 from pot
*** SUMMARY ***
Total pot $0.46 | Rake $0.02 | Jackpot $0 | Bingo $0 | Fortune $0
Board [3s Kc Qc Jh 9h]
Seat 1: df182f82 folded before Flop (didn't bet)
Seat 2: Hero folded on the River
Seat 3: 76509381 (button) folded before Flop (didn't bet)
Seat 4: 699e30ee (small blind) folded before Flop
Seat 5: 13fe3cb2 (big blind) won ($0.44)
Seat 6: 77e7dc54 folded before Flop (didn't bet)


Poker Hand #HD1137667762: Hold'em No Limit  ($0.02/$0.05) - 2023/02/26 21:57:18
Table 'NLHBlue54' 6-max Seat #2 is the button
Seat 1: df182f82 ($10.17 in chips)
Seat 2: Hero ($12.76 in chips)
Seat 3: 76509381 ($5.39 in chips)
Seat 4: 699e30ee ($5 in chips)
Seat 5: 13fe3cb2 ($3.72 in chips)
Seat 6: 77e7dc54 ($5 in chips)
76509381: posts small blind $0.02
699e30ee: posts big blind $0.05
*** HOLE CARDS ***
Dealt to df182f82 
Dealt to Hero [Th 6c]
Dealt to 76509381 
Dealt to 699e30ee 
Dealt to 13fe3cb2 
Dealt to 77e7dc54 
13fe3cb2: folds
77e7dc54: folds
df182f82: folds
Hero: folds
76509381: raises $0.1 to $0.15
699e30ee: folds
Uncalled bet ($0.1) returned to 76509381
*** SHOWDOWN ***
76509381 collected $0.1 from pot
*** SUMMARY ***
Total pot $0.1 | Rake $0 | Jackpot $0 | Bingo $0 | Fortune $0
Seat 1: df182f82 folded before Flop (didn't bet)
Seat 2: Hero (button) folded before Flop (didn't bet)
Seat 3: 76509381 (small blind) collected ($0.1)
Seat 4: 699e30ee (big blind) folded before Flop
Seat 5: 13fe3cb2 folded before Flop (didn't bet)
Seat 6: 77e7dc54 folded before Flop (didn't bet)


Poker Hand #HD1137667637: Hold'em No Limit  ($0.02/$0.05) - 2023/02/26 21:56:19
Table 'NLHBlue54' 6-max Seat #1 is the button
Seat 1: df182f82 ($10.17 in chips)
Seat 2: Hero ($12.78 in chips)
Seat 3: 76509381 ($5 in chips)
Seat 4: 699e30ee ($5 in chips)
Seat 5: 13fe3cb2 ($3.82 in chips)
Seat 6: 77e7dc54 ($5 in chips)
Hero: posts small blind $0.02
76509381: posts big blind $0.05
*** HOLE CARDS ***
Dealt to df182f82 
Dealt to Hero [8d As]
Dealt to 76509381 
Dealt to 699e30ee 
Dealt to 13fe3cb2 
Dealt to 77e7dc54 
699e30ee: folds
13fe3cb2: raises $0.05 to $0.1
77e7dc54: raises $0.2 to $0.3
df182f82: folds
Hero: folds
76509381: raises $0.6 to $0.9
13fe3cb2: folds
77e7dc54: folds
Uncalled bet ($0.6) returned to 76509381
*** SHOWDOWN ***
76509381 collected $0.69 from pot
*** SUMMARY ***
Total pot $0.72 | Rake $0.03 | Jackpot $0 | Bingo $0 | Fortune $0
Seat 1: df182f82 (button) folded before Flop (didn't bet)
Seat 2: Hero (small blind) folded before Flop
Seat 3: 76509381 (big blind) collected ($0.69)
Seat 4: 699e30ee folded before Flop (didn't bet)
Seat 5: 13fe3cb2 folded before Flop
Seat 6: 77e7dc54 folded before Flop


Poker Hand #HD1137667463: Hold'em No Limit  ($0.02/$0.05) - 2023/02/26 21:54:53
Table 'NLHBlue54' 6-max Seat #6 is the button
Seat 1: df182f82 ($8.63 in chips)
Seat 2: Hero ($12.83 in chips)
Seat 4: 699e30ee ($5 in chips)
Seat 5: 13fe3cb2 ($5.32 in chips)
Seat 6: 77e7dc54 ($5.05 in chips)
df182f82: posts small blind $0.02
Hero: posts big blind $0.05
*** HOLE CARDS ***
Dealt to df182f82 
Dealt to Hero [2d As]
Dealt to 699e30ee 
Dealt to 13fe3cb2 
Dealt to 77e7dc54 
699e30ee: folds
13fe3cb2: calls $0.05
77e7dc54: raises $0.15 to $0.2
df182f82: calls $0.18
Hero: folds
13fe3cb2: calls $0.15
*** FLOP *** [Th 6c 8h]
df182f82: bets $0.65
13fe3cb2: calls $0.65
77e7dc54: folds
*** TURN *** [Th 6c 8h] [3d]
df182f82: bets $0.65
13fe3cb2: calls $0.65
*** RIVER *** [Th 6c 8h 3d] [8s]
df182f82: checks
13fe3cb2: checks
df182f82: shows [Ks Tc] (Pair of Tens and Pair of Eights)
13fe3cb2: shows [6h Kh] (Pair of Eights and Pair of Sixes)
*** SHOWDOWN ***
df182f82 collected $3.04 from pot
*** SUMMARY ***
Total pot $3.25 | Rake $0.16 | Jackpot $0.05 | Bingo $0 | Fortune $0
Board [Th 6c 8h 3d 8s]
Seat 1: df182f82 (small blind) showed [Ks Tc] and won ($3.04) with Pair of Tens and Pair of Eights
Seat 2: Hero (big blind) folded before Flop
Seat 4: 699e30ee folded before Flop (didn't bet)
Seat 5: 13fe3cb2 showed [6h Kh] and lost with Pair of Eights and Pair of Sixes
Seat 6: 77e7dc54 (button) folded on the Flop


Poker Hand #HD1137667310: Hold'em No Limit  ($0.02/$0.05) - 2023/02/26 21:53:42
Table 'NLHBlue54' 6-max Seat #5 is the button
Seat 1: df182f82 ($8.68 in chips)
Seat 2: Hero ($11.3 in chips)
Seat 4: 699e30ee ($5 in chips)
Seat 5: 13fe3cb2 ($2.79 in chips)
Seat 6: 77e7dc54 ($5.07 in chips)
77e7dc54: posts small blind $0.02
df182f82: posts big blind $0.05
*** HOLE CARDS ***
Dealt to df182f82 
Dealt to Hero [Jc Kc]
Dealt to 699e30ee 
Dealt to 13fe3cb2 
Dealt to 77e7dc54 
Hero: raises $0.07 to $0.12
699e30ee: folds
13fe3cb2: calls $0.12
77e7dc54: folds
df182f82: folds
*** FLOP *** [4c Jh 7c]
Hero: bets $0.24
13fe3cb2: raises $0.6 to $0.84
Hero: raises $10.34 to $11.18 and is all-in
13fe3cb2: calls $1.83 and is all-in
Uncalled bet ($8.51) returned to Hero
Hero: shows [Jc Kc] (Pair of Jacks)
13fe3cb2: shows [8c 5c] (Jack-High)
*** TURN *** [4c Jh 7c] [8d]
*** RIVER *** [4c Jh 7c 8d] [6c]
Hero: Receives Cashout ($4.32)
*** SHOWDOWN ***
13fe3cb2 collected $5.32 from pot
*** SUMMARY ***
Total pot $5.65 | Rake $0.28 | Jackpot $0.05 | Bingo $0 | Fortune $0
Board [4c Jh 7c 8d 6c]
Seat 1: df182f82 (big blind) folded before Flop
Seat 2: Hero showed [Jc Kc] and lost with King High Flush, EV Cashout ($4.32)
Seat 4: 699e30ee folded before Flop (didn't bet)
Seat 5: 13fe3cb2 (button) showed [8c 5c] and won ($5.32) with Eight-High Straight Flush
Seat 6: 77e7dc54 (small blind) folded before Flop


Poker Hand #HD1137667197: Hold'em No Limit  ($0.02/$0.05) - 2023/02/26 21:52:48
Table 'NLHBlue54' 6-max Seat #4 is the button
Seat 1: df182f82 ($8.68 in chips)
Seat 2: Hero ($11.3 in chips)
Seat 4: 699e30ee ($5 in chips)
Seat 5: 13fe3cb2 ($2.74 in chips)
Seat 6: 77e7dc54 ($5.12 in chips)
13fe3cb2: posts small blind $0.02
77e7dc54: posts big blind $0.05
*** HOLE CARDS ***
Dealt to df182f82 
Dealt to Hero [7d Ks]
Dealt to 699e30ee 
Dealt to 13fe3cb2 
Dealt to 77e7dc54 
df182f82: folds
Hero: folds
699e30ee: folds
13fe3cb2: calls $0.03
77e7dc54: checks
*** FLOP *** [5h 2s Th]
13fe3cb2: checks
77e7dc54: checks
*** TURN *** [5h 2s Th] [Kh]
13fe3cb2: checks
77e7dc54: checks
*** RIVER *** [5h 2s Th Kh] [4c]
13fe3cb2: bets $0.05
77e7dc54: folds
Uncalled bet ($0.05) returned to 13fe3cb2
*** SHOWDOWN ***
13fe3cb2 collected $0.1 from pot
*** SUMMARY ***
Total pot $0.1 | Rake $0 | Jackpot $0 | Bingo $0 | Fortune $0
Board [5h 2s Th Kh 4c]
Seat 1: df182f82 folded before Flop (didn't bet)
Seat 2: Hero folded before Flop (didn't bet)
Seat 4: 699e30ee (button) folded before Flop (didn't bet)
Seat 5: 13fe3cb2 (small blind) won ($0.1)
Seat 6: 77e7dc54 (big blind) folded on the River


Poker Hand #HD1137667086: Hold'em No Limit  ($0.02/$0.05) - 2023/02/26 21:52:01
Table 'NLHBlue54' 6-max Seat #2 is the button
Seat 1: df182f82 ($8.68 in chips)
Seat 2: Hero ($11.3 in chips)
Seat 4: 699e30ee ($5 in chips)
Seat 5: 13fe3cb2 ($2.44 in chips)
Seat 6: 77e7dc54 ($5.12 in chips)
699e30ee: posts small blind $0.02
13fe3cb2: posts big blind $0.05
*** HOLE CARDS ***
Dealt to df182f82 
Dealt to Hero [5d 6h]
Dealt to 699e30ee 
Dealt to 13fe3cb2 
Dealt to 77e7dc54 
77e7dc54: folds
df182f82: folds
Hero: folds
699e30ee: raises $0.08 to $0.13
13fe3cb2: raises $0.2 to $0.33
699e30ee: calls $0.2
*** FLOP *** [8s Ts Ac]
699e30ee: checks
13fe3cb2: bets $0.66
699e30ee: folds
Uncalled bet ($0.66) returned to 13fe3cb2
*** SHOWDOWN ***
13fe3cb2 collected $0.63 from pot
*** SUMMARY ***
Total pot $0.66 | Rake $0.03 | Jackpot $0 | Bingo $0 | Fortune $0
Board [8s Ts Ac]
Seat 1: df182f82 folded before Flop (didn't bet)
Seat 2: Hero (button) folded before Flop (didn't bet)
Seat 4: 699e30ee (small blind) folded on the Flop
Seat 5: 13fe3cb2 (big blind) won ($0.63)
Seat 6: 77e7dc54 folded before Flop (didn't bet)


Poker Hand #HD1137666960: Hold'em No Limit  ($0.02/$0.05) - 2023/02/26 21:51:02
Table 'NLHBlue54' 6-max Seat #1 is the button
Seat 1: df182f82 ($8.68 in chips)
Seat 2: Hero ($11.42 in chips)
Seat 4: 699e30ee ($5 in chips)
Seat 5: 13fe3cb2 ($2.56 in chips)
Seat 6: 77e7dc54 ($5.12 in chips)
Hero: posts small blind $0.02
699e30ee: posts big blind $0.05
*** HOLE CARDS ***
Dealt to df182f82 
Dealt to Hero [8h 5h]
Dealt to 699e30ee 
Dealt to 13fe3cb2 
Dealt to 77e7dc54 
13fe3cb2: calls $0.05
77e7dc54: folds
df182f82: folds
Hero: calls $0.03
699e30ee: checks
*** FLOP *** [5s 3c Th]
Hero: checks
699e30ee: checks
13fe3cb2: bets $0.08
Hero: calls $0.08
699e30ee: folds
*** TURN *** [5s 3c Th] [8d]
Hero: bets $0.24
13fe3cb2: raises $0.6 to $0.84
Hero: calls $0.6
*** RIVER *** [5s 3c Th 8d] [Jd]
Hero: checks
13fe3cb2: bets $1.59 and is all-in
Hero: calls $1.59
13fe3cb2: shows [5d 8c] (Pair of Eights and Pair of Fives)
Hero: shows [8h 5h] (Pair of Eights and Pair of Fives)
*** SHOWDOWN ***
Hero collected $2.44 from pot
13fe3cb2 collected $2.44 from pot
*** SUMMARY ***
Total pot $5.17 | Rake $0.24 | Jackpot $0.05 | Bingo $0 | Fortune $0
Board [5s 3c Th 8d Jd]
Seat 1: df182f82 (button) folded before Flop (didn't bet)
Seat 2: Hero (small blind) showed [8h 5h] and won ($2.44) with Pair of Eights and Pair of Fives
Seat 4: 699e30ee (big blind) folded on the Flop
Seat 5: 13fe3cb2 showed [5d 8c] and won ($2.44) with Pair of Eights and Pair of Fives
Seat 6: 77e7dc54 folded before Flop (didn't bet)


Poker Hand #HD1137666813: Hold'em No Limit  ($0.02/$0.05) - 2023/02/26 21:49:52
Table 'NLHBlue54' 6-max Seat #6 is the button
Seat 1: df182f82 ($8.7 in chips)
Seat 2: Hero ($9.29 in chips)
Seat 3: d20a36aa ($6.08 in chips)
Seat 4: 699e30ee ($5 in chips)
Seat 5: 13fe3cb2 ($4.95 in chips)
Seat 6: 77e7dc54 ($5.12 in chips)
df182f82: posts small blind $0.02
Hero: posts big blind $0.05
13fe3cb2: posts big blind $0.05
*** HOLE CARDS ***
Dealt to df182f82 
Dealt to Hero [6d 5d]
Dealt to d20a36aa 
Dealt to 699e30ee 
Dealt to 13fe3cb2 
Dealt to 77e7dc54 
d20a36aa: folds
699e30ee: folds
13fe3cb2: raises $0.1 to $0.15
77e7dc54: folds
df182f82: folds
Hero: calls $0.1
*** FLOP *** [Kd 7d 4h]
Hero: bets $0.24
13fe3cb2: calls $0.24
*** TURN *** [Kd 7d 4h] [Ad]
Hero: bets $0.8
13fe3cb2: calls $0.8
*** RIVER *** [Kd 7d 4h Ad] [4d]
Hero: checks
13fe3cb2: bets $1.2
Hero: calls $1.2
13fe3cb2: shows [Qc As] (Pair of Aces and Pair of Fours)
Hero: shows [6d 5d] (Ace High Flush)
*** SHOWDOWN ***
Hero collected $4.52 from pot
*** SUMMARY ***
Total pot $4.8 | Rake $0.23 | Jackpot $0.05 | Bingo $0 | Fortune $0
Board [Kd 7d 4h Ad 4d]
Seat 1: df182f82 (small blind) folded before Flop
Seat 2: Hero (big blind) showed [6d 5d] and won ($4.52) with Ace High Flush
Seat 3: d20a36aa folded before Flop (didn't bet)
Seat 4: 699e30ee folded before Flop (didn't bet)
Seat 5: 13fe3cb2 showed [Qc As] and lost with Pair of Aces and Pair of Fours
Seat 6: 77e7dc54 (button) folded before Flop (didn't bet)


Poker Hand #HD1137666693: Hold'em No Limit  ($0.02/$0.05) - 2023/02/26 21:48:55
Table 'NLHBlue54' 6-max Seat #4 is the button
Seat 1: df182f82 ($5.9 in chips)
Seat 2: Hero ($9.29 in chips)
Seat 3: d20a36aa ($6.21 in chips)
Seat 4: 699e30ee ($5 in chips)
Seat 6: 77e7dc54 ($5.14 in chips)
77e7dc54: posts small blind $0.02
df182f82: posts big blind $0.05
*** HOLE CARDS ***
Dealt to df182f82 
Dealt to Hero [5d Td]
Dealt to d20a36aa 
Dealt to 699e30ee 
Dealt to 77e7dc54 
Hero: folds
d20a36aa: raises $0.08 to $0.13
699e30ee: calls $0.13
77e7dc54: folds
df182f82: raises $0.41 to $0.54
d20a36aa: folds
699e30ee: calls $0.41
*** FLOP *** [4d 2h 4s]
df182f82: checks
699e30ee: bets $0.41
df182f82: raises $2.05 to $2.46
699e30ee: calls $2.05
*** TURN *** [4d 2h 4s] [9c]
df182f82: bets $2.9 and is all-in
699e30ee: folds
Uncalled bet ($2.9) returned to df182f82
*** SHOWDOWN ***
df182f82 collected $5.8 from pot
*** SUMMARY ***
Total pot $6.15 | Rake $0.3 | Jackpot $0.05 | Bingo $0 | Fortune $0
Board [4d 2h 4s 9c]
Seat 1: df182f82 (big blind) won ($5.8)
Seat 2: Hero folded before Flop (didn't bet)
Seat 3: d20a36aa folded before Flop
Seat 4: 699e30ee (button) folded on the Turn
Seat 6: 77e7dc54 (small blind) folded before Flop


Poker Hand #HD1137666569: Hold'em No Limit  ($0.02/$0.05) - 2023/02/26 21:47:52
Table 'NLHBlue54' 6-max Seat #3 is the button
Seat 1: df182f82 ($5.9 in chips)
Seat 2: Hero ($9.29 in chips)
Seat 3: d20a36aa ($6.34 in chips)
Seat 4: 699e30ee ($5 in chips)
Seat 6: 77e7dc54 ($5 in chips)
699e30ee: posts small blind $0.02
77e7dc54: posts big blind $0.05
*** HOLE CARDS ***
Dealt to df182f82 
Dealt to Hero [9h Td]
Dealt to d20a36aa 
Dealt to 699e30ee 
Dealt to 77e7dc54 
df182f82: folds
Hero: folds
d20a36aa: raises $0.08 to $0.13
699e30ee: folds
77e7dc54: calls $0.08
*** FLOP *** [Kh Qc Tc]
77e7dc54: checks
d20a36aa: checks
*** TURN *** [Kh Qc Tc] [4d]
77e7dc54: bets $0.21
d20a36aa: folds
Uncalled bet ($0.21) returned to 77e7dc54
*** SHOWDOWN ***
77e7dc54 collected $0.27 from pot
*** SUMMARY ***
Total pot $0.28 | Rake $0.01 | Jackpot $0 | Bingo $0 | Fortune $0
Board [Kh Qc Tc 4d]
Seat 1: df182f82 folded before Flop (didn't bet)
Seat 2: Hero folded before Flop (didn't bet)
Seat 3: d20a36aa (button) folded on the Turn
Seat 4: 699e30ee (small blind) folded before Flop
Seat 6: 77e7dc54 (big blind) won ($0.27)


Poker Hand #HD1137666453: Hold'em No Limit  ($0.02/$0.05) - 2023/02/26 21:46:53
Table 'NLHBlue54' 6-max Seat #2 is the button
Seat 1: df182f82 ($6.94 in chips)
Seat 2: Hero ($9.29 in chips)
Seat 3: d20a36aa ($5.4 in chips)
Seat 4: 699e30ee ($5 in chips)
Seat 6: 77e7dc54 ($5 in chips)
d20a36aa: posts small blind $0.02
699e30ee: posts big blind $0.05
*** HOLE CARDS ***
Dealt to df182f82 
Dealt to Hero [Kd 7d]
Dealt to d20a36aa 
Dealt to 699e30ee 
Dealt to 77e7dc54 
77e7dc54: folds
df182f82: raises $0.1 to $0.15
Hero: folds
d20a36aa: raises $0.28 to $0.43
699e30ee: folds
df182f82: calls $0.28
*** FLOP *** [Kc 9c Td]
d20a36aa: bets $0.61
df182f82: calls $0.61
*** TURN *** [Kc 9c Td] [3d]
d20a36aa: checks
df182f82: checks
*** RIVER *** [Kc 9c Td 3d] [Jc]
d20a36aa: bets $1.41
df182f82: folds
Uncalled bet ($1.41) returned to d20a36aa
*** SHOWDOWN ***
d20a36aa collected $1.98 from pot
*** SUMMARY ***
Total pot $2.13 | Rake $0.1 | Jackpot $0.05 | Bingo $0 | Fortune $0
Board [Kc 9c Td 3d Jc]
Seat 1: df182f82 folded on the River
Seat 2: Hero (button) folded before Flop (didn't bet)
Seat 3: d20a36aa (small blind) won ($1.98)
Seat 4: 699e30ee (big blind) folded before Flop
Seat 6: 77e7dc54 folded before Flop (didn't bet)


Poker Hand #HD1137666417: Hold'em No Limit  ($0.02/$0.05) - 2023/02/26 21:46:39
Table 'NLHBlue54' 6-max Seat #1 is the button
Seat 1: df182f82 ($6.87 in chips)
Seat 2: Hero ($9.31 in chips)
Seat 3: d20a36aa ($5.45 in chips)
Seat 4: 699e30ee ($5 in chips)
Seat 6: 77e7dc54 ($5 in chips)
Hero: posts small blind $0.02
d20a36aa: posts big blind $0.05
*** HOLE CARDS ***
Dealt to df182f82 
Dealt to Hero [5d 4h]
Dealt to d20a36aa 
Dealt to 699e30ee 
Dealt to 77e7dc54 
699e30ee: folds
77e7dc54: folds
df182f82: raises $0.1 to $0.15
Hero: folds
d20a36aa: folds
Uncalled bet ($0.1) returned to df182f82
*** SHOWDOWN ***
df182f82 collected $0.12 from pot
*** SUMMARY ***
Total pot $0.12 | Rake $0 | Jackpot $0 | Bingo $0 | Fortune $0
Seat 1: df182f82 (button) collected ($0.12)
Seat 2: Hero (small blind) folded before Flop
Seat 3: d20a36aa (big blind) folded before Flop
Seat 4: 699e30ee folded before Flop (didn't bet)
Seat 6: 77e7dc54 folded before Flop (didn't bet)


Poker Hand #HD1137666232: Hold'em No Limit  ($0.02/$0.05) - 2023/02/26 21:45:10
Table 'NLHBlue54' 6-max Seat #6 is the button
Seat 1: df182f82 ($6.89 in chips)
Seat 2: Hero ($6.15 in chips)
Seat 3: d20a36aa ($5.45 in chips)
Seat 4: 699e30ee ($5 in chips)
Seat 5: 2422ac0e ($3.33 in chips)
Seat 6: 77e7dc54 ($5 in chips)
df182f82: posts small blind $0.02
Hero: posts big blind $0.05
*** HOLE CARDS ***
Dealt to df182f82 
Dealt to Hero [Qc Jc]
Dealt to d20a36aa 
Dealt to 699e30ee 
Dealt to 2422ac0e 
Dealt to 77e7dc54 
d20a36aa: folds
699e30ee: folds
2422ac0e: calls $0.05
77e7dc54: raises $0.15 to $0.2
df182f82: folds
Hero: calls $0.15
2422ac0e: calls $0.15
*** FLOP *** [2c 9h Jh]
Hero: bets $0.31
2422ac0e: calls $0.31
77e7dc54: folds
*** TURN *** [2c 9h Jh] [Qd]
Hero: bets $1.24
2422ac0e: calls $1.24
*** RIVER *** [2c 9h Jh Qd] [4c]
Hero: checks
2422ac0e: bets $1.58 and is all-in
Hero: calls $1.58
2422ac0e: shows [7d Tc] (Queen-High)
Hero: shows [Qc Jc] (Pair of Queens and Pair of Jacks)
*** SHOWDOWN ***
Hero collected $6.49 from pot
*** SUMMARY ***
Total pot $6.88 | Rake $0.34 | Jackpot $0.05 | Bingo $0 | Fortune $0
Board [2c 9h Jh Qd 4c]
Seat 1: df182f82 (small blind) folded before Flop
Seat 2: Hero (big blind) showed [Qc Jc] and won ($6.49) with Pair of Queens and Pair of Jacks
Seat 3: d20a36aa folded before Flop (didn't bet)
Seat 4: 699e30ee folded before Flop (didn't bet)
Seat 5: 2422ac0e showed [7d Tc] and lost with Queen-High
Seat 6: 77e7dc54 (button) folded on the Flop


Poker Hand #HD1137666193: Hold'em No Limit  ($0.02/$0.05) - 2023/02/26 21:44:52
Table 'NLHBlue54' 6-max Seat #5 is the button
Seat 1: df182f82 ($6.94 in chips)
Seat 2: Hero ($6.15 in chips)
Seat 3: d20a36aa ($5.45 in chips)
Seat 4: 699e30ee ($5 in chips)
Seat 5: 2422ac0e ($3.26 in chips)
Seat 6: 77e7dc54 ($5 in chips)
77e7dc54: posts small blind $0.02
df182f82: posts big blind $0.05
*** HOLE CARDS ***
Dealt to df182f82 
Dealt to Hero [Kd 7c]
Dealt to d20a36aa 
Dealt to 699e30ee 
Dealt to 2422ac0e 
Dealt to 77e7dc54 
Hero: folds
d20a36aa: folds
699e30ee: folds
2422ac0e: raises $0.05 to $0.1
77e7dc54: folds
df182f82: folds
Uncalled bet ($0.05) returned to 2422ac0e
*** SHOWDOWN ***
2422ac0e collected $0.12 from pot
*** SUMMARY ***
Total pot $0.12 | Rake $0 | Jackpot $0 | Bingo $0 | Fortune $0
Seat 1: df182f82 (big blind) folded before Flop
Seat 2: Hero folded before Flop (didn't bet)
Seat 3: d20a36aa folded before Flop (didn't bet)
Seat 4: 699e30ee folded before Flop (didn't bet)
Seat 5: 2422ac0e (button) collected ($0.12)
Seat 6: 77e7dc54 (small blind) folded before Flop


Poker Hand #HD1137666134: Hold'em No Limit  ($0.02/$0.05) - 2023/02/26 21:44:21
Table 'NLHBlue54' 6-max Seat #4 is the button
Seat 1: df182f82 ($6.94 in chips)
Seat 2: Hero ($6.15 in chips)
Seat 3: d20a36aa ($5.45 in chips)
Seat 4: 699e30ee ($5 in chips)
Seat 5: 2422ac0e ($3.21 in chips)
Seat 6: 77e7dc54 ($5 in chips)
2422ac0e: posts small blind $0.02
77e7dc54: posts big blind $0.05
*** HOLE CARDS ***
Dealt to df182f82 
Dealt to Hero [Qh 3d]
Dealt to d20a36aa 
Dealt to 699e30ee 
Dealt to 2422ac0e 
Dealt to 77e7dc54 
df182f82: folds
Hero: folds
d20a36aa: folds
699e30ee: folds
2422ac0e: calls $0.03
77e7dc54: checks
*** FLOP *** [6d 7c As]
2422ac0e: bets $0.05
77e7dc54: folds
Uncalled bet ($0.05) returned to 2422ac0e
*** SHOWDOWN ***
2422ac0e collected $0.1 from pot
*** SUMMARY ***
Total pot $0.1 | Rake $0 | Jackpot $0 | Bingo $0 | Fortune $0
Board [6d 7c As]
Seat 1: df182f82 folded before Flop (didn't bet)
Seat 2: Hero folded before Flop (didn't bet)
Seat 3: d20a36aa folded before Flop (didn't bet)
Seat 4: 699e30ee (button) folded before Flop (didn't bet)
Seat 5: 2422ac0e (small blind) won ($0.1)
Seat 6: 77e7dc54 (big blind) folded on the Flop


Poker Hand #HD1137666105: Hold'em No Limit  ($0.02/$0.05) - 2023/02/26 21:44:10
Table 'NLHBlue54' 6-max Seat #3 is the button
Seat 1: df182f82 ($6.94 in chips)
Seat 2: Hero ($6.15 in chips)
Seat 3: d20a36aa ($5.45 in chips)
Seat 4: 699e30ee ($5 in chips)
Seat 5: 2422ac0e ($3.19 in chips)
Seat 6: 77e7dc54 ($5 in chips)
699e30ee: posts small blind $0.02
2422ac0e: posts big blind $0.05
*** HOLE CARDS ***
Dealt to df182f82 
Dealt to Hero [9s 8c]
Dealt to d20a36aa 
Dealt to 699e30ee 
Dealt to 2422ac0e 
Dealt to 77e7dc54 
77e7dc54: folds
df182f82: folds
Hero: folds
d20a36aa: folds
699e30ee: folds
Uncalled bet ($0.03) returned to 2422ac0e
*** SHOWDOWN ***
2422ac0e collected $0.04 from pot
*** SUMMARY ***
Total pot $0.04 | Rake $0 | Jackpot $0 | Bingo $0 | Fortune $0
Seat 1: df182f82 folded before Flop (didn't bet)
Seat 2: Hero folded before Flop (didn't bet)
Seat 3: d20a36aa (button) folded before Flop (didn't bet)
Seat 4: 699e30ee (small blind) folded before Flop
Seat 5: 2422ac0e (big blind) collected ($0.04)
Seat 6: 77e7dc54 folded before Flop (didn't bet)


Poker Hand #HD1137665976: Hold'em No Limit  ($0.02/$0.05) - 2023/02/26 21:43:13
Table 'NLHBlue54' 6-max Seat #2 is the button
Seat 1: df182f82 ($6.94 in chips)
Seat 2: Hero ($6.15 in chips)
Seat 3: d20a36aa ($5.05 in chips)
Seat 4: 699e30ee ($5 in chips)
Seat 5: 2422ac0e ($3.19 in chips)
Seat 6: 77e7dc54 ($5.31 in chips)
d20a36aa: posts small blind $0.02
699e30ee: posts big blind $0.05
*** HOLE CARDS ***
Dealt to df182f82 
Dealt to Hero [Qh 3h]
Dealt to d20a36aa 
Dealt to 699e30ee 
Dealt to 2422ac0e 
Dealt to 77e7dc54 
2422ac0e: folds
77e7dc54: raises $0.1 to $0.15
df182f82: folds
Hero: folds
d20a36aa: raises $0.24 to $0.39
699e30ee: folds
77e7dc54: calls $0.24
*** FLOP *** [Js 2s 7d]
d20a36aa: bets $0.55
77e7dc54: folds
Uncalled bet ($0.55) returned to d20a36aa
*** SHOWDOWN ***
d20a36aa collected $0.79 from pot
*** SUMMARY ***
Total pot $0.83 | Rake $0.04 | Jackpot $0 | Bingo $0 | Fortune $0
Board [Js 2s 7d]
Seat 1: df182f82 folded before Flop (didn't bet)
Seat 2: Hero (button) folded before Flop (didn't bet)
Seat 3: d20a36aa (small blind) won ($0.79)
Seat 4: 699e30ee (big blind) folded before Flop
Seat 5: 2422ac0e folded before Flop (didn't bet)
Seat 6: 77e7dc54 folded on the Flop


Poker Hand #HD1137665955: Hold'em No Limit  ($0.02/$0.05) - 2023/02/26 21:43:02
Table 'NLHBlue54' 6-max Seat #1 is the button
Seat 1: df182f82 ($6.94 in chips)
Seat 2: Hero ($6.17 in chips)
Seat 3: d20a36aa ($5.03 in chips)
Seat 4: 699e30ee ($5 in chips)
Seat 5: 2422ac0e ($3.19 in chips)
Seat 6: 77e7dc54 ($5.31 in chips)
Hero: posts small blind $0.02
d20a36aa: posts big blind $0.05
*** HOLE CARDS ***
Dealt to df182f82 
Dealt to Hero [3c 2d]
Dealt to d20a36aa 
Dealt to 699e30ee 
Dealt to 2422ac0e 
Dealt to 77e7dc54 
699e30ee: folds
2422ac0e: folds
77e7dc54: folds
df182f82: folds
Hero: folds
Uncalled bet ($0.03) returned to d20a36aa
*** SHOWDOWN ***
d20a36aa collected $0.04 from pot
*** SUMMARY ***
Total pot $0.04 | Rake $0 | Jackpot $0 | Bingo $0 | Fortune $0
Seat 1: df182f82 (button) folded before Flop (didn't bet)
Seat 2: Hero (small blind) folded before Flop
Seat 3: d20a36aa (big blind) collected ($0.04)
Seat 4: 699e30ee folded before Flop (didn't bet)
Seat 5: 2422ac0e folded before Flop (didn't bet)
Seat 6: 77e7dc54 folded before Flop (didn't bet)


Poker Hand #HD1137665863: Hold'em No Limit  ($0.02/$0.05) - 2023/02/26 21:42:17
Table 'NLHBlue54' 6-max Seat #6 is the button
Seat 1: df182f82 ($6.64 in chips)
Seat 2: Hero ($6.5 in chips)
Seat 3: d20a36aa ($5.03 in chips)
Seat 4: 699e30ee ($5 in chips)
Seat 5: 2422ac0e ($3.19 in chips)
Seat 6: 77e7dc54 ($5.31 in chips)
df182f82: posts small blind $0.02
Hero: posts big blind $0.05
*** HOLE CARDS ***
Dealt to df182f82 
Dealt to Hero [6c 5s]
Dealt to d20a36aa 
Dealt to 699e30ee 
Dealt to 2422ac0e 
Dealt to 77e7dc54 
d20a36aa: folds
699e30ee: folds
2422ac0e: folds
77e7dc54: folds
df182f82: calls $0.03
Hero: checks
*** FLOP *** [7h 3s Td]
df182f82: bets $0.1
Hero: raises $0.18 to $0.28
df182f82: calls $0.18
*** TURN *** [7h 3s Td] [Jd]
df182f82: checks
Hero: checks
*** RIVER *** [7h 3s Td Jd] [9h]
df182f82: checks
Hero: checks
df182f82: shows [4s Ts] (Pair of Tens)
Hero: shows [6c 5s] (Jack-High)
*** SHOWDOWN ***
df182f82 collected $0.63 from pot
*** SUMMARY ***
Total pot $0.66 | Rake $0.03 | Jackpot $0 | Bingo $0 | Fortune $0
Board [7h 3s Td Jd 9h]
Seat 1: df182f82 (small blind) showed [4s Ts] and won ($0.63) with Pair of Tens
Seat 2: Hero (big blind) showed [6c 5s] and lost with Jack-High
Seat 3: d20a36aa folded before Flop (didn't bet)
Seat 4: 699e30ee folded before Flop (didn't bet)
Seat 5: 2422ac0e folded before Flop (didn't bet)
Seat 6: 77e7dc54 (button) folded before Flop (didn't bet)


Poker Hand #HD1137665841: Hold'em No Limit  ($0.02/$0.05) - 2023/02/26 21:42:05
Table 'NLHBlue54' 6-max Seat #5 is the button
Seat 1: df182f82 ($6.69 in chips)
Seat 2: Hero ($6.5 in chips)
Seat 3: d20a36aa ($5.03 in chips)
Seat 4: 699e30ee ($5 in chips)
Seat 5: 2422ac0e ($3.12 in chips)
Seat 6: 77e7dc54 ($5.33 in chips)
77e7dc54: posts small blind $0.02
df182f82: posts big blind $0.05
*** HOLE CARDS ***
Dealt to df182f82 
Dealt to Hero [Qd Tc]
Dealt to d20a36aa 
Dealt to 699e30ee 
Dealt to 2422ac0e 
Dealt to 77e7dc54 
Hero: folds
d20a36aa: folds
699e30ee: folds
2422ac0e: raises $0.05 to $0.1
77e7dc54: folds
df182f82: folds
Uncalled bet ($0.05) returned to 2422ac0e
*** SHOWDOWN ***
2422ac0e collected $0.12 from pot
*** SUMMARY ***
Total pot $0.12 | Rake $0 | Jackpot $0 | Bingo $0 | Fortune $0
Seat 1: df182f82 (big blind) folded before Flop
Seat 2: Hero folded before Flop (didn't bet)
Seat 3: d20a36aa folded before Flop (didn't bet)
Seat 4: 699e30ee folded before Flop (didn't bet)
Seat 5: 2422ac0e (button) collected ($0.12)
Seat 6: 77e7dc54 (small blind) folded before Flop


Poker Hand #HD1137665744: Hold'em No Limit  ($0.02/$0.05) - 2023/02/26 21:41:15
Table 'NLHBlue54' 6-max Seat #4 is the button
Seat 1: df182f82 ($6.19 in chips)
Seat 2: Hero ($6.5 in chips)
Seat 3: d20a36aa ($5.03 in chips)
Seat 4: 699e30ee ($5 in chips)
Seat 5: 2422ac0e ($3.62 in chips)
Seat 6: 77e7dc54 ($5.38 in chips)
2422ac0e: posts small blind $0.02
77e7dc54: posts big blind $0.05
*** HOLE CARDS ***
Dealt to df182f82 
Dealt to Hero [7s 8h]
Dealt to d20a36aa 
Dealt to 699e30ee 
Dealt to 2422ac0e 
Dealt to 77e7dc54 
df182f82: raises $0.1 to $0.15
Hero: folds
d20a36aa: folds
699e30ee: folds
2422ac0e: calls $0.13
77e7dc54: folds
*** FLOP *** [Kc 2d 3d]
2422ac0e: checks
df182f82: bets $0.35
2422ac0e: calls $0.35
*** TURN *** [Kc 2d 3d] [7c]
2422ac0e: checks
df182f82: checks
*** RIVER *** [Kc 2d 3d 7c] [9h]
2422ac0e: checks
df182f82: checks
2422ac0e: shows [5c 4s] (King-High)
df182f82: shows [7d Td] (Pair of Sevens)
*** SHOWDOWN ***
df182f82 collected $1 from pot
*** SUMMARY ***
Total pot $1.05 | Rake $0.05 | Jackpot $0 | Bingo $0 | Fortune $0
Board [Kc 2d 3d 7c 9h]
Seat 1: df182f82 showed [7d Td] and won ($1) with Pair of Sevens
Seat 2: Hero folded before Flop (didn't bet)
Seat 3: d20a36aa folded before Flop (didn't bet)
Seat 4: 699e30ee (button) folded before Flop (didn't bet)
Seat 5: 2422ac0e (small blind) showed [5c 4s] and lost with King-High
Seat 6: 77e7dc54 (big blind) folded before Flop


Poker Hand #HD1137585615: Hold'em No Limit  ($0.02/$0.05) - 2023/02/26 21:40:18
Table 'NLHBlue54' 6-max Seat #3 is the button
Seat 1: df182f82 ($6.19 in chips)
Seat 2: Hero ($6.88 in chips)
Seat 3: d20a36aa ($5.03 in chips)
Seat 4: 699e30ee ($5.02 in chips)
Seat 5: 2422ac0e ($3.25 in chips)
Seat 6: 77e7dc54 ($5.38 in chips)
699e30ee: posts small blind $0.02
2422ac0e: posts big blind $0.05
*** HOLE CARDS ***
Dealt to df182f82 
Dealt to Hero [Ac Jd]
Dealt to d20a36aa 
Dealt to 699e30ee 
Dealt to 2422ac0e 
Dealt to 77e7dc54 
77e7dc54: folds
df182f82: folds
Hero: raises $0.07 to $0.12
d20a36aa: folds
699e30ee: folds
2422ac0e: calls $0.07
*** FLOP *** [3d Qh 6h]
2422ac0e: checks
Hero: bets $0.1
2422ac0e: calls $0.1
*** TURN *** [3d Qh 6h] [Jh]
2422ac0e: checks
Hero: bets $0.16
2422ac0e: calls $0.16
*** RIVER *** [3d Qh 6h Jh] [8d]
2422ac0e: checks
Hero: checks
2422ac0e: shows [Ks Qd] (Pair of Queens)
Hero: shows [Ac Jd] (Pair of Jacks)
*** SHOWDOWN ***
2422ac0e collected $0.75 from pot
*** SUMMARY ***
Total pot $0.78 | Rake $0.03 | Jackpot $0 | Bingo $0 | Fortune $0
Board [3d Qh 6h Jh 8d]
Seat 1: df182f82 folded before Flop (didn't bet)
Seat 2: Hero showed [Ac Jd] and lost with Pair of Jacks
Seat 3: d20a36aa (button) folded before Flop (didn't bet)
Seat 4: 699e30ee (small blind) folded before Flop
Seat 5: 2422ac0e (big blind) showed [Ks Qd] and won ($0.75) with Pair of Queens
Seat 6: 77e7dc54 folded before Flop (didn't bet)


Poker Hand #HD1137585576: Hold'em No Limit  ($0.02/$0.05) - 2023/02/26 21:40:03
Table 'NLHBlue54' 6-max Seat #2 is the button
Seat 1: df182f82 ($6.19 in chips)
Seat 2: Hero ($6.81 in chips)
Seat 3: d20a36aa ($5.05 in chips)
Seat 4: 699e30ee ($5.07 in chips)
Seat 6: 77e7dc54 ($5.38 in chips)
d20a36aa: posts small blind $0.02
699e30ee: posts big blind $0.05
*** HOLE CARDS ***
Dealt to df182f82 
Dealt to Hero [Ah Qh]
Dealt to d20a36aa 
Dealt to 699e30ee 
Dealt to 77e7dc54 
77e7dc54: folds
df182f82: folds
Hero: raises $0.07 to $0.12
d20a36aa: folds
699e30ee: folds
Uncalled bet ($0.07) returned to Hero
*** SHOWDOWN ***
Hero collected $0.12 from pot
*** SUMMARY ***
Total pot $0.12 | Rake $0 | Jackpot $0 | Bingo $0 | Fortune $0
Seat 1: df182f82 folded before Flop (didn't bet)
Seat 2: Hero (button) collected ($0.12)
Seat 3: d20a36aa (small blind) folded before Flop
Seat 4: 699e30ee (big blind) folded before Flop
Seat 6: 77e7dc54 folded before Flop (didn't bet)


Poker Hand #HD1137585545: Hold'em No Limit  ($0.02/$0.05) - 2023/02/26 21:39:48
Table 'NLHBlue54' 6-max Seat #1 is the button
Seat 1: df182f82 ($6.12 in chips)
Seat 2: Hero ($6.83 in chips)
Seat 3: d20a36aa ($5.1 in chips)
Seat 4: 699e30ee ($5.07 in chips)
Seat 6: 77e7dc54 ($5.38 in chips)
Hero: posts small blind $0.02
d20a36aa: posts big blind $0.05
*** HOLE CARDS ***
Dealt to df182f82 
Dealt to Hero [4h 7d]
Dealt to d20a36aa 
Dealt to 699e30ee 
Dealt to 77e7dc54 
699e30ee: folds
77e7dc54: folds
df182f82: raises $0.1 to $0.15
Hero: folds
d20a36aa: folds
Uncalled bet ($0.1) returned to df182f82
*** SHOWDOWN ***
df182f82 collected $0.12 from pot
*** SUMMARY ***
Total pot $0.12 | Rake $0 | Jackpot $0 | Bingo $0 | Fortune $0
Seat 1: df182f82 (button) collected ($0.12)
Seat 2: Hero (small blind) folded before Flop
Seat 3: d20a36aa (big blind) folded before Flop
Seat 4: 699e30ee folded before Flop (didn't bet)
Seat 6: 77e7dc54 folded before Flop (didn't bet)


Poker Hand #HD1137585526: Hold'em No Limit  ($0.02/$0.05) - 2023/02/26 21:39:41
Table 'NLHBlue54' 6-max Seat #6 is the button
Seat 1: df182f82 ($6.14 in chips)
Seat 2: Hero ($6.81 in chips)
Seat 3: d20a36aa ($5.1 in chips)
Seat 4: 699e30ee ($5.07 in chips)
Seat 6: 77e7dc54 ($5.38 in chips)
df182f82: posts small blind $0.02
Hero: posts big blind $0.05
*** HOLE CARDS ***
Dealt to df182f82 
Dealt to Hero [Qs Kc]
Dealt to d20a36aa 
Dealt to 699e30ee 
Dealt to 77e7dc54 
d20a36aa: folds
699e30ee: folds
77e7dc54: folds
df182f82: folds
Uncalled bet ($0.03) returned to Hero
*** SHOWDOWN ***
Hero collected $0.04 from pot
*** SUMMARY ***
Total pot $0.04 | Rake $0 | Jackpot $0 | Bingo $0 | Fortune $0
Seat 1: df182f82 (small blind) folded before Flop
Seat 2: Hero (big blind) collected ($0.04)
Seat 3: d20a36aa folded before Flop (didn't bet)
Seat 4: 699e30ee folded before Flop (didn't bet)
Seat 6: 77e7dc54 (button) folded before Flop (didn't bet)


Poker Hand #HD1137585496: Hold'em No Limit  ($0.02/$0.05) - 2023/02/26 21:39:23
Table 'NLHBlue54' 6-max Seat #4 is the button
Seat 1: df182f82 ($6.19 in chips)
Seat 2: Hero ($6.74 in chips)
Seat 3: d20a36aa ($5.1 in chips)
Seat 4: 699e30ee ($5.07 in chips)
Seat 6: 77e7dc54 ($5.4 in chips)
77e7dc54: posts small blind $0.02
df182f82: posts big blind $0.05
*** HOLE CARDS ***
Dealt to df182f82 
Dealt to Hero [Ah Ks]
Dealt to d20a36aa 
Dealt to 699e30ee 
Dealt to 77e7dc54 
Hero: raises $0.07 to $0.12
d20a36aa: folds
699e30ee: folds
77e7dc54: folds
df182f82: folds
Uncalled bet ($0.07) returned to Hero
*** SHOWDOWN ***
Hero collected $0.12 from pot
*** SUMMARY ***
Total pot $0.12 | Rake $0 | Jackpot $0 | Bingo $0 | Fortune $0
Seat 1: df182f82 (big blind) folded before Flop
Seat 2: Hero collected ($0.12)
Seat 3: d20a36aa folded before Flop (didn't bet)
Seat 4: 699e30ee (button) folded before Flop (didn't bet)
Seat 6: 77e7dc54 (small blind) folded before Flop


Poker Hand #HD1137585407: Hold'em No Limit  ($0.02/$0.05) - 2023/02/26 21:38:43
Table 'NLHBlue54' 6-max Seat #3 is the button
Seat 1: df182f82 ($6.19 in chips)
Seat 2: Hero ($6.96 in chips)
Seat 3: d20a36aa ($5.1 in chips)
Seat 4: 699e30ee ($5.09 in chips)
Seat 6: 77e7dc54 ($5.18 in chips)
699e30ee: posts small blind $0.02
77e7dc54: posts big blind $0.05
*** HOLE CARDS ***
Dealt to df182f82 
Dealt to Hero [As 5s]
Dealt to d20a36aa 
Dealt to 699e30ee 
Dealt to 77e7dc54 
df182f82: folds
Hero: raises $0.07 to $0.12
d20a36aa: folds
699e30ee: folds
77e7dc54: calls $0.07
*** FLOP *** [3d 4c 5h]
77e7dc54: checks
Hero: bets $0.1
77e7dc54: raises $0.35 to $0.45
Hero: folds
Uncalled bet ($0.35) returned to 77e7dc54
*** SHOWDOWN ***
77e7dc54 collected $0.44 from pot
*** SUMMARY ***
Total pot $0.46 | Rake $0.02 | Jackpot $0 | Bingo $0 | Fortune $0
Board [3d 4c 5h]
Seat 1: df182f82 folded before Flop (didn't bet)
Seat 2: Hero folded on the Flop
Seat 3: d20a36aa (button) folded before Flop (didn't bet)
Seat 4: 699e30ee (small blind) folded before Flop
Seat 6: 77e7dc54 (big blind) won ($0.44)


Poker Hand #HD1137585367: Hold'em No Limit  ($0.02/$0.05) - 2023/02/26 21:38:22
Table 'NLHBlue54' 6-max Seat #2 is the button
Seat 1: df182f82 ($6.19 in chips)
Seat 2: Hero ($6.96 in chips)
Seat 3: d20a36aa ($5.05 in chips)
Seat 4: 699e30ee ($5.14 in chips)
Seat 5: 17443974 ($5.46 in chips)
Seat 6: 77e7dc54 ($5.18 in chips)
d20a36aa: posts small blind $0.02
699e30ee: posts big blind $0.05
*** HOLE CARDS ***
Dealt to df182f82 
Dealt to Hero [7c 6h]
Dealt to d20a36aa 
Dealt to 699e30ee 
Dealt to 17443974 
Dealt to 77e7dc54 
17443974: folds
77e7dc54: folds
df182f82: folds
Hero: folds
d20a36aa: raises $0.08 to $0.13
699e30ee: folds
Uncalled bet ($0.08) returned to d20a36aa
*** SHOWDOWN ***
d20a36aa collected $0.1 from pot
*** SUMMARY ***
Total pot $0.1 | Rake $0 | Jackpot $0 | Bingo $0 | Fortune $0
Seat 1: df182f82 folded before Flop (didn't bet)
Seat 2: Hero (button) folded before Flop (didn't bet)
Seat 3: d20a36aa (small blind) collected ($0.1)
Seat 4: 699e30ee (big blind) folded before Flop
Seat 5: 17443974 folded before Flop (didn't bet)
Seat 6: 77e7dc54 folded before Flop (didn't bet)


Poker Hand #HD1137585336: Hold'em No Limit  ($0.02/$0.05) - 2023/02/26 21:38:05
Table 'NLHBlue54' 6-max Seat #1 is the button
Seat 1: df182f82 ($6.19 in chips)
Seat 2: Hero ($6.98 in chips)
Seat 3: d20a36aa ($5 in chips)
Seat 4: 699e30ee ($5.07 in chips)
Seat 5: 17443974 ($5.46 in chips)
Seat 6: 77e7dc54 ($5.18 in chips)
Hero: posts small blind $0.02
d20a36aa: posts big blind $0.05
*** HOLE CARDS ***
Dealt to df182f82 
Dealt to Hero [Ad 2d]
Dealt to d20a36aa 
Dealt to 699e30ee 
Dealt to 17443974 
Dealt to 77e7dc54 
699e30ee: raises $0.08 to $0.13
17443974: folds
77e7dc54: folds
df182f82: folds
Hero: folds
d20a36aa: folds
Uncalled bet ($0.08) returned to 699e30ee
*** SHOWDOWN ***
699e30ee collected $0.12 from pot
*** SUMMARY ***
Total pot $0.12 | Rake $0 | Jackpot $0 | Bingo $0 | Fortune $0
Seat 1: df182f82 (button) folded before Flop (didn't bet)
Seat 2: Hero (small blind) folded before Flop
Seat 3: d20a36aa (big blind) folded before Flop
Seat 4: 699e30ee collected ($0.12)
Seat 5: 17443974 folded before Flop (didn't bet)
Seat 6: 77e7dc54 folded before Flop (didn't bet)


Poker Hand #HD1137585194: Hold'em No Limit  ($0.02/$0.05) - 2023/02/26 21:37:03
Table 'NLHBlue54' 6-max Seat #6 is the button
Seat 1: df182f82 ($5.98 in chips)
Seat 2: Hero ($7.03 in chips)
Seat 3: d20a36aa ($5 in chips)
Seat 4: 699e30ee ($5.07 in chips)
Seat 5: 17443974 ($5.46 in chips)
Seat 6: 77e7dc54 ($5.36 in chips)
df182f82: posts small blind $0.02
Hero: posts big blind $0.05
*** HOLE CARDS ***
Dealt to df182f82 
Dealt to Hero [9h 2c]
Dealt to d20a36aa 
Dealt to 699e30ee 
Dealt to 17443974 
Dealt to 77e7dc54 
d20a36aa: folds
699e30ee: folds
17443974: folds
77e7dc54: raises $0.08 to $0.13
df182f82: calls $0.11
Hero: folds
*** FLOP *** [4s Jc 5h]
df182f82: bets $0.05
77e7dc54: calls $0.05
*** TURN *** [4s Jc 5h] [6c]
df182f82: bets $0.31
77e7dc54: folds
Uncalled bet ($0.31) returned to df182f82
*** SHOWDOWN ***
df182f82 collected $0.39 from pot
*** SUMMARY ***
Total pot $0.41 | Rake $0.02 | Jackpot $0 | Bingo $0 | Fortune $0
Board [4s Jc 5h 6c]
Seat 1: df182f82 (small blind) won ($0.39)
Seat 2: Hero (big blind) folded before Flop
Seat 3: d20a36aa folded before Flop (didn't bet)
Seat 4: 699e30ee folded before Flop (didn't bet)
Seat 5: 17443974 folded before Flop (didn't bet)
Seat 6: 77e7dc54 (button) folded on the Turn


