Poker Hand #HD1596500315: Hold'em No Limit ($0.02/$0.05) - 2024/01/19 23:46:07
Table 'NLHBlue89' 6-max Seat #4 is the button
Seat 1: 5ce1e7ca ($12.52 in chips)
Seat 2: Hero ($5.42 in chips)
Seat 4: 2d5c18cd ($5.23 in chips)
Seat 5: b51bee4a ($5.19 in chips)
Seat 6: d69f73a9 ($11.14 in chips)
b51bee4a: posts small blind $0.02
d69f73a9: posts big blind $0.05
*** HOLE CARDS ***
Dealt to 5ce1e7ca 
Dealt to Hero [Qs Jd]
Dealt to 2d5c18cd 
Dealt to b51bee4a 
Dealt to d69f73a9 
5ce1e7ca: folds
Hero: folds
2d5c18cd: raises $0.1 to $0.15
b51bee4a: calls $0.13
d69f73a9: folds
*** FLOP *** [7h 5h 2c]
b51bee4a: checks
2d5c18cd: checks
*** TURN *** [7h 5h 2c] [Qc]
b51bee4a: checks
2d5c18cd: bets $0.24
b51bee4a: folds
Uncalled bet ($0.24) returned to 2d5c18cd
*** SHOWDOWN ***
2d5c18cd collected $0.34 from pot
*** SUMMARY ***
Total pot $0.35 | Rake $0.01 | Jackpot $0 | Bingo $0 | Fortune $0 | Tax $0
Board [7h 5h 2c Qc]
Seat 1: 5ce1e7ca folded before Flop (didn't bet)
Seat 2: Hero folded before Flop (didn't bet)
Seat 4: 2d5c18cd (button) won ($0.34)
Seat 5: b51bee4a (small blind) folded on the Turn
Seat 6: d69f73a9 (big blind) folded before Flop


Poker Hand #HD1596500285: Hold'em No Limit ($0.02/$0.05) - 2024/01/19 23:45:48
Table 'NLHBlue89' 6-max Seat #2 is the button
Seat 1: 5ce1e7ca ($12.52 in chips)
Seat 2: Hero ($5.42 in chips)
Seat 4: 2d5c18cd ($5.25 in chips)
Seat 5: b51bee4a ($5.17 in chips)
Seat 6: d69f73a9 ($11.14 in chips)
2d5c18cd: posts small blind $0.02
b51bee4a: posts big blind $0.05
*** HOLE CARDS ***
Dealt to 5ce1e7ca 
Dealt to Hero [Jc 5h]
Dealt to 2d5c18cd 
Dealt to b51bee4a 
Dealt to d69f73a9 
d69f73a9: folds
5ce1e7ca: folds
Hero: folds
2d5c18cd: folds
Uncalled bet ($0.03) returned to b51bee4a
*** SHOWDOWN ***
b51bee4a collected $0.04 from pot
*** SUMMARY ***
Total pot $0.04 | Rake $0 | Jackpot $0 | Bingo $0 | Fortune $0 | Tax $0
Seat 1: 5ce1e7ca folded before Flop (didn't bet)
Seat 2: Hero (button) folded before Flop (didn't bet)
Seat 4: 2d5c18cd (small blind) folded before Flop
Seat 5: b51bee4a (big blind) collected ($0.04)
Seat 6: d69f73a9 folded before Flop (didn't bet)


Poker Hand #HD1596500219: Hold'em No Limit ($0.02/$0.05) - 2024/01/19 23:45:07
Table 'NLHBlue89' 6-max Seat #1 is the button
Seat 1: 5ce1e7ca ($12.52 in chips)
Seat 2: Hero ($5.28 in chips)
Seat 4: 2d5c18cd ($5.4 in chips)
Seat 5: b51bee4a ($5.17 in chips)
Seat 6: d69f73a9 ($11.14 in chips)
Hero: posts small blind $0.02
2d5c18cd: posts big blind $0.05
*** HOLE CARDS ***
Dealt to 5ce1e7ca 
Dealt to Hero [6h 7h]
Dealt to 2d5c18cd 
Dealt to b51bee4a 
Dealt to d69f73a9 
b51bee4a: folds
d69f73a9: folds
5ce1e7ca: folds
Hero: raises $0.1 to $0.15
2d5c18cd: calls $0.1
*** FLOP *** [Kc 3d Kd]
Hero: bets $0.17
2d5c18cd: folds
Uncalled bet ($0.17) returned to Hero
*** SHOWDOWN ***
Hero collected $0.29 from pot
*** SUMMARY ***
Total pot $0.3 | Rake $0.01 | Jackpot $0 | Bingo $0 | Fortune $0 | Tax $0
Board [Kc 3d Kd]
Seat 1: 5ce1e7ca (button) folded before Flop (didn't bet)
Seat 2: Hero (small blind) won ($0.29)
Seat 4: 2d5c18cd (big blind) folded on the Flop
Seat 5: b51bee4a folded before Flop (didn't bet)
Seat 6: d69f73a9 folded before Flop (didn't bet)


Poker Hand #HD1596500134: Hold'em No Limit ($0.02/$0.05) - 2024/01/19 23:44:07
Table 'NLHBlue89' 6-max Seat #6 is the button
Seat 1: 5ce1e7ca ($12.62 in chips)
Seat 2: Hero ($5 in chips)
Seat 3: da2d2465 ($9.37 in chips)
Seat 4: 2d5c18cd ($5.4 in chips)
Seat 5: b51bee4a ($5.27 in chips)
Seat 6: d69f73a9 ($11.14 in chips)
5ce1e7ca: posts small blind $0.02
Hero: posts big blind $0.05
*** HOLE CARDS ***
Dealt to 5ce1e7ca 
Dealt to Hero [7d As]
Dealt to da2d2465 
Dealt to 2d5c18cd 
Dealt to b51bee4a 
Dealt to d69f73a9 
da2d2465: raises $0.05 to $0.1
2d5c18cd: folds
b51bee4a: calls $0.1
d69f73a9: folds
5ce1e7ca: calls $0.08
Hero: calls $0.05
*** FLOP *** [2d 2s 7c]
5ce1e7ca: checks
Hero: bets $0.22
da2d2465: folds
b51bee4a: folds
5ce1e7ca: folds
Uncalled bet ($0.22) returned to Hero
*** SHOWDOWN ***
Hero collected $0.38 from pot
*** SUMMARY ***
Total pot $0.4 | Rake $0.02 | Jackpot $0 | Bingo $0 | Fortune $0 | Tax $0
Board [2d 2s 7c]
Seat 1: 5ce1e7ca (small blind) folded on the Flop
Seat 2: Hero (big blind) won ($0.38)
Seat 3: da2d2465 folded on the Flop
Seat 4: 2d5c18cd folded before Flop (didn't bet)
Seat 5: b51bee4a folded on the Flop
Seat 6: d69f73a9 (button) folded before Flop (didn't bet)


Poker Hand #HD1596500118: Hold'em No Limit ($0.02/$0.05) - 2024/01/19 23:43:54
Table 'NLHBlue89' 6-max Seat #5 is the button
Seat 1: 5ce1e7ca ($12.6 in chips)
Seat 2: Hero ($5 in chips)
Seat 3: da2d2465 ($9.37 in chips)
Seat 4: 2d5c18cd ($5.4 in chips)
Seat 5: b51bee4a ($5.27 in chips)
Seat 6: d69f73a9 ($11.16 in chips)
d69f73a9: posts small blind $0.02
5ce1e7ca: posts big blind $0.05
*** HOLE CARDS ***
Dealt to 5ce1e7ca 
Dealt to Hero [8c 4d]
Dealt to da2d2465 
Dealt to 2d5c18cd 
Dealt to b51bee4a 
Dealt to d69f73a9 
Hero: folds
da2d2465: folds
2d5c18cd: folds
b51bee4a: folds
d69f73a9: folds
Uncalled bet ($0.03) returned to 5ce1e7ca
*** SHOWDOWN ***
5ce1e7ca collected $0.04 from pot
*** SUMMARY ***
Total pot $0.04 | Rake $0 | Jackpot $0 | Bingo $0 | Fortune $0 | Tax $0
Seat 1: 5ce1e7ca (big blind) collected ($0.04)
Seat 2: Hero folded before Flop (didn't bet)
Seat 3: da2d2465 folded before Flop (didn't bet)
Seat 4: 2d5c18cd folded before Flop (didn't bet)
Seat 5: b51bee4a (button) folded before Flop (didn't bet)
Seat 6: d69f73a9 (small blind) folded before Flop


Poker Hand #HD1596500093: Hold'em No Limit ($0.02/$0.05) - 2024/01/19 23:43:41
Table 'NLHBlue89' 6-max Seat #4 is the button
Seat 1: 5ce1e7ca ($12.6 in chips)
Seat 2: Hero ($5 in chips)
Seat 3: da2d2465 ($9.37 in chips)
Seat 4: 2d5c18cd ($5.4 in chips)
Seat 5: b51bee4a ($5.29 in chips)
Seat 6: d69f73a9 ($11.14 in chips)
b51bee4a: posts small blind $0.02
d69f73a9: posts big blind $0.05
*** HOLE CARDS ***
Dealt to 5ce1e7ca 
Dealt to Hero [Kd Ts]
Dealt to da2d2465 
Dealt to 2d5c18cd 
Dealt to b51bee4a 
Dealt to d69f73a9 
5ce1e7ca: folds
Hero: folds
da2d2465: folds
2d5c18cd: folds
b51bee4a: folds
Uncalled bet ($0.03) returned to d69f73a9
*** SHOWDOWN ***
d69f73a9 collected $0.04 from pot
*** SUMMARY ***
Total pot $0.04 | Rake $0 | Jackpot $0 | Bingo $0 | Fortune $0 | Tax $0
Seat 1: 5ce1e7ca folded before Flop (didn't bet)
Seat 2: Hero folded before Flop (didn't bet)
Seat 3: da2d2465 folded before Flop (didn't bet)
Seat 4: 2d5c18cd (button) folded before Flop (didn't bet)
Seat 5: b51bee4a (small blind) folded before Flop
Seat 6: d69f73a9 (big blind) collected ($0.04)


Poker Hand #HD1596500042: Hold'em No Limit ($0.02/$0.05) - 2024/01/19 23:43:01
Table 'NLHBlue89' 6-max Seat #3 is the button
Seat 1: 5ce1e7ca ($12.6 in chips)
Seat 2: Hero ($5 in chips)
Seat 3: da2d2465 ($9.37 in chips)
Seat 4: 2d5c18cd ($5.42 in chips)
Seat 5: b51bee4a ($5.22 in chips)
Seat 6: d69f73a9 ($11.19 in chips)
2d5c18cd: posts small blind $0.02
b51bee4a: posts big blind $0.05
*** HOLE CARDS ***
Dealt to 5ce1e7ca 
Dealt to Hero [Qs 9h]
Dealt to da2d2465 
Dealt to 2d5c18cd 
Dealt to b51bee4a 
Dealt to d69f73a9 
d69f73a9: calls $0.05
5ce1e7ca: folds
Hero: folds
da2d2465: folds
2d5c18cd: folds
b51bee4a: checks
*** FLOP *** [9c 7c Tc]
b51bee4a: bets $0.05
d69f73a9: folds
Uncalled bet ($0.05) returned to b51bee4a
*** SHOWDOWN ***
b51bee4a collected $0.12 from pot
*** SUMMARY ***
Total pot $0.12 | Rake $0 | Jackpot $0 | Bingo $0 | Fortune $0 | Tax $0
Board [9c 7c Tc]
Seat 1: 5ce1e7ca folded before Flop (didn't bet)
Seat 2: Hero folded before Flop (didn't bet)
Seat 3: da2d2465 (button) folded before Flop (didn't bet)
Seat 4: 2d5c18cd (small blind) folded before Flop
Seat 5: b51bee4a (big blind) won ($0.12)
Seat 6: d69f73a9 folded on the Flop


Poker Hand #HD1596499939: Hold'em No Limit ($0.02/$0.05) - 2024/01/19 23:41:46
Table 'NLHBlue89' 6-max Seat #2 is the button
Seat 1: 5ce1e7ca ($12.7 in chips)
Seat 2: Hero ($5 in chips)
Seat 3: da2d2465 ($9.39 in chips)
Seat 4: 2d5c18cd ($5.31 in chips)
Seat 5: b51bee4a ($5.22 in chips)
Seat 6: d69f73a9 ($11.19 in chips)
da2d2465: posts small blind $0.02
2d5c18cd: posts big blind $0.05
*** HOLE CARDS ***
Dealt to 5ce1e7ca 
Dealt to Hero [2c Ts]
Dealt to da2d2465 
Dealt to 2d5c18cd 
Dealt to b51bee4a 
Dealt to d69f73a9 
b51bee4a: folds
d69f73a9: folds
5ce1e7ca: raises $0.05 to $0.1
Hero: folds
da2d2465: folds
2d5c18cd: calls $0.05
*** FLOP *** [6s 8d 2h]
2d5c18cd: checks
5ce1e7ca: checks
*** TURN *** [6s 8d 2h] [5c]
2d5c18cd: checks
5ce1e7ca: checks
*** RIVER *** [6s 8d 2h 5c] [As]
2d5c18cd: checks
5ce1e7ca: checks
2d5c18cd: shows [3d 3h] (Pair of Treys)
5ce1e7ca: shows [Th Ks] (Ace-High)
*** SHOWDOWN ***
2d5c18cd collected $0.21 from pot
*** SUMMARY ***
Total pot $0.22 | Rake $0.01 | Jackpot $0 | Bingo $0 | Fortune $0 | Tax $0
Board [6s 8d 2h 5c As]
Seat 1: 5ce1e7ca showed [Th Ks] and lost with Ace-High
Seat 2: Hero (button) folded before Flop (didn't bet)
Seat 3: da2d2465 (small blind) folded before Flop
Seat 4: 2d5c18cd (big blind) showed [3d 3h] and won ($0.21) with Pair of Treys
Seat 5: b51bee4a folded before Flop (didn't bet)
Seat 6: d69f73a9 folded before Flop (didn't bet)


Poker Hand #HD1596499919: Hold'em No Limit ($0.02/$0.05) - 2024/01/19 23:41:36
Table 'NLHBlue89' 6-max Seat #1 is the button
Seat 1: 5ce1e7ca ($12.7 in chips)
Seat 2: Hero ($5 in chips)
Seat 3: da2d2465 ($9.37 in chips)
Seat 4: 2d5c18cd ($5.31 in chips)
Seat 5: b51bee4a ($5.22 in chips)
Seat 6: d69f73a9 ($11.19 in chips)
Hero: posts small blind $0.02
da2d2465: posts big blind $0.05
*** HOLE CARDS ***
Dealt to 5ce1e7ca 
Dealt to Hero [Tc 6d]
Dealt to da2d2465 
Dealt to 2d5c18cd 
Dealt to b51bee4a 
Dealt to d69f73a9 
2d5c18cd: folds
b51bee4a: folds
d69f73a9: folds
5ce1e7ca: folds
Hero: folds
Uncalled bet ($0.03) returned to da2d2465
*** SHOWDOWN ***
da2d2465 collected $0.04 from pot
*** SUMMARY ***
Total pot $0.04 | Rake $0 | Jackpot $0 | Bingo $0 | Fortune $0 | Tax $0
Seat 1: 5ce1e7ca (button) folded before Flop (didn't bet)
Seat 2: Hero (small blind) folded before Flop
Seat 3: da2d2465 (big blind) collected ($0.04)
Seat 4: 2d5c18cd folded before Flop (didn't bet)
Seat 5: b51bee4a folded before Flop (didn't bet)
Seat 6: d69f73a9 folded before Flop (didn't bet)


Poker Hand #HD1596499834: Hold'em No Limit ($0.02/$0.05) - 2024/01/19 23:40:33
Table 'NLHBlue89' 6-max Seat #6 is the button
Seat 1: 5ce1e7ca ($12.72 in chips)
Seat 2: Hero ($5.23 in chips)
Seat 3: da2d2465 ($8.98 in chips)
Seat 4: 2d5c18cd ($5.31 in chips)
Seat 5: b51bee4a ($5.22 in chips)
Seat 6: d69f73a9 ($11.19 in chips)
5ce1e7ca: posts small blind $0.02
Hero: posts big blind $0.05
*** HOLE CARDS ***
Dealt to 5ce1e7ca 
Dealt to Hero [9c 6c]
Dealt to da2d2465 
Dealt to 2d5c18cd 
Dealt to b51bee4a 
Dealt to d69f73a9 
da2d2465: raises $0.05 to $0.1
2d5c18cd: folds
b51bee4a: folds
d69f73a9: folds
5ce1e7ca: folds
Hero: calls $0.05
*** FLOP *** [8h 6h 9h]
Hero: checks
da2d2465: bets $0.1
Hero: calls $0.1
*** TURN *** [8h 6h 9h] [As]
Hero: checks
da2d2465: bets $0.21
Hero: calls $0.21
*** RIVER *** [8h 6h 9h As] [Jd]
Hero: checks
da2d2465: checks
Hero: shows [9c 6c] (Pair of Nines and Pair of Sixes)
da2d2465: shows [8d 8c] (Three Eights)
*** SHOWDOWN ***
da2d2465 collected $0.8 from pot
*** SUMMARY ***
Total pot $0.84 | Rake $0.04 | Jackpot $0 | Bingo $0 | Fortune $0 | Tax $0
Board [8h 6h 9h As Jd]
Seat 1: 5ce1e7ca (small blind) folded before Flop
Seat 2: Hero (big blind) showed [9c 6c] and lost with Pair of Nines and Pair of Sixes
Seat 3: da2d2465 showed [8d 8c] and won ($0.8) with Three Eights
Seat 4: 2d5c18cd folded before Flop (didn't bet)
Seat 5: b51bee4a folded before Flop (didn't bet)
Seat 6: d69f73a9 (button) folded before Flop (didn't bet)


Poker Hand #HD1596499760: Hold'em No Limit ($0.02/$0.05) - 2024/01/19 23:39:39
Table 'NLHBlue89' 6-max Seat #5 is the button
Seat 1: 5ce1e7ca ($12.82 in chips)
Seat 2: Hero ($5.23 in chips)
Seat 3: da2d2465 ($9.08 in chips)
Seat 4: 2d5c18cd ($5.31 in chips)
Seat 5: b51bee4a ($5.22 in chips)
Seat 6: d69f73a9 ($11 in chips)
d69f73a9: posts small blind $0.02
5ce1e7ca: posts big blind $0.05
*** HOLE CARDS ***
Dealt to 5ce1e7ca 
Dealt to Hero [8d 6d]
Dealt to da2d2465 
Dealt to 2d5c18cd 
Dealt to b51bee4a 
Dealt to d69f73a9 
Hero: folds
da2d2465: raises $0.05 to $0.1
2d5c18cd: folds
b51bee4a: folds
d69f73a9: calls $0.08
5ce1e7ca: calls $0.05
*** FLOP *** [5d 4s 9s]
d69f73a9: checks
5ce1e7ca: checks
da2d2465: checks
*** TURN *** [5d 4s 9s] [Td]
d69f73a9: bets $0.1
5ce1e7ca: folds
da2d2465: folds
Uncalled bet ($0.1) returned to d69f73a9
*** SHOWDOWN ***
d69f73a9 collected $0.29 from pot
*** SUMMARY ***
Total pot $0.3 | Rake $0.01 | Jackpot $0 | Bingo $0 | Fortune $0 | Tax $0
Board [5d 4s 9s Td]
Seat 1: 5ce1e7ca (big blind) folded on the Turn
Seat 2: Hero folded before Flop (didn't bet)
Seat 3: da2d2465 folded on the Turn
Seat 4: 2d5c18cd folded before Flop (didn't bet)
Seat 5: b51bee4a (button) folded before Flop (didn't bet)
Seat 6: d69f73a9 (small blind) won ($0.29)


Poker Hand #HD1596499733: Hold'em No Limit ($0.02/$0.05) - 2024/01/19 23:39:19
Table 'NLHBlue89' 6-max Seat #4 is the button
Seat 1: 5ce1e7ca ($12.82 in chips)
Seat 2: Hero ($5.23 in chips)
Seat 3: da2d2465 ($9.08 in chips)
Seat 4: 2d5c18cd ($5.31 in chips)
Seat 5: b51bee4a ($5.17 in chips)
Seat 6: d69f73a9 ($11.05 in chips)
b51bee4a: posts small blind $0.02
d69f73a9: posts big blind $0.05
*** HOLE CARDS ***
Dealt to 5ce1e7ca 
Dealt to Hero [Kd 4h]
Dealt to da2d2465 
Dealt to 2d5c18cd 
Dealt to b51bee4a 
Dealt to d69f73a9 
5ce1e7ca: folds
Hero: folds
da2d2465: folds
2d5c18cd: folds
b51bee4a: raises $0.15 to $0.2
d69f73a9: folds
Uncalled bet ($0.15) returned to b51bee4a
*** SHOWDOWN ***
b51bee4a collected $0.1 from pot
*** SUMMARY ***
Total pot $0.1 | Rake $0 | Jackpot $0 | Bingo $0 | Fortune $0 | Tax $0
Seat 1: 5ce1e7ca folded before Flop (didn't bet)
Seat 2: Hero folded before Flop (didn't bet)
Seat 3: da2d2465 folded before Flop (didn't bet)
Seat 4: 2d5c18cd (button) folded before Flop (didn't bet)
Seat 5: b51bee4a (small blind) collected ($0.1)
Seat 6: d69f73a9 (big blind) folded before Flop


Poker Hand #HD1596499698: Hold'em No Limit ($0.02/$0.05) - 2024/01/19 23:38:57
Table 'NLHBlue89' 6-max Seat #3 is the button
Seat 1: 5ce1e7ca ($12.82 in chips)
Seat 2: Hero ($5.23 in chips)
Seat 3: da2d2465 ($9.08 in chips)
Seat 4: 2d5c18cd ($5.26 in chips)
Seat 5: b51bee4a ($5.22 in chips)
Seat 6: d69f73a9 ($11.05 in chips)
2d5c18cd: posts small blind $0.02
b51bee4a: posts big blind $0.05
*** HOLE CARDS ***
Dealt to 5ce1e7ca 
Dealt to Hero [9h 2c]
Dealt to da2d2465 
Dealt to 2d5c18cd 
Dealt to b51bee4a 
Dealt to d69f73a9 
d69f73a9: folds
5ce1e7ca: folds
Hero: folds
da2d2465: folds
2d5c18cd: raises $0.1 to $0.15
b51bee4a: folds
Uncalled bet ($0.1) returned to 2d5c18cd
*** SHOWDOWN ***
2d5c18cd collected $0.1 from pot
*** SUMMARY ***
Total pot $0.1 | Rake $0 | Jackpot $0 | Bingo $0 | Fortune $0 | Tax $0
Seat 1: 5ce1e7ca folded before Flop (didn't bet)
Seat 2: Hero folded before Flop (didn't bet)
Seat 3: da2d2465 (button) folded before Flop (didn't bet)
Seat 4: 2d5c18cd (small blind) collected ($0.1)
Seat 5: b51bee4a (big blind) folded before Flop
Seat 6: d69f73a9 folded before Flop (didn't bet)


Poker Hand #HD1596499631: Hold'em No Limit ($0.02/$0.05) - 2024/01/19 23:38:04
Table 'NLHBlue89' 6-max Seat #2 is the button
Seat 1: 5ce1e7ca ($12.7 in chips)
Seat 2: Hero ($5.23 in chips)
Seat 3: da2d2465 ($9.1 in chips)
Seat 4: 2d5c18cd ($5.31 in chips)
Seat 5: b51bee4a ($5.22 in chips)
Seat 6: d69f73a9 ($11.1 in chips)
da2d2465: posts small blind $0.02
2d5c18cd: posts big blind $0.05
*** HOLE CARDS ***
Dealt to 5ce1e7ca 
Dealt to Hero [Th 6s]
Dealt to da2d2465 
Dealt to 2d5c18cd 
Dealt to b51bee4a 
Dealt to d69f73a9 
b51bee4a: folds
d69f73a9: calls $0.05
5ce1e7ca: calls $0.05
Hero: folds
da2d2465: folds
2d5c18cd: checks
*** FLOP *** [Kc 6d 2s]
2d5c18cd: checks
d69f73a9: checks
5ce1e7ca: checks
*** TURN *** [Kc 6d 2s] [9d]
2d5c18cd: checks
d69f73a9: checks
5ce1e7ca: checks
*** RIVER *** [Kc 6d 2s 9d] [9h]
2d5c18cd: checks
d69f73a9: checks
5ce1e7ca: checks
2d5c18cd: shows [2c 7d] (Pair of Nines and Pair of Twos)
d69f73a9: shows [3c 4c] (Pair of Nines)
5ce1e7ca: shows [8s 8c] (Pair of Nines and Pair of Eights)
*** SHOWDOWN ***
5ce1e7ca collected $0.17 from pot
*** SUMMARY ***
Total pot $0.17 | Rake $0 | Jackpot $0 | Bingo $0 | Fortune $0 | Tax $0
Board [Kc 6d 2s 9d 9h]
Seat 1: 5ce1e7ca showed [8s 8c] and won ($0.17) with Pair of Nines and Pair of Eights
Seat 2: Hero (button) folded before Flop (didn't bet)
Seat 3: da2d2465 (small blind) folded before Flop
Seat 4: 2d5c18cd (big blind) showed [2c 7d] and lost with Pair of Nines and Pair of Twos
Seat 5: b51bee4a folded before Flop (didn't bet)
Seat 6: d69f73a9 showed [3c 4c] and lost with Pair of Nines


Poker Hand #HD1596499559: Hold'em No Limit ($0.02/$0.05) - 2024/01/19 23:37:15
Table 'NLHBlue89' 6-max Seat #1 is the button
Seat 1: 5ce1e7ca ($12.8 in chips)
Seat 2: Hero ($5.33 in chips)
Seat 3: da2d2465 ($9.15 in chips)
Seat 4: 2d5c18cd ($5.31 in chips)
Seat 5: b51bee4a ($5.22 in chips)
Seat 6: d69f73a9 ($10.86 in chips)
Hero: posts small blind $0.02
da2d2465: posts big blind $0.05
*** HOLE CARDS ***
Dealt to 5ce1e7ca 
Dealt to Hero [Kh 9h]
Dealt to da2d2465 
Dealt to 2d5c18cd 
Dealt to b51bee4a 
Dealt to d69f73a9 
2d5c18cd: folds
b51bee4a: folds
d69f73a9: calls $0.05
5ce1e7ca: raises $0.05 to $0.1
Hero: calls $0.08
da2d2465: folds
d69f73a9: calls $0.05
*** FLOP *** [5s Ah 2c]
Hero: checks
d69f73a9: checks
5ce1e7ca: checks
*** TURN *** [5s Ah 2c] [Jc]
Hero: checks
d69f73a9: checks
5ce1e7ca: checks
*** RIVER *** [5s Ah 2c Jc] [2d]
Hero: checks
d69f73a9: checks
5ce1e7ca: checks
Hero: shows [Kh 9h] (Pair of Twos)
d69f73a9: shows [Jd Tc] (Pair of Jacks and Pair of Twos)
5ce1e7ca: shows [Td Kd] (Pair of Twos)
*** SHOWDOWN ***
d69f73a9 collected $0.34 from pot
*** SUMMARY ***
Total pot $0.35 | Rake $0.01 | Jackpot $0 | Bingo $0 | Fortune $0 | Tax $0
Board [5s Ah 2c Jc 2d]
Seat 1: 5ce1e7ca (button) showed [Td Kd] and lost with Pair of Twos
Seat 2: Hero (small blind) showed [Kh 9h] and lost with Pair of Twos
Seat 3: da2d2465 (big blind) folded before Flop
Seat 4: 2d5c18cd folded before Flop (didn't bet)
Seat 5: b51bee4a folded before Flop (didn't bet)
Seat 6: d69f73a9 showed [Jd Tc] and won ($0.34) with Pair of Jacks and Pair of Twos


Poker Hand #HD1596499461: Hold'em No Limit ($0.02/$0.05) - 2024/01/19 23:36:11
Table 'NLHBlue89' 6-max Seat #6 is the button
Seat 1: 5ce1e7ca ($12.82 in chips)
Seat 2: Hero ($5.6 in chips)
Seat 3: da2d2465 ($9.15 in chips)
Seat 4: 2d5c18cd ($5.04 in chips)
Seat 5: b51bee4a ($5.22 in chips)
Seat 6: d69f73a9 ($10.86 in chips)
5ce1e7ca: posts small blind $0.02
Hero: posts big blind $0.05
*** HOLE CARDS ***
Dealt to 5ce1e7ca 
Dealt to Hero [Qc Td]
Dealt to da2d2465 
Dealt to 2d5c18cd 
Dealt to b51bee4a 
Dealt to d69f73a9 
da2d2465: folds
2d5c18cd: raises $0.05 to $0.1
b51bee4a: folds
d69f73a9: folds
5ce1e7ca: folds
Hero: calls $0.05
*** FLOP *** [8c Jd 2c]
Hero: checks
2d5c18cd: checks
*** TURN *** [8c Jd 2c] [2h]
Hero: bets $0.17
2d5c18cd: calls $0.17
*** RIVER *** [8c Jd 2c 2h] [Jh]
Hero: checks
2d5c18cd: bets $0.29
Hero: folds
Uncalled bet ($0.29) returned to 2d5c18cd
*** SHOWDOWN ***
2d5c18cd collected $0.54 from pot
*** SUMMARY ***
Total pot $0.56 | Rake $0.02 | Jackpot $0 | Bingo $0 | Fortune $0 | Tax $0
Board [8c Jd 2c 2h Jh]
Seat 1: 5ce1e7ca (small blind) folded before Flop
Seat 2: Hero (big blind) folded on the River
Seat 3: da2d2465 folded before Flop (didn't bet)
Seat 4: 2d5c18cd won ($0.54)
Seat 5: b51bee4a folded before Flop (didn't bet)
Seat 6: d69f73a9 (button) folded before Flop (didn't bet)


Poker Hand #HD1596499414: Hold'em No Limit ($0.02/$0.05) - 2024/01/19 23:35:35
Table 'NLHBlue89' 6-max Seat #5 is the button
Seat 1: 5ce1e7ca ($12.8 in chips)
Seat 2: Hero ($5.6 in chips)
Seat 3: da2d2465 ($9.15 in chips)
Seat 4: 2d5c18cd ($5.04 in chips)
Seat 5: b51bee4a ($5.22 in chips)
Seat 6: d69f73a9 ($10.88 in chips)
d69f73a9: posts small blind $0.02
5ce1e7ca: posts big blind $0.05
*** HOLE CARDS ***
Dealt to 5ce1e7ca 
Dealt to Hero [6d 9s]
Dealt to da2d2465 
Dealt to 2d5c18cd 
Dealt to b51bee4a 
Dealt to d69f73a9 
Hero: folds
da2d2465: folds
2d5c18cd: folds
b51bee4a: folds
d69f73a9: folds
Uncalled bet ($0.03) returned to 5ce1e7ca
*** SHOWDOWN ***
5ce1e7ca collected $0.04 from pot
*** SUMMARY ***
Total pot $0.04 | Rake $0 | Jackpot $0 | Bingo $0 | Fortune $0 | Tax $0
Seat 1: 5ce1e7ca (big blind) collected ($0.04)
Seat 2: Hero folded before Flop (didn't bet)
Seat 3: da2d2465 folded before Flop (didn't bet)
Seat 4: 2d5c18cd folded before Flop (didn't bet)
Seat 5: b51bee4a (button) folded before Flop (didn't bet)
Seat 6: d69f73a9 (small blind) folded before Flop


Poker Hand #HD1596499356: Hold'em No Limit ($0.02/$0.05) - 2024/01/19 23:34:58
Table 'NLHBlue89' 6-max Seat #4 is the button
Seat 1: 5ce1e7ca ($12.8 in chips)
Seat 2: Hero ($5.73 in chips)
Seat 3: da2d2465 ($9.15 in chips)
Seat 4: 2d5c18cd ($5.04 in chips)
Seat 5: b51bee4a ($5.24 in chips)
Seat 6: d69f73a9 ($10.74 in chips)
b51bee4a: posts small blind $0.02
d69f73a9: posts big blind $0.05
*** HOLE CARDS ***
Dealt to 5ce1e7ca 
Dealt to Hero [Ac Qh]
Dealt to da2d2465 
Dealt to 2d5c18cd 
Dealt to b51bee4a 
Dealt to d69f73a9 
5ce1e7ca: folds
Hero: raises $0.08 to $0.13
da2d2465: folds
2d5c18cd: folds
b51bee4a: folds
d69f73a9: calls $0.08
*** FLOP *** [4s 8h Kh]
d69f73a9: checks
Hero: checks
*** TURN *** [4s 8h Kh] [3d]
d69f73a9: bets $0.21
Hero: folds
Uncalled bet ($0.21) returned to d69f73a9
*** SHOWDOWN ***
d69f73a9 collected $0.27 from pot
*** SUMMARY ***
Total pot $0.28 | Rake $0.01 | Jackpot $0 | Bingo $0 | Fortune $0 | Tax $0
Board [4s 8h Kh 3d]
Seat 1: 5ce1e7ca folded before Flop (didn't bet)
Seat 2: Hero folded on the Turn
Seat 3: da2d2465 folded before Flop (didn't bet)
Seat 4: 2d5c18cd (button) folded before Flop (didn't bet)
Seat 5: b51bee4a (small blind) folded before Flop
Seat 6: d69f73a9 (big blind) won ($0.27)


Poker Hand #HD1596499298: Hold'em No Limit ($0.02/$0.05) - 2024/01/19 23:34:19
Table 'NLHBlue89' 6-max Seat #3 is the button
Seat 1: 5ce1e7ca ($12.8 in chips)
Seat 2: Hero ($5.73 in chips)
Seat 3: da2d2465 ($9.28 in chips)
Seat 4: 2d5c18cd ($5.06 in chips)
Seat 5: b51bee4a ($5.1 in chips)
Seat 6: d69f73a9 ($10.74 in chips)
2d5c18cd: posts small blind $0.02
b51bee4a: posts big blind $0.05
*** HOLE CARDS ***
Dealt to 5ce1e7ca 
Dealt to Hero [9c 5d]
Dealt to da2d2465 
Dealt to 2d5c18cd 
Dealt to b51bee4a 
Dealt to d69f73a9 
d69f73a9: folds
5ce1e7ca: folds
Hero: folds
da2d2465: raises $0.08 to $0.13
2d5c18cd: folds
b51bee4a: calls $0.08
*** FLOP *** [3d 3s Th]
b51bee4a: checks
da2d2465: checks
*** TURN *** [3d 3s Th] [4h]
b51bee4a: checks
da2d2465: checks
*** RIVER *** [3d 3s Th 4h] [9d]
b51bee4a: bets $0.14
da2d2465: folds
Uncalled bet ($0.14) returned to b51bee4a
*** SHOWDOWN ***
b51bee4a collected $0.27 from pot
*** SUMMARY ***
Total pot $0.28 | Rake $0.01 | Jackpot $0 | Bingo $0 | Fortune $0 | Tax $0
Board [3d 3s Th 4h 9d]
Seat 1: 5ce1e7ca folded before Flop (didn't bet)
Seat 2: Hero folded before Flop (didn't bet)
Seat 3: da2d2465 (button) folded on the River
Seat 4: 2d5c18cd (small blind) folded before Flop
Seat 5: b51bee4a (big blind) won ($0.27)
Seat 6: d69f73a9 folded before Flop (didn't bet)


Poker Hand #HD1596499264: Hold'em No Limit ($0.02/$0.05) - 2024/01/19 23:34:00
Table 'NLHBlue89' 6-max Seat #2 is the button
Seat 1: 5ce1e7ca ($12.73 in chips)
Seat 2: Hero ($5.73 in chips)
Seat 3: da2d2465 ($9.3 in chips)
Seat 4: 2d5c18cd ($5.11 in chips)
Seat 5: b51bee4a ($5.1 in chips)
Seat 6: d69f73a9 ($10.74 in chips)
da2d2465: posts small blind $0.02
2d5c18cd: posts big blind $0.05
*** HOLE CARDS ***
Dealt to 5ce1e7ca 
Dealt to Hero [8d 5d]
Dealt to da2d2465 
Dealt to 2d5c18cd 
Dealt to b51bee4a 
Dealt to d69f73a9 
b51bee4a: folds
d69f73a9: folds
5ce1e7ca: raises $0.1 to $0.15
Hero: folds
da2d2465: folds
2d5c18cd: folds
Uncalled bet ($0.1) returned to 5ce1e7ca
*** SHOWDOWN ***
5ce1e7ca collected $0.12 from pot
*** SUMMARY ***
Total pot $0.12 | Rake $0 | Jackpot $0 | Bingo $0 | Fortune $0 | Tax $0
Seat 1: 5ce1e7ca collected ($0.12)
Seat 2: Hero (button) folded before Flop (didn't bet)
Seat 3: da2d2465 (small blind) folded before Flop
Seat 4: 2d5c18cd (big blind) folded before Flop
Seat 5: b51bee4a folded before Flop (didn't bet)
Seat 6: d69f73a9 folded before Flop (didn't bet)


Poker Hand #HD1596499176: Hold'em No Limit ($0.02/$0.05) - 2024/01/19 23:33:02
Table 'NLHBlue89' 6-max Seat #1 is the button
Seat 1: 5ce1e7ca ($12.73 in chips)
Seat 2: Hero ($5.75 in chips)
Seat 3: da2d2465 ($9.4 in chips)
Seat 4: 2d5c18cd ($5 in chips)
Seat 5: b51bee4a ($5.1 in chips)
Seat 6: d69f73a9 ($10.74 in chips)
Hero: posts small blind $0.02
da2d2465: posts big blind $0.05
*** HOLE CARDS ***
Dealt to 5ce1e7ca 
Dealt to Hero [9c 7c]
Dealt to da2d2465 
Dealt to 2d5c18cd 
Dealt to b51bee4a 
Dealt to d69f73a9 
2d5c18cd: raises $0.05 to $0.1
b51bee4a: folds
d69f73a9: folds
5ce1e7ca: folds
Hero: folds
da2d2465: calls $0.05
*** FLOP *** [8h Qs 3h]
da2d2465: checks
2d5c18cd: bets $0.06
da2d2465: folds
Uncalled bet ($0.06) returned to 2d5c18cd
*** SHOWDOWN ***
2d5c18cd collected $0.21 from pot
*** SUMMARY ***
Total pot $0.22 | Rake $0.01 | Jackpot $0 | Bingo $0 | Fortune $0 | Tax $0
Board [8h Qs 3h]
Seat 1: 5ce1e7ca (button) folded before Flop (didn't bet)
Seat 2: Hero (small blind) folded before Flop
Seat 3: da2d2465 (big blind) folded on the Flop
Seat 4: 2d5c18cd won ($0.21)
Seat 5: b51bee4a folded before Flop (didn't bet)
Seat 6: d69f73a9 folded before Flop (didn't bet)


Poker Hand #HD1596499092: Hold'em No Limit ($0.02/$0.05) - 2024/01/19 23:32:10
Table 'NLHBlue89' 6-max Seat #6 is the button
Seat 1: 5ce1e7ca ($12.75 in chips)
Seat 2: Hero ($5.8 in chips)
Seat 3: da2d2465 ($9.4 in chips)
Seat 4: 2d5c18cd ($5.72 in chips)
Seat 5: b51bee4a ($5.45 in chips)
Seat 6: d69f73a9 ($9.57 in chips)
5ce1e7ca: posts small blind $0.02
Hero: posts big blind $0.05
*** HOLE CARDS ***
Dealt to 5ce1e7ca 
Dealt to Hero [4d 5c]
Dealt to da2d2465 
Dealt to 2d5c18cd 
Dealt to b51bee4a 
Dealt to d69f73a9 
da2d2465: folds
2d5c18cd: raises $0.05 to $0.1
b51bee4a: raises $0.25 to $0.35
d69f73a9: calls $0.35
5ce1e7ca: folds
Hero: folds
2d5c18cd: calls $0.25
*** FLOP *** [6h Tc 9s]
2d5c18cd: checks
b51bee4a: checks
d69f73a9: bets $0.56
2d5c18cd: calls $0.56
b51bee4a: folds
*** TURN *** [6h Tc 9s] [Td]
2d5c18cd: checks
d69f73a9: bets $1.12
2d5c18cd: folds
Uncalled bet ($1.12) returned to d69f73a9
*** SHOWDOWN ***
d69f73a9 collected $2.08 from pot
*** SUMMARY ***
Total pot $2.24 | Rake $0.11 | Jackpot $0.05 | Bingo $0 | Fortune $0 | Tax $0
Board [6h Tc 9s Td]
Seat 1: 5ce1e7ca (small blind) folded before Flop
Seat 2: Hero (big blind) folded before Flop
Seat 3: da2d2465 folded before Flop (didn't bet)
Seat 4: 2d5c18cd folded on the Turn
Seat 5: b51bee4a folded on the Flop
Seat 6: d69f73a9 (button) won ($2.08)


Poker Hand #HD1596499072: Hold'em No Limit ($0.02/$0.05) - 2024/01/19 23:31:54
Table 'NLHBlue89' 6-max Seat #5 is the button
Seat 1: 5ce1e7ca ($12.8 in chips)
Seat 2: Hero ($5.8 in chips)
Seat 3: da2d2465 ($9.33 in chips)
Seat 4: 2d5c18cd ($5.72 in chips)
Seat 5: b51bee4a ($5.45 in chips)
Seat 6: d69f73a9 ($9.59 in chips)
d69f73a9: posts small blind $0.02
5ce1e7ca: posts big blind $0.05
*** HOLE CARDS ***
Dealt to 5ce1e7ca 
Dealt to Hero [Ad 5c]
Dealt to da2d2465 
Dealt to 2d5c18cd 
Dealt to b51bee4a 
Dealt to d69f73a9 
Hero: folds
da2d2465: raises $0.05 to $0.1
2d5c18cd: folds
b51bee4a: folds
d69f73a9: folds
5ce1e7ca: folds
Uncalled bet ($0.05) returned to da2d2465
*** SHOWDOWN ***
da2d2465 collected $0.12 from pot
*** SUMMARY ***
Total pot $0.12 | Rake $0 | Jackpot $0 | Bingo $0 | Fortune $0 | Tax $0
Seat 1: 5ce1e7ca (big blind) folded before Flop
Seat 2: Hero folded before Flop (didn't bet)
Seat 3: da2d2465 collected ($0.12)
Seat 4: 2d5c18cd folded before Flop (didn't bet)
Seat 5: b51bee4a (button) folded before Flop (didn't bet)
Seat 6: d69f73a9 (small blind) folded before Flop


Poker Hand #HD1596499048: Hold'em No Limit ($0.02/$0.05) - 2024/01/19 23:31:39
Table 'NLHBlue89' 6-max Seat #4 is the button
Seat 1: 5ce1e7ca ($12.8 in chips)
Seat 2: Hero ($5.8 in chips)
Seat 3: da2d2465 ($9.33 in chips)
Seat 4: 2d5c18cd ($5.65 in chips)
Seat 5: b51bee4a ($5.47 in chips)
Seat 6: d69f73a9 ($9.64 in chips)
b51bee4a: posts small blind $0.02
d69f73a9: posts big blind $0.05
*** HOLE CARDS ***
Dealt to 5ce1e7ca 
Dealt to Hero [2h 8h]
Dealt to da2d2465 
Dealt to 2d5c18cd 
Dealt to b51bee4a 
Dealt to d69f73a9 
5ce1e7ca: folds
Hero: folds
da2d2465: folds
2d5c18cd: raises $0.1 to $0.15
b51bee4a: folds
d69f73a9: folds
Uncalled bet ($0.1) returned to 2d5c18cd
*** SHOWDOWN ***
2d5c18cd collected $0.12 from pot
*** SUMMARY ***
Total pot $0.12 | Rake $0 | Jackpot $0 | Bingo $0 | Fortune $0 | Tax $0
Seat 1: 5ce1e7ca folded before Flop (didn't bet)
Seat 2: Hero folded before Flop (didn't bet)
Seat 3: da2d2465 folded before Flop (didn't bet)
Seat 4: 2d5c18cd (button) collected ($0.12)
Seat 5: b51bee4a (small blind) folded before Flop
Seat 6: d69f73a9 (big blind) folded before Flop


Poker Hand #HD1596499016: Hold'em No Limit ($0.02/$0.05) - 2024/01/19 23:31:19
Table 'NLHBlue89' 6-max Seat #3 is the button
Seat 1: 5ce1e7ca ($12.73 in chips)
Seat 2: Hero ($5.8 in chips)
Seat 3: da2d2465 ($9.33 in chips)
Seat 4: 2d5c18cd ($5.67 in chips)
Seat 5: b51bee4a ($5.52 in chips)
Seat 6: d69f73a9 ($9.64 in chips)
2d5c18cd: posts small blind $0.02
b51bee4a: posts big blind $0.05
*** HOLE CARDS ***
Dealt to 5ce1e7ca 
Dealt to Hero [Tc Ks]
Dealt to da2d2465 
Dealt to 2d5c18cd 
Dealt to b51bee4a 
Dealt to d69f73a9 
d69f73a9: folds
5ce1e7ca: raises $0.1 to $0.15
Hero: folds
da2d2465: folds
2d5c18cd: folds
b51bee4a: folds
Uncalled bet ($0.1) returned to 5ce1e7ca
*** SHOWDOWN ***
5ce1e7ca collected $0.12 from pot
*** SUMMARY ***
Total pot $0.12 | Rake $0 | Jackpot $0 | Bingo $0 | Fortune $0 | Tax $0
Seat 1: 5ce1e7ca collected ($0.12)
Seat 2: Hero folded before Flop (didn't bet)
Seat 3: da2d2465 (button) folded before Flop (didn't bet)
Seat 4: 2d5c18cd (small blind) folded before Flop
Seat 5: b51bee4a (big blind) folded before Flop
Seat 6: d69f73a9 folded before Flop (didn't bet)


Poker Hand #HD1596498940: Hold'em No Limit ($0.02/$0.05) - 2024/01/19 23:30:28
Table 'NLHBlue89' 6-max Seat #2 is the button
Seat 1: 5ce1e7ca ($12.73 in chips)
Seat 2: Hero ($5.8 in chips)
Seat 3: da2d2465 ($9.35 in chips)
Seat 4: 2d5c18cd ($5.6 in chips)
Seat 5: b51bee4a ($5.52 in chips)
Seat 6: d69f73a9 ($9.69 in chips)
da2d2465: posts small blind $0.02
2d5c18cd: posts big blind $0.05
*** HOLE CARDS ***
Dealt to 5ce1e7ca 
Dealt to Hero [5h 7d]
Dealt to da2d2465 
Dealt to 2d5c18cd 
Dealt to b51bee4a 
Dealt to d69f73a9 
b51bee4a: folds
d69f73a9: calls $0.05
5ce1e7ca: folds
Hero: folds
da2d2465: folds
2d5c18cd: checks
*** FLOP *** [8s Js 2c]
2d5c18cd: checks
d69f73a9: checks
*** TURN *** [8s Js 2c] [8h]
2d5c18cd: bets $0.07
d69f73a9: folds
Uncalled bet ($0.07) returned to 2d5c18cd
*** SHOWDOWN ***
2d5c18cd collected $0.12 from pot
*** SUMMARY ***
Total pot $0.12 | Rake $0 | Jackpot $0 | Bingo $0 | Fortune $0 | Tax $0
Board [8s Js 2c 8h]
Seat 1: 5ce1e7ca folded before Flop (didn't bet)
Seat 2: Hero (button) folded before Flop (didn't bet)
Seat 3: da2d2465 (small blind) folded before Flop
Seat 4: 2d5c18cd (big blind) won ($0.12)
Seat 5: b51bee4a folded before Flop (didn't bet)
Seat 6: d69f73a9 folded on the Turn


Poker Hand #HD1596498896: Hold'em No Limit ($0.02/$0.05) - 2024/01/19 23:29:57
Table 'NLHBlue89' 6-max Seat #1 is the button
Seat 1: 5ce1e7ca ($12.73 in chips)
Seat 2: Hero ($5.82 in chips)
Seat 3: da2d2465 ($9.4 in chips)
Seat 4: 2d5c18cd ($5.6 in chips)
Seat 5: b51bee4a ($5.52 in chips)
Seat 6: d69f73a9 ($9.62 in chips)
Hero: posts small blind $0.02
da2d2465: posts big blind $0.05
*** HOLE CARDS ***
Dealt to 5ce1e7ca 
Dealt to Hero [9h 5s]
Dealt to da2d2465 
Dealt to 2d5c18cd 
Dealt to b51bee4a 
Dealt to d69f73a9 
2d5c18cd: folds
b51bee4a: folds
d69f73a9: calls $0.05
5ce1e7ca: folds
Hero: folds
da2d2465: checks
*** FLOP *** [Kd 8h Qd]
da2d2465: checks
d69f73a9: bets $0.12
da2d2465: folds
Uncalled bet ($0.12) returned to d69f73a9
*** SHOWDOWN ***
d69f73a9 collected $0.12 from pot
*** SUMMARY ***
Total pot $0.12 | Rake $0 | Jackpot $0 | Bingo $0 | Fortune $0 | Tax $0
Board [Kd 8h Qd]
Seat 1: 5ce1e7ca (button) folded before Flop (didn't bet)
Seat 2: Hero (small blind) folded before Flop
Seat 3: da2d2465 (big blind) folded on the Flop
Seat 4: 2d5c18cd folded before Flop (didn't bet)
Seat 5: b51bee4a folded before Flop (didn't bet)
Seat 6: d69f73a9 won ($0.12)


Poker Hand #HD1596498865: Hold'em No Limit ($0.02/$0.05) - 2024/01/19 23:29:40
Table 'NLHBlue89' 6-max Seat #6 is the button
Seat 1: 5ce1e7ca ($12.75 in chips)
Seat 2: Hero ($5.8 in chips)
Seat 3: da2d2465 ($9.4 in chips)
Seat 4: 2d5c18cd ($5.6 in chips)
Seat 5: b51bee4a ($5.52 in chips)
Seat 6: d69f73a9 ($9.62 in chips)
5ce1e7ca: posts small blind $0.02
Hero: posts big blind $0.05
*** HOLE CARDS ***
Dealt to 5ce1e7ca 
Dealt to Hero [9c 8d]
Dealt to da2d2465 
Dealt to 2d5c18cd 
Dealt to b51bee4a 
Dealt to d69f73a9 
da2d2465: folds
2d5c18cd: folds
b51bee4a: folds
d69f73a9: folds
5ce1e7ca: folds
Uncalled bet ($0.03) returned to Hero
*** SHOWDOWN ***
Hero collected $0.04 from pot
*** SUMMARY ***
Total pot $0.04 | Rake $0 | Jackpot $0 | Bingo $0 | Fortune $0 | Tax $0
Seat 1: 5ce1e7ca (small blind) folded before Flop
Seat 2: Hero (big blind) collected ($0.04)
Seat 3: da2d2465 folded before Flop (didn't bet)
Seat 4: 2d5c18cd folded before Flop (didn't bet)
Seat 5: b51bee4a folded before Flop (didn't bet)
Seat 6: d69f73a9 (button) folded before Flop (didn't bet)


Poker Hand #HD1596498780: Hold'em No Limit ($0.02/$0.05) - 2024/01/19 23:28:46
Table 'NLHBlue89' 6-max Seat #5 is the button
Seat 1: 5ce1e7ca ($12.8 in chips)
Seat 2: Hero ($5.93 in chips)
Seat 3: da2d2465 ($9.4 in chips)
Seat 4: 2d5c18cd ($5.98 in chips)
Seat 5: b51bee4a ($4.98 in chips)
Seat 6: d69f73a9 ($9.64 in chips)
d69f73a9: posts small blind $0.02
5ce1e7ca: posts big blind $0.05
*** HOLE CARDS ***
Dealt to 5ce1e7ca 
Dealt to Hero [9d 9h]
Dealt to da2d2465 
Dealt to 2d5c18cd 
Dealt to b51bee4a 
Dealt to d69f73a9 
Hero: raises $0.08 to $0.13
da2d2465: folds
2d5c18cd: raises $0.25 to $0.38
b51bee4a: raises $0.65 to $1.03
d69f73a9: folds
5ce1e7ca: folds
Hero: folds
2d5c18cd: folds
Uncalled bet ($0.65) returned to b51bee4a
*** SHOWDOWN ***
b51bee4a collected $0.92 from pot
*** SUMMARY ***
Total pot $0.96 | Rake $0.04 | Jackpot $0 | Bingo $0 | Fortune $0 | Tax $0
Seat 1: 5ce1e7ca (big blind) folded before Flop
Seat 2: Hero folded before Flop
Seat 3: da2d2465 folded before Flop (didn't bet)
Seat 4: 2d5c18cd folded before Flop
Seat 5: b51bee4a (button) collected ($0.92)
Seat 6: d69f73a9 (small blind) folded before Flop


Poker Hand #HD1596498722: Hold'em No Limit ($0.02/$0.05) - 2024/01/19 23:28:10
Table 'NLHBlue89' 6-max Seat #4 is the button
Seat 1: 5ce1e7ca ($12.8 in chips)
Seat 2: Hero ($5.93 in chips)
Seat 3: da2d2465 ($9.4 in chips)
Seat 4: 2d5c18cd ($5.98 in chips)
Seat 5: b51bee4a ($5 in chips)
Seat 6: d69f73a9 ($9.62 in chips)
b51bee4a: posts small blind $0.02
d69f73a9: posts big blind $0.05
*** HOLE CARDS ***
Dealt to 5ce1e7ca 
Dealt to Hero [4h 9d]
Dealt to da2d2465 
Dealt to 2d5c18cd 
Dealt to b51bee4a 
Dealt to d69f73a9 
5ce1e7ca: folds
Hero: folds
da2d2465: folds
2d5c18cd: folds
b51bee4a: folds
Uncalled bet ($0.03) returned to d69f73a9
*** SHOWDOWN ***
d69f73a9 collected $0.04 from pot
*** SUMMARY ***
Total pot $0.04 | Rake $0 | Jackpot $0 | Bingo $0 | Fortune $0 | Tax $0
Seat 1: 5ce1e7ca folded before Flop (didn't bet)
Seat 2: Hero folded before Flop (didn't bet)
Seat 3: da2d2465 folded before Flop (didn't bet)
Seat 4: 2d5c18cd (button) folded before Flop (didn't bet)
Seat 5: b51bee4a (small blind) folded before Flop
Seat 6: d69f73a9 (big blind) collected ($0.04)


Poker Hand #HD1596498668: Hold'em No Limit ($0.02/$0.05) - 2024/01/19 23:27:35
Table 'NLHBlue89' 6-max Seat #3 is the button
Seat 1: 5ce1e7ca ($12.8 in chips)
Seat 2: Hero ($5.93 in chips)
Seat 3: da2d2465 ($9.4 in chips)
Seat 4: 2d5c18cd ($6 in chips)
Seat 5: b51bee4a ($4.93 in chips)
Seat 6: d69f73a9 ($9.67 in chips)
2d5c18cd: posts small blind $0.02
b51bee4a: posts big blind $0.05
*** HOLE CARDS ***
Dealt to 5ce1e7ca 
Dealt to Hero [2d 9d]
Dealt to da2d2465 
Dealt to 2d5c18cd 
Dealt to b51bee4a 
Dealt to d69f73a9 
d69f73a9: calls $0.05
5ce1e7ca: folds
Hero: folds
da2d2465: folds
2d5c18cd: folds
b51bee4a: checks
*** FLOP *** [Kh 3c 7h]
b51bee4a: checks
d69f73a9: checks
*** TURN *** [Kh 3c 7h] [6d]
b51bee4a: bets $0.08
d69f73a9: folds
Uncalled bet ($0.08) returned to b51bee4a
*** SHOWDOWN ***
b51bee4a collected $0.12 from pot
*** SUMMARY ***
Total pot $0.12 | Rake $0 | Jackpot $0 | Bingo $0 | Fortune $0 | Tax $0
Board [Kh 3c 7h 6d]
Seat 1: 5ce1e7ca folded before Flop (didn't bet)
Seat 2: Hero folded before Flop (didn't bet)
Seat 3: da2d2465 (button) folded before Flop (didn't bet)
Seat 4: 2d5c18cd (small blind) folded before Flop
Seat 5: b51bee4a (big blind) won ($0.12)
Seat 6: d69f73a9 folded on the Turn


Poker Hand #HD1596498645: Hold'em No Limit ($0.02/$0.05) - 2024/01/19 23:27:20
Table 'NLHBlue89' 6-max Seat #2 is the button
Seat 1: 5ce1e7ca ($12.8 in chips)
Seat 2: Hero ($5.93 in chips)
Seat 3: da2d2465 ($9.42 in chips)
Seat 4: 2d5c18cd ($5.98 in chips)
Seat 5: b51bee4a ($4.93 in chips)
Seat 6: d69f73a9 ($9.67 in chips)
da2d2465: posts small blind $0.02
2d5c18cd: posts big blind $0.05
*** HOLE CARDS ***
Dealt to 5ce1e7ca 
Dealt to Hero [2s 4d]
Dealt to da2d2465 
Dealt to 2d5c18cd 
Dealt to b51bee4a 
Dealt to d69f73a9 
b51bee4a: folds
d69f73a9: folds
5ce1e7ca: folds
Hero: folds
da2d2465: folds
Uncalled bet ($0.03) returned to 2d5c18cd
*** SHOWDOWN ***
2d5c18cd collected $0.04 from pot
*** SUMMARY ***
Total pot $0.04 | Rake $0 | Jackpot $0 | Bingo $0 | Fortune $0 | Tax $0
Seat 1: 5ce1e7ca folded before Flop (didn't bet)
Seat 2: Hero (button) folded before Flop (didn't bet)
Seat 3: da2d2465 (small blind) folded before Flop
Seat 4: 2d5c18cd (big blind) collected ($0.04)
Seat 5: b51bee4a folded before Flop (didn't bet)
Seat 6: d69f73a9 folded before Flop (didn't bet)


Poker Hand #HD1596498590: Hold'em No Limit ($0.02/$0.05) - 2024/01/19 23:26:40
Table 'NLHBlue89' 6-max Seat #1 is the button
Seat 1: 5ce1e7ca ($12.8 in chips)
Seat 2: Hero ($5.79 in chips)
Seat 3: da2d2465 ($9.57 in chips)
Seat 4: 2d5c18cd ($5.98 in chips)
Seat 5: b51bee4a ($4.93 in chips)
Seat 6: d69f73a9 ($9.67 in chips)
Hero: posts small blind $0.02
da2d2465: posts big blind $0.05
*** HOLE CARDS ***
Dealt to 5ce1e7ca 
Dealt to Hero [6d 3d]
Dealt to da2d2465 
Dealt to 2d5c18cd 
Dealt to b51bee4a 
Dealt to d69f73a9 
2d5c18cd: folds
b51bee4a: folds
d69f73a9: folds
5ce1e7ca: folds
Hero: raises $0.1 to $0.15
da2d2465: calls $0.1
*** FLOP *** [4h 7s 8s]
Hero: checks
da2d2465: checks
*** TURN *** [4h 7s 8s] [5d]
Hero: bets $0.23
da2d2465: folds
Uncalled bet ($0.23) returned to Hero
*** SHOWDOWN ***
Hero collected $0.29 from pot
*** SUMMARY ***
Total pot $0.3 | Rake $0.01 | Jackpot $0 | Bingo $0 | Fortune $0 | Tax $0
Board [4h 7s 8s 5d]
Seat 1: 5ce1e7ca (button) folded before Flop (didn't bet)
Seat 2: Hero (small blind) won ($0.29)
Seat 3: da2d2465 (big blind) folded on the Turn
Seat 4: 2d5c18cd folded before Flop (didn't bet)
Seat 5: b51bee4a folded before Flop (didn't bet)
Seat 6: d69f73a9 folded before Flop (didn't bet)


Poker Hand #HD1596498558: Hold'em No Limit ($0.02/$0.05) - 2024/01/19 23:26:22
Table 'NLHBlue89' 6-max Seat #6 is the button
Seat 1: 5ce1e7ca ($12.82 in chips)
Seat 2: Hero ($5.84 in chips)
Seat 3: da2d2465 ($9.57 in chips)
Seat 4: 2d5c18cd ($5.98 in chips)
Seat 5: b51bee4a ($4.93 in chips)
Seat 6: d69f73a9 ($9.6 in chips)
5ce1e7ca: posts small blind $0.02
Hero: posts big blind $0.05
*** HOLE CARDS ***
Dealt to 5ce1e7ca 
Dealt to Hero [3s 6s]
Dealt to da2d2465 
Dealt to 2d5c18cd 
Dealt to b51bee4a 
Dealt to d69f73a9 
da2d2465: folds
2d5c18cd: folds
b51bee4a: folds
d69f73a9: raises $0.15 to $0.2
5ce1e7ca: folds
Hero: folds
Uncalled bet ($0.15) returned to d69f73a9
*** SHOWDOWN ***
d69f73a9 collected $0.12 from pot
*** SUMMARY ***
Total pot $0.12 | Rake $0 | Jackpot $0 | Bingo $0 | Fortune $0 | Tax $0
Seat 1: 5ce1e7ca (small blind) folded before Flop
Seat 2: Hero (big blind) folded before Flop
Seat 3: da2d2465 folded before Flop (didn't bet)
Seat 4: 2d5c18cd folded before Flop (didn't bet)
Seat 5: b51bee4a folded before Flop (didn't bet)
Seat 6: d69f73a9 (button) collected ($0.12)


Poker Hand #HD1596498515: Hold'em No Limit ($0.02/$0.05) - 2024/01/19 23:25:53
Table 'NLHBlue89' 6-max Seat #5 is the button
Seat 1: 5ce1e7ca ($12.68 in chips)
Seat 2: Hero ($5.97 in chips)
Seat 3: da2d2465 ($9.57 in chips)
Seat 4: 2d5c18cd ($5.98 in chips)
Seat 5: b51bee4a ($4.93 in chips)
Seat 6: d69f73a9 ($9.62 in chips)
d69f73a9: posts small blind $0.02
5ce1e7ca: posts big blind $0.05
*** HOLE CARDS ***
Dealt to 5ce1e7ca 
Dealt to Hero [7s 7h]
Dealt to da2d2465 
Dealt to 2d5c18cd 
Dealt to b51bee4a 
Dealt to d69f73a9 
Hero: raises $0.08 to $0.13
da2d2465: folds
2d5c18cd: folds
b51bee4a: folds
d69f73a9: folds
5ce1e7ca: calls $0.08
*** FLOP *** [2d 9c Ks]
5ce1e7ca: bets $0.28
Hero: folds
Uncalled bet ($0.28) returned to 5ce1e7ca
*** SHOWDOWN ***
5ce1e7ca collected $0.27 from pot
*** SUMMARY ***
Total pot $0.28 | Rake $0.01 | Jackpot $0 | Bingo $0 | Fortune $0 | Tax $0
Board [2d 9c Ks]
Seat 1: 5ce1e7ca (big blind) won ($0.27)
Seat 2: Hero folded on the Flop
Seat 3: da2d2465 folded before Flop (didn't bet)
Seat 4: 2d5c18cd folded before Flop (didn't bet)
Seat 5: b51bee4a (button) folded before Flop (didn't bet)
Seat 6: d69f73a9 (small blind) folded before Flop


Poker Hand #HD1596498463: Hold'em No Limit ($0.02/$0.05) - 2024/01/19 23:25:19
Table 'NLHBlue89' 6-max Seat #4 is the button
Seat 1: 5ce1e7ca ($12.87 in chips)
Seat 2: Hero ($5.73 in chips)
Seat 3: da2d2465 ($9.57 in chips)
Seat 4: 2d5c18cd ($5.98 in chips)
Seat 5: b51bee4a ($4.95 in chips)
Seat 6: d69f73a9 ($9.67 in chips)
b51bee4a: posts small blind $0.02
d69f73a9: posts big blind $0.05
*** HOLE CARDS ***
Dealt to 5ce1e7ca 
Dealt to Hero [Ac Ad]
Dealt to da2d2465 
Dealt to 2d5c18cd 
Dealt to b51bee4a 
Dealt to d69f73a9 
5ce1e7ca: raises $0.05 to $0.1
Hero: raises $0.09 to $0.19
da2d2465: folds
2d5c18cd: folds
b51bee4a: folds
d69f73a9: folds
5ce1e7ca: calls $0.09
*** FLOP *** [Js 6s Jh]
5ce1e7ca: checks
Hero: bets $0.34
5ce1e7ca: folds
Uncalled bet ($0.34) returned to Hero
*** SHOWDOWN ***
Hero collected $0.43 from pot
*** SUMMARY ***
Total pot $0.45 | Rake $0.02 | Jackpot $0 | Bingo $0 | Fortune $0 | Tax $0
Board [Js 6s Jh]
Seat 1: 5ce1e7ca folded on the Flop
Seat 2: Hero won ($0.43)
Seat 3: da2d2465 folded before Flop (didn't bet)
Seat 4: 2d5c18cd (button) folded before Flop (didn't bet)
Seat 5: b51bee4a (small blind) folded before Flop
Seat 6: d69f73a9 (big blind) folded before Flop


Poker Hand #HD1596498385: Hold'em No Limit ($0.02/$0.05) - 2024/01/19 23:24:37
Table 'NLHBlue89' 6-max Seat #3 is the button
Seat 1: 5ce1e7ca ($12.87 in chips)
Seat 2: Hero ($5.73 in chips)
Seat 3: da2d2465 ($9.7 in chips)
Seat 4: 2d5c18cd ($5.81 in chips)
Seat 5: b51bee4a ($5 in chips)
Seat 6: d69f73a9 ($9.67 in chips)
2d5c18cd: posts small blind $0.02
b51bee4a: posts big blind $0.05
*** HOLE CARDS ***
Dealt to 5ce1e7ca 
Dealt to Hero [7d 9d]
Dealt to da2d2465 
Dealt to 2d5c18cd 
Dealt to b51bee4a 
Dealt to d69f73a9 
d69f73a9: folds
5ce1e7ca: folds
Hero: folds
da2d2465: raises $0.08 to $0.13
2d5c18cd: raises $0.47 to $0.6
b51bee4a: folds
da2d2465: folds
Uncalled bet ($0.47) returned to 2d5c18cd
*** SHOWDOWN ***
2d5c18cd collected $0.3 from pot
*** SUMMARY ***
Total pot $0.31 | Rake $0.01 | Jackpot $0 | Bingo $0 | Fortune $0 | Tax $0
Seat 1: 5ce1e7ca folded before Flop (didn't bet)
Seat 2: Hero folded before Flop (didn't bet)
Seat 3: da2d2465 (button) folded before Flop
Seat 4: 2d5c18cd (small blind) collected ($0.3)
Seat 5: b51bee4a (big blind) folded before Flop
Seat 6: d69f73a9 folded before Flop (didn't bet)


Poker Hand #HD1596498342: Hold'em No Limit ($0.02/$0.05) - 2024/01/19 23:24:09
Table 'NLHBlue89' 6-max Seat #2 is the button
Seat 1: 5ce1e7ca ($12.8 in chips)
Seat 2: Hero ($5.73 in chips)
Seat 3: da2d2465 ($9.72 in chips)
Seat 4: 2d5c18cd ($5.86 in chips)
Seat 6: d69f73a9 ($9.67 in chips)
da2d2465: posts small blind $0.02
2d5c18cd: posts big blind $0.05
*** HOLE CARDS ***
Dealt to 5ce1e7ca 
Dealt to Hero [4d Qc]
Dealt to da2d2465 
Dealt to 2d5c18cd 
Dealt to d69f73a9 
d69f73a9: folds
5ce1e7ca: raises $0.05 to $0.1
Hero: folds
da2d2465: folds
2d5c18cd: folds
Uncalled bet ($0.05) returned to 5ce1e7ca
*** SHOWDOWN ***
5ce1e7ca collected $0.12 from pot
*** SUMMARY ***
Total pot $0.12 | Rake $0 | Jackpot $0 | Bingo $0 | Fortune $0 | Tax $0
Seat 1: 5ce1e7ca collected ($0.12)
Seat 2: Hero (button) folded before Flop (didn't bet)
Seat 3: da2d2465 (small blind) folded before Flop
Seat 4: 2d5c18cd (big blind) folded before Flop
Seat 6: d69f73a9 folded before Flop (didn't bet)


Poker Hand #HD1596498274: Hold'em No Limit ($0.02/$0.05) - 2024/01/19 23:23:19
Table 'NLHBlue89' 6-max Seat #1 is the button
Seat 1: 5ce1e7ca ($12.85 in chips)
Seat 2: Hero ($5.59 in chips)
Seat 3: da2d2465 ($9.77 in chips)
Seat 4: 2d5c18cd ($5.86 in chips)
Seat 6: d69f73a9 ($9.72 in chips)
Hero: posts small blind $0.02
da2d2465: posts big blind $0.05
*** HOLE CARDS ***
Dealt to 5ce1e7ca 
Dealt to Hero [4h Kh]
Dealt to da2d2465 
Dealt to 2d5c18cd 
Dealt to d69f73a9 
2d5c18cd: folds
d69f73a9: calls $0.05
5ce1e7ca: calls $0.05
Hero: calls $0.03
da2d2465: checks
*** FLOP *** [Ah 9d Th]
Hero: bets $0.11
da2d2465: folds
d69f73a9: folds
5ce1e7ca: folds
Uncalled bet ($0.11) returned to Hero
*** SHOWDOWN ***
Hero collected $0.19 from pot
*** SUMMARY ***
Total pot $0.2 | Rake $0.01 | Jackpot $0 | Bingo $0 | Fortune $0 | Tax $0
Board [Ah 9d Th]
Seat 1: 5ce1e7ca (button) folded on the Flop
Seat 2: Hero (small blind) won ($0.19)
Seat 3: da2d2465 (big blind) folded on the Flop
Seat 4: 2d5c18cd folded before Flop (didn't bet)
Seat 6: d69f73a9 folded on the Flop


Poker Hand #HD1596498242: Hold'em No Limit ($0.02/$0.05) - 2024/01/19 23:23:04
Table 'NLHBlue89' 6-max Seat #6 is the button
Seat 1: 5ce1e7ca ($12.87 in chips)
Seat 2: Hero ($5.57 in chips)
Seat 3: da2d2465 ($9.77 in chips)
Seat 4: 2d5c18cd ($5.86 in chips)
Seat 6: d69f73a9 ($9.72 in chips)
5ce1e7ca: posts small blind $0.02
Hero: posts big blind $0.05
*** HOLE CARDS ***
Dealt to 5ce1e7ca 
Dealt to Hero [7s Ts]
Dealt to da2d2465 
Dealt to 2d5c18cd 
Dealt to d69f73a9 
da2d2465: folds
2d5c18cd: folds
d69f73a9: folds
5ce1e7ca: folds
Uncalled bet ($0.03) returned to Hero
*** SHOWDOWN ***
Hero collected $0.04 from pot
*** SUMMARY ***
Total pot $0.04 | Rake $0 | Jackpot $0 | Bingo $0 | Fortune $0 | Tax $0
Seat 1: 5ce1e7ca (small blind) folded before Flop
Seat 2: Hero (big blind) collected ($0.04)
Seat 3: da2d2465 folded before Flop (didn't bet)
Seat 4: 2d5c18cd folded before Flop (didn't bet)
Seat 6: d69f73a9 (button) folded before Flop (didn't bet)


Poker Hand #HD1596498106: Hold'em No Limit ($0.02/$0.05) - 2024/01/19 23:21:47
Table 'NLHBlue89' 6-max Seat #4 is the button
Seat 1: 5ce1e7ca ($6.71 in chips)
Seat 2: Hero ($5.57 in chips)
Seat 3: da2d2465 ($9.77 in chips)
Seat 4: 2d5c18cd ($5.86 in chips)
Seat 6: d69f73a9 ($8.1 in chips)
d69f73a9: posts small blind $0.02
5ce1e7ca: posts big blind $0.05
*** HOLE CARDS ***
Dealt to 5ce1e7ca 
Dealt to Hero [Th Kc]
Dealt to da2d2465 
Dealt to 2d5c18cd 
Dealt to d69f73a9 
Hero: folds
da2d2465: folds
2d5c18cd: folds
d69f73a9: calls $0.03
5ce1e7ca: checks
*** FLOP *** [8h 5s 4h]
d69f73a9: bets $0.1
5ce1e7ca: raises $0.1 to $0.2
d69f73a9: raises $0.5 to $0.7
5ce1e7ca: raises $5.96 to $6.66 and is all-in
d69f73a9: calls $5.96
5ce1e7ca: shows [5c 5d] (Three Fives)
d69f73a9: shows [6s 7s] (Eights-High Straight)
*** TURN *** [8h 5s 4h] [6c]
*** RIVER *** [8h 5s 4h 6c] [4s]
d69f73a9: Receives Cashout ($8.33)
*** SHOWDOWN ***
5ce1e7ca collected $12.87 from pot
*** SUMMARY ***
Total pot $13.42 | Rake $0.5 | Jackpot $0.05 | Bingo $0 | Fortune $0 | Tax $0
Board [8h 5s 4h 6c 4s]
Seat 1: 5ce1e7ca (big blind) showed [5c 5d] and won ($12.87) with Fives Full over Fours
Seat 2: Hero folded before Flop (didn't bet)
Seat 3: da2d2465 folded before Flop (didn't bet)
Seat 4: 2d5c18cd (button) folded before Flop (didn't bet)
Seat 6: d69f73a9 (small blind) showed [6s 7s] and lost with Eights-High Straight, EV Cashout ($8.33)


Poker Hand #HD1596498069: Hold'em No Limit ($0.02/$0.05) - 2024/01/19 23:21:22
Table 'NLHBlue89' 6-max Seat #3 is the button
Seat 1: 5ce1e7ca ($6.71 in chips)
Seat 2: Hero ($5.57 in chips)
Seat 3: da2d2465 ($9.7 in chips)
Seat 4: 2d5c18cd ($5.88 in chips)
Seat 6: d69f73a9 ($8.15 in chips)
2d5c18cd: posts small blind $0.02
d69f73a9: posts big blind $0.05
*** HOLE CARDS ***
Dealt to 5ce1e7ca 
Dealt to Hero [Jd 6h]
Dealt to da2d2465 
Dealt to 2d5c18cd 
Dealt to d69f73a9 
5ce1e7ca: folds
Hero: folds
da2d2465: raises $0.08 to $0.13
2d5c18cd: folds
d69f73a9: folds
Uncalled bet ($0.08) returned to da2d2465
*** SHOWDOWN ***
da2d2465 collected $0.12 from pot
*** SUMMARY ***
Total pot $0.12 | Rake $0 | Jackpot $0 | Bingo $0 | Fortune $0 | Tax $0
Seat 1: 5ce1e7ca folded before Flop (didn't bet)
Seat 2: Hero folded before Flop (didn't bet)
Seat 3: da2d2465 (button) collected ($0.12)
Seat 4: 2d5c18cd (small blind) folded before Flop
Seat 6: d69f73a9 (big blind) folded before Flop


Poker Hand #HD1596497967: Hold'em No Limit ($0.02/$0.05) - 2024/01/19 23:20:12
Table 'NLHBlue89' 6-max Seat #2 is the button
Seat 1: 5ce1e7ca ($6.86 in chips)
Seat 2: Hero ($5.72 in chips)
Seat 3: da2d2465 ($9.85 in chips)
Seat 4: 2d5c18cd ($5.46 in chips)
Seat 6: d69f73a9 ($8.15 in chips)
da2d2465: posts small blind $0.02
2d5c18cd: posts big blind $0.05
*** HOLE CARDS ***
Dealt to 5ce1e7ca 
Dealt to Hero [3s 3c]
Dealt to da2d2465 
Dealt to 2d5c18cd 
Dealt to d69f73a9 
d69f73a9: folds
5ce1e7ca: raises $0.1 to $0.15
Hero: calls $0.15
da2d2465: calls $0.13
2d5c18cd: calls $0.1
*** FLOP *** [9c 6c 9s]
da2d2465: checks
2d5c18cd: checks
5ce1e7ca: checks
Hero: checks
*** TURN *** [9c 6c 9s] [4c]
da2d2465: checks
2d5c18cd: bets $0.5
5ce1e7ca: folds
Hero: folds
da2d2465: folds
Uncalled bet ($0.5) returned to 2d5c18cd
*** SHOWDOWN ***
2d5c18cd collected $0.57 from pot
*** SUMMARY ***
Total pot $0.6 | Rake $0.03 | Jackpot $0 | Bingo $0 | Fortune $0 | Tax $0
Board [9c 6c 9s 4c]
Seat 1: 5ce1e7ca folded on the Turn
Seat 2: Hero (button) folded on the Turn
Seat 3: da2d2465 (small blind) folded on the Turn
Seat 4: 2d5c18cd (big blind) won ($0.57)
Seat 6: d69f73a9 folded before Flop (didn't bet)


Poker Hand #HD1596497874: Hold'em No Limit ($0.02/$0.05) - 2024/01/19 23:19:13
Table 'NLHBlue89' 6-max Seat #1 is the button
Seat 1: 5ce1e7ca ($7.16 in chips)
Seat 2: Hero ($6.02 in chips)
Seat 3: da2d2465 ($9.9 in chips)
Seat 4: 2d5c18cd ($5.46 in chips)
Seat 6: d69f73a9 ($7.54 in chips)
Hero: posts small blind $0.02
da2d2465: posts big blind $0.05
*** HOLE CARDS ***
Dealt to 5ce1e7ca 
Dealt to Hero [6h 7h]
Dealt to da2d2465 
Dealt to 2d5c18cd 
Dealt to d69f73a9 
2d5c18cd: folds
d69f73a9: raises $0.05 to $0.1
5ce1e7ca: calls $0.1
Hero: calls $0.08
da2d2465: folds
*** FLOP *** [Qh Ts 4h]
Hero: checks
d69f73a9: checks
5ce1e7ca: checks
*** TURN *** [Qh Ts 4h] [3s]
Hero: bets $0.2
d69f73a9: calls $0.2
5ce1e7ca: calls $0.2
*** RIVER *** [Qh Ts 4h 3s] [Qs]
Hero: checks
d69f73a9: checks
5ce1e7ca: checks
Hero: shows [6h 7h] (Pair of Queens)
d69f73a9: shows [As 4s] (Ace High Flush)
5ce1e7ca: shows [Ad Js] (Pair of Queens)
*** SHOWDOWN ***
d69f73a9 collected $0.91 from pot
*** SUMMARY ***
Total pot $0.95 | Rake $0.04 | Jackpot $0 | Bingo $0 | Fortune $0 | Tax $0
Board [Qh Ts 4h 3s Qs]
Seat 1: 5ce1e7ca (button) showed [Ad Js] and lost with Pair of Queens
Seat 2: Hero (small blind) showed [6h 7h] and lost with Pair of Queens
Seat 3: da2d2465 (big blind) folded before Flop
Seat 4: 2d5c18cd folded before Flop (didn't bet)
Seat 6: d69f73a9 showed [As 4s] and won ($0.91) with Ace High Flush


Poker Hand #HD1596497807: Hold'em No Limit ($0.02/$0.05) - 2024/01/19 23:18:35
Table 'NLHBlue89' 6-max Seat #6 is the button
Seat 1: 5ce1e7ca ($7.18 in chips)
Seat 2: Hero ($6.07 in chips)
Seat 3: da2d2465 ($9.9 in chips)
Seat 4: 2d5c18cd ($5.46 in chips)
Seat 6: d69f73a9 ($7.47 in chips)
5ce1e7ca: posts small blind $0.02
Hero: posts big blind $0.05
*** HOLE CARDS ***
Dealt to 5ce1e7ca 
Dealt to Hero [7d Jc]
Dealt to da2d2465 
Dealt to 2d5c18cd 
Dealt to d69f73a9 
da2d2465: folds
2d5c18cd: folds
d69f73a9: calls $0.05
5ce1e7ca: folds
Hero: checks
*** FLOP *** [5s 4h Ac]
Hero: checks
d69f73a9: checks
*** TURN *** [5s 4h Ac] [3s]
Hero: checks
d69f73a9: bets $0.12
Hero: folds
Uncalled bet ($0.12) returned to d69f73a9
*** SHOWDOWN ***
d69f73a9 collected $0.12 from pot
*** SUMMARY ***
Total pot $0.12 | Rake $0 | Jackpot $0 | Bingo $0 | Fortune $0 | Tax $0
Board [5s 4h Ac 3s]
Seat 1: 5ce1e7ca (small blind) folded before Flop
Seat 2: Hero (big blind) folded on the Turn
Seat 3: da2d2465 folded before Flop (didn't bet)
Seat 4: 2d5c18cd folded before Flop (didn't bet)
Seat 6: d69f73a9 (button) won ($0.12)


Poker Hand #HD1596497699: Hold'em No Limit ($0.02/$0.05) - 2024/01/19 23:17:30
Table 'NLHBlue89' 6-max Seat #5 is the button
Seat 1: 5ce1e7ca ($7.23 in chips)
Seat 2: Hero ($6.07 in chips)
Seat 3: da2d2465 ($9.9 in chips)
Seat 4: 2d5c18cd ($5.46 in chips)
Seat 5: b5972340 ($4.6 in chips)
Seat 6: d69f73a9 ($5 in chips)
d69f73a9: posts small blind $0.02
5ce1e7ca: posts big blind $0.05
*** HOLE CARDS ***
Dealt to 5ce1e7ca 
Dealt to Hero [2s 6c]
Dealt to da2d2465 
Dealt to 2d5c18cd 
Dealt to b5972340 
Dealt to d69f73a9 
Hero: folds
da2d2465: folds
2d5c18cd: folds
b5972340: raises $0.08 to $0.13
d69f73a9: raises $0.31 to $0.44
5ce1e7ca: folds
b5972340: calls $0.31
*** FLOP *** [6h Td Jc]
d69f73a9: bets $0.93
b5972340: calls $0.93
*** TURN *** [6h Td Jc] [9s]
d69f73a9: bets $3.63 and is all-in
b5972340: calls $3.23 and is all-in
Uncalled bet ($0.4) returned to d69f73a9
d69f73a9: shows [Kh Ks] (Pair of Kings)
b5972340: shows [Jh Qh] (Pair of Jacks)
d69f73a9: Chooses to EV Cashout 
*** RIVER *** [6h Td Jc 9s] [3c]
d69f73a9: Pays Cashout Risk ($1.67)
*** SHOWDOWN ***
d69f73a9 collected $8.74 from pot
*** SUMMARY ***
Total pot $9.25 | Rake $0.46 | Jackpot $0.05 | Bingo $0 | Fortune $0 | Tax $0
Board [6h Td Jc 9s 3c]
Seat 1: 5ce1e7ca (big blind) folded before Flop
Seat 2: Hero folded before Flop (didn't bet)
Seat 3: da2d2465 folded before Flop (didn't bet)
Seat 4: 2d5c18cd folded before Flop (didn't bet)
Seat 5: b5972340 (button) showed [Jh Qh] and lost with Pair of Jacks
Seat 6: d69f73a9 (small blind) showed [Kh Ks] and won ($8.74) with Pair of Kings, Cashout Risk ($1.67)


Poker Hand #HD1596497603: Hold'em No Limit ($0.02/$0.05) - 2024/01/19 23:16:31
Table 'NLHBlue89' 6-max Seat #4 is the button
Seat 1: 5ce1e7ca ($7.33 in chips)
Seat 2: Hero ($6.07 in chips)
Seat 3: da2d2465 ($5.31 in chips)
Seat 4: 2d5c18cd ($5.46 in chips)
Seat 5: b5972340 ($4.62 in chips)
Seat 6: d69f73a9 ($5 in chips)
b5972340: posts small blind $0.02
d69f73a9: posts big blind $0.05
*** HOLE CARDS ***
Dealt to 5ce1e7ca 
Dealt to Hero [4d Ad]
Dealt to da2d2465 
Dealt to 2d5c18cd 
Dealt to b5972340 
Dealt to d69f73a9 
5ce1e7ca: raises $0.05 to $0.1
Hero: folds
da2d2465: raises $0.25 to $0.35
2d5c18cd: folds
b5972340: folds
d69f73a9: calls $0.3
5ce1e7ca: folds
*** FLOP *** [5c 7c Ts]
d69f73a9: bets $0.82
da2d2465: calls $0.82
*** TURN *** [5c 7c Ts] [9d]
d69f73a9: bets $3.83 and is all-in
da2d2465: calls $3.83
d69f73a9: shows [Jd Js] (Pair of Jacks)
da2d2465: shows [Kd Kh] (Pair of Kings)
*** FIRST RIVER *** [5c 7c Ts 9d] [Tc]
*** SECOND RIVER *** [5c 7c Ts 9d] [Kc]
*** THIRD RIVER *** [5c 7c Ts 9d] [3c]
*** FIRST SHOWDOWN ***
da2d2465 collected $3.21 from pot
*** SECOND SHOWDOWN ***
da2d2465 collected $3.19 from pot
*** THIRD SHOWDOWN ***
da2d2465 collected $3.19 from pot
*** SUMMARY ***
Total pot $10.12 | Rake $0.48 | Jackpot $0.05 | Bingo $0 | Fortune $0 | Tax $0
Hand was run three times
FIRST Board [5c 7c Ts 9d Tc]
SECOND Board [Kc]
THIRD Board [3c]
Seat 1: 5ce1e7ca folded before Flop
Seat 2: Hero folded before Flop (didn't bet)
Seat 3: da2d2465 showed [Kd Kh] and won ($3.21) with Pair of Kings and Pair of Tens, and won ($3.19), and won ($3.19)
Seat 4: 2d5c18cd (button) folded before Flop (didn't bet)
Seat 5: b5972340 (small blind) folded before Flop
Seat 6: d69f73a9 (big blind) showed [Jd Js] and lost with Pair of Jacks and Pair of Tens, and lost, and lost


Poker Hand #HD1596497542: Hold'em No Limit ($0.02/$0.05) - 2024/01/19 23:15:57
Table 'NLHBlue89' 6-max Seat #3 is the button
Seat 1: 5ce1e7ca ($7.68 in chips)
Seat 2: Hero ($6.07 in chips)
Seat 3: da2d2465 ($5.31 in chips)
Seat 4: 2d5c18cd ($5.48 in chips)
Seat 5: b5972340 ($4.28 in chips)
Seat 6: d69f73a9 ($5 in chips)
2d5c18cd: posts small blind $0.02
b5972340: posts big blind $0.05
*** HOLE CARDS ***
Dealt to 5ce1e7ca 
Dealt to Hero [2d 6s]
Dealt to da2d2465 
Dealt to 2d5c18cd 
Dealt to b5972340 
Dealt to d69f73a9 
d69f73a9: folds
5ce1e7ca: raises $0.05 to $0.1
Hero: folds
da2d2465: folds
2d5c18cd: folds
b5972340: calls $0.05
*** FLOP *** [7d 6d 5s]
b5972340: checks
5ce1e7ca: bets $0.25
b5972340: calls $0.25
*** TURN *** [7d 6d 5s] [Tc]
b5972340: checks
5ce1e7ca: checks
*** RIVER *** [7d 6d 5s Tc] [Jc]
b5972340: bets $0.58
5ce1e7ca: folds
Uncalled bet ($0.58) returned to b5972340
*** SHOWDOWN ***
b5972340 collected $0.69 from pot
*** SUMMARY ***
Total pot $0.72 | Rake $0.03 | Jackpot $0 | Bingo $0 | Fortune $0 | Tax $0
Board [7d 6d 5s Tc Jc]
Seat 1: 5ce1e7ca folded on the River
Seat 2: Hero folded before Flop (didn't bet)
Seat 3: da2d2465 (button) folded before Flop (didn't bet)
Seat 4: 2d5c18cd (small blind) folded before Flop
Seat 5: b5972340 (big blind) won ($0.69)
Seat 6: d69f73a9 folded before Flop (didn't bet)


Poker Hand #HD1596497490: Hold'em No Limit ($0.02/$0.05) - 2024/01/19 23:15:21
Table 'NLHBlue89' 6-max Seat #2 is the button
Seat 1: 5ce1e7ca ($7.68 in chips)
Seat 2: Hero ($6.07 in chips)
Seat 3: da2d2465 ($5.19 in chips)
Seat 4: 2d5c18cd ($5.61 in chips)
Seat 5: b5972340 ($4.28 in chips)
Seat 6: d69f73a9 ($5 in chips)
da2d2465: posts small blind $0.02
2d5c18cd: posts big blind $0.05
*** HOLE CARDS ***
Dealt to 5ce1e7ca 
Dealt to Hero [4d Qh]
Dealt to da2d2465 
Dealt to 2d5c18cd 
Dealt to b5972340 
Dealt to d69f73a9 
b5972340: folds
d69f73a9: folds
5ce1e7ca: folds
Hero: folds
da2d2465: raises $0.08 to $0.13
2d5c18cd: calls $0.08
*** FLOP *** [Kc 2c Jd]
da2d2465: bets $0.07
2d5c18cd: folds
Uncalled bet ($0.07) returned to da2d2465
*** SHOWDOWN ***
da2d2465 collected $0.25 from pot
*** SUMMARY ***
Total pot $0.26 | Rake $0.01 | Jackpot $0 | Bingo $0 | Fortune $0 | Tax $0
Board [Kc 2c Jd]
Seat 1: 5ce1e7ca folded before Flop (didn't bet)
Seat 2: Hero (button) folded before Flop (didn't bet)
Seat 3: da2d2465 (small blind) won ($0.25)
Seat 4: 2d5c18cd (big blind) folded on the Flop
Seat 5: b5972340 folded before Flop (didn't bet)
Seat 6: d69f73a9 folded before Flop (didn't bet)


Poker Hand #HD1596497463: Hold'em No Limit ($0.02/$0.05) - 2024/01/19 23:15:07
Table 'NLHBlue89' 6-max Seat #1 is the button
Seat 1: 5ce1e7ca ($7.68 in chips)
Seat 2: Hero ($6.02 in chips)
Seat 3: da2d2465 ($5.24 in chips)
Seat 4: 2d5c18cd ($5.61 in chips)
Seat 5: b5972340 ($4.28 in chips)
Seat 6: d69f73a9 ($5 in chips)
Hero: posts small blind $0.02
da2d2465: posts big blind $0.05
*** HOLE CARDS ***
Dealt to 5ce1e7ca 
Dealt to Hero [Jc Ac]
Dealt to da2d2465 
Dealt to 2d5c18cd 
Dealt to b5972340 
Dealt to d69f73a9 
2d5c18cd: folds
b5972340: folds
d69f73a9: folds
5ce1e7ca: folds
Hero: raises $0.1 to $0.15
da2d2465: folds
Uncalled bet ($0.1) returned to Hero
*** SHOWDOWN ***
Hero collected $0.1 from pot
*** SUMMARY ***
Total pot $0.1 | Rake $0 | Jackpot $0 | Bingo $0 | Fortune $0 | Tax $0
Seat 1: 5ce1e7ca (button) folded before Flop (didn't bet)
Seat 2: Hero (small blind) collected ($0.1)
Seat 3: da2d2465 (big blind) folded before Flop
Seat 4: 2d5c18cd folded before Flop (didn't bet)
Seat 5: b5972340 folded before Flop (didn't bet)
Seat 6: d69f73a9 folded before Flop (didn't bet)


Poker Hand #HD1596497355: Hold'em No Limit ($0.02/$0.05) - 2024/01/19 23:14:01
Table 'NLHBlue89' 6-max Seat #6 is the button
Seat 1: 5ce1e7ca ($7.3 in chips)
Seat 2: Hero ($6.12 in chips)
Seat 3: da2d2465 ($5.24 in chips)
Seat 4: 2d5c18cd ($5.61 in chips)
Seat 5: b5972340 ($4.43 in chips)
Seat 6: d69f73a9 ($5.07 in chips)
5ce1e7ca: posts small blind $0.02
Hero: posts big blind $0.05
*** HOLE CARDS ***
Dealt to 5ce1e7ca 
Dealt to Hero [4c As]
Dealt to da2d2465 
Dealt to 2d5c18cd 
Dealt to b5972340 
Dealt to d69f73a9 
da2d2465: folds
2d5c18cd: folds
b5972340: raises $0.05 to $0.1
d69f73a9: calls $0.1
5ce1e7ca: calls $0.08
Hero: calls $0.05
*** FLOP *** [6c Td 2s]
5ce1e7ca: bets $0.05
Hero: folds
b5972340: calls $0.05
d69f73a9: calls $0.05
*** TURN *** [6c Td 2s] [4d]
5ce1e7ca: checks
b5972340: checks
d69f73a9: checks
*** RIVER *** [6c Td 2s 4d] [7h]
5ce1e7ca: bets $0.19
b5972340: folds
d69f73a9: folds
Uncalled bet ($0.19) returned to 5ce1e7ca
*** SHOWDOWN ***
5ce1e7ca collected $0.53 from pot
*** SUMMARY ***
Total pot $0.55 | Rake $0.02 | Jackpot $0 | Bingo $0 | Fortune $0 | Tax $0
Board [6c Td 2s 4d 7h]
Seat 1: 5ce1e7ca (small blind) won ($0.53)
Seat 2: Hero (big blind) folded on the Flop
Seat 3: da2d2465 folded before Flop (didn't bet)
Seat 4: 2d5c18cd folded before Flop (didn't bet)
Seat 5: b5972340 folded on the River
Seat 6: d69f73a9 (button) folded on the River


Poker Hand #HD1596497327: Hold'em No Limit ($0.02/$0.05) - 2024/01/19 23:13:42
Table 'NLHBlue89' 6-max Seat #5 is the button
Seat 1: 5ce1e7ca ($7.35 in chips)
Seat 2: Hero ($6.12 in chips)
Seat 3: da2d2465 ($5.24 in chips)
Seat 4: 2d5c18cd ($5.61 in chips)
Seat 5: b5972340 ($4.36 in chips)
Seat 6: d69f73a9 ($5.09 in chips)
d69f73a9: posts small blind $0.02
5ce1e7ca: posts big blind $0.05
*** HOLE CARDS ***
Dealt to 5ce1e7ca 
Dealt to Hero [4s Tc]
Dealt to da2d2465 
Dealt to 2d5c18cd 
Dealt to b5972340 
Dealt to d69f73a9 
Hero: folds
da2d2465: folds
2d5c18cd: folds
b5972340: raises $0.08 to $0.13
d69f73a9: folds
5ce1e7ca: folds
Uncalled bet ($0.08) returned to b5972340
*** SHOWDOWN ***
b5972340 collected $0.12 from pot
*** SUMMARY ***
Total pot $0.12 | Rake $0 | Jackpot $0 | Bingo $0 | Fortune $0 | Tax $0
Seat 1: 5ce1e7ca (big blind) folded before Flop
Seat 2: Hero folded before Flop (didn't bet)
Seat 3: da2d2465 folded before Flop (didn't bet)
Seat 4: 2d5c18cd folded before Flop (didn't bet)
Seat 5: b5972340 (button) collected ($0.12)
Seat 6: d69f73a9 (small blind) folded before Flop


Poker Hand #HD1596497308: Hold'em No Limit ($0.02/$0.05) - 2024/01/19 23:13:29
Table 'NLHBlue89' 6-max Seat #4 is the button
Seat 1: 5ce1e7ca ($7.35 in chips)
Seat 2: Hero ($6.12 in chips)
Seat 3: da2d2465 ($5.24 in chips)
Seat 4: 2d5c18cd ($5.61 in chips)
Seat 5: b5972340 ($4.38 in chips)
Seat 6: d69f73a9 ($5.07 in chips)
b5972340: posts small blind $0.02
d69f73a9: posts big blind $0.05
*** HOLE CARDS ***
Dealt to 5ce1e7ca 
Dealt to Hero [Qh Tc]
Dealt to da2d2465 
Dealt to 2d5c18cd 
Dealt to b5972340 
Dealt to d69f73a9 
5ce1e7ca: folds
Hero: folds
da2d2465: folds
2d5c18cd: folds
b5972340: folds
Uncalled bet ($0.03) returned to d69f73a9
*** SHOWDOWN ***
d69f73a9 collected $0.04 from pot
*** SUMMARY ***
Total pot $0.04 | Rake $0 | Jackpot $0 | Bingo $0 | Fortune $0 | Tax $0
Seat 1: 5ce1e7ca folded before Flop (didn't bet)
Seat 2: Hero folded before Flop (didn't bet)
Seat 3: da2d2465 folded before Flop (didn't bet)
Seat 4: 2d5c18cd (button) folded before Flop (didn't bet)
Seat 5: b5972340 (small blind) folded before Flop
Seat 6: d69f73a9 (big blind) collected ($0.04)


Poker Hand #HD1596497231: Hold'em No Limit ($0.02/$0.05) - 2024/01/19 23:12:49
Table 'NLHBlue89' 6-max Seat #3 is the button
Seat 1: 5ce1e7ca ($7.35 in chips)
Seat 2: Hero ($6.12 in chips)
Seat 3: da2d2465 ($5.24 in chips)
Seat 4: 2d5c18cd ($5.63 in chips)
Seat 5: b5972340 ($4.43 in chips)
Seat 6: d69f73a9 ($5 in chips)
2d5c18cd: posts small blind $0.02
b5972340: posts big blind $0.05
*** HOLE CARDS ***
Dealt to 5ce1e7ca 
Dealt to Hero [Jh 8d]
Dealt to da2d2465 
Dealt to 2d5c18cd 
Dealt to b5972340 
Dealt to d69f73a9 
d69f73a9: calls $0.05
5ce1e7ca: folds
Hero: folds
da2d2465: folds
2d5c18cd: folds
b5972340: checks
*** FLOP *** [As Qd Ah]
b5972340: checks
d69f73a9: checks
*** TURN *** [As Qd Ah] [3c]
b5972340: checks
d69f73a9: checks
*** RIVER *** [As Qd Ah 3c] [Qs]
b5972340: checks
d69f73a9: bets $0.12
b5972340: folds
Uncalled bet ($0.12) returned to d69f73a9
*** SHOWDOWN ***
d69f73a9 collected $0.12 from pot
*** SUMMARY ***
Total pot $0.12 | Rake $0 | Jackpot $0 | Bingo $0 | Fortune $0 | Tax $0
Board [As Qd Ah 3c Qs]
Seat 1: 5ce1e7ca folded before Flop (didn't bet)
Seat 2: Hero folded before Flop (didn't bet)
Seat 3: da2d2465 (button) folded before Flop (didn't bet)
Seat 4: 2d5c18cd (small blind) folded before Flop
Seat 5: b5972340 (big blind) folded on the River
Seat 6: d69f73a9 won ($0.12)


Poker Hand #HD1596497208: Hold'em No Limit ($0.02/$0.05) - 2024/01/19 23:12:32
Table 'NLHBlue89' 6-max Seat #2 is the button
Seat 1: 5ce1e7ca ($7.35 in chips)
Seat 2: Hero ($6.12 in chips)
Seat 3: da2d2465 ($5.19 in chips)
Seat 4: 2d5c18cd ($5.68 in chips)
Seat 5: b5972340 ($4.43 in chips)
Seat 6: d69f73a9 ($5 in chips)
da2d2465: posts small blind $0.02
2d5c18cd: posts big blind $0.05
*** HOLE CARDS ***
Dealt to 5ce1e7ca 
Dealt to Hero [Qs 2h]
Dealt to da2d2465 
Dealt to 2d5c18cd 
Dealt to b5972340 
Dealt to d69f73a9 
b5972340: folds
d69f73a9: folds
5ce1e7ca: folds
Hero: folds
da2d2465: raises $0.08 to $0.13
2d5c18cd: folds
Uncalled bet ($0.08) returned to da2d2465
*** SHOWDOWN ***
da2d2465 collected $0.1 from pot
*** SUMMARY ***
Total pot $0.1 | Rake $0 | Jackpot $0 | Bingo $0 | Fortune $0 | Tax $0
Seat 1: 5ce1e7ca folded before Flop (didn't bet)
Seat 2: Hero (button) folded before Flop (didn't bet)
Seat 3: da2d2465 (small blind) collected ($0.1)
Seat 4: 2d5c18cd (big blind) folded before Flop
Seat 5: b5972340 folded before Flop (didn't bet)
Seat 6: d69f73a9 folded before Flop (didn't bet)


Poker Hand #HD1596497175: Hold'em No Limit ($0.02/$0.05) - 2024/01/19 23:12:11
Table 'NLHBlue89' 6-max Seat #1 is the button
Seat 1: 5ce1e7ca ($7.35 in chips)
Seat 2: Hero ($6.14 in chips)
Seat 3: da2d2465 ($5.24 in chips)
Seat 4: 2d5c18cd ($5.61 in chips)
Seat 5: b5972340 ($4.43 in chips)
Seat 6: d69f73a9 ($5 in chips)
Hero: posts small blind $0.02
da2d2465: posts big blind $0.05
*** HOLE CARDS ***
Dealt to 5ce1e7ca 
Dealt to Hero [3h 5h]
Dealt to da2d2465 
Dealt to 2d5c18cd 
Dealt to b5972340 
Dealt to d69f73a9 
2d5c18cd: raises $0.05 to $0.1
b5972340: folds
d69f73a9: folds
5ce1e7ca: folds
Hero: folds
da2d2465: folds
Uncalled bet ($0.05) returned to 2d5c18cd
*** SHOWDOWN ***
2d5c18cd collected $0.12 from pot
*** SUMMARY ***
Total pot $0.12 | Rake $0 | Jackpot $0 | Bingo $0 | Fortune $0 | Tax $0
Seat 1: 5ce1e7ca (button) folded before Flop (didn't bet)
Seat 2: Hero (small blind) folded before Flop
Seat 3: da2d2465 (big blind) folded before Flop
Seat 4: 2d5c18cd collected ($0.12)
Seat 5: b5972340 folded before Flop (didn't bet)
Seat 6: d69f73a9 folded before Flop (didn't bet)


Poker Hand #HD1596497120: Hold'em No Limit ($0.02/$0.05) - 2024/01/19 23:11:39
Table 'NLHBlue89' 6-max Seat #6 is the button
Seat 1: 5ce1e7ca ($7.37 in chips)
Seat 2: Hero ($6.19 in chips)
Seat 3: da2d2465 ($5.24 in chips)
Seat 4: 2d5c18cd ($5.71 in chips)
Seat 5: b5972340 ($3.89 in chips)
Seat 6: d69f73a9 ($5 in chips)
5ce1e7ca: posts small blind $0.02
Hero: posts big blind $0.05
*** HOLE CARDS ***
Dealt to 5ce1e7ca 
Dealt to Hero [4s 8h]
Dealt to da2d2465 
Dealt to 2d5c18cd 
Dealt to b5972340 
Dealt to d69f73a9 
da2d2465: folds
2d5c18cd: raises $0.05 to $0.1
b5972340: raises $0.32 to $0.42
d69f73a9: calls $0.42
5ce1e7ca: folds
Hero: folds
2d5c18cd: folds
*** FLOP *** [Td 2h 8d]
b5972340: bets $0.51
d69f73a9: folds
Uncalled bet ($0.51) returned to b5972340
*** SHOWDOWN ***
b5972340 collected $0.96 from pot
*** SUMMARY ***
Total pot $1.01 | Rake $0.05 | Jackpot $0 | Bingo $0 | Fortune $0 | Tax $0
Board [Td 2h 8d]
Seat 1: 5ce1e7ca (small blind) folded before Flop
Seat 2: Hero (big blind) folded before Flop
Seat 3: da2d2465 folded before Flop (didn't bet)
Seat 4: 2d5c18cd folded before Flop
Seat 5: b5972340 won ($0.96)
Seat 6: d69f73a9 (button) folded on the Flop


Poker Hand #HD1596497076: Hold'em No Limit ($0.02/$0.05) - 2024/01/19 23:11:13
Table 'NLHBlue89' 6-max Seat #5 is the button
Seat 1: 5ce1e7ca ($7.42 in chips)
Seat 2: Hero ($6.19 in chips)
Seat 3: da2d2465 ($5.24 in chips)
Seat 4: 2d5c18cd ($5.71 in chips)
Seat 5: b5972340 ($3.82 in chips)
Seat 6: d69f73a9 ($5 in chips)
d69f73a9: posts small blind $0.02
5ce1e7ca: posts big blind $0.05
*** HOLE CARDS ***
Dealt to 5ce1e7ca 
Dealt to Hero [9c 2c]
Dealt to da2d2465 
Dealt to 2d5c18cd 
Dealt to b5972340 
Dealt to d69f73a9 
Hero: folds
da2d2465: folds
2d5c18cd: folds
b5972340: raises $0.05 to $0.1
d69f73a9: folds
5ce1e7ca: folds
Uncalled bet ($0.05) returned to b5972340
*** SHOWDOWN ***
b5972340 collected $0.12 from pot
*** SUMMARY ***
Total pot $0.12 | Rake $0 | Jackpot $0 | Bingo $0 | Fortune $0 | Tax $0
Seat 1: 5ce1e7ca (big blind) folded before Flop
Seat 2: Hero folded before Flop (didn't bet)
Seat 3: da2d2465 folded before Flop (didn't bet)
Seat 4: 2d5c18cd folded before Flop (didn't bet)
Seat 5: b5972340 (button) collected ($0.12)
Seat 6: d69f73a9 (small blind) folded before Flop


Poker Hand #HD1596497037: Hold'em No Limit ($0.02/$0.05) - 2024/01/19 23:10:46
Table 'NLHBlue89' 6-max Seat #4 is the button
Seat 1: 5ce1e7ca ($7.42 in chips)
Seat 2: Hero ($6.19 in chips)
Seat 3: da2d2465 ($5.24 in chips)
Seat 4: 2d5c18cd ($5.71 in chips)
Seat 5: b5972340 ($3.77 in chips)
Seat 6: d69f73a9 ($5 in chips)
b5972340: posts small blind $0.02
d69f73a9: posts big blind $0.05
*** HOLE CARDS ***
Dealt to 5ce1e7ca 
Dealt to Hero [Kc 4c]
Dealt to da2d2465 
Dealt to 2d5c18cd 
Dealt to b5972340 
Dealt to d69f73a9 
5ce1e7ca: folds
Hero: folds
da2d2465: folds
2d5c18cd: folds
b5972340: calls $0.03
d69f73a9: checks
*** FLOP *** [2d 3d 9h]
b5972340: bets $0.05
d69f73a9: folds
Uncalled bet ($0.05) returned to b5972340
*** SHOWDOWN ***
b5972340 collected $0.1 from pot
*** SUMMARY ***
Total pot $0.1 | Rake $0 | Jackpot $0 | Bingo $0 | Fortune $0 | Tax $0
Board [2d 3d 9h]
Seat 1: 5ce1e7ca folded before Flop (didn't bet)
Seat 2: Hero folded before Flop (didn't bet)
Seat 3: da2d2465 folded before Flop (didn't bet)
Seat 4: 2d5c18cd (button) folded before Flop (didn't bet)
Seat 5: b5972340 (small blind) won ($0.1)
Seat 6: d69f73a9 (big blind) folded on the Flop


Poker Hand #HD1596496995: Hold'em No Limit ($0.02/$0.05) - 2024/01/19 23:10:16
Table 'NLHBlue89' 6-max Seat #3 is the button
Seat 1: 5ce1e7ca ($7.42 in chips)
Seat 2: Hero ($6.19 in chips)
Seat 3: da2d2465 ($5.24 in chips)
Seat 4: 2d5c18cd ($5.61 in chips)
Seat 5: b5972340 ($3.82 in chips)
Seat 6: d69f73a9 ($5 in chips)
2d5c18cd: posts small blind $0.02
b5972340: posts big blind $0.05
*** HOLE CARDS ***
Dealt to 5ce1e7ca 
Dealt to Hero [8s Tc]
Dealt to da2d2465 
Dealt to 2d5c18cd 
Dealt to b5972340 
Dealt to d69f73a9 
d69f73a9: calls $0.05
5ce1e7ca: folds
Hero: folds
da2d2465: folds
2d5c18cd: raises $0.2 to $0.25
b5972340: folds
d69f73a9: folds
Uncalled bet ($0.2) returned to 2d5c18cd
*** SHOWDOWN ***
2d5c18cd collected $0.15 from pot
*** SUMMARY ***
Total pot $0.15 | Rake $0 | Jackpot $0 | Bingo $0 | Fortune $0 | Tax $0
Seat 1: 5ce1e7ca folded before Flop (didn't bet)
Seat 2: Hero folded before Flop (didn't bet)
Seat 3: da2d2465 (button) folded before Flop (didn't bet)
Seat 4: 2d5c18cd (small blind) collected ($0.15)
Seat 5: b5972340 (big blind) folded before Flop
Seat 6: d69f73a9 folded before Flop


Poker Hand #HD1596496909: Hold'em No Limit ($0.02/$0.05) - 2024/01/19 23:09:31
Table 'NLHBlue89' 6-max Seat #2 is the button
Seat 1: 5ce1e7ca ($7.01 in chips)
Seat 2: Hero ($6.19 in chips)
Seat 3: da2d2465 ($5.26 in chips)
Seat 4: 2d5c18cd ($5.66 in chips)
Seat 5: b5972340 ($4.2 in chips)
Seat 6: d69f73a9 ($5 in chips)
da2d2465: posts small blind $0.02
2d5c18cd: posts big blind $0.05
*** HOLE CARDS ***
Dealt to 5ce1e7ca 
Dealt to Hero [8c Ks]
Dealt to da2d2465 
Dealt to 2d5c18cd 
Dealt to b5972340 
Dealt to d69f73a9 
b5972340: raises $0.08 to $0.13
d69f73a9: folds
5ce1e7ca: calls $0.13
Hero: folds
da2d2465: folds
2d5c18cd: folds
*** FLOP *** [5s 2d 3s]
b5972340: bets $0.11
5ce1e7ca: raises $0.14 to $0.25
b5972340: calls $0.14
*** TURN *** [5s 2d 3s] [6h]
b5972340: checks
5ce1e7ca: bets $0.3
b5972340: folds
Uncalled bet ($0.3) returned to 5ce1e7ca
*** SHOWDOWN ***
5ce1e7ca collected $0.79 from pot
*** SUMMARY ***
Total pot $0.83 | Rake $0.04 | Jackpot $0 | Bingo $0 | Fortune $0 | Tax $0
Board [5s 2d 3s 6h]
Seat 1: 5ce1e7ca won ($0.79)
Seat 2: Hero (button) folded before Flop (didn't bet)
Seat 3: da2d2465 (small blind) folded before Flop
Seat 4: 2d5c18cd (big blind) folded before Flop
Seat 5: b5972340 folded on the Turn
Seat 6: d69f73a9 folded before Flop (didn't bet)


Poker Hand #HD1596496862: Hold'em No Limit ($0.02/$0.05) - 2024/01/19 23:09:07
Table 'NLHBlue89' 6-max Seat #1 is the button
Seat 1: 5ce1e7ca ($6.94 in chips)
Seat 2: Hero ($6.21 in chips)
Seat 3: da2d2465 ($5.31 in chips)
Seat 4: 2d5c18cd ($5.66 in chips)
Seat 5: b5972340 ($4.2 in chips)
Seat 6: d69f73a9 ($5 in chips)
Hero: posts small blind $0.02
da2d2465: posts big blind $0.05
*** HOLE CARDS ***
Dealt to 5ce1e7ca 
Dealt to Hero [Kh 8h]
Dealt to da2d2465 
Dealt to 2d5c18cd 
Dealt to b5972340 
Dealt to d69f73a9 
2d5c18cd: folds
b5972340: folds
d69f73a9: folds
5ce1e7ca: raises $0.1 to $0.15
Hero: folds
da2d2465: folds
Uncalled bet ($0.1) returned to 5ce1e7ca
*** SHOWDOWN ***
5ce1e7ca collected $0.12 from pot
*** SUMMARY ***
Total pot $0.12 | Rake $0 | Jackpot $0 | Bingo $0 | Fortune $0 | Tax $0
Seat 1: 5ce1e7ca (button) collected ($0.12)
Seat 2: Hero (small blind) folded before Flop
Seat 3: da2d2465 (big blind) folded before Flop
Seat 4: 2d5c18cd folded before Flop (didn't bet)
Seat 5: b5972340 folded before Flop (didn't bet)
Seat 6: d69f73a9 folded before Flop (didn't bet)


Poker Hand #HD1596496764: Hold'em No Limit ($0.02/$0.05) - 2024/01/19 23:08:13
Table 'NLHBlue89' 6-max Seat #6 is the button
Seat 1: 5ce1e7ca ($6.96 in chips)
Seat 2: Hero ($5.71 in chips)
Seat 3: da2d2465 ($5.31 in chips)
Seat 4: 2d5c18cd ($5.66 in chips)
Seat 5: b5972340 ($4.2 in chips)
Seat 6: d69f73a9 ($5.14 in chips)
5ce1e7ca: posts small blind $0.02
Hero: posts big blind $0.05
*** HOLE CARDS ***
Dealt to 5ce1e7ca 
Dealt to Hero [8h Th]
Dealt to da2d2465 
Dealt to 2d5c18cd 
Dealt to b5972340 
Dealt to d69f73a9 
da2d2465: folds
2d5c18cd: folds
b5972340: folds
d69f73a9: calls $0.05
5ce1e7ca: folds
Hero: checks
*** FLOP *** [8d 5d Js]
Hero: checks
d69f73a9: bets $0.12
Hero: calls $0.12
*** TURN *** [8d 5d Js] [Qs]
Hero: checks
d69f73a9: bets $0.36
Hero: calls $0.36
*** RIVER *** [8d 5d Js Qs] [Tc]
Hero: checks
d69f73a9: checks
Hero: shows [8h Th] (Pair of Tens and Pair of Eights)
d69f73a9: shows [6d Qd] (Pair of Queens)
*** SHOWDOWN ***
Hero collected $1.03 from pot
*** SUMMARY ***
Total pot $1.08 | Rake $0.05 | Jackpot $0 | Bingo $0 | Fortune $0 | Tax $0
Board [8d 5d Js Qs Tc]
Seat 1: 5ce1e7ca (small blind) folded before Flop
Seat 2: Hero (big blind) showed [8h Th] and won ($1.03) with Pair of Tens and Pair of Eights
Seat 3: da2d2465 folded before Flop (didn't bet)
Seat 4: 2d5c18cd folded before Flop (didn't bet)
Seat 5: b5972340 folded before Flop (didn't bet)
Seat 6: d69f73a9 (button) showed [6d Qd] and lost with Pair of Queens


Poker Hand #HD1596496680: Hold'em No Limit ($0.02/$0.05) - 2024/01/19 23:07:17
Table 'NLHBlue89' 6-max Seat #5 is the button
Seat 1: 5ce1e7ca ($7.01 in chips)
Seat 2: Hero ($5.71 in chips)
Seat 3: da2d2465 ($5.31 in chips)
Seat 4: 2d5c18cd ($5.66 in chips)
Seat 5: b5972340 ($4.3 in chips)
Seat 6: d69f73a9 ($5 in chips)
d69f73a9: posts small blind $0.02
5ce1e7ca: posts big blind $0.05
*** HOLE CARDS ***
Dealt to 5ce1e7ca 
Dealt to Hero [6c 2h]
Dealt to da2d2465 
Dealt to 2d5c18cd 
Dealt to b5972340 
Dealt to d69f73a9 
Hero: folds
da2d2465: folds
2d5c18cd: folds
b5972340: raises $0.05 to $0.1
d69f73a9: calls $0.08
5ce1e7ca: folds
*** FLOP *** [8d 6h 4s]
d69f73a9: checks
b5972340: checks
*** TURN *** [8d 6h 4s] [8c]
d69f73a9: checks
b5972340: checks
*** RIVER *** [8d 6h 4s 8c] [Tc]
d69f73a9: checks
b5972340: checks
d69f73a9: shows [Jh Ad] (Pair of Eights)
b5972340: shows [Kd 2d] (Pair of Eights)
*** SHOWDOWN ***
d69f73a9 collected $0.24 from pot
*** SUMMARY ***
Total pot $0.25 | Rake $0.01 | Jackpot $0 | Bingo $0 | Fortune $0 | Tax $0
Board [8d 6h 4s 8c Tc]
Seat 1: 5ce1e7ca (big blind) folded before Flop
Seat 2: Hero folded before Flop (didn't bet)
Seat 3: da2d2465 folded before Flop (didn't bet)
Seat 4: 2d5c18cd folded before Flop (didn't bet)
Seat 5: b5972340 (button) showed [Kd 2d] and lost with Pair of Eights
Seat 6: d69f73a9 (small blind) showed [Jh Ad] and won ($0.24) with Pair of Eights


Poker Hand #HD1596496629: Hold'em No Limit ($0.02/$0.05) - 2024/01/19 23:06:50
Table 'NLHBlue89' 6-max Seat #4 is the button
Seat 1: 5ce1e7ca ($7.01 in chips)
Seat 2: Hero ($5.71 in chips)
Seat 3: da2d2465 ($5.44 in chips)
Seat 4: 2d5c18cd ($5.47 in chips)
Seat 5: b5972340 ($4.32 in chips)
Seat 6: d69f73a9 ($5 in chips)
b5972340: posts small blind $0.02
d69f73a9: posts big blind $0.05
*** HOLE CARDS ***
Dealt to 5ce1e7ca 
Dealt to Hero [6s 8d]
Dealt to da2d2465 
Dealt to 2d5c18cd 
Dealt to b5972340 
Dealt to d69f73a9 
5ce1e7ca: folds
Hero: folds
da2d2465: raises $0.08 to $0.13
2d5c18cd: raises $0.25 to $0.38
b5972340: folds
d69f73a9: folds
da2d2465: folds
Uncalled bet ($0.25) returned to 2d5c18cd
*** SHOWDOWN ***
2d5c18cd collected $0.32 from pot
*** SUMMARY ***
Total pot $0.33 | Rake $0.01 | Jackpot $0 | Bingo $0 | Fortune $0 | Tax $0
Seat 1: 5ce1e7ca folded before Flop (didn't bet)
Seat 2: Hero folded before Flop (didn't bet)
Seat 3: da2d2465 folded before Flop
Seat 4: 2d5c18cd (button) collected ($0.32)
Seat 5: b5972340 (small blind) folded before Flop
Seat 6: d69f73a9 (big blind) folded before Flop


Poker Hand #HD1596496525: Hold'em No Limit ($0.02/$0.05) - 2024/01/19 23:05:48
Table 'NLHBlue89' 6-max Seat #3 is the button
Seat 1: 5ce1e7ca ($7.01 in chips)
Seat 2: Hero ($5.71 in chips)
Seat 3: da2d2465 ($5.3 in chips)
Seat 4: 2d5c18cd ($5.49 in chips)
Seat 5: b5972340 ($4.45 in chips)
2d5c18cd: posts small blind $0.02
b5972340: posts big blind $0.05
*** HOLE CARDS ***
Dealt to 5ce1e7ca 
Dealt to Hero [8c Ks]
Dealt to da2d2465 
Dealt to 2d5c18cd 
Dealt to b5972340 
5ce1e7ca: folds
Hero: folds
da2d2465: raises $0.08 to $0.13
2d5c18cd: folds
b5972340: calls $0.08
*** FLOP *** [Qh 7c Qc]
b5972340: checks
da2d2465: checks
*** TURN *** [Qh 7c Qc] [6h]
b5972340: checks
da2d2465: checks
*** RIVER *** [Qh 7c Qc 6h] [7d]
b5972340: checks
da2d2465: checks
b5972340: shows [4d 4s] (Pair of Queens and Pair of Sevens)
da2d2465: shows [Th 9c] (Pair of Queens and Pair of Sevens)
*** SHOWDOWN ***
da2d2465 collected $0.27 from pot
*** SUMMARY ***
Total pot $0.28 | Rake $0.01 | Jackpot $0 | Bingo $0 | Fortune $0 | Tax $0
Board [Qh 7c Qc 6h 7d]
Seat 1: 5ce1e7ca folded before Flop (didn't bet)
Seat 2: Hero folded before Flop (didn't bet)
Seat 3: da2d2465 (button) showed [Th 9c] and won ($0.27) with Pair of Queens and Pair of Sevens
Seat 4: 2d5c18cd (small blind) folded before Flop
Seat 5: b5972340 (big blind) showed [4d 4s] and lost with Pair of Queens and Pair of Sevens


Poker Hand #HD1596496457: Hold'em No Limit ($0.02/$0.05) - 2024/01/19 23:05:03
Table 'NLHBlue89' 6-max Seat #2 is the button
Seat 1: 5ce1e7ca ($7.01 in chips)
Seat 2: Hero ($5.71 in chips)
Seat 3: da2d2465 ($5.16 in chips)
Seat 4: 2d5c18cd ($5.54 in chips)
Seat 5: b5972340 ($4.55 in chips)
Seat 6: 74413193 ($6.91 in chips)
da2d2465: posts small blind $0.02
2d5c18cd: posts big blind $0.05
*** HOLE CARDS ***
Dealt to 5ce1e7ca 
Dealt to Hero [6c Qh]
Dealt to da2d2465 
Dealt to 2d5c18cd 
Dealt to b5972340 
Dealt to 74413193 
b5972340: raises $0.05 to $0.1
74413193: folds
5ce1e7ca: folds
Hero: folds
da2d2465: raises $0.25 to $0.35
2d5c18cd: folds
b5972340: folds
Uncalled bet ($0.25) returned to da2d2465
*** SHOWDOWN ***
da2d2465 collected $0.24 from pot
*** SUMMARY ***
Total pot $0.25 | Rake $0.01 | Jackpot $0 | Bingo $0 | Fortune $0 | Tax $0
Seat 1: 5ce1e7ca folded before Flop (didn't bet)
Seat 2: Hero (button) folded before Flop (didn't bet)
Seat 3: da2d2465 (small blind) collected ($0.24)
Seat 4: 2d5c18cd (big blind) folded before Flop
Seat 5: b5972340 folded before Flop
Seat 6: 74413193 folded before Flop (didn't bet)


Poker Hand #HD1596496443: Hold'em No Limit ($0.02/$0.05) - 2024/01/19 23:04:55
Table 'NLHBlue89' 6-max Seat #1 is the button
Seat 1: 5ce1e7ca ($7.01 in chips)
Seat 2: Hero ($5.73 in chips)
Seat 3: da2d2465 ($5.14 in chips)
Seat 4: 2d5c18cd ($5.54 in chips)
Seat 5: b5972340 ($4.55 in chips)
Seat 6: 74413193 ($6.91 in chips)
Hero: posts small blind $0.02
da2d2465: posts big blind $0.05
*** HOLE CARDS ***
Dealt to 5ce1e7ca 
Dealt to Hero [Tc 8s]
Dealt to da2d2465 
Dealt to 2d5c18cd 
Dealt to b5972340 
Dealt to 74413193 
2d5c18cd: folds
b5972340: folds
74413193: folds
5ce1e7ca: folds
Hero: folds
Uncalled bet ($0.03) returned to da2d2465
*** SHOWDOWN ***
da2d2465 collected $0.04 from pot
*** SUMMARY ***
Total pot $0.04 | Rake $0 | Jackpot $0 | Bingo $0 | Fortune $0 | Tax $0
Seat 1: 5ce1e7ca (button) folded before Flop (didn't bet)
Seat 2: Hero (small blind) folded before Flop
Seat 3: da2d2465 (big blind) collected ($0.04)
Seat 4: 2d5c18cd folded before Flop (didn't bet)
Seat 5: b5972340 folded before Flop (didn't bet)
Seat 6: 74413193 folded before Flop (didn't bet)


Poker Hand #HD1596496348: Hold'em No Limit ($0.02/$0.05) - 2024/01/19 23:03:59
Table 'NLHBlue89' 6-max Seat #6 is the button
Seat 1: 5ce1e7ca ($6.68 in chips)
Seat 2: Hero ($5.86 in chips)
Seat 3: da2d2465 ($5.14 in chips)
Seat 4: 2d5c18cd ($5.54 in chips)
Seat 5: b5972340 ($4.78 in chips)
Seat 6: 74413193 ($6.91 in chips)
5ce1e7ca: posts small blind $0.02
Hero: posts big blind $0.05
*** HOLE CARDS ***
Dealt to 5ce1e7ca 
Dealt to Hero [7c 6c]
Dealt to da2d2465 
Dealt to 2d5c18cd 
Dealt to b5972340 
Dealt to 74413193 
da2d2465: folds
2d5c18cd: folds
b5972340: raises $0.08 to $0.13
74413193: folds
5ce1e7ca: calls $0.11
Hero: calls $0.08
*** FLOP *** [As Jd 7s]
5ce1e7ca: bets $0.1
Hero: folds
b5972340: calls $0.1
*** TURN *** [As Jd 7s] [Js]
5ce1e7ca: bets $0.1
b5972340: folds
Uncalled bet ($0.1) returned to 5ce1e7ca
*** SHOWDOWN ***
5ce1e7ca collected $0.56 from pot
*** SUMMARY ***
Total pot $0.59 | Rake $0.03 | Jackpot $0 | Bingo $0 | Fortune $0 | Tax $0
Board [As Jd 7s Js]
Seat 1: 5ce1e7ca (small blind) won ($0.56)
Seat 2: Hero (big blind) folded on the Flop
Seat 3: da2d2465 folded before Flop (didn't bet)
Seat 4: 2d5c18cd folded before Flop (didn't bet)
Seat 5: b5972340 folded on the Turn
Seat 6: 74413193 (button) folded before Flop (didn't bet)


Poker Hand #HD1596496292: Hold'em No Limit ($0.02/$0.05) - 2024/01/19 23:03:32
Table 'NLHBlue89' 6-max Seat #5 is the button
Seat 1: 5ce1e7ca ($6.73 in chips)
Seat 2: Hero ($5.86 in chips)
Seat 3: da2d2465 ($5.07 in chips)
Seat 4: 2d5c18cd ($5.54 in chips)
Seat 5: b5972340 ($4.78 in chips)
Seat 6: 74413193 ($6.93 in chips)
74413193: posts small blind $0.02
5ce1e7ca: posts big blind $0.05
*** HOLE CARDS ***
Dealt to 5ce1e7ca 
Dealt to Hero [Qd 7c]
Dealt to da2d2465 
Dealt to 2d5c18cd 
Dealt to b5972340 
Dealt to 74413193 
Hero: folds
da2d2465: raises $0.05 to $0.1
2d5c18cd: folds
b5972340: folds
74413193: folds
5ce1e7ca: folds
Uncalled bet ($0.05) returned to da2d2465
*** SHOWDOWN ***
da2d2465 collected $0.12 from pot
*** SUMMARY ***
Total pot $0.12 | Rake $0 | Jackpot $0 | Bingo $0 | Fortune $0 | Tax $0
Seat 1: 5ce1e7ca (big blind) folded before Flop
Seat 2: Hero folded before Flop (didn't bet)
Seat 3: da2d2465 collected ($0.12)
Seat 4: 2d5c18cd folded before Flop (didn't bet)
Seat 5: b5972340 (button) folded before Flop (didn't bet)
Seat 6: 74413193 (small blind) folded before Flop


Poker Hand #HD1596496271: Hold'em No Limit ($0.02/$0.05) - 2024/01/19 23:03:14
Table 'NLHBlue89' 6-max Seat #4 is the button
Seat 1: 5ce1e7ca ($6.73 in chips)
Seat 2: Hero ($5.86 in chips)
Seat 3: da2d2465 ($5 in chips)
Seat 4: 2d5c18cd ($5.54 in chips)
Seat 5: b5972340 ($4.8 in chips)
Seat 6: 74413193 ($6.98 in chips)
b5972340: posts small blind $0.02
74413193: posts big blind $0.05
*** HOLE CARDS ***
Dealt to 5ce1e7ca 
Dealt to Hero [Qd 5c]
Dealt to da2d2465 
Dealt to 2d5c18cd 
Dealt to b5972340 
Dealt to 74413193 
5ce1e7ca: folds
Hero: folds
da2d2465: raises $0.08 to $0.13
2d5c18cd: folds
b5972340: folds
74413193: folds
Uncalled bet ($0.08) returned to da2d2465
*** SHOWDOWN ***
da2d2465 collected $0.12 from pot
*** SUMMARY ***
Total pot $0.12 | Rake $0 | Jackpot $0 | Bingo $0 | Fortune $0 | Tax $0
Seat 1: 5ce1e7ca folded before Flop (didn't bet)
Seat 2: Hero folded before Flop (didn't bet)
Seat 3: da2d2465 collected ($0.12)
Seat 4: 2d5c18cd (button) folded before Flop (didn't bet)
Seat 5: b5972340 (small blind) folded before Flop
Seat 6: 74413193 (big blind) folded before Flop


Poker Hand #HD1596496249: Hold'em No Limit ($0.02/$0.05) - 2024/01/19 23:03:03
Table 'NLHBlue89' 6-max Seat #3 is the button
Seat 1: 5ce1e7ca ($6.73 in chips)
Seat 2: Hero ($5.86 in chips)
Seat 3: da2d2465 ($5 in chips)
Seat 4: 2d5c18cd ($5.56 in chips)
Seat 5: b5972340 ($4.78 in chips)
Seat 6: 74413193 ($6.98 in chips)
2d5c18cd: posts small blind $0.02
b5972340: posts big blind $0.05
*** HOLE CARDS ***
Dealt to 5ce1e7ca 
Dealt to Hero [6s Kc]
Dealt to da2d2465 
Dealt to 2d5c18cd 
Dealt to b5972340 
Dealt to 74413193 
74413193: folds
5ce1e7ca: folds
Hero: folds
da2d2465: folds
2d5c18cd: folds
Uncalled bet ($0.03) returned to b5972340
*** SHOWDOWN ***
b5972340 collected $0.04 from pot
*** SUMMARY ***
Total pot $0.04 | Rake $0 | Jackpot $0 | Bingo $0 | Fortune $0 | Tax $0
Seat 1: 5ce1e7ca folded before Flop (didn't bet)
Seat 2: Hero folded before Flop (didn't bet)
Seat 3: da2d2465 (button) folded before Flop (didn't bet)
Seat 4: 2d5c18cd (small blind) folded before Flop
Seat 5: b5972340 (big blind) collected ($0.04)
Seat 6: 74413193 folded before Flop (didn't bet)


Poker Hand #HD1596496214: Hold'em No Limit ($0.02/$0.05) - 2024/01/19 23:02:40
Table 'NLHBlue89' 6-max Seat #2 is the button
Seat 1: 5ce1e7ca ($6.66 in chips)
Seat 2: Hero ($5.86 in chips)
Seat 3: da2d2465 ($5.02 in chips)
Seat 4: 2d5c18cd ($5.61 in chips)
Seat 5: b5972340 ($4.78 in chips)
Seat 6: 74413193 ($6.98 in chips)
da2d2465: posts small blind $0.02
2d5c18cd: posts big blind $0.05
*** HOLE CARDS ***
Dealt to 5ce1e7ca 
Dealt to Hero [6s 9s]
Dealt to da2d2465 
Dealt to 2d5c18cd 
Dealt to b5972340 
Dealt to 74413193 
b5972340: folds
74413193: folds
5ce1e7ca: raises $0.05 to $0.1
Hero: folds
da2d2465: folds
2d5c18cd: folds
Uncalled bet ($0.05) returned to 5ce1e7ca
*** SHOWDOWN ***
5ce1e7ca collected $0.12 from pot
*** SUMMARY ***
Total pot $0.12 | Rake $0 | Jackpot $0 | Bingo $0 | Fortune $0 | Tax $0
Seat 1: 5ce1e7ca collected ($0.12)
Seat 2: Hero (button) folded before Flop (didn't bet)
Seat 3: da2d2465 (small blind) folded before Flop
Seat 4: 2d5c18cd (big blind) folded before Flop
Seat 5: b5972340 folded before Flop (didn't bet)
Seat 6: 74413193 folded before Flop (didn't bet)


Poker Hand #HD1596496136: Hold'em No Limit ($0.02/$0.05) - 2024/01/19 23:01:51
Table 'NLHBlue89' 6-max Seat #1 is the button
Seat 1: 5ce1e7ca ($5.02 in chips)
Seat 2: Hero ($5.88 in chips)
Seat 3: da2d2465 ($5.07 in chips)
Seat 4: 2d5c18cd ($5.61 in chips)
Seat 5: b5972340 ($4.78 in chips)
Seat 6: 74413193 ($8.78 in chips)
Hero: posts small blind $0.02
da2d2465: posts big blind $0.05
*** HOLE CARDS ***
Dealt to 5ce1e7ca 
Dealt to Hero [Th 2c]
Dealt to da2d2465 
Dealt to 2d5c18cd 
Dealt to b5972340 
Dealt to 74413193 
2d5c18cd: folds
b5972340: folds
74413193: raises $0.1 to $0.15
5ce1e7ca: calls $0.15
Hero: folds
da2d2465: folds
*** FLOP *** [8h 2h 3s]
74413193: bets $0.24
5ce1e7ca: raises $0.24 to $0.48
74413193: calls $0.24
*** TURN *** [8h 2h 3s] [4s]
74413193: checks
5ce1e7ca: bets $0.25
74413193: calls $0.25
*** RIVER *** [8h 2h 3s 4s] [2d]
74413193: checks
5ce1e7ca: bets $0.92
74413193: calls $0.92
5ce1e7ca: shows [Jd Jc] (Pair of Jacks and Pair of Twos)
74413193: shows [9c 9h] (Pair of Nines and Pair of Twos)
*** SHOWDOWN ***
5ce1e7ca collected $3.44 from pot
*** SUMMARY ***
Total pot $3.67 | Rake $0.18 | Jackpot $0.05 | Bingo $0 | Fortune $0 | Tax $0
Board [8h 2h 3s 4s 2d]
Seat 1: 5ce1e7ca (button) showed [Jd Jc] and won ($3.44) with Pair of Jacks and Pair of Twos
Seat 2: Hero (small blind) folded before Flop
Seat 3: da2d2465 (big blind) folded before Flop
Seat 4: 2d5c18cd folded before Flop (didn't bet)
Seat 5: b5972340 folded before Flop (didn't bet)
Seat 6: 74413193 showed [9c 9h] and lost with Pair of Nines and Pair of Twos


Poker Hand #HD1596496095: Hold'em No Limit ($0.02/$0.05) - 2024/01/19 23:01:29
Table 'NLHBlue89' 6-max Seat #6 is the button
Seat 1: 5ce1e7ca ($5.04 in chips)
Seat 2: Hero ($5.93 in chips)
Seat 3: da2d2465 ($5.07 in chips)
Seat 4: 2d5c18cd ($5.61 in chips)
Seat 5: b5972340 ($4.71 in chips)
Seat 6: 74413193 ($8.78 in chips)
5ce1e7ca: posts small blind $0.02
Hero: posts big blind $0.05
*** HOLE CARDS ***
Dealt to 5ce1e7ca 
Dealt to Hero [Js 3h]
Dealt to da2d2465 
Dealt to 2d5c18cd 
Dealt to b5972340 
Dealt to 74413193 
da2d2465: folds
2d5c18cd: folds
b5972340: raises $0.08 to $0.13
74413193: folds
5ce1e7ca: folds
Hero: folds
Uncalled bet ($0.08) returned to b5972340
*** SHOWDOWN ***
b5972340 collected $0.12 from pot
*** SUMMARY ***
Total pot $0.12 | Rake $0 | Jackpot $0 | Bingo $0 | Fortune $0 | Tax $0
Seat 1: 5ce1e7ca (small blind) folded before Flop
Seat 2: Hero (big blind) folded before Flop
Seat 3: da2d2465 folded before Flop (didn't bet)
Seat 4: 2d5c18cd folded before Flop (didn't bet)
Seat 5: b5972340 collected ($0.12)
Seat 6: 74413193 (button) folded before Flop (didn't bet)


Poker Hand #HD1596496041: Hold'em No Limit ($0.02/$0.05) - 2024/01/19 23:01:03
Table 'NLHBlue89' 6-max Seat #5 is the button
Seat 1: 5ce1e7ca ($5.17 in chips)
Seat 2: Hero ($5.93 in chips)
Seat 3: da2d2465 ($4.93 in chips)
Seat 4: 2d5c18cd ($5.61 in chips)
Seat 5: b5972340 ($4.71 in chips)
Seat 6: 74413193 ($8.8 in chips)
74413193: posts small blind $0.02
5ce1e7ca: posts big blind $0.05
*** HOLE CARDS ***
Dealt to 5ce1e7ca 
Dealt to Hero [Jc 5c]
Dealt to da2d2465 
Dealt to 2d5c18cd 
Dealt to b5972340 
Dealt to 74413193 
Hero: folds
da2d2465: raises $0.08 to $0.13
2d5c18cd: folds
b5972340: folds
74413193: folds
5ce1e7ca: calls $0.08
*** FLOP *** [2h Js 2s]
5ce1e7ca: checks
da2d2465: bets $0.07
5ce1e7ca: folds
Uncalled bet ($0.07) returned to da2d2465
*** SHOWDOWN ***
da2d2465 collected $0.27 from pot
*** SUMMARY ***
Total pot $0.28 | Rake $0.01 | Jackpot $0 | Bingo $0 | Fortune $0 | Tax $0
Board [2h Js 2s]
Seat 1: 5ce1e7ca (big blind) folded on the Flop
Seat 2: Hero folded before Flop (didn't bet)
Seat 3: da2d2465 won ($0.27)
Seat 4: 2d5c18cd folded before Flop (didn't bet)
Seat 5: b5972340 (button) folded before Flop (didn't bet)
Seat 6: 74413193 (small blind) folded before Flop


Poker Hand #HD1596496013: Hold'em No Limit ($0.02/$0.05) - 2024/01/19 23:00:47
Table 'NLHBlue89' 6-max Seat #4 is the button
Seat 1: 5ce1e7ca ($5.17 in chips)
Seat 2: Hero ($5.93 in chips)
Seat 3: da2d2465 ($4.93 in chips)
Seat 4: 2d5c18cd ($5.54 in chips)
Seat 5: b5972340 ($4.73 in chips)
Seat 6: 74413193 ($8.85 in chips)
b5972340: posts small blind $0.02
74413193: posts big blind $0.05
*** HOLE CARDS ***
Dealt to 5ce1e7ca 
Dealt to Hero [2c 9h]
Dealt to da2d2465 
Dealt to 2d5c18cd 
Dealt to b5972340 
Dealt to 74413193 
5ce1e7ca: folds
Hero: folds
da2d2465: folds
2d5c18cd: raises $0.1 to $0.15
b5972340: folds
74413193: folds
Uncalled bet ($0.1) returned to 2d5c18cd
*** SHOWDOWN ***
2d5c18cd collected $0.12 from pot
*** SUMMARY ***
Total pot $0.12 | Rake $0 | Jackpot $0 | Bingo $0 | Fortune $0 | Tax $0
Seat 1: 5ce1e7ca folded before Flop (didn't bet)
Seat 2: Hero folded before Flop (didn't bet)
Seat 3: da2d2465 folded before Flop (didn't bet)
Seat 4: 2d5c18cd (button) collected ($0.12)
Seat 5: b5972340 (small blind) folded before Flop
Seat 6: 74413193 (big blind) folded before Flop


Poker Hand #HD1596495998: Hold'em No Limit ($0.02/$0.05) - 2024/01/19 23:00:39
Table 'NLHBlue89' 6-max Seat #3 is the button
Seat 1: 5ce1e7ca ($5.17 in chips)
Seat 2: Hero ($5.93 in chips)
Seat 3: da2d2465 ($4.93 in chips)
Seat 4: 2d5c18cd ($5.56 in chips)
Seat 5: b5972340 ($4.71 in chips)
Seat 6: 74413193 ($8.85 in chips)
2d5c18cd: posts small blind $0.02
b5972340: posts big blind $0.05
*** HOLE CARDS ***
Dealt to 5ce1e7ca 
Dealt to Hero [6d Tc]
Dealt to da2d2465 
Dealt to 2d5c18cd 
Dealt to b5972340 
Dealt to 74413193 
74413193: folds
5ce1e7ca: folds
Hero: folds
da2d2465: folds
2d5c18cd: folds
Uncalled bet ($0.03) returned to b5972340
*** SHOWDOWN ***
b5972340 collected $0.04 from pot
*** SUMMARY ***
Total pot $0.04 | Rake $0 | Jackpot $0 | Bingo $0 | Fortune $0 | Tax $0
Seat 1: 5ce1e7ca folded before Flop (didn't bet)
Seat 2: Hero folded before Flop (didn't bet)
Seat 3: da2d2465 (button) folded before Flop (didn't bet)
Seat 4: 2d5c18cd (small blind) folded before Flop
Seat 5: b5972340 (big blind) collected ($0.04)
Seat 6: 74413193 folded before Flop (didn't bet)


Poker Hand #HD1596495906: Hold'em No Limit ($0.02/$0.05) - 2024/01/19 22:59:46
Table 'NLHBlue89' 6-max Seat #2 is the button
Seat 1: 5ce1e7ca ($5.17 in chips)
Seat 2: Hero ($6.53 in chips)
Seat 3: da2d2465 ($4.95 in chips)
Seat 4: 2d5c18cd ($5 in chips)
Seat 5: b5972340 ($4.71 in chips)
Seat 6: 74413193 ($8.85 in chips)
da2d2465: posts small blind $0.02
2d5c18cd: posts big blind $0.05
*** HOLE CARDS ***
Dealt to 5ce1e7ca 
Dealt to Hero [Jc Jh]
Dealt to da2d2465 
Dealt to 2d5c18cd 
Dealt to b5972340 
Dealt to 74413193 
b5972340: folds
74413193: folds
5ce1e7ca: folds
Hero: raises $0.08 to $0.13
da2d2465: folds
2d5c18cd: raises $0.47 to $0.6
Hero: calls $0.47
*** FLOP *** [Kd Tc 3s]
2d5c18cd: bets $0.63
Hero: folds
Uncalled bet ($0.63) returned to 2d5c18cd
*** SHOWDOWN ***
2d5c18cd collected $1.16 from pot
*** SUMMARY ***
Total pot $1.22 | Rake $0.06 | Jackpot $0 | Bingo $0 | Fortune $0 | Tax $0
Board [Kd Tc 3s]
Seat 1: 5ce1e7ca folded before Flop (didn't bet)
Seat 2: Hero (button) folded on the Flop
Seat 3: da2d2465 (small blind) folded before Flop
Seat 4: 2d5c18cd (big blind) won ($1.16)
Seat 5: b5972340 folded before Flop (didn't bet)
Seat 6: 74413193 folded before Flop (didn't bet)


Poker Hand #HD1596495845: Hold'em No Limit ($0.02/$0.05) - 2024/01/19 22:59:09
Table 'NLHBlue89' 6-max Seat #1 is the button
Seat 1: 5ce1e7ca ($5.41 in chips)
Seat 2: Hero ($6.55 in chips)
Seat 3: da2d2465 ($5 in chips)
Seat 4: c1971350 ($3.18 in chips)
Seat 5: b5972340 ($4.42 in chips)
Seat 6: 74413193 ($8.85 in chips)
Hero: posts small blind $0.02
da2d2465: posts big blind $0.05
*** HOLE CARDS ***
Dealt to 5ce1e7ca 
Dealt to Hero [8s 4c]
Dealt to da2d2465 
Dealt to c1971350 
Dealt to b5972340 
Dealt to 74413193 
c1971350: folds
b5972340: raises $0.08 to $0.13
74413193: folds
5ce1e7ca: calls $0.13
Hero: folds
da2d2465: folds
*** FLOP *** [Tc 8h 3s]
b5972340: bets $0.11
5ce1e7ca: calls $0.11
*** TURN *** [Tc 8h 3s] [Jh]
b5972340: bets $0.38
5ce1e7ca: folds
Uncalled bet ($0.38) returned to b5972340
*** SHOWDOWN ***
b5972340 collected $0.53 from pot
*** SUMMARY ***
Total pot $0.55 | Rake $0.02 | Jackpot $0 | Bingo $0 | Fortune $0 | Tax $0
Board [Tc 8h 3s Jh]
Seat 1: 5ce1e7ca (button) folded on the Turn
Seat 2: Hero (small blind) folded before Flop
Seat 3: da2d2465 (big blind) folded before Flop
Seat 4: c1971350 folded before Flop (didn't bet)
Seat 5: b5972340 won ($0.53)
Seat 6: 74413193 folded before Flop (didn't bet)


Poker Hand #HD1596495771: Hold'em No Limit ($0.02/$0.05) - 2024/01/19 22:58:18
Table 'NLHBlue89' 6-max Seat #6 is the button
Seat 1: 5ce1e7ca ($5.56 in chips)
Seat 2: Hero ($6.6 in chips)
Seat 3: da2d2465 ($5 in chips)
Seat 4: c1971350 ($3.18 in chips)
Seat 5: b5972340 ($4.42 in chips)
Seat 6: 74413193 ($8.66 in chips)
5ce1e7ca: posts small blind $0.02
Hero: posts big blind $0.05
*** HOLE CARDS ***
Dealt to 5ce1e7ca 
Dealt to Hero [2c 7c]
Dealt to da2d2465 
Dealt to c1971350 
Dealt to b5972340 
Dealt to 74413193 
da2d2465: folds
c1971350: folds
b5972340: folds
74413193: raises $0.1 to $0.15
5ce1e7ca: calls $0.13
Hero: folds
*** FLOP *** [3s Th 7d]
5ce1e7ca: checks
74413193: checks
*** TURN *** [3s Th 7d] [Ts]
5ce1e7ca: checks
74413193: checks
*** RIVER *** [3s Th 7d Ts] [Jh]
5ce1e7ca: checks
74413193: checks
5ce1e7ca: shows [As Qc] (Pair of Tens)
74413193: shows [4d 4c] (Pair of Tens and Pair of Fours)
*** SHOWDOWN ***
74413193 collected $0.34 from pot
*** SUMMARY ***
Total pot $0.35 | Rake $0.01 | Jackpot $0 | Bingo $0 | Fortune $0 | Tax $0
Board [3s Th 7d Ts Jh]
Seat 1: 5ce1e7ca (small blind) showed [As Qc] and lost with Pair of Tens
Seat 2: Hero (big blind) folded before Flop
Seat 3: da2d2465 folded before Flop (didn't bet)
Seat 4: c1971350 folded before Flop (didn't bet)
Seat 5: b5972340 folded before Flop (didn't bet)
Seat 6: 74413193 (button) showed [4d 4c] and won ($0.34) with Pair of Tens and Pair of Fours


Poker Hand #HD1596375636: Hold'em No Limit ($0.02/$0.05) - 2024/01/19 22:56:57
Table 'NLHBlue89' 6-max Seat #5 is the button
Seat 1: 5ce1e7ca ($6.44 in chips)
Seat 2: Hero ($6.6 in chips)
Seat 3: da2d2465 ($4.9 in chips)
Seat 4: c1971350 ($3.18 in chips)
Seat 5: b5972340 ($3.56 in chips)
Seat 6: 74413193 ($8.68 in chips)
74413193: posts small blind $0.02
5ce1e7ca: posts big blind $0.05
*** HOLE CARDS ***
Dealt to 5ce1e7ca 
Dealt to Hero [5s 7s]
Dealt to da2d2465 
Dealt to c1971350 
Dealt to b5972340 
Dealt to 74413193 
Hero: folds
da2d2465: raises $0.05 to $0.1
c1971350: folds
b5972340: raises $0.25 to $0.35
74413193: folds
5ce1e7ca: calls $0.3
da2d2465: folds
*** FLOP *** [7h 4h Qc]
5ce1e7ca: checks
b5972340: bets $0.53
5ce1e7ca: calls $0.53
*** TURN *** [7h 4h Qc] [3h]
5ce1e7ca: checks
b5972340: checks
*** RIVER *** [7h 4h Qc 3h] [5c]
5ce1e7ca: checks
b5972340: bets $2.68 and is all-in
5ce1e7ca: folds
Uncalled bet ($2.68) returned to b5972340
*** SHOWDOWN ***
b5972340 collected $1.74 from pot
*** SUMMARY ***
Total pot $1.88 | Rake $0.09 | Jackpot $0.05 | Bingo $0 | Fortune $0 | Tax $0
Board [7h 4h Qc 3h 5c]
Seat 1: 5ce1e7ca (big blind) folded on the River
Seat 2: Hero folded before Flop (didn't bet)
Seat 3: da2d2465 folded before Flop
Seat 4: c1971350 folded before Flop (didn't bet)
Seat 5: b5972340 (button) won ($1.74)
Seat 6: 74413193 (small blind) folded before Flop


Poker Hand #HD1596375620: Hold'em No Limit ($0.02/$0.05) - 2024/01/19 22:56:48
Table 'NLHBlue89' 6-max Seat #4 is the button
Seat 1: 5ce1e7ca ($6.44 in chips)
Seat 2: Hero ($6.6 in chips)
Seat 3: da2d2465 ($4.9 in chips)
Seat 4: c1971350 ($3.18 in chips)
Seat 5: b5972340 ($3.58 in chips)
Seat 6: 74413193 ($8.66 in chips)
b5972340: posts small blind $0.02
74413193: posts big blind $0.05
*** HOLE CARDS ***
Dealt to 5ce1e7ca 
Dealt to Hero [Js 5d]
Dealt to da2d2465 
Dealt to c1971350 
Dealt to b5972340 
Dealt to 74413193 
5ce1e7ca: folds
Hero: folds
da2d2465: folds
c1971350: folds
b5972340: folds
Uncalled bet ($0.03) returned to 74413193
*** SHOWDOWN ***
74413193 collected $0.04 from pot
*** SUMMARY ***
Total pot $0.04 | Rake $0 | Jackpot $0 | Bingo $0 | Fortune $0 | Tax $0
Seat 1: 5ce1e7ca folded before Flop (didn't bet)
Seat 2: Hero folded before Flop (didn't bet)
Seat 3: da2d2465 folded before Flop (didn't bet)
Seat 4: c1971350 (button) folded before Flop (didn't bet)
Seat 5: b5972340 (small blind) folded before Flop
Seat 6: 74413193 (big blind) collected ($0.04)


Poker Hand #HD1596375567: Hold'em No Limit ($0.02/$0.05) - 2024/01/19 22:56:14
Table 'NLHBlue89' 6-max Seat #3 is the button
Seat 1: 5ce1e7ca ($6.44 in chips)
Seat 2: Hero ($6.6 in chips)
Seat 3: da2d2465 ($4.9 in chips)
Seat 4: c1971350 ($3.13 in chips)
Seat 5: b5972340 ($3.63 in chips)
Seat 6: 74413193 ($8.66 in chips)
c1971350: posts small blind $0.02
b5972340: posts big blind $0.05
*** HOLE CARDS ***
Dealt to 5ce1e7ca 
Dealt to Hero [7d 9d]
Dealt to da2d2465 
Dealt to c1971350 
Dealt to b5972340 
Dealt to 74413193 
74413193: folds
5ce1e7ca: folds
Hero: folds
da2d2465: folds
c1971350: calls $0.03
b5972340: checks
*** FLOP *** [Kh 5c Kd]
c1971350: checks
b5972340: checks
*** TURN *** [Kh 5c Kd] [Th]
c1971350: bets $0.05
b5972340: folds
Uncalled bet ($0.05) returned to c1971350
*** SHOWDOWN ***
c1971350 collected $0.1 from pot
*** SUMMARY ***
Total pot $0.1 | Rake $0 | Jackpot $0 | Bingo $0 | Fortune $0 | Tax $0
Board [Kh 5c Kd Th]
Seat 1: 5ce1e7ca folded before Flop (didn't bet)
Seat 2: Hero folded before Flop (didn't bet)
Seat 3: da2d2465 (button) folded before Flop (didn't bet)
Seat 4: c1971350 (small blind) won ($0.1)
Seat 5: b5972340 (big blind) folded on the Turn
Seat 6: 74413193 folded before Flop (didn't bet)


Poker Hand #HD1596375537: Hold'em No Limit ($0.02/$0.05) - 2024/01/19 22:55:57
Table 'NLHBlue89' 6-max Seat #2 is the button
Seat 1: 5ce1e7ca ($6.44 in chips)
Seat 2: Hero ($6.53 in chips)
Seat 3: da2d2465 ($4.92 in chips)
Seat 4: c1971350 ($3.18 in chips)
Seat 5: b5972340 ($3.63 in chips)
Seat 6: 74413193 ($8.66 in chips)
da2d2465: posts small blind $0.02
c1971350: posts big blind $0.05
*** HOLE CARDS ***
Dealt to 5ce1e7ca 
Dealt to Hero [5d Qd]
Dealt to da2d2465 
Dealt to c1971350 
Dealt to b5972340 
Dealt to 74413193 
b5972340: folds
74413193: folds
5ce1e7ca: folds
Hero: raises $0.08 to $0.13
da2d2465: folds
c1971350: folds
Uncalled bet ($0.08) returned to Hero
*** SHOWDOWN ***
Hero collected $0.12 from pot
*** SUMMARY ***
Total pot $0.12 | Rake $0 | Jackpot $0 | Bingo $0 | Fortune $0 | Tax $0
Seat 1: 5ce1e7ca folded before Flop (didn't bet)
Seat 2: Hero (button) collected ($0.12)
Seat 3: da2d2465 (small blind) folded before Flop
Seat 4: c1971350 (big blind) folded before Flop
Seat 5: b5972340 folded before Flop (didn't bet)
Seat 6: 74413193 folded before Flop (didn't bet)


Poker Hand #HD1596375442: Hold'em No Limit ($0.02/$0.05) - 2024/01/19 22:55:07
Table 'NLHBlue89' 6-max Seat #1 is the button
Seat 1: 5ce1e7ca ($5.73 in chips)
Seat 2: Hero ($6.55 in chips)
Seat 3: da2d2465 ($5.29 in chips)
Seat 4: c1971350 ($3.18 in chips)
Seat 5: b5972340 ($4 in chips)
Seat 6: 74413193 ($8.66 in chips)
Hero: posts small blind $0.02
da2d2465: posts big blind $0.05
b5972340: posts big blind $0.05
*** HOLE CARDS ***
Dealt to 5ce1e7ca 
Dealt to Hero [Ad 2s]
Dealt to da2d2465 
Dealt to c1971350 
Dealt to b5972340 
Dealt to 74413193 
c1971350: folds
b5972340: checks
74413193: folds
5ce1e7ca: raises $0.05 to $0.1
Hero: folds
da2d2465: raises $0.27 to $0.37
b5972340: calls $0.32
5ce1e7ca: calls $0.27
*** FLOP *** [6h 4c 2c]
da2d2465: checks
b5972340: checks
5ce1e7ca: bets $5.36 and is all-in
da2d2465: folds
b5972340: folds
Uncalled bet ($5.36) returned to 5ce1e7ca
*** SHOWDOWN ***
5ce1e7ca collected $1.08 from pot
*** SUMMARY ***
Total pot $1.13 | Rake $0.05 | Jackpot $0 | Bingo $0 | Fortune $0 | Tax $0
Board [6h 4c 2c]
Seat 1: 5ce1e7ca (button) won ($1.08)
Seat 2: Hero (small blind) folded before Flop
Seat 3: da2d2465 (big blind) folded on the Flop
Seat 4: c1971350 folded before Flop (didn't bet)
Seat 5: b5972340 folded on the Flop
Seat 6: 74413193 folded before Flop (didn't bet)


Poker Hand #HD1596375427: Hold'em No Limit ($0.02/$0.05) - 2024/01/19 22:55:00
Table 'NLHBlue89' 6-max Seat #6 is the button
Seat 1: 5ce1e7ca ($5.75 in chips)
Seat 2: Hero ($6.6 in chips)
Seat 3: da2d2465 ($5.22 in chips)
Seat 4: c1971350 ($3.18 in chips)
Seat 6: 74413193 ($8.66 in chips)
5ce1e7ca: posts small blind $0.02
Hero: posts big blind $0.05
*** HOLE CARDS ***
Dealt to 5ce1e7ca 
Dealt to Hero [2d 3s]
Dealt to da2d2465 
Dealt to c1971350 
Dealt to 74413193 
da2d2465: raises $0.05 to $0.1
c1971350: folds
74413193: folds
5ce1e7ca: folds
Hero: folds
Uncalled bet ($0.05) returned to da2d2465
*** SHOWDOWN ***
da2d2465 collected $0.12 from pot
*** SUMMARY ***
Total pot $0.12 | Rake $0 | Jackpot $0 | Bingo $0 | Fortune $0 | Tax $0
Seat 1: 5ce1e7ca (small blind) folded before Flop
Seat 2: Hero (big blind) folded before Flop
Seat 3: da2d2465 collected ($0.12)
Seat 4: c1971350 folded before Flop (didn't bet)
Seat 6: 74413193 (button) folded before Flop (didn't bet)


Poker Hand #HD1596375332: Hold'em No Limit ($0.02/$0.05) - 2024/01/19 22:54:03
Table 'NLHBlue89' 6-max Seat #5 is the button
Seat 1: 5ce1e7ca ($6.05 in chips)
Seat 2: Hero ($6.6 in chips)
Seat 3: da2d2465 ($5.32 in chips)
Seat 4: c1971350 ($3.18 in chips)
Seat 5: 157ed259 ($7.11 in chips)
Seat 6: 74413193 ($8.29 in chips)
74413193: posts small blind $0.02
5ce1e7ca: posts big blind $0.05
*** HOLE CARDS ***
Dealt to 5ce1e7ca 
Dealt to Hero [8c Ts]
Dealt to da2d2465 
Dealt to c1971350 
Dealt to 157ed259 
Dealt to 74413193 
Hero: folds
da2d2465: raises $0.05 to $0.1
c1971350: folds
157ed259: folds
74413193: raises $0.2 to $0.3
5ce1e7ca: calls $0.25
da2d2465: folds
*** FLOP *** [9s Jh Ks]
74413193: checks
5ce1e7ca: checks
*** TURN *** [9s Jh Ks] [Qc]
74413193: checks
5ce1e7ca: checks
*** RIVER *** [9s Jh Ks Qc] [Kh]
74413193: checks
5ce1e7ca: checks
74413193: shows [Ah Jc] (Pair of Kings and Pair of Jacks)
5ce1e7ca: shows [5c 5d] (Pair of Kings and Pair of Fives)
*** SHOWDOWN ***
74413193 collected $0.67 from pot
*** SUMMARY ***
Total pot $0.7 | Rake $0.03 | Jackpot $0 | Bingo $0 | Fortune $0 | Tax $0
Board [9s Jh Ks Qc Kh]
Seat 1: 5ce1e7ca (big blind) showed [5c 5d] and lost with Pair of Kings and Pair of Fives
Seat 2: Hero folded before Flop (didn't bet)
Seat 3: da2d2465 folded before Flop
Seat 4: c1971350 folded before Flop (didn't bet)
Seat 5: 157ed259 (button) folded before Flop (didn't bet)
Seat 6: 74413193 (small blind) showed [Ah Jc] and won ($0.67) with Pair of Kings and Pair of Jacks


Poker Hand #HD1596375281: Hold'em No Limit ($0.02/$0.05) - 2024/01/19 22:53:22
Table 'NLHBlue89' 6-max Seat #4 is the button
Seat 1: 5ce1e7ca ($6.05 in chips)
Seat 2: Hero ($6.6 in chips)
Seat 3: da2d2465 ($4.93 in chips)
Seat 4: c1971350 ($3.42 in chips)
Seat 5: 157ed259 ($7.24 in chips)
Seat 6: 74413193 ($8.34 in chips)
157ed259: posts small blind $0.02
74413193: posts big blind $0.05
*** HOLE CARDS ***
Dealt to 5ce1e7ca 
Dealt to Hero [2c As]
Dealt to da2d2465 
Dealt to c1971350 
Dealt to 157ed259 
Dealt to 74413193 
5ce1e7ca: folds
Hero: folds
da2d2465: raises $0.08 to $0.13
c1971350: calls $0.13
157ed259: calls $0.11
74413193: folds
*** FLOP *** [6c 9c Qd]
157ed259: checks
da2d2465: bets $0.11
c1971350: calls $0.11
157ed259: folds
*** TURN *** [6c 9c Qd] [8h]
da2d2465: bets $0.33
c1971350: folds
Uncalled bet ($0.33) returned to da2d2465
*** SHOWDOWN ***
da2d2465 collected $0.63 from pot
*** SUMMARY ***
Total pot $0.66 | Rake $0.03 | Jackpot $0 | Bingo $0 | Fortune $0 | Tax $0
Board [6c 9c Qd 8h]
Seat 1: 5ce1e7ca folded before Flop (didn't bet)
Seat 2: Hero folded before Flop (didn't bet)
Seat 3: da2d2465 won ($0.63)
Seat 4: c1971350 (button) folded on the Turn
Seat 5: 157ed259 (small blind) folded on the Flop
Seat 6: 74413193 (big blind) folded before Flop


Poker Hand #HD1596375201: Hold'em No Limit ($0.02/$0.05) - 2024/01/19 22:52:42
Table 'NLHBlue89' 6-max Seat #3 is the button
Seat 1: 5ce1e7ca ($5 in chips)
Seat 2: Hero ($6.6 in chips)
Seat 3: da2d2465 ($4.93 in chips)
Seat 4: c1971350 ($3.44 in chips)
Seat 5: 157ed259 ($8.43 in chips)
Seat 6: 74413193 ($8.34 in chips)
c1971350: posts small blind $0.02
157ed259: posts big blind $0.05
*** HOLE CARDS ***
Dealt to 5ce1e7ca 
Dealt to Hero [Td 4s]
Dealt to da2d2465 
Dealt to c1971350 
Dealt to 157ed259 
Dealt to 74413193 
74413193: folds
5ce1e7ca: raises $0.1 to $0.15
Hero: folds
da2d2465: folds
c1971350: folds
157ed259: raises $0.24 to $0.39
5ce1e7ca: calls $0.24
*** FLOP *** [Kh Qd 3d]
157ed259: bets $0.6
5ce1e7ca: calls $0.6
*** TURN *** [Kh Qd 3d] [6s]
157ed259: checks
5ce1e7ca: checks
*** RIVER *** [Kh Qd 3d 6s] [Ah]
157ed259: checks
5ce1e7ca: bets $0.2
157ed259: calls $0.2
5ce1e7ca: shows [Ad Qh] (Pair of Aces and Pair of Queens)
157ed259: shows [7h 7s] (Pair of Sevens)
*** SHOWDOWN ***
5ce1e7ca collected $2.24 from pot
*** SUMMARY ***
Total pot $2.4 | Rake $0.11 | Jackpot $0.05 | Bingo $0 | Fortune $0 | Tax $0
Board [Kh Qd 3d 6s Ah]
Seat 1: 5ce1e7ca showed [Ad Qh] and won ($2.24) with Pair of Aces and Pair of Queens
Seat 2: Hero folded before Flop (didn't bet)
Seat 3: da2d2465 (button) folded before Flop (didn't bet)
Seat 4: c1971350 (small blind) folded before Flop
Seat 5: 157ed259 (big blind) showed [7h 7s] and lost with Pair of Sevens
Seat 6: 74413193 folded before Flop (didn't bet)


Poker Hand #HD1596375174: Hold'em No Limit ($0.02/$0.05) - 2024/01/19 22:52:23
Table 'NLHBlue89' 6-max Seat #2 is the button
Seat 1: 5ce1e7ca ($5 in chips)
Seat 2: Hero ($6.6 in chips)
Seat 3: da2d2465 ($4.95 in chips)
Seat 4: c1971350 ($3.49 in chips)
Seat 5: 157ed259 ($8.36 in chips)
Seat 6: 74413193 ($8.34 in chips)
da2d2465: posts small blind $0.02
c1971350: posts big blind $0.05
*** HOLE CARDS ***
Dealt to 5ce1e7ca 
Dealt to Hero [2h 8d]
Dealt to da2d2465 
Dealt to c1971350 
Dealt to 157ed259 
Dealt to 74413193 
157ed259: raises $0.15 to $0.2
74413193: folds
5ce1e7ca: folds
Hero: folds
da2d2465: folds
c1971350: folds
Uncalled bet ($0.15) returned to 157ed259
*** SHOWDOWN ***
157ed259 collected $0.12 from pot
*** SUMMARY ***
Total pot $0.12 | Rake $0 | Jackpot $0 | Bingo $0 | Fortune $0 | Tax $0
Seat 1: 5ce1e7ca folded before Flop (didn't bet)
Seat 2: Hero (button) folded before Flop (didn't bet)
Seat 3: da2d2465 (small blind) folded before Flop
Seat 4: c1971350 (big blind) folded before Flop
Seat 5: 157ed259 collected ($0.12)
Seat 6: 74413193 folded before Flop (didn't bet)


Poker Hand #HD1596375158: Hold'em No Limit ($0.02/$0.05) - 2024/01/19 22:52:10
Table 'NLHBlue89' 6-max Seat #1 is the button
Seat 1: 5ce1e7ca ($5 in chips)
Seat 2: Hero ($6.62 in chips)
Seat 3: da2d2465 ($5 in chips)
Seat 4: c1971350 ($3.49 in chips)
Seat 5: 157ed259 ($8.29 in chips)
Seat 6: 74413193 ($8.34 in chips)
Hero: posts small blind $0.02
da2d2465: posts big blind $0.05
*** HOLE CARDS ***
Dealt to 5ce1e7ca 
Dealt to Hero [9c 2h]
Dealt to da2d2465 
Dealt to c1971350 
Dealt to 157ed259 
Dealt to 74413193 
c1971350: folds
157ed259: raises $0.15 to $0.2
74413193: folds
5ce1e7ca: folds
Hero: folds
da2d2465: folds
Uncalled bet ($0.15) returned to 157ed259
*** SHOWDOWN ***
157ed259 collected $0.12 from pot
*** SUMMARY ***
Total pot $0.12 | Rake $0 | Jackpot $0 | Bingo $0 | Fortune $0 | Tax $0
Seat 1: 5ce1e7ca (button) folded before Flop (didn't bet)
Seat 2: Hero (small blind) folded before Flop
Seat 3: da2d2465 (big blind) folded before Flop
Seat 4: c1971350 folded before Flop (didn't bet)
Seat 5: 157ed259 collected ($0.12)
Seat 6: 74413193 folded before Flop (didn't bet)


Poker Hand #HD1596375066: Hold'em No Limit ($0.02/$0.05) - 2024/01/19 22:51:17
Table 'NLHBlue89' 6-max Seat #6 is the button
Seat 1: 5ce1e7ca ($5 in chips)
Seat 2: Hero ($5.42 in chips)
Seat 3: da2d2465 ($5.62 in chips)
Seat 4: c1971350 ($3.49 in chips)
Seat 5: 157ed259 ($8.29 in chips)
Seat 6: 74413193 ($8.34 in chips)
5ce1e7ca: posts small blind $0.02
Hero: posts big blind $0.05
*** HOLE CARDS ***
Dealt to 5ce1e7ca 
Dealt to Hero [9c Qc]
Dealt to da2d2465 
Dealt to c1971350 
Dealt to 157ed259 
Dealt to 74413193 
da2d2465: raises $0.05 to $0.1
c1971350: folds
157ed259: folds
74413193: folds
5ce1e7ca: calls $0.08
Hero: calls $0.05
*** FLOP *** [3c 8c 6d]
5ce1e7ca: checks
Hero: bets $0.1
da2d2465: calls $0.1
5ce1e7ca: folds
*** TURN *** [3c 8c 6d] [5c]
Hero: bets $0.38
da2d2465: calls $0.38
*** RIVER *** [3c 8c 6d 5c] [Qh]
Hero: bets $0.7
da2d2465: calls $0.7
Hero: shows [9c Qc] (Queen High Flush)
da2d2465: shows [Ac Qs] (Pair of Queens)
*** SHOWDOWN ***
Hero collected $2.48 from pot
*** SUMMARY ***
Total pot $2.66 | Rake $0.13 | Jackpot $0.05 | Bingo $0 | Fortune $0 | Tax $0
Board [3c 8c 6d 5c Qh]
Seat 1: 5ce1e7ca (small blind) folded on the Flop
Seat 2: Hero (big blind) showed [9c Qc] and won ($2.48) with Queen High Flush
Seat 3: da2d2465 showed [Ac Qs] and lost with Pair of Queens
Seat 4: c1971350 folded before Flop (didn't bet)
Seat 5: 157ed259 folded before Flop (didn't bet)
Seat 6: 74413193 (button) folded before Flop (didn't bet)


Poker Hand #HD1596375040: Hold'em No Limit ($0.02/$0.05) - 2024/01/19 22:51:00
Table 'NLHBlue89' 6-max Seat #5 is the button
Seat 1: 5ce1e7ca ($5.03 in chips)
Seat 2: Hero ($5.42 in chips)
Seat 3: da2d2465 ($5.55 in chips)
Seat 4: c1971350 ($3.49 in chips)
Seat 5: 157ed259 ($8.29 in chips)
Seat 6: 74413193 ($8.36 in chips)
74413193: posts small blind $0.02
5ce1e7ca: posts big blind $0.05
*** HOLE CARDS ***
Dealt to 5ce1e7ca 
Dealt to Hero [As 9h]
Dealt to da2d2465 
Dealt to c1971350 
Dealt to 157ed259 
Dealt to 74413193 
Hero: folds
da2d2465: raises $0.05 to $0.1
c1971350: folds
157ed259: folds
74413193: folds
5ce1e7ca: folds
Uncalled bet ($0.05) returned to da2d2465
*** SHOWDOWN ***
da2d2465 collected $0.12 from pot
*** SUMMARY ***
Total pot $0.12 | Rake $0 | Jackpot $0 | Bingo $0 | Fortune $0 | Tax $0
Seat 1: 5ce1e7ca (big blind) folded before Flop
Seat 2: Hero folded before Flop (didn't bet)
Seat 3: da2d2465 collected ($0.12)
Seat 4: c1971350 folded before Flop (didn't bet)
Seat 5: 157ed259 (button) folded before Flop (didn't bet)
Seat 6: 74413193 (small blind) folded before Flop


Poker Hand #HD1596374959: Hold'em No Limit ($0.02/$0.05) - 2024/01/19 22:50:13
Table 'NLHBlue89' 6-max Seat #4 is the button
Seat 1: 5ce1e7ca ($5.03 in chips)
Seat 2: Hero ($5.42 in chips)
Seat 3: da2d2465 ($5.55 in chips)
Seat 4: c1971350 ($2.83 in chips)
Seat 5: 157ed259 ($8.77 in chips)
Seat 6: 74413193 ($8.6 in chips)
157ed259: posts small blind $0.02
74413193: posts big blind $0.05
*** HOLE CARDS ***
Dealt to 5ce1e7ca 
Dealt to Hero [7h 5d]
Dealt to da2d2465 
Dealt to c1971350 
Dealt to 157ed259 
Dealt to 74413193 
5ce1e7ca: folds
Hero: folds
da2d2465: folds
c1971350: raises $0.08 to $0.13
157ed259: raises $0.11 to $0.24
74413193: calls $0.19
c1971350: calls $0.11
*** FLOP *** [Qc Ac 4c]
157ed259: checks
74413193: checks
c1971350: bets $0.24
157ed259: calls $0.24
74413193: folds
*** TURN *** [Qc Ac 4c] [9s]
157ed259: checks
c1971350: bets $0.6
157ed259: folds
Uncalled bet ($0.6) returned to c1971350
*** SHOWDOWN ***
c1971350 collected $1.14 from pot
*** SUMMARY ***
Total pot $1.2 | Rake $0.06 | Jackpot $0 | Bingo $0 | Fortune $0 | Tax $0
Board [Qc Ac 4c 9s]
Seat 1: 5ce1e7ca folded before Flop (didn't bet)
Seat 2: Hero folded before Flop (didn't bet)
Seat 3: da2d2465 folded before Flop (didn't bet)
Seat 4: c1971350 (button) won ($1.14)
Seat 5: 157ed259 (small blind) folded on the Turn
Seat 6: 74413193 (big blind) folded on the Flop


Poker Hand #HD1596374881: Hold'em No Limit ($0.02/$0.05) - 2024/01/19 22:49:25
Table 'NLHBlue89' 6-max Seat #3 is the button
Seat 1: 5ce1e7ca ($5.03 in chips)
Seat 2: Hero ($5.76 in chips)
Seat 3: da2d2465 ($5.55 in chips)
Seat 4: c1971350 ($2.85 in chips)
Seat 5: 157ed259 ($8.45 in chips)
Seat 6: 74413193 ($8.6 in chips)
c1971350: posts small blind $0.02
157ed259: posts big blind $0.05
*** HOLE CARDS ***
Dealt to 5ce1e7ca 
Dealt to Hero [8d Ad]
Dealt to da2d2465 
Dealt to c1971350 
Dealt to 157ed259 
Dealt to 74413193 
74413193: folds
5ce1e7ca: folds
Hero: raises $0.08 to $0.13
da2d2465: folds
c1971350: folds
157ed259: raises $0.21 to $0.34
Hero: calls $0.21
*** FLOP *** [Jh Ks 4s]
157ed259: checks
Hero: checks
*** TURN *** [Jh Ks 4s] [5h]
157ed259: checks
Hero: checks
*** RIVER *** [Jh Ks 4s 5h] [5s]
157ed259: bets $0.24
Hero: folds
Uncalled bet ($0.24) returned to 157ed259
*** SHOWDOWN ***
157ed259 collected $0.66 from pot
*** SUMMARY ***
Total pot $0.7 | Rake $0.04 | Jackpot $0 | Bingo $0 | Fortune $0 | Tax $0
Board [Jh Ks 4s 5h 5s]
Seat 1: 5ce1e7ca folded before Flop (didn't bet)
Seat 2: Hero folded on the River
Seat 3: da2d2465 (button) folded before Flop (didn't bet)
Seat 4: c1971350 (small blind) folded before Flop
Seat 5: 157ed259 (big blind) won ($0.66)
Seat 6: 74413193 folded before Flop (didn't bet)


Poker Hand #HD1596374828: Hold'em No Limit ($0.02/$0.05) - 2024/01/19 22:48:51
Table 'NLHBlue89' 6-max Seat #2 is the button
Seat 1: 5ce1e7ca ($5.13 in chips)
Seat 2: Hero ($5.76 in chips)
Seat 3: da2d2465 ($5.57 in chips)
Seat 4: c1971350 ($2.64 in chips)
Seat 5: 157ed259 ($8.55 in chips)
Seat 6: 74413193 ($8.6 in chips)
da2d2465: posts small blind $0.02
c1971350: posts big blind $0.05
*** HOLE CARDS ***
Dealt to 5ce1e7ca 
Dealt to Hero [5h 9c]
Dealt to da2d2465 
Dealt to c1971350 
Dealt to 157ed259 
Dealt to 74413193 
157ed259: calls $0.05
74413193: folds
5ce1e7ca: raises $0.05 to $0.1
Hero: folds
da2d2465: folds
c1971350: calls $0.05
157ed259: calls $0.05
*** FLOP *** [Qd 7d Qs]
c1971350: bets $0.16
157ed259: folds
5ce1e7ca: folds
Uncalled bet ($0.16) returned to c1971350
*** SHOWDOWN ***
c1971350 collected $0.31 from pot
*** SUMMARY ***
Total pot $0.32 | Rake $0.01 | Jackpot $0 | Bingo $0 | Fortune $0 | Tax $0
Board [Qd 7d Qs]
Seat 1: 5ce1e7ca folded on the Flop
Seat 2: Hero (button) folded before Flop (didn't bet)
Seat 3: da2d2465 (small blind) folded before Flop
Seat 4: c1971350 (big blind) won ($0.31)
Seat 5: 157ed259 folded on the Flop
Seat 6: 74413193 folded before Flop (didn't bet)


Poker Hand #HD1596374650: Hold'em No Limit ($0.02/$0.05) - 2024/01/19 22:47:05
Table 'NLHBlue89' 6-max Seat #1 is the button
Seat 1: 5ce1e7ca ($5.13 in chips)
Seat 2: Hero ($5.78 in chips)
Seat 3: da2d2465 ($5.62 in chips)
Seat 4: c1971350 ($2.64 in chips)
Seat 5: 157ed259 ($6.64 in chips)
Seat 6: 74413193 ($10.75 in chips)
Hero: posts small blind $0.02
da2d2465: posts big blind $0.05
*** HOLE CARDS ***
Dealt to 5ce1e7ca 
Dealt to Hero [5c 8s]
Dealt to da2d2465 
Dealt to c1971350 
Dealt to 157ed259 
Dealt to 74413193 
c1971350: folds
157ed259: raises $0.1 to $0.15
74413193: raises $0.25 to $0.4
5ce1e7ca: folds
Hero: folds
da2d2465: folds
157ed259: calls $0.25
*** FLOP *** [7s 5s 2c]
157ed259: checks
74413193: checks
*** TURN *** [7s 5s 2c] [Th]
157ed259: bets $0.44
74413193: raises $0.44 to $0.88
157ed259: calls $0.44
*** RIVER *** [7s 5s 2c Th] [6h]
157ed259: bets $0.87
74413193: calls $0.87
157ed259: shows [Ts Kc] (Pair of Tens)
74413193: shows [Jc Tc] (Pair of Tens)
*** SHOWDOWN ***
157ed259 collected $4.06 from pot
*** SUMMARY ***
Total pot $4.37 | Rake $0.26 | Jackpot $0.05 | Bingo $0 | Fortune $0 | Tax $0
Board [7s 5s 2c Th 6h]
Seat 1: 5ce1e7ca (button) folded before Flop (didn't bet)
Seat 2: Hero (small blind) folded before Flop
Seat 3: da2d2465 (big blind) folded before Flop
Seat 4: c1971350 folded before Flop (didn't bet)
Seat 5: 157ed259 showed [Ts Kc] and won ($4.06) with Pair of Tens
Seat 6: 74413193 showed [Jc Tc] and lost with Pair of Tens


Poker Hand #HD1596374571: Hold'em No Limit ($0.02/$0.05) - 2024/01/19 22:46:13
Table 'NLHBlue89' 6-max Seat #6 is the button
Seat 1: 5ce1e7ca ($5.15 in chips)
Seat 2: Hero ($5.45 in chips)
Seat 3: da2d2465 ($5.62 in chips)
Seat 4: c1971350 ($2.75 in chips)
Seat 5: 157ed259 ($6.87 in chips)
Seat 6: 74413193 ($10.75 in chips)
5ce1e7ca: posts small blind $0.02
Hero: posts big blind $0.05
*** HOLE CARDS ***
Dealt to 5ce1e7ca 
Dealt to Hero [4c 6h]
Dealt to da2d2465 
Dealt to c1971350 
Dealt to 157ed259 
Dealt to 74413193 
da2d2465: folds
c1971350: calls $0.05
157ed259: calls $0.05
74413193: folds
5ce1e7ca: folds
Hero: checks
*** FLOP *** [2d 5s 6d]
Hero: bets $0.06
c1971350: calls $0.06
157ed259: calls $0.06
*** TURN *** [2d 5s 6d] [Qh]
Hero: bets $0.12
c1971350: folds
157ed259: calls $0.12
*** RIVER *** [2d 5s 6d Qh] [2h]
Hero: checks
157ed259: checks
Hero: shows [4c 6h] (Pair of Sixes and Pair of Twos)
157ed259: shows [7d 8d] (Pair of Twos)
*** SHOWDOWN ***
Hero collected $0.56 from pot
*** SUMMARY ***
Total pot $0.59 | Rake $0.03 | Jackpot $0 | Bingo $0 | Fortune $0 | Tax $0
Board [2d 5s 6d Qh 2h]
Seat 1: 5ce1e7ca (small blind) folded before Flop
Seat 2: Hero (big blind) showed [4c 6h] and won ($0.56) with Pair of Sixes and Pair of Twos
Seat 3: da2d2465 folded before Flop (didn't bet)
Seat 4: c1971350 folded on the Turn
Seat 5: 157ed259 showed [7d 8d] and lost with Pair of Twos
Seat 6: 74413193 (button) folded before Flop (didn't bet)


Poker Hand #HD1596374495: Hold'em No Limit ($0.02/$0.05) - 2024/01/19 22:45:26
Table 'NLHBlue89' 6-max Seat #5 is the button
Seat 1: 5ce1e7ca ($5.71 in chips)
Seat 2: Hero ($5.45 in chips)
Seat 3: da2d2465 ($5 in chips)
Seat 4: c1971350 ($2.85 in chips)
Seat 5: 157ed259 ($6.87 in chips)
Seat 6: 74413193 ($10.77 in chips)
74413193: posts small blind $0.02
5ce1e7ca: posts big blind $0.05
*** HOLE CARDS ***
Dealt to 5ce1e7ca 
Dealt to Hero [Qh 4c]
Dealt to da2d2465 
Dealt to c1971350 
Dealt to 157ed259 
Dealt to 74413193 
Hero: folds
da2d2465: raises $0.05 to $0.1
c1971350: calls $0.1
157ed259: folds
74413193: folds
5ce1e7ca: calls $0.05
*** FLOP *** [Jh 5s 3d]
5ce1e7ca: checks
da2d2465: bets $0.15
c1971350: folds
5ce1e7ca: calls $0.15
*** TURN *** [Jh 5s 3d] [Kd]
5ce1e7ca: checks
da2d2465: bets $0.31
5ce1e7ca: calls $0.31
*** RIVER *** [Jh 5s 3d Kd] [4d]
5ce1e7ca: checks
da2d2465: checks
5ce1e7ca: shows [Qd Ah] (Ace-High)
da2d2465: shows [Ks Js] (Pair of Kings and Pair of Jacks)
*** SHOWDOWN ***
da2d2465 collected $1.18 from pot
*** SUMMARY ***
Total pot $1.24 | Rake $0.06 | Jackpot $0 | Bingo $0 | Fortune $0 | Tax $0
Board [Jh 5s 3d Kd 4d]
Seat 1: 5ce1e7ca (big blind) showed [Qd Ah] and lost with Ace-High
Seat 2: Hero folded before Flop (didn't bet)
Seat 3: da2d2465 showed [Ks Js] and won ($1.18) with Pair of Kings and Pair of Jacks
Seat 4: c1971350 folded on the Flop
Seat 5: 157ed259 (button) folded before Flop (didn't bet)
Seat 6: 74413193 (small blind) folded before Flop


Poker Hand #HD1596374455: Hold'em No Limit ($0.02/$0.05) - 2024/01/19 22:44:58
Table 'NLHBlue89' 6-max Seat #4 is the button
Seat 1: 5ce1e7ca ($5.81 in chips)
Seat 2: Hero ($5.45 in chips)
Seat 3: da2d2465 ($5 in chips)
Seat 4: c1971350 ($2.85 in chips)
Seat 5: 157ed259 ($7.22 in chips)
Seat 6: 74413193 ($10.02 in chips)
157ed259: posts small blind $0.02
74413193: posts big blind $0.05
*** HOLE CARDS ***
Dealt to 5ce1e7ca 
Dealt to Hero [2s 4s]
Dealt to da2d2465 
Dealt to c1971350 
Dealt to 157ed259 
Dealt to 74413193 
5ce1e7ca: raises $0.05 to $0.1
Hero: folds
da2d2465: raises $0.25 to $0.35
c1971350: folds
157ed259: calls $0.33
74413193: raises $9.67 to $10.02 and is all-in
5ce1e7ca: folds
da2d2465: folds
157ed259: folds
Uncalled bet ($9.67) returned to 74413193
*** SHOWDOWN ***
74413193 collected $1.1 from pot
*** SUMMARY ***
Total pot $1.15 | Rake $0.05 | Jackpot $0 | Bingo $0 | Fortune $0 | Tax $0
Seat 1: 5ce1e7ca folded before Flop
Seat 2: Hero folded before Flop (didn't bet)
Seat 3: da2d2465 folded before Flop
Seat 4: c1971350 (button) folded before Flop (didn't bet)
Seat 5: 157ed259 (small blind) folded before Flop
Seat 6: 74413193 (big blind) collected ($1.1)


Poker Hand #HD1596374374: Hold'em No Limit ($0.02/$0.05) - 2024/01/19 22:44:12
Table 'NLHBlue89' 6-max Seat #3 is the button
Seat 1: 5ce1e7ca ($5.81 in chips)
Seat 2: Hero ($5.45 in chips)
Seat 3: da2d2465 ($4.98 in chips)
Seat 4: c1971350 ($2.87 in chips)
Seat 5: 157ed259 ($6.9 in chips)
Seat 6: 74413193 ($10.02 in chips)
c1971350: posts small blind $0.02
157ed259: posts big blind $0.05
*** HOLE CARDS ***
Dealt to 5ce1e7ca 
Dealt to Hero [2c Qd]
Dealt to da2d2465 
Dealt to c1971350 
Dealt to 157ed259 
Dealt to 74413193 
74413193: folds
5ce1e7ca: folds
Hero: folds
da2d2465: raises $0.08 to $0.13
c1971350: folds
157ed259: raises $0.21 to $0.34
da2d2465: calls $0.21
*** FLOP *** [5h 7c 2h]
157ed259: checks
da2d2465: checks
*** TURN *** [5h 7c 2h] [4d]
157ed259: checks
da2d2465: checks
*** RIVER *** [5h 7c 2h 4d] [4h]
157ed259: bets $0.24
da2d2465: folds
Uncalled bet ($0.24) returned to 157ed259
*** SHOWDOWN ***
157ed259 collected $0.66 from pot
*** SUMMARY ***
Total pot $0.7 | Rake $0.04 | Jackpot $0 | Bingo $0 | Fortune $0 | Tax $0
Board [5h 7c 2h 4d 4h]
Seat 1: 5ce1e7ca folded before Flop (didn't bet)
Seat 2: Hero folded before Flop (didn't bet)
Seat 3: da2d2465 (button) folded on the River
Seat 4: c1971350 (small blind) folded before Flop
Seat 5: 157ed259 (big blind) won ($0.66)
Seat 6: 74413193 folded before Flop (didn't bet)


Poker Hand #HD1596374346: Hold'em No Limit ($0.02/$0.05) - 2024/01/19 22:43:50
Table 'NLHBlue89' 6-max Seat #2 is the button
Seat 1: 5ce1e7ca ($5.81 in chips)
Seat 2: Hero ($5.45 in chips)
Seat 3: da2d2465 ($5 in chips)
Seat 4: c1971350 ($2.92 in chips)
Seat 5: 157ed259 ($6.9 in chips)
Seat 6: 74413193 ($9.95 in chips)
da2d2465: posts small blind $0.02
c1971350: posts big blind $0.05
*** HOLE CARDS ***
Dealt to 5ce1e7ca 
Dealt to Hero [Qd 4s]
Dealt to da2d2465 
Dealt to c1971350 
Dealt to 157ed259 
Dealt to 74413193 
157ed259: folds
74413193: raises $0.1 to $0.15
5ce1e7ca: folds
Hero: folds
da2d2465: folds
c1971350: folds
Uncalled bet ($0.1) returned to 74413193
*** SHOWDOWN ***
74413193 collected $0.12 from pot
*** SUMMARY ***
Total pot $0.12 | Rake $0 | Jackpot $0 | Bingo $0 | Fortune $0 | Tax $0
Seat 1: 5ce1e7ca folded before Flop (didn't bet)
Seat 2: Hero (button) folded before Flop (didn't bet)
Seat 3: da2d2465 (small blind) folded before Flop
Seat 4: c1971350 (big blind) folded before Flop
Seat 5: 157ed259 folded before Flop (didn't bet)
Seat 6: 74413193 collected ($0.12)


Poker Hand #HD1596374324: Hold'em No Limit ($0.02/$0.05) - 2024/01/19 22:43:33
Table 'NLHBlue89' 6-max Seat #1 is the button
Seat 1: 5ce1e7ca ($5.81 in chips)
Seat 2: Hero ($5.47 in chips)
Seat 3: da2d2465 ($4.9 in chips)
Seat 4: c1971350 ($2.92 in chips)
Seat 5: 157ed259 ($6.9 in chips)
Seat 6: 74413193 ($9.88 in chips)
Hero: posts small blind $0.02
da2d2465: posts big blind $0.05
*** HOLE CARDS ***
Dealt to 5ce1e7ca 
Dealt to Hero [6c As]
Dealt to da2d2465 
Dealt to c1971350 
Dealt to 157ed259 
Dealt to 74413193 
c1971350: folds
157ed259: folds
74413193: raises $0.1 to $0.15
5ce1e7ca: folds
Hero: folds
da2d2465: folds
Uncalled bet ($0.1) returned to 74413193
*** SHOWDOWN ***
74413193 collected $0.12 from pot
*** SUMMARY ***
Total pot $0.12 | Rake $0 | Jackpot $0 | Bingo $0 | Fortune $0 | Tax $0
Seat 1: 5ce1e7ca (button) folded before Flop (didn't bet)
Seat 2: Hero (small blind) folded before Flop
Seat 3: da2d2465 (big blind) folded before Flop
Seat 4: c1971350 folded before Flop (didn't bet)
Seat 5: 157ed259 folded before Flop (didn't bet)
Seat 6: 74413193 collected ($0.12)


Poker Hand #HD1596374281: Hold'em No Limit ($0.02/$0.05) - 2024/01/19 22:43:09
Table 'NLHBlue89' 6-max Seat #6 is the button
Seat 1: 5ce1e7ca ($5.83 in chips)
Seat 2: Hero ($5.52 in chips)
Seat 3: da2d2465 ($5 in chips)
Seat 4: c1971350 ($2.92 in chips)
Seat 5: 157ed259 ($6.74 in chips)
Seat 6: 74413193 ($9.88 in chips)
5ce1e7ca: posts small blind $0.02
Hero: posts big blind $0.05
*** HOLE CARDS ***
Dealt to 5ce1e7ca 
Dealt to Hero [7c 8d]
Dealt to da2d2465 
Dealt to c1971350 
Dealt to 157ed259 
Dealt to 74413193 
da2d2465: raises $0.05 to $0.1
c1971350: folds
157ed259: raises $0.21 to $0.31
74413193: folds
5ce1e7ca: folds
Hero: folds
da2d2465: folds
Uncalled bet ($0.21) returned to 157ed259
*** SHOWDOWN ***
157ed259 collected $0.26 from pot
*** SUMMARY ***
Total pot $0.27 | Rake $0.01 | Jackpot $0 | Bingo $0 | Fortune $0 | Tax $0
Seat 1: 5ce1e7ca (small blind) folded before Flop
Seat 2: Hero (big blind) folded before Flop
Seat 3: da2d2465 folded before Flop
Seat 4: c1971350 folded before Flop (didn't bet)
Seat 5: 157ed259 collected ($0.26)
Seat 6: 74413193 (button) folded before Flop (didn't bet)


Poker Hand #HD1596374213: Hold'em No Limit ($0.02/$0.05) - 2024/01/19 22:42:27
Table 'NLHBlue89' 6-max Seat #5 is the button
Seat 1: 5ce1e7ca ($5 in chips)
Seat 2: Hero ($5.65 in chips)
Seat 3: da2d2465 ($5 in chips)
Seat 4: c1971350 ($2.92 in chips)
Seat 5: 157ed259 ($6.87 in chips)
Seat 6: 74413193 ($9.9 in chips)
74413193: posts small blind $0.02
5ce1e7ca: posts big blind $0.05
*** HOLE CARDS ***
Dealt to 5ce1e7ca 
Dealt to Hero [4h Ah]
Dealt to da2d2465 
Dealt to c1971350 
Dealt to 157ed259 
Dealt to 74413193 
Hero: raises $0.08 to $0.13
da2d2465: calls $0.13
c1971350: folds
157ed259: calls $0.13
74413193: folds
5ce1e7ca: calls $0.08
*** FLOP *** [Js 8d 3h]
5ce1e7ca: checks
Hero: checks
da2d2465: bets $0.14
157ed259: folds
5ce1e7ca: calls $0.14
Hero: folds
*** TURN *** [Js 8d 3h] [9s]
5ce1e7ca: checks
da2d2465: bets $0.41
5ce1e7ca: calls $0.41
*** RIVER *** [Js 8d 3h 9s] [Qd]
5ce1e7ca: checks
da2d2465: checks
5ce1e7ca: shows [Kh Ts] (Kings-High Straight)
da2d2465: shows [8h 8s] (Three Eights)
*** SHOWDOWN ***
5ce1e7ca collected $1.51 from pot
*** SUMMARY ***
Total pot $1.64 | Rake $0.08 | Jackpot $0.05 | Bingo $0 | Fortune $0 | Tax $0
Board [Js 8d 3h 9s Qd]
Seat 1: 5ce1e7ca (big blind) showed [Kh Ts] and won ($1.51) with Kings-High Straight
Seat 2: Hero folded on the Flop
Seat 3: da2d2465 showed [8h 8s] and lost with Three Eights
Seat 4: c1971350 folded before Flop (didn't bet)
Seat 5: 157ed259 (button) folded on the Flop
Seat 6: 74413193 (small blind) folded before Flop


Poker Hand #HD1596374130: Hold'em No Limit ($0.02/$0.05) - 2024/01/19 22:41:35
Table 'NLHBlue89' 6-max Seat #4 is the button
Seat 1: 5ce1e7ca ($5 in chips)
Seat 2: Hero ($5.65 in chips)
Seat 3: da2d2465 ($5 in chips)
Seat 4: c1971350 ($2.92 in chips)
Seat 5: 157ed259 ($4.84 in chips)
Seat 6: 74413193 ($9.95 in chips)
157ed259: posts small blind $0.02
74413193: posts big blind $0.05
*** HOLE CARDS ***
Dealt to 5ce1e7ca 
Dealt to Hero [2s Qs]
Dealt to da2d2465 
Dealt to c1971350 
Dealt to 157ed259 
Dealt to 74413193 
5ce1e7ca: raises $0.05 to $0.1
Hero: folds
da2d2465: folds
c1971350: folds
157ed259: calls $0.08
74413193: folds
*** FLOP *** [As 6c 7d]
157ed259: bets $0.13
5ce1e7ca: raises $0.13 to $0.26
157ed259: calls $0.13
*** TURN *** [As 6c 7d] [7c]
157ed259: bets $0.39
5ce1e7ca: calls $0.39
*** RIVER *** [As 6c 7d 7c] [Jc]
157ed259: bets $1.55
5ce1e7ca: calls $1.55
157ed259: shows [7h 6d] (Sevens Full over Sixes)
5ce1e7ca: shows [6h Ah] (Pair of Aces and Pair of Sevens)
*** SHOWDOWN ***
157ed259 collected $4.33 from pot
*** SUMMARY ***
Total pot $4.65 | Rake $0.27 | Jackpot $0.05 | Bingo $0 | Fortune $0 | Tax $0
Board [As 6c 7d 7c Jc]
Seat 1: 5ce1e7ca showed [6h Ah] and lost with Pair of Aces and Pair of Sevens
Seat 2: Hero folded before Flop (didn't bet)
Seat 3: da2d2465 folded before Flop (didn't bet)
Seat 4: c1971350 (button) folded before Flop (didn't bet)
Seat 5: 157ed259 (small blind) showed [7h 6d] and won ($4.33) with Sevens Full over Sixes
Seat 6: 74413193 (big blind) folded before Flop


Poker Hand #HD1596374066: Hold'em No Limit ($0.02/$0.05) - 2024/01/19 22:40:52
Table 'NLHBlue89' 6-max Seat #3 is the button
Seat 1: 5ce1e7ca ($5 in chips)
Seat 2: Hero ($5.65 in chips)
Seat 3: da2d2465 ($4.93 in chips)
Seat 4: c1971350 ($3.05 in chips)
Seat 5: 157ed259 ($4.42 in chips)
Seat 6: 74413193 ($9.95 in chips)
c1971350: posts small blind $0.02
157ed259: posts big blind $0.05
*** HOLE CARDS ***
Dealt to 5ce1e7ca 
Dealt to Hero [Qc 6s]
Dealt to da2d2465 
Dealt to c1971350 
Dealt to 157ed259 
Dealt to 74413193 
74413193: folds
5ce1e7ca: folds
Hero: folds
da2d2465: raises $0.08 to $0.13
c1971350: calls $0.11
157ed259: raises $0.2 to $0.33
da2d2465: calls $0.2
c1971350: folds
*** FLOP *** [3c 5h 4d]
157ed259: checks
da2d2465: checks
*** TURN *** [3c 5h 4d] [3h]
157ed259: checks
da2d2465: checks
*** RIVER *** [3c 5h 4d 3h] [Kd]
157ed259: bets $0.4
da2d2465: folds
Uncalled bet ($0.4) returned to 157ed259
*** SHOWDOWN ***
157ed259 collected $0.75 from pot
*** SUMMARY ***
Total pot $0.79 | Rake $0.04 | Jackpot $0 | Bingo $0 | Fortune $0 | Tax $0
Board [3c 5h 4d 3h Kd]
Seat 1: 5ce1e7ca folded before Flop (didn't bet)
Seat 2: Hero folded before Flop (didn't bet)
Seat 3: da2d2465 (button) folded on the River
Seat 4: c1971350 (small blind) folded before Flop
Seat 5: 157ed259 (big blind) won ($0.75)
Seat 6: 74413193 folded before Flop (didn't bet)


Poker Hand #HD1596374007: Hold'em No Limit ($0.02/$0.05) - 2024/01/19 22:40:19
Table 'NLHBlue89' 6-max Seat #2 is the button
Seat 1: 5ce1e7ca ($5 in chips)
Seat 2: Hero ($5.65 in chips)
Seat 3: da2d2465 ($4.95 in chips)
Seat 4: c1971350 ($2.84 in chips)
Seat 5: 157ed259 ($4.52 in chips)
Seat 6: 74413193 ($9.95 in chips)
da2d2465: posts small blind $0.02
c1971350: posts big blind $0.05
*** HOLE CARDS ***
Dealt to 5ce1e7ca 
Dealt to Hero [2c 9d]
Dealt to da2d2465 
Dealt to c1971350 
Dealt to 157ed259 
Dealt to 74413193 
157ed259: calls $0.05
74413193: folds
5ce1e7ca: raises $0.05 to $0.1
Hero: folds
da2d2465: folds
c1971350: calls $0.05
157ed259: calls $0.05
*** FLOP *** [8s Ac 8d]
c1971350: checks
157ed259: checks
5ce1e7ca: checks
*** TURN *** [8s Ac 8d] [Ts]
c1971350: bets $0.11
157ed259: folds
5ce1e7ca: folds
Uncalled bet ($0.11) returned to c1971350
*** SHOWDOWN ***
c1971350 collected $0.31 from pot
*** SUMMARY ***
Total pot $0.32 | Rake $0.01 | Jackpot $0 | Bingo $0 | Fortune $0 | Tax $0
Board [8s Ac 8d Ts]
Seat 1: 5ce1e7ca folded on the Turn
Seat 2: Hero (button) folded before Flop (didn't bet)
Seat 3: da2d2465 (small blind) folded before Flop
Seat 4: c1971350 (big blind) won ($0.31)
Seat 5: 157ed259 folded on the Turn
Seat 6: 74413193 folded before Flop (didn't bet)


Poker Hand #HD1596373949: Hold'em No Limit ($0.02/$0.05) - 2024/01/19 22:39:44
Table 'NLHBlue89' 6-max Seat #1 is the button
Seat 1: 5ce1e7ca ($5 in chips)
Seat 2: Hero ($5.67 in chips)
Seat 3: da2d2465 ($5 in chips)
Seat 4: c1971350 ($2.37 in chips)
Seat 5: 157ed259 ($4.96 in chips)
Seat 6: 74413193 ($9.95 in chips)
Hero: posts small blind $0.02
da2d2465: posts big blind $0.05
*** HOLE CARDS ***
Dealt to 5ce1e7ca 
Dealt to Hero [6s Ts]
Dealt to da2d2465 
Dealt to c1971350 
Dealt to 157ed259 
Dealt to 74413193 
c1971350: raises $0.15 to $0.2
157ed259: raises $0.24 to $0.44
74413193: folds
5ce1e7ca: folds
Hero: folds
da2d2465: folds
c1971350: calls $0.24
*** FLOP *** [Qh Kh Qd]
c1971350: checks
157ed259: checks
*** TURN *** [Qh Kh Qd] [Th]
c1971350: checks
157ed259: checks
*** RIVER *** [Qh Kh Qd Th] [Kc]
c1971350: bets $0.72
157ed259: folds
Uncalled bet ($0.72) returned to c1971350
*** SHOWDOWN ***
c1971350 collected $0.91 from pot
*** SUMMARY ***
Total pot $0.95 | Rake $0.04 | Jackpot $0 | Bingo $0 | Fortune $0 | Tax $0
Board [Qh Kh Qd Th Kc]
Seat 1: 5ce1e7ca (button) folded before Flop (didn't bet)
Seat 2: Hero (small blind) folded before Flop
Seat 3: da2d2465 (big blind) folded before Flop
Seat 4: c1971350 won ($0.91)
Seat 5: 157ed259 folded on the River
Seat 6: 74413193 folded before Flop (didn't bet)


Poker Hand #HD1596373930: Hold'em No Limit ($0.02/$0.05) - 2024/01/19 22:39:31
Table 'NLHBlue89' 6-max Seat #6 is the button
Seat 1: 5ce1e7ca ($5.02 in chips)
Seat 2: Hero ($5.72 in chips)
Seat 4: c1971350 ($2.3 in chips)
Seat 5: 157ed259 ($4.96 in chips)
Seat 6: 74413193 ($9.95 in chips)
5ce1e7ca: posts small blind $0.02
Hero: posts big blind $0.05
*** HOLE CARDS ***
Dealt to 5ce1e7ca 
Dealt to Hero [8h 3c]
Dealt to c1971350 
Dealt to 157ed259 
Dealt to 74413193 
c1971350: raises $0.15 to $0.2
157ed259: folds
74413193: folds
5ce1e7ca: folds
Hero: folds
Uncalled bet ($0.15) returned to c1971350
*** SHOWDOWN ***
c1971350 collected $0.12 from pot
*** SUMMARY ***
Total pot $0.12 | Rake $0 | Jackpot $0 | Bingo $0 | Fortune $0 | Tax $0
Seat 1: 5ce1e7ca (small blind) folded before Flop
Seat 2: Hero (big blind) folded before Flop
Seat 4: c1971350 collected ($0.12)
Seat 5: 157ed259 folded before Flop (didn't bet)
Seat 6: 74413193 (button) folded before Flop (didn't bet)


Poker Hand #HD1596373891: Hold'em No Limit ($0.02/$0.05) - 2024/01/19 22:39:10
Table 'NLHBlue89' 6-max Seat #5 is the button
Seat 1: 5ce1e7ca ($5.07 in chips)
Seat 2: Hero ($5.72 in chips)
Seat 3: 7d5bc8f7 ($7.55 in chips)
Seat 4: c1971350 ($2.35 in chips)
Seat 5: 157ed259 ($4.85 in chips)
Seat 6: 74413193 ($9.97 in chips)
74413193: posts small blind $0.02
5ce1e7ca: posts big blind $0.05
*** HOLE CARDS ***
Dealt to 5ce1e7ca 
Dealt to Hero [7c 8d]
Dealt to 7d5bc8f7 
Dealt to c1971350 
Dealt to 157ed259 
Dealt to 74413193 
Hero: folds
7d5bc8f7: folds
c1971350: calls $0.05
157ed259: raises $0.15 to $0.2
74413193: folds
5ce1e7ca: folds
c1971350: folds
Uncalled bet ($0.15) returned to 157ed259
*** SHOWDOWN ***
157ed259 collected $0.16 from pot
*** SUMMARY ***
Total pot $0.17 | Rake $0.01 | Jackpot $0 | Bingo $0 | Fortune $0 | Tax $0
Seat 1: 5ce1e7ca (big blind) folded before Flop
Seat 2: Hero folded before Flop (didn't bet)
Seat 3: 7d5bc8f7 folded before Flop (didn't bet)
Seat 4: c1971350 folded before Flop
Seat 5: 157ed259 (button) collected ($0.16)
Seat 6: 74413193 (small blind) folded before Flop


Poker Hand #HD1596373841: Hold'em No Limit ($0.02/$0.05) - 2024/01/19 22:38:40
Table 'NLHBlue89' 6-max Seat #4 is the button
Seat 1: 5ce1e7ca ($5.07 in chips)
Seat 2: Hero ($5.72 in chips)
Seat 3: 7d5bc8f7 ($7.55 in chips)
Seat 4: c1971350 ($2.12 in chips)
Seat 5: 157ed259 ($5.05 in chips)
Seat 6: 74413193 ($10.02 in chips)
157ed259: posts small blind $0.02
74413193: posts big blind $0.05
*** HOLE CARDS ***
Dealt to 5ce1e7ca 
Dealt to Hero [Qh 6d]
Dealt to 7d5bc8f7 
Dealt to c1971350 
Dealt to 157ed259 
Dealt to 74413193 
5ce1e7ca: folds
Hero: folds
7d5bc8f7: folds
c1971350: raises $0.15 to $0.2
157ed259: calls $0.18
74413193: folds
*** FLOP *** [Ad 4c Ac]
157ed259: checks
c1971350: checks
*** TURN *** [Ad 4c Ac] [2h]
157ed259: checks
c1971350: checks
*** RIVER *** [Ad 4c Ac 2h] [9c]
157ed259: checks
c1971350: bets $0.34
157ed259: folds
Uncalled bet ($0.34) returned to c1971350
*** SHOWDOWN ***
c1971350 collected $0.43 from pot
*** SUMMARY ***
Total pot $0.45 | Rake $0.02 | Jackpot $0 | Bingo $0 | Fortune $0 | Tax $0
Board [Ad 4c Ac 2h 9c]
Seat 1: 5ce1e7ca folded before Flop (didn't bet)
Seat 2: Hero folded before Flop (didn't bet)
Seat 3: 7d5bc8f7 folded before Flop (didn't bet)
Seat 4: c1971350 (button) won ($0.43)
Seat 5: 157ed259 (small blind) folded on the River
Seat 6: 74413193 (big blind) folded before Flop


Poker Hand #HD1596373792: Hold'em No Limit ($0.02/$0.05) - 2024/01/19 22:38:07
Table 'NLHBlue89' 6-max Seat #3 is the button
Seat 1: 5ce1e7ca ($5.07 in chips)
Seat 2: Hero ($5.72 in chips)
Seat 3: 7d5bc8f7 ($7.81 in chips)
Seat 4: c1971350 ($1.76 in chips)
Seat 5: 157ed259 ($5.18 in chips)
Seat 6: 74413193 ($10.02 in chips)
c1971350: posts small blind $0.02
157ed259: posts big blind $0.05
*** HOLE CARDS ***
Dealt to 5ce1e7ca 
Dealt to Hero [6d Th]
Dealt to 7d5bc8f7 
Dealt to c1971350 
Dealt to 157ed259 
Dealt to 74413193 
74413193: folds
5ce1e7ca: folds
Hero: folds
7d5bc8f7: raises $0.08 to $0.13
c1971350: calls $0.11
157ed259: calls $0.08
*** FLOP *** [Js 8h 7s]
c1971350: bets $0.13
157ed259: folds
7d5bc8f7: calls $0.13
*** TURN *** [Js 8h 7s] [As]
c1971350: bets $0.22
7d5bc8f7: folds
Uncalled bet ($0.22) returned to c1971350
*** SHOWDOWN ***
c1971350 collected $0.62 from pot
*** SUMMARY ***
Total pot $0.65 | Rake $0.03 | Jackpot $0 | Bingo $0 | Fortune $0 | Tax $0
Board [Js 8h 7s As]
Seat 1: 5ce1e7ca folded before Flop (didn't bet)
Seat 2: Hero folded before Flop (didn't bet)
Seat 3: 7d5bc8f7 (button) folded on the Turn
Seat 4: c1971350 (small blind) won ($0.62)
Seat 5: 157ed259 (big blind) folded on the Flop
Seat 6: 74413193 folded before Flop (didn't bet)


Poker Hand #HD1596373727: Hold'em No Limit ($0.02/$0.05) - 2024/01/19 22:37:29
Table 'NLHBlue89' 6-max Seat #2 is the button
Seat 1: 5ce1e7ca ($5.07 in chips)
Seat 2: Hero ($5.72 in chips)
Seat 3: 7d5bc8f7 ($7.83 in chips)
Seat 4: c1971350 ($1.99 in chips)
Seat 5: 157ed259 ($4.95 in chips)
Seat 6: 74413193 ($10.02 in chips)
7d5bc8f7: posts small blind $0.02
c1971350: posts big blind $0.05
*** HOLE CARDS ***
Dealt to 5ce1e7ca 
Dealt to Hero [9d 7h]
Dealt to 7d5bc8f7 
Dealt to c1971350 
Dealt to 157ed259 
Dealt to 74413193 
157ed259: calls $0.05
74413193: folds
5ce1e7ca: folds
Hero: folds
7d5bc8f7: folds
c1971350: checks
*** FLOP *** [5c 7d Js]
c1971350: bets $0.06
157ed259: calls $0.06
*** TURN *** [5c 7d Js] [Qh]
c1971350: checks
157ed259: checks
*** RIVER *** [5c 7d Js Qh] [2s]
c1971350: checks
157ed259: bets $0.12
c1971350: calls $0.12
157ed259: shows [8h 5h] (Pair of Fives)
c1971350: shows [5s 3h] (Pair of Fives)
*** SHOWDOWN ***
157ed259 collected $0.46 from pot
*** SUMMARY ***
Total pot $0.48 | Rake $0.02 | Jackpot $0 | Bingo $0 | Fortune $0 | Tax $0
Board [5c 7d Js Qh 2s]
Seat 1: 5ce1e7ca folded before Flop (didn't bet)
Seat 2: Hero (button) folded before Flop (didn't bet)
Seat 3: 7d5bc8f7 (small blind) folded before Flop
Seat 4: c1971350 (big blind) showed [5s 3h] and lost with Pair of Fives
Seat 5: 157ed259 showed [8h 5h] and won ($0.46) with Pair of Fives
Seat 6: 74413193 folded before Flop (didn't bet)


Poker Hand #HD1596373702: Hold'em No Limit ($0.02/$0.05) - 2024/01/19 22:37:17
Table 'NLHBlue89' 6-max Seat #1 is the button
Seat 1: 5ce1e7ca ($5 in chips)
Seat 2: Hero ($5.74 in chips)
Seat 3: 7d5bc8f7 ($7.88 in chips)
Seat 4: c1971350 ($1.99 in chips)
Seat 5: 157ed259 ($4.95 in chips)
Seat 6: 74413193 ($10.02 in chips)
Hero: posts small blind $0.02
7d5bc8f7: posts big blind $0.05
*** HOLE CARDS ***
Dealt to 5ce1e7ca 
Dealt to Hero [6c 2c]
Dealt to 7d5bc8f7 
Dealt to c1971350 
Dealt to 157ed259 
Dealt to 74413193 
c1971350: folds
157ed259: folds
74413193: folds
5ce1e7ca: raises $0.05 to $0.1
Hero: folds
7d5bc8f7: folds
Uncalled bet ($0.05) returned to 5ce1e7ca
*** SHOWDOWN ***
5ce1e7ca collected $0.12 from pot
*** SUMMARY ***
Total pot $0.12 | Rake $0 | Jackpot $0 | Bingo $0 | Fortune $0 | Tax $0
Seat 1: 5ce1e7ca (button) collected ($0.12)
Seat 2: Hero (small blind) folded before Flop
Seat 3: 7d5bc8f7 (big blind) folded before Flop
Seat 4: c1971350 folded before Flop (didn't bet)
Seat 5: 157ed259 folded before Flop (didn't bet)
Seat 6: 74413193 folded before Flop (didn't bet)


Poker Hand #HD1596373621: Hold'em No Limit ($0.02/$0.05) - 2024/01/19 22:36:27
Table 'NLHBlue89' 6-max Seat #6 is the button
Seat 1: 5ce1e7ca ($5 in chips)
Seat 2: Hero ($5.79 in chips)
Seat 3: 7d5bc8f7 ($7.88 in chips)
Seat 4: c1971350 ($1.99 in chips)
Seat 5: 157ed259 ($5 in chips)
Seat 6: 74413193 ($9.7 in chips)
5ce1e7ca: posts small blind $0.02
Hero: posts big blind $0.05
157ed259: posts big blind $0.05
*** HOLE CARDS ***
Dealt to 5ce1e7ca 
Dealt to Hero [7c Js]
Dealt to 7d5bc8f7 
Dealt to c1971350 
Dealt to 157ed259 
Dealt to 74413193 
7d5bc8f7: folds
c1971350: folds
157ed259: checks
74413193: raises $0.2 to $0.25
5ce1e7ca: calls $0.23
Hero: folds
157ed259: folds
*** FLOP *** [3h Qh As]
5ce1e7ca: checks
74413193: checks
*** TURN *** [3h Qh As] [4h]
5ce1e7ca: checks
74413193: checks
*** RIVER *** [3h Qh As 4h] [8c]
5ce1e7ca: checks
74413193: checks
5ce1e7ca: shows [9c Kc] (Ace-High)
74413193: shows [Kh Qc] (Pair of Queens)
*** SHOWDOWN ***
74413193 collected $0.57 from pot
*** SUMMARY ***
Total pot $0.6 | Rake $0.03 | Jackpot $0 | Bingo $0 | Fortune $0 | Tax $0
Board [3h Qh As 4h 8c]
Seat 1: 5ce1e7ca (small blind) showed [9c Kc] and lost with Ace-High
Seat 2: Hero (big blind) folded before Flop
Seat 3: 7d5bc8f7 folded before Flop (didn't bet)
Seat 4: c1971350 folded before Flop (didn't bet)
Seat 5: 157ed259 folded before Flop
Seat 6: 74413193 (button) showed [Kh Qc] and won ($0.57) with Pair of Queens


Poker Hand #HD1596373593: Hold'em No Limit ($0.02/$0.05) - 2024/01/19 22:36:12
Table 'NLHBlue89' 6-max Seat #4 is the button
Seat 1: 5ce1e7ca ($5 in chips)
Seat 2: Hero ($5.79 in chips)
Seat 3: 7d5bc8f7 ($7.88 in chips)
Seat 4: c1971350 ($1.99 in chips)
Seat 6: 74413193 ($9.65 in chips)
74413193: posts small blind $0.02
5ce1e7ca: posts big blind $0.05
*** HOLE CARDS ***
Dealt to 5ce1e7ca 
Dealt to Hero [Qs 4c]
Dealt to 7d5bc8f7 
Dealt to c1971350 
Dealt to 74413193 
Hero: folds
7d5bc8f7: folds
c1971350: folds
74413193: raises $0.1 to $0.15
5ce1e7ca: folds
Uncalled bet ($0.1) returned to 74413193
*** SHOWDOWN ***
74413193 collected $0.1 from pot
*** SUMMARY ***
Total pot $0.1 | Rake $0 | Jackpot $0 | Bingo $0 | Fortune $0 | Tax $0
Seat 1: 5ce1e7ca (big blind) folded before Flop
Seat 2: Hero folded before Flop (didn't bet)
Seat 3: 7d5bc8f7 folded before Flop (didn't bet)
Seat 4: c1971350 (button) folded before Flop (didn't bet)
Seat 6: 74413193 (small blind) collected ($0.1)


Poker Hand #HD1596373553: Hold'em No Limit ($0.02/$0.05) - 2024/01/19 22:35:49
Table 'NLHBlue89' 6-max Seat #3 is the button
Seat 1: 5ce1e7ca ($5 in chips)
Seat 2: Hero ($5.79 in chips)
Seat 3: 7d5bc8f7 ($7.88 in chips)
Seat 4: c1971350 ($1.94 in chips)
Seat 6: 74413193 ($9.7 in chips)
c1971350: posts small blind $0.02
74413193: posts big blind $0.05
*** HOLE CARDS ***
Dealt to 5ce1e7ca 
Dealt to Hero [8s 2d]
Dealt to 7d5bc8f7 
Dealt to c1971350 
Dealt to 74413193 
5ce1e7ca: folds
Hero: folds
7d5bc8f7: folds
c1971350: calls $0.03
74413193: checks
*** FLOP *** [9s Tc Kc]
c1971350: checks
74413193: checks
*** TURN *** [9s Tc Kc] [Qh]
c1971350: bets $0.08
74413193: folds
Uncalled bet ($0.08) returned to c1971350
*** SHOWDOWN ***
c1971350 collected $0.1 from pot
*** SUMMARY ***
Total pot $0.1 | Rake $0 | Jackpot $0 | Bingo $0 | Fortune $0 | Tax $0
Board [9s Tc Kc Qh]
Seat 1: 5ce1e7ca folded before Flop (didn't bet)
Seat 2: Hero folded before Flop (didn't bet)
Seat 3: 7d5bc8f7 (button) folded before Flop (didn't bet)
Seat 4: c1971350 (small blind) won ($0.1)
Seat 6: 74413193 (big blind) folded on the Turn


Poker Hand #HD1596373458: Hold'em No Limit ($0.02/$0.05) - 2024/01/19 22:34:48
Table 'NLHBlue89' 6-max Seat #2 is the button
Seat 1: 5ce1e7ca ($5 in chips)
Seat 2: Hero ($5.79 in chips)
Seat 3: 7d5bc8f7 ($7.9 in chips)
Seat 4: c1971350 ($1.99 in chips)
Seat 5: 6ce0366b ($4.93 in chips)
Seat 6: 74413193 ($5.24 in chips)
7d5bc8f7: posts small blind $0.02
c1971350: posts big blind $0.05
*** HOLE CARDS ***
Dealt to 5ce1e7ca 
Dealt to Hero [9s 5h]
Dealt to 7d5bc8f7 
Dealt to c1971350 
Dealt to 6ce0366b 
Dealt to 74413193 
6ce0366b: calls $0.05
74413193: raises $0.15 to $0.2
5ce1e7ca: folds
Hero: folds
7d5bc8f7: folds
c1971350: folds
6ce0366b: calls $0.15
*** FLOP *** [Js 7d 6d]
6ce0366b: checks
74413193: bets $0.24
6ce0366b: raises $0.72 to $0.96
74413193: raises $4.08 to $5.04 and is all-in
6ce0366b: calls $3.77 and is all-in
Uncalled bet ($0.31) returned to 74413193
74413193: shows [Qd Qc] (Pair of Queens)
6ce0366b: shows [Td 8d] (Jack-High)
*** TURN *** [Js 7d 6d] [4s]
*** RIVER *** [Js 7d 6d 4s] [8c]
*** SHOWDOWN ***
74413193 collected $9.39 from pot
*** SUMMARY ***
Total pot $9.93 | Rake $0.49 | Jackpot $0.05 | Bingo $0 | Fortune $0 | Tax $0
Board [Js 7d 6d 4s 8c]
Seat 1: 5ce1e7ca folded before Flop (didn't bet)
Seat 2: Hero (button) folded before Flop (didn't bet)
Seat 3: 7d5bc8f7 (small blind) folded before Flop
Seat 4: c1971350 (big blind) folded before Flop
Seat 5: 6ce0366b showed [Td 8d] and lost with Pair of Eights
Seat 6: 74413193 showed [Qd Qc] and won ($9.39) with Pair of Queens


Poker Hand #HD1596373432: Hold'em No Limit ($0.02/$0.05) - 2024/01/19 22:34:33
Table 'NLHBlue89' 6-max Seat #1 is the button
Seat 1: 5ce1e7ca ($5 in chips)
Seat 2: Hero ($5.81 in chips)
Seat 3: 7d5bc8f7 ($7.95 in chips)
Seat 4: c1971350 ($1.99 in chips)
Seat 5: 6ce0366b ($4.93 in chips)
Seat 6: 74413193 ($5.17 in chips)
Hero: posts small blind $0.02
7d5bc8f7: posts big blind $0.05
*** HOLE CARDS ***
Dealt to 5ce1e7ca 
Dealt to Hero [Jc 5d]
Dealt to 7d5bc8f7 
Dealt to c1971350 
Dealt to 6ce0366b 
Dealt to 74413193 
c1971350: folds
6ce0366b: folds
74413193: raises $0.1 to $0.15
5ce1e7ca: folds
Hero: folds
7d5bc8f7: folds
Uncalled bet ($0.1) returned to 74413193
*** SHOWDOWN ***
74413193 collected $0.12 from pot
*** SUMMARY ***
Total pot $0.12 | Rake $0 | Jackpot $0 | Bingo $0 | Fortune $0 | Tax $0
Seat 1: 5ce1e7ca (button) folded before Flop (didn't bet)
Seat 2: Hero (small blind) folded before Flop
Seat 3: 7d5bc8f7 (big blind) folded before Flop
Seat 4: c1971350 folded before Flop (didn't bet)
Seat 5: 6ce0366b folded before Flop (didn't bet)
Seat 6: 74413193 collected ($0.12)


Poker Hand #HD1596373405: Hold'em No Limit ($0.02/$0.05) - 2024/01/19 22:34:15
Table 'NLHBlue89' 6-max Seat #6 is the button
Seat 1: 5ce1e7ca ($5 in chips)
Seat 2: Hero ($5.79 in chips)
Seat 3: 7d5bc8f7 ($7.95 in chips)
Seat 4: c1971350 ($1.99 in chips)
Seat 5: 6ce0366b ($4.93 in chips)
Seat 6: 74413193 ($5.17 in chips)
5ce1e7ca: posts small blind $0.02
Hero: posts big blind $0.05
*** HOLE CARDS ***
Dealt to 5ce1e7ca 
Dealt to Hero [4c 9d]
Dealt to 7d5bc8f7 
Dealt to c1971350 
Dealt to 6ce0366b 
Dealt to 74413193 
7d5bc8f7: folds
c1971350: folds
6ce0366b: folds
74413193: folds
5ce1e7ca: folds
Uncalled bet ($0.03) returned to Hero
*** SHOWDOWN ***
Hero collected $0.04 from pot
*** SUMMARY ***
Total pot $0.04 | Rake $0 | Jackpot $0 | Bingo $0 | Fortune $0 | Tax $0
Seat 1: 5ce1e7ca (small blind) folded before Flop
Seat 2: Hero (big blind) collected ($0.04)
Seat 3: 7d5bc8f7 folded before Flop (didn't bet)
Seat 4: c1971350 folded before Flop (didn't bet)
Seat 5: 6ce0366b folded before Flop (didn't bet)
Seat 6: 74413193 (button) folded before Flop (didn't bet)


Poker Hand #HD1596373311: Hold'em No Limit ($0.02/$0.05) - 2024/01/19 22:33:19
Table 'NLHBlue89' 6-max Seat #5 is the button
Seat 1: 5ce1e7ca ($5 in chips)
Seat 2: Hero ($5.79 in chips)
Seat 3: 7d5bc8f7 ($8.23 in chips)
Seat 4: c1971350 ($1.67 in chips)
Seat 5: 6ce0366b ($4.93 in chips)
Seat 6: 74413193 ($5.19 in chips)
74413193: posts small blind $0.02
5ce1e7ca: posts big blind $0.05
*** HOLE CARDS ***
Dealt to 5ce1e7ca 
Dealt to Hero [Td 7c]
Dealt to 7d5bc8f7 
Dealt to c1971350 
Dealt to 6ce0366b 
Dealt to 74413193 
Hero: folds
7d5bc8f7: raises $0.1 to $0.15
c1971350: calls $0.15
6ce0366b: folds
74413193: folds
5ce1e7ca: folds
*** FLOP *** [9s 3h 6s]
7d5bc8f7: checks
c1971350: checks
*** TURN *** [9s 3h 6s] [7s]
7d5bc8f7: bets $0.13
c1971350: calls $0.13
*** RIVER *** [9s 3h 6s 7s] [Ac]
7d5bc8f7: checks
c1971350: bets $0.32
7d5bc8f7: folds
Uncalled bet ($0.32) returned to c1971350
*** SHOWDOWN ***
c1971350 collected $0.6 from pot
*** SUMMARY ***
Total pot $0.63 | Rake $0.03 | Jackpot $0 | Bingo $0 | Fortune $0 | Tax $0
Board [9s 3h 6s 7s Ac]
Seat 1: 5ce1e7ca (big blind) folded before Flop
Seat 2: Hero folded before Flop (didn't bet)
Seat 3: 7d5bc8f7 folded on the River
Seat 4: c1971350 won ($0.6)
Seat 5: 6ce0366b (button) folded before Flop (didn't bet)
Seat 6: 74413193 (small blind) folded before Flop


Poker Hand #HD1596373243: Hold'em No Limit ($0.02/$0.05) - 2024/01/19 22:32:35
Table 'NLHBlue89' 6-max Seat #4 is the button
Seat 1: 5ce1e7ca ($5 in chips)
Seat 2: Hero ($5.15 in chips)
Seat 3: 7d5bc8f7 ($8.23 in chips)
Seat 4: c1971350 ($1.67 in chips)
Seat 5: 6ce0366b ($4.95 in chips)
Seat 6: 74413193 ($5.88 in chips)
6ce0366b: posts small blind $0.02
74413193: posts big blind $0.05
*** HOLE CARDS ***
Dealt to 5ce1e7ca 
Dealt to Hero [2d 2s]
Dealt to 7d5bc8f7 
Dealt to c1971350 
Dealt to 6ce0366b 
Dealt to 74413193 
5ce1e7ca: folds
Hero: raises $0.08 to $0.13
7d5bc8f7: folds
c1971350: folds
6ce0366b: folds
74413193: calls $0.08
*** FLOP *** [5c 3d 4c]
74413193: bets $0.14
Hero: calls $0.14
*** TURN *** [5c 3d 4c] [As]
74413193: checks
Hero: bets $0.42
74413193: calls $0.42
*** RIVER *** [5c 3d 4c As] [5s]
74413193: checks
Hero: bets $0.47
74413193: folds
Uncalled bet ($0.47) returned to Hero
*** SHOWDOWN ***
Hero collected $1.33 from pot
*** SUMMARY ***
Total pot $1.4 | Rake $0.07 | Jackpot $0 | Bingo $0 | Fortune $0 | Tax $0
Board [5c 3d 4c As 5s]
Seat 1: 5ce1e7ca folded before Flop (didn't bet)
Seat 2: Hero won ($1.33)
Seat 3: 7d5bc8f7 folded before Flop (didn't bet)
Seat 4: c1971350 (button) folded before Flop (didn't bet)
Seat 5: 6ce0366b (small blind) folded before Flop
Seat 6: 74413193 (big blind) folded on the River


Poker Hand #HD1596373189: Hold'em No Limit ($0.02/$0.05) - 2024/01/19 22:32:06
Table 'NLHBlue89' 6-max Seat #3 is the button
Seat 1: 5ce1e7ca ($5 in chips)
Seat 2: Hero ($5.15 in chips)
Seat 3: 7d5bc8f7 ($8.23 in chips)
Seat 4: c1971350 ($1.69 in chips)
Seat 5: 6ce0366b ($5.1 in chips)
Seat 6: 74413193 ($5.72 in chips)
c1971350: posts small blind $0.02
6ce0366b: posts big blind $0.05
*** HOLE CARDS ***
Dealt to 5ce1e7ca 
Dealt to Hero [2s Qd]
Dealt to 7d5bc8f7 
Dealt to c1971350 
Dealt to 6ce0366b 
Dealt to 74413193 
74413193: raises $0.1 to $0.15
5ce1e7ca: folds
Hero: folds
7d5bc8f7: folds
c1971350: folds
6ce0366b: calls $0.1
*** FLOP *** [3s 6s Ts]
6ce0366b: checks
74413193: bets $0.16
6ce0366b: folds
Uncalled bet ($0.16) returned to 74413193
*** SHOWDOWN ***
74413193 collected $0.31 from pot
*** SUMMARY ***
Total pot $0.32 | Rake $0.01 | Jackpot $0 | Bingo $0 | Fortune $0 | Tax $0
Board [3s 6s Ts]
Seat 1: 5ce1e7ca folded before Flop (didn't bet)
Seat 2: Hero folded before Flop (didn't bet)
Seat 3: 7d5bc8f7 (button) folded before Flop (didn't bet)
Seat 4: c1971350 (small blind) folded before Flop
Seat 5: 6ce0366b (big blind) folded on the Flop
Seat 6: 74413193 won ($0.31)


Poker Hand #HD1596373045: Hold'em No Limit ($0.02/$0.05) - 2024/01/19 22:30:36
Table 'NLHBlue89' 6-max Seat #2 is the button
Seat 1: 5ce1e7ca ($5 in chips)
Seat 2: Hero ($5.15 in chips)
Seat 3: 7d5bc8f7 ($5.03 in chips)
Seat 4: c1971350 ($1.84 in chips)
Seat 5: 6ce0366b ($5.1 in chips)
Seat 6: 74413193 ($9.16 in chips)
7d5bc8f7: posts small blind $0.02
c1971350: posts big blind $0.05
*** HOLE CARDS ***
Dealt to 5ce1e7ca 
Dealt to Hero [3s Tc]
Dealt to 7d5bc8f7 
Dealt to c1971350 
Dealt to 6ce0366b 
Dealt to 74413193 
6ce0366b: folds
74413193: raises $0.1 to $0.15
5ce1e7ca: folds
Hero: folds
7d5bc8f7: calls $0.13
c1971350: calls $0.1
*** FLOP *** [6c Jh Qc]
7d5bc8f7: checks
c1971350: checks
74413193: bets $0.28
7d5bc8f7: raises $0.34 to $0.62
c1971350: folds
74413193: calls $0.34
*** TURN *** [6c Jh Qc] [4d]
7d5bc8f7: bets $1.27
74413193: calls $1.27
*** RIVER *** [6c Jh Qc 4d] [Ah]
7d5bc8f7: bets $1.4
74413193: calls $1.4
7d5bc8f7: shows [2c Ac] (Pair of Aces)
74413193: shows [Kh Ks] (Pair of Kings)
*** SHOWDOWN ***
7d5bc8f7 collected $6.64 from pot
*** SUMMARY ***
Total pot $7.03 | Rake $0.34 | Jackpot $0.05 | Bingo $0 | Fortune $0 | Tax $0
Board [6c Jh Qc 4d Ah]
Seat 1: 5ce1e7ca folded before Flop (didn't bet)
Seat 2: Hero (button) folded before Flop (didn't bet)
Seat 3: 7d5bc8f7 (small blind) showed [2c Ac] and won ($6.64) with Pair of Aces
Seat 4: c1971350 (big blind) folded on the Flop
Seat 5: 6ce0366b folded before Flop (didn't bet)
Seat 6: 74413193 showed [Kh Ks] and lost with Pair of Kings


Poker Hand #HD1596373014: Hold'em No Limit ($0.02/$0.05) - 2024/01/19 22:30:18
Table 'NLHBlue89' 6-max Seat #1 is the button
Seat 1: 5ce1e7ca ($5 in chips)
Seat 2: Hero ($5.17 in chips)
Seat 3: 7d5bc8f7 ($5.08 in chips)
Seat 4: c1971350 ($1.89 in chips)
Seat 5: 6ce0366b ($4.98 in chips)
Seat 6: 74413193 ($9.16 in chips)
Hero: posts small blind $0.02
7d5bc8f7: posts big blind $0.05
*** HOLE CARDS ***
Dealt to 5ce1e7ca 
Dealt to Hero [5c Jd]
Dealt to 7d5bc8f7 
Dealt to c1971350 
Dealt to 6ce0366b 
Dealt to 74413193 
c1971350: calls $0.05
6ce0366b: raises $0.1 to $0.15
74413193: folds
5ce1e7ca: folds
Hero: folds
7d5bc8f7: folds
c1971350: folds
Uncalled bet ($0.1) returned to 6ce0366b
*** SHOWDOWN ***
6ce0366b collected $0.17 from pot
*** SUMMARY ***
Total pot $0.17 | Rake $0 | Jackpot $0 | Bingo $0 | Fortune $0 | Tax $0
Seat 1: 5ce1e7ca (button) folded before Flop (didn't bet)
Seat 2: Hero (small blind) folded before Flop
Seat 3: 7d5bc8f7 (big blind) folded before Flop
Seat 4: c1971350 folded before Flop
Seat 5: 6ce0366b collected ($0.17)
Seat 6: 74413193 folded before Flop (didn't bet)


Poker Hand #HD1596372958: Hold'em No Limit ($0.02/$0.05) - 2024/01/19 22:29:37
Table 'NLHBlue89' 6-max Seat #6 is the button
Seat 1: 5ce1e7ca ($5 in chips)
Seat 2: Hero ($5.22 in chips)
Seat 3: 7d5bc8f7 ($5.08 in chips)
Seat 4: c1971350 ($0.96 in chips)
Seat 5: 6ce0366b ($5.11 in chips)
Seat 6: 74413193 ($10.03 in chips)
5ce1e7ca: posts small blind $0.02
Hero: posts big blind $0.05
*** HOLE CARDS ***
Dealt to 5ce1e7ca 
Dealt to Hero [9h 3d]
Dealt to 7d5bc8f7 
Dealt to c1971350 
Dealt to 6ce0366b 
Dealt to 74413193 
7d5bc8f7: folds
c1971350: raises $0.08 to $0.13
6ce0366b: calls $0.13
74413193: raises $0.35 to $0.48
5ce1e7ca: folds
Hero: folds
c1971350: calls $0.35
6ce0366b: folds
*** FLOP *** [5s 3c 7d]
c1971350: checks
74413193: checks
*** TURN *** [5s 3c 7d] [Td]
c1971350: bets $0.39
74413193: calls $0.39
*** RIVER *** [5s 3c 7d Td] [4s]
c1971350: checks
74413193: checks
c1971350: shows [As Js] (Ace-High)
74413193: shows [Kd Jd] (King-High)
*** SHOWDOWN ***
c1971350 collected $1.8 from pot
*** SUMMARY ***
Total pot $1.94 | Rake $0.09 | Jackpot $0.05 | Bingo $0 | Fortune $0 | Tax $0
Board [5s 3c 7d Td 4s]
Seat 1: 5ce1e7ca (small blind) folded before Flop
Seat 2: Hero (big blind) folded before Flop
Seat 3: 7d5bc8f7 folded before Flop (didn't bet)
Seat 4: c1971350 showed [As Js] and won ($1.8) with Ace-High
Seat 5: 6ce0366b folded before Flop
Seat 6: 74413193 (button) showed [Kd Jd] and lost with King-High


Poker Hand #HD1596372935: Hold'em No Limit ($0.02/$0.05) - 2024/01/19 22:29:24
Table 'NLHBlue89' 6-max Seat #5 is the button
Seat 1: 5ce1e7ca ($5.05 in chips)
Seat 2: Hero ($5.22 in chips)
Seat 3: 7d5bc8f7 ($5.08 in chips)
Seat 4: c1971350 ($0.96 in chips)
Seat 5: 6ce0366b ($5.04 in chips)
Seat 6: 74413193 ($10.05 in chips)
74413193: posts small blind $0.02
5ce1e7ca: posts big blind $0.05
*** HOLE CARDS ***
Dealt to 5ce1e7ca 
Dealt to Hero [7s 9s]
Dealt to 7d5bc8f7 
Dealt to c1971350 
Dealt to 6ce0366b 
Dealt to 74413193 
Hero: folds
7d5bc8f7: folds
c1971350: folds
6ce0366b: raises $0.05 to $0.1
74413193: folds
5ce1e7ca: folds
Uncalled bet ($0.05) returned to 6ce0366b
*** SHOWDOWN ***
6ce0366b collected $0.12 from pot
*** SUMMARY ***
Total pot $0.12 | Rake $0 | Jackpot $0 | Bingo $0 | Fortune $0 | Tax $0
Seat 1: 5ce1e7ca (big blind) folded before Flop
Seat 2: Hero folded before Flop (didn't bet)
Seat 3: 7d5bc8f7 folded before Flop (didn't bet)
Seat 4: c1971350 folded before Flop (didn't bet)
Seat 5: 6ce0366b (button) collected ($0.12)
Seat 6: 74413193 (small blind) folded before Flop


Poker Hand #HD1596372889: Hold'em No Limit ($0.02/$0.05) - 2024/01/19 22:28:49
Table 'NLHBlue89' 6-max Seat #4 is the button
Seat 1: 5ce1e7ca ($5.05 in chips)
Seat 2: Hero ($5.22 in chips)
Seat 3: 7d5bc8f7 ($5.08 in chips)
Seat 4: c1971350 ($0.96 in chips)
Seat 5: 6ce0366b ($4.9 in chips)
Seat 6: 74413193 ($10.2 in chips)
6ce0366b: posts small blind $0.02
74413193: posts big blind $0.05
*** HOLE CARDS ***
Dealt to 5ce1e7ca 
Dealt to Hero [3d Jc]
Dealt to 7d5bc8f7 
Dealt to c1971350 
Dealt to 6ce0366b 
Dealt to 74413193 
5ce1e7ca: folds
Hero: folds
7d5bc8f7: folds
c1971350: folds
6ce0366b: calls $0.03
74413193: checks
*** FLOP *** [As 2h 7s]
6ce0366b: bets $0.1
74413193: calls $0.1
*** TURN *** [As 2h 7s] [6c]
6ce0366b: checks
74413193: checks
*** RIVER *** [As 2h 7s 6c] [9c]
6ce0366b: checks
74413193: checks
6ce0366b: shows [7d Jd] (Pair of Sevens)
74413193: shows [4s 7h] (Pair of Sevens)
*** SHOWDOWN ***
6ce0366b collected $0.29 from pot
*** SUMMARY ***
Total pot $0.3 | Rake $0.01 | Jackpot $0 | Bingo $0 | Fortune $0 | Tax $0
Board [As 2h 7s 6c 9c]
Seat 1: 5ce1e7ca folded before Flop (didn't bet)
Seat 2: Hero folded before Flop (didn't bet)
Seat 3: 7d5bc8f7 folded before Flop (didn't bet)
Seat 4: c1971350 (button) folded before Flop (didn't bet)
Seat 5: 6ce0366b (small blind) showed [7d Jd] and won ($0.29) with Pair of Sevens
Seat 6: 74413193 (big blind) showed [4s 7h] and lost with Pair of Sevens


Poker Hand #HD1596372849: Hold'em No Limit ($0.02/$0.05) - 2024/01/19 22:28:27
Table 'NLHBlue89' 6-max Seat #3 is the button
Seat 1: 5ce1e7ca ($5.05 in chips)
Seat 2: Hero ($5.22 in chips)
Seat 3: 7d5bc8f7 ($5.08 in chips)
Seat 4: c1971350 ($0.91 in chips)
Seat 5: 6ce0366b ($4.95 in chips)
Seat 6: 74413193 ($10.2 in chips)
c1971350: posts small blind $0.02
6ce0366b: posts big blind $0.05
*** HOLE CARDS ***
Dealt to 5ce1e7ca 
Dealt to Hero [Jh 5s]
Dealt to 7d5bc8f7 
Dealt to c1971350 
Dealt to 6ce0366b 
Dealt to 74413193 
74413193: folds
5ce1e7ca: folds
Hero: folds
7d5bc8f7: folds
c1971350: raises $0.15 to $0.2
6ce0366b: folds
Uncalled bet ($0.15) returned to c1971350
*** SHOWDOWN ***
c1971350 collected $0.1 from pot
*** SUMMARY ***
Total pot $0.1 | Rake $0 | Jackpot $0 | Bingo $0 | Fortune $0 | Tax $0
Seat 1: 5ce1e7ca folded before Flop (didn't bet)
Seat 2: Hero folded before Flop (didn't bet)
Seat 3: 7d5bc8f7 (button) folded before Flop (didn't bet)
Seat 4: c1971350 (small blind) collected ($0.1)
Seat 5: 6ce0366b (big blind) folded before Flop
Seat 6: 74413193 folded before Flop (didn't bet)


Poker Hand #HD1596372822: Hold'em No Limit ($0.02/$0.05) - 2024/01/19 22:28:09
Table 'NLHBlue89' 6-max Seat #2 is the button
Seat 1: 5ce1e7ca ($5.05 in chips)
Seat 2: Hero ($5.22 in chips)
Seat 3: 7d5bc8f7 ($5.1 in chips)
Seat 4: c1971350 ($0.96 in chips)
Seat 5: 6ce0366b ($4.95 in chips)
Seat 6: 74413193 ($10.13 in chips)
7d5bc8f7: posts small blind $0.02
c1971350: posts big blind $0.05
*** HOLE CARDS ***
Dealt to 5ce1e7ca 
Dealt to Hero [6d 9s]
Dealt to 7d5bc8f7 
Dealt to c1971350 
Dealt to 6ce0366b 
Dealt to 74413193 
6ce0366b: folds
74413193: raises $0.1 to $0.15
5ce1e7ca: folds
Hero: folds
7d5bc8f7: folds
c1971350: folds
Uncalled bet ($0.1) returned to 74413193
*** SHOWDOWN ***
74413193 collected $0.12 from pot
*** SUMMARY ***
Total pot $0.12 | Rake $0 | Jackpot $0 | Bingo $0 | Fortune $0 | Tax $0
Seat 1: 5ce1e7ca folded before Flop (didn't bet)
Seat 2: Hero (button) folded before Flop (didn't bet)
Seat 3: 7d5bc8f7 (small blind) folded before Flop
Seat 4: c1971350 (big blind) folded before Flop
Seat 5: 6ce0366b folded before Flop (didn't bet)
Seat 6: 74413193 collected ($0.12)


Poker Hand #HD1596372804: Hold'em No Limit ($0.02/$0.05) - 2024/01/19 22:27:56
Table 'NLHBlue89' 6-max Seat #1 is the button
Seat 1: 5ce1e7ca ($5.05 in chips)
Seat 2: Hero ($5.17 in chips)
Seat 3: 7d5bc8f7 ($5.15 in chips)
Seat 4: c1971350 ($0.96 in chips)
Seat 5: 6ce0366b ($4.95 in chips)
Seat 6: 74413193 ($10.13 in chips)
Hero: posts small blind $0.02
7d5bc8f7: posts big blind $0.05
*** HOLE CARDS ***
Dealt to 5ce1e7ca 
Dealt to Hero [Qs Ad]
Dealt to 7d5bc8f7 
Dealt to c1971350 
Dealt to 6ce0366b 
Dealt to 74413193 
c1971350: folds
6ce0366b: folds
74413193: folds
5ce1e7ca: folds
Hero: raises $0.1 to $0.15
7d5bc8f7: folds
Uncalled bet ($0.1) returned to Hero
*** SHOWDOWN ***
Hero collected $0.1 from pot
*** SUMMARY ***
Total pot $0.1 | Rake $0 | Jackpot $0 | Bingo $0 | Fortune $0 | Tax $0
Seat 1: 5ce1e7ca (button) folded before Flop (didn't bet)
Seat 2: Hero (small blind) collected ($0.1)
Seat 3: 7d5bc8f7 (big blind) folded before Flop
Seat 4: c1971350 folded before Flop (didn't bet)
Seat 5: 6ce0366b folded before Flop (didn't bet)
Seat 6: 74413193 folded before Flop (didn't bet)


Poker Hand #HD1596372780: Hold'em No Limit ($0.02/$0.05) - 2024/01/19 22:27:39
Table 'NLHBlue89' 6-max Seat #6 is the button
Seat 1: 5ce1e7ca ($5.07 in chips)
Seat 2: Hero ($5.22 in chips)
Seat 3: 7d5bc8f7 ($5.15 in chips)
Seat 4: c1971350 ($0.84 in chips)
Seat 5: 6ce0366b ($5 in chips)
Seat 6: 74413193 ($10.13 in chips)
5ce1e7ca: posts small blind $0.02
Hero: posts big blind $0.05
6ce0366b: posts big blind $0.05
*** HOLE CARDS ***
Dealt to 5ce1e7ca 
Dealt to Hero [2c 8d]
Dealt to 7d5bc8f7 
Dealt to c1971350 
Dealt to 6ce0366b 
Dealt to 74413193 
7d5bc8f7: folds
c1971350: raises $0.15 to $0.2
6ce0366b: folds
74413193: folds
5ce1e7ca: folds
Hero: folds
Uncalled bet ($0.15) returned to c1971350
*** SHOWDOWN ***
c1971350 collected $0.17 from pot
*** SUMMARY ***
Total pot $0.17 | Rake $0 | Jackpot $0 | Bingo $0 | Fortune $0 | Tax $0
Seat 1: 5ce1e7ca (small blind) folded before Flop
Seat 2: Hero (big blind) folded before Flop
Seat 3: 7d5bc8f7 folded before Flop (didn't bet)
Seat 4: c1971350 collected ($0.17)
Seat 5: 6ce0366b folded before Flop
Seat 6: 74413193 (button) folded before Flop (didn't bet)


Poker Hand #HD1596372746: Hold'em No Limit ($0.02/$0.05) - 2024/01/19 22:27:21
Table 'NLHBlue89' 6-max Seat #4 is the button
Seat 1: 5ce1e7ca ($5.12 in chips)
Seat 2: Hero ($5.15 in chips)
Seat 3: 7d5bc8f7 ($5.15 in chips)
Seat 4: c1971350 ($0.84 in chips)
Seat 6: 74413193 ($10.15 in chips)
74413193: posts small blind $0.02
5ce1e7ca: posts big blind $0.05
*** HOLE CARDS ***
Dealt to 5ce1e7ca 
Dealt to Hero [6h 7h]
Dealt to 7d5bc8f7 
Dealt to c1971350 
Dealt to 74413193 
Hero: raises $0.08 to $0.13
7d5bc8f7: folds
c1971350: folds
74413193: folds
5ce1e7ca: folds
Uncalled bet ($0.08) returned to Hero
*** SHOWDOWN ***
Hero collected $0.12 from pot
*** SUMMARY ***
Total pot $0.12 | Rake $0 | Jackpot $0 | Bingo $0 | Fortune $0 | Tax $0
Seat 1: 5ce1e7ca (big blind) folded before Flop
Seat 2: Hero collected ($0.12)
Seat 3: 7d5bc8f7 folded before Flop (didn't bet)
Seat 4: c1971350 (button) folded before Flop (didn't bet)
Seat 6: 74413193 (small blind) folded before Flop


Poker Hand #HD1596372708: Hold'em No Limit ($0.02/$0.05) - 2024/01/19 22:26:55
Table 'NLHBlue89' 6-max Seat #3 is the button
Seat 1: 5ce1e7ca ($5.12 in chips)
Seat 2: Hero ($5 in chips)
Seat 3: 7d5bc8f7 ($5.15 in chips)
Seat 4: c1971350 ($0.86 in chips)
Seat 6: 74413193 ($10.29 in chips)
c1971350: posts small blind $0.02
74413193: posts big blind $0.05
Hero: posts big blind $0.05
*** HOLE CARDS ***
Dealt to 5ce1e7ca 
Dealt to Hero [8c 9s]
Dealt to 7d5bc8f7 
Dealt to c1971350 
Dealt to 74413193 
5ce1e7ca: folds
Hero: checks
7d5bc8f7: folds
c1971350: folds
74413193: checks
*** FLOP *** [7c 5d 6c]
74413193: bets $0.09
Hero: raises $0.23 to $0.32
74413193: folds
Uncalled bet ($0.23) returned to Hero
*** SHOWDOWN ***
Hero collected $0.29 from pot
*** SUMMARY ***
Total pot $0.3 | Rake $0.01 | Jackpot $0 | Bingo $0 | Fortune $0 | Tax $0
Board [7c 5d 6c]
Seat 1: 5ce1e7ca folded before Flop (didn't bet)
Seat 2: Hero won ($0.29)
Seat 3: 7d5bc8f7 (button) folded before Flop (didn't bet)
Seat 4: c1971350 (small blind) folded before Flop
Seat 6: 74413193 (big blind) folded on the Flop


