Poker Hand #HD1195178970: Hold'em No Limit  ($0.02/$0.05) - 2023/04/08 19:58:07
Table 'NLHBlue29' 6-max Seat #4 is the button
Seat 1: Hero ($5.1 in chips)
Seat 2: 67265abe ($5.24 in chips)
Seat 3: db0d3934 ($5.14 in chips)
Seat 4: 2f50ae7e ($7.37 in chips)
Seat 5: 92ffd3cd ($6.42 in chips)
Seat 6: 34c1322f ($5.09 in chips)
92ffd3cd: posts small blind $0.02
34c1322f: posts big blind $0.05
*** HOLE CARDS ***
Dealt to Hero [4h 7c]
Dealt to 67265abe 
Dealt to db0d3934 
Dealt to 2f50ae7e 
Dealt to 92ffd3cd 
Dealt to 34c1322f 
Hero: folds
67265abe: folds
db0d3934: folds
2f50ae7e: raises $0.08 to $0.13
92ffd3cd: folds
34c1322f: folds
Uncalled bet ($0.08) returned to 2f50ae7e
*** SHOWDOWN ***
2f50ae7e collected $0.12 from pot
*** SUMMARY ***
Total pot $0.12 | Rake $0 | Jackpot $0 | Bingo $0 | Fortune $0
Seat 1: Hero folded before Flop (didn't bet)
Seat 2: 67265abe folded before Flop (didn't bet)
Seat 3: db0d3934 folded before Flop (didn't bet)
Seat 4: 2f50ae7e (button) collected ($0.12)
Seat 5: 92ffd3cd (small blind) folded before Flop
Seat 6: 34c1322f (big blind) folded before Flop


Poker Hand #HD1195178875: Hold'em No Limit  ($0.02/$0.05) - 2023/04/08 19:57:14
Table 'NLHBlue29' 6-max Seat #3 is the button
Seat 1: Hero ($5.1 in chips)
Seat 2: 67265abe ($5.24 in chips)
Seat 3: db0d3934 ($5.14 in chips)
Seat 4: 2f50ae7e ($7.39 in chips)
Seat 5: 92ffd3cd ($6.47 in chips)
Seat 6: 34c1322f ($5.02 in chips)
2f50ae7e: posts small blind $0.02
92ffd3cd: posts big blind $0.05
*** HOLE CARDS ***
Dealt to Hero [4d Ad]
Dealt to 67265abe 
Dealt to db0d3934 
Dealt to 2f50ae7e 
Dealt to 92ffd3cd 
Dealt to 34c1322f 
34c1322f: raises $0.08 to $0.13
Hero: folds
67265abe: folds
db0d3934: folds
2f50ae7e: folds
92ffd3cd: folds
Uncalled bet ($0.08) returned to 34c1322f
*** SHOWDOWN ***
34c1322f collected $0.12 from pot
*** SUMMARY ***
Total pot $0.12 | Rake $0 | Jackpot $0 | Bingo $0 | Fortune $0
Seat 1: Hero folded before Flop (didn't bet)
Seat 2: 67265abe folded before Flop (didn't bet)
Seat 3: db0d3934 (button) folded before Flop (didn't bet)
Seat 4: 2f50ae7e (small blind) folded before Flop
Seat 5: 92ffd3cd (big blind) folded before Flop
Seat 6: 34c1322f collected ($0.12)


Poker Hand #HD1195178815: Hold'em No Limit  ($0.02/$0.05) - 2023/04/08 19:56:34
Table 'NLHBlue29' 6-max Seat #2 is the button
Seat 1: Hero ($5.1 in chips)
Seat 2: 67265abe ($5.17 in chips)
Seat 3: db0d3934 ($5.16 in chips)
Seat 4: 2f50ae7e ($7.44 in chips)
Seat 5: 92ffd3cd ($6.47 in chips)
Seat 6: 34c1322f ($5.02 in chips)
db0d3934: posts small blind $0.02
2f50ae7e: posts big blind $0.05
*** HOLE CARDS ***
Dealt to Hero [3c Ah]
Dealt to 67265abe 
Dealt to db0d3934 
Dealt to 2f50ae7e 
Dealt to 92ffd3cd 
Dealt to 34c1322f 
92ffd3cd: folds
34c1322f: folds
Hero: folds
67265abe: raises $0.07 to $0.12
db0d3934: folds
2f50ae7e: folds
Uncalled bet ($0.07) returned to 67265abe
*** SHOWDOWN ***
67265abe collected $0.12 from pot
*** SUMMARY ***
Total pot $0.12 | Rake $0 | Jackpot $0 | Bingo $0 | Fortune $0
Seat 1: Hero folded before Flop (didn't bet)
Seat 2: 67265abe (button) collected ($0.12)
Seat 3: db0d3934 (small blind) folded before Flop
Seat 4: 2f50ae7e (big blind) folded before Flop
Seat 5: 92ffd3cd folded before Flop (didn't bet)
Seat 6: 34c1322f folded before Flop (didn't bet)


Poker Hand #HD1195178749: Hold'em No Limit  ($0.02/$0.05) - 2023/04/08 19:55:50
Table 'NLHBlue29' 6-max Seat #1 is the button
Seat 1: Hero ($5.1 in chips)
Seat 2: 67265abe ($5.19 in chips)
Seat 3: db0d3934 ($5.21 in chips)
Seat 4: 2f50ae7e ($7.44 in chips)
Seat 5: 92ffd3cd ($6.4 in chips)
Seat 6: 34c1322f ($5.02 in chips)
67265abe: posts small blind $0.02
db0d3934: posts big blind $0.05
*** HOLE CARDS ***
Dealt to Hero [8s 9c]
Dealt to 67265abe 
Dealt to db0d3934 
Dealt to 2f50ae7e 
Dealt to 92ffd3cd 
Dealt to 34c1322f 
2f50ae7e: folds
92ffd3cd: raises $0.1 to $0.15
34c1322f: folds
Hero: folds
67265abe: folds
db0d3934: folds
Uncalled bet ($0.1) returned to 92ffd3cd
*** SHOWDOWN ***
92ffd3cd collected $0.12 from pot
*** SUMMARY ***
Total pot $0.12 | Rake $0 | Jackpot $0 | Bingo $0 | Fortune $0
Seat 1: Hero (button) folded before Flop (didn't bet)
Seat 2: 67265abe (small blind) folded before Flop
Seat 3: db0d3934 (big blind) folded before Flop
Seat 4: 2f50ae7e folded before Flop (didn't bet)
Seat 5: 92ffd3cd collected ($0.12)
Seat 6: 34c1322f folded before Flop (didn't bet)


Poker Hand #HD1195178704: Hold'em No Limit  ($0.02/$0.05) - 2023/04/08 19:55:18
Table 'NLHBlue29' 6-max Seat #6 is the button
Seat 1: Hero ($5.12 in chips)
Seat 2: 67265abe ($5.24 in chips)
Seat 3: db0d3934 ($5.21 in chips)
Seat 4: 2f50ae7e ($7.44 in chips)
Seat 5: 92ffd3cd ($6.33 in chips)
Seat 6: 34c1322f ($5.02 in chips)
Hero: posts small blind $0.02
67265abe: posts big blind $0.05
*** HOLE CARDS ***
Dealt to Hero [9d Js]
Dealt to 67265abe 
Dealt to db0d3934 
Dealt to 2f50ae7e 
Dealt to 92ffd3cd 
Dealt to 34c1322f 
db0d3934: folds
2f50ae7e: folds
92ffd3cd: raises $0.1 to $0.15
34c1322f: folds
Hero: folds
67265abe: folds
Uncalled bet ($0.1) returned to 92ffd3cd
*** SHOWDOWN ***
92ffd3cd collected $0.12 from pot
*** SUMMARY ***
Total pot $0.12 | Rake $0 | Jackpot $0 | Bingo $0 | Fortune $0
Seat 1: Hero (small blind) folded before Flop
Seat 2: 67265abe (big blind) folded before Flop
Seat 3: db0d3934 folded before Flop (didn't bet)
Seat 4: 2f50ae7e folded before Flop (didn't bet)
Seat 5: 92ffd3cd collected ($0.12)
Seat 6: 34c1322f (button) folded before Flop (didn't bet)


Poker Hand #HD1195178657: Hold'em No Limit  ($0.02/$0.05) - 2023/04/08 19:54:49
Table 'NLHBlue29' 6-max Seat #5 is the button
Seat 1: Hero ($5.1 in chips)
Seat 2: 67265abe ($5.24 in chips)
Seat 3: db0d3934 ($5.21 in chips)
Seat 4: 2f50ae7e ($7.44 in chips)
Seat 5: 92ffd3cd ($6.33 in chips)
Seat 6: 34c1322f ($5 in chips)
34c1322f: posts small blind $0.02
Hero: posts big blind $0.05
*** HOLE CARDS ***
Dealt to Hero [Qh Jd]
Dealt to 67265abe 
Dealt to db0d3934 
Dealt to 2f50ae7e 
Dealt to 92ffd3cd 
Dealt to 34c1322f 
67265abe: folds
db0d3934: folds
2f50ae7e: folds
92ffd3cd: folds
34c1322f: folds
Uncalled bet ($0.03) returned to Hero
*** SHOWDOWN ***
Hero collected $0.04 from pot
*** SUMMARY ***
Total pot $0.04 | Rake $0 | Jackpot $0 | Bingo $0 | Fortune $0
Seat 1: Hero (big blind) collected ($0.04)
Seat 2: 67265abe folded before Flop (didn't bet)
Seat 3: db0d3934 folded before Flop (didn't bet)
Seat 4: 2f50ae7e folded before Flop (didn't bet)
Seat 5: 92ffd3cd (button) folded before Flop (didn't bet)
Seat 6: 34c1322f (small blind) folded before Flop


Poker Hand #HD1195178591: Hold'em No Limit  ($0.02/$0.05) - 2023/04/08 19:54:08
Table 'NLHBlue29' 6-max Seat #4 is the button
Seat 1: Hero ($5.1 in chips)
Seat 2: 67265abe ($5.24 in chips)
Seat 3: db0d3934 ($5.21 in chips)
Seat 4: 2f50ae7e ($7.44 in chips)
Seat 5: 92ffd3cd ($6.28 in chips)
Seat 6: 34c1322f ($5 in chips)
92ffd3cd: posts small blind $0.02
34c1322f: posts big blind $0.05
*** HOLE CARDS ***
Dealt to Hero [Kd 8s]
Dealt to 67265abe 
Dealt to db0d3934 
Dealt to 2f50ae7e 
Dealt to 92ffd3cd 
Dealt to 34c1322f 
Hero: folds
67265abe: folds
db0d3934: folds
2f50ae7e: folds
92ffd3cd: raises $0.1 to $0.15
34c1322f: folds
Uncalled bet ($0.1) returned to 92ffd3cd
*** SHOWDOWN ***
92ffd3cd collected $0.1 from pot
*** SUMMARY ***
Total pot $0.1 | Rake $0 | Jackpot $0 | Bingo $0 | Fortune $0
Seat 1: Hero folded before Flop (didn't bet)
Seat 2: 67265abe folded before Flop (didn't bet)
Seat 3: db0d3934 folded before Flop (didn't bet)
Seat 4: 2f50ae7e (button) folded before Flop (didn't bet)
Seat 5: 92ffd3cd (small blind) collected ($0.1)
Seat 6: 34c1322f (big blind) folded before Flop


Poker Hand #HD1195178538: Hold'em No Limit  ($0.02/$0.05) - 2023/04/08 19:53:39
Table 'NLHBlue29' 6-max Seat #3 is the button
Seat 1: Hero ($5.03 in chips)
Seat 2: 67265abe ($5.24 in chips)
Seat 3: db0d3934 ($5.21 in chips)
Seat 4: 2f50ae7e ($7.46 in chips)
Seat 5: 92ffd3cd ($6.33 in chips)
Seat 6: 34c1322f ($5 in chips)
2f50ae7e: posts small blind $0.02
92ffd3cd: posts big blind $0.05
*** HOLE CARDS ***
Dealt to Hero [As Ad]
Dealt to 67265abe 
Dealt to db0d3934 
Dealt to 2f50ae7e 
Dealt to 92ffd3cd 
Dealt to 34c1322f 
34c1322f: folds
Hero: raises $0.07 to $0.12
67265abe: folds
db0d3934: folds
2f50ae7e: folds
92ffd3cd: folds
Uncalled bet ($0.07) returned to Hero
*** SHOWDOWN ***
Hero collected $0.12 from pot
*** SUMMARY ***
Total pot $0.12 | Rake $0 | Jackpot $0 | Bingo $0 | Fortune $0
Seat 1: Hero collected ($0.12)
Seat 2: 67265abe folded before Flop (didn't bet)
Seat 3: db0d3934 (button) folded before Flop (didn't bet)
Seat 4: 2f50ae7e (small blind) folded before Flop
Seat 5: 92ffd3cd (big blind) folded before Flop
Seat 6: 34c1322f folded before Flop (didn't bet)


Poker Hand #HD1195178506: Hold'em No Limit  ($0.02/$0.05) - 2023/04/08 19:53:15
Table 'NLHBlue29' 6-max Seat #2 is the button
Seat 1: Hero ($5.03 in chips)
Seat 2: 67265abe ($5.17 in chips)
Seat 3: db0d3934 ($5.23 in chips)
Seat 4: 2f50ae7e ($7.51 in chips)
Seat 5: 92ffd3cd ($6.33 in chips)
Seat 6: 34c1322f ($5 in chips)
db0d3934: posts small blind $0.02
2f50ae7e: posts big blind $0.05
*** HOLE CARDS ***
Dealt to Hero [2c 4s]
Dealt to 67265abe 
Dealt to db0d3934 
Dealt to 2f50ae7e 
Dealt to 92ffd3cd 
Dealt to 34c1322f 
92ffd3cd: folds
34c1322f: folds
Hero: folds
67265abe: raises $0.07 to $0.12
db0d3934: folds
2f50ae7e: folds
Uncalled bet ($0.07) returned to 67265abe
*** SHOWDOWN ***
67265abe collected $0.12 from pot
*** SUMMARY ***
Total pot $0.12 | Rake $0 | Jackpot $0 | Bingo $0 | Fortune $0
Seat 1: Hero folded before Flop (didn't bet)
Seat 2: 67265abe (button) collected ($0.12)
Seat 3: db0d3934 (small blind) folded before Flop
Seat 4: 2f50ae7e (big blind) folded before Flop
Seat 5: 92ffd3cd folded before Flop (didn't bet)
Seat 6: 34c1322f folded before Flop (didn't bet)


Poker Hand #HD1195178463: Hold'em No Limit  ($0.02/$0.05) - 2023/04/08 19:52:54
Table 'NLHBlue29' 6-max Seat #1 is the button
Seat 1: Hero ($5.03 in chips)
Seat 2: 67265abe ($5.19 in chips)
Seat 3: db0d3934 ($5.21 in chips)
Seat 4: 2f50ae7e ($7.51 in chips)
Seat 5: 92ffd3cd ($6.33 in chips)
Seat 6: 34c1322f ($5 in chips)
67265abe: posts small blind $0.02
db0d3934: posts big blind $0.05
*** HOLE CARDS ***
Dealt to Hero [4h Jc]
Dealt to 67265abe 
Dealt to db0d3934 
Dealt to 2f50ae7e 
Dealt to 92ffd3cd 
Dealt to 34c1322f 
2f50ae7e: folds
92ffd3cd: folds
34c1322f: folds
Hero: folds
67265abe: folds
Uncalled bet ($0.03) returned to db0d3934
*** SHOWDOWN ***
db0d3934 collected $0.04 from pot
*** SUMMARY ***
Total pot $0.04 | Rake $0 | Jackpot $0 | Bingo $0 | Fortune $0
Seat 1: Hero (button) folded before Flop (didn't bet)
Seat 2: 67265abe (small blind) folded before Flop
Seat 3: db0d3934 (big blind) collected ($0.04)
Seat 4: 2f50ae7e folded before Flop (didn't bet)
Seat 5: 92ffd3cd folded before Flop (didn't bet)
Seat 6: 34c1322f folded before Flop (didn't bet)


Poker Hand #HD1195178376: Hold'em No Limit  ($0.02/$0.05) - 2023/04/08 19:52:04
Table 'NLHBlue29' 6-max Seat #6 is the button
Seat 1: Hero ($5.05 in chips)
Seat 2: 67265abe ($5.34 in chips)
Seat 3: db0d3934 ($5.05 in chips)
Seat 4: 2f50ae7e ($7.51 in chips)
Seat 5: 92ffd3cd ($6.33 in chips)
Seat 6: 34c1322f ($5 in chips)
Hero: posts small blind $0.02
67265abe: posts big blind $0.05
*** HOLE CARDS ***
Dealt to Hero [6h 2d]
Dealt to 67265abe 
Dealt to db0d3934 
Dealt to 2f50ae7e 
Dealt to 92ffd3cd 
Dealt to 34c1322f 
db0d3934: raises $0.1 to $0.15
2f50ae7e: folds
92ffd3cd: folds
34c1322f: folds
Hero: folds
67265abe: calls $0.1
*** FLOP *** [3s Qs Js]
67265abe: checks
db0d3934: bets $0.16
67265abe: folds
Uncalled bet ($0.16) returned to db0d3934
*** SHOWDOWN ***
db0d3934 collected $0.31 from pot
*** SUMMARY ***
Total pot $0.32 | Rake $0.01 | Jackpot $0 | Bingo $0 | Fortune $0
Board [3s Qs Js]
Seat 1: Hero (small blind) folded before Flop
Seat 2: 67265abe (big blind) folded on the Flop
Seat 3: db0d3934 won ($0.31)
Seat 4: 2f50ae7e folded before Flop (didn't bet)
Seat 5: 92ffd3cd folded before Flop (didn't bet)
Seat 6: 34c1322f (button) folded before Flop (didn't bet)


Poker Hand #HD1195178327: Hold'em No Limit  ($0.02/$0.05) - 2023/04/08 19:51:38
Table 'NLHBlue29' 6-max Seat #5 is the button
Seat 1: Hero ($5.03 in chips)
Seat 2: 67265abe ($5.34 in chips)
Seat 3: db0d3934 ($5.05 in chips)
Seat 4: 2f50ae7e ($7.51 in chips)
Seat 5: 92ffd3cd ($6.33 in chips)
Seat 6: 34c1322f ($5 in chips)
34c1322f: posts small blind $0.02
Hero: posts big blind $0.05
*** HOLE CARDS ***
Dealt to Hero [7c Jh]
Dealt to 67265abe 
Dealt to db0d3934 
Dealt to 2f50ae7e 
Dealt to 92ffd3cd 
Dealt to 34c1322f 
67265abe: folds
db0d3934: folds
2f50ae7e: folds
92ffd3cd: folds
34c1322f: folds
Uncalled bet ($0.03) returned to Hero
*** SHOWDOWN ***
Hero collected $0.04 from pot
*** SUMMARY ***
Total pot $0.04 | Rake $0 | Jackpot $0 | Bingo $0 | Fortune $0
Seat 1: Hero (big blind) collected ($0.04)
Seat 2: 67265abe folded before Flop (didn't bet)
Seat 3: db0d3934 folded before Flop (didn't bet)
Seat 4: 2f50ae7e folded before Flop (didn't bet)
Seat 5: 92ffd3cd (button) folded before Flop (didn't bet)
Seat 6: 34c1322f (small blind) folded before Flop


Poker Hand #HD1195178294: Hold'em No Limit  ($0.02/$0.05) - 2023/04/08 19:51:19
Table 'NLHBlue29' 6-max Seat #4 is the button
Seat 1: Hero ($5.03 in chips)
Seat 2: 67265abe ($5.34 in chips)
Seat 3: db0d3934 ($5.05 in chips)
Seat 4: 2f50ae7e ($7.44 in chips)
Seat 5: 92ffd3cd ($6.35 in chips)
Seat 6: 34c1322f ($5 in chips)
92ffd3cd: posts small blind $0.02
34c1322f: posts big blind $0.05
*** HOLE CARDS ***
Dealt to Hero [5c Qh]
Dealt to 67265abe 
Dealt to db0d3934 
Dealt to 2f50ae7e 
Dealt to 92ffd3cd 
Dealt to 34c1322f 
Hero: folds
67265abe: folds
db0d3934: folds
2f50ae7e: raises $0.08 to $0.13
92ffd3cd: folds
34c1322f: folds
Uncalled bet ($0.08) returned to 2f50ae7e
*** SHOWDOWN ***
2f50ae7e collected $0.12 from pot
*** SUMMARY ***
Total pot $0.12 | Rake $0 | Jackpot $0 | Bingo $0 | Fortune $0
Seat 1: Hero folded before Flop (didn't bet)
Seat 2: 67265abe folded before Flop (didn't bet)
Seat 3: db0d3934 folded before Flop (didn't bet)
Seat 4: 2f50ae7e (button) collected ($0.12)
Seat 5: 92ffd3cd (small blind) folded before Flop
Seat 6: 34c1322f (big blind) folded before Flop


Poker Hand #HD1195178226: Hold'em No Limit  ($0.02/$0.05) - 2023/04/08 19:50:40
Table 'NLHBlue29' 6-max Seat #3 is the button
Seat 1: Hero ($5.15 in chips)
Seat 2: 67265abe ($5.34 in chips)
Seat 3: db0d3934 ($5.05 in chips)
Seat 4: 2f50ae7e ($7.28 in chips)
Seat 5: 92ffd3cd ($6.4 in chips)
2f50ae7e: posts small blind $0.02
92ffd3cd: posts big blind $0.05
*** HOLE CARDS ***
Dealt to Hero [Th Ac]
Dealt to 67265abe 
Dealt to db0d3934 
Dealt to 2f50ae7e 
Dealt to 92ffd3cd 
Hero: raises $0.07 to $0.12
67265abe: folds
db0d3934: folds
2f50ae7e: raises $0.48 to $0.6
92ffd3cd: folds
Hero: folds
Uncalled bet ($0.48) returned to 2f50ae7e
*** SHOWDOWN ***
2f50ae7e collected $0.28 from pot
*** SUMMARY ***
Total pot $0.29 | Rake $0.01 | Jackpot $0 | Bingo $0 | Fortune $0
Seat 1: Hero folded before Flop
Seat 2: 67265abe folded before Flop (didn't bet)
Seat 3: db0d3934 (button) folded before Flop (didn't bet)
Seat 4: 2f50ae7e (small blind) collected ($0.28)
Seat 5: 92ffd3cd (big blind) folded before Flop


Poker Hand #HD1195178189: Hold'em No Limit  ($0.02/$0.05) - 2023/04/08 19:50:13
Table 'NLHBlue29' 6-max Seat #2 is the button
Seat 1: Hero ($5.15 in chips)
Seat 2: 67265abe ($5.34 in chips)
Seat 3: db0d3934 ($5 in chips)
Seat 4: 2f50ae7e ($7.33 in chips)
Seat 5: 92ffd3cd ($6.4 in chips)
db0d3934: posts small blind $0.02
2f50ae7e: posts big blind $0.05
*** HOLE CARDS ***
Dealt to Hero [Tc 7s]
Dealt to 67265abe 
Dealt to db0d3934 
Dealt to 2f50ae7e 
Dealt to 92ffd3cd 
92ffd3cd: folds
Hero: folds
67265abe: folds
db0d3934: raises $0.1 to $0.15
2f50ae7e: folds
Uncalled bet ($0.1) returned to db0d3934
*** SHOWDOWN ***
db0d3934 collected $0.1 from pot
*** SUMMARY ***
Total pot $0.1 | Rake $0 | Jackpot $0 | Bingo $0 | Fortune $0
Seat 1: Hero folded before Flop (didn't bet)
Seat 2: 67265abe (button) folded before Flop (didn't bet)
Seat 3: db0d3934 (small blind) collected ($0.1)
Seat 4: 2f50ae7e (big blind) folded before Flop
Seat 5: 92ffd3cd folded before Flop (didn't bet)


Poker Hand #HD1195178142: Hold'em No Limit  ($0.02/$0.05) - 2023/04/08 19:49:48
Table 'NLHBlue29' 6-max Seat #1 is the button
Seat 1: Hero ($5.15 in chips)
Seat 2: 67265abe ($5.29 in chips)
Seat 3: db0d3934 ($5 in chips)
Seat 4: 2f50ae7e ($7.33 in chips)
Seat 5: 92ffd3cd ($6.4 in chips)
67265abe: posts small blind $0.02
db0d3934: posts big blind $0.05
*** HOLE CARDS ***
Dealt to Hero [7h Kc]
Dealt to 67265abe 
Dealt to db0d3934 
Dealt to 2f50ae7e 
Dealt to 92ffd3cd 
2f50ae7e: folds
92ffd3cd: folds
Hero: folds
67265abe: raises $0.11 to $0.16
db0d3934: folds
Uncalled bet ($0.11) returned to 67265abe
*** SHOWDOWN ***
67265abe collected $0.1 from pot
*** SUMMARY ***
Total pot $0.1 | Rake $0 | Jackpot $0 | Bingo $0 | Fortune $0
Seat 1: Hero (button) folded before Flop (didn't bet)
Seat 2: 67265abe (small blind) collected ($0.1)
Seat 3: db0d3934 (big blind) folded before Flop
Seat 4: 2f50ae7e folded before Flop (didn't bet)
Seat 5: 92ffd3cd folded before Flop (didn't bet)


Poker Hand #HD1195178110: Hold'em No Limit  ($0.02/$0.05) - 2023/04/08 19:49:31
Table 'NLHBlue29' 6-max Seat #5 is the button
Seat 1: Hero ($5.17 in chips)
Seat 2: 67265abe ($5.27 in chips)
Seat 3: db0d3934 ($5 in chips)
Seat 4: 2f50ae7e ($7.33 in chips)
Seat 5: 92ffd3cd ($6.4 in chips)
Hero: posts small blind $0.02
67265abe: posts big blind $0.05
*** HOLE CARDS ***
Dealt to Hero [2h Jc]
Dealt to 67265abe 
Dealt to db0d3934 
Dealt to 2f50ae7e 
Dealt to 92ffd3cd 
db0d3934: folds
2f50ae7e: folds
92ffd3cd: folds
Hero: folds
Uncalled bet ($0.03) returned to 67265abe
*** SHOWDOWN ***
67265abe collected $0.04 from pot
*** SUMMARY ***
Total pot $0.04 | Rake $0 | Jackpot $0 | Bingo $0 | Fortune $0
Seat 1: Hero (small blind) folded before Flop
Seat 2: 67265abe (big blind) collected ($0.04)
Seat 3: db0d3934 folded before Flop (didn't bet)
Seat 4: 2f50ae7e folded before Flop (didn't bet)
Seat 5: 92ffd3cd (button) folded before Flop (didn't bet)


Poker Hand #HD1195178052: Hold'em No Limit  ($0.02/$0.05) - 2023/04/08 19:48:54
Table 'NLHBlue29' 6-max Seat #4 is the button
Seat 1: Hero ($5.22 in chips)
Seat 2: 67265abe ($5.2 in chips)
Seat 3: db0d3934 ($5 in chips)
Seat 4: 2f50ae7e ($7.33 in chips)
Seat 5: 92ffd3cd ($6.42 in chips)
92ffd3cd: posts small blind $0.02
Hero: posts big blind $0.05
*** HOLE CARDS ***
Dealt to Hero [9h Qd]
Dealt to 67265abe 
Dealt to db0d3934 
Dealt to 2f50ae7e 
Dealt to 92ffd3cd 
67265abe: raises $0.07 to $0.12
db0d3934: folds
2f50ae7e: folds
92ffd3cd: folds
Hero: folds
Uncalled bet ($0.07) returned to 67265abe
*** SHOWDOWN ***
67265abe collected $0.12 from pot
*** SUMMARY ***
Total pot $0.12 | Rake $0 | Jackpot $0 | Bingo $0 | Fortune $0
Seat 1: Hero (big blind) folded before Flop
Seat 2: 67265abe collected ($0.12)
Seat 3: db0d3934 folded before Flop (didn't bet)
Seat 4: 2f50ae7e (button) folded before Flop (didn't bet)
Seat 5: 92ffd3cd (small blind) folded before Flop


Poker Hand #HD1195178004: Hold'em No Limit  ($0.02/$0.05) - 2023/04/08 19:48:27
Table 'NLHBlue29' 6-max Seat #3 is the button
Seat 1: Hero ($5.22 in chips)
Seat 2: 67265abe ($5.13 in chips)
Seat 3: db0d3934 ($5 in chips)
Seat 4: 2f50ae7e ($7.35 in chips)
Seat 5: 92ffd3cd ($6.47 in chips)
Seat 6: ae80a4b2 ($6.01 in chips)
2f50ae7e: posts small blind $0.02
92ffd3cd: posts big blind $0.05
*** HOLE CARDS ***
Dealt to Hero [8s 6h]
Dealt to 67265abe 
Dealt to db0d3934 
Dealt to 2f50ae7e 
Dealt to 92ffd3cd 
Dealt to ae80a4b2 
ae80a4b2: folds
Hero: folds
67265abe: raises $0.07 to $0.12
db0d3934: folds
2f50ae7e: folds
92ffd3cd: folds
Uncalled bet ($0.07) returned to 67265abe
*** SHOWDOWN ***
67265abe collected $0.12 from pot
*** SUMMARY ***
Total pot $0.12 | Rake $0 | Jackpot $0 | Bingo $0 | Fortune $0
Seat 1: Hero folded before Flop (didn't bet)
Seat 2: 67265abe collected ($0.12)
Seat 3: db0d3934 (button) folded before Flop (didn't bet)
Seat 4: 2f50ae7e (small blind) folded before Flop
Seat 5: 92ffd3cd (big blind) folded before Flop
Seat 6: ae80a4b2 folded before Flop (didn't bet)


Poker Hand #HD1195177878: Hold'em No Limit  ($0.02/$0.05) - 2023/04/08 19:47:16
Table 'NLHBlue29' 6-max Seat #2 is the button
Seat 1: Hero ($5.22 in chips)
Seat 2: 67265abe ($5.13 in chips)
Seat 3: db0d3934 ($5 in chips)
Seat 4: 2f50ae7e ($7.4 in chips)
Seat 5: 92ffd3cd ($5.81 in chips)
Seat 6: ae80a4b2 ($6.67 in chips)
db0d3934: posts small blind $0.02
2f50ae7e: posts big blind $0.05
*** HOLE CARDS ***
Dealt to Hero [Ad 3h]
Dealt to 67265abe 
Dealt to db0d3934 
Dealt to 2f50ae7e 
Dealt to 92ffd3cd 
Dealt to ae80a4b2 
92ffd3cd: raises $0.1 to $0.15
ae80a4b2: calls $0.15
Hero: folds
67265abe: folds
db0d3934: folds
2f50ae7e: folds
*** FLOP *** [Ks 7c 7h]
92ffd3cd: bets $0.23
ae80a4b2: raises $0.28 to $0.51
92ffd3cd: calls $0.28
*** TURN *** [Ks 7c 7h] [3d]
92ffd3cd: checks
ae80a4b2: checks
*** RIVER *** [Ks 7c 7h 3d] [4s]
92ffd3cd: checks
ae80a4b2: checks
92ffd3cd: shows [Qh Qs] (Pair of Queens and Pair of Sevens)
ae80a4b2: shows [Ac 8s] (Pair of Sevens)
*** SHOWDOWN ***
92ffd3cd collected $1.32 from pot
*** SUMMARY ***
Total pot $1.39 | Rake $0.07 | Jackpot $0 | Bingo $0 | Fortune $0
Board [Ks 7c 7h 3d 4s]
Seat 1: Hero folded before Flop (didn't bet)
Seat 2: 67265abe (button) folded before Flop (didn't bet)
Seat 3: db0d3934 (small blind) folded before Flop
Seat 4: 2f50ae7e (big blind) folded before Flop
Seat 5: 92ffd3cd showed [Qh Qs] and won ($1.32) with Pair of Queens and Pair of Sevens
Seat 6: ae80a4b2 showed [Ac 8s] and lost with Pair of Sevens


Poker Hand #HD1195177844: Hold'em No Limit  ($0.02/$0.05) - 2023/04/08 19:46:50
Table 'NLHBlue29' 6-max Seat #1 is the button
Seat 1: Hero ($5.22 in chips)
Seat 2: 67265abe ($5.08 in chips)
Seat 3: db0d3934 ($5 in chips)
Seat 4: 2f50ae7e ($7.4 in chips)
Seat 5: 92ffd3cd ($5.81 in chips)
Seat 6: ae80a4b2 ($6.67 in chips)
67265abe: posts small blind $0.02
db0d3934: posts big blind $0.05
*** HOLE CARDS ***
Dealt to Hero [4h Th]
Dealt to 67265abe 
Dealt to db0d3934 
Dealt to 2f50ae7e 
Dealt to 92ffd3cd 
Dealt to ae80a4b2 
2f50ae7e: folds
92ffd3cd: folds
ae80a4b2: folds
Hero: folds
67265abe: raises $0.11 to $0.16
db0d3934: folds
Uncalled bet ($0.11) returned to 67265abe
*** SHOWDOWN ***
67265abe collected $0.1 from pot
*** SUMMARY ***
Total pot $0.1 | Rake $0 | Jackpot $0 | Bingo $0 | Fortune $0
Seat 1: Hero (button) folded before Flop (didn't bet)
Seat 2: 67265abe (small blind) collected ($0.1)
Seat 3: db0d3934 (big blind) folded before Flop
Seat 4: 2f50ae7e folded before Flop (didn't bet)
Seat 5: 92ffd3cd folded before Flop (didn't bet)
Seat 6: ae80a4b2 folded before Flop (didn't bet)


Poker Hand #HD1195177640: Hold'em No Limit  ($0.02/$0.05) - 2023/04/08 19:44:55
Table 'NLHBlue29' 6-max Seat #6 is the button
Seat 1: Hero ($5.24 in chips)
Seat 2: 67265abe ($5 in chips)
Seat 4: 2f50ae7e ($7.4 in chips)
Seat 5: 92ffd3cd ($5.74 in chips)
Seat 6: ae80a4b2 ($6.82 in chips)
Hero: posts small blind $0.02
67265abe: posts big blind $0.05
*** HOLE CARDS ***
Dealt to Hero [Kd 6d]
Dealt to 67265abe 
Dealt to 2f50ae7e 
Dealt to 92ffd3cd 
Dealt to ae80a4b2 
2f50ae7e: folds
92ffd3cd: raises $0.1 to $0.15
ae80a4b2: calls $0.15
Hero: folds
67265abe: calls $0.1
*** FLOP *** [8c 7c 3d]
67265abe: checks
92ffd3cd: checks
ae80a4b2: checks
*** TURN *** [8c 7c 3d] [2c]
67265abe: checks
92ffd3cd: checks
ae80a4b2: checks
*** RIVER *** [8c 7c 3d 2c] [Jh]
67265abe: bets $0.12
92ffd3cd: calls $0.12
ae80a4b2: folds
67265abe: shows [Qd Js] (Pair of Jacks)
92ffd3cd: shows [Qh Jc] (Pair of Jacks)
*** SHOWDOWN ***
67265abe collected $0.35 from pot
92ffd3cd collected $0.34 from pot
*** SUMMARY ***
Total pot $0.71 | Rake $0.02 | Jackpot $0 | Bingo $0 | Fortune $0
Board [8c 7c 3d 2c Jh]
Seat 1: Hero (small blind) folded before Flop
Seat 2: 67265abe (big blind) showed [Qd Js] and won ($0.35) with Pair of Jacks
Seat 4: 2f50ae7e folded before Flop (didn't bet)
Seat 5: 92ffd3cd showed [Qh Jc] and won ($0.34) with Pair of Jacks
Seat 6: ae80a4b2 (button) folded on the River


Poker Hand #HD1195177566: Hold'em No Limit  ($0.02/$0.05) - 2023/04/08 19:44:15
Table 'NLHBlue29' 6-max Seat #5 is the button
Seat 1: Hero ($5.13 in chips)
Seat 2: 67265abe ($5 in chips)
Seat 4: 2f50ae7e ($7.5 in chips)
Seat 5: 92ffd3cd ($5.74 in chips)
Seat 6: ae80a4b2 ($6.84 in chips)
ae80a4b2: posts small blind $0.02
Hero: posts big blind $0.05
*** HOLE CARDS ***
Dealt to Hero [As 3d]
Dealt to 67265abe 
Dealt to 2f50ae7e 
Dealt to 92ffd3cd 
Dealt to ae80a4b2 
67265abe: folds
2f50ae7e: raises $0.05 to $0.1
92ffd3cd: folds
ae80a4b2: folds
Hero: calls $0.05
*** FLOP *** [Jh 5s Ks]
Hero: checks
2f50ae7e: checks
*** TURN *** [Jh 5s Ks] [3s]
Hero: bets $0.11
2f50ae7e: folds
Uncalled bet ($0.11) returned to Hero
*** SHOWDOWN ***
Hero collected $0.21 from pot
*** SUMMARY ***
Total pot $0.22 | Rake $0.01 | Jackpot $0 | Bingo $0 | Fortune $0
Board [Jh 5s Ks 3s]
Seat 1: Hero (big blind) won ($0.21)
Seat 2: 67265abe folded before Flop (didn't bet)
Seat 4: 2f50ae7e folded on the Turn
Seat 5: 92ffd3cd (button) folded before Flop (didn't bet)
Seat 6: ae80a4b2 (small blind) folded before Flop


Poker Hand #HD1195177507: Hold'em No Limit  ($0.02/$0.05) - 2023/04/08 19:43:42
Table 'NLHBlue29' 6-max Seat #4 is the button
Seat 1: Hero ($5 in chips)
Seat 2: 67265abe ($5 in chips)
Seat 4: 2f50ae7e ($7.5 in chips)
Seat 5: 92ffd3cd ($5.76 in chips)
Seat 6: ae80a4b2 ($6.96 in chips)
92ffd3cd: posts small blind $0.02
ae80a4b2: posts big blind $0.05
*** HOLE CARDS ***
Dealt to Hero [8s As]
Dealt to 67265abe 
Dealt to 2f50ae7e 
Dealt to 92ffd3cd 
Dealt to ae80a4b2 
Hero: raises $0.07 to $0.12
67265abe: folds
2f50ae7e: folds
92ffd3cd: folds
ae80a4b2: calls $0.07
*** FLOP *** [6s 7d Ks]
ae80a4b2: checks
Hero: bets $0.13
ae80a4b2: folds
Uncalled bet ($0.13) returned to Hero
*** SHOWDOWN ***
Hero collected $0.25 from pot
*** SUMMARY ***
Total pot $0.26 | Rake $0.01 | Jackpot $0 | Bingo $0 | Fortune $0
Board [6s 7d Ks]
Seat 1: Hero won ($0.25)
Seat 2: 67265abe folded before Flop (didn't bet)
Seat 4: 2f50ae7e (button) folded before Flop (didn't bet)
Seat 5: 92ffd3cd (small blind) folded before Flop
Seat 6: ae80a4b2 (big blind) folded on the Flop


Poker Hand #HD1195177412: Hold'em No Limit  ($0.02/$0.05) - 2023/04/08 19:42:51
Table 'NLHBlue29' 6-max Seat #2 is the button
Seat 1: Hero ($5 in chips)
Seat 2: 67265abe ($5 in chips)
Seat 3: 25ce8374 ($0.63 in chips)
Seat 4: 2f50ae7e ($6.93 in chips)
Seat 5: 92ffd3cd ($5.76 in chips)
Seat 6: ae80a4b2 ($6.96 in chips)
25ce8374: posts small blind $0.02
2f50ae7e: posts big blind $0.05
*** HOLE CARDS ***
Dealt to Hero [4d 9h]
Dealt to 67265abe 
Dealt to 25ce8374 
Dealt to 2f50ae7e 
Dealt to 92ffd3cd 
Dealt to ae80a4b2 
92ffd3cd: folds
ae80a4b2: folds
Hero: folds
67265abe: folds
25ce8374: raises $0.1 to $0.15
2f50ae7e: calls $0.1
*** FLOP *** [9d 9s 4s]
25ce8374: bets $0.15
2f50ae7e: calls $0.15
*** TURN *** [9d 9s 4s] [6h]
25ce8374: bets $0.33 and is all-in
2f50ae7e: calls $0.33
25ce8374: shows [4c 3c] (Pair of Nines and Pair of Fours)
2f50ae7e: shows [Js 6s] (Pair of Nines and Pair of Sixes)
*** RIVER *** [9d 9s 4s 6h] [Ks]
*** SHOWDOWN ***
2f50ae7e collected $1.2 from pot
*** SUMMARY ***
Total pot $1.26 | Rake $0.06 | Jackpot $0 | Bingo $0 | Fortune $0
Board [9d 9s 4s 6h Ks]
Seat 1: Hero folded before Flop (didn't bet)
Seat 2: 67265abe (button) folded before Flop (didn't bet)
Seat 3: 25ce8374 (small blind) showed [4c 3c] and lost with Pair of Nines and Pair of Fours
Seat 4: 2f50ae7e (big blind) showed [Js 6s] and won ($1.2) with King High Flush
Seat 5: 92ffd3cd folded before Flop (didn't bet)
Seat 6: ae80a4b2 folded before Flop (didn't bet)


Poker Hand #HD1195177383: Hold'em No Limit  ($0.02/$0.05) - 2023/04/08 19:42:33
Table 'NLHBlue29' 6-max Seat #1 is the button
Seat 1: Hero ($5 in chips)
Seat 2: 67265abe ($5 in chips)
Seat 3: 25ce8374 ($0.61 in chips)
Seat 4: 2f50ae7e ($6.93 in chips)
Seat 5: 92ffd3cd ($5.76 in chips)
Seat 6: ae80a4b2 ($6.96 in chips)
67265abe: posts small blind $0.02
25ce8374: posts big blind $0.05
*** HOLE CARDS ***
Dealt to Hero [5c 9h]
Dealt to 67265abe 
Dealt to 25ce8374 
Dealt to 2f50ae7e 
Dealt to 92ffd3cd 
Dealt to ae80a4b2 
2f50ae7e: folds
92ffd3cd: folds
ae80a4b2: folds
Hero: folds
67265abe: folds
Uncalled bet ($0.03) returned to 25ce8374
*** SHOWDOWN ***
25ce8374 collected $0.04 from pot
*** SUMMARY ***
Total pot $0.04 | Rake $0 | Jackpot $0 | Bingo $0 | Fortune $0
Seat 1: Hero (button) folded before Flop (didn't bet)
Seat 2: 67265abe (small blind) folded before Flop
Seat 3: 25ce8374 (big blind) collected ($0.04)
Seat 4: 2f50ae7e folded before Flop (didn't bet)
Seat 5: 92ffd3cd folded before Flop (didn't bet)
Seat 6: ae80a4b2 folded before Flop (didn't bet)


Poker Hand #HD1195177317: Hold'em No Limit  ($0.02/$0.05) - 2023/04/08 19:41:47
Table 'NLHBlue29' 6-max Seat #6 is the button
Seat 1: Hero ($5 in chips)
Seat 2: 67265abe ($5 in chips)
Seat 3: 25ce8374 ($1.7 in chips)
Seat 4: 2f50ae7e ($6.93 in chips)
Seat 5: 92ffd3cd ($5.76 in chips)
Seat 6: ae80a4b2 ($5.96 in chips)
Hero: posts small blind $0.02
67265abe: posts big blind $0.05
*** HOLE CARDS ***
Dealt to Hero [3d 5c]
Dealt to 67265abe 
Dealt to 25ce8374 
Dealt to 2f50ae7e 
Dealt to 92ffd3cd 
Dealt to ae80a4b2 
25ce8374: raises $0.1 to $0.15
2f50ae7e: folds
92ffd3cd: folds
ae80a4b2: calls $0.15
Hero: folds
67265abe: folds
*** FLOP *** [Jc 7d 6h]
25ce8374: checks
ae80a4b2: checks
*** TURN *** [Jc 7d 6h] [9s]
25ce8374: checks
ae80a4b2: checks
*** RIVER *** [Jc 7d 6h 9s] [Qh]
25ce8374: bets $0.19
ae80a4b2: raises $0.75 to $0.94
25ce8374: calls $0.75
ae80a4b2: shows [Kh Td] (Kings-High Straight)
25ce8374: shows [Qc Kd] (Pair of Queens)
*** SHOWDOWN ***
ae80a4b2 collected $2.09 from pot
*** SUMMARY ***
Total pot $2.25 | Rake $0.11 | Jackpot $0.05 | Bingo $0 | Fortune $0
Board [Jc 7d 6h 9s Qh]
Seat 1: Hero (small blind) folded before Flop
Seat 2: 67265abe (big blind) folded before Flop
Seat 3: 25ce8374 showed [Qc Kd] and lost with Pair of Queens
Seat 4: 2f50ae7e folded before Flop (didn't bet)
Seat 5: 92ffd3cd folded before Flop (didn't bet)
Seat 6: ae80a4b2 (button) showed [Kh Td] and won ($2.09) with Kings-High Straight


Poker Hand #HD1195177231: Hold'em No Limit  ($0.02/$0.05) - 2023/04/08 19:40:48
Table 'NLHBlue29' 6-max Seat #5 is the button
Seat 1: Hero ($5 in chips)
Seat 3: 25ce8374 ($1.63 in chips)
Seat 4: 2f50ae7e ($6.93 in chips)
Seat 5: 92ffd3cd ($5.76 in chips)
Seat 6: ae80a4b2 ($5.98 in chips)
ae80a4b2: posts small blind $0.02
Hero: posts big blind $0.05
*** HOLE CARDS ***
Dealt to Hero [4s 7h]
Dealt to 25ce8374 
Dealt to 2f50ae7e 
Dealt to 92ffd3cd 
Dealt to ae80a4b2 
25ce8374: raises $0.1 to $0.15
2f50ae7e: folds
92ffd3cd: folds
ae80a4b2: folds
Hero: folds
Uncalled bet ($0.1) returned to 25ce8374
*** SHOWDOWN ***
25ce8374 collected $0.12 from pot
*** SUMMARY ***
Total pot $0.12 | Rake $0 | Jackpot $0 | Bingo $0 | Fortune $0
Seat 1: Hero (big blind) folded before Flop
Seat 3: 25ce8374 collected ($0.12)
Seat 4: 2f50ae7e folded before Flop (didn't bet)
Seat 5: 92ffd3cd (button) folded before Flop (didn't bet)
Seat 6: ae80a4b2 (small blind) folded before Flop


