Poker Hand #HD1184636709: Hold'em No Limit  ($0.02/$0.05) - 2023/04/01 09:27:35
Table 'NLHBlue40' 6-max Seat #2 is the button
Seat 2: d5c8acc1 ($5.24 in chips)
Seat 3: 469709fb ($5.65 in chips)
Seat 4: b8d3ad90 ($5.44 in chips)
Seat 5: Hero ($9.05 in chips)
Seat 6: 5298d84 ($4.81 in chips)
469709fb: posts small blind $0.02
b8d3ad90: posts big blind $0.05
*** HOLE CARDS ***
Dealt to d5c8acc1 
Dealt to 469709fb 
Dealt to b8d3ad90 
Dealt to Hero [Jh 6h]
Dealt to 5298d84 
Hero: folds
5298d84: raises $0.1 to $0.15
d5c8acc1: folds
469709fb: folds
b8d3ad90: calls $0.1
*** FLOP *** [7d 8h 5d]
b8d3ad90: checks
5298d84: bets $0.24
b8d3ad90: folds
Uncalled bet ($0.24) returned to 5298d84
*** SHOWDOWN ***
5298d84 collected $0.31 from pot
*** SUMMARY ***
Total pot $0.32 | Rake $0.01 | Jackpot $0 | Bingo $0 | Fortune $0
Board [7d 8h 5d]
Seat 2: d5c8acc1 (button) folded before Flop (didn't bet)
Seat 3: 469709fb (small blind) folded before Flop
Seat 4: b8d3ad90 (big blind) folded on the Flop
Seat 5: Hero folded before Flop (didn't bet)
Seat 6: 5298d84 won ($0.31)


Poker Hand #HD1184636686: Hold'em No Limit  ($0.02/$0.05) - 2023/04/01 09:27:19
Table 'NLHBlue40' 6-max Seat #6 is the button
Seat 2: d5c8acc1 ($5.26 in chips)
Seat 3: 469709fb ($5.7 in chips)
Seat 4: b8d3ad90 ($5.37 in chips)
Seat 5: Hero ($9.05 in chips)
Seat 6: 5298d84 ($4.81 in chips)
d5c8acc1: posts small blind $0.02
469709fb: posts big blind $0.05
*** HOLE CARDS ***
Dealt to d5c8acc1 
Dealt to 469709fb 
Dealt to b8d3ad90 
Dealt to Hero [3h 2d]
Dealt to 5298d84 
b8d3ad90: raises $0.06 to $0.11
Hero: folds
5298d84: folds
d5c8acc1: folds
469709fb: folds
Uncalled bet ($0.06) returned to b8d3ad90
*** SHOWDOWN ***
b8d3ad90 collected $0.12 from pot
*** SUMMARY ***
Total pot $0.12 | Rake $0 | Jackpot $0 | Bingo $0 | Fortune $0
Seat 2: d5c8acc1 (small blind) folded before Flop
Seat 3: 469709fb (big blind) folded before Flop
Seat 4: b8d3ad90 collected ($0.12)
Seat 5: Hero folded before Flop (didn't bet)
Seat 6: 5298d84 (button) folded before Flop (didn't bet)


Poker Hand #HD1184636605: Hold'em No Limit  ($0.02/$0.05) - 2023/04/01 09:26:37
Table 'NLHBlue40' 6-max Seat #5 is the button
Seat 2: d5c8acc1 ($5.93 in chips)
Seat 3: 469709fb ($5.07 in chips)
Seat 4: b8d3ad90 ($5.37 in chips)
Seat 5: Hero ($9.05 in chips)
Seat 6: 5298d84 ($4.83 in chips)
5298d84: posts small blind $0.02
d5c8acc1: posts big blind $0.05
*** HOLE CARDS ***
Dealt to d5c8acc1 
Dealt to 469709fb 
Dealt to b8d3ad90 
Dealt to Hero [Ah 7c]
Dealt to 5298d84 
469709fb: raises $0.1 to $0.15
b8d3ad90: folds
Hero: folds
5298d84: folds
d5c8acc1: calls $0.1
*** FLOP *** [Kh Qh 3d]
d5c8acc1: checks
469709fb: bets $0.1
d5c8acc1: calls $0.1
*** TURN *** [Kh Qh 3d] [Jc]
d5c8acc1: checks
469709fb: bets $0.42
d5c8acc1: calls $0.42
*** RIVER *** [Kh Qh 3d Jc] [Js]
d5c8acc1: checks
469709fb: bets $1.09
d5c8acc1: folds
Uncalled bet ($1.09) returned to 469709fb
*** SHOWDOWN ***
469709fb collected $1.3 from pot
*** SUMMARY ***
Total pot $1.36 | Rake $0.06 | Jackpot $0 | Bingo $0 | Fortune $0
Board [Kh Qh 3d Jc Js]
Seat 2: d5c8acc1 (big blind) folded on the River
Seat 3: 469709fb won ($1.3)
Seat 4: b8d3ad90 folded before Flop (didn't bet)
Seat 5: Hero (button) folded before Flop (didn't bet)
Seat 6: 5298d84 (small blind) folded before Flop


Poker Hand #HD1184636515: Hold'em No Limit  ($0.02/$0.05) - 2023/04/01 09:25:39
Table 'NLHBlue40' 6-max Seat #4 is the button
Seat 1: ce729bf4 ($6.22 in chips)
Seat 2: d5c8acc1 ($5.13 in chips)
Seat 3: 469709fb ($5.07 in chips)
Seat 4: b8d3ad90 ($5.37 in chips)
Seat 5: Hero ($9.93 in chips)
Seat 6: 5298d84 ($4.88 in chips)
Hero: posts small blind $0.02
5298d84: posts big blind $0.05
*** HOLE CARDS ***
Dealt to ce729bf4 
Dealt to d5c8acc1 
Dealt to 469709fb 
Dealt to b8d3ad90 
Dealt to Hero [Qh Ad]
Dealt to 5298d84 
ce729bf4: folds
d5c8acc1: raises $0.06 to $0.11
469709fb: folds
b8d3ad90: folds
Hero: raises $0.41 to $0.52
5298d84: folds
d5c8acc1: calls $0.41
*** FLOP *** [7s Tc 8d]
Hero: checks
d5c8acc1: bets $0.36
Hero: calls $0.36
*** TURN *** [7s Tc 8d] [Ts]
Hero: checks
d5c8acc1: bets $0.91
Hero: folds
Uncalled bet ($0.91) returned to d5c8acc1
*** SHOWDOWN ***
d5c8acc1 collected $1.68 from pot
*** SUMMARY ***
Total pot $1.81 | Rake $0.08 | Jackpot $0.05 | Bingo $0 | Fortune $0
Board [7s Tc 8d Ts]
Seat 1: ce729bf4 folded before Flop (didn't bet)
Seat 2: d5c8acc1 won ($1.68)
Seat 3: 469709fb folded before Flop (didn't bet)
Seat 4: b8d3ad90 (button) folded before Flop (didn't bet)
Seat 5: Hero (small blind) folded on the Turn
Seat 6: 5298d84 (big blind) folded before Flop


Poker Hand #HD1184636432: Hold'em No Limit  ($0.02/$0.05) - 2023/04/01 09:24:54
Table 'NLHBlue40' 6-max Seat #3 is the button
Seat 1: ce729bf4 ($6.22 in chips)
Seat 2: d5c8acc1 ($5 in chips)
Seat 3: 469709fb ($5.07 in chips)
Seat 4: b8d3ad90 ($5.39 in chips)
Seat 5: Hero ($10.05 in chips)
Seat 6: 5298d84 ($4.88 in chips)
b8d3ad90: posts small blind $0.02
Hero: posts big blind $0.05
*** HOLE CARDS ***
Dealt to ce729bf4 
Dealt to d5c8acc1 
Dealt to 469709fb 
Dealt to b8d3ad90 
Dealt to Hero [6d 8d]
Dealt to 5298d84 
5298d84: folds
ce729bf4: folds
d5c8acc1: raises $0.07 to $0.12
469709fb: folds
b8d3ad90: folds
Hero: calls $0.07
*** FLOP *** [Kd Tc Th]
Hero: checks
d5c8acc1: checks
*** TURN *** [Kd Tc Th] [Jd]
Hero: checks
d5c8acc1: bets $0.09
Hero: folds
Uncalled bet ($0.09) returned to d5c8acc1
*** SHOWDOWN ***
d5c8acc1 collected $0.25 from pot
*** SUMMARY ***
Total pot $0.26 | Rake $0.01 | Jackpot $0 | Bingo $0 | Fortune $0
Board [Kd Tc Th Jd]
Seat 1: ce729bf4 folded before Flop (didn't bet)
Seat 2: d5c8acc1 won ($0.25)
Seat 3: 469709fb (button) folded before Flop (didn't bet)
Seat 4: b8d3ad90 (small blind) folded before Flop
Seat 5: Hero (big blind) folded on the Turn
Seat 6: 5298d84 folded before Flop (didn't bet)


Poker Hand #HD1184636390: Hold'em No Limit  ($0.02/$0.05) - 2023/04/01 09:24:30
Table 'NLHBlue40' 6-max Seat #2 is the button
Seat 1: ce729bf4 ($6.22 in chips)
Seat 2: d5c8acc1 ($5 in chips)
Seat 3: 469709fb ($5.02 in chips)
Seat 4: b8d3ad90 ($5.44 in chips)
Seat 5: Hero ($10.05 in chips)
Seat 6: 5298d84 ($4.88 in chips)
469709fb: posts small blind $0.02
b8d3ad90: posts big blind $0.05
*** HOLE CARDS ***
Dealt to ce729bf4 
Dealt to d5c8acc1 
Dealt to 469709fb 
Dealt to b8d3ad90 
Dealt to Hero [7h 8s]
Dealt to 5298d84 
Hero: folds
5298d84: folds
ce729bf4: folds
d5c8acc1: folds
469709fb: raises $0.05 to $0.1
b8d3ad90: folds
Uncalled bet ($0.05) returned to 469709fb
*** SHOWDOWN ***
469709fb collected $0.1 from pot
*** SUMMARY ***
Total pot $0.1 | Rake $0 | Jackpot $0 | Bingo $0 | Fortune $0
Seat 1: ce729bf4 folded before Flop (didn't bet)
Seat 2: d5c8acc1 (button) folded before Flop (didn't bet)
Seat 3: 469709fb (small blind) collected ($0.1)
Seat 4: b8d3ad90 (big blind) folded before Flop
Seat 5: Hero folded before Flop (didn't bet)
Seat 6: 5298d84 folded before Flop (didn't bet)


Poker Hand #HD1184636370: Hold'em No Limit  ($0.02/$0.05) - 2023/04/01 09:24:13
Table 'NLHBlue40' 6-max Seat #1 is the button
Seat 1: ce729bf4 ($6.15 in chips)
Seat 2: d5c8acc1 ($5.02 in chips)
Seat 3: 469709fb ($5.07 in chips)
Seat 4: b8d3ad90 ($5.44 in chips)
Seat 5: Hero ($10.05 in chips)
Seat 6: 5298d84 ($4.88 in chips)
d5c8acc1: posts small blind $0.02
469709fb: posts big blind $0.05
*** HOLE CARDS ***
Dealt to ce729bf4 
Dealt to d5c8acc1 
Dealt to 469709fb 
Dealt to b8d3ad90 
Dealt to Hero [9s 3h]
Dealt to 5298d84 
b8d3ad90: folds
Hero: folds
5298d84: folds
ce729bf4: raises $0.08 to $0.13
d5c8acc1: folds
469709fb: folds
Uncalled bet ($0.08) returned to ce729bf4
*** SHOWDOWN ***
ce729bf4 collected $0.12 from pot
*** SUMMARY ***
Total pot $0.12 | Rake $0 | Jackpot $0 | Bingo $0 | Fortune $0
Seat 1: ce729bf4 (button) collected ($0.12)
Seat 2: d5c8acc1 (small blind) folded before Flop
Seat 3: 469709fb (big blind) folded before Flop
Seat 4: b8d3ad90 folded before Flop (didn't bet)
Seat 5: Hero folded before Flop (didn't bet)
Seat 6: 5298d84 folded before Flop (didn't bet)


Poker Hand #HD1184636312: Hold'em No Limit  ($0.02/$0.05) - 2023/04/01 09:23:44
Table 'NLHBlue40' 6-max Seat #6 is the button
Seat 1: ce729bf4 ($6.17 in chips)
Seat 2: d5c8acc1 ($5.07 in chips)
Seat 3: 469709fb ($5 in chips)
Seat 4: b8d3ad90 ($5.44 in chips)
Seat 5: Hero ($10.05 in chips)
Seat 6: 5298d84 ($4.88 in chips)
ce729bf4: posts small blind $0.02
d5c8acc1: posts big blind $0.05
*** HOLE CARDS ***
Dealt to ce729bf4 
Dealt to d5c8acc1 
Dealt to 469709fb 
Dealt to b8d3ad90 
Dealt to Hero [7h 3s]
Dealt to 5298d84 
469709fb: raises $0.1 to $0.15
b8d3ad90: folds
Hero: folds
5298d84: folds
ce729bf4: folds
d5c8acc1: folds
Uncalled bet ($0.1) returned to 469709fb
*** SHOWDOWN ***
469709fb collected $0.12 from pot
*** SUMMARY ***
Total pot $0.12 | Rake $0 | Jackpot $0 | Bingo $0 | Fortune $0
Seat 1: ce729bf4 (small blind) folded before Flop
Seat 2: d5c8acc1 (big blind) folded before Flop
Seat 3: 469709fb collected ($0.12)
Seat 4: b8d3ad90 folded before Flop (didn't bet)
Seat 5: Hero folded before Flop (didn't bet)
Seat 6: 5298d84 (button) folded before Flop (didn't bet)


Poker Hand #HD1184636223: Hold'em No Limit  ($0.02/$0.05) - 2023/04/01 09:22:54
Table 'NLHBlue40' 6-max Seat #5 is the button
Seat 1: ce729bf4 ($6.22 in chips)
Seat 2: d5c8acc1 ($5.07 in chips)
Seat 3: 469709fb ($5.05 in chips)
Seat 4: b8d3ad90 ($5.12 in chips)
Seat 5: Hero ($10.05 in chips)
Seat 6: 5298d84 ($4.9 in chips)
5298d84: posts small blind $0.02
ce729bf4: posts big blind $0.05
*** HOLE CARDS ***
Dealt to ce729bf4 
Dealt to d5c8acc1 
Dealt to 469709fb 
Dealt to b8d3ad90 
Dealt to Hero [Ad 6h]
Dealt to 5298d84 
d5c8acc1: folds
469709fb: raises $0.1 to $0.15
b8d3ad90: calls $0.15
Hero: folds
5298d84: folds
ce729bf4: folds
*** FLOP *** [Kh 5d 5c]
469709fb: bets $0.13
b8d3ad90: calls $0.13
*** TURN *** [Kh 5d 5c] [Jh]
469709fb: checks
b8d3ad90: bets $0.3
469709fb: folds
Uncalled bet ($0.3) returned to b8d3ad90
*** SHOWDOWN ***
b8d3ad90 collected $0.6 from pot
*** SUMMARY ***
Total pot $0.63 | Rake $0.03 | Jackpot $0 | Bingo $0 | Fortune $0
Board [Kh 5d 5c Jh]
Seat 1: ce729bf4 (big blind) folded before Flop
Seat 2: d5c8acc1 folded before Flop (didn't bet)
Seat 3: 469709fb folded on the Turn
Seat 4: b8d3ad90 won ($0.6)
Seat 5: Hero (button) folded before Flop (didn't bet)
Seat 6: 5298d84 (small blind) folded before Flop


Poker Hand #HD1184636194: Hold'em No Limit  ($0.02/$0.05) - 2023/04/01 09:22:35
Table 'NLHBlue40' 6-max Seat #4 is the button
Seat 1: ce729bf4 ($6.22 in chips)
Seat 2: d5c8acc1 ($5.07 in chips)
Seat 3: 469709fb ($5.05 in chips)
Seat 4: b8d3ad90 ($5.12 in chips)
Seat 5: Hero ($10 in chips)
Seat 6: 5298d84 ($4.95 in chips)
Hero: posts small blind $0.02
5298d84: posts big blind $0.05
*** HOLE CARDS ***
Dealt to ce729bf4 
Dealt to d5c8acc1 
Dealt to 469709fb 
Dealt to b8d3ad90 
Dealt to Hero [Th Ad]
Dealt to 5298d84 
ce729bf4: folds
d5c8acc1: folds
469709fb: folds
b8d3ad90: folds
Hero: raises $0.09 to $0.14
5298d84: folds
Uncalled bet ($0.09) returned to Hero
*** SHOWDOWN ***
Hero collected $0.1 from pot
*** SUMMARY ***
Total pot $0.1 | Rake $0 | Jackpot $0 | Bingo $0 | Fortune $0
Seat 1: ce729bf4 folded before Flop (didn't bet)
Seat 2: d5c8acc1 folded before Flop (didn't bet)
Seat 3: 469709fb folded before Flop (didn't bet)
Seat 4: b8d3ad90 (button) folded before Flop (didn't bet)
Seat 5: Hero (small blind) collected ($0.1)
Seat 6: 5298d84 (big blind) folded before Flop


Poker Hand #HD1184636166: Hold'em No Limit  ($0.02/$0.05) - 2023/04/01 09:22:18
Table 'NLHBlue40' 6-max Seat #3 is the button
Seat 1: ce729bf4 ($6.22 in chips)
Seat 2: d5c8acc1 ($5.07 in chips)
Seat 3: 469709fb ($5.05 in chips)
Seat 4: b8d3ad90 ($5.14 in chips)
Seat 5: Hero ($10.05 in chips)
Seat 6: 5298d84 ($4.88 in chips)
b8d3ad90: posts small blind $0.02
Hero: posts big blind $0.05
*** HOLE CARDS ***
Dealt to ce729bf4 
Dealt to d5c8acc1 
Dealt to 469709fb 
Dealt to b8d3ad90 
Dealt to Hero [9c 8h]
Dealt to 5298d84 
5298d84: raises $0.1 to $0.15
ce729bf4: folds
d5c8acc1: folds
469709fb: folds
b8d3ad90: folds
Hero: folds
Uncalled bet ($0.1) returned to 5298d84
*** SHOWDOWN ***
5298d84 collected $0.12 from pot
*** SUMMARY ***
Total pot $0.12 | Rake $0 | Jackpot $0 | Bingo $0 | Fortune $0
Seat 1: ce729bf4 folded before Flop (didn't bet)
Seat 2: d5c8acc1 folded before Flop (didn't bet)
Seat 3: 469709fb (button) folded before Flop (didn't bet)
Seat 4: b8d3ad90 (small blind) folded before Flop
Seat 5: Hero (big blind) folded before Flop
Seat 6: 5298d84 collected ($0.12)


Poker Hand #HD1184636138: Hold'em No Limit  ($0.02/$0.05) - 2023/04/01 09:22:02
Table 'NLHBlue40' 6-max Seat #2 is the button
Seat 1: ce729bf4 ($6.22 in chips)
Seat 2: d5c8acc1 ($5 in chips)
Seat 3: 469709fb ($5.07 in chips)
Seat 4: b8d3ad90 ($5.19 in chips)
Seat 5: Hero ($10.05 in chips)
Seat 6: 5298d84 ($4.88 in chips)
469709fb: posts small blind $0.02
b8d3ad90: posts big blind $0.05
*** HOLE CARDS ***
Dealt to ce729bf4 
Dealt to d5c8acc1 
Dealt to 469709fb 
Dealt to b8d3ad90 
Dealt to Hero [7h Kd]
Dealt to 5298d84 
Hero: folds
5298d84: folds
ce729bf4: folds
d5c8acc1: raises $0.07 to $0.12
469709fb: folds
b8d3ad90: folds
Uncalled bet ($0.07) returned to d5c8acc1
*** SHOWDOWN ***
d5c8acc1 collected $0.12 from pot
*** SUMMARY ***
Total pot $0.12 | Rake $0 | Jackpot $0 | Bingo $0 | Fortune $0
Seat 1: ce729bf4 folded before Flop (didn't bet)
Seat 2: d5c8acc1 (button) collected ($0.12)
Seat 3: 469709fb (small blind) folded before Flop
Seat 4: b8d3ad90 (big blind) folded before Flop
Seat 5: Hero folded before Flop (didn't bet)
Seat 6: 5298d84 folded before Flop (didn't bet)


Poker Hand #HD1184636117: Hold'em No Limit  ($0.02/$0.05) - 2023/04/01 09:21:49
Table 'NLHBlue40' 6-max Seat #1 is the button
Seat 1: ce729bf4 ($6.22 in chips)
Seat 2: d5c8acc1 ($5 in chips)
Seat 3: 469709fb ($5.05 in chips)
Seat 4: b8d3ad90 ($5.19 in chips)
Seat 5: Hero ($10.05 in chips)
Seat 6: 5298d84 ($4.88 in chips)
d5c8acc1: posts small blind $0.02
469709fb: posts big blind $0.05
*** HOLE CARDS ***
Dealt to ce729bf4 
Dealt to d5c8acc1 
Dealt to 469709fb 
Dealt to b8d3ad90 
Dealt to Hero [Ah 4s]
Dealt to 5298d84 
b8d3ad90: folds
Hero: folds
5298d84: folds
ce729bf4: folds
d5c8acc1: folds
Uncalled bet ($0.03) returned to 469709fb
*** SHOWDOWN ***
469709fb collected $0.04 from pot
*** SUMMARY ***
Total pot $0.04 | Rake $0 | Jackpot $0 | Bingo $0 | Fortune $0
Seat 1: ce729bf4 (button) folded before Flop (didn't bet)
Seat 2: d5c8acc1 (small blind) folded before Flop
Seat 3: 469709fb (big blind) collected ($0.04)
Seat 4: b8d3ad90 folded before Flop (didn't bet)
Seat 5: Hero folded before Flop (didn't bet)
Seat 6: 5298d84 folded before Flop (didn't bet)


Poker Hand #HD1184636094: Hold'em No Limit  ($0.02/$0.05) - 2023/04/01 09:21:36
Table 'NLHBlue40' 6-max Seat #6 is the button
Seat 1: ce729bf4 ($6.24 in chips)
Seat 2: d5c8acc1 ($5 in chips)
Seat 3: 469709fb ($5.05 in chips)
Seat 4: b8d3ad90 ($5.19 in chips)
Seat 5: Hero ($10.05 in chips)
Seat 6: 5298d84 ($4.81 in chips)
ce729bf4: posts small blind $0.02
d5c8acc1: posts big blind $0.05
*** HOLE CARDS ***
Dealt to ce729bf4 
Dealt to d5c8acc1 
Dealt to 469709fb 
Dealt to b8d3ad90 
Dealt to Hero [2c 8d]
Dealt to 5298d84 
469709fb: folds
b8d3ad90: folds
Hero: folds
5298d84: raises $0.1 to $0.15
ce729bf4: folds
d5c8acc1: folds
Uncalled bet ($0.1) returned to 5298d84
*** SHOWDOWN ***
5298d84 collected $0.12 from pot
*** SUMMARY ***
Total pot $0.12 | Rake $0 | Jackpot $0 | Bingo $0 | Fortune $0
Seat 1: ce729bf4 (small blind) folded before Flop
Seat 2: d5c8acc1 (big blind) folded before Flop
Seat 3: 469709fb folded before Flop (didn't bet)
Seat 4: b8d3ad90 folded before Flop (didn't bet)
Seat 5: Hero folded before Flop (didn't bet)
Seat 6: 5298d84 (button) collected ($0.12)


Poker Hand #HD1184636027: Hold'em No Limit  ($0.02/$0.05) - 2023/04/01 09:20:57
Table 'NLHBlue40' 6-max Seat #5 is the button
Seat 1: ce729bf4 ($6.45 in chips)
Seat 3: 469709fb ($5.05 in chips)
Seat 4: b8d3ad90 ($4.98 in chips)
Seat 5: Hero ($10.05 in chips)
Seat 6: 5298d84 ($4.83 in chips)
5298d84: posts small blind $0.02
ce729bf4: posts big blind $0.05
*** HOLE CARDS ***
Dealt to ce729bf4 
Dealt to 469709fb 
Dealt to b8d3ad90 
Dealt to Hero [9h 3d]
Dealt to 5298d84 
469709fb: folds
b8d3ad90: raises $0.05 to $0.1
Hero: folds
5298d84: folds
ce729bf4: calls $0.05
*** FLOP *** [5c 4c Ts]
ce729bf4: checks
b8d3ad90: checks
*** TURN *** [5c 4c Ts] [7s]
ce729bf4: bets $0.11
b8d3ad90: calls $0.11
*** RIVER *** [5c 4c Ts 7s] [5d]
ce729bf4: checks
b8d3ad90: bets $0.15
ce729bf4: folds
Uncalled bet ($0.15) returned to b8d3ad90
*** SHOWDOWN ***
b8d3ad90 collected $0.42 from pot
*** SUMMARY ***
Total pot $0.44 | Rake $0.02 | Jackpot $0 | Bingo $0 | Fortune $0
Board [5c 4c Ts 7s 5d]
Seat 1: ce729bf4 (big blind) folded on the River
Seat 3: 469709fb folded before Flop (didn't bet)
Seat 4: b8d3ad90 won ($0.42)
Seat 5: Hero (button) folded before Flop (didn't bet)
Seat 6: 5298d84 (small blind) folded before Flop


Poker Hand #HD1184635992: Hold'em No Limit  ($0.02/$0.05) - 2023/04/01 09:20:35
Table 'NLHBlue40' 6-max Seat #4 is the button
Seat 1: ce729bf4 ($6.45 in chips)
Seat 2: 36dd8531 ($8.93 in chips)
Seat 3: 469709fb ($5.05 in chips)
Seat 4: b8d3ad90 ($4.91 in chips)
Seat 5: Hero ($10.07 in chips)
Seat 6: 5298d84 ($4.88 in chips)
Hero: posts small blind $0.02
5298d84: posts big blind $0.05
*** HOLE CARDS ***
Dealt to ce729bf4 
Dealt to 36dd8531 
Dealt to 469709fb 
Dealt to b8d3ad90 
Dealt to Hero [6s 3s]
Dealt to 5298d84 
ce729bf4: folds
36dd8531: folds
469709fb: folds
b8d3ad90: raises $0.05 to $0.1
Hero: folds
5298d84: folds
Uncalled bet ($0.05) returned to b8d3ad90
*** SHOWDOWN ***
b8d3ad90 collected $0.12 from pot
*** SUMMARY ***
Total pot $0.12 | Rake $0 | Jackpot $0 | Bingo $0 | Fortune $0
Seat 1: ce729bf4 folded before Flop (didn't bet)
Seat 2: 36dd8531 folded before Flop (didn't bet)
Seat 3: 469709fb folded before Flop (didn't bet)
Seat 4: b8d3ad90 (button) collected ($0.12)
Seat 5: Hero (small blind) folded before Flop
Seat 6: 5298d84 (big blind) folded before Flop


Poker Hand #HD1184635957: Hold'em No Limit  ($0.02/$0.05) - 2023/04/01 09:20:18
Table 'NLHBlue40' 6-max Seat #3 is the button
Seat 1: ce729bf4 ($6.38 in chips)
Seat 2: 36dd8531 ($8.93 in chips)
Seat 3: 469709fb ($5.05 in chips)
Seat 4: b8d3ad90 ($4.93 in chips)
Seat 5: Hero ($10.12 in chips)
Seat 6: 5298d84 ($4.88 in chips)
b8d3ad90: posts small blind $0.02
Hero: posts big blind $0.05
*** HOLE CARDS ***
Dealt to ce729bf4 
Dealt to 36dd8531 
Dealt to 469709fb 
Dealt to b8d3ad90 
Dealt to Hero [7s 2s]
Dealt to 5298d84 
5298d84: folds
ce729bf4: raises $0.1 to $0.15
36dd8531: folds
469709fb: folds
b8d3ad90: folds
Hero: folds
Uncalled bet ($0.1) returned to ce729bf4
*** SHOWDOWN ***
ce729bf4 collected $0.12 from pot
*** SUMMARY ***
Total pot $0.12 | Rake $0 | Jackpot $0 | Bingo $0 | Fortune $0
Seat 1: ce729bf4 collected ($0.12)
Seat 2: 36dd8531 folded before Flop (didn't bet)
Seat 3: 469709fb (button) folded before Flop (didn't bet)
Seat 4: b8d3ad90 (small blind) folded before Flop
Seat 5: Hero (big blind) folded before Flop
Seat 6: 5298d84 folded before Flop (didn't bet)


Poker Hand #HD1184635930: Hold'em No Limit  ($0.02/$0.05) - 2023/04/01 09:20:05
Table 'NLHBlue40' 6-max Seat #2 is the button
Seat 1: ce729bf4 ($6.38 in chips)
Seat 2: 36dd8531 ($8.93 in chips)
Seat 3: 469709fb ($5 in chips)
Seat 4: b8d3ad90 ($4.98 in chips)
Seat 5: Hero ($10.12 in chips)
Seat 6: 5298d84 ($4.88 in chips)
469709fb: posts small blind $0.02
b8d3ad90: posts big blind $0.05
*** HOLE CARDS ***
Dealt to ce729bf4 
Dealt to 36dd8531 
Dealt to 469709fb 
Dealt to b8d3ad90 
Dealt to Hero [2d Td]
Dealt to 5298d84 
Hero: folds
5298d84: folds
ce729bf4: folds
36dd8531: folds
469709fb: raises $0.1 to $0.15
b8d3ad90: folds
Uncalled bet ($0.1) returned to 469709fb
*** SHOWDOWN ***
469709fb collected $0.1 from pot
*** SUMMARY ***
Total pot $0.1 | Rake $0 | Jackpot $0 | Bingo $0 | Fortune $0
Seat 1: ce729bf4 folded before Flop (didn't bet)
Seat 2: 36dd8531 (button) folded before Flop (didn't bet)
Seat 3: 469709fb (small blind) collected ($0.1)
Seat 4: b8d3ad90 (big blind) folded before Flop
Seat 5: Hero folded before Flop (didn't bet)
Seat 6: 5298d84 folded before Flop (didn't bet)


Poker Hand #HD1184635911: Hold'em No Limit  ($0.02/$0.05) - 2023/04/01 09:19:53
Table 'NLHBlue40' 6-max Seat #1 is the button
Seat 1: ce729bf4 ($6.38 in chips)
Seat 2: 36dd8531 ($8.95 in chips)
Seat 3: 469709fb ($5 in chips)
Seat 4: b8d3ad90 ($4.91 in chips)
Seat 5: Hero ($10.12 in chips)
Seat 6: 5298d84 ($4.88 in chips)
36dd8531: posts small blind $0.02
469709fb: posts big blind $0.05
*** HOLE CARDS ***
Dealt to ce729bf4 
Dealt to 36dd8531 
Dealt to 469709fb 
Dealt to b8d3ad90 
Dealt to Hero [5s 8d]
Dealt to 5298d84 
b8d3ad90: raises $0.06 to $0.11
Hero: folds
5298d84: folds
ce729bf4: folds
36dd8531: folds
469709fb: folds
Uncalled bet ($0.06) returned to b8d3ad90
*** SHOWDOWN ***
b8d3ad90 collected $0.12 from pot
*** SUMMARY ***
Total pot $0.12 | Rake $0 | Jackpot $0 | Bingo $0 | Fortune $0
Seat 1: ce729bf4 (button) folded before Flop (didn't bet)
Seat 2: 36dd8531 (small blind) folded before Flop
Seat 3: 469709fb (big blind) folded before Flop
Seat 4: b8d3ad90 collected ($0.12)
Seat 5: Hero folded before Flop (didn't bet)
Seat 6: 5298d84 folded before Flop (didn't bet)


Poker Hand #HD1184635812: Hold'em No Limit  ($0.02/$0.05) - 2023/04/01 09:18:56
Table 'NLHBlue40' 6-max Seat #6 is the button
Seat 1: ce729bf4 ($6.4 in chips)
Seat 2: 36dd8531 ($9 in chips)
Seat 3: 469709fb ($5.36 in chips)
Seat 4: b8d3ad90 ($4.91 in chips)
Seat 5: Hero ($10.12 in chips)
Seat 6: 5298d84 ($4.31 in chips)
ce729bf4: posts small blind $0.02
36dd8531: posts big blind $0.05
*** HOLE CARDS ***
Dealt to ce729bf4 
Dealt to 36dd8531 
Dealt to 469709fb 
Dealt to b8d3ad90 
Dealt to Hero [9c 2c]
Dealt to 5298d84 
469709fb: raises $0.15 to $0.2
b8d3ad90: folds
Hero: folds
5298d84: calls $0.2
ce729bf4: folds
36dd8531: folds
*** FLOP *** [Qc Ac 9d]
469709fb: checks
5298d84: checks
*** TURN *** [Qc Ac 9d] [Kh]
469709fb: checks
5298d84: bets $0.36
469709fb: calls $0.36
*** RIVER *** [Qc Ac 9d Kh] [7h]
469709fb: checks
5298d84: checks
469709fb: shows [8c Tc] (Ace-High)
5298d84: shows [8h 8s] (Pair of Eights)
*** SHOWDOWN ***
5298d84 collected $1.13 from pot
*** SUMMARY ***
Total pot $1.19 | Rake $0.06 | Jackpot $0 | Bingo $0 | Fortune $0
Board [Qc Ac 9d Kh 7h]
Seat 1: ce729bf4 (small blind) folded before Flop
Seat 2: 36dd8531 (big blind) folded before Flop
Seat 3: 469709fb showed [8c Tc] and lost with Ace-High
Seat 4: b8d3ad90 folded before Flop (didn't bet)
Seat 5: Hero folded before Flop (didn't bet)
Seat 6: 5298d84 (button) showed [8h 8s] and won ($1.13) with Pair of Eights


Poker Hand #HD1184635734: Hold'em No Limit  ($0.02/$0.05) - 2023/04/01 09:18:08
Table 'NLHBlue40' 6-max Seat #5 is the button
Seat 1: ce729bf4 ($6.17 in chips)
Seat 2: 36dd8531 ($9 in chips)
Seat 3: 469709fb ($5.36 in chips)
Seat 4: b8d3ad90 ($4.91 in chips)
Seat 5: Hero ($10.24 in chips)
Seat 6: 5298d84 ($4.43 in chips)
5298d84: posts small blind $0.02
ce729bf4: posts big blind $0.05
*** HOLE CARDS ***
Dealt to ce729bf4 
Dealt to 36dd8531 
Dealt to 469709fb 
Dealt to b8d3ad90 
Dealt to Hero [5d 4d]
Dealt to 5298d84 
36dd8531: folds
469709fb: folds
b8d3ad90: folds
Hero: raises $0.07 to $0.12
5298d84: calls $0.1
ce729bf4: calls $0.07
*** FLOP *** [Th 5h 8h]
5298d84: checks
ce729bf4: checks
Hero: checks
*** TURN *** [Th 5h 8h] [Qh]
5298d84: checks
ce729bf4: bets $0.12
Hero: folds
5298d84: folds
Uncalled bet ($0.12) returned to ce729bf4
*** SHOWDOWN ***
ce729bf4 collected $0.35 from pot
*** SUMMARY ***
Total pot $0.36 | Rake $0.01 | Jackpot $0 | Bingo $0 | Fortune $0
Board [Th 5h 8h Qh]
Seat 1: ce729bf4 (big blind) won ($0.35)
Seat 2: 36dd8531 folded before Flop (didn't bet)
Seat 3: 469709fb folded before Flop (didn't bet)
Seat 4: b8d3ad90 folded before Flop (didn't bet)
Seat 5: Hero (button) folded on the Turn
Seat 6: 5298d84 (small blind) folded on the Turn


Poker Hand #HD1184555555: Hold'em No Limit  ($0.02/$0.05) - 2023/04/01 09:16:32
Table 'NLHBlue40' 6-max Seat #4 is the button
Seat 1: ce729bf4 ($6.17 in chips)
Seat 2: 36dd8531 ($8.68 in chips)
Seat 3: 469709fb ($5.64 in chips)
Seat 4: b8d3ad90 ($4.91 in chips)
Seat 5: Hero ($10.26 in chips)
Seat 6: 5298d84 ($4.48 in chips)
Hero: posts small blind $0.02
5298d84: posts big blind $0.05
*** HOLE CARDS ***
Dealt to ce729bf4 
Dealt to 36dd8531 
Dealt to 469709fb 
Dealt to b8d3ad90 
Dealt to Hero [4s 7h]
Dealt to 5298d84 
ce729bf4: folds
36dd8531: raises $0.1 to $0.15
469709fb: calls $0.15
b8d3ad90: folds
Hero: folds
5298d84: folds
*** FLOP *** [6h 5c 9d]
36dd8531: bets $0.13
469709fb: calls $0.13
*** TURN *** [6h 5c 9d] [2s]
36dd8531: checks
469709fb: checks
*** RIVER *** [6h 5c 9d 2s] [Ks]
36dd8531: bets $0.32
469709fb: folds
Uncalled bet ($0.32) returned to 36dd8531
*** SHOWDOWN ***
36dd8531 collected $0.6 from pot
*** SUMMARY ***
Total pot $0.63 | Rake $0.03 | Jackpot $0 | Bingo $0 | Fortune $0
Board [6h 5c 9d 2s Ks]
Seat 1: ce729bf4 folded before Flop (didn't bet)
Seat 2: 36dd8531 won ($0.6)
Seat 3: 469709fb folded on the River
Seat 4: b8d3ad90 (button) folded before Flop (didn't bet)
Seat 5: Hero (small blind) folded before Flop
Seat 6: 5298d84 (big blind) folded before Flop


Poker Hand #HD1184555501: Hold'em No Limit  ($0.02/$0.05) - 2023/04/01 09:16:03
Table 'NLHBlue40' 6-max Seat #3 is the button
Seat 1: ce729bf4 ($6.17 in chips)
Seat 2: 36dd8531 ($8.68 in chips)
Seat 3: 469709fb ($5.64 in chips)
Seat 4: b8d3ad90 ($4.93 in chips)
Seat 5: Hero ($10.31 in chips)
Seat 6: 5298d84 ($4.41 in chips)
b8d3ad90: posts small blind $0.02
Hero: posts big blind $0.05
*** HOLE CARDS ***
Dealt to ce729bf4 
Dealt to 36dd8531 
Dealt to 469709fb 
Dealt to b8d3ad90 
Dealt to Hero [5h 7h]
Dealt to 5298d84 
5298d84: raises $0.1 to $0.15
ce729bf4: folds
36dd8531: folds
469709fb: folds
b8d3ad90: folds
Hero: folds
Uncalled bet ($0.1) returned to 5298d84
*** SHOWDOWN ***
5298d84 collected $0.12 from pot
*** SUMMARY ***
Total pot $0.12 | Rake $0 | Jackpot $0 | Bingo $0 | Fortune $0
Seat 1: ce729bf4 folded before Flop (didn't bet)
Seat 2: 36dd8531 folded before Flop (didn't bet)
Seat 3: 469709fb (button) folded before Flop (didn't bet)
Seat 4: b8d3ad90 (small blind) folded before Flop
Seat 5: Hero (big blind) folded before Flop
Seat 6: 5298d84 collected ($0.12)


Poker Hand #HD1184555456: Hold'em No Limit  ($0.02/$0.05) - 2023/04/01 09:15:40
Table 'NLHBlue40' 6-max Seat #2 is the button
Seat 1: ce729bf4 ($6.17 in chips)
Seat 2: 36dd8531 ($8.68 in chips)
Seat 3: 469709fb ($5.66 in chips)
Seat 4: b8d3ad90 ($4.91 in chips)
Seat 5: Hero ($10.31 in chips)
Seat 6: 5298d84 ($4.41 in chips)
469709fb: posts small blind $0.02
b8d3ad90: posts big blind $0.05
*** HOLE CARDS ***
Dealt to ce729bf4 
Dealt to 36dd8531 
Dealt to 469709fb 
Dealt to b8d3ad90 
Dealt to Hero [Js 2h]
Dealt to 5298d84 
Hero: folds
5298d84: folds
ce729bf4: folds
36dd8531: folds
469709fb: folds
Uncalled bet ($0.03) returned to b8d3ad90
*** SHOWDOWN ***
b8d3ad90 collected $0.04 from pot
*** SUMMARY ***
Total pot $0.04 | Rake $0 | Jackpot $0 | Bingo $0 | Fortune $0
Seat 1: ce729bf4 folded before Flop (didn't bet)
Seat 2: 36dd8531 (button) folded before Flop (didn't bet)
Seat 3: 469709fb (small blind) folded before Flop
Seat 4: b8d3ad90 (big blind) collected ($0.04)
Seat 5: Hero folded before Flop (didn't bet)
Seat 6: 5298d84 folded before Flop (didn't bet)


Poker Hand #HD1184555423: Hold'em No Limit  ($0.02/$0.05) - 2023/04/01 09:15:23
Table 'NLHBlue40' 6-max Seat #1 is the button
Seat 1: ce729bf4 ($6.17 in chips)
Seat 2: 36dd8531 ($8.7 in chips)
Seat 3: 469709fb ($5.71 in chips)
Seat 4: b8d3ad90 ($4.84 in chips)
Seat 5: Hero ($10.31 in chips)
Seat 6: 5298d84 ($4.41 in chips)
36dd8531: posts small blind $0.02
469709fb: posts big blind $0.05
*** HOLE CARDS ***
Dealt to ce729bf4 
Dealt to 36dd8531 
Dealt to 469709fb 
Dealt to b8d3ad90 
Dealt to Hero [Ad 7s]
Dealt to 5298d84 
b8d3ad90: raises $0.05 to $0.1
Hero: folds
5298d84: folds
ce729bf4: folds
36dd8531: folds
469709fb: folds
Uncalled bet ($0.05) returned to b8d3ad90
*** SHOWDOWN ***
b8d3ad90 collected $0.12 from pot
*** SUMMARY ***
Total pot $0.12 | Rake $0 | Jackpot $0 | Bingo $0 | Fortune $0
Seat 1: ce729bf4 (button) folded before Flop (didn't bet)
Seat 2: 36dd8531 (small blind) folded before Flop
Seat 3: 469709fb (big blind) folded before Flop
Seat 4: b8d3ad90 collected ($0.12)
Seat 5: Hero folded before Flop (didn't bet)
Seat 6: 5298d84 folded before Flop (didn't bet)


Poker Hand #HD1184555318: Hold'em No Limit  ($0.02/$0.05) - 2023/04/01 09:14:22
Table 'NLHBlue40' 6-max Seat #6 is the button
Seat 1: ce729bf4 ($6.19 in chips)
Seat 2: 36dd8531 ($8.75 in chips)
Seat 3: 469709fb ($5.39 in chips)
Seat 4: b8d3ad90 ($5.12 in chips)
Seat 5: Hero ($10.31 in chips)
Seat 6: 5298d84 ($4.41 in chips)
ce729bf4: posts small blind $0.02
36dd8531: posts big blind $0.05
*** HOLE CARDS ***
Dealt to ce729bf4 
Dealt to 36dd8531 
Dealt to 469709fb 
Dealt to b8d3ad90 
Dealt to Hero [Td Js]
Dealt to 5298d84 
469709fb: raises $0.1 to $0.15
b8d3ad90: calls $0.15
Hero: folds
5298d84: folds
ce729bf4: folds
36dd8531: folds
*** FLOP *** [9c 3s 3d]
469709fb: checks
b8d3ad90: checks
*** TURN *** [9c 3s 3d] [8s]
469709fb: checks
b8d3ad90: bets $0.13
469709fb: calls $0.13
*** RIVER *** [9c 3s 3d 8s] [9d]
469709fb: checks
b8d3ad90: checks
469709fb: shows [As Kh] (Pair of Nines and Pair of Treys)
b8d3ad90: shows [Kc Qc] (Pair of Nines and Pair of Treys)
*** SHOWDOWN ***
469709fb collected $0.6 from pot
*** SUMMARY ***
Total pot $0.63 | Rake $0.03 | Jackpot $0 | Bingo $0 | Fortune $0
Board [9c 3s 3d 8s 9d]
Seat 1: ce729bf4 (small blind) folded before Flop
Seat 2: 36dd8531 (big blind) folded before Flop
Seat 3: 469709fb showed [As Kh] and won ($0.6) with Pair of Nines and Pair of Treys
Seat 4: b8d3ad90 showed [Kc Qc] and lost with Pair of Nines and Pair of Treys
Seat 5: Hero folded before Flop (didn't bet)
Seat 6: 5298d84 (button) folded before Flop (didn't bet)


Poker Hand #HD1184555251: Hold'em No Limit  ($0.02/$0.05) - 2023/04/01 09:13:40
Table 'NLHBlue40' 6-max Seat #5 is the button
Seat 1: ce729bf4 ($5.96 in chips)
Seat 2: 36dd8531 ($8.75 in chips)
Seat 3: 469709fb ($5.39 in chips)
Seat 4: b8d3ad90 ($5.12 in chips)
Seat 5: Hero ($10.43 in chips)
Seat 6: 5298d84 ($4.53 in chips)
5298d84: posts small blind $0.02
ce729bf4: posts big blind $0.05
*** HOLE CARDS ***
Dealt to ce729bf4 
Dealt to 36dd8531 
Dealt to 469709fb 
Dealt to b8d3ad90 
Dealt to Hero [9c Jd]
Dealt to 5298d84 
36dd8531: folds
469709fb: folds
b8d3ad90: folds
Hero: raises $0.07 to $0.12
5298d84: calls $0.1
ce729bf4: raises $0.33 to $0.45
Hero: folds
5298d84: folds
Uncalled bet ($0.33) returned to ce729bf4
*** SHOWDOWN ***
ce729bf4 collected $0.35 from pot
*** SUMMARY ***
Total pot $0.36 | Rake $0.01 | Jackpot $0 | Bingo $0 | Fortune $0
Seat 1: ce729bf4 (big blind) collected ($0.35)
Seat 2: 36dd8531 folded before Flop (didn't bet)
Seat 3: 469709fb folded before Flop (didn't bet)
Seat 4: b8d3ad90 folded before Flop (didn't bet)
Seat 5: Hero (button) folded before Flop
Seat 6: 5298d84 (small blind) folded before Flop


Poker Hand #HD1184555221: Hold'em No Limit  ($0.02/$0.05) - 2023/04/01 09:13:23
Table 'NLHBlue40' 6-max Seat #4 is the button
Seat 1: ce729bf4 ($5.96 in chips)
Seat 2: 36dd8531 ($8.68 in chips)
Seat 3: 469709fb ($5.39 in chips)
Seat 4: b8d3ad90 ($5.12 in chips)
Seat 5: Hero ($10.45 in chips)
Seat 6: 5298d84 ($4.58 in chips)
Hero: posts small blind $0.02
5298d84: posts big blind $0.05
*** HOLE CARDS ***
Dealt to ce729bf4 
Dealt to 36dd8531 
Dealt to 469709fb 
Dealt to b8d3ad90 
Dealt to Hero [9s 8h]
Dealt to 5298d84 
ce729bf4: folds
36dd8531: raises $0.1 to $0.15
469709fb: folds
b8d3ad90: folds
Hero: folds
5298d84: folds
Uncalled bet ($0.1) returned to 36dd8531
*** SHOWDOWN ***
36dd8531 collected $0.12 from pot
*** SUMMARY ***
Total pot $0.12 | Rake $0 | Jackpot $0 | Bingo $0 | Fortune $0
Seat 1: ce729bf4 folded before Flop (didn't bet)
Seat 2: 36dd8531 collected ($0.12)
Seat 3: 469709fb folded before Flop (didn't bet)
Seat 4: b8d3ad90 (button) folded before Flop (didn't bet)
Seat 5: Hero (small blind) folded before Flop
Seat 6: 5298d84 (big blind) folded before Flop


Poker Hand #HD1184555187: Hold'em No Limit  ($0.02/$0.05) - 2023/04/01 09:13:03
Table 'NLHBlue40' 6-max Seat #3 is the button
Seat 1: ce729bf4 ($5.89 in chips)
Seat 2: 36dd8531 ($8.68 in chips)
Seat 3: 469709fb ($5.39 in chips)
Seat 4: b8d3ad90 ($5.14 in chips)
Seat 5: Hero ($10.5 in chips)
Seat 6: 5298d84 ($4.58 in chips)
b8d3ad90: posts small blind $0.02
Hero: posts big blind $0.05
*** HOLE CARDS ***
Dealt to ce729bf4 
Dealt to 36dd8531 
Dealt to 469709fb 
Dealt to b8d3ad90 
Dealt to Hero [4s 5h]
Dealt to 5298d84 
5298d84: folds
ce729bf4: raises $0.1 to $0.15
36dd8531: folds
469709fb: folds
b8d3ad90: folds
Hero: folds
Uncalled bet ($0.1) returned to ce729bf4
*** SHOWDOWN ***
ce729bf4 collected $0.12 from pot
*** SUMMARY ***
Total pot $0.12 | Rake $0 | Jackpot $0 | Bingo $0 | Fortune $0
Seat 1: ce729bf4 collected ($0.12)
Seat 2: 36dd8531 folded before Flop (didn't bet)
Seat 3: 469709fb (button) folded before Flop (didn't bet)
Seat 4: b8d3ad90 (small blind) folded before Flop
Seat 5: Hero (big blind) folded before Flop
Seat 6: 5298d84 folded before Flop (didn't bet)


Poker Hand #HD1184555046: Hold'em No Limit  ($0.02/$0.05) - 2023/04/01 09:11:31
Table 'NLHBlue40' 6-max Seat #2 is the button
Seat 1: ce729bf4 ($4.93 in chips)
Seat 2: 36dd8531 ($9.58 in chips)
Seat 3: 469709fb ($5.54 in chips)
Seat 4: b8d3ad90 ($5.19 in chips)
Seat 5: Hero ($10.5 in chips)
Seat 6: 5298d84 ($4.58 in chips)
469709fb: posts small blind $0.02
b8d3ad90: posts big blind $0.05
*** HOLE CARDS ***
Dealt to ce729bf4 
Dealt to 36dd8531 
Dealt to 469709fb 
Dealt to b8d3ad90 
Dealt to Hero [9c 3h]
Dealt to 5298d84 
Hero: folds
5298d84: folds
ce729bf4: raises $0.1 to $0.15
36dd8531: calls $0.15
469709fb: calls $0.13
b8d3ad90: folds
*** FLOP *** [6c Jc 6s]
469709fb: checks
ce729bf4: bets $0.25
36dd8531: calls $0.25
469709fb: folds
*** TURN *** [6c Jc 6s] [2d]
ce729bf4: bets $0.5
36dd8531: calls $0.5
*** RIVER *** [6c Jc 6s 2d] [Jd]
ce729bf4: checks
36dd8531: checks
ce729bf4: shows [Ac Qc] (Pair of Jacks and Pair of Sixes)
36dd8531: shows [3c 2c] (Pair of Jacks and Pair of Sixes)
*** SHOWDOWN ***
ce729bf4 collected $1.86 from pot
*** SUMMARY ***
Total pot $2 | Rake $0.09 | Jackpot $0.05 | Bingo $0 | Fortune $0
Board [6c Jc 6s 2d Jd]
Seat 1: ce729bf4 showed [Ac Qc] and won ($1.86) with Pair of Jacks and Pair of Sixes
Seat 2: 36dd8531 (button) showed [3c 2c] and lost with Pair of Jacks and Pair of Sixes
Seat 3: 469709fb (small blind) folded on the Flop
Seat 4: b8d3ad90 (big blind) folded before Flop
Seat 5: Hero folded before Flop (didn't bet)
Seat 6: 5298d84 folded before Flop (didn't bet)


Poker Hand #HD1184555020: Hold'em No Limit  ($0.02/$0.05) - 2023/04/01 09:11:18
Table 'NLHBlue40' 6-max Seat #1 is the button
Seat 1: ce729bf4 ($4.93 in chips)
Seat 2: 36dd8531 ($9.6 in chips)
Seat 3: 469709fb ($5.59 in chips)
Seat 4: b8d3ad90 ($5.12 in chips)
Seat 5: Hero ($10.5 in chips)
Seat 6: 5298d84 ($4.58 in chips)
36dd8531: posts small blind $0.02
469709fb: posts big blind $0.05
*** HOLE CARDS ***
Dealt to ce729bf4 
Dealt to 36dd8531 
Dealt to 469709fb 
Dealt to b8d3ad90 
Dealt to Hero [Jd 4h]
Dealt to 5298d84 
b8d3ad90: raises $0.05 to $0.1
Hero: folds
5298d84: folds
ce729bf4: folds
36dd8531: folds
469709fb: folds
Uncalled bet ($0.05) returned to b8d3ad90
*** SHOWDOWN ***
b8d3ad90 collected $0.12 from pot
*** SUMMARY ***
Total pot $0.12 | Rake $0 | Jackpot $0 | Bingo $0 | Fortune $0
Seat 1: ce729bf4 (button) folded before Flop (didn't bet)
Seat 2: 36dd8531 (small blind) folded before Flop
Seat 3: 469709fb (big blind) folded before Flop
Seat 4: b8d3ad90 collected ($0.12)
Seat 5: Hero folded before Flop (didn't bet)
Seat 6: 5298d84 folded before Flop (didn't bet)


Poker Hand #HD1184554982: Hold'em No Limit  ($0.02/$0.05) - 2023/04/01 09:11:01
Table 'NLHBlue40' 6-max Seat #6 is the button
Seat 1: ce729bf4 ($4.95 in chips)
Seat 2: 36dd8531 ($9.65 in chips)
Seat 3: 469709fb ($5.52 in chips)
Seat 4: b8d3ad90 ($5.12 in chips)
Seat 5: Hero ($10.5 in chips)
Seat 6: 5298d84 ($4.58 in chips)
ce729bf4: posts small blind $0.02
36dd8531: posts big blind $0.05
*** HOLE CARDS ***
Dealt to ce729bf4 
Dealt to 36dd8531 
Dealt to 469709fb 
Dealt to b8d3ad90 
Dealt to Hero [8c Kc]
Dealt to 5298d84 
469709fb: raises $0.1 to $0.15
b8d3ad90: folds
Hero: folds
5298d84: folds
ce729bf4: folds
36dd8531: folds
Uncalled bet ($0.1) returned to 469709fb
*** SHOWDOWN ***
469709fb collected $0.12 from pot
*** SUMMARY ***
Total pot $0.12 | Rake $0 | Jackpot $0 | Bingo $0 | Fortune $0
Seat 1: ce729bf4 (small blind) folded before Flop
Seat 2: 36dd8531 (big blind) folded before Flop
Seat 3: 469709fb collected ($0.12)
Seat 4: b8d3ad90 folded before Flop (didn't bet)
Seat 5: Hero folded before Flop (didn't bet)
Seat 6: 5298d84 (button) folded before Flop (didn't bet)


Poker Hand #HD1184554954: Hold'em No Limit  ($0.02/$0.05) - 2023/04/01 09:10:42
Table 'NLHBlue40' 6-max Seat #5 is the button
Seat 1: ce729bf4 ($5 in chips)
Seat 2: 36dd8531 ($9.65 in chips)
Seat 3: 469709fb ($5.52 in chips)
Seat 4: b8d3ad90 ($5.05 in chips)
Seat 5: Hero ($10.5 in chips)
Seat 6: 5298d84 ($4.6 in chips)
5298d84: posts small blind $0.02
ce729bf4: posts big blind $0.05
*** HOLE CARDS ***
Dealt to ce729bf4 
Dealt to 36dd8531 
Dealt to 469709fb 
Dealt to b8d3ad90 
Dealt to Hero [Ks 2s]
Dealt to 5298d84 
36dd8531: folds
469709fb: folds
b8d3ad90: raises $0.05 to $0.1
Hero: folds
5298d84: folds
ce729bf4: folds
Uncalled bet ($0.05) returned to b8d3ad90
*** SHOWDOWN ***
b8d3ad90 collected $0.12 from pot
*** SUMMARY ***
Total pot $0.12 | Rake $0 | Jackpot $0 | Bingo $0 | Fortune $0
Seat 1: ce729bf4 (big blind) folded before Flop
Seat 2: 36dd8531 folded before Flop (didn't bet)
Seat 3: 469709fb folded before Flop (didn't bet)
Seat 4: b8d3ad90 collected ($0.12)
Seat 5: Hero (button) folded before Flop (didn't bet)
Seat 6: 5298d84 (small blind) folded before Flop


Poker Hand #HD1184554878: Hold'em No Limit  ($0.02/$0.05) - 2023/04/01 09:09:54
Table 'NLHBlue40' 6-max Seat #4 is the button
Seat 2: 36dd8531 ($9.33 in chips)
Seat 3: 469709fb ($5.52 in chips)
Seat 4: b8d3ad90 ($5.33 in chips)
Seat 5: Hero ($10.52 in chips)
Seat 6: 5298d84 ($4.65 in chips)
Hero: posts small blind $0.02
5298d84: posts big blind $0.05
*** HOLE CARDS ***
Dealt to 36dd8531 
Dealt to 469709fb 
Dealt to b8d3ad90 
Dealt to Hero [2c 3d]
Dealt to 5298d84 
36dd8531: raises $0.1 to $0.15
469709fb: folds
b8d3ad90: calls $0.15
Hero: folds
5298d84: folds
*** FLOP *** [3s Ac 4h]
36dd8531: bets $0.13
b8d3ad90: calls $0.13
*** TURN *** [3s Ac 4h] [9h]
36dd8531: checks
b8d3ad90: checks
*** RIVER *** [3s Ac 4h 9h] [9s]
36dd8531: bets $0.63
b8d3ad90: folds
Uncalled bet ($0.63) returned to 36dd8531
*** SHOWDOWN ***
36dd8531 collected $0.6 from pot
*** SUMMARY ***
Total pot $0.63 | Rake $0.03 | Jackpot $0 | Bingo $0 | Fortune $0
Board [3s Ac 4h 9h 9s]
Seat 2: 36dd8531 won ($0.6)
Seat 3: 469709fb folded before Flop (didn't bet)
Seat 4: b8d3ad90 (button) folded on the River
Seat 5: Hero (small blind) folded before Flop
Seat 6: 5298d84 (big blind) folded before Flop


Poker Hand #HD1184554760: Hold'em No Limit  ($0.02/$0.05) - 2023/04/01 09:08:45
Table 'NLHBlue40' 6-max Seat #3 is the button
Seat 2: 36dd8531 ($8.66 in chips)
Seat 3: 469709fb ($5.52 in chips)
Seat 4: b8d3ad90 ($5.48 in chips)
Seat 5: Hero ($10.57 in chips)
Seat 6: 5298d84 ($5.18 in chips)
b8d3ad90: posts small blind $0.02
Hero: posts big blind $0.05
*** HOLE CARDS ***
Dealt to 36dd8531 
Dealt to 469709fb 
Dealt to b8d3ad90 
Dealt to Hero [5h Kc]
Dealt to 5298d84 
5298d84: raises $0.1 to $0.15
36dd8531: calls $0.15
469709fb: folds
b8d3ad90: calls $0.13
Hero: folds
*** FLOP *** [6c Js 4d]
b8d3ad90: checks
5298d84: bets $0.38
36dd8531: calls $0.38
b8d3ad90: folds
*** TURN *** [6c Js 4d] [6s]
5298d84: checks
36dd8531: checks
*** RIVER *** [6c Js 4d 6s] [Ac]
5298d84: checks
36dd8531: checks
5298d84: shows [3c 4c] (Pair of Sixes and Pair of Fours)
36dd8531: shows [9h Jh] (Pair of Jacks and Pair of Sixes)
*** SHOWDOWN ***
36dd8531 collected $1.2 from pot
*** SUMMARY ***
Total pot $1.26 | Rake $0.06 | Jackpot $0 | Bingo $0 | Fortune $0
Board [6c Js 4d 6s Ac]
Seat 2: 36dd8531 showed [9h Jh] and won ($1.2) with Pair of Jacks and Pair of Sixes
Seat 3: 469709fb (button) folded before Flop (didn't bet)
Seat 4: b8d3ad90 (small blind) folded on the Flop
Seat 5: Hero (big blind) folded before Flop
Seat 6: 5298d84 showed [3c 4c] and lost with Pair of Sixes and Pair of Fours


Poker Hand #HD1184554740: Hold'em No Limit  ($0.02/$0.05) - 2023/04/01 09:08:31
Table 'NLHBlue40' 6-max Seat #2 is the button
Seat 2: 36dd8531 ($8.66 in chips)
Seat 3: 469709fb ($5.47 in chips)
Seat 4: b8d3ad90 ($5.53 in chips)
Seat 5: Hero ($10.57 in chips)
Seat 6: 5298d84 ($5.18 in chips)
469709fb: posts small blind $0.02
b8d3ad90: posts big blind $0.05
*** HOLE CARDS ***
Dealt to 36dd8531 
Dealt to 469709fb 
Dealt to b8d3ad90 
Dealt to Hero [Kh 4s]
Dealt to 5298d84 
Hero: folds
5298d84: folds
36dd8531: folds
469709fb: raises $0.1 to $0.15
b8d3ad90: folds
Uncalled bet ($0.1) returned to 469709fb
*** SHOWDOWN ***
469709fb collected $0.1 from pot
*** SUMMARY ***
Total pot $0.1 | Rake $0 | Jackpot $0 | Bingo $0 | Fortune $0
Seat 2: 36dd8531 (button) folded before Flop (didn't bet)
Seat 3: 469709fb (small blind) collected ($0.1)
Seat 4: b8d3ad90 (big blind) folded before Flop
Seat 5: Hero folded before Flop (didn't bet)
Seat 6: 5298d84 folded before Flop (didn't bet)


Poker Hand #HD1184554705: Hold'em No Limit  ($0.02/$0.05) - 2023/04/01 09:08:11
Table 'NLHBlue40' 6-max Seat #6 is the button
Seat 2: 36dd8531 ($8.68 in chips)
Seat 3: 469709fb ($5.52 in chips)
Seat 4: b8d3ad90 ($5.53 in chips)
Seat 5: Hero ($10.5 in chips)
Seat 6: 5298d84 ($5.18 in chips)
36dd8531: posts small blind $0.02
469709fb: posts big blind $0.05
*** HOLE CARDS ***
Dealt to 36dd8531 
Dealt to 469709fb 
Dealt to b8d3ad90 
Dealt to Hero [Ah 9d]
Dealt to 5298d84 
b8d3ad90: folds
Hero: raises $0.07 to $0.12
5298d84: folds
36dd8531: folds
469709fb: folds
Uncalled bet ($0.07) returned to Hero
*** SHOWDOWN ***
Hero collected $0.12 from pot
*** SUMMARY ***
Total pot $0.12 | Rake $0 | Jackpot $0 | Bingo $0 | Fortune $0
Seat 2: 36dd8531 (small blind) folded before Flop
Seat 3: 469709fb (big blind) folded before Flop
Seat 4: b8d3ad90 folded before Flop (didn't bet)
Seat 5: Hero collected ($0.12)
Seat 6: 5298d84 (button) folded before Flop (didn't bet)


Poker Hand #HD1184554676: Hold'em No Limit  ($0.02/$0.05) - 2023/04/01 09:07:53
Table 'NLHBlue40' 6-max Seat #5 is the button
Seat 2: 36dd8531 ($8.66 in chips)
Seat 3: 469709fb ($5.52 in chips)
Seat 4: b8d3ad90 ($5.53 in chips)
Seat 5: Hero ($10.5 in chips)
Seat 6: 5298d84 ($5.2 in chips)
5298d84: posts small blind $0.02
36dd8531: posts big blind $0.05
*** HOLE CARDS ***
Dealt to 36dd8531 
Dealt to 469709fb 
Dealt to b8d3ad90 
Dealt to Hero [3c Jd]
Dealt to 5298d84 
469709fb: folds
b8d3ad90: folds
Hero: folds
5298d84: folds
Uncalled bet ($0.03) returned to 36dd8531
*** SHOWDOWN ***
36dd8531 collected $0.04 from pot
*** SUMMARY ***
Total pot $0.04 | Rake $0 | Jackpot $0 | Bingo $0 | Fortune $0
Seat 2: 36dd8531 (big blind) collected ($0.04)
Seat 3: 469709fb folded before Flop (didn't bet)
Seat 4: b8d3ad90 folded before Flop (didn't bet)
Seat 5: Hero (button) folded before Flop (didn't bet)
Seat 6: 5298d84 (small blind) folded before Flop


Poker Hand #HD1184554650: Hold'em No Limit  ($0.02/$0.05) - 2023/04/01 09:07:33
Table 'NLHBlue40' 6-max Seat #4 is the button
Seat 2: 36dd8531 ($8.66 in chips)
Seat 3: 469709fb ($5.45 in chips)
Seat 4: b8d3ad90 ($5.53 in chips)
Seat 5: Hero ($10.52 in chips)
Seat 6: 5298d84 ($5.25 in chips)
Hero: posts small blind $0.02
5298d84: posts big blind $0.05
*** HOLE CARDS ***
Dealt to 36dd8531 
Dealt to 469709fb 
Dealt to b8d3ad90 
Dealt to Hero [3c 9c]
Dealt to 5298d84 
36dd8531: folds
469709fb: raises $0.08 to $0.13
b8d3ad90: folds
Hero: folds
5298d84: folds
Uncalled bet ($0.08) returned to 469709fb
*** SHOWDOWN ***
469709fb collected $0.12 from pot
*** SUMMARY ***
Total pot $0.12 | Rake $0 | Jackpot $0 | Bingo $0 | Fortune $0
Seat 2: 36dd8531 folded before Flop (didn't bet)
Seat 3: 469709fb collected ($0.12)
Seat 4: b8d3ad90 (button) folded before Flop (didn't bet)
Seat 5: Hero (small blind) folded before Flop
Seat 6: 5298d84 (big blind) folded before Flop


Poker Hand #HD1184554621: Hold'em No Limit  ($0.02/$0.05) - 2023/04/01 09:07:17
Table 'NLHBlue40' 6-max Seat #3 is the button
Seat 2: 36dd8531 ($8.66 in chips)
Seat 3: 469709fb ($5.45 in chips)
Seat 4: b8d3ad90 ($5.55 in chips)
Seat 5: Hero ($10.5 in chips)
Seat 6: 5298d84 ($5.25 in chips)
b8d3ad90: posts small blind $0.02
Hero: posts big blind $0.05
*** HOLE CARDS ***
Dealt to 36dd8531 
Dealt to 469709fb 
Dealt to b8d3ad90 
Dealt to Hero [5h 8s]
Dealt to 5298d84 
5298d84: folds
36dd8531: folds
469709fb: folds
b8d3ad90: folds
Uncalled bet ($0.03) returned to Hero
*** SHOWDOWN ***
Hero collected $0.04 from pot
*** SUMMARY ***
Total pot $0.04 | Rake $0 | Jackpot $0 | Bingo $0 | Fortune $0
Seat 2: 36dd8531 folded before Flop (didn't bet)
Seat 3: 469709fb (button) folded before Flop (didn't bet)
Seat 4: b8d3ad90 (small blind) folded before Flop
Seat 5: Hero (big blind) collected ($0.04)
Seat 6: 5298d84 folded before Flop (didn't bet)


Poker Hand #HD1184554554: Hold'em No Limit  ($0.02/$0.05) - 2023/04/01 09:06:40
Table 'NLHBlue40' 6-max Seat #2 is the button
Seat 2: 36dd8531 ($8.81 in chips)
Seat 3: 469709fb ($5.47 in chips)
Seat 4: b8d3ad90 ($5.6 in chips)
Seat 5: Hero ($10.5 in chips)
Seat 6: 5298d84 ($5.04 in chips)
469709fb: posts small blind $0.02
b8d3ad90: posts big blind $0.05
*** HOLE CARDS ***
Dealt to 36dd8531 
Dealt to 469709fb 
Dealt to b8d3ad90 
Dealt to Hero [6s 9s]
Dealt to 5298d84 
Hero: folds
5298d84: raises $0.1 to $0.15
36dd8531: calls $0.15
469709fb: folds
b8d3ad90: folds
*** FLOP *** [3h Jc Ad]
5298d84: bets $0.28
36dd8531: folds
Uncalled bet ($0.28) returned to 5298d84
*** SHOWDOWN ***
5298d84 collected $0.36 from pot
*** SUMMARY ***
Total pot $0.37 | Rake $0.01 | Jackpot $0 | Bingo $0 | Fortune $0
Board [3h Jc Ad]
Seat 2: 36dd8531 (button) folded on the Flop
Seat 3: 469709fb (small blind) folded before Flop
Seat 4: b8d3ad90 (big blind) folded before Flop
Seat 5: Hero folded before Flop (didn't bet)
Seat 6: 5298d84 won ($0.36)


Poker Hand #HD1184554541: Hold'em No Limit  ($0.02/$0.05) - 2023/04/01 09:06:31
Table 'NLHBlue40' 6-max Seat #6 is the button
Seat 2: 36dd8531 ($8.83 in chips)
Seat 3: 469709fb ($5.52 in chips)
Seat 4: b8d3ad90 ($5.53 in chips)
Seat 5: Hero ($10.5 in chips)
Seat 6: 5298d84 ($5.04 in chips)
36dd8531: posts small blind $0.02
469709fb: posts big blind $0.05
*** HOLE CARDS ***
Dealt to 36dd8531 
Dealt to 469709fb 
Dealt to b8d3ad90 
Dealt to Hero [2s 2c]
Dealt to 5298d84 
b8d3ad90: raises $0.05 to $0.1
Hero: folds
5298d84: folds
36dd8531: folds
469709fb: folds
Uncalled bet ($0.05) returned to b8d3ad90
*** SHOWDOWN ***
b8d3ad90 collected $0.12 from pot
*** SUMMARY ***
Total pot $0.12 | Rake $0 | Jackpot $0 | Bingo $0 | Fortune $0
Seat 2: 36dd8531 (small blind) folded before Flop
Seat 3: 469709fb (big blind) folded before Flop
Seat 4: b8d3ad90 collected ($0.12)
Seat 5: Hero folded before Flop (didn't bet)
Seat 6: 5298d84 (button) folded before Flop (didn't bet)


Poker Hand #HD1184554491: Hold'em No Limit  ($0.02/$0.05) - 2023/04/01 09:06:01
Table 'NLHBlue40' 6-max Seat #5 is the button
Seat 2: 36dd8531 ($8.95 in chips)
Seat 3: 469709fb ($5.52 in chips)
Seat 4: b8d3ad90 ($5.53 in chips)
Seat 5: Hero ($10.37 in chips)
Seat 6: 5298d84 ($5.06 in chips)
5298d84: posts small blind $0.02
36dd8531: posts big blind $0.05
*** HOLE CARDS ***
Dealt to 36dd8531 
Dealt to 469709fb 
Dealt to b8d3ad90 
Dealt to Hero [Js Jd]
Dealt to 5298d84 
469709fb: folds
b8d3ad90: folds
Hero: raises $0.07 to $0.12
5298d84: folds
36dd8531: calls $0.07
*** FLOP *** [As Ah 7h]
36dd8531: checks
Hero: bets $0.09
36dd8531: folds
Uncalled bet ($0.09) returned to Hero
*** SHOWDOWN ***
Hero collected $0.25 from pot
*** SUMMARY ***
Total pot $0.26 | Rake $0.01 | Jackpot $0 | Bingo $0 | Fortune $0
Board [As Ah 7h]
Seat 2: 36dd8531 (big blind) folded on the Flop
Seat 3: 469709fb folded before Flop (didn't bet)
Seat 4: b8d3ad90 folded before Flop (didn't bet)
Seat 5: Hero (button) won ($0.25)
Seat 6: 5298d84 (small blind) folded before Flop


Poker Hand #HD1184554464: Hold'em No Limit  ($0.02/$0.05) - 2023/04/01 09:05:45
Table 'NLHBlue40' 6-max Seat #4 is the button
Seat 1: 4e6fe2ed ($5 in chips)
Seat 2: 36dd8531 ($8.95 in chips)
Seat 3: 469709fb ($5.52 in chips)
Seat 4: b8d3ad90 ($5.53 in chips)
Seat 5: Hero ($10.32 in chips)
Seat 6: 5298d84 ($5.11 in chips)
Hero: posts small blind $0.02
5298d84: posts big blind $0.05
*** HOLE CARDS ***
Dealt to 4e6fe2ed 
Dealt to 36dd8531 
Dealt to 469709fb 
Dealt to b8d3ad90 
Dealt to Hero [Ks 7h]
Dealt to 5298d84 
4e6fe2ed: folds
36dd8531: folds
469709fb: folds
b8d3ad90: folds
Hero: raises $0.09 to $0.14
5298d84: folds
Uncalled bet ($0.09) returned to Hero
*** SHOWDOWN ***
Hero collected $0.1 from pot
*** SUMMARY ***
Total pot $0.1 | Rake $0 | Jackpot $0 | Bingo $0 | Fortune $0
Seat 1: 4e6fe2ed folded before Flop (didn't bet)
Seat 2: 36dd8531 folded before Flop (didn't bet)
Seat 3: 469709fb folded before Flop (didn't bet)
Seat 4: b8d3ad90 (button) folded before Flop (didn't bet)
Seat 5: Hero (small blind) collected ($0.1)
Seat 6: 5298d84 (big blind) folded before Flop


Poker Hand #HD1184554353: Hold'em No Limit  ($0.02/$0.05) - 2023/04/01 09:04:38
Table 'NLHBlue40' 6-max Seat #3 is the button
Seat 1: 4e6fe2ed ($5 in chips)
Seat 2: 36dd8531 ($8.95 in chips)
Seat 3: 469709fb ($5.52 in chips)
Seat 4: b8d3ad90 ($4.81 in chips)
Seat 5: Hero ($11.17 in chips)
Seat 6: 5298d84 ($5.11 in chips)
b8d3ad90: posts small blind $0.02
Hero: posts big blind $0.05
*** HOLE CARDS ***
Dealt to 4e6fe2ed 
Dealt to 36dd8531 
Dealt to 469709fb 
Dealt to b8d3ad90 
Dealt to Hero [8s Qs]
Dealt to 5298d84 
5298d84: folds
4e6fe2ed: folds
36dd8531: folds
469709fb: folds
b8d3ad90: raises $0.05 to $0.1
Hero: calls $0.05
*** FLOP *** [Td 5h 9d]
b8d3ad90: checks
Hero: checks
*** TURN *** [Td 5h 9d] [8c]
b8d3ad90: bets $0.07
Hero: calls $0.07
*** RIVER *** [Td 5h 9d 8c] [Jd]
b8d3ad90: bets $0.23
Hero: raises $0.45 to $0.68
b8d3ad90: calls $0.45
Hero: shows [8s Qs] (Queens-High Straight)
b8d3ad90: shows [Qc Ks] (Kings-High Straight)
*** SHOWDOWN ***
b8d3ad90 collected $1.57 from pot
*** SUMMARY ***
Total pot $1.7 | Rake $0.08 | Jackpot $0.05 | Bingo $0 | Fortune $0
Board [Td 5h 9d 8c Jd]
Seat 1: 4e6fe2ed folded before Flop (didn't bet)
Seat 2: 36dd8531 folded before Flop (didn't bet)
Seat 3: 469709fb (button) folded before Flop (didn't bet)
Seat 4: b8d3ad90 (small blind) showed [Qc Ks] and won ($1.57) with Kings-High Straight
Seat 5: Hero (big blind) showed [8s Qs] and lost with Queens-High Straight
Seat 6: 5298d84 folded before Flop (didn't bet)


Poker Hand #HD1184554291: Hold'em No Limit  ($0.02/$0.05) - 2023/04/01 09:04:00
Table 'NLHBlue40' 6-max Seat #2 is the button
Seat 1: 4e6fe2ed ($5 in chips)
Seat 2: 36dd8531 ($8.95 in chips)
Seat 3: 469709fb ($5.47 in chips)
Seat 4: b8d3ad90 ($4.86 in chips)
Seat 5: Hero ($11.17 in chips)
Seat 6: 5298d84 ($5.11 in chips)
469709fb: posts small blind $0.02
b8d3ad90: posts big blind $0.05
*** HOLE CARDS ***
Dealt to 4e6fe2ed 
Dealt to 36dd8531 
Dealt to 469709fb 
Dealt to b8d3ad90 
Dealt to Hero [Kd 3h]
Dealt to 5298d84 
Hero: folds
5298d84: folds
4e6fe2ed: folds
36dd8531: folds
469709fb: raises $0.08 to $0.13
b8d3ad90: folds
Uncalled bet ($0.08) returned to 469709fb
*** SHOWDOWN ***
469709fb collected $0.1 from pot
*** SUMMARY ***
Total pot $0.1 | Rake $0 | Jackpot $0 | Bingo $0 | Fortune $0
Seat 1: 4e6fe2ed folded before Flop (didn't bet)
Seat 2: 36dd8531 (button) folded before Flop (didn't bet)
Seat 3: 469709fb (small blind) collected ($0.1)
Seat 4: b8d3ad90 (big blind) folded before Flop
Seat 5: Hero folded before Flop (didn't bet)
Seat 6: 5298d84 folded before Flop (didn't bet)


Poker Hand #HD1184554107: Hold'em No Limit  ($0.02/$0.05) - 2023/04/01 09:02:09
Table 'NLHBlue40' 6-max Seat #1 is the button
Seat 1: 4e6fe2ed ($6.04 in chips)
Seat 2: 36dd8531 ($4.71 in chips)
Seat 3: 469709fb ($5.52 in chips)
Seat 4: b8d3ad90 ($4.86 in chips)
Seat 5: Hero ($11.17 in chips)
Seat 6: 5298d84 ($5.11 in chips)
36dd8531: posts small blind $0.02
469709fb: posts big blind $0.05
*** HOLE CARDS ***
Dealt to 4e6fe2ed 
Dealt to 36dd8531 
Dealt to 469709fb 
Dealt to b8d3ad90 
Dealt to Hero [Qs 7s]
Dealt to 5298d84 
b8d3ad90: folds
Hero: folds
5298d84: folds
4e6fe2ed: raises $0.1 to $0.15
36dd8531: raises $0.28 to $0.43
469709fb: folds
4e6fe2ed: raises $0.69 to $1.12
36dd8531: calls $0.69
*** FLOP *** [3h 7d 9d]
36dd8531: checks
4e6fe2ed: bets $1.15
36dd8531: raises $2.44 to $3.59 and is all-in
4e6fe2ed: calls $2.44
36dd8531: shows [6h 5h] (Nine-High)
4e6fe2ed: shows [Ad As] (Pair of Aces)
*** TURN *** [3h 7d 9d] [4h]
*** RIVER *** [3h 7d 9d 4h] [Kc]
*** SHOWDOWN ***
36dd8531 collected $8.95 from pot
*** SUMMARY ***
Total pot $9.47 | Rake $0.47 | Jackpot $0.05 | Bingo $0 | Fortune $0
Board [3h 7d 9d 4h Kc]
Seat 1: 4e6fe2ed (button) showed [Ad As] and lost with Pair of Aces
Seat 2: 36dd8531 (small blind) showed [6h 5h] and won ($8.95) with Sevens-High Straight
Seat 3: 469709fb (big blind) folded before Flop
Seat 4: b8d3ad90 folded before Flop (didn't bet)
Seat 5: Hero folded before Flop (didn't bet)
Seat 6: 5298d84 folded before Flop (didn't bet)


Poker Hand #HD1184554077: Hold'em No Limit  ($0.02/$0.05) - 2023/04/01 09:01:53
Table 'NLHBlue40' 6-max Seat #6 is the button
Seat 1: 4e6fe2ed ($5.99 in chips)
Seat 2: 36dd8531 ($4.76 in chips)
Seat 3: 469709fb ($5.52 in chips)
Seat 4: b8d3ad90 ($4.86 in chips)
Seat 5: Hero ($11.17 in chips)
Seat 6: 5298d84 ($5.11 in chips)
4e6fe2ed: posts small blind $0.02
36dd8531: posts big blind $0.05
*** HOLE CARDS ***
Dealt to 4e6fe2ed 
Dealt to 36dd8531 
Dealt to 469709fb 
Dealt to b8d3ad90 
Dealt to Hero [2h 8h]
Dealt to 5298d84 
469709fb: folds
b8d3ad90: folds
Hero: folds
5298d84: folds
4e6fe2ed: raises $0.05 to $0.1
36dd8531: folds
Uncalled bet ($0.05) returned to 4e6fe2ed
*** SHOWDOWN ***
4e6fe2ed collected $0.1 from pot
*** SUMMARY ***
Total pot $0.1 | Rake $0 | Jackpot $0 | Bingo $0 | Fortune $0
Seat 1: 4e6fe2ed (small blind) collected ($0.1)
Seat 2: 36dd8531 (big blind) folded before Flop
Seat 3: 469709fb folded before Flop (didn't bet)
Seat 4: b8d3ad90 folded before Flop (didn't bet)
Seat 5: Hero folded before Flop (didn't bet)
Seat 6: 5298d84 (button) folded before Flop (didn't bet)


Poker Hand #HD1184554047: Hold'em No Limit  ($0.02/$0.05) - 2023/04/01 09:01:37
Table 'NLHBlue40' 6-max Seat #5 is the button
Seat 1: 4e6fe2ed ($5.97 in chips)
Seat 2: 36dd8531 ($4.76 in chips)
Seat 3: 469709fb ($5.52 in chips)
Seat 4: b8d3ad90 ($4.86 in chips)
Seat 5: Hero ($11.17 in chips)
Seat 6: 5298d84 ($5.13 in chips)
5298d84: posts small blind $0.02
4e6fe2ed: posts big blind $0.05
*** HOLE CARDS ***
Dealt to 4e6fe2ed 
Dealt to 36dd8531 
Dealt to 469709fb 
Dealt to b8d3ad90 
Dealt to Hero [Qh 5c]
Dealt to 5298d84 
36dd8531: folds
469709fb: folds
b8d3ad90: folds
Hero: folds
5298d84: folds
Uncalled bet ($0.03) returned to 4e6fe2ed
*** SHOWDOWN ***
4e6fe2ed collected $0.04 from pot
*** SUMMARY ***
Total pot $0.04 | Rake $0 | Jackpot $0 | Bingo $0 | Fortune $0
Seat 1: 4e6fe2ed (big blind) collected ($0.04)
Seat 2: 36dd8531 folded before Flop (didn't bet)
Seat 3: 469709fb folded before Flop (didn't bet)
Seat 4: b8d3ad90 folded before Flop (didn't bet)
Seat 5: Hero (button) folded before Flop (didn't bet)
Seat 6: 5298d84 (small blind) folded before Flop


Poker Hand #HD1184554005: Hold'em No Limit  ($0.02/$0.05) - 2023/04/01 09:01:14
Table 'NLHBlue40' 6-max Seat #4 is the button
Seat 1: 4e6fe2ed ($5.97 in chips)
Seat 2: 36dd8531 ($4.76 in chips)
Seat 3: 469709fb ($5.45 in chips)
Seat 4: b8d3ad90 ($4.86 in chips)
Seat 5: Hero ($11.19 in chips)
Seat 6: 5298d84 ($5.18 in chips)
Hero: posts small blind $0.02
5298d84: posts big blind $0.05
*** HOLE CARDS ***
Dealt to 4e6fe2ed 
Dealt to 36dd8531 
Dealt to 469709fb 
Dealt to b8d3ad90 
Dealt to Hero [Td 7s]
Dealt to 5298d84 
4e6fe2ed: folds
36dd8531: folds
469709fb: raises $0.1 to $0.15
b8d3ad90: folds
Hero: folds
5298d84: folds
Uncalled bet ($0.1) returned to 469709fb
*** SHOWDOWN ***
469709fb collected $0.12 from pot
*** SUMMARY ***
Total pot $0.12 | Rake $0 | Jackpot $0 | Bingo $0 | Fortune $0
Seat 1: 4e6fe2ed folded before Flop (didn't bet)
Seat 2: 36dd8531 folded before Flop (didn't bet)
Seat 3: 469709fb collected ($0.12)
Seat 4: b8d3ad90 (button) folded before Flop (didn't bet)
Seat 5: Hero (small blind) folded before Flop
Seat 6: 5298d84 (big blind) folded before Flop


Poker Hand #HD1184553973: Hold'em No Limit  ($0.02/$0.05) - 2023/04/01 09:00:58
Table 'NLHBlue40' 6-max Seat #3 is the button
Seat 1: 4e6fe2ed ($5.97 in chips)
Seat 2: 36dd8531 ($4.76 in chips)
Seat 3: 469709fb ($5.38 in chips)
Seat 4: b8d3ad90 ($4.88 in chips)
Seat 5: Hero ($11.24 in chips)
Seat 6: 5298d84 ($5.18 in chips)
b8d3ad90: posts small blind $0.02
Hero: posts big blind $0.05
*** HOLE CARDS ***
Dealt to 4e6fe2ed 
Dealt to 36dd8531 
Dealt to 469709fb 
Dealt to b8d3ad90 
Dealt to Hero [4c 3s]
Dealt to 5298d84 
5298d84: folds
4e6fe2ed: folds
36dd8531: folds
469709fb: raises $0.1 to $0.15
b8d3ad90: folds
Hero: folds
Uncalled bet ($0.1) returned to 469709fb
*** SHOWDOWN ***
469709fb collected $0.12 from pot
*** SUMMARY ***
Total pot $0.12 | Rake $0 | Jackpot $0 | Bingo $0 | Fortune $0
Seat 1: 4e6fe2ed folded before Flop (didn't bet)
Seat 2: 36dd8531 folded before Flop (didn't bet)
Seat 3: 469709fb (button) collected ($0.12)
Seat 4: b8d3ad90 (small blind) folded before Flop
Seat 5: Hero (big blind) folded before Flop
Seat 6: 5298d84 folded before Flop (didn't bet)


Poker Hand #HD1184553939: Hold'em No Limit  ($0.02/$0.05) - 2023/04/01 09:00:42
Table 'NLHBlue40' 6-max Seat #2 is the button
Seat 1: 4e6fe2ed ($5.9 in chips)
Seat 2: 36dd8531 ($4.76 in chips)
Seat 3: 469709fb ($5.4 in chips)
Seat 4: b8d3ad90 ($4.93 in chips)
Seat 5: Hero ($11.24 in chips)
Seat 6: 5298d84 ($5.18 in chips)
469709fb: posts small blind $0.02
b8d3ad90: posts big blind $0.05
*** HOLE CARDS ***
Dealt to 4e6fe2ed 
Dealt to 36dd8531 
Dealt to 469709fb 
Dealt to b8d3ad90 
Dealt to Hero [2c 4s]
Dealt to 5298d84 
Hero: folds
5298d84: folds
4e6fe2ed: raises $0.05 to $0.1
36dd8531: folds
469709fb: folds
b8d3ad90: folds
Uncalled bet ($0.05) returned to 4e6fe2ed
*** SHOWDOWN ***
4e6fe2ed collected $0.12 from pot
*** SUMMARY ***
Total pot $0.12 | Rake $0 | Jackpot $0 | Bingo $0 | Fortune $0
Seat 1: 4e6fe2ed collected ($0.12)
Seat 2: 36dd8531 (button) folded before Flop (didn't bet)
Seat 3: 469709fb (small blind) folded before Flop
Seat 4: b8d3ad90 (big blind) folded before Flop
Seat 5: Hero folded before Flop (didn't bet)
Seat 6: 5298d84 folded before Flop (didn't bet)


Poker Hand #HD1184553864: Hold'em No Limit  ($0.02/$0.05) - 2023/04/01 08:59:58
Table 'NLHBlue40' 6-max Seat #1 is the button
Seat 1: 4e6fe2ed ($5.9 in chips)
Seat 2: 36dd8531 ($5.01 in chips)
Seat 3: 469709fb ($5.17 in chips)
Seat 4: b8d3ad90 ($4.93 in chips)
Seat 5: Hero ($11.24 in chips)
Seat 6: 5298d84 ($5.18 in chips)
36dd8531: posts small blind $0.02
469709fb: posts big blind $0.05
*** HOLE CARDS ***
Dealt to 4e6fe2ed 
Dealt to 36dd8531 
Dealt to 469709fb 
Dealt to b8d3ad90 
Dealt to Hero [Qc 6h]
Dealt to 5298d84 
b8d3ad90: folds
Hero: folds
5298d84: folds
4e6fe2ed: folds
36dd8531: raises $0.1 to $0.15
469709fb: calls $0.1
*** FLOP *** [Ks Th Tc]
36dd8531: bets $0.1
469709fb: raises $0.25 to $0.35
36dd8531: folds
Uncalled bet ($0.25) returned to 469709fb
*** SHOWDOWN ***
469709fb collected $0.48 from pot
*** SUMMARY ***
Total pot $0.5 | Rake $0.02 | Jackpot $0 | Bingo $0 | Fortune $0
Board [Ks Th Tc]
Seat 1: 4e6fe2ed (button) folded before Flop (didn't bet)
Seat 2: 36dd8531 (small blind) folded on the Flop
Seat 3: 469709fb (big blind) won ($0.48)
Seat 4: b8d3ad90 folded before Flop (didn't bet)
Seat 5: Hero folded before Flop (didn't bet)
Seat 6: 5298d84 folded before Flop (didn't bet)


Poker Hand #HD1184553831: Hold'em No Limit  ($0.02/$0.05) - 2023/04/01 08:59:37
Table 'NLHBlue40' 6-max Seat #6 is the button
Seat 1: 4e6fe2ed ($5.85 in chips)
Seat 2: 36dd8531 ($5.06 in chips)
Seat 3: 469709fb ($5.17 in chips)
Seat 4: b8d3ad90 ($4.93 in chips)
Seat 5: Hero ($11.24 in chips)
Seat 6: 5298d84 ($5.18 in chips)
4e6fe2ed: posts small blind $0.02
36dd8531: posts big blind $0.05
*** HOLE CARDS ***
Dealt to 4e6fe2ed 
Dealt to 36dd8531 
Dealt to 469709fb 
Dealt to b8d3ad90 
Dealt to Hero [Jc 3d]
Dealt to 5298d84 
469709fb: folds
b8d3ad90: folds
Hero: folds
5298d84: folds
4e6fe2ed: raises $0.05 to $0.1
36dd8531: folds
Uncalled bet ($0.05) returned to 4e6fe2ed
*** SHOWDOWN ***
4e6fe2ed collected $0.1 from pot
*** SUMMARY ***
Total pot $0.1 | Rake $0 | Jackpot $0 | Bingo $0 | Fortune $0
Seat 1: 4e6fe2ed (small blind) collected ($0.1)
Seat 2: 36dd8531 (big blind) folded before Flop
Seat 3: 469709fb folded before Flop (didn't bet)
Seat 4: b8d3ad90 folded before Flop (didn't bet)
Seat 5: Hero folded before Flop (didn't bet)
Seat 6: 5298d84 (button) folded before Flop (didn't bet)


Poker Hand #HD1184553796: Hold'em No Limit  ($0.02/$0.05) - 2023/04/01 08:59:15
Table 'NLHBlue40' 6-max Seat #5 is the button
Seat 1: 4e6fe2ed ($5.9 in chips)
Seat 2: 36dd8531 ($5.06 in chips)
Seat 3: 469709fb ($5.17 in chips)
Seat 4: b8d3ad90 ($4.93 in chips)
Seat 5: Hero ($11.24 in chips)
Seat 6: 5298d84 ($5.13 in chips)
5298d84: posts small blind $0.02
4e6fe2ed: posts big blind $0.05
*** HOLE CARDS ***
Dealt to 4e6fe2ed 
Dealt to 36dd8531 
Dealt to 469709fb 
Dealt to b8d3ad90 
Dealt to Hero [3c 5c]
Dealt to 5298d84 
36dd8531: folds
469709fb: folds
b8d3ad90: folds
Hero: folds
5298d84: raises $0.1 to $0.15
4e6fe2ed: folds
Uncalled bet ($0.1) returned to 5298d84
*** SHOWDOWN ***
5298d84 collected $0.1 from pot
*** SUMMARY ***
Total pot $0.1 | Rake $0 | Jackpot $0 | Bingo $0 | Fortune $0
Seat 1: 4e6fe2ed (big blind) folded before Flop
Seat 2: 36dd8531 folded before Flop (didn't bet)
Seat 3: 469709fb folded before Flop (didn't bet)
Seat 4: b8d3ad90 folded before Flop (didn't bet)
Seat 5: Hero (button) folded before Flop (didn't bet)
Seat 6: 5298d84 (small blind) collected ($0.1)


Poker Hand #HD1184553770: Hold'em No Limit  ($0.02/$0.05) - 2023/04/01 08:59:01
Table 'NLHBlue40' 6-max Seat #4 is the button
Seat 1: 4e6fe2ed ($5.9 in chips)
Seat 2: 36dd8531 ($5.06 in chips)
Seat 3: 469709fb ($5.17 in chips)
Seat 4: b8d3ad90 ($4.86 in chips)
Seat 5: Hero ($11.26 in chips)
Seat 6: 5298d84 ($5.18 in chips)
Hero: posts small blind $0.02
5298d84: posts big blind $0.05
*** HOLE CARDS ***
Dealt to 4e6fe2ed 
Dealt to 36dd8531 
Dealt to 469709fb 
Dealt to b8d3ad90 
Dealt to Hero [6c 8s]
Dealt to 5298d84 
4e6fe2ed: folds
36dd8531: folds
469709fb: folds
b8d3ad90: raises $0.06 to $0.11
Hero: folds
5298d84: folds
Uncalled bet ($0.06) returned to b8d3ad90
*** SHOWDOWN ***
b8d3ad90 collected $0.12 from pot
*** SUMMARY ***
Total pot $0.12 | Rake $0 | Jackpot $0 | Bingo $0 | Fortune $0
Seat 1: 4e6fe2ed folded before Flop (didn't bet)
Seat 2: 36dd8531 folded before Flop (didn't bet)
Seat 3: 469709fb folded before Flop (didn't bet)
Seat 4: b8d3ad90 (button) collected ($0.12)
Seat 5: Hero (small blind) folded before Flop
Seat 6: 5298d84 (big blind) folded before Flop


Poker Hand #HD1184553649: Hold'em No Limit  ($0.02/$0.05) - 2023/04/01 08:57:42
Table 'NLHBlue40' 6-max Seat #3 is the button
Seat 1: 4e6fe2ed ($5.9 in chips)
Seat 2: 36dd8531 ($4.09 in chips)
Seat 3: 469709fb ($5.17 in chips)
Seat 4: b8d3ad90 ($4.88 in chips)
Seat 5: Hero ($12.37 in chips)
Seat 6: 5298d84 ($5.18 in chips)
b8d3ad90: posts small blind $0.02
Hero: posts big blind $0.05
*** HOLE CARDS ***
Dealt to 4e6fe2ed 
Dealt to 36dd8531 
Dealt to 469709fb 
Dealt to b8d3ad90 
Dealt to Hero [7d Ad]
Dealt to 5298d84 
5298d84: folds
4e6fe2ed: folds
36dd8531: raises $0.1 to $0.15
469709fb: folds
b8d3ad90: folds
Hero: calls $0.1
*** FLOP *** [6h 8d Kd]
Hero: checks
36dd8531: bets $0.11
Hero: raises $0.25 to $0.36
36dd8531: calls $0.25
*** TURN *** [6h 8d Kd] [7c]
Hero: bets $0.6
36dd8531: calls $0.6
*** RIVER *** [6h 8d Kd 7c] [3c]
Hero: checks
36dd8531: checks
Hero: shows [7d Ad] (Pair of Sevens)
36dd8531: shows [Tc Ts] (Pair of Tens)
*** SHOWDOWN ***
36dd8531 collected $2.08 from pot
*** SUMMARY ***
Total pot $2.24 | Rake $0.11 | Jackpot $0.05 | Bingo $0 | Fortune $0
Board [6h 8d Kd 7c 3c]
Seat 1: 4e6fe2ed folded before Flop (didn't bet)
Seat 2: 36dd8531 showed [Tc Ts] and won ($2.08) with Pair of Tens
Seat 3: 469709fb (button) folded before Flop (didn't bet)
Seat 4: b8d3ad90 (small blind) folded before Flop
Seat 5: Hero (big blind) showed [7d Ad] and lost with Pair of Sevens
Seat 6: 5298d84 folded before Flop (didn't bet)


Poker Hand #HD1184553621: Hold'em No Limit  ($0.02/$0.05) - 2023/04/01 08:57:25
Table 'NLHBlue40' 6-max Seat #2 is the button
Seat 1: 4e6fe2ed ($5.9 in chips)
Seat 2: 36dd8531 ($4.09 in chips)
Seat 3: 469709fb ($5.12 in chips)
Seat 4: b8d3ad90 ($4.93 in chips)
Seat 5: Hero ($12.37 in chips)
Seat 6: 5298d84 ($5.18 in chips)
469709fb: posts small blind $0.02
b8d3ad90: posts big blind $0.05
*** HOLE CARDS ***
Dealt to 4e6fe2ed 
Dealt to 36dd8531 
Dealt to 469709fb 
Dealt to b8d3ad90 
Dealt to Hero [8d 2s]
Dealt to 5298d84 
Hero: folds
5298d84: folds
4e6fe2ed: folds
36dd8531: folds
469709fb: raises $0.1 to $0.15
b8d3ad90: folds
Uncalled bet ($0.1) returned to 469709fb
*** SHOWDOWN ***
469709fb collected $0.1 from pot
*** SUMMARY ***
Total pot $0.1 | Rake $0 | Jackpot $0 | Bingo $0 | Fortune $0
Seat 1: 4e6fe2ed folded before Flop (didn't bet)
Seat 2: 36dd8531 (button) folded before Flop (didn't bet)
Seat 3: 469709fb (small blind) collected ($0.1)
Seat 4: b8d3ad90 (big blind) folded before Flop
Seat 5: Hero folded before Flop (didn't bet)
Seat 6: 5298d84 folded before Flop (didn't bet)


Poker Hand #HD1184553589: Hold'em No Limit  ($0.02/$0.05) - 2023/04/01 08:57:01
Table 'NLHBlue40' 6-max Seat #1 is the button
Seat 1: 4e6fe2ed ($5.83 in chips)
Seat 2: 36dd8531 ($4.11 in chips)
Seat 3: 469709fb ($5.17 in chips)
Seat 4: b8d3ad90 ($4.93 in chips)
Seat 5: Hero ($12.37 in chips)
Seat 6: 5298d84 ($5.18 in chips)
36dd8531: posts small blind $0.02
469709fb: posts big blind $0.05
*** HOLE CARDS ***
Dealt to 4e6fe2ed 
Dealt to 36dd8531 
Dealt to 469709fb 
Dealt to b8d3ad90 
Dealt to Hero [6c Jh]
Dealt to 5298d84 
b8d3ad90: folds
Hero: folds
5298d84: folds
4e6fe2ed: raises $0.05 to $0.1
36dd8531: folds
469709fb: folds
Uncalled bet ($0.05) returned to 4e6fe2ed
*** SHOWDOWN ***
4e6fe2ed collected $0.12 from pot
*** SUMMARY ***
Total pot $0.12 | Rake $0 | Jackpot $0 | Bingo $0 | Fortune $0
Seat 1: 4e6fe2ed (button) collected ($0.12)
Seat 2: 36dd8531 (small blind) folded before Flop
Seat 3: 469709fb (big blind) folded before Flop
Seat 4: b8d3ad90 folded before Flop (didn't bet)
Seat 5: Hero folded before Flop (didn't bet)
Seat 6: 5298d84 folded before Flop (didn't bet)


Poker Hand #HD1184553566: Hold'em No Limit  ($0.02/$0.05) - 2023/04/01 08:56:49
Table 'NLHBlue40' 6-max Seat #6 is the button
Seat 1: 4e6fe2ed ($5.78 in chips)
Seat 2: 36dd8531 ($4.16 in chips)
Seat 3: 469709fb ($5.17 in chips)
Seat 4: b8d3ad90 ($4.93 in chips)
Seat 5: Hero ($12.37 in chips)
Seat 6: 5298d84 ($5.18 in chips)
4e6fe2ed: posts small blind $0.02
36dd8531: posts big blind $0.05
*** HOLE CARDS ***
Dealt to 4e6fe2ed 
Dealt to 36dd8531 
Dealt to 469709fb 
Dealt to b8d3ad90 
Dealt to Hero [Jd Th]
Dealt to 5298d84 
469709fb: folds
b8d3ad90: folds
Hero: folds
5298d84: folds
4e6fe2ed: raises $0.05 to $0.1
36dd8531: folds
Uncalled bet ($0.05) returned to 4e6fe2ed
*** SHOWDOWN ***
4e6fe2ed collected $0.1 from pot
*** SUMMARY ***
Total pot $0.1 | Rake $0 | Jackpot $0 | Bingo $0 | Fortune $0
Seat 1: 4e6fe2ed (small blind) collected ($0.1)
Seat 2: 36dd8531 (big blind) folded before Flop
Seat 3: 469709fb folded before Flop (didn't bet)
Seat 4: b8d3ad90 folded before Flop (didn't bet)
Seat 5: Hero folded before Flop (didn't bet)
Seat 6: 5298d84 (button) folded before Flop (didn't bet)


Poker Hand #HD1184553501: Hold'em No Limit  ($0.02/$0.05) - 2023/04/01 08:56:16
Table 'NLHBlue40' 6-max Seat #5 is the button
Seat 1: 4e6fe2ed ($5.83 in chips)
Seat 2: 36dd8531 ($4.21 in chips)
Seat 3: 469709fb ($5.17 in chips)
Seat 4: b8d3ad90 ($4.93 in chips)
Seat 5: Hero ($12.37 in chips)
Seat 6: 5298d84 ($5.08 in chips)
5298d84: posts small blind $0.02
4e6fe2ed: posts big blind $0.05
*** HOLE CARDS ***
Dealt to 4e6fe2ed 
Dealt to 36dd8531 
Dealt to 469709fb 
Dealt to b8d3ad90 
Dealt to Hero [7s Kd]
Dealt to 5298d84 
36dd8531: calls $0.05
469709fb: folds
b8d3ad90: folds
Hero: folds
5298d84: raises $0.2 to $0.25
4e6fe2ed: folds
36dd8531: folds
Uncalled bet ($0.2) returned to 5298d84
*** SHOWDOWN ***
5298d84 collected $0.15 from pot
*** SUMMARY ***
Total pot $0.15 | Rake $0 | Jackpot $0 | Bingo $0 | Fortune $0
Seat 1: 4e6fe2ed (big blind) folded before Flop
Seat 2: 36dd8531 folded before Flop
Seat 3: 469709fb folded before Flop (didn't bet)
Seat 4: b8d3ad90 folded before Flop (didn't bet)
Seat 5: Hero (button) folded before Flop (didn't bet)
Seat 6: 5298d84 (small blind) collected ($0.15)


Poker Hand #HD1184553461: Hold'em No Limit  ($0.02/$0.05) - 2023/04/01 08:55:54
Table 'NLHBlue40' 6-max Seat #4 is the button
Seat 1: 4e6fe2ed ($5.83 in chips)
Seat 2: 36dd8531 ($4.14 in chips)
Seat 3: 469709fb ($5.17 in chips)
Seat 4: b8d3ad90 ($4.93 in chips)
Seat 5: Hero ($12.39 in chips)
Seat 6: 5298d84 ($5.13 in chips)
Hero: posts small blind $0.02
5298d84: posts big blind $0.05
*** HOLE CARDS ***
Dealt to 4e6fe2ed 
Dealt to 36dd8531 
Dealt to 469709fb 
Dealt to b8d3ad90 
Dealt to Hero [Ks 9s]
Dealt to 5298d84 
4e6fe2ed: folds
36dd8531: raises $0.1 to $0.15
469709fb: folds
b8d3ad90: folds
Hero: folds
5298d84: folds
Uncalled bet ($0.1) returned to 36dd8531
*** SHOWDOWN ***
36dd8531 collected $0.12 from pot
*** SUMMARY ***
Total pot $0.12 | Rake $0 | Jackpot $0 | Bingo $0 | Fortune $0
Seat 1: 4e6fe2ed folded before Flop (didn't bet)
Seat 2: 36dd8531 collected ($0.12)
Seat 3: 469709fb folded before Flop (didn't bet)
Seat 4: b8d3ad90 (button) folded before Flop (didn't bet)
Seat 5: Hero (small blind) folded before Flop
Seat 6: 5298d84 (big blind) folded before Flop


Poker Hand #HD1184553450: Hold'em No Limit  ($0.02/$0.05) - 2023/04/01 08:55:45
Table 'NLHBlue40' 6-max Seat #3 is the button
Seat 1: 4e6fe2ed ($5.83 in chips)
Seat 2: 36dd8531 ($4.14 in chips)
Seat 3: 469709fb ($5.17 in chips)
Seat 4: b8d3ad90 ($4.95 in chips)
Seat 5: Hero ($12.37 in chips)
Seat 6: 5298d84 ($5.13 in chips)
b8d3ad90: posts small blind $0.02
Hero: posts big blind $0.05
*** HOLE CARDS ***
Dealt to 4e6fe2ed 
Dealt to 36dd8531 
Dealt to 469709fb 
Dealt to b8d3ad90 
Dealt to Hero [4s 5s]
Dealt to 5298d84 
5298d84: folds
4e6fe2ed: folds
36dd8531: folds
469709fb: folds
b8d3ad90: folds
Uncalled bet ($0.03) returned to Hero
*** SHOWDOWN ***
Hero collected $0.04 from pot
*** SUMMARY ***
Total pot $0.04 | Rake $0 | Jackpot $0 | Bingo $0 | Fortune $0
Seat 1: 4e6fe2ed folded before Flop (didn't bet)
Seat 2: 36dd8531 folded before Flop (didn't bet)
Seat 3: 469709fb (button) folded before Flop (didn't bet)
Seat 4: b8d3ad90 (small blind) folded before Flop
Seat 5: Hero (big blind) collected ($0.04)
Seat 6: 5298d84 folded before Flop (didn't bet)


Poker Hand #HD1184553343: Hold'em No Limit  ($0.02/$0.05) - 2023/04/01 08:54:38
Table 'NLHBlue40' 6-max Seat #2 is the button
Seat 1: 4e6fe2ed ($5.16 in chips)
Seat 2: 36dd8531 ($4.86 in chips)
Seat 3: 469709fb ($5.19 in chips)
Seat 4: b8d3ad90 ($5 in chips)
Seat 5: Hero ($12.37 in chips)
Seat 6: 5298d84 ($5.13 in chips)
469709fb: posts small blind $0.02
b8d3ad90: posts big blind $0.05
*** HOLE CARDS ***
Dealt to 4e6fe2ed 
Dealt to 36dd8531 
Dealt to 469709fb 
Dealt to b8d3ad90 
Dealt to Hero [9d 8h]
Dealt to 5298d84 
Hero: folds
5298d84: folds
4e6fe2ed: raises $0.1 to $0.15
36dd8531: calls $0.15
469709fb: folds
b8d3ad90: folds
*** FLOP *** [3d 3s 8d]
4e6fe2ed: bets $0.19
36dd8531: calls $0.19
*** TURN *** [3d 3s 8d] [Jc]
4e6fe2ed: bets $0.38
36dd8531: calls $0.38
*** RIVER *** [3d 3s 8d Jc] [5s]
4e6fe2ed: checks
36dd8531: checks
4e6fe2ed: shows [Kh Ac] (Pair of Treys)
36dd8531: shows [Th Ad] (Pair of Treys)
*** SHOWDOWN ***
4e6fe2ed collected $1.39 from pot
*** SUMMARY ***
Total pot $1.51 | Rake $0.07 | Jackpot $0.05 | Bingo $0 | Fortune $0
Board [3d 3s 8d Jc 5s]
Seat 1: 4e6fe2ed showed [Kh Ac] and won ($1.39) with Pair of Treys
Seat 2: 36dd8531 (button) showed [Th Ad] and lost with Pair of Treys
Seat 3: 469709fb (small blind) folded before Flop
Seat 4: b8d3ad90 (big blind) folded before Flop
Seat 5: Hero folded before Flop (didn't bet)
Seat 6: 5298d84 folded before Flop (didn't bet)


Poker Hand #HD1184553268: Hold'em No Limit  ($0.02/$0.05) - 2023/04/01 08:53:55
Table 'NLHBlue40' 6-max Seat #1 is the button
Seat 1: 4e6fe2ed ($5.26 in chips)
Seat 2: 36dd8531 ($4.96 in chips)
Seat 3: 469709fb ($5 in chips)
Seat 4: 837aaa88 ($5.16 in chips)
Seat 5: Hero ($12.37 in chips)
Seat 6: 5298d84 ($5.13 in chips)
36dd8531: posts small blind $0.02
469709fb: posts big blind $0.05
*** HOLE CARDS ***
Dealt to 4e6fe2ed 
Dealt to 36dd8531 
Dealt to 469709fb 
Dealt to 837aaa88 
Dealt to Hero [7d Js]
Dealt to 5298d84 
837aaa88: folds
Hero: folds
5298d84: folds
4e6fe2ed: raises $0.05 to $0.1
36dd8531: calls $0.08
469709fb: raises $0.2 to $0.3
4e6fe2ed: folds
36dd8531: folds
Uncalled bet ($0.2) returned to 469709fb
*** SHOWDOWN ***
469709fb collected $0.29 from pot
*** SUMMARY ***
Total pot $0.3 | Rake $0.01 | Jackpot $0 | Bingo $0 | Fortune $0
Seat 1: 4e6fe2ed (button) folded before Flop
Seat 2: 36dd8531 (small blind) folded before Flop
Seat 3: 469709fb (big blind) collected ($0.29)
Seat 4: 837aaa88 folded before Flop (didn't bet)
Seat 5: Hero folded before Flop (didn't bet)
Seat 6: 5298d84 folded before Flop (didn't bet)


Poker Hand #HD1184553244: Hold'em No Limit  ($0.02/$0.05) - 2023/04/01 08:53:42
Table 'NLHBlue40' 6-max Seat #6 is the button
Seat 1: 4e6fe2ed ($5.28 in chips)
Seat 2: 36dd8531 ($4.94 in chips)
Seat 4: 837aaa88 ($5.16 in chips)
Seat 5: Hero ($12.37 in chips)
Seat 6: 5298d84 ($5.13 in chips)
4e6fe2ed: posts small blind $0.02
36dd8531: posts big blind $0.05
*** HOLE CARDS ***
Dealt to 4e6fe2ed 
Dealt to 36dd8531 
Dealt to 837aaa88 
Dealt to Hero [4d Qc]
Dealt to 5298d84 
837aaa88: folds
Hero: folds
5298d84: folds
4e6fe2ed: folds
Uncalled bet ($0.03) returned to 36dd8531
*** SHOWDOWN ***
36dd8531 collected $0.04 from pot
*** SUMMARY ***
Total pot $0.04 | Rake $0 | Jackpot $0 | Bingo $0 | Fortune $0
Seat 1: 4e6fe2ed (small blind) folded before Flop
Seat 2: 36dd8531 (big blind) collected ($0.04)
Seat 4: 837aaa88 folded before Flop (didn't bet)
Seat 5: Hero folded before Flop (didn't bet)
Seat 6: 5298d84 (button) folded before Flop (didn't bet)


Poker Hand #HD1184553173: Hold'em No Limit  ($0.02/$0.05) - 2023/04/01 08:53:01
Table 'NLHBlue40' 6-max Seat #5 is the button
Seat 1: 4e6fe2ed ($5.43 in chips)
Seat 2: 36dd8531 ($4.94 in chips)
Seat 4: 837aaa88 ($5 in chips)
Seat 5: Hero ($12.37 in chips)
Seat 6: 5298d84 ($5.15 in chips)
5298d84: posts small blind $0.02
4e6fe2ed: posts big blind $0.05
*** HOLE CARDS ***
Dealt to 4e6fe2ed 
Dealt to 36dd8531 
Dealt to 837aaa88 
Dealt to Hero [Tc Jd]
Dealt to 5298d84 
36dd8531: folds
837aaa88: raises $0.1 to $0.15
Hero: folds
5298d84: folds
4e6fe2ed: calls $0.1
*** FLOP *** [8d Td 4s]
4e6fe2ed: checks
837aaa88: bets $0.2
4e6fe2ed: folds
Uncalled bet ($0.2) returned to 837aaa88
*** SHOWDOWN ***
837aaa88 collected $0.31 from pot
*** SUMMARY ***
Total pot $0.32 | Rake $0.01 | Jackpot $0 | Bingo $0 | Fortune $0
Board [8d Td 4s]
Seat 1: 4e6fe2ed (big blind) folded on the Flop
Seat 2: 36dd8531 folded before Flop (didn't bet)
Seat 4: 837aaa88 won ($0.31)
Seat 5: Hero (button) folded before Flop (didn't bet)
Seat 6: 5298d84 (small blind) folded before Flop


Poker Hand #HD1184553054: Hold'em No Limit  ($0.02/$0.05) - 2023/04/01 08:51:52
Table 'NLHBlue40' 6-max Seat #4 is the button
Seat 1: 4e6fe2ed ($5.43 in chips)
Seat 2: 36dd8531 ($5.09 in chips)
Seat 3: 84176e91 ($4.8 in chips)
Seat 4: 837aaa88 ($4.99 in chips)
Seat 5: Hero ($7.9 in chips)
Seat 6: 5298d84 ($5.2 in chips)
Hero: posts small blind $0.02
5298d84: posts big blind $0.05
*** HOLE CARDS ***
Dealt to 4e6fe2ed 
Dealt to 36dd8531 
Dealt to 84176e91 
Dealt to 837aaa88 
Dealt to Hero [Ad Kh]
Dealt to 5298d84 
4e6fe2ed: folds
36dd8531: raises $0.1 to $0.15
84176e91: calls $0.15
837aaa88: folds
Hero: raises $0.55 to $0.7
5298d84: folds
36dd8531: folds
84176e91: raises $4.1 to $4.8 and is all-in
Hero: calls $4.1
84176e91: shows [Qd Ac]
Hero: shows [Ad Kh]
*** FIRST FLOP *** [3c Jh 7d]
*** FIRST TURN *** [3c Jh 7d] [Td]
*** FIRST RIVER *** [3c Jh 7d Td] [6h]
*** SECOND FLOP *** [2d 4d 7s]
*** SECOND TURN *** [2d 4d 7s] [As]
*** SECOND RIVER *** [2d 4d 7s As] [Js]
*** FIRST SHOWDOWN ***
Hero collected $4.64 from pot
*** SECOND SHOWDOWN ***
Hero collected $4.63 from pot
*** SUMMARY ***
Total pot $9.8 | Rake $0.48 | Jackpot $0.05 | Bingo $0 | Fortune $0
Hand was run two times
FIRST Board [3c Jh 7d Td 6h]
SECOND Board [2d 4d 7s As Js]
Seat 1: 4e6fe2ed folded before Flop (didn't bet)
Seat 2: 36dd8531 folded before Flop
Seat 3: 84176e91 showed [Qd Ac] and lost with Ace-High, and lost with Pair of Aces
Seat 4: 837aaa88 (button) folded before Flop (didn't bet)
Seat 5: Hero (small blind) showed [Ad Kh] and won ($4.64) with Ace-High, and won ($4.63) with Pair of Aces
Seat 6: 5298d84 (big blind) folded before Flop


Poker Hand #HD1184553030: Hold'em No Limit  ($0.02/$0.05) - 2023/04/01 08:51:37
Table 'NLHBlue40' 6-max Seat #3 is the button
Seat 1: 4e6fe2ed ($5.43 in chips)
Seat 2: 36dd8531 ($5.02 in chips)
Seat 3: 84176e91 ($4.8 in chips)
Seat 4: 837aaa88 ($5.01 in chips)
Seat 5: Hero ($7.95 in chips)
Seat 6: 5298d84 ($5.2 in chips)
837aaa88: posts small blind $0.02
Hero: posts big blind $0.05
*** HOLE CARDS ***
Dealt to 4e6fe2ed 
Dealt to 36dd8531 
Dealt to 84176e91 
Dealt to 837aaa88 
Dealt to Hero [5h Jh]
Dealt to 5298d84 
5298d84: folds
4e6fe2ed: folds
36dd8531: raises $0.1 to $0.15
84176e91: folds
837aaa88: folds
Hero: folds
Uncalled bet ($0.1) returned to 36dd8531
*** SHOWDOWN ***
36dd8531 collected $0.12 from pot
*** SUMMARY ***
Total pot $0.12 | Rake $0 | Jackpot $0 | Bingo $0 | Fortune $0
Seat 1: 4e6fe2ed folded before Flop (didn't bet)
Seat 2: 36dd8531 collected ($0.12)
Seat 3: 84176e91 (button) folded before Flop (didn't bet)
Seat 4: 837aaa88 (small blind) folded before Flop
Seat 5: Hero (big blind) folded before Flop
Seat 6: 5298d84 folded before Flop (didn't bet)


Poker Hand #HD1184553006: Hold'em No Limit  ($0.02/$0.05) - 2023/04/01 08:51:22
Table 'NLHBlue40' 6-max Seat #2 is the button
Seat 1: 4e6fe2ed ($5.43 in chips)
Seat 2: 36dd8531 ($5.02 in chips)
Seat 3: 84176e91 ($4.82 in chips)
Seat 4: 837aaa88 ($5.06 in chips)
Seat 5: Hero ($7.95 in chips)
Seat 6: 5298d84 ($5.13 in chips)
84176e91: posts small blind $0.02
837aaa88: posts big blind $0.05
*** HOLE CARDS ***
Dealt to 4e6fe2ed 
Dealt to 36dd8531 
Dealt to 84176e91 
Dealt to 837aaa88 
Dealt to Hero [9s Js]
Dealt to 5298d84 
Hero: folds
5298d84: raises $0.1 to $0.15
4e6fe2ed: folds
36dd8531: folds
84176e91: folds
837aaa88: folds
Uncalled bet ($0.1) returned to 5298d84
*** SHOWDOWN ***
5298d84 collected $0.12 from pot
*** SUMMARY ***
Total pot $0.12 | Rake $0 | Jackpot $0 | Bingo $0 | Fortune $0
Seat 1: 4e6fe2ed folded before Flop (didn't bet)
Seat 2: 36dd8531 (button) folded before Flop (didn't bet)
Seat 3: 84176e91 (small blind) folded before Flop
Seat 4: 837aaa88 (big blind) folded before Flop
Seat 5: Hero folded before Flop (didn't bet)
Seat 6: 5298d84 collected ($0.12)


Poker Hand #HD1184552949: Hold'em No Limit  ($0.02/$0.05) - 2023/04/01 08:50:45
Table 'NLHBlue40' 6-max Seat #1 is the button
Seat 1: 4e6fe2ed ($5.43 in chips)
Seat 2: 36dd8531 ($5.04 in chips)
Seat 3: 84176e91 ($4.87 in chips)
Seat 4: 837aaa88 ($5.06 in chips)
Seat 5: Hero ($8.07 in chips)
Seat 6: 5298d84 ($4.95 in chips)
36dd8531: posts small blind $0.02
84176e91: posts big blind $0.05
*** HOLE CARDS ***
Dealt to 4e6fe2ed 
Dealt to 36dd8531 
Dealt to 84176e91 
Dealt to 837aaa88 
Dealt to Hero [8c 9c]
Dealt to 5298d84 
837aaa88: folds
Hero: raises $0.07 to $0.12
5298d84: calls $0.12
4e6fe2ed: folds
36dd8531: folds
84176e91: folds
*** FLOP *** [2h Kh Ad]
Hero: checks
5298d84: bets $0.24
Hero: folds
Uncalled bet ($0.24) returned to 5298d84
*** SHOWDOWN ***
5298d84 collected $0.3 from pot
*** SUMMARY ***
Total pot $0.31 | Rake $0.01 | Jackpot $0 | Bingo $0 | Fortune $0
Board [2h Kh Ad]
Seat 1: 4e6fe2ed (button) folded before Flop (didn't bet)
Seat 2: 36dd8531 (small blind) folded before Flop
Seat 3: 84176e91 (big blind) folded before Flop
Seat 4: 837aaa88 folded before Flop (didn't bet)
Seat 5: Hero folded on the Flop
Seat 6: 5298d84 won ($0.3)


Poker Hand #HD1184552917: Hold'em No Limit  ($0.02/$0.05) - 2023/04/01 08:50:24
Table 'NLHBlue40' 6-max Seat #6 is the button
Seat 1: 4e6fe2ed ($5.38 in chips)
Seat 2: 36dd8531 ($5.09 in chips)
Seat 3: 84176e91 ($4.87 in chips)
Seat 4: 837aaa88 ($5.06 in chips)
Seat 5: Hero ($8.07 in chips)
Seat 6: 5298d84 ($4.95 in chips)
4e6fe2ed: posts small blind $0.02
36dd8531: posts big blind $0.05
*** HOLE CARDS ***
Dealt to 4e6fe2ed 
Dealt to 36dd8531 
Dealt to 84176e91 
Dealt to 837aaa88 
Dealt to Hero [Kh 7d]
Dealt to 5298d84 
84176e91: folds
837aaa88: folds
Hero: folds
5298d84: folds
4e6fe2ed: raises $0.1 to $0.15
36dd8531: folds
Uncalled bet ($0.1) returned to 4e6fe2ed
*** SHOWDOWN ***
4e6fe2ed collected $0.1 from pot
*** SUMMARY ***
Total pot $0.1 | Rake $0 | Jackpot $0 | Bingo $0 | Fortune $0
Seat 1: 4e6fe2ed (small blind) collected ($0.1)
Seat 2: 36dd8531 (big blind) folded before Flop
Seat 3: 84176e91 folded before Flop (didn't bet)
Seat 4: 837aaa88 folded before Flop (didn't bet)
Seat 5: Hero folded before Flop (didn't bet)
Seat 6: 5298d84 (button) folded before Flop (didn't bet)


Poker Hand #HD1184552830: Hold'em No Limit  ($0.02/$0.05) - 2023/04/01 08:49:32
Table 'NLHBlue40' 6-max Seat #5 is the button
Seat 1: 4e6fe2ed ($5.48 in chips)
Seat 2: 36dd8531 ($5.09 in chips)
Seat 3: 84176e91 ($5.12 in chips)
Seat 4: 837aaa88 ($4.72 in chips)
Seat 5: Hero ($8.07 in chips)
Seat 6: 5298d84 ($4.97 in chips)
5298d84: posts small blind $0.02
4e6fe2ed: posts big blind $0.05
*** HOLE CARDS ***
Dealt to 4e6fe2ed 
Dealt to 36dd8531 
Dealt to 84176e91 
Dealt to 837aaa88 
Dealt to Hero [9d 3s]
Dealt to 5298d84 
36dd8531: folds
84176e91: raises $0.05 to $0.1
837aaa88: calls $0.1
Hero: folds
5298d84: folds
4e6fe2ed: calls $0.05
*** FLOP *** [9s 6h Jd]
4e6fe2ed: checks
84176e91: bets $0.15
837aaa88: calls $0.15
4e6fe2ed: folds
*** TURN *** [9s 6h Jd] [Th]
84176e91: checks
837aaa88: bets $0.38
84176e91: folds
Uncalled bet ($0.38) returned to 837aaa88
*** SHOWDOWN ***
837aaa88 collected $0.59 from pot
*** SUMMARY ***
Total pot $0.62 | Rake $0.03 | Jackpot $0 | Bingo $0 | Fortune $0
Board [9s 6h Jd Th]
Seat 1: 4e6fe2ed (big blind) folded on the Flop
Seat 2: 36dd8531 folded before Flop (didn't bet)
Seat 3: 84176e91 folded on the Turn
Seat 4: 837aaa88 won ($0.59)
Seat 5: Hero (button) folded before Flop (didn't bet)
Seat 6: 5298d84 (small blind) folded before Flop


Poker Hand #HD1184552734: Hold'em No Limit  ($0.02/$0.05) - 2023/04/01 08:48:33
Table 'NLHBlue40' 6-max Seat #4 is the button
Seat 1: 4e6fe2ed ($5.16 in chips)
Seat 2: 36dd8531 ($5.09 in chips)
Seat 3: 84176e91 ($5.12 in chips)
Seat 4: 837aaa88 ($5 in chips)
Seat 5: Hero ($8.09 in chips)
Seat 6: 5298d84 ($5.02 in chips)
Hero: posts small blind $0.02
5298d84: posts big blind $0.05
*** HOLE CARDS ***
Dealt to 4e6fe2ed 
Dealt to 36dd8531 
Dealt to 84176e91 
Dealt to 837aaa88 
Dealt to Hero [7c Tc]
Dealt to 5298d84 
4e6fe2ed: raises $0.1 to $0.15
36dd8531: folds
84176e91: folds
837aaa88: calls $0.15
Hero: folds
5298d84: folds
*** FLOP *** [Jd 3h Js]
4e6fe2ed: bets $0.13
837aaa88: calls $0.13
*** TURN *** [Jd 3h Js] [Qs]
4e6fe2ed: checks
837aaa88: checks
*** RIVER *** [Jd 3h Js Qs] [Kc]
4e6fe2ed: bets $0.63
837aaa88: folds
Uncalled bet ($0.63) returned to 4e6fe2ed
*** SHOWDOWN ***
4e6fe2ed collected $0.6 from pot
*** SUMMARY ***
Total pot $0.63 | Rake $0.03 | Jackpot $0 | Bingo $0 | Fortune $0
Board [Jd 3h Js Qs Kc]
Seat 1: 4e6fe2ed won ($0.6)
Seat 2: 36dd8531 folded before Flop (didn't bet)
Seat 3: 84176e91 folded before Flop (didn't bet)
Seat 4: 837aaa88 (button) folded on the River
Seat 5: Hero (small blind) folded before Flop
Seat 6: 5298d84 (big blind) folded before Flop


Poker Hand #HD1184552686: Hold'em No Limit  ($0.02/$0.05) - 2023/04/01 08:48:02
Table 'NLHBlue40' 6-max Seat #3 is the button
Seat 1: 4e6fe2ed ($5 in chips)
Seat 2: 36dd8531 ($5.09 in chips)
Seat 3: 84176e91 ($5.12 in chips)
Seat 4: 837aaa88 ($5.02 in chips)
Seat 5: Hero ($8.24 in chips)
Seat 6: 5298d84 ($5.02 in chips)
837aaa88: posts small blind $0.02
Hero: posts big blind $0.05
*** HOLE CARDS ***
Dealt to 4e6fe2ed 
Dealt to 36dd8531 
Dealt to 84176e91 
Dealt to 837aaa88 
Dealt to Hero [As 7s]
Dealt to 5298d84 
5298d84: folds
4e6fe2ed: raises $0.1 to $0.15
36dd8531: folds
84176e91: folds
837aaa88: folds
Hero: calls $0.1
*** FLOP *** [9c 3s Kc]
Hero: checks
4e6fe2ed: bets $0.24
Hero: folds
Uncalled bet ($0.24) returned to 4e6fe2ed
*** SHOWDOWN ***
4e6fe2ed collected $0.31 from pot
*** SUMMARY ***
Total pot $0.32 | Rake $0.01 | Jackpot $0 | Bingo $0 | Fortune $0
Board [9c 3s Kc]
Seat 1: 4e6fe2ed won ($0.31)
Seat 2: 36dd8531 folded before Flop (didn't bet)
Seat 3: 84176e91 (button) folded before Flop (didn't bet)
Seat 4: 837aaa88 (small blind) folded before Flop
Seat 5: Hero (big blind) folded on the Flop
Seat 6: 5298d84 folded before Flop (didn't bet)


Poker Hand #HD1184552651: Hold'em No Limit  ($0.02/$0.05) - 2023/04/01 08:47:40
Table 'NLHBlue40' 6-max Seat #2 is the button
Seat 2: 36dd8531 ($5.02 in chips)
Seat 3: 84176e91 ($5.14 in chips)
Seat 4: 837aaa88 ($5.07 in chips)
Seat 5: Hero ($8.24 in chips)
Seat 6: 5298d84 ($5.02 in chips)
84176e91: posts small blind $0.02
837aaa88: posts big blind $0.05
*** HOLE CARDS ***
Dealt to 36dd8531 
Dealt to 84176e91 
Dealt to 837aaa88 
Dealt to Hero [8d Jh]
Dealt to 5298d84 
Hero: folds
5298d84: folds
36dd8531: raises $0.1 to $0.15
84176e91: folds
837aaa88: folds
Uncalled bet ($0.1) returned to 36dd8531
*** SHOWDOWN ***
36dd8531 collected $0.12 from pot
*** SUMMARY ***
Total pot $0.12 | Rake $0 | Jackpot $0 | Bingo $0 | Fortune $0
Seat 2: 36dd8531 (button) collected ($0.12)
Seat 3: 84176e91 (small blind) folded before Flop
Seat 4: 837aaa88 (big blind) folded before Flop
Seat 5: Hero folded before Flop (didn't bet)
Seat 6: 5298d84 folded before Flop (didn't bet)


Poker Hand #HD1184552589: Hold'em No Limit  ($0.02/$0.05) - 2023/04/01 08:47:03
Table 'NLHBlue40' 6-max Seat #6 is the button
Seat 1: 4e6fe2ed ($5 in chips)
Seat 2: 36dd8531 ($5 in chips)
Seat 3: 84176e91 ($5.14 in chips)
Seat 4: 837aaa88 ($5.07 in chips)
Seat 5: Hero ($8.24 in chips)
Seat 6: 5298d84 ($5.02 in chips)
4e6fe2ed: posts small blind $0.02
36dd8531: posts big blind $0.05
*** HOLE CARDS ***
Dealt to 4e6fe2ed 
Dealt to 36dd8531 
Dealt to 84176e91 
Dealt to 837aaa88 
Dealt to Hero [3c Jc]
Dealt to 5298d84 
84176e91: folds
837aaa88: folds
Hero: folds
5298d84: folds
4e6fe2ed: folds
Uncalled bet ($0.03) returned to 36dd8531
*** SHOWDOWN ***
36dd8531 collected $0.04 from pot
*** SUMMARY ***
Total pot $0.04 | Rake $0 | Jackpot $0 | Bingo $0 | Fortune $0
Seat 1: 4e6fe2ed (small blind) folded before Flop
Seat 2: 36dd8531 (big blind) collected ($0.04)
Seat 3: 84176e91 folded before Flop (didn't bet)
Seat 4: 837aaa88 folded before Flop (didn't bet)
Seat 5: Hero folded before Flop (didn't bet)
Seat 6: 5298d84 (button) folded before Flop (didn't bet)


Poker Hand #HD1184552533: Hold'em No Limit  ($0.02/$0.05) - 2023/04/01 08:46:33
Table 'NLHBlue40' 6-max Seat #5 is the button
Seat 1: 4e6fe2ed ($5.07 in chips)
Seat 3: 84176e91 ($5.14 in chips)
Seat 4: 837aaa88 ($5.07 in chips)
Seat 5: Hero ($8.24 in chips)
Seat 6: 5298d84 ($4.88 in chips)
5298d84: posts small blind $0.02
4e6fe2ed: posts big blind $0.05
*** HOLE CARDS ***
Dealt to 4e6fe2ed 
Dealt to 84176e91 
Dealt to 837aaa88 
Dealt to Hero [8h 2h]
Dealt to 5298d84 
84176e91: folds
837aaa88: folds
Hero: folds
5298d84: raises $0.1 to $0.15
4e6fe2ed: calls $0.1
*** FLOP *** [Ah As Ts]
5298d84: bets $0.23
4e6fe2ed: folds
Uncalled bet ($0.23) returned to 5298d84
*** SHOWDOWN ***
5298d84 collected $0.29 from pot
*** SUMMARY ***
Total pot $0.3 | Rake $0.01 | Jackpot $0 | Bingo $0 | Fortune $0
Board [Ah As Ts]
Seat 1: 4e6fe2ed (big blind) folded on the Flop
Seat 3: 84176e91 folded before Flop (didn't bet)
Seat 4: 837aaa88 folded before Flop (didn't bet)
Seat 5: Hero (button) folded before Flop (didn't bet)
Seat 6: 5298d84 (small blind) won ($0.29)


Poker Hand #HD1184552511: Hold'em No Limit  ($0.02/$0.05) - 2023/04/01 08:46:19
Table 'NLHBlue40' 6-max Seat #4 is the button
Seat 1: 4e6fe2ed ($5.07 in chips)
Seat 3: 84176e91 ($5.14 in chips)
Seat 4: 837aaa88 ($5 in chips)
Seat 5: Hero ($8.26 in chips)
Seat 6: 5298d84 ($4.93 in chips)
Hero: posts small blind $0.02
5298d84: posts big blind $0.05
*** HOLE CARDS ***
Dealt to 4e6fe2ed 
Dealt to 84176e91 
Dealt to 837aaa88 
Dealt to Hero [3d Ah]
Dealt to 5298d84 
4e6fe2ed: folds
84176e91: folds
837aaa88: raises $0.05 to $0.1
Hero: folds
5298d84: folds
Uncalled bet ($0.05) returned to 837aaa88
*** SHOWDOWN ***
837aaa88 collected $0.12 from pot
*** SUMMARY ***
Total pot $0.12 | Rake $0 | Jackpot $0 | Bingo $0 | Fortune $0
Seat 1: 4e6fe2ed folded before Flop (didn't bet)
Seat 3: 84176e91 folded before Flop (didn't bet)
Seat 4: 837aaa88 (button) collected ($0.12)
Seat 5: Hero (small blind) folded before Flop
Seat 6: 5298d84 (big blind) folded before Flop


Poker Hand #HD1184552482: Hold'em No Limit  ($0.02/$0.05) - 2023/04/01 08:46:01
Table 'NLHBlue40' 6-max Seat #3 is the button
Seat 1: 4e6fe2ed ($5.07 in chips)
Seat 3: 84176e91 ($5.14 in chips)
Seat 4: 837aaa88 ($5 in chips)
Seat 5: Hero ($8.24 in chips)
Seat 6: 5298d84 ($4.93 in chips)
837aaa88: posts small blind $0.02
Hero: posts big blind $0.05
*** HOLE CARDS ***
Dealt to 4e6fe2ed 
Dealt to 84176e91 
Dealt to 837aaa88 
Dealt to Hero [Kh 4h]
Dealt to 5298d84 
5298d84: folds
4e6fe2ed: folds
84176e91: folds
837aaa88: folds
Uncalled bet ($0.03) returned to Hero
*** SHOWDOWN ***
Hero collected $0.04 from pot
*** SUMMARY ***
Total pot $0.04 | Rake $0 | Jackpot $0 | Bingo $0 | Fortune $0
Seat 1: 4e6fe2ed folded before Flop (didn't bet)
Seat 3: 84176e91 (button) folded before Flop (didn't bet)
Seat 4: 837aaa88 (small blind) folded before Flop
Seat 5: Hero (big blind) collected ($0.04)
Seat 6: 5298d84 folded before Flop (didn't bet)


Poker Hand #HD1184552453: Hold'em No Limit  ($0.02/$0.05) - 2023/04/01 08:45:40
Table 'NLHBlue40' 6-max Seat #1 is the button
Seat 1: 4e6fe2ed ($5 in chips)
Seat 3: 84176e91 ($5.16 in chips)
Seat 4: 837aaa88 ($5 in chips)
Seat 5: Hero ($8.24 in chips)
Seat 6: 5298d84 ($4.93 in chips)
84176e91: posts small blind $0.02
837aaa88: posts big blind $0.05
*** HOLE CARDS ***
Dealt to 4e6fe2ed 
Dealt to 84176e91 
Dealt to 837aaa88 
Dealt to Hero [8s 2d]
Dealt to 5298d84 
Hero: folds
5298d84: folds
4e6fe2ed: raises $0.1 to $0.15
84176e91: folds
837aaa88: folds
Uncalled bet ($0.1) returned to 4e6fe2ed
*** SHOWDOWN ***
4e6fe2ed collected $0.12 from pot
*** SUMMARY ***
Total pot $0.12 | Rake $0 | Jackpot $0 | Bingo $0 | Fortune $0
Seat 1: 4e6fe2ed (button) collected ($0.12)
Seat 3: 84176e91 (small blind) folded before Flop
Seat 4: 837aaa88 (big blind) folded before Flop
Seat 5: Hero folded before Flop (didn't bet)
Seat 6: 5298d84 folded before Flop (didn't bet)


Poker Hand #HD1184552381: Hold'em No Limit  ($0.02/$0.05) - 2023/04/01 08:44:55
Table 'NLHBlue40' 6-max Seat #6 is the button
Seat 1: 4e6fe2ed ($5 in chips)
Seat 3: 84176e91 ($4.35 in chips)
Seat 4: 837aaa88 ($5 in chips)
Seat 5: Hero ($8.24 in chips)
Seat 6: 5298d84 ($4.93 in chips)
4e6fe2ed: posts small blind $0.02
84176e91: posts big blind $0.05
*** HOLE CARDS ***
Dealt to 4e6fe2ed 
Dealt to 84176e91 
Dealt to 837aaa88 
Dealt to Hero [2h 4d]
Dealt to 5298d84 
837aaa88: folds
Hero: folds
5298d84: folds
4e6fe2ed: raises $0.1 to $0.15
84176e91: calls $0.1
*** FLOP *** [5d Kd 8d]
4e6fe2ed: bets $0.23
84176e91: calls $0.23
*** TURN *** [5d Kd 8d] [Th]
4e6fe2ed: bets $0.57
84176e91: raises $0.82 to $1.39
4e6fe2ed: folds
Uncalled bet ($0.82) returned to 84176e91
*** SHOWDOWN ***
84176e91 collected $1.76 from pot
*** SUMMARY ***
Total pot $1.9 | Rake $0.09 | Jackpot $0.05 | Bingo $0 | Fortune $0
Board [5d Kd 8d Th]
Seat 1: 4e6fe2ed (small blind) folded on the Turn
Seat 3: 84176e91 (big blind) won ($1.76)
Seat 4: 837aaa88 folded before Flop (didn't bet)
Seat 5: Hero folded before Flop (didn't bet)
Seat 6: 5298d84 (button) folded before Flop (didn't bet)


Poker Hand #HD1184552336: Hold'em No Limit  ($0.02/$0.05) - 2023/04/01 08:44:27
Table 'NLHBlue40' 6-max Seat #5 is the button
Seat 1: 4e6fe2ed ($5 in chips)
Seat 3: 84176e91 ($4.24 in chips)
Seat 4: 837aaa88 ($5 in chips)
Seat 5: Hero ($8.24 in chips)
Seat 6: 5298d84 ($4.95 in chips)
5298d84: posts small blind $0.02
4e6fe2ed: posts big blind $0.05
*** HOLE CARDS ***
Dealt to 4e6fe2ed 
Dealt to 84176e91 
Dealt to 837aaa88 
Dealt to Hero [2d Qs]
Dealt to 5298d84 
84176e91: raises $0.05 to $0.1
837aaa88: folds
Hero: folds
5298d84: folds
4e6fe2ed: calls $0.05
*** FLOP *** [Qd Kc 8h]
4e6fe2ed: checks
84176e91: bets $0.11
4e6fe2ed: folds
Uncalled bet ($0.11) returned to 84176e91
*** SHOWDOWN ***
84176e91 collected $0.21 from pot
*** SUMMARY ***
Total pot $0.22 | Rake $0.01 | Jackpot $0 | Bingo $0 | Fortune $0
Board [Qd Kc 8h]
Seat 1: 4e6fe2ed (big blind) folded on the Flop
Seat 3: 84176e91 won ($0.21)
Seat 4: 837aaa88 folded before Flop (didn't bet)
Seat 5: Hero (button) folded before Flop (didn't bet)
Seat 6: 5298d84 (small blind) folded before Flop


Poker Hand #HD1184552233: Hold'em No Limit  ($0.02/$0.05) - 2023/04/01 08:43:23
Table 'NLHBlue40' 6-max Seat #4 is the button
Seat 1: 4e6fe2ed ($5 in chips)
Seat 3: 84176e91 ($3.34 in chips)
Seat 4: 837aaa88 ($5 in chips)
Seat 5: Hero ($9.23 in chips)
Seat 6: 5298d84 ($5 in chips)
Hero: posts small blind $0.02
5298d84: posts big blind $0.05
*** HOLE CARDS ***
Dealt to 4e6fe2ed 
Dealt to 84176e91 
Dealt to 837aaa88 
Dealt to Hero [9s As]
Dealt to 5298d84 
4e6fe2ed: folds
84176e91: raises $0.05 to $0.1
837aaa88: folds
Hero: raises $0.28 to $0.38
5298d84: folds
84176e91: calls $0.28
*** FLOP *** [8d 9c Qh]
Hero: checks
84176e91: checks
*** TURN *** [8d 9c Qh] [2d]
Hero: checks
84176e91: bets $0.61
Hero: calls $0.61
*** RIVER *** [8d 9c Qh 2d] [5c]
Hero: checks
84176e91: bets $2.35 and is all-in
Hero: folds
Uncalled bet ($2.35) returned to 84176e91
*** SHOWDOWN ***
84176e91 collected $1.89 from pot
*** SUMMARY ***
Total pot $2.03 | Rake $0.09 | Jackpot $0.05 | Bingo $0 | Fortune $0
Board [8d 9c Qh 2d 5c]
Seat 1: 4e6fe2ed folded before Flop (didn't bet)
Seat 3: 84176e91 won ($1.89)
Seat 4: 837aaa88 (button) folded before Flop (didn't bet)
Seat 5: Hero (small blind) folded on the River
Seat 6: 5298d84 (big blind) folded before Flop


Poker Hand #HD1184552107: Hold'em No Limit  ($0.02/$0.05) - 2023/04/01 08:42:16
Table 'NLHBlue40' 6-max Seat #3 is the button
Seat 1: 4e6fe2ed ($5.27 in chips)
Seat 3: 84176e91 ($2.12 in chips)
Seat 4: 837aaa88 ($5 in chips)
Seat 5: Hero ($9.28 in chips)
837aaa88: posts small blind $0.02
Hero: posts big blind $0.05
*** HOLE CARDS ***
Dealt to 4e6fe2ed 
Dealt to 84176e91 
Dealt to 837aaa88 
Dealt to Hero [8h 9s]
4e6fe2ed: raises $0.05 to $0.1
84176e91: calls $0.1
837aaa88: folds
Hero: folds
*** FLOP *** [2d Ah Tc]
4e6fe2ed: bets $0.09
84176e91: calls $0.09
*** TURN *** [2d Ah Tc] [7s]
4e6fe2ed: checks
84176e91: bets $0.23
4e6fe2ed: calls $0.23
*** RIVER *** [2d Ah Tc 7s] [Ks]
4e6fe2ed: checks
84176e91: bets $0.91
4e6fe2ed: calls $0.91
84176e91: shows [Ac Qd] (Pair of Aces)
4e6fe2ed: shows [6s Ad] (Pair of Aces)
*** SHOWDOWN ***
84176e91 collected $2.55 from pot
*** SUMMARY ***
Total pot $2.73 | Rake $0.13 | Jackpot $0.05 | Bingo $0 | Fortune $0
Board [2d Ah Tc 7s Ks]
Seat 1: 4e6fe2ed showed [6s Ad] and lost with Pair of Aces
Seat 3: 84176e91 (button) showed [Ac Qd] and won ($2.55) with Pair of Aces
Seat 4: 837aaa88 (small blind) folded before Flop
Seat 5: Hero (big blind) folded before Flop


Poker Hand #HD1184551993: Hold'em No Limit  ($0.02/$0.05) - 2023/04/01 08:41:02
Table 'NLHBlue40' 6-max Seat #1 is the button
Seat 1: 4e6fe2ed ($5.27 in chips)
Seat 3: 84176e91 ($2.24 in chips)
Seat 4: 837aaa88 ($5 in chips)
Seat 5: Hero ($8.95 in chips)
84176e91: posts small blind $0.02
837aaa88: posts big blind $0.05
*** HOLE CARDS ***
Dealt to 4e6fe2ed 
Dealt to 84176e91 
Dealt to 837aaa88 
Dealt to Hero [Qc Qd]
Hero: raises $0.07 to $0.12
4e6fe2ed: folds
84176e91: calls $0.1
837aaa88: calls $0.07
*** FLOP *** [5d 6d 8d]
84176e91: checks
837aaa88: checks
Hero: bets $0.12
84176e91: folds
837aaa88: calls $0.12
*** TURN *** [5d 6d 8d] [7s]
837aaa88: checks
Hero: checks
*** RIVER *** [5d 6d 8d 7s] [Kc]
837aaa88: checks
Hero: checks
837aaa88: shows [Ad Js] (Ace-High)
Hero: shows [Qc Qd] (Pair of Queens)
*** SHOWDOWN ***
Hero collected $0.57 from pot
*** SUMMARY ***
Total pot $0.6 | Rake $0.03 | Jackpot $0 | Bingo $0 | Fortune $0
Board [5d 6d 8d 7s Kc]
Seat 1: 4e6fe2ed (button) folded before Flop (didn't bet)
Seat 3: 84176e91 (small blind) folded on the Flop
Seat 4: 837aaa88 (big blind) showed [Ad Js] and lost with Ace-High
Seat 5: Hero showed [Qc Qd] and won ($0.57) with Pair of Queens


Poker Hand #HD1184551919: Hold'em No Limit  ($0.02/$0.05) - 2023/04/01 08:40:16
Table 'NLHBlue40' 6-max Seat #6 is the button
Seat 1: 4e6fe2ed ($5.29 in chips)
Seat 3: 84176e91 ($2.49 in chips)
Seat 5: Hero ($8.7 in chips)
Seat 6: b5e784eb ($8.64 in chips)
4e6fe2ed: posts small blind $0.02
84176e91: posts big blind $0.05
*** HOLE CARDS ***
Dealt to 4e6fe2ed 
Dealt to 84176e91 
Dealt to Hero [Jc Qh]
Dealt to b5e784eb 
Hero: raises $0.07 to $0.12
b5e784eb: folds
4e6fe2ed: folds
84176e91: calls $0.07
*** FLOP *** [Qs Qc Kh]
84176e91: checks
Hero: bets $0.13
84176e91: calls $0.13
*** TURN *** [Qs Qc Kh] [3c]
84176e91: checks
Hero: bets $0.39
84176e91: folds
Uncalled bet ($0.39) returned to Hero
*** SHOWDOWN ***
Hero collected $0.5 from pot
*** SUMMARY ***
Total pot $0.52 | Rake $0.02 | Jackpot $0 | Bingo $0 | Fortune $0
Board [Qs Qc Kh 3c]
Seat 1: 4e6fe2ed (small blind) folded before Flop
Seat 3: 84176e91 (big blind) folded on the Turn
Seat 5: Hero won ($0.5)
Seat 6: b5e784eb (button) folded before Flop (didn't bet)


Poker Hand #HD1184551909: Hold'em No Limit  ($0.02/$0.05) - 2023/04/01 08:40:08
Table 'NLHBlue40' 6-max Seat #5 is the button
Seat 1: 4e6fe2ed ($5.27 in chips)
Seat 5: Hero ($8.7 in chips)
Seat 6: b5e784eb ($8.66 in chips)
b5e784eb: posts small blind $0.02
4e6fe2ed: posts big blind $0.05
*** HOLE CARDS ***
Dealt to 4e6fe2ed 
Dealt to Hero [9c 4d]
Dealt to b5e784eb 
Hero: folds
b5e784eb: folds
Uncalled bet ($0.03) returned to 4e6fe2ed
*** SHOWDOWN ***
4e6fe2ed collected $0.04 from pot
*** SUMMARY ***
Total pot $0.04 | Rake $0 | Jackpot $0 | Bingo $0 | Fortune $0
Seat 1: 4e6fe2ed (big blind) collected ($0.04)
Seat 5: Hero (button) folded before Flop (didn't bet)
Seat 6: b5e784eb (small blind) folded before Flop


Poker Hand #HD1184551848: Hold'em No Limit  ($0.02/$0.05) - 2023/04/01 08:39:28
Table 'NLHBlue40' 6-max Seat #1 is the button
Seat 1: 4e6fe2ed ($5.06 in chips)
Seat 5: Hero ($8.72 in chips)
Seat 6: b5e784eb ($8.87 in chips)
Hero: posts small blind $0.02
b5e784eb: posts big blind $0.05
*** HOLE CARDS ***
Dealt to 4e6fe2ed 
Dealt to Hero [5c 9h]
Dealt to b5e784eb 
4e6fe2ed: raises $0.05 to $0.1
Hero: folds
b5e784eb: calls $0.05
*** FLOP *** [3s Ad 9c]
b5e784eb: checks
4e6fe2ed: bets $0.11
b5e784eb: calls $0.11
*** TURN *** [3s Ad 9c] [6h]
b5e784eb: checks
4e6fe2ed: checks
*** RIVER *** [3s Ad 9c 6h] [9d]
b5e784eb: checks
4e6fe2ed: bets $0.44
b5e784eb: folds
Uncalled bet ($0.44) returned to 4e6fe2ed
*** SHOWDOWN ***
4e6fe2ed collected $0.42 from pot
*** SUMMARY ***
Total pot $0.44 | Rake $0.02 | Jackpot $0 | Bingo $0 | Fortune $0
Board [3s Ad 9c 6h 9d]
Seat 1: 4e6fe2ed (button) won ($0.42)
Seat 5: Hero (small blind) folded before Flop
Seat 6: b5e784eb (big blind) folded on the River


Poker Hand #HD1184551729: Hold'em No Limit  ($0.02/$0.05) - 2023/04/01 08:38:16
Table 'NLHBlue40' 6-max Seat #6 is the button
Seat 1: 4e6fe2ed ($5.11 in chips)
Seat 2: 90115f1a ($5 in chips)
Seat 4: 877402d2 ($9.72 in chips)
Seat 5: Hero ($8.72 in chips)
Seat 6: b5e784eb ($5 in chips)
4e6fe2ed: posts small blind $0.02
90115f1a: posts big blind $0.05
*** HOLE CARDS ***
Dealt to 4e6fe2ed 
Dealt to 90115f1a 
Dealt to 877402d2 
Dealt to Hero [5s Ac]
Dealt to b5e784eb 
877402d2: folds
Hero: folds
b5e784eb: calls $0.05
4e6fe2ed: calls $0.03
90115f1a: checks
*** FLOP *** [5d Kh 6s]
4e6fe2ed: checks
90115f1a: bets $0.05
b5e784eb: raises $0.05 to $0.1
4e6fe2ed: folds
90115f1a: raises $0.05 to $0.15
b5e784eb: calls $0.05
*** TURN *** [5d Kh 6s] [2s]
90115f1a: bets $0.05
b5e784eb: raises $0.55 to $0.6
90115f1a: raises $0.55 to $1.15
b5e784eb: raises $1.38 to $2.53
90115f1a: raises $1.38 to $3.91
b5e784eb: raises $0.89 to $4.8 and is all-in
90115f1a: calls $0.89 and is all-in
b5e784eb: shows [4c 3d] (Sixes-High Straight)
90115f1a: shows [5h 6c] (Pair of Sixes and Pair of Fives)
b5e784eb: Chooses to EV Cashout 
*** RIVER *** [5d Kh 6s 2s] [2h]
b5e784eb: Pays Cashout Risk ($0.63)
*** SHOWDOWN ***
b5e784eb collected $9.5 from pot
*** SUMMARY ***
Total pot $10.05 | Rake $0.5 | Jackpot $0.05 | Bingo $0 | Fortune $0
Board [5d Kh 6s 2s 2h]
Seat 1: 4e6fe2ed (small blind) folded on the Flop
Seat 2: 90115f1a (big blind) showed [5h 6c] and lost with Pair of Sixes and Pair of Fives
Seat 4: 877402d2 folded before Flop (didn't bet)
Seat 5: Hero folded before Flop (didn't bet)
Seat 6: b5e784eb (button) showed [4c 3d] and won ($9.5) with Sixes-High Straight, Cashout Risk ($0.63)


Poker Hand #HD1184551714: Hold'em No Limit  ($0.02/$0.05) - 2023/04/01 08:38:03
Table 'NLHBlue40' 6-max Seat #5 is the button
Seat 1: 4e6fe2ed ($5.16 in chips)
Seat 4: 877402d2 ($9.72 in chips)
Seat 5: Hero ($8.65 in chips)
Seat 6: b5e784eb ($5 in chips)
b5e784eb: posts small blind $0.02
4e6fe2ed: posts big blind $0.05
*** HOLE CARDS ***
Dealt to 4e6fe2ed 
Dealt to 877402d2 
Dealt to Hero [9c Th]
Dealt to b5e784eb 
877402d2: folds
Hero: raises $0.07 to $0.12
b5e784eb: folds
4e6fe2ed: folds
Uncalled bet ($0.07) returned to Hero
*** SHOWDOWN ***
Hero collected $0.12 from pot
*** SUMMARY ***
Total pot $0.12 | Rake $0 | Jackpot $0 | Bingo $0 | Fortune $0
Seat 1: 4e6fe2ed (big blind) folded before Flop
Seat 4: 877402d2 folded before Flop (didn't bet)
Seat 5: Hero (button) collected ($0.12)
Seat 6: b5e784eb (small blind) folded before Flop


Poker Hand #HD1184551645: Hold'em No Limit  ($0.02/$0.05) - 2023/04/01 08:37:22
Table 'NLHBlue40' 6-max Seat #4 is the button
Seat 4: 877402d2 ($5 in chips)
Seat 5: Hero ($8.67 in chips)
Seat 6: b5e784eb ($5 in chips)
Hero: posts small blind $0.02
b5e784eb: posts big blind $0.05
*** HOLE CARDS ***
Dealt to 877402d2 
Dealt to Hero [9s 4d]
Dealt to b5e784eb 
877402d2: raises $0.1 to $0.15
Hero: folds
b5e784eb: calls $0.1
*** FLOP *** [7d 8s Js]
b5e784eb: checks
877402d2: bets $0.11
b5e784eb: calls $0.11
*** TURN *** [7d 8s Js] [8d]
b5e784eb: bets $0.27
877402d2: raises $0.81 to $1.08
b5e784eb: calls $0.81
*** RIVER *** [7d 8s Js 8d] [3s]
b5e784eb: bets $1.35
877402d2: raises $2.31 to $3.66 and is all-in
b5e784eb: calls $2.31 and is all-in
877402d2: shows [Jh Jc] (Jacks Full over Eights)
b5e784eb: shows [8h 3h] (Eights Full over Treys)
*** SHOWDOWN ***
877402d2 collected $9.72 from pot
*** SUMMARY ***
Total pot $10.02 | Rake $0.25 | Jackpot $0.05 | Bingo $0 | Fortune $0
Board [7d 8s Js 8d 3s]
Seat 4: 877402d2 (button) showed [Jh Jc] and won ($9.72) with Jacks Full over Eights
Seat 5: Hero (small blind) folded before Flop
Seat 6: b5e784eb (big blind) showed [8h 3h] and lost with Eights Full over Treys


Poker Hand #HD1184551626: Hold'em No Limit  ($0.02/$0.05) - 2023/04/01 08:37:10
Table 'NLHBlue40' 6-max Seat #5 is the button
Seat 4: 877402d2 ($5 in chips)
Seat 5: Hero ($8.62 in chips)
Hero: posts small blind $0.02
877402d2: posts big blind $0.05
*** HOLE CARDS ***
Dealt to 877402d2 
Dealt to Hero [Qh Js]
Hero: raises $0.09 to $0.14
877402d2: folds
Uncalled bet ($0.09) returned to Hero
*** SHOWDOWN ***
Hero collected $0.1 from pot
*** SUMMARY ***
Total pot $0.1 | Rake $0 | Jackpot $0 | Bingo $0 | Fortune $0
Seat 4: 877402d2 (big blind) folded before Flop
Seat 5: Hero (small blind) collected ($0.1)


Poker Hand #HD1184551616: Hold'em No Limit  ($0.02/$0.05) - 2023/04/01 08:37:06
Table 'NLHBlue40' 6-max Seat #4 is the button
Seat 4: 877402d2 ($5 in chips)
Seat 5: Hero ($8.6 in chips)
877402d2: posts small blind $0.02
Hero: posts big blind $0.05
*** HOLE CARDS ***
Dealt to 877402d2 
Dealt to Hero [Ah 2s]
877402d2: folds
Uncalled bet ($0.03) returned to Hero
*** SHOWDOWN ***
Hero collected $0.04 from pot
*** SUMMARY ***
Total pot $0.04 | Rake $0 | Jackpot $0 | Bingo $0 | Fortune $0
Seat 4: 877402d2 (small blind) folded before Flop
Seat 5: Hero (big blind) collected ($0.04)


Poker Hand #HD1184551569: Hold'em No Limit  ($0.02/$0.05) - 2023/04/01 08:36:30
Table 'NLHBlue40' 6-max Seat #5 is the button
Seat 4: 877402d2 ($5.23 in chips)
Seat 5: Hero ($7.69 in chips)
Hero: posts small blind $0.02
877402d2: posts big blind $0.05
*** HOLE CARDS ***
Dealt to 877402d2 
Dealt to Hero [9h 9c]
Hero: raises $0.09 to $0.14
877402d2: raises $0.39 to $0.53
Hero: calls $0.39
*** FLOP *** [Th 2d 4d]
877402d2: checks
Hero: checks
*** TURN *** [Th 2d 4d] [4h]
877402d2: bets $0.53
Hero: calls $0.53
*** RIVER *** [Th 2d 4d 4h] [7h]
877402d2: checks
Hero: checks
Hero: shows [9h 9c] (Pair of Nines and Pair of Fours)
877402d2: shows [Jc As] (Pair of Fours)
*** SHOWDOWN ***
Hero collected $1.97 from pot
*** SUMMARY ***
Total pot $2.12 | Rake $0.1 | Jackpot $0.05 | Bingo $0 | Fortune $0
Board [Th 2d 4d 4h 7h]
Seat 4: 877402d2 (big blind) showed [Jc As] and lost with Pair of Fours
Seat 5: Hero (small blind) showed [9h 9c] and won ($1.97) with Pair of Nines and Pair of Fours


Poker Hand #HD1184551559: Hold'em No Limit  ($0.02/$0.05) - 2023/04/01 08:36:25
Table 'NLHBlue40' 6-max Seat #4 is the button
Seat 4: 877402d2 ($5.25 in chips)
Seat 5: Hero ($7.67 in chips)
877402d2: posts small blind $0.02
Hero: posts big blind $0.05
*** HOLE CARDS ***
Dealt to 877402d2 
Dealt to Hero [8d 6c]
877402d2: folds
Uncalled bet ($0.03) returned to Hero
*** SHOWDOWN ***
Hero collected $0.04 from pot
*** SUMMARY ***
Total pot $0.04 | Rake $0 | Jackpot $0 | Bingo $0 | Fortune $0
Seat 4: 877402d2 (small blind) folded before Flop
Seat 5: Hero (big blind) collected ($0.04)


Poker Hand #HD1184551534: Hold'em No Limit  ($0.02/$0.05) - 2023/04/01 08:36:08
Table 'NLHBlue40' 6-max Seat #5 is the button
Seat 4: 877402d2 ($5.3 in chips)
Seat 5: Hero ($7.62 in chips)
Hero: posts small blind $0.02
877402d2: posts big blind $0.05
*** HOLE CARDS ***
Dealt to 877402d2 
Dealt to Hero [Qh 9h]
Hero: raises $0.09 to $0.14
877402d2: folds
Uncalled bet ($0.09) returned to Hero
*** SHOWDOWN ***
Hero collected $0.1 from pot
*** SUMMARY ***
Total pot $0.1 | Rake $0 | Jackpot $0 | Bingo $0 | Fortune $0
Seat 4: 877402d2 (big blind) folded before Flop
Seat 5: Hero (small blind) collected ($0.1)


Poker Hand #HD1184551494: Hold'em No Limit  ($0.02/$0.05) - 2023/04/01 08:35:39
Table 'NLHBlue40' 6-max Seat #4 is the button
Seat 4: 877402d2 ($5.16 in chips)
Seat 5: Hero ($7.77 in chips)
877402d2: posts small blind $0.02
Hero: posts big blind $0.05
*** HOLE CARDS ***
Dealt to 877402d2 
Dealt to Hero [Kc Td]
877402d2: raises $0.1 to $0.15
Hero: calls $0.1
*** FLOP *** [5s 6c 3d]
Hero: checks
877402d2: bets $0.1
Hero: folds
Uncalled bet ($0.1) returned to 877402d2
*** SHOWDOWN ***
877402d2 collected $0.29 from pot
*** SUMMARY ***
Total pot $0.3 | Rake $0.01 | Jackpot $0 | Bingo $0 | Fortune $0
Board [5s 6c 3d]
Seat 4: 877402d2 (small blind) won ($0.29)
Seat 5: Hero (big blind) folded on the Flop


Poker Hand #HD1184551488: Hold'em No Limit  ($0.02/$0.05) - 2023/04/01 08:35:33
Table 'NLHBlue40' 6-max Seat #5 is the button
Seat 4: 877402d2 ($5.14 in chips)
Seat 5: Hero ($7.79 in chips)
Hero: posts small blind $0.02
877402d2: posts big blind $0.05
*** HOLE CARDS ***
Dealt to 877402d2 
Dealt to Hero [Tc 7h]
Hero: folds
Uncalled bet ($0.03) returned to 877402d2
*** SHOWDOWN ***
877402d2 collected $0.04 from pot
*** SUMMARY ***
Total pot $0.04 | Rake $0 | Jackpot $0 | Bingo $0 | Fortune $0
Seat 4: 877402d2 (big blind) collected ($0.04)
Seat 5: Hero (small blind) folded before Flop


Poker Hand #HD1184551448: Hold'em No Limit  ($0.02/$0.05) - 2023/04/01 08:35:07
Table 'NLHBlue40' 6-max Seat #4 is the button
Seat 4: 877402d2 ($5 in chips)
Seat 5: Hero ($7.94 in chips)
877402d2: posts small blind $0.02
Hero: posts big blind $0.05
*** HOLE CARDS ***
Dealt to 877402d2 
Dealt to Hero [5s 7s]
877402d2: raises $0.1 to $0.15
Hero: calls $0.1
*** FLOP *** [Js 2d 4d]
Hero: checks
877402d2: bets $0.1
Hero: folds
Uncalled bet ($0.1) returned to 877402d2
*** SHOWDOWN ***
877402d2 collected $0.29 from pot
*** SUMMARY ***
Total pot $0.3 | Rake $0.01 | Jackpot $0 | Bingo $0 | Fortune $0
Board [Js 2d 4d]
Seat 4: 877402d2 (small blind) won ($0.29)
Seat 5: Hero (big blind) folded on the Flop


Poker Hand #HD1184551345: Hold'em No Limit  ($0.02/$0.05) - 2023/04/01 08:33:55
Table 'NLHBlue40' 6-max Seat #3 is the button
Seat 1: 4e6fe2ed ($5.16 in chips)
Seat 3: 1164b16d ($4.69 in chips)
Seat 4: 877402d2 ($5.09 in chips)
Seat 5: Hero ($5 in chips)
877402d2: posts small blind $0.02
Hero: posts big blind $0.05
*** HOLE CARDS ***
Dealt to 4e6fe2ed 
Dealt to 1164b16d 
Dealt to 877402d2 
Dealt to Hero [Ah Kd]
4e6fe2ed: folds
1164b16d: folds
877402d2: raises $0.1 to $0.15
Hero: raises $0.27 to $0.42
877402d2: raises $0.83 to $1.25
Hero: raises $3.75 to $5 and is all-in
877402d2: calls $3.75
Hero: shows [Ah Kd]
877402d2: shows [Qd Qc]
*** FLOP *** [Kc 2c Ts]
Hero: Chooses to EV Cashout 
*** TURN *** [Kc 2c Ts] [6h]
*** RIVER *** [Kc 2c Ts 6h] [Tc]
Hero: Pays Cashout Risk ($1.52)
*** SHOWDOWN ***
Hero collected $9.46 from pot
*** SUMMARY ***
Total pot $10 | Rake $0.49 | Jackpot $0.05 | Bingo $0 | Fortune $0
Board [Kc 2c Ts 6h Tc]
Seat 1: 4e6fe2ed folded before Flop (didn't bet)
Seat 3: 1164b16d (button) folded before Flop (didn't bet)
Seat 4: 877402d2 (small blind) showed [Qd Qc] and lost with Pair of Queens and Pair of Tens
Seat 5: Hero (big blind) showed [Ah Kd] and won ($9.46) with Pair of Kings and Pair of Tens, Cashout Risk ($1.52)


