Poker Hand #HD1211013593: Hold'em No Limit  ($0.02/$0.05) - 2023/04/20 19:41:37
Table 'NLHBlue79' 6-max Seat #3 is the button
Seat 2: Hero ($5.24 in chips)
Seat 3: 3c7dfbea ($5.19 in chips)
Seat 5: cceb8647 ($5.54 in chips)
Seat 6: 1111efde ($5.03 in chips)
cceb8647: posts small blind $0.02
1111efde: posts big blind $0.05
*** HOLE CARDS ***
Dealt to Hero [7s 5c]
Dealt to 3c7dfbea 
Dealt to cceb8647 
Dealt to 1111efde 
Hero: folds
3c7dfbea: raises $0.07 to $0.12
cceb8647: folds
1111efde: folds
Uncalled bet ($0.07) returned to 3c7dfbea
*** SHOWDOWN ***
3c7dfbea collected $0.12 from pot
*** SUMMARY ***
Total pot $0.12 | Rake $0 | Jackpot $0 | Bingo $0 | Fortune $0
Seat 2: Hero folded before Flop (didn't bet)
Seat 3: 3c7dfbea (button) collected ($0.12)
Seat 5: cceb8647 (small blind) folded before Flop
Seat 6: 1111efde (big blind) folded before Flop


Poker Hand #HD1211013553: Hold'em No Limit  ($0.02/$0.05) - 2023/04/20 19:41:16
Table 'NLHBlue79' 6-max Seat #2 is the button
Seat 2: Hero ($5.17 in chips)
Seat 3: 3c7dfbea ($5.21 in chips)
Seat 5: cceb8647 ($5.59 in chips)
Seat 6: 1111efde ($5.03 in chips)
3c7dfbea: posts small blind $0.02
cceb8647: posts big blind $0.05
*** HOLE CARDS ***
Dealt to Hero [3s Ah]
Dealt to 3c7dfbea 
Dealt to cceb8647 
Dealt to 1111efde 
1111efde: folds
Hero: raises $0.07 to $0.12
3c7dfbea: folds
cceb8647: folds
Uncalled bet ($0.07) returned to Hero
*** SHOWDOWN ***
Hero collected $0.12 from pot
*** SUMMARY ***
Total pot $0.12 | Rake $0 | Jackpot $0 | Bingo $0 | Fortune $0
Seat 2: Hero (button) collected ($0.12)
Seat 3: 3c7dfbea (small blind) folded before Flop
Seat 5: cceb8647 (big blind) folded before Flop
Seat 6: 1111efde folded before Flop (didn't bet)


Poker Hand #HD1211013503: Hold'em No Limit  ($0.02/$0.05) - 2023/04/20 19:40:48
Table 'NLHBlue79' 6-max Seat #6 is the button
Seat 2: Hero ($5 in chips)
Seat 3: 3c7dfbea ($5.26 in chips)
Seat 5: cceb8647 ($5.59 in chips)
Seat 6: 1111efde ($5.16 in chips)
Hero: posts small blind $0.02
3c7dfbea: posts big blind $0.05
*** HOLE CARDS ***
Dealt to Hero [8s 8c]
Dealt to 3c7dfbea 
Dealt to cceb8647 
Dealt to 1111efde 
cceb8647: folds
1111efde: raises $0.08 to $0.13
Hero: raises $0.47 to $0.6
3c7dfbea: folds
1111efde: folds
Uncalled bet ($0.47) returned to Hero
*** SHOWDOWN ***
Hero collected $0.3 from pot
*** SUMMARY ***
Total pot $0.31 | Rake $0.01 | Jackpot $0 | Bingo $0 | Fortune $0
Seat 2: Hero (small blind) collected ($0.3)
Seat 3: 3c7dfbea (big blind) folded before Flop
Seat 5: cceb8647 folded before Flop (didn't bet)
Seat 6: 1111efde (button) folded before Flop


Poker Hand #HD1211013430: Hold'em No Limit  ($0.02/$0.05) - 2023/04/20 19:40:11
Table 'NLHBlue79' 6-max Seat #5 is the button
Seat 2: Hero ($5.07 in chips)
Seat 3: 3c7dfbea ($5.26 in chips)
Seat 5: cceb8647 ($5.59 in chips)
Seat 6: 1111efde ($5.02 in chips)
1111efde: posts small blind $0.02
Hero: posts big blind $0.05
*** HOLE CARDS ***
Dealt to Hero [5c 6c]
Dealt to 3c7dfbea 
Dealt to cceb8647 
Dealt to 1111efde 
3c7dfbea: folds
cceb8647: folds
1111efde: raises $0.1 to $0.15
Hero: calls $0.1
*** FLOP *** [Ac 2h Ks]
1111efde: bets $0.24
Hero: folds
Uncalled bet ($0.24) returned to 1111efde
*** SHOWDOWN ***
1111efde collected $0.29 from pot
*** SUMMARY ***
Total pot $0.3 | Rake $0.01 | Jackpot $0 | Bingo $0 | Fortune $0
Board [Ac 2h Ks]
Seat 2: Hero (big blind) folded on the Flop
Seat 3: 3c7dfbea folded before Flop (didn't bet)
Seat 5: cceb8647 (button) folded before Flop (didn't bet)
Seat 6: 1111efde (small blind) won ($0.29)


Poker Hand #HD1211013414: Hold'em No Limit  ($0.02/$0.05) - 2023/04/20 19:40:04
Table 'NLHBlue79' 6-max Seat #3 is the button
Seat 2: Hero ($5.07 in chips)
Seat 3: 3c7dfbea ($5.26 in chips)
Seat 5: cceb8647 ($5.61 in chips)
Seat 6: 1111efde ($5 in chips)
cceb8647: posts small blind $0.02
1111efde: posts big blind $0.05
*** HOLE CARDS ***
Dealt to Hero [7s 8c]
Dealt to 3c7dfbea 
Dealt to cceb8647 
Dealt to 1111efde 
Hero: folds
3c7dfbea: folds
cceb8647: folds
Uncalled bet ($0.03) returned to 1111efde
*** SHOWDOWN ***
1111efde collected $0.04 from pot
*** SUMMARY ***
Total pot $0.04 | Rake $0 | Jackpot $0 | Bingo $0 | Fortune $0
Seat 2: Hero folded before Flop (didn't bet)
Seat 3: 3c7dfbea (button) folded before Flop (didn't bet)
Seat 5: cceb8647 (small blind) folded before Flop
Seat 6: 1111efde (big blind) collected ($0.04)


Poker Hand #HD1211013388: Hold'em No Limit  ($0.02/$0.05) - 2023/04/20 19:39:54
Table 'NLHBlue79' 6-max Seat #2 is the button
Seat 2: Hero ($5 in chips)
Seat 3: 3c7dfbea ($5.28 in chips)
Seat 5: cceb8647 ($5.66 in chips)
3c7dfbea: posts small blind $0.02
cceb8647: posts big blind $0.05
*** HOLE CARDS ***
Dealt to Hero [Ks Js]
Dealt to 3c7dfbea 
Dealt to cceb8647 
Hero: raises $0.07 to $0.12
3c7dfbea: folds
cceb8647: folds
Uncalled bet ($0.07) returned to Hero
*** SHOWDOWN ***
Hero collected $0.12 from pot
*** SUMMARY ***
Total pot $0.12 | Rake $0 | Jackpot $0 | Bingo $0 | Fortune $0
Seat 2: Hero (button) collected ($0.12)
Seat 3: 3c7dfbea (small blind) folded before Flop
Seat 5: cceb8647 (big blind) folded before Flop


Poker Hand #HD1211013362: Hold'em No Limit  ($0.02/$0.05) - 2023/04/20 19:39:40
Table 'NLHBlue79' 6-max Seat #5 is the button
Seat 2: Hero ($5 in chips)
Seat 3: 3c7dfbea ($5.33 in chips)
Seat 4: 40268c41 ($6.36 in chips)
Seat 5: cceb8647 ($5.66 in chips)
Hero: posts small blind $0.02
3c7dfbea: posts big blind $0.05
*** HOLE CARDS ***
Dealt to Hero [6h Qs]
Dealt to 3c7dfbea 
Dealt to 40268c41 
Dealt to cceb8647 
40268c41: raises $0.1 to $0.15
cceb8647: folds
Hero: folds
3c7dfbea: folds
Uncalled bet ($0.1) returned to 40268c41
*** SHOWDOWN ***
40268c41 collected $0.12 from pot
*** SUMMARY ***
Total pot $0.12 | Rake $0 | Jackpot $0 | Bingo $0 | Fortune $0
Seat 2: Hero (small blind) folded before Flop
Seat 3: 3c7dfbea (big blind) folded before Flop
Seat 4: 40268c41 collected ($0.12)
Seat 5: cceb8647 (button) folded before Flop (didn't bet)


Poker Hand #HD1211013300: Hold'em No Limit  ($0.02/$0.05) - 2023/04/20 19:39:04
Table 'NLHBlue79' 6-max Seat #4 is the button
Seat 2: Hero ($5 in chips)
Seat 3: 3c7dfbea ($5.07 in chips)
Seat 4: 40268c41 ($6.36 in chips)
Seat 5: cceb8647 ($5.68 in chips)
cceb8647: posts small blind $0.02
Hero: posts big blind $0.05
*** HOLE CARDS ***
Dealt to Hero [5s 8s]
Dealt to 3c7dfbea 
Dealt to 40268c41 
Dealt to cceb8647 
3c7dfbea: raises $0.07 to $0.12
40268c41: folds
cceb8647: folds
Hero: calls $0.07
*** FLOP *** [8d As 2d]
Hero: checks
3c7dfbea: bets $0.14
Hero: calls $0.14
*** TURN *** [8d As 2d] [Kd]
Hero: checks
3c7dfbea: checks
*** RIVER *** [8d As 2d Kd] [6h]
Hero: checks
3c7dfbea: bets $0.17
Hero: folds
Uncalled bet ($0.17) returned to 3c7dfbea
*** SHOWDOWN ***
3c7dfbea collected $0.52 from pot
*** SUMMARY ***
Total pot $0.54 | Rake $0.02 | Jackpot $0 | Bingo $0 | Fortune $0
Board [8d As 2d Kd 6h]
Seat 2: Hero (big blind) folded on the River
Seat 3: 3c7dfbea won ($0.52)
Seat 4: 40268c41 (button) folded before Flop (didn't bet)
Seat 5: cceb8647 (small blind) folded before Flop


Poker Hand #HD1211013282: Hold'em No Limit  ($0.02/$0.05) - 2023/04/20 19:38:55
Table 'NLHBlue79' 6-max Seat #3 is the button
Seat 2: Hero ($5 in chips)
Seat 3: 3c7dfbea ($5.07 in chips)
Seat 4: 40268c41 ($6.38 in chips)
Seat 5: cceb8647 ($5.66 in chips)
40268c41: posts small blind $0.02
cceb8647: posts big blind $0.05
*** HOLE CARDS ***
Dealt to Hero [5d 6s]
Dealt to 3c7dfbea 
Dealt to 40268c41 
Dealt to cceb8647 
Hero: folds
3c7dfbea: folds
40268c41: folds
Uncalled bet ($0.03) returned to cceb8647
*** SHOWDOWN ***
cceb8647 collected $0.04 from pot
*** SUMMARY ***
Total pot $0.04 | Rake $0 | Jackpot $0 | Bingo $0 | Fortune $0
Seat 2: Hero folded before Flop (didn't bet)
Seat 3: 3c7dfbea (button) folded before Flop (didn't bet)
Seat 4: 40268c41 (small blind) folded before Flop
Seat 5: cceb8647 (big blind) collected ($0.04)


Poker Hand #HD1211013259: Hold'em No Limit  ($0.02/$0.05) - 2023/04/20 19:38:44
Table 'NLHBlue79' 6-max Seat #2 is the button
Seat 2: Hero ($5 in chips)
Seat 3: 3c7dfbea ($5.02 in chips)
Seat 4: 40268c41 ($6.43 in chips)
Seat 5: cceb8647 ($5.66 in chips)
3c7dfbea: posts small blind $0.02
40268c41: posts big blind $0.05
*** HOLE CARDS ***
Dealt to Hero [2h 7d]
Dealt to 3c7dfbea 
Dealt to 40268c41 
Dealt to cceb8647 
cceb8647: folds
Hero: folds
3c7dfbea: raises $0.1 to $0.15
40268c41: folds
Uncalled bet ($0.1) returned to 3c7dfbea
*** SHOWDOWN ***
3c7dfbea collected $0.1 from pot
*** SUMMARY ***
Total pot $0.1 | Rake $0 | Jackpot $0 | Bingo $0 | Fortune $0
Seat 2: Hero (button) folded before Flop (didn't bet)
Seat 3: 3c7dfbea (small blind) collected ($0.1)
Seat 4: 40268c41 (big blind) folded before Flop
Seat 5: cceb8647 folded before Flop (didn't bet)


Poker Hand #HD1211013241: Hold'em No Limit  ($0.02/$0.05) - 2023/04/20 19:38:35
Table 'NLHBlue79' 6-max Seat #5 is the button
Seat 2: Hero ($5.02 in chips)
Seat 3: 3c7dfbea ($5 in chips)
Seat 4: 40268c41 ($6.43 in chips)
Seat 5: cceb8647 ($5.66 in chips)
Hero: posts small blind $0.02
3c7dfbea: posts big blind $0.05
*** HOLE CARDS ***
Dealt to Hero [2h 5d]
Dealt to 3c7dfbea 
Dealt to 40268c41 
Dealt to cceb8647 
40268c41: folds
cceb8647: folds
Hero: folds
Uncalled bet ($0.03) returned to 3c7dfbea
*** SHOWDOWN ***
3c7dfbea collected $0.04 from pot
*** SUMMARY ***
Total pot $0.04 | Rake $0 | Jackpot $0 | Bingo $0 | Fortune $0
Seat 2: Hero (small blind) folded before Flop
Seat 3: 3c7dfbea (big blind) collected ($0.04)
Seat 4: 40268c41 folded before Flop (didn't bet)
Seat 5: cceb8647 (button) folded before Flop (didn't bet)


Poker Hand #HD1211013225: Hold'em No Limit  ($0.02/$0.05) - 2023/04/20 19:38:26
Table 'NLHBlue79' 6-max Seat #4 is the button
Seat 2: Hero ($5 in chips)
Seat 3: 3c7dfbea ($5 in chips)
Seat 4: 40268c41 ($6.43 in chips)
Seat 5: cceb8647 ($5.68 in chips)
cceb8647: posts small blind $0.02
Hero: posts big blind $0.05
*** HOLE CARDS ***
Dealt to Hero [2d 5c]
Dealt to 3c7dfbea 
Dealt to 40268c41 
Dealt to cceb8647 
3c7dfbea: folds
40268c41: folds
cceb8647: folds
Uncalled bet ($0.03) returned to Hero
*** SHOWDOWN ***
Hero collected $0.04 from pot
*** SUMMARY ***
Total pot $0.04 | Rake $0 | Jackpot $0 | Bingo $0 | Fortune $0
Seat 2: Hero (big blind) collected ($0.04)
Seat 3: 3c7dfbea folded before Flop (didn't bet)
Seat 4: 40268c41 (button) folded before Flop (didn't bet)
Seat 5: cceb8647 (small blind) folded before Flop


Poker Hand #HD1211013130: Hold'em No Limit  ($0.02/$0.05) - 2023/04/20 19:37:40
Table 'NLHBlue79' 6-max Seat #3 is the button
Seat 2: Hero ($5 in chips)
Seat 3: 3c7dfbea ($5 in chips)
Seat 4: 40268c41 ($6.45 in chips)
Seat 5: cceb8647 ($5.44 in chips)
40268c41: posts small blind $0.02
cceb8647: posts big blind $0.05
*** HOLE CARDS ***
Dealt to Hero [Tc Jh]
Dealt to 3c7dfbea 
Dealt to 40268c41 
Dealt to cceb8647 
Hero: raises $0.07 to $0.12
3c7dfbea: folds
40268c41: folds
cceb8647: calls $0.07
*** FLOP *** [8c 8h 8d]
cceb8647: checks
Hero: checks
*** TURN *** [8c 8h 8d] [Kh]
cceb8647: checks
Hero: bets $0.12
cceb8647: calls $0.12
*** RIVER *** [8c 8h 8d Kh] [5c]
cceb8647: checks
Hero: checks
cceb8647: shows [3c 3d] (Eights Full over Treys)
Hero: shows [Tc Jh] (Three Eights)
*** SHOWDOWN ***
cceb8647 collected $0.48 from pot
*** SUMMARY ***
Total pot $0.5 | Rake $0.02 | Jackpot $0 | Bingo $0 | Fortune $0
Board [8c 8h 8d Kh 5c]
Seat 2: Hero showed [Tc Jh] and lost with Three Eights
Seat 3: 3c7dfbea (button) folded before Flop (didn't bet)
Seat 4: 40268c41 (small blind) folded before Flop
Seat 5: cceb8647 (big blind) showed [3c 3d] and won ($0.48) with Eights Full over Treys


Poker Hand #HD1211013095: Hold'em No Limit  ($0.02/$0.05) - 2023/04/20 19:37:22
Table 'NLHBlue79' 6-max Seat #2 is the button
Seat 2: Hero ($5 in chips)
Seat 3: 3c7dfbea ($5 in chips)
Seat 4: 40268c41 ($6.31 in chips)
Seat 5: cceb8647 ($5.44 in chips)
3c7dfbea: posts small blind $0.02
40268c41: posts big blind $0.05
*** HOLE CARDS ***
Dealt to Hero [4s Qc]
Dealt to 3c7dfbea 
Dealt to 40268c41 
Dealt to cceb8647 
cceb8647: folds
Hero: folds
3c7dfbea: raises $0.1 to $0.15
40268c41: raises $0.31 to $0.46
3c7dfbea: folds
Uncalled bet ($0.31) returned to 40268c41
*** SHOWDOWN ***
40268c41 collected $0.29 from pot
*** SUMMARY ***
Total pot $0.3 | Rake $0.01 | Jackpot $0 | Bingo $0 | Fortune $0
Seat 2: Hero (button) folded before Flop (didn't bet)
Seat 3: 3c7dfbea (small blind) folded before Flop
Seat 4: 40268c41 (big blind) collected ($0.29)
Seat 5: cceb8647 folded before Flop (didn't bet)


Poker Hand #HD1211013073: Hold'em No Limit  ($0.02/$0.05) - 2023/04/20 19:37:09
Table 'NLHBlue79' 6-max Seat #5 is the button
Seat 2: Hero ($5.02 in chips)
Seat 3: 3c7dfbea ($5.05 in chips)
Seat 4: 40268c41 ($6.31 in chips)
Seat 5: cceb8647 ($5.37 in chips)
Hero: posts small blind $0.02
3c7dfbea: posts big blind $0.05
*** HOLE CARDS ***
Dealt to Hero [Kc Js]
Dealt to 3c7dfbea 
Dealt to 40268c41 
Dealt to cceb8647 
40268c41: folds
cceb8647: raises $0.08 to $0.13
Hero: folds
3c7dfbea: folds
Uncalled bet ($0.08) returned to cceb8647
*** SHOWDOWN ***
cceb8647 collected $0.12 from pot
*** SUMMARY ***
Total pot $0.12 | Rake $0 | Jackpot $0 | Bingo $0 | Fortune $0
Seat 2: Hero (small blind) folded before Flop
Seat 3: 3c7dfbea (big blind) folded before Flop
Seat 4: 40268c41 folded before Flop (didn't bet)
Seat 5: cceb8647 (button) collected ($0.12)


Poker Hand #HD1211013043: Hold'em No Limit  ($0.02/$0.05) - 2023/04/20 19:36:54
Table 'NLHBlue79' 6-max Seat #4 is the button
Seat 2: Hero ($5.07 in chips)
Seat 3: 3c7dfbea ($5.05 in chips)
Seat 4: 40268c41 ($6.24 in chips)
Seat 5: cceb8647 ($5.39 in chips)
cceb8647: posts small blind $0.02
Hero: posts big blind $0.05
*** HOLE CARDS ***
Dealt to Hero [5s Td]
Dealt to 3c7dfbea 
Dealt to 40268c41 
Dealt to cceb8647 
3c7dfbea: folds
40268c41: raises $0.1 to $0.15
cceb8647: folds
Hero: folds
Uncalled bet ($0.1) returned to 40268c41
*** SHOWDOWN ***
40268c41 collected $0.12 from pot
*** SUMMARY ***
Total pot $0.12 | Rake $0 | Jackpot $0 | Bingo $0 | Fortune $0
Seat 2: Hero (big blind) folded before Flop
Seat 3: 3c7dfbea folded before Flop (didn't bet)
Seat 4: 40268c41 (button) collected ($0.12)
Seat 5: cceb8647 (small blind) folded before Flop


Poker Hand #HD1211013011: Hold'em No Limit  ($0.02/$0.05) - 2023/04/20 19:36:40
Table 'NLHBlue79' 6-max Seat #3 is the button
Seat 2: Hero ($5.07 in chips)
Seat 3: 3c7dfbea ($5.05 in chips)
Seat 4: 40268c41 ($6.26 in chips)
Seat 5: cceb8647 ($5.37 in chips)
40268c41: posts small blind $0.02
cceb8647: posts big blind $0.05
*** HOLE CARDS ***
Dealt to Hero [Qs 5c]
Dealt to 3c7dfbea 
Dealt to 40268c41 
Dealt to cceb8647 
Hero: folds
3c7dfbea: folds
40268c41: folds
Uncalled bet ($0.03) returned to cceb8647
*** SHOWDOWN ***
cceb8647 collected $0.04 from pot
*** SUMMARY ***
Total pot $0.04 | Rake $0 | Jackpot $0 | Bingo $0 | Fortune $0
Seat 2: Hero folded before Flop (didn't bet)
Seat 3: 3c7dfbea (button) folded before Flop (didn't bet)
Seat 4: 40268c41 (small blind) folded before Flop
Seat 5: cceb8647 (big blind) collected ($0.04)


Poker Hand #HD1211012972: Hold'em No Limit  ($0.02/$0.05) - 2023/04/20 19:36:22
Table 'NLHBlue79' 6-max Seat #2 is the button
Seat 2: Hero ($5.07 in chips)
Seat 3: 3c7dfbea ($5 in chips)
Seat 4: 40268c41 ($6.31 in chips)
Seat 5: cceb8647 ($5.37 in chips)
3c7dfbea: posts small blind $0.02
40268c41: posts big blind $0.05
*** HOLE CARDS ***
Dealt to Hero [3d Jc]
Dealt to 3c7dfbea 
Dealt to 40268c41 
Dealt to cceb8647 
cceb8647: folds
Hero: folds
3c7dfbea: raises $0.1 to $0.15
40268c41: folds
Uncalled bet ($0.1) returned to 3c7dfbea
*** SHOWDOWN ***
3c7dfbea collected $0.1 from pot
*** SUMMARY ***
Total pot $0.1 | Rake $0 | Jackpot $0 | Bingo $0 | Fortune $0
Seat 2: Hero (button) folded before Flop (didn't bet)
Seat 3: 3c7dfbea (small blind) collected ($0.1)
Seat 4: 40268c41 (big blind) folded before Flop
Seat 5: cceb8647 folded before Flop (didn't bet)


Poker Hand #HD1211012945: Hold'em No Limit  ($0.02/$0.05) - 2023/04/20 19:36:06
Table 'NLHBlue79' 6-max Seat #5 is the button
Seat 2: Hero ($5.02 in chips)
Seat 3: 3c7dfbea ($5 in chips)
Seat 4: 40268c41 ($6.31 in chips)
Seat 5: cceb8647 ($5.37 in chips)
Hero: posts small blind $0.02
3c7dfbea: posts big blind $0.05
*** HOLE CARDS ***
Dealt to Hero [Td Ks]
Dealt to 3c7dfbea 
Dealt to 40268c41 
Dealt to cceb8647 
40268c41: folds
cceb8647: folds
Hero: raises $0.09 to $0.14
3c7dfbea: folds
Uncalled bet ($0.09) returned to Hero
*** SHOWDOWN ***
Hero collected $0.1 from pot
*** SUMMARY ***
Total pot $0.1 | Rake $0 | Jackpot $0 | Bingo $0 | Fortune $0
Seat 2: Hero (small blind) collected ($0.1)
Seat 3: 3c7dfbea (big blind) folded before Flop
Seat 4: 40268c41 folded before Flop (didn't bet)
Seat 5: cceb8647 (button) folded before Flop (didn't bet)


Poker Hand #HD1211012917: Hold'em No Limit  ($0.02/$0.05) - 2023/04/20 19:35:54
Table 'NLHBlue79' 6-max Seat #4 is the button
Seat 2: Hero ($5 in chips)
Seat 3: 3c7dfbea ($5 in chips)
Seat 4: 40268c41 ($6.31 in chips)
Seat 5: cceb8647 ($5.39 in chips)
cceb8647: posts small blind $0.02
Hero: posts big blind $0.05
*** HOLE CARDS ***
Dealt to Hero [Ac 8s]
Dealt to 3c7dfbea 
Dealt to 40268c41 
Dealt to cceb8647 
3c7dfbea: folds
40268c41: folds
cceb8647: folds
Uncalled bet ($0.03) returned to Hero
*** SHOWDOWN ***
Hero collected $0.04 from pot
*** SUMMARY ***
Total pot $0.04 | Rake $0 | Jackpot $0 | Bingo $0 | Fortune $0
Seat 2: Hero (big blind) collected ($0.04)
Seat 3: 3c7dfbea folded before Flop (didn't bet)
Seat 4: 40268c41 (button) folded before Flop (didn't bet)
Seat 5: cceb8647 (small blind) folded before Flop


Poker Hand #HD1211012900: Hold'em No Limit  ($0.02/$0.05) - 2023/04/20 19:35:45
Table 'NLHBlue79' 6-max Seat #3 is the button
Seat 2: Hero ($5 in chips)
Seat 3: 3c7dfbea ($5 in chips)
Seat 4: 40268c41 ($6.33 in chips)
Seat 5: cceb8647 ($5.37 in chips)
40268c41: posts small blind $0.02
cceb8647: posts big blind $0.05
*** HOLE CARDS ***
Dealt to Hero [3h Th]
Dealt to 3c7dfbea 
Dealt to 40268c41 
Dealt to cceb8647 
Hero: folds
3c7dfbea: folds
40268c41: folds
Uncalled bet ($0.03) returned to cceb8647
*** SHOWDOWN ***
cceb8647 collected $0.04 from pot
*** SUMMARY ***
Total pot $0.04 | Rake $0 | Jackpot $0 | Bingo $0 | Fortune $0
Seat 2: Hero folded before Flop (didn't bet)
Seat 3: 3c7dfbea (button) folded before Flop (didn't bet)
Seat 4: 40268c41 (small blind) folded before Flop
Seat 5: cceb8647 (big blind) collected ($0.04)


Poker Hand #HD1211012855: Hold'em No Limit  ($0.02/$0.05) - 2023/04/20 19:35:28
Table 'NLHBlue79' 6-max Seat #2 is the button
Seat 2: Hero ($5 in chips)
Seat 3: 3c7dfbea ($5.02 in chips)
Seat 4: 40268c41 ($6.38 in chips)
Seat 5: cceb8647 ($5.3 in chips)
3c7dfbea: posts small blind $0.02
40268c41: posts big blind $0.05
*** HOLE CARDS ***
Dealt to Hero [Kc 2h]
Dealt to 3c7dfbea 
Dealt to 40268c41 
Dealt to cceb8647 
cceb8647: raises $0.08 to $0.13
Hero: folds
3c7dfbea: folds
40268c41: folds
Uncalled bet ($0.08) returned to cceb8647
*** SHOWDOWN ***
cceb8647 collected $0.12 from pot
*** SUMMARY ***
Total pot $0.12 | Rake $0 | Jackpot $0 | Bingo $0 | Fortune $0
Seat 2: Hero (button) folded before Flop (didn't bet)
Seat 3: 3c7dfbea (small blind) folded before Flop
Seat 4: 40268c41 (big blind) folded before Flop
Seat 5: cceb8647 collected ($0.12)


Poker Hand #HD1211012834: Hold'em No Limit  ($0.02/$0.05) - 2023/04/20 19:35:15
Table 'NLHBlue79' 6-max Seat #5 is the button
Seat 2: Hero ($5.02 in chips)
Seat 3: 3c7dfbea ($5.07 in chips)
Seat 4: 40268c41 ($6.38 in chips)
Seat 5: cceb8647 ($5.23 in chips)
Hero: posts small blind $0.02
3c7dfbea: posts big blind $0.05
*** HOLE CARDS ***
Dealt to Hero [4c 4h]
Dealt to 3c7dfbea 
Dealt to 40268c41 
Dealt to cceb8647 
40268c41: folds
cceb8647: raises $0.08 to $0.13
Hero: folds
3c7dfbea: folds
Uncalled bet ($0.08) returned to cceb8647
*** SHOWDOWN ***
cceb8647 collected $0.12 from pot
*** SUMMARY ***
Total pot $0.12 | Rake $0 | Jackpot $0 | Bingo $0 | Fortune $0
Seat 2: Hero (small blind) folded before Flop
Seat 3: 3c7dfbea (big blind) folded before Flop
Seat 4: 40268c41 folded before Flop (didn't bet)
Seat 5: cceb8647 (button) collected ($0.12)


Poker Hand #HD1211012803: Hold'em No Limit  ($0.02/$0.05) - 2023/04/20 19:34:56
Table 'NLHBlue79' 6-max Seat #4 is the button
Seat 2: Hero ($5 in chips)
Seat 3: 3c7dfbea ($5.07 in chips)
Seat 4: 40268c41 ($6.38 in chips)
Seat 5: cceb8647 ($5.25 in chips)
cceb8647: posts small blind $0.02
Hero: posts big blind $0.05
*** HOLE CARDS ***
Dealt to Hero [5s Js]
Dealt to 3c7dfbea 
Dealt to 40268c41 
Dealt to cceb8647 
3c7dfbea: folds
40268c41: folds
cceb8647: folds
Uncalled bet ($0.03) returned to Hero
*** SHOWDOWN ***
Hero collected $0.04 from pot
*** SUMMARY ***
Total pot $0.04 | Rake $0 | Jackpot $0 | Bingo $0 | Fortune $0
Seat 2: Hero (big blind) collected ($0.04)
Seat 3: 3c7dfbea folded before Flop (didn't bet)
Seat 4: 40268c41 (button) folded before Flop (didn't bet)
Seat 5: cceb8647 (small blind) folded before Flop


Poker Hand #HD1211012785: Hold'em No Limit  ($0.02/$0.05) - 2023/04/20 19:34:47
Table 'NLHBlue79' 6-max Seat #3 is the button
Seat 2: Hero ($5 in chips)
Seat 3: 3c7dfbea ($5 in chips)
Seat 4: 40268c41 ($6.4 in chips)
Seat 5: cceb8647 ($5.3 in chips)
40268c41: posts small blind $0.02
cceb8647: posts big blind $0.05
*** HOLE CARDS ***
Dealt to Hero [6s Jc]
Dealt to 3c7dfbea 
Dealt to 40268c41 
Dealt to cceb8647 
Hero: folds
3c7dfbea: raises $0.07 to $0.12
40268c41: folds
cceb8647: folds
Uncalled bet ($0.07) returned to 3c7dfbea
*** SHOWDOWN ***
3c7dfbea collected $0.12 from pot
*** SUMMARY ***
Total pot $0.12 | Rake $0 | Jackpot $0 | Bingo $0 | Fortune $0
Seat 2: Hero folded before Flop (didn't bet)
Seat 3: 3c7dfbea (button) collected ($0.12)
Seat 4: 40268c41 (small blind) folded before Flop
Seat 5: cceb8647 (big blind) folded before Flop


Poker Hand #HD1211012763: Hold'em No Limit  ($0.02/$0.05) - 2023/04/20 19:34:38
Table 'NLHBlue79' 6-max Seat #2 is the button
Seat 2: Hero ($5 in chips)
Seat 3: 3c7dfbea ($5 in chips)
Seat 4: 40268c41 ($6.38 in chips)
Seat 5: cceb8647 ($5.3 in chips)
3c7dfbea: posts small blind $0.02
40268c41: posts big blind $0.05
*** HOLE CARDS ***
Dealt to Hero [2d Kc]
Dealt to 3c7dfbea 
Dealt to 40268c41 
Dealt to cceb8647 
cceb8647: folds
Hero: folds
3c7dfbea: folds
Uncalled bet ($0.03) returned to 40268c41
*** SHOWDOWN ***
40268c41 collected $0.04 from pot
*** SUMMARY ***
Total pot $0.04 | Rake $0 | Jackpot $0 | Bingo $0 | Fortune $0
Seat 2: Hero (button) folded before Flop (didn't bet)
Seat 3: 3c7dfbea (small blind) folded before Flop
Seat 4: 40268c41 (big blind) collected ($0.04)
Seat 5: cceb8647 folded before Flop (didn't bet)


Poker Hand #HD1211012690: Hold'em No Limit  ($0.02/$0.05) - 2023/04/20 19:34:00
Table 'NLHBlue79' 6-max Seat #5 is the button
Seat 2: Hero ($5 in chips)
Seat 3: 3c7dfbea ($5.02 in chips)
Seat 4: 40268c41 ($6.38 in chips)
Seat 5: cceb8647 ($5.12 in chips)
Seat 6: 1111efde ($5.02 in chips)
1111efde: posts small blind $0.02
Hero: posts big blind $0.05
*** HOLE CARDS ***
Dealt to Hero [3s 8d]
Dealt to 3c7dfbea 
Dealt to 40268c41 
Dealt to cceb8647 
Dealt to 1111efde 
3c7dfbea: raises $0.07 to $0.12
40268c41: folds
cceb8647: calls $0.12
1111efde: folds
Hero: folds
*** FLOP *** [8s 7s 3d]
3c7dfbea: checks
cceb8647: bets $0.11
3c7dfbea: folds
Uncalled bet ($0.11) returned to cceb8647
*** SHOWDOWN ***
cceb8647 collected $0.3 from pot
*** SUMMARY ***
Total pot $0.31 | Rake $0.01 | Jackpot $0 | Bingo $0 | Fortune $0
Board [8s 7s 3d]
Seat 2: Hero (big blind) folded before Flop
Seat 3: 3c7dfbea folded on the Flop
Seat 4: 40268c41 folded before Flop (didn't bet)
Seat 5: cceb8647 (button) won ($0.3)
Seat 6: 1111efde (small blind) folded before Flop


Poker Hand #HD1211012658: Hold'em No Limit  ($0.02/$0.05) - 2023/04/20 19:33:49
Table 'NLHBlue79' 6-max Seat #4 is the button
Seat 2: Hero ($5 in chips)
Seat 3: 3c7dfbea ($5.02 in chips)
Seat 4: 40268c41 ($6.38 in chips)
Seat 5: cceb8647 ($5.14 in chips)
Seat 6: 1111efde ($5 in chips)
cceb8647: posts small blind $0.02
1111efde: posts big blind $0.05
*** HOLE CARDS ***
Dealt to Hero [5h Ks]
Dealt to 3c7dfbea 
Dealt to 40268c41 
Dealt to cceb8647 
Dealt to 1111efde 
Hero: folds
3c7dfbea: folds
40268c41: folds
cceb8647: folds
Uncalled bet ($0.03) returned to 1111efde
*** SHOWDOWN ***
1111efde collected $0.04 from pot
*** SUMMARY ***
Total pot $0.04 | Rake $0 | Jackpot $0 | Bingo $0 | Fortune $0
Seat 2: Hero folded before Flop (didn't bet)
Seat 3: 3c7dfbea folded before Flop (didn't bet)
Seat 4: 40268c41 (button) folded before Flop (didn't bet)
Seat 5: cceb8647 (small blind) folded before Flop
Seat 6: 1111efde (big blind) collected ($0.04)


Poker Hand #HD1211012622: Hold'em No Limit  ($0.02/$0.05) - 2023/04/20 19:33:31
Table 'NLHBlue79' 6-max Seat #3 is the button
Seat 2: Hero ($5 in chips)
Seat 3: 3c7dfbea ($5.02 in chips)
Seat 4: 40268c41 ($6.33 in chips)
Seat 5: cceb8647 ($5.19 in chips)
Seat 6: 1111efde ($5 in chips)
40268c41: posts small blind $0.02
cceb8647: posts big blind $0.05
*** HOLE CARDS ***
Dealt to Hero [3d 8d]
Dealt to 3c7dfbea 
Dealt to 40268c41 
Dealt to cceb8647 
Dealt to 1111efde 
1111efde: folds
Hero: folds
3c7dfbea: folds
40268c41: raises $0.1 to $0.15
cceb8647: folds
Uncalled bet ($0.1) returned to 40268c41
*** SHOWDOWN ***
40268c41 collected $0.1 from pot
*** SUMMARY ***
Total pot $0.1 | Rake $0 | Jackpot $0 | Bingo $0 | Fortune $0
Seat 2: Hero folded before Flop (didn't bet)
Seat 3: 3c7dfbea (button) folded before Flop (didn't bet)
Seat 4: 40268c41 (small blind) collected ($0.1)
Seat 5: cceb8647 (big blind) folded before Flop
Seat 6: 1111efde folded before Flop (didn't bet)


Poker Hand #HD1211012581: Hold'em No Limit  ($0.02/$0.05) - 2023/04/20 19:33:09
Table 'NLHBlue79' 6-max Seat #2 is the button
Seat 2: Hero ($5.07 in chips)
Seat 3: 3c7dfbea ($5.04 in chips)
Seat 4: 40268c41 ($6.2 in chips)
Seat 5: cceb8647 ($5.19 in chips)
Seat 6: 1111efde ($5 in chips)
3c7dfbea: posts small blind $0.02
40268c41: posts big blind $0.05
*** HOLE CARDS ***
Dealt to Hero [Ks 8s]
Dealt to 3c7dfbea 
Dealt to 40268c41 
Dealt to cceb8647 
Dealt to 1111efde 
cceb8647: folds
1111efde: folds
Hero: raises $0.07 to $0.12
3c7dfbea: folds
40268c41: raises $0.34 to $0.46
Hero: folds
Uncalled bet ($0.34) returned to 40268c41
*** SHOWDOWN ***
40268c41 collected $0.25 from pot
*** SUMMARY ***
Total pot $0.26 | Rake $0.01 | Jackpot $0 | Bingo $0 | Fortune $0
Seat 2: Hero (button) folded before Flop
Seat 3: 3c7dfbea (small blind) folded before Flop
Seat 4: 40268c41 (big blind) collected ($0.25)
Seat 5: cceb8647 folded before Flop (didn't bet)
Seat 6: 1111efde folded before Flop (didn't bet)


Poker Hand #HD1211012530: Hold'em No Limit  ($0.02/$0.05) - 2023/04/20 19:32:46
Table 'NLHBlue79' 6-max Seat #6 is the button
Seat 2: Hero ($5.02 in chips)
Seat 3: 3c7dfbea ($5.09 in chips)
Seat 4: 40268c41 ($6.2 in chips)
Seat 5: cceb8647 ($5.19 in chips)
Seat 6: 1111efde ($5 in chips)
Hero: posts small blind $0.02
3c7dfbea: posts big blind $0.05
*** HOLE CARDS ***
Dealt to Hero [Td Ah]
Dealt to 3c7dfbea 
Dealt to 40268c41 
Dealt to cceb8647 
Dealt to 1111efde 
40268c41: folds
cceb8647: folds
1111efde: folds
Hero: raises $0.09 to $0.14
3c7dfbea: folds
Uncalled bet ($0.09) returned to Hero
*** SHOWDOWN ***
Hero collected $0.1 from pot
*** SUMMARY ***
Total pot $0.1 | Rake $0 | Jackpot $0 | Bingo $0 | Fortune $0
Seat 2: Hero (small blind) collected ($0.1)
Seat 3: 3c7dfbea (big blind) folded before Flop
Seat 4: 40268c41 folded before Flop (didn't bet)
Seat 5: cceb8647 folded before Flop (didn't bet)
Seat 6: 1111efde (button) folded before Flop (didn't bet)


Poker Hand #HD1211012511: Hold'em No Limit  ($0.02/$0.05) - 2023/04/20 19:32:36
Table 'NLHBlue79' 6-max Seat #5 is the button
Seat 2: Hero ($5 in chips)
Seat 3: 3c7dfbea ($5.09 in chips)
Seat 4: 40268c41 ($6.2 in chips)
Seat 5: cceb8647 ($5.19 in chips)
Seat 6: 1111efde ($5 in chips)
1111efde: posts small blind $0.02
Hero: posts big blind $0.05
*** HOLE CARDS ***
Dealt to Hero [4s 3c]
Dealt to 3c7dfbea 
Dealt to 40268c41 
Dealt to cceb8647 
Dealt to 1111efde 
3c7dfbea: folds
40268c41: folds
cceb8647: folds
1111efde: folds
Uncalled bet ($0.03) returned to Hero
*** SHOWDOWN ***
Hero collected $0.04 from pot
*** SUMMARY ***
Total pot $0.04 | Rake $0 | Jackpot $0 | Bingo $0 | Fortune $0
Seat 2: Hero (big blind) collected ($0.04)
Seat 3: 3c7dfbea folded before Flop (didn't bet)
Seat 4: 40268c41 folded before Flop (didn't bet)
Seat 5: cceb8647 (button) folded before Flop (didn't bet)
Seat 6: 1111efde (small blind) folded before Flop


Poker Hand #HD1211012458: Hold'em No Limit  ($0.02/$0.05) - 2023/04/20 19:32:05
Table 'NLHBlue79' 6-max Seat #4 is the button
Seat 2: Hero ($5 in chips)
Seat 3: 3c7dfbea ($5.09 in chips)
Seat 4: 40268c41 ($6.33 in chips)
Seat 5: cceb8647 ($5.02 in chips)
Seat 6: 1111efde ($5 in chips)
cceb8647: posts small blind $0.02
1111efde: posts big blind $0.05
*** HOLE CARDS ***
Dealt to Hero [6d 7s]
Dealt to 3c7dfbea 
Dealt to 40268c41 
Dealt to cceb8647 
Dealt to 1111efde 
Hero: folds
3c7dfbea: folds
40268c41: raises $0.08 to $0.13
cceb8647: raises $0.36 to $0.49
1111efde: folds
40268c41: folds
Uncalled bet ($0.36) returned to cceb8647
*** SHOWDOWN ***
cceb8647 collected $0.3 from pot
*** SUMMARY ***
Total pot $0.31 | Rake $0.01 | Jackpot $0 | Bingo $0 | Fortune $0
Seat 2: Hero folded before Flop (didn't bet)
Seat 3: 3c7dfbea folded before Flop (didn't bet)
Seat 4: 40268c41 (button) folded before Flop
Seat 5: cceb8647 (small blind) collected ($0.3)
Seat 6: 1111efde (big blind) folded before Flop


Poker Hand #HD1211012437: Hold'em No Limit  ($0.02/$0.05) - 2023/04/20 19:31:56
Table 'NLHBlue79' 6-max Seat #3 is the button
Seat 2: Hero ($5 in chips)
Seat 3: 3c7dfbea ($5.09 in chips)
Seat 4: 40268c41 ($6.35 in chips)
Seat 5: cceb8647 ($5 in chips)
40268c41: posts small blind $0.02
cceb8647: posts big blind $0.05
*** HOLE CARDS ***
Dealt to Hero [2d 7c]
Dealt to 3c7dfbea 
Dealt to 40268c41 
Dealt to cceb8647 
Hero: folds
3c7dfbea: folds
40268c41: folds
Uncalled bet ($0.03) returned to cceb8647
*** SHOWDOWN ***
cceb8647 collected $0.04 from pot
*** SUMMARY ***
Total pot $0.04 | Rake $0 | Jackpot $0 | Bingo $0 | Fortune $0
Seat 2: Hero folded before Flop (didn't bet)
Seat 3: 3c7dfbea (button) folded before Flop (didn't bet)
Seat 4: 40268c41 (small blind) folded before Flop
Seat 5: cceb8647 (big blind) collected ($0.04)


Poker Hand #HD1211012313: Hold'em No Limit  ($0.02/$0.05) - 2023/04/20 19:30:56
Table 'NLHBlue79' 6-max Seat #2 is the button
Seat 1: 2e3a8d96 ($1.32 in chips)
Seat 2: Hero ($5 in chips)
Seat 3: 3c7dfbea ($5.11 in chips)
Seat 4: 40268c41 ($5 in chips)
3c7dfbea: posts small blind $0.02
40268c41: posts big blind $0.05
*** HOLE CARDS ***
Dealt to 2e3a8d96 
Dealt to Hero [Qd Kc]
Dealt to 3c7dfbea 
Dealt to 40268c41 
2e3a8d96: calls $0.05
Hero: raises $0.15 to $0.2
3c7dfbea: folds
40268c41: raises $0.42 to $0.62
2e3a8d96: calls $0.57
Hero: folds
*** FLOP *** [Th 4s Js]
40268c41: bets $0.98
2e3a8d96: calls $0.7 and is all-in
Uncalled bet ($0.28) returned to 40268c41
40268c41: shows [Qh Kh] (King-High)
2e3a8d96: shows [Ad 4c] (Pair of Fours)
*** TURN *** [Th 4s Js] [9d]
*** RIVER *** [Th 4s Js 9d] [Qs]
*** SHOWDOWN ***
40268c41 collected $2.67 from pot
*** SUMMARY ***
Total pot $2.86 | Rake $0.14 | Jackpot $0.05 | Bingo $0 | Fortune $0
Board [Th 4s Js 9d Qs]
Seat 1: 2e3a8d96 showed [Ad 4c] and lost with Pair of Fours
Seat 2: Hero (button) folded before Flop
Seat 3: 3c7dfbea (small blind) folded before Flop
Seat 4: 40268c41 (big blind) showed [Qh Kh] and won ($2.67) with Kings-High Straight


Poker Hand #HD1211012254: Hold'em No Limit  ($0.02/$0.05) - 2023/04/20 19:30:30
Table 'NLHBlue79' 6-max Seat #1 is the button
Seat 1: 2e3a8d96 ($1.25 in chips)
Seat 2: Hero ($5 in chips)
Seat 3: 3c7dfbea ($5.16 in chips)
Seat 4: 40268c41 ($5 in chips)
Hero: posts small blind $0.02
3c7dfbea: posts big blind $0.05
*** HOLE CARDS ***
Dealt to 2e3a8d96 
Dealt to Hero [3s Ah]
Dealt to 3c7dfbea 
Dealt to 40268c41 
40268c41: folds
2e3a8d96: calls $0.05
Hero: folds
3c7dfbea: checks
*** FLOP *** [7c 6s 5c]
3c7dfbea: checks
2e3a8d96: bets $0.12
3c7dfbea: folds
Uncalled bet ($0.12) returned to 2e3a8d96
*** SHOWDOWN ***
2e3a8d96 collected $0.12 from pot
*** SUMMARY ***
Total pot $0.12 | Rake $0 | Jackpot $0 | Bingo $0 | Fortune $0
Board [7c 6s 5c]
Seat 1: 2e3a8d96 (button) won ($0.12)
Seat 2: Hero (small blind) folded before Flop
Seat 3: 3c7dfbea (big blind) folded on the Flop
Seat 4: 40268c41 folded before Flop (didn't bet)


Poker Hand #HD1211012159: Hold'em No Limit  ($0.02/$0.05) - 2023/04/20 19:29:42
Table 'NLHBlue79' 6-max Seat #4 is the button
Seat 1: 2e3a8d96 ($1.37 in chips)
Seat 2: Hero ($5 in chips)
Seat 3: 3c7dfbea ($5 in chips)
Seat 4: 40268c41 ($5 in chips)
2e3a8d96: posts small blind $0.02
Hero: posts big blind $0.05
*** HOLE CARDS ***
Dealt to 2e3a8d96 
Dealt to Hero [7s 6d]
Dealt to 3c7dfbea 
Dealt to 40268c41 
3c7dfbea: raises $0.07 to $0.12
40268c41: folds
2e3a8d96: calls $0.1
Hero: folds
*** FLOP *** [6h As Kc]
2e3a8d96: checks
3c7dfbea: checks
*** TURN *** [6h As Kc] [3h]
2e3a8d96: checks
3c7dfbea: checks
*** RIVER *** [6h As Kc 3h] [Qd]
2e3a8d96: checks
3c7dfbea: checks
2e3a8d96: shows [4c 8h] (Ace-High)
3c7dfbea: shows [7h 7c] (Pair of Sevens)
*** SHOWDOWN ***
3c7dfbea collected $0.28 from pot
*** SUMMARY ***
Total pot $0.29 | Rake $0.01 | Jackpot $0 | Bingo $0 | Fortune $0
Board [6h As Kc 3h Qd]
Seat 1: 2e3a8d96 (small blind) showed [4c 8h] and lost with Ace-High
Seat 2: Hero (big blind) folded before Flop
Seat 3: 3c7dfbea showed [7h 7c] and won ($0.28) with Pair of Sevens
Seat 4: 40268c41 (button) folded before Flop (didn't bet)


