Poker Hand #HD1592726889: Hold'em No Limit ($0.05/$0.1) - 2024/01/17 18:26:37
Table 'NLHRed67' 6-max Seat #2 is the button
Seat 1: 3755e163 ($10.41 in chips)
Seat 2: 674750e6 ($1.67 in chips)
Seat 3: eed97c2e ($10.1 in chips)
Seat 4: 1db8fe1 ($14.92 in chips)
Seat 5: Hero ($8.17 in chips)
Seat 6: eda62026 ($11.86 in chips)
eed97c2e: posts small blind $0.05
1db8fe1: posts big blind $0.1
*** HOLE CARDS ***
Dealt to 3755e163 
Dealt to 674750e6 
Dealt to eed97c2e 
Dealt to 1db8fe1 
Dealt to Hero [Qd 6s]
Dealt to eda62026 
Hero: folds
eda62026: folds
3755e163: folds
674750e6: folds
eed97c2e: raises $0.2 to $0.3
1db8fe1: calls $0.2
*** FLOP *** [Ks 7h 9d]
eed97c2e: checks
1db8fe1: bets $0.3
eed97c2e: calls $0.3
*** TURN *** [Ks 7h 9d] [As]
eed97c2e: checks
1db8fe1: checks
*** RIVER *** [Ks 7h 9d As] [3h]
eed97c2e: checks
1db8fe1: bets $1.98
eed97c2e: calls $1.98
1db8fe1: shows [3d 3c] (Three Treys)
eed97c2e: shows [Kh Jc] (Pair of Kings)
*** SHOWDOWN ***
1db8fe1 collected $4.81 from pot
*** SUMMARY ***
Total pot $5.16 | Rake $0.25 | Jackpot $0.1 | Bingo $0 | Fortune $0 | Tax $0
Board [Ks 7h 9d As 3h]
Seat 1: 3755e163 folded before Flop (didn't bet)
Seat 2: 674750e6 (button) folded before Flop (didn't bet)
Seat 3: eed97c2e (small blind) showed [Kh Jc] and lost with Pair of Kings
Seat 4: 1db8fe1 (big blind) showed [3d 3c] and won ($4.81) with Three Treys
Seat 5: Hero folded before Flop (didn't bet)
Seat 6: eda62026 folded before Flop (didn't bet)


Poker Hand #HD1592726804: Hold'em No Limit ($0.05/$0.1) - 2024/01/17 18:25:59
Table 'NLHRed67' 6-max Seat #1 is the button
Seat 1: 3755e163 ($10.41 in chips)
Seat 2: 674750e6 ($1.77 in chips)
Seat 3: eed97c2e ($10 in chips)
Seat 4: 1db8fe1 ($14.92 in chips)
Seat 5: Hero ($8.17 in chips)
Seat 6: eda62026 ($11.86 in chips)
674750e6: posts small blind $0.05
eed97c2e: posts big blind $0.1
*** HOLE CARDS ***
Dealt to 3755e163 
Dealt to 674750e6 
Dealt to eed97c2e 
Dealt to 1db8fe1 
Dealt to Hero [Kd 3d]
Dealt to eda62026 
1db8fe1: folds
Hero: folds
eda62026: folds
3755e163: folds
674750e6: calls $0.05
eed97c2e: raises $0.2 to $0.3
674750e6: folds
Uncalled bet ($0.2) returned to eed97c2e
*** SHOWDOWN ***
eed97c2e collected $0.2 from pot
*** SUMMARY ***
Total pot $0.2 | Rake $0 | Jackpot $0 | Bingo $0 | Fortune $0 | Tax $0
Seat 1: 3755e163 (button) folded before Flop (didn't bet)
Seat 2: 674750e6 (small blind) folded before Flop
Seat 3: eed97c2e (big blind) collected ($0.2)
Seat 4: 1db8fe1 folded before Flop (didn't bet)
Seat 5: Hero folded before Flop (didn't bet)
Seat 6: eda62026 folded before Flop (didn't bet)


Poker Hand #HD1592726698: Hold'em No Limit ($0.05/$0.1) - 2024/01/17 18:25:16
Table 'NLHRed67' 6-max Seat #6 is the button
Seat 1: 3755e163 ($10.46 in chips)
Seat 2: 674750e6 ($1.87 in chips)
Seat 3: f806175f ($10.07 in chips)
Seat 4: 1db8fe1 ($14.92 in chips)
Seat 5: Hero ($8.42 in chips)
Seat 6: eda62026 ($11.49 in chips)
3755e163: posts small blind $0.05
674750e6: posts big blind $0.1
*** HOLE CARDS ***
Dealt to 3755e163 
Dealt to 674750e6 
Dealt to f806175f 
Dealt to 1db8fe1 
Dealt to Hero [9c 8c]
Dealt to eda62026 
f806175f: folds
1db8fe1: folds
Hero: raises $0.15 to $0.25
eda62026: raises $0.5 to $0.75
3755e163: folds
674750e6: folds
Hero: folds
Uncalled bet ($0.5) returned to eda62026
*** SHOWDOWN ***
eda62026 collected $0.62 from pot
*** SUMMARY ***
Total pot $0.65 | Rake $0.03 | Jackpot $0 | Bingo $0 | Fortune $0 | Tax $0
Seat 1: 3755e163 (small blind) folded before Flop
Seat 2: 674750e6 (big blind) folded before Flop
Seat 3: f806175f folded before Flop (didn't bet)
Seat 4: 1db8fe1 folded before Flop (didn't bet)
Seat 5: Hero folded before Flop
Seat 6: eda62026 (button) collected ($0.62)


Poker Hand #HD1592726660: Hold'em No Limit ($0.05/$0.1) - 2024/01/17 18:25:00
Table 'NLHRed67' 6-max Seat #5 is the button
Seat 1: 3755e163 ($10.56 in chips)
Seat 2: 674750e6 ($1.87 in chips)
Seat 3: f806175f ($10.07 in chips)
Seat 4: 1db8fe1 ($14.92 in chips)
Seat 5: Hero ($8.42 in chips)
Seat 6: eda62026 ($11.39 in chips)
eda62026: posts small blind $0.05
3755e163: posts big blind $0.1
*** HOLE CARDS ***
Dealt to 3755e163 
Dealt to 674750e6 
Dealt to f806175f 
Dealt to 1db8fe1 
Dealt to Hero [9h Qc]
Dealt to eda62026 
674750e6: folds
f806175f: folds
1db8fe1: folds
Hero: folds
eda62026: raises $0.2 to $0.3
3755e163: folds
Uncalled bet ($0.2) returned to eda62026
*** SHOWDOWN ***
eda62026 collected $0.2 from pot
*** SUMMARY ***
Total pot $0.2 | Rake $0 | Jackpot $0 | Bingo $0 | Fortune $0 | Tax $0
Seat 1: 3755e163 (big blind) folded before Flop
Seat 2: 674750e6 folded before Flop (didn't bet)
Seat 3: f806175f folded before Flop (didn't bet)
Seat 4: 1db8fe1 folded before Flop (didn't bet)
Seat 5: Hero (button) folded before Flop (didn't bet)
Seat 6: eda62026 (small blind) collected ($0.2)


Poker Hand #HD1592726555: Hold'em No Limit ($0.05/$0.1) - 2024/01/17 18:24:16
Table 'NLHRed67' 6-max Seat #4 is the button
Seat 1: 3755e163 ($10.33 in chips)
Seat 2: 674750e6 ($1.87 in chips)
Seat 3: f806175f ($10.07 in chips)
Seat 4: 1db8fe1 ($14.92 in chips)
Seat 5: Hero ($8.47 in chips)
Seat 6: eda62026 ($11.59 in chips)
Hero: posts small blind $0.05
eda62026: posts big blind $0.1
*** HOLE CARDS ***
Dealt to 3755e163 
Dealt to 674750e6 
Dealt to f806175f 
Dealt to 1db8fe1 
Dealt to Hero [9h 6c]
Dealt to eda62026 
3755e163: raises $0.1 to $0.2
674750e6: folds
f806175f: folds
1db8fe1: folds
Hero: folds
eda62026: calls $0.1
*** FLOP *** [6d 3d 4s]
eda62026: checks
3755e163: checks
*** TURN *** [6d 3d 4s] [Qd]
eda62026: checks
3755e163: bets $0.15
eda62026: folds
Uncalled bet ($0.15) returned to 3755e163
*** SHOWDOWN ***
3755e163 collected $0.43 from pot
*** SUMMARY ***
Total pot $0.45 | Rake $0.02 | Jackpot $0 | Bingo $0 | Fortune $0 | Tax $0
Board [6d 3d 4s Qd]
Seat 1: 3755e163 won ($0.43)
Seat 2: 674750e6 folded before Flop (didn't bet)
Seat 3: f806175f folded before Flop (didn't bet)
Seat 4: 1db8fe1 (button) folded before Flop (didn't bet)
Seat 5: Hero (small blind) folded before Flop
Seat 6: eda62026 (big blind) folded on the Turn


Poker Hand #HD1592726504: Hold'em No Limit ($0.05/$0.1) - 2024/01/17 18:23:59
Table 'NLHRed67' 6-max Seat #3 is the button
Seat 1: 3755e163 ($10.33 in chips)
Seat 2: 674750e6 ($1.87 in chips)
Seat 3: f806175f ($10.07 in chips)
Seat 4: 1db8fe1 ($14.97 in chips)
Seat 5: Hero ($8.42 in chips)
1db8fe1: posts small blind $0.05
Hero: posts big blind $0.1
*** HOLE CARDS ***
Dealt to 3755e163 
Dealt to 674750e6 
Dealt to f806175f 
Dealt to 1db8fe1 
Dealt to Hero [5d 2h]
3755e163: folds
674750e6: folds
f806175f: folds
1db8fe1: folds
Uncalled bet ($0.05) returned to Hero
*** SHOWDOWN ***
Hero collected $0.1 from pot
*** SUMMARY ***
Total pot $0.1 | Rake $0 | Jackpot $0 | Bingo $0 | Fortune $0 | Tax $0
Seat 1: 3755e163 folded before Flop (didn't bet)
Seat 2: 674750e6 folded before Flop (didn't bet)
Seat 3: f806175f (button) folded before Flop (didn't bet)
Seat 4: 1db8fe1 (small blind) folded before Flop
Seat 5: Hero (big blind) collected ($0.1)


Poker Hand #HD1592726445: Hold'em No Limit ($0.05/$0.1) - 2024/01/17 18:23:33
Table 'NLHRed67' 6-max Seat #2 is the button
Seat 1: 3755e163 ($10.33 in chips)
Seat 2: 674750e6 ($1.87 in chips)
Seat 3: f806175f ($10.12 in chips)
Seat 4: 1db8fe1 ($14.92 in chips)
Seat 5: Hero ($8.42 in chips)
f806175f: posts small blind $0.05
1db8fe1: posts big blind $0.1
*** HOLE CARDS ***
Dealt to 3755e163 
Dealt to 674750e6 
Dealt to f806175f 
Dealt to 1db8fe1 
Dealt to Hero [Th 4h]
Hero: folds
3755e163: folds
674750e6: folds
f806175f: folds
Uncalled bet ($0.05) returned to 1db8fe1
*** SHOWDOWN ***
1db8fe1 collected $0.1 from pot
*** SUMMARY ***
Total pot $0.1 | Rake $0 | Jackpot $0 | Bingo $0 | Fortune $0 | Tax $0
Seat 1: 3755e163 folded before Flop (didn't bet)
Seat 2: 674750e6 (button) folded before Flop (didn't bet)
Seat 3: f806175f (small blind) folded before Flop
Seat 4: 1db8fe1 (big blind) collected ($0.1)
Seat 5: Hero folded before Flop (didn't bet)


Poker Hand #HD1592726406: Hold'em No Limit ($0.05/$0.1) - 2024/01/17 18:23:16
Table 'NLHRed67' 6-max Seat #1 is the button
Seat 1: 3755e163 ($10.18 in chips)
Seat 2: 674750e6 ($1.92 in chips)
Seat 3: f806175f ($10.22 in chips)
Seat 4: 1db8fe1 ($14.92 in chips)
Seat 5: Hero ($8.42 in chips)
674750e6: posts small blind $0.05
f806175f: posts big blind $0.1
*** HOLE CARDS ***
Dealt to 3755e163 
Dealt to 674750e6 
Dealt to f806175f 
Dealt to 1db8fe1 
Dealt to Hero [Ts 7h]
1db8fe1: folds
Hero: folds
3755e163: raises $0.1 to $0.2
674750e6: folds
f806175f: folds
Uncalled bet ($0.1) returned to 3755e163
*** SHOWDOWN ***
3755e163 collected $0.25 from pot
*** SUMMARY ***
Total pot $0.25 | Rake $0 | Jackpot $0 | Bingo $0 | Fortune $0 | Tax $0
Seat 1: 3755e163 (button) collected ($0.25)
Seat 2: 674750e6 (small blind) folded before Flop
Seat 3: f806175f (big blind) folded before Flop
Seat 4: 1db8fe1 folded before Flop (didn't bet)
Seat 5: Hero folded before Flop (didn't bet)


Poker Hand #HD1592726238: Hold'em No Limit ($0.05/$0.1) - 2024/01/17 18:22:09
Table 'NLHRed67' 6-max Seat #5 is the button
Seat 1: 3755e163 ($10 in chips)
Seat 2: 674750e6 ($2.12 in chips)
Seat 3: f806175f ($10.22 in chips)
Seat 4: 1db8fe1 ($14.92 in chips)
Seat 5: Hero ($8.42 in chips)
3755e163: posts small blind $0.05
674750e6: posts big blind $0.1
*** HOLE CARDS ***
Dealt to 3755e163 
Dealt to 674750e6 
Dealt to f806175f 
Dealt to 1db8fe1 
Dealt to Hero [5s 3d]
f806175f: folds
1db8fe1: folds
Hero: folds
3755e163: raises $0.1 to $0.2
674750e6: calls $0.1
*** FLOP *** [Td Ts 3h]
3755e163: checks
674750e6: checks
*** TURN *** [Td Ts 3h] [9s]
3755e163: checks
674750e6: checks
*** RIVER *** [Td Ts 3h 9s] [5h]
3755e163: bets $0.14
674750e6: folds
Uncalled bet ($0.14) returned to 3755e163
*** SHOWDOWN ***
3755e163 collected $0.38 from pot
*** SUMMARY ***
Total pot $0.4 | Rake $0.02 | Jackpot $0 | Bingo $0 | Fortune $0 | Tax $0
Board [Td Ts 3h 9s 5h]
Seat 1: 3755e163 (small blind) won ($0.38)
Seat 2: 674750e6 (big blind) folded on the River
Seat 3: f806175f folded before Flop (didn't bet)
Seat 4: 1db8fe1 folded before Flop (didn't bet)
Seat 5: Hero (button) folded before Flop (didn't bet)


Poker Hand #HD1592726180: Hold'em No Limit ($0.05/$0.1) - 2024/01/17 18:21:46
Table 'NLHRed67' 6-max Seat #4 is the button
Seat 1: 3755e163 ($10.05 in chips)
Seat 2: 674750e6 ($2.32 in chips)
Seat 3: f806175f ($10.22 in chips)
Seat 4: 1db8fe1 ($14.92 in chips)
Seat 5: Hero ($8.14 in chips)
Hero: posts small blind $0.05
3755e163: posts big blind $0.1
*** HOLE CARDS ***
Dealt to 3755e163 
Dealt to 674750e6 
Dealt to f806175f 
Dealt to 1db8fe1 
Dealt to Hero [Ks Ts]
674750e6: raises $0.1 to $0.2
f806175f: folds
1db8fe1: folds
Hero: raises $0.6 to $0.8
3755e163: folds
674750e6: folds
Uncalled bet ($0.6) returned to Hero
*** SHOWDOWN ***
Hero collected $0.48 from pot
*** SUMMARY ***
Total pot $0.5 | Rake $0.02 | Jackpot $0 | Bingo $0 | Fortune $0 | Tax $0
Seat 1: 3755e163 (big blind) folded before Flop
Seat 2: 674750e6 folded before Flop
Seat 3: f806175f folded before Flop (didn't bet)
Seat 4: 1db8fe1 (button) folded before Flop (didn't bet)
Seat 5: Hero (small blind) collected ($0.48)


Poker Hand #HD1592726157: Hold'em No Limit ($0.05/$0.1) - 2024/01/17 18:21:37
Table 'NLHRed67' 6-max Seat #3 is the button
Seat 1: 3755e163 ($10.05 in chips)
Seat 2: 674750e6 ($2.32 in chips)
Seat 3: f806175f ($10.22 in chips)
Seat 4: 1db8fe1 ($14.97 in chips)
Seat 5: Hero ($8.09 in chips)
1db8fe1: posts small blind $0.05
Hero: posts big blind $0.1
*** HOLE CARDS ***
Dealt to 3755e163 
Dealt to 674750e6 
Dealt to f806175f 
Dealt to 1db8fe1 
Dealt to Hero [Ks Qs]
3755e163: folds
674750e6: folds
f806175f: folds
1db8fe1: folds
Uncalled bet ($0.05) returned to Hero
*** SHOWDOWN ***
Hero collected $0.1 from pot
*** SUMMARY ***
Total pot $0.1 | Rake $0 | Jackpot $0 | Bingo $0 | Fortune $0 | Tax $0
Seat 1: 3755e163 folded before Flop (didn't bet)
Seat 2: 674750e6 folded before Flop (didn't bet)
Seat 3: f806175f (button) folded before Flop (didn't bet)
Seat 4: 1db8fe1 (small blind) folded before Flop
Seat 5: Hero (big blind) collected ($0.1)


Poker Hand #HD1592725944: Hold'em No Limit ($0.05/$0.1) - 2024/01/17 18:20:15
Table 'NLHRed67' 6-max Seat #2 is the button
Seat 1: 3755e163 ($10.05 in chips)
Seat 2: 674750e6 ($2.32 in chips)
Seat 3: f806175f ($10.27 in chips)
Seat 4: 1db8fe1 ($12.22 in chips)
Seat 5: Hero ($11.19 in chips)
f806175f: posts small blind $0.05
1db8fe1: posts big blind $0.1
*** HOLE CARDS ***
Dealt to 3755e163 
Dealt to 674750e6 
Dealt to f806175f 
Dealt to 1db8fe1 
Dealt to Hero [9c 9d]
Hero: raises $0.15 to $0.25
3755e163: folds
674750e6: folds
f806175f: folds
1db8fe1: calls $0.15
*** FLOP *** [2d 6h 7d]
1db8fe1: checks
Hero: bets $0.42
1db8fe1: raises $1.23 to $1.65
Hero: calls $1.23
*** TURN *** [2d 6h 7d] [8c]
1db8fe1: bets $1.2
Hero: calls $1.2
*** RIVER *** [2d 6h 7d 8c] [9s]
1db8fe1: checks
Hero: checks
1db8fe1: shows [5s 8s] (Nines-High Straight)
Hero: shows [9c 9d] (Three Nines)
*** SHOWDOWN ***
1db8fe1 collected $5.85 from pot
*** SUMMARY ***
Total pot $6.25 | Rake $0.3 | Jackpot $0.1 | Bingo $0 | Fortune $0 | Tax $0
Board [2d 6h 7d 8c 9s]
Seat 1: 3755e163 folded before Flop (didn't bet)
Seat 2: 674750e6 (button) folded before Flop (didn't bet)
Seat 3: f806175f (small blind) folded before Flop
Seat 4: 1db8fe1 (big blind) showed [5s 8s] and won ($5.85) with Nines-High Straight
Seat 5: Hero showed [9c 9d] and lost with Three Nines


Poker Hand #HD1592725876: Hold'em No Limit ($0.05/$0.1) - 2024/01/17 18:19:49
Table 'NLHRed67' 6-max Seat #1 is the button
Seat 1: 3755e163 ($10.05 in chips)
Seat 2: 674750e6 ($2.22 in chips)
Seat 3: f806175f ($10.37 in chips)
Seat 4: 1db8fe1 ($12.22 in chips)
Seat 5: Hero ($11.19 in chips)
674750e6: posts small blind $0.05
f806175f: posts big blind $0.1
*** HOLE CARDS ***
Dealt to 3755e163 
Dealt to 674750e6 
Dealt to f806175f 
Dealt to 1db8fe1 
Dealt to Hero [9c 4d]
1db8fe1: folds
Hero: folds
3755e163: folds
674750e6: raises $0.1 to $0.2
f806175f: folds
Uncalled bet ($0.1) returned to 674750e6
*** SHOWDOWN ***
674750e6 collected $0.2 from pot
*** SUMMARY ***
Total pot $0.2 | Rake $0 | Jackpot $0 | Bingo $0 | Fortune $0 | Tax $0
Seat 1: 3755e163 (button) folded before Flop (didn't bet)
Seat 2: 674750e6 (small blind) collected ($0.2)
Seat 3: f806175f (big blind) folded before Flop
Seat 4: 1db8fe1 folded before Flop (didn't bet)
Seat 5: Hero folded before Flop (didn't bet)


Poker Hand #HD1592725830: Hold'em No Limit ($0.05/$0.1) - 2024/01/17 18:19:31
Table 'NLHRed67' 6-max Seat #5 is the button
Seat 1: 3755e163 ($10.15 in chips)
Seat 2: 674750e6 ($2.07 in chips)
Seat 3: f806175f ($10.37 in chips)
Seat 4: 1db8fe1 ($12.22 in chips)
Seat 5: Hero ($11.19 in chips)
Seat 6: eda62026 ($11.64 in chips)
eda62026: posts small blind $0.05
3755e163: posts big blind $0.1
*** HOLE CARDS ***
Dealt to 3755e163 
Dealt to 674750e6 
Dealt to f806175f 
Dealt to 1db8fe1 
Dealt to Hero [5s 4c]
Dealt to eda62026 
674750e6: raises $0.1 to $0.2
f806175f: folds
1db8fe1: folds
Hero: folds
eda62026: folds
3755e163: folds
Uncalled bet ($0.1) returned to 674750e6
*** SHOWDOWN ***
674750e6 collected $0.25 from pot
*** SUMMARY ***
Total pot $0.25 | Rake $0 | Jackpot $0 | Bingo $0 | Fortune $0 | Tax $0
Seat 1: 3755e163 (big blind) folded before Flop
Seat 2: 674750e6 collected ($0.25)
Seat 3: f806175f folded before Flop (didn't bet)
Seat 4: 1db8fe1 folded before Flop (didn't bet)
Seat 5: Hero (button) folded before Flop (didn't bet)
Seat 6: eda62026 (small blind) folded before Flop


Poker Hand #HD1592725776: Hold'em No Limit ($0.05/$0.1) - 2024/01/17 18:19:07
Table 'NLHRed67' 6-max Seat #4 is the button
Seat 1: 3755e163 ($10.15 in chips)
Seat 2: 674750e6 ($2.07 in chips)
Seat 3: f806175f ($10.37 in chips)
Seat 4: 1db8fe1 ($12.22 in chips)
Seat 5: Hero ($11.09 in chips)
Seat 6: eda62026 ($11.74 in chips)
Hero: posts small blind $0.05
eda62026: posts big blind $0.1
*** HOLE CARDS ***
Dealt to 3755e163 
Dealt to 674750e6 
Dealt to f806175f 
Dealt to 1db8fe1 
Dealt to Hero [Jh Tc]
Dealt to eda62026 
3755e163: folds
674750e6: folds
f806175f: folds
1db8fe1: folds
Hero: raises $0.2 to $0.3
eda62026: folds
Uncalled bet ($0.2) returned to Hero
*** SHOWDOWN ***
Hero collected $0.2 from pot
*** SUMMARY ***
Total pot $0.2 | Rake $0 | Jackpot $0 | Bingo $0 | Fortune $0 | Tax $0
Seat 1: 3755e163 folded before Flop (didn't bet)
Seat 2: 674750e6 folded before Flop (didn't bet)
Seat 3: f806175f folded before Flop (didn't bet)
Seat 4: 1db8fe1 (button) folded before Flop (didn't bet)
Seat 5: Hero (small blind) collected ($0.2)
Seat 6: eda62026 (big blind) folded before Flop


Poker Hand #HD1592725740: Hold'em No Limit ($0.05/$0.1) - 2024/01/17 18:18:48
Table 'NLHRed67' 6-max Seat #3 is the button
Seat 1: 3755e163 ($10 in chips)
Seat 2: 674750e6 ($2.07 in chips)
Seat 3: f806175f ($10.37 in chips)
Seat 4: 1db8fe1 ($12.27 in chips)
Seat 5: Hero ($11.19 in chips)
Seat 6: eda62026 ($11.74 in chips)
1db8fe1: posts small blind $0.05
Hero: posts big blind $0.1
*** HOLE CARDS ***
Dealt to 3755e163 
Dealt to 674750e6 
Dealt to f806175f 
Dealt to 1db8fe1 
Dealt to Hero [6d 8s]
Dealt to eda62026 
eda62026: folds
3755e163: raises $0.1 to $0.2
674750e6: folds
f806175f: folds
1db8fe1: folds
Hero: folds
Uncalled bet ($0.1) returned to 3755e163
*** SHOWDOWN ***
3755e163 collected $0.25 from pot
*** SUMMARY ***
Total pot $0.25 | Rake $0 | Jackpot $0 | Bingo $0 | Fortune $0 | Tax $0
Seat 1: 3755e163 collected ($0.25)
Seat 2: 674750e6 folded before Flop (didn't bet)
Seat 3: f806175f (button) folded before Flop (didn't bet)
Seat 4: 1db8fe1 (small blind) folded before Flop
Seat 5: Hero (big blind) folded before Flop
Seat 6: eda62026 folded before Flop (didn't bet)


Poker Hand #HD1592625591: Hold'em No Limit ($0.05/$0.1) - 2024/01/17 18:17:52
Table 'NLHRed67' 6-max Seat #2 is the button
Seat 1: 3755e163 ($10.15 in chips)
Seat 2: 674750e6 ($2.27 in chips)
Seat 3: f806175f ($10.42 in chips)
Seat 4: 1db8fe1 ($11.85 in chips)
Seat 5: Hero ($11.19 in chips)
Seat 6: eda62026 ($11.74 in chips)
f806175f: posts small blind $0.05
1db8fe1: posts big blind $0.1
*** HOLE CARDS ***
Dealt to 3755e163 
Dealt to 674750e6 
Dealt to f806175f 
Dealt to 1db8fe1 
Dealt to Hero [6c 5d]
Dealt to eda62026 
Hero: folds
eda62026: folds
3755e163: raises $0.1 to $0.2
674750e6: calls $0.2
f806175f: folds
1db8fe1: calls $0.1
*** FLOP *** [Qh 8s 9c]
1db8fe1: checks
3755e163: checks
674750e6: checks
*** TURN *** [Qh 8s 9c] [9d]
1db8fe1: bets $0.49
3755e163: folds
674750e6: folds
Uncalled bet ($0.49) returned to 1db8fe1
*** SHOWDOWN ***
1db8fe1 collected $0.62 from pot
*** SUMMARY ***
Total pot $0.65 | Rake $0.03 | Jackpot $0 | Bingo $0 | Fortune $0 | Tax $0
Board [Qh 8s 9c 9d]
Seat 1: 3755e163 folded on the Turn
Seat 2: 674750e6 (button) folded on the Turn
Seat 3: f806175f (small blind) folded before Flop
Seat 4: 1db8fe1 (big blind) won ($0.62)
Seat 5: Hero folded before Flop (didn't bet)
Seat 6: eda62026 folded before Flop (didn't bet)


Poker Hand #HD1592625520: Hold'em No Limit ($0.05/$0.1) - 2024/01/17 18:17:25
Table 'NLHRed67' 6-max Seat #1 is the button
Seat 1: 3755e163 ($10 in chips)
Seat 2: 674750e6 ($2.32 in chips)
Seat 3: f806175f ($10.52 in chips)
Seat 4: 1db8fe1 ($11.85 in chips)
Seat 5: Hero ($11.19 in chips)
Seat 6: eda62026 ($11.74 in chips)
674750e6: posts small blind $0.05
f806175f: posts big blind $0.1
*** HOLE CARDS ***
Dealt to 3755e163 
Dealt to 674750e6 
Dealt to f806175f 
Dealt to 1db8fe1 
Dealt to Hero [5c 3c]
Dealt to eda62026 
1db8fe1: folds
Hero: folds
eda62026: folds
3755e163: raises $0.1 to $0.2
674750e6: folds
f806175f: folds
Uncalled bet ($0.1) returned to 3755e163
*** SHOWDOWN ***
3755e163 collected $0.25 from pot
*** SUMMARY ***
Total pot $0.25 | Rake $0 | Jackpot $0 | Bingo $0 | Fortune $0 | Tax $0
Seat 1: 3755e163 (button) collected ($0.25)
Seat 2: 674750e6 (small blind) folded before Flop
Seat 3: f806175f (big blind) folded before Flop
Seat 4: 1db8fe1 folded before Flop (didn't bet)
Seat 5: Hero folded before Flop (didn't bet)
Seat 6: eda62026 folded before Flop (didn't bet)


Poker Hand #HD1592625479: Hold'em No Limit ($0.05/$0.1) - 2024/01/17 18:17:06
Table 'NLHRed67' 6-max Seat #6 is the button
Seat 1: 3755e163 ($10 in chips)
Seat 2: 674750e6 ($2.27 in chips)
Seat 3: f806175f ($10.52 in chips)
Seat 4: 1db8fe1 ($11.85 in chips)
Seat 5: Hero ($11.19 in chips)
Seat 6: eda62026 ($11.74 in chips)
3755e163: posts small blind $0.05
674750e6: posts big blind $0.1
*** HOLE CARDS ***
Dealt to 3755e163 
Dealt to 674750e6 
Dealt to f806175f 
Dealt to 1db8fe1 
Dealt to Hero [7c 8d]
Dealt to eda62026 
f806175f: folds
1db8fe1: folds
Hero: folds
eda62026: folds
3755e163: folds
Uncalled bet ($0.05) returned to 674750e6
*** SHOWDOWN ***
674750e6 collected $0.1 from pot
*** SUMMARY ***
Total pot $0.1 | Rake $0 | Jackpot $0 | Bingo $0 | Fortune $0 | Tax $0
Seat 1: 3755e163 (small blind) folded before Flop
Seat 2: 674750e6 (big blind) collected ($0.1)
Seat 3: f806175f folded before Flop (didn't bet)
Seat 4: 1db8fe1 folded before Flop (didn't bet)
Seat 5: Hero folded before Flop (didn't bet)
Seat 6: eda62026 (button) folded before Flop (didn't bet)


Poker Hand #HD1592625354: Hold'em No Limit ($0.05/$0.1) - 2024/01/17 18:16:16
Table 'NLHRed67' 6-max Seat #5 is the button
Seat 1: 3755e163 ($10 in chips)
Seat 2: 674750e6 ($2.27 in chips)
Seat 3: f806175f ($10.52 in chips)
Seat 4: 1db8fe1 ($10.98 in chips)
Seat 5: Hero ($11.99 in chips)
Seat 6: eda62026 ($11.79 in chips)
eda62026: posts small blind $0.05
3755e163: posts big blind $0.1
*** HOLE CARDS ***
Dealt to 3755e163 
Dealt to 674750e6 
Dealt to f806175f 
Dealt to 1db8fe1 
Dealt to Hero [8s 8d]
Dealt to eda62026 
674750e6: folds
f806175f: folds
1db8fe1: raises $0.13 to $0.23
Hero: raises $0.57 to $0.8
eda62026: folds
3755e163: folds
1db8fe1: raises $1.25 to $2.05
Hero: folds
Uncalled bet ($1.25) returned to 1db8fe1
*** SHOWDOWN ***
1db8fe1 collected $1.67 from pot
*** SUMMARY ***
Total pot $1.75 | Rake $0.08 | Jackpot $0 | Bingo $0 | Fortune $0 | Tax $0
Seat 1: 3755e163 (big blind) folded before Flop
Seat 2: 674750e6 folded before Flop (didn't bet)
Seat 3: f806175f folded before Flop (didn't bet)
Seat 4: 1db8fe1 collected ($1.67)
Seat 5: Hero (button) folded before Flop
Seat 6: eda62026 (small blind) folded before Flop


Poker Hand #HD1592625220: Hold'em No Limit ($0.05/$0.1) - 2024/01/17 18:15:16
Table 'NLHRed67' 6-max Seat #4 is the button
Seat 1: 3755e163 ($10 in chips)
Seat 2: 674750e6 ($2.37 in chips)
Seat 3: f806175f ($10.52 in chips)
Seat 4: 1db8fe1 ($10.74 in chips)
Seat 5: Hero ($12.04 in chips)
Seat 6: eda62026 ($11.89 in chips)
Hero: posts small blind $0.05
eda62026: posts big blind $0.1
*** HOLE CARDS ***
Dealt to 3755e163 
Dealt to 674750e6 
Dealt to f806175f 
Dealt to 1db8fe1 
Dealt to Hero [3h 7c]
Dealt to eda62026 
3755e163: folds
674750e6: calls $0.1
f806175f: folds
1db8fe1: calls $0.1
Hero: folds
eda62026: checks
*** FLOP *** [9c 2d Qd]
eda62026: checks
674750e6: checks
1db8fe1: checks
*** TURN *** [9c 2d Qd] [Qc]
eda62026: checks
674750e6: checks
1db8fe1: checks
*** RIVER *** [9c 2d Qd Qc] [9s]
eda62026: checks
674750e6: checks
1db8fe1: checks
eda62026: shows [3s 6s] (Pair of Queens and Pair of Nines)
674750e6: shows [5d 5s] (Pair of Queens and Pair of Nines)
1db8fe1: shows [Jd Kc] (Pair of Queens and Pair of Nines)
*** SHOWDOWN ***
1db8fe1 collected $0.34 from pot
*** SUMMARY ***
Total pot $0.35 | Rake $0.01 | Jackpot $0 | Bingo $0 | Fortune $0 | Tax $0
Board [9c 2d Qd Qc 9s]
Seat 1: 3755e163 folded before Flop (didn't bet)
Seat 2: 674750e6 showed [5d 5s] and lost with Pair of Queens and Pair of Nines
Seat 3: f806175f folded before Flop (didn't bet)
Seat 4: 1db8fe1 (button) showed [Jd Kc] and won ($0.34) with Pair of Queens and Pair of Nines
Seat 5: Hero (small blind) folded before Flop
Seat 6: eda62026 (big blind) showed [3s 6s] and lost with Pair of Queens and Pair of Nines


Poker Hand #HD1592625062: Hold'em No Limit ($0.05/$0.1) - 2024/01/17 18:14:12
Table 'NLHRed67' 6-max Seat #3 is the button
Seat 1: 3755e163 ($10 in chips)
Seat 2: 674750e6 ($1.22 in chips)
Seat 3: f806175f ($10.52 in chips)
Seat 4: 1db8fe1 ($10.79 in chips)
Seat 5: Hero ($13.26 in chips)
Seat 6: eda62026 ($11.89 in chips)
1db8fe1: posts small blind $0.05
Hero: posts big blind $0.1
*** HOLE CARDS ***
Dealt to 3755e163 
Dealt to 674750e6 
Dealt to f806175f 
Dealt to 1db8fe1 
Dealt to Hero [3d 4h]
Dealt to eda62026 
eda62026: folds
3755e163: folds
674750e6: calls $0.1
f806175f: folds
1db8fe1: folds
Hero: checks
*** FLOP *** [8d 6c 5d]
Hero: checks
674750e6: checks
*** TURN *** [8d 6c 5d] [Kh]
Hero: checks
674750e6: bets $0.13
Hero: calls $0.13
*** RIVER *** [8d 6c 5d Kh] [7c]
Hero: bets $0.17
674750e6: raises $0.82 to $0.99 and is all-in
Hero: calls $0.82
674750e6: shows [7h 9h] (Nines-High Straight)
Hero: shows [3d 4h] (Eights-High Straight)
*** SHOWDOWN ***
674750e6 collected $2.37 from pot
*** SUMMARY ***
Total pot $2.49 | Rake $0.12 | Jackpot $0 | Bingo $0 | Fortune $0 | Tax $0
Board [8d 6c 5d Kh 7c]
Seat 1: 3755e163 folded before Flop (didn't bet)
Seat 2: 674750e6 showed [7h 9h] and won ($2.37) with Nines-High Straight
Seat 3: f806175f (button) folded before Flop (didn't bet)
Seat 4: 1db8fe1 (small blind) folded before Flop
Seat 5: Hero (big blind) showed [3d 4h] and lost with Eights-High Straight
Seat 6: eda62026 folded before Flop (didn't bet)


Poker Hand #HD1592624990: Hold'em No Limit ($0.05/$0.1) - 2024/01/17 18:13:43
Table 'NLHRed67' 6-max Seat #2 is the button
Seat 1: 3755e163 ($10 in chips)
Seat 2: 674750e6 ($1.22 in chips)
Seat 3: f806175f ($10.62 in chips)
Seat 4: 1db8fe1 ($10.69 in chips)
Seat 5: Hero ($13.26 in chips)
Seat 6: eda62026 ($11.89 in chips)
f806175f: posts small blind $0.05
1db8fe1: posts big blind $0.1
*** HOLE CARDS ***
Dealt to 3755e163 
Dealt to 674750e6 
Dealt to f806175f 
Dealt to 1db8fe1 
Dealt to Hero [Qh 9s]
Dealt to eda62026 
Hero: folds
eda62026: folds
3755e163: folds
674750e6: folds
f806175f: calls $0.05
1db8fe1: raises $0.33 to $0.43
f806175f: folds
Uncalled bet ($0.33) returned to 1db8fe1
*** SHOWDOWN ***
1db8fe1 collected $0.2 from pot
*** SUMMARY ***
Total pot $0.2 | Rake $0 | Jackpot $0 | Bingo $0 | Fortune $0 | Tax $0
Seat 1: 3755e163 folded before Flop (didn't bet)
Seat 2: 674750e6 (button) folded before Flop (didn't bet)
Seat 3: f806175f (small blind) folded before Flop
Seat 4: 1db8fe1 (big blind) collected ($0.2)
Seat 5: Hero folded before Flop (didn't bet)
Seat 6: eda62026 folded before Flop (didn't bet)


Poker Hand #HD1592624860: Hold'em No Limit ($0.05/$0.1) - 2024/01/17 18:12:51
Table 'NLHRed67' 6-max Seat #1 is the button
Seat 1: 3755e163 ($10 in chips)
Seat 2: 674750e6 ($1.9 in chips)
Seat 3: f806175f ($10 in chips)
Seat 4: 1db8fe1 ($10.69 in chips)
Seat 5: Hero ($13.26 in chips)
Seat 6: eda62026 ($11.89 in chips)
674750e6: posts small blind $0.05
f806175f: posts big blind $0.1
*** HOLE CARDS ***
Dealt to 3755e163 
Dealt to 674750e6 
Dealt to f806175f 
Dealt to 1db8fe1 
Dealt to Hero [Td Kc]
Dealt to eda62026 
1db8fe1: folds
Hero: folds
eda62026: folds
3755e163: folds
674750e6: raises $0.1 to $0.2
f806175f: calls $0.1
*** FLOP *** [Qh Jc 2s]
674750e6: bets $0.14
f806175f: calls $0.14
*** TURN *** [Qh Jc 2s] [Qs]
674750e6: bets $0.34
f806175f: raises $9.32 to $9.66 and is all-in
674750e6: folds
Uncalled bet ($9.32) returned to f806175f
*** SHOWDOWN ***
f806175f collected $1.3 from pot
*** SUMMARY ***
Total pot $1.36 | Rake $0.06 | Jackpot $0 | Bingo $0 | Fortune $0 | Tax $0
Board [Qh Jc 2s Qs]
Seat 1: 3755e163 (button) folded before Flop (didn't bet)
Seat 2: 674750e6 (small blind) folded on the Turn
Seat 3: f806175f (big blind) won ($1.3)
Seat 4: 1db8fe1 folded before Flop (didn't bet)
Seat 5: Hero folded before Flop (didn't bet)
Seat 6: eda62026 folded before Flop (didn't bet)


Poker Hand #HD1592624822: Hold'em No Limit ($0.05/$0.1) - 2024/01/17 18:12:38
Table 'NLHRed67' 6-max Seat #6 is the button
Seat 1: 3755e163 ($10.05 in chips)
Seat 2: 674750e6 ($1.85 in chips)
Seat 4: 1db8fe1 ($10.69 in chips)
Seat 5: Hero ($13.26 in chips)
Seat 6: eda62026 ($11.89 in chips)
3755e163: posts small blind $0.05
674750e6: posts big blind $0.1
*** HOLE CARDS ***
Dealt to 3755e163 
Dealt to 674750e6 
Dealt to 1db8fe1 
Dealt to Hero [5c 7d]
Dealt to eda62026 
1db8fe1: folds
Hero: folds
eda62026: folds
3755e163: folds
Uncalled bet ($0.05) returned to 674750e6
*** SHOWDOWN ***
674750e6 collected $0.1 from pot
*** SUMMARY ***
Total pot $0.1 | Rake $0 | Jackpot $0 | Bingo $0 | Fortune $0 | Tax $0
Seat 1: 3755e163 (small blind) folded before Flop
Seat 2: 674750e6 (big blind) collected ($0.1)
Seat 4: 1db8fe1 folded before Flop (didn't bet)
Seat 5: Hero folded before Flop (didn't bet)
Seat 6: eda62026 (button) folded before Flop (didn't bet)


Poker Hand #HD1592624781: Hold'em No Limit ($0.05/$0.1) - 2024/01/17 18:12:25
Table 'NLHRed67' 6-max Seat #5 is the button
Seat 1: 3755e163 ($10 in chips)
Seat 2: 674750e6 ($1.85 in chips)
Seat 4: 1db8fe1 ($10.69 in chips)
Seat 5: Hero ($13.26 in chips)
Seat 6: eda62026 ($11.94 in chips)
eda62026: posts small blind $0.05
3755e163: posts big blind $0.1
*** HOLE CARDS ***
Dealt to 3755e163 
Dealt to 674750e6 
Dealt to 1db8fe1 
Dealt to Hero [5s 2s]
Dealt to eda62026 
674750e6: folds
1db8fe1: folds
Hero: folds
eda62026: folds
Uncalled bet ($0.05) returned to 3755e163
*** SHOWDOWN ***
3755e163 collected $0.1 from pot
*** SUMMARY ***
Total pot $0.1 | Rake $0 | Jackpot $0 | Bingo $0 | Fortune $0 | Tax $0
Seat 1: 3755e163 (big blind) collected ($0.1)
Seat 2: 674750e6 folded before Flop (didn't bet)
Seat 4: 1db8fe1 folded before Flop (didn't bet)
Seat 5: Hero (button) folded before Flop (didn't bet)
Seat 6: eda62026 (small blind) folded before Flop


Poker Hand #HD1592624742: Hold'em No Limit ($0.05/$0.1) - 2024/01/17 18:12:09
Table 'NLHRed67' 6-max Seat #4 is the button
Seat 4: 1db8fe1 ($10.69 in chips)
Seat 5: Hero ($13.16 in chips)
Seat 6: eda62026 ($12.04 in chips)
Hero: posts small blind $0.05
eda62026: posts big blind $0.1
*** HOLE CARDS ***
Dealt to 1db8fe1 
Dealt to Hero [Jd Ac]
Dealt to eda62026 
1db8fe1: folds
Hero: raises $0.2 to $0.3
eda62026: folds
Uncalled bet ($0.2) returned to Hero
*** SHOWDOWN ***
Hero collected $0.2 from pot
*** SUMMARY ***
Total pot $0.2 | Rake $0 | Jackpot $0 | Bingo $0 | Fortune $0 | Tax $0
Seat 4: 1db8fe1 (button) folded before Flop (didn't bet)
Seat 5: Hero (small blind) collected ($0.2)
Seat 6: eda62026 (big blind) folded before Flop


Poker Hand #HD1592624701: Hold'em No Limit ($0.05/$0.1) - 2024/01/17 18:11:49
Table 'NLHRed67' 6-max Seat #2 is the button
Seat 2: 674750e6 ($1.85 in chips)
Seat 3: d95b804f ($2.89 in chips)
Seat 4: 1db8fe1 ($10.64 in chips)
Seat 5: Hero ($13.16 in chips)
Seat 6: eda62026 ($12.04 in chips)
d95b804f: posts small blind $0.05
1db8fe1: posts big blind $0.1
*** HOLE CARDS ***
Dealt to 674750e6 
Dealt to d95b804f 
Dealt to 1db8fe1 
Dealt to Hero [5h Qd]
Dealt to eda62026 
Hero: folds
eda62026: folds
674750e6: folds
d95b804f: folds
Uncalled bet ($0.05) returned to 1db8fe1
*** SHOWDOWN ***
1db8fe1 collected $0.1 from pot
*** SUMMARY ***
Total pot $0.1 | Rake $0 | Jackpot $0 | Bingo $0 | Fortune $0 | Tax $0
Seat 2: 674750e6 (button) folded before Flop (didn't bet)
Seat 3: d95b804f (small blind) folded before Flop
Seat 4: 1db8fe1 (big blind) collected ($0.1)
Seat 5: Hero folded before Flop (didn't bet)
Seat 6: eda62026 folded before Flop (didn't bet)


Poker Hand #HD1592624531: Hold'em No Limit ($0.05/$0.1) - 2024/01/17 18:10:39
Table 'NLHRed67' 6-max Seat #6 is the button
Seat 2: 674750e6 ($1.9 in chips)
Seat 3: d95b804f ($5.2 in chips)
Seat 4: 1db8fe1 ($10.64 in chips)
Seat 5: Hero ($13.16 in chips)
Seat 6: eda62026 ($10 in chips)
674750e6: posts small blind $0.05
d95b804f: posts big blind $0.1
*** HOLE CARDS ***
Dealt to 674750e6 
Dealt to d95b804f 
Dealt to 1db8fe1 
Dealt to Hero [6h 8h]
Dealt to eda62026 
1db8fe1: folds
Hero: folds
eda62026: raises $0.15 to $0.25
674750e6: folds
d95b804f: calls $0.15
*** FLOP *** [Jd 8s Js]
d95b804f: checks
eda62026: bets $0.19
d95b804f: calls $0.19
*** TURN *** [Jd 8s Js] [Kh]
d95b804f: checks
eda62026: bets $0.7
d95b804f: calls $0.7
*** RIVER *** [Jd 8s Js Kh] [4h]
d95b804f: bets $1.17
eda62026: calls $1.17
d95b804f: shows [4s As] (Pair of Jacks and Pair of Fours)
eda62026: shows [Ad 8d] (Pair of Jacks and Pair of Eights)
*** SHOWDOWN ***
eda62026 collected $4.35 from pot
*** SUMMARY ***
Total pot $4.67 | Rake $0.22 | Jackpot $0.1 | Bingo $0 | Fortune $0 | Tax $0
Board [Jd 8s Js Kh 4h]
Seat 2: 674750e6 (small blind) folded before Flop
Seat 3: d95b804f (big blind) showed [4s As] and lost with Pair of Jacks and Pair of Fours
Seat 4: 1db8fe1 folded before Flop (didn't bet)
Seat 5: Hero folded before Flop (didn't bet)
Seat 6: eda62026 (button) showed [Ad 8d] and won ($4.35) with Pair of Jacks and Pair of Eights


Poker Hand #HD1592624489: Hold'em No Limit ($0.05/$0.1) - 2024/01/17 18:10:22
Table 'NLHRed67' 6-max Seat #5 is the button
Seat 2: 674750e6 ($2 in chips)
Seat 4: 1db8fe1 ($10.49 in chips)
Seat 5: Hero ($13.16 in chips)
Seat 6: eda62026 ($10 in chips)
eda62026: posts small blind $0.05
674750e6: posts big blind $0.1
*** HOLE CARDS ***
Dealt to 674750e6 
Dealt to 1db8fe1 
Dealt to Hero [8c As]
Dealt to eda62026 
1db8fe1: raises $0.13 to $0.23
Hero: folds
eda62026: folds
674750e6: folds
Uncalled bet ($0.13) returned to 1db8fe1
*** SHOWDOWN ***
1db8fe1 collected $0.25 from pot
*** SUMMARY ***
Total pot $0.25 | Rake $0 | Jackpot $0 | Bingo $0 | Fortune $0 | Tax $0
Seat 2: 674750e6 (big blind) folded before Flop
Seat 4: 1db8fe1 collected ($0.25)
Seat 5: Hero (button) folded before Flop (didn't bet)
Seat 6: eda62026 (small blind) folded before Flop


Poker Hand #HD1592624467: Hold'em No Limit ($0.05/$0.1) - 2024/01/17 18:10:11
Table 'NLHRed67' 6-max Seat #4 is the button
Seat 4: 1db8fe1 ($10.34 in chips)
Seat 5: Hero ($13.21 in chips)
Seat 6: eda62026 ($10 in chips)
Hero: posts small blind $0.05
eda62026: posts big blind $0.1
*** HOLE CARDS ***
Dealt to 1db8fe1 
Dealt to Hero [4c 8s]
Dealt to eda62026 
1db8fe1: raises $0.15 to $0.25
Hero: folds
eda62026: folds
Uncalled bet ($0.15) returned to 1db8fe1
*** SHOWDOWN ***
1db8fe1 collected $0.25 from pot
*** SUMMARY ***
Total pot $0.25 | Rake $0 | Jackpot $0 | Bingo $0 | Fortune $0 | Tax $0
Seat 4: 1db8fe1 (button) collected ($0.25)
Seat 5: Hero (small blind) folded before Flop
Seat 6: eda62026 (big blind) folded before Flop


Poker Hand #HD1592624342: Hold'em No Limit ($0.05/$0.1) - 2024/01/17 18:09:20
Table 'NLHRed67' 6-max Seat #3 is the button
Seat 3: 38930210 ($3.62 in chips)
Seat 4: 1db8fe1 ($10.39 in chips)
Seat 5: Hero ($10 in chips)
Seat 6: eda62026 ($10 in chips)
1db8fe1: posts small blind $0.05
Hero: posts big blind $0.1
*** HOLE CARDS ***
Dealt to 38930210 
Dealt to 1db8fe1 
Dealt to Hero [As Ah]
Dealt to eda62026 
eda62026: folds
38930210: raises $0.1 to $0.2
1db8fe1: folds
Hero: raises $0.7 to $0.9
38930210: calls $0.7
*** FLOP *** [3d Ad Qc]
Hero: bets $0.9
38930210: raises $1.82 to $2.72 and is all-in
Hero: calls $1.82
38930210: shows [9d Jd] (Ace-High)
Hero: shows [As Ah] (Three Aces)
*** FIRST TURN *** [3d Ad Qc] [Td]
*** FIRST RIVER *** [3d Ad Qc Td] [3c]
*** SECOND TURN *** [3d Ad Qc] [9c]
*** SECOND RIVER *** [3d Ad Qc 9c] [Js]
*** FIRST SHOWDOWN ***
Hero collected $3.42 from pot
*** SECOND SHOWDOWN ***
Hero collected $3.41 from pot
*** SUMMARY ***
Total pot $7.29 | Rake $0.36 | Jackpot $0.1 | Bingo $0 | Fortune $0 | Tax $0
Hand was run two times
FIRST Board [3d Ad Qc Td 3c]
SECOND Board [9c Js]
Seat 3: 38930210 (button) showed [9d Jd] and lost with Ace High Flush, and lost
Seat 4: 1db8fe1 (small blind) folded before Flop
Seat 5: Hero (big blind) showed [As Ah] and won ($3.42) with Aces Full over Treys, and won ($3.41)
Seat 6: eda62026 folded before Flop (didn't bet)


