Poker Hand #HD1176584392: Hold'em No Limit  ($0.02/$0.05) - 2023/03/26 13:24:48
Table 'NLHBlue66' 6-max Seat #2 is the button
Seat 1: f8443918 ($2.89 in chips)
Seat 2: edde0e79 ($6.61 in chips)
Seat 3: a23565e7 ($5 in chips)
Seat 4: efdaecb6 ($10.15 in chips)
Seat 5: Hero ($5 in chips)
Seat 6: d9d5230 ($7.46 in chips)
a23565e7: posts small blind $0.02
efdaecb6: posts big blind $0.05
*** HOLE CARDS ***
Dealt to f8443918 
Dealt to edde0e79 
Dealt to a23565e7 
Dealt to efdaecb6 
Dealt to Hero [7d Qc]
Dealt to d9d5230 
Hero: folds
d9d5230: folds
f8443918: folds
edde0e79: raises $0.1 to $0.15
a23565e7: folds
efdaecb6: raises $0.43 to $0.58
edde0e79: calls $0.43
*** FLOP *** [8h Qd 9h]
efdaecb6: bets $0.89
edde0e79: folds
Uncalled bet ($0.89) returned to efdaecb6
*** SHOWDOWN ***
efdaecb6 collected $1.13 from pot
*** SUMMARY ***
Total pot $1.18 | Rake $0.05 | Jackpot $0 | Bingo $0 | Fortune $0
Board [8h Qd 9h]
Seat 1: f8443918 folded before Flop (didn't bet)
Seat 2: edde0e79 (button) folded on the Flop
Seat 3: a23565e7 (small blind) folded before Flop
Seat 4: efdaecb6 (big blind) won ($1.13)
Seat 5: Hero folded before Flop (didn't bet)
Seat 6: d9d5230 folded before Flop (didn't bet)


Poker Hand #HD1176584355: Hold'em No Limit  ($0.02/$0.05) - 2023/03/26 13:24:34
Table 'NLHBlue66' 6-max Seat #1 is the button
Seat 1: f8443918 ($2.89 in chips)
Seat 2: edde0e79 ($6.63 in chips)
Seat 3: a23565e7 ($5 in chips)
Seat 4: efdaecb6 ($10.15 in chips)
Seat 5: Hero ($5 in chips)
Seat 6: d9d5230 ($7.39 in chips)
edde0e79: posts small blind $0.02
a23565e7: posts big blind $0.05
*** HOLE CARDS ***
Dealt to f8443918 
Dealt to edde0e79 
Dealt to a23565e7 
Dealt to efdaecb6 
Dealt to Hero [5h 8h]
Dealt to d9d5230 
efdaecb6: folds
Hero: folds
d9d5230: raises $0.06 to $0.11
f8443918: folds
edde0e79: folds
a23565e7: folds
Uncalled bet ($0.06) returned to d9d5230
*** SHOWDOWN ***
d9d5230 collected $0.12 from pot
*** SUMMARY ***
Total pot $0.12 | Rake $0 | Jackpot $0 | Bingo $0 | Fortune $0
Seat 1: f8443918 (button) folded before Flop (didn't bet)
Seat 2: edde0e79 (small blind) folded before Flop
Seat 3: a23565e7 (big blind) folded before Flop
Seat 4: efdaecb6 folded before Flop (didn't bet)
Seat 5: Hero folded before Flop (didn't bet)
Seat 6: d9d5230 collected ($0.12)


Poker Hand #HD1176584287: Hold'em No Limit  ($0.02/$0.05) - 2023/03/26 13:24:02
Table 'NLHBlue66' 6-max Seat #6 is the button
Seat 1: f8443918 ($2.74 in chips)
Seat 2: edde0e79 ($6.68 in chips)
Seat 3: a23565e7 ($5 in chips)
Seat 4: efdaecb6 ($10.15 in chips)
Seat 5: Hero ($5 in chips)
Seat 6: d9d5230 ($7.5 in chips)
f8443918: posts small blind $0.02
edde0e79: posts big blind $0.05
*** HOLE CARDS ***
Dealt to f8443918 
Dealt to edde0e79 
Dealt to a23565e7 
Dealt to efdaecb6 
Dealt to Hero [9h Tc]
Dealt to d9d5230 
a23565e7: folds
efdaecb6: folds
Hero: folds
d9d5230: raises $0.06 to $0.11
f8443918: calls $0.09
edde0e79: folds
*** FLOP *** [Ac 8s As]
f8443918: checks
d9d5230: checks
*** TURN *** [Ac 8s As] [9d]
f8443918: checks
d9d5230: checks
*** RIVER *** [Ac 8s As 9d] [3d]
f8443918: bets $0.27
d9d5230: folds
Uncalled bet ($0.27) returned to f8443918
*** SHOWDOWN ***
f8443918 collected $0.26 from pot
*** SUMMARY ***
Total pot $0.27 | Rake $0.01 | Jackpot $0 | Bingo $0 | Fortune $0
Board [Ac 8s As 9d 3d]
Seat 1: f8443918 (small blind) won ($0.26)
Seat 2: edde0e79 (big blind) folded before Flop
Seat 3: a23565e7 folded before Flop (didn't bet)
Seat 4: efdaecb6 folded before Flop (didn't bet)
Seat 5: Hero folded before Flop (didn't bet)
Seat 6: d9d5230 (button) folded on the River


Poker Hand #HD1176584219: Hold'em No Limit  ($0.02/$0.05) - 2023/03/26 13:23:34
Table 'NLHBlue66' 6-max Seat #5 is the button
Seat 1: f8443918 ($2.85 in chips)
Seat 2: edde0e79 ($6.68 in chips)
Seat 3: a23565e7 ($5 in chips)
Seat 4: efdaecb6 ($10.15 in chips)
Seat 5: Hero ($5 in chips)
Seat 6: d9d5230 ($7.4 in chips)
d9d5230: posts small blind $0.02
f8443918: posts big blind $0.05
*** HOLE CARDS ***
Dealt to f8443918 
Dealt to edde0e79 
Dealt to a23565e7 
Dealt to efdaecb6 
Dealt to Hero [3c Ah]
Dealt to d9d5230 
edde0e79: folds
a23565e7: folds
efdaecb6: folds
Hero: folds
d9d5230: raises $0.06 to $0.11
f8443918: calls $0.06
*** FLOP *** [Ad 4s Jh]
d9d5230: checks
f8443918: checks
*** TURN *** [Ad 4s Jh] [Qh]
d9d5230: bets $0.09
f8443918: folds
Uncalled bet ($0.09) returned to d9d5230
*** SHOWDOWN ***
d9d5230 collected $0.21 from pot
*** SUMMARY ***
Total pot $0.22 | Rake $0.01 | Jackpot $0 | Bingo $0 | Fortune $0
Board [Ad 4s Jh Qh]
Seat 1: f8443918 (big blind) folded on the Turn
Seat 2: edde0e79 folded before Flop (didn't bet)
Seat 3: a23565e7 folded before Flop (didn't bet)
Seat 4: efdaecb6 folded before Flop (didn't bet)
Seat 5: Hero (button) folded before Flop (didn't bet)
Seat 6: d9d5230 (small blind) won ($0.21)


Poker Hand #HD1176584162: Hold'em No Limit  ($0.02/$0.05) - 2023/03/26 13:23:11
Table 'NLHBlue66' 6-max Seat #4 is the button
Seat 1: f8443918 ($2.85 in chips)
Seat 2: edde0e79 ($6.68 in chips)
Seat 3: a23565e7 ($5 in chips)
Seat 4: efdaecb6 ($10.08 in chips)
Seat 5: Hero ($5 in chips)
Seat 6: d9d5230 ($7.45 in chips)
Hero: posts small blind $0.02
d9d5230: posts big blind $0.05
*** HOLE CARDS ***
Dealt to f8443918 
Dealt to edde0e79 
Dealt to a23565e7 
Dealt to efdaecb6 
Dealt to Hero [Td 9c]
Dealt to d9d5230 
f8443918: folds
edde0e79: folds
a23565e7: folds
efdaecb6: raises $0.08 to $0.13
Hero: folds
d9d5230: folds
Uncalled bet ($0.08) returned to efdaecb6
*** SHOWDOWN ***
efdaecb6 collected $0.12 from pot
*** SUMMARY ***
Total pot $0.12 | Rake $0 | Jackpot $0 | Bingo $0 | Fortune $0
Seat 1: f8443918 folded before Flop (didn't bet)
Seat 2: edde0e79 folded before Flop (didn't bet)
Seat 3: a23565e7 folded before Flop (didn't bet)
Seat 4: efdaecb6 (button) collected ($0.12)
Seat 5: Hero (small blind) folded before Flop
Seat 6: d9d5230 (big blind) folded before Flop


Poker Hand #HD1176584073: Hold'em No Limit  ($0.02/$0.05) - 2023/03/26 13:22:30
Table 'NLHBlue66' 6-max Seat #3 is the button
Seat 1: f8443918 ($2.85 in chips)
Seat 2: edde0e79 ($5.81 in chips)
Seat 3: a23565e7 ($5 in chips)
Seat 4: efdaecb6 ($10.1 in chips)
Seat 5: Hero ($5.18 in chips)
Seat 6: d9d5230 ($7.45 in chips)
efdaecb6: posts small blind $0.02
Hero: posts big blind $0.05
*** HOLE CARDS ***
Dealt to f8443918 
Dealt to edde0e79 
Dealt to a23565e7 
Dealt to efdaecb6 
Dealt to Hero [Qh 9h]
Dealt to d9d5230 
d9d5230: folds
f8443918: folds
edde0e79: raises $0.1 to $0.15
a23565e7: folds
efdaecb6: folds
Hero: calls $0.1
*** FLOP *** [6h Tc 7c]
Hero: checks
edde0e79: bets $0.24
Hero: calls $0.24
*** TURN *** [6h Tc 7c] [Js]
Hero: checks
edde0e79: bets $0.6
Hero: calls $0.6
*** RIVER *** [6h Tc 7c Js] [2s]
Hero: checks
edde0e79: checks
Hero: shows [Qh 9h] (Queen-High)
edde0e79: shows [9d Th] (Pair of Tens)
*** SHOWDOWN ***
edde0e79 collected $1.86 from pot
*** SUMMARY ***
Total pot $2 | Rake $0.09 | Jackpot $0.05 | Bingo $0 | Fortune $0
Board [6h Tc 7c Js 2s]
Seat 1: f8443918 folded before Flop (didn't bet)
Seat 2: edde0e79 showed [9d Th] and won ($1.86) with Pair of Tens
Seat 3: a23565e7 (button) folded before Flop (didn't bet)
Seat 4: efdaecb6 (small blind) folded before Flop
Seat 5: Hero (big blind) showed [Qh 9h] and lost with Queen-High
Seat 6: d9d5230 folded before Flop (didn't bet)


Poker Hand #HD1176584029: Hold'em No Limit  ($0.02/$0.05) - 2023/03/26 13:22:07
Table 'NLHBlue66' 6-max Seat #2 is the button
Seat 1: f8443918 ($2.97 in chips)
Seat 2: edde0e79 ($5.81 in chips)
Seat 3: a23565e7 ($5 in chips)
Seat 4: efdaecb6 ($10.15 in chips)
Seat 5: Hero ($5 in chips)
Seat 6: d9d5230 ($7.45 in chips)
a23565e7: posts small blind $0.02
efdaecb6: posts big blind $0.05
*** HOLE CARDS ***
Dealt to f8443918 
Dealt to edde0e79 
Dealt to a23565e7 
Dealt to efdaecb6 
Dealt to Hero [8s 8c]
Dealt to d9d5230 
Hero: raises $0.07 to $0.12
d9d5230: folds
f8443918: calls $0.12
edde0e79: folds
a23565e7: folds
efdaecb6: folds
*** FLOP *** [9s 2c Ah]
Hero: bets $0.16
f8443918: folds
Uncalled bet ($0.16) returned to Hero
*** SHOWDOWN ***
Hero collected $0.3 from pot
*** SUMMARY ***
Total pot $0.31 | Rake $0.01 | Jackpot $0 | Bingo $0 | Fortune $0
Board [9s 2c Ah]
Seat 1: f8443918 folded on the Flop
Seat 2: edde0e79 (button) folded before Flop (didn't bet)
Seat 3: a23565e7 (small blind) folded before Flop
Seat 4: efdaecb6 (big blind) folded before Flop
Seat 5: Hero won ($0.3)
Seat 6: d9d5230 folded before Flop (didn't bet)


Poker Hand #HD1176584004: Hold'em No Limit  ($0.02/$0.05) - 2023/03/26 13:21:54
Table 'NLHBlue66' 6-max Seat #1 is the button
Seat 1: f8443918 ($2.97 in chips)
Seat 2: edde0e79 ($5.76 in chips)
Seat 3: a23565e7 ($5 in chips)
Seat 4: efdaecb6 ($10.15 in chips)
Seat 5: Hero ($5 in chips)
Seat 6: d9d5230 ($7.45 in chips)
edde0e79: posts small blind $0.02
a23565e7: posts big blind $0.05
*** HOLE CARDS ***
Dealt to f8443918 
Dealt to edde0e79 
Dealt to a23565e7 
Dealt to efdaecb6 
Dealt to Hero [6h Ts]
Dealt to d9d5230 
efdaecb6: folds
Hero: folds
d9d5230: folds
f8443918: folds
edde0e79: raises $0.1 to $0.15
a23565e7: folds
Uncalled bet ($0.1) returned to edde0e79
*** SHOWDOWN ***
edde0e79 collected $0.1 from pot
*** SUMMARY ***
Total pot $0.1 | Rake $0 | Jackpot $0 | Bingo $0 | Fortune $0
Seat 1: f8443918 (button) folded before Flop (didn't bet)
Seat 2: edde0e79 (small blind) collected ($0.1)
Seat 3: a23565e7 (big blind) folded before Flop
Seat 4: efdaecb6 folded before Flop (didn't bet)
Seat 5: Hero folded before Flop (didn't bet)
Seat 6: d9d5230 folded before Flop (didn't bet)


Poker Hand #HD1176583908: Hold'em No Limit  ($0.02/$0.05) - 2023/03/26 13:21:13
Table 'NLHBlue66' 6-max Seat #6 is the button
Seat 1: f8443918 ($3.19 in chips)
Seat 2: edde0e79 ($5.81 in chips)
Seat 3: a23565e7 ($5 in chips)
Seat 4: efdaecb6 ($10.15 in chips)
Seat 5: Hero ($5 in chips)
Seat 6: d9d5230 ($7.2 in chips)
f8443918: posts small blind $0.02
edde0e79: posts big blind $0.05
*** HOLE CARDS ***
Dealt to f8443918 
Dealt to edde0e79 
Dealt to a23565e7 
Dealt to efdaecb6 
Dealt to Hero [5c 7c]
Dealt to d9d5230 
a23565e7: folds
efdaecb6: folds
Hero: folds
d9d5230: raises $0.06 to $0.11
f8443918: calls $0.09
edde0e79: folds
*** FLOP *** [4h Qh Td]
f8443918: checks
d9d5230: checks
*** TURN *** [4h Qh Td] [2c]
f8443918: checks
d9d5230: bets $0.11
f8443918: calls $0.11
*** RIVER *** [4h Qh Td 2c] [8s]
f8443918: checks
d9d5230: checks
f8443918: shows [Ad 9s] (Ace-High)
d9d5230: shows [9d Th] (Pair of Tens)
*** SHOWDOWN ***
d9d5230 collected $0.47 from pot
*** SUMMARY ***
Total pot $0.49 | Rake $0.02 | Jackpot $0 | Bingo $0 | Fortune $0
Board [4h Qh Td 2c 8s]
Seat 1: f8443918 (small blind) showed [Ad 9s] and lost with Ace-High
Seat 2: edde0e79 (big blind) folded before Flop
Seat 3: a23565e7 folded before Flop (didn't bet)
Seat 4: efdaecb6 folded before Flop (didn't bet)
Seat 5: Hero folded before Flop (didn't bet)
Seat 6: d9d5230 (button) showed [9d Th] and won ($0.47) with Pair of Tens


Poker Hand #HD1176583769: Hold'em No Limit  ($0.02/$0.05) - 2023/03/26 13:20:12
Table 'NLHBlue66' 6-max Seat #5 is the button
Seat 1: f8443918 ($3.24 in chips)
Seat 2: edde0e79 ($5.1 in chips)
Seat 3: a23565e7 ($5 in chips)
Seat 4: efdaecb6 ($10.15 in chips)
Seat 5: Hero ($5.71 in chips)
Seat 6: d9d5230 ($7.22 in chips)
d9d5230: posts small blind $0.02
f8443918: posts big blind $0.05
*** HOLE CARDS ***
Dealt to f8443918 
Dealt to edde0e79 
Dealt to a23565e7 
Dealt to efdaecb6 
Dealt to Hero [As Ks]
Dealt to d9d5230 
edde0e79: raises $0.1 to $0.15
a23565e7: folds
efdaecb6: folds
Hero: raises $0.29 to $0.44
d9d5230: folds
f8443918: folds
edde0e79: calls $0.29
*** FLOP *** [7c 7s Qd]
edde0e79: checks
Hero: bets $0.32
edde0e79: calls $0.32
*** TURN *** [7c 7s Qd] [3d]
edde0e79: checks
Hero: checks
*** RIVER *** [7c 7s Qd 3d] [7d]
edde0e79: checks
Hero: checks
edde0e79: shows [Jd Jh] (Sevens Full over Jacks)
Hero: shows [As Ks] (Three Sevens)
*** SHOWDOWN ***
edde0e79 collected $1.47 from pot
*** SUMMARY ***
Total pot $1.59 | Rake $0.07 | Jackpot $0.05 | Bingo $0 | Fortune $0
Board [7c 7s Qd 3d 7d]
Seat 1: f8443918 (big blind) folded before Flop
Seat 2: edde0e79 showed [Jd Jh] and won ($1.47) with Sevens Full over Jacks
Seat 3: a23565e7 folded before Flop (didn't bet)
Seat 4: efdaecb6 folded before Flop (didn't bet)
Seat 5: Hero (button) showed [As Ks] and lost with Three Sevens
Seat 6: d9d5230 (small blind) folded before Flop


Poker Hand #HD1176583724: Hold'em No Limit  ($0.02/$0.05) - 2023/03/26 13:19:51
Table 'NLHBlue66' 6-max Seat #4 is the button
Seat 1: f8443918 ($3.24 in chips)
Seat 2: edde0e79 ($5.1 in chips)
Seat 3: a23565e7 ($5 in chips)
Seat 4: efdaecb6 ($10.08 in chips)
Seat 5: Hero ($5.73 in chips)
Seat 6: d9d5230 ($7.27 in chips)
Hero: posts small blind $0.02
d9d5230: posts big blind $0.05
*** HOLE CARDS ***
Dealt to f8443918 
Dealt to edde0e79 
Dealt to a23565e7 
Dealt to efdaecb6 
Dealt to Hero [7d Ah]
Dealt to d9d5230 
f8443918: folds
edde0e79: folds
a23565e7: folds
efdaecb6: raises $0.08 to $0.13
Hero: folds
d9d5230: folds
Uncalled bet ($0.08) returned to efdaecb6
*** SHOWDOWN ***
efdaecb6 collected $0.12 from pot
*** SUMMARY ***
Total pot $0.12 | Rake $0 | Jackpot $0 | Bingo $0 | Fortune $0
Seat 1: f8443918 folded before Flop (didn't bet)
Seat 2: edde0e79 folded before Flop (didn't bet)
Seat 3: a23565e7 folded before Flop (didn't bet)
Seat 4: efdaecb6 (button) collected ($0.12)
Seat 5: Hero (small blind) folded before Flop
Seat 6: d9d5230 (big blind) folded before Flop


Poker Hand #HD1176583658: Hold'em No Limit  ($0.02/$0.05) - 2023/03/26 13:19:21
Table 'NLHBlue66' 6-max Seat #3 is the button
Seat 1: f8443918 ($3.24 in chips)
Seat 2: edde0e79 ($5.25 in chips)
Seat 3: a23565e7 ($5 in chips)
Seat 4: efdaecb6 ($10.1 in chips)
Seat 5: Hero ($5.57 in chips)
Seat 6: d9d5230 ($7.27 in chips)
efdaecb6: posts small blind $0.02
Hero: posts big blind $0.05
*** HOLE CARDS ***
Dealt to f8443918 
Dealt to edde0e79 
Dealt to a23565e7 
Dealt to efdaecb6 
Dealt to Hero [Jd Ad]
Dealt to d9d5230 
d9d5230: folds
f8443918: folds
edde0e79: raises $0.1 to $0.15
a23565e7: folds
efdaecb6: folds
Hero: raises $0.47 to $0.62
edde0e79: folds
Uncalled bet ($0.47) returned to Hero
*** SHOWDOWN ***
Hero collected $0.31 from pot
*** SUMMARY ***
Total pot $0.32 | Rake $0.01 | Jackpot $0 | Bingo $0 | Fortune $0
Seat 1: f8443918 folded before Flop (didn't bet)
Seat 2: edde0e79 folded before Flop
Seat 3: a23565e7 (button) folded before Flop (didn't bet)
Seat 4: efdaecb6 (small blind) folded before Flop
Seat 5: Hero (big blind) collected ($0.31)
Seat 6: d9d5230 folded before Flop (didn't bet)


Poker Hand #HD1176583637: Hold'em No Limit  ($0.02/$0.05) - 2023/03/26 13:19:11
Table 'NLHBlue66' 6-max Seat #2 is the button
Seat 1: f8443918 ($3.24 in chips)
Seat 2: edde0e79 ($5.25 in chips)
Seat 3: a23565e7 ($5 in chips)
Seat 4: efdaecb6 ($10.08 in chips)
Seat 5: Hero ($5.57 in chips)
Seat 6: d9d5230 ($7.27 in chips)
a23565e7: posts small blind $0.02
efdaecb6: posts big blind $0.05
*** HOLE CARDS ***
Dealt to f8443918 
Dealt to edde0e79 
Dealt to a23565e7 
Dealt to efdaecb6 
Dealt to Hero [2c Kh]
Dealt to d9d5230 
Hero: folds
d9d5230: folds
f8443918: folds
edde0e79: folds
a23565e7: folds
Uncalled bet ($0.03) returned to efdaecb6
*** SHOWDOWN ***
efdaecb6 collected $0.04 from pot
*** SUMMARY ***
Total pot $0.04 | Rake $0 | Jackpot $0 | Bingo $0 | Fortune $0
Seat 1: f8443918 folded before Flop (didn't bet)
Seat 2: edde0e79 (button) folded before Flop (didn't bet)
Seat 3: a23565e7 (small blind) folded before Flop
Seat 4: efdaecb6 (big blind) collected ($0.04)
Seat 5: Hero folded before Flop (didn't bet)
Seat 6: d9d5230 folded before Flop (didn't bet)


Poker Hand #HD1176583599: Hold'em No Limit  ($0.02/$0.05) - 2023/03/26 13:18:51
Table 'NLHBlue66' 6-max Seat #1 is the button
Seat 1: f8443918 ($3.24 in chips)
Seat 2: edde0e79 ($5.2 in chips)
Seat 3: a23565e7 ($5 in chips)
Seat 4: efdaecb6 ($10.08 in chips)
Seat 5: Hero ($5.57 in chips)
Seat 6: d9d5230 ($7.27 in chips)
edde0e79: posts small blind $0.02
a23565e7: posts big blind $0.05
*** HOLE CARDS ***
Dealt to f8443918 
Dealt to edde0e79 
Dealt to a23565e7 
Dealt to efdaecb6 
Dealt to Hero [2d 3d]
Dealt to d9d5230 
efdaecb6: folds
Hero: folds
d9d5230: folds
f8443918: folds
edde0e79: raises $0.15 to $0.2
a23565e7: folds
Uncalled bet ($0.15) returned to edde0e79
*** SHOWDOWN ***
edde0e79 collected $0.1 from pot
*** SUMMARY ***
Total pot $0.1 | Rake $0 | Jackpot $0 | Bingo $0 | Fortune $0
Seat 1: f8443918 (button) folded before Flop (didn't bet)
Seat 2: edde0e79 (small blind) collected ($0.1)
Seat 3: a23565e7 (big blind) folded before Flop
Seat 4: efdaecb6 folded before Flop (didn't bet)
Seat 5: Hero folded before Flop (didn't bet)
Seat 6: d9d5230 folded before Flop (didn't bet)


Poker Hand #HD1176583548: Hold'em No Limit  ($0.02/$0.05) - 2023/03/26 13:18:27
Table 'NLHBlue66' 6-max Seat #6 is the button
Seat 1: f8443918 ($3.26 in chips)
Seat 2: edde0e79 ($5.25 in chips)
Seat 3: a23565e7 ($5 in chips)
Seat 4: efdaecb6 ($10.08 in chips)
Seat 5: Hero ($5.39 in chips)
Seat 6: d9d5230 ($7.39 in chips)
f8443918: posts small blind $0.02
edde0e79: posts big blind $0.05
*** HOLE CARDS ***
Dealt to f8443918 
Dealt to edde0e79 
Dealt to a23565e7 
Dealt to efdaecb6 
Dealt to Hero [As 7s]
Dealt to d9d5230 
a23565e7: folds
efdaecb6: folds
Hero: raises $0.07 to $0.12
d9d5230: calls $0.12
f8443918: folds
edde0e79: folds
*** FLOP *** [2d 2h Qc]
Hero: bets $0.11
d9d5230: folds
Uncalled bet ($0.11) returned to Hero
*** SHOWDOWN ***
Hero collected $0.3 from pot
*** SUMMARY ***
Total pot $0.31 | Rake $0.01 | Jackpot $0 | Bingo $0 | Fortune $0
Board [2d 2h Qc]
Seat 1: f8443918 (small blind) folded before Flop
Seat 2: edde0e79 (big blind) folded before Flop
Seat 3: a23565e7 folded before Flop (didn't bet)
Seat 4: efdaecb6 folded before Flop (didn't bet)
Seat 5: Hero won ($0.3)
Seat 6: d9d5230 (button) folded on the Flop


Poker Hand #HD1176583484: Hold'em No Limit  ($0.02/$0.05) - 2023/03/26 13:18:01
Table 'NLHBlue66' 6-max Seat #5 is the button
Seat 1: f8443918 ($3.38 in chips)
Seat 2: edde0e79 ($5.25 in chips)
Seat 3: a23565e7 ($5 in chips)
Seat 4: efdaecb6 ($10.08 in chips)
Seat 5: Hero ($5.26 in chips)
Seat 6: d9d5230 ($7.41 in chips)
d9d5230: posts small blind $0.02
f8443918: posts big blind $0.05
*** HOLE CARDS ***
Dealt to f8443918 
Dealt to edde0e79 
Dealt to a23565e7 
Dealt to efdaecb6 
Dealt to Hero [Qc Tc]
Dealt to d9d5230 
edde0e79: folds
a23565e7: folds
efdaecb6: folds
Hero: raises $0.07 to $0.12
d9d5230: folds
f8443918: calls $0.07
*** FLOP *** [8s 9h Th]
f8443918: checks
Hero: bets $0.13
f8443918: folds
Uncalled bet ($0.13) returned to Hero
*** SHOWDOWN ***
Hero collected $0.25 from pot
*** SUMMARY ***
Total pot $0.26 | Rake $0.01 | Jackpot $0 | Bingo $0 | Fortune $0
Board [8s 9h Th]
Seat 1: f8443918 (big blind) folded on the Flop
Seat 2: edde0e79 folded before Flop (didn't bet)
Seat 3: a23565e7 folded before Flop (didn't bet)
Seat 4: efdaecb6 folded before Flop (didn't bet)
Seat 5: Hero (button) won ($0.25)
Seat 6: d9d5230 (small blind) folded before Flop


Poker Hand #HD1176583325: Hold'em No Limit  ($0.02/$0.05) - 2023/03/26 13:16:44
Table 'NLHBlue66' 6-max Seat #4 is the button
Seat 1: f8443918 ($5.5 in chips)
Seat 2: edde0e79 ($5.38 in chips)
Seat 3: a23565e7 ($5 in chips)
Seat 4: efdaecb6 ($10.08 in chips)
Seat 5: Hero ($5.28 in chips)
Seat 6: d9d5230 ($5.4 in chips)
Hero: posts small blind $0.02
d9d5230: posts big blind $0.05
*** HOLE CARDS ***
Dealt to f8443918 
Dealt to edde0e79 
Dealt to a23565e7 
Dealt to efdaecb6 
Dealt to Hero [Jd 2s]
Dealt to d9d5230 
f8443918: raises $0.08 to $0.13
edde0e79: calls $0.13
a23565e7: folds
efdaecb6: folds
Hero: folds
d9d5230: calls $0.08
*** FLOP *** [Ad 2h Kh]
d9d5230: checks
f8443918: bets $0.21
edde0e79: folds
d9d5230: calls $0.21
*** TURN *** [Ad 2h Kh] [8d]
d9d5230: checks
f8443918: bets $0.63
d9d5230: calls $0.63
*** RIVER *** [Ad 2h Kh 8d] [9c]
d9d5230: bets $1.15
f8443918: calls $1.15
d9d5230: shows [Ac 9s] (Pair of Aces and Pair of Nines)
f8443918: shows [Ah Jh] (Pair of Aces)
*** SHOWDOWN ***
d9d5230 collected $4.13 from pot
*** SUMMARY ***
Total pot $4.39 | Rake $0.21 | Jackpot $0.05 | Bingo $0 | Fortune $0
Board [Ad 2h Kh 8d 9c]
Seat 1: f8443918 showed [Ah Jh] and lost with Pair of Aces
Seat 2: edde0e79 folded on the Flop
Seat 3: a23565e7 folded before Flop (didn't bet)
Seat 4: efdaecb6 (button) folded before Flop (didn't bet)
Seat 5: Hero (small blind) folded before Flop
Seat 6: d9d5230 (big blind) showed [Ac 9s] and won ($4.13) with Pair of Aces and Pair of Nines


Poker Hand #HD1176583298: Hold'em No Limit  ($0.02/$0.05) - 2023/03/26 13:16:28
Table 'NLHBlue66' 6-max Seat #3 is the button
Seat 1: f8443918 ($5.5 in chips)
Seat 2: edde0e79 ($5.31 in chips)
Seat 3: a23565e7 ($5 in chips)
Seat 4: efdaecb6 ($10.1 in chips)
Seat 5: Hero ($5.33 in chips)
Seat 6: d9d5230 ($5.4 in chips)
efdaecb6: posts small blind $0.02
Hero: posts big blind $0.05
*** HOLE CARDS ***
Dealt to f8443918 
Dealt to edde0e79 
Dealt to a23565e7 
Dealt to efdaecb6 
Dealt to Hero [4c 8d]
Dealt to d9d5230 
d9d5230: folds
f8443918: folds
edde0e79: raises $0.1 to $0.15
a23565e7: folds
efdaecb6: folds
Hero: folds
Uncalled bet ($0.1) returned to edde0e79
*** SHOWDOWN ***
edde0e79 collected $0.12 from pot
*** SUMMARY ***
Total pot $0.12 | Rake $0 | Jackpot $0 | Bingo $0 | Fortune $0
Seat 1: f8443918 folded before Flop (didn't bet)
Seat 2: edde0e79 collected ($0.12)
Seat 3: a23565e7 (button) folded before Flop (didn't bet)
Seat 4: efdaecb6 (small blind) folded before Flop
Seat 5: Hero (big blind) folded before Flop
Seat 6: d9d5230 folded before Flop (didn't bet)


Poker Hand #HD1176583254: Hold'em No Limit  ($0.02/$0.05) - 2023/03/26 13:16:07
Table 'NLHBlue66' 6-max Seat #2 is the button
Seat 1: f8443918 ($5.5 in chips)
Seat 2: edde0e79 ($5.31 in chips)
Seat 3: a23565e7 ($5.02 in chips)
Seat 4: efdaecb6 ($10.15 in chips)
Seat 5: Hero ($5.33 in chips)
Seat 6: d9d5230 ($5.33 in chips)
a23565e7: posts small blind $0.02
efdaecb6: posts big blind $0.05
*** HOLE CARDS ***
Dealt to f8443918 
Dealt to edde0e79 
Dealt to a23565e7 
Dealt to efdaecb6 
Dealt to Hero [3c 3d]
Dealt to d9d5230 
Hero: folds
d9d5230: raises $0.06 to $0.11
f8443918: folds
edde0e79: folds
a23565e7: folds
efdaecb6: folds
Uncalled bet ($0.06) returned to d9d5230
*** SHOWDOWN ***
d9d5230 collected $0.12 from pot
*** SUMMARY ***
Total pot $0.12 | Rake $0 | Jackpot $0 | Bingo $0 | Fortune $0
Seat 1: f8443918 folded before Flop (didn't bet)
Seat 2: edde0e79 (button) folded before Flop (didn't bet)
Seat 3: a23565e7 (small blind) folded before Flop
Seat 4: efdaecb6 (big blind) folded before Flop
Seat 5: Hero folded before Flop (didn't bet)
Seat 6: d9d5230 collected ($0.12)


Poker Hand #HD1176583231: Hold'em No Limit  ($0.02/$0.05) - 2023/03/26 13:15:58
Table 'NLHBlue66' 6-max Seat #1 is the button
Seat 1: f8443918 ($5.5 in chips)
Seat 2: edde0e79 ($5.33 in chips)
Seat 3: a23565e7 ($5 in chips)
Seat 4: efdaecb6 ($10.15 in chips)
Seat 5: Hero ($5.33 in chips)
Seat 6: d9d5230 ($5.33 in chips)
edde0e79: posts small blind $0.02
a23565e7: posts big blind $0.05
*** HOLE CARDS ***
Dealt to f8443918 
Dealt to edde0e79 
Dealt to a23565e7 
Dealt to efdaecb6 
Dealt to Hero [5c 3c]
Dealt to d9d5230 
efdaecb6: folds
Hero: folds
d9d5230: folds
f8443918: folds
edde0e79: folds
Uncalled bet ($0.03) returned to a23565e7
*** SHOWDOWN ***
a23565e7 collected $0.04 from pot
*** SUMMARY ***
Total pot $0.04 | Rake $0 | Jackpot $0 | Bingo $0 | Fortune $0
Seat 1: f8443918 (button) folded before Flop (didn't bet)
Seat 2: edde0e79 (small blind) folded before Flop
Seat 3: a23565e7 (big blind) collected ($0.04)
Seat 4: efdaecb6 folded before Flop (didn't bet)
Seat 5: Hero folded before Flop (didn't bet)
Seat 6: d9d5230 folded before Flop (didn't bet)


Poker Hand #HD1176583208: Hold'em No Limit  ($0.02/$0.05) - 2023/03/26 13:15:47
Table 'NLHBlue66' 6-max Seat #6 is the button
Seat 1: f8443918 ($5.52 in chips)
Seat 2: edde0e79 ($5.31 in chips)
Seat 3: a23565e7 ($5 in chips)
Seat 4: efdaecb6 ($10.15 in chips)
Seat 5: Hero ($5.33 in chips)
Seat 6: d9d5230 ($5.33 in chips)
f8443918: posts small blind $0.02
edde0e79: posts big blind $0.05
*** HOLE CARDS ***
Dealt to f8443918 
Dealt to edde0e79 
Dealt to a23565e7 
Dealt to efdaecb6 
Dealt to Hero [8h 3c]
Dealt to d9d5230 
a23565e7: folds
efdaecb6: folds
Hero: folds
d9d5230: folds
f8443918: folds
Uncalled bet ($0.03) returned to edde0e79
*** SHOWDOWN ***
edde0e79 collected $0.04 from pot
*** SUMMARY ***
Total pot $0.04 | Rake $0 | Jackpot $0 | Bingo $0 | Fortune $0
Seat 1: f8443918 (small blind) folded before Flop
Seat 2: edde0e79 (big blind) collected ($0.04)
Seat 3: a23565e7 folded before Flop (didn't bet)
Seat 4: efdaecb6 folded before Flop (didn't bet)
Seat 5: Hero folded before Flop (didn't bet)
Seat 6: d9d5230 (button) folded before Flop (didn't bet)


Poker Hand #HD1176583105: Hold'em No Limit  ($0.02/$0.05) - 2023/03/26 13:15:02
Table 'NLHBlue66' 6-max Seat #5 is the button
Seat 1: f8443918 ($5.67 in chips)
Seat 2: edde0e79 ($5.03 in chips)
Seat 3: a23565e7 ($5 in chips)
Seat 4: efdaecb6 ($10.15 in chips)
Seat 5: Hero ($5.33 in chips)
Seat 6: d9d5230 ($5.48 in chips)
d9d5230: posts small blind $0.02
f8443918: posts big blind $0.05
*** HOLE CARDS ***
Dealt to f8443918 
Dealt to edde0e79 
Dealt to a23565e7 
Dealt to efdaecb6 
Dealt to Hero [8c Td]
Dealt to d9d5230 
edde0e79: raises $0.1 to $0.15
a23565e7: folds
efdaecb6: folds
Hero: folds
d9d5230: calls $0.13
f8443918: calls $0.1
*** FLOP *** [Th Kc 9d]
d9d5230: checks
f8443918: checks
edde0e79: checks
*** TURN *** [Th Kc 9d] [6c]
d9d5230: checks
f8443918: checks
edde0e79: checks
*** RIVER *** [Th Kc 9d 6c] [2h]
d9d5230: checks
f8443918: checks
edde0e79: checks
d9d5230: shows [5d 7d] (King-High)
f8443918: shows [Ah 8s] (Ace-High)
edde0e79: shows [5h 5c] (Pair of Fives)
*** SHOWDOWN ***
edde0e79 collected $0.43 from pot
*** SUMMARY ***
Total pot $0.45 | Rake $0.02 | Jackpot $0 | Bingo $0 | Fortune $0
Board [Th Kc 9d 6c 2h]
Seat 1: f8443918 (big blind) showed [Ah 8s] and lost with Ace-High
Seat 2: edde0e79 showed [5h 5c] and won ($0.43) with Pair of Fives
Seat 3: a23565e7 folded before Flop (didn't bet)
Seat 4: efdaecb6 folded before Flop (didn't bet)
Seat 5: Hero (button) folded before Flop (didn't bet)
Seat 6: d9d5230 (small blind) showed [5d 7d] and lost with King-High


Poker Hand #HD1176583012: Hold'em No Limit  ($0.02/$0.05) - 2023/03/26 13:14:22
Table 'NLHBlue66' 6-max Seat #4 is the button
Seat 1: f8443918 ($5.67 in chips)
Seat 2: edde0e79 ($5.03 in chips)
Seat 3: a23565e7 ($5 in chips)
Seat 4: efdaecb6 ($10.15 in chips)
Seat 5: Hero ($5.35 in chips)
Seat 6: d9d5230 ($5.34 in chips)
Hero: posts small blind $0.02
d9d5230: posts big blind $0.05
*** HOLE CARDS ***
Dealt to f8443918 
Dealt to edde0e79 
Dealt to a23565e7 
Dealt to efdaecb6 
Dealt to Hero [Js 2d]
Dealt to d9d5230 
f8443918: folds
edde0e79: folds
a23565e7: raises $0.08 to $0.13
efdaecb6: folds
Hero: folds
d9d5230: calls $0.08
*** FLOP *** [Jh 2s Ad]
d9d5230: checks
a23565e7: checks
*** TURN *** [Jh 2s Ad] [5s]
d9d5230: checks
a23565e7: checks
*** RIVER *** [Jh 2s Ad 5s] [Th]
d9d5230: bets $0.21
a23565e7: folds
Uncalled bet ($0.21) returned to d9d5230
*** SHOWDOWN ***
d9d5230 collected $0.27 from pot
*** SUMMARY ***
Total pot $0.28 | Rake $0.01 | Jackpot $0 | Bingo $0 | Fortune $0
Board [Jh 2s Ad 5s Th]
Seat 1: f8443918 folded before Flop (didn't bet)
Seat 2: edde0e79 folded before Flop (didn't bet)
Seat 3: a23565e7 folded on the River
Seat 4: efdaecb6 (button) folded before Flop (didn't bet)
Seat 5: Hero (small blind) folded before Flop
Seat 6: d9d5230 (big blind) won ($0.27)


Poker Hand #HD1176582901: Hold'em No Limit  ($0.02/$0.05) - 2023/03/26 13:13:32
Table 'NLHBlue66' 6-max Seat #3 is the button
Seat 1: f8443918 ($5.67 in chips)
Seat 2: edde0e79 ($5.03 in chips)
Seat 3: a23565e7 ($5 in chips)
Seat 4: efdaecb6 ($10.17 in chips)
Seat 5: Hero ($5.07 in chips)
Seat 6: d9d5230 ($5.63 in chips)
efdaecb6: posts small blind $0.02
Hero: posts big blind $0.05
*** HOLE CARDS ***
Dealt to f8443918 
Dealt to edde0e79 
Dealt to a23565e7 
Dealt to efdaecb6 
Dealt to Hero [Th Jh]
Dealt to d9d5230 
d9d5230: raises $0.06 to $0.11
f8443918: folds
edde0e79: folds
a23565e7: folds
efdaecb6: folds
Hero: calls $0.06
*** FLOP *** [8d 2c 9d]
Hero: checks
d9d5230: checks
*** TURN *** [8d 2c 9d] [3s]
Hero: bets $0.18
d9d5230: calls $0.18
*** RIVER *** [8d 2c 9d 3s] [Ks]
Hero: bets $0.5
d9d5230: folds
Uncalled bet ($0.5) returned to Hero
*** SHOWDOWN ***
Hero collected $0.57 from pot
*** SUMMARY ***
Total pot $0.6 | Rake $0.03 | Jackpot $0 | Bingo $0 | Fortune $0
Board [8d 2c 9d 3s Ks]
Seat 1: f8443918 folded before Flop (didn't bet)
Seat 2: edde0e79 folded before Flop (didn't bet)
Seat 3: a23565e7 (button) folded before Flop (didn't bet)
Seat 4: efdaecb6 (small blind) folded before Flop
Seat 5: Hero (big blind) won ($0.57)
Seat 6: d9d5230 folded on the River


Poker Hand #HD1176582883: Hold'em No Limit  ($0.02/$0.05) - 2023/03/26 13:13:19
Table 'NLHBlue66' 6-max Seat #2 is the button
Seat 1: f8443918 ($5.67 in chips)
Seat 2: edde0e79 ($5.03 in chips)
Seat 3: a23565e7 ($5 in chips)
Seat 4: efdaecb6 ($10.22 in chips)
Seat 5: Hero ($5 in chips)
Seat 6: d9d5230 ($5.63 in chips)
a23565e7: posts small blind $0.02
efdaecb6: posts big blind $0.05
*** HOLE CARDS ***
Dealt to f8443918 
Dealt to edde0e79 
Dealt to a23565e7 
Dealt to efdaecb6 
Dealt to Hero [Jc Ac]
Dealt to d9d5230 
Hero: raises $0.07 to $0.12
d9d5230: folds
f8443918: folds
edde0e79: folds
a23565e7: folds
efdaecb6: folds
Uncalled bet ($0.07) returned to Hero
*** SHOWDOWN ***
Hero collected $0.12 from pot
*** SUMMARY ***
Total pot $0.12 | Rake $0 | Jackpot $0 | Bingo $0 | Fortune $0
Seat 1: f8443918 folded before Flop (didn't bet)
Seat 2: edde0e79 (button) folded before Flop (didn't bet)
Seat 3: a23565e7 (small blind) folded before Flop
Seat 4: efdaecb6 (big blind) folded before Flop
Seat 5: Hero collected ($0.12)
Seat 6: d9d5230 folded before Flop (didn't bet)


Poker Hand #HD1176582779: Hold'em No Limit  ($0.02/$0.05) - 2023/03/26 13:12:32
Table 'NLHBlue66' 6-max Seat #1 is the button
Seat 1: f8443918 ($6.02 in chips)
Seat 2: edde0e79 ($5.05 in chips)
Seat 3: a23565e7 ($5.05 in chips)
Seat 4: efdaecb6 ($9.83 in chips)
Seat 5: Hero ($5 in chips)
Seat 6: d9d5230 ($5.63 in chips)
edde0e79: posts small blind $0.02
a23565e7: posts big blind $0.05
*** HOLE CARDS ***
Dealt to f8443918 
Dealt to edde0e79 
Dealt to a23565e7 
Dealt to efdaecb6 
Dealt to Hero [5s As]
Dealt to d9d5230 
efdaecb6: raises $0.08 to $0.13
Hero: folds
d9d5230: folds
f8443918: calls $0.13
edde0e79: folds
a23565e7: folds
*** FLOP *** [8h Th 5d]
efdaecb6: bets $0.22
f8443918: calls $0.22
*** TURN *** [8h Th 5d] [Ks]
efdaecb6: bets $0.51
f8443918: folds
Uncalled bet ($0.51) returned to efdaecb6
*** SHOWDOWN ***
efdaecb6 collected $0.74 from pot
*** SUMMARY ***
Total pot $0.77 | Rake $0.03 | Jackpot $0 | Bingo $0 | Fortune $0
Board [8h Th 5d Ks]
Seat 1: f8443918 (button) folded on the Turn
Seat 2: edde0e79 (small blind) folded before Flop
Seat 3: a23565e7 (big blind) folded before Flop
Seat 4: efdaecb6 won ($0.74)
Seat 5: Hero folded before Flop (didn't bet)
Seat 6: d9d5230 folded before Flop (didn't bet)


Poker Hand #HD1176582680: Hold'em No Limit  ($0.02/$0.05) - 2023/03/26 13:11:45
Table 'NLHBlue66' 6-max Seat #6 is the button
Seat 1: f8443918 ($6.04 in chips)
Seat 2: edde0e79 ($4.74 in chips)
Seat 3: a23565e7 ($5.05 in chips)
Seat 4: efdaecb6 ($9.83 in chips)
Seat 5: Hero ($5 in chips)
Seat 6: d9d5230 ($5.95 in chips)
f8443918: posts small blind $0.02
edde0e79: posts big blind $0.05
*** HOLE CARDS ***
Dealt to f8443918 
Dealt to edde0e79 
Dealt to a23565e7 
Dealt to efdaecb6 
Dealt to Hero [Kc 7s]
Dealt to d9d5230 
a23565e7: folds
efdaecb6: folds
Hero: folds
d9d5230: raises $0.05 to $0.1
f8443918: folds
edde0e79: raises $0.22 to $0.32
d9d5230: calls $0.22
*** FLOP *** [2d Qc 4s]
edde0e79: bets $0.33
d9d5230: folds
Uncalled bet ($0.33) returned to edde0e79
*** SHOWDOWN ***
edde0e79 collected $0.63 from pot
*** SUMMARY ***
Total pot $0.66 | Rake $0.03 | Jackpot $0 | Bingo $0 | Fortune $0
Board [2d Qc 4s]
Seat 1: f8443918 (small blind) folded before Flop
Seat 2: edde0e79 (big blind) won ($0.63)
Seat 3: a23565e7 folded before Flop (didn't bet)
Seat 4: efdaecb6 folded before Flop (didn't bet)
Seat 5: Hero folded before Flop (didn't bet)
Seat 6: d9d5230 (button) folded on the Flop


Poker Hand #HD1176582654: Hold'em No Limit  ($0.02/$0.05) - 2023/03/26 13:11:33
Table 'NLHBlue66' 6-max Seat #5 is the button
Seat 1: f8443918 ($6.02 in chips)
Seat 2: edde0e79 ($4.74 in chips)
Seat 3: a23565e7 ($5.05 in chips)
Seat 4: efdaecb6 ($9.83 in chips)
Seat 5: Hero ($5 in chips)
Seat 6: d9d5230 ($5.97 in chips)
d9d5230: posts small blind $0.02
f8443918: posts big blind $0.05
*** HOLE CARDS ***
Dealt to f8443918 
Dealt to edde0e79 
Dealt to a23565e7 
Dealt to efdaecb6 
Dealt to Hero [8d Kc]
Dealt to d9d5230 
edde0e79: folds
a23565e7: folds
efdaecb6: folds
Hero: folds
d9d5230: folds
Uncalled bet ($0.03) returned to f8443918
*** SHOWDOWN ***
f8443918 collected $0.04 from pot
*** SUMMARY ***
Total pot $0.04 | Rake $0 | Jackpot $0 | Bingo $0 | Fortune $0
Seat 1: f8443918 (big blind) collected ($0.04)
Seat 2: edde0e79 folded before Flop (didn't bet)
Seat 3: a23565e7 folded before Flop (didn't bet)
Seat 4: efdaecb6 folded before Flop (didn't bet)
Seat 5: Hero (button) folded before Flop (didn't bet)
Seat 6: d9d5230 (small blind) folded before Flop


Poker Hand #HD1176582562: Hold'em No Limit  ($0.02/$0.05) - 2023/03/26 13:10:47
Table 'NLHBlue66' 6-max Seat #4 is the button
Seat 1: f8443918 ($6.54 in chips)
Seat 2: edde0e79 ($4.2 in chips)
Seat 3: a23565e7 ($5.05 in chips)
Seat 4: efdaecb6 ($9.83 in chips)
Seat 5: Hero ($5.02 in chips)
Seat 6: d9d5230 ($6.02 in chips)
Hero: posts small blind $0.02
d9d5230: posts big blind $0.05
*** HOLE CARDS ***
Dealt to f8443918 
Dealt to edde0e79 
Dealt to a23565e7 
Dealt to efdaecb6 
Dealt to Hero [8s 4c]
Dealt to d9d5230 
f8443918: raises $0.08 to $0.13
edde0e79: calls $0.13
a23565e7: folds
efdaecb6: folds
Hero: folds
d9d5230: folds
*** FLOP *** [6d 3c Ad]
f8443918: bets $0.11
edde0e79: raises $0.28 to $0.39
f8443918: calls $0.28
*** TURN *** [6d 3c Ad] [9h]
f8443918: checks
edde0e79: bets $0.84
f8443918: folds
Uncalled bet ($0.84) returned to edde0e79
*** SHOWDOWN ***
edde0e79 collected $1.06 from pot
*** SUMMARY ***
Total pot $1.11 | Rake $0.05 | Jackpot $0 | Bingo $0 | Fortune $0
Board [6d 3c Ad 9h]
Seat 1: f8443918 folded on the Turn
Seat 2: edde0e79 won ($1.06)
Seat 3: a23565e7 folded before Flop (didn't bet)
Seat 4: efdaecb6 (button) folded before Flop (didn't bet)
Seat 5: Hero (small blind) folded before Flop
Seat 6: d9d5230 (big blind) folded before Flop


Poker Hand #HD1176582533: Hold'em No Limit  ($0.02/$0.05) - 2023/03/26 13:10:36
Table 'NLHBlue66' 6-max Seat #3 is the button
Seat 1: f8443918 ($6.54 in chips)
Seat 2: edde0e79 ($4.2 in chips)
Seat 3: a23565e7 ($5.05 in chips)
Seat 4: efdaecb6 ($9.85 in chips)
Seat 5: Hero ($5 in chips)
Seat 6: d9d5230 ($6.02 in chips)
efdaecb6: posts small blind $0.02
Hero: posts big blind $0.05
*** HOLE CARDS ***
Dealt to f8443918 
Dealt to edde0e79 
Dealt to a23565e7 
Dealt to efdaecb6 
Dealt to Hero [Js Jd]
Dealt to d9d5230 
d9d5230: folds
f8443918: folds
edde0e79: folds
a23565e7: folds
efdaecb6: folds
Uncalled bet ($0.03) returned to Hero
*** SHOWDOWN ***
Hero collected $0.04 from pot
*** SUMMARY ***
Total pot $0.04 | Rake $0 | Jackpot $0 | Bingo $0 | Fortune $0
Seat 1: f8443918 folded before Flop (didn't bet)
Seat 2: edde0e79 folded before Flop (didn't bet)
Seat 3: a23565e7 (button) folded before Flop (didn't bet)
Seat 4: efdaecb6 (small blind) folded before Flop
Seat 5: Hero (big blind) collected ($0.04)
Seat 6: d9d5230 folded before Flop (didn't bet)


