Poker Hand #HD1160217516: Hold'em No Limit  ($0.02/$0.05) - 2023/03/14 19:23:43
Table 'NLHBlue117' 6-max Seat #5 is the button
Seat 1: 20df6f5e ($10.02 in chips)
Seat 2: Hero ($5 in chips)
Seat 3: a324e6fa ($5.56 in chips)
Seat 4: 3e2a4eee ($5 in chips)
Seat 5: 54910ffa ($4.46 in chips)
Seat 6: 2cb5dd71 ($0.99 in chips)
2cb5dd71: posts small blind $0.02
20df6f5e: posts big blind $0.05
*** HOLE CARDS ***
Dealt to 20df6f5e 
Dealt to Hero [2s 4d]
Dealt to a324e6fa 
Dealt to 3e2a4eee 
Dealt to 54910ffa 
Dealt to 2cb5dd71 
Hero: folds
a324e6fa: folds
3e2a4eee: folds
54910ffa: calls $0.05
2cb5dd71: folds
20df6f5e: checks
*** FLOP *** [As 8h 2d]
20df6f5e: checks
54910ffa: checks
*** TURN *** [As 8h 2d] [7h]
20df6f5e: checks
54910ffa: checks
*** RIVER *** [As 8h 2d 7h] [5d]
20df6f5e: checks
54910ffa: checks
20df6f5e: shows [6d 7d] (Pair of Sevens)
54910ffa: shows [3c Jc] (Ace-High)
*** SHOWDOWN ***
20df6f5e collected $0.12 from pot
*** SUMMARY ***
Total pot $0.12 | Rake $0 | Jackpot $0 | Bingo $0 | Fortune $0
Board [As 8h 2d 7h 5d]
Seat 1: 20df6f5e (big blind) showed [6d 7d] and won ($0.12) with Pair of Sevens
Seat 2: Hero folded before Flop (didn't bet)
Seat 3: a324e6fa folded before Flop (didn't bet)
Seat 4: 3e2a4eee folded before Flop (didn't bet)
Seat 5: 54910ffa (button) showed [3c Jc] and lost with Ace-High
Seat 6: 2cb5dd71 (small blind) folded before Flop


Poker Hand #HD1160217464: Hold'em No Limit  ($0.02/$0.05) - 2023/03/14 19:23:22
Table 'NLHBlue117' 6-max Seat #4 is the button
Seat 1: 20df6f5e ($10.02 in chips)
Seat 2: Hero ($5 in chips)
Seat 3: a324e6fa ($5.56 in chips)
Seat 4: 3e2a4eee ($5 in chips)
Seat 5: 54910ffa ($4.48 in chips)
Seat 6: 2cb5dd71 ($0.97 in chips)
54910ffa: posts small blind $0.02
2cb5dd71: posts big blind $0.05
*** HOLE CARDS ***
Dealt to 20df6f5e 
Dealt to Hero [Jh 4d]
Dealt to a324e6fa 
Dealt to 3e2a4eee 
Dealt to 54910ffa 
Dealt to 2cb5dd71 
20df6f5e: folds
Hero: folds
a324e6fa: folds
3e2a4eee: folds
54910ffa: folds
Uncalled bet ($0.03) returned to 2cb5dd71
*** SHOWDOWN ***
2cb5dd71 collected $0.04 from pot
*** SUMMARY ***
Total pot $0.04 | Rake $0 | Jackpot $0 | Bingo $0 | Fortune $0
Seat 1: 20df6f5e folded before Flop (didn't bet)
Seat 2: Hero folded before Flop (didn't bet)
Seat 3: a324e6fa folded before Flop (didn't bet)
Seat 4: 3e2a4eee (button) folded before Flop (didn't bet)
Seat 5: 54910ffa (small blind) folded before Flop
Seat 6: 2cb5dd71 (big blind) collected ($0.04)


Poker Hand #HD1160217189: Hold'em No Limit  ($0.02/$0.05) - 2023/03/14 19:21:26
Table 'NLHBlue117' 6-max Seat #3 is the button
Seat 1: 20df6f5e ($10.02 in chips)
Seat 2: Hero ($5 in chips)
Seat 3: a324e6fa ($5.56 in chips)
Seat 4: 3e2a4eee ($5.17 in chips)
Seat 5: 54910ffa ($3.92 in chips)
Seat 6: 2cb5dd71 ($0.97 in chips)
3e2a4eee: posts small blind $0.02
54910ffa: posts big blind $0.05
*** HOLE CARDS ***
Dealt to 20df6f5e 
Dealt to Hero [As 7s]
Dealt to a324e6fa 
Dealt to 3e2a4eee 
Dealt to 54910ffa 
Dealt to 2cb5dd71 
2cb5dd71: folds
20df6f5e: folds
Hero: raises $0.07 to $0.12
a324e6fa: folds
3e2a4eee: calls $0.1
54910ffa: calls $0.07
*** FLOP *** [5d 7c 9s]
3e2a4eee: checks
54910ffa: bets $0.18
Hero: calls $0.18
3e2a4eee: calls $0.18
*** TURN *** [5d 7c 9s] [Qd]
3e2a4eee: checks
54910ffa: checks
Hero: checks
*** RIVER *** [5d 7c 9s Qd] [Ts]
3e2a4eee: checks
54910ffa: bets $0.68
Hero: folds
3e2a4eee: folds
Uncalled bet ($0.68) returned to 54910ffa
54910ffa: shows [6h] (Queen-High)
*** SHOWDOWN ***
54910ffa collected $0.86 from pot
*** SUMMARY ***
Total pot $0.9 | Rake $0.04 | Jackpot $0 | Bingo $0 | Fortune $0
Board [5d 7c 9s Qd Ts]
Seat 1: 20df6f5e folded before Flop (didn't bet)
Seat 2: Hero folded on the River
Seat 3: a324e6fa (button) folded before Flop (didn't bet)
Seat 4: 3e2a4eee (small blind) folded on the River
Seat 5: 54910ffa (big blind) showed [6h 3d] and won ($0.86) with Queen-High
Seat 6: 2cb5dd71 folded before Flop (didn't bet)


Poker Hand #HD1160217094: Hold'em No Limit  ($0.02/$0.05) - 2023/03/14 19:20:44
Table 'NLHBlue117' 6-max Seat #2 is the button
Seat 1: 20df6f5e ($10.02 in chips)
Seat 2: Hero ($5 in chips)
Seat 3: a324e6fa ($5.28 in chips)
Seat 4: 3e2a4eee ($5.22 in chips)
Seat 5: 54910ffa ($4.17 in chips)
Seat 6: 2cb5dd71 ($0.97 in chips)
a324e6fa: posts small blind $0.02
3e2a4eee: posts big blind $0.05
*** HOLE CARDS ***
Dealt to 20df6f5e 
Dealt to Hero [9h Qd]
Dealt to a324e6fa 
Dealt to 3e2a4eee 
Dealt to 54910ffa 
Dealt to 2cb5dd71 
54910ffa: calls $0.05
2cb5dd71: folds
20df6f5e: folds
Hero: folds
a324e6fa: raises $0.2 to $0.25
3e2a4eee: folds
54910ffa: calls $0.2
*** FLOP *** [4d Qs Qc]
a324e6fa: bets $0.19
54910ffa: folds
Uncalled bet ($0.19) returned to a324e6fa
*** SHOWDOWN ***
a324e6fa collected $0.53 from pot
*** SUMMARY ***
Total pot $0.55 | Rake $0.02 | Jackpot $0 | Bingo $0 | Fortune $0
Board [4d Qs Qc]
Seat 1: 20df6f5e folded before Flop (didn't bet)
Seat 2: Hero (button) folded before Flop (didn't bet)
Seat 3: a324e6fa (small blind) won ($0.53)
Seat 4: 3e2a4eee (big blind) folded before Flop
Seat 5: 54910ffa folded on the Flop
Seat 6: 2cb5dd71 folded before Flop (didn't bet)


Poker Hand #HD1160216967: Hold'em No Limit  ($0.02/$0.05) - 2023/03/14 19:19:46
Table 'NLHBlue117' 6-max Seat #1 is the button
Seat 1: 20df6f5e ($10.02 in chips)
Seat 2: Hero ($5 in chips)
Seat 3: a324e6fa ($5.33 in chips)
Seat 4: 3e2a4eee ($5.22 in chips)
Seat 5: 54910ffa ($2.19 in chips)
Seat 6: 2cb5dd71 ($0.97 in chips)
Hero: posts small blind $0.02
a324e6fa: posts big blind $0.05
*** HOLE CARDS ***
Dealt to 20df6f5e 
Dealt to Hero [Tc Ad]
Dealt to a324e6fa 
Dealt to 3e2a4eee 
Dealt to 54910ffa 
Dealt to 2cb5dd71 
3e2a4eee: folds
54910ffa: raises $0.1 to $0.15
2cb5dd71: folds
20df6f5e: folds
Hero: calls $0.13
a324e6fa: folds
*** FLOP *** [4d 5d 7d]
Hero: checks
54910ffa: checks
*** TURN *** [4d 5d 7d] [3d]
Hero: bets $0.18
54910ffa: calls $0.18
*** RIVER *** [4d 5d 7d 3d] [Jd]
Hero: bets $0.54
54910ffa: raises $0.54 to $1.08
Hero: raises $3.59 to $4.67 and is all-in
54910ffa: calls $0.78 and is all-in
Uncalled bet ($2.81) returned to Hero
Hero: shows [Tc Ad] (Ace High Flush)
54910ffa: shows [Td 6d] (Seven-High Straight Flush)
*** SHOWDOWN ***
54910ffa collected $4.17 from pot
*** SUMMARY ***
Total pot $4.43 | Rake $0.21 | Jackpot $0.05 | Bingo $0 | Fortune $0
Board [4d 5d 7d 3d Jd]
Seat 1: 20df6f5e (button) folded before Flop (didn't bet)
Seat 2: Hero (small blind) showed [Tc Ad] and lost with Ace High Flush
Seat 3: a324e6fa (big blind) folded before Flop
Seat 4: 3e2a4eee folded before Flop (didn't bet)
Seat 5: 54910ffa showed [Td 6d] and won ($4.17) with Seven-High Straight Flush
Seat 6: 2cb5dd71 folded before Flop (didn't bet)


Poker Hand #HD1160216891: Hold'em No Limit  ($0.02/$0.05) - 2023/03/14 19:19:11
Table 'NLHBlue117' 6-max Seat #6 is the button
Seat 1: 20df6f5e ($10.04 in chips)
Seat 2: Hero ($5 in chips)
Seat 3: a324e6fa ($5.33 in chips)
Seat 4: 3e2a4eee ($5.01 in chips)
Seat 5: 54910ffa ($2.34 in chips)
Seat 6: 2cb5dd71 ($0.97 in chips)
20df6f5e: posts small blind $0.02
Hero: posts big blind $0.05
*** HOLE CARDS ***
Dealt to 20df6f5e 
Dealt to Hero [5d 3c]
Dealt to a324e6fa 
Dealt to 3e2a4eee 
Dealt to 54910ffa 
Dealt to 2cb5dd71 
a324e6fa: folds
3e2a4eee: raises $0.1 to $0.15
54910ffa: calls $0.15
2cb5dd71: folds
20df6f5e: folds
Hero: folds
*** FLOP *** [Tc Ad 9d]
3e2a4eee: bets $0.23
54910ffa: folds
Uncalled bet ($0.23) returned to 3e2a4eee
*** SHOWDOWN ***
3e2a4eee collected $0.36 from pot
*** SUMMARY ***
Total pot $0.37 | Rake $0.01 | Jackpot $0 | Bingo $0 | Fortune $0
Board [Tc Ad 9d]
Seat 1: 20df6f5e (small blind) folded before Flop
Seat 2: Hero (big blind) folded before Flop
Seat 3: a324e6fa folded before Flop (didn't bet)
Seat 4: 3e2a4eee won ($0.36)
Seat 5: 54910ffa folded on the Flop
Seat 6: 2cb5dd71 (button) folded before Flop (didn't bet)


Poker Hand #HD1160216785: Hold'em No Limit  ($0.02/$0.05) - 2023/03/14 19:18:19
Table 'NLHBlue117' 6-max Seat #5 is the button
Seat 1: 20df6f5e ($10.24 in chips)
Seat 2: Hero ($5 in chips)
Seat 3: a324e6fa ($5.48 in chips)
Seat 4: 3e2a4eee ($5.01 in chips)
Seat 5: 54910ffa ($1.99 in chips)
Seat 6: 2cb5dd71 ($0.99 in chips)
2cb5dd71: posts small blind $0.02
20df6f5e: posts big blind $0.05
*** HOLE CARDS ***
Dealt to 20df6f5e 
Dealt to Hero [6c 4d]
Dealt to a324e6fa 
Dealt to 3e2a4eee 
Dealt to 54910ffa 
Dealt to 2cb5dd71 
Hero: folds
a324e6fa: raises $0.1 to $0.15
3e2a4eee: folds
54910ffa: calls $0.15
2cb5dd71: folds
20df6f5e: calls $0.1
*** FLOP *** [Ts 3c 2h]
20df6f5e: checks
a324e6fa: checks
54910ffa: bets $0.05
20df6f5e: calls $0.05
a324e6fa: folds
*** TURN *** [Ts 3c 2h] [Kc]
20df6f5e: checks
54910ffa: bets $0.19
20df6f5e: folds
Uncalled bet ($0.19) returned to 54910ffa
*** SHOWDOWN ***
54910ffa collected $0.55 from pot
*** SUMMARY ***
Total pot $0.57 | Rake $0.02 | Jackpot $0 | Bingo $0 | Fortune $0
Board [Ts 3c 2h Kc]
Seat 1: 20df6f5e (big blind) folded on the Turn
Seat 2: Hero folded before Flop (didn't bet)
Seat 3: a324e6fa folded on the Flop
Seat 4: 3e2a4eee folded before Flop (didn't bet)
Seat 5: 54910ffa (button) won ($0.55)
Seat 6: 2cb5dd71 (small blind) folded before Flop


Poker Hand #HD1160216713: Hold'em No Limit  ($0.02/$0.05) - 2023/03/14 19:17:47
Table 'NLHBlue117' 6-max Seat #4 is the button
Seat 1: 20df6f5e ($10.24 in chips)
Seat 2: Hero ($5 in chips)
Seat 3: a324e6fa ($5.48 in chips)
Seat 4: 3e2a4eee ($5.01 in chips)
Seat 5: 54910ffa ($2.04 in chips)
Seat 6: 2cb5dd71 ($0.94 in chips)
54910ffa: posts small blind $0.02
2cb5dd71: posts big blind $0.05
*** HOLE CARDS ***
Dealt to 20df6f5e 
Dealt to Hero [9d Kc]
Dealt to a324e6fa 
Dealt to 3e2a4eee 
Dealt to 54910ffa 
Dealt to 2cb5dd71 
20df6f5e: folds
Hero: folds
a324e6fa: folds
3e2a4eee: folds
54910ffa: calls $0.03
2cb5dd71: checks
*** FLOP *** [Kd Th 2d]
54910ffa: checks
2cb5dd71: checks
*** TURN *** [Kd Th 2d] [Jh]
54910ffa: checks
2cb5dd71: bets $0.1
54910ffa: folds
Uncalled bet ($0.1) returned to 2cb5dd71
*** SHOWDOWN ***
2cb5dd71 collected $0.1 from pot
*** SUMMARY ***
Total pot $0.1 | Rake $0 | Jackpot $0 | Bingo $0 | Fortune $0
Board [Kd Th 2d Jh]
Seat 1: 20df6f5e folded before Flop (didn't bet)
Seat 2: Hero folded before Flop (didn't bet)
Seat 3: a324e6fa folded before Flop (didn't bet)
Seat 4: 3e2a4eee (button) folded before Flop (didn't bet)
Seat 5: 54910ffa (small blind) folded on the Turn
Seat 6: 2cb5dd71 (big blind) won ($0.1)


Poker Hand #HD1160216512: Hold'em No Limit  ($0.02/$0.05) - 2023/03/14 19:16:25
Table 'NLHBlue117' 6-max Seat #3 is the button
Seat 1: 20df6f5e ($10.34 in chips)
Seat 2: Hero ($5 in chips)
Seat 3: a324e6fa ($5.48 in chips)
Seat 4: 3e2a4eee ($5.11 in chips)
Seat 5: 54910ffa ($1.17 in chips)
Seat 6: 2cb5dd71 ($2.11 in chips)
3e2a4eee: posts small blind $0.02
54910ffa: posts big blind $0.05
*** HOLE CARDS ***
Dealt to 20df6f5e 
Dealt to Hero [Ks 7h]
Dealt to a324e6fa 
Dealt to 3e2a4eee 
Dealt to 54910ffa 
Dealt to 2cb5dd71 
2cb5dd71: raises $0.05 to $0.1
20df6f5e: calls $0.1
Hero: folds
a324e6fa: folds
3e2a4eee: calls $0.08
54910ffa: calls $0.05
*** FLOP *** [Th Jd Qc]
3e2a4eee: checks
54910ffa: bets $0.05
2cb5dd71: raises $0.25 to $0.3
20df6f5e: folds
3e2a4eee: folds
54910ffa: calls $0.25
*** TURN *** [Th Jd Qc] [8h]
54910ffa: bets $0.77 and is all-in
2cb5dd71: calls $0.77
54910ffa: shows [5c 9s] (Queens-High Straight)
2cb5dd71: shows [Ah Jc] (Pair of Jacks)
54910ffa: Chooses to EV Cashout 
*** RIVER *** [Th Jd Qc 8h] [3h]
54910ffa: Pays Cashout Risk ($0.33)
*** SHOWDOWN ***
54910ffa collected $2.37 from pot
*** SUMMARY ***
Total pot $2.54 | Rake $0.12 | Jackpot $0.05 | Bingo $0 | Fortune $0
Board [Th Jd Qc 8h 3h]
Seat 1: 20df6f5e folded on the Flop
Seat 2: Hero folded before Flop (didn't bet)
Seat 3: a324e6fa (button) folded before Flop (didn't bet)
Seat 4: 3e2a4eee (small blind) folded on the Flop
Seat 5: 54910ffa (big blind) showed [5c 9s] and won ($2.37) with Queens-High Straight, Cashout Risk ($0.33)
Seat 6: 2cb5dd71 showed [Ah Jc] and lost with Pair of Jacks


Poker Hand #HD1160216386: Hold'em No Limit  ($0.02/$0.05) - 2023/03/14 19:15:30
Table 'NLHBlue117' 6-max Seat #2 is the button
Seat 1: 20df6f5e ($10.34 in chips)
Seat 2: Hero ($5 in chips)
Seat 3: a324e6fa ($5.5 in chips)
Seat 4: 3e2a4eee ($5.16 in chips)
Seat 6: 2cb5dd71 ($2.04 in chips)
a324e6fa: posts small blind $0.02
3e2a4eee: posts big blind $0.05
*** HOLE CARDS ***
Dealt to 20df6f5e 
Dealt to Hero [3c 4d]
Dealt to a324e6fa 
Dealt to 3e2a4eee 
Dealt to 2cb5dd71 
2cb5dd71: calls $0.05
20df6f5e: folds
Hero: folds
a324e6fa: folds
3e2a4eee: checks
*** FLOP *** [3s Ac 9h]
3e2a4eee: checks
2cb5dd71: checks
*** TURN *** [3s Ac 9h] [Kh]
3e2a4eee: checks
2cb5dd71: checks
*** RIVER *** [3s Ac 9h Kh] [8s]
3e2a4eee: checks
2cb5dd71: checks
3e2a4eee: shows [Jc 2h] (Ace-High)
2cb5dd71: shows [Js 9d] (Pair of Nines)
*** SHOWDOWN ***
2cb5dd71 collected $0.12 from pot
*** SUMMARY ***
Total pot $0.12 | Rake $0 | Jackpot $0 | Bingo $0 | Fortune $0
Board [3s Ac 9h Kh 8s]
Seat 1: 20df6f5e folded before Flop (didn't bet)
Seat 2: Hero (button) folded before Flop (didn't bet)
Seat 3: a324e6fa (small blind) folded before Flop
Seat 4: 3e2a4eee (big blind) showed [Jc 2h] and lost with Ace-High
Seat 6: 2cb5dd71 showed [Js 9d] and won ($0.12) with Pair of Nines


Poker Hand #HD1160216357: Hold'em No Limit  ($0.02/$0.05) - 2023/03/14 19:15:20
Table 'NLHBlue117' 6-max Seat #1 is the button
Seat 1: 20df6f5e ($10.34 in chips)
Seat 2: Hero ($5 in chips)
Seat 3: a324e6fa ($5.48 in chips)
Seat 4: 3e2a4eee ($5.16 in chips)
Seat 6: 2cb5dd71 ($2.04 in chips)
Hero: posts small blind $0.02
a324e6fa: posts big blind $0.05
*** HOLE CARDS ***
Dealt to 20df6f5e 
Dealt to Hero [6d Tc]
Dealt to a324e6fa 
Dealt to 3e2a4eee 
Dealt to 2cb5dd71 
3e2a4eee: folds
2cb5dd71: folds
20df6f5e: folds
Hero: folds
Uncalled bet ($0.03) returned to a324e6fa
*** SHOWDOWN ***
a324e6fa collected $0.04 from pot
*** SUMMARY ***
Total pot $0.04 | Rake $0 | Jackpot $0 | Bingo $0 | Fortune $0
Seat 1: 20df6f5e (button) folded before Flop (didn't bet)
Seat 2: Hero (small blind) folded before Flop
Seat 3: a324e6fa (big blind) collected ($0.04)
Seat 4: 3e2a4eee folded before Flop (didn't bet)
Seat 6: 2cb5dd71 folded before Flop (didn't bet)


Poker Hand #HD1160216298: Hold'em No Limit  ($0.02/$0.05) - 2023/03/14 19:14:53
Table 'NLHBlue117' 6-max Seat #6 is the button
Seat 1: 20df6f5e ($10.36 in chips)
Seat 2: Hero ($5.08 in chips)
Seat 3: a324e6fa ($5.48 in chips)
Seat 4: 3e2a4eee ($5 in chips)
Seat 6: 2cb5dd71 ($2.04 in chips)
20df6f5e: posts small blind $0.02
Hero: posts big blind $0.05
*** HOLE CARDS ***
Dealt to 20df6f5e 
Dealt to Hero [3s Ad]
Dealt to a324e6fa 
Dealt to 3e2a4eee 
Dealt to 2cb5dd71 
a324e6fa: folds
3e2a4eee: raises $0.1 to $0.15
2cb5dd71: folds
20df6f5e: folds
Hero: calls $0.1
*** FLOP *** [2c Jh 9d]
Hero: checks
3e2a4eee: bets $0.2
Hero: folds
Uncalled bet ($0.2) returned to 3e2a4eee
*** SHOWDOWN ***
3e2a4eee collected $0.31 from pot
*** SUMMARY ***
Total pot $0.32 | Rake $0.01 | Jackpot $0 | Bingo $0 | Fortune $0
Board [2c Jh 9d]
Seat 1: 20df6f5e (small blind) folded before Flop
Seat 2: Hero (big blind) folded on the Flop
Seat 3: a324e6fa folded before Flop (didn't bet)
Seat 4: 3e2a4eee won ($0.31)
Seat 6: 2cb5dd71 (button) folded before Flop (didn't bet)


Poker Hand #HD1160216210: Hold'em No Limit  ($0.02/$0.05) - 2023/03/14 19:14:12
Table 'NLHBlue117' 6-max Seat #5 is the button
Seat 1: 20df6f5e ($10.46 in chips)
Seat 2: Hero ($5.08 in chips)
Seat 3: a324e6fa ($5.48 in chips)
Seat 4: 3e2a4eee ($5 in chips)
Seat 5: 37ba3296 ($7.55 in chips)
Seat 6: 2cb5dd71 ($1.95 in chips)
2cb5dd71: posts small blind $0.02
20df6f5e: posts big blind $0.05
*** HOLE CARDS ***
Dealt to 20df6f5e 
Dealt to Hero [Td 6s]
Dealt to a324e6fa 
Dealt to 3e2a4eee 
Dealt to 37ba3296 
Dealt to 2cb5dd71 
Hero: folds
a324e6fa: folds
3e2a4eee: folds
37ba3296: folds
2cb5dd71: raises $0.05 to $0.1
20df6f5e: calls $0.05
*** FLOP *** [4c Ad Qs]
2cb5dd71: checks
20df6f5e: checks
*** TURN *** [4c Ad Qs] [8c]
2cb5dd71: checks
20df6f5e: checks
*** RIVER *** [4c Ad Qs 8c] [9s]
2cb5dd71: bets $0.2
20df6f5e: folds
Uncalled bet ($0.2) returned to 2cb5dd71
*** SHOWDOWN ***
2cb5dd71 collected $0.19 from pot
*** SUMMARY ***
Total pot $0.2 | Rake $0.01 | Jackpot $0 | Bingo $0 | Fortune $0
Board [4c Ad Qs 8c 9s]
Seat 1: 20df6f5e (big blind) folded on the River
Seat 2: Hero folded before Flop (didn't bet)
Seat 3: a324e6fa folded before Flop (didn't bet)
Seat 4: 3e2a4eee folded before Flop (didn't bet)
Seat 5: 37ba3296 (button) folded before Flop (didn't bet)
Seat 6: 2cb5dd71 (small blind) won ($0.19)


Poker Hand #HD1160216091: Hold'em No Limit  ($0.02/$0.05) - 2023/03/14 19:13:21
Table 'NLHBlue117' 6-max Seat #4 is the button
Seat 1: 20df6f5e ($10.46 in chips)
Seat 2: Hero ($5.08 in chips)
Seat 3: a324e6fa ($5.76 in chips)
Seat 4: 3e2a4eee ($5 in chips)
Seat 5: 37ba3296 ($7.25 in chips)
Seat 6: 2cb5dd71 ($2 in chips)
37ba3296: posts small blind $0.02
2cb5dd71: posts big blind $0.05
*** HOLE CARDS ***
Dealt to 20df6f5e 
Dealt to Hero [7h Jh]
Dealt to a324e6fa 
Dealt to 3e2a4eee 
Dealt to 37ba3296 
Dealt to 2cb5dd71 
20df6f5e: folds
Hero: folds
a324e6fa: raises $0.08 to $0.13
3e2a4eee: folds
37ba3296: calls $0.11
2cb5dd71: folds
*** FLOP *** [5d Th 8s]
37ba3296: bets $0.15
a324e6fa: calls $0.15
*** TURN *** [5d Th 8s] [Tc]
37ba3296: bets $0.21
a324e6fa: folds
Uncalled bet ($0.21) returned to 37ba3296
*** SHOWDOWN ***
37ba3296 collected $0.58 from pot
*** SUMMARY ***
Total pot $0.61 | Rake $0.03 | Jackpot $0 | Bingo $0 | Fortune $0
Board [5d Th 8s Tc]
Seat 1: 20df6f5e folded before Flop (didn't bet)
Seat 2: Hero folded before Flop (didn't bet)
Seat 3: a324e6fa folded on the Turn
Seat 4: 3e2a4eee (button) folded before Flop (didn't bet)
Seat 5: 37ba3296 (small blind) won ($0.58)
Seat 6: 2cb5dd71 (big blind) folded before Flop


Poker Hand #HD1160216006: Hold'em No Limit  ($0.02/$0.05) - 2023/03/14 19:12:45
Table 'NLHBlue117' 6-max Seat #3 is the button
Seat 1: 20df6f5e ($10.3 in chips)
Seat 2: Hero ($5.08 in chips)
Seat 3: a324e6fa ($5.76 in chips)
Seat 4: 3e2a4eee ($5 in chips)
Seat 5: 37ba3296 ($7.3 in chips)
Seat 6: 2cb5dd71 ($2.1 in chips)
3e2a4eee: posts small blind $0.02
37ba3296: posts big blind $0.05
*** HOLE CARDS ***
Dealt to 20df6f5e 
Dealt to Hero [2c 9h]
Dealt to a324e6fa 
Dealt to 3e2a4eee 
Dealt to 37ba3296 
Dealt to 2cb5dd71 
2cb5dd71: calls $0.05
20df6f5e: raises $0.05 to $0.1
Hero: folds
a324e6fa: folds
3e2a4eee: folds
37ba3296: folds
2cb5dd71: calls $0.05
*** FLOP *** [2h 4c 2d]
2cb5dd71: checks
20df6f5e: bets $0.09
2cb5dd71: folds
Uncalled bet ($0.09) returned to 20df6f5e
*** SHOWDOWN ***
20df6f5e collected $0.26 from pot
*** SUMMARY ***
Total pot $0.27 | Rake $0.01 | Jackpot $0 | Bingo $0 | Fortune $0
Board [2h 4c 2d]
Seat 1: 20df6f5e won ($0.26)
Seat 2: Hero folded before Flop (didn't bet)
Seat 3: a324e6fa (button) folded before Flop (didn't bet)
Seat 4: 3e2a4eee (small blind) folded before Flop
Seat 5: 37ba3296 (big blind) folded before Flop
Seat 6: 2cb5dd71 folded on the Flop


Poker Hand #HD1160215806: Hold'em No Limit  ($0.02/$0.05) - 2023/03/14 19:11:16
Table 'NLHBlue117' 6-max Seat #2 is the button
Seat 1: 20df6f5e ($10.4 in chips)
Seat 2: Hero ($5.08 in chips)
Seat 3: a324e6fa ($5.78 in chips)
Seat 4: 3e2a4eee ($5 in chips)
Seat 5: 37ba3296 ($6.81 in chips)
Seat 6: 2cb5dd71 ($2.2 in chips)
a324e6fa: posts small blind $0.02
3e2a4eee: posts big blind $0.05
*** HOLE CARDS ***
Dealt to 20df6f5e 
Dealt to Hero [2d 6h]
Dealt to a324e6fa 
Dealt to 3e2a4eee 
Dealt to 37ba3296 
Dealt to 2cb5dd71 
37ba3296: raises $0.05 to $0.1
2cb5dd71: calls $0.1
20df6f5e: calls $0.1
Hero: folds
a324e6fa: folds
3e2a4eee: calls $0.05
*** FLOP *** [9s 4d Js]
3e2a4eee: checks
37ba3296: checks
2cb5dd71: checks
20df6f5e: checks
*** TURN *** [9s 4d Js] [8h]
3e2a4eee: checks
37ba3296: checks
2cb5dd71: checks
20df6f5e: checks
*** RIVER *** [9s 4d Js 8h] [Th]
3e2a4eee: checks
37ba3296: bets $0.21
2cb5dd71: folds
20df6f5e: folds
3e2a4eee: calls $0.21
37ba3296: shows [Qh Ah] (Queens-High Straight)
3e2a4eee: shows [5d 7s] (Jacks-High Straight)
*** SHOWDOWN ***
37ba3296 collected $0.8 from pot
*** SUMMARY ***
Total pot $0.84 | Rake $0.04 | Jackpot $0 | Bingo $0 | Fortune $0
Board [9s 4d Js 8h Th]
Seat 1: 20df6f5e folded on the River
Seat 2: Hero (button) folded before Flop (didn't bet)
Seat 3: a324e6fa (small blind) folded before Flop
Seat 4: 3e2a4eee (big blind) showed [5d 7s] and lost with Jacks-High Straight
Seat 5: 37ba3296 showed [Qh Ah] and won ($0.8) with Queens-High Straight
Seat 6: 2cb5dd71 folded on the River


Poker Hand #HD1160215734: Hold'em No Limit  ($0.02/$0.05) - 2023/03/14 19:10:48
Table 'NLHBlue117' 6-max Seat #1 is the button
Seat 1: 20df6f5e ($10.33 in chips)
Seat 2: Hero ($5.1 in chips)
Seat 3: a324e6fa ($5.83 in chips)
Seat 4: 3e2a4eee ($5 in chips)
Seat 5: 37ba3296 ($6.81 in chips)
Seat 6: 2cb5dd71 ($2.2 in chips)
Hero: posts small blind $0.02
a324e6fa: posts big blind $0.05
*** HOLE CARDS ***
Dealt to 20df6f5e 
Dealt to Hero [9c 3c]
Dealt to a324e6fa 
Dealt to 3e2a4eee 
Dealt to 37ba3296 
Dealt to 2cb5dd71 
3e2a4eee: folds
37ba3296: folds
2cb5dd71: folds
20df6f5e: raises $0.08 to $0.13
Hero: folds
a324e6fa: folds
Uncalled bet ($0.08) returned to 20df6f5e
*** SHOWDOWN ***
20df6f5e collected $0.12 from pot
*** SUMMARY ***
Total pot $0.12 | Rake $0 | Jackpot $0 | Bingo $0 | Fortune $0
Seat 1: 20df6f5e (button) collected ($0.12)
Seat 2: Hero (small blind) folded before Flop
Seat 3: a324e6fa (big blind) folded before Flop
Seat 4: 3e2a4eee folded before Flop (didn't bet)
Seat 5: 37ba3296 folded before Flop (didn't bet)
Seat 6: 2cb5dd71 folded before Flop (didn't bet)


Poker Hand #HD1160215648: Hold'em No Limit  ($0.02/$0.05) - 2023/03/14 19:10:13
Table 'NLHBlue117' 6-max Seat #6 is the button
Seat 1: 20df6f5e ($10.38 in chips)
Seat 2: Hero ($5 in chips)
Seat 3: a324e6fa ($5.83 in chips)
Seat 4: 3e2a4eee ($5 in chips)
Seat 5: 37ba3296 ($6.81 in chips)
Seat 6: 2cb5dd71 ($2.25 in chips)
20df6f5e: posts small blind $0.02
Hero: posts big blind $0.05
*** HOLE CARDS ***
Dealt to 20df6f5e 
Dealt to Hero [6c Qh]
Dealt to a324e6fa 
Dealt to 3e2a4eee 
Dealt to 37ba3296 
Dealt to 2cb5dd71 
a324e6fa: folds
3e2a4eee: folds
37ba3296: folds
2cb5dd71: calls $0.05
20df6f5e: calls $0.03
Hero: checks
*** FLOP *** [6d Kd 4c]
20df6f5e: checks
Hero: bets $0.05
2cb5dd71: folds
20df6f5e: folds
Uncalled bet ($0.05) returned to Hero
*** SHOWDOWN ***
Hero collected $0.15 from pot
*** SUMMARY ***
Total pot $0.15 | Rake $0 | Jackpot $0 | Bingo $0 | Fortune $0
Board [6d Kd 4c]
Seat 1: 20df6f5e (small blind) folded on the Flop
Seat 2: Hero (big blind) won ($0.15)
Seat 3: a324e6fa folded before Flop (didn't bet)
Seat 4: 3e2a4eee folded before Flop (didn't bet)
Seat 5: 37ba3296 folded before Flop (didn't bet)
Seat 6: 2cb5dd71 (button) folded on the Flop


Poker Hand #HD1160145554: Hold'em No Limit  ($0.02/$0.05) - 2023/03/14 19:09:32
Table 'NLHBlue117' 6-max Seat #5 is the button
Seat 1: 20df6f5e ($10.53 in chips)
Seat 2: Hero ($5 in chips)
Seat 3: a324e6fa ($5.53 in chips)
Seat 4: 3e2a4eee ($5.07 in chips)
Seat 5: 37ba3296 ($6.81 in chips)
Seat 6: 2cb5dd71 ($2.27 in chips)
2cb5dd71: posts small blind $0.02
20df6f5e: posts big blind $0.05
*** HOLE CARDS ***
Dealt to 20df6f5e 
Dealt to Hero [7h 9s]
Dealt to a324e6fa 
Dealt to 3e2a4eee 
Dealt to 37ba3296 
Dealt to 2cb5dd71 
Hero: folds
a324e6fa: raises $0.1 to $0.15
3e2a4eee: calls $0.15
37ba3296: folds
2cb5dd71: folds
20df6f5e: calls $0.1
*** FLOP *** [4s Tc 3s]
20df6f5e: checks
a324e6fa: bets $0.36
3e2a4eee: folds
20df6f5e: folds
Uncalled bet ($0.36) returned to a324e6fa
*** SHOWDOWN ***
a324e6fa collected $0.45 from pot
*** SUMMARY ***
Total pot $0.47 | Rake $0.02 | Jackpot $0 | Bingo $0 | Fortune $0
Board [4s Tc 3s]
Seat 1: 20df6f5e (big blind) folded on the Flop
Seat 2: Hero folded before Flop (didn't bet)
Seat 3: a324e6fa won ($0.45)
Seat 4: 3e2a4eee folded on the Flop
Seat 5: 37ba3296 (button) folded before Flop (didn't bet)
Seat 6: 2cb5dd71 (small blind) folded before Flop


Poker Hand #HD1160145509: Hold'em No Limit  ($0.02/$0.05) - 2023/03/14 19:09:13
Table 'NLHBlue117' 6-max Seat #4 is the button
Seat 1: 20df6f5e ($10.53 in chips)
Seat 2: Hero ($5 in chips)
Seat 3: a324e6fa ($5.53 in chips)
Seat 4: 3e2a4eee ($5 in chips)
Seat 5: 37ba3296 ($6.83 in chips)
Seat 6: 2cb5dd71 ($2.32 in chips)
37ba3296: posts small blind $0.02
2cb5dd71: posts big blind $0.05
*** HOLE CARDS ***
Dealt to 20df6f5e 
Dealt to Hero [2c 8h]
Dealt to a324e6fa 
Dealt to 3e2a4eee 
Dealt to 37ba3296 
Dealt to 2cb5dd71 
20df6f5e: folds
Hero: folds
a324e6fa: folds
3e2a4eee: raises $0.08 to $0.13
37ba3296: folds
2cb5dd71: folds
Uncalled bet ($0.08) returned to 3e2a4eee
*** SHOWDOWN ***
3e2a4eee collected $0.12 from pot
*** SUMMARY ***
Total pot $0.12 | Rake $0 | Jackpot $0 | Bingo $0 | Fortune $0
Seat 1: 20df6f5e folded before Flop (didn't bet)
Seat 2: Hero folded before Flop (didn't bet)
Seat 3: a324e6fa folded before Flop (didn't bet)
Seat 4: 3e2a4eee (button) collected ($0.12)
Seat 5: 37ba3296 (small blind) folded before Flop
Seat 6: 2cb5dd71 (big blind) folded before Flop


Poker Hand #HD1160145380: Hold'em No Limit  ($0.02/$0.05) - 2023/03/14 19:08:13
Table 'NLHBlue117' 6-max Seat #3 is the button
Seat 1: 20df6f5e ($10.71 in chips)
Seat 2: Hero ($5 in chips)
Seat 3: a324e6fa ($5.53 in chips)
Seat 4: 3e2a4eee ($5.02 in chips)
Seat 5: 37ba3296 ($6.64 in chips)
Seat 6: 2cb5dd71 ($2.32 in chips)
3e2a4eee: posts small blind $0.02
37ba3296: posts big blind $0.05
*** HOLE CARDS ***
Dealt to 20df6f5e 
Dealt to Hero [As 6d]
Dealt to a324e6fa 
Dealt to 3e2a4eee 
Dealt to 37ba3296 
Dealt to 2cb5dd71 
2cb5dd71: folds
20df6f5e: raises $0.05 to $0.1
Hero: folds
a324e6fa: folds
3e2a4eee: folds
37ba3296: calls $0.05
*** FLOP *** [9d 3d 2d]
37ba3296: checks
20df6f5e: checks
*** TURN *** [9d 3d 2d] [5c]
37ba3296: bets $0.08
20df6f5e: calls $0.08
*** RIVER *** [9d 3d 2d 5c] [Ad]
37ba3296: bets $0.3
20df6f5e: folds
Uncalled bet ($0.3) returned to 37ba3296
*** SHOWDOWN ***
37ba3296 collected $0.37 from pot
*** SUMMARY ***
Total pot $0.38 | Rake $0.01 | Jackpot $0 | Bingo $0 | Fortune $0
Board [9d 3d 2d 5c Ad]
Seat 1: 20df6f5e folded on the River
Seat 2: Hero folded before Flop (didn't bet)
Seat 3: a324e6fa (button) folded before Flop (didn't bet)
Seat 4: 3e2a4eee (small blind) folded before Flop
Seat 5: 37ba3296 (big blind) won ($0.37)
Seat 6: 2cb5dd71 folded before Flop (didn't bet)


Poker Hand #HD1160145353: Hold'em No Limit  ($0.02/$0.05) - 2023/03/14 19:08:00
Table 'NLHBlue117' 6-max Seat #2 is the button
Seat 1: 20df6f5e ($10.71 in chips)
Seat 2: Hero ($5 in chips)
Seat 3: a324e6fa ($5.55 in chips)
Seat 4: 3e2a4eee ($5 in chips)
Seat 5: 37ba3296 ($6.64 in chips)
Seat 6: 2cb5dd71 ($2.32 in chips)
a324e6fa: posts small blind $0.02
3e2a4eee: posts big blind $0.05
*** HOLE CARDS ***
Dealt to 20df6f5e 
Dealt to Hero [2d 6s]
Dealt to a324e6fa 
Dealt to 3e2a4eee 
Dealt to 37ba3296 
Dealt to 2cb5dd71 
37ba3296: folds
2cb5dd71: folds
20df6f5e: folds
Hero: folds
a324e6fa: folds
Uncalled bet ($0.03) returned to 3e2a4eee
*** SHOWDOWN ***
3e2a4eee collected $0.04 from pot
*** SUMMARY ***
Total pot $0.04 | Rake $0 | Jackpot $0 | Bingo $0 | Fortune $0
Seat 1: 20df6f5e folded before Flop (didn't bet)
Seat 2: Hero (button) folded before Flop (didn't bet)
Seat 3: a324e6fa (small blind) folded before Flop
Seat 4: 3e2a4eee (big blind) collected ($0.04)
Seat 5: 37ba3296 folded before Flop (didn't bet)
Seat 6: 2cb5dd71 folded before Flop (didn't bet)


Poker Hand #HD1160145118: Hold'em No Limit  ($0.02/$0.05) - 2023/03/14 19:06:18
Table 'NLHBlue117' 6-max Seat #1 is the button
Seat 1: 20df6f5e ($11.92 in chips)
Seat 2: Hero ($5 in chips)
Seat 3: a324e6fa ($5.6 in chips)
Seat 4: 3e2a4eee ($5 in chips)
Seat 5: 37ba3296 ($6.64 in chips)
Seat 6: 2cb5dd71 ($1.21 in chips)
Hero: posts small blind $0.02
a324e6fa: posts big blind $0.05
*** HOLE CARDS ***
Dealt to 20df6f5e 
Dealt to Hero [Td 3h]
Dealt to a324e6fa 
Dealt to 3e2a4eee 
Dealt to 37ba3296 
Dealt to 2cb5dd71 
3e2a4eee: folds
37ba3296: folds
2cb5dd71: calls $0.05
20df6f5e: raises $0.13 to $0.18
Hero: folds
a324e6fa: folds
2cb5dd71: calls $0.13
*** FLOP *** [8c 2c Qh]
2cb5dd71: checks
20df6f5e: bets $7.72
2cb5dd71: calls $1.03 and is all-in
Uncalled bet ($6.69) returned to 20df6f5e
20df6f5e: shows [Jh Ah] (Ace-High)
2cb5dd71: shows [2s Js] (Pair of Twos)
*** TURN *** [8c 2c Qh] [5d]
*** RIVER *** [8c 2c Qh 5d] [4c]
*** SHOWDOWN ***
2cb5dd71 collected $2.32 from pot
*** SUMMARY ***
Total pot $2.49 | Rake $0.12 | Jackpot $0.05 | Bingo $0 | Fortune $0
Board [8c 2c Qh 5d 4c]
Seat 1: 20df6f5e (button) showed [Jh Ah] and lost with Ace-High
Seat 2: Hero (small blind) folded before Flop
Seat 3: a324e6fa (big blind) folded before Flop
Seat 4: 3e2a4eee folded before Flop (didn't bet)
Seat 5: 37ba3296 folded before Flop (didn't bet)
Seat 6: 2cb5dd71 showed [2s Js] and won ($2.32) with Pair of Twos


Poker Hand #HD1160144959: Hold'em No Limit  ($0.02/$0.05) - 2023/03/14 19:05:08
Table 'NLHBlue117' 6-max Seat #6 is the button
Seat 1: 20df6f5e ($12.02 in chips)
Seat 2: Hero ($5 in chips)
Seat 3: a324e6fa ($5.6 in chips)
Seat 4: 3e2a4eee ($5 in chips)
Seat 5: 37ba3296 ($6.04 in chips)
Seat 6: 2cb5dd71 ($1.56 in chips)
20df6f5e: posts small blind $0.02
Hero: posts big blind $0.05
*** HOLE CARDS ***
Dealt to 20df6f5e 
Dealt to Hero [Th Kh]
Dealt to a324e6fa 
Dealt to 3e2a4eee 
Dealt to 37ba3296 
Dealt to 2cb5dd71 
a324e6fa: folds
3e2a4eee: folds
37ba3296: raises $0.05 to $0.1
2cb5dd71: calls $0.1
20df6f5e: calls $0.08
Hero: calls $0.05
*** FLOP *** [5h 8s Jc]
20df6f5e: checks
Hero: checks
37ba3296: bets $0.1
2cb5dd71: calls $0.1
20df6f5e: folds
Hero: calls $0.1
*** TURN *** [5h 8s Jc] [8d]
Hero: checks
37ba3296: bets $0.15
2cb5dd71: calls $0.15
Hero: folds
*** RIVER *** [5h 8s Jc 8d] [8c]
37ba3296: bets $0.33
2cb5dd71: folds
Uncalled bet ($0.33) returned to 37ba3296
*** SHOWDOWN ***
37ba3296 collected $0.95 from pot
*** SUMMARY ***
Total pot $1 | Rake $0.05 | Jackpot $0 | Bingo $0 | Fortune $0
Board [5h 8s Jc 8d 8c]
Seat 1: 20df6f5e (small blind) folded on the Flop
Seat 2: Hero (big blind) folded on the Turn
Seat 3: a324e6fa folded before Flop (didn't bet)
Seat 4: 3e2a4eee folded before Flop (didn't bet)
Seat 5: 37ba3296 won ($0.95)
Seat 6: 2cb5dd71 (button) folded on the River


