Poker Hand #HD1155385224: Hold'em No Limit  ($0.02/$0.05) - 2023/03/11 12:49:17
Table 'NLHBlue45' 6-max Seat #5 is the button
Seat 1: 47866fa5 ($10.85 in chips)
Seat 2: Hero ($5 in chips)
Seat 5: 2ddfcb4a ($8.08 in chips)
Seat 6: b877e495 ($5.5 in chips)
b877e495: posts small blind $0.02
47866fa5: posts big blind $0.05
*** HOLE CARDS ***
Dealt to 47866fa5 
Dealt to Hero [8h Kh]
Dealt to 2ddfcb4a 
Dealt to b877e495 
Hero: folds
2ddfcb4a: raises $0.08 to $0.13
b877e495: folds
47866fa5: calls $0.08
*** FLOP *** [5c Ad 8c]
47866fa5: checks
2ddfcb4a: bets $0.1
47866fa5: folds
Uncalled bet ($0.1) returned to 2ddfcb4a
*** SHOWDOWN ***
2ddfcb4a collected $0.27 from pot
*** SUMMARY ***
Total pot $0.28 | Rake $0.01 | Jackpot $0 | Bingo $0 | Fortune $0
Board [5c Ad 8c]
Seat 1: 47866fa5 (big blind) folded on the Flop
Seat 2: Hero folded before Flop (didn't bet)
Seat 5: 2ddfcb4a (button) won ($0.27)
Seat 6: b877e495 (small blind) folded before Flop


Poker Hand #HD1155385203: Hold'em No Limit  ($0.02/$0.05) - 2023/03/11 12:49:03
Table 'NLHBlue45' 6-max Seat #2 is the button
Seat 1: 47866fa5 ($10.78 in chips)
Seat 2: Hero ($5 in chips)
Seat 5: 2ddfcb4a ($8.1 in chips)
Seat 6: b877e495 ($5.55 in chips)
2ddfcb4a: posts small blind $0.02
b877e495: posts big blind $0.05
*** HOLE CARDS ***
Dealt to 47866fa5 
Dealt to Hero [4d 2h]
Dealt to 2ddfcb4a 
Dealt to b877e495 
47866fa5: raises $0.08 to $0.13
Hero: folds
2ddfcb4a: folds
b877e495: folds
Uncalled bet ($0.08) returned to 47866fa5
*** SHOWDOWN ***
47866fa5 collected $0.12 from pot
*** SUMMARY ***
Total pot $0.12 | Rake $0 | Jackpot $0 | Bingo $0 | Fortune $0
Seat 1: 47866fa5 collected ($0.12)
Seat 2: Hero (button) folded before Flop (didn't bet)
Seat 5: 2ddfcb4a (small blind) folded before Flop
Seat 6: b877e495 (big blind) folded before Flop


Poker Hand #HD1155385127: Hold'em No Limit  ($0.02/$0.05) - 2023/03/11 12:48:33
Table 'NLHBlue45' 6-max Seat #1 is the button
Seat 1: 47866fa5 ($10.71 in chips)
Seat 2: Hero ($5 in chips)
Seat 3: 34cfcb71 ($5.18 in chips)
Seat 5: 2ddfcb4a ($8.1 in chips)
Seat 6: b877e495 ($5.55 in chips)
Hero: posts small blind $0.02
34cfcb71: posts big blind $0.05
*** HOLE CARDS ***
Dealt to 47866fa5 
Dealt to Hero [9h 8c]
Dealt to 34cfcb71 
Dealt to 2ddfcb4a 
Dealt to b877e495 
2ddfcb4a: folds
b877e495: folds
47866fa5: raises $0.05 to $0.1
Hero: folds
34cfcb71: folds
Uncalled bet ($0.05) returned to 47866fa5
*** SHOWDOWN ***
47866fa5 collected $0.12 from pot
*** SUMMARY ***
Total pot $0.12 | Rake $0 | Jackpot $0 | Bingo $0 | Fortune $0
Seat 1: 47866fa5 (button) collected ($0.12)
Seat 2: Hero (small blind) folded before Flop
Seat 3: 34cfcb71 (big blind) folded before Flop
Seat 5: 2ddfcb4a folded before Flop (didn't bet)
Seat 6: b877e495 folded before Flop (didn't bet)


Poker Hand #HD1155385100: Hold'em No Limit  ($0.02/$0.05) - 2023/03/11 12:48:20
Table 'NLHBlue45' 6-max Seat #6 is the button
Seat 1: 47866fa5 ($10.66 in chips)
Seat 2: Hero ($5 in chips)
Seat 3: 34cfcb71 ($5.18 in chips)
Seat 5: 2ddfcb4a ($8.1 in chips)
Seat 6: b877e495 ($5.55 in chips)
47866fa5: posts small blind $0.02
Hero: posts big blind $0.05
*** HOLE CARDS ***
Dealt to 47866fa5 
Dealt to Hero [Tc 7h]
Dealt to 34cfcb71 
Dealt to 2ddfcb4a 
Dealt to b877e495 
34cfcb71: folds
2ddfcb4a: folds
b877e495: folds
47866fa5: raises $0.1 to $0.15
Hero: folds
Uncalled bet ($0.1) returned to 47866fa5
*** SHOWDOWN ***
47866fa5 collected $0.1 from pot
*** SUMMARY ***
Total pot $0.1 | Rake $0 | Jackpot $0 | Bingo $0 | Fortune $0
Seat 1: 47866fa5 (small blind) collected ($0.1)
Seat 2: Hero (big blind) folded before Flop
Seat 3: 34cfcb71 folded before Flop (didn't bet)
Seat 5: 2ddfcb4a folded before Flop (didn't bet)
Seat 6: b877e495 (button) folded before Flop (didn't bet)


Poker Hand #HD1155385037: Hold'em No Limit  ($0.02/$0.05) - 2023/03/11 12:47:46
Table 'NLHBlue45' 6-max Seat #5 is the button
Seat 1: 47866fa5 ($10.71 in chips)
Seat 2: Hero ($5.02 in chips)
Seat 3: 34cfcb71 ($5 in chips)
Seat 5: 2ddfcb4a ($8.1 in chips)
Seat 6: b877e495 ($5.57 in chips)
b877e495: posts small blind $0.02
47866fa5: posts big blind $0.05
*** HOLE CARDS ***
Dealt to 47866fa5 
Dealt to Hero [8c 9c]
Dealt to 34cfcb71 
Dealt to 2ddfcb4a 
Dealt to b877e495 
Hero: raises $0.07 to $0.12
34cfcb71: raises $0.26 to $0.38
2ddfcb4a: folds
b877e495: folds
47866fa5: folds
Hero: folds
Uncalled bet ($0.26) returned to 34cfcb71
*** SHOWDOWN ***
34cfcb71 collected $0.3 from pot
*** SUMMARY ***
Total pot $0.31 | Rake $0.01 | Jackpot $0 | Bingo $0 | Fortune $0
Seat 1: 47866fa5 (big blind) folded before Flop
Seat 2: Hero folded before Flop
Seat 3: 34cfcb71 collected ($0.3)
Seat 5: 2ddfcb4a (button) folded before Flop (didn't bet)
Seat 6: b877e495 (small blind) folded before Flop


Poker Hand #HD1155384931: Hold'em No Limit  ($0.02/$0.05) - 2023/03/11 12:46:50
Table 'NLHBlue45' 6-max Seat #3 is the button
Seat 1: 47866fa5 ($10.71 in chips)
Seat 2: Hero ($5.02 in chips)
Seat 3: 34cfcb71 ($5 in chips)
Seat 5: 2ddfcb4a ($8.25 in chips)
Seat 6: b877e495 ($5.43 in chips)
2ddfcb4a: posts small blind $0.02
b877e495: posts big blind $0.05
*** HOLE CARDS ***
Dealt to 47866fa5 
Dealt to Hero [7c 3c]
Dealt to 34cfcb71 
Dealt to 2ddfcb4a 
Dealt to b877e495 
47866fa5: folds
Hero: folds
34cfcb71: folds
2ddfcb4a: raises $0.1 to $0.15
b877e495: raises $0.45 to $0.6
2ddfcb4a: folds
Uncalled bet ($0.45) returned to b877e495
*** SHOWDOWN ***
b877e495 collected $0.29 from pot
*** SUMMARY ***
Total pot $0.3 | Rake $0.01 | Jackpot $0 | Bingo $0 | Fortune $0
Seat 1: 47866fa5 folded before Flop (didn't bet)
Seat 2: Hero folded before Flop (didn't bet)
Seat 3: 34cfcb71 (button) folded before Flop (didn't bet)
Seat 5: 2ddfcb4a (small blind) folded before Flop
Seat 6: b877e495 (big blind) collected ($0.29)


Poker Hand #HD1155384731: Hold'em No Limit  ($0.02/$0.05) - 2023/03/11 12:45:10
Table 'NLHBlue45' 6-max Seat #2 is the button
Seat 1: 47866fa5 ($11.82 in chips)
Seat 2: Hero ($5.02 in chips)
Seat 3: 34cfcb71 ($5.02 in chips)
Seat 5: 2ddfcb4a ($7.28 in chips)
Seat 6: b877e495 ($5.43 in chips)
34cfcb71: posts small blind $0.02
2ddfcb4a: posts big blind $0.05
*** HOLE CARDS ***
Dealt to 47866fa5 
Dealt to Hero [6d 8c]
Dealt to 34cfcb71 
Dealt to 2ddfcb4a 
Dealt to b877e495 
b877e495: folds
47866fa5: raises $0.08 to $0.13
Hero: folds
34cfcb71: folds
2ddfcb4a: raises $0.42 to $0.55
47866fa5: calls $0.42
*** FLOP *** [2h Qh Qc]
2ddfcb4a: checks
47866fa5: bets $0.56
2ddfcb4a: calls $0.56
*** TURN *** [2h Qh Qc] [Ad]
2ddfcb4a: checks
47866fa5: checks
*** RIVER *** [2h Qh Qc Ad] [Kh]
2ddfcb4a: bets $1.1
47866fa5: folds
Uncalled bet ($1.1) returned to 2ddfcb4a
*** SHOWDOWN ***
2ddfcb4a collected $2.08 from pot
*** SUMMARY ***
Total pot $2.24 | Rake $0.11 | Jackpot $0.05 | Bingo $0 | Fortune $0
Board [2h Qh Qc Ad Kh]
Seat 1: 47866fa5 folded on the River
Seat 2: Hero (button) folded before Flop (didn't bet)
Seat 3: 34cfcb71 (small blind) folded before Flop
Seat 5: 2ddfcb4a (big blind) won ($2.08)
Seat 6: b877e495 folded before Flop (didn't bet)


Poker Hand #HD1155384687: Hold'em No Limit  ($0.02/$0.05) - 2023/03/11 12:44:51
Table 'NLHBlue45' 6-max Seat #1 is the button
Seat 1: 47866fa5 ($11.82 in chips)
Seat 2: Hero ($5 in chips)
Seat 3: 34cfcb71 ($5 in chips)
Seat 4: 7423122f ($10.19 in chips)
Seat 5: 2ddfcb4a ($7.28 in chips)
Seat 6: b877e495 ($5.43 in chips)
Hero: posts small blind $0.02
34cfcb71: posts big blind $0.05
*** HOLE CARDS ***
Dealt to 47866fa5 
Dealt to Hero [2s 9s]
Dealt to 34cfcb71 
Dealt to 7423122f 
Dealt to 2ddfcb4a 
Dealt to b877e495 
7423122f: folds
2ddfcb4a: folds
b877e495: folds
47866fa5: folds
Hero: folds
Uncalled bet ($0.03) returned to 34cfcb71
*** SHOWDOWN ***
34cfcb71 collected $0.04 from pot
*** SUMMARY ***
Total pot $0.04 | Rake $0 | Jackpot $0 | Bingo $0 | Fortune $0
Seat 1: 47866fa5 (button) folded before Flop (didn't bet)
Seat 2: Hero (small blind) folded before Flop
Seat 3: 34cfcb71 (big blind) collected ($0.04)
Seat 4: 7423122f folded before Flop (didn't bet)
Seat 5: 2ddfcb4a folded before Flop (didn't bet)
Seat 6: b877e495 folded before Flop (didn't bet)


Poker Hand #HD1155384616: Hold'em No Limit  ($0.02/$0.05) - 2023/03/11 12:44:19
Table 'NLHBlue45' 6-max Seat #6 is the button
Seat 1: 47866fa5 ($11.84 in chips)
Seat 2: Hero ($5.05 in chips)
Seat 3: 34cfcb71 ($5 in chips)
Seat 4: 7423122f ($10.19 in chips)
Seat 5: 2ddfcb4a ($7.21 in chips)
Seat 6: b877e495 ($5.43 in chips)
47866fa5: posts small blind $0.02
Hero: posts big blind $0.05
*** HOLE CARDS ***
Dealt to 47866fa5 
Dealt to Hero [Js 5c]
Dealt to 34cfcb71 
Dealt to 7423122f 
Dealt to 2ddfcb4a 
Dealt to b877e495 
34cfcb71: folds
7423122f: folds
2ddfcb4a: raises $0.08 to $0.13
b877e495: folds
47866fa5: folds
Hero: folds
Uncalled bet ($0.08) returned to 2ddfcb4a
*** SHOWDOWN ***
2ddfcb4a collected $0.12 from pot
*** SUMMARY ***
Total pot $0.12 | Rake $0 | Jackpot $0 | Bingo $0 | Fortune $0
Seat 1: 47866fa5 (small blind) folded before Flop
Seat 2: Hero (big blind) folded before Flop
Seat 3: 34cfcb71 folded before Flop (didn't bet)
Seat 4: 7423122f folded before Flop (didn't bet)
Seat 5: 2ddfcb4a collected ($0.12)
Seat 6: b877e495 (button) folded before Flop (didn't bet)


Poker Hand #HD1155384575: Hold'em No Limit  ($0.02/$0.05) - 2023/03/11 12:44:00
Table 'NLHBlue45' 6-max Seat #5 is the button
Seat 1: 47866fa5 ($11.82 in chips)
Seat 2: Hero ($5.05 in chips)
Seat 3: 34cfcb71 ($5 in chips)
Seat 4: 7423122f ($10.19 in chips)
Seat 5: 2ddfcb4a ($7.21 in chips)
Seat 6: b877e495 ($5.45 in chips)
b877e495: posts small blind $0.02
47866fa5: posts big blind $0.05
*** HOLE CARDS ***
Dealt to 47866fa5 
Dealt to Hero [Kc 3d]
Dealt to 34cfcb71 
Dealt to 7423122f 
Dealt to 2ddfcb4a 
Dealt to b877e495 
Hero: folds
34cfcb71: folds
7423122f: folds
2ddfcb4a: folds
b877e495: folds
Uncalled bet ($0.03) returned to 47866fa5
*** SHOWDOWN ***
47866fa5 collected $0.04 from pot
*** SUMMARY ***
Total pot $0.04 | Rake $0 | Jackpot $0 | Bingo $0 | Fortune $0
Seat 1: 47866fa5 (big blind) collected ($0.04)
Seat 2: Hero folded before Flop (didn't bet)
Seat 3: 34cfcb71 folded before Flop (didn't bet)
Seat 4: 7423122f folded before Flop (didn't bet)
Seat 5: 2ddfcb4a (button) folded before Flop (didn't bet)
Seat 6: b877e495 (small blind) folded before Flop


Poker Hand #HD1155384551: Hold'em No Limit  ($0.02/$0.05) - 2023/03/11 12:43:49
Table 'NLHBlue45' 6-max Seat #4 is the button
Seat 1: 47866fa5 ($11.82 in chips)
Seat 2: Hero ($5.05 in chips)
Seat 3: 34cfcb71 ($5 in chips)
Seat 4: 7423122f ($10.19 in chips)
Seat 5: 2ddfcb4a ($7.23 in chips)
Seat 6: b877e495 ($5.43 in chips)
2ddfcb4a: posts small blind $0.02
b877e495: posts big blind $0.05
*** HOLE CARDS ***
Dealt to 47866fa5 
Dealt to Hero [6c 2c]
Dealt to 34cfcb71 
Dealt to 7423122f 
Dealt to 2ddfcb4a 
Dealt to b877e495 
47866fa5: folds
Hero: folds
34cfcb71: folds
7423122f: folds
2ddfcb4a: folds
Uncalled bet ($0.03) returned to b877e495
*** SHOWDOWN ***
b877e495 collected $0.04 from pot
*** SUMMARY ***
Total pot $0.04 | Rake $0 | Jackpot $0 | Bingo $0 | Fortune $0
Seat 1: 47866fa5 folded before Flop (didn't bet)
Seat 2: Hero folded before Flop (didn't bet)
Seat 3: 34cfcb71 folded before Flop (didn't bet)
Seat 4: 7423122f (button) folded before Flop (didn't bet)
Seat 5: 2ddfcb4a (small blind) folded before Flop
Seat 6: b877e495 (big blind) collected ($0.04)


Poker Hand #HD1155384503: Hold'em No Limit  ($0.02/$0.05) - 2023/03/11 12:43:26
Table 'NLHBlue45' 6-max Seat #3 is the button
Seat 1: 47866fa5 ($11.82 in chips)
Seat 2: Hero ($5.05 in chips)
Seat 3: 34cfcb71 ($5 in chips)
Seat 4: 7423122f ($10.03 in chips)
Seat 5: 2ddfcb4a ($7.28 in chips)
Seat 6: b877e495 ($5.55 in chips)
7423122f: posts small blind $0.02
2ddfcb4a: posts big blind $0.05
*** HOLE CARDS ***
Dealt to 47866fa5 
Dealt to Hero [3c Th]
Dealt to 34cfcb71 
Dealt to 7423122f 
Dealt to 2ddfcb4a 
Dealt to b877e495 
b877e495: raises $0.07 to $0.12
47866fa5: folds
Hero: folds
34cfcb71: folds
7423122f: raises $0.27 to $0.39
2ddfcb4a: folds
b877e495: folds
Uncalled bet ($0.27) returned to 7423122f
*** SHOWDOWN ***
7423122f collected $0.28 from pot
*** SUMMARY ***
Total pot $0.29 | Rake $0.01 | Jackpot $0 | Bingo $0 | Fortune $0
Seat 1: 47866fa5 folded before Flop (didn't bet)
Seat 2: Hero folded before Flop (didn't bet)
Seat 3: 34cfcb71 (button) folded before Flop (didn't bet)
Seat 4: 7423122f (small blind) collected ($0.28)
Seat 5: 2ddfcb4a (big blind) folded before Flop
Seat 6: b877e495 folded before Flop


Poker Hand #HD1155384463: Hold'em No Limit  ($0.02/$0.05) - 2023/03/11 12:43:05
Table 'NLHBlue45' 6-max Seat #2 is the button
Seat 1: 47866fa5 ($11.75 in chips)
Seat 2: Hero ($5.05 in chips)
Seat 3: 34cfcb71 ($5 in chips)
Seat 4: 7423122f ($10.08 in chips)
Seat 5: 2ddfcb4a ($7.28 in chips)
Seat 6: b877e495 ($5.55 in chips)
34cfcb71: posts small blind $0.02
7423122f: posts big blind $0.05
*** HOLE CARDS ***
Dealt to 47866fa5 
Dealt to Hero [Ts 3d]
Dealt to 34cfcb71 
Dealt to 7423122f 
Dealt to 2ddfcb4a 
Dealt to b877e495 
2ddfcb4a: folds
b877e495: folds
47866fa5: raises $0.05 to $0.1
Hero: folds
34cfcb71: folds
7423122f: folds
Uncalled bet ($0.05) returned to 47866fa5
*** SHOWDOWN ***
47866fa5 collected $0.12 from pot
*** SUMMARY ***
Total pot $0.12 | Rake $0 | Jackpot $0 | Bingo $0 | Fortune $0
Seat 1: 47866fa5 collected ($0.12)
Seat 2: Hero (button) folded before Flop (didn't bet)
Seat 3: 34cfcb71 (small blind) folded before Flop
Seat 4: 7423122f (big blind) folded before Flop
Seat 5: 2ddfcb4a folded before Flop (didn't bet)
Seat 6: b877e495 folded before Flop (didn't bet)


Poker Hand #HD1155384401: Hold'em No Limit  ($0.02/$0.05) - 2023/03/11 12:42:38
Table 'NLHBlue45' 6-max Seat #1 is the button
Seat 1: 47866fa5 ($11.75 in chips)
Seat 2: Hero ($5 in chips)
Seat 3: 34cfcb71 ($5 in chips)
Seat 4: 7423122f ($10.08 in chips)
Seat 5: 2ddfcb4a ($7.28 in chips)
Seat 6: b877e495 ($5.55 in chips)
Hero: posts small blind $0.02
34cfcb71: posts big blind $0.05
*** HOLE CARDS ***
Dealt to 47866fa5 
Dealt to Hero [4s Ad]
Dealt to 34cfcb71 
Dealt to 7423122f 
Dealt to 2ddfcb4a 
Dealt to b877e495 
7423122f: folds
2ddfcb4a: folds
b877e495: folds
47866fa5: folds
Hero: raises $0.09 to $0.14
34cfcb71: folds
Uncalled bet ($0.09) returned to Hero
*** SHOWDOWN ***
Hero collected $0.1 from pot
*** SUMMARY ***
Total pot $0.1 | Rake $0 | Jackpot $0 | Bingo $0 | Fortune $0
Seat 1: 47866fa5 (button) folded before Flop (didn't bet)
Seat 2: Hero (small blind) collected ($0.1)
Seat 3: 34cfcb71 (big blind) folded before Flop
Seat 4: 7423122f folded before Flop (didn't bet)
Seat 5: 2ddfcb4a folded before Flop (didn't bet)
Seat 6: b877e495 folded before Flop (didn't bet)


Poker Hand #HD1155384378: Hold'em No Limit  ($0.02/$0.05) - 2023/03/11 12:42:26
Table 'NLHBlue45' 6-max Seat #6 is the button
Seat 1: 47866fa5 ($11.7 in chips)
Seat 2: Hero ($5 in chips)
Seat 3: 34cfcb71 ($5 in chips)
Seat 4: 7423122f ($10.08 in chips)
Seat 5: 2ddfcb4a ($7.28 in chips)
Seat 6: b877e495 ($5.55 in chips)
47866fa5: posts small blind $0.02
Hero: posts big blind $0.05
*** HOLE CARDS ***
Dealt to 47866fa5 
Dealt to Hero [5h 8d]
Dealt to 34cfcb71 
Dealt to 7423122f 
Dealt to 2ddfcb4a 
Dealt to b877e495 
34cfcb71: folds
7423122f: folds
2ddfcb4a: folds
b877e495: folds
47866fa5: raises $0.1 to $0.15
Hero: folds
Uncalled bet ($0.1) returned to 47866fa5
*** SHOWDOWN ***
47866fa5 collected $0.1 from pot
*** SUMMARY ***
Total pot $0.1 | Rake $0 | Jackpot $0 | Bingo $0 | Fortune $0
Seat 1: 47866fa5 (small blind) collected ($0.1)
Seat 2: Hero (big blind) folded before Flop
Seat 3: 34cfcb71 folded before Flop (didn't bet)
Seat 4: 7423122f folded before Flop (didn't bet)
Seat 5: 2ddfcb4a folded before Flop (didn't bet)
Seat 6: b877e495 (button) folded before Flop (didn't bet)


Poker Hand #HD1155384283: Hold'em No Limit  ($0.02/$0.05) - 2023/03/11 12:41:41
Table 'NLHBlue45' 6-max Seat #5 is the button
Seat 1: 47866fa5 ($11.81 in chips)
Seat 2: Hero ($5 in chips)
Seat 3: 34cfcb71 ($5 in chips)
Seat 4: 7423122f ($10.08 in chips)
Seat 5: 2ddfcb4a ($7.28 in chips)
Seat 6: b877e495 ($5.14 in chips)
b877e495: posts small blind $0.02
47866fa5: posts big blind $0.05
*** HOLE CARDS ***
Dealt to 47866fa5 
Dealt to Hero [Qc 8c]
Dealt to 34cfcb71 
Dealt to 7423122f 
Dealt to 2ddfcb4a 
Dealt to b877e495 
Hero: folds
34cfcb71: raises $0.06 to $0.11
7423122f: folds
2ddfcb4a: folds
b877e495: calls $0.09
47866fa5: calls $0.06
*** FLOP *** [9d 7d 2s]
b877e495: checks
47866fa5: checks
34cfcb71: bets $0.22
b877e495: raises $0.39 to $0.61
47866fa5: folds
34cfcb71: folds
Uncalled bet ($0.39) returned to b877e495
*** SHOWDOWN ***
b877e495 collected $0.74 from pot
*** SUMMARY ***
Total pot $0.77 | Rake $0.03 | Jackpot $0 | Bingo $0 | Fortune $0
Board [9d 7d 2s]
Seat 1: 47866fa5 (big blind) folded on the Flop
Seat 2: Hero folded before Flop (didn't bet)
Seat 3: 34cfcb71 folded on the Flop
Seat 4: 7423122f folded before Flop (didn't bet)
Seat 5: 2ddfcb4a (button) folded before Flop (didn't bet)
Seat 6: b877e495 (small blind) won ($0.74)


Poker Hand #HD1155384161: Hold'em No Limit  ($0.02/$0.05) - 2023/03/11 12:40:29
Table 'NLHBlue45' 6-max Seat #4 is the button
Seat 1: 47866fa5 ($11.81 in chips)
Seat 2: Hero ($5 in chips)
Seat 3: 34cfcb71 ($5 in chips)
Seat 4: 7423122f ($5.56 in chips)
Seat 5: 2ddfcb4a ($7.3 in chips)
Seat 6: b877e495 ($5.19 in chips)
2ddfcb4a: posts small blind $0.02
b877e495: posts big blind $0.05
*** HOLE CARDS ***
Dealt to 47866fa5 
Dealt to Hero [Jd 3h]
Dealt to 34cfcb71 
Dealt to 7423122f 
Dealt to 2ddfcb4a 
Dealt to b877e495 
47866fa5: folds
Hero: folds
34cfcb71: raises $0.07 to $0.12
7423122f: raises $0.31 to $0.43
2ddfcb4a: folds
b877e495: folds
34cfcb71: raises $0.62 to $1.05
7423122f: raises $4.51 to $5.56 and is all-in
34cfcb71: calls $3.95 and is all-in
Uncalled bet ($0.56) returned to 7423122f
7423122f: shows [As Ac]
34cfcb71: shows [Kh Kd]
*** FLOP *** [Ts 6d 4d]
*** TURN *** [Ts 6d 4d] [4s]
*** RIVER *** [Ts 6d 4d 4s] [9h]
*** SHOWDOWN ***
7423122f collected $9.52 from pot
*** SUMMARY ***
Total pot $10.07 | Rake $0.5 | Jackpot $0.05 | Bingo $0 | Fortune $0
Board [Ts 6d 4d 4s 9h]
Seat 1: 47866fa5 folded before Flop (didn't bet)
Seat 2: Hero folded before Flop (didn't bet)
Seat 3: 34cfcb71 showed [Kh Kd] and lost with Pair of Kings and Pair of Fours
Seat 4: 7423122f (button) showed [As Ac] and won ($9.52) with Pair of Aces and Pair of Fours
Seat 5: 2ddfcb4a (small blind) folded before Flop
Seat 6: b877e495 (big blind) folded before Flop


Poker Hand #HD1155384114: Hold'em No Limit  ($0.02/$0.05) - 2023/03/11 12:40:09
Table 'NLHBlue45' 6-max Seat #3 is the button
Seat 1: 47866fa5 ($11.74 in chips)
Seat 2: Hero ($5 in chips)
Seat 3: 34cfcb71 ($5 in chips)
Seat 4: 7423122f ($5.58 in chips)
Seat 5: 2ddfcb4a ($7.35 in chips)
Seat 6: b877e495 ($5.19 in chips)
7423122f: posts small blind $0.02
2ddfcb4a: posts big blind $0.05
*** HOLE CARDS ***
Dealt to 47866fa5 
Dealt to Hero [9h As]
Dealt to 34cfcb71 
Dealt to 7423122f 
Dealt to 2ddfcb4a 
Dealt to b877e495 
b877e495: folds
47866fa5: raises $0.05 to $0.1
Hero: folds
34cfcb71: folds
7423122f: folds
2ddfcb4a: folds
Uncalled bet ($0.05) returned to 47866fa5
*** SHOWDOWN ***
47866fa5 collected $0.12 from pot
*** SUMMARY ***
Total pot $0.12 | Rake $0 | Jackpot $0 | Bingo $0 | Fortune $0
Seat 1: 47866fa5 collected ($0.12)
Seat 2: Hero folded before Flop (didn't bet)
Seat 3: 34cfcb71 (button) folded before Flop (didn't bet)
Seat 4: 7423122f (small blind) folded before Flop
Seat 5: 2ddfcb4a (big blind) folded before Flop
Seat 6: b877e495 folded before Flop (didn't bet)


Poker Hand #HD1155384033: Hold'em No Limit  ($0.02/$0.05) - 2023/03/11 12:39:34
Table 'NLHBlue45' 6-max Seat #2 is the button
Seat 1: 47866fa5 ($11.74 in chips)
Seat 2: Hero ($5 in chips)
Seat 3: 34cfcb71 ($5 in chips)
Seat 4: 7423122f ($5.63 in chips)
Seat 5: 2ddfcb4a ($7.48 in chips)
Seat 6: b877e495 ($5 in chips)
34cfcb71: posts small blind $0.02
7423122f: posts big blind $0.05
*** HOLE CARDS ***
Dealt to 47866fa5 
Dealt to Hero [Jd Kh]
Dealt to 34cfcb71 
Dealt to 7423122f 
Dealt to 2ddfcb4a 
Dealt to b877e495 
2ddfcb4a: raises $0.08 to $0.13
b877e495: raises $0.25 to $0.38
47866fa5: folds
Hero: folds
34cfcb71: folds
7423122f: folds
2ddfcb4a: folds
Uncalled bet ($0.25) returned to b877e495
*** SHOWDOWN ***
b877e495 collected $0.32 from pot
*** SUMMARY ***
Total pot $0.33 | Rake $0.01 | Jackpot $0 | Bingo $0 | Fortune $0
Seat 1: 47866fa5 folded before Flop (didn't bet)
Seat 2: Hero (button) folded before Flop (didn't bet)
Seat 3: 34cfcb71 (small blind) folded before Flop
Seat 4: 7423122f (big blind) folded before Flop
Seat 5: 2ddfcb4a folded before Flop
Seat 6: b877e495 collected ($0.32)


Poker Hand #HD1155383992: Hold'em No Limit  ($0.02/$0.05) - 2023/03/11 12:39:16
Table 'NLHBlue45' 6-max Seat #1 is the button
Seat 1: 47866fa5 ($11.74 in chips)
Seat 2: Hero ($5 in chips)
Seat 3: 34cfcb71 ($5 in chips)
Seat 4: 7423122f ($5.56 in chips)
Seat 5: 2ddfcb4a ($7.48 in chips)
Seat 6: b877e495 ($5 in chips)
Hero: posts small blind $0.02
34cfcb71: posts big blind $0.05
*** HOLE CARDS ***
Dealt to 47866fa5 
Dealt to Hero [8c 4c]
Dealt to 34cfcb71 
Dealt to 7423122f 
Dealt to 2ddfcb4a 
Dealt to b877e495 
7423122f: raises $0.08 to $0.13
2ddfcb4a: folds
b877e495: folds
47866fa5: folds
Hero: folds
34cfcb71: folds
Uncalled bet ($0.08) returned to 7423122f
*** SHOWDOWN ***
7423122f collected $0.12 from pot
*** SUMMARY ***
Total pot $0.12 | Rake $0 | Jackpot $0 | Bingo $0 | Fortune $0
Seat 1: 47866fa5 (button) folded before Flop (didn't bet)
Seat 2: Hero (small blind) folded before Flop
Seat 3: 34cfcb71 (big blind) folded before Flop
Seat 4: 7423122f collected ($0.12)
Seat 5: 2ddfcb4a folded before Flop (didn't bet)
Seat 6: b877e495 folded before Flop (didn't bet)


Poker Hand #HD1155383936: Hold'em No Limit  ($0.02/$0.05) - 2023/03/11 12:38:49
Table 'NLHBlue45' 6-max Seat #6 is the button
Seat 1: 47866fa5 ($11.55 in chips)
Seat 2: Hero ($5 in chips)
Seat 4: 7423122f ($5.56 in chips)
Seat 5: 2ddfcb4a ($7.48 in chips)
Seat 6: b877e495 ($5 in chips)
47866fa5: posts small blind $0.02
Hero: posts big blind $0.05
*** HOLE CARDS ***
Dealt to 47866fa5 
Dealt to Hero [7c Tc]
Dealt to 7423122f 
Dealt to 2ddfcb4a 
Dealt to b877e495 
7423122f: folds
2ddfcb4a: folds
b877e495: raises $0.1 to $0.15
47866fa5: raises $0.35 to $0.5
Hero: folds
b877e495: folds
Uncalled bet ($0.35) returned to 47866fa5
*** SHOWDOWN ***
47866fa5 collected $0.34 from pot
*** SUMMARY ***
Total pot $0.35 | Rake $0.01 | Jackpot $0 | Bingo $0 | Fortune $0
Seat 1: 47866fa5 (small blind) collected ($0.34)
Seat 2: Hero (big blind) folded before Flop
Seat 4: 7423122f folded before Flop (didn't bet)
Seat 5: 2ddfcb4a folded before Flop (didn't bet)
Seat 6: b877e495 (button) folded before Flop


Poker Hand #HD1155383865: Hold'em No Limit  ($0.02/$0.05) - 2023/03/11 12:38:16
Table 'NLHBlue45' 6-max Seat #5 is the button
Seat 1: 47866fa5 ($11.41 in chips)
Seat 2: Hero ($5 in chips)
Seat 3: 8dd813f ($4.53 in chips)
Seat 4: 7423122f ($5.56 in chips)
Seat 5: 2ddfcb4a ($7.61 in chips)
Seat 6: b877e495 ($5 in chips)
b877e495: posts small blind $0.02
47866fa5: posts big blind $0.05
*** HOLE CARDS ***
Dealt to 47866fa5 
Dealt to Hero [3d 4d]
Dealt to 8dd813f 
Dealt to 7423122f 
Dealt to 2ddfcb4a 
Dealt to b877e495 
Hero: folds
8dd813f: folds
7423122f: folds
2ddfcb4a: raises $0.08 to $0.13
b877e495: folds
47866fa5: raises $0.42 to $0.55
2ddfcb4a: folds
Uncalled bet ($0.42) returned to 47866fa5
*** SHOWDOWN ***
47866fa5 collected $0.27 from pot
*** SUMMARY ***
Total pot $0.28 | Rake $0.01 | Jackpot $0 | Bingo $0 | Fortune $0
Seat 1: 47866fa5 (big blind) collected ($0.27)
Seat 2: Hero folded before Flop (didn't bet)
Seat 3: 8dd813f folded before Flop (didn't bet)
Seat 4: 7423122f folded before Flop (didn't bet)
Seat 5: 2ddfcb4a (button) folded before Flop
Seat 6: b877e495 (small blind) folded before Flop


Poker Hand #HD1155383779: Hold'em No Limit  ($0.02/$0.05) - 2023/03/11 12:37:42
Table 'NLHBlue45' 6-max Seat #4 is the button
Seat 1: 47866fa5 ($11.41 in chips)
Seat 2: Hero ($5 in chips)
Seat 3: 8dd813f ($4.73 in chips)
Seat 4: 7423122f ($5.17 in chips)
Seat 5: 2ddfcb4a ($7.63 in chips)
Seat 6: b877e495 ($5 in chips)
2ddfcb4a: posts small blind $0.02
b877e495: posts big blind $0.05
*** HOLE CARDS ***
Dealt to 47866fa5 
Dealt to Hero [Kh 8s]
Dealt to 8dd813f 
Dealt to 7423122f 
Dealt to 2ddfcb4a 
Dealt to b877e495 
47866fa5: folds
Hero: folds
8dd813f: calls $0.05
7423122f: raises $0.15 to $0.2
2ddfcb4a: folds
b877e495: calls $0.15
8dd813f: calls $0.15
*** FLOP *** [9s 5h Ad]
b877e495: checks
8dd813f: checks
7423122f: bets $0.21
b877e495: folds
8dd813f: folds
Uncalled bet ($0.21) returned to 7423122f
*** SHOWDOWN ***
7423122f collected $0.59 from pot
*** SUMMARY ***
Total pot $0.62 | Rake $0.03 | Jackpot $0 | Bingo $0 | Fortune $0
Board [9s 5h Ad]
Seat 1: 47866fa5 folded before Flop (didn't bet)
Seat 2: Hero folded before Flop (didn't bet)
Seat 3: 8dd813f folded on the Flop
Seat 4: 7423122f (button) won ($0.59)
Seat 5: 2ddfcb4a (small blind) folded before Flop
Seat 6: b877e495 (big blind) folded on the Flop


Poker Hand #HD1155383725: Hold'em No Limit  ($0.02/$0.05) - 2023/03/11 12:37:08
Table 'NLHBlue45' 6-max Seat #3 is the button
Seat 1: 47866fa5 ($11.41 in chips)
Seat 2: Hero ($5 in chips)
Seat 3: 8dd813f ($4.66 in chips)
Seat 4: 7423122f ($5.19 in chips)
Seat 5: 2ddfcb4a ($7.68 in chips)
Seat 6: b877e495 ($5 in chips)
7423122f: posts small blind $0.02
2ddfcb4a: posts big blind $0.05
*** HOLE CARDS ***
Dealt to 47866fa5 
Dealt to Hero [5h 4s]
Dealt to 8dd813f 
Dealt to 7423122f 
Dealt to 2ddfcb4a 
Dealt to b877e495 
b877e495: folds
47866fa5: folds
Hero: folds
8dd813f: calls $0.05
7423122f: folds
2ddfcb4a: checks
*** FLOP *** [Th 5d 5s]
2ddfcb4a: checks
8dd813f: checks
*** TURN *** [Th 5d 5s] [Ac]
2ddfcb4a: checks
8dd813f: bets $0.06
2ddfcb4a: folds
Uncalled bet ($0.06) returned to 8dd813f
*** SHOWDOWN ***
8dd813f collected $0.12 from pot
*** SUMMARY ***
Total pot $0.12 | Rake $0 | Jackpot $0 | Bingo $0 | Fortune $0
Board [Th 5d 5s Ac]
Seat 1: 47866fa5 folded before Flop (didn't bet)
Seat 2: Hero folded before Flop (didn't bet)
Seat 3: 8dd813f (button) won ($0.12)
Seat 4: 7423122f (small blind) folded before Flop
Seat 5: 2ddfcb4a (big blind) folded on the Turn
Seat 6: b877e495 folded before Flop (didn't bet)


Poker Hand #HD1155383671: Hold'em No Limit  ($0.02/$0.05) - 2023/03/11 12:36:42
Table 'NLHBlue45' 6-max Seat #2 is the button
Seat 1: 47866fa5 ($11.41 in chips)
Seat 2: Hero ($5 in chips)
Seat 3: 8dd813f ($4.71 in chips)
Seat 4: 7423122f ($5.14 in chips)
Seat 5: 2ddfcb4a ($7.68 in chips)
Seat 6: b877e495 ($5 in chips)
8dd813f: posts small blind $0.02
7423122f: posts big blind $0.05
*** HOLE CARDS ***
Dealt to 47866fa5 
Dealt to Hero [4h 5d]
Dealt to 8dd813f 
Dealt to 7423122f 
Dealt to 2ddfcb4a 
Dealt to b877e495 
2ddfcb4a: folds
b877e495: folds
47866fa5: folds
Hero: folds
8dd813f: calls $0.03
7423122f: checks
*** FLOP *** [6d Qs 9h]
8dd813f: checks
7423122f: checks
*** TURN *** [6d Qs 9h] [9d]
8dd813f: checks
7423122f: bets $0.08
8dd813f: folds
Uncalled bet ($0.08) returned to 7423122f
*** SHOWDOWN ***
7423122f collected $0.1 from pot
*** SUMMARY ***
Total pot $0.1 | Rake $0 | Jackpot $0 | Bingo $0 | Fortune $0
Board [6d Qs 9h 9d]
Seat 1: 47866fa5 folded before Flop (didn't bet)
Seat 2: Hero (button) folded before Flop (didn't bet)
Seat 3: 8dd813f (small blind) folded on the Turn
Seat 4: 7423122f (big blind) won ($0.1)
Seat 5: 2ddfcb4a folded before Flop (didn't bet)
Seat 6: b877e495 folded before Flop (didn't bet)


Poker Hand #HD1155383558: Hold'em No Limit  ($0.02/$0.05) - 2023/03/11 12:35:46
Table 'NLHBlue45' 6-max Seat #1 is the button
Seat 1: 47866fa5 ($11.41 in chips)
Seat 2: Hero ($5.21 in chips)
Seat 3: 8dd813f ($3.24 in chips)
Seat 4: 7423122f ($5.14 in chips)
Seat 5: 2ddfcb4a ($7.68 in chips)
Seat 6: b877e495 ($5 in chips)
Hero: posts small blind $0.02
8dd813f: posts big blind $0.05
*** HOLE CARDS ***
Dealt to 47866fa5 
Dealt to Hero [8s Ks]
Dealt to 8dd813f 
Dealt to 7423122f 
Dealt to 2ddfcb4a 
Dealt to b877e495 
7423122f: folds
2ddfcb4a: folds
b877e495: folds
47866fa5: folds
Hero: raises $0.09 to $0.14
8dd813f: calls $0.09
*** FLOP *** [3s 3c 8d]
Hero: bets $0.14
8dd813f: calls $0.14
*** TURN *** [3s 3c 8d] [6s]
Hero: bets $0.28
8dd813f: calls $0.28
*** RIVER *** [3s 3c 8d 6s] [Qc]
Hero: checks
8dd813f: bets $1.12
Hero: calls $1.12
8dd813f: shows [Ac As] (Pair of Aces and Pair of Treys)
Hero: shows [8s Ks] (Pair of Eights and Pair of Treys)
*** SHOWDOWN ***
8dd813f collected $3.15 from pot
*** SUMMARY ***
Total pot $3.36 | Rake $0.16 | Jackpot $0.05 | Bingo $0 | Fortune $0
Board [3s 3c 8d 6s Qc]
Seat 1: 47866fa5 (button) folded before Flop (didn't bet)
Seat 2: Hero (small blind) showed [8s Ks] and lost with Pair of Eights and Pair of Treys
Seat 3: 8dd813f (big blind) showed [Ac As] and won ($3.15) with Pair of Aces and Pair of Treys
Seat 4: 7423122f folded before Flop (didn't bet)
Seat 5: 2ddfcb4a folded before Flop (didn't bet)
Seat 6: b877e495 folded before Flop (didn't bet)


Poker Hand #HD1155383469: Hold'em No Limit  ($0.02/$0.05) - 2023/03/11 12:35:04
Table 'NLHBlue45' 6-max Seat #6 is the button
Seat 1: 47866fa5 ($11.43 in chips)
Seat 2: Hero ($5 in chips)
Seat 3: 8dd813f ($3.29 in chips)
Seat 4: 7423122f ($5.14 in chips)
Seat 5: 2ddfcb4a ($7.83 in chips)
Seat 6: b877e495 ($5 in chips)
47866fa5: posts small blind $0.02
Hero: posts big blind $0.05
*** HOLE CARDS ***
Dealt to 47866fa5 
Dealt to Hero [Qs As]
Dealt to 8dd813f 
Dealt to 7423122f 
Dealt to 2ddfcb4a 
Dealt to b877e495 
8dd813f: calls $0.05
7423122f: folds
2ddfcb4a: raises $0.1 to $0.15
b877e495: folds
47866fa5: folds
Hero: raises $0.51 to $0.66
8dd813f: folds
2ddfcb4a: folds
Uncalled bet ($0.51) returned to Hero
*** SHOWDOWN ***
Hero collected $0.36 from pot
*** SUMMARY ***
Total pot $0.37 | Rake $0.01 | Jackpot $0 | Bingo $0 | Fortune $0
Seat 1: 47866fa5 (small blind) folded before Flop
Seat 2: Hero (big blind) collected ($0.36)
Seat 3: 8dd813f folded before Flop
Seat 4: 7423122f folded before Flop (didn't bet)
Seat 5: 2ddfcb4a folded before Flop
Seat 6: b877e495 (button) folded before Flop (didn't bet)


Poker Hand #HD1155383378: Hold'em No Limit  ($0.02/$0.05) - 2023/03/11 12:34:17
Table 'NLHBlue45' 6-max Seat #5 is the button
Seat 1: 47866fa5 ($11.56 in chips)
Seat 2: Hero ($5 in chips)
Seat 3: 8dd813f ($3.29 in chips)
Seat 4: 7423122f ($5 in chips)
Seat 5: 2ddfcb4a ($7.83 in chips)
Seat 6: b877e495 ($5 in chips)
b877e495: posts small blind $0.02
47866fa5: posts big blind $0.05
*** HOLE CARDS ***
Dealt to 47866fa5 
Dealt to Hero [7h Kc]
Dealt to 8dd813f 
Dealt to 7423122f 
Dealt to 2ddfcb4a 
Dealt to b877e495 
Hero: folds
8dd813f: folds
7423122f: raises $0.08 to $0.13
2ddfcb4a: folds
b877e495: folds
47866fa5: calls $0.08
*** FLOP *** [8s 2s Qc]
47866fa5: checks
7423122f: bets $0.1
47866fa5: folds
Uncalled bet ($0.1) returned to 7423122f
*** SHOWDOWN ***
7423122f collected $0.27 from pot
*** SUMMARY ***
Total pot $0.28 | Rake $0.01 | Jackpot $0 | Bingo $0 | Fortune $0
Board [8s 2s Qc]
Seat 1: 47866fa5 (big blind) folded on the Flop
Seat 2: Hero folded before Flop (didn't bet)
Seat 3: 8dd813f folded before Flop (didn't bet)
Seat 4: 7423122f won ($0.27)
Seat 5: 2ddfcb4a (button) folded before Flop (didn't bet)
Seat 6: b877e495 (small blind) folded before Flop


Poker Hand #HD1155383271: Hold'em No Limit  ($0.02/$0.05) - 2023/03/11 12:33:19
Table 'NLHBlue45' 6-max Seat #4 is the button
Seat 1: 47866fa5 ($11.56 in chips)
Seat 2: Hero ($5.06 in chips)
Seat 3: 8dd813f ($1.72 in chips)
Seat 4: 7423122f ($5 in chips)
Seat 5: 2ddfcb4a ($7.85 in chips)
Seat 6: b877e495 ($5 in chips)
2ddfcb4a: posts small blind $0.02
b877e495: posts big blind $0.05
*** HOLE CARDS ***
Dealt to 47866fa5 
Dealt to Hero [Ac As]
Dealt to 8dd813f 
Dealt to 7423122f 
Dealt to 2ddfcb4a 
Dealt to b877e495 
47866fa5: folds
Hero: raises $0.07 to $0.12
8dd813f: calls $0.12
7423122f: folds
2ddfcb4a: folds
b877e495: folds
*** FLOP *** [Kd 9h 3h]
Hero: bets $0.24
8dd813f: calls $0.24
*** TURN *** [Kd 9h 3h] [7d]
Hero: bets $2.58
8dd813f: calls $1.36 and is all-in
Uncalled bet ($1.22) returned to Hero
Hero: shows [Ac As] (Pair of Aces)
8dd813f: shows [7c Ks] (Pair of Kings and Pair of Sevens)
*** RIVER *** [Kd 9h 3h 7d] [Qs]
*** SHOWDOWN ***
8dd813f collected $3.29 from pot
*** SUMMARY ***
Total pot $3.51 | Rake $0.17 | Jackpot $0.05 | Bingo $0 | Fortune $0
Board [Kd 9h 3h 7d Qs]
Seat 1: 47866fa5 folded before Flop (didn't bet)
Seat 2: Hero showed [Ac As] and lost with Pair of Aces
Seat 3: 8dd813f showed [7c Ks] and won ($3.29) with Pair of Kings and Pair of Sevens
Seat 4: 7423122f (button) folded before Flop (didn't bet)
Seat 5: 2ddfcb4a (small blind) folded before Flop
Seat 6: b877e495 (big blind) folded before Flop


Poker Hand #HD1155383181: Hold'em No Limit  ($0.02/$0.05) - 2023/03/11 12:32:34
Table 'NLHBlue45' 6-max Seat #3 is the button
Seat 1: 47866fa5 ($11.56 in chips)
Seat 2: Hero ($5.18 in chips)
Seat 3: 8dd813f ($1.54 in chips)
Seat 4: 7423122f ($5 in chips)
Seat 5: 2ddfcb4a ($7.9 in chips)
Seat 6: b877e495 ($5 in chips)
7423122f: posts small blind $0.02
2ddfcb4a: posts big blind $0.05
*** HOLE CARDS ***
Dealt to 47866fa5 
Dealt to Hero [2d 2s]
Dealt to 8dd813f 
Dealt to 7423122f 
Dealt to 2ddfcb4a 
Dealt to b877e495 
b877e495: folds
47866fa5: folds
Hero: raises $0.07 to $0.12
8dd813f: calls $0.12
7423122f: folds
2ddfcb4a: folds
*** FLOP *** [8c 6s 7d]
Hero: checks
8dd813f: checks
*** TURN *** [8c 6s 7d] [9d]
Hero: checks
8dd813f: checks
*** RIVER *** [8c 6s 7d 9d] [Qs]
Hero: checks
8dd813f: bets $0.16
Hero: folds
Uncalled bet ($0.16) returned to 8dd813f
*** SHOWDOWN ***
8dd813f collected $0.3 from pot
*** SUMMARY ***
Total pot $0.31 | Rake $0.01 | Jackpot $0 | Bingo $0 | Fortune $0
Board [8c 6s 7d 9d Qs]
Seat 1: 47866fa5 folded before Flop (didn't bet)
Seat 2: Hero folded on the River
Seat 3: 8dd813f (button) won ($0.3)
Seat 4: 7423122f (small blind) folded before Flop
Seat 5: 2ddfcb4a (big blind) folded before Flop
Seat 6: b877e495 folded before Flop (didn't bet)


Poker Hand #HD1155383056: Hold'em No Limit  ($0.02/$0.05) - 2023/03/11 12:31:26
Table 'NLHBlue45' 6-max Seat #2 is the button
Seat 1: 47866fa5 ($11.55 in chips)
Seat 2: Hero ($5.18 in chips)
Seat 3: 8dd813f ($1.56 in chips)
Seat 4: 7423122f ($5 in chips)
Seat 5: 2ddfcb4a ($7.88 in chips)
Seat 6: b877e495 ($5 in chips)
8dd813f: posts small blind $0.02
7423122f: posts big blind $0.05
*** HOLE CARDS ***
Dealt to 47866fa5 
Dealt to Hero [6d 8h]
Dealt to 8dd813f 
Dealt to 7423122f 
Dealt to 2ddfcb4a 
Dealt to b877e495 
2ddfcb4a: raises $0.08 to $0.13
b877e495: folds
47866fa5: calls $0.13
Hero: folds
8dd813f: folds
7423122f: folds
*** FLOP *** [Qc Tc Ac]
2ddfcb4a: bets $0.15
47866fa5: calls $0.15
*** TURN *** [Qc Tc Ac] [Jd]
2ddfcb4a: bets $0.2
47866fa5: calls $0.2
*** RIVER *** [Qc Tc Ac Jd] [Kd]
2ddfcb4a: checks
47866fa5: checks
2ddfcb4a: shows [Qs As] (Aces-High Straight)
47866fa5: shows [Ah Kc] (Aces-High Straight)
*** SHOWDOWN ***
2ddfcb4a collected $0.5 from pot
47866fa5 collected $0.49 from pot
*** SUMMARY ***
Total pot $1.03 | Rake $0.04 | Jackpot $0 | Bingo $0 | Fortune $0
Board [Qc Tc Ac Jd Kd]
Seat 1: 47866fa5 showed [Ah Kc] and won ($0.49) with Aces-High Straight
Seat 2: Hero (button) folded before Flop (didn't bet)
Seat 3: 8dd813f (small blind) folded before Flop
Seat 4: 7423122f (big blind) folded before Flop
Seat 5: 2ddfcb4a showed [Qs As] and won ($0.5) with Aces-High Straight
Seat 6: b877e495 folded before Flop (didn't bet)


Poker Hand #HD1155382954: Hold'em No Limit  ($0.02/$0.05) - 2023/03/11 12:30:36
Table 'NLHBlue45' 6-max Seat #1 is the button
Seat 1: 47866fa5 ($11.44 in chips)
Seat 2: Hero ($5.2 in chips)
Seat 3: 8dd813f ($1.66 in chips)
Seat 4: 7423122f ($5 in chips)
Seat 5: 2ddfcb4a ($7.88 in chips)
Seat 6: b877e495 ($5 in chips)
Hero: posts small blind $0.02
8dd813f: posts big blind $0.05
*** HOLE CARDS ***
Dealt to 47866fa5 
Dealt to Hero [3s Ks]
Dealt to 8dd813f 
Dealt to 7423122f 
Dealt to 2ddfcb4a 
Dealt to b877e495 
7423122f: folds
2ddfcb4a: folds
b877e495: folds
47866fa5: raises $0.05 to $0.1
Hero: folds
8dd813f: calls $0.05
*** FLOP *** [Jh Qd Jc]
8dd813f: checks
47866fa5: bets $0.17
8dd813f: folds
Uncalled bet ($0.17) returned to 47866fa5
*** SHOWDOWN ***
47866fa5 collected $0.21 from pot
*** SUMMARY ***
Total pot $0.22 | Rake $0.01 | Jackpot $0 | Bingo $0 | Fortune $0
Board [Jh Qd Jc]
Seat 1: 47866fa5 (button) won ($0.21)
Seat 2: Hero (small blind) folded before Flop
Seat 3: 8dd813f (big blind) folded on the Flop
Seat 4: 7423122f folded before Flop (didn't bet)
Seat 5: 2ddfcb4a folded before Flop (didn't bet)
Seat 6: b877e495 folded before Flop (didn't bet)


Poker Hand #HD1155382933: Hold'em No Limit  ($0.02/$0.05) - 2023/03/11 12:30:26
Table 'NLHBlue45' 6-max Seat #6 is the button
Seat 1: 47866fa5 ($11.46 in chips)
Seat 2: Hero ($5.25 in chips)
Seat 3: 8dd813f ($1.66 in chips)
Seat 5: 2ddfcb4a ($7.81 in chips)
Seat 6: b877e495 ($5 in chips)
47866fa5: posts small blind $0.02
Hero: posts big blind $0.05
*** HOLE CARDS ***
Dealt to 47866fa5 
Dealt to Hero [7c Js]
Dealt to 8dd813f 
Dealt to 2ddfcb4a 
Dealt to b877e495 
8dd813f: folds
2ddfcb4a: raises $0.08 to $0.13
b877e495: folds
47866fa5: folds
Hero: folds
Uncalled bet ($0.08) returned to 2ddfcb4a
*** SHOWDOWN ***
2ddfcb4a collected $0.12 from pot
*** SUMMARY ***
Total pot $0.12 | Rake $0 | Jackpot $0 | Bingo $0 | Fortune $0
Seat 1: 47866fa5 (small blind) folded before Flop
Seat 2: Hero (big blind) folded before Flop
Seat 3: 8dd813f folded before Flop (didn't bet)
Seat 5: 2ddfcb4a collected ($0.12)
Seat 6: b877e495 (button) folded before Flop (didn't bet)


Poker Hand #HD1155382832: Hold'em No Limit  ($0.02/$0.05) - 2023/03/11 12:29:34
Table 'NLHBlue45' 6-max Seat #5 is the button
Seat 1: 47866fa5 ($11.51 in chips)
Seat 2: Hero ($5.25 in chips)
Seat 3: 8dd813f ($0.87 in chips)
Seat 5: 2ddfcb4a ($7.81 in chips)
Seat 6: b877e495 ($5.03 in chips)
b877e495: posts small blind $0.02
47866fa5: posts big blind $0.05
*** HOLE CARDS ***
Dealt to 47866fa5 
Dealt to Hero [3s 5h]
Dealt to 8dd813f 
Dealt to 2ddfcb4a 
Dealt to b877e495 
Hero: folds
8dd813f: calls $0.05
2ddfcb4a: folds
b877e495: raises $0.25 to $0.3
47866fa5: folds
8dd813f: calls $0.25
*** FLOP *** [2h Kc 7d]
b877e495: bets $0.65
8dd813f: calls $0.57 and is all-in
Uncalled bet ($0.08) returned to b877e495
b877e495: shows [8s 8h] (Pair of Eights)
8dd813f: shows [Kh Ac] (Pair of Kings)
*** TURN *** [2h Kc 7d] [5s]
*** RIVER *** [2h Kc 7d 5s] [Qc]
*** SHOWDOWN ***
8dd813f collected $1.66 from pot
*** SUMMARY ***
Total pot $1.79 | Rake $0.08 | Jackpot $0.05 | Bingo $0 | Fortune $0
Board [2h Kc 7d 5s Qc]
Seat 1: 47866fa5 (big blind) folded before Flop
Seat 2: Hero folded before Flop (didn't bet)
Seat 3: 8dd813f showed [Kh Ac] and won ($1.66) with Pair of Kings
Seat 5: 2ddfcb4a (button) folded before Flop (didn't bet)
Seat 6: b877e495 (small blind) showed [8s 8h] and lost with Pair of Eights


Poker Hand #HD1155382732: Hold'em No Limit  ($0.02/$0.05) - 2023/03/11 12:28:41
Table 'NLHBlue45' 6-max Seat #3 is the button
Seat 1: 47866fa5 ($11.51 in chips)
Seat 2: Hero ($5.18 in chips)
Seat 3: 8dd813f ($0.87 in chips)
Seat 4: 7423122f ($5 in chips)
Seat 5: 2ddfcb4a ($7.86 in chips)
Seat 6: b877e495 ($5.03 in chips)
7423122f: posts small blind $0.02
2ddfcb4a: posts big blind $0.05
*** HOLE CARDS ***
Dealt to 47866fa5 
Dealt to Hero [Ks Ah]
Dealt to 8dd813f 
Dealt to 7423122f 
Dealt to 2ddfcb4a 
Dealt to b877e495 
b877e495: folds
47866fa5: folds
Hero: raises $0.07 to $0.12
8dd813f: folds
7423122f: folds
2ddfcb4a: folds
Uncalled bet ($0.07) returned to Hero
*** SHOWDOWN ***
Hero collected $0.12 from pot
*** SUMMARY ***
Total pot $0.12 | Rake $0 | Jackpot $0 | Bingo $0 | Fortune $0
Seat 1: 47866fa5 folded before Flop (didn't bet)
Seat 2: Hero collected ($0.12)
Seat 3: 8dd813f (button) folded before Flop (didn't bet)
Seat 4: 7423122f (small blind) folded before Flop
Seat 5: 2ddfcb4a (big blind) folded before Flop
Seat 6: b877e495 folded before Flop (didn't bet)


Poker Hand #HD1155382572: Hold'em No Limit  ($0.02/$0.05) - 2023/03/11 12:27:16
Table 'NLHBlue45' 6-max Seat #2 is the button
Seat 1: 47866fa5 ($10.35 in chips)
Seat 2: Hero ($5.18 in chips)
Seat 3: 8dd813f ($0.99 in chips)
Seat 4: 7423122f ($5 in chips)
Seat 5: 2ddfcb4a ($7.86 in chips)
Seat 6: b877e495 ($6.11 in chips)
8dd813f: posts small blind $0.02
7423122f: posts big blind $0.05
*** HOLE CARDS ***
Dealt to 47866fa5 
Dealt to Hero [Kd 5s]
Dealt to 8dd813f 
Dealt to 7423122f 
Dealt to 2ddfcb4a 
Dealt to b877e495 
2ddfcb4a: folds
b877e495: raises $0.07 to $0.12
47866fa5: calls $0.12
Hero: folds
8dd813f: calls $0.1
7423122f: calls $0.07
*** FLOP *** [Ks Tc 9s]
8dd813f: checks
7423122f: checks
b877e495: bets $0.36
47866fa5: calls $0.36
8dd813f: folds
7423122f: folds
*** TURN *** [Ks Tc 9s] [Qh]
b877e495: bets $0.6
47866fa5: raises $1.8 to $2.4
b877e495: folds
Uncalled bet ($1.8) returned to 47866fa5
*** SHOWDOWN ***
47866fa5 collected $2.24 from pot
*** SUMMARY ***
Total pot $2.4 | Rake $0.11 | Jackpot $0.05 | Bingo $0 | Fortune $0
Board [Ks Tc 9s Qh]
Seat 1: 47866fa5 won ($2.24)
Seat 2: Hero (button) folded before Flop (didn't bet)
Seat 3: 8dd813f (small blind) folded on the Flop
Seat 4: 7423122f (big blind) folded on the Flop
Seat 5: 2ddfcb4a folded before Flop (didn't bet)
Seat 6: b877e495 folded on the Turn


Poker Hand #HD1155382555: Hold'em No Limit  ($0.02/$0.05) - 2023/03/11 12:27:08
Table 'NLHBlue45' 6-max Seat #1 is the button
Seat 1: 47866fa5 ($10.35 in chips)
Seat 2: Hero ($5.2 in chips)
Seat 3: 8dd813f ($0.97 in chips)
Seat 4: 7423122f ($5 in chips)
Seat 5: 2ddfcb4a ($7.86 in chips)
Seat 6: b877e495 ($6.11 in chips)
Hero: posts small blind $0.02
8dd813f: posts big blind $0.05
*** HOLE CARDS ***
Dealt to 47866fa5 
Dealt to Hero [Tc 2h]
Dealt to 8dd813f 
Dealt to 7423122f 
Dealt to 2ddfcb4a 
Dealt to b877e495 
7423122f: folds
2ddfcb4a: folds
b877e495: folds
47866fa5: folds
Hero: folds
Uncalled bet ($0.03) returned to 8dd813f
*** SHOWDOWN ***
8dd813f collected $0.04 from pot
*** SUMMARY ***
Total pot $0.04 | Rake $0 | Jackpot $0 | Bingo $0 | Fortune $0
Seat 1: 47866fa5 (button) folded before Flop (didn't bet)
Seat 2: Hero (small blind) folded before Flop
Seat 3: 8dd813f (big blind) collected ($0.04)
Seat 4: 7423122f folded before Flop (didn't bet)
Seat 5: 2ddfcb4a folded before Flop (didn't bet)
Seat 6: b877e495 folded before Flop (didn't bet)


Poker Hand #HD1155382503: Hold'em No Limit  ($0.02/$0.05) - 2023/03/11 12:26:43
Table 'NLHBlue45' 6-max Seat #6 is the button
Seat 1: 47866fa5 ($10.3 in chips)
Seat 2: Hero ($5.25 in chips)
Seat 3: 8dd813f ($0.97 in chips)
Seat 4: 7423122f ($5 in chips)
Seat 5: 2ddfcb4a ($7.86 in chips)
Seat 6: b877e495 ($6.11 in chips)
47866fa5: posts small blind $0.02
Hero: posts big blind $0.05
*** HOLE CARDS ***
Dealt to 47866fa5 
Dealt to Hero [8d 9s]
Dealt to 8dd813f 
Dealt to 7423122f 
Dealt to 2ddfcb4a 
Dealt to b877e495 
8dd813f: folds
7423122f: folds
2ddfcb4a: folds
b877e495: folds
47866fa5: raises $0.1 to $0.15
Hero: folds
Uncalled bet ($0.1) returned to 47866fa5
*** SHOWDOWN ***
47866fa5 collected $0.1 from pot
*** SUMMARY ***
Total pot $0.1 | Rake $0 | Jackpot $0 | Bingo $0 | Fortune $0
Seat 1: 47866fa5 (small blind) collected ($0.1)
Seat 2: Hero (big blind) folded before Flop
Seat 3: 8dd813f folded before Flop (didn't bet)
Seat 4: 7423122f folded before Flop (didn't bet)
Seat 5: 2ddfcb4a folded before Flop (didn't bet)
Seat 6: b877e495 (button) folded before Flop (didn't bet)


Poker Hand #HD1155382422: Hold'em No Limit  ($0.02/$0.05) - 2023/03/11 12:26:03
Table 'NLHBlue45' 6-max Seat #5 is the button
Seat 1: 47866fa5 ($10.35 in chips)
Seat 2: Hero ($5.07 in chips)
Seat 3: 8dd813f ($1.09 in chips)
Seat 4: 7423122f ($5 in chips)
Seat 5: 2ddfcb4a ($7.86 in chips)
Seat 6: b877e495 ($6.13 in chips)
b877e495: posts small blind $0.02
47866fa5: posts big blind $0.05
*** HOLE CARDS ***
Dealt to 47866fa5 
Dealt to Hero [Qs Qd]
Dealt to 8dd813f 
Dealt to 7423122f 
Dealt to 2ddfcb4a 
Dealt to b877e495 
Hero: raises $0.07 to $0.12
8dd813f: calls $0.12
7423122f: folds
2ddfcb4a: folds
b877e495: folds
47866fa5: folds
*** FLOP *** [Qc 7s 7c]
Hero: bets $0.11
8dd813f: folds
Uncalled bet ($0.11) returned to Hero
*** SHOWDOWN ***
Hero collected $0.3 from pot
*** SUMMARY ***
Total pot $0.31 | Rake $0.01 | Jackpot $0 | Bingo $0 | Fortune $0
Board [Qc 7s 7c]
Seat 1: 47866fa5 (big blind) folded before Flop
Seat 2: Hero won ($0.3)
Seat 3: 8dd813f folded on the Flop
Seat 4: 7423122f folded before Flop (didn't bet)
Seat 5: 2ddfcb4a (button) folded before Flop (didn't bet)
Seat 6: b877e495 (small blind) folded before Flop


Poker Hand #HD1155382369: Hold'em No Limit  ($0.02/$0.05) - 2023/03/11 12:25:37
Table 'NLHBlue45' 6-max Seat #4 is the button
Seat 1: 47866fa5 ($10.35 in chips)
Seat 2: Hero ($5.07 in chips)
Seat 3: 8dd813f ($1.14 in chips)
Seat 4: 7423122f ($5 in chips)
Seat 5: 2ddfcb4a ($7.91 in chips)
Seat 6: b877e495 ($6.03 in chips)
2ddfcb4a: posts small blind $0.02
b877e495: posts big blind $0.05
*** HOLE CARDS ***
Dealt to 47866fa5 
Dealt to Hero [2d 5c]
Dealt to 8dd813f 
Dealt to 7423122f 
Dealt to 2ddfcb4a 
Dealt to b877e495 
47866fa5: folds
Hero: folds
8dd813f: calls $0.05
7423122f: folds
2ddfcb4a: calls $0.03
b877e495: raises $0.35 to $0.4
8dd813f: folds
2ddfcb4a: folds
Uncalled bet ($0.35) returned to b877e495
*** SHOWDOWN ***
b877e495 collected $0.15 from pot
*** SUMMARY ***
Total pot $0.15 | Rake $0 | Jackpot $0 | Bingo $0 | Fortune $0
Seat 1: 47866fa5 folded before Flop (didn't bet)
Seat 2: Hero folded before Flop (didn't bet)
Seat 3: 8dd813f folded before Flop
Seat 4: 7423122f (button) folded before Flop (didn't bet)
Seat 5: 2ddfcb4a (small blind) folded before Flop
Seat 6: b877e495 (big blind) collected ($0.15)


Poker Hand #HD1155382286: Hold'em No Limit  ($0.02/$0.05) - 2023/03/11 12:24:56
Table 'NLHBlue45' 6-max Seat #3 is the button
Seat 1: 47866fa5 ($10.35 in chips)
Seat 2: Hero ($5.07 in chips)
Seat 3: 8dd813f ($1.19 in chips)
Seat 4: 7423122f ($5.02 in chips)
Seat 5: 2ddfcb4a ($7.84 in chips)
Seat 6: b877e495 ($6.03 in chips)
7423122f: posts small blind $0.02
2ddfcb4a: posts big blind $0.05
*** HOLE CARDS ***
Dealt to 47866fa5 
Dealt to Hero [5d Jc]
Dealt to 8dd813f 
Dealt to 7423122f 
Dealt to 2ddfcb4a 
Dealt to b877e495 
b877e495: folds
47866fa5: folds
Hero: folds
8dd813f: calls $0.05
7423122f: folds
2ddfcb4a: checks
*** FLOP *** [9s 2s Js]
2ddfcb4a: checks
8dd813f: checks
*** TURN *** [9s 2s Js] [As]
2ddfcb4a: bets $0.05
8dd813f: folds
Uncalled bet ($0.05) returned to 2ddfcb4a
*** SHOWDOWN ***
2ddfcb4a collected $0.12 from pot
*** SUMMARY ***
Total pot $0.12 | Rake $0 | Jackpot $0 | Bingo $0 | Fortune $0
Board [9s 2s Js As]
Seat 1: 47866fa5 folded before Flop (didn't bet)
Seat 2: Hero folded before Flop (didn't bet)
Seat 3: 8dd813f (button) folded on the Turn
Seat 4: 7423122f (small blind) folded before Flop
Seat 5: 2ddfcb4a (big blind) won ($0.12)
Seat 6: b877e495 folded before Flop (didn't bet)


Poker Hand #HD1155382230: Hold'em No Limit  ($0.02/$0.05) - 2023/03/11 12:24:28
Table 'NLHBlue45' 6-max Seat #2 is the button
Seat 1: 47866fa5 ($10.35 in chips)
Seat 2: Hero ($5 in chips)
Seat 3: 8dd813f ($1.21 in chips)
Seat 4: 7423122f ($5.07 in chips)
Seat 5: 2ddfcb4a ($7.84 in chips)
Seat 6: b877e495 ($6.03 in chips)
8dd813f: posts small blind $0.02
7423122f: posts big blind $0.05
*** HOLE CARDS ***
Dealt to 47866fa5 
Dealt to Hero [8s 6s]
Dealt to 8dd813f 
Dealt to 7423122f 
Dealt to 2ddfcb4a 
Dealt to b877e495 
2ddfcb4a: folds
b877e495: folds
47866fa5: folds
Hero: raises $0.07 to $0.12
8dd813f: folds
7423122f: folds
Uncalled bet ($0.07) returned to Hero
*** SHOWDOWN ***
Hero collected $0.12 from pot
*** SUMMARY ***
Total pot $0.12 | Rake $0 | Jackpot $0 | Bingo $0 | Fortune $0
Seat 1: 47866fa5 folded before Flop (didn't bet)
Seat 2: Hero (button) collected ($0.12)
Seat 3: 8dd813f (small blind) folded before Flop
Seat 4: 7423122f (big blind) folded before Flop
Seat 5: 2ddfcb4a folded before Flop (didn't bet)
Seat 6: b877e495 folded before Flop (didn't bet)


Poker Hand #HD1155382122: Hold'em No Limit  ($0.02/$0.05) - 2023/03/11 12:23:40
Table 'NLHBlue45' 6-max Seat #1 is the button
Seat 1: 47866fa5 ($10.35 in chips)
Seat 2: Hero ($5 in chips)
Seat 3: 8dd813f ($1 in chips)
Seat 4: 7423122f ($5.07 in chips)
Seat 5: 2ddfcb4a ($7.84 in chips)
Seat 6: b877e495 ($6.24 in chips)
Hero: posts small blind $0.02
8dd813f: posts big blind $0.05
*** HOLE CARDS ***
Dealt to 47866fa5 
Dealt to Hero [2c 3c]
Dealt to 8dd813f 
Dealt to 7423122f 
Dealt to 2ddfcb4a 
Dealt to b877e495 
7423122f: folds
2ddfcb4a: folds
b877e495: raises $0.07 to $0.12
47866fa5: folds
Hero: folds
8dd813f: calls $0.07
*** FLOP *** [2h 7c 7d]
8dd813f: checks
b877e495: bets $0.09
8dd813f: calls $0.09
*** TURN *** [2h 7c 7d] [6s]
8dd813f: checks
b877e495: checks
*** RIVER *** [2h 7c 7d 6s] [5c]
8dd813f: bets $0.79 and is all-in
b877e495: folds
Uncalled bet ($0.79) returned to 8dd813f
*** SHOWDOWN ***
8dd813f collected $0.42 from pot
*** SUMMARY ***
Total pot $0.44 | Rake $0.02 | Jackpot $0 | Bingo $0 | Fortune $0
Board [2h 7c 7d 6s 5c]
Seat 1: 47866fa5 (button) folded before Flop (didn't bet)
Seat 2: Hero (small blind) folded before Flop
Seat 3: 8dd813f (big blind) won ($0.42)
Seat 4: 7423122f folded before Flop (didn't bet)
Seat 5: 2ddfcb4a folded before Flop (didn't bet)
Seat 6: b877e495 folded on the River


Poker Hand #HD1155381978: Hold'em No Limit  ($0.02/$0.05) - 2023/03/11 12:22:28
Table 'NLHBlue45' 6-max Seat #6 is the button
Seat 1: 47866fa5 ($10.37 in chips)
Seat 2: Hero ($5 in chips)
Seat 4: 7423122f ($5.07 in chips)
Seat 5: 2ddfcb4a ($5.87 in chips)
Seat 6: b877e495 ($6.24 in chips)
47866fa5: posts small blind $0.02
Hero: posts big blind $0.05
*** HOLE CARDS ***
Dealt to 47866fa5 
Dealt to Hero [Td Th]
Dealt to 7423122f 
Dealt to 2ddfcb4a 
Dealt to b877e495 
7423122f: folds
2ddfcb4a: raises $0.08 to $0.13
b877e495: folds
47866fa5: folds
Hero: raises $0.42 to $0.55
2ddfcb4a: calls $0.42
*** FLOP *** [Kc 7h 6s]
Hero: bets $0.37
2ddfcb4a: calls $0.37
*** TURN *** [Kc 7h 6s] [4c]
Hero: checks
2ddfcb4a: bets $1.3
Hero: calls $1.3
*** RIVER *** [Kc 7h 6s 4c] [8c]
Hero: checks
2ddfcb4a: checks
Hero: shows [Td Th] (Pair of Tens)
2ddfcb4a: shows [Kh Qh] (Pair of Kings)
*** SHOWDOWN ***
2ddfcb4a collected $4.19 from pot
*** SUMMARY ***
Total pot $4.46 | Rake $0.22 | Jackpot $0.05 | Bingo $0 | Fortune $0
Board [Kc 7h 6s 4c 8c]
Seat 1: 47866fa5 (small blind) folded before Flop
Seat 2: Hero (big blind) showed [Td Th] and lost with Pair of Tens
Seat 4: 7423122f folded before Flop (didn't bet)
Seat 5: 2ddfcb4a showed [Kh Qh] and won ($4.19) with Pair of Kings
Seat 6: b877e495 (button) folded before Flop (didn't bet)


