Poker Hand #HD1175702094: Hold'em No Limit  ($0.02/$0.05) - 2023/03/25 19:44:04
Table 'NLHBlue105' 6-max Seat #2 is the button
Seat 1: 59fc0465 ($5.07 in chips)
Seat 2: 9df632ab ($5.49 in chips)
Seat 3: c4ddcdd6 ($5.39 in chips)
Seat 4: cf6f6332 ($9.33 in chips)
Seat 5: Hero ($5.75 in chips)
c4ddcdd6: posts small blind $0.02
cf6f6332: posts big blind $0.05
*** HOLE CARDS ***
Dealt to 59fc0465 
Dealt to 9df632ab 
Dealt to c4ddcdd6 
Dealt to cf6f6332 
Dealt to Hero [8s 6h]
Hero: folds
59fc0465: folds
9df632ab: raises $0.08 to $0.13
c4ddcdd6: folds
cf6f6332: folds
Uncalled bet ($0.08) returned to 9df632ab
*** SHOWDOWN ***
9df632ab collected $0.12 from pot
*** SUMMARY ***
Total pot $0.12 | Rake $0 | Jackpot $0 | Bingo $0 | Fortune $0
Seat 1: 59fc0465 folded before Flop (didn't bet)
Seat 2: 9df632ab (button) collected ($0.12)
Seat 3: c4ddcdd6 (small blind) folded before Flop
Seat 4: cf6f6332 (big blind) folded before Flop
Seat 5: Hero folded before Flop (didn't bet)


Poker Hand #HD1175702050: Hold'em No Limit  ($0.02/$0.05) - 2023/03/25 19:43:40
Table 'NLHBlue105' 6-max Seat #1 is the button
Seat 1: 59fc0465 ($5.07 in chips)
Seat 2: 9df632ab ($5.44 in chips)
Seat 3: c4ddcdd6 ($5.44 in chips)
Seat 4: cf6f6332 ($9.33 in chips)
Seat 5: Hero ($5.75 in chips)
9df632ab: posts small blind $0.02
c4ddcdd6: posts big blind $0.05
*** HOLE CARDS ***
Dealt to 59fc0465 
Dealt to 9df632ab 
Dealt to c4ddcdd6 
Dealt to cf6f6332 
Dealt to Hero [2s 5s]
cf6f6332: folds
Hero: folds
59fc0465: folds
9df632ab: raises $0.12 to $0.17
c4ddcdd6: folds
Uncalled bet ($0.12) returned to 9df632ab
*** SHOWDOWN ***
9df632ab collected $0.1 from pot
*** SUMMARY ***
Total pot $0.1 | Rake $0 | Jackpot $0 | Bingo $0 | Fortune $0
Seat 1: 59fc0465 (button) folded before Flop (didn't bet)
Seat 2: 9df632ab (small blind) collected ($0.1)
Seat 3: c4ddcdd6 (big blind) folded before Flop
Seat 4: cf6f6332 folded before Flop (didn't bet)
Seat 5: Hero folded before Flop (didn't bet)


Poker Hand #HD1175701981: Hold'em No Limit  ($0.02/$0.05) - 2023/03/25 19:43:13
Table 'NLHBlue105' 6-max Seat #5 is the button
Seat 1: 59fc0465 ($5.12 in chips)
Seat 2: 9df632ab ($5.37 in chips)
Seat 3: c4ddcdd6 ($5.44 in chips)
Seat 4: cf6f6332 ($9.33 in chips)
Seat 5: Hero ($5.75 in chips)
Seat 6: 3267cabd ($5.02 in chips)
3267cabd: posts small blind $0.02
59fc0465: posts big blind $0.05
*** HOLE CARDS ***
Dealt to 59fc0465 
Dealt to 9df632ab 
Dealt to c4ddcdd6 
Dealt to cf6f6332 
Dealt to Hero [2d 7s]
Dealt to 3267cabd 
9df632ab: raises $0.1 to $0.15
c4ddcdd6: folds
cf6f6332: folds
Hero: folds
3267cabd: folds
59fc0465: folds
Uncalled bet ($0.1) returned to 9df632ab
*** SHOWDOWN ***
9df632ab collected $0.12 from pot
*** SUMMARY ***
Total pot $0.12 | Rake $0 | Jackpot $0 | Bingo $0 | Fortune $0
Seat 1: 59fc0465 (big blind) folded before Flop
Seat 2: 9df632ab collected ($0.12)
Seat 3: c4ddcdd6 folded before Flop (didn't bet)
Seat 4: cf6f6332 folded before Flop (didn't bet)
Seat 5: Hero (button) folded before Flop (didn't bet)
Seat 6: 3267cabd (small blind) folded before Flop


Poker Hand #HD1175701929: Hold'em No Limit  ($0.02/$0.05) - 2023/03/25 19:42:47
Table 'NLHBlue105' 6-max Seat #4 is the button
Seat 1: 59fc0465 ($5.12 in chips)
Seat 2: 9df632ab ($5.37 in chips)
Seat 3: c4ddcdd6 ($5.44 in chips)
Seat 4: cf6f6332 ($9.33 in chips)
Seat 5: Hero ($5.77 in chips)
Seat 6: 3267cabd ($5 in chips)
Hero: posts small blind $0.02
3267cabd: posts big blind $0.05
*** HOLE CARDS ***
Dealt to 59fc0465 
Dealt to 9df632ab 
Dealt to c4ddcdd6 
Dealt to cf6f6332 
Dealt to Hero [7c 6h]
Dealt to 3267cabd 
59fc0465: folds
9df632ab: folds
c4ddcdd6: folds
cf6f6332: folds
Hero: folds
Uncalled bet ($0.03) returned to 3267cabd
*** SHOWDOWN ***
3267cabd collected $0.04 from pot
*** SUMMARY ***
Total pot $0.04 | Rake $0 | Jackpot $0 | Bingo $0 | Fortune $0
Seat 1: 59fc0465 folded before Flop (didn't bet)
Seat 2: 9df632ab folded before Flop (didn't bet)
Seat 3: c4ddcdd6 folded before Flop (didn't bet)
Seat 4: cf6f6332 (button) folded before Flop (didn't bet)
Seat 5: Hero (small blind) folded before Flop
Seat 6: 3267cabd (big blind) collected ($0.04)


Poker Hand #HD1175701825: Hold'em No Limit  ($0.02/$0.05) - 2023/03/25 19:41:55
Table 'NLHBlue105' 6-max Seat #3 is the button
Seat 1: 59fc0465 ($5.01 in chips)
Seat 2: 9df632ab ($5.37 in chips)
Seat 3: c4ddcdd6 ($5.44 in chips)
Seat 4: cf6f6332 ($9.35 in chips)
Seat 5: Hero ($5.87 in chips)
Seat 6: 3267cabd ($5 in chips)
cf6f6332: posts small blind $0.02
Hero: posts big blind $0.05
*** HOLE CARDS ***
Dealt to 59fc0465 
Dealt to 9df632ab 
Dealt to c4ddcdd6 
Dealt to cf6f6332 
Dealt to Hero [Jh 7h]
Dealt to 3267cabd 
3267cabd: folds
59fc0465: raises $0.05 to $0.1
9df632ab: folds
c4ddcdd6: folds
cf6f6332: folds
Hero: calls $0.05
*** FLOP *** [Qd 5d 8s]
Hero: checks
59fc0465: bets $0.11
Hero: folds
Uncalled bet ($0.11) returned to 59fc0465
*** SHOWDOWN ***
59fc0465 collected $0.21 from pot
*** SUMMARY ***
Total pot $0.22 | Rake $0.01 | Jackpot $0 | Bingo $0 | Fortune $0
Board [Qd 5d 8s]
Seat 1: 59fc0465 won ($0.21)
Seat 2: 9df632ab folded before Flop (didn't bet)
Seat 3: c4ddcdd6 (button) folded before Flop (didn't bet)
Seat 4: cf6f6332 (small blind) folded before Flop
Seat 5: Hero (big blind) folded on the Flop
Seat 6: 3267cabd folded before Flop (didn't bet)


Poker Hand #HD1175701701: Hold'em No Limit  ($0.02/$0.05) - 2023/03/25 19:40:51
Table 'NLHBlue105' 6-max Seat #2 is the button
Seat 1: 59fc0465 ($5.01 in chips)
Seat 2: 9df632ab ($5.37 in chips)
Seat 3: c4ddcdd6 ($5.59 in chips)
Seat 4: cf6f6332 ($9.21 in chips)
Seat 5: Hero ($5.87 in chips)
Seat 6: 3267cabd ($5 in chips)
c4ddcdd6: posts small blind $0.02
cf6f6332: posts big blind $0.05
*** HOLE CARDS ***
Dealt to 59fc0465 
Dealt to 9df632ab 
Dealt to c4ddcdd6 
Dealt to cf6f6332 
Dealt to Hero [Ts 7d]
Dealt to 3267cabd 
Hero: folds
3267cabd: folds
59fc0465: folds
9df632ab: folds
c4ddcdd6: raises $0.1 to $0.15
cf6f6332: calls $0.1
*** FLOP *** [9h 5s Qh]
c4ddcdd6: checks
cf6f6332: bets $0.15
c4ddcdd6: folds
Uncalled bet ($0.15) returned to cf6f6332
*** SHOWDOWN ***
cf6f6332 collected $0.29 from pot
*** SUMMARY ***
Total pot $0.3 | Rake $0.01 | Jackpot $0 | Bingo $0 | Fortune $0
Board [9h 5s Qh]
Seat 1: 59fc0465 folded before Flop (didn't bet)
Seat 2: 9df632ab (button) folded before Flop (didn't bet)
Seat 3: c4ddcdd6 (small blind) folded on the Flop
Seat 4: cf6f6332 (big blind) won ($0.29)
Seat 5: Hero folded before Flop (didn't bet)
Seat 6: 3267cabd folded before Flop (didn't bet)


Poker Hand #HD1175701508: Hold'em No Limit  ($0.02/$0.05) - 2023/03/25 19:39:21
Table 'NLHBlue105' 6-max Seat #1 is the button
Seat 1: 59fc0465 ($5.01 in chips)
Seat 2: 9df632ab ($5.39 in chips)
Seat 3: c4ddcdd6 ($5.34 in chips)
Seat 4: cf6f6332 ($9.21 in chips)
Seat 5: Hero ($5.99 in chips)
Seat 6: 3267cabd ($5.12 in chips)
9df632ab: posts small blind $0.02
c4ddcdd6: posts big blind $0.05
*** HOLE CARDS ***
Dealt to 59fc0465 
Dealt to 9df632ab 
Dealt to c4ddcdd6 
Dealt to cf6f6332 
Dealt to Hero [Ac Qc]
Dealt to 3267cabd 
cf6f6332: folds
Hero: raises $0.07 to $0.12
3267cabd: calls $0.12
59fc0465: folds
9df632ab: folds
c4ddcdd6: calls $0.07
*** FLOP *** [Kc 9s Ts]
c4ddcdd6: checks
Hero: checks
3267cabd: checks
*** TURN *** [Kc 9s Ts] [7s]
c4ddcdd6: checks
Hero: checks
3267cabd: checks
*** RIVER *** [Kc 9s Ts 7s] [Td]
c4ddcdd6: checks
Hero: checks
3267cabd: checks
c4ddcdd6: shows [7c 4c] (Pair of Tens and Pair of Sevens)
Hero: shows [Ac Qc] (Pair of Tens)
3267cabd: shows [5h 5d] (Pair of Tens and Pair of Fives)
*** SHOWDOWN ***
c4ddcdd6 collected $0.37 from pot
*** SUMMARY ***
Total pot $0.38 | Rake $0.01 | Jackpot $0 | Bingo $0 | Fortune $0
Board [Kc 9s Ts 7s Td]
Seat 1: 59fc0465 (button) folded before Flop (didn't bet)
Seat 2: 9df632ab (small blind) folded before Flop
Seat 3: c4ddcdd6 (big blind) showed [7c 4c] and won ($0.37) with Pair of Tens and Pair of Sevens
Seat 4: cf6f6332 folded before Flop (didn't bet)
Seat 5: Hero showed [Ac Qc] and lost with Pair of Tens
Seat 6: 3267cabd showed [5h 5d] and lost with Pair of Tens and Pair of Fives


Poker Hand #HD1175701335: Hold'em No Limit  ($0.02/$0.05) - 2023/03/25 19:37:59
Table 'NLHBlue105' 6-max Seat #6 is the button
Seat 1: 59fc0465 ($5.18 in chips)
Seat 2: 9df632ab ($5.23 in chips)
Seat 3: c4ddcdd6 ($5.34 in chips)
Seat 4: cf6f6332 ($9.21 in chips)
Seat 5: Hero ($5.99 in chips)
Seat 6: 3267cabd ($5.12 in chips)
59fc0465: posts small blind $0.02
9df632ab: posts big blind $0.05
*** HOLE CARDS ***
Dealt to 59fc0465 
Dealt to 9df632ab 
Dealt to c4ddcdd6 
Dealt to cf6f6332 
Dealt to Hero [6h 8s]
Dealt to 3267cabd 
c4ddcdd6: folds
cf6f6332: folds
Hero: folds
3267cabd: folds
59fc0465: calls $0.03
9df632ab: checks
*** FLOP *** [Jh 6c Ks]
59fc0465: checks
9df632ab: checks
*** TURN *** [Jh 6c Ks] [Kc]
59fc0465: bets $0.05
9df632ab: calls $0.05
*** RIVER *** [Jh 6c Ks Kc] [8c]
59fc0465: bets $0.07
9df632ab: calls $0.07
59fc0465: shows [Qc Ts] (Pair of Kings)
9df632ab: shows [Js 3s] (Pair of Kings and Pair of Jacks)
*** SHOWDOWN ***
9df632ab collected $0.33 from pot
*** SUMMARY ***
Total pot $0.34 | Rake $0.01 | Jackpot $0 | Bingo $0 | Fortune $0
Board [Jh 6c Ks Kc 8c]
Seat 1: 59fc0465 (small blind) showed [Qc Ts] and lost with Pair of Kings
Seat 2: 9df632ab (big blind) showed [Js 3s] and won ($0.33) with Pair of Kings and Pair of Jacks
Seat 3: c4ddcdd6 folded before Flop (didn't bet)
Seat 4: cf6f6332 folded before Flop (didn't bet)
Seat 5: Hero folded before Flop (didn't bet)
Seat 6: 3267cabd (button) folded before Flop (didn't bet)


Poker Hand #HD1175701283: Hold'em No Limit  ($0.02/$0.05) - 2023/03/25 19:37:35
Table 'NLHBlue105' 6-max Seat #5 is the button
Seat 1: 59fc0465 ($5.16 in chips)
Seat 2: 9df632ab ($5.23 in chips)
Seat 3: c4ddcdd6 ($5.34 in chips)
Seat 4: cf6f6332 ($9.21 in chips)
Seat 5: Hero ($5.99 in chips)
Seat 6: 3267cabd ($5.14 in chips)
3267cabd: posts small blind $0.02
59fc0465: posts big blind $0.05
*** HOLE CARDS ***
Dealt to 59fc0465 
Dealt to 9df632ab 
Dealt to c4ddcdd6 
Dealt to cf6f6332 
Dealt to Hero [7s 3s]
Dealt to 3267cabd 
9df632ab: folds
c4ddcdd6: folds
cf6f6332: folds
Hero: folds
3267cabd: folds
Uncalled bet ($0.03) returned to 59fc0465
*** SHOWDOWN ***
59fc0465 collected $0.04 from pot
*** SUMMARY ***
Total pot $0.04 | Rake $0 | Jackpot $0 | Bingo $0 | Fortune $0
Seat 1: 59fc0465 (big blind) collected ($0.04)
Seat 2: 9df632ab folded before Flop (didn't bet)
Seat 3: c4ddcdd6 folded before Flop (didn't bet)
Seat 4: cf6f6332 folded before Flop (didn't bet)
Seat 5: Hero (button) folded before Flop (didn't bet)
Seat 6: 3267cabd (small blind) folded before Flop


Poker Hand #HD1175701168: Hold'em No Limit  ($0.02/$0.05) - 2023/03/25 19:36:39
Table 'NLHBlue105' 6-max Seat #4 is the button
Seat 1: 59fc0465 ($5.16 in chips)
Seat 2: 9df632ab ($5.23 in chips)
Seat 3: c4ddcdd6 ($5.34 in chips)
Seat 4: cf6f6332 ($9.34 in chips)
Seat 5: Hero ($6.01 in chips)
Seat 6: 3267cabd ($5 in chips)
Hero: posts small blind $0.02
3267cabd: posts big blind $0.05
*** HOLE CARDS ***
Dealt to 59fc0465 
Dealt to 9df632ab 
Dealt to c4ddcdd6 
Dealt to cf6f6332 
Dealt to Hero [6c 3d]
Dealt to 3267cabd 
59fc0465: folds
9df632ab: folds
c4ddcdd6: folds
cf6f6332: raises $0.08 to $0.13
Hero: folds
3267cabd: calls $0.08
*** FLOP *** [4h 5s 4d]
3267cabd: checks
cf6f6332: checks
*** TURN *** [4h 5s 4d] [5d]
3267cabd: bets $0.14
cf6f6332: folds
Uncalled bet ($0.14) returned to 3267cabd
*** SHOWDOWN ***
3267cabd collected $0.27 from pot
*** SUMMARY ***
Total pot $0.28 | Rake $0.01 | Jackpot $0 | Bingo $0 | Fortune $0
Board [4h 5s 4d 5d]
Seat 1: 59fc0465 folded before Flop (didn't bet)
Seat 2: 9df632ab folded before Flop (didn't bet)
Seat 3: c4ddcdd6 folded before Flop (didn't bet)
Seat 4: cf6f6332 (button) folded on the Turn
Seat 5: Hero (small blind) folded before Flop
Seat 6: 3267cabd (big blind) won ($0.27)


Poker Hand #HD1175701089: Hold'em No Limit  ($0.02/$0.05) - 2023/03/25 19:36:02
Table 'NLHBlue105' 6-max Seat #3 is the button
Seat 1: 59fc0465 ($5.16 in chips)
Seat 2: 9df632ab ($5.16 in chips)
Seat 3: c4ddcdd6 ($5.34 in chips)
Seat 4: cf6f6332 ($9.36 in chips)
Seat 5: Hero ($6.06 in chips)
Seat 6: 3267cabd ($5 in chips)
cf6f6332: posts small blind $0.02
Hero: posts big blind $0.05
*** HOLE CARDS ***
Dealt to 59fc0465 
Dealt to 9df632ab 
Dealt to c4ddcdd6 
Dealt to cf6f6332 
Dealt to Hero [3d Jd]
Dealt to 3267cabd 
3267cabd: folds
59fc0465: folds
9df632ab: raises $0.1 to $0.15
c4ddcdd6: folds
cf6f6332: folds
Hero: folds
Uncalled bet ($0.1) returned to 9df632ab
*** SHOWDOWN ***
9df632ab collected $0.12 from pot
*** SUMMARY ***
Total pot $0.12 | Rake $0 | Jackpot $0 | Bingo $0 | Fortune $0
Seat 1: 59fc0465 folded before Flop (didn't bet)
Seat 2: 9df632ab collected ($0.12)
Seat 3: c4ddcdd6 (button) folded before Flop (didn't bet)
Seat 4: cf6f6332 (small blind) folded before Flop
Seat 5: Hero (big blind) folded before Flop
Seat 6: 3267cabd folded before Flop (didn't bet)


Poker Hand #HD1175700990: Hold'em No Limit  ($0.02/$0.05) - 2023/03/25 19:35:07
Table 'NLHBlue105' 6-max Seat #2 is the button
Seat 1: 59fc0465 ($5.16 in chips)
Seat 2: 9df632ab ($5.16 in chips)
Seat 3: c4ddcdd6 ($5.29 in chips)
Seat 4: cf6f6332 ($9.41 in chips)
Seat 5: Hero ($6.06 in chips)
Seat 6: 3267cabd ($5 in chips)
c4ddcdd6: posts small blind $0.02
cf6f6332: posts big blind $0.05
*** HOLE CARDS ***
Dealt to 59fc0465 
Dealt to 9df632ab 
Dealt to c4ddcdd6 
Dealt to cf6f6332 
Dealt to Hero [9d 7h]
Dealt to 3267cabd 
Hero: folds
3267cabd: folds
59fc0465: folds
9df632ab: folds
c4ddcdd6: raises $0.1 to $0.15
cf6f6332: folds
Uncalled bet ($0.1) returned to c4ddcdd6
*** SHOWDOWN ***
c4ddcdd6 collected $0.1 from pot
*** SUMMARY ***
Total pot $0.1 | Rake $0 | Jackpot $0 | Bingo $0 | Fortune $0
Seat 1: 59fc0465 folded before Flop (didn't bet)
Seat 2: 9df632ab (button) folded before Flop (didn't bet)
Seat 3: c4ddcdd6 (small blind) collected ($0.1)
Seat 4: cf6f6332 (big blind) folded before Flop
Seat 5: Hero folded before Flop (didn't bet)
Seat 6: 3267cabd folded before Flop (didn't bet)


Poker Hand #HD1175700840: Hold'em No Limit  ($0.02/$0.05) - 2023/03/25 19:33:58
Table 'NLHBlue105' 6-max Seat #1 is the button
Seat 1: 59fc0465 ($5.16 in chips)
Seat 2: 9df632ab ($5 in chips)
Seat 3: c4ddcdd6 ($5.46 in chips)
Seat 4: cf6f6332 ($9.41 in chips)
Seat 5: Hero ($6.06 in chips)
Seat 6: 3267cabd ($5 in chips)
9df632ab: posts small blind $0.02
c4ddcdd6: posts big blind $0.05
*** HOLE CARDS ***
Dealt to 59fc0465 
Dealt to 9df632ab 
Dealt to c4ddcdd6 
Dealt to cf6f6332 
Dealt to Hero [Ad 3c]
Dealt to 3267cabd 
cf6f6332: folds
Hero: folds
3267cabd: folds
59fc0465: folds
9df632ab: raises $0.12 to $0.17
c4ddcdd6: calls $0.12
*** FLOP *** [5c Qh 4h]
9df632ab: bets $0.17
c4ddcdd6: folds
Uncalled bet ($0.17) returned to 9df632ab
*** SHOWDOWN ***
9df632ab collected $0.33 from pot
*** SUMMARY ***
Total pot $0.34 | Rake $0.01 | Jackpot $0 | Bingo $0 | Fortune $0
Board [5c Qh 4h]
Seat 1: 59fc0465 (button) folded before Flop (didn't bet)
Seat 2: 9df632ab (small blind) won ($0.33)
Seat 3: c4ddcdd6 (big blind) folded on the Flop
Seat 4: cf6f6332 folded before Flop (didn't bet)
Seat 5: Hero folded before Flop (didn't bet)
Seat 6: 3267cabd folded before Flop (didn't bet)


Poker Hand #HD1175700762: Hold'em No Limit  ($0.02/$0.05) - 2023/03/25 19:33:18
Table 'NLHBlue105' 6-max Seat #6 is the button
Seat 1: 59fc0465 ($5.18 in chips)
Seat 2: 9df632ab ($5 in chips)
Seat 3: c4ddcdd6 ($5.59 in chips)
Seat 4: cf6f6332 ($9.41 in chips)
Seat 5: Hero ($5.87 in chips)
Seat 6: 3267cabd ($5 in chips)
59fc0465: posts small blind $0.02
9df632ab: posts big blind $0.05
*** HOLE CARDS ***
Dealt to 59fc0465 
Dealt to 9df632ab 
Dealt to c4ddcdd6 
Dealt to cf6f6332 
Dealt to Hero [Ac Qh]
Dealt to 3267cabd 
c4ddcdd6: raises $0.08 to $0.13
cf6f6332: folds
Hero: raises $0.27 to $0.4
3267cabd: folds
59fc0465: folds
9df632ab: folds
c4ddcdd6: folds
Uncalled bet ($0.27) returned to Hero
*** SHOWDOWN ***
Hero collected $0.32 from pot
*** SUMMARY ***
Total pot $0.33 | Rake $0.01 | Jackpot $0 | Bingo $0 | Fortune $0
Seat 1: 59fc0465 (small blind) folded before Flop
Seat 2: 9df632ab (big blind) folded before Flop
Seat 3: c4ddcdd6 folded before Flop
Seat 4: cf6f6332 folded before Flop (didn't bet)
Seat 5: Hero collected ($0.32)
Seat 6: 3267cabd (button) folded before Flop (didn't bet)


Poker Hand #HD1175700714: Hold'em No Limit  ($0.02/$0.05) - 2023/03/25 19:32:59
Table 'NLHBlue105' 6-max Seat #5 is the button
Seat 1: 59fc0465 ($5.16 in chips)
Seat 2: 9df632ab ($5 in chips)
Seat 3: c4ddcdd6 ($5.59 in chips)
Seat 4: cf6f6332 ($9.41 in chips)
Seat 5: Hero ($5.87 in chips)
Seat 6: 3267cabd ($5 in chips)
3267cabd: posts small blind $0.02
59fc0465: posts big blind $0.05
*** HOLE CARDS ***
Dealt to 59fc0465 
Dealt to 9df632ab 
Dealt to c4ddcdd6 
Dealt to cf6f6332 
Dealt to Hero [Td 7c]
Dealt to 3267cabd 
9df632ab: folds
c4ddcdd6: folds
cf6f6332: folds
Hero: folds
3267cabd: folds
Uncalled bet ($0.03) returned to 59fc0465
*** SHOWDOWN ***
59fc0465 collected $0.04 from pot
*** SUMMARY ***
Total pot $0.04 | Rake $0 | Jackpot $0 | Bingo $0 | Fortune $0
Seat 1: 59fc0465 (big blind) collected ($0.04)
Seat 2: 9df632ab folded before Flop (didn't bet)
Seat 3: c4ddcdd6 folded before Flop (didn't bet)
Seat 4: cf6f6332 folded before Flop (didn't bet)
Seat 5: Hero (button) folded before Flop (didn't bet)
Seat 6: 3267cabd (small blind) folded before Flop


Poker Hand #HD1175700635: Hold'em No Limit  ($0.02/$0.05) - 2023/03/25 19:32:18
Table 'NLHBlue105' 6-max Seat #4 is the button
Seat 1: 59fc0465 ($5.16 in chips)
Seat 2: 9df632ab ($5 in chips)
Seat 3: c4ddcdd6 ($5.52 in chips)
Seat 4: cf6f6332 ($9.41 in chips)
Seat 5: Hero ($5.89 in chips)
Seat 6: 3267cabd ($5 in chips)
Hero: posts small blind $0.02
3267cabd: posts big blind $0.05
*** HOLE CARDS ***
Dealt to 59fc0465 
Dealt to 9df632ab 
Dealt to c4ddcdd6 
Dealt to cf6f6332 
Dealt to Hero [7d 6d]
Dealt to 3267cabd 
59fc0465: folds
9df632ab: folds
c4ddcdd6: raises $0.08 to $0.13
cf6f6332: folds
Hero: folds
3267cabd: folds
Uncalled bet ($0.08) returned to c4ddcdd6
*** SHOWDOWN ***
c4ddcdd6 collected $0.12 from pot
*** SUMMARY ***
Total pot $0.12 | Rake $0 | Jackpot $0 | Bingo $0 | Fortune $0
Seat 1: 59fc0465 folded before Flop (didn't bet)
Seat 2: 9df632ab folded before Flop (didn't bet)
Seat 3: c4ddcdd6 collected ($0.12)
Seat 4: cf6f6332 (button) folded before Flop (didn't bet)
Seat 5: Hero (small blind) folded before Flop
Seat 6: 3267cabd (big blind) folded before Flop


Poker Hand #HD1175700499: Hold'em No Limit  ($0.02/$0.05) - 2023/03/25 19:31:14
Table 'NLHBlue105' 6-max Seat #3 is the button
Seat 1: 59fc0465 ($5 in chips)
Seat 2: 9df632ab ($5 in chips)
Seat 3: c4ddcdd6 ($5.62 in chips)
Seat 4: cf6f6332 ($9.43 in chips)
Seat 5: Hero ($5.94 in chips)
cf6f6332: posts small blind $0.02
Hero: posts big blind $0.05
*** HOLE CARDS ***
Dealt to 59fc0465 
Dealt to 9df632ab 
Dealt to c4ddcdd6 
Dealt to cf6f6332 
Dealt to Hero [Qc 3h]
59fc0465: raises $0.05 to $0.1
9df632ab: folds
c4ddcdd6: calls $0.1
cf6f6332: folds
Hero: folds
*** FLOP *** [4d As 2h]
59fc0465: checks
c4ddcdd6: checks
*** TURN *** [4d As 2h] [Td]
59fc0465: bets $0.14
c4ddcdd6: folds
Uncalled bet ($0.14) returned to 59fc0465
*** SHOWDOWN ***
59fc0465 collected $0.26 from pot
*** SUMMARY ***
Total pot $0.27 | Rake $0.01 | Jackpot $0 | Bingo $0 | Fortune $0
Board [4d As 2h Td]
Seat 1: 59fc0465 won ($0.26)
Seat 2: 9df632ab folded before Flop (didn't bet)
Seat 3: c4ddcdd6 (button) folded on the Turn
Seat 4: cf6f6332 (small blind) folded before Flop
Seat 5: Hero (big blind) folded before Flop


Poker Hand #HD1175700439: Hold'em No Limit  ($0.02/$0.05) - 2023/03/25 19:30:49
Table 'NLHBlue105' 6-max Seat #2 is the button
Seat 1: 59fc0465 ($5 in chips)
Seat 2: 9df632ab ($5 in chips)
Seat 3: c4ddcdd6 ($5.64 in chips)
Seat 4: cf6f6332 ($9.48 in chips)
Seat 5: Hero ($5.87 in chips)
c4ddcdd6: posts small blind $0.02
cf6f6332: posts big blind $0.05
*** HOLE CARDS ***
Dealt to 59fc0465 
Dealt to 9df632ab 
Dealt to c4ddcdd6 
Dealt to cf6f6332 
Dealt to Hero [Ah Js]
Hero: raises $0.07 to $0.12
59fc0465: folds
9df632ab: folds
c4ddcdd6: folds
cf6f6332: folds
Uncalled bet ($0.07) returned to Hero
*** SHOWDOWN ***
Hero collected $0.12 from pot
*** SUMMARY ***
Total pot $0.12 | Rake $0 | Jackpot $0 | Bingo $0 | Fortune $0
Seat 1: 59fc0465 folded before Flop (didn't bet)
Seat 2: 9df632ab (button) folded before Flop (didn't bet)
Seat 3: c4ddcdd6 (small blind) folded before Flop
Seat 4: cf6f6332 (big blind) folded before Flop
Seat 5: Hero collected ($0.12)


Poker Hand #HD1175700382: Hold'em No Limit  ($0.02/$0.05) - 2023/03/25 19:30:20
Table 'NLHBlue105' 6-max Seat #1 is the button
Seat 1: 59fc0465 ($5 in chips)
Seat 2: 9df632ab ($5 in chips)
Seat 3: c4ddcdd6 ($5.69 in chips)
Seat 4: cf6f6332 ($9.48 in chips)
Seat 5: Hero ($5.8 in chips)
9df632ab: posts small blind $0.02
c4ddcdd6: posts big blind $0.05
*** HOLE CARDS ***
Dealt to 59fc0465 
Dealt to 9df632ab 
Dealt to c4ddcdd6 
Dealt to cf6f6332 
Dealt to Hero [Jh Js]
cf6f6332: folds
Hero: raises $0.07 to $0.12
59fc0465: folds
9df632ab: folds
c4ddcdd6: folds
Uncalled bet ($0.07) returned to Hero
*** SHOWDOWN ***
Hero collected $0.12 from pot
*** SUMMARY ***
Total pot $0.12 | Rake $0 | Jackpot $0 | Bingo $0 | Fortune $0
Seat 1: 59fc0465 (button) folded before Flop (didn't bet)
Seat 2: 9df632ab (small blind) folded before Flop
Seat 3: c4ddcdd6 (big blind) folded before Flop
Seat 4: cf6f6332 folded before Flop (didn't bet)
Seat 5: Hero collected ($0.12)


Poker Hand #HD1175700056: Hold'em No Limit  ($0.02/$0.05) - 2023/03/25 19:27:47
Table 'NLHBlue105' 6-max Seat #5 is the button
Seat 1: 59fc0465 ($5 in chips)
Seat 2: 9df632ab ($5.16 in chips)
Seat 3: c4ddcdd6 ($5.02 in chips)
Seat 4: cf6f6332 ($9.48 in chips)
Seat 5: Hero ($5.8 in chips)
59fc0465: posts small blind $0.02
9df632ab: posts big blind $0.05
*** HOLE CARDS ***
Dealt to 59fc0465 
Dealt to 9df632ab 
Dealt to c4ddcdd6 
Dealt to cf6f6332 
Dealt to Hero [4c Kh]
c4ddcdd6: raises $0.08 to $0.13
cf6f6332: folds
Hero: folds
59fc0465: raises $0.23 to $0.36
9df632ab: calls $0.31
c4ddcdd6: calls $0.23
*** FLOP *** [4s 9d 4h]
59fc0465: checks
9df632ab: checks
c4ddcdd6: checks
*** TURN *** [4s 9d 4h] [Ts]
59fc0465: checks
9df632ab: checks
c4ddcdd6: checks
*** RIVER *** [4s 9d 4h Ts] [Jh]
59fc0465: checks
9df632ab: checks
c4ddcdd6: bets $0.36
59fc0465: folds
9df632ab: folds
Uncalled bet ($0.36) returned to c4ddcdd6
*** SHOWDOWN ***
c4ddcdd6 collected $1.03 from pot
*** SUMMARY ***
Total pot $1.08 | Rake $0.05 | Jackpot $0 | Bingo $0 | Fortune $0
Board [4s 9d 4h Ts Jh]
Seat 1: 59fc0465 (small blind) folded on the River
Seat 2: 9df632ab (big blind) folded on the River
Seat 3: c4ddcdd6 won ($1.03)
Seat 4: cf6f6332 folded before Flop (didn't bet)
Seat 5: Hero (button) folded before Flop (didn't bet)


Poker Hand #HD1175699875: Hold'em No Limit  ($0.02/$0.05) - 2023/03/25 19:26:22
Table 'NLHBlue105' 6-max Seat #4 is the button
Seat 1: 59fc0465 ($5 in chips)
Seat 2: 9df632ab ($5.16 in chips)
Seat 3: c4ddcdd6 ($5.02 in chips)
Seat 4: cf6f6332 ($5 in chips)
Seat 5: Hero ($5.82 in chips)
Hero: posts small blind $0.02
59fc0465: posts big blind $0.05
*** HOLE CARDS ***
Dealt to 59fc0465 
Dealt to 9df632ab 
Dealt to c4ddcdd6 
Dealt to cf6f6332 
Dealt to Hero [Tc 8h]
9df632ab: folds
c4ddcdd6: folds
cf6f6332: raises $0.08 to $0.13
Hero: folds
59fc0465: calls $0.08
*** FLOP *** [6s 2d 8d]
59fc0465: checks
cf6f6332: bets $0.21
59fc0465: raises $0.24 to $0.45
cf6f6332: raises $0.89 to $1.34
59fc0465: calls $0.89
*** TURN *** [6s 2d 8d] [2s]
59fc0465: checks
cf6f6332: bets $0.98
59fc0465: calls $0.98
*** RIVER *** [6s 2d 8d 2s] [4h]
59fc0465: bets $2.55 and is all-in
cf6f6332: calls $2.55 and is all-in
59fc0465: shows [3d 5d] (Sixes-High Straight)
cf6f6332: shows [6d 6c] (Sixes Full over Twos)
*** SHOWDOWN ***
cf6f6332 collected $9.48 from pot
*** SUMMARY ***
Total pot $10.02 | Rake $0.49 | Jackpot $0.05 | Bingo $0 | Fortune $0
Board [6s 2d 8d 2s 4h]
Seat 1: 59fc0465 (big blind) showed [3d 5d] and lost with Sixes-High Straight
Seat 2: 9df632ab folded before Flop (didn't bet)
Seat 3: c4ddcdd6 folded before Flop (didn't bet)
Seat 4: cf6f6332 (button) showed [6d 6c] and won ($9.48) with Sixes Full over Twos
Seat 5: Hero (small blind) folded before Flop


Poker Hand #HD1175699750: Hold'em No Limit  ($0.02/$0.05) - 2023/03/25 19:25:24
Table 'NLHBlue105' 6-max Seat #3 is the button
Seat 2: 9df632ab ($5 in chips)
Seat 3: c4ddcdd6 ($5.02 in chips)
Seat 4: cf6f6332 ($5.02 in chips)
Seat 5: Hero ($5.97 in chips)
cf6f6332: posts small blind $0.02
Hero: posts big blind $0.05
*** HOLE CARDS ***
Dealt to 9df632ab 
Dealt to c4ddcdd6 
Dealt to cf6f6332 
Dealt to Hero [2c 3c]
9df632ab: raises $0.1 to $0.15
c4ddcdd6: folds
cf6f6332: folds
Hero: calls $0.1
*** FLOP *** [Kd 3d 4s]
Hero: checks
9df632ab: bets $0.16
Hero: folds
Uncalled bet ($0.16) returned to 9df632ab
*** SHOWDOWN ***
9df632ab collected $0.31 from pot
*** SUMMARY ***
Total pot $0.32 | Rake $0.01 | Jackpot $0 | Bingo $0 | Fortune $0
Board [Kd 3d 4s]
Seat 2: 9df632ab won ($0.31)
Seat 3: c4ddcdd6 (button) folded before Flop (didn't bet)
Seat 4: cf6f6332 (small blind) folded before Flop
Seat 5: Hero (big blind) folded on the Flop


Poker Hand #HD1175699680: Hold'em No Limit  ($0.02/$0.05) - 2023/03/25 19:24:53
Table 'NLHBlue105' 6-max Seat #2 is the button
Seat 2: 9df632ab ($5 in chips)
Seat 3: c4ddcdd6 ($5 in chips)
Seat 4: cf6f6332 ($5 in chips)
Seat 5: Hero ($5.97 in chips)
c4ddcdd6: posts small blind $0.02
cf6f6332: posts big blind $0.05
*** HOLE CARDS ***
Dealt to 9df632ab 
Dealt to c4ddcdd6 
Dealt to cf6f6332 
Dealt to Hero [5s Ac]
Hero: folds
9df632ab: folds
c4ddcdd6: folds
Uncalled bet ($0.03) returned to cf6f6332
*** SHOWDOWN ***
cf6f6332 collected $0.04 from pot
*** SUMMARY ***
Total pot $0.04 | Rake $0 | Jackpot $0 | Bingo $0 | Fortune $0
Seat 2: 9df632ab (button) folded before Flop (didn't bet)
Seat 3: c4ddcdd6 (small blind) folded before Flop
Seat 4: cf6f6332 (big blind) collected ($0.04)
Seat 5: Hero folded before Flop (didn't bet)


Poker Hand #HD1175699583: Hold'em No Limit  ($0.02/$0.05) - 2023/03/25 19:24:08
Table 'NLHBlue105' 6-max Seat #5 is the button
Seat 2: 9df632ab ($5.05 in chips)
Seat 3: c4ddcdd6 ($5 in chips)
Seat 4: cf6f6332 ($5 in chips)
Seat 5: Hero ($5.4 in chips)
Seat 6: 9167d2fb ($0.58 in chips)
9167d2fb: posts small blind $0.02
9df632ab: posts big blind $0.05
*** HOLE CARDS ***
Dealt to 9df632ab 
Dealt to c4ddcdd6 
Dealt to cf6f6332 
Dealt to Hero [9h Th]
Dealt to 9167d2fb 
c4ddcdd6: folds
cf6f6332: folds
Hero: raises $0.07 to $0.12
9167d2fb: raises $0.46 to $0.58 and is all-in
9df632ab: folds
Hero: calls $0.46
9167d2fb: shows [Ad Td]
Hero: shows [9h Th]
*** FLOP *** [9s Qc Qd]
*** TURN *** [9s Qc Qd] [4c]
*** RIVER *** [9s Qc Qd 4c] [6s]
*** SHOWDOWN ***
Hero collected $1.15 from pot
*** SUMMARY ***
Total pot $1.21 | Rake $0.06 | Jackpot $0 | Bingo $0 | Fortune $0
Board [9s Qc Qd 4c 6s]
Seat 2: 9df632ab (big blind) folded before Flop
Seat 3: c4ddcdd6 folded before Flop (didn't bet)
Seat 4: cf6f6332 folded before Flop (didn't bet)
Seat 5: Hero (button) showed [9h Th] and won ($1.15) with Pair of Queens and Pair of Nines
Seat 6: 9167d2fb (small blind) showed [Ad Td] and lost with Pair of Queens


Poker Hand #HD1175699462: Hold'em No Limit  ($0.02/$0.05) - 2023/03/25 19:23:11
Table 'NLHBlue105' 6-max Seat #4 is the button
Seat 1: a9ef0ac0 ($6.56 in chips)
Seat 2: 9df632ab ($5.05 in chips)
Seat 3: c4ddcdd6 ($5 in chips)
Seat 4: cf6f6332 ($5 in chips)
Seat 5: Hero ($5 in chips)
Seat 6: 9167d2fb ($1.02 in chips)
Hero: posts small blind $0.02
9167d2fb: posts big blind $0.05
*** HOLE CARDS ***
Dealt to a9ef0ac0 
Dealt to 9df632ab 
Dealt to c4ddcdd6 
Dealt to cf6f6332 
Dealt to Hero [7c 5c]
Dealt to 9167d2fb 
a9ef0ac0: folds
9df632ab: folds
c4ddcdd6: folds
cf6f6332: folds
Hero: raises $0.09 to $0.14
9167d2fb: calls $0.09
*** FLOP *** [7d 6s 6c]
Hero: bets $0.08
9167d2fb: calls $0.08
*** TURN *** [7d 6s 6c] [9c]
Hero: bets $0.22
9167d2fb: calls $0.22
*** RIVER *** [7d 6s 6c 9c] [6h]
Hero: bets $0.44
9167d2fb: folds
Uncalled bet ($0.44) returned to Hero
*** SHOWDOWN ***
Hero collected $0.84 from pot
*** SUMMARY ***
Total pot $0.88 | Rake $0.04 | Jackpot $0 | Bingo $0 | Fortune $0
Board [7d 6s 6c 9c 6h]
Seat 1: a9ef0ac0 folded before Flop (didn't bet)
Seat 2: 9df632ab folded before Flop (didn't bet)
Seat 3: c4ddcdd6 folded before Flop (didn't bet)
Seat 4: cf6f6332 (button) folded before Flop (didn't bet)
Seat 5: Hero (small blind) won ($0.84)
Seat 6: 9167d2fb (big blind) folded on the River


Poker Hand #HD1175699330: Hold'em No Limit  ($0.02/$0.05) - 2023/03/25 19:22:09
Table 'NLHBlue105' 6-max Seat #3 is the button
Seat 1: a9ef0ac0 ($6.67 in chips)
Seat 2: 9df632ab ($5.05 in chips)
Seat 3: c4ddcdd6 ($5 in chips)
Seat 4: cf6f6332 ($5.02 in chips)
Seat 5: Hero ($5 in chips)
Seat 6: 9167d2fb ($0.85 in chips)
cf6f6332: posts small blind $0.02
Hero: posts big blind $0.05
*** HOLE CARDS ***
Dealt to a9ef0ac0 
Dealt to 9df632ab 
Dealt to c4ddcdd6 
Dealt to cf6f6332 
Dealt to Hero [4d Tc]
Dealt to 9167d2fb 
9167d2fb: calls $0.05
a9ef0ac0: calls $0.05
9df632ab: folds
c4ddcdd6: folds
cf6f6332: folds
Hero: checks
*** FLOP *** [9c 2c 5s]
Hero: checks
9167d2fb: checks
a9ef0ac0: checks
*** TURN *** [9c 2c 5s] [7h]
Hero: checks
9167d2fb: bets $0.06
a9ef0ac0: calls $0.06
Hero: folds
*** RIVER *** [9c 2c 5s 7h] [5h]
9167d2fb: checks
a9ef0ac0: checks
9167d2fb: shows [7d 6h] (Pair of Sevens and Pair of Fives)
a9ef0ac0: shows [4c 4s] (Pair of Fives and Pair of Fours)
*** SHOWDOWN ***
9167d2fb collected $0.28 from pot
*** SUMMARY ***
Total pot $0.29 | Rake $0.01 | Jackpot $0 | Bingo $0 | Fortune $0
Board [9c 2c 5s 7h 5h]
Seat 1: a9ef0ac0 showed [4c 4s] and lost with Pair of Fives and Pair of Fours
Seat 2: 9df632ab folded before Flop (didn't bet)
Seat 3: c4ddcdd6 (button) folded before Flop (didn't bet)
Seat 4: cf6f6332 (small blind) folded before Flop
Seat 5: Hero (big blind) folded on the Turn
Seat 6: 9167d2fb showed [7d 6h] and won ($0.28) with Pair of Sevens and Pair of Fives


