Poker Hand #HD1212445544: Hold'em No Limit  ($0.02/$0.05) - 2023/04/21 22:24:31
Table 'NLHBlue58' 6-max Seat #1 is the button
Seat 1: 22d167b4 ($5 in chips)
Seat 2: 5a076cad ($5 in chips)
Seat 3: b289c208 ($4.84 in chips)
Seat 4: Hero ($5.53 in chips)
Seat 5: 8a8d38cf ($4.8 in chips)
Seat 6: 27fa1df4 ($1.81 in chips)
5a076cad: posts small blind $0.02
b289c208: posts big blind $0.05
*** HOLE CARDS ***
Dealt to 22d167b4 
Dealt to 5a076cad 
Dealt to b289c208 
Dealt to Hero [4h As]
Dealt to 8a8d38cf 
Dealt to 27fa1df4 
Hero: folds
8a8d38cf: raises $0.1 to $0.15
27fa1df4: folds
22d167b4: folds
5a076cad: folds
b289c208: folds
Uncalled bet ($0.1) returned to 8a8d38cf
*** SHOWDOWN ***
8a8d38cf collected $0.12 from pot
*** SUMMARY ***
Total pot $0.12 | Rake $0 | Jackpot $0 | Bingo $0 | Fortune $0
Seat 1: 22d167b4 (button) folded before Flop (didn't bet)
Seat 2: 5a076cad (small blind) folded before Flop
Seat 3: b289c208 (big blind) folded before Flop
Seat 4: Hero folded before Flop (didn't bet)
Seat 5: 8a8d38cf collected ($0.12)
Seat 6: 27fa1df4 folded before Flop (didn't bet)


Poker Hand #HD1212445511: Hold'em No Limit  ($0.02/$0.05) - 2023/04/21 22:24:11
Table 'NLHBlue58' 6-max Seat #6 is the button
Seat 1: 22d167b4 ($5.02 in chips)
Seat 2: 5a076cad ($5 in chips)
Seat 3: b289c208 ($4.77 in chips)
Seat 4: Hero ($5.53 in chips)
Seat 5: 8a8d38cf ($4.8 in chips)
Seat 6: 27fa1df4 ($1.81 in chips)
22d167b4: posts small blind $0.02
5a076cad: posts big blind $0.05
*** HOLE CARDS ***
Dealt to 22d167b4 
Dealt to 5a076cad 
Dealt to b289c208 
Dealt to Hero [Ts 2d]
Dealt to 8a8d38cf 
Dealt to 27fa1df4 
b289c208: raises $0.08 to $0.13
Hero: folds
8a8d38cf: folds
27fa1df4: folds
22d167b4: folds
5a076cad: folds
Uncalled bet ($0.08) returned to b289c208
*** SHOWDOWN ***
b289c208 collected $0.12 from pot
*** SUMMARY ***
Total pot $0.12 | Rake $0 | Jackpot $0 | Bingo $0 | Fortune $0
Seat 1: 22d167b4 (small blind) folded before Flop
Seat 2: 5a076cad (big blind) folded before Flop
Seat 3: b289c208 collected ($0.12)
Seat 4: Hero folded before Flop (didn't bet)
Seat 5: 8a8d38cf folded before Flop (didn't bet)
Seat 6: 27fa1df4 (button) folded before Flop (didn't bet)


Poker Hand #HD1212445481: Hold'em No Limit  ($0.02/$0.05) - 2023/04/21 22:23:52
Table 'NLHBlue58' 6-max Seat #5 is the button
Seat 1: 22d167b4 ($5 in chips)
Seat 4: Hero ($5.53 in chips)
Seat 5: 8a8d38cf ($4.8 in chips)
Seat 6: 27fa1df4 ($1.83 in chips)
27fa1df4: posts small blind $0.02
22d167b4: posts big blind $0.05
*** HOLE CARDS ***
Dealt to 22d167b4 
Dealt to Hero [Ks 2c]
Dealt to 8a8d38cf 
Dealt to 27fa1df4 
Hero: folds
8a8d38cf: folds
27fa1df4: folds
Uncalled bet ($0.03) returned to 22d167b4
*** SHOWDOWN ***
22d167b4 collected $0.04 from pot
*** SUMMARY ***
Total pot $0.04 | Rake $0 | Jackpot $0 | Bingo $0 | Fortune $0
Seat 1: 22d167b4 (big blind) collected ($0.04)
Seat 4: Hero folded before Flop (didn't bet)
Seat 5: 8a8d38cf (button) folded before Flop (didn't bet)
Seat 6: 27fa1df4 (small blind) folded before Flop


Poker Hand #HD1212445444: Hold'em No Limit  ($0.02/$0.05) - 2023/04/21 22:23:33
Table 'NLHBlue58' 6-max Seat #4 is the button
Seat 1: 22d167b4 ($5 in chips)
Seat 3: b289c208 ($4.77 in chips)
Seat 4: Hero ($5.53 in chips)
Seat 5: 8a8d38cf ($4.82 in chips)
Seat 6: 27fa1df4 ($1.81 in chips)
8a8d38cf: posts small blind $0.02
27fa1df4: posts big blind $0.05
*** HOLE CARDS ***
Dealt to 22d167b4 
Dealt to b289c208 
Dealt to Hero [2s Ts]
Dealt to 8a8d38cf 
Dealt to 27fa1df4 
22d167b4: folds
b289c208: folds
Hero: folds
8a8d38cf: folds
Uncalled bet ($0.03) returned to 27fa1df4
*** SHOWDOWN ***
27fa1df4 collected $0.04 from pot
*** SUMMARY ***
Total pot $0.04 | Rake $0 | Jackpot $0 | Bingo $0 | Fortune $0
Seat 1: 22d167b4 folded before Flop (didn't bet)
Seat 3: b289c208 folded before Flop (didn't bet)
Seat 4: Hero (button) folded before Flop (didn't bet)
Seat 5: 8a8d38cf (small blind) folded before Flop
Seat 6: 27fa1df4 (big blind) collected ($0.04)


Poker Hand #HD1212445413: Hold'em No Limit  ($0.02/$0.05) - 2023/04/21 22:23:15
Table 'NLHBlue58' 6-max Seat #3 is the button
Seat 1: 22d167b4 ($5 in chips)
Seat 3: b289c208 ($4.77 in chips)
Seat 4: Hero ($5.55 in chips)
Seat 5: 8a8d38cf ($4.8 in chips)
Seat 6: 27fa1df4 ($1.81 in chips)
Hero: posts small blind $0.02
8a8d38cf: posts big blind $0.05
*** HOLE CARDS ***
Dealt to 22d167b4 
Dealt to b289c208 
Dealt to Hero [4d 7s]
Dealt to 8a8d38cf 
Dealt to 27fa1df4 
27fa1df4: folds
22d167b4: folds
b289c208: folds
Hero: folds
Uncalled bet ($0.03) returned to 8a8d38cf
*** SHOWDOWN ***
8a8d38cf collected $0.04 from pot
*** SUMMARY ***
Total pot $0.04 | Rake $0 | Jackpot $0 | Bingo $0 | Fortune $0
Seat 1: 22d167b4 folded before Flop (didn't bet)
Seat 3: b289c208 (button) folded before Flop (didn't bet)
Seat 4: Hero (small blind) folded before Flop
Seat 5: 8a8d38cf (big blind) collected ($0.04)
Seat 6: 27fa1df4 folded before Flop (didn't bet)


Poker Hand #HD1212445398: Hold'em No Limit  ($0.02/$0.05) - 2023/04/21 22:23:05
Table 'NLHBlue58' 6-max Seat #1 is the button
Seat 1: 22d167b4 ($5 in chips)
Seat 3: b289c208 ($4.79 in chips)
Seat 4: Hero ($5.53 in chips)
Seat 5: 8a8d38cf ($4.8 in chips)
Seat 6: 27fa1df4 ($1.81 in chips)
b289c208: posts small blind $0.02
Hero: posts big blind $0.05
*** HOLE CARDS ***
Dealt to 22d167b4 
Dealt to b289c208 
Dealt to Hero [9h 5h]
Dealt to 8a8d38cf 
Dealt to 27fa1df4 
8a8d38cf: folds
27fa1df4: folds
22d167b4: folds
b289c208: folds
Uncalled bet ($0.03) returned to Hero
*** SHOWDOWN ***
Hero collected $0.04 from pot
*** SUMMARY ***
Total pot $0.04 | Rake $0 | Jackpot $0 | Bingo $0 | Fortune $0
Seat 1: 22d167b4 (button) folded before Flop (didn't bet)
Seat 3: b289c208 (small blind) folded before Flop
Seat 4: Hero (big blind) collected ($0.04)
Seat 5: 8a8d38cf folded before Flop (didn't bet)
Seat 6: 27fa1df4 folded before Flop (didn't bet)


Poker Hand #HD1212445330: Hold'em No Limit  ($0.02/$0.05) - 2023/04/21 22:22:26
Table 'NLHBlue58' 6-max Seat #6 is the button
Seat 1: 22d167b4 ($5 in chips)
Seat 2: 5f254719 ($5.31 in chips)
Seat 3: b289c208 ($4.79 in chips)
Seat 4: Hero ($5.53 in chips)
Seat 5: 8a8d38cf ($4.8 in chips)
Seat 6: 27fa1df4 ($1.92 in chips)
22d167b4: posts small blind $0.02
5f254719: posts big blind $0.05
*** HOLE CARDS ***
Dealt to 22d167b4 
Dealt to 5f254719 
Dealt to b289c208 
Dealt to Hero [4d Th]
Dealt to 8a8d38cf 
Dealt to 27fa1df4 
b289c208: folds
Hero: folds
8a8d38cf: folds
27fa1df4: raises $0.06 to $0.11
22d167b4: folds
5f254719: calls $0.06
*** FLOP *** [Jh 8c 2s]
5f254719: checks
27fa1df4: checks
*** TURN *** [Jh 8c 2s] [Kd]
5f254719: checks
27fa1df4: checks
*** RIVER *** [Jh 8c 2s Kd] [5d]
5f254719: bets $0.14
27fa1df4: folds
Uncalled bet ($0.14) returned to 5f254719
*** SHOWDOWN ***
5f254719 collected $0.23 from pot
*** SUMMARY ***
Total pot $0.24 | Rake $0.01 | Jackpot $0 | Bingo $0 | Fortune $0
Board [Jh 8c 2s Kd 5d]
Seat 1: 22d167b4 (small blind) folded before Flop
Seat 2: 5f254719 (big blind) won ($0.23)
Seat 3: b289c208 folded before Flop (didn't bet)
Seat 4: Hero folded before Flop (didn't bet)
Seat 5: 8a8d38cf folded before Flop (didn't bet)
Seat 6: 27fa1df4 (button) folded on the River


Poker Hand #HD1212445223: Hold'em No Limit  ($0.02/$0.05) - 2023/04/21 22:21:26
Table 'NLHBlue58' 6-max Seat #5 is the button
Seat 1: 22d167b4 ($5 in chips)
Seat 2: 5f254719 ($5.15 in chips)
Seat 3: b289c208 ($4.79 in chips)
Seat 4: Hero ($5.53 in chips)
Seat 5: 8a8d38cf ($4.8 in chips)
Seat 6: 27fa1df4 ($1.94 in chips)
27fa1df4: posts small blind $0.02
22d167b4: posts big blind $0.05
*** HOLE CARDS ***
Dealt to 22d167b4 
Dealt to 5f254719 
Dealt to b289c208 
Dealt to Hero [4c Qh]
Dealt to 8a8d38cf 
Dealt to 27fa1df4 
5f254719: raises $0.1 to $0.15
b289c208: folds
Hero: folds
8a8d38cf: folds
27fa1df4: folds
22d167b4: calls $0.1
*** FLOP *** [2h Kh 6c]
22d167b4: checks
5f254719: checks
*** TURN *** [2h Kh 6c] [Jh]
22d167b4: checks
5f254719: bets $0.12
22d167b4: folds
Uncalled bet ($0.12) returned to 5f254719
*** SHOWDOWN ***
5f254719 collected $0.31 from pot
*** SUMMARY ***
Total pot $0.32 | Rake $0.01 | Jackpot $0 | Bingo $0 | Fortune $0
Board [2h Kh 6c Jh]
Seat 1: 22d167b4 (big blind) folded on the Turn
Seat 2: 5f254719 won ($0.31)
Seat 3: b289c208 folded before Flop (didn't bet)
Seat 4: Hero folded before Flop (didn't bet)
Seat 5: 8a8d38cf (button) folded before Flop (didn't bet)
Seat 6: 27fa1df4 (small blind) folded before Flop


Poker Hand #HD1212445146: Hold'em No Limit  ($0.02/$0.05) - 2023/04/21 22:20:38
Table 'NLHBlue58' 6-max Seat #4 is the button
Seat 1: 22d167b4 ($5 in chips)
Seat 2: 5f254719 ($5.15 in chips)
Seat 3: b289c208 ($4.79 in chips)
Seat 4: Hero ($5.77 in chips)
Seat 5: 8a8d38cf ($4.92 in chips)
Seat 6: 27fa1df4 ($1.61 in chips)
8a8d38cf: posts small blind $0.02
27fa1df4: posts big blind $0.05
*** HOLE CARDS ***
Dealt to 22d167b4 
Dealt to 5f254719 
Dealt to b289c208 
Dealt to Hero [7h As]
Dealt to 8a8d38cf 
Dealt to 27fa1df4 
22d167b4: folds
5f254719: folds
b289c208: folds
Hero: raises $0.07 to $0.12
8a8d38cf: calls $0.1
27fa1df4: calls $0.07
*** FLOP *** [7s 2c Ks]
8a8d38cf: checks
27fa1df4: bets $0.12
Hero: calls $0.12
8a8d38cf: folds
*** TURN *** [7s 2c Ks] [Jd]
27fa1df4: bets $0.2
Hero: folds
Uncalled bet ($0.2) returned to 27fa1df4
*** SHOWDOWN ***
27fa1df4 collected $0.57 from pot
*** SUMMARY ***
Total pot $0.6 | Rake $0.03 | Jackpot $0 | Bingo $0 | Fortune $0
Board [7s 2c Ks Jd]
Seat 1: 22d167b4 folded before Flop (didn't bet)
Seat 2: 5f254719 folded before Flop (didn't bet)
Seat 3: b289c208 folded before Flop (didn't bet)
Seat 4: Hero (button) folded on the Turn
Seat 5: 8a8d38cf (small blind) folded on the Flop
Seat 6: 27fa1df4 (big blind) won ($0.57)


Poker Hand #HD1212445074: Hold'em No Limit  ($0.02/$0.05) - 2023/04/21 22:19:50
Table 'NLHBlue58' 6-max Seat #3 is the button
Seat 1: 22d167b4 ($5 in chips)
Seat 2: 5f254719 ($4.85 in chips)
Seat 3: b289c208 ($5.05 in chips)
Seat 4: Hero ($5.79 in chips)
Seat 5: 8a8d38cf ($4.97 in chips)
Seat 6: 27fa1df4 ($1.61 in chips)
Hero: posts small blind $0.02
8a8d38cf: posts big blind $0.05
*** HOLE CARDS ***
Dealt to 22d167b4 
Dealt to 5f254719 
Dealt to b289c208 
Dealt to Hero [Kd 6s]
Dealt to 8a8d38cf 
Dealt to 27fa1df4 
27fa1df4: folds
22d167b4: folds
5f254719: raises $0.07 to $0.12
b289c208: calls $0.12
Hero: folds
8a8d38cf: folds
*** FLOP *** [7s 5s Th]
5f254719: bets $0.14
b289c208: calls $0.14
*** TURN *** [7s 5s Th] [Qd]
5f254719: bets $0.32
b289c208: folds
Uncalled bet ($0.32) returned to 5f254719
*** SHOWDOWN ***
5f254719 collected $0.56 from pot
*** SUMMARY ***
Total pot $0.59 | Rake $0.03 | Jackpot $0 | Bingo $0 | Fortune $0
Board [7s 5s Th Qd]
Seat 1: 22d167b4 folded before Flop (didn't bet)
Seat 2: 5f254719 won ($0.56)
Seat 3: b289c208 (button) folded on the Turn
Seat 4: Hero (small blind) folded before Flop
Seat 5: 8a8d38cf (big blind) folded before Flop
Seat 6: 27fa1df4 folded before Flop (didn't bet)


Poker Hand #HD1212445027: Hold'em No Limit  ($0.02/$0.05) - 2023/04/21 22:19:29
Table 'NLHBlue58' 6-max Seat #2 is the button
Seat 1: 22d167b4 ($5 in chips)
Seat 2: 5f254719 ($4.85 in chips)
Seat 3: b289c208 ($5 in chips)
Seat 4: Hero ($5.84 in chips)
Seat 5: 8a8d38cf ($4.97 in chips)
Seat 6: 27fa1df4 ($1.61 in chips)
b289c208: posts small blind $0.02
Hero: posts big blind $0.05
*** HOLE CARDS ***
Dealt to 22d167b4 
Dealt to 5f254719 
Dealt to b289c208 
Dealt to Hero [4c Kd]
Dealt to 8a8d38cf 
Dealt to 27fa1df4 
8a8d38cf: folds
27fa1df4: folds
22d167b4: folds
5f254719: folds
b289c208: raises $0.08 to $0.13
Hero: folds
Uncalled bet ($0.08) returned to b289c208
*** SHOWDOWN ***
b289c208 collected $0.1 from pot
*** SUMMARY ***
Total pot $0.1 | Rake $0 | Jackpot $0 | Bingo $0 | Fortune $0
Seat 1: 22d167b4 folded before Flop (didn't bet)
Seat 2: 5f254719 (button) folded before Flop (didn't bet)
Seat 3: b289c208 (small blind) collected ($0.1)
Seat 4: Hero (big blind) folded before Flop
Seat 5: 8a8d38cf folded before Flop (didn't bet)
Seat 6: 27fa1df4 folded before Flop (didn't bet)


Poker Hand #HD1212444861: Hold'em No Limit  ($0.02/$0.05) - 2023/04/21 22:17:52
Table 'NLHBlue58' 6-max Seat #1 is the button
Seat 1: 22d167b4 ($5.18 in chips)
Seat 2: 5f254719 ($4.19 in chips)
Seat 3: b289c208 ($5.13 in chips)
Seat 4: Hero ($5.84 in chips)
Seat 5: 8a8d38cf ($4.97 in chips)
Seat 6: 27fa1df4 ($1.61 in chips)
5f254719: posts small blind $0.02
b289c208: posts big blind $0.05
*** HOLE CARDS ***
Dealt to 22d167b4 
Dealt to 5f254719 
Dealt to b289c208 
Dealt to Hero [9s 4d]
Dealt to 8a8d38cf 
Dealt to 27fa1df4 
Hero: folds
8a8d38cf: folds
27fa1df4: folds
22d167b4: raises $0.08 to $0.13
5f254719: calls $0.11
b289c208: calls $0.08
*** FLOP *** [8c Kd 4c]
5f254719: checks
b289c208: checks
22d167b4: bets $0.13
5f254719: calls $0.13
b289c208: folds
*** TURN *** [8c Kd 4c] [6s]
5f254719: checks
22d167b4: bets $0.33
5f254719: calls $0.33
*** RIVER *** [8c Kd 4c 6s] [9h]
5f254719: checks
22d167b4: checks
5f254719: shows [2h Kh] (Pair of Kings)
22d167b4: shows [Ac 5c] (Ace-High)
*** SHOWDOWN ***
5f254719 collected $1.25 from pot
*** SUMMARY ***
Total pot $1.31 | Rake $0.06 | Jackpot $0 | Bingo $0 | Fortune $0
Board [8c Kd 4c 6s 9h]
Seat 1: 22d167b4 (button) showed [Ac 5c] and lost with Ace-High
Seat 2: 5f254719 (small blind) showed [2h Kh] and won ($1.25) with Pair of Kings
Seat 3: b289c208 (big blind) folded on the Flop
Seat 4: Hero folded before Flop (didn't bet)
Seat 5: 8a8d38cf folded before Flop (didn't bet)
Seat 6: 27fa1df4 folded before Flop (didn't bet)


Poker Hand #HD1212444769: Hold'em No Limit  ($0.02/$0.05) - 2023/04/21 22:17:00
Table 'NLHBlue58' 6-max Seat #6 is the button
Seat 1: 22d167b4 ($5.29 in chips)
Seat 2: 5f254719 ($4.09 in chips)
Seat 3: b289c208 ($5.13 in chips)
Seat 4: Hero ($5.84 in chips)
Seat 5: 8a8d38cf ($4.97 in chips)
Seat 6: 27fa1df4 ($1.61 in chips)
22d167b4: posts small blind $0.02
5f254719: posts big blind $0.05
*** HOLE CARDS ***
Dealt to 22d167b4 
Dealt to 5f254719 
Dealt to b289c208 
Dealt to Hero [Qd 5h]
Dealt to 8a8d38cf 
Dealt to 27fa1df4 
b289c208: folds
Hero: folds
8a8d38cf: folds
27fa1df4: folds
22d167b4: raises $0.06 to $0.11
5f254719: calls $0.06
*** FLOP *** [3c Jd 3s]
22d167b4: checks
5f254719: bets $0.11
22d167b4: folds
Uncalled bet ($0.11) returned to 5f254719
*** SHOWDOWN ***
5f254719 collected $0.21 from pot
*** SUMMARY ***
Total pot $0.22 | Rake $0.01 | Jackpot $0 | Bingo $0 | Fortune $0
Board [3c Jd 3s]
Seat 1: 22d167b4 (small blind) folded on the Flop
Seat 2: 5f254719 (big blind) won ($0.21)
Seat 3: b289c208 folded before Flop (didn't bet)
Seat 4: Hero folded before Flop (didn't bet)
Seat 5: 8a8d38cf folded before Flop (didn't bet)
Seat 6: 27fa1df4 (button) folded before Flop (didn't bet)


Poker Hand #HD1212444698: Hold'em No Limit  ($0.02/$0.05) - 2023/04/21 22:16:17
Table 'NLHBlue58' 6-max Seat #5 is the button
Seat 1: 22d167b4 ($5.34 in chips)
Seat 2: 5f254719 ($4.09 in chips)
Seat 3: b289c208 ($5.13 in chips)
Seat 4: Hero ($5.57 in chips)
Seat 5: 8a8d38cf ($5.09 in chips)
Seat 6: 27fa1df4 ($1.73 in chips)
27fa1df4: posts small blind $0.02
22d167b4: posts big blind $0.05
*** HOLE CARDS ***
Dealt to 22d167b4 
Dealt to 5f254719 
Dealt to b289c208 
Dealt to Hero [9s 9d]
Dealt to 8a8d38cf 
Dealt to 27fa1df4 
5f254719: folds
b289c208: folds
Hero: raises $0.07 to $0.12
8a8d38cf: calls $0.12
27fa1df4: calls $0.1
22d167b4: folds
*** FLOP *** [3c Ts 2d]
27fa1df4: checks
Hero: bets $0.21
8a8d38cf: folds
27fa1df4: folds
Uncalled bet ($0.21) returned to Hero
*** SHOWDOWN ***
Hero collected $0.39 from pot
*** SUMMARY ***
Total pot $0.41 | Rake $0.02 | Jackpot $0 | Bingo $0 | Fortune $0
Board [3c Ts 2d]
Seat 1: 22d167b4 (big blind) folded before Flop
Seat 2: 5f254719 folded before Flop (didn't bet)
Seat 3: b289c208 folded before Flop (didn't bet)
Seat 4: Hero won ($0.39)
Seat 5: 8a8d38cf (button) folded on the Flop
Seat 6: 27fa1df4 (small blind) folded on the Flop


Poker Hand #HD1212444655: Hold'em No Limit  ($0.02/$0.05) - 2023/04/21 22:15:56
Table 'NLHBlue58' 6-max Seat #4 is the button
Seat 1: 22d167b4 ($5.34 in chips)
Seat 2: 5f254719 ($4.09 in chips)
Seat 3: b289c208 ($5.13 in chips)
Seat 4: Hero ($5.57 in chips)
Seat 5: 8a8d38cf ($5.04 in chips)
Seat 6: 27fa1df4 ($1.78 in chips)
8a8d38cf: posts small blind $0.02
27fa1df4: posts big blind $0.05
*** HOLE CARDS ***
Dealt to 22d167b4 
Dealt to 5f254719 
Dealt to b289c208 
Dealt to Hero [3d Js]
Dealt to 8a8d38cf 
Dealt to 27fa1df4 
22d167b4: folds
5f254719: folds
b289c208: folds
Hero: folds
8a8d38cf: raises $0.1 to $0.15
27fa1df4: folds
Uncalled bet ($0.1) returned to 8a8d38cf
*** SHOWDOWN ***
8a8d38cf collected $0.1 from pot
*** SUMMARY ***
Total pot $0.1 | Rake $0 | Jackpot $0 | Bingo $0 | Fortune $0
Seat 1: 22d167b4 folded before Flop (didn't bet)
Seat 2: 5f254719 folded before Flop (didn't bet)
Seat 3: b289c208 folded before Flop (didn't bet)
Seat 4: Hero (button) folded before Flop (didn't bet)
Seat 5: 8a8d38cf (small blind) collected ($0.1)
Seat 6: 27fa1df4 (big blind) folded before Flop


Poker Hand #HD1212444552: Hold'em No Limit  ($0.02/$0.05) - 2023/04/21 22:15:00
Table 'NLHBlue58' 6-max Seat #3 is the button
Seat 1: 22d167b4 ($5.34 in chips)
Seat 2: 5f254719 ($4.09 in chips)
Seat 3: b289c208 ($4.99 in chips)
Seat 4: Hero ($5.59 in chips)
Seat 5: 8a8d38cf ($5.17 in chips)
Seat 6: 27fa1df4 ($1.78 in chips)
Hero: posts small blind $0.02
8a8d38cf: posts big blind $0.05
*** HOLE CARDS ***
Dealt to 22d167b4 
Dealt to 5f254719 
Dealt to b289c208 
Dealt to Hero [3s 7c]
Dealt to 8a8d38cf 
Dealt to 27fa1df4 
27fa1df4: folds
22d167b4: folds
5f254719: folds
b289c208: raises $0.08 to $0.13
Hero: folds
8a8d38cf: calls $0.08
*** FLOP *** [Tc 9d 6d]
8a8d38cf: checks
b289c208: checks
*** TURN *** [Tc 9d 6d] [8h]
8a8d38cf: checks
b289c208: checks
*** RIVER *** [Tc 9d 6d 8h] [8c]
8a8d38cf: checks
b289c208: checks
8a8d38cf: shows [2h 3h] (Pair of Eights)
b289c208: shows [As Jc] (Pair of Eights)
*** SHOWDOWN ***
b289c208 collected $0.27 from pot
*** SUMMARY ***
Total pot $0.28 | Rake $0.01 | Jackpot $0 | Bingo $0 | Fortune $0
Board [Tc 9d 6d 8h 8c]
Seat 1: 22d167b4 folded before Flop (didn't bet)
Seat 2: 5f254719 folded before Flop (didn't bet)
Seat 3: b289c208 (button) showed [As Jc] and won ($0.27) with Pair of Eights
Seat 4: Hero (small blind) folded before Flop
Seat 5: 8a8d38cf (big blind) showed [2h 3h] and lost with Pair of Eights
Seat 6: 27fa1df4 folded before Flop (didn't bet)


Poker Hand #HD1212444420: Hold'em No Limit  ($0.02/$0.05) - 2023/04/21 22:13:45
Table 'NLHBlue58' 6-max Seat #2 is the button
Seat 1: 22d167b4 ($5.34 in chips)
Seat 2: 5f254719 ($4.09 in chips)
Seat 3: b289c208 ($4.7 in chips)
Seat 4: Hero ($5.64 in chips)
Seat 5: 8a8d38cf ($5.44 in chips)
Seat 6: 27fa1df4 ($1.78 in chips)
b289c208: posts small blind $0.02
Hero: posts big blind $0.05
*** HOLE CARDS ***
Dealt to 22d167b4 
Dealt to 5f254719 
Dealt to b289c208 
Dealt to Hero [7h Kc]
Dealt to 8a8d38cf 
Dealt to 27fa1df4 
8a8d38cf: raises $0.1 to $0.15
27fa1df4: folds
22d167b4: folds
5f254719: folds
b289c208: calls $0.13
Hero: folds
*** FLOP *** [Kd Jd Tc]
b289c208: checks
8a8d38cf: checks
*** TURN *** [Kd Jd Tc] [3c]
b289c208: bets $0.12
8a8d38cf: calls $0.12
*** RIVER *** [Kd Jd Tc 3c] [2h]
b289c208: bets $0.19
8a8d38cf: folds
Uncalled bet ($0.19) returned to b289c208
*** SHOWDOWN ***
b289c208 collected $0.56 from pot
*** SUMMARY ***
Total pot $0.59 | Rake $0.03 | Jackpot $0 | Bingo $0 | Fortune $0
Board [Kd Jd Tc 3c 2h]
Seat 1: 22d167b4 folded before Flop (didn't bet)
Seat 2: 5f254719 (button) folded before Flop (didn't bet)
Seat 3: b289c208 (small blind) won ($0.56)
Seat 4: Hero (big blind) folded before Flop
Seat 5: 8a8d38cf folded on the River
Seat 6: 27fa1df4 folded before Flop (didn't bet)


Poker Hand #HD1212444316: Hold'em No Limit  ($0.02/$0.05) - 2023/04/21 22:12:46
Table 'NLHBlue58' 6-max Seat #1 is the button
Seat 1: 22d167b4 ($5.34 in chips)
Seat 2: 5f254719 ($3.38 in chips)
Seat 3: b289c208 ($4.75 in chips)
Seat 4: Hero ($5.64 in chips)
Seat 5: 8a8d38cf ($5.44 in chips)
Seat 6: 27fa1df4 ($2.56 in chips)
5f254719: posts small blind $0.02
b289c208: posts big blind $0.05
*** HOLE CARDS ***
Dealt to 22d167b4 
Dealt to 5f254719 
Dealt to b289c208 
Dealt to Hero [Tc 9s]
Dealt to 8a8d38cf 
Dealt to 27fa1df4 
Hero: folds
8a8d38cf: folds
27fa1df4: raises $0.06 to $0.11
22d167b4: folds
5f254719: calls $0.09
b289c208: folds
*** FLOP *** [Kc 6c 6d]
5f254719: checks
27fa1df4: bets $0.21
5f254719: calls $0.21
*** TURN *** [Kc 6c 6d] [4c]
5f254719: checks
27fa1df4: checks
*** RIVER *** [Kc 6c 6d 4c] [9h]
5f254719: bets $0.46
27fa1df4: calls $0.46
5f254719: shows [Js 6s] (Three Sixes)
27fa1df4: shows [Kd Ad] (Pair of Kings and Pair of Sixes)
*** SHOWDOWN ***
5f254719 collected $1.49 from pot
*** SUMMARY ***
Total pot $1.61 | Rake $0.07 | Jackpot $0.05 | Bingo $0 | Fortune $0
Board [Kc 6c 6d 4c 9h]
Seat 1: 22d167b4 (button) folded before Flop (didn't bet)
Seat 2: 5f254719 (small blind) showed [Js 6s] and won ($1.49) with Three Sixes
Seat 3: b289c208 (big blind) folded before Flop
Seat 4: Hero folded before Flop (didn't bet)
Seat 5: 8a8d38cf folded before Flop (didn't bet)
Seat 6: 27fa1df4 showed [Kd Ad] and lost with Pair of Kings and Pair of Sixes


Poker Hand #HD1212444290: Hold'em No Limit  ($0.02/$0.05) - 2023/04/21 22:12:29
Table 'NLHBlue58' 6-max Seat #6 is the button
Seat 1: 22d167b4 ($5.36 in chips)
Seat 2: 5f254719 ($3.36 in chips)
Seat 3: b289c208 ($4.75 in chips)
Seat 4: Hero ($5.64 in chips)
Seat 5: 8a8d38cf ($5.44 in chips)
Seat 6: 27fa1df4 ($2.56 in chips)
22d167b4: posts small blind $0.02
5f254719: posts big blind $0.05
*** HOLE CARDS ***
Dealt to 22d167b4 
Dealt to 5f254719 
Dealt to b289c208 
Dealt to Hero [7c Qs]
Dealt to 8a8d38cf 
Dealt to 27fa1df4 
b289c208: folds
Hero: folds
8a8d38cf: folds
27fa1df4: folds
22d167b4: folds
Uncalled bet ($0.03) returned to 5f254719
*** SHOWDOWN ***
5f254719 collected $0.04 from pot
*** SUMMARY ***
Total pot $0.04 | Rake $0 | Jackpot $0 | Bingo $0 | Fortune $0
Seat 1: 22d167b4 (small blind) folded before Flop
Seat 2: 5f254719 (big blind) collected ($0.04)
Seat 3: b289c208 folded before Flop (didn't bet)
Seat 4: Hero folded before Flop (didn't bet)
Seat 5: 8a8d38cf folded before Flop (didn't bet)
Seat 6: 27fa1df4 (button) folded before Flop (didn't bet)


Poker Hand #HD1212444260: Hold'em No Limit  ($0.02/$0.05) - 2023/04/21 22:12:10
Table 'NLHBlue58' 6-max Seat #5 is the button
Seat 1: 22d167b4 ($5.34 in chips)
Seat 2: 5f254719 ($3.36 in chips)
Seat 3: b289c208 ($4.75 in chips)
Seat 4: Hero ($5.64 in chips)
Seat 5: 8a8d38cf ($5.44 in chips)
Seat 6: 27fa1df4 ($2.58 in chips)
27fa1df4: posts small blind $0.02
22d167b4: posts big blind $0.05
*** HOLE CARDS ***
Dealt to 22d167b4 
Dealt to 5f254719 
Dealt to b289c208 
Dealt to Hero [6d Kh]
Dealt to 8a8d38cf 
Dealt to 27fa1df4 
5f254719: folds
b289c208: folds
Hero: folds
8a8d38cf: folds
27fa1df4: folds
Uncalled bet ($0.03) returned to 22d167b4
*** SHOWDOWN ***
22d167b4 collected $0.04 from pot
*** SUMMARY ***
Total pot $0.04 | Rake $0 | Jackpot $0 | Bingo $0 | Fortune $0
Seat 1: 22d167b4 (big blind) collected ($0.04)
Seat 2: 5f254719 folded before Flop (didn't bet)
Seat 3: b289c208 folded before Flop (didn't bet)
Seat 4: Hero folded before Flop (didn't bet)
Seat 5: 8a8d38cf (button) folded before Flop (didn't bet)
Seat 6: 27fa1df4 (small blind) folded before Flop


Poker Hand #HD1212444164: Hold'em No Limit  ($0.02/$0.05) - 2023/04/21 22:11:04
Table 'NLHBlue58' 6-max Seat #4 is the button
Seat 1: 22d167b4 ($5.34 in chips)
Seat 2: 5f254719 ($3.36 in chips)
Seat 3: b289c208 ($4.75 in chips)
Seat 4: Hero ($5.64 in chips)
Seat 5: 8a8d38cf ($4.76 in chips)
Seat 6: 27fa1df4 ($3.38 in chips)
8a8d38cf: posts small blind $0.02
27fa1df4: posts big blind $0.05
*** HOLE CARDS ***
Dealt to 22d167b4 
Dealt to 5f254719 
Dealt to b289c208 
Dealt to Hero [Jc 4h]
Dealt to 8a8d38cf 
Dealt to 27fa1df4 
22d167b4: folds
5f254719: folds
b289c208: folds
Hero: folds
8a8d38cf: raises $0.1 to $0.15
27fa1df4: calls $0.1
*** FLOP *** [2s Jd 9c]
8a8d38cf: bets $0.2
27fa1df4: calls $0.2
*** TURN *** [2s Jd 9c] [7s]
8a8d38cf: bets $0.45
27fa1df4: calls $0.45
*** RIVER *** [2s Jd 9c 7s] [3d]
8a8d38cf: checks
27fa1df4: checks
8a8d38cf: shows [Jh Kh] (Pair of Jacks)
27fa1df4: shows [5s Js] (Pair of Jacks)
*** SHOWDOWN ***
8a8d38cf collected $1.48 from pot
*** SUMMARY ***
Total pot $1.6 | Rake $0.07 | Jackpot $0.05 | Bingo $0 | Fortune $0
Board [2s Jd 9c 7s 3d]
Seat 1: 22d167b4 folded before Flop (didn't bet)
Seat 2: 5f254719 folded before Flop (didn't bet)
Seat 3: b289c208 folded before Flop (didn't bet)
Seat 4: Hero (button) folded before Flop (didn't bet)
Seat 5: 8a8d38cf (small blind) showed [Jh Kh] and won ($1.48) with Pair of Jacks
Seat 6: 27fa1df4 (big blind) showed [5s Js] and lost with Pair of Jacks


Poker Hand #HD1212444071: Hold'em No Limit  ($0.02/$0.05) - 2023/04/21 22:10:08
Table 'NLHBlue58' 6-max Seat #3 is the button
Seat 1: 22d167b4 ($5.34 in chips)
Seat 2: 5f254719 ($3.36 in chips)
Seat 3: b289c208 ($4.54 in chips)
Seat 4: Hero ($5.66 in chips)
Seat 5: 8a8d38cf ($4.97 in chips)
Seat 6: 27fa1df4 ($3.38 in chips)
Hero: posts small blind $0.02
8a8d38cf: posts big blind $0.05
*** HOLE CARDS ***
Dealt to 22d167b4 
Dealt to 5f254719 
Dealt to b289c208 
Dealt to Hero [7s 2s]
Dealt to 8a8d38cf 
Dealt to 27fa1df4 
27fa1df4: folds
22d167b4: folds
5f254719: folds
b289c208: raises $0.08 to $0.13
Hero: folds
8a8d38cf: calls $0.08
*** FLOP *** [8c 3c Td]
8a8d38cf: checks
b289c208: bets $0.08
8a8d38cf: calls $0.08
*** TURN *** [8c 3c Td] [Ts]
8a8d38cf: checks
b289c208: checks
*** RIVER *** [8c 3c Td Ts] [Qc]
8a8d38cf: checks
b289c208: checks
8a8d38cf: shows [8h Kh] (Pair of Tens and Pair of Eights)
b289c208: shows [Jd Jc] (Pair of Jacks and Pair of Tens)
*** SHOWDOWN ***
b289c208 collected $0.42 from pot
*** SUMMARY ***
Total pot $0.44 | Rake $0.02 | Jackpot $0 | Bingo $0 | Fortune $0
Board [8c 3c Td Ts Qc]
Seat 1: 22d167b4 folded before Flop (didn't bet)
Seat 2: 5f254719 folded before Flop (didn't bet)
Seat 3: b289c208 (button) showed [Jd Jc] and won ($0.42) with Pair of Jacks and Pair of Tens
Seat 4: Hero (small blind) folded before Flop
Seat 5: 8a8d38cf (big blind) showed [8h Kh] and lost with Pair of Tens and Pair of Eights
Seat 6: 27fa1df4 folded before Flop (didn't bet)


Poker Hand #HD1212444047: Hold'em No Limit  ($0.02/$0.05) - 2023/04/21 22:09:55
Table 'NLHBlue58' 6-max Seat #2 is the button
Seat 1: 22d167b4 ($5.34 in chips)
Seat 2: 5f254719 ($3.36 in chips)
Seat 3: b289c208 ($4.56 in chips)
Seat 4: Hero ($5.64 in chips)
Seat 5: 8a8d38cf ($4.97 in chips)
Seat 6: 27fa1df4 ($3.38 in chips)
b289c208: posts small blind $0.02
Hero: posts big blind $0.05
*** HOLE CARDS ***
Dealt to 22d167b4 
Dealt to 5f254719 
Dealt to b289c208 
Dealt to Hero [6c Jd]
Dealt to 8a8d38cf 
Dealt to 27fa1df4 
8a8d38cf: folds
27fa1df4: folds
22d167b4: folds
5f254719: folds
b289c208: folds
Uncalled bet ($0.03) returned to Hero
*** SHOWDOWN ***
Hero collected $0.04 from pot
*** SUMMARY ***
Total pot $0.04 | Rake $0 | Jackpot $0 | Bingo $0 | Fortune $0
Seat 1: 22d167b4 folded before Flop (didn't bet)
Seat 2: 5f254719 (button) folded before Flop (didn't bet)
Seat 3: b289c208 (small blind) folded before Flop
Seat 4: Hero (big blind) collected ($0.04)
Seat 5: 8a8d38cf folded before Flop (didn't bet)
Seat 6: 27fa1df4 folded before Flop (didn't bet)


Poker Hand #HD1212443863: Hold'em No Limit  ($0.02/$0.05) - 2023/04/21 22:07:58
Table 'NLHBlue58' 6-max Seat #1 is the button
Seat 1: 22d167b4 ($5.77 in chips)
Seat 2: 5f254719 ($3.38 in chips)
Seat 3: b289c208 ($4.61 in chips)
Seat 4: Hero ($5.64 in chips)
Seat 5: 8a8d38cf ($4.51 in chips)
Seat 6: 27fa1df4 ($3.38 in chips)
5f254719: posts small blind $0.02
b289c208: posts big blind $0.05
*** HOLE CARDS ***
Dealt to 22d167b4 
Dealt to 5f254719 
Dealt to b289c208 
Dealt to Hero [Th 6d]
Dealt to 8a8d38cf 
Dealt to 27fa1df4 
Hero: folds
8a8d38cf: raises $0.1 to $0.15
27fa1df4: folds
22d167b4: calls $0.15
5f254719: folds
b289c208: folds
*** FLOP *** [4h 8c 2s]
8a8d38cf: bets $0.28
22d167b4: calls $0.28
*** TURN *** [4h 8c 2s] [2d]
8a8d38cf: checks
22d167b4: checks
*** RIVER *** [4h 8c 2s 2d] [3d]
8a8d38cf: bets $0.47
22d167b4: folds
Uncalled bet ($0.47) returned to 8a8d38cf
*** SHOWDOWN ***
8a8d38cf collected $0.89 from pot
*** SUMMARY ***
Total pot $0.93 | Rake $0.04 | Jackpot $0 | Bingo $0 | Fortune $0
Board [4h 8c 2s 2d 3d]
Seat 1: 22d167b4 (button) folded on the River
Seat 2: 5f254719 (small blind) folded before Flop
Seat 3: b289c208 (big blind) folded before Flop
Seat 4: Hero folded before Flop (didn't bet)
Seat 5: 8a8d38cf won ($0.89)
Seat 6: 27fa1df4 folded before Flop (didn't bet)


Poker Hand #HD1212443746: Hold'em No Limit  ($0.02/$0.05) - 2023/04/21 22:06:50
Table 'NLHBlue58' 6-max Seat #6 is the button
Seat 1: 22d167b4 ($5.79 in chips)
Seat 2: 5f254719 ($1.79 in chips)
Seat 3: b289c208 ($4.61 in chips)
Seat 4: Hero ($5.64 in chips)
Seat 5: 8a8d38cf ($4.51 in chips)
Seat 6: 27fa1df4 ($5.17 in chips)
22d167b4: posts small blind $0.02
5f254719: posts big blind $0.05
*** HOLE CARDS ***
Dealt to 22d167b4 
Dealt to 5f254719 
Dealt to b289c208 
Dealt to Hero [Jd Tc]
Dealt to 8a8d38cf 
Dealt to 27fa1df4 
b289c208: folds
Hero: folds
8a8d38cf: folds
27fa1df4: raises $0.06 to $0.11
22d167b4: folds
5f254719: calls $0.06
*** FLOP *** [Ah 9h 4h]
5f254719: checks
27fa1df4: bets $0.06
5f254719: raises $0.18 to $0.24
27fa1df4: calls $0.18
*** TURN *** [Ah 9h 4h] [4s]
5f254719: bets $0.5
27fa1df4: calls $0.5
*** RIVER *** [Ah 9h 4h 4s] [Js]
5f254719: bets $0.94 and is all-in
27fa1df4: calls $0.94
5f254719: shows [6h 7h] (Ace High Flush)
27fa1df4: shows [Kh Ks] (Pair of Kings and Pair of Fours)
*** SHOWDOWN ***
5f254719 collected $3.38 from pot
*** SUMMARY ***
Total pot $3.6 | Rake $0.17 | Jackpot $0.05 | Bingo $0 | Fortune $0
Board [Ah 9h 4h 4s Js]
Seat 1: 22d167b4 (small blind) folded before Flop
Seat 2: 5f254719 (big blind) showed [6h 7h] and won ($3.38) with Ace High Flush
Seat 3: b289c208 folded before Flop (didn't bet)
Seat 4: Hero folded before Flop (didn't bet)
Seat 5: 8a8d38cf folded before Flop (didn't bet)
Seat 6: 27fa1df4 (button) showed [Kh Ks] and lost with Pair of Kings and Pair of Fours


Poker Hand #HD1212443725: Hold'em No Limit  ($0.02/$0.05) - 2023/04/21 22:06:36
Table 'NLHBlue58' 6-max Seat #5 is the button
Seat 1: 22d167b4 ($5.77 in chips)
Seat 3: b289c208 ($4.61 in chips)
Seat 4: Hero ($5.64 in chips)
Seat 5: 8a8d38cf ($4.51 in chips)
Seat 6: 27fa1df4 ($5.19 in chips)
27fa1df4: posts small blind $0.02
22d167b4: posts big blind $0.05
*** HOLE CARDS ***
Dealt to 22d167b4 
Dealt to b289c208 
Dealt to Hero [6h 3h]
Dealt to 8a8d38cf 
Dealt to 27fa1df4 
b289c208: folds
Hero: folds
8a8d38cf: folds
27fa1df4: folds
Uncalled bet ($0.03) returned to 22d167b4
*** SHOWDOWN ***
22d167b4 collected $0.04 from pot
*** SUMMARY ***
Total pot $0.04 | Rake $0 | Jackpot $0 | Bingo $0 | Fortune $0
Seat 1: 22d167b4 (big blind) collected ($0.04)
Seat 3: b289c208 folded before Flop (didn't bet)
Seat 4: Hero folded before Flop (didn't bet)
Seat 5: 8a8d38cf (button) folded before Flop (didn't bet)
Seat 6: 27fa1df4 (small blind) folded before Flop


Poker Hand #HD1212443643: Hold'em No Limit  ($0.02/$0.05) - 2023/04/21 22:05:48
Table 'NLHBlue58' 6-max Seat #4 is the button
Seat 1: 22d167b4 ($5.77 in chips)
Seat 3: b289c208 ($4.61 in chips)
Seat 4: Hero ($5.31 in chips)
Seat 5: 8a8d38cf ($4.53 in chips)
Seat 6: 27fa1df4 ($5.53 in chips)
8a8d38cf: posts small blind $0.02
27fa1df4: posts big blind $0.05
*** HOLE CARDS ***
Dealt to 22d167b4 
Dealt to b289c208 
Dealt to Hero [Ad 7h]
Dealt to 8a8d38cf 
Dealt to 27fa1df4 
22d167b4: folds
b289c208: folds
Hero: raises $0.07 to $0.12
8a8d38cf: folds
27fa1df4: calls $0.07
*** FLOP *** [Ac 2h 5s]
27fa1df4: checks
Hero: bets $0.1
27fa1df4: calls $0.1
*** TURN *** [Ac 2h 5s] [6h]
27fa1df4: checks
Hero: checks
*** RIVER *** [Ac 2h 5s 6h] [6s]
27fa1df4: bets $0.12
Hero: calls $0.12
27fa1df4: shows [As 4c] (Pair of Aces and Pair of Sixes)
Hero: shows [Ad 7h] (Pair of Aces and Pair of Sixes)
*** SHOWDOWN ***
Hero collected $0.67 from pot
*** SUMMARY ***
Total pot $0.7 | Rake $0.03 | Jackpot $0 | Bingo $0 | Fortune $0
Board [Ac 2h 5s 6h 6s]
Seat 1: 22d167b4 folded before Flop (didn't bet)
Seat 3: b289c208 folded before Flop (didn't bet)
Seat 4: Hero (button) showed [Ad 7h] and won ($0.67) with Pair of Aces and Pair of Sixes
Seat 5: 8a8d38cf (small blind) folded before Flop
Seat 6: 27fa1df4 (big blind) showed [As 4c] and lost with Pair of Aces and Pair of Sixes


Poker Hand #HD1212443597: Hold'em No Limit  ($0.02/$0.05) - 2023/04/21 22:05:18
Table 'NLHBlue58' 6-max Seat #3 is the button
Seat 1: 22d167b4 ($5.77 in chips)
Seat 3: b289c208 ($4.61 in chips)
Seat 4: Hero ($5.08 in chips)
Seat 5: 8a8d38cf ($4.78 in chips)
Seat 6: 27fa1df4 ($5.53 in chips)
Hero: posts small blind $0.02
8a8d38cf: posts big blind $0.05
*** HOLE CARDS ***
Dealt to 22d167b4 
Dealt to b289c208 
Dealt to Hero [Jd Jh]
Dealt to 8a8d38cf 
Dealt to 27fa1df4 
27fa1df4: folds
22d167b4: folds
b289c208: folds
Hero: raises $0.09 to $0.14
8a8d38cf: calls $0.09
*** FLOP *** [5d 6c 5s]
Hero: bets $0.11
8a8d38cf: calls $0.11
*** TURN *** [5d 6c 5s] [3d]
Hero: bets $0.25
8a8d38cf: folds
Uncalled bet ($0.25) returned to Hero
*** SHOWDOWN ***
Hero collected $0.48 from pot
*** SUMMARY ***
Total pot $0.5 | Rake $0.02 | Jackpot $0 | Bingo $0 | Fortune $0
Board [5d 6c 5s 3d]
Seat 1: 22d167b4 folded before Flop (didn't bet)
Seat 3: b289c208 (button) folded before Flop (didn't bet)
Seat 4: Hero (small blind) won ($0.48)
Seat 5: 8a8d38cf (big blind) folded on the Turn
Seat 6: 27fa1df4 folded before Flop (didn't bet)


Poker Hand #HD1212443493: Hold'em No Limit  ($0.02/$0.05) - 2023/04/21 22:04:09
Table 'NLHBlue58' 6-max Seat #1 is the button
Seat 1: 22d167b4 ($5.88 in chips)
Seat 2: e4913918 ($1.24 in chips)
Seat 3: b289c208 ($4.72 in chips)
Seat 4: Hero ($5.08 in chips)
Seat 5: 8a8d38cf ($4.78 in chips)
Seat 6: 27fa1df4 ($5.3 in chips)
e4913918: posts small blind $0.02
b289c208: posts big blind $0.05
*** HOLE CARDS ***
Dealt to 22d167b4 
Dealt to e4913918 
Dealt to b289c208 
Dealt to Hero [4s 3d]
Dealt to 8a8d38cf 
Dealt to 27fa1df4 
Hero: folds
8a8d38cf: folds
27fa1df4: raises $0.06 to $0.11
22d167b4: calls $0.11
e4913918: folds
b289c208: calls $0.06
*** FLOP *** [4h 8s 2s]
b289c208: checks
27fa1df4: checks
22d167b4: checks
*** TURN *** [4h 8s 2s] [Jh]
b289c208: checks
27fa1df4: checks
22d167b4: checks
*** RIVER *** [4h 8s 2s Jh] [4c]
b289c208: checks
27fa1df4: checks
22d167b4: checks
22d167b4: shows [Kd Qc] (Pair of Fours)
b289c208: shows [Td Ks] (Pair of Fours)
27fa1df4: shows [5d As] (Pair of Fours)
*** SHOWDOWN ***
27fa1df4 collected $0.34 from pot
*** SUMMARY ***
Total pot $0.35 | Rake $0.01 | Jackpot $0 | Bingo $0 | Fortune $0
Board [4h 8s 2s Jh 4c]
Seat 1: 22d167b4 (button) showed [Kd Qc] and lost with Pair of Fours
Seat 2: e4913918 (small blind) folded before Flop
Seat 3: b289c208 (big blind) showed [Td Ks] and lost with Pair of Fours
Seat 4: Hero folded before Flop (didn't bet)
Seat 5: 8a8d38cf folded before Flop (didn't bet)
Seat 6: 27fa1df4 showed [5d As] and won ($0.34) with Pair of Fours


Poker Hand #HD1212443401: Hold'em No Limit  ($0.02/$0.05) - 2023/04/21 22:03:09
Table 'NLHBlue58' 6-max Seat #6 is the button
Seat 1: 22d167b4 ($5.9 in chips)
Seat 2: e4913918 ($1.63 in chips)
Seat 3: b289c208 ($4.72 in chips)
Seat 4: Hero ($5.08 in chips)
Seat 5: 8a8d38cf ($4.78 in chips)
Seat 6: 27fa1df4 ($4.93 in chips)
22d167b4: posts small blind $0.02
e4913918: posts big blind $0.05
*** HOLE CARDS ***
Dealt to 22d167b4 
Dealt to e4913918 
Dealt to b289c208 
Dealt to Hero [6h 2c]
Dealt to 8a8d38cf 
Dealt to 27fa1df4 
b289c208: folds
Hero: folds
8a8d38cf: folds
27fa1df4: raises $0.06 to $0.11
22d167b4: folds
e4913918: calls $0.06
*** FLOP *** [9c 3d 4s]
e4913918: bets $0.12
27fa1df4: calls $0.12
*** TURN *** [9c 3d 4s] [Jd]
e4913918: bets $0.16
27fa1df4: raises $0.6 to $0.76
e4913918: folds
Uncalled bet ($0.6) returned to 27fa1df4
*** SHOWDOWN ***
27fa1df4 collected $0.76 from pot
*** SUMMARY ***
Total pot $0.8 | Rake $0.04 | Jackpot $0 | Bingo $0 | Fortune $0
Board [9c 3d 4s Jd]
Seat 1: 22d167b4 (small blind) folded before Flop
Seat 2: e4913918 (big blind) folded on the Turn
Seat 3: b289c208 folded before Flop (didn't bet)
Seat 4: Hero folded before Flop (didn't bet)
Seat 5: 8a8d38cf folded before Flop (didn't bet)
Seat 6: 27fa1df4 (button) won ($0.76)


Poker Hand #HD1212443355: Hold'em No Limit  ($0.02/$0.05) - 2023/04/21 22:02:38
Table 'NLHBlue58' 6-max Seat #5 is the button
Seat 1: 22d167b4 ($5.95 in chips)
Seat 2: e4913918 ($1.56 in chips)
Seat 3: b289c208 ($4.72 in chips)
Seat 4: Hero ($5.08 in chips)
Seat 5: 8a8d38cf ($4.78 in chips)
Seat 6: 27fa1df4 ($4.95 in chips)
27fa1df4: posts small blind $0.02
22d167b4: posts big blind $0.05
*** HOLE CARDS ***
Dealt to 22d167b4 
Dealt to e4913918 
Dealt to b289c208 
Dealt to Hero [6c Jh]
Dealt to 8a8d38cf 
Dealt to 27fa1df4 
e4913918: raises $0.15 to $0.2
b289c208: folds
Hero: folds
8a8d38cf: folds
27fa1df4: folds
22d167b4: folds
Uncalled bet ($0.15) returned to e4913918
*** SHOWDOWN ***
e4913918 collected $0.12 from pot
*** SUMMARY ***
Total pot $0.12 | Rake $0 | Jackpot $0 | Bingo $0 | Fortune $0
Seat 1: 22d167b4 (big blind) folded before Flop
Seat 2: e4913918 collected ($0.12)
Seat 3: b289c208 folded before Flop (didn't bet)
Seat 4: Hero folded before Flop (didn't bet)
Seat 5: 8a8d38cf (button) folded before Flop (didn't bet)
Seat 6: 27fa1df4 (small blind) folded before Flop


Poker Hand #HD1212443340: Hold'em No Limit  ($0.02/$0.05) - 2023/04/21 22:02:29
Table 'NLHBlue58' 6-max Seat #4 is the button
Seat 1: 22d167b4 ($5.95 in chips)
Seat 2: e4913918 ($1.49 in chips)
Seat 3: b289c208 ($4.72 in chips)
Seat 4: Hero ($5.08 in chips)
Seat 5: 8a8d38cf ($4.8 in chips)
Seat 6: 27fa1df4 ($5 in chips)
8a8d38cf: posts small blind $0.02
27fa1df4: posts big blind $0.05
*** HOLE CARDS ***
Dealt to 22d167b4 
Dealt to e4913918 
Dealt to b289c208 
Dealt to Hero [2s Td]
Dealt to 8a8d38cf 
Dealt to 27fa1df4 
22d167b4: folds
e4913918: raises $0.1 to $0.15
b289c208: folds
Hero: folds
8a8d38cf: folds
27fa1df4: folds
Uncalled bet ($0.1) returned to e4913918
*** SHOWDOWN ***
e4913918 collected $0.12 from pot
*** SUMMARY ***
Total pot $0.12 | Rake $0 | Jackpot $0 | Bingo $0 | Fortune $0
Seat 1: 22d167b4 folded before Flop (didn't bet)
Seat 2: e4913918 collected ($0.12)
Seat 3: b289c208 folded before Flop (didn't bet)
Seat 4: Hero (button) folded before Flop (didn't bet)
Seat 5: 8a8d38cf (small blind) folded before Flop
Seat 6: 27fa1df4 (big blind) folded before Flop


Poker Hand #HD1212443285: Hold'em No Limit  ($0.02/$0.05) - 2023/04/21 22:01:59
Table 'NLHBlue58' 6-max Seat #3 is the button
Seat 1: 22d167b4 ($5.95 in chips)
Seat 2: e4913918 ($1.42 in chips)
Seat 3: b289c208 ($4.72 in chips)
Seat 4: Hero ($5.1 in chips)
Seat 5: 8a8d38cf ($4.85 in chips)
Seat 6: 27fa1df4 ($5 in chips)
Hero: posts small blind $0.02
8a8d38cf: posts big blind $0.05
*** HOLE CARDS ***
Dealt to 22d167b4 
Dealt to e4913918 
Dealt to b289c208 
Dealt to Hero [Qd 5h]
Dealt to 8a8d38cf 
Dealt to 27fa1df4 
27fa1df4: folds
22d167b4: folds
e4913918: calls $0.05
b289c208: folds
Hero: folds
8a8d38cf: checks
*** FLOP *** [Ks Jd 4s]
8a8d38cf: checks
e4913918: checks
*** TURN *** [Ks Jd 4s] [5d]
8a8d38cf: checks
e4913918: bets $0.12
8a8d38cf: folds
Uncalled bet ($0.12) returned to e4913918
*** SHOWDOWN ***
e4913918 collected $0.12 from pot
*** SUMMARY ***
Total pot $0.12 | Rake $0 | Jackpot $0 | Bingo $0 | Fortune $0
Board [Ks Jd 4s 5d]
Seat 1: 22d167b4 folded before Flop (didn't bet)
Seat 2: e4913918 won ($0.12)
Seat 3: b289c208 (button) folded before Flop (didn't bet)
Seat 4: Hero (small blind) folded before Flop
Seat 5: 8a8d38cf (big blind) folded on the Turn
Seat 6: 27fa1df4 folded before Flop (didn't bet)


Poker Hand #HD1212443251: Hold'em No Limit  ($0.02/$0.05) - 2023/04/21 22:01:36
Table 'NLHBlue58' 6-max Seat #2 is the button
Seat 1: 22d167b4 ($5.95 in chips)
Seat 2: e4913918 ($1.42 in chips)
Seat 3: b289c208 ($4.74 in chips)
Seat 4: Hero ($5.15 in chips)
Seat 5: 8a8d38cf ($4.78 in chips)
Seat 6: 27fa1df4 ($5 in chips)
b289c208: posts small blind $0.02
Hero: posts big blind $0.05
*** HOLE CARDS ***
Dealt to 22d167b4 
Dealt to e4913918 
Dealt to b289c208 
Dealt to Hero [6c 2h]
Dealt to 8a8d38cf 
Dealt to 27fa1df4 
8a8d38cf: raises $0.1 to $0.15
27fa1df4: folds
22d167b4: folds
e4913918: folds
b289c208: folds
Hero: folds
Uncalled bet ($0.1) returned to 8a8d38cf
*** SHOWDOWN ***
8a8d38cf collected $0.12 from pot
*** SUMMARY ***
Total pot $0.12 | Rake $0 | Jackpot $0 | Bingo $0 | Fortune $0
Seat 1: 22d167b4 folded before Flop (didn't bet)
Seat 2: e4913918 (button) folded before Flop (didn't bet)
Seat 3: b289c208 (small blind) folded before Flop
Seat 4: Hero (big blind) folded before Flop
Seat 5: 8a8d38cf collected ($0.12)
Seat 6: 27fa1df4 folded before Flop (didn't bet)


Poker Hand #HD1212443187: Hold'em No Limit  ($0.02/$0.05) - 2023/04/21 22:01:02
Table 'NLHBlue58' 6-max Seat #1 is the button
Seat 1: 22d167b4 ($6.07 in chips)
Seat 2: e4913918 ($1.15 in chips)
Seat 3: b289c208 ($4.79 in chips)
Seat 4: Hero ($5.27 in chips)
Seat 5: 8a8d38cf ($4.78 in chips)
Seat 6: 27fa1df4 ($5 in chips)
e4913918: posts small blind $0.02
b289c208: posts big blind $0.05
*** HOLE CARDS ***
Dealt to 22d167b4 
Dealt to e4913918 
Dealt to b289c208 
Dealt to Hero [8c 8s]
Dealt to 8a8d38cf 
Dealt to 27fa1df4 
Hero: raises $0.07 to $0.12
8a8d38cf: folds
27fa1df4: folds
22d167b4: calls $0.12
e4913918: calls $0.1
b289c208: folds
*** FLOP *** [Ks Ac Td]
e4913918: checks
Hero: checks
22d167b4: checks
*** TURN *** [Ks Ac Td] [9h]
e4913918: bets $0.14
Hero: folds
22d167b4: folds
Uncalled bet ($0.14) returned to e4913918
*** SHOWDOWN ***
e4913918 collected $0.39 from pot
*** SUMMARY ***
Total pot $0.41 | Rake $0.02 | Jackpot $0 | Bingo $0 | Fortune $0
Board [Ks Ac Td 9h]
Seat 1: 22d167b4 (button) folded on the Turn
Seat 2: e4913918 (small blind) won ($0.39)
Seat 3: b289c208 (big blind) folded before Flop
Seat 4: Hero folded on the Turn
Seat 5: 8a8d38cf folded before Flop (didn't bet)
Seat 6: 27fa1df4 folded before Flop (didn't bet)


Poker Hand #HD1212443150: Hold'em No Limit  ($0.02/$0.05) - 2023/04/21 22:00:42
Table 'NLHBlue58' 6-max Seat #6 is the button
Seat 1: 22d167b4 ($6.09 in chips)
Seat 2: e4913918 ($1.2 in chips)
Seat 3: b289c208 ($4.72 in chips)
Seat 4: Hero ($5.27 in chips)
Seat 5: 8a8d38cf ($4.78 in chips)
Seat 6: 27fa1df4 ($5 in chips)
22d167b4: posts small blind $0.02
e4913918: posts big blind $0.05
*** HOLE CARDS ***
Dealt to 22d167b4 
Dealt to e4913918 
Dealt to b289c208 
Dealt to Hero [2c As]
Dealt to 8a8d38cf 
Dealt to 27fa1df4 
b289c208: raises $0.08 to $0.13
Hero: folds
8a8d38cf: folds
27fa1df4: folds
22d167b4: folds
e4913918: folds
Uncalled bet ($0.08) returned to b289c208
*** SHOWDOWN ***
b289c208 collected $0.12 from pot
*** SUMMARY ***
Total pot $0.12 | Rake $0 | Jackpot $0 | Bingo $0 | Fortune $0
Seat 1: 22d167b4 (small blind) folded before Flop
Seat 2: e4913918 (big blind) folded before Flop
Seat 3: b289c208 collected ($0.12)
Seat 4: Hero folded before Flop (didn't bet)
Seat 5: 8a8d38cf folded before Flop (didn't bet)
Seat 6: 27fa1df4 (button) folded before Flop (didn't bet)


Poker Hand #HD1212443125: Hold'em No Limit  ($0.02/$0.05) - 2023/04/21 22:00:25
Table 'NLHBlue58' 6-max Seat #5 is the button
Seat 1: 22d167b4 ($6.14 in chips)
Seat 2: e4913918 ($1.13 in chips)
Seat 3: b289c208 ($4.72 in chips)
Seat 4: Hero ($5.27 in chips)
Seat 5: 8a8d38cf ($4.78 in chips)
Seat 6: 27fa1df4 ($5.02 in chips)
27fa1df4: posts small blind $0.02
22d167b4: posts big blind $0.05
*** HOLE CARDS ***
Dealt to 22d167b4 
Dealt to e4913918 
Dealt to b289c208 
Dealt to Hero [8d 7s]
Dealt to 8a8d38cf 
Dealt to 27fa1df4 
e4913918: raises $0.15 to $0.2
b289c208: folds
Hero: folds
8a8d38cf: folds
27fa1df4: folds
22d167b4: folds
Uncalled bet ($0.15) returned to e4913918
*** SHOWDOWN ***
e4913918 collected $0.12 from pot
*** SUMMARY ***
Total pot $0.12 | Rake $0 | Jackpot $0 | Bingo $0 | Fortune $0
Seat 1: 22d167b4 (big blind) folded before Flop
Seat 2: e4913918 collected ($0.12)
Seat 3: b289c208 folded before Flop (didn't bet)
Seat 4: Hero folded before Flop (didn't bet)
Seat 5: 8a8d38cf (button) folded before Flop (didn't bet)
Seat 6: 27fa1df4 (small blind) folded before Flop


Poker Hand #HD1212443109: Hold'em No Limit  ($0.02/$0.05) - 2023/04/21 22:00:14
Table 'NLHBlue58' 6-max Seat #4 is the button
Seat 1: 22d167b4 ($6.14 in chips)
Seat 2: e4913918 ($1.06 in chips)
Seat 3: b289c208 ($4.72 in chips)
Seat 4: Hero ($5.27 in chips)
Seat 5: 8a8d38cf ($4.8 in chips)
Seat 6: 27fa1df4 ($5.07 in chips)
8a8d38cf: posts small blind $0.02
27fa1df4: posts big blind $0.05
*** HOLE CARDS ***
Dealt to 22d167b4 
Dealt to e4913918 
Dealt to b289c208 
Dealt to Hero [5h 7c]
Dealt to 8a8d38cf 
Dealt to 27fa1df4 
22d167b4: folds
e4913918: raises $0.15 to $0.2
b289c208: folds
Hero: folds
8a8d38cf: folds
27fa1df4: folds
Uncalled bet ($0.15) returned to e4913918
*** SHOWDOWN ***
e4913918 collected $0.12 from pot
*** SUMMARY ***
Total pot $0.12 | Rake $0 | Jackpot $0 | Bingo $0 | Fortune $0
Seat 1: 22d167b4 folded before Flop (didn't bet)
Seat 2: e4913918 collected ($0.12)
Seat 3: b289c208 folded before Flop (didn't bet)
Seat 4: Hero (button) folded before Flop (didn't bet)
Seat 5: 8a8d38cf (small blind) folded before Flop
Seat 6: 27fa1df4 (big blind) folded before Flop


Poker Hand #HD1212443086: Hold'em No Limit  ($0.02/$0.05) - 2023/04/21 22:00:01
Table 'NLHBlue58' 6-max Seat #3 is the button
Seat 1: 22d167b4 ($6.14 in chips)
Seat 2: e4913918 ($0.99 in chips)
Seat 3: b289c208 ($4.72 in chips)
Seat 4: Hero ($5.29 in chips)
Seat 5: 8a8d38cf ($4.85 in chips)
Seat 6: 27fa1df4 ($5.07 in chips)
Hero: posts small blind $0.02
8a8d38cf: posts big blind $0.05
*** HOLE CARDS ***
Dealt to 22d167b4 
Dealt to e4913918 
Dealt to b289c208 
Dealt to Hero [Kc 7s]
Dealt to 8a8d38cf 
Dealt to 27fa1df4 
27fa1df4: folds
22d167b4: folds
e4913918: raises $0.15 to $0.2
b289c208: folds
Hero: folds
8a8d38cf: folds
Uncalled bet ($0.15) returned to e4913918
*** SHOWDOWN ***
e4913918 collected $0.12 from pot
*** SUMMARY ***
Total pot $0.12 | Rake $0 | Jackpot $0 | Bingo $0 | Fortune $0
Seat 1: 22d167b4 folded before Flop (didn't bet)
Seat 2: e4913918 collected ($0.12)
Seat 3: b289c208 (button) folded before Flop (didn't bet)
Seat 4: Hero (small blind) folded before Flop
Seat 5: 8a8d38cf (big blind) folded before Flop
Seat 6: 27fa1df4 folded before Flop (didn't bet)


Poker Hand #HD1212443005: Hold'em No Limit  ($0.02/$0.05) - 2023/04/21 21:59:14
Table 'NLHBlue58' 6-max Seat #2 is the button
Seat 1: 22d167b4 ($6.14 in chips)
Seat 2: e4913918 ($0.99 in chips)
Seat 3: b289c208 ($4.74 in chips)
Seat 4: Hero ($5.13 in chips)
Seat 5: 8a8d38cf ($5 in chips)
Seat 6: 27fa1df4 ($5.07 in chips)
b289c208: posts small blind $0.02
Hero: posts big blind $0.05
*** HOLE CARDS ***
Dealt to 22d167b4 
Dealt to e4913918 
Dealt to b289c208 
Dealt to Hero [Kh Ad]
Dealt to 8a8d38cf 
Dealt to 27fa1df4 
8a8d38cf: raises $0.1 to $0.15
27fa1df4: folds
22d167b4: folds
e4913918: folds
b289c208: folds
Hero: raises $0.35 to $0.5
8a8d38cf: folds
Uncalled bet ($0.35) returned to Hero
*** SHOWDOWN ***
Hero collected $0.31 from pot
*** SUMMARY ***
Total pot $0.32 | Rake $0.01 | Jackpot $0 | Bingo $0 | Fortune $0
Seat 1: 22d167b4 folded before Flop (didn't bet)
Seat 2: e4913918 (button) folded before Flop (didn't bet)
Seat 3: b289c208 (small blind) folded before Flop
Seat 4: Hero (big blind) collected ($0.31)
Seat 5: 8a8d38cf folded before Flop
Seat 6: 27fa1df4 folded before Flop (didn't bet)


Poker Hand #HD1212442977: Hold'em No Limit  ($0.02/$0.05) - 2023/04/21 21:58:58
Table 'NLHBlue58' 6-max Seat #1 is the button
Seat 1: 22d167b4 ($6.14 in chips)
Seat 2: e4913918 ($0.94 in chips)
Seat 3: b289c208 ($4.79 in chips)
Seat 4: Hero ($5.13 in chips)
Seat 5: 8a8d38cf ($5 in chips)
Seat 6: 27fa1df4 ($5.07 in chips)
e4913918: posts small blind $0.02
b289c208: posts big blind $0.05
*** HOLE CARDS ***
Dealt to 22d167b4 
Dealt to e4913918 
Dealt to b289c208 
Dealt to Hero [5s 3h]
Dealt to 8a8d38cf 
Dealt to 27fa1df4 
Hero: folds
8a8d38cf: folds
27fa1df4: folds
22d167b4: folds
e4913918: raises $0.15 to $0.2
b289c208: folds
Uncalled bet ($0.15) returned to e4913918
*** SHOWDOWN ***
e4913918 collected $0.1 from pot
*** SUMMARY ***
Total pot $0.1 | Rake $0 | Jackpot $0 | Bingo $0 | Fortune $0
Seat 1: 22d167b4 (button) folded before Flop (didn't bet)
Seat 2: e4913918 (small blind) collected ($0.1)
Seat 3: b289c208 (big blind) folded before Flop
Seat 4: Hero folded before Flop (didn't bet)
Seat 5: 8a8d38cf folded before Flop (didn't bet)
Seat 6: 27fa1df4 folded before Flop (didn't bet)


Poker Hand #HD1212442917: Hold'em No Limit  ($0.02/$0.05) - 2023/04/21 21:58:17
Table 'NLHBlue58' 6-max Seat #6 is the button
Seat 1: 22d167b4 ($6.16 in chips)
Seat 2: e4913918 ($0.8 in chips)
Seat 3: b289c208 ($4.92 in chips)
Seat 4: Hero ($5.13 in chips)
Seat 5: 8a8d38cf ($5 in chips)
Seat 6: 27fa1df4 ($5.07 in chips)
22d167b4: posts small blind $0.02
e4913918: posts big blind $0.05
*** HOLE CARDS ***
Dealt to 22d167b4 
Dealt to e4913918 
Dealt to b289c208 
Dealt to Hero [8c 6h]
Dealt to 8a8d38cf 
Dealt to 27fa1df4 
b289c208: raises $0.08 to $0.13
Hero: folds
8a8d38cf: folds
27fa1df4: folds
22d167b4: folds
e4913918: calls $0.08
*** FLOP *** [6d 2d 9s]
e4913918: checks
b289c208: checks
*** TURN *** [6d 2d 9s] [9c]
e4913918: bets $0.21
b289c208: folds
Uncalled bet ($0.21) returned to e4913918
*** SHOWDOWN ***
e4913918 collected $0.27 from pot
*** SUMMARY ***
Total pot $0.28 | Rake $0.01 | Jackpot $0 | Bingo $0 | Fortune $0
Board [6d 2d 9s 9c]
Seat 1: 22d167b4 (small blind) folded before Flop
Seat 2: e4913918 (big blind) won ($0.27)
Seat 3: b289c208 folded on the Turn
Seat 4: Hero folded before Flop (didn't bet)
Seat 5: 8a8d38cf folded before Flop (didn't bet)
Seat 6: 27fa1df4 (button) folded before Flop (didn't bet)


Poker Hand #HD1212442762: Hold'em No Limit  ($0.02/$0.05) - 2023/04/21 21:56:42
Table 'NLHBlue58' 6-max Seat #5 is the button
Seat 1: 22d167b4 ($5.82 in chips)
Seat 2: e4913918 ($0.8 in chips)
Seat 3: b289c208 ($5.16 in chips)
Seat 4: Hero ($5.13 in chips)
Seat 5: 8a8d38cf ($5 in chips)
Seat 6: 27fa1df4 ($5.2 in chips)
27fa1df4: posts small blind $0.02
22d167b4: posts big blind $0.05
*** HOLE CARDS ***
Dealt to 22d167b4 
Dealt to e4913918 
Dealt to b289c208 
Dealt to Hero [2h 5c]
Dealt to 8a8d38cf 
Dealt to 27fa1df4 
e4913918: folds
b289c208: raises $0.08 to $0.13
Hero: folds
8a8d38cf: folds
27fa1df4: calls $0.11
22d167b4: calls $0.08
*** FLOP *** [5h Ad 9c]
27fa1df4: checks
22d167b4: checks
b289c208: bets $0.11
27fa1df4: folds
22d167b4: calls $0.11
*** TURN *** [5h Ad 9c] [Jh]
22d167b4: checks
b289c208: checks
*** RIVER *** [5h Ad 9c Jh] [Kc]
22d167b4: bets $0.46
b289c208: folds
Uncalled bet ($0.46) returned to 22d167b4
*** SHOWDOWN ***
22d167b4 collected $0.58 from pot
*** SUMMARY ***
Total pot $0.61 | Rake $0.03 | Jackpot $0 | Bingo $0 | Fortune $0
Board [5h Ad 9c Jh Kc]
Seat 1: 22d167b4 (big blind) won ($0.58)
Seat 2: e4913918 folded before Flop (didn't bet)
Seat 3: b289c208 folded on the River
Seat 4: Hero folded before Flop (didn't bet)
Seat 5: 8a8d38cf (button) folded before Flop (didn't bet)
Seat 6: 27fa1df4 (small blind) folded on the Flop


Poker Hand #HD1212442738: Hold'em No Limit  ($0.02/$0.05) - 2023/04/21 21:56:25
Table 'NLHBlue58' 6-max Seat #4 is the button
Seat 1: 22d167b4 ($5.82 in chips)
Seat 2: e4913918 ($0.8 in chips)
Seat 3: b289c208 ($5.16 in chips)
Seat 4: Hero ($5.13 in chips)
Seat 5: 8a8d38cf ($4.95 in chips)
Seat 6: 27fa1df4 ($5.25 in chips)
8a8d38cf: posts small blind $0.02
27fa1df4: posts big blind $0.05
*** HOLE CARDS ***
Dealt to 22d167b4 
Dealt to e4913918 
Dealt to b289c208 
Dealt to Hero [4d Jd]
Dealt to 8a8d38cf 
Dealt to 27fa1df4 
22d167b4: folds
e4913918: folds
b289c208: folds
Hero: folds
8a8d38cf: raises $0.1 to $0.15
27fa1df4: folds
Uncalled bet ($0.1) returned to 8a8d38cf
*** SHOWDOWN ***
8a8d38cf collected $0.1 from pot
*** SUMMARY ***
Total pot $0.1 | Rake $0 | Jackpot $0 | Bingo $0 | Fortune $0
Seat 1: 22d167b4 folded before Flop (didn't bet)
Seat 2: e4913918 folded before Flop (didn't bet)
Seat 3: b289c208 folded before Flop (didn't bet)
Seat 4: Hero (button) folded before Flop (didn't bet)
Seat 5: 8a8d38cf (small blind) collected ($0.1)
Seat 6: 27fa1df4 (big blind) folded before Flop


Poker Hand #HD1212442589: Hold'em No Limit  ($0.02/$0.05) - 2023/04/21 21:54:47
Table 'NLHBlue58' 6-max Seat #3 is the button
Seat 1: 22d167b4 ($5 in chips)
Seat 2: e4913918 ($1.68 in chips)
Seat 3: b289c208 ($5.16 in chips)
Seat 4: Hero ($5.15 in chips)
Seat 5: 8a8d38cf ($5 in chips)
Seat 6: 27fa1df4 ($5.25 in chips)
Hero: posts small blind $0.02
8a8d38cf: posts big blind $0.05
e4913918: posts big blind $0.05
*** HOLE CARDS ***
Dealt to 22d167b4 
Dealt to e4913918 
Dealt to b289c208 
Dealt to Hero [6d 5c]
Dealt to 8a8d38cf 
Dealt to 27fa1df4 
27fa1df4: folds
22d167b4: calls $0.05
e4913918: checks
b289c208: folds
Hero: folds
8a8d38cf: checks
*** FLOP *** [3s 8c 9s]
8a8d38cf: checks
22d167b4: checks
e4913918: bets $0.13
8a8d38cf: folds
22d167b4: calls $0.13
*** TURN *** [3s 8c 9s] [4d]
22d167b4: checks
e4913918: bets $0.15
22d167b4: calls $0.15
*** RIVER *** [3s 8c 9s 4d] [Qh]
22d167b4: checks
e4913918: bets $0.55
22d167b4: raises $1.38 to $1.93
e4913918: folds
Uncalled bet ($1.38) returned to 22d167b4
*** SHOWDOWN ***
22d167b4 collected $1.7 from pot
*** SUMMARY ***
Total pot $1.83 | Rake $0.08 | Jackpot $0.05 | Bingo $0 | Fortune $0
Board [3s 8c 9s 4d Qh]
Seat 1: 22d167b4 won ($1.7)
Seat 2: e4913918 folded on the River
Seat 3: b289c208 (button) folded before Flop (didn't bet)
Seat 4: Hero (small blind) folded before Flop
Seat 5: 8a8d38cf (big blind) folded on the Flop
Seat 6: 27fa1df4 folded before Flop (didn't bet)


Poker Hand #HD1212442482: Hold'em No Limit  ($0.02/$0.05) - 2023/04/21 21:53:48
Table 'NLHBlue58' 6-max Seat #1 is the button
Seat 1: 22d167b4 ($5 in chips)
Seat 3: b289c208 ($4.95 in chips)
Seat 4: Hero ($5.38 in chips)
Seat 6: 27fa1df4 ($5.25 in chips)
b289c208: posts small blind $0.02
Hero: posts big blind $0.05
*** HOLE CARDS ***
Dealt to 22d167b4 
Dealt to b289c208 
Dealt to Hero [Td Jh]
Dealt to 27fa1df4 
27fa1df4: folds
22d167b4: folds
b289c208: raises $0.08 to $0.13
Hero: calls $0.08
*** FLOP *** [Jd 7h Ah]
b289c208: checks
Hero: checks
*** TURN *** [Jd 7h Ah] [As]
b289c208: checks
Hero: bets $0.1
b289c208: raises $0.23 to $0.33
Hero: folds
Uncalled bet ($0.23) returned to b289c208
*** SHOWDOWN ***
b289c208 collected $0.44 from pot
*** SUMMARY ***
Total pot $0.46 | Rake $0.02 | Jackpot $0 | Bingo $0 | Fortune $0
Board [Jd 7h Ah As]
Seat 1: 22d167b4 (button) folded before Flop (didn't bet)
Seat 3: b289c208 (small blind) won ($0.44)
Seat 4: Hero (big blind) folded on the Turn
Seat 6: 27fa1df4 folded before Flop (didn't bet)


Poker Hand #HD1212442458: Hold'em No Limit  ($0.02/$0.05) - 2023/04/21 21:53:35
Table 'NLHBlue58' 6-max Seat #6 is the button
Seat 1: 22d167b4 ($5 in chips)
Seat 3: b289c208 ($4.93 in chips)
Seat 4: Hero ($5.38 in chips)
Seat 6: 27fa1df4 ($5.25 in chips)
22d167b4: posts small blind $0.02
b289c208: posts big blind $0.05
*** HOLE CARDS ***
Dealt to 22d167b4 
Dealt to b289c208 
Dealt to Hero [6h 7d]
Dealt to 27fa1df4 
Hero: folds
27fa1df4: folds
22d167b4: folds
Uncalled bet ($0.03) returned to b289c208
*** SHOWDOWN ***
b289c208 collected $0.04 from pot
*** SUMMARY ***
Total pot $0.04 | Rake $0 | Jackpot $0 | Bingo $0 | Fortune $0
Seat 1: 22d167b4 (small blind) folded before Flop
Seat 3: b289c208 (big blind) collected ($0.04)
Seat 4: Hero folded before Flop (didn't bet)
Seat 6: 27fa1df4 (button) folded before Flop (didn't bet)


Poker Hand #HD1212442434: Hold'em No Limit  ($0.02/$0.05) - 2023/04/21 21:53:23
Table 'NLHBlue58' 6-max Seat #4 is the button
Seat 1: 22d167b4 ($5.05 in chips)
Seat 3: b289c208 ($4.93 in chips)
Seat 4: Hero ($5.38 in chips)
Seat 6: 27fa1df4 ($5.2 in chips)
27fa1df4: posts small blind $0.02
22d167b4: posts big blind $0.05
*** HOLE CARDS ***
Dealt to 22d167b4 
Dealt to b289c208 
Dealt to Hero [8s Jh]
Dealt to 27fa1df4 
b289c208: folds
Hero: folds
27fa1df4: raises $0.06 to $0.11
22d167b4: folds
Uncalled bet ($0.06) returned to 27fa1df4
*** SHOWDOWN ***
27fa1df4 collected $0.1 from pot
*** SUMMARY ***
Total pot $0.1 | Rake $0 | Jackpot $0 | Bingo $0 | Fortune $0
Seat 1: 22d167b4 (big blind) folded before Flop
Seat 3: b289c208 folded before Flop (didn't bet)
Seat 4: Hero (button) folded before Flop (didn't bet)
Seat 6: 27fa1df4 (small blind) collected ($0.1)


Poker Hand #HD1212442370: Hold'em No Limit  ($0.02/$0.05) - 2023/04/21 21:52:47
Table 'NLHBlue58' 6-max Seat #3 is the button
Seat 1: 22d167b4 ($5.05 in chips)
Seat 3: b289c208 ($4.93 in chips)
Seat 4: Hero ($5.52 in chips)
Seat 6: 27fa1df4 ($5.07 in chips)
Hero: posts small blind $0.02
27fa1df4: posts big blind $0.05
*** HOLE CARDS ***
Dealt to 22d167b4 
Dealt to b289c208 
Dealt to Hero [5d Ac]
Dealt to 27fa1df4 
22d167b4: folds
b289c208: folds
Hero: raises $0.09 to $0.14
27fa1df4: calls $0.09
*** FLOP *** [Th 9c Jh]
Hero: checks
27fa1df4: checks
*** TURN *** [Th 9c Jh] [Qs]
Hero: checks
27fa1df4: checks
*** RIVER *** [Th 9c Jh Qs] [5c]
Hero: checks
27fa1df4: checks
Hero: shows [5d Ac] (Pair of Fives)
27fa1df4: shows [Qh 9d] (Pair of Queens and Pair of Nines)
*** SHOWDOWN ***
27fa1df4 collected $0.27 from pot
*** SUMMARY ***
Total pot $0.28 | Rake $0.01 | Jackpot $0 | Bingo $0 | Fortune $0
Board [Th 9c Jh Qs 5c]
Seat 1: 22d167b4 folded before Flop (didn't bet)
Seat 3: b289c208 (button) folded before Flop (didn't bet)
Seat 4: Hero (small blind) showed [5d Ac] and lost with Pair of Fives
Seat 6: 27fa1df4 (big blind) showed [Qh 9d] and won ($0.27) with Pair of Queens and Pair of Nines


Poker Hand #HD1212442341: Hold'em No Limit  ($0.02/$0.05) - 2023/04/21 21:52:32
Table 'NLHBlue58' 6-max Seat #1 is the button
Seat 1: 22d167b4 ($5.05 in chips)
Seat 3: b289c208 ($4.95 in chips)
Seat 4: Hero ($5.57 in chips)
Seat 6: 27fa1df4 ($5 in chips)
b289c208: posts small blind $0.02
Hero: posts big blind $0.05
*** HOLE CARDS ***
Dealt to 22d167b4 
Dealt to b289c208 
Dealt to Hero [4h 9d]
Dealt to 27fa1df4 
27fa1df4: raises $0.06 to $0.11
22d167b4: folds
b289c208: folds
Hero: folds
Uncalled bet ($0.06) returned to 27fa1df4
*** SHOWDOWN ***
27fa1df4 collected $0.12 from pot
*** SUMMARY ***
Total pot $0.12 | Rake $0 | Jackpot $0 | Bingo $0 | Fortune $0
Seat 1: 22d167b4 (button) folded before Flop (didn't bet)
Seat 3: b289c208 (small blind) folded before Flop
Seat 4: Hero (big blind) folded before Flop
Seat 6: 27fa1df4 collected ($0.12)


Poker Hand #HD1212442320: Hold'em No Limit  ($0.02/$0.05) - 2023/04/21 21:52:18
Table 'NLHBlue58' 6-max Seat #6 is the button
Seat 1: 22d167b4 ($5 in chips)
Seat 3: b289c208 ($5 in chips)
Seat 4: Hero ($5.57 in chips)
Seat 6: 27fa1df4 ($5 in chips)
22d167b4: posts small blind $0.02
b289c208: posts big blind $0.05
*** HOLE CARDS ***
Dealt to 22d167b4 
Dealt to b289c208 
Dealt to Hero [5h 7s]
Dealt to 27fa1df4 
Hero: folds
27fa1df4: folds
22d167b4: raises $0.06 to $0.11
b289c208: folds
Uncalled bet ($0.06) returned to 22d167b4
*** SHOWDOWN ***
22d167b4 collected $0.1 from pot
*** SUMMARY ***
Total pot $0.1 | Rake $0 | Jackpot $0 | Bingo $0 | Fortune $0
Seat 1: 22d167b4 (small blind) collected ($0.1)
Seat 3: b289c208 (big blind) folded before Flop
Seat 4: Hero folded before Flop (didn't bet)
Seat 6: 27fa1df4 (button) folded before Flop (didn't bet)


Poker Hand #HD1212442252: Hold'em No Limit  ($0.02/$0.05) - 2023/04/21 21:51:38
Table 'NLHBlue58' 6-max Seat #4 is the button
Seat 1: 22d167b4 ($5 in chips)
Seat 3: b289c208 ($2.95 in chips)
Seat 4: Hero ($5 in chips)
Seat 6: 27fa1df4 ($5.02 in chips)
27fa1df4: posts small blind $0.02
22d167b4: posts big blind $0.05
*** HOLE CARDS ***
Dealt to 22d167b4 
Dealt to b289c208 
Dealt to Hero [Qc Ah]
Dealt to 27fa1df4 
b289c208: raises $0.08 to $0.13
Hero: raises $0.21 to $0.34
27fa1df4: folds
22d167b4: folds
b289c208: calls $0.21
*** FLOP *** [Ad 7s Td]
b289c208: bets $0.21
Hero: calls $0.21
*** TURN *** [Ad 7s Td] [3s]
b289c208: checks
Hero: bets $0.59
b289c208: folds
Uncalled bet ($0.59) returned to Hero
*** SHOWDOWN ***
Hero collected $1.12 from pot
*** SUMMARY ***
Total pot $1.17 | Rake $0.05 | Jackpot $0 | Bingo $0 | Fortune $0
Board [Ad 7s Td 3s]
Seat 1: 22d167b4 (big blind) folded before Flop
Seat 3: b289c208 folded on the Turn
Seat 4: Hero (button) won ($1.12)
Seat 6: 27fa1df4 (small blind) folded before Flop


Poker Hand #HD1212442225: Hold'em No Limit  ($0.02/$0.05) - 2023/04/21 21:51:23
Table 'NLHBlue58' 6-max Seat #3 is the button
Seat 1: 22d167b4 ($5 in chips)
Seat 3: b289c208 ($2.95 in chips)
Seat 4: Hero ($5 in chips)
Seat 6: 27fa1df4 ($5 in chips)
Hero: posts small blind $0.02
27fa1df4: posts big blind $0.05
*** HOLE CARDS ***
Dealt to 22d167b4 
Dealt to b289c208 
Dealt to Hero [4d 9h]
Dealt to 27fa1df4 
22d167b4: folds
b289c208: folds
Hero: folds
Uncalled bet ($0.03) returned to 27fa1df4
*** SHOWDOWN ***
27fa1df4 collected $0.04 from pot
*** SUMMARY ***
Total pot $0.04 | Rake $0 | Jackpot $0 | Bingo $0 | Fortune $0
Seat 1: 22d167b4 folded before Flop (didn't bet)
Seat 3: b289c208 (button) folded before Flop (didn't bet)
Seat 4: Hero (small blind) folded before Flop
Seat 6: 27fa1df4 (big blind) collected ($0.04)


Poker Hand #HD1212442205: Hold'em No Limit  ($0.02/$0.05) - 2023/04/21 21:51:09
Table 'NLHBlue58' 6-max Seat #1 is the button
Seat 1: 22d167b4 ($5 in chips)
Seat 3: b289c208 ($2.9 in chips)
Seat 4: Hero ($5.05 in chips)
Seat 5: 6d6879e ($5.21 in chips)
b289c208: posts small blind $0.02
Hero: posts big blind $0.05
*** HOLE CARDS ***
Dealt to 22d167b4 
Dealt to b289c208 
Dealt to Hero [9d 3s]
Dealt to 6d6879e 
6d6879e: folds
22d167b4: folds
b289c208: raises $0.08 to $0.13
Hero: folds
Uncalled bet ($0.08) returned to b289c208
*** SHOWDOWN ***
b289c208 collected $0.1 from pot
*** SUMMARY ***
Total pot $0.1 | Rake $0 | Jackpot $0 | Bingo $0 | Fortune $0
Seat 1: 22d167b4 (button) folded before Flop (didn't bet)
Seat 3: b289c208 (small blind) collected ($0.1)
Seat 4: Hero (big blind) folded before Flop
Seat 5: 6d6879e folded before Flop (didn't bet)


Poker Hand #HD1212442117: Hold'em No Limit  ($0.02/$0.05) - 2023/04/21 21:50:14
Table 'NLHBlue58' 6-max Seat #5 is the button
Seat 1: 22d167b4 ($5.02 in chips)
Seat 3: b289c208 ($2.78 in chips)
Seat 4: Hero ($5.05 in chips)
Seat 5: 6d6879e ($5.21 in chips)
22d167b4: posts small blind $0.02
b289c208: posts big blind $0.05
*** HOLE CARDS ***
Dealt to 22d167b4 
Dealt to b289c208 
Dealt to Hero [5h 3c]
Dealt to 6d6879e 
Hero: folds
6d6879e: folds
22d167b4: raises $0.08 to $0.13
b289c208: calls $0.08
*** FLOP *** [3h Qs 7h]
22d167b4: checks
b289c208: checks
*** TURN *** [3h Qs 7h] [Kd]
22d167b4: checks
b289c208: bets $0.08
22d167b4: folds
Uncalled bet ($0.08) returned to b289c208
*** SHOWDOWN ***
b289c208 collected $0.25 from pot
*** SUMMARY ***
Total pot $0.26 | Rake $0.01 | Jackpot $0 | Bingo $0 | Fortune $0
Board [3h Qs 7h Kd]
Seat 1: 22d167b4 (small blind) folded on the Turn
Seat 3: b289c208 (big blind) won ($0.25)
Seat 4: Hero folded before Flop (didn't bet)
Seat 5: 6d6879e (button) folded before Flop (didn't bet)


Poker Hand #HD1212442093: Hold'em No Limit  ($0.02/$0.05) - 2023/04/21 21:50:06
Table 'NLHBlue58' 6-max Seat #4 is the button
Seat 1: 22d167b4 ($5 in chips)
Seat 3: b289c208 ($2.78 in chips)
Seat 4: Hero ($5.05 in chips)
Seat 5: 6d6879e ($5.23 in chips)
6d6879e: posts small blind $0.02
22d167b4: posts big blind $0.05
*** HOLE CARDS ***
Dealt to 22d167b4 
Dealt to b289c208 
Dealt to Hero [7d Ks]
Dealt to 6d6879e 
b289c208: folds
Hero: folds
6d6879e: folds
Uncalled bet ($0.03) returned to 22d167b4
*** SHOWDOWN ***
22d167b4 collected $0.04 from pot
*** SUMMARY ***
Total pot $0.04 | Rake $0 | Jackpot $0 | Bingo $0 | Fortune $0
Seat 1: 22d167b4 (big blind) collected ($0.04)
Seat 3: b289c208 folded before Flop (didn't bet)
Seat 4: Hero (button) folded before Flop (didn't bet)
Seat 5: 6d6879e (small blind) folded before Flop


Poker Hand #HD1212442057: Hold'em No Limit  ($0.02/$0.05) - 2023/04/21 21:49:42
Table 'NLHBlue58' 6-max Seat #3 is the button
Seat 1: 22d167b4 ($5 in chips)
Seat 3: b289c208 ($2.78 in chips)
Seat 4: Hero ($5 in chips)
Seat 5: 6d6879e ($5.28 in chips)
Hero: posts small blind $0.02
6d6879e: posts big blind $0.05
*** HOLE CARDS ***
Dealt to 22d167b4 
Dealt to b289c208 
Dealt to Hero [Td Kd]
Dealt to 6d6879e 
22d167b4: folds
b289c208: folds
Hero: raises $0.09 to $0.14
6d6879e: folds
Uncalled bet ($0.09) returned to Hero
*** SHOWDOWN ***
Hero collected $0.1 from pot
*** SUMMARY ***
Total pot $0.1 | Rake $0 | Jackpot $0 | Bingo $0 | Fortune $0
Seat 1: 22d167b4 folded before Flop (didn't bet)
Seat 3: b289c208 (button) folded before Flop (didn't bet)
Seat 4: Hero (small blind) collected ($0.1)
Seat 5: 6d6879e (big blind) folded before Flop


Poker Hand #HD1212442026: Hold'em No Limit  ($0.02/$0.05) - 2023/04/21 21:49:24
Table 'NLHBlue58' 6-max Seat #1 is the button
Seat 1: 22d167b4 ($5 in chips)
Seat 3: b289c208 ($2.8 in chips)
Seat 4: Hero ($5 in chips)
Seat 5: 6d6879e ($5.21 in chips)
b289c208: posts small blind $0.02
Hero: posts big blind $0.05
*** HOLE CARDS ***
Dealt to 22d167b4 
Dealt to b289c208 
Dealt to Hero [9c 3d]
Dealt to 6d6879e 
6d6879e: raises $0.08 to $0.13
22d167b4: folds
b289c208: folds
Hero: folds
Uncalled bet ($0.08) returned to 6d6879e
*** SHOWDOWN ***
6d6879e collected $0.12 from pot
*** SUMMARY ***
Total pot $0.12 | Rake $0 | Jackpot $0 | Bingo $0 | Fortune $0
Seat 1: 22d167b4 (button) folded before Flop (didn't bet)
Seat 3: b289c208 (small blind) folded before Flop
Seat 4: Hero (big blind) folded before Flop
Seat 5: 6d6879e collected ($0.12)


