Poker Hand #HD1597022974: Hold'em No Limit ($0.02/$0.05) - 2024/01/20 10:19:37
Table 'NLHBlue38' 6-max Seat #3 is the button
Seat 1: Hero ($5.52 in chips)
Seat 2: fcc4e9bd ($10.38 in chips)
Seat 3: 8c0bf989 ($5.76 in chips)
Seat 4: 736a8ff8 ($4.92 in chips)
Seat 6: 758e2cb4 ($4.66 in chips)
736a8ff8: posts small blind $0.02
758e2cb4: posts big blind $0.05
*** HOLE CARDS ***
Dealt to Hero [Ks 5s]
Dealt to fcc4e9bd 
Dealt to 8c0bf989 
Dealt to 736a8ff8 
Dealt to 758e2cb4 
Hero: folds
fcc4e9bd: folds
8c0bf989: folds
736a8ff8: folds
Uncalled bet ($0.03) returned to 758e2cb4
*** SHOWDOWN ***
758e2cb4 collected $0.04 from pot
*** SUMMARY ***
Total pot $0.04 | Rake $0 | Jackpot $0 | Bingo $0 | Fortune $0 | Tax $0
Seat 1: Hero folded before Flop (didn't bet)
Seat 2: fcc4e9bd folded before Flop (didn't bet)
Seat 3: 8c0bf989 (button) folded before Flop (didn't bet)
Seat 4: 736a8ff8 (small blind) folded before Flop
Seat 6: 758e2cb4 (big blind) collected ($0.04)


Poker Hand #HD1597022917: Hold'em No Limit ($0.02/$0.05) - 2024/01/20 10:18:58
Table 'NLHBlue38' 6-max Seat #2 is the button
Seat 1: Hero ($5.25 in chips)
Seat 2: fcc4e9bd ($10.38 in chips)
Seat 3: 8c0bf989 ($5.78 in chips)
Seat 4: 736a8ff8 ($5.19 in chips)
Seat 6: 758e2cb4 ($4.66 in chips)
8c0bf989: posts small blind $0.02
736a8ff8: posts big blind $0.05
*** HOLE CARDS ***
Dealt to Hero [As Td]
Dealt to fcc4e9bd 
Dealt to 8c0bf989 
Dealt to 736a8ff8 
Dealt to 758e2cb4 
758e2cb4: folds
Hero: raises $0.07 to $0.12
fcc4e9bd: folds
8c0bf989: folds
736a8ff8: calls $0.07
*** FLOP *** [3c 4d Ts]
736a8ff8: checks
Hero: bets $0.15
736a8ff8: calls $0.15
*** TURN *** [3c 4d Ts] [5d]
736a8ff8: checks
Hero: bets $0.42
736a8ff8: folds
Uncalled bet ($0.42) returned to Hero
*** SHOWDOWN ***
Hero collected $0.54 from pot
*** SUMMARY ***
Total pot $0.56 | Rake $0.02 | Jackpot $0 | Bingo $0 | Fortune $0 | Tax $0
Board [3c 4d Ts 5d]
Seat 1: Hero won ($0.54)
Seat 2: fcc4e9bd (button) folded before Flop (didn't bet)
Seat 3: 8c0bf989 (small blind) folded before Flop
Seat 4: 736a8ff8 (big blind) folded on the Turn
Seat 6: 758e2cb4 folded before Flop (didn't bet)


Poker Hand #HD1597022885: Hold'em No Limit ($0.02/$0.05) - 2024/01/20 10:18:38
Table 'NLHBlue38' 6-max Seat #1 is the button
Seat 1: Hero ($5.25 in chips)
Seat 2: fcc4e9bd ($10.4 in chips)
Seat 3: 8c0bf989 ($5.83 in chips)
Seat 4: 736a8ff8 ($5.12 in chips)
Seat 6: 758e2cb4 ($4.66 in chips)
fcc4e9bd: posts small blind $0.02
8c0bf989: posts big blind $0.05
*** HOLE CARDS ***
Dealt to Hero [Td 5c]
Dealt to fcc4e9bd 
Dealt to 8c0bf989 
Dealt to 736a8ff8 
Dealt to 758e2cb4 
736a8ff8: raises $0.06 to $0.11
758e2cb4: folds
Hero: folds
fcc4e9bd: folds
8c0bf989: folds
Uncalled bet ($0.06) returned to 736a8ff8
*** SHOWDOWN ***
736a8ff8 collected $0.12 from pot
*** SUMMARY ***
Total pot $0.12 | Rake $0 | Jackpot $0 | Bingo $0 | Fortune $0 | Tax $0
Seat 1: Hero (button) folded before Flop (didn't bet)
Seat 2: fcc4e9bd (small blind) folded before Flop
Seat 3: 8c0bf989 (big blind) folded before Flop
Seat 4: 736a8ff8 collected ($0.12)
Seat 6: 758e2cb4 folded before Flop (didn't bet)


Poker Hand #HD1597022805: Hold'em No Limit ($0.02/$0.05) - 2024/01/20 10:17:46
Table 'NLHBlue38' 6-max Seat #6 is the button
Seat 1: Hero ($5.27 in chips)
Seat 2: fcc4e9bd ($10.45 in chips)
Seat 3: 8c0bf989 ($5.05 in chips)
Seat 4: 736a8ff8 ($5.12 in chips)
Seat 6: 758e2cb4 ($5.5 in chips)
Hero: posts small blind $0.02
fcc4e9bd: posts big blind $0.05
*** HOLE CARDS ***
Dealt to Hero [2c 8h]
Dealt to fcc4e9bd 
Dealt to 8c0bf989 
Dealt to 736a8ff8 
Dealt to 758e2cb4 
8c0bf989: raises $0.07 to $0.12
736a8ff8: folds
758e2cb4: calls $0.12
Hero: folds
fcc4e9bd: folds
*** FLOP *** [9s 6d 2d]
8c0bf989: checks
758e2cb4: checks
*** TURN *** [9s 6d 2d] [Ks]
8c0bf989: bets $0.11
758e2cb4: calls $0.11
*** RIVER *** [9s 6d 2d Ks] [Jc]
8c0bf989: bets $0.61
758e2cb4: calls $0.61
8c0bf989: shows [Js Jh] (Three Jacks)
758e2cb4: shows [Th Kc] (Pair of Kings)
*** SHOWDOWN ***
8c0bf989 collected $1.62 from pot
*** SUMMARY ***
Total pot $1.75 | Rake $0.08 | Jackpot $0.05 | Bingo $0 | Fortune $0 | Tax $0
Board [9s 6d 2d Ks Jc]
Seat 1: Hero (small blind) folded before Flop
Seat 2: fcc4e9bd (big blind) folded before Flop
Seat 3: 8c0bf989 showed [Js Jh] and won ($1.62) with Three Jacks
Seat 4: 736a8ff8 folded before Flop (didn't bet)
Seat 6: 758e2cb4 (button) showed [Th Kc] and lost with Pair of Kings


Poker Hand #HD1597022773: Hold'em No Limit ($0.02/$0.05) - 2024/01/20 10:17:26
Table 'NLHBlue38' 6-max Seat #4 is the button
Seat 1: Hero ($5.32 in chips)
Seat 2: fcc4e9bd ($10.45 in chips)
Seat 3: 8c0bf989 ($5.05 in chips)
Seat 4: 736a8ff8 ($5.12 in chips)
Seat 6: 758e2cb4 ($5.45 in chips)
758e2cb4: posts small blind $0.02
Hero: posts big blind $0.05
*** HOLE CARDS ***
Dealt to Hero [Js 8h]
Dealt to fcc4e9bd 
Dealt to 8c0bf989 
Dealt to 736a8ff8 
Dealt to 758e2cb4 
fcc4e9bd: folds
8c0bf989: folds
736a8ff8: folds
758e2cb4: raises $0.1 to $0.15
Hero: folds
Uncalled bet ($0.1) returned to 758e2cb4
*** SHOWDOWN ***
758e2cb4 collected $0.1 from pot
*** SUMMARY ***
Total pot $0.1 | Rake $0 | Jackpot $0 | Bingo $0 | Fortune $0 | Tax $0
Seat 1: Hero (big blind) folded before Flop
Seat 2: fcc4e9bd folded before Flop (didn't bet)
Seat 3: 8c0bf989 folded before Flop (didn't bet)
Seat 4: 736a8ff8 (button) folded before Flop (didn't bet)
Seat 6: 758e2cb4 (small blind) collected ($0.1)


Poker Hand #HD1597022756: Hold'em No Limit ($0.02/$0.05) - 2024/01/20 10:17:18
Table 'NLHBlue38' 6-max Seat #3 is the button
Seat 1: Hero ($5.32 in chips)
Seat 2: fcc4e9bd ($10.45 in chips)
Seat 3: 8c0bf989 ($5.05 in chips)
Seat 4: 736a8ff8 ($5.14 in chips)
Seat 6: 758e2cb4 ($5.43 in chips)
736a8ff8: posts small blind $0.02
758e2cb4: posts big blind $0.05
*** HOLE CARDS ***
Dealt to Hero [6c 2s]
Dealt to fcc4e9bd 
Dealt to 8c0bf989 
Dealt to 736a8ff8 
Dealt to 758e2cb4 
Hero: folds
fcc4e9bd: folds
8c0bf989: folds
736a8ff8: folds
Uncalled bet ($0.03) returned to 758e2cb4
*** SHOWDOWN ***
758e2cb4 collected $0.04 from pot
*** SUMMARY ***
Total pot $0.04 | Rake $0 | Jackpot $0 | Bingo $0 | Fortune $0 | Tax $0
Seat 1: Hero folded before Flop (didn't bet)
Seat 2: fcc4e9bd folded before Flop (didn't bet)
Seat 3: 8c0bf989 (button) folded before Flop (didn't bet)
Seat 4: 736a8ff8 (small blind) folded before Flop
Seat 6: 758e2cb4 (big blind) collected ($0.04)


Poker Hand #HD1597022705: Hold'em No Limit ($0.02/$0.05) - 2024/01/20 10:16:39
Table 'NLHBlue38' 6-max Seat #2 is the button
Seat 1: Hero ($5.32 in chips)
Seat 2: fcc4e9bd ($10.45 in chips)
Seat 3: 8c0bf989 ($5 in chips)
Seat 4: 736a8ff8 ($5.19 in chips)
Seat 6: 758e2cb4 ($5.43 in chips)
8c0bf989: posts small blind $0.02
736a8ff8: posts big blind $0.05
*** HOLE CARDS ***
Dealt to Hero [Kh 4d]
Dealt to fcc4e9bd 
Dealt to 8c0bf989 
Dealt to 736a8ff8 
Dealt to 758e2cb4 
758e2cb4: folds
Hero: folds
fcc4e9bd: folds
8c0bf989: calls $0.03
736a8ff8: checks
*** FLOP *** [4s 9s 9h]
8c0bf989: checks
736a8ff8: checks
*** TURN *** [4s 9s 9h] [2h]
8c0bf989: checks
736a8ff8: checks
*** RIVER *** [4s 9s 9h 2h] [8c]
8c0bf989: checks
736a8ff8: checks
8c0bf989: shows [Kd 3d] (Pair of Nines)
736a8ff8: shows [7c 6c] (Pair of Nines)
*** SHOWDOWN ***
8c0bf989 collected $0.1 from pot
*** SUMMARY ***
Total pot $0.1 | Rake $0 | Jackpot $0 | Bingo $0 | Fortune $0 | Tax $0
Board [4s 9s 9h 2h 8c]
Seat 1: Hero folded before Flop (didn't bet)
Seat 2: fcc4e9bd (button) folded before Flop (didn't bet)
Seat 3: 8c0bf989 (small blind) showed [Kd 3d] and won ($0.1) with Pair of Nines
Seat 4: 736a8ff8 (big blind) showed [7c 6c] and lost with Pair of Nines
Seat 6: 758e2cb4 folded before Flop (didn't bet)


Poker Hand #HD1597022677: Hold'em No Limit ($0.02/$0.05) - 2024/01/20 10:16:19
Table 'NLHBlue38' 6-max Seat #1 is the button
Seat 1: Hero ($5.32 in chips)
Seat 2: fcc4e9bd ($10.47 in chips)
Seat 3: 8c0bf989 ($5 in chips)
Seat 4: 736a8ff8 ($5.19 in chips)
Seat 6: 758e2cb4 ($5.36 in chips)
fcc4e9bd: posts small blind $0.02
8c0bf989: posts big blind $0.05
*** HOLE CARDS ***
Dealt to Hero [As 9c]
Dealt to fcc4e9bd 
Dealt to 8c0bf989 
Dealt to 736a8ff8 
Dealt to 758e2cb4 
736a8ff8: folds
758e2cb4: raises $0.08 to $0.13
Hero: folds
fcc4e9bd: folds
8c0bf989: folds
Uncalled bet ($0.08) returned to 758e2cb4
*** SHOWDOWN ***
758e2cb4 collected $0.12 from pot
*** SUMMARY ***
Total pot $0.12 | Rake $0 | Jackpot $0 | Bingo $0 | Fortune $0 | Tax $0
Seat 1: Hero (button) folded before Flop (didn't bet)
Seat 2: fcc4e9bd (small blind) folded before Flop
Seat 3: 8c0bf989 (big blind) folded before Flop
Seat 4: 736a8ff8 folded before Flop (didn't bet)
Seat 6: 758e2cb4 collected ($0.12)


Poker Hand #HD1597022602: Hold'em No Limit ($0.02/$0.05) - 2024/01/20 10:15:22
Table 'NLHBlue38' 6-max Seat #6 is the button
Seat 1: Hero ($5.34 in chips)
Seat 2: fcc4e9bd ($10.66 in chips)
Seat 3: 8c0bf989 ($5 in chips)
Seat 4: 736a8ff8 ($5 in chips)
Seat 6: 758e2cb4 ($5.36 in chips)
Hero: posts small blind $0.02
fcc4e9bd: posts big blind $0.05
*** HOLE CARDS ***
Dealt to Hero [8h Kh]
Dealt to fcc4e9bd 
Dealt to 8c0bf989 
Dealt to 736a8ff8 
Dealt to 758e2cb4 
8c0bf989: folds
736a8ff8: raises $0.06 to $0.11
758e2cb4: folds
Hero: folds
fcc4e9bd: calls $0.06
*** FLOP *** [Qc 5s 7h]
fcc4e9bd: checks
736a8ff8: checks
*** TURN *** [Qc 5s 7h] [Ac]
fcc4e9bd: bets $0.08
736a8ff8: calls $0.08
*** RIVER *** [Qc 5s 7h Ac] [7c]
fcc4e9bd: checks
736a8ff8: checks
fcc4e9bd: shows [Jd Ts] (Pair of Sevens)
736a8ff8: shows [6h As] (Pair of Aces and Pair of Sevens)
*** SHOWDOWN ***
736a8ff8 collected $0.38 from pot
*** SUMMARY ***
Total pot $0.4 | Rake $0.02 | Jackpot $0 | Bingo $0 | Fortune $0 | Tax $0
Board [Qc 5s 7h Ac 7c]
Seat 1: Hero (small blind) folded before Flop
Seat 2: fcc4e9bd (big blind) showed [Jd Ts] and lost with Pair of Sevens
Seat 3: 8c0bf989 folded before Flop (didn't bet)
Seat 4: 736a8ff8 showed [6h As] and won ($0.38) with Pair of Aces and Pair of Sevens
Seat 6: 758e2cb4 (button) folded before Flop (didn't bet)


Poker Hand #HD1597022567: Hold'em No Limit ($0.02/$0.05) - 2024/01/20 10:15:01
Table 'NLHBlue38' 6-max Seat #4 is the button
Seat 1: Hero ($5.2 in chips)
Seat 2: fcc4e9bd ($10.66 in chips)
Seat 3: 8c0bf989 ($5 in chips)
Seat 4: 736a8ff8 ($5 in chips)
Seat 6: 758e2cb4 ($5.51 in chips)
758e2cb4: posts small blind $0.02
Hero: posts big blind $0.05
*** HOLE CARDS ***
Dealt to Hero [Kh Jd]
Dealt to fcc4e9bd 
Dealt to 8c0bf989 
Dealt to 736a8ff8 
Dealt to 758e2cb4 
fcc4e9bd: folds
8c0bf989: folds
736a8ff8: folds
758e2cb4: raises $0.1 to $0.15
Hero: raises $0.35 to $0.5
758e2cb4: folds
Uncalled bet ($0.35) returned to Hero
*** SHOWDOWN ***
Hero collected $0.29 from pot
*** SUMMARY ***
Total pot $0.3 | Rake $0.01 | Jackpot $0 | Bingo $0 | Fortune $0 | Tax $0
Seat 1: Hero (big blind) collected ($0.29)
Seat 2: fcc4e9bd folded before Flop (didn't bet)
Seat 3: 8c0bf989 folded before Flop (didn't bet)
Seat 4: 736a8ff8 (button) folded before Flop (didn't bet)
Seat 6: 758e2cb4 (small blind) folded before Flop


Poker Hand #HD1597022510: Hold'em No Limit ($0.02/$0.05) - 2024/01/20 10:14:22
Table 'NLHBlue38' 6-max Seat #3 is the button
Seat 1: Hero ($5.2 in chips)
Seat 2: fcc4e9bd ($10.66 in chips)
Seat 3: 8c0bf989 ($5 in chips)
Seat 4: 736a8ff8 ($3.98 in chips)
Seat 6: 758e2cb4 ($5.38 in chips)
736a8ff8: posts small blind $0.02
758e2cb4: posts big blind $0.05
*** HOLE CARDS ***
Dealt to Hero [2d 4s]
Dealt to fcc4e9bd 
Dealt to 8c0bf989 
Dealt to 736a8ff8 
Dealt to 758e2cb4 
Hero: folds
fcc4e9bd: folds
8c0bf989: raises $0.07 to $0.12
736a8ff8: folds
758e2cb4: calls $0.07
*** FLOP *** [9h 4c 7c]
758e2cb4: checks
8c0bf989: checks
*** TURN *** [9h 4c 7c] [7d]
758e2cb4: checks
8c0bf989: checks
*** RIVER *** [9h 4c 7c 7d] [Th]
758e2cb4: checks
8c0bf989: checks
758e2cb4: shows [5d 4h] (Pair of Sevens and Pair of Fours)
8c0bf989: shows [Ks 8s] (Pair of Sevens)
*** SHOWDOWN ***
758e2cb4 collected $0.25 from pot
*** SUMMARY ***
Total pot $0.26 | Rake $0.01 | Jackpot $0 | Bingo $0 | Fortune $0 | Tax $0
Board [9h 4c 7c 7d Th]
Seat 1: Hero folded before Flop (didn't bet)
Seat 2: fcc4e9bd folded before Flop (didn't bet)
Seat 3: 8c0bf989 (button) showed [Ks 8s] and lost with Pair of Sevens
Seat 4: 736a8ff8 (small blind) folded before Flop
Seat 6: 758e2cb4 (big blind) showed [5d 4h] and won ($0.25) with Pair of Sevens and Pair of Fours


Poker Hand #HD1597022488: Hold'em No Limit ($0.02/$0.05) - 2024/01/20 10:14:07
Table 'NLHBlue38' 6-max Seat #2 is the button
Seat 1: Hero ($5.2 in chips)
Seat 2: fcc4e9bd ($10.66 in chips)
Seat 3: 8c0bf989 ($5 in chips)
Seat 4: 736a8ff8 ($4.03 in chips)
Seat 6: 758e2cb4 ($5.31 in chips)
8c0bf989: posts small blind $0.02
736a8ff8: posts big blind $0.05
*** HOLE CARDS ***
Dealt to Hero [Ts Kc]
Dealt to fcc4e9bd 
Dealt to 8c0bf989 
Dealt to 736a8ff8 
Dealt to 758e2cb4 
758e2cb4: raises $0.05 to $0.1
Hero: folds
fcc4e9bd: folds
8c0bf989: folds
736a8ff8: folds
Uncalled bet ($0.05) returned to 758e2cb4
*** SHOWDOWN ***
758e2cb4 collected $0.12 from pot
*** SUMMARY ***
Total pot $0.12 | Rake $0 | Jackpot $0 | Bingo $0 | Fortune $0 | Tax $0
Seat 1: Hero folded before Flop (didn't bet)
Seat 2: fcc4e9bd (button) folded before Flop (didn't bet)
Seat 3: 8c0bf989 (small blind) folded before Flop
Seat 4: 736a8ff8 (big blind) folded before Flop
Seat 6: 758e2cb4 collected ($0.12)


Poker Hand #HD1597022465: Hold'em No Limit ($0.02/$0.05) - 2024/01/20 10:13:54
Table 'NLHBlue38' 6-max Seat #1 is the button
Seat 1: Hero ($5.2 in chips)
Seat 2: fcc4e9bd ($10.61 in chips)
Seat 3: 8c0bf989 ($5 in chips)
Seat 4: 736a8ff8 ($4.03 in chips)
Seat 6: 758e2cb4 ($5.31 in chips)
fcc4e9bd: posts small blind $0.02
8c0bf989: posts big blind $0.05
*** HOLE CARDS ***
Dealt to Hero [8s 9h]
Dealt to fcc4e9bd 
Dealt to 8c0bf989 
Dealt to 736a8ff8 
Dealt to 758e2cb4 
736a8ff8: folds
758e2cb4: folds
Hero: folds
fcc4e9bd: raises $0.08 to $0.13
8c0bf989: folds
Uncalled bet ($0.08) returned to fcc4e9bd
*** SHOWDOWN ***
fcc4e9bd collected $0.1 from pot
*** SUMMARY ***
Total pot $0.1 | Rake $0 | Jackpot $0 | Bingo $0 | Fortune $0 | Tax $0
Seat 1: Hero (button) folded before Flop (didn't bet)
Seat 2: fcc4e9bd (small blind) collected ($0.1)
Seat 3: 8c0bf989 (big blind) folded before Flop
Seat 4: 736a8ff8 folded before Flop (didn't bet)
Seat 6: 758e2cb4 folded before Flop (didn't bet)


Poker Hand #HD1597022449: Hold'em No Limit ($0.02/$0.05) - 2024/01/20 10:13:42
Table 'NLHBlue38' 6-max Seat #6 is the button
Seat 1: Hero ($5.22 in chips)
Seat 2: fcc4e9bd ($10.59 in chips)
Seat 3: 8c0bf989 ($5 in chips)
Seat 4: 736a8ff8 ($4.03 in chips)
Seat 6: 758e2cb4 ($5.31 in chips)
Hero: posts small blind $0.02
fcc4e9bd: posts big blind $0.05
*** HOLE CARDS ***
Dealt to Hero [7c 2h]
Dealt to fcc4e9bd 
Dealt to 8c0bf989 
Dealt to 736a8ff8 
Dealt to 758e2cb4 
8c0bf989: folds
736a8ff8: folds
758e2cb4: folds
Hero: folds
Uncalled bet ($0.03) returned to fcc4e9bd
*** SHOWDOWN ***
fcc4e9bd collected $0.04 from pot
*** SUMMARY ***
Total pot $0.04 | Rake $0 | Jackpot $0 | Bingo $0 | Fortune $0 | Tax $0
Seat 1: Hero (small blind) folded before Flop
Seat 2: fcc4e9bd (big blind) collected ($0.04)
Seat 3: 8c0bf989 folded before Flop (didn't bet)
Seat 4: 736a8ff8 folded before Flop (didn't bet)
Seat 6: 758e2cb4 (button) folded before Flop (didn't bet)


Poker Hand #HD1597022408: Hold'em No Limit ($0.02/$0.05) - 2024/01/20 10:13:14
Table 'NLHBlue38' 6-max Seat #4 is the button
Seat 1: Hero ($5.61 in chips)
Seat 2: fcc4e9bd ($10.59 in chips)
Seat 3: 8c0bf989 ($5 in chips)
Seat 4: 736a8ff8 ($4.03 in chips)
Seat 6: 758e2cb4 ($4.95 in chips)
758e2cb4: posts small blind $0.02
Hero: posts big blind $0.05
*** HOLE CARDS ***
Dealt to Hero [Td 9h]
Dealt to fcc4e9bd 
Dealt to 8c0bf989 
Dealt to 736a8ff8 
Dealt to 758e2cb4 
fcc4e9bd: folds
8c0bf989: folds
736a8ff8: folds
758e2cb4: raises $0.1 to $0.15
Hero: calls $0.1
*** FLOP *** [Jd Qh 2d]
758e2cb4: bets $0.24
Hero: calls $0.24
*** TURN *** [Jd Qh 2d] [5d]
758e2cb4: bets $0.6
Hero: folds
Uncalled bet ($0.6) returned to 758e2cb4
*** SHOWDOWN ***
758e2cb4 collected $0.75 from pot
*** SUMMARY ***
Total pot $0.78 | Rake $0.03 | Jackpot $0 | Bingo $0 | Fortune $0 | Tax $0
Board [Jd Qh 2d 5d]
Seat 1: Hero (big blind) folded on the Turn
Seat 2: fcc4e9bd folded before Flop (didn't bet)
Seat 3: 8c0bf989 folded before Flop (didn't bet)
Seat 4: 736a8ff8 (button) folded before Flop (didn't bet)
Seat 6: 758e2cb4 (small blind) won ($0.75)


Poker Hand #HD1597022386: Hold'em No Limit ($0.02/$0.05) - 2024/01/20 10:13:00
Table 'NLHBlue38' 6-max Seat #3 is the button
Seat 1: Hero ($5.61 in chips)
Seat 2: fcc4e9bd ($10.52 in chips)
Seat 3: 8c0bf989 ($5 in chips)
Seat 4: 736a8ff8 ($4.05 in chips)
Seat 6: 758e2cb4 ($5 in chips)
736a8ff8: posts small blind $0.02
758e2cb4: posts big blind $0.05
*** HOLE CARDS ***
Dealt to Hero [4h 6d]
Dealt to fcc4e9bd 
Dealt to 8c0bf989 
Dealt to 736a8ff8 
Dealt to 758e2cb4 
Hero: folds
fcc4e9bd: raises $0.08 to $0.13
8c0bf989: folds
736a8ff8: folds
758e2cb4: folds
Uncalled bet ($0.08) returned to fcc4e9bd
*** SHOWDOWN ***
fcc4e9bd collected $0.12 from pot
*** SUMMARY ***
Total pot $0.12 | Rake $0 | Jackpot $0 | Bingo $0 | Fortune $0 | Tax $0
Seat 1: Hero folded before Flop (didn't bet)
Seat 2: fcc4e9bd collected ($0.12)
Seat 3: 8c0bf989 (button) folded before Flop (didn't bet)
Seat 4: 736a8ff8 (small blind) folded before Flop
Seat 6: 758e2cb4 (big blind) folded before Flop


Poker Hand #HD1597022371: Hold'em No Limit ($0.02/$0.05) - 2024/01/20 10:12:52
Table 'NLHBlue38' 6-max Seat #2 is the button
Seat 1: Hero ($5.61 in chips)
Seat 2: fcc4e9bd ($10.52 in chips)
Seat 3: 8c0bf989 ($5.02 in chips)
Seat 4: 736a8ff8 ($4.03 in chips)
8c0bf989: posts small blind $0.02
736a8ff8: posts big blind $0.05
*** HOLE CARDS ***
Dealt to Hero [8d Ac]
Dealt to fcc4e9bd 
Dealt to 8c0bf989 
Dealt to 736a8ff8 
Hero: folds
fcc4e9bd: folds
8c0bf989: folds
Uncalled bet ($0.03) returned to 736a8ff8
*** SHOWDOWN ***
736a8ff8 collected $0.04 from pot
*** SUMMARY ***
Total pot $0.04 | Rake $0 | Jackpot $0 | Bingo $0 | Fortune $0 | Tax $0
Seat 1: Hero folded before Flop (didn't bet)
Seat 2: fcc4e9bd (button) folded before Flop (didn't bet)
Seat 3: 8c0bf989 (small blind) folded before Flop
Seat 4: 736a8ff8 (big blind) collected ($0.04)


Poker Hand #HD1597022358: Hold'em No Limit ($0.02/$0.05) - 2024/01/20 10:12:42
Table 'NLHBlue38' 6-max Seat #1 is the button
Seat 1: Hero ($5.61 in chips)
Seat 2: fcc4e9bd ($10.54 in chips)
Seat 3: 8c0bf989 ($5 in chips)
Seat 4: 736a8ff8 ($4.03 in chips)
fcc4e9bd: posts small blind $0.02
8c0bf989: posts big blind $0.05
*** HOLE CARDS ***
Dealt to Hero [Jh 8s]
Dealt to fcc4e9bd 
Dealt to 8c0bf989 
Dealt to 736a8ff8 
736a8ff8: folds
Hero: folds
fcc4e9bd: folds
Uncalled bet ($0.03) returned to 8c0bf989
*** SHOWDOWN ***
8c0bf989 collected $0.04 from pot
*** SUMMARY ***
Total pot $0.04 | Rake $0 | Jackpot $0 | Bingo $0 | Fortune $0 | Tax $0
Seat 1: Hero (button) folded before Flop (didn't bet)
Seat 2: fcc4e9bd (small blind) folded before Flop
Seat 3: 8c0bf989 (big blind) collected ($0.04)
Seat 4: 736a8ff8 folded before Flop (didn't bet)


Poker Hand #HD1597022343: Hold'em No Limit ($0.02/$0.05) - 2024/01/20 10:12:33
Table 'NLHBlue38' 6-max Seat #4 is the button
Seat 1: Hero ($5.63 in chips)
Seat 2: fcc4e9bd ($10.52 in chips)
Seat 3: 8c0bf989 ($5 in chips)
Seat 4: 736a8ff8 ($4.03 in chips)
Hero: posts small blind $0.02
fcc4e9bd: posts big blind $0.05
*** HOLE CARDS ***
Dealt to Hero [2h Kd]
Dealt to fcc4e9bd 
Dealt to 8c0bf989 
Dealt to 736a8ff8 
8c0bf989: folds
736a8ff8: folds
Hero: folds
Uncalled bet ($0.03) returned to fcc4e9bd
*** SHOWDOWN ***
fcc4e9bd collected $0.04 from pot
*** SUMMARY ***
Total pot $0.04 | Rake $0 | Jackpot $0 | Bingo $0 | Fortune $0 | Tax $0
Seat 1: Hero (small blind) folded before Flop
Seat 2: fcc4e9bd (big blind) collected ($0.04)
Seat 3: 8c0bf989 folded before Flop (didn't bet)
Seat 4: 736a8ff8 (button) folded before Flop (didn't bet)


Poker Hand #HD1597022321: Hold'em No Limit ($0.02/$0.05) - 2024/01/20 10:12:21
Table 'NLHBlue38' 6-max Seat #3 is the button
Seat 1: Hero ($5.61 in chips)
Seat 2: fcc4e9bd ($10.52 in chips)
Seat 3: 8c0bf989 ($5 in chips)
Seat 4: 736a8ff8 ($4.05 in chips)
736a8ff8: posts small blind $0.02
Hero: posts big blind $0.05
*** HOLE CARDS ***
Dealt to Hero [Kc Qc]
Dealt to fcc4e9bd 
Dealt to 8c0bf989 
Dealt to 736a8ff8 
fcc4e9bd: folds
8c0bf989: folds
736a8ff8: folds
Uncalled bet ($0.03) returned to Hero
*** SHOWDOWN ***
Hero collected $0.04 from pot
*** SUMMARY ***
Total pot $0.04 | Rake $0 | Jackpot $0 | Bingo $0 | Fortune $0 | Tax $0
Seat 1: Hero (big blind) collected ($0.04)
Seat 2: fcc4e9bd folded before Flop (didn't bet)
Seat 3: 8c0bf989 (button) folded before Flop (didn't bet)
Seat 4: 736a8ff8 (small blind) folded before Flop


Poker Hand #HD1597022229: Hold'em No Limit ($0.02/$0.05) - 2024/01/20 10:11:21
Table 'NLHBlue38' 6-max Seat #2 is the button
Seat 1: Hero ($5.23 in chips)
Seat 2: fcc4e9bd ($10.52 in chips)
Seat 3: 8c0bf989 ($5.02 in chips)
Seat 4: 736a8ff8 ($4.1 in chips)
Seat 6: 8e441624 ($5.47 in chips)
8c0bf989: posts small blind $0.02
736a8ff8: posts big blind $0.05
*** HOLE CARDS ***
Dealt to Hero [Qs Js]
Dealt to fcc4e9bd 
Dealt to 8c0bf989 
Dealt to 736a8ff8 
Dealt to 8e441624 
8e441624: raises $0.07 to $0.12
Hero: raises $0.22 to $0.34
fcc4e9bd: folds
8c0bf989: folds
736a8ff8: folds
8e441624: calls $0.22
*** FLOP *** [5s 2d 7h]
8e441624: checks
Hero: checks
*** TURN *** [5s 2d 7h] [2s]
8e441624: checks
Hero: checks
*** RIVER *** [5s 2d 7h 2s] [6d]
8e441624: checks
Hero: checks
8e441624: shows [Tc 9c] (Pair of Twos)
Hero: shows [Qs Js] (Pair of Twos)
*** SHOWDOWN ***
Hero collected $0.72 from pot
*** SUMMARY ***
Total pot $0.75 | Rake $0.03 | Jackpot $0 | Bingo $0 | Fortune $0 | Tax $0
Board [5s 2d 7h 2s 6d]
Seat 1: Hero showed [Qs Js] and won ($0.72) with Pair of Twos
Seat 2: fcc4e9bd (button) folded before Flop (didn't bet)
Seat 3: 8c0bf989 (small blind) folded before Flop
Seat 4: 736a8ff8 (big blind) folded before Flop
Seat 6: 8e441624 showed [Tc 9c] and lost with Pair of Twos


Poker Hand #HD1597022220: Hold'em No Limit ($0.02/$0.05) - 2024/01/20 10:11:15
Table 'NLHBlue38' 6-max Seat #1 is the button
Seat 1: Hero ($5.23 in chips)
Seat 2: fcc4e9bd ($10.54 in chips)
Seat 3: 8c0bf989 ($5 in chips)
Seat 4: 736a8ff8 ($4.1 in chips)
Seat 6: 8e441624 ($5.47 in chips)
fcc4e9bd: posts small blind $0.02
8c0bf989: posts big blind $0.05
*** HOLE CARDS ***
Dealt to Hero [Kh 7c]
Dealt to fcc4e9bd 
Dealt to 8c0bf989 
Dealt to 736a8ff8 
Dealt to 8e441624 
736a8ff8: folds
8e441624: folds
Hero: folds
fcc4e9bd: folds
Uncalled bet ($0.03) returned to 8c0bf989
*** SHOWDOWN ***
8c0bf989 collected $0.04 from pot
*** SUMMARY ***
Total pot $0.04 | Rake $0 | Jackpot $0 | Bingo $0 | Fortune $0 | Tax $0
Seat 1: Hero (button) folded before Flop (didn't bet)
Seat 2: fcc4e9bd (small blind) folded before Flop
Seat 3: 8c0bf989 (big blind) collected ($0.04)
Seat 4: 736a8ff8 folded before Flop (didn't bet)
Seat 6: 8e441624 folded before Flop (didn't bet)


Poker Hand #HD1597022170: Hold'em No Limit ($0.02/$0.05) - 2024/01/20 10:10:38
Table 'NLHBlue38' 6-max Seat #6 is the button
Seat 1: Hero ($5.25 in chips)
Seat 2: fcc4e9bd ($10.59 in chips)
Seat 4: 736a8ff8 ($4.38 in chips)
Seat 6: 8e441624 ($5.15 in chips)
Hero: posts small blind $0.02
fcc4e9bd: posts big blind $0.05
*** HOLE CARDS ***
Dealt to Hero [8s Kd]
Dealt to fcc4e9bd 
Dealt to 736a8ff8 
Dealt to 8e441624 
736a8ff8: raises $0.1 to $0.15
8e441624: calls $0.15
Hero: folds
fcc4e9bd: folds
*** FLOP *** [6c Kc As]
736a8ff8: checks
8e441624: checks
*** TURN *** [6c Kc As] [2s]
736a8ff8: bets $0.13
8e441624: calls $0.13
*** RIVER *** [6c Kc As 2s] [8d]
736a8ff8: checks
8e441624: bets $0.48
736a8ff8: folds
Uncalled bet ($0.48) returned to 8e441624
*** SHOWDOWN ***
8e441624 collected $0.6 from pot
*** SUMMARY ***
Total pot $0.63 | Rake $0.03 | Jackpot $0 | Bingo $0 | Fortune $0 | Tax $0
Board [6c Kc As 2s 8d]
Seat 1: Hero (small blind) folded before Flop
Seat 2: fcc4e9bd (big blind) folded before Flop
Seat 4: 736a8ff8 folded on the River
Seat 6: 8e441624 (button) won ($0.6)


Poker Hand #HD1597022129: Hold'em No Limit ($0.02/$0.05) - 2024/01/20 10:10:12
Table 'NLHBlue38' 6-max Seat #4 is the button
Seat 1: Hero ($5.14 in chips)
Seat 2: fcc4e9bd ($10.59 in chips)
Seat 4: 736a8ff8 ($4.38 in chips)
Seat 6: 8e441624 ($5.27 in chips)
8e441624: posts small blind $0.02
Hero: posts big blind $0.05
*** HOLE CARDS ***
Dealt to Hero [Ts Qh]
Dealt to fcc4e9bd 
Dealt to 736a8ff8 
Dealt to 8e441624 
fcc4e9bd: folds
736a8ff8: folds
8e441624: raises $0.07 to $0.12
Hero: calls $0.07
*** FLOP *** [8s 8d 8h]
8e441624: checks
Hero: checks
*** TURN *** [8s 8d 8h] [Qs]
8e441624: checks
Hero: bets $0.1
8e441624: folds
Uncalled bet ($0.1) returned to Hero
*** SHOWDOWN ***
Hero collected $0.23 from pot
*** SUMMARY ***
Total pot $0.24 | Rake $0.01 | Jackpot $0 | Bingo $0 | Fortune $0 | Tax $0
Board [8s 8d 8h Qs]
Seat 1: Hero (big blind) won ($0.23)
Seat 2: fcc4e9bd folded before Flop (didn't bet)
Seat 4: 736a8ff8 (button) folded before Flop (didn't bet)
Seat 6: 8e441624 (small blind) folded on the Turn


Poker Hand #HD1597022118: Hold'em No Limit ($0.02/$0.05) - 2024/01/20 10:10:03
Table 'NLHBlue38' 6-max Seat #2 is the button
Seat 1: Hero ($5.14 in chips)
Seat 2: fcc4e9bd ($10.59 in chips)
Seat 4: 736a8ff8 ($4.4 in chips)
Seat 6: 8e441624 ($5.25 in chips)
736a8ff8: posts small blind $0.02
8e441624: posts big blind $0.05
*** HOLE CARDS ***
Dealt to Hero [Kd 4c]
Dealt to fcc4e9bd 
Dealt to 736a8ff8 
Dealt to 8e441624 
Hero: folds
fcc4e9bd: folds
736a8ff8: folds
Uncalled bet ($0.03) returned to 8e441624
*** SHOWDOWN ***
8e441624 collected $0.04 from pot
*** SUMMARY ***
Total pot $0.04 | Rake $0 | Jackpot $0 | Bingo $0 | Fortune $0 | Tax $0
Seat 1: Hero folded before Flop (didn't bet)
Seat 2: fcc4e9bd (button) folded before Flop (didn't bet)
Seat 4: 736a8ff8 (small blind) folded before Flop
Seat 6: 8e441624 (big blind) collected ($0.04)


Poker Hand #HD1597022095: Hold'em No Limit ($0.02/$0.05) - 2024/01/20 10:09:51
Table 'NLHBlue38' 6-max Seat #1 is the button
Seat 1: Hero ($5.07 in chips)
Seat 2: fcc4e9bd ($10.61 in chips)
Seat 4: 736a8ff8 ($4.45 in chips)
Seat 6: 8e441624 ($5.25 in chips)
fcc4e9bd: posts small blind $0.02
736a8ff8: posts big blind $0.05
*** HOLE CARDS ***
Dealt to Hero [Ts 6s]
Dealt to fcc4e9bd 
Dealt to 736a8ff8 
Dealt to 8e441624 
8e441624: folds
Hero: raises $0.07 to $0.12
fcc4e9bd: folds
736a8ff8: folds
Uncalled bet ($0.07) returned to Hero
*** SHOWDOWN ***
Hero collected $0.12 from pot
*** SUMMARY ***
Total pot $0.12 | Rake $0 | Jackpot $0 | Bingo $0 | Fortune $0 | Tax $0
Seat 1: Hero (button) collected ($0.12)
Seat 2: fcc4e9bd (small blind) folded before Flop
Seat 4: 736a8ff8 (big blind) folded before Flop
Seat 6: 8e441624 folded before Flop (didn't bet)


Poker Hand #HD1597022070: Hold'em No Limit ($0.02/$0.05) - 2024/01/20 10:09:36
Table 'NLHBlue38' 6-max Seat #6 is the button
Seat 1: Hero ($5.09 in chips)
Seat 2: fcc4e9bd ($10.66 in chips)
Seat 4: 736a8ff8 ($4.45 in chips)
Seat 6: 8e441624 ($5.18 in chips)
Hero: posts small blind $0.02
fcc4e9bd: posts big blind $0.05
*** HOLE CARDS ***
Dealt to Hero [7h 6c]
Dealt to fcc4e9bd 
Dealt to 736a8ff8 
Dealt to 8e441624 
736a8ff8: folds
8e441624: raises $0.07 to $0.12
Hero: folds
fcc4e9bd: folds
Uncalled bet ($0.07) returned to 8e441624
*** SHOWDOWN ***
8e441624 collected $0.12 from pot
*** SUMMARY ***
Total pot $0.12 | Rake $0 | Jackpot $0 | Bingo $0 | Fortune $0 | Tax $0
Seat 1: Hero (small blind) folded before Flop
Seat 2: fcc4e9bd (big blind) folded before Flop
Seat 4: 736a8ff8 folded before Flop (didn't bet)
Seat 6: 8e441624 (button) collected ($0.12)


Poker Hand #HD1597022048: Hold'em No Limit ($0.02/$0.05) - 2024/01/20 10:09:24
Table 'NLHBlue38' 6-max Seat #4 is the button
Seat 1: Hero ($5.07 in chips)
Seat 2: fcc4e9bd ($10.66 in chips)
Seat 4: 736a8ff8 ($4.45 in chips)
Seat 6: 8e441624 ($5.2 in chips)
8e441624: posts small blind $0.02
Hero: posts big blind $0.05
*** HOLE CARDS ***
Dealt to Hero [9s Ad]
Dealt to fcc4e9bd 
Dealt to 736a8ff8 
Dealt to 8e441624 
fcc4e9bd: folds
736a8ff8: folds
8e441624: folds
Uncalled bet ($0.03) returned to Hero
*** SHOWDOWN ***
Hero collected $0.04 from pot
*** SUMMARY ***
Total pot $0.04 | Rake $0 | Jackpot $0 | Bingo $0 | Fortune $0 | Tax $0
Seat 1: Hero (big blind) collected ($0.04)
Seat 2: fcc4e9bd folded before Flop (didn't bet)
Seat 4: 736a8ff8 (button) folded before Flop (didn't bet)
Seat 6: 8e441624 (small blind) folded before Flop


Poker Hand #HD1597022031: Hold'em No Limit ($0.02/$0.05) - 2024/01/20 10:09:10
Table 'NLHBlue38' 6-max Seat #2 is the button
Seat 1: Hero ($5.07 in chips)
Seat 2: fcc4e9bd ($10.59 in chips)
Seat 4: 736a8ff8 ($4.47 in chips)
Seat 6: 8e441624 ($5.25 in chips)
736a8ff8: posts small blind $0.02
8e441624: posts big blind $0.05
*** HOLE CARDS ***
Dealt to Hero [Qs 8s]
Dealt to fcc4e9bd 
Dealt to 736a8ff8 
Dealt to 8e441624 
Hero: folds
fcc4e9bd: raises $0.08 to $0.13
736a8ff8: folds
8e441624: folds
Uncalled bet ($0.08) returned to fcc4e9bd
*** SHOWDOWN ***
fcc4e9bd collected $0.12 from pot
*** SUMMARY ***
Total pot $0.12 | Rake $0 | Jackpot $0 | Bingo $0 | Fortune $0 | Tax $0
Seat 1: Hero folded before Flop (didn't bet)
Seat 2: fcc4e9bd (button) collected ($0.12)
Seat 4: 736a8ff8 (small blind) folded before Flop
Seat 6: 8e441624 (big blind) folded before Flop


Poker Hand #HD1597022018: Hold'em No Limit ($0.02/$0.05) - 2024/01/20 10:09:02
Table 'NLHBlue38' 6-max Seat #1 is the button
Seat 1: Hero ($5.07 in chips)
Seat 2: fcc4e9bd ($10.61 in chips)
Seat 4: 736a8ff8 ($4.45 in chips)
Seat 6: 8e441624 ($5.25 in chips)
fcc4e9bd: posts small blind $0.02
736a8ff8: posts big blind $0.05
*** HOLE CARDS ***
Dealt to Hero [Jh 4d]
Dealt to fcc4e9bd 
Dealt to 736a8ff8 
Dealt to 8e441624 
8e441624: folds
Hero: folds
fcc4e9bd: folds
Uncalled bet ($0.03) returned to 736a8ff8
*** SHOWDOWN ***
736a8ff8 collected $0.04 from pot
*** SUMMARY ***
Total pot $0.04 | Rake $0 | Jackpot $0 | Bingo $0 | Fortune $0 | Tax $0
Seat 1: Hero (button) folded before Flop (didn't bet)
Seat 2: fcc4e9bd (small blind) folded before Flop
Seat 4: 736a8ff8 (big blind) collected ($0.04)
Seat 6: 8e441624 folded before Flop (didn't bet)


Poker Hand #HD1597021989: Hold'em No Limit ($0.02/$0.05) - 2024/01/20 10:08:41
Table 'NLHBlue38' 6-max Seat #6 is the button
Seat 1: Hero ($5.02 in chips)
Seat 2: fcc4e9bd ($10.66 in chips)
Seat 4: 736a8ff8 ($4.45 in chips)
Seat 6: 8e441624 ($5.25 in chips)
Hero: posts small blind $0.02
fcc4e9bd: posts big blind $0.05
*** HOLE CARDS ***
Dealt to Hero [As Kc]
Dealt to fcc4e9bd 
Dealt to 736a8ff8 
Dealt to 8e441624 
736a8ff8: folds
8e441624: folds
Hero: raises $0.09 to $0.14
fcc4e9bd: folds
Uncalled bet ($0.09) returned to Hero
*** SHOWDOWN ***
Hero collected $0.1 from pot
*** SUMMARY ***
Total pot $0.1 | Rake $0 | Jackpot $0 | Bingo $0 | Fortune $0 | Tax $0
Seat 1: Hero (small blind) collected ($0.1)
Seat 2: fcc4e9bd (big blind) folded before Flop
Seat 4: 736a8ff8 folded before Flop (didn't bet)
Seat 6: 8e441624 (button) folded before Flop (didn't bet)


Poker Hand #HD1597021958: Hold'em No Limit ($0.02/$0.05) - 2024/01/20 10:08:22
Table 'NLHBlue38' 6-max Seat #4 is the button
Seat 1: Hero ($5.07 in chips)
Seat 2: fcc4e9bd ($10.66 in chips)
Seat 4: 736a8ff8 ($4.38 in chips)
Seat 6: 8e441624 ($5.27 in chips)
8e441624: posts small blind $0.02
Hero: posts big blind $0.05
*** HOLE CARDS ***
Dealt to Hero [Kh 9d]
Dealt to fcc4e9bd 
Dealt to 736a8ff8 
Dealt to 8e441624 
fcc4e9bd: folds
736a8ff8: raises $0.05 to $0.1
8e441624: folds
Hero: folds
Uncalled bet ($0.05) returned to 736a8ff8
*** SHOWDOWN ***
736a8ff8 collected $0.12 from pot
*** SUMMARY ***
Total pot $0.12 | Rake $0 | Jackpot $0 | Bingo $0 | Fortune $0 | Tax $0
Seat 1: Hero (big blind) folded before Flop
Seat 2: fcc4e9bd folded before Flop (didn't bet)
Seat 4: 736a8ff8 (button) collected ($0.12)
Seat 6: 8e441624 (small blind) folded before Flop


Poker Hand #HD1597021945: Hold'em No Limit ($0.02/$0.05) - 2024/01/20 10:08:14
Table 'NLHBlue38' 6-max Seat #2 is the button
Seat 1: Hero ($5 in chips)
Seat 2: fcc4e9bd ($10.66 in chips)
Seat 4: 736a8ff8 ($4.4 in chips)
Seat 6: 8e441624 ($5.32 in chips)
736a8ff8: posts small blind $0.02
8e441624: posts big blind $0.05
*** HOLE CARDS ***
Dealt to Hero [3d 3c]
Dealt to fcc4e9bd 
Dealt to 736a8ff8 
Dealt to 8e441624 
Hero: raises $0.07 to $0.12
fcc4e9bd: folds
736a8ff8: folds
8e441624: folds
Uncalled bet ($0.07) returned to Hero
*** SHOWDOWN ***
Hero collected $0.12 from pot
*** SUMMARY ***
Total pot $0.12 | Rake $0 | Jackpot $0 | Bingo $0 | Fortune $0 | Tax $0
Seat 1: Hero collected ($0.12)
Seat 2: fcc4e9bd (button) folded before Flop (didn't bet)
Seat 4: 736a8ff8 (small blind) folded before Flop
Seat 6: 8e441624 (big blind) folded before Flop


Poker Hand #HD1597021902: Hold'em No Limit ($0.02/$0.05) - 2024/01/20 10:07:46
Table 'NLHBlue38' 6-max Seat #1 is the button
Seat 1: Hero ($5 in chips)
Seat 2: fcc4e9bd ($10.68 in chips)
Seat 4: 736a8ff8 ($4.45 in chips)
Seat 6: 8e441624 ($5 in chips)
fcc4e9bd: posts small blind $0.02
736a8ff8: posts big blind $0.05
*** HOLE CARDS ***
Dealt to Hero [7s 8s]
Dealt to fcc4e9bd 
Dealt to 736a8ff8 
Dealt to 8e441624 
8e441624: raises $0.07 to $0.12
Hero: calls $0.12
fcc4e9bd: folds
736a8ff8: folds
*** FLOP *** [Js 2s Kd]
8e441624: bets $0.16
Hero: calls $0.16
*** TURN *** [Js 2s Kd] [Ah]
8e441624: checks
Hero: checks
*** RIVER *** [Js 2s Kd Ah] [Qd]
8e441624: checks
Hero: checks
8e441624: shows [Kc 9c] (Pair of Kings)
Hero: shows [7s 8s] (Ace-High)
*** SHOWDOWN ***
8e441624 collected $0.6 from pot
*** SUMMARY ***
Total pot $0.63 | Rake $0.03 | Jackpot $0 | Bingo $0 | Fortune $0 | Tax $0
Board [Js 2s Kd Ah Qd]
Seat 1: Hero (button) showed [7s 8s] and lost with Ace-High
Seat 2: fcc4e9bd (small blind) folded before Flop
Seat 4: 736a8ff8 (big blind) folded before Flop
Seat 6: 8e441624 showed [Kc 9c] and won ($0.6) with Pair of Kings


Poker Hand #HD1597021824: Hold'em No Limit ($0.02/$0.05) - 2024/01/20 10:06:49
Table 'NLHBlue38' 6-max Seat #6 is the button
Seat 1: Hero ($5.3 in chips)
Seat 2: fcc4e9bd ($9.19 in chips)
Seat 3: 8c0bf989 ($5 in chips)
Seat 4: 736a8ff8 ($4.91 in chips)
Seat 6: 8e441624 ($5 in chips)
Hero: posts small blind $0.02
fcc4e9bd: posts big blind $0.05
*** HOLE CARDS ***
Dealt to Hero [Jc Tc]
Dealt to fcc4e9bd 
Dealt to 8c0bf989 
Dealt to 736a8ff8 
Dealt to 8e441624 
8c0bf989: folds
736a8ff8: raises $0.05 to $0.1
8e441624: folds
Hero: raises $0.36 to $0.46
fcc4e9bd: calls $0.41
736a8ff8: calls $0.36
*** FLOP *** [9s Jh As]
Hero: bets $0.76
fcc4e9bd: calls $0.76
736a8ff8: folds
*** TURN *** [9s Jh As] [2c]
Hero: checks
fcc4e9bd: bets $0.96
Hero: folds
Uncalled bet ($0.96) returned to fcc4e9bd
*** SHOWDOWN ***
fcc4e9bd collected $2.71 from pot
*** SUMMARY ***
Total pot $2.9 | Rake $0.14 | Jackpot $0.05 | Bingo $0 | Fortune $0 | Tax $0
Board [9s Jh As 2c]
Seat 1: Hero (small blind) folded on the Turn
Seat 2: fcc4e9bd (big blind) won ($2.71)
Seat 3: 8c0bf989 folded before Flop (didn't bet)
Seat 4: 736a8ff8 folded on the Flop
Seat 6: 8e441624 (button) folded before Flop (didn't bet)


Poker Hand #HD1597021727: Hold'em No Limit ($0.02/$0.05) - 2024/01/20 10:05:35
Table 'NLHBlue38' 6-max Seat #5 is the button
Seat 1: Hero ($5.35 in chips)
Seat 2: fcc4e9bd ($5.04 in chips)
Seat 3: 8c0bf989 ($5 in chips)
Seat 4: 736a8ff8 ($9.95 in chips)
Seat 5: fc610d06 ($2.12 in chips)
Seat 6: 8e441624 ($5 in chips)
8e441624: posts small blind $0.02
Hero: posts big blind $0.05
*** HOLE CARDS ***
Dealt to Hero [9h 2d]
Dealt to fcc4e9bd 
Dealt to 8c0bf989 
Dealt to 736a8ff8 
Dealt to fc610d06 
Dealt to 8e441624 
fcc4e9bd: raises $0.08 to $0.13
8c0bf989: folds
736a8ff8: raises $0.17 to $0.3
fc610d06: calls $0.3
8e441624: folds
Hero: folds
fcc4e9bd: calls $0.17
*** FLOP *** [Jh 8s Td]
fcc4e9bd: checks
736a8ff8: checks
fc610d06: bets $0.33
fcc4e9bd: calls $0.33
736a8ff8: raises $1.47 to $1.8
fc610d06: raises $0.02 to $1.82 and is all-in
fcc4e9bd: raises $2.92 to $4.74 and is all-in
736a8ff8: calls $2.94
fcc4e9bd: shows [Js Jd] (Three Jacks)
736a8ff8: shows [Ad Ac] (Pair of Aces)
fc610d06: shows [Qc Qh] (Pair of Queens)
fcc4e9bd: Chooses to EV Cashout 
*** TURN *** [Jh 8s Td] [Tc]
*** RIVER *** [Jh 8s Td Tc] [4s]
fcc4e9bd: Pays Cashout Risk ($2.54)
*** SHOWDOWN ***
fcc4e9bd collected $6.14 from pot
fcc4e9bd collected $5.59 from pot
*** SUMMARY ***
Total pot $12.27 | Rake $0.49 | Jackpot $0.05 | Bingo $0 | Fortune $0 | Tax $0
Board [Jh 8s Td Tc 4s]
Seat 1: Hero (big blind) folded before Flop
Seat 2: fcc4e9bd showed [Js Jd] and won ($11.73) with Jacks Full over Tens, Cashout Risk ($2.54)
Seat 3: 8c0bf989 folded before Flop (didn't bet)
Seat 4: 736a8ff8 showed [Ad Ac] and lost with Pair of Aces and Pair of Tens
Seat 5: fc610d06 (button) showed [Qc Qh] and lost with Pair of Queens and Pair of Tens
Seat 6: 8e441624 (small blind) folded before Flop


Poker Hand #HD1597021702: Hold'em No Limit ($0.02/$0.05) - 2024/01/20 10:05:17
Table 'NLHBlue38' 6-max Seat #4 is the button
Seat 1: Hero ($5.35 in chips)
Seat 2: fcc4e9bd ($5.04 in chips)
Seat 3: 8c0bf989 ($5 in chips)
Seat 4: 736a8ff8 ($9.88 in chips)
Seat 5: fc610d06 ($2.14 in chips)
Seat 6: 8e441624 ($5 in chips)
fc610d06: posts small blind $0.02
8e441624: posts big blind $0.05
*** HOLE CARDS ***
Dealt to Hero [Ts 4s]
Dealt to fcc4e9bd 
Dealt to 8c0bf989 
Dealt to 736a8ff8 
Dealt to fc610d06 
Dealt to 8e441624 
Hero: folds
fcc4e9bd: folds
8c0bf989: folds
736a8ff8: raises $0.1 to $0.15
fc610d06: folds
8e441624: folds
Uncalled bet ($0.1) returned to 736a8ff8
*** SHOWDOWN ***
736a8ff8 collected $0.12 from pot
*** SUMMARY ***
Total pot $0.12 | Rake $0 | Jackpot $0 | Bingo $0 | Fortune $0 | Tax $0
Seat 1: Hero folded before Flop (didn't bet)
Seat 2: fcc4e9bd folded before Flop (didn't bet)
Seat 3: 8c0bf989 folded before Flop (didn't bet)
Seat 4: 736a8ff8 (button) collected ($0.12)
Seat 5: fc610d06 (small blind) folded before Flop
Seat 6: 8e441624 (big blind) folded before Flop


Poker Hand #HD1597021644: Hold'em No Limit ($0.02/$0.05) - 2024/01/20 10:04:32
Table 'NLHBlue38' 6-max Seat #3 is the button
Seat 1: Hero ($5.35 in chips)
Seat 2: fcc4e9bd ($5.04 in chips)
Seat 3: 8c0bf989 ($5 in chips)
Seat 4: 736a8ff8 ($9.9 in chips)
Seat 5: fc610d06 ($1.93 in chips)
Seat 6: b20549db ($5 in chips)
736a8ff8: posts small blind $0.02
fc610d06: posts big blind $0.05
*** HOLE CARDS ***
Dealt to Hero [3h 8d]
Dealt to fcc4e9bd 
Dealt to 8c0bf989 
Dealt to 736a8ff8 
Dealt to fc610d06 
Dealt to b20549db 
b20549db: folds
Hero: folds
fcc4e9bd: folds
8c0bf989: raises $0.07 to $0.12
736a8ff8: folds
fc610d06: calls $0.07
*** FLOP *** [Jc Qs 6d]
fc610d06: checks
8c0bf989: bets $0.09
fc610d06: calls $0.09
*** TURN *** [Jc Qs 6d] [9c]
fc610d06: checks
8c0bf989: checks
*** RIVER *** [Jc Qs 6d 9c] [6s]
fc610d06: bets $0.15
8c0bf989: folds
Uncalled bet ($0.15) returned to fc610d06
*** SHOWDOWN ***
fc610d06 collected $0.42 from pot
*** SUMMARY ***
Total pot $0.44 | Rake $0.02 | Jackpot $0 | Bingo $0 | Fortune $0 | Tax $0
Board [Jc Qs 6d 9c 6s]
Seat 1: Hero folded before Flop (didn't bet)
Seat 2: fcc4e9bd folded before Flop (didn't bet)
Seat 3: 8c0bf989 (button) folded on the River
Seat 4: 736a8ff8 (small blind) folded before Flop
Seat 5: fc610d06 (big blind) won ($0.42)
Seat 6: b20549db folded before Flop (didn't bet)


Poker Hand #HD1597021582: Hold'em No Limit ($0.02/$0.05) - 2024/01/20 10:03:50
Table 'NLHBlue38' 6-max Seat #2 is the button
Seat 1: Hero ($5.35 in chips)
Seat 2: fcc4e9bd ($4.9 in chips)
Seat 3: 8c0bf989 ($5 in chips)
Seat 4: 736a8ff8 ($10.03 in chips)
Seat 5: fc610d06 ($1.93 in chips)
Seat 6: b20549db ($5 in chips)
8c0bf989: posts small blind $0.02
736a8ff8: posts big blind $0.05
*** HOLE CARDS ***
Dealt to Hero [6c Qs]
Dealt to fcc4e9bd 
Dealt to 8c0bf989 
Dealt to 736a8ff8 
Dealt to fc610d06 
Dealt to b20549db 
fc610d06: folds
b20549db: folds
Hero: folds
fcc4e9bd: raises $0.08 to $0.13
8c0bf989: folds
736a8ff8: calls $0.08
*** FLOP *** [As Qd 3c]
736a8ff8: checks
fcc4e9bd: checks
*** TURN *** [As Qd 3c] [Qh]
736a8ff8: checks
fcc4e9bd: bets $0.1
736a8ff8: folds
Uncalled bet ($0.1) returned to fcc4e9bd
*** SHOWDOWN ***
fcc4e9bd collected $0.27 from pot
*** SUMMARY ***
Total pot $0.28 | Rake $0.01 | Jackpot $0 | Bingo $0 | Fortune $0 | Tax $0
Board [As Qd 3c Qh]
Seat 1: Hero folded before Flop (didn't bet)
Seat 2: fcc4e9bd (button) won ($0.27)
Seat 3: 8c0bf989 (small blind) folded before Flop
Seat 4: 736a8ff8 (big blind) folded on the Turn
Seat 5: fc610d06 folded before Flop (didn't bet)
Seat 6: b20549db folded before Flop (didn't bet)


Poker Hand #HD1597021533: Hold'em No Limit ($0.02/$0.05) - 2024/01/20 10:03:11
Table 'NLHBlue38' 6-max Seat #1 is the button
Seat 1: Hero ($5.35 in chips)
Seat 2: fcc4e9bd ($4.95 in chips)
Seat 3: 8c0bf989 ($5 in chips)
Seat 4: 736a8ff8 ($9.87 in chips)
Seat 5: fc610d06 ($2 in chips)
Seat 6: b20549db ($5 in chips)
fcc4e9bd: posts small blind $0.02
8c0bf989: posts big blind $0.05
fc610d06: posts big blind $0.05
fc610d06: posts missed blind $0.02
*** HOLE CARDS ***
Dealt to Hero [Tc 7h]
Dealt to fcc4e9bd 
Dealt to 8c0bf989 
Dealt to 736a8ff8 
Dealt to fc610d06 
Dealt to b20549db 
736a8ff8: calls $0.05
fc610d06: checks
b20549db: folds
Hero: folds
fcc4e9bd: calls $0.03
8c0bf989: checks
*** FLOP *** [Ah Jh 8d]
fcc4e9bd: checks
8c0bf989: checks
736a8ff8: bets $0.15
fc610d06: folds
fcc4e9bd: folds
8c0bf989: folds
Uncalled bet ($0.15) returned to 736a8ff8
*** SHOWDOWN ***
736a8ff8 collected $0.21 from pot
*** SUMMARY ***
Total pot $0.22 | Rake $0.01 | Jackpot $0 | Bingo $0 | Fortune $0 | Tax $0
Board [Ah Jh 8d]
Seat 1: Hero (button) folded before Flop (didn't bet)
Seat 2: fcc4e9bd (small blind) folded on the Flop
Seat 3: 8c0bf989 (big blind) folded on the Flop
Seat 4: 736a8ff8 won ($0.21)
Seat 5: fc610d06 folded on the Flop
Seat 6: b20549db folded before Flop (didn't bet)


Poker Hand #HD1597021481: Hold'em No Limit ($0.02/$0.05) - 2024/01/20 10:02:36
Table 'NLHBlue38' 6-max Seat #6 is the button
Seat 1: Hero ($5.09 in chips)
Seat 2: fcc4e9bd ($5 in chips)
Seat 3: 8c0bf989 ($5 in chips)
Seat 4: 736a8ff8 ($9.98 in chips)
Seat 6: b20549db ($5 in chips)
Hero: posts small blind $0.02
fcc4e9bd: posts big blind $0.05
*** HOLE CARDS ***
Dealt to Hero [Ad Ks]
Dealt to fcc4e9bd 
Dealt to 8c0bf989 
Dealt to 736a8ff8 
Dealt to b20549db 
8c0bf989: folds
736a8ff8: raises $0.06 to $0.11
b20549db: calls $0.11
Hero: raises $0.5 to $0.61
fcc4e9bd: folds
736a8ff8: folds
b20549db: folds
Uncalled bet ($0.5) returned to Hero
*** SHOWDOWN ***
Hero collected $0.37 from pot
*** SUMMARY ***
Total pot $0.38 | Rake $0.01 | Jackpot $0 | Bingo $0 | Fortune $0 | Tax $0
Seat 1: Hero (small blind) collected ($0.37)
Seat 2: fcc4e9bd (big blind) folded before Flop
Seat 3: 8c0bf989 folded before Flop (didn't bet)
Seat 4: 736a8ff8 folded before Flop
Seat 6: b20549db (button) folded before Flop


Poker Hand #HD1597021397: Hold'em No Limit ($0.02/$0.05) - 2024/01/20 10:01:41
Table 'NLHBlue38' 6-max Seat #4 is the button
Seat 1: Hero ($5.42 in chips)
Seat 3: 8c0bf989 ($5 in chips)
Seat 4: 736a8ff8 ($9.66 in chips)
Seat 6: b20549db ($5 in chips)
b20549db: posts small blind $0.02
Hero: posts big blind $0.05
*** HOLE CARDS ***
Dealt to Hero [Ts Jh]
Dealt to 8c0bf989 
Dealt to 736a8ff8 
Dealt to b20549db 
8c0bf989: folds
736a8ff8: raises $0.1 to $0.15
b20549db: folds
Hero: calls $0.1
*** FLOP *** [Kd 7h 9s]
Hero: checks
736a8ff8: checks
*** TURN *** [Kd 7h 9s] [9h]
Hero: bets $0.18
736a8ff8: calls $0.18
*** RIVER *** [Kd 7h 9s 9h] [3s]
Hero: checks
736a8ff8: bets $0.8
Hero: folds
Uncalled bet ($0.8) returned to 736a8ff8
*** SHOWDOWN ***
736a8ff8 collected $0.65 from pot
*** SUMMARY ***
Total pot $0.68 | Rake $0.03 | Jackpot $0 | Bingo $0 | Fortune $0 | Tax $0
Board [Kd 7h 9s 9h 3s]
Seat 1: Hero (big blind) folded on the River
Seat 3: 8c0bf989 folded before Flop (didn't bet)
Seat 4: 736a8ff8 (button) won ($0.65)
Seat 6: b20549db (small blind) folded before Flop


Poker Hand #HD1597021337: Hold'em No Limit ($0.02/$0.05) - 2024/01/20 10:01:01
Table 'NLHBlue38' 6-max Seat #3 is the button
Seat 1: Hero ($5.76 in chips)
Seat 3: 8c0bf989 ($5 in chips)
Seat 4: 736a8ff8 ($9.3 in chips)
Seat 6: b20549db ($5 in chips)
736a8ff8: posts small blind $0.02
b20549db: posts big blind $0.05
*** HOLE CARDS ***
Dealt to Hero [Js Kc]
Dealt to 8c0bf989 
Dealt to 736a8ff8 
Dealt to b20549db 
Hero: raises $0.07 to $0.12
8c0bf989: folds
736a8ff8: raises $0.22 to $0.34
b20549db: folds
Hero: calls $0.22
*** FLOP *** [7c Th 5d]
736a8ff8: checks
Hero: checks
*** TURN *** [7c Th 5d] [3h]
736a8ff8: bets $0.37
Hero: folds
Uncalled bet ($0.37) returned to 736a8ff8
*** SHOWDOWN ***
736a8ff8 collected $0.7 from pot
*** SUMMARY ***
Total pot $0.73 | Rake $0.03 | Jackpot $0 | Bingo $0 | Fortune $0 | Tax $0
Board [7c Th 5d 3h]
Seat 1: Hero folded on the Turn
Seat 3: 8c0bf989 (button) folded before Flop (didn't bet)
Seat 4: 736a8ff8 (small blind) won ($0.7)
Seat 6: b20549db (big blind) folded before Flop


Poker Hand #HD1597021319: Hold'em No Limit ($0.02/$0.05) - 2024/01/20 10:00:51
Table 'NLHBlue38' 6-max Seat #1 is the button
Seat 1: Hero ($5.76 in chips)
Seat 3: 8c0bf989 ($5.02 in chips)
Seat 4: 736a8ff8 ($9.28 in chips)
Seat 6: b20549db ($5 in chips)
8c0bf989: posts small blind $0.02
736a8ff8: posts big blind $0.05
*** HOLE CARDS ***
Dealt to Hero [Qs 4h]
Dealt to 8c0bf989 
Dealt to 736a8ff8 
Dealt to b20549db 
b20549db: folds
Hero: folds
8c0bf989: folds
Uncalled bet ($0.03) returned to 736a8ff8
*** SHOWDOWN ***
736a8ff8 collected $0.04 from pot
*** SUMMARY ***
Total pot $0.04 | Rake $0 | Jackpot $0 | Bingo $0 | Fortune $0 | Tax $0
Seat 1: Hero (button) folded before Flop (didn't bet)
Seat 3: 8c0bf989 (small blind) folded before Flop
Seat 4: 736a8ff8 (big blind) collected ($0.04)
Seat 6: b20549db folded before Flop (didn't bet)


Poker Hand #HD1597021266: Hold'em No Limit ($0.02/$0.05) - 2024/01/20 10:00:13
Table 'NLHBlue38' 6-max Seat #6 is the button
Seat 1: Hero ($5.78 in chips)
Seat 3: 8c0bf989 ($5.07 in chips)
Seat 4: 736a8ff8 ($8.74 in chips)
Seat 5: fc610d06 ($0.52 in chips)
Seat 6: b20549db ($5 in chips)
Hero: posts small blind $0.02
8c0bf989: posts big blind $0.05
*** HOLE CARDS ***
Dealt to Hero [8d 6h]
Dealt to 8c0bf989 
Dealt to 736a8ff8 
Dealt to fc610d06 
Dealt to b20549db 
736a8ff8: raises $0.05 to $0.1
fc610d06: calls $0.1
b20549db: folds
Hero: folds
8c0bf989: folds
*** FLOP *** [Tc Jd 5d]
736a8ff8: checks
fc610d06: checks
*** TURN *** [Tc Jd 5d] [3h]
736a8ff8: bets $0.09
fc610d06: calls $0.09
*** RIVER *** [Tc Jd 5d 3h] [Qh]
736a8ff8: bets $0.45
fc610d06: calls $0.33 and is all-in
Uncalled bet ($0.12) returned to 736a8ff8
736a8ff8: shows [Kh 9s] (Kings-High Straight)
fc610d06: shows [Js 9h] (Pair of Jacks)
*** SHOWDOWN ***
736a8ff8 collected $1.06 from pot
*** SUMMARY ***
Total pot $1.11 | Rake $0.05 | Jackpot $0 | Bingo $0 | Fortune $0 | Tax $0
Board [Tc Jd 5d 3h Qh]
Seat 1: Hero (small blind) folded before Flop
Seat 3: 8c0bf989 (big blind) folded before Flop
Seat 4: 736a8ff8 showed [Kh 9s] and won ($1.06) with Kings-High Straight
Seat 5: fc610d06 showed [Js 9h] and lost with Pair of Jacks
Seat 6: b20549db (button) folded before Flop (didn't bet)


Poker Hand #HD1597021177: Hold'em No Limit ($0.02/$0.05) - 2024/01/20 09:59:14
Table 'NLHBlue38' 6-max Seat #5 is the button
Seat 1: Hero ($5.07 in chips)
Seat 2: d2a6acfb ($8.73 in chips)
Seat 3: 8c0bf989 ($5.07 in chips)
Seat 4: 736a8ff8 ($9.4 in chips)
Seat 5: fc610d06 ($0.62 in chips)
Seat 6: b20549db ($5 in chips)
b20549db: posts small blind $0.02
Hero: posts big blind $0.05
*** HOLE CARDS ***
Dealt to Hero [7s 5s]
Dealt to d2a6acfb 
Dealt to 8c0bf989 
Dealt to 736a8ff8 
Dealt to fc610d06 
Dealt to b20549db 
d2a6acfb: folds
8c0bf989: folds
736a8ff8: raises $0.05 to $0.1
fc610d06: calls $0.1
b20549db: folds
Hero: calls $0.05
*** FLOP *** [7d 9s 6d]
Hero: checks
736a8ff8: checks
fc610d06: checks
*** TURN *** [7d 9s 6d] [Ks]
Hero: bets $0.18
736a8ff8: calls $0.18
fc610d06: folds
*** RIVER *** [7d 9s 6d Ks] [As]
Hero: bets $0.38
736a8ff8: calls $0.38
Hero: shows [7s 5s] (Ace High Flush)
736a8ff8: shows [Ad 9d] (Pair of Aces and Pair of Nines)
*** SHOWDOWN ***
Hero collected $1.37 from pot
*** SUMMARY ***
Total pot $1.44 | Rake $0.07 | Jackpot $0 | Bingo $0 | Fortune $0 | Tax $0
Board [7d 9s 6d Ks As]
Seat 1: Hero (big blind) showed [7s 5s] and won ($1.37) with Ace High Flush
Seat 2: d2a6acfb folded before Flop (didn't bet)
Seat 3: 8c0bf989 folded before Flop (didn't bet)
Seat 4: 736a8ff8 showed [Ad 9d] and lost with Pair of Aces and Pair of Nines
Seat 5: fc610d06 (button) folded on the Turn
Seat 6: b20549db (small blind) folded before Flop


Poker Hand #HD1597021137: Hold'em No Limit ($0.02/$0.05) - 2024/01/20 09:58:44
Table 'NLHBlue38' 6-max Seat #4 is the button
Seat 1: Hero ($5.07 in chips)
Seat 2: d2a6acfb ($8.73 in chips)
Seat 3: 8c0bf989 ($5.07 in chips)
Seat 4: 736a8ff8 ($9.26 in chips)
Seat 5: fc610d06 ($0.72 in chips)
Seat 6: b20549db ($5 in chips)
fc610d06: posts small blind $0.02
b20549db: posts big blind $0.05
*** HOLE CARDS ***
Dealt to Hero [Th Ks]
Dealt to d2a6acfb 
Dealt to 8c0bf989 
Dealt to 736a8ff8 
Dealt to fc610d06 
Dealt to b20549db 
Hero: folds
d2a6acfb: folds
8c0bf989: folds
736a8ff8: raises $0.05 to $0.1
fc610d06: calls $0.08
b20549db: folds
*** FLOP *** [Jd Js Ad]
fc610d06: checks
736a8ff8: bets $0.09
fc610d06: folds
Uncalled bet ($0.09) returned to 736a8ff8
*** SHOWDOWN ***
736a8ff8 collected $0.24 from pot
*** SUMMARY ***
Total pot $0.25 | Rake $0.01 | Jackpot $0 | Bingo $0 | Fortune $0 | Tax $0
Board [Jd Js Ad]
Seat 1: Hero folded before Flop (didn't bet)
Seat 2: d2a6acfb folded before Flop (didn't bet)
Seat 3: 8c0bf989 folded before Flop (didn't bet)
Seat 4: 736a8ff8 (button) won ($0.24)
Seat 5: fc610d06 (small blind) folded on the Flop
Seat 6: b20549db (big blind) folded before Flop


Poker Hand #HD1597021120: Hold'em No Limit ($0.02/$0.05) - 2024/01/20 09:58:31
Table 'NLHBlue38' 6-max Seat #3 is the button
Seat 1: Hero ($5.07 in chips)
Seat 2: d2a6acfb ($8.73 in chips)
Seat 3: 8c0bf989 ($5 in chips)
Seat 4: 736a8ff8 ($9.28 in chips)
Seat 5: fc610d06 ($0.77 in chips)
Seat 6: b20549db ($5 in chips)
736a8ff8: posts small blind $0.02
fc610d06: posts big blind $0.05
*** HOLE CARDS ***
Dealt to Hero [Tc 7s]
Dealt to d2a6acfb 
Dealt to 8c0bf989 
Dealt to 736a8ff8 
Dealt to fc610d06 
Dealt to b20549db 
b20549db: folds
Hero: folds
d2a6acfb: folds
8c0bf989: raises $0.07 to $0.12
736a8ff8: folds
fc610d06: folds
Uncalled bet ($0.07) returned to 8c0bf989
*** SHOWDOWN ***
8c0bf989 collected $0.12 from pot
*** SUMMARY ***
Total pot $0.12 | Rake $0 | Jackpot $0 | Bingo $0 | Fortune $0 | Tax $0
Seat 1: Hero folded before Flop (didn't bet)
Seat 2: d2a6acfb folded before Flop (didn't bet)
Seat 3: 8c0bf989 (button) collected ($0.12)
Seat 4: 736a8ff8 (small blind) folded before Flop
Seat 5: fc610d06 (big blind) folded before Flop
Seat 6: b20549db folded before Flop (didn't bet)


Poker Hand #HD1597021043: Hold'em No Limit ($0.02/$0.05) - 2024/01/20 09:57:38
Table 'NLHBlue38' 6-max Seat #2 is the button
Seat 1: Hero ($5.07 in chips)
Seat 2: d2a6acfb ($8.73 in chips)
Seat 3: 8c0bf989 ($5 in chips)
Seat 4: 736a8ff8 ($9.33 in chips)
Seat 5: fc610d06 ($0.7 in chips)
Seat 6: b20549db ($5 in chips)
8c0bf989: posts small blind $0.02
736a8ff8: posts big blind $0.05
*** HOLE CARDS ***
Dealt to Hero [4c Kd]
Dealt to d2a6acfb 
Dealt to 8c0bf989 
Dealt to 736a8ff8 
Dealt to fc610d06 
Dealt to b20549db 
fc610d06: calls $0.05
b20549db: folds
Hero: folds
d2a6acfb: folds
8c0bf989: folds
736a8ff8: checks
*** FLOP *** [Ac 9d Ah]
736a8ff8: checks
fc610d06: checks
*** TURN *** [Ac 9d Ah] [Qc]
736a8ff8: checks
fc610d06: checks
*** RIVER *** [Ac 9d Ah Qc] [8c]
736a8ff8: checks
fc610d06: checks
736a8ff8: shows [6d 3h] (Pair of Aces)
fc610d06: shows [8h Jd] (Pair of Aces and Pair of Eights)
*** SHOWDOWN ***
fc610d06 collected $0.12 from pot
*** SUMMARY ***
Total pot $0.12 | Rake $0 | Jackpot $0 | Bingo $0 | Fortune $0 | Tax $0
Board [Ac 9d Ah Qc 8c]
Seat 1: Hero folded before Flop (didn't bet)
Seat 2: d2a6acfb (button) folded before Flop (didn't bet)
Seat 3: 8c0bf989 (small blind) folded before Flop
Seat 4: 736a8ff8 (big blind) showed [6d 3h] and lost with Pair of Aces
Seat 5: fc610d06 showed [8h Jd] and won ($0.12) with Pair of Aces and Pair of Eights
Seat 6: b20549db folded before Flop (didn't bet)


Poker Hand #HD1597021014: Hold'em No Limit ($0.02/$0.05) - 2024/01/20 09:57:21
Table 'NLHBlue38' 6-max Seat #1 is the button
Seat 1: Hero ($5 in chips)
Seat 2: d2a6acfb ($8.75 in chips)
Seat 3: 8c0bf989 ($5 in chips)
Seat 4: 736a8ff8 ($9.33 in chips)
Seat 5: fc610d06 ($0.7 in chips)
Seat 6: b20549db ($5 in chips)
d2a6acfb: posts small blind $0.02
8c0bf989: posts big blind $0.05
*** HOLE CARDS ***
Dealt to Hero [Ks Jc]
Dealt to d2a6acfb 
Dealt to 8c0bf989 
Dealt to 736a8ff8 
Dealt to fc610d06 
Dealt to b20549db 
736a8ff8: folds
fc610d06: folds
b20549db: folds
Hero: raises $0.07 to $0.12
d2a6acfb: folds
8c0bf989: folds
Uncalled bet ($0.07) returned to Hero
*** SHOWDOWN ***
Hero collected $0.12 from pot
*** SUMMARY ***
Total pot $0.12 | Rake $0 | Jackpot $0 | Bingo $0 | Fortune $0 | Tax $0
Seat 1: Hero (button) collected ($0.12)
Seat 2: d2a6acfb (small blind) folded before Flop
Seat 3: 8c0bf989 (big blind) folded before Flop
Seat 4: 736a8ff8 folded before Flop (didn't bet)
Seat 5: fc610d06 folded before Flop (didn't bet)
Seat 6: b20549db folded before Flop (didn't bet)


Poker Hand #HD1597020989: Hold'em No Limit ($0.02/$0.05) - 2024/01/20 09:57:08
Table 'NLHBlue38' 6-max Seat #6 is the button
Seat 1: Hero ($5 in chips)
Seat 2: d2a6acfb ($8.8 in chips)
Seat 4: 736a8ff8 ($9.26 in chips)
Seat 5: fc610d06 ($0.7 in chips)
Seat 6: b20549db ($5 in chips)
Hero: posts small blind $0.02
d2a6acfb: posts big blind $0.05
*** HOLE CARDS ***
Dealt to Hero [Jd Qs]
Dealt to d2a6acfb 
Dealt to 736a8ff8 
Dealt to fc610d06 
Dealt to b20549db 
736a8ff8: raises $0.1 to $0.15
fc610d06: folds
b20549db: folds
Hero: folds
d2a6acfb: folds
Uncalled bet ($0.1) returned to 736a8ff8
*** SHOWDOWN ***
736a8ff8 collected $0.12 from pot
*** SUMMARY ***
Total pot $0.12 | Rake $0 | Jackpot $0 | Bingo $0 | Fortune $0 | Tax $0
Seat 1: Hero (small blind) folded before Flop
Seat 2: d2a6acfb (big blind) folded before Flop
Seat 4: 736a8ff8 collected ($0.12)
Seat 5: fc610d06 folded before Flop (didn't bet)
Seat 6: b20549db (button) folded before Flop (didn't bet)


Poker Hand #HD1597020923: Hold'em No Limit ($0.02/$0.05) - 2024/01/20 09:56:23
Table 'NLHBlue38' 6-max Seat #5 is the button
Seat 1: Hero ($5 in chips)
Seat 2: d2a6acfb ($8.8 in chips)
Seat 4: 736a8ff8 ($9.26 in chips)
Seat 5: fc610d06 ($0.59 in chips)
Seat 6: b20549db ($5 in chips)
b20549db: posts small blind $0.02
Hero: posts big blind $0.05
*** HOLE CARDS ***
Dealt to Hero [3d Jc]
Dealt to d2a6acfb 
Dealt to 736a8ff8 
Dealt to fc610d06 
Dealt to b20549db 
d2a6acfb: folds
736a8ff8: folds
fc610d06: calls $0.05
b20549db: folds
Hero: checks
*** FLOP *** [Ad 8s 4h]
Hero: checks
fc610d06: checks
*** TURN *** [Ad 8s 4h] [Jh]
Hero: bets $0.05
fc610d06: calls $0.05
*** RIVER *** [Ad 8s 4h Jh] [Kh]
Hero: checks
fc610d06: bets $0.11
Hero: folds
Uncalled bet ($0.11) returned to fc610d06
*** SHOWDOWN ***
fc610d06 collected $0.21 from pot
*** SUMMARY ***
Total pot $0.22 | Rake $0.01 | Jackpot $0 | Bingo $0 | Fortune $0 | Tax $0
Board [Ad 8s 4h Jh Kh]
Seat 1: Hero (big blind) folded on the River
Seat 2: d2a6acfb folded before Flop (didn't bet)
Seat 4: 736a8ff8 folded before Flop (didn't bet)
Seat 5: fc610d06 (button) won ($0.21)
Seat 6: b20549db (small blind) folded before Flop


