Poker Hand #HD1602281993: Hold'em No Limit ($0.02/$0.05) - 2024/01/23 13:58:19
Table 'NLHBlue75' 6-max Seat #1 is the button
Seat 1: Hero ($5.16 in chips)
Seat 6: c4518289 ($1.98 in chips)
Hero: posts small blind $0.02
c4518289: posts big blind $0.05
*** HOLE CARDS ***
Dealt to Hero [9d 4c]
Dealt to c4518289 
Hero: folds
Uncalled bet ($0.03) returned to c4518289
*** SHOWDOWN ***
c4518289 collected $0.04 from pot
*** SUMMARY ***
Total pot $0.04 | Rake $0 | Jackpot $0 | Bingo $0 | Fortune $0 | Tax $0
Seat 1: Hero (small blind) folded before Flop
Seat 6: c4518289 (big blind) collected ($0.04)


Poker Hand #HD1602281963: Hold'em No Limit ($0.02/$0.05) - 2024/01/23 13:58:05
Table 'NLHBlue75' 6-max Seat #6 is the button
Seat 1: Hero ($5.21 in chips)
Seat 6: c4518289 ($1.93 in chips)
c4518289: posts small blind $0.02
Hero: posts big blind $0.05
*** HOLE CARDS ***
Dealt to Hero [4h Jc]
Dealt to c4518289 
c4518289: calls $0.03
Hero: checks
*** FLOP *** [7d 6s 7s]
Hero: checks
c4518289: bets $0.05
Hero: folds
Uncalled bet ($0.05) returned to c4518289
*** SHOWDOWN ***
c4518289 collected $0.1 from pot
*** SUMMARY ***
Total pot $0.1 | Rake $0 | Jackpot $0 | Bingo $0 | Fortune $0 | Tax $0
Board [7d 6s 7s]
Seat 1: Hero (big blind) folded on the Flop
Seat 6: c4518289 (small blind) won ($0.1)


Poker Hand #HD1602281942: Hold'em No Limit ($0.02/$0.05) - 2024/01/23 13:57:55
Table 'NLHBlue75' 6-max Seat #5 is the button
Seat 1: Hero ($5.26 in chips)
Seat 5: b07ed33e ($5.23 in chips)
Seat 6: c4518289 ($1.95 in chips)
c4518289: posts small blind $0.02
Hero: posts big blind $0.05
*** HOLE CARDS ***
Dealt to Hero [2c 7s]
Dealt to b07ed33e 
Dealt to c4518289 
b07ed33e: raises $0.08 to $0.13
c4518289: folds
Hero: folds
Uncalled bet ($0.08) returned to b07ed33e
*** SHOWDOWN ***
b07ed33e collected $0.12 from pot
*** SUMMARY ***
Total pot $0.12 | Rake $0 | Jackpot $0 | Bingo $0 | Fortune $0 | Tax $0
Seat 1: Hero (big blind) folded before Flop
Seat 5: b07ed33e (button) collected ($0.12)
Seat 6: c4518289 (small blind) folded before Flop


Poker Hand #HD1602281928: Hold'em No Limit ($0.02/$0.05) - 2024/01/23 13:57:46
Table 'NLHBlue75' 6-max Seat #1 is the button
Seat 1: Hero ($5.26 in chips)
Seat 5: b07ed33e ($5.18 in chips)
Seat 6: c4518289 ($2 in chips)
b07ed33e: posts small blind $0.02
c4518289: posts big blind $0.05
*** HOLE CARDS ***
Dealt to Hero [Jh 4h]
Dealt to b07ed33e 
Dealt to c4518289 
Hero: folds
b07ed33e: raises $0.1 to $0.15
c4518289: folds
Uncalled bet ($0.1) returned to b07ed33e
*** SHOWDOWN ***
b07ed33e collected $0.1 from pot
*** SUMMARY ***
Total pot $0.1 | Rake $0 | Jackpot $0 | Bingo $0 | Fortune $0 | Tax $0
Seat 1: Hero (button) folded before Flop (didn't bet)
Seat 5: b07ed33e (small blind) collected ($0.1)
Seat 6: c4518289 (big blind) folded before Flop


Poker Hand #HD1602281913: Hold'em No Limit ($0.02/$0.05) - 2024/01/23 13:57:39
Table 'NLHBlue75' 6-max Seat #6 is the button
Seat 1: Hero ($5.28 in chips)
Seat 5: b07ed33e ($5.23 in chips)
Seat 6: c4518289 ($1.93 in chips)
Hero: posts small blind $0.02
b07ed33e: posts big blind $0.05
*** HOLE CARDS ***
Dealt to Hero [Qs 2c]
Dealt to b07ed33e 
Dealt to c4518289 
c4518289: raises $0.05 to $0.1
Hero: folds
b07ed33e: folds
Uncalled bet ($0.05) returned to c4518289
*** SHOWDOWN ***
c4518289 collected $0.12 from pot
*** SUMMARY ***
Total pot $0.12 | Rake $0 | Jackpot $0 | Bingo $0 | Fortune $0 | Tax $0
Seat 1: Hero (small blind) folded before Flop
Seat 5: b07ed33e (big blind) folded before Flop
Seat 6: c4518289 (button) collected ($0.12)


Poker Hand #HD1602281836: Hold'em No Limit ($0.02/$0.05) - 2024/01/23 13:57:00
Table 'NLHBlue75' 6-max Seat #5 is the button
Seat 1: Hero ($5.33 in chips)
Seat 2: 397f1b55 ($6.27 in chips)
Seat 5: b07ed33e ($5.16 in chips)
Seat 6: c4518289 ($1.95 in chips)
c4518289: posts small blind $0.02
Hero: posts big blind $0.05
*** HOLE CARDS ***
Dealt to Hero [7d 4s]
Dealt to 397f1b55 
Dealt to b07ed33e 
Dealt to c4518289 
397f1b55: folds
b07ed33e: raises $0.08 to $0.13
c4518289: folds
Hero: folds
Uncalled bet ($0.08) returned to b07ed33e
*** SHOWDOWN ***
b07ed33e collected $0.12 from pot
*** SUMMARY ***
Total pot $0.12 | Rake $0 | Jackpot $0 | Bingo $0 | Fortune $0 | Tax $0
Seat 1: Hero (big blind) folded before Flop
Seat 2: 397f1b55 folded before Flop (didn't bet)
Seat 5: b07ed33e (button) collected ($0.12)
Seat 6: c4518289 (small blind) folded before Flop


Poker Hand #HD1602281810: Hold'em No Limit ($0.02/$0.05) - 2024/01/23 13:56:47
Table 'NLHBlue75' 6-max Seat #2 is the button
Seat 1: Hero ($5.26 in chips)
Seat 2: 397f1b55 ($6.27 in chips)
Seat 5: b07ed33e ($5.18 in chips)
Seat 6: c4518289 ($2 in chips)
b07ed33e: posts small blind $0.02
c4518289: posts big blind $0.05
*** HOLE CARDS ***
Dealt to Hero [6s 6d]
Dealt to 397f1b55 
Dealt to b07ed33e 
Dealt to c4518289 
Hero: raises $0.07 to $0.12
397f1b55: folds
b07ed33e: folds
c4518289: folds
Uncalled bet ($0.07) returned to Hero
*** SHOWDOWN ***
Hero collected $0.12 from pot
*** SUMMARY ***
Total pot $0.12 | Rake $0 | Jackpot $0 | Bingo $0 | Fortune $0 | Tax $0
Seat 1: Hero collected ($0.12)
Seat 2: 397f1b55 (button) folded before Flop (didn't bet)
Seat 5: b07ed33e (small blind) folded before Flop
Seat 6: c4518289 (big blind) folded before Flop


Poker Hand #HD1602281787: Hold'em No Limit ($0.02/$0.05) - 2024/01/23 13:56:37
Table 'NLHBlue75' 6-max Seat #1 is the button
Seat 1: Hero ($5.26 in chips)
Seat 2: 397f1b55 ($6.29 in chips)
Seat 5: b07ed33e ($5.16 in chips)
397f1b55: posts small blind $0.02
b07ed33e: posts big blind $0.05
*** HOLE CARDS ***
Dealt to Hero [5s Tc]
Dealt to 397f1b55 
Dealt to b07ed33e 
Hero: folds
397f1b55: folds
Uncalled bet ($0.03) returned to b07ed33e
*** SHOWDOWN ***
b07ed33e collected $0.04 from pot
*** SUMMARY ***
Total pot $0.04 | Rake $0 | Jackpot $0 | Bingo $0 | Fortune $0 | Tax $0
Seat 1: Hero (button) folded before Flop (didn't bet)
Seat 2: 397f1b55 (small blind) folded before Flop
Seat 5: b07ed33e (big blind) collected ($0.04)


Poker Hand #HD1602281673: Hold'em No Limit ($0.02/$0.05) - 2024/01/23 13:55:43
Table 'NLHBlue75' 6-max Seat #6 is the button
Seat 1: Hero ($5.28 in chips)
Seat 2: 397f1b55 ($6.15 in chips)
Seat 3: cf53a969 ($4.07 in chips)
Seat 4: bd910a66 ($6.26 in chips)
Seat 5: b07ed33e ($5.16 in chips)
Seat 6: 7fc3ccdb ($1.93 in chips)
Hero: posts small blind $0.02
397f1b55: posts big blind $0.05
*** HOLE CARDS ***
Dealt to Hero [Kd 5d]
Dealt to 397f1b55 
Dealt to cf53a969 
Dealt to bd910a66 
Dealt to b07ed33e 
Dealt to 7fc3ccdb 
cf53a969: folds
bd910a66: raises $0.08 to $0.13
b07ed33e: folds
7fc3ccdb: folds
Hero: folds
397f1b55: calls $0.08
*** FLOP *** [9s 3c 7h]
397f1b55: checks
bd910a66: checks
*** TURN *** [9s 3c 7h] [Qs]
397f1b55: bets $0.1
bd910a66: folds
Uncalled bet ($0.1) returned to 397f1b55
*** SHOWDOWN ***
397f1b55 collected $0.27 from pot
*** SUMMARY ***
Total pot $0.28 | Rake $0.01 | Jackpot $0 | Bingo $0 | Fortune $0 | Tax $0
Board [9s 3c 7h Qs]
Seat 1: Hero (small blind) folded before Flop
Seat 2: 397f1b55 (big blind) won ($0.27)
Seat 3: cf53a969 folded before Flop (didn't bet)
Seat 4: bd910a66 folded on the Turn
Seat 5: b07ed33e folded before Flop (didn't bet)
Seat 6: 7fc3ccdb (button) folded before Flop (didn't bet)


Poker Hand #HD1602281628: Hold'em No Limit ($0.02/$0.05) - 2024/01/23 13:55:17
Table 'NLHBlue75' 6-max Seat #5 is the button
Seat 1: Hero ($5.33 in chips)
Seat 2: 397f1b55 ($6.15 in chips)
Seat 3: cf53a969 ($4 in chips)
Seat 4: bd910a66 ($6.26 in chips)
Seat 5: b07ed33e ($5.16 in chips)
Seat 6: 7fc3ccdb ($1.95 in chips)
7fc3ccdb: posts small blind $0.02
Hero: posts big blind $0.05
*** HOLE CARDS ***
Dealt to Hero [Qh 7h]
Dealt to 397f1b55 
Dealt to cf53a969 
Dealt to bd910a66 
Dealt to b07ed33e 
Dealt to 7fc3ccdb 
397f1b55: folds
cf53a969: raises $0.08 to $0.13
bd910a66: folds
b07ed33e: folds
7fc3ccdb: folds
Hero: folds
Uncalled bet ($0.08) returned to cf53a969
*** SHOWDOWN ***
cf53a969 collected $0.12 from pot
*** SUMMARY ***
Total pot $0.12 | Rake $0 | Jackpot $0 | Bingo $0 | Fortune $0 | Tax $0
Seat 1: Hero (big blind) folded before Flop
Seat 2: 397f1b55 folded before Flop (didn't bet)
Seat 3: cf53a969 collected ($0.12)
Seat 4: bd910a66 folded before Flop (didn't bet)
Seat 5: b07ed33e (button) folded before Flop (didn't bet)
Seat 6: 7fc3ccdb (small blind) folded before Flop


Poker Hand #HD1602281578: Hold'em No Limit ($0.02/$0.05) - 2024/01/23 13:54:54
Table 'NLHBlue75' 6-max Seat #4 is the button
Seat 1: Hero ($5.26 in chips)
Seat 2: 397f1b55 ($6.15 in chips)
Seat 3: cf53a969 ($4 in chips)
Seat 4: bd910a66 ($6.26 in chips)
Seat 5: b07ed33e ($5.18 in chips)
Seat 6: 7fc3ccdb ($2 in chips)
b07ed33e: posts small blind $0.02
7fc3ccdb: posts big blind $0.05
*** HOLE CARDS ***
Dealt to Hero [Ks Kc]
Dealt to 397f1b55 
Dealt to cf53a969 
Dealt to bd910a66 
Dealt to b07ed33e 
Dealt to 7fc3ccdb 
Hero: raises $0.07 to $0.12
397f1b55: folds
cf53a969: folds
bd910a66: folds
b07ed33e: folds
7fc3ccdb: folds
Uncalled bet ($0.07) returned to Hero
*** SHOWDOWN ***
Hero collected $0.12 from pot
*** SUMMARY ***
Total pot $0.12 | Rake $0 | Jackpot $0 | Bingo $0 | Fortune $0 | Tax $0
Seat 1: Hero collected ($0.12)
Seat 2: 397f1b55 folded before Flop (didn't bet)
Seat 3: cf53a969 folded before Flop (didn't bet)
Seat 4: bd910a66 (button) folded before Flop (didn't bet)
Seat 5: b07ed33e (small blind) folded before Flop
Seat 6: 7fc3ccdb (big blind) folded before Flop


Poker Hand #HD1602281544: Hold'em No Limit ($0.02/$0.05) - 2024/01/23 13:54:39
Table 'NLHBlue75' 6-max Seat #3 is the button
Seat 1: Hero ($5.19 in chips)
Seat 2: 397f1b55 ($6.15 in chips)
Seat 3: cf53a969 ($4 in chips)
Seat 4: bd910a66 ($6.28 in chips)
Seat 5: b07ed33e ($5.23 in chips)
bd910a66: posts small blind $0.02
b07ed33e: posts big blind $0.05
*** HOLE CARDS ***
Dealt to Hero [Td Ad]
Dealt to 397f1b55 
Dealt to cf53a969 
Dealt to bd910a66 
Dealt to b07ed33e 
Hero: raises $0.07 to $0.12
397f1b55: folds
cf53a969: folds
bd910a66: folds
b07ed33e: folds
Uncalled bet ($0.07) returned to Hero
*** SHOWDOWN ***
Hero collected $0.12 from pot
*** SUMMARY ***
Total pot $0.12 | Rake $0 | Jackpot $0 | Bingo $0 | Fortune $0 | Tax $0
Seat 1: Hero collected ($0.12)
Seat 2: 397f1b55 folded before Flop (didn't bet)
Seat 3: cf53a969 (button) folded before Flop (didn't bet)
Seat 4: bd910a66 (small blind) folded before Flop
Seat 5: b07ed33e (big blind) folded before Flop


Poker Hand #HD1602281521: Hold'em No Limit ($0.02/$0.05) - 2024/01/23 13:54:27
Table 'NLHBlue75' 6-max Seat #2 is the button
Seat 1: Hero ($5.19 in chips)
Seat 2: 397f1b55 ($6.15 in chips)
Seat 3: cf53a969 ($4.02 in chips)
Seat 4: bd910a66 ($6.26 in chips)
Seat 5: b07ed33e ($5.23 in chips)
cf53a969: posts small blind $0.02
bd910a66: posts big blind $0.05
*** HOLE CARDS ***
Dealt to Hero [Th 4s]
Dealt to 397f1b55 
Dealt to cf53a969 
Dealt to bd910a66 
Dealt to b07ed33e 
b07ed33e: folds
Hero: folds
397f1b55: folds
cf53a969: folds
Uncalled bet ($0.03) returned to bd910a66
*** SHOWDOWN ***
bd910a66 collected $0.04 from pot
*** SUMMARY ***
Total pot $0.04 | Rake $0 | Jackpot $0 | Bingo $0 | Fortune $0 | Tax $0
Seat 1: Hero folded before Flop (didn't bet)
Seat 2: 397f1b55 (button) folded before Flop (didn't bet)
Seat 3: cf53a969 (small blind) folded before Flop
Seat 4: bd910a66 (big blind) collected ($0.04)
Seat 5: b07ed33e folded before Flop (didn't bet)


Poker Hand #HD1602281488: Hold'em No Limit ($0.02/$0.05) - 2024/01/23 13:54:14
Table 'NLHBlue75' 6-max Seat #1 is the button
Seat 1: Hero ($5.19 in chips)
Seat 2: 397f1b55 ($6.1 in chips)
Seat 3: cf53a969 ($4.07 in chips)
Seat 4: bd910a66 ($6.26 in chips)
Seat 5: b07ed33e ($5.23 in chips)
397f1b55: posts small blind $0.02
cf53a969: posts big blind $0.05
*** HOLE CARDS ***
Dealt to Hero [2h 9c]
Dealt to 397f1b55 
Dealt to cf53a969 
Dealt to bd910a66 
Dealt to b07ed33e 
bd910a66: folds
b07ed33e: folds
Hero: folds
397f1b55: raises $0.05 to $0.1
cf53a969: folds
Uncalled bet ($0.05) returned to 397f1b55
*** SHOWDOWN ***
397f1b55 collected $0.1 from pot
*** SUMMARY ***
Total pot $0.1 | Rake $0 | Jackpot $0 | Bingo $0 | Fortune $0 | Tax $0
Seat 1: Hero (button) folded before Flop (didn't bet)
Seat 2: 397f1b55 (small blind) collected ($0.1)
Seat 3: cf53a969 (big blind) folded before Flop
Seat 4: bd910a66 folded before Flop (didn't bet)
Seat 5: b07ed33e folded before Flop (didn't bet)


Poker Hand #HD1602281400: Hold'em No Limit ($0.02/$0.05) - 2024/01/23 13:53:34
Table 'NLHBlue75' 6-max Seat #5 is the button
Seat 1: Hero ($5.73 in chips)
Seat 2: 397f1b55 ($5.49 in chips)
Seat 3: cf53a969 ($4.2 in chips)
Seat 4: bd910a66 ($6.26 in chips)
Seat 5: b07ed33e ($5.23 in chips)
Hero: posts small blind $0.02
397f1b55: posts big blind $0.05
*** HOLE CARDS ***
Dealt to Hero [Js Ts]
Dealt to 397f1b55 
Dealt to cf53a969 
Dealt to bd910a66 
Dealt to b07ed33e 
cf53a969: raises $0.08 to $0.13
bd910a66: folds
b07ed33e: folds
Hero: raises $0.41 to $0.54
397f1b55: raises $4.95 to $5.49 and is all-in
cf53a969: folds
Hero: folds
Uncalled bet ($4.95) returned to 397f1b55
*** SHOWDOWN ***
397f1b55 collected $1.15 from pot
*** SUMMARY ***
Total pot $1.21 | Rake $0.06 | Jackpot $0 | Bingo $0 | Fortune $0 | Tax $0
Seat 1: Hero (small blind) folded before Flop
Seat 2: 397f1b55 (big blind) collected ($1.15)
Seat 3: cf53a969 folded before Flop
Seat 4: bd910a66 folded before Flop (didn't bet)
Seat 5: b07ed33e (button) folded before Flop (didn't bet)


Poker Hand #HD1602281287: Hold'em No Limit ($0.02/$0.05) - 2024/01/23 13:52:40
Table 'NLHBlue75' 6-max Seat #4 is the button
Seat 1: Hero ($5.96 in chips)
Seat 2: 397f1b55 ($5.49 in chips)
Seat 3: cf53a969 ($4.2 in chips)
Seat 4: bd910a66 ($6.26 in chips)
Seat 5: b07ed33e ($5.02 in chips)
b07ed33e: posts small blind $0.02
Hero: posts big blind $0.05
*** HOLE CARDS ***
Dealt to Hero [2d 2s]
Dealt to 397f1b55 
Dealt to cf53a969 
Dealt to bd910a66 
Dealt to b07ed33e 
397f1b55: folds
cf53a969: folds
bd910a66: folds
b07ed33e: raises $0.1 to $0.15
Hero: calls $0.1
*** FLOP *** [Ac 7h 3d]
b07ed33e: bets $0.08
Hero: calls $0.08
*** TURN *** [Ac 7h 3d] [Jc]
b07ed33e: bets $0.74
Hero: folds
Uncalled bet ($0.74) returned to b07ed33e
*** SHOWDOWN ***
b07ed33e collected $0.44 from pot
*** SUMMARY ***
Total pot $0.46 | Rake $0.02 | Jackpot $0 | Bingo $0 | Fortune $0 | Tax $0
Board [Ac 7h 3d Jc]
Seat 1: Hero (big blind) folded on the Turn
Seat 2: 397f1b55 folded before Flop (didn't bet)
Seat 3: cf53a969 folded before Flop (didn't bet)
Seat 4: bd910a66 (button) folded before Flop (didn't bet)
Seat 5: b07ed33e (small blind) won ($0.44)


Poker Hand #HD1602281254: Hold'em No Limit ($0.02/$0.05) - 2024/01/23 13:52:27
Table 'NLHBlue75' 6-max Seat #3 is the button
Seat 1: Hero ($5.96 in chips)
Seat 2: 397f1b55 ($5.49 in chips)
Seat 3: cf53a969 ($4.2 in chips)
Seat 4: bd910a66 ($6.28 in chips)
Seat 5: b07ed33e ($5 in chips)
Seat 6: 5784a2af ($5 in chips)
bd910a66: posts small blind $0.02
b07ed33e: posts big blind $0.05
*** HOLE CARDS ***
Dealt to Hero [4c 6h]
Dealt to 397f1b55 
Dealt to cf53a969 
Dealt to bd910a66 
Dealt to b07ed33e 
Dealt to 5784a2af 
5784a2af: folds
Hero: folds
397f1b55: folds
cf53a969: folds
bd910a66: folds
Uncalled bet ($0.03) returned to b07ed33e
*** SHOWDOWN ***
b07ed33e collected $0.04 from pot
*** SUMMARY ***
Total pot $0.04 | Rake $0 | Jackpot $0 | Bingo $0 | Fortune $0 | Tax $0
Seat 1: Hero folded before Flop (didn't bet)
Seat 2: 397f1b55 folded before Flop (didn't bet)
Seat 3: cf53a969 (button) folded before Flop (didn't bet)
Seat 4: bd910a66 (small blind) folded before Flop
Seat 5: b07ed33e (big blind) collected ($0.04)
Seat 6: 5784a2af folded before Flop (didn't bet)


Poker Hand #HD1602281217: Hold'em No Limit ($0.02/$0.05) - 2024/01/23 13:52:09
Table 'NLHBlue75' 6-max Seat #2 is the button
Seat 1: Hero ($5.96 in chips)
Seat 2: 397f1b55 ($5.42 in chips)
Seat 3: cf53a969 ($4.22 in chips)
Seat 4: bd910a66 ($6.33 in chips)
Seat 5: b07ed33e ($5 in chips)
Seat 6: 5784a2af ($5 in chips)
cf53a969: posts small blind $0.02
bd910a66: posts big blind $0.05
*** HOLE CARDS ***
Dealt to Hero [9c 5c]
Dealt to 397f1b55 
Dealt to cf53a969 
Dealt to bd910a66 
Dealt to b07ed33e 
Dealt to 5784a2af 
b07ed33e: folds
5784a2af: folds
Hero: folds
397f1b55: raises $0.08 to $0.13
cf53a969: folds
bd910a66: folds
Uncalled bet ($0.08) returned to 397f1b55
*** SHOWDOWN ***
397f1b55 collected $0.12 from pot
*** SUMMARY ***
Total pot $0.12 | Rake $0 | Jackpot $0 | Bingo $0 | Fortune $0 | Tax $0
Seat 1: Hero folded before Flop (didn't bet)
Seat 2: 397f1b55 (button) collected ($0.12)
Seat 3: cf53a969 (small blind) folded before Flop
Seat 4: bd910a66 (big blind) folded before Flop
Seat 5: b07ed33e folded before Flop (didn't bet)
Seat 6: 5784a2af folded before Flop (didn't bet)


Poker Hand #HD1602281173: Hold'em No Limit ($0.02/$0.05) - 2024/01/23 13:51:52
Table 'NLHBlue75' 6-max Seat #1 is the button
Seat 1: Hero ($5.96 in chips)
Seat 2: 397f1b55 ($5.44 in chips)
Seat 3: cf53a969 ($4.2 in chips)
Seat 4: bd910a66 ($6.33 in chips)
Seat 5: b07ed33e ($5 in chips)
Seat 6: 5784a2af ($5 in chips)
397f1b55: posts small blind $0.02
cf53a969: posts big blind $0.05
*** HOLE CARDS ***
Dealt to Hero [Ah 5d]
Dealt to 397f1b55 
Dealt to cf53a969 
Dealt to bd910a66 
Dealt to b07ed33e 
Dealt to 5784a2af 
bd910a66: folds
b07ed33e: folds
5784a2af: folds
Hero: folds
397f1b55: folds
Uncalled bet ($0.03) returned to cf53a969
*** SHOWDOWN ***
cf53a969 collected $0.04 from pot
*** SUMMARY ***
Total pot $0.04 | Rake $0 | Jackpot $0 | Bingo $0 | Fortune $0 | Tax $0
Seat 1: Hero (button) folded before Flop (didn't bet)
Seat 2: 397f1b55 (small blind) folded before Flop
Seat 3: cf53a969 (big blind) collected ($0.04)
Seat 4: bd910a66 folded before Flop (didn't bet)
Seat 5: b07ed33e folded before Flop (didn't bet)
Seat 6: 5784a2af folded before Flop (didn't bet)


Poker Hand #HD1602281152: Hold'em No Limit ($0.02/$0.05) - 2024/01/23 13:51:41
Table 'NLHBlue75' 6-max Seat #6 is the button
Seat 1: Hero ($5.98 in chips)
Seat 2: 397f1b55 ($5.42 in chips)
Seat 4: bd910a66 ($6.33 in chips)
Seat 5: b07ed33e ($5 in chips)
Seat 6: 5784a2af ($5 in chips)
Hero: posts small blind $0.02
397f1b55: posts big blind $0.05
*** HOLE CARDS ***
Dealt to Hero [5h 9d]
Dealt to 397f1b55 
Dealt to bd910a66 
Dealt to b07ed33e 
Dealt to 5784a2af 
bd910a66: folds
b07ed33e: folds
5784a2af: folds
Hero: folds
Uncalled bet ($0.03) returned to 397f1b55
*** SHOWDOWN ***
397f1b55 collected $0.04 from pot
*** SUMMARY ***
Total pot $0.04 | Rake $0 | Jackpot $0 | Bingo $0 | Fortune $0 | Tax $0
Seat 1: Hero (small blind) folded before Flop
Seat 2: 397f1b55 (big blind) collected ($0.04)
Seat 4: bd910a66 folded before Flop (didn't bet)
Seat 5: b07ed33e folded before Flop (didn't bet)
Seat 6: 5784a2af (button) folded before Flop (didn't bet)


Poker Hand #HD1602281125: Hold'em No Limit ($0.02/$0.05) - 2024/01/23 13:51:29
Table 'NLHBlue75' 6-max Seat #5 is the button
Seat 1: Hero ($5.96 in chips)
Seat 2: 397f1b55 ($5.42 in chips)
Seat 4: bd910a66 ($6.33 in chips)
Seat 5: b07ed33e ($5 in chips)
Seat 6: 5784a2af ($5.02 in chips)
5784a2af: posts small blind $0.02
Hero: posts big blind $0.05
*** HOLE CARDS ***
Dealt to Hero [6d 7c]
Dealt to 397f1b55 
Dealt to bd910a66 
Dealt to b07ed33e 
Dealt to 5784a2af 
397f1b55: folds
bd910a66: folds
b07ed33e: folds
5784a2af: folds
Uncalled bet ($0.03) returned to Hero
*** SHOWDOWN ***
Hero collected $0.04 from pot
*** SUMMARY ***
Total pot $0.04 | Rake $0 | Jackpot $0 | Bingo $0 | Fortune $0 | Tax $0
Seat 1: Hero (big blind) collected ($0.04)
Seat 2: 397f1b55 folded before Flop (didn't bet)
Seat 4: bd910a66 folded before Flop (didn't bet)
Seat 5: b07ed33e (button) folded before Flop (didn't bet)
Seat 6: 5784a2af (small blind) folded before Flop


Poker Hand #HD1602281079: Hold'em No Limit ($0.02/$0.05) - 2024/01/23 13:51:10
Table 'NLHBlue75' 6-max Seat #4 is the button
Seat 1: Hero ($5.96 in chips)
Seat 2: 397f1b55 ($5.42 in chips)
Seat 4: bd910a66 ($6.33 in chips)
Seat 5: b07ed33e ($5 in chips)
Seat 6: 5784a2af ($5 in chips)
b07ed33e: posts small blind $0.02
5784a2af: posts big blind $0.05
*** HOLE CARDS ***
Dealt to Hero [2d 4h]
Dealt to 397f1b55 
Dealt to bd910a66 
Dealt to b07ed33e 
Dealt to 5784a2af 
Hero: folds
397f1b55: folds
bd910a66: folds
b07ed33e: folds
Uncalled bet ($0.03) returned to 5784a2af
*** SHOWDOWN ***
5784a2af collected $0.04 from pot
*** SUMMARY ***
Total pot $0.04 | Rake $0 | Jackpot $0 | Bingo $0 | Fortune $0 | Tax $0
Seat 1: Hero folded before Flop (didn't bet)
Seat 2: 397f1b55 folded before Flop (didn't bet)
Seat 4: bd910a66 (button) folded before Flop (didn't bet)
Seat 5: b07ed33e (small blind) folded before Flop
Seat 6: 5784a2af (big blind) collected ($0.04)


Poker Hand #HD1602281036: Hold'em No Limit ($0.02/$0.05) - 2024/01/23 13:50:47
Table 'NLHBlue75' 6-max Seat #2 is the button
Seat 1: Hero ($5.89 in chips)
Seat 2: 397f1b55 ($5.42 in chips)
Seat 4: bd910a66 ($6.35 in chips)
Seat 5: b07ed33e ($5 in chips)
Seat 6: 5784a2af ($5 in chips)
bd910a66: posts small blind $0.02
b07ed33e: posts big blind $0.05
*** HOLE CARDS ***
Dealt to Hero [Kh 9h]
Dealt to 397f1b55 
Dealt to bd910a66 
Dealt to b07ed33e 
Dealt to 5784a2af 
5784a2af: folds
Hero: raises $0.07 to $0.12
397f1b55: folds
bd910a66: folds
b07ed33e: folds
Uncalled bet ($0.07) returned to Hero
*** SHOWDOWN ***
Hero collected $0.12 from pot
*** SUMMARY ***
Total pot $0.12 | Rake $0 | Jackpot $0 | Bingo $0 | Fortune $0 | Tax $0
Seat 1: Hero collected ($0.12)
Seat 2: 397f1b55 (button) folded before Flop (didn't bet)
Seat 4: bd910a66 (small blind) folded before Flop
Seat 5: b07ed33e (big blind) folded before Flop
Seat 6: 5784a2af folded before Flop (didn't bet)


Poker Hand #HD1602281014: Hold'em No Limit ($0.02/$0.05) - 2024/01/23 13:50:36
Table 'NLHBlue75' 6-max Seat #1 is the button
Seat 1: Hero ($5.89 in chips)
Seat 2: 397f1b55 ($5.44 in chips)
Seat 3: cf53a969 ($4.18 in chips)
Seat 4: bd910a66 ($6.35 in chips)
Seat 6: 5784a2af ($5 in chips)
397f1b55: posts small blind $0.02
cf53a969: posts big blind $0.05
*** HOLE CARDS ***
Dealt to Hero [8s Jd]
Dealt to 397f1b55 
Dealt to cf53a969 
Dealt to bd910a66 
Dealt to 5784a2af 
bd910a66: folds
5784a2af: folds
Hero: folds
397f1b55: folds
Uncalled bet ($0.03) returned to cf53a969
*** SHOWDOWN ***
cf53a969 collected $0.04 from pot
*** SUMMARY ***
Total pot $0.04 | Rake $0 | Jackpot $0 | Bingo $0 | Fortune $0 | Tax $0
Seat 1: Hero (button) folded before Flop (didn't bet)
Seat 2: 397f1b55 (small blind) folded before Flop
Seat 3: cf53a969 (big blind) collected ($0.04)
Seat 4: bd910a66 folded before Flop (didn't bet)
Seat 6: 5784a2af folded before Flop (didn't bet)


Poker Hand #HD1602280927: Hold'em No Limit ($0.02/$0.05) - 2024/01/23 13:49:51
Table 'NLHBlue75' 6-max Seat #6 is the button
Seat 1: Hero ($5.91 in chips)
Seat 2: 397f1b55 ($5.49 in chips)
Seat 3: cf53a969 ($4.18 in chips)
Seat 4: bd910a66 ($5.94 in chips)
Seat 6: 5784a2af ($5 in chips)
Hero: posts small blind $0.02
397f1b55: posts big blind $0.05
*** HOLE CARDS ***
Dealt to Hero [2d 3h]
Dealt to 397f1b55 
Dealt to cf53a969 
Dealt to bd910a66 
Dealt to 5784a2af 
cf53a969: folds
bd910a66: raises $0.08 to $0.13
5784a2af: raises $0.25 to $0.38
Hero: folds
397f1b55: folds
bd910a66: calls $0.25
*** FLOP *** [8d 7c Jc]
bd910a66: checks
5784a2af: checks
*** TURN *** [8d 7c Jc] [Kc]
bd910a66: checks
5784a2af: checks
*** RIVER *** [8d 7c Jc Kc] [Ah]
bd910a66: bets $0.42
5784a2af: folds
Uncalled bet ($0.42) returned to bd910a66
*** SHOWDOWN ***
bd910a66 collected $0.79 from pot
*** SUMMARY ***
Total pot $0.83 | Rake $0.04 | Jackpot $0 | Bingo $0 | Fortune $0 | Tax $0
Board [8d 7c Jc Kc Ah]
Seat 1: Hero (small blind) folded before Flop
Seat 2: 397f1b55 (big blind) folded before Flop
Seat 3: cf53a969 folded before Flop (didn't bet)
Seat 4: bd910a66 won ($0.79)
Seat 6: 5784a2af (button) folded on the River


Poker Hand #HD1602280899: Hold'em No Limit ($0.02/$0.05) - 2024/01/23 13:49:38
Table 'NLHBlue75' 6-max Seat #4 is the button
Seat 1: Hero ($5.89 in chips)
Seat 2: 397f1b55 ($5.49 in chips)
Seat 3: cf53a969 ($4.18 in chips)
Seat 4: bd910a66 ($5.94 in chips)
Seat 6: 5784a2af ($5.02 in chips)
5784a2af: posts small blind $0.02
Hero: posts big blind $0.05
*** HOLE CARDS ***
Dealt to Hero [7s Kc]
Dealt to 397f1b55 
Dealt to cf53a969 
Dealt to bd910a66 
Dealt to 5784a2af 
397f1b55: folds
cf53a969: folds
bd910a66: folds
5784a2af: folds
Uncalled bet ($0.03) returned to Hero
*** SHOWDOWN ***
Hero collected $0.04 from pot
*** SUMMARY ***
Total pot $0.04 | Rake $0 | Jackpot $0 | Bingo $0 | Fortune $0 | Tax $0
Seat 1: Hero (big blind) collected ($0.04)
Seat 2: 397f1b55 folded before Flop (didn't bet)
Seat 3: cf53a969 folded before Flop (didn't bet)
Seat 4: bd910a66 (button) folded before Flop (didn't bet)
Seat 6: 5784a2af (small blind) folded before Flop


Poker Hand #HD1602280859: Hold'em No Limit ($0.02/$0.05) - 2024/01/23 13:49:18
Table 'NLHBlue75' 6-max Seat #3 is the button
Seat 1: Hero ($5.89 in chips)
Seat 2: 397f1b55 ($5.49 in chips)
Seat 3: cf53a969 ($4.18 in chips)
Seat 4: bd910a66 ($5.96 in chips)
Seat 6: 5784a2af ($5 in chips)
bd910a66: posts small blind $0.02
5784a2af: posts big blind $0.05
*** HOLE CARDS ***
Dealt to Hero [5h 7c]
Dealt to 397f1b55 
Dealt to cf53a969 
Dealt to bd910a66 
Dealt to 5784a2af 
Hero: folds
397f1b55: folds
cf53a969: folds
bd910a66: folds
Uncalled bet ($0.03) returned to 5784a2af
*** SHOWDOWN ***
5784a2af collected $0.04 from pot
*** SUMMARY ***
Total pot $0.04 | Rake $0 | Jackpot $0 | Bingo $0 | Fortune $0 | Tax $0
Seat 1: Hero folded before Flop (didn't bet)
Seat 2: 397f1b55 folded before Flop (didn't bet)
Seat 3: cf53a969 (button) folded before Flop (didn't bet)
Seat 4: bd910a66 (small blind) folded before Flop
Seat 6: 5784a2af (big blind) collected ($0.04)


Poker Hand #HD1602280842: Hold'em No Limit ($0.02/$0.05) - 2024/01/23 13:49:09
Table 'NLHBlue75' 6-max Seat #2 is the button
Seat 1: Hero ($5.82 in chips)
Seat 2: 397f1b55 ($5.49 in chips)
Seat 3: cf53a969 ($4.2 in chips)
Seat 4: bd910a66 ($6.01 in chips)
Seat 6: 5784a2af ($5 in chips)
cf53a969: posts small blind $0.02
bd910a66: posts big blind $0.05
*** HOLE CARDS ***
Dealt to Hero [8h 7h]
Dealt to 397f1b55 
Dealt to cf53a969 
Dealt to bd910a66 
Dealt to 5784a2af 
5784a2af: folds
Hero: raises $0.07 to $0.12
397f1b55: folds
cf53a969: folds
bd910a66: folds
Uncalled bet ($0.07) returned to Hero
*** SHOWDOWN ***
Hero collected $0.12 from pot
*** SUMMARY ***
Total pot $0.12 | Rake $0 | Jackpot $0 | Bingo $0 | Fortune $0 | Tax $0
Seat 1: Hero collected ($0.12)
Seat 2: 397f1b55 (button) folded before Flop (didn't bet)
Seat 3: cf53a969 (small blind) folded before Flop
Seat 4: bd910a66 (big blind) folded before Flop
Seat 6: 5784a2af folded before Flop (didn't bet)


Poker Hand #HD1602280784: Hold'em No Limit ($0.02/$0.05) - 2024/01/23 13:48:44
Table 'NLHBlue75' 6-max Seat #1 is the button
Seat 1: Hero ($5.82 in chips)
Seat 2: 397f1b55 ($5.51 in chips)
Seat 3: cf53a969 ($4.3 in chips)
Seat 4: bd910a66 ($5.9 in chips)
Seat 6: 5784a2af ($5 in chips)
397f1b55: posts small blind $0.02
cf53a969: posts big blind $0.05
*** HOLE CARDS ***
Dealt to Hero [2s 6c]
Dealt to 397f1b55 
Dealt to cf53a969 
Dealt to bd910a66 
Dealt to 5784a2af 
bd910a66: raises $0.05 to $0.1
5784a2af: folds
Hero: folds
397f1b55: folds
cf53a969: calls $0.05
*** FLOP *** [Ad 4c 6h]
cf53a969: checks
bd910a66: bets $0.11
cf53a969: folds
Uncalled bet ($0.11) returned to bd910a66
*** SHOWDOWN ***
bd910a66 collected $0.21 from pot
*** SUMMARY ***
Total pot $0.22 | Rake $0.01 | Jackpot $0 | Bingo $0 | Fortune $0 | Tax $0
Board [Ad 4c 6h]
Seat 1: Hero (button) folded before Flop (didn't bet)
Seat 2: 397f1b55 (small blind) folded before Flop
Seat 3: cf53a969 (big blind) folded on the Flop
Seat 4: bd910a66 won ($0.21)
Seat 6: 5784a2af folded before Flop (didn't bet)


Poker Hand #HD1602280768: Hold'em No Limit ($0.02/$0.05) - 2024/01/23 13:48:31
Table 'NLHBlue75' 6-max Seat #6 is the button
Seat 1: Hero ($5.84 in chips)
Seat 2: 397f1b55 ($5.56 in chips)
Seat 3: cf53a969 ($4.3 in chips)
Seat 4: bd910a66 ($5.83 in chips)
Seat 6: 5784a2af ($5 in chips)
Hero: posts small blind $0.02
397f1b55: posts big blind $0.05
*** HOLE CARDS ***
Dealt to Hero [7h 3s]
Dealt to 397f1b55 
Dealt to cf53a969 
Dealt to bd910a66 
Dealt to 5784a2af 
cf53a969: folds
bd910a66: raises $0.05 to $0.1
5784a2af: folds
Hero: folds
397f1b55: folds
Uncalled bet ($0.05) returned to bd910a66
*** SHOWDOWN ***
bd910a66 collected $0.12 from pot
*** SUMMARY ***
Total pot $0.12 | Rake $0 | Jackpot $0 | Bingo $0 | Fortune $0 | Tax $0
Seat 1: Hero (small blind) folded before Flop
Seat 2: 397f1b55 (big blind) folded before Flop
Seat 3: cf53a969 folded before Flop (didn't bet)
Seat 4: bd910a66 collected ($0.12)
Seat 6: 5784a2af (button) folded before Flop (didn't bet)


Poker Hand #HD1602280733: Hold'em No Limit ($0.02/$0.05) - 2024/01/23 13:48:11
Table 'NLHBlue75' 6-max Seat #4 is the button
Seat 1: Hero ($5.89 in chips)
Seat 2: 397f1b55 ($5.49 in chips)
Seat 3: cf53a969 ($4.3 in chips)
Seat 4: bd910a66 ($5.83 in chips)
Seat 6: 5784a2af ($5 in chips)
5784a2af: posts small blind $0.02
Hero: posts big blind $0.05
*** HOLE CARDS ***
Dealt to Hero [2d Kc]
Dealt to 397f1b55 
Dealt to cf53a969 
Dealt to bd910a66 
Dealt to 5784a2af 
397f1b55: raises $0.08 to $0.13
cf53a969: folds
bd910a66: folds
5784a2af: folds
Hero: folds
Uncalled bet ($0.08) returned to 397f1b55
*** SHOWDOWN ***
397f1b55 collected $0.12 from pot
*** SUMMARY ***
Total pot $0.12 | Rake $0 | Jackpot $0 | Bingo $0 | Fortune $0 | Tax $0
Seat 1: Hero (big blind) folded before Flop
Seat 2: 397f1b55 collected ($0.12)
Seat 3: cf53a969 folded before Flop (didn't bet)
Seat 4: bd910a66 (button) folded before Flop (didn't bet)
Seat 6: 5784a2af (small blind) folded before Flop


Poker Hand #HD1602280643: Hold'em No Limit ($0.02/$0.05) - 2024/01/23 13:47:26
Table 'NLHBlue75' 6-max Seat #3 is the button
Seat 1: Hero ($5.89 in chips)
Seat 2: 397f1b55 ($5.49 in chips)
Seat 3: cf53a969 ($4.43 in chips)
Seat 4: bd910a66 ($5.54 in chips)
Seat 5: 90a3728f ($4.64 in chips)
Seat 6: 5784a2af ($5.09 in chips)
bd910a66: posts small blind $0.02
90a3728f: posts big blind $0.05
*** HOLE CARDS ***
Dealt to Hero [2h Qh]
Dealt to 397f1b55 
Dealt to cf53a969 
Dealt to bd910a66 
Dealt to 90a3728f 
Dealt to 5784a2af 
5784a2af: raises $0.08 to $0.13
Hero: folds
397f1b55: folds
cf53a969: calls $0.13
bd910a66: calls $0.11
90a3728f: folds
*** FLOP *** [3s 4c 5d]
bd910a66: checks
5784a2af: checks
cf53a969: checks
*** TURN *** [3s 4c 5d] [2c]
bd910a66: bets $0.22
5784a2af: folds
cf53a969: folds
Uncalled bet ($0.22) returned to bd910a66
*** SHOWDOWN ***
bd910a66 collected $0.42 from pot
*** SUMMARY ***
Total pot $0.44 | Rake $0.02 | Jackpot $0 | Bingo $0 | Fortune $0 | Tax $0
Board [3s 4c 5d 2c]
Seat 1: Hero folded before Flop (didn't bet)
Seat 2: 397f1b55 folded before Flop (didn't bet)
Seat 3: cf53a969 (button) folded on the Turn
Seat 4: bd910a66 (small blind) won ($0.42)
Seat 5: 90a3728f (big blind) folded before Flop
Seat 6: 5784a2af folded on the Turn


Poker Hand #HD1602280562: Hold'em No Limit ($0.02/$0.05) - 2024/01/23 13:46:39
Table 'NLHBlue75' 6-max Seat #2 is the button
Seat 1: Hero ($5.89 in chips)
Seat 2: 397f1b55 ($5.19 in chips)
Seat 3: cf53a969 ($4.45 in chips)
Seat 4: bd910a66 ($5.69 in chips)
Seat 5: 90a3728f ($4.79 in chips)
Seat 6: 5784a2af ($5.09 in chips)
cf53a969: posts small blind $0.02
bd910a66: posts big blind $0.05
*** HOLE CARDS ***
Dealt to Hero [6d 8s]
Dealt to 397f1b55 
Dealt to cf53a969 
Dealt to bd910a66 
Dealt to 90a3728f 
Dealt to 5784a2af 
90a3728f: raises $0.1 to $0.15
5784a2af: folds
Hero: folds
397f1b55: calls $0.15
cf53a969: folds
bd910a66: calls $0.1
*** FLOP *** [9h Qd 9d]
bd910a66: checks
90a3728f: checks
397f1b55: bets $0.26
bd910a66: folds
90a3728f: folds
Uncalled bet ($0.26) returned to 397f1b55
*** SHOWDOWN ***
397f1b55 collected $0.45 from pot
*** SUMMARY ***
Total pot $0.47 | Rake $0.02 | Jackpot $0 | Bingo $0 | Fortune $0 | Tax $0
Board [9h Qd 9d]
Seat 1: Hero folded before Flop (didn't bet)
Seat 2: 397f1b55 (button) won ($0.45)
Seat 3: cf53a969 (small blind) folded before Flop
Seat 4: bd910a66 (big blind) folded on the Flop
Seat 5: 90a3728f folded on the Flop
Seat 6: 5784a2af folded before Flop (didn't bet)


Poker Hand #HD1602280499: Hold'em No Limit ($0.02/$0.05) - 2024/01/23 13:46:07
Table 'NLHBlue75' 6-max Seat #1 is the button
Seat 1: Hero ($5.89 in chips)
Seat 2: 397f1b55 ($5 in chips)
Seat 3: cf53a969 ($4.5 in chips)
Seat 4: bd910a66 ($5.69 in chips)
Seat 5: 90a3728f ($4.94 in chips)
Seat 6: 5784a2af ($5.09 in chips)
397f1b55: posts small blind $0.02
cf53a969: posts big blind $0.05
*** HOLE CARDS ***
Dealt to Hero [9h 2s]
Dealt to 397f1b55 
Dealt to cf53a969 
Dealt to bd910a66 
Dealt to 90a3728f 
Dealt to 5784a2af 
bd910a66: folds
90a3728f: raises $0.1 to $0.15
5784a2af: folds
Hero: folds
397f1b55: raises $0.39 to $0.54
cf53a969: folds
90a3728f: folds
Uncalled bet ($0.39) returned to 397f1b55
*** SHOWDOWN ***
397f1b55 collected $0.34 from pot
*** SUMMARY ***
Total pot $0.35 | Rake $0.01 | Jackpot $0 | Bingo $0 | Fortune $0 | Tax $0
Seat 1: Hero (button) folded before Flop (didn't bet)
Seat 2: 397f1b55 (small blind) collected ($0.34)
Seat 3: cf53a969 (big blind) folded before Flop
Seat 4: bd910a66 folded before Flop (didn't bet)
Seat 5: 90a3728f folded before Flop
Seat 6: 5784a2af folded before Flop (didn't bet)


Poker Hand #HD1602280468: Hold'em No Limit ($0.02/$0.05) - 2024/01/23 13:45:52
Table 'NLHBlue75' 6-max Seat #6 is the button
Seat 1: Hero ($5.91 in chips)
Seat 2: 397f1b55 ($5 in chips)
Seat 3: cf53a969 ($4.43 in chips)
Seat 4: bd910a66 ($5.69 in chips)
Seat 5: 90a3728f ($4.94 in chips)
Seat 6: 5784a2af ($5.09 in chips)
Hero: posts small blind $0.02
397f1b55: posts big blind $0.05
*** HOLE CARDS ***
Dealt to Hero [2s Qh]
Dealt to 397f1b55 
Dealt to cf53a969 
Dealt to bd910a66 
Dealt to 90a3728f 
Dealt to 5784a2af 
cf53a969: raises $0.08 to $0.13
bd910a66: folds
90a3728f: folds
5784a2af: folds
Hero: folds
397f1b55: folds
Uncalled bet ($0.08) returned to cf53a969
*** SHOWDOWN ***
cf53a969 collected $0.12 from pot
*** SUMMARY ***
Total pot $0.12 | Rake $0 | Jackpot $0 | Bingo $0 | Fortune $0 | Tax $0
Seat 1: Hero (small blind) folded before Flop
Seat 2: 397f1b55 (big blind) folded before Flop
Seat 3: cf53a969 collected ($0.12)
Seat 4: bd910a66 folded before Flop (didn't bet)
Seat 5: 90a3728f folded before Flop (didn't bet)
Seat 6: 5784a2af (button) folded before Flop (didn't bet)


Poker Hand #HD1602280311: Hold'em No Limit ($0.02/$0.05) - 2024/01/23 13:44:37
Table 'NLHBlue75' 6-max Seat #5 is the button
Seat 1: Hero ($6.01 in chips)
Seat 2: 83780219 ($10.13 in chips)
Seat 3: cf53a969 ($4.43 in chips)
Seat 4: bd910a66 ($5.69 in chips)
Seat 5: 90a3728f ($4.94 in chips)
Seat 6: 5784a2af ($5 in chips)
5784a2af: posts small blind $0.02
Hero: posts big blind $0.05
*** HOLE CARDS ***
Dealt to Hero [Jh 6h]
Dealt to 83780219 
Dealt to cf53a969 
Dealt to bd910a66 
Dealt to 90a3728f 
Dealt to 5784a2af 
83780219: folds
cf53a969: folds
bd910a66: folds
90a3728f: folds
5784a2af: raises $0.05 to $0.1
Hero: calls $0.05
*** FLOP *** [7d Ts 9s]
5784a2af: checks
Hero: checks
*** TURN *** [7d Ts 9s] [2d]
5784a2af: checks
Hero: checks
*** RIVER *** [7d Ts 9s 2d] [Tc]
5784a2af: checks
Hero: checks
5784a2af: shows [6d 6c] (Pair of Tens and Pair of Sixes)
Hero: shows [Jh 6h] (Pair of Tens)
*** SHOWDOWN ***
5784a2af collected $0.19 from pot
*** SUMMARY ***
Total pot $0.2 | Rake $0.01 | Jackpot $0 | Bingo $0 | Fortune $0 | Tax $0
Board [7d Ts 9s 2d Tc]
Seat 1: Hero (big blind) showed [Jh 6h] and lost with Pair of Tens
Seat 2: 83780219 folded before Flop (didn't bet)
Seat 3: cf53a969 folded before Flop (didn't bet)
Seat 4: bd910a66 folded before Flop (didn't bet)
Seat 5: 90a3728f (button) folded before Flop (didn't bet)
Seat 6: 5784a2af (small blind) showed [6d 6c] and won ($0.19) with Pair of Tens and Pair of Sixes


Poker Hand #HD1602280241: Hold'em No Limit ($0.02/$0.05) - 2024/01/23 13:44:00
Table 'NLHBlue75' 6-max Seat #4 is the button
Seat 1: Hero ($6.01 in chips)
Seat 2: 83780219 ($10.13 in chips)
Seat 3: cf53a969 ($4.43 in chips)
Seat 4: bd910a66 ($5.69 in chips)
Seat 5: 90a3728f ($4.71 in chips)
Seat 6: 5784a2af ($5 in chips)
90a3728f: posts small blind $0.02
5784a2af: posts big blind $0.05
*** HOLE CARDS ***
Dealt to Hero [5c Th]
Dealt to 83780219 
Dealt to cf53a969 
Dealt to bd910a66 
Dealt to 90a3728f 
Dealt to 5784a2af 
Hero: folds
83780219: folds
cf53a969: folds
bd910a66: folds
90a3728f: raises $0.1 to $0.15
5784a2af: calls $0.1
*** FLOP *** [9d Qc 6s]
90a3728f: bets $0.1
5784a2af: calls $0.1
*** TURN *** [9d Qc 6s] [Kh]
90a3728f: checks
5784a2af: checks
*** RIVER *** [9d Qc 6s Kh] [7c]
90a3728f: bets $0.38
5784a2af: folds
Uncalled bet ($0.38) returned to 90a3728f
*** SHOWDOWN ***
90a3728f collected $0.48 from pot
*** SUMMARY ***
Total pot $0.5 | Rake $0.02 | Jackpot $0 | Bingo $0 | Fortune $0 | Tax $0
Board [9d Qc 6s Kh 7c]
Seat 1: Hero folded before Flop (didn't bet)
Seat 2: 83780219 folded before Flop (didn't bet)
Seat 3: cf53a969 folded before Flop (didn't bet)
Seat 4: bd910a66 (button) folded before Flop (didn't bet)
Seat 5: 90a3728f (small blind) won ($0.48)
Seat 6: 5784a2af (big blind) folded on the River


Poker Hand #HD1602280225: Hold'em No Limit ($0.02/$0.05) - 2024/01/23 13:43:49
Table 'NLHBlue75' 6-max Seat #3 is the button
Seat 1: Hero ($6.01 in chips)
Seat 2: 83780219 ($10.06 in chips)
Seat 3: cf53a969 ($4.43 in chips)
Seat 4: bd910a66 ($5.71 in chips)
Seat 5: 90a3728f ($4.76 in chips)
bd910a66: posts small blind $0.02
90a3728f: posts big blind $0.05
*** HOLE CARDS ***
Dealt to Hero [Ac 5d]
Dealt to 83780219 
Dealt to cf53a969 
Dealt to bd910a66 
Dealt to 90a3728f 
Hero: folds
83780219: raises $0.1 to $0.15
cf53a969: folds
bd910a66: folds
90a3728f: folds
Uncalled bet ($0.1) returned to 83780219
*** SHOWDOWN ***
83780219 collected $0.12 from pot
*** SUMMARY ***
Total pot $0.12 | Rake $0 | Jackpot $0 | Bingo $0 | Fortune $0 | Tax $0
Seat 1: Hero folded before Flop (didn't bet)
Seat 2: 83780219 collected ($0.12)
Seat 3: cf53a969 (button) folded before Flop (didn't bet)
Seat 4: bd910a66 (small blind) folded before Flop
Seat 5: 90a3728f (big blind) folded before Flop


Poker Hand #HD1602280184: Hold'em No Limit ($0.02/$0.05) - 2024/01/23 13:43:29
Table 'NLHBlue75' 6-max Seat #2 is the button
Seat 1: Hero ($6.15 in chips)
Seat 2: 83780219 ($9.86 in chips)
Seat 3: cf53a969 ($4.45 in chips)
Seat 4: bd910a66 ($5.76 in chips)
Seat 5: 90a3728f ($4.76 in chips)
Seat 6: a45ed2e6 ($2.11 in chips)
cf53a969: posts small blind $0.02
bd910a66: posts big blind $0.05
*** HOLE CARDS ***
Dealt to Hero [Jd Ks]
Dealt to 83780219 
Dealt to cf53a969 
Dealt to bd910a66 
Dealt to 90a3728f 
Dealt to a45ed2e6 
90a3728f: folds
a45ed2e6: folds
Hero: raises $0.09 to $0.14
83780219: raises $0.35 to $0.49
cf53a969: folds
bd910a66: folds
Hero: folds
Uncalled bet ($0.35) returned to 83780219
*** SHOWDOWN ***
83780219 collected $0.34 from pot
*** SUMMARY ***
Total pot $0.35 | Rake $0.01 | Jackpot $0 | Bingo $0 | Fortune $0 | Tax $0
Seat 1: Hero folded before Flop
Seat 2: 83780219 (button) collected ($0.34)
Seat 3: cf53a969 (small blind) folded before Flop
Seat 4: bd910a66 (big blind) folded before Flop
Seat 5: 90a3728f folded before Flop (didn't bet)
Seat 6: a45ed2e6 folded before Flop (didn't bet)


Poker Hand #HD1602280040: Hold'em No Limit ($0.02/$0.05) - 2024/01/23 13:42:14
Table 'NLHBlue75' 6-max Seat #1 is the button
Seat 1: Hero ($6.15 in chips)
Seat 2: 83780219 ($9.88 in chips)
Seat 3: cf53a969 ($3.96 in chips)
Seat 4: bd910a66 ($5.76 in chips)
Seat 5: 90a3728f ($4.76 in chips)
Seat 6: a45ed2e6 ($2.63 in chips)
83780219: posts small blind $0.02
cf53a969: posts big blind $0.05
*** HOLE CARDS ***
Dealt to Hero [3h 7s]
Dealt to 83780219 
Dealt to cf53a969 
Dealt to bd910a66 
Dealt to 90a3728f 
Dealt to a45ed2e6 
bd910a66: folds
90a3728f: folds
a45ed2e6: calls $0.05
Hero: folds
83780219: folds
cf53a969: checks
*** FLOP *** [Tc 3d 9h]
cf53a969: checks
a45ed2e6: checks
*** TURN *** [Tc 3d 9h] [3c]
cf53a969: bets $0.12
a45ed2e6: calls $0.12
*** RIVER *** [Tc 3d 9h 3c] [Kd]
cf53a969: checks
a45ed2e6: bets $0.35
cf53a969: calls $0.35
a45ed2e6: shows [Qh As] (Pair of Treys)
cf53a969: shows [Qd Ts] (Pair of Tens and Pair of Treys)
*** SHOWDOWN ***
cf53a969 collected $1.01 from pot
*** SUMMARY ***
Total pot $1.06 | Rake $0.05 | Jackpot $0 | Bingo $0 | Fortune $0 | Tax $0
Board [Tc 3d 9h 3c Kd]
Seat 1: Hero (button) folded before Flop (didn't bet)
Seat 2: 83780219 (small blind) folded before Flop
Seat 3: cf53a969 (big blind) showed [Qd Ts] and won ($1.01) with Pair of Tens and Pair of Treys
Seat 4: bd910a66 folded before Flop (didn't bet)
Seat 5: 90a3728f folded before Flop (didn't bet)
Seat 6: a45ed2e6 showed [Qh As] and lost with Pair of Treys


Poker Hand #HD1602279970: Hold'em No Limit ($0.02/$0.05) - 2024/01/23 13:41:42
Table 'NLHBlue75' 6-max Seat #6 is the button
Seat 1: Hero ($6.17 in chips)
Seat 2: 83780219 ($9.67 in chips)
Seat 3: cf53a969 ($3.96 in chips)
Seat 4: bd910a66 ($5.76 in chips)
Seat 5: 90a3728f ($4.76 in chips)
Seat 6: a45ed2e6 ($2.84 in chips)
Hero: posts small blind $0.02
83780219: posts big blind $0.05
*** HOLE CARDS ***
Dealt to Hero [Ad 7h]
Dealt to 83780219 
Dealt to cf53a969 
Dealt to bd910a66 
Dealt to 90a3728f 
Dealt to a45ed2e6 
cf53a969: folds
bd910a66: folds
90a3728f: folds
a45ed2e6: raises $0.05 to $0.1
Hero: folds
83780219: calls $0.05
*** FLOP *** [Ac 6h Qc]
83780219: checks
a45ed2e6: checks
*** TURN *** [Ac 6h Qc] [5s]
83780219: checks
a45ed2e6: checks
*** RIVER *** [Ac 6h Qc 5s] [5d]
83780219: bets $0.11
a45ed2e6: calls $0.11
83780219: shows [Qd 4d] (Pair of Queens and Pair of Fives)
a45ed2e6: shows [Ks 8s] (Pair of Fives)
*** SHOWDOWN ***
83780219 collected $0.42 from pot
*** SUMMARY ***
Total pot $0.44 | Rake $0.02 | Jackpot $0 | Bingo $0 | Fortune $0 | Tax $0
Board [Ac 6h Qc 5s 5d]
Seat 1: Hero (small blind) folded before Flop
Seat 2: 83780219 (big blind) showed [Qd 4d] and won ($0.42) with Pair of Queens and Pair of Fives
Seat 3: cf53a969 folded before Flop (didn't bet)
Seat 4: bd910a66 folded before Flop (didn't bet)
Seat 5: 90a3728f folded before Flop (didn't bet)
Seat 6: a45ed2e6 (button) showed [Ks 8s] and lost with Pair of Fives


Poker Hand #HD1602279932: Hold'em No Limit ($0.02/$0.05) - 2024/01/23 13:41:20
Table 'NLHBlue75' 6-max Seat #5 is the button
Seat 1: Hero ($6.15 in chips)
Seat 2: 83780219 ($9.67 in chips)
Seat 3: cf53a969 ($3.96 in chips)
Seat 4: bd910a66 ($5.76 in chips)
Seat 5: 90a3728f ($4.76 in chips)
Seat 6: a45ed2e6 ($2.86 in chips)
a45ed2e6: posts small blind $0.02
Hero: posts big blind $0.05
*** HOLE CARDS ***
Dealt to Hero [Qs 4c]
Dealt to 83780219 
Dealt to cf53a969 
Dealt to bd910a66 
Dealt to 90a3728f 
Dealt to a45ed2e6 
83780219: folds
cf53a969: folds
bd910a66: folds
90a3728f: folds
a45ed2e6: folds
Uncalled bet ($0.03) returned to Hero
*** SHOWDOWN ***
Hero collected $0.04 from pot
*** SUMMARY ***
Total pot $0.04 | Rake $0 | Jackpot $0 | Bingo $0 | Fortune $0 | Tax $0
Seat 1: Hero (big blind) collected ($0.04)
Seat 2: 83780219 folded before Flop (didn't bet)
Seat 3: cf53a969 folded before Flop (didn't bet)
Seat 4: bd910a66 folded before Flop (didn't bet)
Seat 5: 90a3728f (button) folded before Flop (didn't bet)
Seat 6: a45ed2e6 (small blind) folded before Flop


Poker Hand #HD1602279899: Hold'em No Limit ($0.02/$0.05) - 2024/01/23 13:41:01
Table 'NLHBlue75' 6-max Seat #4 is the button
Seat 1: Hero ($6.15 in chips)
Seat 2: 83780219 ($9.67 in chips)
Seat 3: cf53a969 ($3.96 in chips)
Seat 4: bd910a66 ($5.76 in chips)
Seat 5: 90a3728f ($4.71 in chips)
Seat 6: a45ed2e6 ($2.91 in chips)
90a3728f: posts small blind $0.02
a45ed2e6: posts big blind $0.05
*** HOLE CARDS ***
Dealt to Hero [9s 5s]
Dealt to 83780219 
Dealt to cf53a969 
Dealt to bd910a66 
Dealt to 90a3728f 
Dealt to a45ed2e6 
Hero: folds
83780219: folds
cf53a969: folds
bd910a66: folds
90a3728f: raises $0.1 to $0.15
a45ed2e6: folds
Uncalled bet ($0.1) returned to 90a3728f
*** SHOWDOWN ***
90a3728f collected $0.1 from pot
*** SUMMARY ***
Total pot $0.1 | Rake $0 | Jackpot $0 | Bingo $0 | Fortune $0 | Tax $0
Seat 1: Hero folded before Flop (didn't bet)
Seat 2: 83780219 folded before Flop (didn't bet)
Seat 3: cf53a969 folded before Flop (didn't bet)
Seat 4: bd910a66 (button) folded before Flop (didn't bet)
Seat 5: 90a3728f (small blind) collected ($0.1)
Seat 6: a45ed2e6 (big blind) folded before Flop


Poker Hand #HD1602279834: Hold'em No Limit ($0.02/$0.05) - 2024/01/23 13:40:24
Table 'NLHBlue75' 6-max Seat #3 is the button
Seat 1: Hero ($6.15 in chips)
Seat 2: 83780219 ($9.67 in chips)
Seat 3: cf53a969 ($3.96 in chips)
Seat 4: bd910a66 ($5.62 in chips)
Seat 5: 90a3728f ($4.86 in chips)
Seat 6: a45ed2e6 ($2.91 in chips)
bd910a66: posts small blind $0.02
90a3728f: posts big blind $0.05
*** HOLE CARDS ***
Dealt to Hero [3c Kh]
Dealt to 83780219 
Dealt to cf53a969 
Dealt to bd910a66 
Dealt to 90a3728f 
Dealt to a45ed2e6 
a45ed2e6: folds
Hero: folds
83780219: folds
cf53a969: folds
bd910a66: raises $0.1 to $0.15
90a3728f: calls $0.1
*** FLOP *** [Qd Js Kd]
bd910a66: bets $0.15
90a3728f: folds
Uncalled bet ($0.15) returned to bd910a66
*** SHOWDOWN ***
bd910a66 collected $0.29 from pot
*** SUMMARY ***
Total pot $0.3 | Rake $0.01 | Jackpot $0 | Bingo $0 | Fortune $0 | Tax $0
Board [Qd Js Kd]
Seat 1: Hero folded before Flop (didn't bet)
Seat 2: 83780219 folded before Flop (didn't bet)
Seat 3: cf53a969 (button) folded before Flop (didn't bet)
Seat 4: bd910a66 (small blind) won ($0.29)
Seat 5: 90a3728f (big blind) folded on the Flop
Seat 6: a45ed2e6 folded before Flop (didn't bet)


Poker Hand #HD1602279738: Hold'em No Limit ($0.02/$0.05) - 2024/01/23 13:39:37
Table 'NLHBlue75' 6-max Seat #2 is the button
Seat 1: Hero ($6.27 in chips)
Seat 2: 83780219 ($9.67 in chips)
Seat 3: cf53a969 ($3.8 in chips)
Seat 4: bd910a66 ($5.67 in chips)
Seat 5: 90a3728f ($4.86 in chips)
Seat 6: a45ed2e6 ($2.91 in chips)
cf53a969: posts small blind $0.02
bd910a66: posts big blind $0.05
*** HOLE CARDS ***
Dealt to Hero [Js Ts]
Dealt to 83780219 
Dealt to cf53a969 
Dealt to bd910a66 
Dealt to 90a3728f 
Dealt to a45ed2e6 
90a3728f: folds
a45ed2e6: folds
Hero: raises $0.07 to $0.12
83780219: folds
cf53a969: calls $0.1
bd910a66: folds
*** FLOP *** [5c 7h 4d]
cf53a969: checks
Hero: checks
*** TURN *** [5c 7h 4d] [Qc]
cf53a969: checks
Hero: checks
*** RIVER *** [5c 7h 4d Qc] [6h]
cf53a969: bets $0.22
Hero: folds
Uncalled bet ($0.22) returned to cf53a969
*** SHOWDOWN ***
cf53a969 collected $0.28 from pot
*** SUMMARY ***
Total pot $0.29 | Rake $0.01 | Jackpot $0 | Bingo $0 | Fortune $0 | Tax $0
Board [5c 7h 4d Qc 6h]
Seat 1: Hero folded on the River
Seat 2: 83780219 (button) folded before Flop (didn't bet)
Seat 3: cf53a969 (small blind) won ($0.28)
Seat 4: bd910a66 (big blind) folded before Flop
Seat 5: 90a3728f folded before Flop (didn't bet)
Seat 6: a45ed2e6 folded before Flop (didn't bet)


Poker Hand #HD1602279664: Hold'em No Limit ($0.02/$0.05) - 2024/01/23 13:38:57
Table 'NLHBlue75' 6-max Seat #1 is the button
Seat 1: Hero ($6.27 in chips)
Seat 2: 83780219 ($9.48 in chips)
Seat 3: cf53a969 ($3.9 in chips)
Seat 4: bd910a66 ($5.67 in chips)
Seat 5: 90a3728f ($4.86 in chips)
Seat 6: a45ed2e6 ($3.01 in chips)
83780219: posts small blind $0.02
cf53a969: posts big blind $0.05
*** HOLE CARDS ***
Dealt to Hero [8c Ks]
Dealt to 83780219 
Dealt to cf53a969 
Dealt to bd910a66 
Dealt to 90a3728f 
Dealt to a45ed2e6 
bd910a66: folds
90a3728f: folds
a45ed2e6: raises $0.05 to $0.1
Hero: folds
83780219: calls $0.08
cf53a969: calls $0.05
*** FLOP *** [5c 4s Th]
83780219: checks
cf53a969: checks
a45ed2e6: checks
*** TURN *** [5c 4s Th] [9c]
83780219: bets $0.3
cf53a969: folds
a45ed2e6: folds
Uncalled bet ($0.3) returned to 83780219
*** SHOWDOWN ***
83780219 collected $0.29 from pot
*** SUMMARY ***
Total pot $0.3 | Rake $0.01 | Jackpot $0 | Bingo $0 | Fortune $0 | Tax $0
Board [5c 4s Th 9c]
Seat 1: Hero (button) folded before Flop (didn't bet)
Seat 2: 83780219 (small blind) won ($0.29)
Seat 3: cf53a969 (big blind) folded on the Turn
Seat 4: bd910a66 folded before Flop (didn't bet)
Seat 5: 90a3728f folded before Flop (didn't bet)
Seat 6: a45ed2e6 folded on the Turn


Poker Hand #HD1602279592: Hold'em No Limit ($0.02/$0.05) - 2024/01/23 13:38:20
Table 'NLHBlue75' 6-max Seat #6 is the button
Seat 1: Hero ($6.29 in chips)
Seat 2: 83780219 ($9.62 in chips)
Seat 3: cf53a969 ($3.9 in chips)
Seat 4: bd910a66 ($5.67 in chips)
Seat 5: 90a3728f ($5 in chips)
Seat 6: a45ed2e6 ($2.73 in chips)
Hero: posts small blind $0.02
83780219: posts big blind $0.05
90a3728f: posts big blind $0.05
*** HOLE CARDS ***
Dealt to Hero [Jc 6s]
Dealt to 83780219 
Dealt to cf53a969 
Dealt to bd910a66 
Dealt to 90a3728f 
Dealt to a45ed2e6 
cf53a969: folds
bd910a66: folds
90a3728f: raises $0.09 to $0.14
a45ed2e6: calls $0.14
Hero: folds
83780219: calls $0.09
*** FLOP *** [8c Kd 5c]
83780219: checks
90a3728f: checks
a45ed2e6: bets $0.44
83780219: folds
90a3728f: folds
Uncalled bet ($0.44) returned to a45ed2e6
*** SHOWDOWN ***
a45ed2e6 collected $0.42 from pot
*** SUMMARY ***
Total pot $0.44 | Rake $0.02 | Jackpot $0 | Bingo $0 | Fortune $0 | Tax $0
Board [8c Kd 5c]
Seat 1: Hero (small blind) folded before Flop
Seat 2: 83780219 (big blind) folded on the Flop
Seat 3: cf53a969 folded before Flop (didn't bet)
Seat 4: bd910a66 folded before Flop (didn't bet)
Seat 5: 90a3728f folded on the Flop
Seat 6: a45ed2e6 (button) won ($0.42)


Poker Hand #HD1602279532: Hold'em No Limit ($0.02/$0.05) - 2024/01/23 13:37:52
Table 'NLHBlue75' 6-max Seat #4 is the button
Seat 1: Hero ($6.16 in chips)
Seat 2: 83780219 ($9.62 in chips)
Seat 3: cf53a969 ($3.9 in chips)
Seat 4: bd910a66 ($5.79 in chips)
Seat 6: a45ed2e6 ($2.75 in chips)
a45ed2e6: posts small blind $0.02
Hero: posts big blind $0.05
*** HOLE CARDS ***
Dealt to Hero [Ac Kc]
Dealt to 83780219 
Dealt to cf53a969 
Dealt to bd910a66 
Dealt to a45ed2e6 
83780219: folds
cf53a969: folds
bd910a66: raises $0.07 to $0.12
a45ed2e6: folds
Hero: raises $0.36 to $0.48
bd910a66: folds
Uncalled bet ($0.36) returned to Hero
*** SHOWDOWN ***
Hero collected $0.25 from pot
*** SUMMARY ***
Total pot $0.26 | Rake $0.01 | Jackpot $0 | Bingo $0 | Fortune $0 | Tax $0
Seat 1: Hero (big blind) collected ($0.25)
Seat 2: 83780219 folded before Flop (didn't bet)
Seat 3: cf53a969 folded before Flop (didn't bet)
Seat 4: bd910a66 (button) folded before Flop
Seat 6: a45ed2e6 (small blind) folded before Flop


Poker Hand #HD1602279492: Hold'em No Limit ($0.02/$0.05) - 2024/01/23 13:37:32
Table 'NLHBlue75' 6-max Seat #3 is the button
Seat 1: Hero ($6.16 in chips)
Seat 2: 83780219 ($9.62 in chips)
Seat 3: cf53a969 ($3.78 in chips)
Seat 4: bd910a66 ($5.81 in chips)
Seat 5: 715c7c2 ($5.59 in chips)
Seat 6: a45ed2e6 ($2.8 in chips)
bd910a66: posts small blind $0.02
715c7c2: posts big blind $0.05
*** HOLE CARDS ***
Dealt to Hero [2c 6h]
Dealt to 83780219 
Dealt to cf53a969 
Dealt to bd910a66 
Dealt to 715c7c2 
Dealt to a45ed2e6 
a45ed2e6: calls $0.05
Hero: folds
83780219: folds
cf53a969: raises $0.17 to $0.22
bd910a66: folds
715c7c2: folds
a45ed2e6: folds
Uncalled bet ($0.17) returned to cf53a969
*** SHOWDOWN ***
cf53a969 collected $0.17 from pot
*** SUMMARY ***
Total pot $0.17 | Rake $0 | Jackpot $0 | Bingo $0 | Fortune $0 | Tax $0
Seat 1: Hero folded before Flop (didn't bet)
Seat 2: 83780219 folded before Flop (didn't bet)
Seat 3: cf53a969 (button) collected ($0.17)
Seat 4: bd910a66 (small blind) folded before Flop
Seat 5: 715c7c2 (big blind) folded before Flop
Seat 6: a45ed2e6 folded before Flop


Poker Hand #HD1602279349: Hold'em No Limit ($0.02/$0.05) - 2024/01/23 13:36:29
Table 'NLHBlue75' 6-max Seat #2 is the button
Seat 1: Hero ($6.16 in chips)
Seat 2: 83780219 ($9.12 in chips)
Seat 3: cf53a969 ($4.28 in chips)
Seat 4: bd910a66 ($5.86 in chips)
Seat 5: 715c7c2 ($5.59 in chips)
Seat 6: a45ed2e6 ($2.8 in chips)
cf53a969: posts small blind $0.02
bd910a66: posts big blind $0.05
*** HOLE CARDS ***
Dealt to Hero [Kc 4h]
Dealt to 83780219 
Dealt to cf53a969 
Dealt to bd910a66 
Dealt to 715c7c2 
Dealt to a45ed2e6 
715c7c2: folds
a45ed2e6: folds
Hero: folds
83780219: raises $0.1 to $0.15
cf53a969: raises $0.35 to $0.5
bd910a66: folds
83780219: calls $0.35
*** FLOP *** [4s Jd 7h]
cf53a969: checks
83780219: bets $0.53
cf53a969: folds
Uncalled bet ($0.53) returned to 83780219
*** SHOWDOWN ***
83780219 collected $1 from pot
*** SUMMARY ***
Total pot $1.05 | Rake $0.05 | Jackpot $0 | Bingo $0 | Fortune $0 | Tax $0
Board [4s Jd 7h]
Seat 1: Hero folded before Flop (didn't bet)
Seat 2: 83780219 (button) won ($1)
Seat 3: cf53a969 (small blind) folded on the Flop
Seat 4: bd910a66 (big blind) folded before Flop
Seat 5: 715c7c2 folded before Flop (didn't bet)
Seat 6: a45ed2e6 folded before Flop (didn't bet)


Poker Hand #HD1602279291: Hold'em No Limit ($0.02/$0.05) - 2024/01/23 13:35:59
Table 'NLHBlue75' 6-max Seat #1 is the button
Seat 1: Hero ($6.16 in chips)
Seat 2: 83780219 ($9.14 in chips)
Seat 3: cf53a969 ($4.33 in chips)
Seat 4: bd910a66 ($5.86 in chips)
Seat 5: 715c7c2 ($5.72 in chips)
Seat 6: a45ed2e6 ($2.61 in chips)
83780219: posts small blind $0.02
cf53a969: posts big blind $0.05
*** HOLE CARDS ***
Dealt to Hero [2s Jd]
Dealt to 83780219 
Dealt to cf53a969 
Dealt to bd910a66 
Dealt to 715c7c2 
Dealt to a45ed2e6 
bd910a66: folds
715c7c2: raises $0.08 to $0.13
a45ed2e6: raises $2.48 to $2.61 and is all-in
Hero: folds
83780219: folds
cf53a969: folds
715c7c2: folds
Uncalled bet ($2.48) returned to a45ed2e6
*** SHOWDOWN ***
a45ed2e6 collected $0.32 from pot
*** SUMMARY ***
Total pot $0.33 | Rake $0.01 | Jackpot $0 | Bingo $0 | Fortune $0 | Tax $0
Seat 1: Hero (button) folded before Flop (didn't bet)
Seat 2: 83780219 (small blind) folded before Flop
Seat 3: cf53a969 (big blind) folded before Flop
Seat 4: bd910a66 folded before Flop (didn't bet)
Seat 5: 715c7c2 folded before Flop
Seat 6: a45ed2e6 collected ($0.32)


Poker Hand #HD1602279253: Hold'em No Limit ($0.02/$0.05) - 2024/01/23 13:35:42
Table 'NLHBlue75' 6-max Seat #6 is the button
Seat 1: Hero ($6.18 in chips)
Seat 2: 83780219 ($9.19 in chips)
Seat 3: cf53a969 ($4.33 in chips)
Seat 4: bd910a66 ($5.86 in chips)
Seat 5: 715c7c2 ($5.65 in chips)
Seat 6: a45ed2e6 ($2.61 in chips)
Hero: posts small blind $0.02
83780219: posts big blind $0.05
*** HOLE CARDS ***
Dealt to Hero [2h 8d]
Dealt to 83780219 
Dealt to cf53a969 
Dealt to bd910a66 
Dealt to 715c7c2 
Dealt to a45ed2e6 
cf53a969: folds
bd910a66: folds
715c7c2: raises $0.08 to $0.13
a45ed2e6: folds
Hero: folds
83780219: folds
Uncalled bet ($0.08) returned to 715c7c2
*** SHOWDOWN ***
715c7c2 collected $0.12 from pot
*** SUMMARY ***
Total pot $0.12 | Rake $0 | Jackpot $0 | Bingo $0 | Fortune $0 | Tax $0
Seat 1: Hero (small blind) folded before Flop
Seat 2: 83780219 (big blind) folded before Flop
Seat 3: cf53a969 folded before Flop (didn't bet)
Seat 4: bd910a66 folded before Flop (didn't bet)
Seat 5: 715c7c2 collected ($0.12)
Seat 6: a45ed2e6 (button) folded before Flop (didn't bet)


Poker Hand #HD1602279144: Hold'em No Limit ($0.02/$0.05) - 2024/01/23 13:34:49
Table 'NLHBlue75' 6-max Seat #5 is the button
Seat 1: Hero ($4.54 in chips)
Seat 2: 83780219 ($5.13 in chips)
Seat 3: cf53a969 ($4.33 in chips)
Seat 4: bd910a66 ($5.86 in chips)
Seat 5: 715c7c2 ($5.65 in chips)
Seat 6: a45ed2e6 ($2.63 in chips)
a45ed2e6: posts small blind $0.02
Hero: posts big blind $0.05
*** HOLE CARDS ***
Dealt to Hero [Ac Qs]
Dealt to 83780219 
Dealt to cf53a969 
Dealt to bd910a66 
Dealt to 715c7c2 
Dealt to a45ed2e6 
83780219: raises $0.1 to $0.15
cf53a969: folds
bd910a66: folds
715c7c2: folds
a45ed2e6: folds
Hero: calls $0.1
*** FLOP *** [Td 4c Qd]
Hero: bets $0.18
83780219: raises $0.68 to $0.86
Hero: raises $3.53 to $4.39 and is all-in
83780219: calls $3.53
Hero: shows [Ac Qs] (Pair of Queens)
83780219: shows [Kd 5d] (King-High)
*** TURN *** [Td 4c Qd] [Tc]
*** RIVER *** [Td 4c Qd Tc] [8d]
Hero: Receives Cashout ($6.18)
*** SHOWDOWN ***
83780219 collected $8.6 from pot
*** SUMMARY ***
Total pot $9.1 | Rake $0.45 | Jackpot $0.05 | Bingo $0 | Fortune $0 | Tax $0
Board [Td 4c Qd Tc 8d]
Seat 1: Hero (big blind) showed [Ac Qs] and lost with Pair of Queens and Pair of Tens, EV Cashout ($6.18)
Seat 2: 83780219 showed [Kd 5d] and won ($8.6) with King High Flush
Seat 3: cf53a969 folded before Flop (didn't bet)
Seat 4: bd910a66 folded before Flop (didn't bet)
Seat 5: 715c7c2 (button) folded before Flop (didn't bet)
Seat 6: a45ed2e6 (small blind) folded before Flop


Poker Hand #HD1602279067: Hold'em No Limit ($0.02/$0.05) - 2024/01/23 13:34:16
Table 'NLHBlue75' 6-max Seat #4 is the button
Seat 1: Hero ($4.54 in chips)
Seat 2: 83780219 ($5.13 in chips)
Seat 3: cf53a969 ($4.33 in chips)
Seat 4: bd910a66 ($6.09 in chips)
Seat 5: 715c7c2 ($5.67 in chips)
Seat 6: a45ed2e6 ($2.4 in chips)
715c7c2: posts small blind $0.02
a45ed2e6: posts big blind $0.05
*** HOLE CARDS ***
Dealt to Hero [6s Jc]
Dealt to 83780219 
Dealt to cf53a969 
Dealt to bd910a66 
Dealt to 715c7c2 
Dealt to a45ed2e6 
Hero: folds
83780219: folds
cf53a969: folds
bd910a66: raises $0.08 to $0.13
715c7c2: folds
a45ed2e6: calls $0.08
*** FLOP *** [3s 7d Ac]
a45ed2e6: checks
bd910a66: bets $0.1
a45ed2e6: raises $0.36 to $0.46
bd910a66: folds
Uncalled bet ($0.36) returned to a45ed2e6
*** SHOWDOWN ***
a45ed2e6 collected $0.46 from pot
*** SUMMARY ***
Total pot $0.48 | Rake $0.02 | Jackpot $0 | Bingo $0 | Fortune $0 | Tax $0
Board [3s 7d Ac]
Seat 1: Hero folded before Flop (didn't bet)
Seat 2: 83780219 folded before Flop (didn't bet)
Seat 3: cf53a969 folded before Flop (didn't bet)
Seat 4: bd910a66 (button) folded on the Flop
Seat 5: 715c7c2 (small blind) folded before Flop
Seat 6: a45ed2e6 (big blind) won ($0.46)


Poker Hand #HD1602279030: Hold'em No Limit ($0.02/$0.05) - 2024/01/23 13:33:55
Table 'NLHBlue75' 6-max Seat #3 is the button
Seat 1: Hero ($4.54 in chips)
Seat 2: 83780219 ($5.06 in chips)
Seat 3: cf53a969 ($4.33 in chips)
Seat 4: bd910a66 ($6.11 in chips)
Seat 5: 715c7c2 ($5.72 in chips)
Seat 6: a45ed2e6 ($2.4 in chips)
bd910a66: posts small blind $0.02
715c7c2: posts big blind $0.05
*** HOLE CARDS ***
Dealt to Hero [5s 6d]
Dealt to 83780219 
Dealt to cf53a969 
Dealt to bd910a66 
Dealt to 715c7c2 
Dealt to a45ed2e6 
a45ed2e6: folds
Hero: folds
83780219: raises $0.1 to $0.15
cf53a969: folds
bd910a66: folds
715c7c2: folds
Uncalled bet ($0.1) returned to 83780219
*** SHOWDOWN ***
83780219 collected $0.12 from pot
*** SUMMARY ***
Total pot $0.12 | Rake $0 | Jackpot $0 | Bingo $0 | Fortune $0 | Tax $0
Seat 1: Hero folded before Flop (didn't bet)
Seat 2: 83780219 collected ($0.12)
Seat 3: cf53a969 (button) folded before Flop (didn't bet)
Seat 4: bd910a66 (small blind) folded before Flop
Seat 5: 715c7c2 (big blind) folded before Flop
Seat 6: a45ed2e6 folded before Flop (didn't bet)


Poker Hand #HD1602278949: Hold'em No Limit ($0.02/$0.05) - 2024/01/23 13:33:14
Table 'NLHBlue75' 6-max Seat #2 is the button
Seat 1: Hero ($4.54 in chips)
Seat 2: 83780219 ($5.63 in chips)
Seat 3: cf53a969 ($4.35 in chips)
Seat 4: bd910a66 ($5.57 in chips)
Seat 5: 715c7c2 ($5.72 in chips)
Seat 6: a45ed2e6 ($2.4 in chips)
cf53a969: posts small blind $0.02
bd910a66: posts big blind $0.05
*** HOLE CARDS ***
Dealt to Hero [5d 8c]
Dealt to 83780219 
Dealt to cf53a969 
Dealt to bd910a66 
Dealt to 715c7c2 
Dealt to a45ed2e6 
715c7c2: folds
a45ed2e6: folds
Hero: folds
83780219: raises $0.1 to $0.15
cf53a969: folds
bd910a66: raises $0.42 to $0.57
83780219: calls $0.42
*** FLOP *** [4d Qd 6h]
bd910a66: bets $0.58
83780219: folds
Uncalled bet ($0.58) returned to bd910a66
*** SHOWDOWN ***
bd910a66 collected $1.11 from pot
*** SUMMARY ***
Total pot $1.16 | Rake $0.05 | Jackpot $0 | Bingo $0 | Fortune $0 | Tax $0
Board [4d Qd 6h]
Seat 1: Hero folded before Flop (didn't bet)
Seat 2: 83780219 (button) folded on the Flop
Seat 3: cf53a969 (small blind) folded before Flop
Seat 4: bd910a66 (big blind) won ($1.11)
Seat 5: 715c7c2 folded before Flop (didn't bet)
Seat 6: a45ed2e6 folded before Flop (didn't bet)


Poker Hand #HD1602278830: Hold'em No Limit ($0.02/$0.05) - 2024/01/23 13:32:17
Table 'NLHBlue75' 6-max Seat #1 is the button
Seat 1: Hero ($5.35 in chips)
Seat 2: 83780219 ($4.26 in chips)
Seat 3: cf53a969 ($4.4 in chips)
Seat 5: 715c7c2 ($5.72 in chips)
Seat 6: a45ed2e6 ($2.62 in chips)
83780219: posts small blind $0.02
cf53a969: posts big blind $0.05
a45ed2e6: posts missed blind $0.02
*** HOLE CARDS ***
Dealt to Hero [Td Th]
Dealt to 83780219 
Dealt to cf53a969 
Dealt to 715c7c2 
Dealt to a45ed2e6 
715c7c2: folds
a45ed2e6: raises $0.15 to $0.2
Hero: calls $0.2
83780219: calls $0.18
cf53a969: folds
*** FLOP *** [4h 4s Js]
83780219: checks
a45ed2e6: checks
Hero: checks
*** TURN *** [4h 4s Js] [2d]
83780219: checks
a45ed2e6: checks
Hero: bets $0.37
83780219: raises $0.71 to $1.08
a45ed2e6: folds
Hero: calls $0.71
*** RIVER *** [4h 4s Js 2d] [As]
83780219: bets $2.83
Hero: folds
Uncalled bet ($2.83) returned to 83780219
*** SHOWDOWN ***
83780219 collected $2.65 from pot
*** SUMMARY ***
Total pot $2.83 | Rake $0.13 | Jackpot $0.05 | Bingo $0 | Fortune $0 | Tax $0
Board [4h 4s Js 2d As]
Seat 1: Hero (button) folded on the River
Seat 2: 83780219 (small blind) won ($2.65)
Seat 3: cf53a969 (big blind) folded before Flop
Seat 5: 715c7c2 folded before Flop (didn't bet)
Seat 6: a45ed2e6 folded on the Turn


Poker Hand #HD1602278703: Hold'em No Limit ($0.02/$0.05) - 2024/01/23 13:31:26
Table 'NLHBlue75' 6-max Seat #5 is the button
Seat 1: Hero ($5.37 in chips)
Seat 2: 83780219 ($5.09 in chips)
Seat 3: cf53a969 ($4.4 in chips)
Seat 5: 715c7c2 ($5 in chips)
Hero: posts small blind $0.02
83780219: posts big blind $0.05
*** HOLE CARDS ***
Dealt to Hero [Qc 2s]
Dealt to 83780219 
Dealt to cf53a969 
Dealt to 715c7c2 
cf53a969: folds
715c7c2: raises $0.08 to $0.13
Hero: folds
83780219: calls $0.08
*** FLOP *** [6h As Ts]
83780219: checks
715c7c2: bets $0.1
83780219: calls $0.1
*** TURN *** [6h As Ts] [Qh]
83780219: checks
715c7c2: bets $0.6
83780219: calls $0.6
*** RIVER *** [6h As Ts Qh] [Kd]
83780219: checks
715c7c2: checks
83780219: shows [Qs 2h] (Pair of Queens)
715c7c2: shows [Ac Th] (Pair of Aces and Pair of Tens)
*** SHOWDOWN ***
715c7c2 collected $1.55 from pot
*** SUMMARY ***
Total pot $1.68 | Rake $0.08 | Jackpot $0.05 | Bingo $0 | Fortune $0 | Tax $0
Board [6h As Ts Qh Kd]
Seat 1: Hero (small blind) folded before Flop
Seat 2: 83780219 (big blind) showed [Qs 2h] and lost with Pair of Queens
Seat 3: cf53a969 folded before Flop (didn't bet)
Seat 5: 715c7c2 (button) showed [Ac Th] and won ($1.55) with Pair of Aces and Pair of Tens


Poker Hand #HD1602278647: Hold'em No Limit ($0.02/$0.05) - 2024/01/23 13:30:59
Table 'NLHBlue75' 6-max Seat #3 is the button
Seat 1: Hero ($5.37 in chips)
Seat 2: 83780219 ($5.02 in chips)
Seat 3: cf53a969 ($4.4 in chips)
Seat 5: 715c7c2 ($5.02 in chips)
Seat 6: a45ed2e6 ($2.67 in chips)
715c7c2: posts small blind $0.02
a45ed2e6: posts big blind $0.05
*** HOLE CARDS ***
Dealt to Hero [4d Kc]
Dealt to 83780219 
Dealt to cf53a969 
Dealt to 715c7c2 
Dealt to a45ed2e6 
Hero: folds
83780219: raises $0.1 to $0.15
cf53a969: folds
715c7c2: folds
a45ed2e6: folds
Uncalled bet ($0.1) returned to 83780219
*** SHOWDOWN ***
83780219 collected $0.12 from pot
*** SUMMARY ***
Total pot $0.12 | Rake $0 | Jackpot $0 | Bingo $0 | Fortune $0 | Tax $0
Seat 1: Hero folded before Flop (didn't bet)
Seat 2: 83780219 collected ($0.12)
Seat 3: cf53a969 (button) folded before Flop (didn't bet)
Seat 5: 715c7c2 (small blind) folded before Flop
Seat 6: a45ed2e6 (big blind) folded before Flop


Poker Hand #HD1602278623: Hold'em No Limit ($0.02/$0.05) - 2024/01/23 13:30:49
Table 'NLHBlue75' 6-max Seat #2 is the button
Seat 1: Hero ($5.37 in chips)
Seat 2: 83780219 ($5.02 in chips)
Seat 3: cf53a969 ($4.42 in chips)
Seat 5: 715c7c2 ($5 in chips)
cf53a969: posts small blind $0.02
715c7c2: posts big blind $0.05
*** HOLE CARDS ***
Dealt to Hero [8h Qd]
Dealt to 83780219 
Dealt to cf53a969 
Dealt to 715c7c2 
Hero: folds
83780219: folds
cf53a969: folds
Uncalled bet ($0.03) returned to 715c7c2
*** SHOWDOWN ***
715c7c2 collected $0.04 from pot
*** SUMMARY ***
Total pot $0.04 | Rake $0 | Jackpot $0 | Bingo $0 | Fortune $0 | Tax $0
Seat 1: Hero folded before Flop (didn't bet)
Seat 2: 83780219 (button) folded before Flop (didn't bet)
Seat 3: cf53a969 (small blind) folded before Flop
Seat 5: 715c7c2 (big blind) collected ($0.04)


Poker Hand #HD1602278594: Hold'em No Limit ($0.02/$0.05) - 2024/01/23 13:30:36
Table 'NLHBlue75' 6-max Seat #1 is the button
Seat 1: Hero ($5.3 in chips)
Seat 2: 83780219 ($5.04 in chips)
Seat 3: cf53a969 ($4.47 in chips)
Seat 5: 715c7c2 ($5 in chips)
83780219: posts small blind $0.02
cf53a969: posts big blind $0.05
*** HOLE CARDS ***
Dealt to Hero [Td Ac]
Dealt to 83780219 
Dealt to cf53a969 
Dealt to 715c7c2 
715c7c2: folds
Hero: raises $0.07 to $0.12
83780219: folds
cf53a969: folds
Uncalled bet ($0.07) returned to Hero
*** SHOWDOWN ***
Hero collected $0.12 from pot
*** SUMMARY ***
Total pot $0.12 | Rake $0 | Jackpot $0 | Bingo $0 | Fortune $0 | Tax $0
Seat 1: Hero (button) collected ($0.12)
Seat 2: 83780219 (small blind) folded before Flop
Seat 3: cf53a969 (big blind) folded before Flop
Seat 5: 715c7c2 folded before Flop (didn't bet)


Poker Hand #HD1602278576: Hold'em No Limit ($0.02/$0.05) - 2024/01/23 13:30:28
Table 'NLHBlue75' 6-max Seat #5 is the button
Seat 1: Hero ($5.32 in chips)
Seat 2: 83780219 ($5.02 in chips)
Seat 3: cf53a969 ($4.47 in chips)
Seat 5: 715c7c2 ($5 in chips)
Hero: posts small blind $0.02
83780219: posts big blind $0.05
*** HOLE CARDS ***
Dealt to Hero [Kd 3s]
Dealt to 83780219 
Dealt to cf53a969 
Dealt to 715c7c2 
cf53a969: folds
715c7c2: folds
Hero: folds
Uncalled bet ($0.03) returned to 83780219
*** SHOWDOWN ***
83780219 collected $0.04 from pot
*** SUMMARY ***
Total pot $0.04 | Rake $0 | Jackpot $0 | Bingo $0 | Fortune $0 | Tax $0
Seat 1: Hero (small blind) folded before Flop
Seat 2: 83780219 (big blind) collected ($0.04)
Seat 3: cf53a969 folded before Flop (didn't bet)
Seat 5: 715c7c2 (button) folded before Flop (didn't bet)


Poker Hand #HD1602278499: Hold'em No Limit ($0.02/$0.05) - 2024/01/23 13:29:50
Table 'NLHBlue75' 6-max Seat #3 is the button
Seat 1: Hero ($5.32 in chips)
Seat 2: 83780219 ($7.36 in chips)
Seat 3: cf53a969 ($2.34 in chips)
Seat 4: bd910a66 ($5.59 in chips)
Seat 5: 715c7c2 ($5 in chips)
bd910a66: posts small blind $0.02
715c7c2: posts big blind $0.05
*** HOLE CARDS ***
Dealt to Hero [Ks 9d]
Dealt to 83780219 
Dealt to cf53a969 
Dealt to bd910a66 
Dealt to 715c7c2 
Hero: folds
83780219: raises $0.1 to $0.15
cf53a969: raises $2.19 to $2.34 and is all-in
bd910a66: folds
715c7c2: folds
83780219: calls $2.19
cf53a969: shows [Jd Js]
83780219: shows [Tc Jc]
*** FLOP *** [3h Qd Qh]
*** TURN *** [3h Qd Qh] [5d]
*** RIVER *** [3h Qd Qh 5d] [6c]
*** SHOWDOWN ***
cf53a969 collected $4.47 from pot
*** SUMMARY ***
Total pot $4.75 | Rake $0.23 | Jackpot $0.05 | Bingo $0 | Fortune $0 | Tax $0
Board [3h Qd Qh 5d 6c]
Seat 1: Hero folded before Flop (didn't bet)
Seat 2: 83780219 showed [Tc Jc] and lost with Pair of Queens
Seat 3: cf53a969 (button) showed [Jd Js] and won ($4.47) with Pair of Queens and Pair of Jacks
Seat 4: bd910a66 (small blind) folded before Flop
Seat 5: 715c7c2 (big blind) folded before Flop


Poker Hand #HD1602278472: Hold'em No Limit ($0.02/$0.05) - 2024/01/23 13:29:37
Table 'NLHBlue75' 6-max Seat #2 is the button
Seat 1: Hero ($5.32 in chips)
Seat 2: 83780219 ($7.36 in chips)
Seat 3: cf53a969 ($2.29 in chips)
Seat 4: bd910a66 ($5.64 in chips)
Seat 5: 715c7c2 ($5 in chips)
cf53a969: posts small blind $0.02
bd910a66: posts big blind $0.05
*** HOLE CARDS ***
Dealt to Hero [Tc Qh]
Dealt to 83780219 
Dealt to cf53a969 
Dealt to bd910a66 
Dealt to 715c7c2 
715c7c2: folds
Hero: folds
83780219: folds
cf53a969: raises $0.08 to $0.13
bd910a66: folds
Uncalled bet ($0.08) returned to cf53a969
*** SHOWDOWN ***
cf53a969 collected $0.1 from pot
*** SUMMARY ***
Total pot $0.1 | Rake $0 | Jackpot $0 | Bingo $0 | Fortune $0 | Tax $0
Seat 1: Hero folded before Flop (didn't bet)
Seat 2: 83780219 (button) folded before Flop (didn't bet)
Seat 3: cf53a969 (small blind) collected ($0.1)
Seat 4: bd910a66 (big blind) folded before Flop
Seat 5: 715c7c2 folded before Flop (didn't bet)


Poker Hand #HD1602278301: Hold'em No Limit ($0.02/$0.05) - 2024/01/23 13:28:10
Table 'NLHBlue75' 6-max Seat #1 is the button
Seat 1: Hero ($5.32 in chips)
Seat 2: 83780219 ($5.38 in chips)
Seat 3: cf53a969 ($4.54 in chips)
Seat 4: bd910a66 ($5.64 in chips)
Seat 5: 715c7c2 ($5 in chips)
83780219: posts small blind $0.02
cf53a969: posts big blind $0.05
*** HOLE CARDS ***
Dealt to Hero [9h Qd]
Dealt to 83780219 
Dealt to cf53a969 
Dealt to bd910a66 
Dealt to 715c7c2 
bd910a66: folds
715c7c2: folds
Hero: folds
83780219: raises $0.1 to $0.15
cf53a969: raises $0.3 to $0.45
83780219: calls $0.3
*** FLOP *** [Kc Ah 2s]
83780219: checks
cf53a969: bets $0.3
83780219: calls $0.3
*** TURN *** [Kc Ah 2s] [9s]
83780219: checks
cf53a969: checks
*** RIVER *** [Kc Ah 2s 9s] [4c]
83780219: bets $1.5
cf53a969: calls $1.5
83780219: shows [Ad 4d] (Pair of Aces and Pair of Fours)
cf53a969: shows [Ac 3d] (Pair of Aces)
*** SHOWDOWN ***
83780219 collected $4.23 from pot
*** SUMMARY ***
Total pot $4.5 | Rake $0.22 | Jackpot $0.05 | Bingo $0 | Fortune $0 | Tax $0
Board [Kc Ah 2s 9s 4c]
Seat 1: Hero (button) folded before Flop (didn't bet)
Seat 2: 83780219 (small blind) showed [Ad 4d] and won ($4.23) with Pair of Aces and Pair of Fours
Seat 3: cf53a969 (big blind) showed [Ac 3d] and lost with Pair of Aces
Seat 4: bd910a66 folded before Flop (didn't bet)
Seat 5: 715c7c2 folded before Flop (didn't bet)


Poker Hand #HD1602278270: Hold'em No Limit ($0.02/$0.05) - 2024/01/23 13:27:55
Table 'NLHBlue75' 6-max Seat #5 is the button
Seat 1: Hero ($5.34 in chips)
Seat 2: 83780219 ($5.43 in chips)
Seat 3: cf53a969 ($4.47 in chips)
Seat 4: bd910a66 ($5.64 in chips)
Seat 5: 715c7c2 ($5 in chips)
Hero: posts small blind $0.02
83780219: posts big blind $0.05
*** HOLE CARDS ***
Dealt to Hero [9s 3s]
Dealt to 83780219 
Dealt to cf53a969 
Dealt to bd910a66 
Dealt to 715c7c2 
cf53a969: raises $0.08 to $0.13
bd910a66: folds
715c7c2: folds
Hero: folds
83780219: folds
Uncalled bet ($0.08) returned to cf53a969
*** SHOWDOWN ***
cf53a969 collected $0.12 from pot
*** SUMMARY ***
Total pot $0.12 | Rake $0 | Jackpot $0 | Bingo $0 | Fortune $0 | Tax $0
Seat 1: Hero (small blind) folded before Flop
Seat 2: 83780219 (big blind) folded before Flop
Seat 3: cf53a969 collected ($0.12)
Seat 4: bd910a66 folded before Flop (didn't bet)
Seat 5: 715c7c2 (button) folded before Flop (didn't bet)


Poker Hand #HD1602278233: Hold'em No Limit ($0.02/$0.05) - 2024/01/23 13:27:35
Table 'NLHBlue75' 6-max Seat #4 is the button
Seat 1: Hero ($5.39 in chips)
Seat 2: 83780219 ($5.36 in chips)
Seat 3: cf53a969 ($4.47 in chips)
Seat 4: bd910a66 ($5.64 in chips)
Seat 5: 715c7c2 ($5 in chips)
715c7c2: posts small blind $0.02
Hero: posts big blind $0.05
*** HOLE CARDS ***
Dealt to Hero [Th 5c]
Dealt to 83780219 
Dealt to cf53a969 
Dealt to bd910a66 
Dealt to 715c7c2 
83780219: raises $0.1 to $0.15
cf53a969: folds
bd910a66: folds
715c7c2: folds
Hero: folds
Uncalled bet ($0.1) returned to 83780219
*** SHOWDOWN ***
83780219 collected $0.12 from pot
*** SUMMARY ***
Total pot $0.12 | Rake $0 | Jackpot $0 | Bingo $0 | Fortune $0 | Tax $0
Seat 1: Hero (big blind) folded before Flop
Seat 2: 83780219 collected ($0.12)
Seat 3: cf53a969 folded before Flop (didn't bet)
Seat 4: bd910a66 (button) folded before Flop (didn't bet)
Seat 5: 715c7c2 (small blind) folded before Flop


Poker Hand #HD1602278123: Hold'em No Limit ($0.02/$0.05) - 2024/01/23 13:26:44
Table 'NLHBlue75' 6-max Seat #3 is the button
Seat 1: Hero ($5.39 in chips)
Seat 2: 83780219 ($5.36 in chips)
Seat 3: cf53a969 ($4.47 in chips)
Seat 4: bd910a66 ($5.66 in chips)
Seat 5: 715c7c2 ($5 in chips)
Seat 6: 93d57f73 ($5.33 in chips)
bd910a66: posts small blind $0.02
715c7c2: posts big blind $0.05
*** HOLE CARDS ***
Dealt to Hero [4s 3d]
Dealt to 83780219 
Dealt to cf53a969 
Dealt to bd910a66 
Dealt to 715c7c2 
Dealt to 93d57f73 
93d57f73: raises $0.07 to $0.12
Hero: folds
83780219: folds
cf53a969: folds
bd910a66: folds
715c7c2: calls $0.07
*** FLOP *** [5h 4h Js]
715c7c2: checks
93d57f73: checks
*** TURN *** [5h 4h Js] [8c]
715c7c2: checks
93d57f73: checks
*** RIVER *** [5h 4h Js 8c] [6d]
715c7c2: checks
93d57f73: checks
715c7c2: shows [Ks Qd] (King-High)
93d57f73: shows [Ah Qs] (Ace-High)
*** SHOWDOWN ***
93d57f73 collected $0.25 from pot
*** SUMMARY ***
Total pot $0.26 | Rake $0.01 | Jackpot $0 | Bingo $0 | Fortune $0 | Tax $0
Board [5h 4h Js 8c 6d]
Seat 1: Hero folded before Flop (didn't bet)
Seat 2: 83780219 folded before Flop (didn't bet)
Seat 3: cf53a969 (button) folded before Flop (didn't bet)
Seat 4: bd910a66 (small blind) folded before Flop
Seat 5: 715c7c2 (big blind) showed [Ks Qd] and lost with King-High
Seat 6: 93d57f73 showed [Ah Qs] and won ($0.25) with Ace-High


Poker Hand #HD1602278034: Hold'em No Limit ($0.02/$0.05) - 2024/01/23 13:26:01
Table 'NLHBlue75' 6-max Seat #2 is the button
Seat 1: Hero ($5.39 in chips)
Seat 2: 83780219 ($5.49 in chips)
Seat 3: cf53a969 ($4.49 in chips)
Seat 4: bd910a66 ($5.71 in chips)
Seat 6: 93d57f73 ($5.14 in chips)
cf53a969: posts small blind $0.02
bd910a66: posts big blind $0.05
*** HOLE CARDS ***
Dealt to Hero [2h 4h]
Dealt to 83780219 
Dealt to cf53a969 
Dealt to bd910a66 
Dealt to 93d57f73 
93d57f73: raises $0.08 to $0.13
Hero: folds
83780219: calls $0.13
cf53a969: folds
bd910a66: folds
*** FLOP *** [Ad 2s 7c]
93d57f73: checks
83780219: checks
*** TURN *** [Ad 2s 7c] [3d]
93d57f73: bets $0.11
83780219: folds
Uncalled bet ($0.11) returned to 93d57f73
*** SHOWDOWN ***
93d57f73 collected $0.32 from pot
*** SUMMARY ***
Total pot $0.33 | Rake $0.01 | Jackpot $0 | Bingo $0 | Fortune $0 | Tax $0
Board [Ad 2s 7c 3d]
Seat 1: Hero folded before Flop (didn't bet)
Seat 2: 83780219 (button) folded on the Turn
Seat 3: cf53a969 (small blind) folded before Flop
Seat 4: bd910a66 (big blind) folded before Flop
Seat 6: 93d57f73 won ($0.32)


Poker Hand #HD1602278001: Hold'em No Limit ($0.02/$0.05) - 2024/01/23 13:25:48
Table 'NLHBlue75' 6-max Seat #1 is the button
Seat 1: Hero ($5.39 in chips)
Seat 2: 83780219 ($5.44 in chips)
Seat 3: cf53a969 ($4.54 in chips)
Seat 4: bd910a66 ($5.71 in chips)
Seat 6: 93d57f73 ($5.14 in chips)
83780219: posts small blind $0.02
cf53a969: posts big blind $0.05
*** HOLE CARDS ***
Dealt to Hero [Th 5c]
Dealt to 83780219 
Dealt to cf53a969 
Dealt to bd910a66 
Dealt to 93d57f73 
bd910a66: folds
93d57f73: folds
Hero: folds
83780219: raises $0.1 to $0.15
cf53a969: folds
Uncalled bet ($0.1) returned to 83780219
*** SHOWDOWN ***
83780219 collected $0.1 from pot
*** SUMMARY ***
Total pot $0.1 | Rake $0 | Jackpot $0 | Bingo $0 | Fortune $0 | Tax $0
Seat 1: Hero (button) folded before Flop (didn't bet)
Seat 2: 83780219 (small blind) collected ($0.1)
Seat 3: cf53a969 (big blind) folded before Flop
Seat 4: bd910a66 folded before Flop (didn't bet)
Seat 6: 93d57f73 folded before Flop (didn't bet)


Poker Hand #HD1602277897: Hold'em No Limit ($0.02/$0.05) - 2024/01/23 13:24:55
Table 'NLHBlue75' 6-max Seat #6 is the button
Seat 1: Hero ($5.41 in chips)
Seat 2: 83780219 ($5 in chips)
Seat 3: cf53a969 ($5 in chips)
Seat 4: bd910a66 ($5.71 in chips)
Seat 6: 93d57f73 ($5.14 in chips)
Hero: posts small blind $0.02
83780219: posts big blind $0.05
*** HOLE CARDS ***
Dealt to Hero [Ks 9d]
Dealt to 83780219 
Dealt to cf53a969 
Dealt to bd910a66 
Dealt to 93d57f73 
cf53a969: raises $0.08 to $0.13
bd910a66: folds
93d57f73: folds
Hero: folds
83780219: calls $0.08
*** FLOP *** [7d Qc Qh]
83780219: checks
cf53a969: bets $0.14
83780219: calls $0.14
*** TURN *** [7d Qc Qh] [3d]
83780219: checks
cf53a969: bets $0.19
83780219: raises $0.71 to $0.9
cf53a969: folds
Uncalled bet ($0.71) returned to 83780219
*** SHOWDOWN ***
83780219 collected $0.9 from pot
*** SUMMARY ***
Total pot $0.94 | Rake $0.04 | Jackpot $0 | Bingo $0 | Fortune $0 | Tax $0
Board [7d Qc Qh 3d]
Seat 1: Hero (small blind) folded before Flop
Seat 2: 83780219 (big blind) won ($0.9)
Seat 3: cf53a969 folded on the Turn
Seat 4: bd910a66 folded before Flop (didn't bet)
Seat 6: 93d57f73 (button) folded before Flop (didn't bet)


Poker Hand #HD1602277836: Hold'em No Limit ($0.02/$0.05) - 2024/01/23 13:24:23
Table 'NLHBlue75' 6-max Seat #4 is the button
Seat 1: Hero ($5 in chips)
Seat 2: 83780219 ($5.03 in chips)
Seat 3: cf53a969 ($5 in chips)
Seat 4: bd910a66 ($5.71 in chips)
Seat 6: 93d57f73 ($5.16 in chips)
93d57f73: posts small blind $0.02
Hero: posts big blind $0.05
*** HOLE CARDS ***
Dealt to Hero [Kc Qs]
Dealt to 83780219 
Dealt to cf53a969 
Dealt to bd910a66 
Dealt to 93d57f73 
83780219: raises $0.1 to $0.15
cf53a969: folds
bd910a66: folds
93d57f73: folds
Hero: calls $0.1
*** FLOP *** [7d Qc Js]
Hero: bets $0.28
83780219: calls $0.28
*** TURN *** [7d Qc Js] [4h]
Hero: bets $0.49
83780219: folds
Uncalled bet ($0.49) returned to Hero
*** SHOWDOWN ***
Hero collected $0.84 from pot
*** SUMMARY ***
Total pot $0.88 | Rake $0.04 | Jackpot $0 | Bingo $0 | Fortune $0 | Tax $0
Board [7d Qc Js 4h]
Seat 1: Hero (big blind) won ($0.84)
Seat 2: 83780219 folded on the Turn
Seat 3: cf53a969 folded before Flop (didn't bet)
Seat 4: bd910a66 (button) folded before Flop (didn't bet)
Seat 6: 93d57f73 (small blind) folded before Flop


Poker Hand #HD1602277776: Hold'em No Limit ($0.02/$0.05) - 2024/01/23 13:23:53
Table 'NLHBlue75' 6-max Seat #3 is the button
Seat 1: Hero ($5 in chips)
Seat 2: 83780219 ($5.18 in chips)
Seat 3: cf53a969 ($5 in chips)
Seat 4: bd910a66 ($5.73 in chips)
Seat 6: 93d57f73 ($5 in chips)
bd910a66: posts small blind $0.02
93d57f73: posts big blind $0.05
*** HOLE CARDS ***
Dealt to Hero [5d 9d]
Dealt to 83780219 
Dealt to cf53a969 
Dealt to bd910a66 
Dealt to 93d57f73 
Hero: folds
83780219: raises $0.1 to $0.15
cf53a969: folds
bd910a66: folds
93d57f73: raises $0.4 to $0.55
83780219: folds
Uncalled bet ($0.4) returned to 93d57f73
*** SHOWDOWN ***
93d57f73 collected $0.31 from pot
*** SUMMARY ***
Total pot $0.32 | Rake $0.01 | Jackpot $0 | Bingo $0 | Fortune $0 | Tax $0
Seat 1: Hero folded before Flop (didn't bet)
Seat 2: 83780219 folded before Flop
Seat 3: cf53a969 (button) folded before Flop (didn't bet)
Seat 4: bd910a66 (small blind) folded before Flop
Seat 6: 93d57f73 (big blind) collected ($0.31)


Poker Hand #HD1602277734: Hold'em No Limit ($0.02/$0.05) - 2024/01/23 13:23:34
Table 'NLHBlue75' 6-max Seat #2 is the button
Seat 1: Hero ($5 in chips)
Seat 2: 83780219 ($5.18 in chips)
Seat 3: cf53a969 ($2.77 in chips)
Seat 4: bd910a66 ($5.71 in chips)
Seat 6: 93d57f73 ($5 in chips)
cf53a969: posts small blind $0.02
bd910a66: posts big blind $0.05
*** HOLE CARDS ***
Dealt to Hero [9s Td]
Dealt to 83780219 
Dealt to cf53a969 
Dealt to bd910a66 
Dealt to 93d57f73 
93d57f73: folds
Hero: folds
83780219: folds
cf53a969: folds
Uncalled bet ($0.03) returned to bd910a66
*** SHOWDOWN ***
bd910a66 collected $0.04 from pot
*** SUMMARY ***
Total pot $0.04 | Rake $0 | Jackpot $0 | Bingo $0 | Fortune $0 | Tax $0
Seat 1: Hero folded before Flop (didn't bet)
Seat 2: 83780219 (button) folded before Flop (didn't bet)
Seat 3: cf53a969 (small blind) folded before Flop
Seat 4: bd910a66 (big blind) collected ($0.04)
Seat 6: 93d57f73 folded before Flop (didn't bet)


Poker Hand #HD1602277701: Hold'em No Limit ($0.02/$0.05) - 2024/01/23 13:23:20
Table 'NLHBlue75' 6-max Seat #1 is the button
Seat 1: Hero ($5 in chips)
Seat 2: 83780219 ($5.13 in chips)
Seat 3: cf53a969 ($2.82 in chips)
Seat 4: bd910a66 ($5.71 in chips)
Seat 6: 93d57f73 ($5 in chips)
83780219: posts small blind $0.02
cf53a969: posts big blind $0.05
*** HOLE CARDS ***
Dealt to Hero [2h 6s]
Dealt to 83780219 
Dealt to cf53a969 
Dealt to bd910a66 
Dealt to 93d57f73 
bd910a66: folds
93d57f73: folds
Hero: folds
83780219: raises $0.1 to $0.15
cf53a969: folds
Uncalled bet ($0.1) returned to 83780219
*** SHOWDOWN ***
83780219 collected $0.1 from pot
*** SUMMARY ***
Total pot $0.1 | Rake $0 | Jackpot $0 | Bingo $0 | Fortune $0 | Tax $0
Seat 1: Hero (button) folded before Flop (didn't bet)
Seat 2: 83780219 (small blind) collected ($0.1)
Seat 3: cf53a969 (big blind) folded before Flop
Seat 4: bd910a66 folded before Flop (didn't bet)
Seat 6: 93d57f73 folded before Flop (didn't bet)


Poker Hand #HD1602277640: Hold'em No Limit ($0.02/$0.05) - 2024/01/23 13:22:50
Table 'NLHBlue75' 6-max Seat #6 is the button
Seat 1: Hero ($5 in chips)
Seat 2: 83780219 ($5 in chips)
Seat 3: cf53a969 ($2.82 in chips)
Seat 4: bd910a66 ($5.71 in chips)
Seat 5: b93a4687 ($1.84 in chips)
Seat 6: 93d57f73 ($5.03 in chips)
Hero: posts small blind $0.02
83780219: posts big blind $0.05
*** HOLE CARDS ***
Dealt to Hero [Jc 4s]
Dealt to 83780219 
Dealt to cf53a969 
Dealt to bd910a66 
Dealt to b93a4687 
Dealt to 93d57f73 
cf53a969: folds
bd910a66: folds
b93a4687: folds
93d57f73: raises $0.07 to $0.12
Hero: folds
83780219: raises $0.26 to $0.38
93d57f73: folds
Uncalled bet ($0.26) returned to 83780219
*** SHOWDOWN ***
83780219 collected $0.25 from pot
*** SUMMARY ***
Total pot $0.26 | Rake $0.01 | Jackpot $0 | Bingo $0 | Fortune $0 | Tax $0
Seat 1: Hero (small blind) folded before Flop
Seat 2: 83780219 (big blind) collected ($0.25)
Seat 3: cf53a969 folded before Flop (didn't bet)
Seat 4: bd910a66 folded before Flop (didn't bet)
Seat 5: b93a4687 folded before Flop (didn't bet)
Seat 6: 93d57f73 (button) folded before Flop


Poker Hand #HD1602277592: Hold'em No Limit ($0.02/$0.05) - 2024/01/23 13:22:29
Table 'NLHBlue75' 6-max Seat #5 is the button
Seat 1: Hero ($5 in chips)
Seat 2: 83780219 ($5 in chips)
Seat 3: cf53a969 ($2.92 in chips)
Seat 4: bd910a66 ($5.71 in chips)
Seat 5: b93a4687 ($1.68 in chips)
Seat 6: 93d57f73 ($5.05 in chips)
93d57f73: posts small blind $0.02
Hero: posts big blind $0.05
*** HOLE CARDS ***
Dealt to Hero [Qd 5c]
Dealt to 83780219 
Dealt to cf53a969 
Dealt to bd910a66 
Dealt to b93a4687 
Dealt to 93d57f73 
83780219: folds
cf53a969: raises $0.05 to $0.1
bd910a66: folds
b93a4687: raises $0.21 to $0.31
93d57f73: folds
Hero: folds
cf53a969: folds
Uncalled bet ($0.21) returned to b93a4687
*** SHOWDOWN ***
b93a4687 collected $0.26 from pot
*** SUMMARY ***
Total pot $0.27 | Rake $0.01 | Jackpot $0 | Bingo $0 | Fortune $0 | Tax $0
Seat 1: Hero (big blind) folded before Flop
Seat 2: 83780219 folded before Flop (didn't bet)
Seat 3: cf53a969 folded before Flop
Seat 4: bd910a66 folded before Flop (didn't bet)
Seat 5: b93a4687 (button) collected ($0.26)
Seat 6: 93d57f73 (small blind) folded before Flop


