Poker Hand #HD1597188507: Hold'em No Limit ($0.02/$0.05) - 2024/01/20 11:47:36
Table 'NLHBlue31' 6-max Seat #6 is the button
Seat 1: 9b5665f6 ($10.09 in chips)
Seat 3: c8c6480b ($4.35 in chips)
Seat 4: Hero ($5.29 in chips)
Seat 5: bc21c036 ($5.18 in chips)
Seat 6: e3806eef ($14.79 in chips)
9b5665f6: posts small blind $0.02
c8c6480b: posts big blind $0.05
*** HOLE CARDS ***
Dealt to 9b5665f6 
Dealt to c8c6480b 
Dealt to Hero [2s 6d]
Dealt to bc21c036 
Dealt to e3806eef 
Hero: folds
bc21c036: folds
e3806eef: raises $0.07 to $0.12
9b5665f6: folds
c8c6480b: calls $0.07
*** FLOP *** [5c 7c 4s]
c8c6480b: checks
e3806eef: bets $0.14
c8c6480b: calls $0.14
*** TURN *** [5c 7c 4s] [3s]
c8c6480b: checks
e3806eef: bets $0.5
c8c6480b: folds
Uncalled bet ($0.5) returned to e3806eef
*** SHOWDOWN ***
e3806eef collected $0.52 from pot
*** SUMMARY ***
Total pot $0.54 | Rake $0.02 | Jackpot $0 | Bingo $0 | Fortune $0 | Tax $0
Board [5c 7c 4s 3s]
Seat 1: 9b5665f6 (small blind) folded before Flop
Seat 3: c8c6480b (big blind) folded on the Turn
Seat 4: Hero folded before Flop (didn't bet)
Seat 5: bc21c036 folded before Flop (didn't bet)
Seat 6: e3806eef (button) won ($0.52)


Poker Hand #HD1597188431: Hold'em No Limit ($0.02/$0.05) - 2024/01/20 11:46:47
Table 'NLHBlue31' 6-max Seat #5 is the button
Seat 1: 9b5665f6 ($10.14 in chips)
Seat 3: c8c6480b ($4.35 in chips)
Seat 4: Hero ($5.53 in chips)
Seat 5: bc21c036 ($5.42 in chips)
Seat 6: e3806eef ($14.81 in chips)
e3806eef: posts small blind $0.02
9b5665f6: posts big blind $0.05
*** HOLE CARDS ***
Dealt to 9b5665f6 
Dealt to c8c6480b 
Dealt to Hero [Qh Qs]
Dealt to bc21c036 
Dealt to e3806eef 
c8c6480b: folds
Hero: raises $0.07 to $0.12
bc21c036: raises $0.31 to $0.43
e3806eef: folds
9b5665f6: folds
Hero: raises $0.8 to $1.23
bc21c036: raises $4.19 to $5.42 and is all-in
Hero: calls $4.19
bc21c036: shows [Ah Kh]
Hero: shows [Qh Qs]
*** FIRST FLOP *** [Ts 6c 2c]
*** FIRST TURN *** [Ts 6c 2c] [Ad]
*** FIRST RIVER *** [Ts 6c 2c Ad] [Tc]
*** SECOND FLOP *** [Qd 5d 2h]
*** SECOND TURN *** [Qd 5d 2h] [Qc]
*** SECOND RIVER *** [Qd 5d 2h Qc] [6s]
*** FIRST SHOWDOWN ***
bc21c036 collected $5.18 from pot
*** SECOND SHOWDOWN ***
Hero collected $5.18 from pot
*** SUMMARY ***
Total pot $10.91 | Rake $0.5 | Jackpot $0.05 | Bingo $0 | Fortune $0 | Tax $0
Hand was run two times
FIRST Board [Ts 6c 2c Ad Tc]
SECOND Board [Qd 5d 2h Qc 6s]
Seat 1: 9b5665f6 (big blind) folded before Flop
Seat 3: c8c6480b folded before Flop (didn't bet)
Seat 4: Hero showed [Qh Qs] and lost with Pair of Queens and Pair of Tens, and won ($5.18) with Four Queens
Seat 5: bc21c036 (button) showed [Ah Kh] and won ($5.18) with Pair of Aces and Pair of Tens, and lost with Pair of Queens
Seat 6: e3806eef (small blind) folded before Flop


Poker Hand #HD1597188408: Hold'em No Limit ($0.02/$0.05) - 2024/01/20 11:46:33
Table 'NLHBlue31' 6-max Seat #4 is the button
Seat 1: 9b5665f6 ($10.14 in chips)
Seat 3: c8c6480b ($4.28 in chips)
Seat 4: Hero ($5.53 in chips)
Seat 5: bc21c036 ($5.44 in chips)
Seat 6: e3806eef ($14.86 in chips)
bc21c036: posts small blind $0.02
e3806eef: posts big blind $0.05
*** HOLE CARDS ***
Dealt to 9b5665f6 
Dealt to c8c6480b 
Dealt to Hero [Kc 3c]
Dealt to bc21c036 
Dealt to e3806eef 
9b5665f6: folds
c8c6480b: raises $0.1 to $0.15
Hero: folds
bc21c036: folds
e3806eef: folds
Uncalled bet ($0.1) returned to c8c6480b
*** SHOWDOWN ***
c8c6480b collected $0.12 from pot
*** SUMMARY ***
Total pot $0.12 | Rake $0 | Jackpot $0 | Bingo $0 | Fortune $0 | Tax $0
Seat 1: 9b5665f6 folded before Flop (didn't bet)
Seat 3: c8c6480b collected ($0.12)
Seat 4: Hero (button) folded before Flop (didn't bet)
Seat 5: bc21c036 (small blind) folded before Flop
Seat 6: e3806eef (big blind) folded before Flop


Poker Hand #HD1597188382: Hold'em No Limit ($0.02/$0.05) - 2024/01/20 11:46:20
Table 'NLHBlue31' 6-max Seat #3 is the button
Seat 1: 9b5665f6 ($10.14 in chips)
Seat 3: c8c6480b ($4.28 in chips)
Seat 4: Hero ($5.48 in chips)
Seat 5: bc21c036 ($5.49 in chips)
Seat 6: e3806eef ($14.86 in chips)
Hero: posts small blind $0.02
bc21c036: posts big blind $0.05
*** HOLE CARDS ***
Dealt to 9b5665f6 
Dealt to c8c6480b 
Dealt to Hero [Ah 3h]
Dealt to bc21c036 
Dealt to e3806eef 
e3806eef: folds
9b5665f6: folds
c8c6480b: folds
Hero: raises $0.09 to $0.14
bc21c036: folds
Uncalled bet ($0.09) returned to Hero
*** SHOWDOWN ***
Hero collected $0.1 from pot
*** SUMMARY ***
Total pot $0.1 | Rake $0 | Jackpot $0 | Bingo $0 | Fortune $0 | Tax $0
Seat 1: 9b5665f6 folded before Flop (didn't bet)
Seat 3: c8c6480b (button) folded before Flop (didn't bet)
Seat 4: Hero (small blind) collected ($0.1)
Seat 5: bc21c036 (big blind) folded before Flop
Seat 6: e3806eef folded before Flop (didn't bet)


Poker Hand #HD1597188321: Hold'em No Limit ($0.02/$0.05) - 2024/01/20 11:45:40
Table 'NLHBlue31' 6-max Seat #1 is the button
Seat 1: 9b5665f6 ($10.14 in chips)
Seat 2: dee2ab1c ($5.02 in chips)
Seat 3: c8c6480b ($4.33 in chips)
Seat 4: Hero ($5.32 in chips)
Seat 5: bc21c036 ($5.49 in chips)
Seat 6: e3806eef ($14.86 in chips)
dee2ab1c: posts small blind $0.02
c8c6480b: posts big blind $0.05
*** HOLE CARDS ***
Dealt to 9b5665f6 
Dealt to dee2ab1c 
Dealt to c8c6480b 
Dealt to Hero [2h Ah]
Dealt to bc21c036 
Dealt to e3806eef 
Hero: raises $0.07 to $0.12
bc21c036: folds
e3806eef: folds
9b5665f6: folds
dee2ab1c: calls $0.1
c8c6480b: folds
*** FLOP *** [6h 7h Kc]
dee2ab1c: checks
Hero: bets $0.1
dee2ab1c: folds
Uncalled bet ($0.1) returned to Hero
*** SHOWDOWN ***
Hero collected $0.28 from pot
*** SUMMARY ***
Total pot $0.29 | Rake $0.01 | Jackpot $0 | Bingo $0 | Fortune $0 | Tax $0
Board [6h 7h Kc]
Seat 1: 9b5665f6 (button) folded before Flop (didn't bet)
Seat 2: dee2ab1c (small blind) folded on the Flop
Seat 3: c8c6480b (big blind) folded before Flop
Seat 4: Hero won ($0.28)
Seat 5: bc21c036 folded before Flop (didn't bet)
Seat 6: e3806eef folded before Flop (didn't bet)


Poker Hand #HD1597188305: Hold'em No Limit ($0.02/$0.05) - 2024/01/20 11:45:30
Table 'NLHBlue31' 6-max Seat #6 is the button
Seat 1: 9b5665f6 ($10.16 in chips)
Seat 2: dee2ab1c ($5 in chips)
Seat 3: c8c6480b ($4.33 in chips)
Seat 4: Hero ($5.32 in chips)
Seat 5: bc21c036 ($5.49 in chips)
Seat 6: e3806eef ($14.86 in chips)
9b5665f6: posts small blind $0.02
dee2ab1c: posts big blind $0.05
*** HOLE CARDS ***
Dealt to 9b5665f6 
Dealt to dee2ab1c 
Dealt to c8c6480b 
Dealt to Hero [5h Ts]
Dealt to bc21c036 
Dealt to e3806eef 
c8c6480b: folds
Hero: folds
bc21c036: folds
e3806eef: folds
9b5665f6: folds
Uncalled bet ($0.03) returned to dee2ab1c
*** SHOWDOWN ***
dee2ab1c collected $0.04 from pot
*** SUMMARY ***
Total pot $0.04 | Rake $0 | Jackpot $0 | Bingo $0 | Fortune $0 | Tax $0
Seat 1: 9b5665f6 (small blind) folded before Flop
Seat 2: dee2ab1c (big blind) collected ($0.04)
Seat 3: c8c6480b folded before Flop (didn't bet)
Seat 4: Hero folded before Flop (didn't bet)
Seat 5: bc21c036 folded before Flop (didn't bet)
Seat 6: e3806eef (button) folded before Flop (didn't bet)


Poker Hand #HD1597188281: Hold'em No Limit ($0.02/$0.05) - 2024/01/20 11:45:15
Table 'NLHBlue31' 6-max Seat #5 is the button
Seat 1: 9b5665f6 ($10.21 in chips)
Seat 2: dee2ab1c ($5 in chips)
Seat 3: c8c6480b ($4.33 in chips)
Seat 4: Hero ($5.32 in chips)
Seat 5: bc21c036 ($5.49 in chips)
Seat 6: e3806eef ($14.81 in chips)
e3806eef: posts small blind $0.02
9b5665f6: posts big blind $0.05
*** HOLE CARDS ***
Dealt to 9b5665f6 
Dealt to dee2ab1c 
Dealt to c8c6480b 
Dealt to Hero [4s 8c]
Dealt to bc21c036 
Dealt to e3806eef 
dee2ab1c: folds
c8c6480b: folds
Hero: folds
bc21c036: folds
e3806eef: raises $0.1 to $0.15
9b5665f6: folds
Uncalled bet ($0.1) returned to e3806eef
*** SHOWDOWN ***
e3806eef collected $0.1 from pot
*** SUMMARY ***
Total pot $0.1 | Rake $0 | Jackpot $0 | Bingo $0 | Fortune $0 | Tax $0
Seat 1: 9b5665f6 (big blind) folded before Flop
Seat 2: dee2ab1c folded before Flop (didn't bet)
Seat 3: c8c6480b folded before Flop (didn't bet)
Seat 4: Hero folded before Flop (didn't bet)
Seat 5: bc21c036 (button) folded before Flop (didn't bet)
Seat 6: e3806eef (small blind) collected ($0.1)


Poker Hand #HD1597188179: Hold'em No Limit ($0.02/$0.05) - 2024/01/20 11:44:10
Table 'NLHBlue31' 6-max Seat #4 is the button
Seat 1: 9b5665f6 ($10.21 in chips)
Seat 2: dee2ab1c ($5 in chips)
Seat 3: c8c6480b ($4.33 in chips)
Seat 4: Hero ($5.32 in chips)
Seat 5: bc21c036 ($5.79 in chips)
Seat 6: e3806eef ($14.54 in chips)
bc21c036: posts small blind $0.02
e3806eef: posts big blind $0.05
*** HOLE CARDS ***
Dealt to 9b5665f6 
Dealt to dee2ab1c 
Dealt to c8c6480b 
Dealt to Hero [Qd 3c]
Dealt to bc21c036 
Dealt to e3806eef 
9b5665f6: folds
dee2ab1c: folds
c8c6480b: folds
Hero: folds
bc21c036: raises $0.1 to $0.15
e3806eef: calls $0.1
*** FLOP *** [4d 8s Qc]
bc21c036: bets $0.15
e3806eef: calls $0.15
*** TURN *** [4d 8s Qc] [6d]
bc21c036: checks
e3806eef: checks
*** RIVER *** [4d 8s Qc 6d] [7d]
bc21c036: checks
e3806eef: bets $0.32
bc21c036: folds
Uncalled bet ($0.32) returned to e3806eef
*** SHOWDOWN ***
e3806eef collected $0.57 from pot
*** SUMMARY ***
Total pot $0.6 | Rake $0.03 | Jackpot $0 | Bingo $0 | Fortune $0 | Tax $0
Board [4d 8s Qc 6d 7d]
Seat 1: 9b5665f6 folded before Flop (didn't bet)
Seat 2: dee2ab1c folded before Flop (didn't bet)
Seat 3: c8c6480b folded before Flop (didn't bet)
Seat 4: Hero (button) folded before Flop (didn't bet)
Seat 5: bc21c036 (small blind) folded on the River
Seat 6: e3806eef (big blind) won ($0.57)


Poker Hand #HD1597188138: Hold'em No Limit ($0.02/$0.05) - 2024/01/20 11:43:36
Table 'NLHBlue31' 6-max Seat #3 is the button
Seat 1: 9b5665f6 ($10.21 in chips)
Seat 2: dee2ab1c ($5 in chips)
Seat 3: c8c6480b ($3.73 in chips)
Seat 4: Hero ($5.93 in chips)
Seat 5: bc21c036 ($5.84 in chips)
Seat 6: e3806eef ($14.54 in chips)
Hero: posts small blind $0.02
bc21c036: posts big blind $0.05
*** HOLE CARDS ***
Dealt to 9b5665f6 
Dealt to dee2ab1c 
Dealt to c8c6480b 
Dealt to Hero [Qh Th]
Dealt to bc21c036 
Dealt to e3806eef 
e3806eef: folds
9b5665f6: folds
dee2ab1c: folds
c8c6480b: raises $0.1 to $0.15
Hero: raises $0.46 to $0.61
bc21c036: folds
c8c6480b: calls $0.46
*** FLOP *** [3d 3c 4d]
Hero: checks
c8c6480b: bets $0.64
Hero: folds
Uncalled bet ($0.64) returned to c8c6480b
*** SHOWDOWN ***
c8c6480b collected $1.21 from pot
*** SUMMARY ***
Total pot $1.27 | Rake $0.06 | Jackpot $0 | Bingo $0 | Fortune $0 | Tax $0
Board [3d 3c 4d]
Seat 1: 9b5665f6 folded before Flop (didn't bet)
Seat 2: dee2ab1c folded before Flop (didn't bet)
Seat 3: c8c6480b (button) won ($1.21)
Seat 4: Hero (small blind) folded on the Flop
Seat 5: bc21c036 (big blind) folded before Flop
Seat 6: e3806eef folded before Flop (didn't bet)


Poker Hand #HD1597188062: Hold'em No Limit ($0.02/$0.05) - 2024/01/20 11:42:38
Table 'NLHBlue31' 6-max Seat #2 is the button
Seat 1: 9b5665f6 ($10.21 in chips)
Seat 2: dee2ab1c ($5 in chips)
Seat 3: c8c6480b ($4.31 in chips)
Seat 4: Hero ($5.31 in chips)
Seat 5: bc21c036 ($5.84 in chips)
Seat 6: e3806eef ($14.54 in chips)
c8c6480b: posts small blind $0.02
Hero: posts big blind $0.05
*** HOLE CARDS ***
Dealt to 9b5665f6 
Dealt to dee2ab1c 
Dealt to c8c6480b 
Dealt to Hero [As 9c]
Dealt to bc21c036 
Dealt to e3806eef 
bc21c036: folds
e3806eef: folds
9b5665f6: folds
dee2ab1c: raises $0.05 to $0.1
c8c6480b: calls $0.08
Hero: calls $0.05
*** FLOP *** [6d Td Ad]
c8c6480b: checks
Hero: checks
dee2ab1c: checks
*** TURN *** [6d Td Ad] [Ac]
c8c6480b: bets $0.15
Hero: calls $0.15
dee2ab1c: folds
*** RIVER *** [6d Td Ad Ac] [Qh]
c8c6480b: checks
Hero: bets $0.33
c8c6480b: calls $0.33
Hero: shows [As 9c] (Three Aces)
c8c6480b: shows [Tc 8s] (Pair of Aces and Pair of Tens)
*** SHOWDOWN ***
Hero collected $1.2 from pot
*** SUMMARY ***
Total pot $1.26 | Rake $0.06 | Jackpot $0 | Bingo $0 | Fortune $0 | Tax $0
Board [6d Td Ad Ac Qh]
Seat 1: 9b5665f6 folded before Flop (didn't bet)
Seat 2: dee2ab1c (button) folded on the Turn
Seat 3: c8c6480b (small blind) showed [Tc 8s] and lost with Pair of Aces and Pair of Tens
Seat 4: Hero (big blind) showed [As 9c] and won ($1.2) with Three Aces
Seat 5: bc21c036 folded before Flop (didn't bet)
Seat 6: e3806eef folded before Flop (didn't bet)


Poker Hand #HD1597188003: Hold'em No Limit ($0.02/$0.05) - 2024/01/20 11:41:55
Table 'NLHBlue31' 6-max Seat #1 is the button
Seat 1: 9b5665f6 ($7.81 in chips)
Seat 2: dee2ab1c ($5.02 in chips)
Seat 3: c8c6480b ($5.21 in chips)
Seat 4: Hero ($5.31 in chips)
Seat 5: bc21c036 ($5.84 in chips)
Seat 6: e3806eef ($14.54 in chips)
dee2ab1c: posts small blind $0.02
c8c6480b: posts big blind $0.05
*** HOLE CARDS ***
Dealt to 9b5665f6 
Dealt to dee2ab1c 
Dealt to c8c6480b 
Dealt to Hero [9h Qs]
Dealt to bc21c036 
Dealt to e3806eef 
Hero: folds
bc21c036: folds
e3806eef: folds
9b5665f6: raises $0.1 to $0.15
dee2ab1c: folds
c8c6480b: calls $0.1
*** FLOP *** [Jd Jc 6d]
c8c6480b: checks
9b5665f6: bets $0.11
c8c6480b: raises $0.27 to $0.38
9b5665f6: calls $0.27
*** TURN *** [Jd Jc 6d] [6c]
c8c6480b: bets $0.81
9b5665f6: calls $0.81
*** RIVER *** [Jd Jc 6d 6c] [Qh]
c8c6480b: bets $1.35
9b5665f6: calls $1.35
c8c6480b: shows [8h 8s] (Pair of Jacks and Pair of Eights)
9b5665f6: shows [Ks Kc] (Pair of Kings and Pair of Jacks)
*** SHOWDOWN ***
9b5665f6 collected $5.09 from pot
*** SUMMARY ***
Total pot $5.4 | Rake $0.26 | Jackpot $0.05 | Bingo $0 | Fortune $0 | Tax $0
Board [Jd Jc 6d 6c Qh]
Seat 1: 9b5665f6 (button) showed [Ks Kc] and won ($5.09) with Pair of Kings and Pair of Jacks
Seat 2: dee2ab1c (small blind) folded before Flop
Seat 3: c8c6480b (big blind) showed [8h 8s] and lost with Pair of Jacks and Pair of Eights
Seat 4: Hero folded before Flop (didn't bet)
Seat 5: bc21c036 folded before Flop (didn't bet)
Seat 6: e3806eef folded before Flop (didn't bet)


Poker Hand #HD1597187983: Hold'em No Limit ($0.02/$0.05) - 2024/01/20 11:41:37
Table 'NLHBlue31' 6-max Seat #6 is the button
Seat 1: 9b5665f6 ($7.83 in chips)
Seat 2: dee2ab1c ($5 in chips)
Seat 3: c8c6480b ($5.21 in chips)
Seat 4: Hero ($5.31 in chips)
Seat 5: bc21c036 ($5.84 in chips)
Seat 6: e3806eef ($14.54 in chips)
9b5665f6: posts small blind $0.02
dee2ab1c: posts big blind $0.05
*** HOLE CARDS ***
Dealt to 9b5665f6 
Dealt to dee2ab1c 
Dealt to c8c6480b 
Dealt to Hero [8c 4s]
Dealt to bc21c036 
Dealt to e3806eef 
c8c6480b: folds
Hero: folds
bc21c036: folds
e3806eef: folds
9b5665f6: folds
Uncalled bet ($0.03) returned to dee2ab1c
*** SHOWDOWN ***
dee2ab1c collected $0.04 from pot
*** SUMMARY ***
Total pot $0.04 | Rake $0 | Jackpot $0 | Bingo $0 | Fortune $0 | Tax $0
Seat 1: 9b5665f6 (small blind) folded before Flop
Seat 2: dee2ab1c (big blind) collected ($0.04)
Seat 3: c8c6480b folded before Flop (didn't bet)
Seat 4: Hero folded before Flop (didn't bet)
Seat 5: bc21c036 folded before Flop (didn't bet)
Seat 6: e3806eef (button) folded before Flop (didn't bet)


Poker Hand #HD1597187957: Hold'em No Limit ($0.02/$0.05) - 2024/01/20 11:41:19
Table 'NLHBlue31' 6-max Seat #5 is the button
Seat 1: 9b5665f6 ($7.81 in chips)
Seat 2: dee2ab1c ($5 in chips)
Seat 3: c8c6480b ($5.21 in chips)
Seat 4: Hero ($5.31 in chips)
Seat 5: bc21c036 ($5.84 in chips)
Seat 6: e3806eef ($14.56 in chips)
e3806eef: posts small blind $0.02
9b5665f6: posts big blind $0.05
*** HOLE CARDS ***
Dealt to 9b5665f6 
Dealt to dee2ab1c 
Dealt to c8c6480b 
Dealt to Hero [Kh 7h]
Dealt to bc21c036 
Dealt to e3806eef 
dee2ab1c: folds
c8c6480b: folds
Hero: folds
bc21c036: folds
e3806eef: folds
Uncalled bet ($0.03) returned to 9b5665f6
*** SHOWDOWN ***
9b5665f6 collected $0.04 from pot
*** SUMMARY ***
Total pot $0.04 | Rake $0 | Jackpot $0 | Bingo $0 | Fortune $0 | Tax $0
Seat 1: 9b5665f6 (big blind) collected ($0.04)
Seat 2: dee2ab1c folded before Flop (didn't bet)
Seat 3: c8c6480b folded before Flop (didn't bet)
Seat 4: Hero folded before Flop (didn't bet)
Seat 5: bc21c036 (button) folded before Flop (didn't bet)
Seat 6: e3806eef (small blind) folded before Flop


Poker Hand #HD1597187864: Hold'em No Limit ($0.02/$0.05) - 2024/01/20 11:40:06
Table 'NLHBlue31' 6-max Seat #4 is the button
Seat 1: 9b5665f6 ($7.81 in chips)
Seat 2: dee2ab1c ($5.1 in chips)
Seat 3: c8c6480b ($5 in chips)
Seat 4: Hero ($5.31 in chips)
Seat 5: bc21c036 ($5.86 in chips)
Seat 6: e3806eef ($14.66 in chips)
bc21c036: posts small blind $0.02
e3806eef: posts big blind $0.05
c8c6480b: posts big blind $0.05
*** HOLE CARDS ***
Dealt to 9b5665f6 
Dealt to dee2ab1c 
Dealt to c8c6480b 
Dealt to Hero [2s Ad]
Dealt to bc21c036 
Dealt to e3806eef 
9b5665f6: folds
dee2ab1c: raises $0.05 to $0.1
c8c6480b: calls $0.05
Hero: folds
bc21c036: folds
e3806eef: calls $0.05
*** FLOP *** [As 6h Td]
e3806eef: checks
dee2ab1c: checks
c8c6480b: bets $0.16
e3806eef: folds
dee2ab1c: folds
Uncalled bet ($0.16) returned to c8c6480b
*** SHOWDOWN ***
c8c6480b collected $0.31 from pot
*** SUMMARY ***
Total pot $0.32 | Rake $0.01 | Jackpot $0 | Bingo $0 | Fortune $0 | Tax $0
Board [As 6h Td]
Seat 1: 9b5665f6 folded before Flop (didn't bet)
Seat 2: dee2ab1c folded on the Flop
Seat 3: c8c6480b won ($0.31)
Seat 4: Hero (button) folded before Flop (didn't bet)
Seat 5: bc21c036 (small blind) folded before Flop
Seat 6: e3806eef (big blind) folded on the Flop


Poker Hand #HD1597187747: Hold'em No Limit ($0.02/$0.05) - 2024/01/20 11:38:45
Table 'NLHBlue31' 6-max Seat #2 is the button
Seat 1: 9b5665f6 ($7.81 in chips)
Seat 2: dee2ab1c ($5.1 in chips)
Seat 4: Hero ($5.33 in chips)
Seat 5: bc21c036 ($5.19 in chips)
Seat 6: e3806eef ($15.38 in chips)
Hero: posts small blind $0.02
bc21c036: posts big blind $0.05
*** HOLE CARDS ***
Dealt to 9b5665f6 
Dealt to dee2ab1c 
Dealt to Hero [6c 7s]
Dealt to bc21c036 
Dealt to e3806eef 
e3806eef: raises $0.07 to $0.12
9b5665f6: folds
dee2ab1c: folds
Hero: folds
bc21c036: calls $0.07
*** FLOP *** [4c 6d 9d]
bc21c036: checks
e3806eef: bets $0.16
bc21c036: calls $0.16
*** TURN *** [4c 6d 9d] [Th]
bc21c036: checks
e3806eef: bets $0.44
bc21c036: raises $0.61 to $1.05
e3806eef: folds
Uncalled bet ($0.61) returned to bc21c036
*** SHOWDOWN ***
bc21c036 collected $1.39 from pot
*** SUMMARY ***
Total pot $1.46 | Rake $0.07 | Jackpot $0 | Bingo $0 | Fortune $0 | Tax $0
Board [4c 6d 9d Th]
Seat 1: 9b5665f6 folded before Flop (didn't bet)
Seat 2: dee2ab1c (button) folded before Flop (didn't bet)
Seat 4: Hero (small blind) folded before Flop
Seat 5: bc21c036 (big blind) won ($1.39)
Seat 6: e3806eef folded on the Turn


Poker Hand #HD1597187674: Hold'em No Limit ($0.02/$0.05) - 2024/01/20 11:37:56
Table 'NLHBlue31' 6-max Seat #1 is the button
Seat 1: 9b5665f6 ($7.81 in chips)
Seat 2: dee2ab1c ($5.25 in chips)
Seat 4: Hero ($5.38 in chips)
Seat 5: bc21c036 ($5 in chips)
Seat 6: e3806eef ($15.38 in chips)
dee2ab1c: posts small blind $0.02
Hero: posts big blind $0.05
*** HOLE CARDS ***
Dealt to 9b5665f6 
Dealt to dee2ab1c 
Dealt to Hero [5c 3h]
Dealt to bc21c036 
Dealt to e3806eef 
bc21c036: raises $0.1 to $0.15
e3806eef: folds
9b5665f6: folds
dee2ab1c: calls $0.13
Hero: folds
*** FLOP *** [6s 7s 2h]
dee2ab1c: checks
bc21c036: checks
*** TURN *** [6s 7s 2h] [Qd]
dee2ab1c: checks
bc21c036: bets $0.18
dee2ab1c: folds
Uncalled bet ($0.18) returned to bc21c036
*** SHOWDOWN ***
bc21c036 collected $0.34 from pot
*** SUMMARY ***
Total pot $0.35 | Rake $0.01 | Jackpot $0 | Bingo $0 | Fortune $0 | Tax $0
Board [6s 7s 2h Qd]
Seat 1: 9b5665f6 (button) folded before Flop (didn't bet)
Seat 2: dee2ab1c (small blind) folded on the Turn
Seat 4: Hero (big blind) folded before Flop
Seat 5: bc21c036 won ($0.34)
Seat 6: e3806eef folded before Flop (didn't bet)


Poker Hand #HD1597187610: Hold'em No Limit ($0.02/$0.05) - 2024/01/20 11:37:05
Table 'NLHBlue31' 6-max Seat #6 is the button
Seat 1: 9b5665f6 ($7.83 in chips)
Seat 2: dee2ab1c ($5 in chips)
Seat 4: Hero ($5.38 in chips)
Seat 5: bc21c036 ($5 in chips)
Seat 6: e3806eef ($15.63 in chips)
9b5665f6: posts small blind $0.02
dee2ab1c: posts big blind $0.05
*** HOLE CARDS ***
Dealt to 9b5665f6 
Dealt to dee2ab1c 
Dealt to Hero [Jd 5h]
Dealt to bc21c036 
Dealt to e3806eef 
Hero: folds
bc21c036: folds
e3806eef: raises $0.07 to $0.12
9b5665f6: folds
dee2ab1c: calls $0.07
*** FLOP *** [9d Jh 8h]
dee2ab1c: checks
e3806eef: checks
*** TURN *** [9d Jh 8h] [6c]
dee2ab1c: bets $0.13
e3806eef: calls $0.13
*** RIVER *** [9d Jh 8h 6c] [2d]
dee2ab1c: bets $0.13
e3806eef: folds
Uncalled bet ($0.13) returned to dee2ab1c
*** SHOWDOWN ***
dee2ab1c collected $0.5 from pot
*** SUMMARY ***
Total pot $0.52 | Rake $0.02 | Jackpot $0 | Bingo $0 | Fortune $0 | Tax $0
Board [9d Jh 8h 6c 2d]
Seat 1: 9b5665f6 (small blind) folded before Flop
Seat 2: dee2ab1c (big blind) won ($0.5)
Seat 4: Hero folded before Flop (didn't bet)
Seat 5: bc21c036 folded before Flop (didn't bet)
Seat 6: e3806eef (button) folded on the River


Poker Hand #HD1597187586: Hold'em No Limit ($0.02/$0.05) - 2024/01/20 11:36:51
Table 'NLHBlue31' 6-max Seat #5 is the button
Seat 1: 9b5665f6 ($7.88 in chips)
Seat 4: Hero ($5.38 in chips)
Seat 5: bc21c036 ($1.8 in chips)
Seat 6: e3806eef ($15.65 in chips)
e3806eef: posts small blind $0.02
9b5665f6: posts big blind $0.05
*** HOLE CARDS ***
Dealt to 9b5665f6 
Dealt to Hero [6s 3h]
Dealt to bc21c036 
Dealt to e3806eef 
Hero: folds
bc21c036: raises $0.1 to $0.15
e3806eef: folds
9b5665f6: folds
Uncalled bet ($0.1) returned to bc21c036
*** SHOWDOWN ***
bc21c036 collected $0.12 from pot
*** SUMMARY ***
Total pot $0.12 | Rake $0 | Jackpot $0 | Bingo $0 | Fortune $0 | Tax $0
Seat 1: 9b5665f6 (big blind) folded before Flop
Seat 4: Hero folded before Flop (didn't bet)
Seat 5: bc21c036 (button) collected ($0.12)
Seat 6: e3806eef (small blind) folded before Flop


Poker Hand #HD1597187569: Hold'em No Limit ($0.02/$0.05) - 2024/01/20 11:36:43
Table 'NLHBlue31' 6-max Seat #4 is the button
Seat 1: 9b5665f6 ($7.88 in chips)
Seat 4: Hero ($5.38 in chips)
Seat 5: bc21c036 ($1.82 in chips)
Seat 6: e3806eef ($15.63 in chips)
bc21c036: posts small blind $0.02
e3806eef: posts big blind $0.05
*** HOLE CARDS ***
Dealt to 9b5665f6 
Dealt to Hero [2h 6d]
Dealt to bc21c036 
Dealt to e3806eef 
9b5665f6: folds
Hero: folds
bc21c036: folds
Uncalled bet ($0.03) returned to e3806eef
*** SHOWDOWN ***
e3806eef collected $0.04 from pot
*** SUMMARY ***
Total pot $0.04 | Rake $0 | Jackpot $0 | Bingo $0 | Fortune $0 | Tax $0
Seat 1: 9b5665f6 folded before Flop (didn't bet)
Seat 4: Hero (button) folded before Flop (didn't bet)
Seat 5: bc21c036 (small blind) folded before Flop
Seat 6: e3806eef (big blind) collected ($0.04)


Poker Hand #HD1597187449: Hold'em No Limit ($0.02/$0.05) - 2024/01/20 11:35:21
Table 'NLHBlue31' 6-max Seat #1 is the button
Seat 1: 9b5665f6 ($5.32 in chips)
Seat 4: Hero ($5.4 in chips)
Seat 5: bc21c036 ($4.69 in chips)
Seat 6: e3806eef ($15.63 in chips)
Hero: posts small blind $0.02
bc21c036: posts big blind $0.05
*** HOLE CARDS ***
Dealt to 9b5665f6 
Dealt to Hero [7c 2d]
Dealt to bc21c036 
Dealt to e3806eef 
e3806eef: folds
9b5665f6: raises $0.1 to $0.15
Hero: folds
bc21c036: raises $0.24 to $0.39
9b5665f6: calls $0.24
*** FLOP *** [Th Ts 5h]
bc21c036: bets $0.4
9b5665f6: calls $0.4
*** TURN *** [Th Ts 5h] [5c]
bc21c036: checks
9b5665f6: checks
*** RIVER *** [Th Ts 5h 5c] [Js]
bc21c036: checks
9b5665f6: bets $2.08
bc21c036: calls $2.08
9b5665f6: shows [5s 5d] (Four Fives)
bc21c036: shows [Jh Kh] (Pair of Jacks and Pair of Tens)
*** SHOWDOWN ***
9b5665f6 collected $5.43 from pot
*** SUMMARY ***
Total pot $5.76 | Rake $0.28 | Jackpot $0.05 | Bingo $0 | Fortune $0 | Tax $0
Board [Th Ts 5h 5c Js]
Seat 1: 9b5665f6 (button) showed [5s 5d] and won ($5.43) with Four Fives
Seat 4: Hero (small blind) folded before Flop
Seat 5: bc21c036 (big blind) showed [Jh Kh] and lost with Pair of Jacks and Pair of Tens
Seat 6: e3806eef folded before Flop (didn't bet)


Poker Hand #HD1597187442: Hold'em No Limit ($0.02/$0.05) - 2024/01/20 11:35:13
Table 'NLHBlue31' 6-max Seat #6 is the button
Seat 1: 9b5665f6 ($5.27 in chips)
Seat 4: Hero ($5.45 in chips)
Seat 5: bc21c036 ($4.69 in chips)
Seat 6: e3806eef ($15.63 in chips)
9b5665f6: posts small blind $0.02
Hero: posts big blind $0.05
*** HOLE CARDS ***
Dealt to 9b5665f6 
Dealt to Hero [9s 4s]
Dealt to bc21c036 
Dealt to e3806eef 
bc21c036: folds
e3806eef: folds
9b5665f6: raises $0.1 to $0.15
Hero: folds
Uncalled bet ($0.1) returned to 9b5665f6
*** SHOWDOWN ***
9b5665f6 collected $0.1 from pot
*** SUMMARY ***
Total pot $0.1 | Rake $0 | Jackpot $0 | Bingo $0 | Fortune $0 | Tax $0
Seat 1: 9b5665f6 (small blind) collected ($0.1)
Seat 4: Hero (big blind) folded before Flop
Seat 5: bc21c036 folded before Flop (didn't bet)
Seat 6: e3806eef (button) folded before Flop (didn't bet)


Poker Hand #HD1597187404: Hold'em No Limit ($0.02/$0.05) - 2024/01/20 11:34:44
Table 'NLHBlue31' 6-max Seat #5 is the button
Seat 1: 9b5665f6 ($5.14 in chips)
Seat 3: dfac0c21 ($5 in chips)
Seat 4: Hero ($5.57 in chips)
Seat 5: bc21c036 ($4.69 in chips)
Seat 6: e3806eef ($15.65 in chips)
e3806eef: posts small blind $0.02
9b5665f6: posts big blind $0.05
*** HOLE CARDS ***
Dealt to 9b5665f6 
Dealt to dfac0c21 
Dealt to Hero [Ah 4h]
Dealt to bc21c036 
Dealt to e3806eef 
dfac0c21: folds
Hero: raises $0.07 to $0.12
bc21c036: folds
e3806eef: folds
9b5665f6: raises $0.34 to $0.46
Hero: folds
Uncalled bet ($0.34) returned to 9b5665f6
*** SHOWDOWN ***
9b5665f6 collected $0.25 from pot
*** SUMMARY ***
Total pot $0.26 | Rake $0.01 | Jackpot $0 | Bingo $0 | Fortune $0 | Tax $0
Seat 1: 9b5665f6 (big blind) collected ($0.25)
Seat 3: dfac0c21 folded before Flop (didn't bet)
Seat 4: Hero folded before Flop
Seat 5: bc21c036 (button) folded before Flop (didn't bet)
Seat 6: e3806eef (small blind) folded before Flop


Poker Hand #HD1597187317: Hold'em No Limit ($0.02/$0.05) - 2024/01/20 11:33:38
Table 'NLHBlue31' 6-max Seat #4 is the button
Seat 1: 9b5665f6 ($5.14 in chips)
Seat 2: da0bbb6b ($5.31 in chips)
Seat 3: dfac0c21 ($5 in chips)
Seat 4: Hero ($5.57 in chips)
Seat 5: bc21c036 ($4.71 in chips)
Seat 6: e3806eef ($12.11 in chips)
bc21c036: posts small blind $0.02
e3806eef: posts big blind $0.05
*** HOLE CARDS ***
Dealt to 9b5665f6 
Dealt to da0bbb6b 
Dealt to dfac0c21 
Dealt to Hero [7c 5d]
Dealt to bc21c036 
Dealt to e3806eef 
9b5665f6: folds
da0bbb6b: raises $0.05 to $0.1
dfac0c21: folds
Hero: folds
bc21c036: folds
e3806eef: raises $0.3 to $0.4
da0bbb6b: calls $0.3
*** FLOP *** [7s 2c Kh]
e3806eef: bets $0.46
da0bbb6b: raises $0.58 to $1.04
e3806eef: calls $0.58
*** TURN *** [7s 2c Kh] [6h]
e3806eef: checks
da0bbb6b: bets $3.87 and is all-in
e3806eef: calls $3.87
da0bbb6b: shows [Tc Kc] (Pair of Kings)
e3806eef: shows [Ad Ac] (Pair of Aces)
e3806eef: Chooses to EV Cashout 
*** RIVER *** [7s 2c Kh 6h] [2h]
e3806eef: Pays Cashout Risk ($1.24)
*** SHOWDOWN ***
e3806eef collected $10.09 from pot
*** SUMMARY ***
Total pot $10.64 | Rake $0.5 | Jackpot $0.05 | Bingo $0 | Fortune $0 | Tax $0
Board [7s 2c Kh 6h 2h]
Seat 1: 9b5665f6 folded before Flop (didn't bet)
Seat 2: da0bbb6b showed [Tc Kc] and lost with Pair of Kings and Pair of Twos
Seat 3: dfac0c21 folded before Flop (didn't bet)
Seat 4: Hero (button) folded before Flop (didn't bet)
Seat 5: bc21c036 (small blind) folded before Flop
Seat 6: e3806eef (big blind) showed [Ad Ac] and won ($10.09) with Pair of Aces and Pair of Twos, Cashout Risk ($1.24)


Poker Hand #HD1597187236: Hold'em No Limit ($0.02/$0.05) - 2024/01/20 11:32:54
Table 'NLHBlue31' 6-max Seat #3 is the button
Seat 1: 9b5665f6 ($5.14 in chips)
Seat 2: da0bbb6b ($5.08 in chips)
Seat 3: dfac0c21 ($5 in chips)
Seat 4: Hero ($5.59 in chips)
Seat 5: bc21c036 ($4.94 in chips)
Seat 6: e3806eef ($12.11 in chips)
Hero: posts small blind $0.02
bc21c036: posts big blind $0.05
*** HOLE CARDS ***
Dealt to 9b5665f6 
Dealt to da0bbb6b 
Dealt to dfac0c21 
Dealt to Hero [6s 4h]
Dealt to bc21c036 
Dealt to e3806eef 
e3806eef: folds
9b5665f6: folds
da0bbb6b: calls $0.05
dfac0c21: folds
Hero: folds
bc21c036: checks
*** FLOP *** [Js 4s Ah]
bc21c036: bets $0.06
da0bbb6b: calls $0.06
*** TURN *** [Js 4s Ah] [4d]
bc21c036: checks
da0bbb6b: checks
*** RIVER *** [Js 4s Ah 4d] [Ad]
bc21c036: bets $0.12
da0bbb6b: calls $0.12
bc21c036: shows [Td 6c] (Pair of Aces and Pair of Fours)
da0bbb6b: shows [Kc 2c] (Pair of Aces and Pair of Fours)
*** SHOWDOWN ***
da0bbb6b collected $0.46 from pot
*** SUMMARY ***
Total pot $0.48 | Rake $0.02 | Jackpot $0 | Bingo $0 | Fortune $0 | Tax $0
Board [Js 4s Ah 4d Ad]
Seat 1: 9b5665f6 folded before Flop (didn't bet)
Seat 2: da0bbb6b showed [Kc 2c] and won ($0.46) with Pair of Aces and Pair of Fours
Seat 3: dfac0c21 (button) folded before Flop (didn't bet)
Seat 4: Hero (small blind) folded before Flop
Seat 5: bc21c036 (big blind) showed [Td 6c] and lost with Pair of Aces and Pair of Fours
Seat 6: e3806eef folded before Flop (didn't bet)


Poker Hand #HD1597187217: Hold'em No Limit ($0.02/$0.05) - 2024/01/20 11:32:37
Table 'NLHBlue31' 6-max Seat #2 is the button
Seat 1: 9b5665f6 ($5.14 in chips)
Seat 2: da0bbb6b ($5.01 in chips)
Seat 3: dfac0c21 ($5.02 in chips)
Seat 4: Hero ($5.64 in chips)
Seat 5: bc21c036 ($4.94 in chips)
Seat 6: e3806eef ($12.11 in chips)
dfac0c21: posts small blind $0.02
Hero: posts big blind $0.05
*** HOLE CARDS ***
Dealt to 9b5665f6 
Dealt to da0bbb6b 
Dealt to dfac0c21 
Dealt to Hero [9c 8s]
Dealt to bc21c036 
Dealt to e3806eef 
bc21c036: folds
e3806eef: folds
9b5665f6: folds
da0bbb6b: raises $0.05 to $0.1
dfac0c21: folds
Hero: folds
Uncalled bet ($0.05) returned to da0bbb6b
*** SHOWDOWN ***
da0bbb6b collected $0.12 from pot
*** SUMMARY ***
Total pot $0.12 | Rake $0 | Jackpot $0 | Bingo $0 | Fortune $0 | Tax $0
Seat 1: 9b5665f6 folded before Flop (didn't bet)
Seat 2: da0bbb6b (button) collected ($0.12)
Seat 3: dfac0c21 (small blind) folded before Flop
Seat 4: Hero (big blind) folded before Flop
Seat 5: bc21c036 folded before Flop (didn't bet)
Seat 6: e3806eef folded before Flop (didn't bet)


Poker Hand #HD1597187157: Hold'em No Limit ($0.02/$0.05) - 2024/01/20 11:31:50
Table 'NLHBlue31' 6-max Seat #1 is the button
Seat 1: 9b5665f6 ($5.14 in chips)
Seat 2: da0bbb6b ($5.13 in chips)
Seat 3: dfac0c21 ($5.07 in chips)
Seat 4: Hero ($5.64 in chips)
Seat 5: bc21c036 ($4.94 in chips)
Seat 6: e3806eef ($11.95 in chips)
da0bbb6b: posts small blind $0.02
dfac0c21: posts big blind $0.05
*** HOLE CARDS ***
Dealt to 9b5665f6 
Dealt to da0bbb6b 
Dealt to dfac0c21 
Dealt to Hero [Th 6s]
Dealt to bc21c036 
Dealt to e3806eef 
Hero: folds
bc21c036: folds
e3806eef: raises $0.07 to $0.12
9b5665f6: folds
da0bbb6b: calls $0.1
dfac0c21: folds
*** FLOP *** [Jh Jd 5h]
da0bbb6b: checks
e3806eef: checks
*** TURN *** [Jh Jd 5h] [7c]
da0bbb6b: checks
e3806eef: bets $0.16
da0bbb6b: folds
Uncalled bet ($0.16) returned to e3806eef
*** SHOWDOWN ***
e3806eef collected $0.28 from pot
*** SUMMARY ***
Total pot $0.29 | Rake $0.01 | Jackpot $0 | Bingo $0 | Fortune $0 | Tax $0
Board [Jh Jd 5h 7c]
Seat 1: 9b5665f6 (button) folded before Flop (didn't bet)
Seat 2: da0bbb6b (small blind) folded on the Turn
Seat 3: dfac0c21 (big blind) folded before Flop
Seat 4: Hero folded before Flop (didn't bet)
Seat 5: bc21c036 folded before Flop (didn't bet)
Seat 6: e3806eef won ($0.28)


Poker Hand #HD1597187112: Hold'em No Limit ($0.02/$0.05) - 2024/01/20 11:31:20
Table 'NLHBlue31' 6-max Seat #6 is the button
Seat 1: 9b5665f6 ($5.16 in chips)
Seat 2: da0bbb6b ($5.18 in chips)
Seat 3: dfac0c21 ($5.07 in chips)
Seat 4: Hero ($5.57 in chips)
Seat 5: bc21c036 ($4.94 in chips)
Seat 6: e3806eef ($11.95 in chips)
9b5665f6: posts small blind $0.02
da0bbb6b: posts big blind $0.05
*** HOLE CARDS ***
Dealt to 9b5665f6 
Dealt to da0bbb6b 
Dealt to dfac0c21 
Dealt to Hero [Kc Kh]
Dealt to bc21c036 
Dealt to e3806eef 
dfac0c21: folds
Hero: raises $0.07 to $0.12
bc21c036: folds
e3806eef: folds
9b5665f6: folds
da0bbb6b: folds
Uncalled bet ($0.07) returned to Hero
*** SHOWDOWN ***
Hero collected $0.12 from pot
*** SUMMARY ***
Total pot $0.12 | Rake $0 | Jackpot $0 | Bingo $0 | Fortune $0 | Tax $0
Seat 1: 9b5665f6 (small blind) folded before Flop
Seat 2: da0bbb6b (big blind) folded before Flop
Seat 3: dfac0c21 folded before Flop (didn't bet)
Seat 4: Hero collected ($0.12)
Seat 5: bc21c036 folded before Flop (didn't bet)
Seat 6: e3806eef (button) folded before Flop (didn't bet)


Poker Hand #HD1597187043: Hold'em No Limit ($0.02/$0.05) - 2024/01/20 11:30:37
Table 'NLHBlue31' 6-max Seat #5 is the button
Seat 1: 9b5665f6 ($5 in chips)
Seat 2: da0bbb6b ($5.18 in chips)
Seat 3: dfac0c21 ($5.07 in chips)
Seat 4: Hero ($5.57 in chips)
Seat 5: bc21c036 ($5.09 in chips)
Seat 6: e3806eef ($11.97 in chips)
e3806eef: posts small blind $0.02
9b5665f6: posts big blind $0.05
*** HOLE CARDS ***
Dealt to 9b5665f6 
Dealt to da0bbb6b 
Dealt to dfac0c21 
Dealt to Hero [9c Th]
Dealt to bc21c036 
Dealt to e3806eef 
da0bbb6b: folds
dfac0c21: folds
Hero: folds
bc21c036: raises $0.1 to $0.15
e3806eef: folds
9b5665f6: calls $0.1
*** FLOP *** [4h Jd Ad]
9b5665f6: checks
bc21c036: checks
*** TURN *** [4h Jd Ad] [9d]
9b5665f6: bets $0.24
bc21c036: folds
Uncalled bet ($0.24) returned to 9b5665f6
*** SHOWDOWN ***
9b5665f6 collected $0.31 from pot
*** SUMMARY ***
Total pot $0.32 | Rake $0.01 | Jackpot $0 | Bingo $0 | Fortune $0 | Tax $0
Board [4h Jd Ad 9d]
Seat 1: 9b5665f6 (big blind) won ($0.31)
Seat 2: da0bbb6b folded before Flop (didn't bet)
Seat 3: dfac0c21 folded before Flop (didn't bet)
Seat 4: Hero folded before Flop (didn't bet)
Seat 5: bc21c036 (button) folded on the Turn
Seat 6: e3806eef (small blind) folded before Flop


Poker Hand #HD1597187027: Hold'em No Limit ($0.02/$0.05) - 2024/01/20 11:30:24
Table 'NLHBlue31' 6-max Seat #4 is the button
Seat 1: 9b5665f6 ($5 in chips)
Seat 2: da0bbb6b ($5.18 in chips)
Seat 3: dfac0c21 ($5 in chips)
Seat 4: Hero ($5.57 in chips)
Seat 5: bc21c036 ($5.11 in chips)
Seat 6: e3806eef ($12.02 in chips)
bc21c036: posts small blind $0.02
e3806eef: posts big blind $0.05
*** HOLE CARDS ***
Dealt to 9b5665f6 
Dealt to da0bbb6b 
Dealt to dfac0c21 
Dealt to Hero [6d 3c]
Dealt to bc21c036 
Dealt to e3806eef 
9b5665f6: folds
da0bbb6b: folds
dfac0c21: raises $0.08 to $0.13
Hero: folds
bc21c036: folds
e3806eef: folds
Uncalled bet ($0.08) returned to dfac0c21
*** SHOWDOWN ***
dfac0c21 collected $0.12 from pot
*** SUMMARY ***
Total pot $0.12 | Rake $0 | Jackpot $0 | Bingo $0 | Fortune $0 | Tax $0
Seat 1: 9b5665f6 folded before Flop (didn't bet)
Seat 2: da0bbb6b folded before Flop (didn't bet)
Seat 3: dfac0c21 collected ($0.12)
Seat 4: Hero (button) folded before Flop (didn't bet)
Seat 5: bc21c036 (small blind) folded before Flop
Seat 6: e3806eef (big blind) folded before Flop


Poker Hand #HD1597187004: Hold'em No Limit ($0.02/$0.05) - 2024/01/20 11:30:04
Table 'NLHBlue31' 6-max Seat #3 is the button
Seat 1: 9b5665f6 ($5 in chips)
Seat 2: da0bbb6b ($5.28 in chips)
Seat 3: dfac0c21 ($5 in chips)
Seat 4: Hero ($5.59 in chips)
Seat 5: bc21c036 ($5 in chips)
Seat 6: e3806eef ($12.02 in chips)
Hero: posts small blind $0.02
bc21c036: posts big blind $0.05
*** HOLE CARDS ***
Dealt to 9b5665f6 
Dealt to da0bbb6b 
Dealt to dfac0c21 
Dealt to Hero [3c 2h]
Dealt to bc21c036 
Dealt to e3806eef 
e3806eef: folds
9b5665f6: folds
da0bbb6b: raises $0.05 to $0.1
dfac0c21: folds
Hero: folds
bc21c036: raises $0.17 to $0.27
da0bbb6b: folds
Uncalled bet ($0.17) returned to bc21c036
*** SHOWDOWN ***
bc21c036 collected $0.21 from pot
*** SUMMARY ***
Total pot $0.22 | Rake $0.01 | Jackpot $0 | Bingo $0 | Fortune $0 | Tax $0
Seat 1: 9b5665f6 folded before Flop (didn't bet)
Seat 2: da0bbb6b folded before Flop
Seat 3: dfac0c21 (button) folded before Flop (didn't bet)
Seat 4: Hero (small blind) folded before Flop
Seat 5: bc21c036 (big blind) collected ($0.21)
Seat 6: e3806eef folded before Flop (didn't bet)


Poker Hand #HD1597186900: Hold'em No Limit ($0.02/$0.05) - 2024/01/20 11:28:55
Table 'NLHBlue31' 6-max Seat #2 is the button
Seat 1: 9b5665f6 ($5 in chips)
Seat 2: da0bbb6b ($4.97 in chips)
Seat 3: dfac0c21 ($5.27 in chips)
Seat 4: Hero ($5.64 in chips)
Seat 5: a632e813 ($6.17 in chips)
Seat 6: e3806eef ($12.02 in chips)
dfac0c21: posts small blind $0.02
Hero: posts big blind $0.05
*** HOLE CARDS ***
Dealt to 9b5665f6 
Dealt to da0bbb6b 
Dealt to dfac0c21 
Dealt to Hero [Td 7h]
Dealt to a632e813 
Dealt to e3806eef 
a632e813: folds
e3806eef: folds
9b5665f6: folds
da0bbb6b: raises $0.05 to $0.1
dfac0c21: calls $0.08
Hero: folds
*** FLOP *** [Qc 8s Tc]
dfac0c21: checks
da0bbb6b: bets $0.19
dfac0c21: calls $0.19
*** TURN *** [Qc 8s Tc] [3c]
dfac0c21: checks
da0bbb6b: bets $0.48
dfac0c21: folds
Uncalled bet ($0.48) returned to da0bbb6b
*** SHOWDOWN ***
da0bbb6b collected $0.6 from pot
*** SUMMARY ***
Total pot $0.63 | Rake $0.03 | Jackpot $0 | Bingo $0 | Fortune $0 | Tax $0
Board [Qc 8s Tc 3c]
Seat 1: 9b5665f6 folded before Flop (didn't bet)
Seat 2: da0bbb6b (button) won ($0.6)
Seat 3: dfac0c21 (small blind) folded on the Turn
Seat 4: Hero (big blind) folded before Flop
Seat 5: a632e813 folded before Flop (didn't bet)
Seat 6: e3806eef folded before Flop (didn't bet)


Poker Hand #HD1597186870: Hold'em No Limit ($0.02/$0.05) - 2024/01/20 11:28:33
Table 'NLHBlue31' 6-max Seat #1 is the button
Seat 1: 9b5665f6 ($5 in chips)
Seat 2: da0bbb6b ($5.09 in chips)
Seat 3: dfac0c21 ($5.32 in chips)
Seat 4: Hero ($5.48 in chips)
Seat 5: a632e813 ($6.17 in chips)
Seat 6: e3806eef ($12.02 in chips)
da0bbb6b: posts small blind $0.02
dfac0c21: posts big blind $0.05
*** HOLE CARDS ***
Dealt to 9b5665f6 
Dealt to da0bbb6b 
Dealt to dfac0c21 
Dealt to Hero [Qh Qs]
Dealt to a632e813 
Dealt to e3806eef 
Hero: raises $0.07 to $0.12
a632e813: folds
e3806eef: folds
9b5665f6: folds
da0bbb6b: calls $0.1
dfac0c21: folds
*** FLOP *** [2d Jd 2c]
da0bbb6b: checks
Hero: bets $0.22
da0bbb6b: folds
Uncalled bet ($0.22) returned to Hero
*** SHOWDOWN ***
Hero collected $0.28 from pot
*** SUMMARY ***
Total pot $0.29 | Rake $0.01 | Jackpot $0 | Bingo $0 | Fortune $0 | Tax $0
Board [2d Jd 2c]
Seat 1: 9b5665f6 (button) folded before Flop (didn't bet)
Seat 2: da0bbb6b (small blind) folded on the Flop
Seat 3: dfac0c21 (big blind) folded before Flop
Seat 4: Hero won ($0.28)
Seat 5: a632e813 folded before Flop (didn't bet)
Seat 6: e3806eef folded before Flop (didn't bet)


Poker Hand #HD1597186849: Hold'em No Limit ($0.02/$0.05) - 2024/01/20 11:28:20
Table 'NLHBlue31' 6-max Seat #6 is the button
Seat 1: 9b5665f6 ($5 in chips)
Seat 2: da0bbb6b ($5.07 in chips)
Seat 3: dfac0c21 ($5.32 in chips)
Seat 4: Hero ($5.48 in chips)
Seat 5: a632e813 ($6.17 in chips)
Seat 6: e3806eef ($12.02 in chips)
9b5665f6: posts small blind $0.02
da0bbb6b: posts big blind $0.05
*** HOLE CARDS ***
Dealt to 9b5665f6 
Dealt to da0bbb6b 
Dealt to dfac0c21 
Dealt to Hero [8c 2d]
Dealt to a632e813 
Dealt to e3806eef 
dfac0c21: folds
Hero: folds
a632e813: folds
e3806eef: folds
9b5665f6: folds
Uncalled bet ($0.03) returned to da0bbb6b
*** SHOWDOWN ***
da0bbb6b collected $0.04 from pot
*** SUMMARY ***
Total pot $0.04 | Rake $0 | Jackpot $0 | Bingo $0 | Fortune $0 | Tax $0
Seat 1: 9b5665f6 (small blind) folded before Flop
Seat 2: da0bbb6b (big blind) collected ($0.04)
Seat 3: dfac0c21 folded before Flop (didn't bet)
Seat 4: Hero folded before Flop (didn't bet)
Seat 5: a632e813 folded before Flop (didn't bet)
Seat 6: e3806eef (button) folded before Flop (didn't bet)


Poker Hand #HD1597186822: Hold'em No Limit ($0.02/$0.05) - 2024/01/20 11:28:03
Table 'NLHBlue31' 6-max Seat #5 is the button
Seat 1: 9b5665f6 ($5 in chips)
Seat 2: da0bbb6b ($5 in chips)
Seat 3: dfac0c21 ($5.32 in chips)
Seat 4: Hero ($5.48 in chips)
Seat 5: a632e813 ($6.17 in chips)
Seat 6: e3806eef ($12.04 in chips)
e3806eef: posts small blind $0.02
9b5665f6: posts big blind $0.05
*** HOLE CARDS ***
Dealt to 9b5665f6 
Dealt to da0bbb6b 
Dealt to dfac0c21 
Dealt to Hero [9c Qh]
Dealt to a632e813 
Dealt to e3806eef 
da0bbb6b: raises $0.05 to $0.1
dfac0c21: folds
Hero: folds
a632e813: folds
e3806eef: folds
9b5665f6: folds
Uncalled bet ($0.05) returned to da0bbb6b
*** SHOWDOWN ***
da0bbb6b collected $0.12 from pot
*** SUMMARY ***
Total pot $0.12 | Rake $0 | Jackpot $0 | Bingo $0 | Fortune $0 | Tax $0
Seat 1: 9b5665f6 (big blind) folded before Flop
Seat 2: da0bbb6b collected ($0.12)
Seat 3: dfac0c21 folded before Flop (didn't bet)
Seat 4: Hero folded before Flop (didn't bet)
Seat 5: a632e813 (button) folded before Flop (didn't bet)
Seat 6: e3806eef (small blind) folded before Flop


Poker Hand #HD1597186749: Hold'em No Limit ($0.02/$0.05) - 2024/01/20 11:27:08
Table 'NLHBlue31' 6-max Seat #4 is the button
Seat 1: 9b5665f6 ($5 in chips)
Seat 2: da0bbb6b ($5.05 in chips)
Seat 3: dfac0c21 ($5.32 in chips)
Seat 4: Hero ($5.48 in chips)
Seat 5: a632e813 ($6.07 in chips)
Seat 6: e3806eef ($12.09 in chips)
a632e813: posts small blind $0.02
e3806eef: posts big blind $0.05
da0bbb6b: posts big blind $0.05
*** HOLE CARDS ***
Dealt to 9b5665f6 
Dealt to da0bbb6b 
Dealt to dfac0c21 
Dealt to Hero [Qh 3c]
Dealt to a632e813 
Dealt to e3806eef 
9b5665f6: folds
da0bbb6b: checks
dfac0c21: folds
Hero: folds
a632e813: calls $0.03
e3806eef: checks
*** FLOP *** [Ad As 7d]
a632e813: checks
e3806eef: checks
da0bbb6b: checks
*** TURN *** [Ad As 7d] [2s]
a632e813: bets $0.15
e3806eef: folds
da0bbb6b: folds
Uncalled bet ($0.15) returned to a632e813
*** SHOWDOWN ***
a632e813 collected $0.15 from pot
*** SUMMARY ***
Total pot $0.15 | Rake $0 | Jackpot $0 | Bingo $0 | Fortune $0 | Tax $0
Board [Ad As 7d 2s]
Seat 1: 9b5665f6 folded before Flop (didn't bet)
Seat 2: da0bbb6b folded on the Turn
Seat 3: dfac0c21 folded before Flop (didn't bet)
Seat 4: Hero (button) folded before Flop (didn't bet)
Seat 5: a632e813 (small blind) won ($0.15)
Seat 6: e3806eef (big blind) folded on the Turn


Poker Hand #HD1597186683: Hold'em No Limit ($0.02/$0.05) - 2024/01/20 11:26:20
Table 'NLHBlue31' 6-max Seat #3 is the button
Seat 1: 9b5665f6 ($5 in chips)
Seat 3: dfac0c21 ($5.32 in chips)
Seat 4: Hero ($5.21 in chips)
Seat 5: a632e813 ($6.37 in chips)
Seat 6: e3806eef ($12.09 in chips)
Hero: posts small blind $0.02
a632e813: posts big blind $0.05
*** HOLE CARDS ***
Dealt to 9b5665f6 
Dealt to dfac0c21 
Dealt to Hero [Kd 9s]
Dealt to a632e813 
Dealt to e3806eef 
e3806eef: folds
9b5665f6: folds
dfac0c21: folds
Hero: raises $0.09 to $0.14
a632e813: calls $0.09
*** FLOP *** [5s Qc 9d]
Hero: bets $0.16
a632e813: calls $0.16
*** TURN *** [5s Qc 9d] [8h]
Hero: checks
a632e813: checks
*** RIVER *** [5s Qc 9d 8h] [5c]
Hero: checks
a632e813: checks
Hero: shows [Kd 9s] (Pair of Nines and Pair of Fives)
a632e813: shows [6d Ac] (Pair of Fives)
*** SHOWDOWN ***
Hero collected $0.57 from pot
*** SUMMARY ***
Total pot $0.6 | Rake $0.03 | Jackpot $0 | Bingo $0 | Fortune $0 | Tax $0
Board [5s Qc 9d 8h 5c]
Seat 1: 9b5665f6 folded before Flop (didn't bet)
Seat 3: dfac0c21 (button) folded before Flop (didn't bet)
Seat 4: Hero (small blind) showed [Kd 9s] and won ($0.57) with Pair of Nines and Pair of Fives
Seat 5: a632e813 (big blind) showed [6d Ac] and lost with Pair of Fives
Seat 6: e3806eef folded before Flop (didn't bet)


Poker Hand #HD1597186643: Hold'em No Limit ($0.02/$0.05) - 2024/01/20 11:25:50
Table 'NLHBlue31' 6-max Seat #2 is the button
Seat 1: 9b5665f6 ($5 in chips)
Seat 2: c7755757 ($2.37 in chips)
Seat 3: dfac0c21 ($5.16 in chips)
Seat 4: Hero ($5.26 in chips)
Seat 5: a632e813 ($6.37 in chips)
Seat 6: e3806eef ($12.21 in chips)
dfac0c21: posts small blind $0.02
Hero: posts big blind $0.05
*** HOLE CARDS ***
Dealt to 9b5665f6 
Dealt to c7755757 
Dealt to dfac0c21 
Dealt to Hero [2s 9d]
Dealt to a632e813 
Dealt to e3806eef 
a632e813: folds
e3806eef: raises $0.07 to $0.12
9b5665f6: folds
c7755757: folds
dfac0c21: raises $0.44 to $0.56
Hero: folds
e3806eef: folds
Uncalled bet ($0.44) returned to dfac0c21
*** SHOWDOWN ***
dfac0c21 collected $0.28 from pot
*** SUMMARY ***
Total pot $0.29 | Rake $0.01 | Jackpot $0 | Bingo $0 | Fortune $0 | Tax $0
Seat 1: 9b5665f6 folded before Flop (didn't bet)
Seat 2: c7755757 (button) folded before Flop (didn't bet)
Seat 3: dfac0c21 (small blind) collected ($0.28)
Seat 4: Hero (big blind) folded before Flop
Seat 5: a632e813 folded before Flop (didn't bet)
Seat 6: e3806eef folded before Flop


Poker Hand #HD1597186412: Hold'em No Limit ($0.02/$0.05) - 2024/01/20 11:23:01
Table 'NLHBlue31' 6-max Seat #1 is the button
Seat 1: 9b5665f6 ($5 in chips)
Seat 2: c7755757 ($2.49 in chips)
Seat 3: dfac0c21 ($7.54 in chips)
Seat 4: Hero ($5.26 in chips)
Seat 5: a632e813 ($6.37 in chips)
Seat 6: e3806eef ($10 in chips)
c7755757: posts small blind $0.02
dfac0c21: posts big blind $0.05
*** HOLE CARDS ***
Dealt to 9b5665f6 
Dealt to c7755757 
Dealt to dfac0c21 
Dealt to Hero [3h 2s]
Dealt to a632e813 
Dealt to e3806eef 
Hero: folds
a632e813: folds
e3806eef: raises $0.07 to $0.12
9b5665f6: folds
c7755757: calls $0.1
dfac0c21: calls $0.07
*** FLOP *** [2c 8s Tc]
c7755757: checks
dfac0c21: checks
e3806eef: checks
*** TURN *** [2c 8s Tc] [9h]
c7755757: checks
dfac0c21: checks
e3806eef: bets $0.22
c7755757: folds
dfac0c21: calls $0.22
*** RIVER *** [2c 8s Tc 9h] [Td]
dfac0c21: checks
e3806eef: bets $0.58
dfac0c21: raises $1.46 to $2.04
e3806eef: calls $1.46
dfac0c21: shows [Ah Th] (Three Tens)
e3806eef: shows [Qh Jd] (Queens-High Straight)
*** SHOWDOWN ***
e3806eef collected $4.59 from pot
*** SUMMARY ***
Total pot $4.88 | Rake $0.24 | Jackpot $0.05 | Bingo $0 | Fortune $0 | Tax $0
Board [2c 8s Tc 9h Td]
Seat 1: 9b5665f6 (button) folded before Flop (didn't bet)
Seat 2: c7755757 (small blind) folded on the Turn
Seat 3: dfac0c21 (big blind) showed [Ah Th] and lost with Three Tens
Seat 4: Hero folded before Flop (didn't bet)
Seat 5: a632e813 folded before Flop (didn't bet)
Seat 6: e3806eef showed [Qh Jd] and won ($4.59) with Queens-High Straight


Poker Hand #HD1597186385: Hold'em No Limit ($0.02/$0.05) - 2024/01/20 11:22:40
Table 'NLHBlue31' 6-max Seat #6 is the button
Seat 1: 9b5665f6 ($5 in chips)
Seat 2: c7755757 ($2.54 in chips)
Seat 3: dfac0c21 ($7.47 in chips)
Seat 4: Hero ($5.26 in chips)
Seat 5: a632e813 ($6.37 in chips)
Seat 6: e3806eef ($10 in chips)
9b5665f6: posts small blind $0.02
c7755757: posts big blind $0.05
*** HOLE CARDS ***
Dealt to 9b5665f6 
Dealt to c7755757 
Dealt to dfac0c21 
Dealt to Hero [4c Ac]
Dealt to a632e813 
Dealt to e3806eef 
dfac0c21: raises $0.06 to $0.11
Hero: folds
a632e813: folds
e3806eef: folds
9b5665f6: folds
c7755757: folds
Uncalled bet ($0.06) returned to dfac0c21
*** SHOWDOWN ***
dfac0c21 collected $0.12 from pot
*** SUMMARY ***
Total pot $0.12 | Rake $0 | Jackpot $0 | Bingo $0 | Fortune $0 | Tax $0
Seat 1: 9b5665f6 (small blind) folded before Flop
Seat 2: c7755757 (big blind) folded before Flop
Seat 3: dfac0c21 collected ($0.12)
Seat 4: Hero folded before Flop (didn't bet)
Seat 5: a632e813 folded before Flop (didn't bet)
Seat 6: e3806eef (button) folded before Flop (didn't bet)


Poker Hand #HD1597186364: Hold'em No Limit ($0.02/$0.05) - 2024/01/20 11:22:24
Table 'NLHBlue31' 6-max Seat #5 is the button
Seat 1: 9b5665f6 ($5 in chips)
Seat 2: c7755757 ($2.54 in chips)
Seat 3: dfac0c21 ($7.47 in chips)
Seat 4: Hero ($5.19 in chips)
Seat 5: a632e813 ($6.37 in chips)
Seat 6: e3806eef ($10.02 in chips)
e3806eef: posts small blind $0.02
9b5665f6: posts big blind $0.05
*** HOLE CARDS ***
Dealt to 9b5665f6 
Dealt to c7755757 
Dealt to dfac0c21 
Dealt to Hero [4c 4d]
Dealt to a632e813 
Dealt to e3806eef 
c7755757: folds
dfac0c21: folds
Hero: raises $0.07 to $0.12
a632e813: folds
e3806eef: folds
9b5665f6: folds
Uncalled bet ($0.07) returned to Hero
*** SHOWDOWN ***
Hero collected $0.12 from pot
*** SUMMARY ***
Total pot $0.12 | Rake $0 | Jackpot $0 | Bingo $0 | Fortune $0 | Tax $0
Seat 1: 9b5665f6 (big blind) folded before Flop
Seat 2: c7755757 folded before Flop (didn't bet)
Seat 3: dfac0c21 folded before Flop (didn't bet)
Seat 4: Hero collected ($0.12)
Seat 5: a632e813 (button) folded before Flop (didn't bet)
Seat 6: e3806eef (small blind) folded before Flop


Poker Hand #HD1597186353: Hold'em No Limit ($0.02/$0.05) - 2024/01/20 11:22:16
Table 'NLHBlue31' 6-max Seat #4 is the button
Seat 1: 9b5665f6 ($5 in chips)
Seat 2: c7755757 ($2.54 in chips)
Seat 3: dfac0c21 ($7.47 in chips)
Seat 4: Hero ($5.19 in chips)
Seat 5: a632e813 ($6.39 in chips)
Seat 6: e3806eef ($10 in chips)
a632e813: posts small blind $0.02
e3806eef: posts big blind $0.05
*** HOLE CARDS ***
Dealt to 9b5665f6 
Dealt to c7755757 
Dealt to dfac0c21 
Dealt to Hero [5d Ks]
Dealt to a632e813 
Dealt to e3806eef 
9b5665f6: folds
c7755757: folds
dfac0c21: folds
Hero: folds
a632e813: folds
Uncalled bet ($0.03) returned to e3806eef
*** SHOWDOWN ***
e3806eef collected $0.04 from pot
*** SUMMARY ***
Total pot $0.04 | Rake $0 | Jackpot $0 | Bingo $0 | Fortune $0 | Tax $0
Seat 1: 9b5665f6 folded before Flop (didn't bet)
Seat 2: c7755757 folded before Flop (didn't bet)
Seat 3: dfac0c21 folded before Flop (didn't bet)
Seat 4: Hero (button) folded before Flop (didn't bet)
Seat 5: a632e813 (small blind) folded before Flop
Seat 6: e3806eef (big blind) collected ($0.04)


Poker Hand #HD1597186263: Hold'em No Limit ($0.02/$0.05) - 2024/01/20 11:21:14
Table 'NLHBlue31' 6-max Seat #3 is the button
Seat 1: 9b5665f6 ($5 in chips)
Seat 2: c7755757 ($3.49 in chips)
Seat 3: dfac0c21 ($7.47 in chips)
Seat 4: Hero ($5.21 in chips)
Seat 5: a632e813 ($5.56 in chips)
Seat 6: e3806eef ($10 in chips)
Hero: posts small blind $0.02
a632e813: posts big blind $0.05
*** HOLE CARDS ***
Dealt to 9b5665f6 
Dealt to c7755757 
Dealt to dfac0c21 
Dealt to Hero [9d Ks]
Dealt to a632e813 
Dealt to e3806eef 
e3806eef: folds
9b5665f6: folds
c7755757: raises $0.05 to $0.1
dfac0c21: folds
Hero: folds
a632e813: calls $0.05
*** FLOP *** [3d 5h Td]
a632e813: checks
c7755757: bets $0.08
a632e813: raises $0.29 to $0.37
c7755757: calls $0.29
*** TURN *** [3d 5h Td] [3c]
a632e813: bets $0.48
c7755757: calls $0.48
*** RIVER *** [3d 5h Td 3c] [As]
a632e813: checks
c7755757: checks
a632e813: shows [9s Tc] (Pair of Tens and Pair of Treys)
c7755757: shows [9h 9c] (Pair of Nines and Pair of Treys)
*** SHOWDOWN ***
a632e813 collected $1.78 from pot
*** SUMMARY ***
Total pot $1.92 | Rake $0.09 | Jackpot $0.05 | Bingo $0 | Fortune $0 | Tax $0
Board [3d 5h Td 3c As]
Seat 1: 9b5665f6 folded before Flop (didn't bet)
Seat 2: c7755757 showed [9h 9c] and lost with Pair of Nines and Pair of Treys
Seat 3: dfac0c21 (button) folded before Flop (didn't bet)
Seat 4: Hero (small blind) folded before Flop
Seat 5: a632e813 (big blind) showed [9s Tc] and won ($1.78) with Pair of Tens and Pair of Treys
Seat 6: e3806eef folded before Flop (didn't bet)


Poker Hand #HD1597186176: Hold'em No Limit ($0.02/$0.05) - 2024/01/20 11:20:10
Table 'NLHBlue31' 6-max Seat #2 is the button
Seat 1: 9b5665f6 ($5 in chips)
Seat 2: c7755757 ($3.35 in chips)
Seat 3: dfac0c21 ($7.49 in chips)
Seat 4: Hero ($5.34 in chips)
Seat 5: a632e813 ($5.56 in chips)
Seat 6: e3806eef ($10 in chips)
dfac0c21: posts small blind $0.02
Hero: posts big blind $0.05
*** HOLE CARDS ***
Dealt to 9b5665f6 
Dealt to c7755757 
Dealt to dfac0c21 
Dealt to Hero [Js Kd]
Dealt to a632e813 
Dealt to e3806eef 
a632e813: folds
e3806eef: folds
9b5665f6: folds
c7755757: raises $0.08 to $0.13
dfac0c21: folds
Hero: calls $0.08
*** FLOP *** [7h 3c 2c]
Hero: checks
c7755757: checks
*** TURN *** [7h 3c 2c] [7c]
Hero: checks
c7755757: checks
*** RIVER *** [7h 3c 2c 7c] [6c]
Hero: checks
c7755757: checks
Hero: shows [Js Kd] (Pair of Sevens)
c7755757: shows [5d Ad] (Pair of Sevens)
*** SHOWDOWN ***
c7755757 collected $0.27 from pot
*** SUMMARY ***
Total pot $0.28 | Rake $0.01 | Jackpot $0 | Bingo $0 | Fortune $0 | Tax $0
Board [7h 3c 2c 7c 6c]
Seat 1: 9b5665f6 folded before Flop (didn't bet)
Seat 2: c7755757 (button) showed [5d Ad] and won ($0.27) with Pair of Sevens
Seat 3: dfac0c21 (small blind) folded before Flop
Seat 4: Hero (big blind) showed [Js Kd] and lost with Pair of Sevens
Seat 5: a632e813 folded before Flop (didn't bet)
Seat 6: e3806eef folded before Flop (didn't bet)


Poker Hand #HD1597186163: Hold'em No Limit ($0.02/$0.05) - 2024/01/20 11:19:57
Table 'NLHBlue31' 6-max Seat #1 is the button
Seat 1: 9b5665f6 ($5 in chips)
Seat 2: c7755757 ($3.3 in chips)
Seat 3: dfac0c21 ($7.54 in chips)
Seat 4: Hero ($5.34 in chips)
Seat 5: a632e813 ($5.56 in chips)
Seat 6: e3806eef ($10 in chips)
c7755757: posts small blind $0.02
dfac0c21: posts big blind $0.05
*** HOLE CARDS ***
Dealt to 9b5665f6 
Dealt to c7755757 
Dealt to dfac0c21 
Dealt to Hero [Js 8d]
Dealt to a632e813 
Dealt to e3806eef 
Hero: folds
a632e813: folds
e3806eef: folds
9b5665f6: folds
c7755757: raises $0.1 to $0.15
dfac0c21: folds
Uncalled bet ($0.1) returned to c7755757
*** SHOWDOWN ***
c7755757 collected $0.1 from pot
*** SUMMARY ***
Total pot $0.1 | Rake $0 | Jackpot $0 | Bingo $0 | Fortune $0 | Tax $0
Seat 1: 9b5665f6 (button) folded before Flop (didn't bet)
Seat 2: c7755757 (small blind) collected ($0.1)
Seat 3: dfac0c21 (big blind) folded before Flop
Seat 4: Hero folded before Flop (didn't bet)
Seat 5: a632e813 folded before Flop (didn't bet)
Seat 6: e3806eef folded before Flop (didn't bet)


Poker Hand #HD1597186057: Hold'em No Limit ($0.02/$0.05) - 2024/01/20 11:18:39
Table 'NLHBlue31' 6-max Seat #6 is the button
Seat 1: 9b5665f6 ($5 in chips)
Seat 2: c7755757 ($4.67 in chips)
Seat 3: dfac0c21 ($7.54 in chips)
Seat 4: Hero ($5.34 in chips)
Seat 5: a632e813 ($5.56 in chips)
Seat 6: e3806eef ($8.79 in chips)
9b5665f6: posts small blind $0.02
c7755757: posts big blind $0.05
*** HOLE CARDS ***
Dealt to 9b5665f6 
Dealt to c7755757 
Dealt to dfac0c21 
Dealt to Hero [Tc Kd]
Dealt to a632e813 
Dealt to e3806eef 
dfac0c21: folds
Hero: folds
a632e813: folds
e3806eef: raises $0.07 to $0.12
9b5665f6: folds
c7755757: calls $0.07
*** FLOP *** [3c 7c Ts]
c7755757: checks
e3806eef: checks
*** TURN *** [3c 7c Ts] [Jc]
c7755757: bets $0.13
e3806eef: calls $0.13
*** RIVER *** [3c 7c Ts Jc] [9d]
c7755757: bets $0.39
e3806eef: raises $0.73 to $1.12
c7755757: calls $0.73
e3806eef: shows [Kc 9c] (King High Flush)
c7755757: shows [8c 9s] (Jacks-High Straight)
*** SHOWDOWN ***
e3806eef collected $2.58 from pot
*** SUMMARY ***
Total pot $2.76 | Rake $0.13 | Jackpot $0.05 | Bingo $0 | Fortune $0 | Tax $0
Board [3c 7c Ts Jc 9d]
Seat 1: 9b5665f6 (small blind) folded before Flop
Seat 2: c7755757 (big blind) showed [8c 9s] and lost with Jacks-High Straight
Seat 3: dfac0c21 folded before Flop (didn't bet)
Seat 4: Hero folded before Flop (didn't bet)
Seat 5: a632e813 folded before Flop (didn't bet)
Seat 6: e3806eef (button) showed [Kc 9c] and won ($2.58) with King High Flush


Poker Hand #HD1597186034: Hold'em No Limit ($0.02/$0.05) - 2024/01/20 11:18:18
Table 'NLHBlue31' 6-max Seat #5 is the button
Seat 1: 9b5665f6 ($5 in chips)
Seat 2: c7755757 ($4.67 in chips)
Seat 3: dfac0c21 ($7.54 in chips)
Seat 4: Hero ($5.34 in chips)
Seat 5: a632e813 ($5.49 in chips)
Seat 6: e3806eef ($8.81 in chips)
e3806eef: posts small blind $0.02
9b5665f6: posts big blind $0.05
*** HOLE CARDS ***
Dealt to 9b5665f6 
Dealt to c7755757 
Dealt to dfac0c21 
Dealt to Hero [Kd Th]
Dealt to a632e813 
Dealt to e3806eef 
c7755757: folds
dfac0c21: folds
Hero: folds
a632e813: raises $0.1 to $0.15
e3806eef: folds
9b5665f6: folds
Uncalled bet ($0.1) returned to a632e813
*** SHOWDOWN ***
a632e813 collected $0.12 from pot
*** SUMMARY ***
Total pot $0.12 | Rake $0 | Jackpot $0 | Bingo $0 | Fortune $0 | Tax $0
Seat 1: 9b5665f6 (big blind) folded before Flop
Seat 2: c7755757 folded before Flop (didn't bet)
Seat 3: dfac0c21 folded before Flop (didn't bet)
Seat 4: Hero folded before Flop (didn't bet)
Seat 5: a632e813 (button) collected ($0.12)
Seat 6: e3806eef (small blind) folded before Flop


Poker Hand #HD1597186008: Hold'em No Limit ($0.02/$0.05) - 2024/01/20 11:18:00
Table 'NLHBlue31' 6-max Seat #4 is the button
Seat 1: 9b5665f6 ($5 in chips)
Seat 2: c7755757 ($4.67 in chips)
Seat 3: dfac0c21 ($7.54 in chips)
Seat 4: Hero ($5.27 in chips)
Seat 5: a632e813 ($5.51 in chips)
Seat 6: e3806eef ($8.86 in chips)
a632e813: posts small blind $0.02
e3806eef: posts big blind $0.05
*** HOLE CARDS ***
Dealt to 9b5665f6 
Dealt to c7755757 
Dealt to dfac0c21 
Dealt to Hero [5d Ac]
Dealt to a632e813 
Dealt to e3806eef 
9b5665f6: folds
c7755757: folds
dfac0c21: folds
Hero: raises $0.07 to $0.12
a632e813: folds
e3806eef: folds
Uncalled bet ($0.07) returned to Hero
*** SHOWDOWN ***
Hero collected $0.12 from pot
*** SUMMARY ***
Total pot $0.12 | Rake $0 | Jackpot $0 | Bingo $0 | Fortune $0 | Tax $0
Seat 1: 9b5665f6 folded before Flop (didn't bet)
Seat 2: c7755757 folded before Flop (didn't bet)
Seat 3: dfac0c21 folded before Flop (didn't bet)
Seat 4: Hero (button) collected ($0.12)
Seat 5: a632e813 (small blind) folded before Flop
Seat 6: e3806eef (big blind) folded before Flop


Poker Hand #HD1597185933: Hold'em No Limit ($0.02/$0.05) - 2024/01/20 11:17:01
Table 'NLHBlue31' 6-max Seat #3 is the button
Seat 1: 9b5665f6 ($5 in chips)
Seat 2: c7755757 ($4.67 in chips)
Seat 3: dfac0c21 ($7.54 in chips)
Seat 4: Hero ($5 in chips)
Seat 5: a632e813 ($5.81 in chips)
Seat 6: e3806eef ($8.86 in chips)
Hero: posts small blind $0.02
a632e813: posts big blind $0.05
*** HOLE CARDS ***
Dealt to 9b5665f6 
Dealt to c7755757 
Dealt to dfac0c21 
Dealt to Hero [8c Ah]
Dealt to a632e813 
Dealt to e3806eef 
e3806eef: folds
9b5665f6: folds
c7755757: folds
dfac0c21: folds
Hero: raises $0.07 to $0.12
a632e813: calls $0.07
*** FLOP *** [7s 2s 8d]
Hero: bets $0.18
a632e813: calls $0.18
*** TURN *** [7s 2s 8d] [2h]
Hero: bets $0.33
a632e813: folds
Uncalled bet ($0.33) returned to Hero
*** SHOWDOWN ***
Hero collected $0.57 from pot
*** SUMMARY ***
Total pot $0.6 | Rake $0.03 | Jackpot $0 | Bingo $0 | Fortune $0 | Tax $0
Board [7s 2s 8d 2h]
Seat 1: 9b5665f6 folded before Flop (didn't bet)
Seat 2: c7755757 folded before Flop (didn't bet)
Seat 3: dfac0c21 (button) folded before Flop (didn't bet)
Seat 4: Hero (small blind) won ($0.57)
Seat 5: a632e813 (big blind) folded on the Turn
Seat 6: e3806eef folded before Flop (didn't bet)


Poker Hand #HD1597185899: Hold'em No Limit ($0.02/$0.05) - 2024/01/20 11:16:47
Table 'NLHBlue31' 6-max Seat #2 is the button
Seat 1: 9b5665f6 ($5 in chips)
Seat 2: c7755757 ($4.67 in chips)
Seat 3: dfac0c21 ($7.56 in chips)
Seat 4: Hero ($5.04 in chips)
Seat 5: a632e813 ($5.74 in chips)
Seat 6: e3806eef ($8.86 in chips)
dfac0c21: posts small blind $0.02
Hero: posts big blind $0.05
*** HOLE CARDS ***
Dealt to 9b5665f6 
Dealt to c7755757 
Dealt to dfac0c21 
Dealt to Hero [5h 4c]
Dealt to a632e813 
Dealt to e3806eef 
a632e813: raises $0.1 to $0.15
e3806eef: folds
9b5665f6: folds
c7755757: folds
dfac0c21: folds
Hero: folds
Uncalled bet ($0.1) returned to a632e813
*** SHOWDOWN ***
a632e813 collected $0.12 from pot
*** SUMMARY ***
Total pot $0.12 | Rake $0 | Jackpot $0 | Bingo $0 | Fortune $0 | Tax $0
Seat 1: 9b5665f6 folded before Flop (didn't bet)
Seat 2: c7755757 (button) folded before Flop (didn't bet)
Seat 3: dfac0c21 (small blind) folded before Flop
Seat 4: Hero (big blind) folded before Flop
Seat 5: a632e813 collected ($0.12)
Seat 6: e3806eef folded before Flop (didn't bet)


Poker Hand #HD1597185868: Hold'em No Limit ($0.02/$0.05) - 2024/01/20 11:16:27
Table 'NLHBlue31' 6-max Seat #1 is the button
Seat 1: 9b5665f6 ($5 in chips)
Seat 2: c7755757 ($4.69 in chips)
Seat 3: dfac0c21 ($7.61 in chips)
Seat 4: Hero ($5.04 in chips)
Seat 5: a632e813 ($5.67 in chips)
Seat 6: e3806eef ($8.86 in chips)
c7755757: posts small blind $0.02
dfac0c21: posts big blind $0.05
*** HOLE CARDS ***
Dealt to 9b5665f6 
Dealt to c7755757 
Dealt to dfac0c21 
Dealt to Hero [5h 4s]
Dealt to a632e813 
Dealt to e3806eef 
Hero: folds
a632e813: raises $0.1 to $0.15
e3806eef: folds
9b5665f6: folds
c7755757: folds
dfac0c21: folds
Uncalled bet ($0.1) returned to a632e813
*** SHOWDOWN ***
a632e813 collected $0.12 from pot
*** SUMMARY ***
Total pot $0.12 | Rake $0 | Jackpot $0 | Bingo $0 | Fortune $0 | Tax $0
Seat 1: 9b5665f6 (button) folded before Flop (didn't bet)
Seat 2: c7755757 (small blind) folded before Flop
Seat 3: dfac0c21 (big blind) folded before Flop
Seat 4: Hero folded before Flop (didn't bet)
Seat 5: a632e813 collected ($0.12)
Seat 6: e3806eef folded before Flop (didn't bet)


Poker Hand #HD1597185846: Hold'em No Limit ($0.02/$0.05) - 2024/01/20 11:16:09
Table 'NLHBlue31' 6-max Seat #6 is the button
Seat 1: 9b5665f6 ($5 in chips)
Seat 2: c7755757 ($4.67 in chips)
Seat 3: dfac0c21 ($7.61 in chips)
Seat 4: Hero ($5.04 in chips)
Seat 5: a632e813 ($5.67 in chips)
Seat 6: e3806eef ($8.86 in chips)
9b5665f6: posts small blind $0.02
c7755757: posts big blind $0.05
*** HOLE CARDS ***
Dealt to 9b5665f6 
Dealt to c7755757 
Dealt to dfac0c21 
Dealt to Hero [5s 2c]
Dealt to a632e813 
Dealt to e3806eef 
dfac0c21: folds
Hero: folds
a632e813: folds
e3806eef: folds
9b5665f6: folds
Uncalled bet ($0.03) returned to c7755757
*** SHOWDOWN ***
c7755757 collected $0.04 from pot
*** SUMMARY ***
Total pot $0.04 | Rake $0 | Jackpot $0 | Bingo $0 | Fortune $0 | Tax $0
Seat 1: 9b5665f6 (small blind) folded before Flop
Seat 2: c7755757 (big blind) collected ($0.04)
Seat 3: dfac0c21 folded before Flop (didn't bet)
Seat 4: Hero folded before Flop (didn't bet)
Seat 5: a632e813 folded before Flop (didn't bet)
Seat 6: e3806eef (button) folded before Flop (didn't bet)


Poker Hand #HD1597185804: Hold'em No Limit ($0.02/$0.05) - 2024/01/20 11:15:37
Table 'NLHBlue31' 6-max Seat #5 is the button
Seat 1: 9b5665f6 ($5 in chips)
Seat 2: c7755757 ($4.67 in chips)
Seat 3: dfac0c21 ($7.61 in chips)
Seat 4: Hero ($5.04 in chips)
Seat 5: a632e813 ($5.6 in chips)
Seat 6: e3806eef ($8.88 in chips)
e3806eef: posts small blind $0.02
9b5665f6: posts big blind $0.05
*** HOLE CARDS ***
Dealt to 9b5665f6 
Dealt to c7755757 
Dealt to dfac0c21 
Dealt to Hero [4d 8s]
Dealt to a632e813 
Dealt to e3806eef 
c7755757: folds
dfac0c21: folds
Hero: folds
a632e813: raises $0.1 to $0.15
e3806eef: folds
9b5665f6: folds
Uncalled bet ($0.1) returned to a632e813
*** SHOWDOWN ***
a632e813 collected $0.12 from pot
*** SUMMARY ***
Total pot $0.12 | Rake $0 | Jackpot $0 | Bingo $0 | Fortune $0 | Tax $0
Seat 1: 9b5665f6 (big blind) folded before Flop
Seat 2: c7755757 folded before Flop (didn't bet)
Seat 3: dfac0c21 folded before Flop (didn't bet)
Seat 4: Hero folded before Flop (didn't bet)
Seat 5: a632e813 (button) collected ($0.12)
Seat 6: e3806eef (small blind) folded before Flop


Poker Hand #HD1597185744: Hold'em No Limit ($0.02/$0.05) - 2024/01/20 11:14:51
Table 'NLHBlue31' 6-max Seat #4 is the button
Seat 1: 11da2807 ($4.76 in chips)
Seat 2: c7755757 ($4.56 in chips)
Seat 3: dfac0c21 ($7.61 in chips)
Seat 4: Hero ($5.04 in chips)
Seat 5: a632e813 ($5.62 in chips)
Seat 6: e3806eef ($8.98 in chips)
a632e813: posts small blind $0.02
e3806eef: posts big blind $0.05
*** HOLE CARDS ***
Dealt to 11da2807 
Dealt to c7755757 
Dealt to dfac0c21 
Dealt to Hero [Ac 2h]
Dealt to a632e813 
Dealt to e3806eef 
11da2807: folds
c7755757: raises $0.05 to $0.1
dfac0c21: folds
Hero: folds
a632e813: folds
e3806eef: calls $0.05
*** FLOP *** [3h Jd 6s]
e3806eef: checks
c7755757: checks
*** TURN *** [3h Jd 6s] [2s]
e3806eef: checks
c7755757: bets $0.11
e3806eef: folds
Uncalled bet ($0.11) returned to c7755757
*** SHOWDOWN ***
c7755757 collected $0.21 from pot
*** SUMMARY ***
Total pot $0.22 | Rake $0.01 | Jackpot $0 | Bingo $0 | Fortune $0 | Tax $0
Board [3h Jd 6s 2s]
Seat 1: 11da2807 folded before Flop (didn't bet)
Seat 2: c7755757 won ($0.21)
Seat 3: dfac0c21 folded before Flop (didn't bet)
Seat 4: Hero (button) folded before Flop (didn't bet)
Seat 5: a632e813 (small blind) folded before Flop
Seat 6: e3806eef (big blind) folded on the Turn


Poker Hand #HD1597185684: Hold'em No Limit ($0.02/$0.05) - 2024/01/20 11:14:08
Table 'NLHBlue31' 6-max Seat #3 is the button
Seat 1: 11da2807 ($4.76 in chips)
Seat 2: c7755757 ($4.75 in chips)
Seat 3: dfac0c21 ($7.61 in chips)
Seat 4: Hero ($5.06 in chips)
Seat 5: a632e813 ($5.43 in chips)
Seat 6: e3806eef ($8.98 in chips)
Hero: posts small blind $0.02
a632e813: posts big blind $0.05
*** HOLE CARDS ***
Dealt to 11da2807 
Dealt to c7755757 
Dealt to dfac0c21 
Dealt to Hero [2c 8d]
Dealt to a632e813 
Dealt to e3806eef 
e3806eef: folds
11da2807: folds
c7755757: raises $0.06 to $0.11
dfac0c21: folds
Hero: folds
a632e813: calls $0.06
*** FLOP *** [As Tc 3c]
a632e813: checks
c7755757: bets $0.08
a632e813: calls $0.08
*** TURN *** [As Tc 3c] [7c]
a632e813: checks
c7755757: checks
*** RIVER *** [As Tc 3c 7c] [Jd]
a632e813: bets $0.4
c7755757: folds
Uncalled bet ($0.4) returned to a632e813
*** SHOWDOWN ***
a632e813 collected $0.38 from pot
*** SUMMARY ***
Total pot $0.4 | Rake $0.02 | Jackpot $0 | Bingo $0 | Fortune $0 | Tax $0
Board [As Tc 3c 7c Jd]
Seat 1: 11da2807 folded before Flop (didn't bet)
Seat 2: c7755757 folded on the River
Seat 3: dfac0c21 (button) folded before Flop (didn't bet)
Seat 4: Hero (small blind) folded before Flop
Seat 5: a632e813 (big blind) won ($0.38)
Seat 6: e3806eef folded before Flop (didn't bet)


Poker Hand #HD1597185655: Hold'em No Limit ($0.02/$0.05) - 2024/01/20 11:13:48
Table 'NLHBlue31' 6-max Seat #2 is the button
Seat 1: 11da2807 ($4.76 in chips)
Seat 2: c7755757 ($4.75 in chips)
Seat 3: dfac0c21 ($7.56 in chips)
Seat 4: Hero ($5.11 in chips)
Seat 5: a632e813 ($5.43 in chips)
Seat 6: e3806eef ($8.98 in chips)
dfac0c21: posts small blind $0.02
Hero: posts big blind $0.05
*** HOLE CARDS ***
Dealt to 11da2807 
Dealt to c7755757 
Dealt to dfac0c21 
Dealt to Hero [9s 3h]
Dealt to a632e813 
Dealt to e3806eef 
a632e813: folds
e3806eef: folds
11da2807: folds
c7755757: folds
dfac0c21: raises $0.1 to $0.15
Hero: folds
Uncalled bet ($0.1) returned to dfac0c21
*** SHOWDOWN ***
dfac0c21 collected $0.1 from pot
*** SUMMARY ***
Total pot $0.1 | Rake $0 | Jackpot $0 | Bingo $0 | Fortune $0 | Tax $0
Seat 1: 11da2807 folded before Flop (didn't bet)
Seat 2: c7755757 (button) folded before Flop (didn't bet)
Seat 3: dfac0c21 (small blind) collected ($0.1)
Seat 4: Hero (big blind) folded before Flop
Seat 5: a632e813 folded before Flop (didn't bet)
Seat 6: e3806eef folded before Flop (didn't bet)


Poker Hand #HD1597185648: Hold'em No Limit ($0.02/$0.05) - 2024/01/20 11:13:41
Table 'NLHBlue31' 6-max Seat #1 is the button
Seat 1: 11da2807 ($4.76 in chips)
Seat 2: c7755757 ($4.77 in chips)
Seat 3: dfac0c21 ($7.54 in chips)
Seat 4: Hero ($5.11 in chips)
Seat 5: a632e813 ($5.43 in chips)
Seat 6: e3806eef ($8.98 in chips)
c7755757: posts small blind $0.02
dfac0c21: posts big blind $0.05
*** HOLE CARDS ***
Dealt to 11da2807 
Dealt to c7755757 
Dealt to dfac0c21 
Dealt to Hero [9d 7h]
Dealt to a632e813 
Dealt to e3806eef 
Hero: folds
a632e813: folds
e3806eef: folds
11da2807: folds
c7755757: folds
Uncalled bet ($0.03) returned to dfac0c21
*** SHOWDOWN ***
dfac0c21 collected $0.04 from pot
*** SUMMARY ***
Total pot $0.04 | Rake $0 | Jackpot $0 | Bingo $0 | Fortune $0 | Tax $0
Seat 1: 11da2807 (button) folded before Flop (didn't bet)
Seat 2: c7755757 (small blind) folded before Flop
Seat 3: dfac0c21 (big blind) collected ($0.04)
Seat 4: Hero folded before Flop (didn't bet)
Seat 5: a632e813 folded before Flop (didn't bet)
Seat 6: e3806eef folded before Flop (didn't bet)


Poker Hand #HD1597065589: Hold'em No Limit ($0.02/$0.05) - 2024/01/20 11:13:08
Table 'NLHBlue31' 6-max Seat #6 is the button
Seat 1: 11da2807 ($4.57 in chips)
Seat 2: c7755757 ($4.82 in chips)
Seat 3: dfac0c21 ($7.54 in chips)
Seat 4: Hero ($5.11 in chips)
Seat 5: a632e813 ($5.58 in chips)
Seat 6: e3806eef ($8.98 in chips)
11da2807: posts small blind $0.02
c7755757: posts big blind $0.05
*** HOLE CARDS ***
Dealt to 11da2807 
Dealt to c7755757 
Dealt to dfac0c21 
Dealt to Hero [2d 4c]
Dealt to a632e813 
Dealt to e3806eef 
dfac0c21: folds
Hero: folds
a632e813: raises $0.1 to $0.15
e3806eef: folds
11da2807: raises $0.3 to $0.45
c7755757: folds
a632e813: folds
Uncalled bet ($0.3) returned to 11da2807
*** SHOWDOWN ***
11da2807 collected $0.34 from pot
*** SUMMARY ***
Total pot $0.35 | Rake $0.01 | Jackpot $0 | Bingo $0 | Fortune $0 | Tax $0
Seat 1: 11da2807 (small blind) collected ($0.34)
Seat 2: c7755757 (big blind) folded before Flop
Seat 3: dfac0c21 folded before Flop (didn't bet)
Seat 4: Hero folded before Flop (didn't bet)
Seat 5: a632e813 folded before Flop
Seat 6: e3806eef (button) folded before Flop (didn't bet)


Poker Hand #HD1597065559: Hold'em No Limit ($0.02/$0.05) - 2024/01/20 11:12:47
Table 'NLHBlue31' 6-max Seat #5 is the button
Seat 1: 11da2807 ($4.62 in chips)
Seat 2: c7755757 ($4.82 in chips)
Seat 3: dfac0c21 ($7.54 in chips)
Seat 4: Hero ($5.11 in chips)
Seat 5: a632e813 ($5.51 in chips)
Seat 6: e3806eef ($9 in chips)
e3806eef: posts small blind $0.02
11da2807: posts big blind $0.05
*** HOLE CARDS ***
Dealt to 11da2807 
Dealt to c7755757 
Dealt to dfac0c21 
Dealt to Hero [9s Tc]
Dealt to a632e813 
Dealt to e3806eef 
c7755757: folds
dfac0c21: folds
Hero: folds
a632e813: raises $0.1 to $0.15
e3806eef: folds
11da2807: folds
Uncalled bet ($0.1) returned to a632e813
*** SHOWDOWN ***
a632e813 collected $0.12 from pot
*** SUMMARY ***
Total pot $0.12 | Rake $0 | Jackpot $0 | Bingo $0 | Fortune $0 | Tax $0
Seat 1: 11da2807 (big blind) folded before Flop
Seat 2: c7755757 folded before Flop (didn't bet)
Seat 3: dfac0c21 folded before Flop (didn't bet)
Seat 4: Hero folded before Flop (didn't bet)
Seat 5: a632e813 (button) collected ($0.12)
Seat 6: e3806eef (small blind) folded before Flop


Poker Hand #HD1597065538: Hold'em No Limit ($0.02/$0.05) - 2024/01/20 11:12:31
Table 'NLHBlue31' 6-max Seat #4 is the button
Seat 1: 11da2807 ($4.55 in chips)
Seat 2: c7755757 ($4.82 in chips)
Seat 3: dfac0c21 ($7.54 in chips)
Seat 4: Hero ($5.11 in chips)
Seat 5: a632e813 ($5.53 in chips)
Seat 6: e3806eef ($9.05 in chips)
a632e813: posts small blind $0.02
e3806eef: posts big blind $0.05
*** HOLE CARDS ***
Dealt to 11da2807 
Dealt to c7755757 
Dealt to dfac0c21 
Dealt to Hero [Jc 8s]
Dealt to a632e813 
Dealt to e3806eef 
11da2807: raises $0.07 to $0.12
c7755757: folds
dfac0c21: folds
Hero: folds
a632e813: folds
e3806eef: folds
Uncalled bet ($0.07) returned to 11da2807
*** SHOWDOWN ***
11da2807 collected $0.12 from pot
*** SUMMARY ***
Total pot $0.12 | Rake $0 | Jackpot $0 | Bingo $0 | Fortune $0 | Tax $0
Seat 1: 11da2807 collected ($0.12)
Seat 2: c7755757 folded before Flop (didn't bet)
Seat 3: dfac0c21 folded before Flop (didn't bet)
Seat 4: Hero (button) folded before Flop (didn't bet)
Seat 5: a632e813 (small blind) folded before Flop
Seat 6: e3806eef (big blind) folded before Flop


Poker Hand #HD1597065472: Hold'em No Limit ($0.02/$0.05) - 2024/01/20 11:11:49
Table 'NLHBlue31' 6-max Seat #3 is the button
Seat 1: 11da2807 ($4.55 in chips)
Seat 2: c7755757 ($4.82 in chips)
Seat 3: dfac0c21 ($7.54 in chips)
Seat 4: Hero ($5.13 in chips)
Seat 5: a632e813 ($5.58 in chips)
Seat 6: e3806eef ($8.98 in chips)
Hero: posts small blind $0.02
a632e813: posts big blind $0.05
*** HOLE CARDS ***
Dealt to 11da2807 
Dealt to c7755757 
Dealt to dfac0c21 
Dealt to Hero [3c 5h]
Dealt to a632e813 
Dealt to e3806eef 
e3806eef: raises $0.07 to $0.12
11da2807: folds
c7755757: folds
dfac0c21: folds
Hero: folds
a632e813: folds
Uncalled bet ($0.07) returned to e3806eef
*** SHOWDOWN ***
e3806eef collected $0.12 from pot
*** SUMMARY ***
Total pot $0.12 | Rake $0 | Jackpot $0 | Bingo $0 | Fortune $0 | Tax $0
Seat 1: 11da2807 folded before Flop (didn't bet)
Seat 2: c7755757 folded before Flop (didn't bet)
Seat 3: dfac0c21 (button) folded before Flop (didn't bet)
Seat 4: Hero (small blind) folded before Flop
Seat 5: a632e813 (big blind) folded before Flop
Seat 6: e3806eef collected ($0.12)


Poker Hand #HD1597065420: Hold'em No Limit ($0.02/$0.05) - 2024/01/20 11:11:13
Table 'NLHBlue31' 6-max Seat #2 is the button
Seat 1: 11da2807 ($4.55 in chips)
Seat 2: c7755757 ($4.82 in chips)
Seat 3: dfac0c21 ($7.56 in chips)
Seat 4: Hero ($5 in chips)
Seat 5: a632e813 ($5.58 in chips)
Seat 6: e3806eef ($9.1 in chips)
dfac0c21: posts small blind $0.02
Hero: posts big blind $0.05
*** HOLE CARDS ***
Dealt to 11da2807 
Dealt to c7755757 
Dealt to dfac0c21 
Dealt to Hero [9h Tc]
Dealt to a632e813 
Dealt to e3806eef 
a632e813: folds
e3806eef: raises $0.07 to $0.12
11da2807: folds
c7755757: folds
dfac0c21: folds
Hero: calls $0.07
*** FLOP *** [2s 5s 9c]
Hero: bets $0.15
e3806eef: folds
Uncalled bet ($0.15) returned to Hero
*** SHOWDOWN ***
Hero collected $0.25 from pot
*** SUMMARY ***
Total pot $0.26 | Rake $0.01 | Jackpot $0 | Bingo $0 | Fortune $0 | Tax $0
Board [2s 5s 9c]
Seat 1: 11da2807 folded before Flop (didn't bet)
Seat 2: c7755757 (button) folded before Flop (didn't bet)
Seat 3: dfac0c21 (small blind) folded before Flop
Seat 4: Hero (big blind) won ($0.25)
Seat 5: a632e813 folded before Flop (didn't bet)
Seat 6: e3806eef folded on the Flop


Poker Hand #HD1597065299: Hold'em No Limit ($0.02/$0.05) - 2024/01/20 11:09:59
Table 'NLHBlue31' 6-max Seat #1 is the button
Seat 1: 11da2807 ($4.67 in chips)
Seat 2: c7755757 ($4.84 in chips)
Seat 3: dfac0c21 ($7.43 in chips)
Seat 4: Hero ($5 in chips)
Seat 5: a632e813 ($5.58 in chips)
Seat 6: e3806eef ($9.1 in chips)
c7755757: posts small blind $0.02
dfac0c21: posts big blind $0.05
*** HOLE CARDS ***
Dealt to 11da2807 
Dealt to c7755757 
Dealt to dfac0c21 
Dealt to Hero [5d 6d]
Dealt to a632e813 
Dealt to e3806eef 
Hero: folds
a632e813: folds
e3806eef: folds
11da2807: raises $0.07 to $0.12
c7755757: folds
dfac0c21: calls $0.07
*** FLOP *** [Ts Qd 2s]
dfac0c21: checks
11da2807: checks
*** TURN *** [Ts Qd 2s] [Kd]
dfac0c21: checks
11da2807: checks
*** RIVER *** [Ts Qd 2s Kd] [Qs]
dfac0c21: checks
11da2807: checks
dfac0c21: shows [Ah 4s] (Pair of Queens)
11da2807: shows [4c 3c] (Pair of Queens)
*** SHOWDOWN ***
dfac0c21 collected $0.25 from pot
*** SUMMARY ***
Total pot $0.26 | Rake $0.01 | Jackpot $0 | Bingo $0 | Fortune $0 | Tax $0
Board [Ts Qd 2s Kd Qs]
Seat 1: 11da2807 (button) showed [4c 3c] and lost with Pair of Queens
Seat 2: c7755757 (small blind) folded before Flop
Seat 3: dfac0c21 (big blind) showed [Ah 4s] and won ($0.25) with Pair of Queens
Seat 4: Hero folded before Flop (didn't bet)
Seat 5: a632e813 folded before Flop (didn't bet)
Seat 6: e3806eef folded before Flop (didn't bet)


Poker Hand #HD1597065276: Hold'em No Limit ($0.02/$0.05) - 2024/01/20 11:09:46
Table 'NLHBlue31' 6-max Seat #6 is the button
Seat 1: 11da2807 ($4.69 in chips)
Seat 2: c7755757 ($4.82 in chips)
Seat 3: dfac0c21 ($7.43 in chips)
Seat 4: Hero ($5 in chips)
Seat 5: a632e813 ($5.58 in chips)
Seat 6: e3806eef ($9.1 in chips)
11da2807: posts small blind $0.02
c7755757: posts big blind $0.05
*** HOLE CARDS ***
Dealt to 11da2807 
Dealt to c7755757 
Dealt to dfac0c21 
Dealt to Hero [Ts Qc]
Dealt to a632e813 
Dealt to e3806eef 
dfac0c21: folds
Hero: folds
a632e813: folds
e3806eef: folds
11da2807: folds
Uncalled bet ($0.03) returned to c7755757
*** SHOWDOWN ***
c7755757 collected $0.04 from pot
*** SUMMARY ***
Total pot $0.04 | Rake $0 | Jackpot $0 | Bingo $0 | Fortune $0 | Tax $0
Seat 1: 11da2807 (small blind) folded before Flop
Seat 2: c7755757 (big blind) collected ($0.04)
Seat 3: dfac0c21 folded before Flop (didn't bet)
Seat 4: Hero folded before Flop (didn't bet)
Seat 5: a632e813 folded before Flop (didn't bet)
Seat 6: e3806eef (button) folded before Flop (didn't bet)


Poker Hand #HD1597065196: Hold'em No Limit ($0.02/$0.05) - 2024/01/20 11:08:56
Table 'NLHBlue31' 6-max Seat #5 is the button
Seat 1: 11da2807 ($5 in chips)
Seat 2: c7755757 ($4.82 in chips)
Seat 3: dfac0c21 ($7.43 in chips)
Seat 4: Hero ($5 in chips)
Seat 5: a632e813 ($5.28 in chips)
Seat 6: e3806eef ($9.12 in chips)
e3806eef: posts small blind $0.02
11da2807: posts big blind $0.05
*** HOLE CARDS ***
Dealt to 11da2807 
Dealt to c7755757 
Dealt to dfac0c21 
Dealt to Hero [Qc 9d]
Dealt to a632e813 
Dealt to e3806eef 
c7755757: folds
dfac0c21: folds
Hero: folds
a632e813: raises $0.1 to $0.15
e3806eef: folds
11da2807: calls $0.1
*** FLOP *** [6c 3c 8h]
11da2807: checks
a632e813: bets $0.16
11da2807: calls $0.16
*** TURN *** [6c 3c 8h] [As]
11da2807: checks
a632e813: bets $0.32
11da2807: folds
Uncalled bet ($0.32) returned to a632e813
*** SHOWDOWN ***
a632e813 collected $0.61 from pot
*** SUMMARY ***
Total pot $0.64 | Rake $0.03 | Jackpot $0 | Bingo $0 | Fortune $0 | Tax $0
Board [6c 3c 8h As]
Seat 1: 11da2807 (big blind) folded on the Turn
Seat 2: c7755757 folded before Flop (didn't bet)
Seat 3: dfac0c21 folded before Flop (didn't bet)
Seat 4: Hero folded before Flop (didn't bet)
Seat 5: a632e813 (button) won ($0.61)
Seat 6: e3806eef (small blind) folded before Flop


Poker Hand #HD1597065123: Hold'em No Limit ($0.02/$0.05) - 2024/01/20 11:08:11
Table 'NLHBlue31' 6-max Seat #4 is the button
Seat 2: c7755757 ($4.82 in chips)
Seat 3: dfac0c21 ($7.43 in chips)
Seat 4: Hero ($5.01 in chips)
Seat 5: a632e813 ($5.12 in chips)
Seat 6: e3806eef ($9.17 in chips)
a632e813: posts small blind $0.02
e3806eef: posts big blind $0.05
*** HOLE CARDS ***
Dealt to c7755757 
Dealt to dfac0c21 
Dealt to Hero [8c 9c]
Dealt to a632e813 
Dealt to e3806eef 
c7755757: folds
dfac0c21: folds
Hero: raises $0.07 to $0.12
a632e813: calls $0.1
e3806eef: folds
*** FLOP *** [Ts Qs 8s]
a632e813: checks
Hero: checks
*** TURN *** [Ts Qs 8s] [Ad]
a632e813: checks
Hero: checks
*** RIVER *** [Ts Qs 8s Ad] [3c]
a632e813: bets $0.15
Hero: folds
Uncalled bet ($0.15) returned to a632e813
*** SHOWDOWN ***
a632e813 collected $0.28 from pot
*** SUMMARY ***
Total pot $0.29 | Rake $0.01 | Jackpot $0 | Bingo $0 | Fortune $0 | Tax $0
Board [Ts Qs 8s Ad 3c]
Seat 2: c7755757 folded before Flop (didn't bet)
Seat 3: dfac0c21 folded before Flop (didn't bet)
Seat 4: Hero (button) folded on the River
Seat 5: a632e813 (small blind) won ($0.28)
Seat 6: e3806eef (big blind) folded before Flop


Poker Hand #HD1597065043: Hold'em No Limit ($0.02/$0.05) - 2024/01/20 11:07:20
Table 'NLHBlue31' 6-max Seat #3 is the button
Seat 2: c7755757 ($4.93 in chips)
Seat 3: dfac0c21 ($7.43 in chips)
Seat 4: Hero ($5.03 in chips)
Seat 5: a632e813 ($5 in chips)
Seat 6: e3806eef ($9.17 in chips)
Hero: posts small blind $0.02
a632e813: posts big blind $0.05
*** HOLE CARDS ***
Dealt to c7755757 
Dealt to dfac0c21 
Dealt to Hero [9d As]
Dealt to a632e813 
Dealt to e3806eef 
e3806eef: folds
c7755757: raises $0.06 to $0.11
dfac0c21: folds
Hero: folds
a632e813: calls $0.06
*** FLOP *** [6s 3d Td]
a632e813: checks
c7755757: checks
*** TURN *** [6s 3d Td] [4h]
a632e813: bets $0.12
c7755757: folds
Uncalled bet ($0.12) returned to a632e813
*** SHOWDOWN ***
a632e813 collected $0.23 from pot
*** SUMMARY ***
Total pot $0.24 | Rake $0.01 | Jackpot $0 | Bingo $0 | Fortune $0 | Tax $0
Board [6s 3d Td 4h]
Seat 2: c7755757 folded on the Turn
Seat 3: dfac0c21 (button) folded before Flop (didn't bet)
Seat 4: Hero (small blind) folded before Flop
Seat 5: a632e813 (big blind) won ($0.23)
Seat 6: e3806eef folded before Flop (didn't bet)


Poker Hand #HD1597064791: Hold'em No Limit ($0.02/$0.05) - 2024/01/20 11:04:40
Table 'NLHBlue31' 6-max Seat #2 is the button
Seat 1: 6dec629d ($8.93 in chips)
Seat 2: c7755757 ($4.93 in chips)
Seat 3: dfac0c21 ($5.02 in chips)
Seat 4: Hero ($5.08 in chips)
Seat 5: a632e813 ($4.98 in chips)
Seat 6: e3806eef ($9.17 in chips)
dfac0c21: posts small blind $0.02
Hero: posts big blind $0.05
*** HOLE CARDS ***
Dealt to 6dec629d 
Dealt to c7755757 
Dealt to dfac0c21 
Dealt to Hero [2c 2s]
Dealt to a632e813 
Dealt to e3806eef 
a632e813: raises $0.1 to $0.15
e3806eef: folds
6dec629d: folds
c7755757: folds
dfac0c21: raises $0.41 to $0.56
Hero: folds
a632e813: calls $0.41
*** FLOP *** [As 5c 9h]
dfac0c21: bets $0.32
a632e813: raises $0.91 to $1.23
dfac0c21: calls $0.91
*** TURN *** [As 5c 9h] [Ks]
dfac0c21: checks
a632e813: checks
*** RIVER *** [As 5c 9h Ks] [2h]
dfac0c21: bets $0.88
a632e813: calls $0.88
dfac0c21: shows [Ac Ah] (Three Aces)
a632e813: shows [Qh Kc] (Pair of Kings)
*** SHOWDOWN ***
dfac0c21 collected $5.08 from pot
*** SUMMARY ***
Total pot $5.39 | Rake $0.26 | Jackpot $0.05 | Bingo $0 | Fortune $0 | Tax $0
Board [As 5c 9h Ks 2h]
Seat 1: 6dec629d folded before Flop (didn't bet)
Seat 2: c7755757 (button) folded before Flop (didn't bet)
Seat 3: dfac0c21 (small blind) showed [Ac Ah] and won ($5.08) with Three Aces
Seat 4: Hero (big blind) folded before Flop
Seat 5: a632e813 showed [Qh Kc] and lost with Pair of Kings
Seat 6: e3806eef folded before Flop (didn't bet)


Poker Hand #HD1597064772: Hold'em No Limit ($0.02/$0.05) - 2024/01/20 11:04:26
Table 'NLHBlue31' 6-max Seat #1 is the button
Seat 1: 6dec629d ($8.93 in chips)
Seat 2: c7755757 ($4.95 in chips)
Seat 3: dfac0c21 ($5 in chips)
Seat 4: Hero ($5.08 in chips)
Seat 5: a632e813 ($4.98 in chips)
Seat 6: e3806eef ($9.17 in chips)
c7755757: posts small blind $0.02
dfac0c21: posts big blind $0.05
*** HOLE CARDS ***
Dealt to 6dec629d 
Dealt to c7755757 
Dealt to dfac0c21 
Dealt to Hero [Tc 9h]
Dealt to a632e813 
Dealt to e3806eef 
Hero: folds
a632e813: folds
e3806eef: folds
6dec629d: folds
c7755757: folds
Uncalled bet ($0.03) returned to dfac0c21
*** SHOWDOWN ***
dfac0c21 collected $0.04 from pot
*** SUMMARY ***
Total pot $0.04 | Rake $0 | Jackpot $0 | Bingo $0 | Fortune $0 | Tax $0
Seat 1: 6dec629d (button) folded before Flop (didn't bet)
Seat 2: c7755757 (small blind) folded before Flop
Seat 3: dfac0c21 (big blind) collected ($0.04)
Seat 4: Hero folded before Flop (didn't bet)
Seat 5: a632e813 folded before Flop (didn't bet)
Seat 6: e3806eef folded before Flop (didn't bet)


Poker Hand #HD1597064744: Hold'em No Limit ($0.02/$0.05) - 2024/01/20 11:04:10
Table 'NLHBlue31' 6-max Seat #6 is the button
Seat 1: 6dec629d ($8.95 in chips)
Seat 2: c7755757 ($5 in chips)
Seat 3: dfac0c21 ($5 in chips)
Seat 4: Hero ($5.08 in chips)
Seat 5: a632e813 ($4.98 in chips)
Seat 6: e3806eef ($9.1 in chips)
6dec629d: posts small blind $0.02
c7755757: posts big blind $0.05
*** HOLE CARDS ***
Dealt to 6dec629d 
Dealt to c7755757 
Dealt to dfac0c21 
Dealt to Hero [2h 4h]
Dealt to a632e813 
Dealt to e3806eef 
dfac0c21: folds
Hero: folds
a632e813: folds
e3806eef: raises $0.07 to $0.12
6dec629d: folds
c7755757: folds
Uncalled bet ($0.07) returned to e3806eef
*** SHOWDOWN ***
e3806eef collected $0.12 from pot
*** SUMMARY ***
Total pot $0.12 | Rake $0 | Jackpot $0 | Bingo $0 | Fortune $0 | Tax $0
Seat 1: 6dec629d (small blind) folded before Flop
Seat 2: c7755757 (big blind) folded before Flop
Seat 3: dfac0c21 folded before Flop (didn't bet)
Seat 4: Hero folded before Flop (didn't bet)
Seat 5: a632e813 folded before Flop (didn't bet)
Seat 6: e3806eef (button) collected ($0.12)


Poker Hand #HD1597064700: Hold'em No Limit ($0.02/$0.05) - 2024/01/20 11:03:42
Table 'NLHBlue31' 6-max Seat #5 is the button
Seat 1: 6dec629d ($9 in chips)
Seat 3: dfac0c21 ($5 in chips)
Seat 4: Hero ($5.08 in chips)
Seat 5: a632e813 ($4.98 in chips)
Seat 6: e3806eef ($9.05 in chips)
e3806eef: posts small blind $0.02
6dec629d: posts big blind $0.05
*** HOLE CARDS ***
Dealt to 6dec629d 
Dealt to dfac0c21 
Dealt to Hero [7c 3d]
Dealt to a632e813 
Dealt to e3806eef 
dfac0c21: folds
Hero: folds
a632e813: folds
e3806eef: raises $0.1 to $0.15
6dec629d: folds
Uncalled bet ($0.1) returned to e3806eef
*** SHOWDOWN ***
e3806eef collected $0.1 from pot
*** SUMMARY ***
Total pot $0.1 | Rake $0 | Jackpot $0 | Bingo $0 | Fortune $0 | Tax $0
Seat 1: 6dec629d (big blind) folded before Flop
Seat 3: dfac0c21 folded before Flop (didn't bet)
Seat 4: Hero folded before Flop (didn't bet)
Seat 5: a632e813 (button) folded before Flop (didn't bet)
Seat 6: e3806eef (small blind) collected ($0.1)


Poker Hand #HD1597064627: Hold'em No Limit ($0.02/$0.05) - 2024/01/20 11:02:47
Table 'NLHBlue31' 6-max Seat #4 is the button
Seat 1: 6dec629d ($9 in chips)
Seat 3: dfac0c21 ($5 in chips)
Seat 4: Hero ($5.08 in chips)
Seat 5: a632e813 ($5 in chips)
Seat 6: e3806eef ($8.72 in chips)
a632e813: posts small blind $0.02
e3806eef: posts big blind $0.05
*** HOLE CARDS ***
Dealt to 6dec629d 
Dealt to dfac0c21 
Dealt to Hero [3h 5s]
Dealt to a632e813 
Dealt to e3806eef 
6dec629d: folds
dfac0c21: raises $0.08 to $0.13
Hero: folds
a632e813: folds
e3806eef: calls $0.08
*** FLOP *** [3d 7c 5d]
e3806eef: checks
dfac0c21: checks
*** TURN *** [3d 7c 5d] [Jh]
e3806eef: checks
dfac0c21: bets $0.21
e3806eef: calls $0.21
*** RIVER *** [3d 7c 5d Jh] [6h]
e3806eef: checks
dfac0c21: checks
e3806eef: shows [Th 7h] (Pair of Sevens)
dfac0c21: shows [Ks Td] (King-High)
*** SHOWDOWN ***
e3806eef collected $0.67 from pot
*** SUMMARY ***
Total pot $0.7 | Rake $0.03 | Jackpot $0 | Bingo $0 | Fortune $0 | Tax $0
Board [3d 7c 5d Jh 6h]
Seat 1: 6dec629d folded before Flop (didn't bet)
Seat 3: dfac0c21 showed [Ks Td] and lost with King-High
Seat 4: Hero (button) folded before Flop (didn't bet)
Seat 5: a632e813 (small blind) folded before Flop
Seat 6: e3806eef (big blind) showed [Th 7h] and won ($0.67) with Pair of Sevens


Poker Hand #HD1597064491: Hold'em No Limit ($0.02/$0.05) - 2024/01/20 11:01:10
Table 'NLHBlue31' 6-max Seat #3 is the button
Seat 1: 6dec629d ($9 in chips)
Seat 2: c808d997 ($2.85 in chips)
Seat 3: dfac0c21 ($5 in chips)
Seat 4: Hero ($5.1 in chips)
Seat 5: a632e813 ($4.75 in chips)
Seat 6: e3806eef ($6.41 in chips)
Hero: posts small blind $0.02
a632e813: posts big blind $0.05
*** HOLE CARDS ***
Dealt to 6dec629d 
Dealt to c808d997 
Dealt to dfac0c21 
Dealt to Hero [4s 5s]
Dealt to a632e813 
Dealt to e3806eef 
e3806eef: raises $0.07 to $0.12
6dec629d: folds
c808d997: folds
dfac0c21: folds
Hero: folds
a632e813: raises $0.26 to $0.38
e3806eef: calls $0.26
*** FLOP *** [5d 8c 4d]
a632e813: bets $0.39
e3806eef: calls $0.39
*** TURN *** [5d 8c 4d] [2c]
a632e813: checks
e3806eef: bets $0.52
a632e813: raises $1.3 to $1.82
e3806eef: raises $3.82 to $5.64 and is all-in
a632e813: folds
Uncalled bet ($3.82) returned to e3806eef
*** SHOWDOWN ***
e3806eef collected $4.9 from pot
*** SUMMARY ***
Total pot $5.2 | Rake $0.25 | Jackpot $0.05 | Bingo $0 | Fortune $0 | Tax $0
Board [5d 8c 4d 2c]
Seat 1: 6dec629d folded before Flop (didn't bet)
Seat 2: c808d997 folded before Flop (didn't bet)
Seat 3: dfac0c21 (button) folded before Flop (didn't bet)
Seat 4: Hero (small blind) folded before Flop
Seat 5: a632e813 (big blind) folded on the Turn
Seat 6: e3806eef won ($4.9)


Poker Hand #HD1597064446: Hold'em No Limit ($0.02/$0.05) - 2024/01/20 11:00:36
Table 'NLHBlue31' 6-max Seat #2 is the button
Seat 1: 6dec629d ($9 in chips)
Seat 2: c808d997 ($2.69 in chips)
Seat 3: dfac0c21 ($5 in chips)
Seat 4: Hero ($5.25 in chips)
Seat 5: a632e813 ($4.75 in chips)
Seat 6: e3806eef ($6.41 in chips)
dfac0c21: posts small blind $0.02
Hero: posts big blind $0.05
*** HOLE CARDS ***
Dealt to 6dec629d 
Dealt to c808d997 
Dealt to dfac0c21 
Dealt to Hero [7c 6c]
Dealt to a632e813 
Dealt to e3806eef 
a632e813: folds
e3806eef: folds
6dec629d: folds
c808d997: raises $0.1 to $0.15
dfac0c21: folds
Hero: calls $0.1
*** FLOP *** [4h Jh 2c]
Hero: checks
c808d997: bets $0.16
Hero: folds
Uncalled bet ($0.16) returned to c808d997
*** SHOWDOWN ***
c808d997 collected $0.31 from pot
*** SUMMARY ***
Total pot $0.32 | Rake $0.01 | Jackpot $0 | Bingo $0 | Fortune $0 | Tax $0
Board [4h Jh 2c]
Seat 1: 6dec629d folded before Flop (didn't bet)
Seat 2: c808d997 (button) won ($0.31)
Seat 3: dfac0c21 (small blind) folded before Flop
Seat 4: Hero (big blind) folded on the Flop
Seat 5: a632e813 folded before Flop (didn't bet)
Seat 6: e3806eef folded before Flop (didn't bet)


Poker Hand #HD1597064392: Hold'em No Limit ($0.02/$0.05) - 2024/01/20 11:00:02
Table 'NLHBlue31' 6-max Seat #1 is the button
Seat 1: 6dec629d ($9.12 in chips)
Seat 2: c808d997 ($2.71 in chips)
Seat 3: dfac0c21 ($5 in chips)
Seat 4: Hero ($5.07 in chips)
Seat 5: a632e813 ($4.75 in chips)
Seat 6: e3806eef ($6.41 in chips)
c808d997: posts small blind $0.02
dfac0c21: posts big blind $0.05
*** HOLE CARDS ***
Dealt to 6dec629d 
Dealt to c808d997 
Dealt to dfac0c21 
Dealt to Hero [9s Qs]
Dealt to a632e813 
Dealt to e3806eef 
Hero: raises $0.07 to $0.12
a632e813: folds
e3806eef: folds
6dec629d: calls $0.12
c808d997: folds
dfac0c21: folds
*** FLOP *** [8h 5c Ad]
Hero: bets $0.18
6dec629d: folds
Uncalled bet ($0.18) returned to Hero
*** SHOWDOWN ***
Hero collected $0.3 from pot
*** SUMMARY ***
Total pot $0.31 | Rake $0.01 | Jackpot $0 | Bingo $0 | Fortune $0 | Tax $0
Board [8h 5c Ad]
Seat 1: 6dec629d (button) folded on the Flop
Seat 2: c808d997 (small blind) folded before Flop
Seat 3: dfac0c21 (big blind) folded before Flop
Seat 4: Hero won ($0.3)
Seat 5: a632e813 folded before Flop (didn't bet)
Seat 6: e3806eef folded before Flop (didn't bet)


Poker Hand #HD1597064328: Hold'em No Limit ($0.02/$0.05) - 2024/01/20 10:59:23
Table 'NLHBlue31' 6-max Seat #6 is the button
Seat 1: 6dec629d ($8.93 in chips)
Seat 2: c808d997 ($2.76 in chips)
Seat 3: dfac0c21 ($5 in chips)
Seat 4: Hero ($5.07 in chips)
Seat 5: a632e813 ($4.9 in chips)
Seat 6: e3806eef ($6.41 in chips)
6dec629d: posts small blind $0.02
c808d997: posts big blind $0.05
*** HOLE CARDS ***
Dealt to 6dec629d 
Dealt to c808d997 
Dealt to dfac0c21 
Dealt to Hero [6s 9s]
Dealt to a632e813 
Dealt to e3806eef 
dfac0c21: folds
Hero: folds
a632e813: raises $0.1 to $0.15
e3806eef: folds
6dec629d: raises $0.42 to $0.57
c808d997: folds
a632e813: folds
Uncalled bet ($0.42) returned to 6dec629d
*** SHOWDOWN ***
6dec629d collected $0.34 from pot
*** SUMMARY ***
Total pot $0.35 | Rake $0.01 | Jackpot $0 | Bingo $0 | Fortune $0 | Tax $0
Seat 1: 6dec629d (small blind) collected ($0.34)
Seat 2: c808d997 (big blind) folded before Flop
Seat 3: dfac0c21 folded before Flop (didn't bet)
Seat 4: Hero folded before Flop (didn't bet)
Seat 5: a632e813 folded before Flop
Seat 6: e3806eef (button) folded before Flop (didn't bet)


Poker Hand #HD1597064290: Hold'em No Limit ($0.02/$0.05) - 2024/01/20 10:58:58
Table 'NLHBlue31' 6-max Seat #5 is the button
Seat 1: 6dec629d ($8.98 in chips)
Seat 2: c808d997 ($2.76 in chips)
Seat 3: dfac0c21 ($5 in chips)
Seat 4: Hero ($5.07 in chips)
Seat 5: a632e813 ($4.9 in chips)
Seat 6: e3806eef ($6.36 in chips)
e3806eef: posts small blind $0.02
6dec629d: posts big blind $0.05
*** HOLE CARDS ***
Dealt to 6dec629d 
Dealt to c808d997 
Dealt to dfac0c21 
Dealt to Hero [9c Ah]
Dealt to a632e813 
Dealt to e3806eef 
c808d997: folds
dfac0c21: folds
Hero: folds
a632e813: folds
e3806eef: raises $0.1 to $0.15
6dec629d: folds
Uncalled bet ($0.1) returned to e3806eef
*** SHOWDOWN ***
e3806eef collected $0.1 from pot
*** SUMMARY ***
Total pot $0.1 | Rake $0 | Jackpot $0 | Bingo $0 | Fortune $0 | Tax $0
Seat 1: 6dec629d (big blind) folded before Flop
Seat 2: c808d997 folded before Flop (didn't bet)
Seat 3: dfac0c21 folded before Flop (didn't bet)
Seat 4: Hero folded before Flop (didn't bet)
Seat 5: a632e813 (button) folded before Flop (didn't bet)
Seat 6: e3806eef (small blind) collected ($0.1)


Poker Hand #HD1597064267: Hold'em No Limit ($0.02/$0.05) - 2024/01/20 10:58:41
Table 'NLHBlue31' 6-max Seat #4 is the button
Seat 1: 6dec629d ($8.98 in chips)
Seat 2: c808d997 ($2.69 in chips)
Seat 3: dfac0c21 ($5 in chips)
Seat 4: Hero ($5.07 in chips)
Seat 5: a632e813 ($4.92 in chips)
Seat 6: e3806eef ($6.41 in chips)
a632e813: posts small blind $0.02
e3806eef: posts big blind $0.05
*** HOLE CARDS ***
Dealt to 6dec629d 
Dealt to c808d997 
Dealt to dfac0c21 
Dealt to Hero [6c Qd]
Dealt to a632e813 
Dealt to e3806eef 
6dec629d: folds
c808d997: raises $0.1 to $0.15
dfac0c21: folds
Hero: folds
a632e813: folds
e3806eef: folds
Uncalled bet ($0.1) returned to c808d997
*** SHOWDOWN ***
c808d997 collected $0.12 from pot
*** SUMMARY ***
Total pot $0.12 | Rake $0 | Jackpot $0 | Bingo $0 | Fortune $0 | Tax $0
Seat 1: 6dec629d folded before Flop (didn't bet)
Seat 2: c808d997 collected ($0.12)
Seat 3: dfac0c21 folded before Flop (didn't bet)
Seat 4: Hero (button) folded before Flop (didn't bet)
Seat 5: a632e813 (small blind) folded before Flop
Seat 6: e3806eef (big blind) folded before Flop


Poker Hand #HD1597064232: Hold'em No Limit ($0.02/$0.05) - 2024/01/20 10:58:19
Table 'NLHBlue31' 6-max Seat #3 is the button
Seat 1: 6dec629d ($8.91 in chips)
Seat 2: c808d997 ($2.69 in chips)
Seat 3: dfac0c21 ($5 in chips)
Seat 4: Hero ($5.09 in chips)
Seat 5: a632e813 ($4.97 in chips)
Seat 6: e3806eef ($6.41 in chips)
Hero: posts small blind $0.02
a632e813: posts big blind $0.05
*** HOLE CARDS ***
Dealt to 6dec629d 
Dealt to c808d997 
Dealt to dfac0c21 
Dealt to Hero [9h 3h]
Dealt to a632e813 
Dealt to e3806eef 
e3806eef: folds
6dec629d: raises $0.1 to $0.15
c808d997: folds
dfac0c21: folds
Hero: folds
a632e813: folds
Uncalled bet ($0.1) returned to 6dec629d
*** SHOWDOWN ***
6dec629d collected $0.12 from pot
*** SUMMARY ***
Total pot $0.12 | Rake $0 | Jackpot $0 | Bingo $0 | Fortune $0 | Tax $0
Seat 1: 6dec629d collected ($0.12)
Seat 2: c808d997 folded before Flop (didn't bet)
Seat 3: dfac0c21 (button) folded before Flop (didn't bet)
Seat 4: Hero (small blind) folded before Flop
Seat 5: a632e813 (big blind) folded before Flop
Seat 6: e3806eef folded before Flop (didn't bet)


Poker Hand #HD1597064217: Hold'em No Limit ($0.02/$0.05) - 2024/01/20 10:58:06
Table 'NLHBlue31' 6-max Seat #2 is the button
Seat 1: 6dec629d ($8.91 in chips)
Seat 2: c808d997 ($2.69 in chips)
Seat 3: dfac0c21 ($5 in chips)
Seat 4: Hero ($5.07 in chips)
Seat 5: a632e813 ($4.97 in chips)
Seat 6: e3806eef ($6.41 in chips)
dfac0c21: posts small blind $0.02
Hero: posts big blind $0.05
*** HOLE CARDS ***
Dealt to 6dec629d 
Dealt to c808d997 
Dealt to dfac0c21 
Dealt to Hero [3s 9c]
Dealt to a632e813 
Dealt to e3806eef 
a632e813: folds
e3806eef: folds
6dec629d: folds
c808d997: folds
dfac0c21: folds
Uncalled bet ($0.03) returned to Hero
*** SHOWDOWN ***
Hero collected $0.04 from pot
*** SUMMARY ***
Total pot $0.04 | Rake $0 | Jackpot $0 | Bingo $0 | Fortune $0 | Tax $0
Seat 1: 6dec629d folded before Flop (didn't bet)
Seat 2: c808d997 (button) folded before Flop (didn't bet)
Seat 3: dfac0c21 (small blind) folded before Flop
Seat 4: Hero (big blind) collected ($0.04)
Seat 5: a632e813 folded before Flop (didn't bet)
Seat 6: e3806eef folded before Flop (didn't bet)


Poker Hand #HD1597064157: Hold'em No Limit ($0.02/$0.05) - 2024/01/20 10:57:24
Table 'NLHBlue31' 6-max Seat #1 is the button
Seat 1: 6dec629d ($8.91 in chips)
Seat 2: c808d997 ($2.71 in chips)
Seat 3: dfac0c21 ($5 in chips)
Seat 4: Hero ($5.07 in chips)
Seat 5: a632e813 ($4.81 in chips)
Seat 6: e3806eef ($6.41 in chips)
c808d997: posts small blind $0.02
dfac0c21: posts big blind $0.05
*** HOLE CARDS ***
Dealt to 6dec629d 
Dealt to c808d997 
Dealt to dfac0c21 
Dealt to Hero [Kc 7h]
Dealt to a632e813 
Dealt to e3806eef 
Hero: folds
a632e813: raises $0.1 to $0.15
e3806eef: folds
6dec629d: folds
c808d997: folds
dfac0c21: calls $0.1
*** FLOP *** [5h 6d 2h]
dfac0c21: checks
a632e813: bets $0.24
dfac0c21: folds
Uncalled bet ($0.24) returned to a632e813
*** SHOWDOWN ***
a632e813 collected $0.31 from pot
*** SUMMARY ***
Total pot $0.32 | Rake $0.01 | Jackpot $0 | Bingo $0 | Fortune $0 | Tax $0
Board [5h 6d 2h]
Seat 1: 6dec629d (button) folded before Flop (didn't bet)
Seat 2: c808d997 (small blind) folded before Flop
Seat 3: dfac0c21 (big blind) folded on the Flop
Seat 4: Hero folded before Flop (didn't bet)
Seat 5: a632e813 won ($0.31)
Seat 6: e3806eef folded before Flop (didn't bet)


Poker Hand #HD1597064136: Hold'em No Limit ($0.02/$0.05) - 2024/01/20 10:57:12
Table 'NLHBlue31' 6-max Seat #6 is the button
Seat 1: 6dec629d ($8.93 in chips)
Seat 2: c808d997 ($2.76 in chips)
Seat 4: Hero ($5 in chips)
Seat 5: a632e813 ($4.81 in chips)
Seat 6: e3806eef ($6.41 in chips)
6dec629d: posts small blind $0.02
c808d997: posts big blind $0.05
*** HOLE CARDS ***
Dealt to 6dec629d 
Dealt to c808d997 
Dealt to Hero [5h 5d]
Dealt to a632e813 
Dealt to e3806eef 
Hero: raises $0.07 to $0.12
a632e813: folds
e3806eef: folds
6dec629d: folds
c808d997: folds
Uncalled bet ($0.07) returned to Hero
*** SHOWDOWN ***
Hero collected $0.12 from pot
*** SUMMARY ***
Total pot $0.12 | Rake $0 | Jackpot $0 | Bingo $0 | Fortune $0 | Tax $0
Seat 1: 6dec629d (small blind) folded before Flop
Seat 2: c808d997 (big blind) folded before Flop
Seat 4: Hero collected ($0.12)
Seat 5: a632e813 folded before Flop (didn't bet)
Seat 6: e3806eef (button) folded before Flop (didn't bet)


Poker Hand #HD1597064115: Hold'em No Limit ($0.02/$0.05) - 2024/01/20 10:56:56
Table 'NLHBlue31' 6-max Seat #5 is the button
Seat 1: 6dec629d ($8.91 in chips)
Seat 2: c808d997 ($2.76 in chips)
Seat 4: Hero ($5 in chips)
Seat 5: a632e813 ($4.81 in chips)
Seat 6: e3806eef ($6.43 in chips)
e3806eef: posts small blind $0.02
6dec629d: posts big blind $0.05
*** HOLE CARDS ***
Dealt to 6dec629d 
Dealt to c808d997 
Dealt to Hero [Jh 8c]
Dealt to a632e813 
Dealt to e3806eef 
c808d997: folds
Hero: folds
a632e813: folds
e3806eef: folds
Uncalled bet ($0.03) returned to 6dec629d
*** SHOWDOWN ***
6dec629d collected $0.04 from pot
*** SUMMARY ***
Total pot $0.04 | Rake $0 | Jackpot $0 | Bingo $0 | Fortune $0 | Tax $0
Seat 1: 6dec629d (big blind) collected ($0.04)
Seat 2: c808d997 folded before Flop (didn't bet)
Seat 4: Hero folded before Flop (didn't bet)
Seat 5: a632e813 (button) folded before Flop (didn't bet)
Seat 6: e3806eef (small blind) folded before Flop


Poker Hand #HD1597064073: Hold'em No Limit ($0.02/$0.05) - 2024/01/20 10:56:36
Table 'NLHBlue31' 6-max Seat #4 is the button
Seat 1: 6dec629d ($8.84 in chips)
Seat 2: c808d997 ($2.76 in chips)
Seat 4: Hero ($5 in chips)
Seat 5: a632e813 ($4.83 in chips)
Seat 6: e3806eef ($6.48 in chips)
a632e813: posts small blind $0.02
e3806eef: posts big blind $0.05
*** HOLE CARDS ***
Dealt to 6dec629d 
Dealt to c808d997 
Dealt to Hero [4c 8d]
Dealt to a632e813 
Dealt to e3806eef 
6dec629d: raises $0.1 to $0.15
c808d997: folds
Hero: folds
a632e813: folds
e3806eef: folds
Uncalled bet ($0.1) returned to 6dec629d
*** SHOWDOWN ***
6dec629d collected $0.12 from pot
*** SUMMARY ***
Total pot $0.12 | Rake $0 | Jackpot $0 | Bingo $0 | Fortune $0 | Tax $0
Seat 1: 6dec629d collected ($0.12)
Seat 2: c808d997 folded before Flop (didn't bet)
Seat 4: Hero (button) folded before Flop (didn't bet)
Seat 5: a632e813 (small blind) folded before Flop
Seat 6: e3806eef (big blind) folded before Flop


Poker Hand #HD1597064008: Hold'em No Limit ($0.02/$0.05) - 2024/01/20 10:55:57
Table 'NLHBlue31' 6-max Seat #2 is the button
Seat 1: 6dec629d ($8.84 in chips)
Seat 2: c808d997 ($1.45 in chips)
Seat 3: 3bb6c51b ($2.31 in chips)
Seat 4: Hero ($5 in chips)
Seat 5: a632e813 ($4.83 in chips)
Seat 6: e3806eef ($6.48 in chips)
3bb6c51b: posts small blind $0.02
Hero: posts big blind $0.05
*** HOLE CARDS ***
Dealt to 6dec629d 
Dealt to c808d997 
Dealt to 3bb6c51b 
Dealt to Hero [Td Ks]
Dealt to a632e813 
Dealt to e3806eef 
a632e813: folds
e3806eef: folds
6dec629d: folds
c808d997: raises $0.1 to $0.15
3bb6c51b: raises $0.35 to $0.5
Hero: folds
c808d997: raises $0.95 to $1.45 and is all-in
3bb6c51b: calls $0.95
c808d997: shows [Qd Qh]
3bb6c51b: shows [As 2h]
*** FLOP *** [Jh 8d 4c]
*** TURN *** [Jh 8d 4c] [4d]
*** RIVER *** [Jh 8d 4c 4d] [3c]
*** SHOWDOWN ***
c808d997 collected $2.76 from pot
*** SUMMARY ***
Total pot $2.95 | Rake $0.14 | Jackpot $0.05 | Bingo $0 | Fortune $0 | Tax $0
Board [Jh 8d 4c 4d 3c]
Seat 1: 6dec629d folded before Flop (didn't bet)
Seat 2: c808d997 (button) showed [Qd Qh] and won ($2.76) with Pair of Queens and Pair of Fours
Seat 3: 3bb6c51b (small blind) showed [As 2h] and lost with Pair of Fours
Seat 4: Hero (big blind) folded before Flop
Seat 5: a632e813 folded before Flop (didn't bet)
Seat 6: e3806eef folded before Flop (didn't bet)


