Poker Hand #HD1201791320: Hold'em No Limit  ($0.02/$0.05) - 2023/04/13 18:34:11
Table 'NLHBlue113' 6-max Seat #5 is the button
Seat 2: 67419851 ($5.12 in chips)
Seat 3: Hero ($5.18 in chips)
Seat 4: 24318db2 ($4.82 in chips)
Seat 5: ea6e8c8 ($5.03 in chips)
Seat 6: ee5dc6c8 ($5.02 in chips)
ee5dc6c8: posts small blind $0.02
67419851: posts big blind $0.05
*** HOLE CARDS ***
Dealt to 67419851 
Dealt to Hero [6s Ac]
Dealt to 24318db2 
Dealt to ea6e8c8 
Dealt to ee5dc6c8 
Hero: folds
24318db2: folds
ea6e8c8: raises $0.07 to $0.12
ee5dc6c8: folds
67419851: folds
Uncalled bet ($0.07) returned to ea6e8c8
*** SHOWDOWN ***
ea6e8c8 collected $0.12 from pot
*** SUMMARY ***
Total pot $0.12 | Rake $0 | Jackpot $0 | Bingo $0 | Fortune $0
Seat 2: 67419851 (big blind) folded before Flop
Seat 3: Hero folded before Flop (didn't bet)
Seat 4: 24318db2 folded before Flop (didn't bet)
Seat 5: ea6e8c8 (button) collected ($0.12)
Seat 6: ee5dc6c8 (small blind) folded before Flop


Poker Hand #HD1201791214: Hold'em No Limit  ($0.02/$0.05) - 2023/04/13 18:33:35
Table 'NLHBlue113' 6-max Seat #4 is the button
Seat 2: 67419851 ($5.12 in chips)
Seat 3: Hero ($5 in chips)
Seat 4: 24318db2 ($4.94 in chips)
Seat 5: ea6e8c8 ($5.05 in chips)
Seat 6: ee5dc6c8 ($5.07 in chips)
ea6e8c8: posts small blind $0.02
ee5dc6c8: posts big blind $0.05
*** HOLE CARDS ***
Dealt to 67419851 
Dealt to Hero [Ad As]
Dealt to 24318db2 
Dealt to ea6e8c8 
Dealt to ee5dc6c8 
67419851: folds
Hero: raises $0.07 to $0.12
24318db2: calls $0.12
ea6e8c8: folds
ee5dc6c8: folds
*** FLOP *** [7c Jd Qc]
Hero: bets $0.16
24318db2: folds
Uncalled bet ($0.16) returned to Hero
*** SHOWDOWN ***
Hero collected $0.3 from pot
*** SUMMARY ***
Total pot $0.31 | Rake $0.01 | Jackpot $0 | Bingo $0 | Fortune $0
Board [7c Jd Qc]
Seat 2: 67419851 folded before Flop (didn't bet)
Seat 3: Hero won ($0.3)
Seat 4: 24318db2 (button) folded on the Flop
Seat 5: ea6e8c8 (small blind) folded before Flop
Seat 6: ee5dc6c8 (big blind) folded before Flop


Poker Hand #HD1201791136: Hold'em No Limit  ($0.02/$0.05) - 2023/04/13 18:32:57
Table 'NLHBlue113' 6-max Seat #3 is the button
Seat 2: 67419851 ($5.12 in chips)
Seat 3: Hero ($5 in chips)
Seat 4: 24318db2 ($4.99 in chips)
Seat 5: ea6e8c8 ($5 in chips)
Seat 6: ee5dc6c8 ($5.07 in chips)
24318db2: posts small blind $0.02
ea6e8c8: posts big blind $0.05
*** HOLE CARDS ***
Dealt to 67419851 
Dealt to Hero [4h 5s]
Dealt to 24318db2 
Dealt to ea6e8c8 
Dealt to ee5dc6c8 
ee5dc6c8: folds
67419851: folds
Hero: folds
24318db2: calls $0.03
ea6e8c8: checks
*** FLOP *** [6s Ah Js]
24318db2: checks
ea6e8c8: checks
*** TURN *** [6s Ah Js] [Ac]
24318db2: checks
ea6e8c8: checks
*** RIVER *** [6s Ah Js Ac] [Tc]
24318db2: checks
ea6e8c8: checks
24318db2: shows [4d 5h] (Pair of Aces)
ea6e8c8: shows [8h Kc] (Pair of Aces)
*** SHOWDOWN ***
ea6e8c8 collected $0.1 from pot
*** SUMMARY ***
Total pot $0.1 | Rake $0 | Jackpot $0 | Bingo $0 | Fortune $0
Board [6s Ah Js Ac Tc]
Seat 2: 67419851 folded before Flop (didn't bet)
Seat 3: Hero (button) folded before Flop (didn't bet)
Seat 4: 24318db2 (small blind) showed [4d 5h] and lost with Pair of Aces
Seat 5: ea6e8c8 (big blind) showed [8h Kc] and won ($0.1) with Pair of Aces
Seat 6: ee5dc6c8 folded before Flop (didn't bet)


Poker Hand #HD1201791114: Hold'em No Limit  ($0.02/$0.05) - 2023/04/13 18:32:48
Table 'NLHBlue113' 6-max Seat #2 is the button
Seat 2: 67419851 ($5.12 in chips)
Seat 3: Hero ($5 in chips)
Seat 4: 24318db2 ($4.97 in chips)
Seat 6: ee5dc6c8 ($5.07 in chips)
Hero: posts small blind $0.02
24318db2: posts big blind $0.05
*** HOLE CARDS ***
Dealt to 67419851 
Dealt to Hero [8s 2c]
Dealt to 24318db2 
Dealt to ee5dc6c8 
ee5dc6c8: folds
67419851: folds
Hero: folds
Uncalled bet ($0.03) returned to 24318db2
*** SHOWDOWN ***
24318db2 collected $0.04 from pot
*** SUMMARY ***
Total pot $0.04 | Rake $0 | Jackpot $0 | Bingo $0 | Fortune $0
Seat 2: 67419851 (button) folded before Flop (didn't bet)
Seat 3: Hero (small blind) folded before Flop
Seat 4: 24318db2 (big blind) collected ($0.04)
Seat 6: ee5dc6c8 folded before Flop (didn't bet)


Poker Hand #HD1201791080: Hold'em No Limit  ($0.02/$0.05) - 2023/04/13 18:32:37
Table 'NLHBlue113' 6-max Seat #6 is the button
Seat 2: 67419851 ($5.14 in chips)
Seat 3: Hero ($5 in chips)
Seat 4: 24318db2 ($4.97 in chips)
Seat 6: ee5dc6c8 ($5 in chips)
67419851: posts small blind $0.02
Hero: posts big blind $0.05
*** HOLE CARDS ***
Dealt to 67419851 
Dealt to Hero [2s 9h]
Dealt to 24318db2 
Dealt to ee5dc6c8 
24318db2: folds
ee5dc6c8: raises $0.1 to $0.15
67419851: folds
Hero: folds
Uncalled bet ($0.1) returned to ee5dc6c8
*** SHOWDOWN ***
ee5dc6c8 collected $0.12 from pot
*** SUMMARY ***
Total pot $0.12 | Rake $0 | Jackpot $0 | Bingo $0 | Fortune $0
Seat 2: 67419851 (small blind) folded before Flop
Seat 3: Hero (big blind) folded before Flop
Seat 4: 24318db2 folded before Flop (didn't bet)
Seat 6: ee5dc6c8 (button) collected ($0.12)


Poker Hand #HD1201791061: Hold'em No Limit  ($0.02/$0.05) - 2023/04/13 18:32:28
Table 'NLHBlue113' 6-max Seat #4 is the button
Seat 2: 67419851 ($5.12 in chips)
Seat 3: Hero ($5 in chips)
Seat 4: 24318db2 ($4.97 in chips)
Seat 6: ee5dc6c8 ($5 in chips)
ee5dc6c8: posts small blind $0.02
67419851: posts big blind $0.05
*** HOLE CARDS ***
Dealt to 67419851 
Dealt to Hero [Ts 4c]
Dealt to 24318db2 
Dealt to ee5dc6c8 
Hero: folds
24318db2: folds
ee5dc6c8: folds
Uncalled bet ($0.03) returned to 67419851
*** SHOWDOWN ***
67419851 collected $0.04 from pot
*** SUMMARY ***
Total pot $0.04 | Rake $0 | Jackpot $0 | Bingo $0 | Fortune $0
Seat 2: 67419851 (big blind) collected ($0.04)
Seat 3: Hero folded before Flop (didn't bet)
Seat 4: 24318db2 (button) folded before Flop (didn't bet)
Seat 6: ee5dc6c8 (small blind) folded before Flop


Poker Hand #HD1201791036: Hold'em No Limit  ($0.02/$0.05) - 2023/04/13 18:32:16
Table 'NLHBlue113' 6-max Seat #3 is the button
Seat 2: 67419851 ($5.05 in chips)
Seat 3: Hero ($5 in chips)
Seat 4: 24318db2 ($4.99 in chips)
Seat 6: ee5dc6c8 ($5.02 in chips)
24318db2: posts small blind $0.02
ee5dc6c8: posts big blind $0.05
*** HOLE CARDS ***
Dealt to 67419851 
Dealt to Hero [Tc Ks]
Dealt to 24318db2 
Dealt to ee5dc6c8 
67419851: raises $0.06 to $0.11
Hero: folds
24318db2: folds
ee5dc6c8: folds
Uncalled bet ($0.06) returned to 67419851
*** SHOWDOWN ***
67419851 collected $0.12 from pot
*** SUMMARY ***
Total pot $0.12 | Rake $0 | Jackpot $0 | Bingo $0 | Fortune $0
Seat 2: 67419851 collected ($0.12)
Seat 3: Hero (button) folded before Flop (didn't bet)
Seat 4: 24318db2 (small blind) folded before Flop
Seat 6: ee5dc6c8 (big blind) folded before Flop


Poker Hand #HD1201791008: Hold'em No Limit  ($0.02/$0.05) - 2023/04/13 18:32:07
Table 'NLHBlue113' 6-max Seat #2 is the button
Seat 2: 67419851 ($5.05 in chips)
Seat 3: Hero ($5.02 in chips)
Seat 4: 24318db2 ($4.97 in chips)
Seat 6: ee5dc6c8 ($5.02 in chips)
Hero: posts small blind $0.02
24318db2: posts big blind $0.05
*** HOLE CARDS ***
Dealt to 67419851 
Dealt to Hero [Ts 6h]
Dealt to 24318db2 
Dealt to ee5dc6c8 
ee5dc6c8: folds
67419851: folds
Hero: folds
Uncalled bet ($0.03) returned to 24318db2
*** SHOWDOWN ***
24318db2 collected $0.04 from pot
*** SUMMARY ***
Total pot $0.04 | Rake $0 | Jackpot $0 | Bingo $0 | Fortune $0
Seat 2: 67419851 (button) folded before Flop (didn't bet)
Seat 3: Hero (small blind) folded before Flop
Seat 4: 24318db2 (big blind) collected ($0.04)
Seat 6: ee5dc6c8 folded before Flop (didn't bet)


Poker Hand #HD1201790981: Hold'em No Limit  ($0.02/$0.05) - 2023/04/13 18:31:59
Table 'NLHBlue113' 6-max Seat #6 is the button
Seat 2: 67419851 ($5.07 in chips)
Seat 3: Hero ($5 in chips)
Seat 6: ee5dc6c8 ($5.02 in chips)
67419851: posts small blind $0.02
Hero: posts big blind $0.05
*** HOLE CARDS ***
Dealt to 67419851 
Dealt to Hero [2s 8c]
Dealt to ee5dc6c8 
ee5dc6c8: folds
67419851: folds
Uncalled bet ($0.03) returned to Hero
*** SHOWDOWN ***
Hero collected $0.04 from pot
*** SUMMARY ***
Total pot $0.04 | Rake $0 | Jackpot $0 | Bingo $0 | Fortune $0
Seat 2: 67419851 (small blind) folded before Flop
Seat 3: Hero (big blind) collected ($0.04)
Seat 6: ee5dc6c8 (button) folded before Flop (didn't bet)


Poker Hand #HD1201790941: Hold'em No Limit  ($0.02/$0.05) - 2023/04/13 18:31:40
Table 'NLHBlue113' 6-max Seat #3 is the button
Seat 2: 67419851 ($5.07 in chips)
Seat 3: Hero ($5 in chips)
Seat 4: 24318db2 ($4.99 in chips)
Seat 6: ee5dc6c8 ($5 in chips)
24318db2: posts small blind $0.02
ee5dc6c8: posts big blind $0.05
*** HOLE CARDS ***
Dealt to 67419851 
Dealt to Hero [4d 3c]
Dealt to 24318db2 
Dealt to ee5dc6c8 
67419851: folds
Hero: folds
24318db2: folds
Uncalled bet ($0.03) returned to ee5dc6c8
*** SHOWDOWN ***
ee5dc6c8 collected $0.04 from pot
*** SUMMARY ***
Total pot $0.04 | Rake $0 | Jackpot $0 | Bingo $0 | Fortune $0
Seat 2: 67419851 folded before Flop (didn't bet)
Seat 3: Hero (button) folded before Flop (didn't bet)
Seat 4: 24318db2 (small blind) folded before Flop
Seat 6: ee5dc6c8 (big blind) collected ($0.04)


Poker Hand #HD1201790908: Hold'em No Limit  ($0.02/$0.05) - 2023/04/13 18:31:26
Table 'NLHBlue113' 6-max Seat #2 is the button
Seat 2: 67419851 ($5 in chips)
Seat 3: Hero ($5 in chips)
Seat 4: 24318db2 ($5.04 in chips)
Seat 5: 9e5ba9cf ($1.99 in chips)
Seat 6: ee5dc6c8 ($5 in chips)
Hero: posts small blind $0.02
24318db2: posts big blind $0.05
*** HOLE CARDS ***
Dealt to 67419851 
Dealt to Hero [2s Qs]
Dealt to 24318db2 
Dealt to 9e5ba9cf 
Dealt to ee5dc6c8 
9e5ba9cf: folds
ee5dc6c8: folds
67419851: raises $0.06 to $0.11
Hero: folds
24318db2: folds
Uncalled bet ($0.06) returned to 67419851
*** SHOWDOWN ***
67419851 collected $0.12 from pot
*** SUMMARY ***
Total pot $0.12 | Rake $0 | Jackpot $0 | Bingo $0 | Fortune $0
Seat 2: 67419851 (button) collected ($0.12)
Seat 3: Hero (small blind) folded before Flop
Seat 4: 24318db2 (big blind) folded before Flop
Seat 5: 9e5ba9cf folded before Flop (didn't bet)
Seat 6: ee5dc6c8 folded before Flop (didn't bet)


Poker Hand #HD1201790889: Hold'em No Limit  ($0.02/$0.05) - 2023/04/13 18:31:16
Table 'NLHBlue113' 6-max Seat #6 is the button
Seat 2: 67419851 ($5 in chips)
Seat 3: Hero ($5 in chips)
Seat 4: 24318db2 ($5.04 in chips)
Seat 5: 9e5ba9cf ($1.92 in chips)
Seat 6: ee5dc6c8 ($5 in chips)
67419851: posts small blind $0.02
Hero: posts big blind $0.05
*** HOLE CARDS ***
Dealt to 67419851 
Dealt to Hero [4h 3h]
Dealt to 24318db2 
Dealt to 9e5ba9cf 
Dealt to ee5dc6c8 
24318db2: folds
9e5ba9cf: raises $0.07 to $0.12
ee5dc6c8: folds
67419851: folds
Hero: folds
Uncalled bet ($0.07) returned to 9e5ba9cf
*** SHOWDOWN ***
9e5ba9cf collected $0.12 from pot
*** SUMMARY ***
Total pot $0.12 | Rake $0 | Jackpot $0 | Bingo $0 | Fortune $0
Seat 2: 67419851 (small blind) folded before Flop
Seat 3: Hero (big blind) folded before Flop
Seat 4: 24318db2 folded before Flop (didn't bet)
Seat 5: 9e5ba9cf collected ($0.12)
Seat 6: ee5dc6c8 (button) folded before Flop (didn't bet)


Poker Hand #HD1201790829: Hold'em No Limit  ($0.02/$0.05) - 2023/04/13 18:30:53
Table 'NLHBlue113' 6-max Seat #5 is the button
Seat 2: 67419851 ($5.03 in chips)
Seat 3: Hero ($5 in chips)
Seat 4: 24318db2 ($5.04 in chips)
Seat 5: 9e5ba9cf ($1.85 in chips)
Seat 6: ee5dc6c8 ($5 in chips)
ee5dc6c8: posts small blind $0.02
67419851: posts big blind $0.05
*** HOLE CARDS ***
Dealt to 67419851 
Dealt to Hero [3d Qc]
Dealt to 24318db2 
Dealt to 9e5ba9cf 
Dealt to ee5dc6c8 
Hero: folds
24318db2: folds
9e5ba9cf: raises $0.07 to $0.12
ee5dc6c8: folds
67419851: folds
Uncalled bet ($0.07) returned to 9e5ba9cf
*** SHOWDOWN ***
9e5ba9cf collected $0.12 from pot
*** SUMMARY ***
Total pot $0.12 | Rake $0 | Jackpot $0 | Bingo $0 | Fortune $0
Seat 2: 67419851 (big blind) folded before Flop
Seat 3: Hero folded before Flop (didn't bet)
Seat 4: 24318db2 folded before Flop (didn't bet)
Seat 5: 9e5ba9cf (button) collected ($0.12)
Seat 6: ee5dc6c8 (small blind) folded before Flop


Poker Hand #HD1201790630: Hold'em No Limit  ($0.02/$0.05) - 2023/04/13 18:29:25
Table 'NLHBlue113' 6-max Seat #4 is the button
Seat 2: 67419851 ($5.03 in chips)
Seat 3: Hero ($5.43 in chips)
Seat 4: 24318db2 ($5.04 in chips)
Seat 5: 9e5ba9cf ($0.97 in chips)
Seat 6: ee5dc6c8 ($5 in chips)
9e5ba9cf: posts small blind $0.02
ee5dc6c8: posts big blind $0.05
*** HOLE CARDS ***
Dealt to 67419851 
Dealt to Hero [8h Ah]
Dealt to 24318db2 
Dealt to 9e5ba9cf 
Dealt to ee5dc6c8 
67419851: folds
Hero: raises $0.07 to $0.12
24318db2: folds
9e5ba9cf: calls $0.1
ee5dc6c8: folds
*** FLOP *** [Kd Ad As]
9e5ba9cf: checks
Hero: bets $0.2
9e5ba9cf: calls $0.2
*** TURN *** [Kd Ad As] [2s]
9e5ba9cf: checks
Hero: bets $0.35
9e5ba9cf: calls $0.35
*** RIVER *** [Kd Ad As 2s] [Td]
9e5ba9cf: checks
Hero: bets $2.09
9e5ba9cf: calls $0.3 and is all-in
Uncalled bet ($1.79) returned to Hero
Hero: shows [8h Ah] (Three Aces)
9e5ba9cf: shows [7d 8d] (Ace High Flush)
*** SHOWDOWN ***
9e5ba9cf collected $1.85 from pot
*** SUMMARY ***
Total pot $1.99 | Rake $0.09 | Jackpot $0.05 | Bingo $0 | Fortune $0
Board [Kd Ad As 2s Td]
Seat 2: 67419851 folded before Flop (didn't bet)
Seat 3: Hero showed [8h Ah] and lost with Three Aces
Seat 4: 24318db2 (button) folded before Flop (didn't bet)
Seat 5: 9e5ba9cf (small blind) showed [7d 8d] and won ($1.85) with Ace High Flush
Seat 6: ee5dc6c8 (big blind) folded before Flop


Poker Hand #HD1201790604: Hold'em No Limit  ($0.02/$0.05) - 2023/04/13 18:29:13
Table 'NLHBlue113' 6-max Seat #3 is the button
Seat 2: 67419851 ($5.03 in chips)
Seat 3: Hero ($5.43 in chips)
Seat 4: 24318db2 ($5.06 in chips)
Seat 5: 9e5ba9cf ($0.95 in chips)
Seat 6: ee5dc6c8 ($5 in chips)
24318db2: posts small blind $0.02
9e5ba9cf: posts big blind $0.05
*** HOLE CARDS ***
Dealt to 67419851 
Dealt to Hero [6s Tc]
Dealt to 24318db2 
Dealt to 9e5ba9cf 
Dealt to ee5dc6c8 
ee5dc6c8: folds
67419851: folds
Hero: folds
24318db2: folds
Uncalled bet ($0.03) returned to 9e5ba9cf
*** SHOWDOWN ***
9e5ba9cf collected $0.04 from pot
*** SUMMARY ***
Total pot $0.04 | Rake $0 | Jackpot $0 | Bingo $0 | Fortune $0
Seat 2: 67419851 folded before Flop (didn't bet)
Seat 3: Hero (button) folded before Flop (didn't bet)
Seat 4: 24318db2 (small blind) folded before Flop
Seat 5: 9e5ba9cf (big blind) collected ($0.04)
Seat 6: ee5dc6c8 folded before Flop (didn't bet)


Poker Hand #HD1201790568: Hold'em No Limit  ($0.02/$0.05) - 2023/04/13 18:28:59
Table 'NLHBlue113' 6-max Seat #2 is the button
Seat 2: 67419851 ($5.03 in chips)
Seat 3: Hero ($5.38 in chips)
Seat 4: 24318db2 ($5.11 in chips)
Seat 5: 9e5ba9cf ($0.95 in chips)
Seat 6: ee5dc6c8 ($5 in chips)
Hero: posts small blind $0.02
24318db2: posts big blind $0.05
*** HOLE CARDS ***
Dealt to 67419851 
Dealt to Hero [As 7c]
Dealt to 24318db2 
Dealt to 9e5ba9cf 
Dealt to ee5dc6c8 
9e5ba9cf: folds
ee5dc6c8: folds
67419851: folds
Hero: raises $0.07 to $0.12
24318db2: folds
Uncalled bet ($0.07) returned to Hero
*** SHOWDOWN ***
Hero collected $0.1 from pot
*** SUMMARY ***
Total pot $0.1 | Rake $0 | Jackpot $0 | Bingo $0 | Fortune $0
Seat 2: 67419851 (button) folded before Flop (didn't bet)
Seat 3: Hero (small blind) collected ($0.1)
Seat 4: 24318db2 (big blind) folded before Flop
Seat 5: 9e5ba9cf folded before Flop (didn't bet)
Seat 6: ee5dc6c8 folded before Flop (didn't bet)


Poker Hand #HD1201790457: Hold'em No Limit  ($0.02/$0.05) - 2023/04/13 18:28:06
Table 'NLHBlue113' 6-max Seat #6 is the button
Seat 2: 67419851 ($5.05 in chips)
Seat 3: Hero ($5.13 in chips)
Seat 4: 24318db2 ($5.11 in chips)
Seat 5: 9e5ba9cf ($1.07 in chips)
Seat 6: ee5dc6c8 ($5.09 in chips)
67419851: posts small blind $0.02
Hero: posts big blind $0.05
*** HOLE CARDS ***
Dealt to 67419851 
Dealt to Hero [Ac Qh]
Dealt to 24318db2 
Dealt to 9e5ba9cf 
Dealt to ee5dc6c8 
24318db2: folds
9e5ba9cf: raises $0.07 to $0.12
ee5dc6c8: calls $0.12
67419851: folds
Hero: raises $0.54 to $0.66
9e5ba9cf: folds
ee5dc6c8: folds
Uncalled bet ($0.54) returned to Hero
*** SHOWDOWN ***
Hero collected $0.37 from pot
*** SUMMARY ***
Total pot $0.38 | Rake $0.01 | Jackpot $0 | Bingo $0 | Fortune $0
Seat 2: 67419851 (small blind) folded before Flop
Seat 3: Hero (big blind) collected ($0.37)
Seat 4: 24318db2 folded before Flop (didn't bet)
Seat 5: 9e5ba9cf folded before Flop
Seat 6: ee5dc6c8 (button) folded before Flop


Poker Hand #HD1201790411: Hold'em No Limit  ($0.02/$0.05) - 2023/04/13 18:27:49
Table 'NLHBlue113' 6-max Seat #5 is the button
Seat 2: 67419851 ($5.1 in chips)
Seat 3: Hero ($5.13 in chips)
Seat 4: 24318db2 ($5.11 in chips)
Seat 5: 9e5ba9cf ($1.07 in chips)
Seat 6: ee5dc6c8 ($5.04 in chips)
ee5dc6c8: posts small blind $0.02
67419851: posts big blind $0.05
*** HOLE CARDS ***
Dealt to 67419851 
Dealt to Hero [Kc 8s]
Dealt to 24318db2 
Dealt to 9e5ba9cf 
Dealt to ee5dc6c8 
Hero: folds
24318db2: folds
9e5ba9cf: folds
ee5dc6c8: raises $0.1 to $0.15
67419851: folds
Uncalled bet ($0.1) returned to ee5dc6c8
*** SHOWDOWN ***
ee5dc6c8 collected $0.1 from pot
*** SUMMARY ***
Total pot $0.1 | Rake $0 | Jackpot $0 | Bingo $0 | Fortune $0
Seat 2: 67419851 (big blind) folded before Flop
Seat 3: Hero folded before Flop (didn't bet)
Seat 4: 24318db2 folded before Flop (didn't bet)
Seat 5: 9e5ba9cf (button) folded before Flop (didn't bet)
Seat 6: ee5dc6c8 (small blind) collected ($0.1)


Poker Hand #HD1201790362: Hold'em No Limit  ($0.02/$0.05) - 2023/04/13 18:27:32
Table 'NLHBlue113' 6-max Seat #4 is the button
Seat 2: 67419851 ($5.1 in chips)
Seat 3: Hero ($5.13 in chips)
Seat 4: 24318db2 ($5.11 in chips)
Seat 5: 9e5ba9cf ($1.02 in chips)
Seat 6: ee5dc6c8 ($5.09 in chips)
9e5ba9cf: posts small blind $0.02
ee5dc6c8: posts big blind $0.05
*** HOLE CARDS ***
Dealt to 67419851 
Dealt to Hero [5h 7s]
Dealt to 24318db2 
Dealt to 9e5ba9cf 
Dealt to ee5dc6c8 
67419851: folds
Hero: folds
24318db2: folds
9e5ba9cf: raises $0.07 to $0.12
ee5dc6c8: folds
Uncalled bet ($0.07) returned to 9e5ba9cf
*** SHOWDOWN ***
9e5ba9cf collected $0.1 from pot
*** SUMMARY ***
Total pot $0.1 | Rake $0 | Jackpot $0 | Bingo $0 | Fortune $0
Seat 2: 67419851 folded before Flop (didn't bet)
Seat 3: Hero folded before Flop (didn't bet)
Seat 4: 24318db2 (button) folded before Flop (didn't bet)
Seat 5: 9e5ba9cf (small blind) collected ($0.1)
Seat 6: ee5dc6c8 (big blind) folded before Flop


Poker Hand #HD1201790336: Hold'em No Limit  ($0.02/$0.05) - 2023/04/13 18:27:18
Table 'NLHBlue113' 6-max Seat #3 is the button
Seat 2: 67419851 ($5.1 in chips)
Seat 3: Hero ($5.13 in chips)
Seat 4: 24318db2 ($5.13 in chips)
Seat 5: 9e5ba9cf ($1.07 in chips)
Seat 6: ee5dc6c8 ($5.02 in chips)
24318db2: posts small blind $0.02
9e5ba9cf: posts big blind $0.05
*** HOLE CARDS ***
Dealt to 67419851 
Dealt to Hero [6s 9s]
Dealt to 24318db2 
Dealt to 9e5ba9cf 
Dealt to ee5dc6c8 
ee5dc6c8: raises $0.1 to $0.15
67419851: folds
Hero: folds
24318db2: folds
9e5ba9cf: folds
Uncalled bet ($0.1) returned to ee5dc6c8
*** SHOWDOWN ***
ee5dc6c8 collected $0.12 from pot
*** SUMMARY ***
Total pot $0.12 | Rake $0 | Jackpot $0 | Bingo $0 | Fortune $0
Seat 2: 67419851 folded before Flop (didn't bet)
Seat 3: Hero (button) folded before Flop (didn't bet)
Seat 4: 24318db2 (small blind) folded before Flop
Seat 5: 9e5ba9cf (big blind) folded before Flop
Seat 6: ee5dc6c8 collected ($0.12)


Poker Hand #HD1201790298: Hold'em No Limit  ($0.02/$0.05) - 2023/04/13 18:27:03
Table 'NLHBlue113' 6-max Seat #2 is the button
Seat 2: 67419851 ($5.1 in chips)
Seat 3: Hero ($5.15 in chips)
Seat 4: 24318db2 ($5.18 in chips)
Seat 5: 9e5ba9cf ($1 in chips)
Seat 6: ee5dc6c8 ($5.02 in chips)
Hero: posts small blind $0.02
24318db2: posts big blind $0.05
9e5ba9cf: posts big blind $0.05
*** HOLE CARDS ***
Dealt to 67419851 
Dealt to Hero [Kc 4c]
Dealt to 24318db2 
Dealt to 9e5ba9cf 
Dealt to ee5dc6c8 
9e5ba9cf: raises $0.07 to $0.12
ee5dc6c8: folds
67419851: folds
Hero: folds
24318db2: folds
Uncalled bet ($0.07) returned to 9e5ba9cf
*** SHOWDOWN ***
9e5ba9cf collected $0.12 from pot
*** SUMMARY ***
Total pot $0.12 | Rake $0 | Jackpot $0 | Bingo $0 | Fortune $0
Seat 2: 67419851 (button) folded before Flop (didn't bet)
Seat 3: Hero (small blind) folded before Flop
Seat 4: 24318db2 (big blind) folded before Flop
Seat 5: 9e5ba9cf collected ($0.12)
Seat 6: ee5dc6c8 folded before Flop (didn't bet)


Poker Hand #HD1201790278: Hold'em No Limit  ($0.02/$0.05) - 2023/04/13 18:26:55
Table 'NLHBlue113' 6-max Seat #6 is the button
Seat 2: 67419851 ($5.12 in chips)
Seat 3: Hero ($5.13 in chips)
Seat 4: 24318db2 ($5.18 in chips)
Seat 6: ee5dc6c8 ($5.02 in chips)
67419851: posts small blind $0.02
Hero: posts big blind $0.05
*** HOLE CARDS ***
Dealt to 67419851 
Dealt to Hero [3c Qs]
Dealt to 24318db2 
Dealt to ee5dc6c8 
24318db2: folds
ee5dc6c8: folds
67419851: folds
Uncalled bet ($0.03) returned to Hero
*** SHOWDOWN ***
Hero collected $0.04 from pot
*** SUMMARY ***
Total pot $0.04 | Rake $0 | Jackpot $0 | Bingo $0 | Fortune $0
Seat 2: 67419851 (small blind) folded before Flop
Seat 3: Hero (big blind) collected ($0.04)
Seat 4: 24318db2 folded before Flop (didn't bet)
Seat 6: ee5dc6c8 (button) folded before Flop (didn't bet)


Poker Hand #HD1201790254: Hold'em No Limit  ($0.02/$0.05) - 2023/04/13 18:26:46
Table 'NLHBlue113' 6-max Seat #4 is the button
Seat 2: 67419851 ($5.1 in chips)
Seat 3: Hero ($5.13 in chips)
Seat 4: 24318db2 ($5.18 in chips)
Seat 6: ee5dc6c8 ($5.04 in chips)
ee5dc6c8: posts small blind $0.02
67419851: posts big blind $0.05
*** HOLE CARDS ***
Dealt to 67419851 
Dealt to Hero [Jd 5h]
Dealt to 24318db2 
Dealt to ee5dc6c8 
Hero: folds
24318db2: folds
ee5dc6c8: folds
Uncalled bet ($0.03) returned to 67419851
*** SHOWDOWN ***
67419851 collected $0.04 from pot
*** SUMMARY ***
Total pot $0.04 | Rake $0 | Jackpot $0 | Bingo $0 | Fortune $0
Seat 2: 67419851 (big blind) collected ($0.04)
Seat 3: Hero folded before Flop (didn't bet)
Seat 4: 24318db2 (button) folded before Flop (didn't bet)
Seat 6: ee5dc6c8 (small blind) folded before Flop


Poker Hand #HD1201790163: Hold'em No Limit  ($0.02/$0.05) - 2023/04/13 18:26:05
Table 'NLHBlue113' 6-max Seat #3 is the button
Seat 1: fa4f3045 ($5.18 in chips)
Seat 2: 67419851 ($5.23 in chips)
Seat 3: Hero ($5.13 in chips)
Seat 4: 24318db2 ($5.2 in chips)
Seat 6: ee5dc6c8 ($5.09 in chips)
24318db2: posts small blind $0.02
ee5dc6c8: posts big blind $0.05
*** HOLE CARDS ***
Dealt to fa4f3045 
Dealt to 67419851 
Dealt to Hero [3d 6s]
Dealt to 24318db2 
Dealt to ee5dc6c8 
fa4f3045: raises $0.08 to $0.13
67419851: calls $0.13
Hero: folds
24318db2: folds
ee5dc6c8: folds
*** FLOP *** [Th 9c 7d]
fa4f3045: bets $0.11
67419851: folds
Uncalled bet ($0.11) returned to fa4f3045
*** SHOWDOWN ***
fa4f3045 collected $0.32 from pot
*** SUMMARY ***
Total pot $0.33 | Rake $0.01 | Jackpot $0 | Bingo $0 | Fortune $0
Board [Th 9c 7d]
Seat 1: fa4f3045 won ($0.32)
Seat 2: 67419851 folded on the Flop
Seat 3: Hero (button) folded before Flop (didn't bet)
Seat 4: 24318db2 (small blind) folded before Flop
Seat 6: ee5dc6c8 (big blind) folded before Flop


Poker Hand #HD1201790064: Hold'em No Limit  ($0.02/$0.05) - 2023/04/13 18:25:27
Table 'NLHBlue113' 6-max Seat #2 is the button
Seat 1: fa4f3045 ($5.18 in chips)
Seat 2: 67419851 ($5.23 in chips)
Seat 3: Hero ($5 in chips)
Seat 4: 24318db2 ($5.34 in chips)
Seat 6: ee5dc6c8 ($5.09 in chips)
Hero: posts small blind $0.02
24318db2: posts big blind $0.05
*** HOLE CARDS ***
Dealt to fa4f3045 
Dealt to 67419851 
Dealt to Hero [Qd Js]
Dealt to 24318db2 
Dealt to ee5dc6c8 
ee5dc6c8: folds
fa4f3045: folds
67419851: folds
Hero: raises $0.09 to $0.14
24318db2: calls $0.09
*** FLOP *** [Kh 2d As]
Hero: checks
24318db2: checks
*** TURN *** [Kh 2d As] [Jh]
Hero: bets $0.14
24318db2: folds
Uncalled bet ($0.14) returned to Hero
*** SHOWDOWN ***
Hero collected $0.27 from pot
*** SUMMARY ***
Total pot $0.28 | Rake $0.01 | Jackpot $0 | Bingo $0 | Fortune $0
Board [Kh 2d As Jh]
Seat 1: fa4f3045 folded before Flop (didn't bet)
Seat 2: 67419851 (button) folded before Flop (didn't bet)
Seat 3: Hero (small blind) won ($0.27)
Seat 4: 24318db2 (big blind) folded on the Turn
Seat 6: ee5dc6c8 folded before Flop (didn't bet)


Poker Hand #HD1201789980: Hold'em No Limit  ($0.02/$0.05) - 2023/04/13 18:24:50
Table 'NLHBlue113' 6-max Seat #1 is the button
Seat 1: fa4f3045 ($5.18 in chips)
Seat 2: 67419851 ($5 in chips)
Seat 3: Hero ($5 in chips)
Seat 4: 24318db2 ($5.54 in chips)
Seat 6: ee5dc6c8 ($5.09 in chips)
67419851: posts small blind $0.02
Hero: posts big blind $0.05
*** HOLE CARDS ***
Dealt to fa4f3045 
Dealt to 67419851 
Dealt to Hero [Th 6h]
Dealt to 24318db2 
Dealt to ee5dc6c8 
24318db2: calls $0.05
ee5dc6c8: folds
fa4f3045: folds
67419851: raises $0.15 to $0.2
Hero: folds
24318db2: calls $0.15
*** FLOP *** [Kh Jd Qd]
67419851: bets $0.23
24318db2: folds
Uncalled bet ($0.23) returned to 67419851
*** SHOWDOWN ***
67419851 collected $0.43 from pot
*** SUMMARY ***
Total pot $0.45 | Rake $0.02 | Jackpot $0 | Bingo $0 | Fortune $0
Board [Kh Jd Qd]
Seat 1: fa4f3045 (button) folded before Flop (didn't bet)
Seat 2: 67419851 (small blind) won ($0.43)
Seat 3: Hero (big blind) folded before Flop
Seat 4: 24318db2 folded on the Flop
Seat 6: ee5dc6c8 folded before Flop (didn't bet)


Poker Hand #HD1201789845: Hold'em No Limit  ($0.02/$0.05) - 2023/04/13 18:23:52
Table 'NLHBlue113' 6-max Seat #6 is the button
Seat 1: fa4f3045 ($5.2 in chips)
Seat 2: 67419851 ($5 in chips)
Seat 3: Hero ($5 in chips)
Seat 4: 24318db2 ($4.93 in chips)
Seat 5: a4c45564 ($8.09 in chips)
Seat 6: ee5dc6c8 ($5.09 in chips)
fa4f3045: posts small blind $0.02
67419851: posts big blind $0.05
*** HOLE CARDS ***
Dealt to fa4f3045 
Dealt to 67419851 
Dealt to Hero [Kd Ad]
Dealt to 24318db2 
Dealt to a4c45564 
Dealt to ee5dc6c8 
Hero: raises $0.07 to $0.12
24318db2: calls $0.12
a4c45564: folds
ee5dc6c8: folds
fa4f3045: folds
67419851: folds
*** FLOP *** [7h Tc 4c]
Hero: bets $0.16
24318db2: calls $0.16
*** TURN *** [7h Tc 4c] [Jh]
Hero: bets $0.32
24318db2: calls $0.32
*** RIVER *** [7h Tc 4c Jh] [7c]
Hero: checks
24318db2: bets $0.64
Hero: folds
Uncalled bet ($0.64) returned to 24318db2
*** SHOWDOWN ***
24318db2 collected $1.21 from pot
*** SUMMARY ***
Total pot $1.27 | Rake $0.06 | Jackpot $0 | Bingo $0 | Fortune $0
Board [7h Tc 4c Jh 7c]
Seat 1: fa4f3045 (small blind) folded before Flop
Seat 2: 67419851 (big blind) folded before Flop
Seat 3: Hero folded on the River
Seat 4: 24318db2 won ($1.21)
Seat 5: a4c45564 folded before Flop (didn't bet)
Seat 6: ee5dc6c8 (button) folded before Flop (didn't bet)


Poker Hand #HD1201789728: Hold'em No Limit  ($0.02/$0.05) - 2023/04/13 18:23:06
Table 'NLHBlue113' 6-max Seat #5 is the button
Seat 1: fa4f3045 ($5 in chips)
Seat 3: Hero ($5 in chips)
Seat 4: 24318db2 ($5.13 in chips)
Seat 5: a4c45564 ($8.09 in chips)
Seat 6: ee5dc6c8 ($5.11 in chips)
ee5dc6c8: posts small blind $0.02
fa4f3045: posts big blind $0.05
*** HOLE CARDS ***
Dealt to fa4f3045 
Dealt to Hero [Ks 9h]
Dealt to 24318db2 
Dealt to a4c45564 
Dealt to ee5dc6c8 
Hero: folds
24318db2: calls $0.05
a4c45564: folds
ee5dc6c8: folds
fa4f3045: raises $0.15 to $0.2
24318db2: calls $0.15
*** FLOP *** [Kc 8c Qh]
fa4f3045: checks
24318db2: checks
*** TURN *** [Kc 8c Qh] [3d]
fa4f3045: bets $0.42
24318db2: folds
Uncalled bet ($0.42) returned to fa4f3045
*** SHOWDOWN ***
fa4f3045 collected $0.4 from pot
*** SUMMARY ***
Total pot $0.42 | Rake $0.02 | Jackpot $0 | Bingo $0 | Fortune $0
Board [Kc 8c Qh 3d]
Seat 1: fa4f3045 (big blind) won ($0.4)
Seat 3: Hero folded before Flop (didn't bet)
Seat 4: 24318db2 folded on the Turn
Seat 5: a4c45564 (button) folded before Flop (didn't bet)
Seat 6: ee5dc6c8 (small blind) folded before Flop


Poker Hand #HD1201789627: Hold'em No Limit  ($0.02/$0.05) - 2023/04/13 18:22:25
Table 'NLHBlue113' 6-max Seat #4 is the button
Seat 1: fa4f3045 ($5 in chips)
Seat 3: Hero ($5.18 in chips)
Seat 4: 24318db2 ($4.81 in chips)
Seat 5: a4c45564 ($8.11 in chips)
Seat 6: ee5dc6c8 ($5.16 in chips)
a4c45564: posts small blind $0.02
ee5dc6c8: posts big blind $0.05
*** HOLE CARDS ***
Dealt to fa4f3045 
Dealt to Hero [Ah Ts]
Dealt to 24318db2 
Dealt to a4c45564 
Dealt to ee5dc6c8 
fa4f3045: folds
Hero: raises $0.07 to $0.12
24318db2: calls $0.12
a4c45564: folds
ee5dc6c8: folds
*** FLOP *** [5s 2h Js]
Hero: bets $0.16
24318db2: calls $0.16
*** TURN *** [5s 2h Js] [3d]
Hero: checks
24318db2: bets $0.63
Hero: folds
Uncalled bet ($0.63) returned to 24318db2
*** SHOWDOWN ***
24318db2 collected $0.6 from pot
*** SUMMARY ***
Total pot $0.63 | Rake $0.03 | Jackpot $0 | Bingo $0 | Fortune $0
Board [5s 2h Js 3d]
Seat 1: fa4f3045 folded before Flop (didn't bet)
Seat 3: Hero folded on the Turn
Seat 4: 24318db2 (button) won ($0.6)
Seat 5: a4c45564 (small blind) folded before Flop
Seat 6: ee5dc6c8 (big blind) folded before Flop


Poker Hand #HD1201789573: Hold'em No Limit  ($0.02/$0.05) - 2023/04/13 18:22:03
Table 'NLHBlue113' 6-max Seat #3 is the button
Seat 1: fa4f3045 ($5 in chips)
Seat 3: Hero ($5.18 in chips)
Seat 4: 24318db2 ($4.83 in chips)
Seat 5: a4c45564 ($8.26 in chips)
Seat 6: ee5dc6c8 ($5 in chips)
24318db2: posts small blind $0.02
a4c45564: posts big blind $0.05
*** HOLE CARDS ***
Dealt to fa4f3045 
Dealt to Hero [9d 5c]
Dealt to 24318db2 
Dealt to a4c45564 
Dealt to ee5dc6c8 
ee5dc6c8: raises $0.1 to $0.15
fa4f3045: folds
Hero: folds
24318db2: folds
a4c45564: calls $0.1
*** FLOP *** [Kh 5s 2d]
a4c45564: checks
ee5dc6c8: bets $0.16
a4c45564: folds
Uncalled bet ($0.16) returned to ee5dc6c8
*** SHOWDOWN ***
ee5dc6c8 collected $0.31 from pot
*** SUMMARY ***
Total pot $0.32 | Rake $0.01 | Jackpot $0 | Bingo $0 | Fortune $0
Board [Kh 5s 2d]
Seat 1: fa4f3045 folded before Flop (didn't bet)
Seat 3: Hero (button) folded before Flop (didn't bet)
Seat 4: 24318db2 (small blind) folded before Flop
Seat 5: a4c45564 (big blind) folded on the Flop
Seat 6: ee5dc6c8 won ($0.31)


Poker Hand #HD1201789492: Hold'em No Limit  ($0.02/$0.05) - 2023/04/13 18:21:31
Table 'NLHBlue113' 6-max Seat #1 is the button
Seat 1: fa4f3045 ($5 in chips)
Seat 3: Hero ($5.2 in chips)
Seat 4: 24318db2 ($4.88 in chips)
Seat 5: a4c45564 ($8.19 in chips)
Seat 6: ee5dc6c8 ($5 in chips)
Hero: posts small blind $0.02
24318db2: posts big blind $0.05
*** HOLE CARDS ***
Dealt to fa4f3045 
Dealt to Hero [Th 6s]
Dealt to 24318db2 
Dealt to a4c45564 
Dealt to ee5dc6c8 
a4c45564: raises $0.15 to $0.2
ee5dc6c8: folds
fa4f3045: folds
Hero: folds
24318db2: folds
Uncalled bet ($0.15) returned to a4c45564
*** SHOWDOWN ***
a4c45564 collected $0.12 from pot
*** SUMMARY ***
Total pot $0.12 | Rake $0 | Jackpot $0 | Bingo $0 | Fortune $0
Seat 1: fa4f3045 (button) folded before Flop (didn't bet)
Seat 3: Hero (small blind) folded before Flop
Seat 4: 24318db2 (big blind) folded before Flop
Seat 5: a4c45564 collected ($0.12)
Seat 6: ee5dc6c8 folded before Flop (didn't bet)


Poker Hand #HD1201789430: Hold'em No Limit  ($0.02/$0.05) - 2023/04/13 18:21:10
Table 'NLHBlue113' 6-max Seat #6 is the button
Seat 1: fa4f3045 ($5 in chips)
Seat 3: Hero ($5.18 in chips)
Seat 4: 24318db2 ($4.88 in chips)
Seat 5: a4c45564 ($8.19 in chips)
Seat 6: ee5dc6c8 ($5 in chips)
fa4f3045: posts small blind $0.02
Hero: posts big blind $0.05
*** HOLE CARDS ***
Dealt to fa4f3045 
Dealt to Hero [4h Tc]
Dealt to 24318db2 
Dealt to a4c45564 
Dealt to ee5dc6c8 
24318db2: folds
a4c45564: folds
ee5dc6c8: folds
fa4f3045: folds
Uncalled bet ($0.03) returned to Hero
*** SHOWDOWN ***
Hero collected $0.04 from pot
*** SUMMARY ***
Total pot $0.04 | Rake $0 | Jackpot $0 | Bingo $0 | Fortune $0
Seat 1: fa4f3045 (small blind) folded before Flop
Seat 3: Hero (big blind) collected ($0.04)
Seat 4: 24318db2 folded before Flop (didn't bet)
Seat 5: a4c45564 folded before Flop (didn't bet)
Seat 6: ee5dc6c8 (button) folded before Flop (didn't bet)


Poker Hand #HD1201789379: Hold'em No Limit  ($0.02/$0.05) - 2023/04/13 18:20:44
Table 'NLHBlue113' 6-max Seat #5 is the button
Seat 1: fa4f3045 ($5 in chips)
Seat 2: 2b9acf2 ($7.92 in chips)
Seat 3: Hero ($5 in chips)
Seat 4: 24318db2 ($5 in chips)
Seat 5: a4c45564 ($8.19 in chips)
Seat 6: ee5dc6c8 ($5.02 in chips)
ee5dc6c8: posts small blind $0.02
fa4f3045: posts big blind $0.05
*** HOLE CARDS ***
Dealt to fa4f3045 
Dealt to 2b9acf2 
Dealt to Hero [Ah Ks]
Dealt to 24318db2 
Dealt to a4c45564 
Dealt to ee5dc6c8 
2b9acf2: folds
Hero: raises $0.07 to $0.12
24318db2: calls $0.12
a4c45564: folds
ee5dc6c8: folds
fa4f3045: folds
*** FLOP *** [6h As Kd]
Hero: bets $0.24
24318db2: folds
Uncalled bet ($0.24) returned to Hero
*** SHOWDOWN ***
Hero collected $0.3 from pot
*** SUMMARY ***
Total pot $0.31 | Rake $0.01 | Jackpot $0 | Bingo $0 | Fortune $0
Board [6h As Kd]
Seat 1: fa4f3045 (big blind) folded before Flop
Seat 2: 2b9acf2 folded before Flop (didn't bet)
Seat 3: Hero won ($0.3)
Seat 4: 24318db2 folded on the Flop
Seat 5: a4c45564 (button) folded before Flop (didn't bet)
Seat 6: ee5dc6c8 (small blind) folded before Flop


Poker Hand #HD1201789246: Hold'em No Limit  ($0.02/$0.05) - 2023/04/13 18:19:53
Table 'NLHBlue113' 6-max Seat #4 is the button
Seat 1: fa4f3045 ($5 in chips)
Seat 2: 2b9acf2 ($7.92 in chips)
Seat 3: Hero ($5 in chips)
Seat 4: 24318db2 ($4.86 in chips)
Seat 5: a4c45564 ($8.01 in chips)
Seat 6: ee5dc6c8 ($5.22 in chips)
a4c45564: posts small blind $0.02
ee5dc6c8: posts big blind $0.05
*** HOLE CARDS ***
Dealt to fa4f3045 
Dealt to 2b9acf2 
Dealt to Hero [5d Js]
Dealt to 24318db2 
Dealt to a4c45564 
Dealt to ee5dc6c8 
fa4f3045: folds
2b9acf2: folds
Hero: folds
24318db2: folds
a4c45564: calls $0.03
ee5dc6c8: checks
*** FLOP *** [2s Tc Qh]
a4c45564: checks
ee5dc6c8: bets $0.05
a4c45564: calls $0.05
*** TURN *** [2s Tc Qh] [8h]
a4c45564: checks
ee5dc6c8: bets $0.1
a4c45564: calls $0.1
*** RIVER *** [2s Tc Qh 8h] [7d]
a4c45564: checks
ee5dc6c8: checks
a4c45564: shows [Ah Kh] (Ace-High)
ee5dc6c8: shows [Jh Ks] (King-High)
*** SHOWDOWN ***
a4c45564 collected $0.38 from pot
*** SUMMARY ***
Total pot $0.4 | Rake $0.02 | Jackpot $0 | Bingo $0 | Fortune $0
Board [2s Tc Qh 8h 7d]
Seat 1: fa4f3045 folded before Flop (didn't bet)
Seat 2: 2b9acf2 folded before Flop (didn't bet)
Seat 3: Hero folded before Flop (didn't bet)
Seat 4: 24318db2 (button) folded before Flop (didn't bet)
Seat 5: a4c45564 (small blind) showed [Ah Kh] and won ($0.38) with Ace-High
Seat 6: ee5dc6c8 (big blind) showed [Jh Ks] and lost with King-High


Poker Hand #HD1201789144: Hold'em No Limit  ($0.02/$0.05) - 2023/04/13 18:19:11
Table 'NLHBlue113' 6-max Seat #3 is the button
Seat 1: fa4f3045 ($5 in chips)
Seat 2: 2b9acf2 ($7.92 in chips)
Seat 3: Hero ($5 in chips)
Seat 4: 24318db2 ($4.88 in chips)
Seat 5: a4c45564 ($7.3 in chips)
Seat 6: ee5dc6c8 ($5.22 in chips)
24318db2: posts small blind $0.02
a4c45564: posts big blind $0.05
*** HOLE CARDS ***
Dealt to fa4f3045 
Dealt to 2b9acf2 
Dealt to Hero [Kc Jd]
Dealt to 24318db2 
Dealt to a4c45564 
Dealt to ee5dc6c8 
ee5dc6c8: folds
fa4f3045: folds
2b9acf2: folds
Hero: raises $0.07 to $0.12
24318db2: folds
a4c45564: calls $0.07
*** FLOP *** [Qs Jh As]
a4c45564: bets $0.2
Hero: calls $0.2
*** TURN *** [Qs Jh As] [Kd]
a4c45564: bets $0.5
Hero: calls $0.5
*** RIVER *** [Qs Jh As Kd] [5h]
a4c45564: bets $1.25
Hero: folds
Uncalled bet ($1.25) returned to a4c45564
*** SHOWDOWN ***
a4c45564 collected $1.53 from pot
*** SUMMARY ***
Total pot $1.66 | Rake $0.08 | Jackpot $0.05 | Bingo $0 | Fortune $0
Board [Qs Jh As Kd 5h]
Seat 1: fa4f3045 folded before Flop (didn't bet)
Seat 2: 2b9acf2 folded before Flop (didn't bet)
Seat 3: Hero (button) folded on the River
Seat 4: 24318db2 (small blind) folded before Flop
Seat 5: a4c45564 (big blind) won ($1.53)
Seat 6: ee5dc6c8 folded before Flop (didn't bet)


Poker Hand #HD1201789072: Hold'em No Limit  ($0.02/$0.05) - 2023/04/13 18:18:42
Table 'NLHBlue113' 6-max Seat #2 is the button
Seat 1: fa4f3045 ($5 in chips)
Seat 2: 2b9acf2 ($7.92 in chips)
Seat 3: Hero ($5 in chips)
Seat 4: 24318db2 ($4.93 in chips)
Seat 5: a4c45564 ($7.23 in chips)
Seat 6: ee5dc6c8 ($5.22 in chips)
Hero: posts small blind $0.02
24318db2: posts big blind $0.05
*** HOLE CARDS ***
Dealt to fa4f3045 
Dealt to 2b9acf2 
Dealt to Hero [2d 8h]
Dealt to 24318db2 
Dealt to a4c45564 
Dealt to ee5dc6c8 
a4c45564: raises $0.15 to $0.2
ee5dc6c8: folds
fa4f3045: folds
2b9acf2: folds
Hero: folds
24318db2: folds
Uncalled bet ($0.15) returned to a4c45564
*** SHOWDOWN ***
a4c45564 collected $0.12 from pot
*** SUMMARY ***
Total pot $0.12 | Rake $0 | Jackpot $0 | Bingo $0 | Fortune $0
Seat 1: fa4f3045 folded before Flop (didn't bet)
Seat 2: 2b9acf2 (button) folded before Flop (didn't bet)
Seat 3: Hero (small blind) folded before Flop
Seat 4: 24318db2 (big blind) folded before Flop
Seat 5: a4c45564 collected ($0.12)
Seat 6: ee5dc6c8 folded before Flop (didn't bet)


Poker Hand #HD1201788981: Hold'em No Limit  ($0.02/$0.05) - 2023/04/13 18:18:07
Table 'NLHBlue113' 6-max Seat #1 is the button
Seat 1: fa4f3045 ($5 in chips)
Seat 2: 2b9acf2 ($7.94 in chips)
Seat 3: Hero ($5.23 in chips)
Seat 4: 24318db2 ($4.93 in chips)
Seat 5: a4c45564 ($6.74 in chips)
Seat 6: ee5dc6c8 ($5.22 in chips)
2b9acf2: posts small blind $0.02
Hero: posts big blind $0.05
*** HOLE CARDS ***
Dealt to fa4f3045 
Dealt to 2b9acf2 
Dealt to Hero [As Jc]
Dealt to 24318db2 
Dealt to a4c45564 
Dealt to ee5dc6c8 
24318db2: folds
a4c45564: raises $0.15 to $0.2
ee5dc6c8: folds
fa4f3045: folds
2b9acf2: folds
Hero: calls $0.15
*** FLOP *** [9h 9d 2s]
Hero: checks
a4c45564: bets $0.32
Hero: calls $0.32
*** TURN *** [9h 9d 2s] [6h]
Hero: checks
a4c45564: bets $0.8
Hero: folds
Uncalled bet ($0.8) returned to a4c45564
*** SHOWDOWN ***
a4c45564 collected $1.01 from pot
*** SUMMARY ***
Total pot $1.06 | Rake $0.05 | Jackpot $0 | Bingo $0 | Fortune $0
Board [9h 9d 2s 6h]
Seat 1: fa4f3045 (button) folded before Flop (didn't bet)
Seat 2: 2b9acf2 (small blind) folded before Flop
Seat 3: Hero (big blind) folded on the Turn
Seat 4: 24318db2 folded before Flop (didn't bet)
Seat 5: a4c45564 won ($1.01)
Seat 6: ee5dc6c8 folded before Flop (didn't bet)


Poker Hand #HD1201788899: Hold'em No Limit  ($0.02/$0.05) - 2023/04/13 18:17:33
Table 'NLHBlue113' 6-max Seat #6 is the button
Seat 1: fa4f3045 ($5 in chips)
Seat 2: 2b9acf2 ($7.99 in chips)
Seat 3: Hero ($5.23 in chips)
Seat 4: 24318db2 ($4.93 in chips)
Seat 5: a4c45564 ($6.49 in chips)
Seat 6: ee5dc6c8 ($5.42 in chips)
fa4f3045: posts small blind $0.02
2b9acf2: posts big blind $0.05
*** HOLE CARDS ***
Dealt to fa4f3045 
Dealt to 2b9acf2 
Dealt to Hero [4c 7c]
Dealt to 24318db2 
Dealt to a4c45564 
Dealt to ee5dc6c8 
Hero: folds
24318db2: folds
a4c45564: raises $0.15 to $0.2
ee5dc6c8: calls $0.2
fa4f3045: folds
2b9acf2: folds
*** FLOP *** [Qh 7h 2c]
a4c45564: bets $0.24
ee5dc6c8: folds
Uncalled bet ($0.24) returned to a4c45564
*** SHOWDOWN ***
a4c45564 collected $0.45 from pot
*** SUMMARY ***
Total pot $0.47 | Rake $0.02 | Jackpot $0 | Bingo $0 | Fortune $0
Board [Qh 7h 2c]
Seat 1: fa4f3045 (small blind) folded before Flop
Seat 2: 2b9acf2 (big blind) folded before Flop
Seat 3: Hero folded before Flop (didn't bet)
Seat 4: 24318db2 folded before Flop (didn't bet)
Seat 5: a4c45564 won ($0.45)
Seat 6: ee5dc6c8 (button) folded on the Flop


Poker Hand #HD1201788862: Hold'em No Limit  ($0.02/$0.05) - 2023/04/13 18:17:18
Table 'NLHBlue113' 6-max Seat #5 is the button
Seat 1: fa4f3045 ($5 in chips)
Seat 2: 2b9acf2 ($7.99 in chips)
Seat 3: Hero ($5.23 in chips)
Seat 4: 24318db2 ($4.93 in chips)
Seat 5: a4c45564 ($6.42 in chips)
Seat 6: ee5dc6c8 ($5.44 in chips)
ee5dc6c8: posts small blind $0.02
fa4f3045: posts big blind $0.05
*** HOLE CARDS ***
Dealt to fa4f3045 
Dealt to 2b9acf2 
Dealt to Hero [3c 8h]
Dealt to 24318db2 
Dealt to a4c45564 
Dealt to ee5dc6c8 
2b9acf2: folds
Hero: folds
24318db2: folds
a4c45564: raises $0.15 to $0.2
ee5dc6c8: folds
fa4f3045: folds
Uncalled bet ($0.15) returned to a4c45564
*** SHOWDOWN ***
a4c45564 collected $0.12 from pot
*** SUMMARY ***
Total pot $0.12 | Rake $0 | Jackpot $0 | Bingo $0 | Fortune $0
Seat 1: fa4f3045 (big blind) folded before Flop
Seat 2: 2b9acf2 folded before Flop (didn't bet)
Seat 3: Hero folded before Flop (didn't bet)
Seat 4: 24318db2 folded before Flop (didn't bet)
Seat 5: a4c45564 (button) collected ($0.12)
Seat 6: ee5dc6c8 (small blind) folded before Flop


Poker Hand #HD1201788580: Hold'em No Limit  ($0.02/$0.05) - 2023/04/13 18:15:26
Table 'NLHBlue113' 6-max Seat #4 is the button
Seat 1: fa4f3045 ($5.24 in chips)
Seat 2: 2b9acf2 ($7.99 in chips)
Seat 3: Hero ($5.23 in chips)
Seat 4: 24318db2 ($4.93 in chips)
Seat 5: a4c45564 ($4.95 in chips)
Seat 6: ee5dc6c8 ($5.49 in chips)
a4c45564: posts small blind $0.02
ee5dc6c8: posts big blind $0.05
*** HOLE CARDS ***
Dealt to fa4f3045 
Dealt to 2b9acf2 
Dealt to Hero [4h 2s]
Dealt to 24318db2 
Dealt to a4c45564 
Dealt to ee5dc6c8 
fa4f3045: raises $0.05 to $0.1
2b9acf2: folds
Hero: folds
24318db2: folds
a4c45564: raises $0.19 to $0.29
ee5dc6c8: folds
fa4f3045: raises $0.51 to $0.8
a4c45564: calls $0.51
*** FLOP *** [9d 3s As]
a4c45564: checks
fa4f3045: checks
*** TURN *** [9d 3s As] [8c]
a4c45564: bets $0.83
fa4f3045: calls $0.83
*** RIVER *** [9d 3s As 8c] [Ad]
a4c45564: bets $1.66
fa4f3045: folds
Uncalled bet ($1.66) returned to a4c45564
*** SHOWDOWN ***
a4c45564 collected $3.1 from pot
*** SUMMARY ***
Total pot $3.31 | Rake $0.16 | Jackpot $0.05 | Bingo $0 | Fortune $0
Board [9d 3s As 8c Ad]
Seat 1: fa4f3045 folded on the River
Seat 2: 2b9acf2 folded before Flop (didn't bet)
Seat 3: Hero folded before Flop (didn't bet)
Seat 4: 24318db2 (button) folded before Flop (didn't bet)
Seat 5: a4c45564 (small blind) won ($3.1)
Seat 6: ee5dc6c8 (big blind) folded before Flop


Poker Hand #HD1201788497: Hold'em No Limit  ($0.02/$0.05) - 2023/04/13 18:14:55
Table 'NLHBlue113' 6-max Seat #3 is the button
Seat 1: fa4f3045 ($5.24 in chips)
Seat 2: 2b9acf2 ($7.99 in chips)
Seat 3: Hero ($5.1 in chips)
Seat 4: 24318db2 ($4.95 in chips)
Seat 5: a4c45564 ($5.07 in chips)
Seat 6: ee5dc6c8 ($5.49 in chips)
24318db2: posts small blind $0.02
a4c45564: posts big blind $0.05
*** HOLE CARDS ***
Dealt to fa4f3045 
Dealt to 2b9acf2 
Dealt to Hero [Ts 9s]
Dealt to 24318db2 
Dealt to a4c45564 
Dealt to ee5dc6c8 
ee5dc6c8: folds
fa4f3045: folds
2b9acf2: folds
Hero: raises $0.07 to $0.12
24318db2: folds
a4c45564: calls $0.07
*** FLOP *** [2h Th Jc]
a4c45564: checks
Hero: bets $0.1
a4c45564: folds
Uncalled bet ($0.1) returned to Hero
*** SHOWDOWN ***
Hero collected $0.25 from pot
*** SUMMARY ***
Total pot $0.26 | Rake $0.01 | Jackpot $0 | Bingo $0 | Fortune $0
Board [2h Th Jc]
Seat 1: fa4f3045 folded before Flop (didn't bet)
Seat 2: 2b9acf2 folded before Flop (didn't bet)
Seat 3: Hero (button) won ($0.25)
Seat 4: 24318db2 (small blind) folded before Flop
Seat 5: a4c45564 (big blind) folded on the Flop
Seat 6: ee5dc6c8 folded before Flop (didn't bet)


Poker Hand #HD1201788395: Hold'em No Limit  ($0.02/$0.05) - 2023/04/13 18:14:17
Table 'NLHBlue113' 6-max Seat #2 is the button
Seat 1: fa4f3045 ($5.24 in chips)
Seat 2: 2b9acf2 ($7.99 in chips)
Seat 3: Hero ($5.05 in chips)
Seat 4: 24318db2 ($5 in chips)
Seat 5: a4c45564 ($5.07 in chips)
Seat 6: ee5dc6c8 ($5.49 in chips)
Hero: posts small blind $0.02
24318db2: posts big blind $0.05
*** HOLE CARDS ***
Dealt to fa4f3045 
Dealt to 2b9acf2 
Dealt to Hero [7s 9s]
Dealt to 24318db2 
Dealt to a4c45564 
Dealt to ee5dc6c8 
a4c45564: folds
ee5dc6c8: folds
fa4f3045: folds
2b9acf2: folds
Hero: raises $0.09 to $0.14
24318db2: folds
Uncalled bet ($0.09) returned to Hero
*** SHOWDOWN ***
Hero collected $0.1 from pot
*** SUMMARY ***
Total pot $0.1 | Rake $0 | Jackpot $0 | Bingo $0 | Fortune $0
Seat 1: fa4f3045 folded before Flop (didn't bet)
Seat 2: 2b9acf2 (button) folded before Flop (didn't bet)
Seat 3: Hero (small blind) collected ($0.1)
Seat 4: 24318db2 (big blind) folded before Flop
Seat 5: a4c45564 folded before Flop (didn't bet)
Seat 6: ee5dc6c8 folded before Flop (didn't bet)


Poker Hand #HD1201788348: Hold'em No Limit  ($0.02/$0.05) - 2023/04/13 18:13:56
Table 'NLHBlue113' 6-max Seat #1 is the button
Seat 1: fa4f3045 ($5.24 in chips)
Seat 2: 2b9acf2 ($8.04 in chips)
Seat 3: Hero ($5 in chips)
Seat 5: a4c45564 ($5.07 in chips)
Seat 6: ee5dc6c8 ($5.49 in chips)
2b9acf2: posts small blind $0.02
Hero: posts big blind $0.05
*** HOLE CARDS ***
Dealt to fa4f3045 
Dealt to 2b9acf2 
Dealt to Hero [9h Ah]
Dealt to a4c45564 
Dealt to ee5dc6c8 
a4c45564: folds
ee5dc6c8: folds
fa4f3045: folds
2b9acf2: calls $0.03
Hero: raises $0.15 to $0.2
2b9acf2: folds
Uncalled bet ($0.15) returned to Hero
*** SHOWDOWN ***
Hero collected $0.1 from pot
*** SUMMARY ***
Total pot $0.1 | Rake $0 | Jackpot $0 | Bingo $0 | Fortune $0
Seat 1: fa4f3045 (button) folded before Flop (didn't bet)
Seat 2: 2b9acf2 (small blind) folded before Flop
Seat 3: Hero (big blind) collected ($0.1)
Seat 5: a4c45564 folded before Flop (didn't bet)
Seat 6: ee5dc6c8 folded before Flop (didn't bet)


Poker Hand #HD1201788237: Hold'em No Limit  ($0.02/$0.05) - 2023/04/13 18:13:13
Table 'NLHBlue113' 6-max Seat #6 is the button
Seat 1: fa4f3045 ($5.26 in chips)
Seat 2: 2b9acf2 ($8.09 in chips)
Seat 3: Hero ($5 in chips)
Seat 5: a4c45564 ($5 in chips)
Seat 6: ee5dc6c8 ($5.49 in chips)
fa4f3045: posts small blind $0.02
2b9acf2: posts big blind $0.05
a4c45564: posts big blind $0.05
*** HOLE CARDS ***
Dealt to fa4f3045 
Dealt to 2b9acf2 
Dealt to Hero [As 9c]
Dealt to a4c45564 
Dealt to ee5dc6c8 
Hero: folds
a4c45564: checks
ee5dc6c8: folds
fa4f3045: folds
2b9acf2: checks
*** FLOP *** [3h Ad 8h]
2b9acf2: checks
a4c45564: checks
*** TURN *** [3h Ad 8h] [Ac]
2b9acf2: checks
a4c45564: bets $0.09
2b9acf2: folds
Uncalled bet ($0.09) returned to a4c45564
*** SHOWDOWN ***
a4c45564 collected $0.12 from pot
*** SUMMARY ***
Total pot $0.12 | Rake $0 | Jackpot $0 | Bingo $0 | Fortune $0
Board [3h Ad 8h Ac]
Seat 1: fa4f3045 (small blind) folded before Flop
Seat 2: 2b9acf2 (big blind) folded on the Turn
Seat 3: Hero folded before Flop (didn't bet)
Seat 5: a4c45564 won ($0.12)
Seat 6: ee5dc6c8 (button) folded before Flop (didn't bet)


Poker Hand #HD1201788139: Hold'em No Limit  ($0.02/$0.05) - 2023/04/13 18:12:30
Table 'NLHBlue113' 6-max Seat #3 is the button
Seat 1: fa4f3045 ($5.31 in chips)
Seat 2: 2b9acf2 ($8.02 in chips)
Seat 3: Hero ($5 in chips)
Seat 6: ee5dc6c8 ($5.51 in chips)
ee5dc6c8: posts small blind $0.02
fa4f3045: posts big blind $0.05
*** HOLE CARDS ***
Dealt to fa4f3045 
Dealt to 2b9acf2 
Dealt to Hero [Kh 4s]
Dealt to ee5dc6c8 
2b9acf2: calls $0.05
Hero: folds
ee5dc6c8: folds
fa4f3045: checks
*** FLOP *** [4d Jd 9s]
fa4f3045: checks
2b9acf2: bets $0.06
fa4f3045: folds
Uncalled bet ($0.06) returned to 2b9acf2
*** SHOWDOWN ***
2b9acf2 collected $0.12 from pot
*** SUMMARY ***
Total pot $0.12 | Rake $0 | Jackpot $0 | Bingo $0 | Fortune $0
Board [4d Jd 9s]
Seat 1: fa4f3045 (big blind) folded on the Flop
Seat 2: 2b9acf2 won ($0.12)
Seat 3: Hero (button) folded before Flop (didn't bet)
Seat 6: ee5dc6c8 (small blind) folded before Flop


Poker Hand #HD1201788084: Hold'em No Limit  ($0.02/$0.05) - 2023/04/13 18:12:09
Table 'NLHBlue113' 6-max Seat #2 is the button
Seat 1: fa4f3045 ($5.24 in chips)
Seat 2: 2b9acf2 ($8.02 in chips)
Seat 3: Hero ($5 in chips)
Seat 6: ee5dc6c8 ($5.56 in chips)
Hero: posts small blind $0.02
ee5dc6c8: posts big blind $0.05
*** HOLE CARDS ***
Dealt to fa4f3045 
Dealt to 2b9acf2 
Dealt to Hero [4s 2s]
Dealt to ee5dc6c8 
fa4f3045: raises $0.1 to $0.15
2b9acf2: folds
Hero: folds
ee5dc6c8: folds
Uncalled bet ($0.1) returned to fa4f3045
*** SHOWDOWN ***
fa4f3045 collected $0.12 from pot
*** SUMMARY ***
Total pot $0.12 | Rake $0 | Jackpot $0 | Bingo $0 | Fortune $0
Seat 1: fa4f3045 collected ($0.12)
Seat 2: 2b9acf2 (button) folded before Flop (didn't bet)
Seat 3: Hero (small blind) folded before Flop
Seat 6: ee5dc6c8 (big blind) folded before Flop


Poker Hand #HD1201788035: Hold'em No Limit  ($0.02/$0.05) - 2023/04/13 18:11:49
Table 'NLHBlue113' 6-max Seat #1 is the button
Seat 1: fa4f3045 ($5.24 in chips)
Seat 2: 2b9acf2 ($7.97 in chips)
Seat 3: Hero ($5 in chips)
Seat 6: ee5dc6c8 ($5.56 in chips)
2b9acf2: posts small blind $0.02
Hero: posts big blind $0.05
*** HOLE CARDS ***
Dealt to fa4f3045 
Dealt to 2b9acf2 
Dealt to Hero [6c 4d]
Dealt to ee5dc6c8 
ee5dc6c8: folds
fa4f3045: folds
2b9acf2: raises $0.1 to $0.15
Hero: folds
Uncalled bet ($0.1) returned to 2b9acf2
*** SHOWDOWN ***
2b9acf2 collected $0.1 from pot
*** SUMMARY ***
Total pot $0.1 | Rake $0 | Jackpot $0 | Bingo $0 | Fortune $0
Seat 1: fa4f3045 (button) folded before Flop (didn't bet)
Seat 2: 2b9acf2 (small blind) collected ($0.1)
Seat 3: Hero (big blind) folded before Flop
Seat 6: ee5dc6c8 folded before Flop (didn't bet)


Poker Hand #HD1201787848: Hold'em No Limit  ($0.02/$0.05) - 2023/04/13 18:10:38
Table 'NLHBlue113' 6-max Seat #6 is the button
Seat 1: fa4f3045 ($5.39 in chips)
Seat 2: 2b9acf2 ($7.83 in chips)
Seat 3: Hero ($5 in chips)
Seat 5: fa7b8f06 ($2.99 in chips)
Seat 6: ee5dc6c8 ($5.56 in chips)
fa4f3045: posts small blind $0.02
2b9acf2: posts big blind $0.05
*** HOLE CARDS ***
Dealt to fa4f3045 
Dealt to 2b9acf2 
Dealt to Hero [3d 7c]
Dealt to fa7b8f06 
Dealt to ee5dc6c8 
Hero: folds
fa7b8f06: folds
ee5dc6c8: folds
fa4f3045: raises $0.1 to $0.15
2b9acf2: calls $0.1
*** FLOP *** [2s 9c Ah]
fa4f3045: checks
2b9acf2: checks
*** TURN *** [2s 9c Ah] [Ad]
fa4f3045: checks
2b9acf2: checks
*** RIVER *** [2s 9c Ah Ad] [6s]
fa4f3045: checks
2b9acf2: checks
fa4f3045: shows [Jh Qh] (Pair of Aces)
2b9acf2: shows [3c 3s] (Pair of Aces and Pair of Treys)
*** SHOWDOWN ***
2b9acf2 collected $0.29 from pot
*** SUMMARY ***
Total pot $0.3 | Rake $0.01 | Jackpot $0 | Bingo $0 | Fortune $0
Board [2s 9c Ah Ad 6s]
Seat 1: fa4f3045 (small blind) showed [Jh Qh] and lost with Pair of Aces
Seat 2: 2b9acf2 (big blind) showed [3c 3s] and won ($0.29) with Pair of Aces and Pair of Treys
Seat 3: Hero folded before Flop (didn't bet)
Seat 5: fa7b8f06 folded before Flop (didn't bet)
Seat 6: ee5dc6c8 (button) folded before Flop (didn't bet)


Poker Hand #HD1201787676: Hold'em No Limit  ($0.02/$0.05) - 2023/04/13 18:09:27
Table 'NLHBlue113' 6-max Seat #5 is the button
Seat 1: fa4f3045 ($5 in chips)
Seat 2: 2b9acf2 ($7.83 in chips)
Seat 3: Hero ($5 in chips)
Seat 5: fa7b8f06 ($3.4 in chips)
Seat 6: ee5dc6c8 ($5.58 in chips)
ee5dc6c8: posts small blind $0.02
fa4f3045: posts big blind $0.05
*** HOLE CARDS ***
Dealt to fa4f3045 
Dealt to 2b9acf2 
Dealt to Hero [9c 8h]
Dealt to fa7b8f06 
Dealt to ee5dc6c8 
2b9acf2: folds
Hero: folds
fa7b8f06: raises $0.05 to $0.1
ee5dc6c8: folds
fa4f3045: calls $0.05
*** FLOP *** [6d 6s Kc]
fa4f3045: checks
fa7b8f06: bets $0.11
fa4f3045: calls $0.11
*** TURN *** [6d 6s Kc] [2h]
fa4f3045: checks
fa7b8f06: checks
*** RIVER *** [6d 6s Kc 2h] [Qc]
fa4f3045: bets $0.2
fa7b8f06: calls $0.2
fa4f3045: shows [6h 4h] (Three Sixes)
fa7b8f06: shows [Ks Ts] (Pair of Kings and Pair of Sixes)
*** SHOWDOWN ***
fa4f3045 collected $0.8 from pot
*** SUMMARY ***
Total pot $0.84 | Rake $0.04 | Jackpot $0 | Bingo $0 | Fortune $0
Board [6d 6s Kc 2h Qc]
Seat 1: fa4f3045 (big blind) showed [6h 4h] and won ($0.8) with Three Sixes
Seat 2: 2b9acf2 folded before Flop (didn't bet)
Seat 3: Hero folded before Flop (didn't bet)
Seat 5: fa7b8f06 (button) showed [Ks Ts] and lost with Pair of Kings and Pair of Sixes
Seat 6: ee5dc6c8 (small blind) folded before Flop


Poker Hand #HD1201787602: Hold'em No Limit  ($0.02/$0.05) - 2023/04/13 18:08:59
Table 'NLHBlue113' 6-max Seat #3 is the button
Seat 2: 2b9acf2 ($7.38 in chips)
Seat 3: Hero ($5.18 in chips)
Seat 5: fa7b8f06 ($3.42 in chips)
Seat 6: ee5dc6c8 ($5.63 in chips)
fa7b8f06: posts small blind $0.02
ee5dc6c8: posts big blind $0.05
*** HOLE CARDS ***
Dealt to 2b9acf2 
Dealt to Hero [7h 7s]
Dealt to fa7b8f06 
Dealt to ee5dc6c8 
2b9acf2: raises $0.1 to $0.15
Hero: raises $0.27 to $0.42
fa7b8f06: folds
ee5dc6c8: folds
2b9acf2: raises $6.96 to $7.38 and is all-in
Hero: folds
Uncalled bet ($6.96) returned to 2b9acf2
*** SHOWDOWN ***
2b9acf2 collected $0.87 from pot
*** SUMMARY ***
Total pot $0.91 | Rake $0.04 | Jackpot $0 | Bingo $0 | Fortune $0
Seat 2: 2b9acf2 collected ($0.87)
Seat 3: Hero (button) folded before Flop
Seat 5: fa7b8f06 (small blind) folded before Flop
Seat 6: ee5dc6c8 (big blind) folded before Flop


Poker Hand #HD1201787480: Hold'em No Limit  ($0.02/$0.05) - 2023/04/13 18:08:11
Table 'NLHBlue113' 6-max Seat #2 is the button
Seat 2: 2b9acf2 ($7.08 in chips)
Seat 3: Hero ($5.2 in chips)
Seat 5: fa7b8f06 ($3.73 in chips)
Seat 6: ee5dc6c8 ($5.63 in chips)
Hero: posts small blind $0.02
fa7b8f06: posts big blind $0.05
*** HOLE CARDS ***
Dealt to 2b9acf2 
Dealt to Hero [Jd 2h]
Dealt to fa7b8f06 
Dealt to ee5dc6c8 
ee5dc6c8: folds
2b9acf2: raises $0.1 to $0.15
Hero: folds
fa7b8f06: calls $0.1
*** FLOP *** [Td 6d 8d]
fa7b8f06: checks
2b9acf2: bets $0.16
fa7b8f06: calls $0.16
*** TURN *** [Td 6d 8d] [9c]
fa7b8f06: checks
2b9acf2: checks
*** RIVER *** [Td 6d 8d 9c] [Jh]
fa7b8f06: checks
2b9acf2: bets $0.48
fa7b8f06: folds
Uncalled bet ($0.48) returned to 2b9acf2
*** SHOWDOWN ***
2b9acf2 collected $0.61 from pot
*** SUMMARY ***
Total pot $0.64 | Rake $0.03 | Jackpot $0 | Bingo $0 | Fortune $0
Board [Td 6d 8d 9c Jh]
Seat 2: 2b9acf2 (button) won ($0.61)
Seat 3: Hero (small blind) folded before Flop
Seat 5: fa7b8f06 (big blind) folded on the River
Seat 6: ee5dc6c8 folded before Flop (didn't bet)


Poker Hand #HD1201787413: Hold'em No Limit  ($0.02/$0.05) - 2023/04/13 18:07:41
Table 'NLHBlue113' 6-max Seat #6 is the button
Seat 2: 2b9acf2 ($7.1 in chips)
Seat 3: Hero ($5.09 in chips)
Seat 5: fa7b8f06 ($3.83 in chips)
Seat 6: ee5dc6c8 ($5.63 in chips)
2b9acf2: posts small blind $0.02
Hero: posts big blind $0.05
*** HOLE CARDS ***
Dealt to 2b9acf2 
Dealt to Hero [Jh Ac]
Dealt to fa7b8f06 
Dealt to ee5dc6c8 
fa7b8f06: raises $0.05 to $0.1
ee5dc6c8: folds
2b9acf2: folds
Hero: raises $0.26 to $0.36
fa7b8f06: folds
Uncalled bet ($0.26) returned to Hero
*** SHOWDOWN ***
Hero collected $0.21 from pot
*** SUMMARY ***
Total pot $0.22 | Rake $0.01 | Jackpot $0 | Bingo $0 | Fortune $0
Seat 2: 2b9acf2 (small blind) folded before Flop
Seat 3: Hero (big blind) collected ($0.21)
Seat 5: fa7b8f06 folded before Flop
Seat 6: ee5dc6c8 (button) folded before Flop (didn't bet)


Poker Hand #HD1201787347: Hold'em No Limit  ($0.02/$0.05) - 2023/04/13 18:07:17
Table 'NLHBlue113' 6-max Seat #5 is the button
Seat 2: 2b9acf2 ($7.08 in chips)
Seat 3: Hero ($5.09 in chips)
Seat 5: fa7b8f06 ($3.83 in chips)
Seat 6: ee5dc6c8 ($5.65 in chips)
ee5dc6c8: posts small blind $0.02
2b9acf2: posts big blind $0.05
*** HOLE CARDS ***
Dealt to 2b9acf2 
Dealt to Hero [Qc 9h]
Dealt to fa7b8f06 
Dealt to ee5dc6c8 
Hero: folds
fa7b8f06: folds
ee5dc6c8: folds
Uncalled bet ($0.03) returned to 2b9acf2
*** SHOWDOWN ***
2b9acf2 collected $0.04 from pot
*** SUMMARY ***
Total pot $0.04 | Rake $0 | Jackpot $0 | Bingo $0 | Fortune $0
Seat 2: 2b9acf2 (big blind) collected ($0.04)
Seat 3: Hero folded before Flop (didn't bet)
Seat 5: fa7b8f06 (button) folded before Flop (didn't bet)
Seat 6: ee5dc6c8 (small blind) folded before Flop


Poker Hand #HD1201787247: Hold'em No Limit  ($0.02/$0.05) - 2023/04/13 18:06:40
Table 'NLHBlue113' 6-max Seat #3 is the button
Seat 1: e50181f5 ($1.51 in chips)
Seat 2: 2b9acf2 ($7.08 in chips)
Seat 3: Hero ($5.21 in chips)
Seat 5: fa7b8f06 ($3.85 in chips)
Seat 6: ee5dc6c8 ($5.52 in chips)
fa7b8f06: posts small blind $0.02
ee5dc6c8: posts big blind $0.05
*** HOLE CARDS ***
Dealt to e50181f5 
Dealt to 2b9acf2 
Dealt to Hero [7c 4c]
Dealt to fa7b8f06 
Dealt to ee5dc6c8 
e50181f5: folds
2b9acf2: folds
Hero: raises $0.07 to $0.12
fa7b8f06: folds
ee5dc6c8: raises $0.33 to $0.45
Hero: folds
Uncalled bet ($0.33) returned to ee5dc6c8
*** SHOWDOWN ***
ee5dc6c8 collected $0.25 from pot
*** SUMMARY ***
Total pot $0.26 | Rake $0.01 | Jackpot $0 | Bingo $0 | Fortune $0
Seat 1: e50181f5 folded before Flop (didn't bet)
Seat 2: 2b9acf2 folded before Flop (didn't bet)
Seat 3: Hero (button) folded before Flop
Seat 5: fa7b8f06 (small blind) folded before Flop
Seat 6: ee5dc6c8 (big blind) collected ($0.25)


Poker Hand #HD1201787195: Hold'em No Limit  ($0.02/$0.05) - 2023/04/13 18:06:19
Table 'NLHBlue113' 6-max Seat #2 is the button
Seat 1: e50181f5 ($1.51 in chips)
Seat 2: 2b9acf2 ($7.08 in chips)
Seat 3: Hero ($5.23 in chips)
Seat 5: fa7b8f06 ($3.83 in chips)
Seat 6: ee5dc6c8 ($5.52 in chips)
Hero: posts small blind $0.02
fa7b8f06: posts big blind $0.05
*** HOLE CARDS ***
Dealt to e50181f5 
Dealt to 2b9acf2 
Dealt to Hero [3d 2s]
Dealt to fa7b8f06 
Dealt to ee5dc6c8 
ee5dc6c8: folds
e50181f5: folds
2b9acf2: folds
Hero: folds
Uncalled bet ($0.03) returned to fa7b8f06
*** SHOWDOWN ***
fa7b8f06 collected $0.04 from pot
*** SUMMARY ***
Total pot $0.04 | Rake $0 | Jackpot $0 | Bingo $0 | Fortune $0
Seat 1: e50181f5 folded before Flop (didn't bet)
Seat 2: 2b9acf2 (button) folded before Flop (didn't bet)
Seat 3: Hero (small blind) folded before Flop
Seat 5: fa7b8f06 (big blind) collected ($0.04)
Seat 6: ee5dc6c8 folded before Flop (didn't bet)


Poker Hand #HD1201787078: Hold'em No Limit  ($0.02/$0.05) - 2023/04/13 18:05:34
Table 'NLHBlue113' 6-max Seat #1 is the button
Seat 1: e50181f5 ($1.74 in chips)
Seat 2: 2b9acf2 ($7.1 in chips)
Seat 3: Hero ($5 in chips)
Seat 5: fa7b8f06 ($3.83 in chips)
Seat 6: ee5dc6c8 ($5.52 in chips)
2b9acf2: posts small blind $0.02
Hero: posts big blind $0.05
*** HOLE CARDS ***
Dealt to e50181f5 
Dealt to 2b9acf2 
Dealt to Hero [Kc Kd]
Dealt to fa7b8f06 
Dealt to ee5dc6c8 
fa7b8f06: folds
ee5dc6c8: folds
e50181f5: calls $0.05
2b9acf2: folds
Hero: raises $0.18 to $0.23
e50181f5: calls $0.18
*** FLOP *** [2d Ac 9c]
Hero: checks
e50181f5: checks
*** TURN *** [2d Ac 9c] [5s]
Hero: bets $0.18
e50181f5: folds
Uncalled bet ($0.18) returned to Hero
*** SHOWDOWN ***
Hero collected $0.46 from pot
*** SUMMARY ***
Total pot $0.48 | Rake $0.02 | Jackpot $0 | Bingo $0 | Fortune $0
Board [2d Ac 9c 5s]
Seat 1: e50181f5 (button) folded on the Turn
Seat 2: 2b9acf2 (small blind) folded before Flop
Seat 3: Hero (big blind) won ($0.46)
Seat 5: fa7b8f06 folded before Flop (didn't bet)
Seat 6: ee5dc6c8 folded before Flop (didn't bet)


Poker Hand #HD1201786890: Hold'em No Limit  ($0.02/$0.05) - 2023/04/13 18:04:17
Table 'NLHBlue113' 6-max Seat #6 is the button
Seat 1: e50181f5 ($1.69 in chips)
Seat 2: 2b9acf2 ($7.15 in chips)
Seat 3: Hero ($5 in chips)
Seat 5: fa7b8f06 ($3.83 in chips)
Seat 6: ee5dc6c8 ($5.52 in chips)
e50181f5: posts small blind $0.02
2b9acf2: posts big blind $0.05
*** HOLE CARDS ***
Dealt to e50181f5 
Dealt to 2b9acf2 
Dealt to Hero [9h Jc]
Dealt to fa7b8f06 
Dealt to ee5dc6c8 
Hero: folds
fa7b8f06: folds
ee5dc6c8: folds
e50181f5: calls $0.03
2b9acf2: checks
*** FLOP *** [Kh 3s 9d]
e50181f5: checks
2b9acf2: checks
*** TURN *** [Kh 3s 9d] [7h]
e50181f5: checks
2b9acf2: checks
*** RIVER *** [Kh 3s 9d 7h] [6c]
e50181f5: checks
2b9acf2: checks
e50181f5: shows [2h 6h] (Pair of Sixes)
2b9acf2: shows [Ah Ts] (Ace-High)
*** SHOWDOWN ***
e50181f5 collected $0.1 from pot
*** SUMMARY ***
Total pot $0.1 | Rake $0 | Jackpot $0 | Bingo $0 | Fortune $0
Board [Kh 3s 9d 7h 6c]
Seat 1: e50181f5 (small blind) showed [2h 6h] and won ($0.1) with Pair of Sixes
Seat 2: 2b9acf2 (big blind) showed [Ah Ts] and lost with Ace-High
Seat 3: Hero folded before Flop (didn't bet)
Seat 5: fa7b8f06 folded before Flop (didn't bet)
Seat 6: ee5dc6c8 (button) folded before Flop (didn't bet)


Poker Hand #HD1201786788: Hold'em No Limit  ($0.02/$0.05) - 2023/04/13 18:03:34
Table 'NLHBlue113' 6-max Seat #5 is the button
Seat 1: e50181f5 ($0.91 in chips)
Seat 2: 2b9acf2 ($7.15 in chips)
Seat 3: Hero ($5 in chips)
Seat 5: fa7b8f06 ($4.74 in chips)
Seat 6: ee5dc6c8 ($5.54 in chips)
ee5dc6c8: posts small blind $0.02
e50181f5: posts big blind $0.05
*** HOLE CARDS ***
Dealt to e50181f5 
Dealt to 2b9acf2 
Dealt to Hero [7s 4d]
Dealt to fa7b8f06 
Dealt to ee5dc6c8 
2b9acf2: folds
Hero: folds
fa7b8f06: raises $0.1 to $0.15
ee5dc6c8: folds
e50181f5: raises $0.76 to $0.91 and is all-in
fa7b8f06: calls $0.76
e50181f5: shows [Kc Qs]
fa7b8f06: shows [Kh Js]
*** FLOP *** [5h 8d 2c]
*** TURN *** [5h 8d 2c] [4s]
*** RIVER *** [5h 8d 2c 4s] [2d]
*** SHOWDOWN ***
e50181f5 collected $1.69 from pot
*** SUMMARY ***
Total pot $1.84 | Rake $0.1 | Jackpot $0.05 | Bingo $0 | Fortune $0
Board [5h 8d 2c 4s 2d]
Seat 1: e50181f5 (big blind) showed [Kc Qs] and won ($1.69) with Pair of Twos
Seat 2: 2b9acf2 folded before Flop (didn't bet)
Seat 3: Hero folded before Flop (didn't bet)
Seat 5: fa7b8f06 (button) showed [Kh Js] and lost with Pair of Twos
Seat 6: ee5dc6c8 (small blind) folded before Flop


Poker Hand #HD1201786729: Hold'em No Limit  ($0.02/$0.05) - 2023/04/13 18:03:14
Table 'NLHBlue113' 6-max Seat #3 is the button
Seat 1: e50181f5 ($0.96 in chips)
Seat 2: 2b9acf2 ($7.15 in chips)
Seat 3: Hero ($5 in chips)
Seat 5: fa7b8f06 ($4.76 in chips)
Seat 6: ee5dc6c8 ($5.47 in chips)
fa7b8f06: posts small blind $0.02
ee5dc6c8: posts big blind $0.05
*** HOLE CARDS ***
Dealt to e50181f5 
Dealt to 2b9acf2 
Dealt to Hero [9d 5s]
Dealt to fa7b8f06 
Dealt to ee5dc6c8 
e50181f5: calls $0.05
2b9acf2: folds
Hero: folds
fa7b8f06: folds
ee5dc6c8: checks
*** FLOP *** [7c Jh Ts]
ee5dc6c8: bets $0.12
e50181f5: folds
Uncalled bet ($0.12) returned to ee5dc6c8
*** SHOWDOWN ***
ee5dc6c8 collected $0.12 from pot
*** SUMMARY ***
Total pot $0.12 | Rake $0 | Jackpot $0 | Bingo $0 | Fortune $0
Board [7c Jh Ts]
Seat 1: e50181f5 folded on the Flop
Seat 2: 2b9acf2 folded before Flop (didn't bet)
Seat 3: Hero (button) folded before Flop (didn't bet)
Seat 5: fa7b8f06 (small blind) folded before Flop
Seat 6: ee5dc6c8 (big blind) won ($0.12)


Poker Hand #HD1201786627: Hold'em No Limit  ($0.02/$0.05) - 2023/04/13 18:02:35
Table 'NLHBlue113' 6-max Seat #2 is the button
Seat 1: e50181f5 ($0.96 in chips)
Seat 2: 2b9acf2 ($7.15 in chips)
Seat 3: Hero ($5 in chips)
Seat 5: fa7b8f06 ($3.79 in chips)
Seat 6: ee5dc6c8 ($5.47 in chips)
Hero: posts small blind $0.02
fa7b8f06: posts big blind $0.05
*** HOLE CARDS ***
Dealt to e50181f5 
Dealt to 2b9acf2 
Dealt to Hero [Kh Th]
Dealt to fa7b8f06 
Dealt to ee5dc6c8 
ee5dc6c8: folds
e50181f5: folds
2b9acf2: folds
Hero: raises $0.09 to $0.14
fa7b8f06: raises $0.31 to $0.45
Hero: calls $0.31
*** FLOP *** [2c Tc Jd]
Hero: checks
fa7b8f06: bets $0.68
Hero: calls $0.68
*** TURN *** [2c Tc Jd] [3h]
Hero: checks
fa7b8f06: bets $2.66 and is all-in
Hero: folds
Uncalled bet ($2.66) returned to fa7b8f06
*** SHOWDOWN ***
fa7b8f06 collected $2.1 from pot
*** SUMMARY ***
Total pot $2.26 | Rake $0.11 | Jackpot $0.05 | Bingo $0 | Fortune $0
Board [2c Tc Jd 3h]
Seat 1: e50181f5 folded before Flop (didn't bet)
Seat 2: 2b9acf2 (button) folded before Flop (didn't bet)
Seat 3: Hero (small blind) folded on the Turn
Seat 5: fa7b8f06 (big blind) won ($2.1)
Seat 6: ee5dc6c8 folded before Flop (didn't bet)


Poker Hand #HD1201786507: Hold'em No Limit  ($0.02/$0.05) - 2023/04/13 18:01:45
Table 'NLHBlue113' 6-max Seat #1 is the button
Seat 1: e50181f5 ($0.5 in chips)
Seat 2: 2b9acf2 ($7.17 in chips)
Seat 3: Hero ($5.07 in chips)
Seat 5: fa7b8f06 ($3.79 in chips)
Seat 6: ee5dc6c8 ($5.47 in chips)
2b9acf2: posts small blind $0.02
Hero: posts big blind $0.05
*** HOLE CARDS ***
Dealt to e50181f5 
Dealt to 2b9acf2 
Dealt to Hero [8d 8c]
Dealt to fa7b8f06 
Dealt to ee5dc6c8 
fa7b8f06: folds
ee5dc6c8: folds
e50181f5: calls $0.05
2b9acf2: folds
Hero: raises $0.18 to $0.23
e50181f5: calls $0.18
*** FLOP *** [Ah 4d Jd]
Hero: checks
e50181f5: bets $0.27 and is all-in
Hero: calls $0.27
e50181f5: shows [Jc 9c] (Pair of Jacks)
Hero: shows [8d 8c] (Pair of Eights)
*** TURN *** [Ah 4d Jd] [5h]
*** RIVER *** [Ah 4d Jd 5h] [Ks]
*** SHOWDOWN ***
e50181f5 collected $0.96 from pot
*** SUMMARY ***
Total pot $1.02 | Rake $0.06 | Jackpot $0 | Bingo $0 | Fortune $0
Board [Ah 4d Jd 5h Ks]
Seat 1: e50181f5 (button) showed [Jc 9c] and won ($0.96) with Pair of Jacks
Seat 2: 2b9acf2 (small blind) folded before Flop
Seat 3: Hero (big blind) showed [8d 8c] and lost with Pair of Eights
Seat 5: fa7b8f06 folded before Flop (didn't bet)
Seat 6: ee5dc6c8 folded before Flop (didn't bet)


Poker Hand #HD1201786458: Hold'em No Limit  ($0.02/$0.05) - 2023/04/13 18:01:26
Table 'NLHBlue113' 6-max Seat #6 is the button
Seat 1: e50181f5 ($0.52 in chips)
Seat 2: 2b9acf2 ($7.22 in chips)
Seat 3: Hero ($5.07 in chips)
Seat 5: fa7b8f06 ($3.79 in chips)
Seat 6: ee5dc6c8 ($5.4 in chips)
e50181f5: posts small blind $0.02
2b9acf2: posts big blind $0.05
*** HOLE CARDS ***
Dealt to e50181f5 
Dealt to 2b9acf2 
Dealt to Hero [Ks Td]
Dealt to fa7b8f06 
Dealt to ee5dc6c8 
Hero: folds
fa7b8f06: folds
ee5dc6c8: raises $0.1 to $0.15
e50181f5: folds
2b9acf2: folds
Uncalled bet ($0.1) returned to ee5dc6c8
*** SHOWDOWN ***
ee5dc6c8 collected $0.12 from pot
*** SUMMARY ***
Total pot $0.12 | Rake $0 | Jackpot $0 | Bingo $0 | Fortune $0
Seat 1: e50181f5 (small blind) folded before Flop
Seat 2: 2b9acf2 (big blind) folded before Flop
Seat 3: Hero folded before Flop (didn't bet)
Seat 5: fa7b8f06 folded before Flop (didn't bet)
Seat 6: ee5dc6c8 (button) collected ($0.12)


Poker Hand #HD1201786397: Hold'em No Limit  ($0.02/$0.05) - 2023/04/13 18:01:01
Table 'NLHBlue113' 6-max Seat #5 is the button
Seat 1: e50181f5 ($0.57 in chips)
Seat 2: 2b9acf2 ($7.22 in chips)
Seat 3: Hero ($5 in chips)
Seat 5: fa7b8f06 ($3.79 in chips)
Seat 6: ee5dc6c8 ($5.42 in chips)
ee5dc6c8: posts small blind $0.02
e50181f5: posts big blind $0.05
*** HOLE CARDS ***
Dealt to e50181f5 
Dealt to 2b9acf2 
Dealt to Hero [9s 8s]
Dealt to fa7b8f06 
Dealt to ee5dc6c8 
2b9acf2: folds
Hero: raises $0.07 to $0.12
fa7b8f06: folds
ee5dc6c8: folds
e50181f5: folds
Uncalled bet ($0.07) returned to Hero
*** SHOWDOWN ***
Hero collected $0.12 from pot
*** SUMMARY ***
Total pot $0.12 | Rake $0 | Jackpot $0 | Bingo $0 | Fortune $0
Seat 1: e50181f5 (big blind) folded before Flop
Seat 2: 2b9acf2 folded before Flop (didn't bet)
Seat 3: Hero collected ($0.12)
Seat 5: fa7b8f06 (button) folded before Flop (didn't bet)
Seat 6: ee5dc6c8 (small blind) folded before Flop


Poker Hand #HD1201786333: Hold'em No Limit  ($0.02/$0.05) - 2023/04/13 18:00:38
Table 'NLHBlue113' 6-max Seat #3 is the button
Seat 1: e50181f5 ($0.5 in chips)
Seat 2: 2b9acf2 ($7.22 in chips)
Seat 3: Hero ($5 in chips)
Seat 5: fa7b8f06 ($3.81 in chips)
Seat 6: ee5dc6c8 ($5.47 in chips)
fa7b8f06: posts small blind $0.02
ee5dc6c8: posts big blind $0.05
*** HOLE CARDS ***
Dealt to e50181f5 
Dealt to 2b9acf2 
Dealt to Hero [Qh Jd]
Dealt to fa7b8f06 
Dealt to ee5dc6c8 
e50181f5: raises $0.45 to $0.5 and is all-in
2b9acf2: folds
Hero: folds
fa7b8f06: folds
ee5dc6c8: folds
Uncalled bet ($0.45) returned to e50181f5
*** SHOWDOWN ***
e50181f5 collected $0.12 from pot
*** SUMMARY ***
Total pot $0.12 | Rake $0 | Jackpot $0 | Bingo $0 | Fortune $0
Seat 1: e50181f5 collected ($0.12)
Seat 2: 2b9acf2 folded before Flop (didn't bet)
Seat 3: Hero (button) folded before Flop (didn't bet)
Seat 5: fa7b8f06 (small blind) folded before Flop
Seat 6: ee5dc6c8 (big blind) folded before Flop


Poker Hand #HD1201786219: Hold'em No Limit  ($0.02/$0.05) - 2023/04/13 17:59:51
Table 'NLHBlue113' 6-max Seat #2 is the button
Seat 1: e50181f5 ($0.5 in chips)
Seat 2: 2b9acf2 ($7.23 in chips)
Seat 3: Hero ($5 in chips)
Seat 5: fa7b8f06 ($3.82 in chips)
Seat 6: ee5dc6c8 ($5.47 in chips)
Hero: posts small blind $0.02
fa7b8f06: posts big blind $0.05
*** HOLE CARDS ***
Dealt to e50181f5 
Dealt to 2b9acf2 
Dealt to Hero [9h Kc]
Dealt to fa7b8f06 
Dealt to ee5dc6c8 
ee5dc6c8: folds
e50181f5: folds
2b9acf2: calls $0.05
Hero: folds
fa7b8f06: checks
*** FLOP *** [2d 4h Ah]
fa7b8f06: checks
2b9acf2: bets $0.05
fa7b8f06: raises $0.16 to $0.21
2b9acf2: calls $0.16
*** TURN *** [2d 4h Ah] [5h]
fa7b8f06: bets $0.27
2b9acf2: calls $0.27
*** RIVER *** [2d 4h Ah 5h] [3s]
fa7b8f06: checks
2b9acf2: checks
fa7b8f06: shows [9c 3d] (Fives-High Straight)
2b9acf2: shows [4s 4c] (Fives-High Straight)
*** SHOWDOWN ***
fa7b8f06 collected $0.52 from pot
2b9acf2 collected $0.52 from pot
*** SUMMARY ***
Total pot $1.08 | Rake $0.04 | Jackpot $0 | Bingo $0 | Fortune $0
Board [2d 4h Ah 5h 3s]
Seat 1: e50181f5 folded before Flop (didn't bet)
Seat 2: 2b9acf2 (button) showed [4s 4c] and won ($0.52) with Fives-High Straight
Seat 3: Hero (small blind) folded before Flop
Seat 5: fa7b8f06 (big blind) showed [9c 3d] and won ($0.52) with Fives-High Straight
Seat 6: ee5dc6c8 folded before Flop (didn't bet)


Poker Hand #HD1201786175: Hold'em No Limit  ($0.02/$0.05) - 2023/04/13 17:59:30
Table 'NLHBlue113' 6-max Seat #1 is the button
Seat 1: e50181f5 ($0.5 in chips)
Seat 2: 2b9acf2 ($7.25 in chips)
Seat 3: Hero ($5 in chips)
Seat 4: 891962ed ($5.23 in chips)
Seat 5: fa7b8f06 ($3.82 in chips)
Seat 6: ee5dc6c8 ($5.4 in chips)
2b9acf2: posts small blind $0.02
Hero: posts big blind $0.05
*** HOLE CARDS ***
Dealt to e50181f5 
Dealt to 2b9acf2 
Dealt to Hero [Tc 3s]
Dealt to 891962ed 
Dealt to fa7b8f06 
Dealt to ee5dc6c8 
891962ed: folds
fa7b8f06: folds
ee5dc6c8: raises $0.1 to $0.15
e50181f5: folds
2b9acf2: folds
Hero: folds
Uncalled bet ($0.1) returned to ee5dc6c8
*** SHOWDOWN ***
ee5dc6c8 collected $0.12 from pot
*** SUMMARY ***
Total pot $0.12 | Rake $0 | Jackpot $0 | Bingo $0 | Fortune $0
Seat 1: e50181f5 (button) folded before Flop (didn't bet)
Seat 2: 2b9acf2 (small blind) folded before Flop
Seat 3: Hero (big blind) folded before Flop
Seat 4: 891962ed folded before Flop (didn't bet)
Seat 5: fa7b8f06 folded before Flop (didn't bet)
Seat 6: ee5dc6c8 collected ($0.12)


Poker Hand #HD1201786032: Hold'em No Limit  ($0.02/$0.05) - 2023/04/13 17:58:33
Table 'NLHBlue113' 6-max Seat #6 is the button
Seat 1: e50181f5 ($0.6 in chips)
Seat 2: 2b9acf2 ($7.16 in chips)
Seat 3: Hero ($5 in chips)
Seat 4: 891962ed ($5.23 in chips)
Seat 5: fa7b8f06 ($3.82 in chips)
Seat 6: ee5dc6c8 ($5.4 in chips)
e50181f5: posts small blind $0.02
2b9acf2: posts big blind $0.05
*** HOLE CARDS ***
Dealt to e50181f5 
Dealt to 2b9acf2 
Dealt to Hero [Kh 4s]
Dealt to 891962ed 
Dealt to fa7b8f06 
Dealt to ee5dc6c8 
Hero: folds
891962ed: folds
fa7b8f06: folds
ee5dc6c8: folds
e50181f5: calls $0.03
2b9acf2: checks
*** FLOP *** [8c 2s Jh]
e50181f5: checks
2b9acf2: bets $0.05
e50181f5: calls $0.05
*** TURN *** [8c 2s Jh] [2h]
e50181f5: checks
2b9acf2: bets $0.1
e50181f5: folds
Uncalled bet ($0.1) returned to 2b9acf2
*** SHOWDOWN ***
2b9acf2 collected $0.19 from pot
*** SUMMARY ***
Total pot $0.2 | Rake $0.01 | Jackpot $0 | Bingo $0 | Fortune $0
Board [8c 2s Jh 2h]
Seat 1: e50181f5 (small blind) folded on the Turn
Seat 2: 2b9acf2 (big blind) won ($0.19)
Seat 3: Hero folded before Flop (didn't bet)
Seat 4: 891962ed folded before Flop (didn't bet)
Seat 5: fa7b8f06 folded before Flop (didn't bet)
Seat 6: ee5dc6c8 (button) folded before Flop (didn't bet)


Poker Hand #HD1201785851: Hold'em No Limit  ($0.02/$0.05) - 2023/04/13 17:57:19
Table 'NLHBlue113' 6-max Seat #5 is the button
Seat 1: e50181f5 ($0.65 in chips)
Seat 2: 2b9acf2 ($5.86 in chips)
Seat 3: Hero ($5 in chips)
Seat 4: 891962ed ($5.23 in chips)
Seat 5: fa7b8f06 ($5.24 in chips)
Seat 6: ee5dc6c8 ($5.42 in chips)
ee5dc6c8: posts small blind $0.02
e50181f5: posts big blind $0.05
*** HOLE CARDS ***
Dealt to e50181f5 
Dealt to 2b9acf2 
Dealt to Hero [9h 5d]
Dealt to 891962ed 
Dealt to fa7b8f06 
Dealt to ee5dc6c8 
2b9acf2: raises $0.1 to $0.15
Hero: folds
891962ed: folds
fa7b8f06: calls $0.15
ee5dc6c8: folds
e50181f5: folds
*** FLOP *** [3c Js 7c]
2b9acf2: bets $0.28
fa7b8f06: calls $0.28
*** TURN *** [3c Js 7c] [Qs]
2b9acf2: bets $0.47
fa7b8f06: raises $0.52 to $0.99
2b9acf2: calls $0.52
*** RIVER *** [3c Js 7c Qs] [2s]
2b9acf2: checks
fa7b8f06: checks
2b9acf2: shows [Ad Ac] (Pair of Aces)
fa7b8f06: shows [8c Qc] (Pair of Queens)
*** SHOWDOWN ***
2b9acf2 collected $2.72 from pot
*** SUMMARY ***
Total pot $2.91 | Rake $0.14 | Jackpot $0.05 | Bingo $0 | Fortune $0
Board [3c Js 7c Qs 2s]
Seat 1: e50181f5 (big blind) folded before Flop
Seat 2: 2b9acf2 showed [Ad Ac] and won ($2.72) with Pair of Aces
Seat 3: Hero folded before Flop (didn't bet)
Seat 4: 891962ed folded before Flop (didn't bet)
Seat 5: fa7b8f06 (button) showed [8c Qc] and lost with Pair of Queens
Seat 6: ee5dc6c8 (small blind) folded before Flop


Poker Hand #HD1201785796: Hold'em No Limit  ($0.02/$0.05) - 2023/04/13 17:56:54
Table 'NLHBlue113' 6-max Seat #4 is the button
Seat 1: e50181f5 ($0.65 in chips)
Seat 2: 2b9acf2 ($5.86 in chips)
Seat 3: Hero ($5 in chips)
Seat 4: 891962ed ($5.23 in chips)
Seat 5: fa7b8f06 ($5.26 in chips)
Seat 6: ee5dc6c8 ($5.4 in chips)
fa7b8f06: posts small blind $0.02
ee5dc6c8: posts big blind $0.05
*** HOLE CARDS ***
Dealt to e50181f5 
Dealt to 2b9acf2 
Dealt to Hero [Qc 9d]
Dealt to 891962ed 
Dealt to fa7b8f06 
Dealt to ee5dc6c8 
e50181f5: folds
2b9acf2: folds
Hero: folds
891962ed: folds
fa7b8f06: folds
Uncalled bet ($0.03) returned to ee5dc6c8
*** SHOWDOWN ***
ee5dc6c8 collected $0.04 from pot
*** SUMMARY ***
Total pot $0.04 | Rake $0 | Jackpot $0 | Bingo $0 | Fortune $0
Seat 1: e50181f5 folded before Flop (didn't bet)
Seat 2: 2b9acf2 folded before Flop (didn't bet)
Seat 3: Hero folded before Flop (didn't bet)
Seat 4: 891962ed (button) folded before Flop (didn't bet)
Seat 5: fa7b8f06 (small blind) folded before Flop
Seat 6: ee5dc6c8 (big blind) collected ($0.04)


Poker Hand #HD1201785671: Hold'em No Limit  ($0.02/$0.05) - 2023/04/13 17:56:06
Table 'NLHBlue113' 6-max Seat #3 is the button
Seat 1: e50181f5 ($0.65 in chips)
Seat 2: 2b9acf2 ($5.86 in chips)
Seat 3: Hero ($5.05 in chips)
Seat 4: 891962ed ($5.07 in chips)
Seat 5: fa7b8f06 ($5.31 in chips)
Seat 6: ee5dc6c8 ($5.4 in chips)
891962ed: posts small blind $0.02
fa7b8f06: posts big blind $0.05
*** HOLE CARDS ***
Dealt to e50181f5 
Dealt to 2b9acf2 
Dealt to Hero [Td 7d]
Dealt to 891962ed 
Dealt to fa7b8f06 
Dealt to ee5dc6c8 
ee5dc6c8: folds
e50181f5: folds
2b9acf2: folds
Hero: raises $0.07 to $0.12
891962ed: raises $0.48 to $0.6
fa7b8f06: folds
Hero: folds
Uncalled bet ($0.48) returned to 891962ed
*** SHOWDOWN ***
891962ed collected $0.28 from pot
*** SUMMARY ***
Total pot $0.29 | Rake $0.01 | Jackpot $0 | Bingo $0 | Fortune $0
Seat 1: e50181f5 folded before Flop (didn't bet)
Seat 2: 2b9acf2 folded before Flop (didn't bet)
Seat 3: Hero (button) folded before Flop
Seat 4: 891962ed (small blind) collected ($0.28)
Seat 5: fa7b8f06 (big blind) folded before Flop
Seat 6: ee5dc6c8 folded before Flop (didn't bet)


Poker Hand #HD1201695527: Hold'em No Limit  ($0.02/$0.05) - 2023/04/13 17:55:05
Table 'NLHBlue113' 6-max Seat #2 is the button
Seat 1: e50181f5 ($0.65 in chips)
Seat 2: 2b9acf2 ($5.86 in chips)
Seat 3: Hero ($5 in chips)
Seat 4: 891962ed ($5.12 in chips)
Seat 5: fa7b8f06 ($5.31 in chips)
Seat 6: ee5dc6c8 ($5.4 in chips)
Hero: posts small blind $0.02
891962ed: posts big blind $0.05
*** HOLE CARDS ***
Dealt to e50181f5 
Dealt to 2b9acf2 
Dealt to Hero [Td Kh]
Dealt to 891962ed 
Dealt to fa7b8f06 
Dealt to ee5dc6c8 
fa7b8f06: folds
ee5dc6c8: folds
e50181f5: folds
2b9acf2: folds
Hero: raises $0.09 to $0.14
891962ed: folds
Uncalled bet ($0.09) returned to Hero
*** SHOWDOWN ***
Hero collected $0.1 from pot
*** SUMMARY ***
Total pot $0.1 | Rake $0 | Jackpot $0 | Bingo $0 | Fortune $0
Seat 1: e50181f5 folded before Flop (didn't bet)
Seat 2: 2b9acf2 (button) folded before Flop (didn't bet)
Seat 3: Hero (small blind) collected ($0.1)
Seat 4: 891962ed (big blind) folded before Flop
Seat 5: fa7b8f06 folded before Flop (didn't bet)
Seat 6: ee5dc6c8 folded before Flop (didn't bet)


Poker Hand #HD1201695374: Hold'em No Limit  ($0.02/$0.05) - 2023/04/13 17:54:07
Table 'NLHBlue113' 6-max Seat #1 is the button
Seat 1: e50181f5 ($0.65 in chips)
Seat 2: 2b9acf2 ($5.88 in chips)
Seat 3: Hero ($5 in chips)
Seat 4: 891962ed ($5.12 in chips)
Seat 5: fa7b8f06 ($5.31 in chips)
Seat 6: ee5dc6c8 ($5.33 in chips)
2b9acf2: posts small blind $0.02
Hero: posts big blind $0.05
*** HOLE CARDS ***
Dealt to e50181f5 
Dealt to 2b9acf2 
Dealt to Hero [Jh 5d]
Dealt to 891962ed 
Dealt to fa7b8f06 
Dealt to ee5dc6c8 
891962ed: folds
fa7b8f06: folds
ee5dc6c8: raises $0.1 to $0.15
e50181f5: folds
2b9acf2: folds
Hero: folds
Uncalled bet ($0.1) returned to ee5dc6c8
*** SHOWDOWN ***
ee5dc6c8 collected $0.12 from pot
*** SUMMARY ***
Total pot $0.12 | Rake $0 | Jackpot $0 | Bingo $0 | Fortune $0
Seat 1: e50181f5 (button) folded before Flop (didn't bet)
Seat 2: 2b9acf2 (small blind) folded before Flop
Seat 3: Hero (big blind) folded before Flop
Seat 4: 891962ed folded before Flop (didn't bet)
Seat 5: fa7b8f06 folded before Flop (didn't bet)
Seat 6: ee5dc6c8 collected ($0.12)


Poker Hand #HD1201695308: Hold'em No Limit  ($0.02/$0.05) - 2023/04/13 17:53:42
Table 'NLHBlue113' 6-max Seat #6 is the button
Seat 1: e50181f5 ($0.6 in chips)
Seat 2: 2b9acf2 ($5.93 in chips)
Seat 3: Hero ($5 in chips)
Seat 4: 891962ed ($5.12 in chips)
Seat 5: fa7b8f06 ($5.31 in chips)
Seat 6: ee5dc6c8 ($5.33 in chips)
e50181f5: posts small blind $0.02
2b9acf2: posts big blind $0.05
*** HOLE CARDS ***
Dealt to e50181f5 
Dealt to 2b9acf2 
Dealt to Hero [Jh 2d]
Dealt to 891962ed 
Dealt to fa7b8f06 
Dealt to ee5dc6c8 
Hero: folds
891962ed: folds
fa7b8f06: folds
ee5dc6c8: folds
e50181f5: raises $0.55 to $0.6 and is all-in
2b9acf2: folds
Uncalled bet ($0.55) returned to e50181f5
*** SHOWDOWN ***
e50181f5 collected $0.1 from pot
*** SUMMARY ***
Total pot $0.1 | Rake $0 | Jackpot $0 | Bingo $0 | Fortune $0
Seat 1: e50181f5 (small blind) collected ($0.1)
Seat 2: 2b9acf2 (big blind) folded before Flop
Seat 3: Hero folded before Flop (didn't bet)
Seat 4: 891962ed folded before Flop (didn't bet)
Seat 5: fa7b8f06 folded before Flop (didn't bet)
Seat 6: ee5dc6c8 (button) folded before Flop (didn't bet)


Poker Hand #HD1201695190: Hold'em No Limit  ($0.02/$0.05) - 2023/04/13 17:52:58
Table 'NLHBlue113' 6-max Seat #5 is the button
Seat 1: e50181f5 ($0.7 in chips)
Seat 2: 2b9acf2 ($5.93 in chips)
Seat 3: Hero ($5 in chips)
Seat 4: 891962ed ($5.12 in chips)
Seat 5: fa7b8f06 ($5.2 in chips)
Seat 6: ee5dc6c8 ($5.35 in chips)
ee5dc6c8: posts small blind $0.02
e50181f5: posts big blind $0.05
*** HOLE CARDS ***
Dealt to e50181f5 
Dealt to 2b9acf2 
Dealt to Hero [Qh 7s]
Dealt to 891962ed 
Dealt to fa7b8f06 
Dealt to ee5dc6c8 
2b9acf2: folds
Hero: folds
891962ed: folds
fa7b8f06: raises $0.05 to $0.1
ee5dc6c8: folds
e50181f5: calls $0.05
*** FLOP *** [8c 4s 9h]
e50181f5: checks
fa7b8f06: bets $0.08
e50181f5: folds
Uncalled bet ($0.08) returned to fa7b8f06
*** SHOWDOWN ***
fa7b8f06 collected $0.21 from pot
*** SUMMARY ***
Total pot $0.22 | Rake $0.01 | Jackpot $0 | Bingo $0 | Fortune $0
Board [8c 4s 9h]
Seat 1: e50181f5 (big blind) folded on the Flop
Seat 2: 2b9acf2 folded before Flop (didn't bet)
Seat 3: Hero folded before Flop (didn't bet)
Seat 4: 891962ed folded before Flop (didn't bet)
Seat 5: fa7b8f06 (button) won ($0.21)
Seat 6: ee5dc6c8 (small blind) folded before Flop


Poker Hand #HD1201695031: Hold'em No Limit  ($0.02/$0.05) - 2023/04/13 17:51:53
Table 'NLHBlue113' 6-max Seat #4 is the button
Seat 1: e50181f5 ($0.75 in chips)
Seat 2: 2b9acf2 ($5.93 in chips)
Seat 3: Hero ($5 in chips)
Seat 4: 891962ed ($5.12 in chips)
Seat 5: fa7b8f06 ($5.25 in chips)
Seat 6: ee5dc6c8 ($5.25 in chips)
fa7b8f06: posts small blind $0.02
ee5dc6c8: posts big blind $0.05
*** HOLE CARDS ***
Dealt to e50181f5 
Dealt to 2b9acf2 
Dealt to Hero [6s 3s]
Dealt to 891962ed 
Dealt to fa7b8f06 
Dealt to ee5dc6c8 
e50181f5: calls $0.05
2b9acf2: folds
Hero: folds
891962ed: folds
fa7b8f06: calls $0.03
ee5dc6c8: checks
*** FLOP *** [5d Ac Jc]
fa7b8f06: checks
ee5dc6c8: checks
e50181f5: checks
*** TURN *** [5d Ac Jc] [2s]
fa7b8f06: checks
ee5dc6c8: checks
e50181f5: checks
*** RIVER *** [5d Ac Jc 2s] [Js]
fa7b8f06: checks
ee5dc6c8: checks
e50181f5: checks
fa7b8f06: shows [9h 7h] (Pair of Jacks)
ee5dc6c8: shows [2d 8s] (Pair of Jacks and Pair of Twos)
e50181f5: shows [Kc 9c] (Pair of Jacks)
*** SHOWDOWN ***
ee5dc6c8 collected $0.15 from pot
*** SUMMARY ***
Total pot $0.15 | Rake $0 | Jackpot $0 | Bingo $0 | Fortune $0
Board [5d Ac Jc 2s Js]
Seat 1: e50181f5 showed [Kc 9c] and lost with Pair of Jacks
Seat 2: 2b9acf2 folded before Flop (didn't bet)
Seat 3: Hero folded before Flop (didn't bet)
Seat 4: 891962ed (button) folded before Flop (didn't bet)
Seat 5: fa7b8f06 (small blind) showed [9h 7h] and lost with Pair of Jacks
Seat 6: ee5dc6c8 (big blind) showed [2d 8s] and won ($0.15) with Pair of Jacks and Pair of Twos


Poker Hand #HD1201694902: Hold'em No Limit  ($0.02/$0.05) - 2023/04/13 17:51:05
Table 'NLHBlue113' 6-max Seat #3 is the button
Seat 1: e50181f5 ($0.75 in chips)
Seat 2: 2b9acf2 ($5.93 in chips)
Seat 3: Hero ($5.05 in chips)
Seat 4: 891962ed ($5.14 in chips)
Seat 5: fa7b8f06 ($5 in chips)
Seat 6: ee5dc6c8 ($5.25 in chips)
891962ed: posts small blind $0.02
fa7b8f06: posts big blind $0.05
*** HOLE CARDS ***
Dealt to e50181f5 
Dealt to 2b9acf2 
Dealt to Hero [Ks 9h]
Dealt to 891962ed 
Dealt to fa7b8f06 
Dealt to ee5dc6c8 
ee5dc6c8: folds
e50181f5: folds
2b9acf2: folds
Hero: raises $0.07 to $0.12
891962ed: folds
fa7b8f06: calls $0.07
*** FLOP *** [Ad 2c 3d]
fa7b8f06: checks
Hero: bets $0.13
fa7b8f06: calls $0.13
*** TURN *** [Ad 2c 3d] [2s]
fa7b8f06: checks
Hero: checks
*** RIVER *** [Ad 2c 3d 2s] [8d]
fa7b8f06: bets $0.26
Hero: folds
Uncalled bet ($0.26) returned to fa7b8f06
*** SHOWDOWN ***
fa7b8f06 collected $0.5 from pot
*** SUMMARY ***
Total pot $0.52 | Rake $0.02 | Jackpot $0 | Bingo $0 | Fortune $0
Board [Ad 2c 3d 2s 8d]
Seat 1: e50181f5 folded before Flop (didn't bet)
Seat 2: 2b9acf2 folded before Flop (didn't bet)
Seat 3: Hero (button) folded on the River
Seat 4: 891962ed (small blind) folded before Flop
Seat 5: fa7b8f06 (big blind) won ($0.5)
Seat 6: ee5dc6c8 folded before Flop (didn't bet)


Poker Hand #HD1201694784: Hold'em No Limit  ($0.02/$0.05) - 2023/04/13 17:50:10
Table 'NLHBlue113' 6-max Seat #2 is the button
Seat 1: e50181f5 ($0.68 in chips)
Seat 2: 2b9acf2 ($5.93 in chips)
Seat 3: Hero ($5.07 in chips)
Seat 4: 891962ed ($5.19 in chips)
Seat 6: ee5dc6c8 ($5.25 in chips)
Hero: posts small blind $0.02
891962ed: posts big blind $0.05
*** HOLE CARDS ***
Dealt to e50181f5 
Dealt to 2b9acf2 
Dealt to Hero [Tc 2d]
Dealt to 891962ed 
Dealt to ee5dc6c8 
ee5dc6c8: folds
e50181f5: calls $0.05
2b9acf2: folds
Hero: folds
891962ed: checks
*** FLOP *** [Ac 9h 9s]
891962ed: checks
e50181f5: bets $0.06
891962ed: folds
Uncalled bet ($0.06) returned to e50181f5
*** SHOWDOWN ***
e50181f5 collected $0.12 from pot
*** SUMMARY ***
Total pot $0.12 | Rake $0 | Jackpot $0 | Bingo $0 | Fortune $0
Board [Ac 9h 9s]
Seat 1: e50181f5 won ($0.12)
Seat 2: 2b9acf2 (button) folded before Flop (didn't bet)
Seat 3: Hero (small blind) folded before Flop
Seat 4: 891962ed (big blind) folded on the Flop
Seat 6: ee5dc6c8 folded before Flop (didn't bet)


Poker Hand #HD1201694675: Hold'em No Limit  ($0.02/$0.05) - 2023/04/13 17:49:26
Table 'NLHBlue113' 6-max Seat #1 is the button
Seat 1: e50181f5 ($0.73 in chips)
Seat 2: 2b9acf2 ($5.95 in chips)
Seat 3: Hero ($5 in chips)
Seat 6: ee5dc6c8 ($5.25 in chips)
2b9acf2: posts small blind $0.02
Hero: posts big blind $0.05
*** HOLE CARDS ***
Dealt to e50181f5 
Dealt to 2b9acf2 
Dealt to Hero [3s Qd]
Dealt to ee5dc6c8 
ee5dc6c8: folds
e50181f5: calls $0.05
2b9acf2: folds
Hero: checks
*** FLOP *** [As Jh 5c]
Hero: checks
e50181f5: checks
*** TURN *** [As Jh 5c] [9c]
Hero: checks
e50181f5: checks
*** RIVER *** [As Jh 5c 9c] [3d]
Hero: checks
e50181f5: checks
Hero: shows [3s Qd] (Pair of Treys)
e50181f5: shows [Kd Th] (Ace-High)
*** SHOWDOWN ***
Hero collected $0.12 from pot
*** SUMMARY ***
Total pot $0.12 | Rake $0 | Jackpot $0 | Bingo $0 | Fortune $0
Board [As Jh 5c 9c 3d]
Seat 1: e50181f5 (button) showed [Kd Th] and lost with Ace-High
Seat 2: 2b9acf2 (small blind) folded before Flop
Seat 3: Hero (big blind) showed [3s Qd] and won ($0.12) with Pair of Treys
Seat 6: ee5dc6c8 folded before Flop (didn't bet)


Poker Hand #HD1201694580: Hold'em No Limit  ($0.02/$0.05) - 2023/04/13 17:48:50
Table 'NLHBlue113' 6-max Seat #6 is the button
Seat 1: e50181f5 ($0.75 in chips)
Seat 2: 2b9acf2 ($6 in chips)
Seat 3: Hero ($5 in chips)
Seat 6: ee5dc6c8 ($5.07 in chips)
e50181f5: posts small blind $0.02
2b9acf2: posts big blind $0.05
*** HOLE CARDS ***
Dealt to e50181f5 
Dealt to 2b9acf2 
Dealt to Hero [Ts Qs]
Dealt to ee5dc6c8 
Hero: raises $0.07 to $0.12
ee5dc6c8: raises $0.33 to $0.45
e50181f5: folds
2b9acf2: folds
Hero: folds
Uncalled bet ($0.33) returned to ee5dc6c8
*** SHOWDOWN ***
ee5dc6c8 collected $0.3 from pot
*** SUMMARY ***
Total pot $0.31 | Rake $0.01 | Jackpot $0 | Bingo $0 | Fortune $0
Seat 1: e50181f5 (small blind) folded before Flop
Seat 2: 2b9acf2 (big blind) folded before Flop
Seat 3: Hero folded before Flop
Seat 6: ee5dc6c8 (button) collected ($0.3)


Poker Hand #HD1201694525: Hold'em No Limit  ($0.02/$0.05) - 2023/04/13 17:48:28
Table 'NLHBlue113' 6-max Seat #3 is the button
Seat 1: e50181f5 ($0.73 in chips)
Seat 2: 2b9acf2 ($6 in chips)
Seat 3: Hero ($5 in chips)
Seat 6: ee5dc6c8 ($5.09 in chips)
ee5dc6c8: posts small blind $0.02
e50181f5: posts big blind $0.05
*** HOLE CARDS ***
Dealt to e50181f5 
Dealt to 2b9acf2 
Dealt to Hero [5c 7h]
Dealt to ee5dc6c8 
2b9acf2: folds
Hero: folds
ee5dc6c8: folds
Uncalled bet ($0.03) returned to e50181f5
*** SHOWDOWN ***
e50181f5 collected $0.04 from pot
*** SUMMARY ***
Total pot $0.04 | Rake $0 | Jackpot $0 | Bingo $0 | Fortune $0
Seat 1: e50181f5 (big blind) collected ($0.04)
Seat 2: 2b9acf2 folded before Flop (didn't bet)
Seat 3: Hero (button) folded before Flop (didn't bet)
Seat 6: ee5dc6c8 (small blind) folded before Flop


Poker Hand #HD1201694502: Hold'em No Limit  ($0.02/$0.05) - 2023/04/13 17:48:19
Table 'NLHBlue113' 6-max Seat #2 is the button
Seat 1: e50181f5 ($0.73 in chips)
Seat 2: 2b9acf2 ($6 in chips)
Seat 3: Hero ($5 in chips)
Seat 6: ee5dc6c8 ($5.07 in chips)
Hero: posts small blind $0.02
ee5dc6c8: posts big blind $0.05
*** HOLE CARDS ***
Dealt to e50181f5 
Dealt to 2b9acf2 
Dealt to Hero [5s Kd]
Dealt to ee5dc6c8 
e50181f5: folds
2b9acf2: folds
Hero: folds
Uncalled bet ($0.03) returned to ee5dc6c8
*** SHOWDOWN ***
ee5dc6c8 collected $0.04 from pot
*** SUMMARY ***
Total pot $0.04 | Rake $0 | Jackpot $0 | Bingo $0 | Fortune $0
Seat 1: e50181f5 folded before Flop (didn't bet)
Seat 2: 2b9acf2 (button) folded before Flop (didn't bet)
Seat 3: Hero (small blind) folded before Flop
Seat 6: ee5dc6c8 (big blind) collected ($0.04)


Poker Hand #HD1201694420: Hold'em No Limit  ($0.02/$0.05) - 2023/04/13 17:47:48
Table 'NLHBlue113' 6-max Seat #1 is the button
Seat 1: e50181f5 ($0.73 in chips)
Seat 2: 2b9acf2 ($6.02 in chips)
Seat 3: Hero ($5 in chips)
Seat 4: 891962ed ($5.19 in chips)
Seat 5: 838e1e13 ($5.51 in chips)
Seat 6: ee5dc6c8 ($5 in chips)
2b9acf2: posts small blind $0.02
Hero: posts big blind $0.05
*** HOLE CARDS ***
Dealt to e50181f5 
Dealt to 2b9acf2 
Dealt to Hero [Jd 6h]
Dealt to 891962ed 
Dealt to 838e1e13 
Dealt to ee5dc6c8 
891962ed: folds
838e1e13: folds
ee5dc6c8: raises $0.1 to $0.15
e50181f5: folds
2b9acf2: folds
Hero: folds
Uncalled bet ($0.1) returned to ee5dc6c8
*** SHOWDOWN ***
ee5dc6c8 collected $0.12 from pot
*** SUMMARY ***
Total pot $0.12 | Rake $0 | Jackpot $0 | Bingo $0 | Fortune $0
Seat 1: e50181f5 (button) folded before Flop (didn't bet)
Seat 2: 2b9acf2 (small blind) folded before Flop
Seat 3: Hero (big blind) folded before Flop
Seat 4: 891962ed folded before Flop (didn't bet)
Seat 5: 838e1e13 folded before Flop (didn't bet)
Seat 6: ee5dc6c8 collected ($0.12)


Poker Hand #HD1201694358: Hold'em No Limit  ($0.02/$0.05) - 2023/04/13 17:47:24
Table 'NLHBlue113' 6-max Seat #6 is the button
Seat 1: e50181f5 ($0.75 in chips)
Seat 2: 2b9acf2 ($6.07 in chips)
Seat 3: Hero ($5 in chips)
Seat 4: 891962ed ($5.19 in chips)
Seat 5: 838e1e13 ($5.44 in chips)
Seat 6: ee5dc6c8 ($5 in chips)
e50181f5: posts small blind $0.02
2b9acf2: posts big blind $0.05
*** HOLE CARDS ***
Dealt to e50181f5 
Dealt to 2b9acf2 
Dealt to Hero [Qh 9d]
Dealt to 891962ed 
Dealt to 838e1e13 
Dealt to ee5dc6c8 
Hero: folds
891962ed: folds
838e1e13: raises $0.05 to $0.1
ee5dc6c8: folds
e50181f5: folds
2b9acf2: folds
Uncalled bet ($0.05) returned to 838e1e13
*** SHOWDOWN ***
838e1e13 collected $0.12 from pot
*** SUMMARY ***
Total pot $0.12 | Rake $0 | Jackpot $0 | Bingo $0 | Fortune $0
Seat 1: e50181f5 (small blind) folded before Flop
Seat 2: 2b9acf2 (big blind) folded before Flop
Seat 3: Hero folded before Flop (didn't bet)
Seat 4: 891962ed folded before Flop (didn't bet)
Seat 5: 838e1e13 collected ($0.12)
Seat 6: ee5dc6c8 (button) folded before Flop (didn't bet)


Poker Hand #HD1201694151: Hold'em No Limit  ($0.02/$0.05) - 2023/04/13 17:45:56
Table 'NLHBlue113' 6-max Seat #5 is the button
Seat 1: e50181f5 ($0.92 in chips)
Seat 2: 2b9acf2 ($6.07 in chips)
Seat 3: Hero ($5 in chips)
Seat 4: 891962ed ($5.19 in chips)
Seat 5: 838e1e13 ($5.26 in chips)
Seat 6: ee5dc6c8 ($5 in chips)
ee5dc6c8: posts small blind $0.02
e50181f5: posts big blind $0.05
*** HOLE CARDS ***
Dealt to e50181f5 
Dealt to 2b9acf2 
Dealt to Hero [Js 9h]
Dealt to 891962ed 
Dealt to 838e1e13 
Dealt to ee5dc6c8 
2b9acf2: folds
Hero: folds
891962ed: folds
838e1e13: calls $0.05
ee5dc6c8: folds
e50181f5: checks
*** FLOP *** [2c 7s Ah]
e50181f5: bets $0.12
838e1e13: calls $0.12
*** TURN *** [2c 7s Ah] [3c]
e50181f5: checks
838e1e13: checks
*** RIVER *** [2c 7s Ah 3c] [9c]
e50181f5: checks
838e1e13: bets $0.8
e50181f5: folds
Uncalled bet ($0.8) returned to 838e1e13
e50181f5: shows [2d] (Pair of Twos)
*** SHOWDOWN ***
838e1e13 collected $0.35 from pot
*** SUMMARY ***
Total pot $0.36 | Rake $0.01 | Jackpot $0 | Bingo $0 | Fortune $0
Board [2c 7s Ah 3c 9c]
Seat 1: e50181f5 (big blind) folded on the River
Seat 2: 2b9acf2 folded before Flop (didn't bet)
Seat 3: Hero folded before Flop (didn't bet)
Seat 4: 891962ed folded before Flop (didn't bet)
Seat 5: 838e1e13 (button) won ($0.35)
Seat 6: ee5dc6c8 (small blind) folded before Flop


Poker Hand #HD1201693992: Hold'em No Limit  ($0.02/$0.05) - 2023/04/13 17:44:47
Table 'NLHBlue113' 6-max Seat #4 is the button
Seat 1: e50181f5 ($0.92 in chips)
Seat 2: 2b9acf2 ($4.9 in chips)
Seat 3: Hero ($5 in chips)
Seat 4: 891962ed ($5.19 in chips)
Seat 5: 838e1e13 ($6.55 in chips)
Seat 6: ee5dc6c8 ($5 in chips)
838e1e13: posts small blind $0.02
ee5dc6c8: posts big blind $0.05
*** HOLE CARDS ***
Dealt to e50181f5 
Dealt to 2b9acf2 
Dealt to Hero [5h 9h]
Dealt to 891962ed 
Dealt to 838e1e13 
Dealt to ee5dc6c8 
e50181f5: folds
2b9acf2: raises $0.05 to $0.1
Hero: folds
891962ed: folds
838e1e13: raises $0.19 to $0.29
ee5dc6c8: folds
2b9acf2: calls $0.19
*** FLOP *** [Td Jd Qh]
838e1e13: bets $0.21
2b9acf2: calls $0.21
*** TURN *** [Td Jd Qh] [Kd]
838e1e13: checks
2b9acf2: bets $0.79
838e1e13: calls $0.79
*** RIVER *** [Td Jd Qh Kd] [7d]
838e1e13: checks
2b9acf2: checks
838e1e13: shows [Ks Qs] (Pair of Kings and Pair of Queens)
2b9acf2: shows [8h Ah] (Aces-High Straight)
*** SHOWDOWN ***
2b9acf2 collected $2.46 from pot
*** SUMMARY ***
Total pot $2.63 | Rake $0.12 | Jackpot $0.05 | Bingo $0 | Fortune $0
Board [Td Jd Qh Kd 7d]
Seat 1: e50181f5 folded before Flop (didn't bet)
Seat 2: 2b9acf2 showed [8h Ah] and won ($2.46) with Aces-High Straight
Seat 3: Hero folded before Flop (didn't bet)
Seat 4: 891962ed (button) folded before Flop (didn't bet)
Seat 5: 838e1e13 (small blind) showed [Ks Qs] and lost with Pair of Kings and Pair of Queens
Seat 6: ee5dc6c8 (big blind) folded before Flop


Poker Hand #HD1201693812: Hold'em No Limit  ($0.02/$0.05) - 2023/04/13 17:43:38
Table 'NLHBlue113' 6-max Seat #3 is the button
Seat 1: e50181f5 ($0.92 in chips)
Seat 2: 2b9acf2 ($5.26 in chips)
Seat 3: Hero ($5 in chips)
Seat 4: 891962ed ($5.21 in chips)
Seat 5: 838e1e13 ($6.2 in chips)
891962ed: posts small blind $0.02
838e1e13: posts big blind $0.05
*** HOLE CARDS ***
Dealt to e50181f5 
Dealt to 2b9acf2 
Dealt to Hero [7d 9s]
Dealt to 891962ed 
Dealt to 838e1e13 
e50181f5: folds
2b9acf2: raises $0.05 to $0.1
Hero: folds
891962ed: folds
838e1e13: calls $0.05
*** FLOP *** [As Kc 3s]
838e1e13: checks
2b9acf2: bets $0.11
838e1e13: calls $0.11
*** TURN *** [As Kc 3s] [8s]
838e1e13: checks
2b9acf2: bets $0.15
838e1e13: calls $0.15
*** RIVER *** [As Kc 3s 8s] [5h]
838e1e13: bets $0.56
2b9acf2: folds
Uncalled bet ($0.56) returned to 838e1e13
*** SHOWDOWN ***
838e1e13 collected $0.71 from pot
*** SUMMARY ***
Total pot $0.74 | Rake $0.03 | Jackpot $0 | Bingo $0 | Fortune $0
Board [As Kc 3s 8s 5h]
Seat 1: e50181f5 folded before Flop (didn't bet)
Seat 2: 2b9acf2 folded on the River
Seat 3: Hero (button) folded before Flop (didn't bet)
Seat 4: 891962ed (small blind) folded before Flop
Seat 5: 838e1e13 (big blind) won ($0.71)


Poker Hand #HD1201693697: Hold'em No Limit  ($0.02/$0.05) - 2023/04/13 17:42:46
Table 'NLHBlue113' 6-max Seat #2 is the button
Seat 1: e50181f5 ($0.92 in chips)
Seat 2: 2b9acf2 ($5.26 in chips)
Seat 3: Hero ($5 in chips)
Seat 4: 891962ed ($5.14 in chips)
Seat 5: 838e1e13 ($6.25 in chips)
Seat 6: eaffdbdd ($5 in chips)
Hero: posts small blind $0.02
891962ed: posts big blind $0.05
*** HOLE CARDS ***
Dealt to e50181f5 
Dealt to 2b9acf2 
Dealt to Hero [2d Tc]
Dealt to 891962ed 
Dealt to 838e1e13 
Dealt to eaffdbdd 
838e1e13: calls $0.05
eaffdbdd: folds
e50181f5: folds
2b9acf2: folds
Hero: folds
891962ed: checks
*** FLOP *** [3d 6s 3s]
891962ed: bets $0.15
838e1e13: folds
Uncalled bet ($0.15) returned to 891962ed
*** SHOWDOWN ***
891962ed collected $0.12 from pot
*** SUMMARY ***
Total pot $0.12 | Rake $0 | Jackpot $0 | Bingo $0 | Fortune $0
Board [3d 6s 3s]
Seat 1: e50181f5 folded before Flop (didn't bet)
Seat 2: 2b9acf2 (button) folded before Flop (didn't bet)
Seat 3: Hero (small blind) folded before Flop
Seat 4: 891962ed (big blind) won ($0.12)
Seat 5: 838e1e13 folded on the Flop
Seat 6: eaffdbdd folded before Flop (didn't bet)


Poker Hand #HD1201693526: Hold'em No Limit  ($0.02/$0.05) - 2023/04/13 17:41:40
Table 'NLHBlue113' 6-max Seat #1 is the button
Seat 1: e50181f5 ($0.92 in chips)
Seat 2: 2b9acf2 ($5.28 in chips)
Seat 3: Hero ($5 in chips)
Seat 4: 891962ed ($5.14 in chips)
Seat 5: 838e1e13 ($5.37 in chips)
Seat 6: eaffdbdd ($5 in chips)
2b9acf2: posts small blind $0.02
Hero: posts big blind $0.05
*** HOLE CARDS ***
Dealt to e50181f5 
Dealt to 2b9acf2 
Dealt to Hero [Tc 2c]
Dealt to 891962ed 
Dealt to 838e1e13 
Dealt to eaffdbdd 
891962ed: folds
838e1e13: raises $0.05 to $0.1
eaffdbdd: raises $0.3 to $0.4
e50181f5: folds
2b9acf2: folds
Hero: folds
838e1e13: calls $0.3
*** FLOP *** [8h 7d Qd]
838e1e13: checks
eaffdbdd: checks
*** TURN *** [8h 7d Qd] [5c]
838e1e13: checks
eaffdbdd: bets $0.55
838e1e13: calls $0.55
*** RIVER *** [8h 7d Qd 5c] [As]
838e1e13: checks
eaffdbdd: checks
838e1e13: shows [9d Ah] (Pair of Aces)
eaffdbdd: shows [Kd Qc] (Pair of Queens)
*** SHOWDOWN ***
838e1e13 collected $1.83 from pot
*** SUMMARY ***
Total pot $1.97 | Rake $0.09 | Jackpot $0.05 | Bingo $0 | Fortune $0
Board [8h 7d Qd 5c As]
Seat 1: e50181f5 (button) folded before Flop (didn't bet)
Seat 2: 2b9acf2 (small blind) folded before Flop
Seat 3: Hero (big blind) folded before Flop
Seat 4: 891962ed folded before Flop (didn't bet)
Seat 5: 838e1e13 showed [9d Ah] and won ($1.83) with Pair of Aces
Seat 6: eaffdbdd showed [Kd Qc] and lost with Pair of Queens


