Poker Hand #HD1185086611: Hold'em No Limit  ($0.02/$0.05) - 2023/04/01 16:16:51
Table 'NLHBlue5' 6-max Seat #1 is the button
Seat 1: e89de8cb ($6.32 in chips)
Seat 2: 12197566 ($5.76 in chips)
Seat 3: 534dfa0f ($5 in chips)
Seat 4: b9f99ee5 ($9.43 in chips)
Seat 5: Hero ($17.26 in chips)
12197566: posts small blind $0.02
534dfa0f: posts big blind $0.05
*** HOLE CARDS ***
Dealt to e89de8cb 
Dealt to 12197566 
Dealt to 534dfa0f 
Dealt to b9f99ee5 
Dealt to Hero [6s 5d]
b9f99ee5: folds
Hero: folds
e89de8cb: raises $0.1 to $0.15
12197566: folds
534dfa0f: folds
Uncalled bet ($0.1) returned to e89de8cb
*** SHOWDOWN ***
e89de8cb collected $0.12 from pot
*** SUMMARY ***
Total pot $0.12 | Rake $0 | Jackpot $0 | Bingo $0 | Fortune $0
Seat 1: e89de8cb (button) collected ($0.12)
Seat 2: 12197566 (small blind) folded before Flop
Seat 3: 534dfa0f (big blind) folded before Flop
Seat 4: b9f99ee5 folded before Flop (didn't bet)
Seat 5: Hero folded before Flop (didn't bet)


Poker Hand #HD1185086436: Hold'em No Limit  ($0.02/$0.05) - 2023/04/01 16:15:50
Table 'NLHBlue5' 6-max Seat #5 is the button
Seat 1: e89de8cb ($6.47 in chips)
Seat 2: 12197566 ($6.56 in chips)
Seat 3: 534dfa0f ($5 in chips)
Seat 4: b9f99ee5 ($8.61 in chips)
Seat 5: Hero ($17.26 in chips)
e89de8cb: posts small blind $0.02
12197566: posts big blind $0.05
*** HOLE CARDS ***
Dealt to e89de8cb 
Dealt to 12197566 
Dealt to 534dfa0f 
Dealt to b9f99ee5 
Dealt to Hero [3h 2s]
534dfa0f: folds
b9f99ee5: calls $0.05
Hero: folds
e89de8cb: raises $0.1 to $0.15
12197566: raises $0.3 to $0.45
b9f99ee5: calls $0.4
e89de8cb: folds
*** FLOP *** [5c 6d Kd]
12197566: bets $0.35
b9f99ee5: raises $3.2 to $3.55
12197566: folds
Uncalled bet ($3.2) returned to b9f99ee5
*** SHOWDOWN ***
b9f99ee5 collected $1.62 from pot
*** SUMMARY ***
Total pot $1.75 | Rake $0.08 | Jackpot $0.05 | Bingo $0 | Fortune $0
Board [5c 6d Kd]
Seat 1: e89de8cb (small blind) folded before Flop
Seat 2: 12197566 (big blind) folded on the Flop
Seat 3: 534dfa0f folded before Flop (didn't bet)
Seat 4: b9f99ee5 won ($1.62)
Seat 5: Hero (button) folded before Flop (didn't bet)


Poker Hand #HD1185086380: Hold'em No Limit  ($0.02/$0.05) - 2023/04/01 16:15:28
Table 'NLHBlue5' 6-max Seat #4 is the button
Seat 1: e89de8cb ($6.52 in chips)
Seat 2: 12197566 ($6.56 in chips)
Seat 3: 534dfa0f ($5 in chips)
Seat 4: b9f99ee5 ($8.61 in chips)
Seat 5: Hero ($17.21 in chips)
Hero: posts small blind $0.02
e89de8cb: posts big blind $0.05
*** HOLE CARDS ***
Dealt to e89de8cb 
Dealt to 12197566 
Dealt to 534dfa0f 
Dealt to b9f99ee5 
Dealt to Hero [5d Kd]
12197566: folds
534dfa0f: folds
b9f99ee5: folds
Hero: raises $0.09 to $0.14
e89de8cb: folds
Uncalled bet ($0.09) returned to Hero
*** SHOWDOWN ***
Hero collected $0.1 from pot
*** SUMMARY ***
Total pot $0.1 | Rake $0 | Jackpot $0 | Bingo $0 | Fortune $0
Seat 1: e89de8cb (big blind) folded before Flop
Seat 2: 12197566 folded before Flop (didn't bet)
Seat 3: 534dfa0f folded before Flop (didn't bet)
Seat 4: b9f99ee5 (button) folded before Flop (didn't bet)
Seat 5: Hero (small blind) collected ($0.1)


Poker Hand #HD1185086103: Hold'em No Limit  ($0.02/$0.05) - 2023/04/01 16:13:47
Table 'NLHBlue5' 6-max Seat #3 is the button
Seat 1: e89de8cb ($6.62 in chips)
Seat 2: 12197566 ($6.56 in chips)
Seat 3: 534dfa0f ($5 in chips)
Seat 4: b9f99ee5 ($5.87 in chips)
Seat 5: Hero ($17.31 in chips)
Seat 6: 1efe7f0d ($2.88 in chips)
b9f99ee5: posts small blind $0.02
Hero: posts big blind $0.05
*** HOLE CARDS ***
Dealt to e89de8cb 
Dealt to 12197566 
Dealt to 534dfa0f 
Dealt to b9f99ee5 
Dealt to Hero [Kd Ts]
Dealt to 1efe7f0d 
1efe7f0d: raises $0.05 to $0.1
e89de8cb: calls $0.1
12197566: folds
534dfa0f: folds
b9f99ee5: calls $0.08
Hero: calls $0.05
*** FLOP *** [Jc 7s 8c]
b9f99ee5: bets $1.3
Hero: folds
1efe7f0d: raises $1.48 to $2.78 and is all-in
e89de8cb: folds
b9f99ee5: calls $1.48
1efe7f0d: shows [Ac 7d] (Pair of Sevens)
b9f99ee5: shows [5h Jh] (Pair of Jacks)
*** TURN *** [Jc 7s 8c] [Th]
*** RIVER *** [Jc 7s 8c Th] [6s]
*** SHOWDOWN ***
b9f99ee5 collected $5.62 from pot
*** SUMMARY ***
Total pot $5.96 | Rake $0.29 | Jackpot $0.05 | Bingo $0 | Fortune $0
Board [Jc 7s 8c Th 6s]
Seat 1: e89de8cb folded on the Flop
Seat 2: 12197566 folded before Flop (didn't bet)
Seat 3: 534dfa0f (button) folded before Flop (didn't bet)
Seat 4: b9f99ee5 (small blind) showed [5h Jh] and won ($5.62) with Pair of Jacks
Seat 5: Hero (big blind) folded on the Flop
Seat 6: 1efe7f0d showed [Ac 7d] and lost with Pair of Sevens


Poker Hand #HD1185086024: Hold'em No Limit  ($0.02/$0.05) - 2023/04/01 16:13:20
Table 'NLHBlue5' 6-max Seat #2 is the button
Seat 1: e89de8cb ($6.77 in chips)
Seat 2: 12197566 ($6.56 in chips)
Seat 3: 534dfa0f ($5 in chips)
Seat 4: b9f99ee5 ($5.71 in chips)
Seat 5: Hero ($17.31 in chips)
Seat 6: 1efe7f0d ($2.88 in chips)
534dfa0f: posts small blind $0.02
b9f99ee5: posts big blind $0.05
*** HOLE CARDS ***
Dealt to e89de8cb 
Dealt to 12197566 
Dealt to 534dfa0f 
Dealt to b9f99ee5 
Dealt to Hero [4h 8h]
Dealt to 1efe7f0d 
Hero: folds
1efe7f0d: folds
e89de8cb: raises $0.1 to $0.15
12197566: folds
534dfa0f: folds
b9f99ee5: calls $0.1
*** FLOP *** [Qs 4d 2s]
b9f99ee5: bets $0.45
e89de8cb: folds
Uncalled bet ($0.45) returned to b9f99ee5
*** SHOWDOWN ***
b9f99ee5 collected $0.31 from pot
*** SUMMARY ***
Total pot $0.32 | Rake $0.01 | Jackpot $0 | Bingo $0 | Fortune $0
Board [Qs 4d 2s]
Seat 1: e89de8cb folded on the Flop
Seat 2: 12197566 (button) folded before Flop (didn't bet)
Seat 3: 534dfa0f (small blind) folded before Flop
Seat 4: b9f99ee5 (big blind) won ($0.31)
Seat 5: Hero folded before Flop (didn't bet)
Seat 6: 1efe7f0d folded before Flop (didn't bet)


Poker Hand #HD1185085767: Hold'em No Limit  ($0.02/$0.05) - 2023/04/01 16:11:50
Table 'NLHBlue5' 6-max Seat #1 is the button
Seat 1: e89de8cb ($7.22 in chips)
Seat 2: 12197566 ($6.1 in chips)
Seat 3: 534dfa0f ($5 in chips)
Seat 4: b9f99ee5 ($5.71 in chips)
Seat 5: Hero ($17.31 in chips)
Seat 6: 1efe7f0d ($2.88 in chips)
12197566: posts small blind $0.02
534dfa0f: posts big blind $0.05
*** HOLE CARDS ***
Dealt to e89de8cb 
Dealt to 12197566 
Dealt to 534dfa0f 
Dealt to b9f99ee5 
Dealt to Hero [9s Qh]
Dealt to 1efe7f0d 
b9f99ee5: folds
Hero: folds
1efe7f0d: folds
e89de8cb: calls $0.05
12197566: raises $0.2 to $0.25
534dfa0f: folds
e89de8cb: calls $0.2
*** FLOP *** [4s 7s Qs]
12197566: checks
e89de8cb: checks
*** TURN *** [4s 7s Qs] [6h]
12197566: checks
e89de8cb: bets $0.2
12197566: calls $0.2
*** RIVER *** [4s 7s Qs 6h] [7c]
12197566: checks
e89de8cb: checks
12197566: shows [Ad Qd] (Pair of Queens and Pair of Sevens)
e89de8cb: shows [3h Jh] (Pair of Sevens)
*** SHOWDOWN ***
12197566 collected $0.91 from pot
*** SUMMARY ***
Total pot $0.95 | Rake $0.04 | Jackpot $0 | Bingo $0 | Fortune $0
Board [4s 7s Qs 6h 7c]
Seat 1: e89de8cb (button) showed [3h Jh] and lost with Pair of Sevens
Seat 2: 12197566 (small blind) showed [Ad Qd] and won ($0.91) with Pair of Queens and Pair of Sevens
Seat 3: 534dfa0f (big blind) folded before Flop
Seat 4: b9f99ee5 folded before Flop (didn't bet)
Seat 5: Hero folded before Flop (didn't bet)
Seat 6: 1efe7f0d folded before Flop (didn't bet)


Poker Hand #HD1185005571: Hold'em No Limit  ($0.02/$0.05) - 2023/04/01 16:10:42
Table 'NLHBlue5' 6-max Seat #6 is the button
Seat 1: e89de8cb ($7.24 in chips)
Seat 2: 12197566 ($6.15 in chips)
Seat 3: 534dfa0f ($5 in chips)
Seat 4: b9f99ee5 ($7.59 in chips)
Seat 5: Hero ($17.51 in chips)
Seat 6: 1efe7f0d ($1.88 in chips)
e89de8cb: posts small blind $0.02
12197566: posts big blind $0.05
*** HOLE CARDS ***
Dealt to e89de8cb 
Dealt to 12197566 
Dealt to 534dfa0f 
Dealt to b9f99ee5 
Dealt to Hero [Ah Td]
Dealt to 1efe7f0d 
534dfa0f: folds
b9f99ee5: calls $0.05
Hero: raises $0.15 to $0.2
1efe7f0d: calls $0.2
e89de8cb: folds
12197566: folds
b9f99ee5: calls $0.15
*** FLOP *** [7d 3h 9d]
b9f99ee5: bets $0.45
Hero: folds
1efe7f0d: raises $1.23 to $1.68 and is all-in
b9f99ee5: calls $1.23
1efe7f0d: shows [8s 8d] (Pair of Eights)
b9f99ee5: shows [Ks Ts] (King-High)
1efe7f0d: Chooses to EV Cashout 
*** TURN *** [7d 3h 9d] [Qd]
*** RIVER *** [7d 3h 9d Qd] [9s]
1efe7f0d: Pays Cashout Risk ($0.91)
*** SHOWDOWN ***
1efe7f0d collected $3.79 from pot
*** SUMMARY ***
Total pot $4.03 | Rake $0.19 | Jackpot $0.05 | Bingo $0 | Fortune $0
Board [7d 3h 9d Qd 9s]
Seat 1: e89de8cb (small blind) folded before Flop
Seat 2: 12197566 (big blind) folded before Flop
Seat 3: 534dfa0f folded before Flop (didn't bet)
Seat 4: b9f99ee5 showed [Ks Ts] and lost with Pair of Nines
Seat 5: Hero folded on the Flop
Seat 6: 1efe7f0d (button) showed [8s 8d] and won ($3.79) with Pair of Nines and Pair of Eights, Cashout Risk ($0.91)


Poker Hand #HD1185005418: Hold'em No Limit  ($0.02/$0.05) - 2023/04/01 16:09:52
Table 'NLHBlue5' 6-max Seat #5 is the button
Seat 1: e89de8cb ($8.09 in chips)
Seat 2: 12197566 ($6.15 in chips)
Seat 3: 534dfa0f ($5 in chips)
Seat 4: b9f99ee5 ($6.71 in chips)
Seat 5: Hero ($17.51 in chips)
Seat 6: 1efe7f0d ($1.9 in chips)
1efe7f0d: posts small blind $0.02
e89de8cb: posts big blind $0.05
*** HOLE CARDS ***
Dealt to e89de8cb 
Dealt to 12197566 
Dealt to 534dfa0f 
Dealt to b9f99ee5 
Dealt to Hero [2d As]
Dealt to 1efe7f0d 
12197566: folds
534dfa0f: raises $0.1 to $0.15
b9f99ee5: calls $0.15
Hero: folds
1efe7f0d: folds
e89de8cb: calls $0.1
*** FLOP *** [8d Ad Kh]
e89de8cb: bets $0.16
534dfa0f: folds
b9f99ee5: raises $0.54 to $0.7
e89de8cb: calls $0.54
*** TURN *** [8d Ad Kh] [7c]
e89de8cb: checks
b9f99ee5: bets $5.86 and is all-in
e89de8cb: folds
Uncalled bet ($5.86) returned to b9f99ee5
*** SHOWDOWN ***
b9f99ee5 collected $1.73 from pot
*** SUMMARY ***
Total pot $1.87 | Rake $0.09 | Jackpot $0.05 | Bingo $0 | Fortune $0
Board [8d Ad Kh 7c]
Seat 1: e89de8cb (big blind) folded on the Turn
Seat 2: 12197566 folded before Flop (didn't bet)
Seat 3: 534dfa0f folded on the Flop
Seat 4: b9f99ee5 won ($1.73)
Seat 5: Hero (button) folded before Flop (didn't bet)
Seat 6: 1efe7f0d (small blind) folded before Flop


Poker Hand #HD1185005386: Hold'em No Limit  ($0.02/$0.05) - 2023/04/01 16:09:41
Table 'NLHBlue5' 6-max Seat #4 is the button
Seat 1: e89de8cb ($8.09 in chips)
Seat 2: 12197566 ($6.15 in chips)
Seat 3: 534dfa0f ($5 in chips)
Seat 4: b9f99ee5 ($6.71 in chips)
Seat 5: Hero ($17.53 in chips)
Seat 6: 1efe7f0d ($1.88 in chips)
Hero: posts small blind $0.02
1efe7f0d: posts big blind $0.05
*** HOLE CARDS ***
Dealt to e89de8cb 
Dealt to 12197566 
Dealt to 534dfa0f 
Dealt to b9f99ee5 
Dealt to Hero [4d 2c]
Dealt to 1efe7f0d 
e89de8cb: folds
12197566: folds
534dfa0f: folds
b9f99ee5: folds
Hero: folds
Uncalled bet ($0.03) returned to 1efe7f0d
*** SHOWDOWN ***
1efe7f0d collected $0.04 from pot
*** SUMMARY ***
Total pot $0.04 | Rake $0 | Jackpot $0 | Bingo $0 | Fortune $0
Seat 1: e89de8cb folded before Flop (didn't bet)
Seat 2: 12197566 folded before Flop (didn't bet)
Seat 3: 534dfa0f folded before Flop (didn't bet)
Seat 4: b9f99ee5 (button) folded before Flop (didn't bet)
Seat 5: Hero (small blind) folded before Flop
Seat 6: 1efe7f0d (big blind) collected ($0.04)


Poker Hand #HD1185005292: Hold'em No Limit  ($0.02/$0.05) - 2023/04/01 16:09:06
Table 'NLHBlue5' 6-max Seat #3 is the button
Seat 1: e89de8cb ($7.88 in chips)
Seat 2: 12197566 ($6.15 in chips)
Seat 3: 534dfa0f ($5 in chips)
Seat 4: b9f99ee5 ($6.73 in chips)
Seat 5: Hero ($17.58 in chips)
Seat 6: 1efe7f0d ($2.03 in chips)
b9f99ee5: posts small blind $0.02
Hero: posts big blind $0.05
*** HOLE CARDS ***
Dealt to e89de8cb 
Dealt to 12197566 
Dealt to 534dfa0f 
Dealt to b9f99ee5 
Dealt to Hero [Qh 8d]
Dealt to 1efe7f0d 
1efe7f0d: raises $0.1 to $0.15
e89de8cb: calls $0.15
12197566: folds
534dfa0f: folds
b9f99ee5: folds
Hero: folds
*** FLOP *** [5c 6c 4s]
1efe7f0d: checks
e89de8cb: bets $0.14
1efe7f0d: folds
Uncalled bet ($0.14) returned to e89de8cb
*** SHOWDOWN ***
e89de8cb collected $0.36 from pot
*** SUMMARY ***
Total pot $0.37 | Rake $0.01 | Jackpot $0 | Bingo $0 | Fortune $0
Board [5c 6c 4s]
Seat 1: e89de8cb won ($0.36)
Seat 2: 12197566 folded before Flop (didn't bet)
Seat 3: 534dfa0f (button) folded before Flop (didn't bet)
Seat 4: b9f99ee5 (small blind) folded before Flop
Seat 5: Hero (big blind) folded before Flop
Seat 6: 1efe7f0d folded on the Flop


Poker Hand #HD1185005183: Hold'em No Limit  ($0.02/$0.05) - 2023/04/01 16:08:25
Table 'NLHBlue5' 6-max Seat #2 is the button
Seat 1: e89de8cb ($7.58 in chips)
Seat 2: 12197566 ($6.3 in chips)
Seat 3: 534dfa0f ($5 in chips)
Seat 4: b9f99ee5 ($6.88 in chips)
Seat 5: Hero ($17.58 in chips)
Seat 6: 1efe7f0d ($2.03 in chips)
534dfa0f: posts small blind $0.02
b9f99ee5: posts big blind $0.05
*** HOLE CARDS ***
Dealt to e89de8cb 
Dealt to 12197566 
Dealt to 534dfa0f 
Dealt to b9f99ee5 
Dealt to Hero [Qd 4h]
Dealt to 1efe7f0d 
Hero: folds
1efe7f0d: folds
e89de8cb: raises $0.1 to $0.15
12197566: calls $0.15
534dfa0f: folds
b9f99ee5: calls $0.1
*** FLOP *** [8d 2d 5c]
b9f99ee5: checks
e89de8cb: bets $0.24
12197566: folds
b9f99ee5: folds
Uncalled bet ($0.24) returned to e89de8cb
*** SHOWDOWN ***
e89de8cb collected $0.45 from pot
*** SUMMARY ***
Total pot $0.47 | Rake $0.02 | Jackpot $0 | Bingo $0 | Fortune $0
Board [8d 2d 5c]
Seat 1: e89de8cb won ($0.45)
Seat 2: 12197566 (button) folded on the Flop
Seat 3: 534dfa0f (small blind) folded before Flop
Seat 4: b9f99ee5 (big blind) folded on the Flop
Seat 5: Hero folded before Flop (didn't bet)
Seat 6: 1efe7f0d folded before Flop (didn't bet)


Poker Hand #HD1185004984: Hold'em No Limit  ($0.02/$0.05) - 2023/04/01 16:07:13
Table 'NLHBlue5' 6-max Seat #1 is the button
Seat 1: e89de8cb ($7.51 in chips)
Seat 2: 12197566 ($6.32 in chips)
Seat 3: 534dfa0f ($5 in chips)
Seat 4: b9f99ee5 ($6.88 in chips)
Seat 5: Hero ($17.58 in chips)
Seat 6: 1efe7f0d ($2.03 in chips)
12197566: posts small blind $0.02
534dfa0f: posts big blind $0.05
*** HOLE CARDS ***
Dealt to e89de8cb 
Dealt to 12197566 
Dealt to 534dfa0f 
Dealt to b9f99ee5 
Dealt to Hero [3d Kh]
Dealt to 1efe7f0d 
b9f99ee5: folds
Hero: folds
1efe7f0d: folds
e89de8cb: calls $0.05
12197566: folds
534dfa0f: checks
*** FLOP *** [Ac Ah Ks]
534dfa0f: checks
e89de8cb: checks
*** TURN *** [Ac Ah Ks] [4d]
534dfa0f: checks
e89de8cb: checks
*** RIVER *** [Ac Ah Ks 4d] [3c]
534dfa0f: checks
e89de8cb: checks
534dfa0f: shows [6d 8c] (Pair of Aces)
e89de8cb: shows [6c 9c] (Pair of Aces)
*** SHOWDOWN ***
e89de8cb collected $0.12 from pot
*** SUMMARY ***
Total pot $0.12 | Rake $0 | Jackpot $0 | Bingo $0 | Fortune $0
Board [Ac Ah Ks 4d 3c]
Seat 1: e89de8cb (button) showed [6c 9c] and won ($0.12) with Pair of Aces
Seat 2: 12197566 (small blind) folded before Flop
Seat 3: 534dfa0f (big blind) showed [6d 8c] and lost with Pair of Aces
Seat 4: b9f99ee5 folded before Flop (didn't bet)
Seat 5: Hero folded before Flop (didn't bet)
Seat 6: 1efe7f0d folded before Flop (didn't bet)


Poker Hand #HD1185004862: Hold'em No Limit  ($0.02/$0.05) - 2023/04/01 16:06:29
Table 'NLHBlue5' 6-max Seat #6 is the button
Seat 1: e89de8cb ($7.72 in chips)
Seat 2: 12197566 ($6.37 in chips)
Seat 3: 534dfa0f ($5 in chips)
Seat 4: b9f99ee5 ($6.64 in chips)
Seat 5: Hero ($17.58 in chips)
Seat 6: 1efe7f0d ($2.03 in chips)
e89de8cb: posts small blind $0.02
12197566: posts big blind $0.05
*** HOLE CARDS ***
Dealt to e89de8cb 
Dealt to 12197566 
Dealt to 534dfa0f 
Dealt to b9f99ee5 
Dealt to Hero [8s Kd]
Dealt to 1efe7f0d 
534dfa0f: folds
b9f99ee5: calls $0.05
Hero: folds
1efe7f0d: folds
e89de8cb: calls $0.03
12197566: checks
*** FLOP *** [2s 6c 7h]
e89de8cb: bets $0.16
12197566: folds
b9f99ee5: raises $0.89 to $1.05
e89de8cb: folds
Uncalled bet ($0.89) returned to b9f99ee5
*** SHOWDOWN ***
b9f99ee5 collected $0.45 from pot
*** SUMMARY ***
Total pot $0.47 | Rake $0.02 | Jackpot $0 | Bingo $0 | Fortune $0
Board [2s 6c 7h]
Seat 1: e89de8cb (small blind) folded on the Flop
Seat 2: 12197566 (big blind) folded on the Flop
Seat 3: 534dfa0f folded before Flop (didn't bet)
Seat 4: b9f99ee5 won ($0.45)
Seat 5: Hero folded before Flop (didn't bet)
Seat 6: 1efe7f0d (button) folded before Flop (didn't bet)


Poker Hand #HD1185004591: Hold'em No Limit  ($0.02/$0.05) - 2023/04/01 16:04:48
Table 'NLHBlue5' 6-max Seat #5 is the button
Seat 1: e89de8cb ($6.52 in chips)
Seat 2: 12197566 ($6.52 in chips)
Seat 3: 534dfa0f ($5 in chips)
Seat 4: b9f99ee5 ($6.79 in chips)
Seat 5: Hero ($17.58 in chips)
Seat 6: 1efe7f0d ($3.09 in chips)
1efe7f0d: posts small blind $0.02
e89de8cb: posts big blind $0.05
*** HOLE CARDS ***
Dealt to e89de8cb 
Dealt to 12197566 
Dealt to 534dfa0f 
Dealt to b9f99ee5 
Dealt to Hero [7h 5s]
Dealt to 1efe7f0d 
12197566: raises $0.1 to $0.15
534dfa0f: folds
b9f99ee5: calls $0.15
Hero: folds
1efe7f0d: calls $0.13
e89de8cb: calls $0.1
*** FLOP *** [Kc 5c Qh]
1efe7f0d: bets $0.15
e89de8cb: calls $0.15
12197566: folds
b9f99ee5: folds
*** TURN *** [Kc 5c Qh] [4c]
1efe7f0d: bets $0.15
e89de8cb: raises $0.61 to $0.76
1efe7f0d: calls $0.61
*** RIVER *** [Kc 5c Qh 4c] [Qc]
1efe7f0d: checks
e89de8cb: checks
1efe7f0d: shows [Kh Jh] (Pair of Kings and Pair of Queens)
e89de8cb: shows [9c 8c] (King High Flush)
*** SHOWDOWN ***
e89de8cb collected $2.26 from pot
*** SUMMARY ***
Total pot $2.42 | Rake $0.11 | Jackpot $0.05 | Bingo $0 | Fortune $0
Board [Kc 5c Qh 4c Qc]
Seat 1: e89de8cb (big blind) showed [9c 8c] and won ($2.26) with King High Flush
Seat 2: 12197566 folded on the Flop
Seat 3: 534dfa0f folded before Flop (didn't bet)
Seat 4: b9f99ee5 folded on the Flop
Seat 5: Hero (button) folded before Flop (didn't bet)
Seat 6: 1efe7f0d (small blind) showed [Kh Jh] and lost with Pair of Kings and Pair of Queens


Poker Hand #HD1185004406: Hold'em No Limit  ($0.02/$0.05) - 2023/04/01 16:03:46
Table 'NLHBlue5' 6-max Seat #4 is the button
Seat 1: e89de8cb ($6.57 in chips)
Seat 2: 12197566 ($6.52 in chips)
Seat 3: 534dfa0f ($5 in chips)
Seat 4: b9f99ee5 ($6.67 in chips)
Seat 5: Hero ($17.6 in chips)
Seat 6: 1efe7f0d ($3.14 in chips)
Hero: posts small blind $0.02
1efe7f0d: posts big blind $0.05
*** HOLE CARDS ***
Dealt to e89de8cb 
Dealt to 12197566 
Dealt to 534dfa0f 
Dealt to b9f99ee5 
Dealt to Hero [Ks 3c]
Dealt to 1efe7f0d 
e89de8cb: calls $0.05
12197566: folds
534dfa0f: folds
b9f99ee5: calls $0.05
Hero: folds
1efe7f0d: checks
*** FLOP *** [5d Js 5c]
1efe7f0d: checks
e89de8cb: checks
b9f99ee5: checks
*** TURN *** [5d Js 5c] [As]
1efe7f0d: checks
e89de8cb: checks
b9f99ee5: checks
*** RIVER *** [5d Js 5c As] [Qs]
1efe7f0d: checks
e89de8cb: checks
b9f99ee5: checks
1efe7f0d: shows [4d Kd] (Pair of Fives)
e89de8cb: shows [8h 9d] (Pair of Fives)
b9f99ee5: shows [4h 4c] (Pair of Fives and Pair of Fours)
*** SHOWDOWN ***
b9f99ee5 collected $0.17 from pot
*** SUMMARY ***
Total pot $0.17 | Rake $0 | Jackpot $0 | Bingo $0 | Fortune $0
Board [5d Js 5c As Qs]
Seat 1: e89de8cb showed [8h 9d] and lost with Pair of Fives
Seat 2: 12197566 folded before Flop (didn't bet)
Seat 3: 534dfa0f folded before Flop (didn't bet)
Seat 4: b9f99ee5 (button) showed [4h 4c] and won ($0.17) with Pair of Fives and Pair of Fours
Seat 5: Hero (small blind) folded before Flop
Seat 6: 1efe7f0d (big blind) showed [4d Kd] and lost with Pair of Fives


Poker Hand #HD1185004294: Hold'em No Limit  ($0.02/$0.05) - 2023/04/01 16:03:06
Table 'NLHBlue5' 6-max Seat #3 is the button
Seat 1: e89de8cb ($6.57 in chips)
Seat 2: 12197566 ($6.52 in chips)
Seat 3: 534dfa0f ($5 in chips)
Seat 4: b9f99ee5 ($6.39 in chips)
Seat 5: Hero ($17.75 in chips)
Seat 6: 1efe7f0d ($3.14 in chips)
b9f99ee5: posts small blind $0.02
Hero: posts big blind $0.05
*** HOLE CARDS ***
Dealt to e89de8cb 
Dealt to 12197566 
Dealt to 534dfa0f 
Dealt to b9f99ee5 
Dealt to Hero [5h Ad]
Dealt to 1efe7f0d 
1efe7f0d: folds
e89de8cb: folds
12197566: folds
534dfa0f: raises $0.1 to $0.15
b9f99ee5: calls $0.13
Hero: calls $0.1
*** FLOP *** [6h Tc Kh]
b9f99ee5: bets $0.25
Hero: folds
534dfa0f: folds
Uncalled bet ($0.25) returned to b9f99ee5
*** SHOWDOWN ***
b9f99ee5 collected $0.43 from pot
*** SUMMARY ***
Total pot $0.45 | Rake $0.02 | Jackpot $0 | Bingo $0 | Fortune $0
Board [6h Tc Kh]
Seat 1: e89de8cb folded before Flop (didn't bet)
Seat 2: 12197566 folded before Flop (didn't bet)
Seat 3: 534dfa0f (button) folded on the Flop
Seat 4: b9f99ee5 (small blind) won ($0.43)
Seat 5: Hero (big blind) folded on the Flop
Seat 6: 1efe7f0d folded before Flop (didn't bet)


Poker Hand #HD1185004247: Hold'em No Limit  ($0.02/$0.05) - 2023/04/01 16:02:48
Table 'NLHBlue5' 6-max Seat #2 is the button
Seat 1: e89de8cb ($6.5 in chips)
Seat 2: 12197566 ($6.52 in chips)
Seat 3: 534dfa0f ($5 in chips)
Seat 4: b9f99ee5 ($6.44 in chips)
Seat 5: Hero ($17.75 in chips)
Seat 6: 1efe7f0d ($3.14 in chips)
534dfa0f: posts small blind $0.02
b9f99ee5: posts big blind $0.05
*** HOLE CARDS ***
Dealt to e89de8cb 
Dealt to 12197566 
Dealt to 534dfa0f 
Dealt to b9f99ee5 
Dealt to Hero [3s Js]
Dealt to 1efe7f0d 
Hero: folds
1efe7f0d: folds
e89de8cb: raises $0.1 to $0.15
12197566: folds
534dfa0f: folds
b9f99ee5: folds
Uncalled bet ($0.1) returned to e89de8cb
*** SHOWDOWN ***
e89de8cb collected $0.12 from pot
*** SUMMARY ***
Total pot $0.12 | Rake $0 | Jackpot $0 | Bingo $0 | Fortune $0
Seat 1: e89de8cb collected ($0.12)
Seat 2: 12197566 (button) folded before Flop (didn't bet)
Seat 3: 534dfa0f (small blind) folded before Flop
Seat 4: b9f99ee5 (big blind) folded before Flop
Seat 5: Hero folded before Flop (didn't bet)
Seat 6: 1efe7f0d folded before Flop (didn't bet)


Poker Hand #HD1185004119: Hold'em No Limit  ($0.02/$0.05) - 2023/04/01 16:02:04
Table 'NLHBlue5' 6-max Seat #1 is the button
Seat 1: e89de8cb ($6.5 in chips)
Seat 2: 12197566 ($6.54 in chips)
Seat 3: 534dfa0f ($5 in chips)
Seat 4: b9f99ee5 ($5.7 in chips)
Seat 5: Hero ($17.75 in chips)
Seat 6: 1efe7f0d ($3.94 in chips)
12197566: posts small blind $0.02
534dfa0f: posts big blind $0.05
*** HOLE CARDS ***
Dealt to e89de8cb 
Dealt to 12197566 
Dealt to 534dfa0f 
Dealt to b9f99ee5 
Dealt to Hero [7c 3d]
Dealt to 1efe7f0d 
b9f99ee5: calls $0.05
Hero: folds
1efe7f0d: raises $0.1 to $0.15
e89de8cb: folds
12197566: folds
534dfa0f: folds
b9f99ee5: raises $0.1 to $0.25
1efe7f0d: calls $0.1
*** FLOP *** [Th 8c 8h]
b9f99ee5: bets $0.55
1efe7f0d: calls $0.55
*** TURN *** [Th 8c 8h] [Ks]
b9f99ee5: bets $4.9 and is all-in
1efe7f0d: folds
Uncalled bet ($4.9) returned to b9f99ee5
*** SHOWDOWN ***
b9f99ee5 collected $1.54 from pot
*** SUMMARY ***
Total pot $1.67 | Rake $0.08 | Jackpot $0.05 | Bingo $0 | Fortune $0
Board [Th 8c 8h Ks]
Seat 1: e89de8cb (button) folded before Flop (didn't bet)
Seat 2: 12197566 (small blind) folded before Flop
Seat 3: 534dfa0f (big blind) folded before Flop
Seat 4: b9f99ee5 won ($1.54)
Seat 5: Hero folded before Flop (didn't bet)
Seat 6: 1efe7f0d folded on the Turn


Poker Hand #HD1185004080: Hold'em No Limit  ($0.02/$0.05) - 2023/04/01 16:01:48
Table 'NLHBlue5' 6-max Seat #6 is the button
Seat 1: e89de8cb ($6.45 in chips)
Seat 2: 12197566 ($6.59 in chips)
Seat 3: 534dfa0f ($5 in chips)
Seat 4: b9f99ee5 ($5.7 in chips)
Seat 5: Hero ($17.75 in chips)
Seat 6: 1efe7f0d ($3.94 in chips)
e89de8cb: posts small blind $0.02
12197566: posts big blind $0.05
*** HOLE CARDS ***
Dealt to e89de8cb 
Dealt to 12197566 
Dealt to 534dfa0f 
Dealt to b9f99ee5 
Dealt to Hero [Jc 6d]
Dealt to 1efe7f0d 
534dfa0f: folds
b9f99ee5: folds
Hero: folds
1efe7f0d: folds
e89de8cb: raises $0.1 to $0.15
12197566: folds
Uncalled bet ($0.1) returned to e89de8cb
*** SHOWDOWN ***
e89de8cb collected $0.1 from pot
*** SUMMARY ***
Total pot $0.1 | Rake $0 | Jackpot $0 | Bingo $0 | Fortune $0
Seat 1: e89de8cb (small blind) collected ($0.1)
Seat 2: 12197566 (big blind) folded before Flop
Seat 3: 534dfa0f folded before Flop (didn't bet)
Seat 4: b9f99ee5 folded before Flop (didn't bet)
Seat 5: Hero folded before Flop (didn't bet)
Seat 6: 1efe7f0d (button) folded before Flop (didn't bet)


Poker Hand #HD1185004051: Hold'em No Limit  ($0.02/$0.05) - 2023/04/01 16:01:39
Table 'NLHBlue5' 6-max Seat #5 is the button
Seat 1: e89de8cb ($6.43 in chips)
Seat 2: 12197566 ($6.59 in chips)
Seat 3: 534dfa0f ($5 in chips)
Seat 4: b9f99ee5 ($5.7 in chips)
Seat 5: Hero ($17.75 in chips)
Seat 6: 1efe7f0d ($3.96 in chips)
1efe7f0d: posts small blind $0.02
e89de8cb: posts big blind $0.05
*** HOLE CARDS ***
Dealt to e89de8cb 
Dealt to 12197566 
Dealt to 534dfa0f 
Dealt to b9f99ee5 
Dealt to Hero [8d Qh]
Dealt to 1efe7f0d 
12197566: folds
534dfa0f: folds
b9f99ee5: folds
Hero: folds
1efe7f0d: folds
Uncalled bet ($0.03) returned to e89de8cb
*** SHOWDOWN ***
e89de8cb collected $0.04 from pot
*** SUMMARY ***
Total pot $0.04 | Rake $0 | Jackpot $0 | Bingo $0 | Fortune $0
Seat 1: e89de8cb (big blind) collected ($0.04)
Seat 2: 12197566 folded before Flop (didn't bet)
Seat 3: 534dfa0f folded before Flop (didn't bet)
Seat 4: b9f99ee5 folded before Flop (didn't bet)
Seat 5: Hero (button) folded before Flop (didn't bet)
Seat 6: 1efe7f0d (small blind) folded before Flop


Poker Hand #HD1185003907: Hold'em No Limit  ($0.02/$0.05) - 2023/04/01 16:00:48
Table 'NLHBlue5' 6-max Seat #4 is the button
Seat 1: e89de8cb ($6.43 in chips)
Seat 2: 12197566 ($6.59 in chips)
Seat 3: 534dfa0f ($5 in chips)
Seat 4: b9f99ee5 ($5.7 in chips)
Seat 5: Hero ($17.89 in chips)
Seat 6: 1efe7f0d ($3.83 in chips)
Hero: posts small blind $0.02
1efe7f0d: posts big blind $0.05
*** HOLE CARDS ***
Dealt to e89de8cb 
Dealt to 12197566 
Dealt to 534dfa0f 
Dealt to b9f99ee5 
Dealt to Hero [8s Ad]
Dealt to 1efe7f0d 
e89de8cb: folds
12197566: folds
534dfa0f: folds
b9f99ee5: folds
Hero: raises $0.09 to $0.14
1efe7f0d: raises $0.09 to $0.23
Hero: folds
Uncalled bet ($0.09) returned to 1efe7f0d
*** SHOWDOWN ***
1efe7f0d collected $0.27 from pot
*** SUMMARY ***
Total pot $0.28 | Rake $0.01 | Jackpot $0 | Bingo $0 | Fortune $0
Seat 1: e89de8cb folded before Flop (didn't bet)
Seat 2: 12197566 folded before Flop (didn't bet)
Seat 3: 534dfa0f folded before Flop (didn't bet)
Seat 4: b9f99ee5 (button) folded before Flop (didn't bet)
Seat 5: Hero (small blind) folded before Flop
Seat 6: 1efe7f0d (big blind) collected ($0.27)


Poker Hand #HD1185003775: Hold'em No Limit  ($0.02/$0.05) - 2023/04/01 16:00:03
Table 'NLHBlue5' 6-max Seat #3 is the button
Seat 1: e89de8cb ($6.27 in chips)
Seat 2: 12197566 ($6.59 in chips)
Seat 3: 534dfa0f ($5 in chips)
Seat 4: b9f99ee5 ($5.72 in chips)
Seat 5: Hero ($18.04 in chips)
Seat 6: 1efe7f0d ($3.83 in chips)
b9f99ee5: posts small blind $0.02
Hero: posts big blind $0.05
*** HOLE CARDS ***
Dealt to e89de8cb 
Dealt to 12197566 
Dealt to 534dfa0f 
Dealt to b9f99ee5 
Dealt to Hero [2c 2s]
Dealt to 1efe7f0d 
1efe7f0d: folds
e89de8cb: raises $0.1 to $0.15
12197566: folds
534dfa0f: folds
b9f99ee5: folds
Hero: calls $0.1
*** FLOP *** [Qs 6h Ts]
Hero: checks
e89de8cb: checks
*** TURN *** [Qs 6h Ts] [Ah]
Hero: checks
e89de8cb: bets $0.32
Hero: folds
Uncalled bet ($0.32) returned to e89de8cb
*** SHOWDOWN ***
e89de8cb collected $0.31 from pot
*** SUMMARY ***
Total pot $0.32 | Rake $0.01 | Jackpot $0 | Bingo $0 | Fortune $0
Board [Qs 6h Ts Ah]
Seat 1: e89de8cb won ($0.31)
Seat 2: 12197566 folded before Flop (didn't bet)
Seat 3: 534dfa0f (button) folded before Flop (didn't bet)
Seat 4: b9f99ee5 (small blind) folded before Flop
Seat 5: Hero (big blind) folded on the Turn
Seat 6: 1efe7f0d folded before Flop (didn't bet)


Poker Hand #HD1185003694: Hold'em No Limit  ($0.02/$0.05) - 2023/04/01 15:59:31
Table 'NLHBlue5' 6-max Seat #2 is the button
Seat 1: e89de8cb ($6.27 in chips)
Seat 2: 12197566 ($6.59 in chips)
Seat 3: 534dfa0f ($5.02 in chips)
Seat 4: b9f99ee5 ($4.95 in chips)
Seat 5: Hero ($18.04 in chips)
Seat 6: 1efe7f0d ($3.83 in chips)
534dfa0f: posts small blind $0.02
b9f99ee5: posts big blind $0.05
*** HOLE CARDS ***
Dealt to e89de8cb 
Dealt to 12197566 
Dealt to 534dfa0f 
Dealt to b9f99ee5 
Dealt to Hero [3s 6c]
Dealt to 1efe7f0d 
Hero: folds
1efe7f0d: folds
e89de8cb: folds
12197566: folds
534dfa0f: raises $0.1 to $0.15
b9f99ee5: calls $0.1
*** FLOP *** [Ts Jc 3c]
534dfa0f: bets $0.15
b9f99ee5: calls $0.15
*** TURN *** [Ts Jc 3c] [Kd]
534dfa0f: bets $0.6
b9f99ee5: raises $4.05 to $4.65 and is all-in
534dfa0f: folds
Uncalled bet ($4.05) returned to b9f99ee5
*** SHOWDOWN ***
b9f99ee5 collected $1.67 from pot
*** SUMMARY ***
Total pot $1.8 | Rake $0.08 | Jackpot $0.05 | Bingo $0 | Fortune $0
Board [Ts Jc 3c Kd]
Seat 1: e89de8cb folded before Flop (didn't bet)
Seat 2: 12197566 (button) folded before Flop (didn't bet)
Seat 3: 534dfa0f (small blind) folded on the Turn
Seat 4: b9f99ee5 (big blind) won ($1.67)
Seat 5: Hero folded before Flop (didn't bet)
Seat 6: 1efe7f0d folded before Flop (didn't bet)


Poker Hand #HD1185003600: Hold'em No Limit  ($0.02/$0.05) - 2023/04/01 15:59:00
Table 'NLHBlue5' 6-max Seat #1 is the button
Seat 1: e89de8cb ($6.27 in chips)
Seat 2: 12197566 ($6.61 in chips)
Seat 3: 534dfa0f ($5.07 in chips)
Seat 4: b9f99ee5 ($4.95 in chips)
Seat 5: Hero ($18.04 in chips)
Seat 6: 1efe7f0d ($3.76 in chips)
12197566: posts small blind $0.02
534dfa0f: posts big blind $0.05
1efe7f0d: posts big blind $0.05
*** HOLE CARDS ***
Dealt to e89de8cb 
Dealt to 12197566 
Dealt to 534dfa0f 
Dealt to b9f99ee5 
Dealt to Hero [2s Ah]
Dealt to 1efe7f0d 
b9f99ee5: folds
Hero: folds
1efe7f0d: checks
e89de8cb: folds
12197566: folds
534dfa0f: checks
*** FLOP *** [6h 5c Kh]
534dfa0f: checks
1efe7f0d: bets $0.1
534dfa0f: folds
Uncalled bet ($0.1) returned to 1efe7f0d
*** SHOWDOWN ***
1efe7f0d collected $0.12 from pot
*** SUMMARY ***
Total pot $0.12 | Rake $0 | Jackpot $0 | Bingo $0 | Fortune $0
Board [6h 5c Kh]
Seat 1: e89de8cb (button) folded before Flop (didn't bet)
Seat 2: 12197566 (small blind) folded before Flop
Seat 3: 534dfa0f (big blind) folded on the Flop
Seat 4: b9f99ee5 folded before Flop (didn't bet)
Seat 5: Hero folded before Flop (didn't bet)
Seat 6: 1efe7f0d won ($0.12)


Poker Hand #HD1185003529: Hold'em No Limit  ($0.02/$0.05) - 2023/04/01 15:58:34
Table 'NLHBlue5' 6-max Seat #5 is the button
Seat 1: e89de8cb ($6.17 in chips)
Seat 2: 12197566 ($6.66 in chips)
Seat 3: 534dfa0f ($5.07 in chips)
Seat 4: b9f99ee5 ($5 in chips)
Seat 5: Hero ($18.04 in chips)
e89de8cb: posts small blind $0.02
12197566: posts big blind $0.05
b9f99ee5: posts big blind $0.05
*** HOLE CARDS ***
Dealt to e89de8cb 
Dealt to 12197566 
Dealt to 534dfa0f 
Dealt to b9f99ee5 
Dealt to Hero [6c Kd]
534dfa0f: folds
b9f99ee5: checks
Hero: folds
e89de8cb: calls $0.03
12197566: checks
*** FLOP *** [4d Tc 8h]
e89de8cb: bets $0.16
12197566: folds
b9f99ee5: folds
Uncalled bet ($0.16) returned to e89de8cb
*** SHOWDOWN ***
e89de8cb collected $0.15 from pot
*** SUMMARY ***
Total pot $0.15 | Rake $0 | Jackpot $0 | Bingo $0 | Fortune $0
Board [4d Tc 8h]
Seat 1: e89de8cb (small blind) won ($0.15)
Seat 2: 12197566 (big blind) folded on the Flop
Seat 3: 534dfa0f folded before Flop (didn't bet)
Seat 4: b9f99ee5 folded on the Flop
Seat 5: Hero (button) folded before Flop (didn't bet)


Poker Hand #HD1185003403: Hold'em No Limit  ($0.02/$0.05) - 2023/04/01 15:57:46
Table 'NLHBlue5' 6-max Seat #3 is the button
Seat 1: e89de8cb ($6.31 in chips)
Seat 2: 12197566 ($6.66 in chips)
Seat 3: 534dfa0f ($5.07 in chips)
Seat 5: Hero ($17.91 in chips)
Hero: posts small blind $0.02
e89de8cb: posts big blind $0.05
*** HOLE CARDS ***
Dealt to e89de8cb 
Dealt to 12197566 
Dealt to 534dfa0f 
Dealt to Hero [Jd Qs]
12197566: folds
534dfa0f: folds
Hero: raises $0.09 to $0.14
e89de8cb: calls $0.09
*** FLOP *** [Ah Kc 3s]
Hero: checks
e89de8cb: checks
*** TURN *** [Ah Kc 3s] [7c]
Hero: bets $0.14
e89de8cb: folds
Uncalled bet ($0.14) returned to Hero
*** SHOWDOWN ***
Hero collected $0.27 from pot
*** SUMMARY ***
Total pot $0.28 | Rake $0.01 | Jackpot $0 | Bingo $0 | Fortune $0
Board [Ah Kc 3s 7c]
Seat 1: e89de8cb (big blind) folded on the Turn
Seat 2: 12197566 folded before Flop (didn't bet)
Seat 3: 534dfa0f (button) folded before Flop (didn't bet)
Seat 5: Hero (small blind) won ($0.27)


Poker Hand #HD1185003187: Hold'em No Limit  ($0.02/$0.05) - 2023/04/01 15:56:36
Table 'NLHBlue5' 6-max Seat #2 is the button
Seat 1: e89de8cb ($5.01 in chips)
Seat 2: 12197566 ($8.08 in chips)
Seat 3: 534dfa0f ($5.09 in chips)
Seat 5: Hero ($17.96 in chips)
534dfa0f: posts small blind $0.02
Hero: posts big blind $0.05
*** HOLE CARDS ***
Dealt to e89de8cb 
Dealt to 12197566 
Dealt to 534dfa0f 
Dealt to Hero [4c 5s]
e89de8cb: raises $0.1 to $0.15
12197566: raises $0.3 to $0.45
534dfa0f: folds
Hero: folds
e89de8cb: raises $0.97 to $1.42
12197566: calls $0.97
*** FLOP *** [Ad 5c 5h]
e89de8cb: bets $0.98
12197566: folds
Uncalled bet ($0.98) returned to e89de8cb
*** SHOWDOWN ***
e89de8cb collected $2.72 from pot
*** SUMMARY ***
Total pot $2.91 | Rake $0.14 | Jackpot $0.05 | Bingo $0 | Fortune $0
Board [Ad 5c 5h]
Seat 1: e89de8cb won ($2.72)
Seat 2: 12197566 (button) folded on the Flop
Seat 3: 534dfa0f (small blind) folded before Flop
Seat 5: Hero (big blind) folded before Flop


Poker Hand #HD1185003143: Hold'em No Limit  ($0.02/$0.05) - 2023/04/01 15:56:21
Table 'NLHBlue5' 6-max Seat #1 is the button
Seat 1: e89de8cb ($5.01 in chips)
Seat 2: 12197566 ($8.1 in chips)
Seat 3: 534dfa0f ($5.07 in chips)
Seat 5: Hero ($17.96 in chips)
12197566: posts small blind $0.02
534dfa0f: posts big blind $0.05
*** HOLE CARDS ***
Dealt to e89de8cb 
Dealt to 12197566 
Dealt to 534dfa0f 
Dealt to Hero [Ah 5c]
Hero: folds
e89de8cb: folds
12197566: folds
Uncalled bet ($0.03) returned to 534dfa0f
*** SHOWDOWN ***
534dfa0f collected $0.04 from pot
*** SUMMARY ***
Total pot $0.04 | Rake $0 | Jackpot $0 | Bingo $0 | Fortune $0
Seat 1: e89de8cb (button) folded before Flop (didn't bet)
Seat 2: 12197566 (small blind) folded before Flop
Seat 3: 534dfa0f (big blind) collected ($0.04)
Seat 5: Hero folded before Flop (didn't bet)


Poker Hand #HD1185003109: Hold'em No Limit  ($0.02/$0.05) - 2023/04/01 15:56:09
Table 'NLHBlue5' 6-max Seat #5 is the button
Seat 1: e89de8cb ($5.03 in chips)
Seat 2: 12197566 ($8.15 in chips)
Seat 3: 534dfa0f ($5 in chips)
Seat 5: Hero ($17.96 in chips)
e89de8cb: posts small blind $0.02
12197566: posts big blind $0.05
*** HOLE CARDS ***
Dealt to e89de8cb 
Dealt to 12197566 
Dealt to 534dfa0f 
Dealt to Hero [2s Jh]
534dfa0f: raises $0.1 to $0.15
Hero: folds
e89de8cb: folds
12197566: folds
Uncalled bet ($0.1) returned to 534dfa0f
*** SHOWDOWN ***
534dfa0f collected $0.12 from pot
*** SUMMARY ***
Total pot $0.12 | Rake $0 | Jackpot $0 | Bingo $0 | Fortune $0
Seat 1: e89de8cb (small blind) folded before Flop
Seat 2: 12197566 (big blind) folded before Flop
Seat 3: 534dfa0f collected ($0.12)
Seat 5: Hero (button) folded before Flop (didn't bet)


Poker Hand #HD1185003048: Hold'em No Limit  ($0.02/$0.05) - 2023/04/01 15:55:45
Table 'NLHBlue5' 6-max Seat #3 is the button
Seat 1: e89de8cb ($5.17 in chips)
Seat 2: 12197566 ($8.15 in chips)
Seat 3: 534dfa0f ($5 in chips)
Seat 5: Hero ($17.83 in chips)
Hero: posts small blind $0.02
e89de8cb: posts big blind $0.05
*** HOLE CARDS ***
Dealt to e89de8cb 
Dealt to 12197566 
Dealt to 534dfa0f 
Dealt to Hero [Ks 6s]
12197566: folds
534dfa0f: folds
Hero: raises $0.09 to $0.14
e89de8cb: calls $0.09
*** FLOP *** [Kd Td 2d]
Hero: bets $0.08
e89de8cb: folds
Uncalled bet ($0.08) returned to Hero
*** SHOWDOWN ***
Hero collected $0.27 from pot
*** SUMMARY ***
Total pot $0.28 | Rake $0.01 | Jackpot $0 | Bingo $0 | Fortune $0
Board [Kd Td 2d]
Seat 1: e89de8cb (big blind) folded on the Flop
Seat 2: 12197566 folded before Flop (didn't bet)
Seat 3: 534dfa0f (button) folded before Flop (didn't bet)
Seat 5: Hero (small blind) won ($0.27)


Poker Hand #HD1185003012: Hold'em No Limit  ($0.02/$0.05) - 2023/04/01 15:55:31
Table 'NLHBlue5' 6-max Seat #2 is the button
Seat 1: e89de8cb ($5.1 in chips)
Seat 2: 12197566 ($8.15 in chips)
Seat 3: 534dfa0f ($5 in chips)
Seat 5: Hero ($17.88 in chips)
534dfa0f: posts small blind $0.02
Hero: posts big blind $0.05
*** HOLE CARDS ***
Dealt to e89de8cb 
Dealt to 12197566 
Dealt to 534dfa0f 
Dealt to Hero [2h Kd]
e89de8cb: raises $0.1 to $0.15
12197566: folds
534dfa0f: folds
Hero: folds
Uncalled bet ($0.1) returned to e89de8cb
*** SHOWDOWN ***
e89de8cb collected $0.12 from pot
*** SUMMARY ***
Total pot $0.12 | Rake $0 | Jackpot $0 | Bingo $0 | Fortune $0
Seat 1: e89de8cb collected ($0.12)
Seat 2: 12197566 (button) folded before Flop (didn't bet)
Seat 3: 534dfa0f (small blind) folded before Flop
Seat 5: Hero (big blind) folded before Flop


Poker Hand #HD1185002937: Hold'em No Limit  ($0.02/$0.05) - 2023/04/01 15:55:05
Table 'NLHBlue5' 6-max Seat #1 is the button
Seat 1: e89de8cb ($5.1 in chips)
Seat 2: 12197566 ($8.17 in chips)
Seat 3: 534dfa0f ($5.05 in chips)
Seat 4: ea6ffb0e ($5 in chips)
Seat 5: Hero ($17.81 in chips)
12197566: posts small blind $0.02
534dfa0f: posts big blind $0.05
*** HOLE CARDS ***
Dealt to e89de8cb 
Dealt to 12197566 
Dealt to 534dfa0f 
Dealt to ea6ffb0e 
Dealt to Hero [Td Th]
ea6ffb0e: folds
Hero: raises $0.07 to $0.12
e89de8cb: folds
12197566: folds
534dfa0f: folds
Uncalled bet ($0.07) returned to Hero
*** SHOWDOWN ***
Hero collected $0.12 from pot
*** SUMMARY ***
Total pot $0.12 | Rake $0 | Jackpot $0 | Bingo $0 | Fortune $0
Seat 1: e89de8cb (button) folded before Flop (didn't bet)
Seat 2: 12197566 (small blind) folded before Flop
Seat 3: 534dfa0f (big blind) folded before Flop
Seat 4: ea6ffb0e folded before Flop (didn't bet)
Seat 5: Hero collected ($0.12)


Poker Hand #HD1185002881: Hold'em No Limit  ($0.02/$0.05) - 2023/04/01 15:54:44
Table 'NLHBlue5' 6-max Seat #5 is the button
Seat 1: e89de8cb ($5.15 in chips)
Seat 2: 12197566 ($8.12 in chips)
Seat 3: 534dfa0f ($5.05 in chips)
Seat 4: ea6ffb0e ($5 in chips)
Seat 5: Hero ($17.81 in chips)
e89de8cb: posts small blind $0.02
12197566: posts big blind $0.05
*** HOLE CARDS ***
Dealt to e89de8cb 
Dealt to 12197566 
Dealt to 534dfa0f 
Dealt to ea6ffb0e 
Dealt to Hero [Ts 9d]
534dfa0f: folds
ea6ffb0e: folds
Hero: folds
e89de8cb: calls $0.03
12197566: raises $0.15 to $0.2
e89de8cb: folds
Uncalled bet ($0.15) returned to 12197566
*** SHOWDOWN ***
12197566 collected $0.1 from pot
*** SUMMARY ***
Total pot $0.1 | Rake $0 | Jackpot $0 | Bingo $0 | Fortune $0
Seat 1: e89de8cb (small blind) folded before Flop
Seat 2: 12197566 (big blind) collected ($0.1)
Seat 3: 534dfa0f folded before Flop (didn't bet)
Seat 4: ea6ffb0e folded before Flop (didn't bet)
Seat 5: Hero (button) folded before Flop (didn't bet)


Poker Hand #HD1185002825: Hold'em No Limit  ($0.02/$0.05) - 2023/04/01 15:54:26
Table 'NLHBlue5' 6-max Seat #4 is the button
Seat 1: e89de8cb ($5.13 in chips)
Seat 2: 12197566 ($8.12 in chips)
Seat 3: 534dfa0f ($5.05 in chips)
Seat 4: ea6ffb0e ($5 in chips)
Seat 5: Hero ($17.83 in chips)
Hero: posts small blind $0.02
e89de8cb: posts big blind $0.05
*** HOLE CARDS ***
Dealt to e89de8cb 
Dealt to 12197566 
Dealt to 534dfa0f 
Dealt to ea6ffb0e 
Dealt to Hero [Kd 2h]
12197566: folds
534dfa0f: folds
ea6ffb0e: folds
Hero: folds
Uncalled bet ($0.03) returned to e89de8cb
*** SHOWDOWN ***
e89de8cb collected $0.04 from pot
*** SUMMARY ***
Total pot $0.04 | Rake $0 | Jackpot $0 | Bingo $0 | Fortune $0
Seat 1: e89de8cb (big blind) collected ($0.04)
Seat 2: 12197566 folded before Flop (didn't bet)
Seat 3: 534dfa0f folded before Flop (didn't bet)
Seat 4: ea6ffb0e (button) folded before Flop (didn't bet)
Seat 5: Hero (small blind) folded before Flop


Poker Hand #HD1185002779: Hold'em No Limit  ($0.02/$0.05) - 2023/04/01 15:54:11
Table 'NLHBlue5' 6-max Seat #3 is the button
Seat 1: e89de8cb ($5.06 in chips)
Seat 2: 12197566 ($8.12 in chips)
Seat 3: 534dfa0f ($5.05 in chips)
Seat 4: ea6ffb0e ($5 in chips)
Seat 5: Hero ($17.88 in chips)
ea6ffb0e: posts small blind $0.02
Hero: posts big blind $0.05
*** HOLE CARDS ***
Dealt to e89de8cb 
Dealt to 12197566 
Dealt to 534dfa0f 
Dealt to ea6ffb0e 
Dealt to Hero [4h Js]
e89de8cb: raises $0.1 to $0.15
12197566: folds
534dfa0f: folds
ea6ffb0e: folds
Hero: folds
Uncalled bet ($0.1) returned to e89de8cb
*** SHOWDOWN ***
e89de8cb collected $0.12 from pot
*** SUMMARY ***
Total pot $0.12 | Rake $0 | Jackpot $0 | Bingo $0 | Fortune $0
Seat 1: e89de8cb collected ($0.12)
Seat 2: 12197566 folded before Flop (didn't bet)
Seat 3: 534dfa0f (button) folded before Flop (didn't bet)
Seat 4: ea6ffb0e (small blind) folded before Flop
Seat 5: Hero (big blind) folded before Flop


Poker Hand #HD1185002742: Hold'em No Limit  ($0.02/$0.05) - 2023/04/01 15:53:58
Table 'NLHBlue5' 6-max Seat #2 is the button
Seat 1: e89de8cb ($5.06 in chips)
Seat 2: 12197566 ($8.12 in chips)
Seat 3: 534dfa0f ($5 in chips)
Seat 4: ea6ffb0e ($5 in chips)
Seat 5: Hero ($17.88 in chips)
534dfa0f: posts small blind $0.02
ea6ffb0e: posts big blind $0.05
*** HOLE CARDS ***
Dealt to e89de8cb 
Dealt to 12197566 
Dealt to 534dfa0f 
Dealt to ea6ffb0e 
Dealt to Hero [5h 3h]
Hero: folds
e89de8cb: folds
12197566: folds
534dfa0f: raises $0.1 to $0.15
ea6ffb0e: folds
Uncalled bet ($0.1) returned to 534dfa0f
*** SHOWDOWN ***
534dfa0f collected $0.1 from pot
*** SUMMARY ***
Total pot $0.1 | Rake $0 | Jackpot $0 | Bingo $0 | Fortune $0
Seat 1: e89de8cb folded before Flop (didn't bet)
Seat 2: 12197566 (button) folded before Flop (didn't bet)
Seat 3: 534dfa0f (small blind) collected ($0.1)
Seat 4: ea6ffb0e (big blind) folded before Flop
Seat 5: Hero folded before Flop (didn't bet)


Poker Hand #HD1185002589: Hold'em No Limit  ($0.02/$0.05) - 2023/04/01 15:53:10
Table 'NLHBlue5' 6-max Seat #1 is the button
Seat 1: e89de8cb ($4.91 in chips)
Seat 2: 12197566 ($8.23 in chips)
Seat 3: 534dfa0f ($5.01 in chips)
Seat 4: ea6ffb0e ($5 in chips)
Seat 5: Hero ($17.88 in chips)
12197566: posts small blind $0.02
534dfa0f: posts big blind $0.05
*** HOLE CARDS ***
Dealt to e89de8cb 
Dealt to 12197566 
Dealt to 534dfa0f 
Dealt to ea6ffb0e 
Dealt to Hero [Td 3s]
ea6ffb0e: folds
Hero: folds
e89de8cb: calls $0.05
12197566: calls $0.03
534dfa0f: checks
*** FLOP *** [2d 9s 3d]
12197566: checks
534dfa0f: checks
e89de8cb: bets $0.06
12197566: calls $0.06
534dfa0f: folds
*** TURN *** [2d 9s 3d] [6d]
12197566: checks
e89de8cb: bets $0.1
12197566: folds
Uncalled bet ($0.1) returned to e89de8cb
*** SHOWDOWN ***
e89de8cb collected $0.26 from pot
*** SUMMARY ***
Total pot $0.27 | Rake $0.01 | Jackpot $0 | Bingo $0 | Fortune $0
Board [2d 9s 3d 6d]
Seat 1: e89de8cb (button) won ($0.26)
Seat 2: 12197566 (small blind) folded on the Turn
Seat 3: 534dfa0f (big blind) folded on the Flop
Seat 4: ea6ffb0e folded before Flop (didn't bet)
Seat 5: Hero folded before Flop (didn't bet)


Poker Hand #HD1185002495: Hold'em No Limit  ($0.02/$0.05) - 2023/04/01 15:52:36
Table 'NLHBlue5' 6-max Seat #5 is the button
Seat 1: e89de8cb ($4.72 in chips)
Seat 2: 12197566 ($8.28 in chips)
Seat 3: 534dfa0f ($5.16 in chips)
Seat 4: ea6ffb0e ($5 in chips)
Seat 5: Hero ($17.88 in chips)
e89de8cb: posts small blind $0.02
12197566: posts big blind $0.05
*** HOLE CARDS ***
Dealt to e89de8cb 
Dealt to 12197566 
Dealt to 534dfa0f 
Dealt to ea6ffb0e 
Dealt to Hero [Th 2c]
534dfa0f: raises $0.1 to $0.15
ea6ffb0e: folds
Hero: folds
e89de8cb: calls $0.13
12197566: folds
*** FLOP *** [Ks 6h 9d]
e89de8cb: bets $0.12
534dfa0f: folds
Uncalled bet ($0.12) returned to e89de8cb
*** SHOWDOWN ***
e89de8cb collected $0.34 from pot
*** SUMMARY ***
Total pot $0.35 | Rake $0.01 | Jackpot $0 | Bingo $0 | Fortune $0
Board [Ks 6h 9d]
Seat 1: e89de8cb (small blind) won ($0.34)
Seat 2: 12197566 (big blind) folded before Flop
Seat 3: 534dfa0f folded on the Flop
Seat 4: ea6ffb0e folded before Flop (didn't bet)
Seat 5: Hero (button) folded before Flop (didn't bet)


Poker Hand #HD1185002313: Hold'em No Limit  ($0.02/$0.05) - 2023/04/01 15:51:33
Table 'NLHBlue5' 6-max Seat #4 is the button
Seat 1: e89de8cb ($5.34 in chips)
Seat 2: 12197566 ($8.28 in chips)
Seat 3: 534dfa0f ($5.16 in chips)
Seat 4: ea6ffb0e ($5 in chips)
Seat 5: Hero ($17.32 in chips)
Hero: posts small blind $0.02
e89de8cb: posts big blind $0.05
*** HOLE CARDS ***
Dealt to e89de8cb 
Dealt to 12197566 
Dealt to 534dfa0f 
Dealt to ea6ffb0e 
Dealt to Hero [9s 7s]
12197566: folds
534dfa0f: folds
ea6ffb0e: folds
Hero: raises $0.09 to $0.14
e89de8cb: calls $0.09
*** FLOP *** [9h Kh Js]
Hero: bets $0.14
e89de8cb: calls $0.14
*** TURN *** [9h Kh Js] [7c]
Hero: bets $0.34
e89de8cb: calls $0.34
*** RIVER *** [9h Kh Js 7c] [4c]
Hero: bets $0.62
e89de8cb: folds
Uncalled bet ($0.62) returned to Hero
Hero: shows [9s 7s] (Pair of Nines and Pair of Sevens)
*** SHOWDOWN ***
Hero collected $1.18 from pot
*** SUMMARY ***
Total pot $1.24 | Rake $0.06 | Jackpot $0 | Bingo $0 | Fortune $0
Board [9h Kh Js 7c 4c]
Seat 1: e89de8cb (big blind) folded on the River
Seat 2: 12197566 folded before Flop (didn't bet)
Seat 3: 534dfa0f folded before Flop (didn't bet)
Seat 4: ea6ffb0e (button) folded before Flop (didn't bet)
Seat 5: Hero (small blind) showed [9s 7s] and won ($1.18) with Pair of Nines and Pair of Sevens


Poker Hand #HD1185002280: Hold'em No Limit  ($0.02/$0.05) - 2023/04/01 15:51:23
Table 'NLHBlue5' 6-max Seat #3 is the button
Seat 1: e89de8cb ($5.34 in chips)
Seat 2: 12197566 ($8.28 in chips)
Seat 3: 534dfa0f ($5.16 in chips)
Seat 4: ea6ffb0e ($5 in chips)
Seat 5: Hero ($17.3 in chips)
ea6ffb0e: posts small blind $0.02
Hero: posts big blind $0.05
*** HOLE CARDS ***
Dealt to e89de8cb 
Dealt to 12197566 
Dealt to 534dfa0f 
Dealt to ea6ffb0e 
Dealt to Hero [Qh 4h]
e89de8cb: folds
12197566: folds
534dfa0f: folds
ea6ffb0e: folds
Uncalled bet ($0.03) returned to Hero
*** SHOWDOWN ***
Hero collected $0.04 from pot
*** SUMMARY ***
Total pot $0.04 | Rake $0 | Jackpot $0 | Bingo $0 | Fortune $0
Seat 1: e89de8cb folded before Flop (didn't bet)
Seat 2: 12197566 folded before Flop (didn't bet)
Seat 3: 534dfa0f (button) folded before Flop (didn't bet)
Seat 4: ea6ffb0e (small blind) folded before Flop
Seat 5: Hero (big blind) collected ($0.04)


Poker Hand #HD1185002094: Hold'em No Limit  ($0.02/$0.05) - 2023/04/01 15:50:23
Table 'NLHBlue5' 6-max Seat #2 is the button
Seat 1: e89de8cb ($5.34 in chips)
Seat 2: 12197566 ($7.91 in chips)
Seat 3: 534dfa0f ($5.18 in chips)
Seat 4: ea6ffb0e ($5 in chips)
Seat 5: Hero ($17.3 in chips)
534dfa0f: posts small blind $0.02
ea6ffb0e: posts big blind $0.05
*** HOLE CARDS ***
Dealt to e89de8cb 
Dealt to 12197566 
Dealt to 534dfa0f 
Dealt to ea6ffb0e 
Dealt to Hero [7s 6c]
Hero: folds
e89de8cb: folds
12197566: raises $0.1 to $0.15
534dfa0f: folds
ea6ffb0e: calls $0.1
*** FLOP *** [As Kh 2s]
ea6ffb0e: checks
12197566: checks
*** TURN *** [As Kh 2s] [5c]
ea6ffb0e: checks
12197566: bets $0.24
ea6ffb0e: calls $0.24
*** RIVER *** [As Kh 2s 5c] [3c]
ea6ffb0e: checks
12197566: bets $1
ea6ffb0e: folds
Uncalled bet ($1) returned to 12197566
*** SHOWDOWN ***
12197566 collected $0.76 from pot
*** SUMMARY ***
Total pot $0.8 | Rake $0.04 | Jackpot $0 | Bingo $0 | Fortune $0
Board [As Kh 2s 5c 3c]
Seat 1: e89de8cb folded before Flop (didn't bet)
Seat 2: 12197566 (button) won ($0.76)
Seat 3: 534dfa0f (small blind) folded before Flop
Seat 4: ea6ffb0e (big blind) folded on the River
Seat 5: Hero folded before Flop (didn't bet)


Poker Hand #HD1185002070: Hold'em No Limit  ($0.02/$0.05) - 2023/04/01 15:50:15
Table 'NLHBlue5' 6-max Seat #1 is the button
Seat 1: e89de8cb ($5.34 in chips)
Seat 2: 12197566 ($7.93 in chips)
Seat 3: 534dfa0f ($5.16 in chips)
Seat 5: Hero ($17.3 in chips)
12197566: posts small blind $0.02
534dfa0f: posts big blind $0.05
*** HOLE CARDS ***
Dealt to e89de8cb 
Dealt to 12197566 
Dealt to 534dfa0f 
Dealt to Hero [7s Qs]
Hero: folds
e89de8cb: folds
12197566: folds
Uncalled bet ($0.03) returned to 534dfa0f
*** SHOWDOWN ***
534dfa0f collected $0.04 from pot
*** SUMMARY ***
Total pot $0.04 | Rake $0 | Jackpot $0 | Bingo $0 | Fortune $0
Seat 1: e89de8cb (button) folded before Flop (didn't bet)
Seat 2: 12197566 (small blind) folded before Flop
Seat 3: 534dfa0f (big blind) collected ($0.04)
Seat 5: Hero folded before Flop (didn't bet)


Poker Hand #HD1185001893: Hold'em No Limit  ($0.02/$0.05) - 2023/04/01 15:49:13
Table 'NLHBlue5' 6-max Seat #5 is the button
Seat 1: e89de8cb ($5.36 in chips)
Seat 2: 12197566 ($7.98 in chips)
Seat 3: 534dfa0f ($5.16 in chips)
Seat 4: 23436245 ($6.67 in chips)
Seat 5: Hero ($11.11 in chips)
e89de8cb: posts small blind $0.02
12197566: posts big blind $0.05
*** HOLE CARDS ***
Dealt to e89de8cb 
Dealt to 12197566 
Dealt to 534dfa0f 
Dealt to 23436245 
Dealt to Hero [Ah Ad]
534dfa0f: folds
23436245: raises $0.1 to $0.15
Hero: raises $0.29 to $0.44
e89de8cb: folds
12197566: folds
23436245: calls $0.29
*** FLOP *** [Kd 3s 3c]
23436245: checks
Hero: bets $0.72
23436245: calls $0.72
*** TURN *** [Kd 3s 3c] [Js]
23436245: checks
Hero: bets $1.8
23436245: calls $1.8
*** RIVER *** [Kd 3s 3c Js] [8c]
23436245: checks
Hero: bets $8.15 and is all-in
23436245: calls $3.71 and is all-in
Uncalled bet ($4.44) returned to Hero
Hero: shows [Ah Ad] (Pair of Aces and Pair of Treys)
23436245: shows [Ac Kh] (Pair of Kings and Pair of Treys)
*** SHOWDOWN ***
Hero collected $12.86 from pot
*** SUMMARY ***
Total pot $13.41 | Rake $0.5 | Jackpot $0.05 | Bingo $0 | Fortune $0
Board [Kd 3s 3c Js 8c]
Seat 1: e89de8cb (small blind) folded before Flop
Seat 2: 12197566 (big blind) folded before Flop
Seat 3: 534dfa0f folded before Flop (didn't bet)
Seat 4: 23436245 showed [Ac Kh] and lost with Pair of Kings and Pair of Treys
Seat 5: Hero (button) showed [Ah Ad] and won ($12.86) with Pair of Aces and Pair of Treys


Poker Hand #HD1185001840: Hold'em No Limit  ($0.02/$0.05) - 2023/04/01 15:48:54
Table 'NLHBlue5' 6-max Seat #4 is the button
Seat 1: e89de8cb ($5.34 in chips)
Seat 2: 12197566 ($7.98 in chips)
Seat 3: 534dfa0f ($5.16 in chips)
Seat 4: 23436245 ($6.67 in chips)
Seat 5: Hero ($11.13 in chips)
Hero: posts small blind $0.02
e89de8cb: posts big blind $0.05
*** HOLE CARDS ***
Dealt to e89de8cb 
Dealt to 12197566 
Dealt to 534dfa0f 
Dealt to 23436245 
Dealt to Hero [Qc 4s]
12197566: folds
534dfa0f: folds
23436245: folds
Hero: folds
Uncalled bet ($0.03) returned to e89de8cb
*** SHOWDOWN ***
e89de8cb collected $0.04 from pot
*** SUMMARY ***
Total pot $0.04 | Rake $0 | Jackpot $0 | Bingo $0 | Fortune $0
Seat 1: e89de8cb (big blind) collected ($0.04)
Seat 2: 12197566 folded before Flop (didn't bet)
Seat 3: 534dfa0f folded before Flop (didn't bet)
Seat 4: 23436245 (button) folded before Flop (didn't bet)
Seat 5: Hero (small blind) folded before Flop


Poker Hand #HD1185001706: Hold'em No Limit  ($0.02/$0.05) - 2023/04/01 15:48:09
Table 'NLHBlue5' 6-max Seat #3 is the button
Seat 1: e89de8cb ($5.34 in chips)
Seat 2: 12197566 ($7.98 in chips)
Seat 3: 534dfa0f ($5.16 in chips)
Seat 4: 23436245 ($6.53 in chips)
Seat 5: Hero ($11.28 in chips)
23436245: posts small blind $0.02
Hero: posts big blind $0.05
*** HOLE CARDS ***
Dealt to e89de8cb 
Dealt to 12197566 
Dealt to 534dfa0f 
Dealt to 23436245 
Dealt to Hero [7s Ts]
e89de8cb: folds
12197566: folds
534dfa0f: folds
23436245: raises $0.1 to $0.15
Hero: calls $0.1
*** FLOP *** [6d Js 3c]
23436245: checks
Hero: checks
*** TURN *** [6d Js 3c] [4d]
23436245: checks
Hero: checks
*** RIVER *** [6d Js 3c 4d] [6h]
23436245: checks
Hero: checks
23436245: shows [9c Ks] (Pair of Sixes)
Hero: shows [7s Ts] (Pair of Sixes)
*** SHOWDOWN ***
23436245 collected $0.29 from pot
*** SUMMARY ***
Total pot $0.3 | Rake $0.01 | Jackpot $0 | Bingo $0 | Fortune $0
Board [6d Js 3c 4d 6h]
Seat 1: e89de8cb folded before Flop (didn't bet)
Seat 2: 12197566 folded before Flop (didn't bet)
Seat 3: 534dfa0f (button) folded before Flop (didn't bet)
Seat 4: 23436245 (small blind) showed [9c Ks] and won ($0.29) with Pair of Sixes
Seat 5: Hero (big blind) showed [7s Ts] and lost with Pair of Sixes


Poker Hand #HD1185001487: Hold'em No Limit  ($0.02/$0.05) - 2023/04/01 15:46:53
Table 'NLHBlue5' 6-max Seat #2 is the button
Seat 1: e89de8cb ($4.87 in chips)
Seat 2: 12197566 ($7.98 in chips)
Seat 3: 534dfa0f ($5.18 in chips)
Seat 4: 23436245 ($6.58 in chips)
Seat 5: Hero ($11.72 in chips)
534dfa0f: posts small blind $0.02
23436245: posts big blind $0.05
*** HOLE CARDS ***
Dealt to e89de8cb 
Dealt to 12197566 
Dealt to 534dfa0f 
Dealt to 23436245 
Dealt to Hero [Kd Ac]
Hero: raises $0.07 to $0.12
e89de8cb: calls $0.12
12197566: folds
534dfa0f: folds
23436245: folds
*** FLOP *** [Tc 7s 2s]
Hero: checks
e89de8cb: bets $0.12
Hero: calls $0.12
*** TURN *** [Tc 7s 2s] [4d]
Hero: checks
e89de8cb: bets $0.2
Hero: calls $0.2
*** RIVER *** [Tc 7s 2s 4d] [7h]
Hero: checks
e89de8cb: bets $0.96
Hero: folds
Uncalled bet ($0.96) returned to e89de8cb
*** SHOWDOWN ***
e89de8cb collected $0.91 from pot
*** SUMMARY ***
Total pot $0.95 | Rake $0.04 | Jackpot $0 | Bingo $0 | Fortune $0
Board [Tc 7s 2s 4d 7h]
Seat 1: e89de8cb won ($0.91)
Seat 2: 12197566 (button) folded before Flop (didn't bet)
Seat 3: 534dfa0f (small blind) folded before Flop
Seat 4: 23436245 (big blind) folded before Flop
Seat 5: Hero folded on the River


Poker Hand #HD1185001429: Hold'em No Limit  ($0.02/$0.05) - 2023/04/01 15:46:35
Table 'NLHBlue5' 6-max Seat #1 is the button
Seat 1: e89de8cb ($4.87 in chips)
Seat 2: 12197566 ($8 in chips)
Seat 3: 534dfa0f ($5.16 in chips)
Seat 4: 23436245 ($6.58 in chips)
Seat 5: Hero ($11.72 in chips)
12197566: posts small blind $0.02
534dfa0f: posts big blind $0.05
*** HOLE CARDS ***
Dealt to e89de8cb 
Dealt to 12197566 
Dealt to 534dfa0f 
Dealt to 23436245 
Dealt to Hero [2d Kh]
23436245: folds
Hero: folds
e89de8cb: folds
12197566: folds
Uncalled bet ($0.03) returned to 534dfa0f
*** SHOWDOWN ***
534dfa0f collected $0.04 from pot
*** SUMMARY ***
Total pot $0.04 | Rake $0 | Jackpot $0 | Bingo $0 | Fortune $0
Seat 1: e89de8cb (button) folded before Flop (didn't bet)
Seat 2: 12197566 (small blind) folded before Flop
Seat 3: 534dfa0f (big blind) collected ($0.04)
Seat 4: 23436245 folded before Flop (didn't bet)
Seat 5: Hero folded before Flop (didn't bet)


Poker Hand #HD1185001280: Hold'em No Limit  ($0.02/$0.05) - 2023/04/01 15:45:41
Table 'NLHBlue5' 6-max Seat #5 is the button
Seat 1: e89de8cb ($4.89 in chips)
Seat 2: 12197566 ($8.15 in chips)
Seat 3: 534dfa0f ($5 in chips)
Seat 4: 23436245 ($6.58 in chips)
Seat 5: Hero ($11.72 in chips)
e89de8cb: posts small blind $0.02
12197566: posts big blind $0.05
*** HOLE CARDS ***
Dealt to e89de8cb 
Dealt to 12197566 
Dealt to 534dfa0f 
Dealt to 23436245 
Dealt to Hero [8d 4c]
534dfa0f: raises $0.1 to $0.15
23436245: folds
Hero: folds
e89de8cb: folds
12197566: calls $0.1
*** FLOP *** [2c 3s Ac]
12197566: checks
534dfa0f: bets $0.16
12197566: folds
Uncalled bet ($0.16) returned to 534dfa0f
*** SHOWDOWN ***
534dfa0f collected $0.31 from pot
*** SUMMARY ***
Total pot $0.32 | Rake $0.01 | Jackpot $0 | Bingo $0 | Fortune $0
Board [2c 3s Ac]
Seat 1: e89de8cb (small blind) folded before Flop
Seat 2: 12197566 (big blind) folded on the Flop
Seat 3: 534dfa0f won ($0.31)
Seat 4: 23436245 folded before Flop (didn't bet)
Seat 5: Hero (button) folded before Flop (didn't bet)


Poker Hand #HD1185001165: Hold'em No Limit  ($0.02/$0.05) - 2023/04/01 15:44:59
Table 'NLHBlue5' 6-max Seat #4 is the button
Seat 1: e89de8cb ($5.03 in chips)
Seat 2: 12197566 ($8.15 in chips)
Seat 3: 534dfa0f ($5 in chips)
Seat 4: 23436245 ($6.58 in chips)
Seat 5: Hero ($11.59 in chips)
Hero: posts small blind $0.02
e89de8cb: posts big blind $0.05
*** HOLE CARDS ***
Dealt to e89de8cb 
Dealt to 12197566 
Dealt to 534dfa0f 
Dealt to 23436245 
Dealt to Hero [8h 8s]
12197566: folds
534dfa0f: folds
23436245: folds
Hero: raises $0.09 to $0.14
e89de8cb: calls $0.09
*** FLOP *** [8c 7d 6h]
Hero: bets $0.21
e89de8cb: folds
Uncalled bet ($0.21) returned to Hero
*** SHOWDOWN ***
Hero collected $0.27 from pot
*** SUMMARY ***
Total pot $0.28 | Rake $0.01 | Jackpot $0 | Bingo $0 | Fortune $0
Board [8c 7d 6h]
Seat 1: e89de8cb (big blind) folded on the Flop
Seat 2: 12197566 folded before Flop (didn't bet)
Seat 3: 534dfa0f folded before Flop (didn't bet)
Seat 4: 23436245 (button) folded before Flop (didn't bet)
Seat 5: Hero (small blind) won ($0.27)


Poker Hand #HD1185001073: Hold'em No Limit  ($0.02/$0.05) - 2023/04/01 15:44:27
Table 'NLHBlue5' 6-max Seat #3 is the button
Seat 1: e89de8cb ($5.03 in chips)
Seat 2: 12197566 ($7.99 in chips)
Seat 3: 534dfa0f ($5 in chips)
Seat 4: 23436245 ($6.6 in chips)
Seat 5: Hero ($11.74 in chips)
23436245: posts small blind $0.02
Hero: posts big blind $0.05
*** HOLE CARDS ***
Dealt to e89de8cb 
Dealt to 12197566 
Dealt to 534dfa0f 
Dealt to 23436245 
Dealt to Hero [Kh Ts]
e89de8cb: folds
12197566: raises $0.1 to $0.15
534dfa0f: folds
23436245: folds
Hero: calls $0.1
*** FLOP *** [3c Qs 5d]
Hero: checks
12197566: bets $0.15
Hero: folds
Uncalled bet ($0.15) returned to 12197566
*** SHOWDOWN ***
12197566 collected $0.31 from pot
*** SUMMARY ***
Total pot $0.32 | Rake $0.01 | Jackpot $0 | Bingo $0 | Fortune $0
Board [3c Qs 5d]
Seat 1: e89de8cb folded before Flop (didn't bet)
Seat 2: 12197566 won ($0.31)
Seat 3: 534dfa0f (button) folded before Flop (didn't bet)
Seat 4: 23436245 (small blind) folded before Flop
Seat 5: Hero (big blind) folded on the Flop


Poker Hand #HD1185001005: Hold'em No Limit  ($0.02/$0.05) - 2023/04/01 15:44:03
Table 'NLHBlue5' 6-max Seat #2 is the button
Seat 1: e89de8cb ($5.03 in chips)
Seat 2: 12197566 ($7.99 in chips)
Seat 3: 534dfa0f ($5.02 in chips)
Seat 4: 23436245 ($6.46 in chips)
Seat 5: Hero ($11.74 in chips)
534dfa0f: posts small blind $0.02
23436245: posts big blind $0.05
*** HOLE CARDS ***
Dealt to e89de8cb 
Dealt to 12197566 
Dealt to 534dfa0f 
Dealt to 23436245 
Dealt to Hero [3c Jd]
Hero: folds
e89de8cb: folds
12197566: folds
534dfa0f: raises $0.1 to $0.15
23436245: raises $0.3 to $0.45
534dfa0f: folds
Uncalled bet ($0.3) returned to 23436245
*** SHOWDOWN ***
23436245 collected $0.29 from pot
*** SUMMARY ***
Total pot $0.3 | Rake $0.01 | Jackpot $0 | Bingo $0 | Fortune $0
Seat 1: e89de8cb folded before Flop (didn't bet)
Seat 2: 12197566 (button) folded before Flop (didn't bet)
Seat 3: 534dfa0f (small blind) folded before Flop
Seat 4: 23436245 (big blind) collected ($0.29)
Seat 5: Hero folded before Flop (didn't bet)


Poker Hand #HD1185000962: Hold'em No Limit  ($0.02/$0.05) - 2023/04/01 15:43:50
Table 'NLHBlue5' 6-max Seat #1 is the button
Seat 1: e89de8cb ($4.96 in chips)
Seat 2: 12197566 ($8.01 in chips)
Seat 3: 534dfa0f ($5.07 in chips)
Seat 4: 23436245 ($6.46 in chips)
Seat 5: Hero ($11.74 in chips)
12197566: posts small blind $0.02
534dfa0f: posts big blind $0.05
*** HOLE CARDS ***
Dealt to e89de8cb 
Dealt to 12197566 
Dealt to 534dfa0f 
Dealt to 23436245 
Dealt to Hero [Jd 5c]
23436245: folds
Hero: folds
e89de8cb: raises $0.1 to $0.15
12197566: folds
534dfa0f: folds
Uncalled bet ($0.1) returned to e89de8cb
*** SHOWDOWN ***
e89de8cb collected $0.12 from pot
*** SUMMARY ***
Total pot $0.12 | Rake $0 | Jackpot $0 | Bingo $0 | Fortune $0
Seat 1: e89de8cb (button) collected ($0.12)
Seat 2: 12197566 (small blind) folded before Flop
Seat 3: 534dfa0f (big blind) folded before Flop
Seat 4: 23436245 folded before Flop (didn't bet)
Seat 5: Hero folded before Flop (didn't bet)


Poker Hand #HD1185000899: Hold'em No Limit  ($0.02/$0.05) - 2023/04/01 15:43:29
Table 'NLHBlue5' 6-max Seat #5 is the button
Seat 1: e89de8cb ($4.91 in chips)
Seat 2: 12197566 ($8.06 in chips)
Seat 3: 534dfa0f ($5.07 in chips)
Seat 4: 23436245 ($6.46 in chips)
Seat 5: Hero ($11.74 in chips)
e89de8cb: posts small blind $0.02
12197566: posts big blind $0.05
*** HOLE CARDS ***
Dealt to e89de8cb 
Dealt to 12197566 
Dealt to 534dfa0f 
Dealt to 23436245 
Dealt to Hero [8h 5s]
534dfa0f: folds
23436245: folds
Hero: folds
e89de8cb: raises $0.1 to $0.15
12197566: folds
Uncalled bet ($0.1) returned to e89de8cb
*** SHOWDOWN ***
e89de8cb collected $0.1 from pot
*** SUMMARY ***
Total pot $0.1 | Rake $0 | Jackpot $0 | Bingo $0 | Fortune $0
Seat 1: e89de8cb (small blind) collected ($0.1)
Seat 2: 12197566 (big blind) folded before Flop
Seat 3: 534dfa0f folded before Flop (didn't bet)
Seat 4: 23436245 folded before Flop (didn't bet)
Seat 5: Hero (button) folded before Flop (didn't bet)


Poker Hand #HD1185000816: Hold'em No Limit  ($0.02/$0.05) - 2023/04/01 15:43:04
Table 'NLHBlue5' 6-max Seat #4 is the button
Seat 1: e89de8cb ($5.05 in chips)
Seat 3: 534dfa0f ($5.07 in chips)
Seat 4: 23436245 ($6.46 in chips)
Seat 5: Hero ($11.61 in chips)
Hero: posts small blind $0.02
e89de8cb: posts big blind $0.05
*** HOLE CARDS ***
Dealt to e89de8cb 
Dealt to 534dfa0f 
Dealt to 23436245 
Dealt to Hero [As Tc]
534dfa0f: folds
23436245: folds
Hero: raises $0.09 to $0.14
e89de8cb: calls $0.09
*** FLOP *** [5h 6d 9c]
Hero: bets $0.14
e89de8cb: folds
Uncalled bet ($0.14) returned to Hero
*** SHOWDOWN ***
Hero collected $0.27 from pot
*** SUMMARY ***
Total pot $0.28 | Rake $0.01 | Jackpot $0 | Bingo $0 | Fortune $0
Board [5h 6d 9c]
Seat 1: e89de8cb (big blind) folded on the Flop
Seat 3: 534dfa0f folded before Flop (didn't bet)
Seat 4: 23436245 (button) folded before Flop (didn't bet)
Seat 5: Hero (small blind) won ($0.27)


Poker Hand #HD1185000774: Hold'em No Limit  ($0.02/$0.05) - 2023/04/01 15:42:49
Table 'NLHBlue5' 6-max Seat #3 is the button
Seat 1: e89de8cb ($5.05 in chips)
Seat 3: 534dfa0f ($5 in chips)
Seat 4: 23436245 ($6.48 in chips)
Seat 5: Hero ($11.66 in chips)
23436245: posts small blind $0.02
Hero: posts big blind $0.05
*** HOLE CARDS ***
Dealt to e89de8cb 
Dealt to 534dfa0f 
Dealt to 23436245 
Dealt to Hero [4h 9c]
e89de8cb: folds
534dfa0f: raises $0.1 to $0.15
23436245: folds
Hero: folds
Uncalled bet ($0.1) returned to 534dfa0f
*** SHOWDOWN ***
534dfa0f collected $0.12 from pot
*** SUMMARY ***
Total pot $0.12 | Rake $0 | Jackpot $0 | Bingo $0 | Fortune $0
Seat 1: e89de8cb folded before Flop (didn't bet)
Seat 3: 534dfa0f (button) collected ($0.12)
Seat 4: 23436245 (small blind) folded before Flop
Seat 5: Hero (big blind) folded before Flop


Poker Hand #HD1185000704: Hold'em No Limit  ($0.02/$0.05) - 2023/04/01 15:42:21
Table 'NLHBlue5' 6-max Seat #1 is the button
Seat 1: e89de8cb ($4.89 in chips)
Seat 3: 534dfa0f ($5 in chips)
Seat 4: 23436245 ($6.63 in chips)
Seat 5: Hero ($11.66 in chips)
534dfa0f: posts small blind $0.02
23436245: posts big blind $0.05
*** HOLE CARDS ***
Dealt to e89de8cb 
Dealt to 534dfa0f 
Dealt to 23436245 
Dealt to Hero [3s Ts]
Hero: folds
e89de8cb: raises $0.1 to $0.15
534dfa0f: folds
23436245: calls $0.1
*** FLOP *** [Jc 4s Kd]
23436245: checks
e89de8cb: bets $0.12
23436245: folds
Uncalled bet ($0.12) returned to e89de8cb
*** SHOWDOWN ***
e89de8cb collected $0.31 from pot
*** SUMMARY ***
Total pot $0.32 | Rake $0.01 | Jackpot $0 | Bingo $0 | Fortune $0
Board [Jc 4s Kd]
Seat 1: e89de8cb (button) won ($0.31)
Seat 3: 534dfa0f (small blind) folded before Flop
Seat 4: 23436245 (big blind) folded on the Flop
Seat 5: Hero folded before Flop (didn't bet)


Poker Hand #HD1185000667: Hold'em No Limit  ($0.02/$0.05) - 2023/04/01 15:42:09
Table 'NLHBlue5' 6-max Seat #5 is the button
Seat 1: e89de8cb ($4.91 in chips)
Seat 3: 534dfa0f ($5.03 in chips)
Seat 4: 23436245 ($6.63 in chips)
Seat 5: Hero ($11.59 in chips)
e89de8cb: posts small blind $0.02
534dfa0f: posts big blind $0.05
*** HOLE CARDS ***
Dealt to e89de8cb 
Dealt to 534dfa0f 
Dealt to 23436245 
Dealt to Hero [Ah Td]
23436245: folds
Hero: raises $0.07 to $0.12
e89de8cb: folds
534dfa0f: folds
Uncalled bet ($0.07) returned to Hero
*** SHOWDOWN ***
Hero collected $0.12 from pot
*** SUMMARY ***
Total pot $0.12 | Rake $0 | Jackpot $0 | Bingo $0 | Fortune $0
Seat 1: e89de8cb (small blind) folded before Flop
Seat 3: 534dfa0f (big blind) folded before Flop
Seat 4: 23436245 folded before Flop (didn't bet)
Seat 5: Hero (button) collected ($0.12)


Poker Hand #HD1185000543: Hold'em No Limit  ($0.02/$0.05) - 2023/04/01 15:41:20
Table 'NLHBlue5' 6-max Seat #4 is the button
Seat 1: e89de8cb ($4.69 in chips)
Seat 3: 534dfa0f ($5.03 in chips)
Seat 4: 23436245 ($6.63 in chips)
Seat 5: Hero ($11.83 in chips)
Hero: posts small blind $0.02
e89de8cb: posts big blind $0.05
*** HOLE CARDS ***
Dealt to e89de8cb 
Dealt to 534dfa0f 
Dealt to 23436245 
Dealt to Hero [3d As]
534dfa0f: folds
23436245: folds
Hero: raises $0.09 to $0.14
e89de8cb: calls $0.09
*** FLOP *** [9h 2s 8s]
Hero: checks
e89de8cb: bets $0.1
Hero: calls $0.1
*** TURN *** [9h 2s 8s] [Jh]
Hero: checks
e89de8cb: bets $0.32
Hero: folds
Uncalled bet ($0.32) returned to e89de8cb
*** SHOWDOWN ***
e89de8cb collected $0.46 from pot
*** SUMMARY ***
Total pot $0.48 | Rake $0.02 | Jackpot $0 | Bingo $0 | Fortune $0
Board [9h 2s 8s Jh]
Seat 1: e89de8cb (big blind) won ($0.46)
Seat 3: 534dfa0f folded before Flop (didn't bet)
Seat 4: 23436245 (button) folded before Flop (didn't bet)
Seat 5: Hero (small blind) folded on the Turn


Poker Hand #HD1185000496: Hold'em No Limit  ($0.02/$0.05) - 2023/04/01 15:41:05
Table 'NLHBlue5' 6-max Seat #3 is the button
Seat 1: e89de8cb ($4.62 in chips)
Seat 3: 534dfa0f ($5.03 in chips)
Seat 4: 23436245 ($6.65 in chips)
Seat 5: Hero ($11.88 in chips)
23436245: posts small blind $0.02
Hero: posts big blind $0.05
*** HOLE CARDS ***
Dealt to e89de8cb 
Dealt to 534dfa0f 
Dealt to 23436245 
Dealt to Hero [4c Qd]
e89de8cb: raises $0.1 to $0.15
534dfa0f: folds
23436245: folds
Hero: folds
Uncalled bet ($0.1) returned to e89de8cb
*** SHOWDOWN ***
e89de8cb collected $0.12 from pot
*** SUMMARY ***
Total pot $0.12 | Rake $0 | Jackpot $0 | Bingo $0 | Fortune $0
Seat 1: e89de8cb collected ($0.12)
Seat 3: 534dfa0f (button) folded before Flop (didn't bet)
Seat 4: 23436245 (small blind) folded before Flop
Seat 5: Hero (big blind) folded before Flop


Poker Hand #HD1185000323: Hold'em No Limit  ($0.02/$0.05) - 2023/04/01 15:39:56
Table 'NLHBlue5' 6-max Seat #1 is the button
Seat 1: e89de8cb ($4.62 in chips)
Seat 3: 534dfa0f ($5.05 in chips)
Seat 4: 23436245 ($6.77 in chips)
Seat 5: Hero ($8.39 in chips)
Seat 6: 23655216 ($3.78 in chips)
534dfa0f: posts small blind $0.02
23436245: posts big blind $0.05
*** HOLE CARDS ***
Dealt to e89de8cb 
Dealt to 534dfa0f 
Dealt to 23436245 
Dealt to Hero [7c Ac]
Dealt to 23655216 
Hero: raises $0.07 to $0.12
23655216: calls $0.12
e89de8cb: folds
534dfa0f: folds
23436245: calls $0.07
*** FLOP *** [Kc 7h 2c]
23436245: checks
Hero: bets $0.29
23655216: raises $3.37 to $3.66 and is all-in
23436245: folds
Hero: calls $3.37
23655216: shows [Kh Jh] (Pair of Kings)
Hero: shows [7c Ac] (Pair of Sevens)
*** TURN *** [Kc 7h 2c] [6c]
*** RIVER *** [Kc 7h 2c 6c] [8s]
*** SHOWDOWN ***
Hero collected $7.27 from pot
*** SUMMARY ***
Total pot $7.7 | Rake $0.38 | Jackpot $0.05 | Bingo $0 | Fortune $0
Board [Kc 7h 2c 6c 8s]
Seat 1: e89de8cb (button) folded before Flop (didn't bet)
Seat 3: 534dfa0f (small blind) folded before Flop
Seat 4: 23436245 (big blind) folded on the Flop
Seat 5: Hero showed [7c Ac] and won ($7.27) with Ace High Flush
Seat 6: 23655216 showed [Kh Jh] and lost with Pair of Kings


Poker Hand #HD1185000189: Hold'em No Limit  ($0.02/$0.05) - 2023/04/01 15:39:07
Table 'NLHBlue5' 6-max Seat #6 is the button
Seat 1: e89de8cb ($4.67 in chips)
Seat 3: 534dfa0f ($5 in chips)
Seat 4: 23436245 ($6.77 in chips)
Seat 5: Hero ($8.39 in chips)
Seat 6: 23655216 ($3.78 in chips)
e89de8cb: posts small blind $0.02
534dfa0f: posts big blind $0.05
*** HOLE CARDS ***
Dealt to e89de8cb 
Dealt to 534dfa0f 
Dealt to 23436245 
Dealt to Hero [Jc 3h]
Dealt to 23655216 
23436245: folds
Hero: folds
23655216: folds
e89de8cb: calls $0.03
534dfa0f: raises $0.15 to $0.2
e89de8cb: folds
Uncalled bet ($0.15) returned to 534dfa0f
*** SHOWDOWN ***
534dfa0f collected $0.1 from pot
*** SUMMARY ***
Total pot $0.1 | Rake $0 | Jackpot $0 | Bingo $0 | Fortune $0
Seat 1: e89de8cb (small blind) folded before Flop
Seat 3: 534dfa0f (big blind) collected ($0.1)
Seat 4: 23436245 folded before Flop (didn't bet)
Seat 5: Hero folded before Flop (didn't bet)
Seat 6: 23655216 (button) folded before Flop (didn't bet)


Poker Hand #HD1185000094: Hold'em No Limit  ($0.02/$0.05) - 2023/04/01 15:38:32
Table 'NLHBlue5' 6-max Seat #5 is the button
Seat 1: e89de8cb ($4.44 in chips)
Seat 2: 12197566 ($8.06 in chips)
Seat 4: 23436245 ($6.77 in chips)
Seat 5: Hero ($8.51 in chips)
Seat 6: 23655216 ($3.9 in chips)
23655216: posts small blind $0.02
e89de8cb: posts big blind $0.05
*** HOLE CARDS ***
Dealt to e89de8cb 
Dealt to 12197566 
Dealt to 23436245 
Dealt to Hero [Jd Kd]
Dealt to 23655216 
12197566: folds
23436245: folds
Hero: raises $0.07 to $0.12
23655216: calls $0.1
e89de8cb: calls $0.07
*** FLOP *** [8c 4h 8h]
23655216: checks
e89de8cb: bets $0.12
Hero: folds
23655216: folds
Uncalled bet ($0.12) returned to e89de8cb
*** SHOWDOWN ***
e89de8cb collected $0.35 from pot
*** SUMMARY ***
Total pot $0.36 | Rake $0.01 | Jackpot $0 | Bingo $0 | Fortune $0
Board [8c 4h 8h]
Seat 1: e89de8cb (big blind) won ($0.35)
Seat 2: 12197566 folded before Flop (didn't bet)
Seat 4: 23436245 folded before Flop (didn't bet)
Seat 5: Hero (button) folded on the Flop
Seat 6: 23655216 (small blind) folded on the Flop


Poker Hand #HD1184999941: Hold'em No Limit  ($0.02/$0.05) - 2023/04/01 15:37:28
Table 'NLHBlue5' 6-max Seat #4 is the button
Seat 1: e89de8cb ($4.55 in chips)
Seat 2: 12197566 ($8.06 in chips)
Seat 4: 23436245 ($6.54 in chips)
Seat 5: Hero ($8.53 in chips)
Seat 6: 23655216 ($4.01 in chips)
Hero: posts small blind $0.02
23655216: posts big blind $0.05
*** HOLE CARDS ***
Dealt to e89de8cb 
Dealt to 12197566 
Dealt to 23436245 
Dealt to Hero [8h 2c]
Dealt to 23655216 
e89de8cb: calls $0.05
12197566: folds
23436245: calls $0.05
Hero: folds
23655216: checks
*** FLOP *** [2h 7h Qd]
23655216: checks
e89de8cb: checks
23436245: checks
*** TURN *** [2h 7h Qd] [As]
23655216: checks
e89de8cb: bets $0.06
23436245: calls $0.06
23655216: calls $0.06
*** RIVER *** [2h 7h Qd As] [Ac]
23655216: checks
e89de8cb: checks
23436245: checks
23655216: shows [6h 3h] (Pair of Aces)
e89de8cb: shows [5h 4s] (Pair of Aces)
23436245: shows [7d 5d] (Pair of Aces and Pair of Sevens)
*** SHOWDOWN ***
23436245 collected $0.34 from pot
*** SUMMARY ***
Total pot $0.35 | Rake $0.01 | Jackpot $0 | Bingo $0 | Fortune $0
Board [2h 7h Qd As Ac]
Seat 1: e89de8cb showed [5h 4s] and lost with Pair of Aces
Seat 2: 12197566 folded before Flop (didn't bet)
Seat 4: 23436245 (button) showed [7d 5d] and won ($0.34) with Pair of Aces and Pair of Sevens
Seat 5: Hero (small blind) folded before Flop
Seat 6: 23655216 (big blind) showed [6h 3h] and lost with Pair of Aces


Poker Hand #HD1184999788: Hold'em No Limit  ($0.02/$0.05) - 2023/04/01 15:36:29
Table 'NLHBlue5' 6-max Seat #2 is the button
Seat 1: e89de8cb ($4.55 in chips)
Seat 2: 12197566 ($8.48 in chips)
Seat 4: 23436245 ($6.11 in chips)
Seat 5: Hero ($8.58 in chips)
23436245: posts small blind $0.02
Hero: posts big blind $0.05
*** HOLE CARDS ***
Dealt to e89de8cb 
Dealt to 12197566 
Dealt to 23436245 
Dealt to Hero [Jd 3s]
e89de8cb: folds
12197566: raises $0.1 to $0.15
23436245: calls $0.13
Hero: folds
*** FLOP *** [3h Tc Ac]
23436245: checks
12197566: checks
*** TURN *** [3h Tc Ac] [Kh]
23436245: checks
12197566: bets $0.27
23436245: calls $0.27
*** RIVER *** [3h Tc Ac Kh] [4h]
23436245: checks
12197566: checks
23436245: shows [8h 7h] (King High Flush)
12197566: shows [As Qs] (Pair of Aces)
*** SHOWDOWN ***
23436245 collected $0.85 from pot
*** SUMMARY ***
Total pot $0.89 | Rake $0.04 | Jackpot $0 | Bingo $0 | Fortune $0
Board [3h Tc Ac Kh 4h]
Seat 1: e89de8cb folded before Flop (didn't bet)
Seat 2: 12197566 (button) showed [As Qs] and lost with Pair of Aces
Seat 4: 23436245 (small blind) showed [8h 7h] and won ($0.85) with King High Flush
Seat 5: Hero (big blind) folded before Flop


Poker Hand #HD1184999742: Hold'em No Limit  ($0.02/$0.05) - 2023/04/01 15:36:09
Table 'NLHBlue5' 6-max Seat #1 is the button
Seat 1: e89de8cb ($4.55 in chips)
Seat 2: 12197566 ($8.5 in chips)
Seat 4: 23436245 ($6.09 in chips)
Seat 5: Hero ($8.58 in chips)
Seat 6: 23655216 ($4.01 in chips)
12197566: posts small blind $0.02
23436245: posts big blind $0.05
*** HOLE CARDS ***
Dealt to e89de8cb 
Dealt to 12197566 
Dealt to 23436245 
Dealt to Hero [Qh 3h]
Dealt to 23655216 
Hero: folds
23655216: folds
e89de8cb: folds
12197566: folds
Uncalled bet ($0.03) returned to 23436245
*** SHOWDOWN ***
23436245 collected $0.04 from pot
*** SUMMARY ***
Total pot $0.04 | Rake $0 | Jackpot $0 | Bingo $0 | Fortune $0
Seat 1: e89de8cb (button) folded before Flop (didn't bet)
Seat 2: 12197566 (small blind) folded before Flop
Seat 4: 23436245 (big blind) collected ($0.04)
Seat 5: Hero folded before Flop (didn't bet)
Seat 6: 23655216 folded before Flop (didn't bet)


Poker Hand #HD1184999584: Hold'em No Limit  ($0.02/$0.05) - 2023/04/01 15:35:07
Table 'NLHBlue5' 6-max Seat #6 is the button
Seat 1: e89de8cb ($4.88 in chips)
Seat 2: 12197566 ($8.55 in chips)
Seat 4: 23436245 ($5.43 in chips)
Seat 5: Hero ($8.58 in chips)
Seat 6: 23655216 ($4.34 in chips)
e89de8cb: posts small blind $0.02
12197566: posts big blind $0.05
*** HOLE CARDS ***
Dealt to e89de8cb 
Dealt to 12197566 
Dealt to 23436245 
Dealt to Hero [4h Ah]
Dealt to 23655216 
23436245: raises $0.1 to $0.15
Hero: folds
23655216: calls $0.15
e89de8cb: calls $0.13
12197566: folds
*** FLOP *** [Kc 8h 9h]
e89de8cb: checks
23436245: checks
23655216: checks
*** TURN *** [Kc 8h 9h] [7h]
e89de8cb: bets $0.18
23436245: calls $0.18
23655216: calls $0.18
*** RIVER *** [Kc 8h 9h 7h] [Ks]
e89de8cb: checks
23436245: bets $1.04
23655216: folds
e89de8cb: folds
Uncalled bet ($1.04) returned to 23436245
*** SHOWDOWN ***
23436245 collected $0.99 from pot
*** SUMMARY ***
Total pot $1.04 | Rake $0.05 | Jackpot $0 | Bingo $0 | Fortune $0
Board [Kc 8h 9h 7h Ks]
Seat 1: e89de8cb (small blind) folded on the River
Seat 2: 12197566 (big blind) folded before Flop
Seat 4: 23436245 won ($0.99)
Seat 5: Hero folded before Flop (didn't bet)
Seat 6: 23655216 (button) folded on the River


Poker Hand #HD1184999470: Hold'em No Limit  ($0.02/$0.05) - 2023/04/01 15:34:26
Table 'NLHBlue5' 6-max Seat #5 is the button
Seat 1: e89de8cb ($5 in chips)
Seat 2: 12197566 ($8.55 in chips)
Seat 4: 23436245 ($5.43 in chips)
Seat 5: Hero ($8.45 in chips)
Seat 6: 23655216 ($4.36 in chips)
23655216: posts small blind $0.02
e89de8cb: posts big blind $0.05
*** HOLE CARDS ***
Dealt to e89de8cb 
Dealt to 12197566 
Dealt to 23436245 
Dealt to Hero [Qs Jh]
Dealt to 23655216 
12197566: folds
23436245: folds
Hero: raises $0.07 to $0.12
23655216: folds
e89de8cb: calls $0.07
*** FLOP *** [7c Jd Qh]
e89de8cb: checks
Hero: bets $0.2
e89de8cb: folds
Uncalled bet ($0.2) returned to Hero
*** SHOWDOWN ***
Hero collected $0.25 from pot
*** SUMMARY ***
Total pot $0.26 | Rake $0.01 | Jackpot $0 | Bingo $0 | Fortune $0
Board [7c Jd Qh]
Seat 1: e89de8cb (big blind) folded on the Flop
Seat 2: 12197566 folded before Flop (didn't bet)
Seat 4: 23436245 folded before Flop (didn't bet)
Seat 5: Hero (button) won ($0.25)
Seat 6: 23655216 (small blind) folded before Flop


Poker Hand #HD1184999435: Hold'em No Limit  ($0.02/$0.05) - 2023/04/01 15:34:14
Table 'NLHBlue5' 6-max Seat #4 is the button
Seat 2: 12197566 ($8.48 in chips)
Seat 4: 23436245 ($5.43 in chips)
Seat 5: Hero ($8.47 in chips)
Seat 6: 23655216 ($4.41 in chips)
Hero: posts small blind $0.02
23655216: posts big blind $0.05
*** HOLE CARDS ***
Dealt to 12197566 
Dealt to 23436245 
Dealt to Hero [9h Jd]
Dealt to 23655216 
12197566: raises $0.1 to $0.15
23436245: folds
Hero: folds
23655216: folds
Uncalled bet ($0.1) returned to 12197566
*** SHOWDOWN ***
12197566 collected $0.12 from pot
*** SUMMARY ***
Total pot $0.12 | Rake $0 | Jackpot $0 | Bingo $0 | Fortune $0
Seat 2: 12197566 collected ($0.12)
Seat 4: 23436245 (button) folded before Flop (didn't bet)
Seat 5: Hero (small blind) folded before Flop
Seat 6: 23655216 (big blind) folded before Flop


Poker Hand #HD1184999306: Hold'em No Limit  ($0.02/$0.05) - 2023/04/01 15:33:26
Table 'NLHBlue5' 6-max Seat #2 is the button
Seat 2: 12197566 ($8.48 in chips)
Seat 4: 23436245 ($5.45 in chips)
Seat 5: Hero ($7.92 in chips)
Seat 6: 23655216 ($5 in chips)
23436245: posts small blind $0.02
Hero: posts big blind $0.05
*** HOLE CARDS ***
Dealt to 12197566 
Dealt to 23436245 
Dealt to Hero [7h 6h]
Dealt to 23655216 
23655216: calls $0.05
12197566: folds
23436245: folds
Hero: checks
*** FLOP *** [6s Ts 9d]
Hero: checks
23655216: checks
*** TURN *** [6s Ts 9d] [7d]
Hero: bets $0.09
23655216: calls $0.09
*** RIVER *** [6s Ts 9d 7d] [6c]
Hero: bets $0.45
23655216: calls $0.45
Hero: shows [7h 6h] (Sixes Full over Sevens)
23655216: shows [5s 5c] (Pair of Sixes and Pair of Fives)
*** SHOWDOWN ***
Hero collected $1.14 from pot
*** SUMMARY ***
Total pot $1.2 | Rake $0.06 | Jackpot $0 | Bingo $0 | Fortune $0
Board [6s Ts 9d 7d 6c]
Seat 2: 12197566 (button) folded before Flop (didn't bet)
Seat 4: 23436245 (small blind) folded before Flop
Seat 5: Hero (big blind) showed [7h 6h] and won ($1.14) with Sixes Full over Sevens
Seat 6: 23655216 showed [5s 5c] and lost with Pair of Sixes and Pair of Fives


Poker Hand #HD1184999073: Hold'em No Limit  ($0.02/$0.05) - 2023/04/01 15:32:04
Table 'NLHBlue5' 6-max Seat #6 is the button
Seat 2: 12197566 ($8.5 in chips)
Seat 3: f68f7156 ($1.51 in chips)
Seat 4: 23436245 ($5.45 in chips)
Seat 5: Hero ($6.59 in chips)
Seat 6: 23655216 ($5 in chips)
12197566: posts small blind $0.02
f68f7156: posts big blind $0.05
*** HOLE CARDS ***
Dealt to 12197566 
Dealt to f68f7156 
Dealt to 23436245 
Dealt to Hero [Ks As]
Dealt to 23655216 
23436245: folds
Hero: raises $0.07 to $0.12
23655216: folds
12197566: folds
f68f7156: raises $0.13 to $0.25
Hero: raises $5.21 to $5.46
f68f7156: calls $1.26 and is all-in
Uncalled bet ($3.95) returned to Hero
Hero: shows [Ks As]
f68f7156: shows [Ac Js]
*** FLOP *** [6c Kh 2h]
*** TURN *** [6c Kh 2h] [7d]
*** RIVER *** [6c Kh 2h 7d] [5s]
*** SHOWDOWN ***
Hero collected $2.84 from pot
*** SUMMARY ***
Total pot $3.04 | Rake $0.15 | Jackpot $0.05 | Bingo $0 | Fortune $0
Board [6c Kh 2h 7d 5s]
Seat 2: 12197566 (small blind) folded before Flop
Seat 3: f68f7156 (big blind) showed [Ac Js] and lost with Ace-High
Seat 4: 23436245 folded before Flop (didn't bet)
Seat 5: Hero showed [Ks As] and won ($2.84) with Pair of Kings
Seat 6: 23655216 (button) folded before Flop (didn't bet)


Poker Hand #HD1184999037: Hold'em No Limit  ($0.02/$0.05) - 2023/04/01 15:31:50
Table 'NLHBlue5' 6-max Seat #5 is the button
Seat 2: 12197566 ($8.55 in chips)
Seat 3: f68f7156 ($1.51 in chips)
Seat 4: 23436245 ($5.45 in chips)
Seat 5: Hero ($6.59 in chips)
Seat 6: 23655216 ($4.95 in chips)
23655216: posts small blind $0.02
12197566: posts big blind $0.05
*** HOLE CARDS ***
Dealt to 12197566 
Dealt to f68f7156 
Dealt to 23436245 
Dealt to Hero [5s Js]
Dealt to 23655216 
f68f7156: folds
23436245: folds
Hero: folds
23655216: raises $0.1 to $0.15
12197566: folds
Uncalled bet ($0.1) returned to 23655216
*** SHOWDOWN ***
23655216 collected $0.1 from pot
*** SUMMARY ***
Total pot $0.1 | Rake $0 | Jackpot $0 | Bingo $0 | Fortune $0
Seat 2: 12197566 (big blind) folded before Flop
Seat 3: f68f7156 folded before Flop (didn't bet)
Seat 4: 23436245 folded before Flop (didn't bet)
Seat 5: Hero (button) folded before Flop (didn't bet)
Seat 6: 23655216 (small blind) collected ($0.1)


Poker Hand #HD1184999013: Hold'em No Limit  ($0.02/$0.05) - 2023/04/01 15:31:39
Table 'NLHBlue5' 6-max Seat #4 is the button
Seat 2: 12197566 ($8.55 in chips)
Seat 3: f68f7156 ($1.51 in chips)
Seat 4: 23436245 ($5.45 in chips)
Seat 5: Hero ($6.54 in chips)
Seat 6: 23655216 ($5 in chips)
Hero: posts small blind $0.02
23655216: posts big blind $0.05
*** HOLE CARDS ***
Dealt to 12197566 
Dealt to f68f7156 
Dealt to 23436245 
Dealt to Hero [Qs Ts]
Dealt to 23655216 
12197566: folds
f68f7156: folds
23436245: folds
Hero: raises $0.09 to $0.14
23655216: folds
Uncalled bet ($0.09) returned to Hero
*** SHOWDOWN ***
Hero collected $0.1 from pot
*** SUMMARY ***
Total pot $0.1 | Rake $0 | Jackpot $0 | Bingo $0 | Fortune $0
Seat 2: 12197566 folded before Flop (didn't bet)
Seat 3: f68f7156 folded before Flop (didn't bet)
Seat 4: 23436245 (button) folded before Flop (didn't bet)
Seat 5: Hero (small blind) collected ($0.1)
Seat 6: 23655216 (big blind) folded before Flop


Poker Hand #HD1184998946: Hold'em No Limit  ($0.02/$0.05) - 2023/04/01 15:31:13
Table 'NLHBlue5' 6-max Seat #3 is the button
Seat 2: 12197566 ($8.7 in chips)
Seat 3: f68f7156 ($1.3 in chips)
Seat 4: 23436245 ($5.47 in chips)
Seat 5: Hero ($6.59 in chips)
23436245: posts small blind $0.02
Hero: posts big blind $0.05
*** HOLE CARDS ***
Dealt to 12197566 
Dealt to f68f7156 
Dealt to 23436245 
Dealt to Hero [Qs Kd]
12197566: raises $0.1 to $0.15
f68f7156: raises $0.19 to $0.34
23436245: folds
Hero: folds
12197566: folds
Uncalled bet ($0.19) returned to f68f7156
*** SHOWDOWN ***
f68f7156 collected $0.36 from pot
*** SUMMARY ***
Total pot $0.37 | Rake $0.01 | Jackpot $0 | Bingo $0 | Fortune $0
Seat 2: 12197566 folded before Flop
Seat 3: f68f7156 (button) collected ($0.36)
Seat 4: 23436245 (small blind) folded before Flop
Seat 5: Hero (big blind) folded before Flop


Poker Hand #HD1184998862: Hold'em No Limit  ($0.02/$0.05) - 2023/04/01 15:30:44
Table 'NLHBlue5' 6-max Seat #2 is the button
Seat 2: 12197566 ($8.82 in chips)
Seat 3: f68f7156 ($1.32 in chips)
Seat 4: 23436245 ($5.52 in chips)
Seat 5: Hero ($6.41 in chips)
f68f7156: posts small blind $0.02
23436245: posts big blind $0.05
*** HOLE CARDS ***
Dealt to 12197566 
Dealt to f68f7156 
Dealt to 23436245 
Dealt to Hero [Jc Qh]
Hero: raises $0.07 to $0.12
12197566: calls $0.12
f68f7156: folds
23436245: folds
*** FLOP *** [6s Qs Jd]
Hero: bets $0.24
12197566: folds
Uncalled bet ($0.24) returned to Hero
*** SHOWDOWN ***
Hero collected $0.3 from pot
*** SUMMARY ***
Total pot $0.31 | Rake $0.01 | Jackpot $0 | Bingo $0 | Fortune $0
Board [6s Qs Jd]
Seat 2: 12197566 (button) folded on the Flop
Seat 3: f68f7156 (small blind) folded before Flop
Seat 4: 23436245 (big blind) folded before Flop
Seat 5: Hero won ($0.3)


Poker Hand #HD1184998826: Hold'em No Limit  ($0.02/$0.05) - 2023/04/01 15:30:30
Table 'NLHBlue5' 6-max Seat #5 is the button
Seat 2: 12197566 ($8.84 in chips)
Seat 3: f68f7156 ($1.37 in chips)
Seat 4: 23436245 ($5.45 in chips)
Seat 5: Hero ($6.41 in chips)
12197566: posts small blind $0.02
f68f7156: posts big blind $0.05
*** HOLE CARDS ***
Dealt to 12197566 
Dealt to f68f7156 
Dealt to 23436245 
Dealt to Hero [Kd Ts]
23436245: raises $0.1 to $0.15
Hero: folds
12197566: folds
f68f7156: folds
Uncalled bet ($0.1) returned to 23436245
*** SHOWDOWN ***
23436245 collected $0.12 from pot
*** SUMMARY ***
Total pot $0.12 | Rake $0 | Jackpot $0 | Bingo $0 | Fortune $0
Seat 2: 12197566 (small blind) folded before Flop
Seat 3: f68f7156 (big blind) folded before Flop
Seat 4: 23436245 collected ($0.12)
Seat 5: Hero (button) folded before Flop (didn't bet)


Poker Hand #HD1184998789: Hold'em No Limit  ($0.02/$0.05) - 2023/04/01 15:30:16
Table 'NLHBlue5' 6-max Seat #4 is the button
Seat 2: 12197566 ($8.89 in chips)
Seat 3: f68f7156 ($1.37 in chips)
Seat 4: 23436245 ($5.38 in chips)
Seat 5: Hero ($6.43 in chips)
Hero: posts small blind $0.02
12197566: posts big blind $0.05
*** HOLE CARDS ***
Dealt to 12197566 
Dealt to f68f7156 
Dealt to 23436245 
Dealt to Hero [3c Td]
f68f7156: folds
23436245: raises $0.1 to $0.15
Hero: folds
12197566: folds
Uncalled bet ($0.1) returned to 23436245
*** SHOWDOWN ***
23436245 collected $0.12 from pot
*** SUMMARY ***
Total pot $0.12 | Rake $0 | Jackpot $0 | Bingo $0 | Fortune $0
Seat 2: 12197566 (big blind) folded before Flop
Seat 3: f68f7156 folded before Flop (didn't bet)
Seat 4: 23436245 (button) collected ($0.12)
Seat 5: Hero (small blind) folded before Flop


Poker Hand #HD1184998767: Hold'em No Limit  ($0.02/$0.05) - 2023/04/01 15:30:07
Table 'NLHBlue5' 6-max Seat #3 is the button
Seat 2: 12197566 ($8.89 in chips)
Seat 3: f68f7156 ($1.37 in chips)
Seat 4: 23436245 ($5.4 in chips)
Seat 5: Hero ($6.41 in chips)
23436245: posts small blind $0.02
Hero: posts big blind $0.05
*** HOLE CARDS ***
Dealt to 12197566 
Dealt to f68f7156 
Dealt to 23436245 
Dealt to Hero [Ks 5h]
12197566: folds
f68f7156: folds
23436245: folds
Uncalled bet ($0.03) returned to Hero
*** SHOWDOWN ***
Hero collected $0.04 from pot
*** SUMMARY ***
Total pot $0.04 | Rake $0 | Jackpot $0 | Bingo $0 | Fortune $0
Seat 2: 12197566 folded before Flop (didn't bet)
Seat 3: f68f7156 (button) folded before Flop (didn't bet)
Seat 4: 23436245 (small blind) folded before Flop
Seat 5: Hero (big blind) collected ($0.04)


Poker Hand #HD1184998667: Hold'em No Limit  ($0.02/$0.05) - 2023/04/01 15:29:27
Table 'NLHBlue5' 6-max Seat #2 is the button
Seat 1: 89be3b4a ($0.77 in chips)
Seat 2: 12197566 ($8.89 in chips)
Seat 3: f68f7156 ($1.39 in chips)
Seat 4: 23436245 ($4.73 in chips)
Seat 5: Hero ($6.41 in chips)
Seat 6: a572619a ($5.44 in chips)
f68f7156: posts small blind $0.02
23436245: posts big blind $0.05
*** HOLE CARDS ***
Dealt to 89be3b4a 
Dealt to 12197566 
Dealt to f68f7156 
Dealt to 23436245 
Dealt to Hero [7c Qc]
Dealt to a572619a 
Hero: folds
a572619a: folds
89be3b4a: raises $0.72 to $0.77 and is all-in
12197566: folds
f68f7156: folds
23436245: calls $0.72
89be3b4a: shows [4s 4h]
23436245: shows [Ad Kh]
*** FLOP *** [6d 6c Qd]
*** TURN *** [6d 6c Qd] [Kc]
*** RIVER *** [6d 6c Qd Kc] [3h]
*** SHOWDOWN ***
23436245 collected $1.44 from pot
*** SUMMARY ***
Total pot $1.56 | Rake $0.07 | Jackpot $0.05 | Bingo $0 | Fortune $0
Board [6d 6c Qd Kc 3h]
Seat 1: 89be3b4a showed [4s 4h] and lost with Pair of Sixes and Pair of Fours
Seat 2: 12197566 (button) folded before Flop (didn't bet)
Seat 3: f68f7156 (small blind) folded before Flop
Seat 4: 23436245 (big blind) showed [Ad Kh] and won ($1.44) with Pair of Kings and Pair of Sixes
Seat 5: Hero folded before Flop (didn't bet)
Seat 6: a572619a folded before Flop (didn't bet)


Poker Hand #HD1184998625: Hold'em No Limit  ($0.02/$0.05) - 2023/04/01 15:29:11
Table 'NLHBlue5' 6-max Seat #1 is the button
Seat 1: 89be3b4a ($0.77 in chips)
Seat 2: 12197566 ($8.91 in chips)
Seat 3: f68f7156 ($1.44 in chips)
Seat 4: 23436245 ($4.73 in chips)
Seat 5: Hero ($6.41 in chips)
Seat 6: a572619a ($5.37 in chips)
12197566: posts small blind $0.02
f68f7156: posts big blind $0.05
*** HOLE CARDS ***
Dealt to 89be3b4a 
Dealt to 12197566 
Dealt to f68f7156 
Dealt to 23436245 
Dealt to Hero [Qs 4c]
Dealt to a572619a 
23436245: folds
Hero: folds
a572619a: raises $0.05 to $0.1
89be3b4a: folds
12197566: folds
f68f7156: folds
Uncalled bet ($0.05) returned to a572619a
*** SHOWDOWN ***
a572619a collected $0.12 from pot
*** SUMMARY ***
Total pot $0.12 | Rake $0 | Jackpot $0 | Bingo $0 | Fortune $0
Seat 1: 89be3b4a (button) folded before Flop (didn't bet)
Seat 2: 12197566 (small blind) folded before Flop
Seat 3: f68f7156 (big blind) folded before Flop
Seat 4: 23436245 folded before Flop (didn't bet)
Seat 5: Hero folded before Flop (didn't bet)
Seat 6: a572619a collected ($0.12)


Poker Hand #HD1184998502: Hold'em No Limit  ($0.02/$0.05) - 2023/04/01 15:28:28
Table 'NLHBlue5' 6-max Seat #6 is the button
Seat 1: 89be3b4a ($0.97 in chips)
Seat 2: 12197566 ($8.73 in chips)
Seat 3: f68f7156 ($1.44 in chips)
Seat 4: 23436245 ($4.73 in chips)
Seat 5: Hero ($6.41 in chips)
Seat 6: a572619a ($5.37 in chips)
89be3b4a: posts small blind $0.02
12197566: posts big blind $0.05
*** HOLE CARDS ***
Dealt to 89be3b4a 
Dealt to 12197566 
Dealt to f68f7156 
Dealt to 23436245 
Dealt to Hero [5c Tc]
Dealt to a572619a 
f68f7156: folds
23436245: folds
Hero: folds
a572619a: folds
89be3b4a: calls $0.03
12197566: raises $0.15 to $0.2
89be3b4a: calls $0.15
*** FLOP *** [Ad 4c 9h]
89be3b4a: checks
12197566: bets $0.14
89be3b4a: folds
Uncalled bet ($0.14) returned to 12197566
*** SHOWDOWN ***
12197566 collected $0.38 from pot
*** SUMMARY ***
Total pot $0.4 | Rake $0.02 | Jackpot $0 | Bingo $0 | Fortune $0
Board [Ad 4c 9h]
Seat 1: 89be3b4a (small blind) folded on the Flop
Seat 2: 12197566 (big blind) won ($0.38)
Seat 3: f68f7156 folded before Flop (didn't bet)
Seat 4: 23436245 folded before Flop (didn't bet)
Seat 5: Hero folded before Flop (didn't bet)
Seat 6: a572619a (button) folded before Flop (didn't bet)


Poker Hand #HD1184998478: Hold'em No Limit  ($0.02/$0.05) - 2023/04/01 15:28:18
Table 'NLHBlue5' 6-max Seat #5 is the button
Seat 1: 89be3b4a ($0.95 in chips)
Seat 2: 12197566 ($8.73 in chips)
Seat 3: f68f7156 ($1.44 in chips)
Seat 4: 23436245 ($4.73 in chips)
Seat 5: Hero ($6.41 in chips)
Seat 6: a572619a ($5.39 in chips)
a572619a: posts small blind $0.02
89be3b4a: posts big blind $0.05
*** HOLE CARDS ***
Dealt to 89be3b4a 
Dealt to 12197566 
Dealt to f68f7156 
Dealt to 23436245 
Dealt to Hero [8c 2d]
Dealt to a572619a 
12197566: folds
f68f7156: folds
23436245: folds
Hero: folds
a572619a: folds
Uncalled bet ($0.03) returned to 89be3b4a
*** SHOWDOWN ***
89be3b4a collected $0.04 from pot
*** SUMMARY ***
Total pot $0.04 | Rake $0 | Jackpot $0 | Bingo $0 | Fortune $0
Seat 1: 89be3b4a (big blind) collected ($0.04)
Seat 2: 12197566 folded before Flop (didn't bet)
Seat 3: f68f7156 folded before Flop (didn't bet)
Seat 4: 23436245 folded before Flop (didn't bet)
Seat 5: Hero (button) folded before Flop (didn't bet)
Seat 6: a572619a (small blind) folded before Flop


Poker Hand #HD1184998440: Hold'em No Limit  ($0.02/$0.05) - 2023/04/01 15:28:06
Table 'NLHBlue5' 6-max Seat #4 is the button
Seat 1: 89be3b4a ($0.95 in chips)
Seat 2: 12197566 ($8.73 in chips)
Seat 3: f68f7156 ($1.44 in chips)
Seat 4: 23436245 ($4.73 in chips)
Seat 5: Hero ($6.43 in chips)
Seat 6: a572619a ($5.37 in chips)
Hero: posts small blind $0.02
a572619a: posts big blind $0.05
*** HOLE CARDS ***
Dealt to 89be3b4a 
Dealt to 12197566 
Dealt to f68f7156 
Dealt to 23436245 
Dealt to Hero [4c Qs]
Dealt to a572619a 
89be3b4a: folds
12197566: folds
f68f7156: folds
23436245: folds
Hero: folds
Uncalled bet ($0.03) returned to a572619a
*** SHOWDOWN ***
a572619a collected $0.04 from pot
*** SUMMARY ***
Total pot $0.04 | Rake $0 | Jackpot $0 | Bingo $0 | Fortune $0
Seat 1: 89be3b4a folded before Flop (didn't bet)
Seat 2: 12197566 folded before Flop (didn't bet)
Seat 3: f68f7156 folded before Flop (didn't bet)
Seat 4: 23436245 (button) folded before Flop (didn't bet)
Seat 5: Hero (small blind) folded before Flop
Seat 6: a572619a (big blind) collected ($0.04)


Poker Hand #HD1184998337: Hold'em No Limit  ($0.02/$0.05) - 2023/04/01 15:27:28
Table 'NLHBlue5' 6-max Seat #3 is the button
Seat 1: 89be3b4a ($0.95 in chips)
Seat 2: 12197566 ($8.73 in chips)
Seat 3: f68f7156 ($1.18 in chips)
Seat 4: 23436245 ($4.75 in chips)
Seat 5: Hero ($6.69 in chips)
Seat 6: a572619a ($5.37 in chips)
23436245: posts small blind $0.02
Hero: posts big blind $0.05
*** HOLE CARDS ***
Dealt to 89be3b4a 
Dealt to 12197566 
Dealt to f68f7156 
Dealt to 23436245 
Dealt to Hero [8h Ac]
Dealt to a572619a 
a572619a: folds
89be3b4a: folds
12197566: folds
f68f7156: raises $0.1 to $0.15
23436245: folds
Hero: calls $0.1
*** FLOP *** [6d Ah Qs]
Hero: checks
f68f7156: checks
*** TURN *** [6d Ah Qs] [Ts]
Hero: bets $0.11
f68f7156: raises $0.41 to $0.52
Hero: folds
Uncalled bet ($0.41) returned to f68f7156
*** SHOWDOWN ***
f68f7156 collected $0.52 from pot
*** SUMMARY ***
Total pot $0.54 | Rake $0.02 | Jackpot $0 | Bingo $0 | Fortune $0
Board [6d Ah Qs Ts]
Seat 1: 89be3b4a folded before Flop (didn't bet)
Seat 2: 12197566 folded before Flop (didn't bet)
Seat 3: f68f7156 (button) won ($0.52)
Seat 4: 23436245 (small blind) folded before Flop
Seat 5: Hero (big blind) folded on the Turn
Seat 6: a572619a folded before Flop (didn't bet)


Poker Hand #HD1184998185: Hold'em No Limit  ($0.02/$0.05) - 2023/04/01 15:26:28
Table 'NLHBlue5' 6-max Seat #2 is the button
Seat 1: 89be3b4a ($0.95 in chips)
Seat 2: 12197566 ($8.73 in chips)
Seat 3: f68f7156 ($0.95 in chips)
Seat 4: 23436245 ($5 in chips)
Seat 5: Hero ($6.69 in chips)
Seat 6: a572619a ($5.37 in chips)
f68f7156: posts small blind $0.02
23436245: posts big blind $0.05
*** HOLE CARDS ***
Dealt to 89be3b4a 
Dealt to 12197566 
Dealt to f68f7156 
Dealt to 23436245 
Dealt to Hero [9h 6c]
Dealt to a572619a 
Hero: folds
a572619a: folds
89be3b4a: folds
12197566: folds
f68f7156: raises $0.05 to $0.1
23436245: calls $0.05
*** FLOP *** [2s 8s Ts]
f68f7156: checks
23436245: checks
*** TURN *** [2s 8s Ts] [8c]
f68f7156: bets $0.15
23436245: calls $0.15
*** RIVER *** [2s 8s Ts 8c] [Kc]
f68f7156: bets $0.38
23436245: folds
Uncalled bet ($0.38) returned to f68f7156
*** SHOWDOWN ***
f68f7156 collected $0.48 from pot
*** SUMMARY ***
Total pot $0.5 | Rake $0.02 | Jackpot $0 | Bingo $0 | Fortune $0
Board [2s 8s Ts 8c Kc]
Seat 1: 89be3b4a folded before Flop (didn't bet)
Seat 2: 12197566 (button) folded before Flop (didn't bet)
Seat 3: f68f7156 (small blind) won ($0.48)
Seat 4: 23436245 (big blind) folded on the River
Seat 5: Hero folded before Flop (didn't bet)
Seat 6: a572619a folded before Flop (didn't bet)


Poker Hand #HD1184998147: Hold'em No Limit  ($0.02/$0.05) - 2023/04/01 15:26:15
Table 'NLHBlue5' 6-max Seat #1 is the button
Seat 1: 89be3b4a ($0.95 in chips)
Seat 2: 12197566 ($8.75 in chips)
Seat 3: f68f7156 ($0.93 in chips)
Seat 5: Hero ($6.69 in chips)
Seat 6: a572619a ($5.37 in chips)
12197566: posts small blind $0.02
f68f7156: posts big blind $0.05
*** HOLE CARDS ***
Dealt to 89be3b4a 
Dealt to 12197566 
Dealt to f68f7156 
Dealt to Hero [Js 5h]
Dealt to a572619a 
Hero: folds
a572619a: folds
89be3b4a: folds
12197566: folds
Uncalled bet ($0.03) returned to f68f7156
*** SHOWDOWN ***
f68f7156 collected $0.04 from pot
*** SUMMARY ***
Total pot $0.04 | Rake $0 | Jackpot $0 | Bingo $0 | Fortune $0
Seat 1: 89be3b4a (button) folded before Flop (didn't bet)
Seat 2: 12197566 (small blind) folded before Flop
Seat 3: f68f7156 (big blind) collected ($0.04)
Seat 5: Hero folded before Flop (didn't bet)
Seat 6: a572619a folded before Flop (didn't bet)


Poker Hand #HD1184998073: Hold'em No Limit  ($0.02/$0.05) - 2023/04/01 15:25:46
Table 'NLHBlue5' 6-max Seat #6 is the button
Seat 1: 89be3b4a ($0.9 in chips)
Seat 2: 12197566 ($8.8 in chips)
Seat 3: f68f7156 ($0.93 in chips)
Seat 5: Hero ($6.69 in chips)
Seat 6: a572619a ($5.37 in chips)
89be3b4a: posts small blind $0.02
12197566: posts big blind $0.05
*** HOLE CARDS ***
Dealt to 89be3b4a 
Dealt to 12197566 
Dealt to f68f7156 
Dealt to Hero [6h 4c]
Dealt to a572619a 
f68f7156: folds
Hero: folds
a572619a: folds
89be3b4a: calls $0.03
12197566: checks
*** FLOP *** [Jd 3c 8d]
89be3b4a: bets $0.1
12197566: folds
Uncalled bet ($0.1) returned to 89be3b4a
*** SHOWDOWN ***
89be3b4a collected $0.1 from pot
*** SUMMARY ***
Total pot $0.1 | Rake $0 | Jackpot $0 | Bingo $0 | Fortune $0
Board [Jd 3c 8d]
Seat 1: 89be3b4a (small blind) won ($0.1)
Seat 2: 12197566 (big blind) folded on the Flop
Seat 3: f68f7156 folded before Flop (didn't bet)
Seat 5: Hero folded before Flop (didn't bet)
Seat 6: a572619a (button) folded before Flop (didn't bet)


Poker Hand #HD1184997950: Hold'em No Limit  ($0.02/$0.05) - 2023/04/01 15:24:57
Table 'NLHBlue5' 6-max Seat #5 is the button
Seat 1: 89be3b4a ($0.46 in chips)
Seat 2: 12197566 ($8.8 in chips)
Seat 3: f68f7156 ($0.93 in chips)
Seat 5: Hero ($7.15 in chips)
Seat 6: a572619a ($5.39 in chips)
a572619a: posts small blind $0.02
89be3b4a: posts big blind $0.05
*** HOLE CARDS ***
Dealt to 89be3b4a 
Dealt to 12197566 
Dealt to f68f7156 
Dealt to Hero [7c Jc]
Dealt to a572619a 
12197566: folds
f68f7156: folds
Hero: raises $0.07 to $0.12
a572619a: folds
89be3b4a: raises $0.34 to $0.46 and is all-in
Hero: calls $0.34
89be3b4a: shows [Ad Ac]
Hero: shows [7c Jc]
*** FLOP *** [8d Jh Th]
*** TURN *** [8d Jh Th] [3h]
*** RIVER *** [8d Jh Th 3h] [2d]
*** SHOWDOWN ***
89be3b4a collected $0.9 from pot
*** SUMMARY ***
Total pot $0.94 | Rake $0.04 | Jackpot $0 | Bingo $0 | Fortune $0
Board [8d Jh Th 3h 2d]
Seat 1: 89be3b4a (big blind) showed [Ad Ac] and won ($0.9) with Pair of Aces
Seat 2: 12197566 folded before Flop (didn't bet)
Seat 3: f68f7156 folded before Flop (didn't bet)
Seat 5: Hero (button) showed [7c Jc] and lost with Pair of Jacks
Seat 6: a572619a (small blind) folded before Flop


Poker Hand #HD1184997793: Hold'em No Limit  ($0.02/$0.05) - 2023/04/01 15:23:55
Table 'NLHBlue5' 6-max Seat #3 is the button
Seat 1: 89be3b4a ($0.51 in chips)
Seat 2: 12197566 ($9.16 in chips)
Seat 3: f68f7156 ($0.93 in chips)
Seat 5: Hero ($7.17 in chips)
Seat 6: a572619a ($5 in chips)
Hero: posts small blind $0.02
a572619a: posts big blind $0.05
*** HOLE CARDS ***
Dealt to 89be3b4a 
Dealt to 12197566 
Dealt to f68f7156 
Dealt to Hero [Kh 9c]
Dealt to a572619a 
89be3b4a: calls $0.05
12197566: raises $0.15 to $0.2
f68f7156: folds
Hero: folds
a572619a: calls $0.15
89be3b4a: folds
*** FLOP *** [7s 5d Jc]
a572619a: checks
12197566: bets $0.16
a572619a: calls $0.16
*** TURN *** [7s 5d Jc] [Kc]
a572619a: checks
12197566: checks
*** RIVER *** [7s 5d Jc Kc] [Qc]
a572619a: checks
12197566: checks
a572619a: shows [Jd Ah] (Pair of Jacks)
12197566: shows [8c 8d] (Pair of Eights)
*** SHOWDOWN ***
a572619a collected $0.75 from pot
*** SUMMARY ***
Total pot $0.79 | Rake $0.04 | Jackpot $0 | Bingo $0 | Fortune $0
Board [7s 5d Jc Kc Qc]
Seat 1: 89be3b4a folded before Flop
Seat 2: 12197566 showed [8c 8d] and lost with Pair of Eights
Seat 3: f68f7156 (button) folded before Flop (didn't bet)
Seat 5: Hero (small blind) folded before Flop
Seat 6: a572619a (big blind) showed [Jd Ah] and won ($0.75) with Pair of Jacks


Poker Hand #HD1184997693: Hold'em No Limit  ($0.02/$0.05) - 2023/04/01 15:23:13
Table 'NLHBlue5' 6-max Seat #2 is the button
Seat 1: 89be3b4a ($1.14 in chips)
Seat 2: 12197566 ($9.16 in chips)
Seat 3: f68f7156 ($0.95 in chips)
Seat 5: Hero ($6.58 in chips)
Seat 6: a572619a ($5 in chips)
f68f7156: posts small blind $0.02
Hero: posts big blind $0.05
*** HOLE CARDS ***
Dealt to 89be3b4a 
Dealt to 12197566 
Dealt to f68f7156 
Dealt to Hero [Kh Td]
Dealt to a572619a 
a572619a: folds
89be3b4a: calls $0.05
12197566: folds
f68f7156: folds
Hero: checks
*** FLOP *** [5h Qh Ah]
Hero: checks
89be3b4a: bets $0.1
Hero: calls $0.1
*** TURN *** [5h Qh Ah] [9h]
Hero: checks
89be3b4a: checks
*** RIVER *** [5h Qh Ah 9h] [4h]
Hero: bets $0.48
89be3b4a: calls $0.48
Hero: shows [Kh Td] (Ace High Flush)
89be3b4a: shows [Kc As] (Ace High Flush)
*** SHOWDOWN ***
Hero collected $1.22 from pot
*** SUMMARY ***
Total pot $1.28 | Rake $0.06 | Jackpot $0 | Bingo $0 | Fortune $0
Board [5h Qh Ah 9h 4h]
Seat 1: 89be3b4a showed [Kc As] and lost with Ace High Flush
Seat 2: 12197566 (button) folded before Flop (didn't bet)
Seat 3: f68f7156 (small blind) folded before Flop
Seat 5: Hero (big blind) showed [Kh Td] and won ($1.22) with Ace High Flush
Seat 6: a572619a folded before Flop (didn't bet)


Poker Hand #HD1184997587: Hold'em No Limit  ($0.02/$0.05) - 2023/04/01 15:22:33
Table 'NLHBlue5' 6-max Seat #1 is the button
Seat 1: 89be3b4a ($1.07 in chips)
Seat 2: 12197566 ($9.18 in chips)
Seat 3: f68f7156 ($1 in chips)
Seat 4: c18e59df ($5 in chips)
Seat 5: Hero ($6.58 in chips)
Seat 6: a572619a ($5 in chips)
12197566: posts small blind $0.02
f68f7156: posts big blind $0.05
*** HOLE CARDS ***
Dealt to 89be3b4a 
Dealt to 12197566 
Dealt to f68f7156 
Dealt to c18e59df 
Dealt to Hero [7c Qh]
Dealt to a572619a 
c18e59df: folds
Hero: folds
a572619a: folds
89be3b4a: calls $0.05
12197566: folds
f68f7156: checks
*** FLOP *** [Th Jh Ad]
f68f7156: checks
89be3b4a: bets $0.1
f68f7156: folds
Uncalled bet ($0.1) returned to 89be3b4a
*** SHOWDOWN ***
89be3b4a collected $0.12 from pot
*** SUMMARY ***
Total pot $0.12 | Rake $0 | Jackpot $0 | Bingo $0 | Fortune $0
Board [Th Jh Ad]
Seat 1: 89be3b4a (button) won ($0.12)
Seat 2: 12197566 (small blind) folded before Flop
Seat 3: f68f7156 (big blind) folded on the Flop
Seat 4: c18e59df folded before Flop (didn't bet)
Seat 5: Hero folded before Flop (didn't bet)
Seat 6: a572619a folded before Flop (didn't bet)


Poker Hand #HD1184997504: Hold'em No Limit  ($0.02/$0.05) - 2023/04/01 15:21:59
Table 'NLHBlue5' 6-max Seat #6 is the button
Seat 1: 89be3b4a ($1.02 in chips)
Seat 2: 12197566 ($9.23 in chips)
Seat 4: c18e59df ($5 in chips)
Seat 5: Hero ($6.58 in chips)
Seat 6: a572619a ($5 in chips)
89be3b4a: posts small blind $0.02
12197566: posts big blind $0.05
*** HOLE CARDS ***
Dealt to 89be3b4a 
Dealt to 12197566 
Dealt to c18e59df 
Dealt to Hero [Ad 3c]
Dealt to a572619a 
c18e59df: folds
Hero: folds
a572619a: folds
89be3b4a: calls $0.03
12197566: checks
*** FLOP *** [5c 5s 6d]
89be3b4a: checks
12197566: checks
*** TURN *** [5c 5s 6d] [Qh]
89be3b4a: checks
12197566: checks
*** RIVER *** [5c 5s 6d Qh] [Kc]
89be3b4a: bets $0.05
12197566: folds
Uncalled bet ($0.05) returned to 89be3b4a
*** SHOWDOWN ***
89be3b4a collected $0.1 from pot
*** SUMMARY ***
Total pot $0.1 | Rake $0 | Jackpot $0 | Bingo $0 | Fortune $0
Board [5c 5s 6d Qh Kc]
Seat 1: 89be3b4a (small blind) won ($0.1)
Seat 2: 12197566 (big blind) folded on the River
Seat 4: c18e59df folded before Flop (didn't bet)
Seat 5: Hero folded before Flop (didn't bet)
Seat 6: a572619a (button) folded before Flop (didn't bet)


Poker Hand #HD1184997444: Hold'em No Limit  ($0.02/$0.05) - 2023/04/01 15:21:31
Table 'NLHBlue5' 6-max Seat #5 is the button
Seat 1: 89be3b4a ($1.07 in chips)
Seat 2: 12197566 ($9.23 in chips)
Seat 4: c18e59df ($5 in chips)
Seat 5: Hero ($6.51 in chips)
Seat 6: a572619a ($5.02 in chips)
a572619a: posts small blind $0.02
89be3b4a: posts big blind $0.05
*** HOLE CARDS ***
Dealt to 89be3b4a 
Dealt to 12197566 
Dealt to c18e59df 
Dealt to Hero [7h Th]
Dealt to a572619a 
12197566: folds
c18e59df: folds
Hero: raises $0.07 to $0.12
a572619a: folds
89be3b4a: folds
Uncalled bet ($0.07) returned to Hero
*** SHOWDOWN ***
Hero collected $0.12 from pot
*** SUMMARY ***
Total pot $0.12 | Rake $0 | Jackpot $0 | Bingo $0 | Fortune $0
Seat 1: 89be3b4a (big blind) folded before Flop
Seat 2: 12197566 folded before Flop (didn't bet)
Seat 4: c18e59df folded before Flop (didn't bet)
Seat 5: Hero (button) collected ($0.12)
Seat 6: a572619a (small blind) folded before Flop


Poker Hand #HD1184997380: Hold'em No Limit  ($0.02/$0.05) - 2023/04/01 15:21:10
Table 'NLHBlue5' 6-max Seat #4 is the button
Seat 1: 89be3b4a ($1 in chips)
Seat 2: 12197566 ($9.23 in chips)
Seat 4: c18e59df ($5 in chips)
Seat 5: Hero ($6.53 in chips)
Seat 6: a572619a ($5.07 in chips)
Hero: posts small blind $0.02
a572619a: posts big blind $0.05
89be3b4a: posts big blind $0.05
*** HOLE CARDS ***
Dealt to 89be3b4a 
Dealt to 12197566 
Dealt to c18e59df 
Dealt to Hero [4c 5d]
Dealt to a572619a 
89be3b4a: checks
12197566: folds
c18e59df: folds
Hero: folds
a572619a: checks
*** FLOP *** [Ts Kc Jh]
a572619a: checks
89be3b4a: bets $0.1
a572619a: folds
Uncalled bet ($0.1) returned to 89be3b4a
*** SHOWDOWN ***
89be3b4a collected $0.12 from pot
*** SUMMARY ***
Total pot $0.12 | Rake $0 | Jackpot $0 | Bingo $0 | Fortune $0
Board [Ts Kc Jh]
Seat 1: 89be3b4a won ($0.12)
Seat 2: 12197566 folded before Flop (didn't bet)
Seat 4: c18e59df (button) folded before Flop (didn't bet)
Seat 5: Hero (small blind) folded before Flop
Seat 6: a572619a (big blind) folded on the Flop


Poker Hand #HD1184997346: Hold'em No Limit  ($0.02/$0.05) - 2023/04/01 15:20:58
Table 'NLHBlue5' 6-max Seat #2 is the button
Seat 2: 12197566 ($9.23 in chips)
Seat 4: c18e59df ($5 in chips)
Seat 5: Hero ($6.58 in chips)
Seat 6: a572619a ($5 in chips)
c18e59df: posts small blind $0.02
Hero: posts big blind $0.05
*** HOLE CARDS ***
Dealt to 12197566 
Dealt to c18e59df 
Dealt to Hero [7h Kd]
Dealt to a572619a 
a572619a: raises $0.05 to $0.1
12197566: folds
c18e59df: folds
Hero: folds
Uncalled bet ($0.05) returned to a572619a
*** SHOWDOWN ***
a572619a collected $0.12 from pot
*** SUMMARY ***
Total pot $0.12 | Rake $0 | Jackpot $0 | Bingo $0 | Fortune $0
Seat 2: 12197566 (button) folded before Flop (didn't bet)
Seat 4: c18e59df (small blind) folded before Flop
Seat 5: Hero (big blind) folded before Flop
Seat 6: a572619a collected ($0.12)


Poker Hand #HD1184997154: Hold'em No Limit  ($0.02/$0.05) - 2023/04/01 15:19:37
Table 'NLHBlue5' 6-max Seat #1 is the button
Seat 1: 1c366cd0 ($5.61 in chips)
Seat 2: 12197566 ($9.35 in chips)
Seat 3: f68f7156 ($1 in chips)
Seat 4: c18e59df ($5 in chips)
Seat 5: Hero ($5.61 in chips)
Seat 6: a572619a ($5 in chips)
12197566: posts small blind $0.02
f68f7156: posts big blind $0.05
*** HOLE CARDS ***
Dealt to 1c366cd0 
Dealt to 12197566 
Dealt to f68f7156 
Dealt to c18e59df 
Dealt to Hero [Qc As]
Dealt to a572619a 
c18e59df: folds
Hero: raises $0.07 to $0.12
a572619a: folds
1c366cd0: folds
12197566: calls $0.1
f68f7156: calls $0.07
*** FLOP *** [Jh Qs 4d]
12197566: checks
f68f7156: bets $0.18
Hero: calls $0.18
12197566: folds
*** TURN *** [Jh Qs 4d] [4h]
f68f7156: bets $0.24
Hero: raises $0.9 to $1.14
f68f7156: calls $0.46 and is all-in
Uncalled bet ($0.44) returned to Hero
Hero: shows [Qc As] (Pair of Queens and Pair of Fours)
f68f7156: shows [Ts Jd] (Pair of Jacks and Pair of Fours)
*** RIVER *** [Jh Qs 4d 4h] [7s]
*** SHOWDOWN ***
Hero collected $1.97 from pot
*** SUMMARY ***
Total pot $2.12 | Rake $0.1 | Jackpot $0.05 | Bingo $0 | Fortune $0
Board [Jh Qs 4d 4h 7s]
Seat 1: 1c366cd0 (button) folded before Flop (didn't bet)
Seat 2: 12197566 (small blind) folded on the Flop
Seat 3: f68f7156 (big blind) showed [Ts Jd] and lost with Pair of Jacks and Pair of Fours
Seat 4: c18e59df folded before Flop (didn't bet)
Seat 5: Hero showed [Qc As] and won ($1.97) with Pair of Queens and Pair of Fours
Seat 6: a572619a folded before Flop (didn't bet)


Poker Hand #HD1184996944: Hold'em No Limit  ($0.02/$0.05) - 2023/04/01 15:18:15
Table 'NLHBlue5' 6-max Seat #6 is the button
Seat 1: 1c366cd0 ($5.76 in chips)
Seat 2: 12197566 ($9.21 in chips)
Seat 4: c18e59df ($5 in chips)
Seat 5: Hero ($5.61 in chips)
Seat 6: a572619a ($5 in chips)
1c366cd0: posts small blind $0.02
12197566: posts big blind $0.05
*** HOLE CARDS ***
Dealt to 1c366cd0 
Dealt to 12197566 
Dealt to c18e59df 
Dealt to Hero [Tc 9d]
Dealt to a572619a 
c18e59df: folds
Hero: folds
a572619a: folds
1c366cd0: raises $0.1 to $0.15
12197566: calls $0.1
*** FLOP *** [2d 9c Qc]
1c366cd0: checks
12197566: checks
*** TURN *** [2d 9c Qc] [2h]
1c366cd0: checks
12197566: checks
*** RIVER *** [2d 9c Qc 2h] [Kh]
1c366cd0: checks
12197566: checks
1c366cd0: shows [7d 8d] (Pair of Twos)
12197566: shows [Ah 3d] (Pair of Twos)
*** SHOWDOWN ***
12197566 collected $0.29 from pot
*** SUMMARY ***
Total pot $0.3 | Rake $0.01 | Jackpot $0 | Bingo $0 | Fortune $0
Board [2d 9c Qc 2h Kh]
Seat 1: 1c366cd0 (small blind) showed [7d 8d] and lost with Pair of Twos
Seat 2: 12197566 (big blind) showed [Ah 3d] and won ($0.29) with Pair of Twos
Seat 4: c18e59df folded before Flop (didn't bet)
Seat 5: Hero folded before Flop (didn't bet)
Seat 6: a572619a (button) folded before Flop (didn't bet)


Poker Hand #HD1184996888: Hold'em No Limit  ($0.02/$0.05) - 2023/04/01 15:17:55
Table 'NLHBlue5' 6-max Seat #5 is the button
Seat 1: 1c366cd0 ($5.81 in chips)
Seat 2: 12197566 ($9.21 in chips)
Seat 3: 29518245 ($1.6 in chips)
Seat 4: c18e59df ($5 in chips)
Seat 5: Hero ($5.54 in chips)
Seat 6: a572619a ($5 in chips)
a572619a: posts small blind $0.02
1c366cd0: posts big blind $0.05
*** HOLE CARDS ***
Dealt to 1c366cd0 
Dealt to 12197566 
Dealt to 29518245 
Dealt to c18e59df 
Dealt to Hero [Kd 9c]
Dealt to a572619a 
12197566: folds
29518245: folds
c18e59df: folds
Hero: raises $0.07 to $0.12
a572619a: folds
1c366cd0: folds
Uncalled bet ($0.07) returned to Hero
*** SHOWDOWN ***
Hero collected $0.12 from pot
*** SUMMARY ***
Total pot $0.12 | Rake $0 | Jackpot $0 | Bingo $0 | Fortune $0
Seat 1: 1c366cd0 (big blind) folded before Flop
Seat 2: 12197566 folded before Flop (didn't bet)
Seat 3: 29518245 folded before Flop (didn't bet)
Seat 4: c18e59df folded before Flop (didn't bet)
Seat 5: Hero (button) collected ($0.12)
Seat 6: a572619a (small blind) folded before Flop


Poker Hand #HD1184996748: Hold'em No Limit  ($0.02/$0.05) - 2023/04/01 15:16:57
Table 'NLHBlue5' 6-max Seat #4 is the button
Seat 1: 1c366cd0 ($5.63 in chips)
Seat 2: 12197566 ($9.33 in chips)
Seat 3: 29518245 ($1.6 in chips)
Seat 4: c18e59df ($5 in chips)
Seat 5: Hero ($5.56 in chips)
Seat 6: a572619a ($5 in chips)
Hero: posts small blind $0.02
a572619a: posts big blind $0.05
*** HOLE CARDS ***
Dealt to 1c366cd0 
Dealt to 12197566 
Dealt to 29518245 
Dealt to c18e59df 
Dealt to Hero [9c 2d]
Dealt to a572619a 
1c366cd0: raises $0.07 to $0.12
12197566: calls $0.12
29518245: folds
c18e59df: folds
Hero: folds
a572619a: folds
*** FLOP *** [2h 7h 5c]
1c366cd0: checks
12197566: checks
*** TURN *** [2h 7h 5c] [Ah]
1c366cd0: checks
12197566: checks
*** RIVER *** [2h 7h 5c Ah] [Jc]
1c366cd0: bets $0.24
12197566: folds
Uncalled bet ($0.24) returned to 1c366cd0
*** SHOWDOWN ***
1c366cd0 collected $0.3 from pot
*** SUMMARY ***
Total pot $0.31 | Rake $0.01 | Jackpot $0 | Bingo $0 | Fortune $0
Board [2h 7h 5c Ah Jc]
Seat 1: 1c366cd0 won ($0.3)
Seat 2: 12197566 folded on the River
Seat 3: 29518245 folded before Flop (didn't bet)
Seat 4: c18e59df (button) folded before Flop (didn't bet)
Seat 5: Hero (small blind) folded before Flop
Seat 6: a572619a (big blind) folded before Flop


Poker Hand #HD1184996693: Hold'em No Limit  ($0.02/$0.05) - 2023/04/01 15:16:35
Table 'NLHBlue5' 6-max Seat #3 is the button
Seat 1: 1c366cd0 ($5.63 in chips)
Seat 2: 12197566 ($9.33 in chips)
Seat 3: 29518245 ($1.6 in chips)
Seat 4: c18e59df ($5.02 in chips)
Seat 5: Hero ($5.54 in chips)
Seat 6: a572619a ($5 in chips)
c18e59df: posts small blind $0.02
Hero: posts big blind $0.05
*** HOLE CARDS ***
Dealt to 1c366cd0 
Dealt to 12197566 
Dealt to 29518245 
Dealt to c18e59df 
Dealt to Hero [5c 7d]
Dealt to a572619a 
a572619a: folds
1c366cd0: folds
12197566: folds
29518245: folds
c18e59df: folds
Uncalled bet ($0.03) returned to Hero
*** SHOWDOWN ***
Hero collected $0.04 from pot
*** SUMMARY ***
Total pot $0.04 | Rake $0 | Jackpot $0 | Bingo $0 | Fortune $0
Seat 1: 1c366cd0 folded before Flop (didn't bet)
Seat 2: 12197566 folded before Flop (didn't bet)
Seat 3: 29518245 (button) folded before Flop (didn't bet)
Seat 4: c18e59df (small blind) folded before Flop
Seat 5: Hero (big blind) collected ($0.04)
Seat 6: a572619a folded before Flop (didn't bet)


Poker Hand #HD1184996646: Hold'em No Limit  ($0.02/$0.05) - 2023/04/01 15:16:18
Table 'NLHBlue5' 6-max Seat #2 is the button
Seat 1: 1c366cd0 ($5.63 in chips)
Seat 2: 12197566 ($9.26 in chips)
Seat 3: 29518245 ($1.62 in chips)
Seat 4: c18e59df ($5.07 in chips)
Seat 5: Hero ($5.54 in chips)
Seat 6: a572619a ($5 in chips)
29518245: posts small blind $0.02
c18e59df: posts big blind $0.05
*** HOLE CARDS ***
Dealt to 1c366cd0 
Dealt to 12197566 
Dealt to 29518245 
Dealt to c18e59df 
Dealt to Hero [2d Tc]
Dealt to a572619a 
Hero: folds
a572619a: folds
1c366cd0: folds
12197566: raises $0.1 to $0.15
29518245: folds
c18e59df: folds
Uncalled bet ($0.1) returned to 12197566
*** SHOWDOWN ***
12197566 collected $0.12 from pot
*** SUMMARY ***
Total pot $0.12 | Rake $0 | Jackpot $0 | Bingo $0 | Fortune $0
Seat 1: 1c366cd0 folded before Flop (didn't bet)
Seat 2: 12197566 (button) collected ($0.12)
Seat 3: 29518245 (small blind) folded before Flop
Seat 4: c18e59df (big blind) folded before Flop
Seat 5: Hero folded before Flop (didn't bet)
Seat 6: a572619a folded before Flop (didn't bet)


Poker Hand #HD1184996619: Hold'em No Limit  ($0.02/$0.05) - 2023/04/01 15:16:05
Table 'NLHBlue5' 6-max Seat #1 is the button
Seat 1: 1c366cd0 ($5.63 in chips)
Seat 2: 12197566 ($9.28 in chips)
Seat 3: 29518245 ($1.6 in chips)
Seat 4: c18e59df ($5.07 in chips)
Seat 5: Hero ($5.54 in chips)
Seat 6: a572619a ($5 in chips)
12197566: posts small blind $0.02
29518245: posts big blind $0.05
*** HOLE CARDS ***
Dealt to 1c366cd0 
Dealt to 12197566 
Dealt to 29518245 
Dealt to c18e59df 
Dealt to Hero [3h 6s]
Dealt to a572619a 
c18e59df: folds
Hero: folds
a572619a: folds
1c366cd0: folds
12197566: folds
Uncalled bet ($0.03) returned to 29518245
*** SHOWDOWN ***
29518245 collected $0.04 from pot
*** SUMMARY ***
Total pot $0.04 | Rake $0 | Jackpot $0 | Bingo $0 | Fortune $0
Seat 1: 1c366cd0 (button) folded before Flop (didn't bet)
Seat 2: 12197566 (small blind) folded before Flop
Seat 3: 29518245 (big blind) collected ($0.04)
Seat 4: c18e59df folded before Flop (didn't bet)
Seat 5: Hero folded before Flop (didn't bet)
Seat 6: a572619a folded before Flop (didn't bet)


Poker Hand #HD1184996570: Hold'em No Limit  ($0.02/$0.05) - 2023/04/01 15:15:46
Table 'NLHBlue5' 6-max Seat #6 is the button
Seat 1: 1c366cd0 ($5.65 in chips)
Seat 2: 12197566 ($9.33 in chips)
Seat 3: 29518245 ($1.6 in chips)
Seat 4: c18e59df ($5 in chips)
Seat 5: Hero ($5.54 in chips)
Seat 6: a572619a ($5 in chips)
1c366cd0: posts small blind $0.02
12197566: posts big blind $0.05
*** HOLE CARDS ***
Dealt to 1c366cd0 
Dealt to 12197566 
Dealt to 29518245 
Dealt to c18e59df 
Dealt to Hero [6d Ks]
Dealt to a572619a 
29518245: folds
c18e59df: raises $0.08 to $0.13
Hero: folds
a572619a: folds
1c366cd0: folds
12197566: folds
Uncalled bet ($0.08) returned to c18e59df
*** SHOWDOWN ***
c18e59df collected $0.12 from pot
*** SUMMARY ***
Total pot $0.12 | Rake $0 | Jackpot $0 | Bingo $0 | Fortune $0
Seat 1: 1c366cd0 (small blind) folded before Flop
Seat 2: 12197566 (big blind) folded before Flop
Seat 3: 29518245 folded before Flop (didn't bet)
Seat 4: c18e59df collected ($0.12)
Seat 5: Hero folded before Flop (didn't bet)
Seat 6: a572619a (button) folded before Flop (didn't bet)


Poker Hand #HD1184996462: Hold'em No Limit  ($0.02/$0.05) - 2023/04/01 15:15:03
Table 'NLHBlue5' 6-max Seat #5 is the button
Seat 1: 1c366cd0 ($5.7 in chips)
Seat 2: 12197566 ($9.12 in chips)
Seat 3: 29518245 ($1.6 in chips)
Seat 4: c18e59df ($5 in chips)
Seat 5: Hero ($5.54 in chips)
Seat 6: a572619a ($5 in chips)
a572619a: posts small blind $0.02
1c366cd0: posts big blind $0.05
*** HOLE CARDS ***
Dealt to 1c366cd0 
Dealt to 12197566 
Dealt to 29518245 
Dealt to c18e59df 
Dealt to Hero [Js 3h]
Dealt to a572619a 
12197566: raises $0.1 to $0.15
29518245: folds
c18e59df: calls $0.15
Hero: folds
a572619a: folds
1c366cd0: folds
*** FLOP *** [7d 5s 5d]
12197566: bets $0.13
c18e59df: folds
Uncalled bet ($0.13) returned to 12197566
*** SHOWDOWN ***
12197566 collected $0.36 from pot
*** SUMMARY ***
Total pot $0.37 | Rake $0.01 | Jackpot $0 | Bingo $0 | Fortune $0
Board [7d 5s 5d]
Seat 1: 1c366cd0 (big blind) folded before Flop
Seat 2: 12197566 won ($0.36)
Seat 3: 29518245 folded before Flop (didn't bet)
Seat 4: c18e59df folded on the Flop
Seat 5: Hero (button) folded before Flop (didn't bet)
Seat 6: a572619a (small blind) folded before Flop


Poker Hand #HD1184996282: Hold'em No Limit  ($0.02/$0.05) - 2023/04/01 15:13:53
Table 'NLHBlue5' 6-max Seat #4 is the button
Seat 1: 1c366cd0 ($5.82 in chips)
Seat 2: 12197566 ($9.12 in chips)
Seat 3: 29518245 ($0.78 in chips)
Seat 4: c18e59df ($5 in chips)
Seat 5: Hero ($6.32 in chips)
Seat 6: a572619a ($5.01 in chips)
Hero: posts small blind $0.02
a572619a: posts big blind $0.05
*** HOLE CARDS ***
Dealt to 1c366cd0 
Dealt to 12197566 
Dealt to 29518245 
Dealt to c18e59df 
Dealt to Hero [Tc Ac]
Dealt to a572619a 
1c366cd0: raises $0.07 to $0.12
12197566: folds
29518245: calls $0.12
c18e59df: folds
Hero: raises $0.54 to $0.66
a572619a: folds
1c366cd0: folds
29518245: calls $0.54
*** FLOP *** [4h 7h 5d]
Hero: bets $0.75
29518245: calls $0.12 and is all-in
Uncalled bet ($0.63) returned to Hero
Hero: shows [Tc Ac] (Ace-High)
29518245: shows [8s 8c] (Pair of Eights)
*** TURN *** [4h 7h 5d] [6s]
*** RIVER *** [4h 7h 5d 6s] [3c]
*** SHOWDOWN ***
29518245 collected $1.6 from pot
*** SUMMARY ***
Total pot $1.73 | Rake $0.08 | Jackpot $0.05 | Bingo $0 | Fortune $0
Board [4h 7h 5d 6s 3c]
Seat 1: 1c366cd0 folded before Flop
Seat 2: 12197566 folded before Flop (didn't bet)
Seat 3: 29518245 showed [8s 8c] and won ($1.6) with Eights-High Straight
Seat 4: c18e59df (button) folded before Flop (didn't bet)
Seat 5: Hero (small blind) showed [Tc Ac] and lost with Sevens-High Straight
Seat 6: a572619a (big blind) folded before Flop


Poker Hand #HD1184996227: Hold'em No Limit  ($0.02/$0.05) - 2023/04/01 15:13:30
Table 'NLHBlue5' 6-max Seat #3 is the button
Seat 1: 1c366cd0 ($5.66 in chips)
Seat 2: 12197566 ($9.12 in chips)
Seat 3: 29518245 ($0.78 in chips)
Seat 4: c18e59df ($5 in chips)
Seat 5: Hero ($6.37 in chips)
Seat 6: a572619a ($5.11 in chips)
c18e59df: posts small blind $0.02
Hero: posts big blind $0.05
*** HOLE CARDS ***
Dealt to 1c366cd0 
Dealt to 12197566 
Dealt to 29518245 
Dealt to c18e59df 
Dealt to Hero [Kh 5s]
Dealt to a572619a 
a572619a: raises $0.05 to $0.1
1c366cd0: raises $0.25 to $0.35
12197566: folds
29518245: folds
c18e59df: folds
Hero: folds
a572619a: folds
Uncalled bet ($0.25) returned to 1c366cd0
*** SHOWDOWN ***
1c366cd0 collected $0.26 from pot
*** SUMMARY ***
Total pot $0.27 | Rake $0.01 | Jackpot $0 | Bingo $0 | Fortune $0
Seat 1: 1c366cd0 collected ($0.26)
Seat 2: 12197566 folded before Flop (didn't bet)
Seat 3: 29518245 (button) folded before Flop (didn't bet)
Seat 4: c18e59df (small blind) folded before Flop
Seat 5: Hero (big blind) folded before Flop
Seat 6: a572619a folded before Flop


Poker Hand #HD1184996194: Hold'em No Limit  ($0.02/$0.05) - 2023/04/01 15:13:17
Table 'NLHBlue5' 6-max Seat #2 is the button
Seat 1: 1c366cd0 ($5.66 in chips)
Seat 2: 12197566 ($9.05 in chips)
Seat 3: 29518245 ($0.8 in chips)
Seat 4: c18e59df ($5 in chips)
Seat 5: Hero ($6.37 in chips)
Seat 6: a572619a ($5.11 in chips)
29518245: posts small blind $0.02
c18e59df: posts big blind $0.05
*** HOLE CARDS ***
Dealt to 1c366cd0 
Dealt to 12197566 
Dealt to 29518245 
Dealt to c18e59df 
Dealt to Hero [As 3c]
Dealt to a572619a 
Hero: folds
a572619a: folds
1c366cd0: folds
12197566: raises $0.1 to $0.15
29518245: folds
c18e59df: folds
Uncalled bet ($0.1) returned to 12197566
*** SHOWDOWN ***
12197566 collected $0.12 from pot
*** SUMMARY ***
Total pot $0.12 | Rake $0 | Jackpot $0 | Bingo $0 | Fortune $0
Seat 1: 1c366cd0 folded before Flop (didn't bet)
Seat 2: 12197566 (button) collected ($0.12)
Seat 3: 29518245 (small blind) folded before Flop
Seat 4: c18e59df (big blind) folded before Flop
Seat 5: Hero folded before Flop (didn't bet)
Seat 6: a572619a folded before Flop (didn't bet)


Poker Hand #HD1184996148: Hold'em No Limit  ($0.02/$0.05) - 2023/04/01 15:13:00
Table 'NLHBlue5' 6-max Seat #1 is the button
Seat 1: 1c366cd0 ($5.59 in chips)
Seat 2: 12197566 ($9.07 in chips)
Seat 3: 29518245 ($0.85 in chips)
Seat 4: c18e59df ($5 in chips)
Seat 5: Hero ($6.37 in chips)
Seat 6: a572619a ($5.11 in chips)
12197566: posts small blind $0.02
29518245: posts big blind $0.05
*** HOLE CARDS ***
Dealt to 1c366cd0 
Dealt to 12197566 
Dealt to 29518245 
Dealt to c18e59df 
Dealt to Hero [Kc 4c]
Dealt to a572619a 
c18e59df: folds
Hero: folds
a572619a: folds
1c366cd0: raises $0.07 to $0.12
12197566: folds
29518245: folds
Uncalled bet ($0.07) returned to 1c366cd0
*** SHOWDOWN ***
1c366cd0 collected $0.12 from pot
*** SUMMARY ***
Total pot $0.12 | Rake $0 | Jackpot $0 | Bingo $0 | Fortune $0
Seat 1: 1c366cd0 (button) collected ($0.12)
Seat 2: 12197566 (small blind) folded before Flop
Seat 3: 29518245 (big blind) folded before Flop
Seat 4: c18e59df folded before Flop (didn't bet)
Seat 5: Hero folded before Flop (didn't bet)
Seat 6: a572619a folded before Flop (didn't bet)


Poker Hand #HD1184996110: Hold'em No Limit  ($0.02/$0.05) - 2023/04/01 15:12:45
Table 'NLHBlue5' 6-max Seat #6 is the button
Seat 1: 1c366cd0 ($5.54 in chips)
Seat 2: 12197566 ($9.12 in chips)
Seat 3: 29518245 ($0.85 in chips)
Seat 4: c18e59df ($5 in chips)
Seat 5: Hero ($6.37 in chips)
Seat 6: a572619a ($5.11 in chips)
1c366cd0: posts small blind $0.02
12197566: posts big blind $0.05
*** HOLE CARDS ***
Dealt to 1c366cd0 
Dealt to 12197566 
Dealt to 29518245 
Dealt to c18e59df 
Dealt to Hero [8h 9c]
Dealt to a572619a 
29518245: folds
c18e59df: folds
Hero: folds
a572619a: folds
1c366cd0: raises $0.1 to $0.15
12197566: folds
Uncalled bet ($0.1) returned to 1c366cd0
*** SHOWDOWN ***
1c366cd0 collected $0.1 from pot
*** SUMMARY ***
Total pot $0.1 | Rake $0 | Jackpot $0 | Bingo $0 | Fortune $0
Seat 1: 1c366cd0 (small blind) collected ($0.1)
Seat 2: 12197566 (big blind) folded before Flop
Seat 3: 29518245 folded before Flop (didn't bet)
Seat 4: c18e59df folded before Flop (didn't bet)
Seat 5: Hero folded before Flop (didn't bet)
Seat 6: a572619a (button) folded before Flop (didn't bet)


Poker Hand #HD1184995940: Hold'em No Limit  ($0.02/$0.05) - 2023/04/01 15:11:39
Table 'NLHBlue5' 6-max Seat #5 is the button
Seat 1: 1c366cd0 ($5.93 in chips)
Seat 2: 12197566 ($8.6 in chips)
Seat 3: 29518245 ($1 in chips)
Seat 4: c18e59df ($5 in chips)
Seat 5: Hero ($6.37 in chips)
Seat 6: a572619a ($5.13 in chips)
a572619a: posts small blind $0.02
1c366cd0: posts big blind $0.05
29518245: posts big blind $0.05
*** HOLE CARDS ***
Dealt to 1c366cd0 
Dealt to 12197566 
Dealt to 29518245 
Dealt to c18e59df 
Dealt to Hero [Kh 2c]
Dealt to a572619a 
12197566: raises $0.1 to $0.15
29518245: calls $0.1
c18e59df: folds
Hero: folds
a572619a: folds
1c366cd0: calls $0.1
*** FLOP *** [4s Qc 5h]
1c366cd0: checks
12197566: bets $0.24
29518245: folds
1c366cd0: calls $0.24
*** TURN *** [4s Qc 5h] [Jc]
1c366cd0: checks
12197566: bets $0.72
1c366cd0: folds
Uncalled bet ($0.72) returned to 12197566
*** SHOWDOWN ***
12197566 collected $0.91 from pot
*** SUMMARY ***
Total pot $0.95 | Rake $0.04 | Jackpot $0 | Bingo $0 | Fortune $0
Board [4s Qc 5h Jc]
Seat 1: 1c366cd0 (big blind) folded on the Turn
Seat 2: 12197566 won ($0.91)
Seat 3: 29518245 folded on the Flop
Seat 4: c18e59df folded before Flop (didn't bet)
Seat 5: Hero (button) folded before Flop (didn't bet)
Seat 6: a572619a (small blind) folded before Flop


Poker Hand #HD1184995852: Hold'em No Limit  ($0.02/$0.05) - 2023/04/01 15:11:04
Table 'NLHBlue5' 6-max Seat #4 is the button
Seat 1: 1c366cd0 ($5.8 in chips)
Seat 2: 12197566 ($8.6 in chips)
Seat 4: c18e59df ($5 in chips)
Seat 5: Hero ($6.39 in chips)
Seat 6: a572619a ($5.25 in chips)
Hero: posts small blind $0.02
a572619a: posts big blind $0.05
*** HOLE CARDS ***
Dealt to 1c366cd0 
Dealt to 12197566 
Dealt to c18e59df 
Dealt to Hero [2d 2c]
Dealt to a572619a 
1c366cd0: raises $0.07 to $0.12
12197566: folds
c18e59df: folds
Hero: folds
a572619a: calls $0.07
*** FLOP *** [As 9d 5c]
a572619a: checks
1c366cd0: bets $0.08
a572619a: folds
Uncalled bet ($0.08) returned to 1c366cd0
*** SHOWDOWN ***
1c366cd0 collected $0.25 from pot
*** SUMMARY ***
Total pot $0.26 | Rake $0.01 | Jackpot $0 | Bingo $0 | Fortune $0
Board [As 9d 5c]
Seat 1: 1c366cd0 won ($0.25)
Seat 2: 12197566 folded before Flop (didn't bet)
Seat 4: c18e59df (button) folded before Flop (didn't bet)
Seat 5: Hero (small blind) folded before Flop
Seat 6: a572619a (big blind) folded on the Flop


Poker Hand #HD1184995820: Hold'em No Limit  ($0.02/$0.05) - 2023/04/01 15:10:52
Table 'NLHBlue5' 6-max Seat #2 is the button
Seat 1: 1c366cd0 ($5.8 in chips)
Seat 2: 12197566 ($8.6 in chips)
Seat 4: c18e59df ($5 in chips)
Seat 5: Hero ($6.37 in chips)
Seat 6: a572619a ($5.25 in chips)
c18e59df: posts small blind $0.02
Hero: posts big blind $0.05
*** HOLE CARDS ***
Dealt to 1c366cd0 
Dealt to 12197566 
Dealt to c18e59df 
Dealt to Hero [9h Kd]
Dealt to a572619a 
a572619a: folds
1c366cd0: folds
12197566: folds
c18e59df: folds
Uncalled bet ($0.03) returned to Hero
*** SHOWDOWN ***
Hero collected $0.04 from pot
*** SUMMARY ***
Total pot $0.04 | Rake $0 | Jackpot $0 | Bingo $0 | Fortune $0
Seat 1: 1c366cd0 folded before Flop (didn't bet)
Seat 2: 12197566 (button) folded before Flop (didn't bet)
Seat 4: c18e59df (small blind) folded before Flop
Seat 5: Hero (big blind) collected ($0.04)
Seat 6: a572619a folded before Flop (didn't bet)


Poker Hand #HD1184995653: Hold'em No Limit  ($0.02/$0.05) - 2023/04/01 15:09:50
Table 'NLHBlue5' 6-max Seat #1 is the button
Seat 1: 1c366cd0 ($5.57 in chips)
Seat 2: 12197566 ($8.8 in chips)
Seat 4: c18e59df ($5.04 in chips)
Seat 5: Hero ($6.37 in chips)
Seat 6: a572619a ($5.25 in chips)
12197566: posts small blind $0.02
c18e59df: posts big blind $0.05
*** HOLE CARDS ***
Dealt to 1c366cd0 
Dealt to 12197566 
Dealt to c18e59df 
Dealt to Hero [4d 9c]
Dealt to a572619a 
Hero: folds
a572619a: folds
1c366cd0: raises $0.07 to $0.12
12197566: calls $0.1
c18e59df: folds
*** FLOP *** [Td 5h 4s]
12197566: checks
1c366cd0: bets $0.08
12197566: calls $0.08
*** TURN *** [Td 5h 4s] [Jd]
12197566: checks
1c366cd0: checks
*** RIVER *** [Td 5h 4s Jd] [8h]
12197566: checks
1c366cd0: checks
12197566: shows [7d 7s] (Pair of Sevens)
1c366cd0: shows [Qc Th] (Pair of Tens)
*** SHOWDOWN ***
1c366cd0 collected $0.43 from pot
*** SUMMARY ***
Total pot $0.45 | Rake $0.02 | Jackpot $0 | Bingo $0 | Fortune $0
Board [Td 5h 4s Jd 8h]
Seat 1: 1c366cd0 (button) showed [Qc Th] and won ($0.43) with Pair of Tens
Seat 2: 12197566 (small blind) showed [7d 7s] and lost with Pair of Sevens
Seat 4: c18e59df (big blind) folded before Flop
Seat 5: Hero folded before Flop (didn't bet)
Seat 6: a572619a folded before Flop (didn't bet)


Poker Hand #HD1184925630: Hold'em No Limit  ($0.02/$0.05) - 2023/04/01 15:09:40
Table 'NLHBlue5' 6-max Seat #6 is the button
Seat 1: 1c366cd0 ($5.59 in chips)
Seat 2: 12197566 ($8.78 in chips)
Seat 4: c18e59df ($5.04 in chips)
Seat 5: Hero ($6.37 in chips)
Seat 6: a572619a ($5.25 in chips)
1c366cd0: posts small blind $0.02
12197566: posts big blind $0.05
*** HOLE CARDS ***
Dealt to 1c366cd0 
Dealt to 12197566 
Dealt to c18e59df 
Dealt to Hero [Jc 4s]
Dealt to a572619a 
c18e59df: folds
Hero: folds
a572619a: folds
1c366cd0: folds
Uncalled bet ($0.03) returned to 12197566
*** SHOWDOWN ***
12197566 collected $0.04 from pot
*** SUMMARY ***
Total pot $0.04 | Rake $0 | Jackpot $0 | Bingo $0 | Fortune $0
Seat 1: 1c366cd0 (small blind) folded before Flop
Seat 2: 12197566 (big blind) collected ($0.04)
Seat 4: c18e59df folded before Flop (didn't bet)
Seat 5: Hero folded before Flop (didn't bet)
Seat 6: a572619a (button) folded before Flop (didn't bet)


Poker Hand #HD1184925594: Hold'em No Limit  ($0.02/$0.05) - 2023/04/01 15:09:26
Table 'NLHBlue5' 6-max Seat #5 is the button
Seat 1: 1c366cd0 ($5.57 in chips)
Seat 2: 12197566 ($8.78 in chips)
Seat 4: c18e59df ($5.04 in chips)
Seat 5: Hero ($6.37 in chips)
Seat 6: a572619a ($5.27 in chips)
a572619a: posts small blind $0.02
1c366cd0: posts big blind $0.05
*** HOLE CARDS ***
Dealt to 1c366cd0 
Dealt to 12197566 
Dealt to c18e59df 
Dealt to Hero [9d 2s]
Dealt to a572619a 
12197566: folds
c18e59df: folds
Hero: folds
a572619a: folds
Uncalled bet ($0.03) returned to 1c366cd0
*** SHOWDOWN ***
1c366cd0 collected $0.04 from pot
*** SUMMARY ***
Total pot $0.04 | Rake $0 | Jackpot $0 | Bingo $0 | Fortune $0
Seat 1: 1c366cd0 (big blind) collected ($0.04)
Seat 2: 12197566 folded before Flop (didn't bet)
Seat 4: c18e59df folded before Flop (didn't bet)
Seat 5: Hero (button) folded before Flop (didn't bet)
Seat 6: a572619a (small blind) folded before Flop


Poker Hand #HD1184925536: Hold'em No Limit  ($0.02/$0.05) - 2023/04/01 15:09:04
Table 'NLHBlue5' 6-max Seat #4 is the button
Seat 1: 1c366cd0 ($5.39 in chips)
Seat 2: 12197566 ($8.78 in chips)
Seat 4: c18e59df ($5.16 in chips)
Seat 5: Hero ($6.39 in chips)
Seat 6: a572619a ($5.32 in chips)
Hero: posts small blind $0.02
a572619a: posts big blind $0.05
*** HOLE CARDS ***
Dealt to 1c366cd0 
Dealt to 12197566 
Dealt to c18e59df 
Dealt to Hero [5c 9c]
Dealt to a572619a 
1c366cd0: raises $0.07 to $0.12
12197566: folds
c18e59df: calls $0.12
Hero: folds
a572619a: folds
*** FLOP *** [4c 2d As]
1c366cd0: bets $0.24
c18e59df: folds
Uncalled bet ($0.24) returned to 1c366cd0
*** SHOWDOWN ***
1c366cd0 collected $0.3 from pot
*** SUMMARY ***
Total pot $0.31 | Rake $0.01 | Jackpot $0 | Bingo $0 | Fortune $0
Board [4c 2d As]
Seat 1: 1c366cd0 won ($0.3)
Seat 2: 12197566 folded before Flop (didn't bet)
Seat 4: c18e59df (button) folded on the Flop
Seat 5: Hero (small blind) folded before Flop
Seat 6: a572619a (big blind) folded before Flop


Poker Hand #HD1184925497: Hold'em No Limit  ($0.02/$0.05) - 2023/04/01 15:08:51
Table 'NLHBlue5' 6-max Seat #2 is the button
Seat 1: 1c366cd0 ($5.39 in chips)
Seat 2: 12197566 ($8.71 in chips)
Seat 4: c18e59df ($5.18 in chips)
Seat 5: Hero ($6.44 in chips)
Seat 6: a572619a ($5.32 in chips)
c18e59df: posts small blind $0.02
Hero: posts big blind $0.05
*** HOLE CARDS ***
Dealt to 1c366cd0 
Dealt to 12197566 
Dealt to c18e59df 
Dealt to Hero [2h 8h]
Dealt to a572619a 
a572619a: folds
1c366cd0: folds
12197566: raises $0.1 to $0.15
c18e59df: folds
Hero: folds
Uncalled bet ($0.1) returned to 12197566
*** SHOWDOWN ***
12197566 collected $0.12 from pot
*** SUMMARY ***
Total pot $0.12 | Rake $0 | Jackpot $0 | Bingo $0 | Fortune $0
Seat 1: 1c366cd0 folded before Flop (didn't bet)
Seat 2: 12197566 (button) collected ($0.12)
Seat 4: c18e59df (small blind) folded before Flop
Seat 5: Hero (big blind) folded before Flop
Seat 6: a572619a folded before Flop (didn't bet)


Poker Hand #HD1184925457: Hold'em No Limit  ($0.02/$0.05) - 2023/04/01 15:08:35
Table 'NLHBlue5' 6-max Seat #1 is the button
Seat 1: 1c366cd0 ($5.39 in chips)
Seat 2: 12197566 ($8.73 in chips)
Seat 4: c18e59df ($5.16 in chips)
Seat 5: Hero ($6.44 in chips)
Seat 6: a572619a ($5.32 in chips)
12197566: posts small blind $0.02
c18e59df: posts big blind $0.05
*** HOLE CARDS ***
Dealt to 1c366cd0 
Dealt to 12197566 
Dealt to c18e59df 
Dealt to Hero [Jc Qs]
Dealt to a572619a 
Hero: folds
a572619a: folds
1c366cd0: folds
12197566: folds
Uncalled bet ($0.03) returned to c18e59df
*** SHOWDOWN ***
c18e59df collected $0.04 from pot
*** SUMMARY ***
Total pot $0.04 | Rake $0 | Jackpot $0 | Bingo $0 | Fortune $0
Seat 1: 1c366cd0 (button) folded before Flop (didn't bet)
Seat 2: 12197566 (small blind) folded before Flop
Seat 4: c18e59df (big blind) collected ($0.04)
Seat 5: Hero folded before Flop (didn't bet)
Seat 6: a572619a folded before Flop (didn't bet)


Poker Hand #HD1184925409: Hold'em No Limit  ($0.02/$0.05) - 2023/04/01 15:08:20
Table 'NLHBlue5' 6-max Seat #6 is the button
Seat 1: 1c366cd0 ($5.41 in chips)
Seat 2: 12197566 ($8.78 in chips)
Seat 4: c18e59df ($5.16 in chips)
Seat 5: Hero ($6.44 in chips)
Seat 6: a572619a ($5.25 in chips)
1c366cd0: posts small blind $0.02
12197566: posts big blind $0.05
*** HOLE CARDS ***
Dealt to 1c366cd0 
Dealt to 12197566 
Dealt to c18e59df 
Dealt to Hero [5d Ah]
Dealt to a572619a 
c18e59df: folds
Hero: folds
a572619a: raises $0.08 to $0.13
1c366cd0: folds
12197566: folds
Uncalled bet ($0.08) returned to a572619a
*** SHOWDOWN ***
a572619a collected $0.12 from pot
*** SUMMARY ***
Total pot $0.12 | Rake $0 | Jackpot $0 | Bingo $0 | Fortune $0
Seat 1: 1c366cd0 (small blind) folded before Flop
Seat 2: 12197566 (big blind) folded before Flop
Seat 4: c18e59df folded before Flop (didn't bet)
Seat 5: Hero folded before Flop (didn't bet)
Seat 6: a572619a (button) collected ($0.12)


Poker Hand #HD1184925363: Hold'em No Limit  ($0.02/$0.05) - 2023/04/01 15:08:02
Table 'NLHBlue5' 6-max Seat #5 is the button
Seat 1: 1c366cd0 ($5.46 in chips)
Seat 2: 12197566 ($8.78 in chips)
Seat 4: c18e59df ($5.16 in chips)
Seat 5: Hero ($6.44 in chips)
Seat 6: a572619a ($5.2 in chips)
a572619a: posts small blind $0.02
1c366cd0: posts big blind $0.05
*** HOLE CARDS ***
Dealt to 1c366cd0 
Dealt to 12197566 
Dealt to c18e59df 
Dealt to Hero [7c Jh]
Dealt to a572619a 
12197566: folds
c18e59df: folds
Hero: folds
a572619a: raises $0.1 to $0.15
1c366cd0: folds
Uncalled bet ($0.1) returned to a572619a
*** SHOWDOWN ***
a572619a collected $0.1 from pot
*** SUMMARY ***
Total pot $0.1 | Rake $0 | Jackpot $0 | Bingo $0 | Fortune $0
Seat 1: 1c366cd0 (big blind) folded before Flop
Seat 2: 12197566 folded before Flop (didn't bet)
Seat 4: c18e59df folded before Flop (didn't bet)
Seat 5: Hero (button) folded before Flop (didn't bet)
Seat 6: a572619a (small blind) collected ($0.1)


Poker Hand #HD1184925331: Hold'em No Limit  ($0.02/$0.05) - 2023/04/01 15:07:49
Table 'NLHBlue5' 6-max Seat #4 is the button
Seat 2: 12197566 ($8.78 in chips)
Seat 4: c18e59df ($5.16 in chips)
Seat 5: Hero ($6.46 in chips)
Seat 6: a572619a ($5.18 in chips)
Hero: posts small blind $0.02
a572619a: posts big blind $0.05
*** HOLE CARDS ***
Dealt to 12197566 
Dealt to c18e59df 
Dealt to Hero [6s Tc]
Dealt to a572619a 
12197566: folds
c18e59df: folds
Hero: folds
Uncalled bet ($0.03) returned to a572619a
*** SHOWDOWN ***
a572619a collected $0.04 from pot
*** SUMMARY ***
Total pot $0.04 | Rake $0 | Jackpot $0 | Bingo $0 | Fortune $0
Seat 2: 12197566 folded before Flop (didn't bet)
Seat 4: c18e59df (button) folded before Flop (didn't bet)
Seat 5: Hero (small blind) folded before Flop
Seat 6: a572619a (big blind) collected ($0.04)


Poker Hand #HD1184925291: Hold'em No Limit  ($0.02/$0.05) - 2023/04/01 15:07:34
Table 'NLHBlue5' 6-max Seat #2 is the button
Seat 2: 12197566 ($8.78 in chips)
Seat 4: c18e59df ($5.18 in chips)
Seat 5: Hero ($6.44 in chips)
Seat 6: a572619a ($5.18 in chips)
c18e59df: posts small blind $0.02
Hero: posts big blind $0.05
*** HOLE CARDS ***
Dealt to 12197566 
Dealt to c18e59df 
Dealt to Hero [2h 9s]
Dealt to a572619a 
a572619a: folds
12197566: folds
c18e59df: folds
Uncalled bet ($0.03) returned to Hero
*** SHOWDOWN ***
Hero collected $0.04 from pot
*** SUMMARY ***
Total pot $0.04 | Rake $0 | Jackpot $0 | Bingo $0 | Fortune $0
Seat 2: 12197566 (button) folded before Flop (didn't bet)
Seat 4: c18e59df (small blind) folded before Flop
Seat 5: Hero (big blind) collected ($0.04)
Seat 6: a572619a folded before Flop (didn't bet)


Poker Hand #HD1184925242: Hold'em No Limit  ($0.02/$0.05) - 2023/04/01 15:07:11
Table 'NLHBlue5' 6-max Seat #6 is the button
Seat 2: 12197566 ($8.8 in chips)
Seat 4: c18e59df ($5.23 in chips)
Seat 5: Hero ($6.56 in chips)
Seat 6: a572619a ($5 in chips)
12197566: posts small blind $0.02
c18e59df: posts big blind $0.05
*** HOLE CARDS ***
Dealt to 12197566 
Dealt to c18e59df 
Dealt to Hero [Ac 6c]
Dealt to a572619a 
Hero: raises $0.07 to $0.12
a572619a: raises $0.25 to $0.37
12197566: folds
c18e59df: folds
Hero: folds
Uncalled bet ($0.25) returned to a572619a
*** SHOWDOWN ***
a572619a collected $0.3 from pot
*** SUMMARY ***
Total pot $0.31 | Rake $0.01 | Jackpot $0 | Bingo $0 | Fortune $0
Seat 2: 12197566 (small blind) folded before Flop
Seat 4: c18e59df (big blind) folded before Flop
Seat 5: Hero folded before Flop
Seat 6: a572619a (button) collected ($0.3)


Poker Hand #HD1184925152: Hold'em No Limit  ($0.02/$0.05) - 2023/04/01 15:06:38
Table 'NLHBlue5' 6-max Seat #5 is the button
Seat 1: 1c366cd0 ($5.51 in chips)
Seat 2: 12197566 ($8.8 in chips)
Seat 4: c18e59df ($5.23 in chips)
Seat 5: Hero ($6.49 in chips)
Seat 6: a572619a ($5 in chips)
a572619a: posts small blind $0.02
1c366cd0: posts big blind $0.05
*** HOLE CARDS ***
Dealt to 1c366cd0 
Dealt to 12197566 
Dealt to c18e59df 
Dealt to Hero [Jc Ah]
Dealt to a572619a 
12197566: folds
c18e59df: folds
Hero: raises $0.07 to $0.12
a572619a: folds
1c366cd0: folds
Uncalled bet ($0.07) returned to Hero
*** SHOWDOWN ***
Hero collected $0.12 from pot
*** SUMMARY ***
Total pot $0.12 | Rake $0 | Jackpot $0 | Bingo $0 | Fortune $0
Seat 1: 1c366cd0 (big blind) folded before Flop
Seat 2: 12197566 folded before Flop (didn't bet)
Seat 4: c18e59df folded before Flop (didn't bet)
Seat 5: Hero (button) collected ($0.12)
Seat 6: a572619a (small blind) folded before Flop


Poker Hand #HD1184925100: Hold'em No Limit  ($0.02/$0.05) - 2023/04/01 15:06:15
Table 'NLHBlue5' 6-max Seat #4 is the button
Seat 1: 1c366cd0 ($5.51 in chips)
Seat 2: 12197566 ($8.8 in chips)
Seat 4: c18e59df ($5.23 in chips)
Seat 5: Hero ($6.44 in chips)
Seat 6: a572619a ($5 in chips)
Hero: posts small blind $0.02
a572619a: posts big blind $0.05
*** HOLE CARDS ***
Dealt to 1c366cd0 
Dealt to 12197566 
Dealt to c18e59df 
Dealt to Hero [6s Ac]
Dealt to a572619a 
1c366cd0: folds
12197566: folds
c18e59df: folds
Hero: raises $0.09 to $0.14
a572619a: folds
Uncalled bet ($0.09) returned to Hero
*** SHOWDOWN ***
Hero collected $0.1 from pot
*** SUMMARY ***
Total pot $0.1 | Rake $0 | Jackpot $0 | Bingo $0 | Fortune $0
Seat 1: 1c366cd0 folded before Flop (didn't bet)
Seat 2: 12197566 folded before Flop (didn't bet)
Seat 4: c18e59df (button) folded before Flop (didn't bet)
Seat 5: Hero (small blind) collected ($0.1)
Seat 6: a572619a (big blind) folded before Flop


Poker Hand #HD1184925052: Hold'em No Limit  ($0.02/$0.05) - 2023/04/01 15:05:59
Table 'NLHBlue5' 6-max Seat #2 is the button
Seat 1: 1c366cd0 ($5.51 in chips)
Seat 2: 12197566 ($8.8 in chips)
Seat 4: c18e59df ($5.25 in chips)
Seat 5: Hero ($6.42 in chips)
Seat 6: a572619a ($5 in chips)
c18e59df: posts small blind $0.02
Hero: posts big blind $0.05
*** HOLE CARDS ***
Dealt to 1c366cd0 
Dealt to 12197566 
Dealt to c18e59df 
Dealt to Hero [5c Ac]
Dealt to a572619a 
a572619a: folds
1c366cd0: folds
12197566: folds
c18e59df: folds
Uncalled bet ($0.03) returned to Hero
*** SHOWDOWN ***
Hero collected $0.04 from pot
*** SUMMARY ***
Total pot $0.04 | Rake $0 | Jackpot $0 | Bingo $0 | Fortune $0
Seat 1: 1c366cd0 folded before Flop (didn't bet)
Seat 2: 12197566 (button) folded before Flop (didn't bet)
Seat 4: c18e59df (small blind) folded before Flop
Seat 5: Hero (big blind) collected ($0.04)
Seat 6: a572619a folded before Flop (didn't bet)


Poker Hand #HD1184924985: Hold'em No Limit  ($0.02/$0.05) - 2023/04/01 15:05:34
Table 'NLHBlue5' 6-max Seat #1 is the button
Seat 1: 1c366cd0 ($5.35 in chips)
Seat 2: 12197566 ($8.82 in chips)
Seat 4: c18e59df ($5.3 in chips)
Seat 5: Hero ($6.42 in chips)
Seat 6: a572619a ($5 in chips)
12197566: posts small blind $0.02
c18e59df: posts big blind $0.05
*** HOLE CARDS ***
Dealt to 1c366cd0 
Dealt to 12197566 
Dealt to c18e59df 
Dealt to Hero [9c Ks]
Dealt to a572619a 
Hero: folds
a572619a: raises $0.05 to $0.1
1c366cd0: raises $0.25 to $0.35
12197566: folds
c18e59df: folds
a572619a: folds
Uncalled bet ($0.25) returned to 1c366cd0
*** SHOWDOWN ***
1c366cd0 collected $0.26 from pot
*** SUMMARY ***
Total pot $0.27 | Rake $0.01 | Jackpot $0 | Bingo $0 | Fortune $0
Seat 1: 1c366cd0 (button) collected ($0.26)
Seat 2: 12197566 (small blind) folded before Flop
Seat 4: c18e59df (big blind) folded before Flop
Seat 5: Hero folded before Flop (didn't bet)
Seat 6: a572619a folded before Flop


Poker Hand #HD1184924887: Hold'em No Limit  ($0.02/$0.05) - 2023/04/01 15:04:57
Table 'NLHBlue5' 6-max Seat #6 is the button
Seat 1: 1c366cd0 ($5.37 in chips)
Seat 2: 12197566 ($8.94 in chips)
Seat 4: c18e59df ($5.3 in chips)
Seat 5: Hero ($6.29 in chips)
Seat 6: a572619a ($5 in chips)
1c366cd0: posts small blind $0.02
12197566: posts big blind $0.05
*** HOLE CARDS ***
Dealt to 1c366cd0 
Dealt to 12197566 
Dealt to c18e59df 
Dealt to Hero [Tc Qs]
Dealt to a572619a 
c18e59df: folds
Hero: raises $0.07 to $0.12
a572619a: folds
1c366cd0: folds
12197566: calls $0.07
*** FLOP *** [8d 7c 9c]
12197566: checks
Hero: bets $0.2
12197566: folds
Uncalled bet ($0.2) returned to Hero
*** SHOWDOWN ***
Hero collected $0.25 from pot
*** SUMMARY ***
Total pot $0.26 | Rake $0.01 | Jackpot $0 | Bingo $0 | Fortune $0
Board [8d 7c 9c]
Seat 1: 1c366cd0 (small blind) folded before Flop
Seat 2: 12197566 (big blind) folded on the Flop
Seat 4: c18e59df folded before Flop (didn't bet)
Seat 5: Hero won ($0.25)
Seat 6: a572619a (button) folded before Flop (didn't bet)


Poker Hand #HD1184924841: Hold'em No Limit  ($0.02/$0.05) - 2023/04/01 15:04:41
Table 'NLHBlue5' 6-max Seat #5 is the button
Seat 1: 1c366cd0 ($5.42 in chips)
Seat 2: 12197566 ($8.94 in chips)
Seat 4: c18e59df ($5.3 in chips)
Seat 5: Hero ($6.22 in chips)
Seat 6: a572619a ($5.02 in chips)
a572619a: posts small blind $0.02
1c366cd0: posts big blind $0.05
*** HOLE CARDS ***
Dealt to 1c366cd0 
Dealt to 12197566 
Dealt to c18e59df 
Dealt to Hero [Qs Jc]
Dealt to a572619a 
12197566: folds
c18e59df: folds
Hero: raises $0.07 to $0.12
a572619a: folds
1c366cd0: folds
Uncalled bet ($0.07) returned to Hero
*** SHOWDOWN ***
Hero collected $0.12 from pot
*** SUMMARY ***
Total pot $0.12 | Rake $0 | Jackpot $0 | Bingo $0 | Fortune $0
Seat 1: 1c366cd0 (big blind) folded before Flop
Seat 2: 12197566 folded before Flop (didn't bet)
Seat 4: c18e59df folded before Flop (didn't bet)
Seat 5: Hero (button) collected ($0.12)
Seat 6: a572619a (small blind) folded before Flop


Poker Hand #HD1184924751: Hold'em No Limit  ($0.02/$0.05) - 2023/04/01 15:04:04
Table 'NLHBlue5' 6-max Seat #4 is the button
Seat 1: 1c366cd0 ($5.24 in chips)
Seat 2: 12197566 ($9.06 in chips)
Seat 4: c18e59df ($5.3 in chips)
Seat 5: Hero ($6.24 in chips)
Seat 6: a572619a ($5.07 in chips)
Hero: posts small blind $0.02
a572619a: posts big blind $0.05
*** HOLE CARDS ***
Dealt to 1c366cd0 
Dealt to 12197566 
Dealt to c18e59df 
Dealt to Hero [4h As]
Dealt to a572619a 
1c366cd0: raises $0.07 to $0.12
12197566: calls $0.12
c18e59df: folds
Hero: folds
a572619a: folds
*** FLOP *** [Kc Td Jc]
1c366cd0: bets $0.24
12197566: folds
Uncalled bet ($0.24) returned to 1c366cd0
*** SHOWDOWN ***
1c366cd0 collected $0.3 from pot
*** SUMMARY ***
Total pot $0.31 | Rake $0.01 | Jackpot $0 | Bingo $0 | Fortune $0
Board [Kc Td Jc]
Seat 1: 1c366cd0 won ($0.3)
Seat 2: 12197566 folded on the Flop
Seat 4: c18e59df (button) folded before Flop (didn't bet)
Seat 5: Hero (small blind) folded before Flop
Seat 6: a572619a (big blind) folded before Flop


Poker Hand #HD1184924669: Hold'em No Limit  ($0.02/$0.05) - 2023/04/01 15:03:37
Table 'NLHBlue5' 6-max Seat #3 is the button
Seat 1: 1c366cd0 ($5.24 in chips)
Seat 2: 12197566 ($9.06 in chips)
Seat 3: 2a552cf1 ($10.17 in chips)
Seat 4: c18e59df ($5.32 in chips)
Seat 5: Hero ($6.29 in chips)
Seat 6: a572619a ($5.07 in chips)
c18e59df: posts small blind $0.02
Hero: posts big blind $0.05
*** HOLE CARDS ***
Dealt to 1c366cd0 
Dealt to 12197566 
Dealt to 2a552cf1 
Dealt to c18e59df 
Dealt to Hero [2d 3h]
Dealt to a572619a 
a572619a: folds
1c366cd0: folds
12197566: folds
2a552cf1: raises $0.12 to $0.17
c18e59df: folds
Hero: folds
Uncalled bet ($0.12) returned to 2a552cf1
*** SHOWDOWN ***
2a552cf1 collected $0.12 from pot
*** SUMMARY ***
Total pot $0.12 | Rake $0 | Jackpot $0 | Bingo $0 | Fortune $0
Seat 1: 1c366cd0 folded before Flop (didn't bet)
Seat 2: 12197566 folded before Flop (didn't bet)
Seat 3: 2a552cf1 (button) collected ($0.12)
Seat 4: c18e59df (small blind) folded before Flop
Seat 5: Hero (big blind) folded before Flop
Seat 6: a572619a folded before Flop (didn't bet)


Poker Hand #HD1184924583: Hold'em No Limit  ($0.02/$0.05) - 2023/04/01 15:03:01
Table 'NLHBlue5' 6-max Seat #2 is the button
Seat 1: 1c366cd0 ($5.24 in chips)
Seat 2: 12197566 ($9.06 in chips)
Seat 3: 2a552cf1 ($10.58 in chips)
Seat 4: c18e59df ($5.73 in chips)
Seat 5: Hero ($5.53 in chips)
Seat 6: a572619a ($5.07 in chips)
2a552cf1: posts small blind $0.02
c18e59df: posts big blind $0.05
*** HOLE CARDS ***
Dealt to 1c366cd0 
Dealt to 12197566 
Dealt to 2a552cf1 
Dealt to c18e59df 
Dealt to Hero [Kh Ah]
Dealt to a572619a 
Hero: raises $0.07 to $0.12
a572619a: folds
1c366cd0: folds
12197566: folds
2a552cf1: raises $0.29 to $0.41
c18e59df: calls $0.36
Hero: raises $0.93 to $1.34
2a552cf1: folds
c18e59df: folds
Uncalled bet ($0.93) returned to Hero
*** SHOWDOWN ***
Hero collected $1.17 from pot
*** SUMMARY ***
Total pot $1.23 | Rake $0.06 | Jackpot $0 | Bingo $0 | Fortune $0
Seat 1: 1c366cd0 folded before Flop (didn't bet)
Seat 2: 12197566 (button) folded before Flop (didn't bet)
Seat 3: 2a552cf1 (small blind) folded before Flop
Seat 4: c18e59df (big blind) folded before Flop
Seat 5: Hero collected ($1.17)
Seat 6: a572619a folded before Flop (didn't bet)


Poker Hand #HD1184924533: Hold'em No Limit  ($0.02/$0.05) - 2023/04/01 15:02:43
Table 'NLHBlue5' 6-max Seat #1 is the button
Seat 1: 1c366cd0 ($5.24 in chips)
Seat 2: 12197566 ($9.08 in chips)
Seat 3: 2a552cf1 ($10.56 in chips)
Seat 4: c18e59df ($5.73 in chips)
Seat 5: Hero ($5.53 in chips)
Seat 6: a572619a ($5.07 in chips)
12197566: posts small blind $0.02
2a552cf1: posts big blind $0.05
*** HOLE CARDS ***
Dealt to 1c366cd0 
Dealt to 12197566 
Dealt to 2a552cf1 
Dealt to c18e59df 
Dealt to Hero [2s 9d]
Dealt to a572619a 
c18e59df: folds
Hero: folds
a572619a: folds
1c366cd0: folds
12197566: folds
Uncalled bet ($0.03) returned to 2a552cf1
*** SHOWDOWN ***
2a552cf1 collected $0.04 from pot
*** SUMMARY ***
Total pot $0.04 | Rake $0 | Jackpot $0 | Bingo $0 | Fortune $0
Seat 1: 1c366cd0 (button) folded before Flop (didn't bet)
Seat 2: 12197566 (small blind) folded before Flop
Seat 3: 2a552cf1 (big blind) collected ($0.04)
Seat 4: c18e59df folded before Flop (didn't bet)
Seat 5: Hero folded before Flop (didn't bet)
Seat 6: a572619a folded before Flop (didn't bet)


Poker Hand #HD1184924487: Hold'em No Limit  ($0.02/$0.05) - 2023/04/01 15:02:25
Table 'NLHBlue5' 6-max Seat #6 is the button
Seat 1: 1c366cd0 ($5.26 in chips)
Seat 2: 12197566 ($9.13 in chips)
Seat 3: 2a552cf1 ($10.56 in chips)
Seat 4: c18e59df ($5.73 in chips)
Seat 5: Hero ($5.53 in chips)
Seat 6: a572619a ($5 in chips)
1c366cd0: posts small blind $0.02
12197566: posts big blind $0.05
*** HOLE CARDS ***
Dealt to 1c366cd0 
Dealt to 12197566 
Dealt to 2a552cf1 
Dealt to c18e59df 
Dealt to Hero [4h 9h]
Dealt to a572619a 
2a552cf1: folds
c18e59df: folds
Hero: folds
a572619a: raises $0.08 to $0.13
1c366cd0: folds
12197566: folds
Uncalled bet ($0.08) returned to a572619a
*** SHOWDOWN ***
a572619a collected $0.12 from pot
*** SUMMARY ***
Total pot $0.12 | Rake $0 | Jackpot $0 | Bingo $0 | Fortune $0
Seat 1: 1c366cd0 (small blind) folded before Flop
Seat 2: 12197566 (big blind) folded before Flop
Seat 3: 2a552cf1 folded before Flop (didn't bet)
Seat 4: c18e59df folded before Flop (didn't bet)
Seat 5: Hero folded before Flop (didn't bet)
Seat 6: a572619a (button) collected ($0.12)


Poker Hand #HD1184924354: Hold'em No Limit  ($0.02/$0.05) - 2023/04/01 15:01:39
Table 'NLHBlue5' 6-max Seat #5 is the button
Seat 1: 1c366cd0 ($5.38 in chips)
Seat 2: 12197566 ($9.13 in chips)
Seat 3: 2a552cf1 ($10.56 in chips)
Seat 4: c18e59df ($5.73 in chips)
Seat 5: Hero ($5.4 in chips)
Seat 6: a572619a ($5 in chips)
a572619a: posts small blind $0.02
1c366cd0: posts big blind $0.05
*** HOLE CARDS ***
Dealt to 1c366cd0 
Dealt to 12197566 
Dealt to 2a552cf1 
Dealt to c18e59df 
Dealt to Hero [5s As]
Dealt to a572619a 
12197566: folds
2a552cf1: folds
c18e59df: folds
Hero: raises $0.07 to $0.12
a572619a: folds
1c366cd0: calls $0.07
*** FLOP *** [4c 2s Ad]
1c366cd0: checks
Hero: bets $0.14
1c366cd0: folds
Uncalled bet ($0.14) returned to Hero
*** SHOWDOWN ***
Hero collected $0.25 from pot
*** SUMMARY ***
Total pot $0.26 | Rake $0.01 | Jackpot $0 | Bingo $0 | Fortune $0
Board [4c 2s Ad]
Seat 1: 1c366cd0 (big blind) folded on the Flop
Seat 2: 12197566 folded before Flop (didn't bet)
Seat 3: 2a552cf1 folded before Flop (didn't bet)
Seat 4: c18e59df folded before Flop (didn't bet)
Seat 5: Hero (button) won ($0.25)
Seat 6: a572619a (small blind) folded before Flop


Poker Hand #HD1184924295: Hold'em No Limit  ($0.02/$0.05) - 2023/04/01 15:01:15
Table 'NLHBlue5' 6-max Seat #4 is the button
Seat 1: 1c366cd0 ($5.31 in chips)
Seat 2: 12197566 ($9.13 in chips)
Seat 3: 2a552cf1 ($10.56 in chips)
Seat 4: c18e59df ($5.73 in chips)
Seat 5: Hero ($5.42 in chips)
Seat 6: a572619a ($5 in chips)
Hero: posts small blind $0.02
a572619a: posts big blind $0.05
*** HOLE CARDS ***
Dealt to 1c366cd0 
Dealt to 12197566 
Dealt to 2a552cf1 
Dealt to c18e59df 
Dealt to Hero [2s 9d]
Dealt to a572619a 
1c366cd0: raises $0.07 to $0.12
12197566: folds
2a552cf1: folds
c18e59df: folds
Hero: folds
a572619a: folds
Uncalled bet ($0.07) returned to 1c366cd0
*** SHOWDOWN ***
1c366cd0 collected $0.12 from pot
*** SUMMARY ***
Total pot $0.12 | Rake $0 | Jackpot $0 | Bingo $0 | Fortune $0
Seat 1: 1c366cd0 collected ($0.12)
Seat 2: 12197566 folded before Flop (didn't bet)
Seat 3: 2a552cf1 folded before Flop (didn't bet)
Seat 4: c18e59df (button) folded before Flop (didn't bet)
Seat 5: Hero (small blind) folded before Flop
Seat 6: a572619a (big blind) folded before Flop


Poker Hand #HD1184923974: Hold'em No Limit  ($0.02/$0.05) - 2023/04/01 14:59:16
Table 'NLHBlue5' 6-max Seat #3 is the button
Seat 1: 1c366cd0 ($5.31 in chips)
Seat 2: 12197566 ($9.28 in chips)
Seat 3: 2a552cf1 ($10.71 in chips)
Seat 4: c18e59df ($5.88 in chips)
Seat 5: Hero ($5 in chips)
Seat 6: c593d82c ($5.14 in chips)
c18e59df: posts small blind $0.02
Hero: posts big blind $0.05
*** HOLE CARDS ***
Dealt to 1c366cd0 
Dealt to 12197566 
Dealt to 2a552cf1 
Dealt to c18e59df 
Dealt to Hero [Th Qd]
Dealt to c593d82c 
c593d82c: folds
1c366cd0: folds
12197566: raises $0.1 to $0.15
2a552cf1: calls $0.15
c18e59df: calls $0.13
Hero: calls $0.1
*** FLOP *** [2d 4d 9h]
c18e59df: checks
Hero: checks
12197566: checks
2a552cf1: checks
*** TURN *** [2d 4d 9h] [Ts]
c18e59df: checks
Hero: bets $0.3
12197566: folds
2a552cf1: folds
c18e59df: folds
Uncalled bet ($0.3) returned to Hero
*** SHOWDOWN ***
Hero collected $0.57 from pot
*** SUMMARY ***
Total pot $0.6 | Rake $0.03 | Jackpot $0 | Bingo $0 | Fortune $0
Board [2d 4d 9h Ts]
Seat 1: 1c366cd0 folded before Flop (didn't bet)
Seat 2: 12197566 folded on the Turn
Seat 3: 2a552cf1 (button) folded on the Turn
Seat 4: c18e59df (small blind) folded on the Turn
Seat 5: Hero (big blind) won ($0.57)
Seat 6: c593d82c folded before Flop (didn't bet)


Poker Hand #HD1184923834: Hold'em No Limit  ($0.02/$0.05) - 2023/04/01 14:58:25
Table 'NLHBlue5' 6-max Seat #2 is the button
Seat 1: 1c366cd0 ($5.31 in chips)
Seat 2: 12197566 ($9.43 in chips)
Seat 3: 2a552cf1 ($11.35 in chips)
Seat 4: c18e59df ($5.16 in chips)
Seat 5: Hero ($5 in chips)
Seat 6: c593d82c ($5.14 in chips)
2a552cf1: posts small blind $0.02
c18e59df: posts big blind $0.05
*** HOLE CARDS ***
Dealt to 1c366cd0 
Dealt to 12197566 
Dealt to 2a552cf1 
Dealt to c18e59df 
Dealt to Hero [7h 3h]
Dealt to c593d82c 
Hero: folds
c593d82c: folds
1c366cd0: folds
12197566: raises $0.1 to $0.15
2a552cf1: calls $0.13
c18e59df: raises $0.49 to $0.64
12197566: folds
2a552cf1: calls $0.49
*** FLOP *** [Ah 9s 5h]
2a552cf1: checks
c18e59df: bets $0.91
2a552cf1: folds
Uncalled bet ($0.91) returned to c18e59df
*** SHOWDOWN ***
c18e59df collected $1.36 from pot
*** SUMMARY ***
Total pot $1.43 | Rake $0.07 | Jackpot $0 | Bingo $0 | Fortune $0
Board [Ah 9s 5h]
Seat 1: 1c366cd0 folded before Flop (didn't bet)
Seat 2: 12197566 (button) folded before Flop
Seat 3: 2a552cf1 (small blind) folded on the Flop
Seat 4: c18e59df (big blind) won ($1.36)
Seat 5: Hero folded before Flop (didn't bet)
Seat 6: c593d82c folded before Flop (didn't bet)


Poker Hand #HD1184923813: Hold'em No Limit  ($0.02/$0.05) - 2023/04/01 14:58:17
Table 'NLHBlue5' 6-max Seat #1 is the button
Seat 1: 1c366cd0 ($5.31 in chips)
Seat 2: 12197566 ($9.45 in chips)
Seat 3: 2a552cf1 ($11.33 in chips)
Seat 4: c18e59df ($5.16 in chips)
Seat 5: Hero ($5 in chips)
Seat 6: c593d82c ($5.14 in chips)
12197566: posts small blind $0.02
2a552cf1: posts big blind $0.05
*** HOLE CARDS ***
Dealt to 1c366cd0 
Dealt to 12197566 
Dealt to 2a552cf1 
Dealt to c18e59df 
Dealt to Hero [Ks 9h]
Dealt to c593d82c 
c18e59df: folds
Hero: folds
c593d82c: folds
1c366cd0: folds
12197566: folds
Uncalled bet ($0.03) returned to 2a552cf1
*** SHOWDOWN ***
2a552cf1 collected $0.04 from pot
*** SUMMARY ***
Total pot $0.04 | Rake $0 | Jackpot $0 | Bingo $0 | Fortune $0
Seat 1: 1c366cd0 (button) folded before Flop (didn't bet)
Seat 2: 12197566 (small blind) folded before Flop
Seat 3: 2a552cf1 (big blind) collected ($0.04)
Seat 4: c18e59df folded before Flop (didn't bet)
Seat 5: Hero folded before Flop (didn't bet)
Seat 6: c593d82c folded before Flop (didn't bet)


Poker Hand #HD1184923767: Hold'em No Limit  ($0.02/$0.05) - 2023/04/01 14:58:00
Table 'NLHBlue5' 6-max Seat #6 is the button
Seat 1: 1c366cd0 ($5.33 in chips)
Seat 2: 12197566 ($9.5 in chips)
Seat 3: 2a552cf1 ($11.33 in chips)
Seat 4: c18e59df ($5.16 in chips)
Seat 5: Hero ($5 in chips)
Seat 6: c593d82c ($5.07 in chips)
1c366cd0: posts small blind $0.02
12197566: posts big blind $0.05
*** HOLE CARDS ***
Dealt to 1c366cd0 
Dealt to 12197566 
Dealt to 2a552cf1 
Dealt to c18e59df 
Dealt to Hero [Th 3c]
Dealt to c593d82c 
2a552cf1: folds
c18e59df: folds
Hero: folds
c593d82c: raises $0.1 to $0.15
1c366cd0: folds
12197566: folds
Uncalled bet ($0.1) returned to c593d82c
*** SHOWDOWN ***
c593d82c collected $0.12 from pot
*** SUMMARY ***
Total pot $0.12 | Rake $0 | Jackpot $0 | Bingo $0 | Fortune $0
Seat 1: 1c366cd0 (small blind) folded before Flop
Seat 2: 12197566 (big blind) folded before Flop
Seat 3: 2a552cf1 folded before Flop (didn't bet)
Seat 4: c18e59df folded before Flop (didn't bet)
Seat 5: Hero folded before Flop (didn't bet)
Seat 6: c593d82c (button) collected ($0.12)


Poker Hand #HD1184923634: Hold'em No Limit  ($0.02/$0.05) - 2023/04/01 14:57:10
Table 'NLHBlue5' 6-max Seat #5 is the button
Seat 1: 1c366cd0 ($5.2 in chips)
Seat 2: 12197566 ($9.5 in chips)
Seat 3: 2a552cf1 ($11.33 in chips)
Seat 4: c18e59df ($5.16 in chips)
Seat 5: Hero ($5 in chips)
Seat 6: c593d82c ($5.09 in chips)
c593d82c: posts small blind $0.02
1c366cd0: posts big blind $0.05
*** HOLE CARDS ***
Dealt to 1c366cd0 
Dealt to 12197566 
Dealt to 2a552cf1 
Dealt to c18e59df 
Dealt to Hero [Qc Jh]
Dealt to c593d82c 
12197566: folds
2a552cf1: folds
c18e59df: folds
Hero: raises $0.07 to $0.12
c593d82c: folds
1c366cd0: calls $0.07
*** FLOP *** [Ks 7c 8s]
1c366cd0: checks
Hero: checks
*** TURN *** [Ks 7c 8s] [As]
1c366cd0: bets $0.19
Hero: folds
Uncalled bet ($0.19) returned to 1c366cd0
*** SHOWDOWN ***
1c366cd0 collected $0.25 from pot
*** SUMMARY ***
Total pot $0.26 | Rake $0.01 | Jackpot $0 | Bingo $0 | Fortune $0
Board [Ks 7c 8s As]
Seat 1: 1c366cd0 (big blind) won ($0.25)
Seat 2: 12197566 folded before Flop (didn't bet)
Seat 3: 2a552cf1 folded before Flop (didn't bet)
Seat 4: c18e59df folded before Flop (didn't bet)
Seat 5: Hero (button) folded on the Turn
Seat 6: c593d82c (small blind) folded before Flop


Poker Hand #HD1184923430: Hold'em No Limit  ($0.02/$0.05) - 2023/04/01 14:55:44
Table 'NLHBlue5' 6-max Seat #4 is the button
Seat 1: 1c366cd0 ($5.2 in chips)
Seat 2: 12197566 ($5 in chips)
Seat 3: 2a552cf1 ($11.33 in chips)
Seat 4: c18e59df ($5.16 in chips)
Seat 5: Hero ($5.02 in chips)
Seat 6: c593d82c ($5.14 in chips)
Hero: posts small blind $0.02
c593d82c: posts big blind $0.05
*** HOLE CARDS ***
Dealt to 1c366cd0 
Dealt to 12197566 
Dealt to 2a552cf1 
Dealt to c18e59df 
Dealt to Hero [Kh Kc]
Dealt to c593d82c 
1c366cd0: folds
12197566: raises $0.1 to $0.15
2a552cf1: folds
c18e59df: folds
Hero: raises $0.53 to $0.68
c593d82c: folds
12197566: calls $0.53
*** FLOP *** [7c Th 6h]
Hero: bets $0.71
12197566: calls $0.71
*** TURN *** [7c Th 6h] [4h]
Hero: checks
12197566: bets $0.94
Hero: calls $0.94
*** RIVER *** [7c Th 6h 4h] [7h]
Hero: bets $2.69 and is all-in
12197566: calls $2.67 and is all-in
Uncalled bet ($0.02) returned to Hero
Hero: shows [Kh Kc] (King High Flush)
12197566: shows [Ah Jh] (Ace High Flush)
*** SHOWDOWN ***
12197566 collected $9.5 from pot
*** SUMMARY ***
Total pot $10.05 | Rake $0.5 | Jackpot $0.05 | Bingo $0 | Fortune $0
Board [7c Th 6h 4h 7h]
Seat 1: 1c366cd0 folded before Flop (didn't bet)
Seat 2: 12197566 showed [Ah Jh] and won ($9.5) with Ace High Flush
Seat 3: 2a552cf1 folded before Flop (didn't bet)
Seat 4: c18e59df (button) folded before Flop (didn't bet)
Seat 5: Hero (small blind) showed [Kh Kc] and lost with King High Flush
Seat 6: c593d82c (big blind) folded before Flop


Poker Hand #HD1184923388: Hold'em No Limit  ($0.02/$0.05) - 2023/04/01 14:55:27
Table 'NLHBlue5' 6-max Seat #3 is the button
Seat 1: 1c366cd0 ($5.2 in chips)
Seat 2: 12197566 ($5 in chips)
Seat 3: 2a552cf1 ($11.33 in chips)
Seat 4: c18e59df ($5.18 in chips)
Seat 5: Hero ($5 in chips)
Seat 6: c593d82c ($5.14 in chips)
c18e59df: posts small blind $0.02
Hero: posts big blind $0.05
*** HOLE CARDS ***
Dealt to 1c366cd0 
Dealt to 12197566 
Dealt to 2a552cf1 
Dealt to c18e59df 
Dealt to Hero [Ah Ac]
Dealt to c593d82c 
c593d82c: folds
1c366cd0: folds
12197566: folds
2a552cf1: folds
c18e59df: folds
Uncalled bet ($0.03) returned to Hero
*** SHOWDOWN ***
Hero collected $0.04 from pot
*** SUMMARY ***
Total pot $0.04 | Rake $0 | Jackpot $0 | Bingo $0 | Fortune $0
Seat 1: 1c366cd0 folded before Flop (didn't bet)
Seat 2: 12197566 folded before Flop (didn't bet)
Seat 3: 2a552cf1 (button) folded before Flop (didn't bet)
Seat 4: c18e59df (small blind) folded before Flop
Seat 5: Hero (big blind) collected ($0.04)
Seat 6: c593d82c folded before Flop (didn't bet)


