Poker Hand #HD1174439119: Hold'em No Limit  ($0.02/$0.05) - 2023/03/24 21:05:24
Table 'NLHBlue27' 6-max Seat #4 is the button
Seat 1: Hero ($10.98 in chips)
Seat 2: 14af31e4 ($4.73 in chips)
Seat 3: c8e9aa1f ($5.78 in chips)
Seat 4: 5a3aefbf ($4.88 in chips)
Seat 5: 759ac0ce ($5.02 in chips)
Seat 6: 5d3a1697 ($5 in chips)
759ac0ce: posts small blind $0.02
5d3a1697: posts big blind $0.05
*** HOLE CARDS ***
Dealt to Hero [3d 4d]
Dealt to 14af31e4 
Dealt to c8e9aa1f 
Dealt to 5a3aefbf 
Dealt to 759ac0ce 
Dealt to 5d3a1697 
Hero: folds
14af31e4: folds
c8e9aa1f: folds
5a3aefbf: raises $0.07 to $0.12
759ac0ce: folds
5d3a1697: folds
Uncalled bet ($0.07) returned to 5a3aefbf
*** SHOWDOWN ***
5a3aefbf collected $0.12 from pot
*** SUMMARY ***
Total pot $0.12 | Rake $0 | Jackpot $0 | Bingo $0 | Fortune $0
Seat 1: Hero folded before Flop (didn't bet)
Seat 2: 14af31e4 folded before Flop (didn't bet)
Seat 3: c8e9aa1f folded before Flop (didn't bet)
Seat 4: 5a3aefbf (button) collected ($0.12)
Seat 5: 759ac0ce (small blind) folded before Flop
Seat 6: 5d3a1697 (big blind) folded before Flop


Poker Hand #HD1174439087: Hold'em No Limit  ($0.02/$0.05) - 2023/03/24 21:05:13
Table 'NLHBlue27' 6-max Seat #3 is the button
Seat 1: Hero ($10.98 in chips)
Seat 2: 14af31e4 ($4.73 in chips)
Seat 3: c8e9aa1f ($5.78 in chips)
Seat 4: 5a3aefbf ($4.9 in chips)
Seat 5: 759ac0ce ($5 in chips)
Seat 6: 5d3a1697 ($5 in chips)
5a3aefbf: posts small blind $0.02
759ac0ce: posts big blind $0.05
*** HOLE CARDS ***
Dealt to Hero [5h 8s]
Dealt to 14af31e4 
Dealt to c8e9aa1f 
Dealt to 5a3aefbf 
Dealt to 759ac0ce 
Dealt to 5d3a1697 
5d3a1697: folds
Hero: folds
14af31e4: folds
c8e9aa1f: folds
5a3aefbf: folds
Uncalled bet ($0.03) returned to 759ac0ce
*** SHOWDOWN ***
759ac0ce collected $0.04 from pot
*** SUMMARY ***
Total pot $0.04 | Rake $0 | Jackpot $0 | Bingo $0 | Fortune $0
Seat 1: Hero folded before Flop (didn't bet)
Seat 2: 14af31e4 folded before Flop (didn't bet)
Seat 3: c8e9aa1f (button) folded before Flop (didn't bet)
Seat 4: 5a3aefbf (small blind) folded before Flop
Seat 5: 759ac0ce (big blind) collected ($0.04)
Seat 6: 5d3a1697 folded before Flop (didn't bet)


Poker Hand #HD1174438943: Hold'em No Limit  ($0.02/$0.05) - 2023/03/24 21:04:09
Table 'NLHBlue27' 6-max Seat #2 is the button
Seat 1: Hero ($10.98 in chips)
Seat 2: 14af31e4 ($4.83 in chips)
Seat 3: c8e9aa1f ($5.59 in chips)
Seat 4: 5a3aefbf ($5 in chips)
Seat 5: 759ac0ce ($5 in chips)
Seat 6: 5d3a1697 ($5 in chips)
c8e9aa1f: posts small blind $0.02
5a3aefbf: posts big blind $0.05
*** HOLE CARDS ***
Dealt to Hero [3s Js]
Dealt to 14af31e4 
Dealt to c8e9aa1f 
Dealt to 5a3aefbf 
Dealt to 759ac0ce 
Dealt to 5d3a1697 
759ac0ce: folds
5d3a1697: folds
Hero: folds
14af31e4: raises $0.05 to $0.1
c8e9aa1f: calls $0.08
5a3aefbf: calls $0.05
*** FLOP *** [7c Qs 7h]
c8e9aa1f: checks
5a3aefbf: checks
14af31e4: checks
*** TURN *** [7c Qs 7h] [6s]
c8e9aa1f: bets $0.23
5a3aefbf: folds
14af31e4: folds
Uncalled bet ($0.23) returned to c8e9aa1f
*** SHOWDOWN ***
c8e9aa1f collected $0.29 from pot
*** SUMMARY ***
Total pot $0.3 | Rake $0.01 | Jackpot $0 | Bingo $0 | Fortune $0
Board [7c Qs 7h 6s]
Seat 1: Hero folded before Flop (didn't bet)
Seat 2: 14af31e4 (button) folded on the Turn
Seat 3: c8e9aa1f (small blind) won ($0.29)
Seat 4: 5a3aefbf (big blind) folded on the Turn
Seat 5: 759ac0ce folded before Flop (didn't bet)
Seat 6: 5d3a1697 folded before Flop (didn't bet)


Poker Hand #HD1174438837: Hold'em No Limit  ($0.02/$0.05) - 2023/03/24 21:03:22
Table 'NLHBlue27' 6-max Seat #1 is the button
Seat 1: Hero ($10.98 in chips)
Seat 2: 14af31e4 ($4.95 in chips)
Seat 3: c8e9aa1f ($5.71 in chips)
Seat 4: 5a3aefbf ($4.77 in chips)
Seat 5: 759ac0ce ($5 in chips)
Seat 6: 5d3a1697 ($5 in chips)
14af31e4: posts small blind $0.02
c8e9aa1f: posts big blind $0.05
*** HOLE CARDS ***
Dealt to Hero [Ah 2c]
Dealt to 14af31e4 
Dealt to c8e9aa1f 
Dealt to 5a3aefbf 
Dealt to 759ac0ce 
Dealt to 5d3a1697 
5a3aefbf: raises $0.07 to $0.12
759ac0ce: folds
5d3a1697: folds
Hero: folds
14af31e4: calls $0.1
c8e9aa1f: calls $0.07
*** FLOP *** [5s 2h Ac]
14af31e4: checks
c8e9aa1f: checks
5a3aefbf: bets $0.12
14af31e4: folds
c8e9aa1f: folds
Uncalled bet ($0.12) returned to 5a3aefbf
*** SHOWDOWN ***
5a3aefbf collected $0.35 from pot
*** SUMMARY ***
Total pot $0.36 | Rake $0.01 | Jackpot $0 | Bingo $0 | Fortune $0
Board [5s 2h Ac]
Seat 1: Hero (button) folded before Flop (didn't bet)
Seat 2: 14af31e4 (small blind) folded on the Flop
Seat 3: c8e9aa1f (big blind) folded on the Flop
Seat 4: 5a3aefbf won ($0.35)
Seat 5: 759ac0ce folded before Flop (didn't bet)
Seat 6: 5d3a1697 folded before Flop (didn't bet)


Poker Hand #HD1174438792: Hold'em No Limit  ($0.02/$0.05) - 2023/03/24 21:03:02
Table 'NLHBlue27' 6-max Seat #6 is the button
Seat 1: Hero ($10.93 in chips)
Seat 2: 14af31e4 ($5 in chips)
Seat 3: c8e9aa1f ($5.71 in chips)
Seat 4: 5a3aefbf ($4.77 in chips)
Seat 5: 759ac0ce ($5 in chips)
Seat 6: 5d3a1697 ($5 in chips)
Hero: posts small blind $0.02
14af31e4: posts big blind $0.05
*** HOLE CARDS ***
Dealt to Hero [2h Ah]
Dealt to 14af31e4 
Dealt to c8e9aa1f 
Dealt to 5a3aefbf 
Dealt to 759ac0ce 
Dealt to 5d3a1697 
c8e9aa1f: folds
5a3aefbf: folds
759ac0ce: folds
5d3a1697: folds
Hero: raises $0.09 to $0.14
14af31e4: folds
Uncalled bet ($0.09) returned to Hero
*** SHOWDOWN ***
Hero collected $0.1 from pot
*** SUMMARY ***
Total pot $0.1 | Rake $0 | Jackpot $0 | Bingo $0 | Fortune $0
Seat 1: Hero (small blind) collected ($0.1)
Seat 2: 14af31e4 (big blind) folded before Flop
Seat 3: c8e9aa1f folded before Flop (didn't bet)
Seat 4: 5a3aefbf folded before Flop (didn't bet)
Seat 5: 759ac0ce folded before Flop (didn't bet)
Seat 6: 5d3a1697 (button) folded before Flop (didn't bet)


Poker Hand #HD1174438759: Hold'em No Limit  ($0.02/$0.05) - 2023/03/24 21:02:46
Table 'NLHBlue27' 6-max Seat #5 is the button
Seat 1: Hero ($10.91 in chips)
Seat 3: c8e9aa1f ($5.71 in chips)
Seat 4: 5a3aefbf ($4.77 in chips)
Seat 5: 759ac0ce ($5 in chips)
Seat 6: 5d3a1697 ($5 in chips)
5d3a1697: posts small blind $0.02
Hero: posts big blind $0.05
*** HOLE CARDS ***
Dealt to Hero [7d 5h]
Dealt to c8e9aa1f 
Dealt to 5a3aefbf 
Dealt to 759ac0ce 
Dealt to 5d3a1697 
c8e9aa1f: folds
5a3aefbf: folds
759ac0ce: folds
5d3a1697: folds
Uncalled bet ($0.03) returned to Hero
*** SHOWDOWN ***
Hero collected $0.04 from pot
*** SUMMARY ***
Total pot $0.04 | Rake $0 | Jackpot $0 | Bingo $0 | Fortune $0
Seat 1: Hero (big blind) collected ($0.04)
Seat 3: c8e9aa1f folded before Flop (didn't bet)
Seat 4: 5a3aefbf folded before Flop (didn't bet)
Seat 5: 759ac0ce (button) folded before Flop (didn't bet)
Seat 6: 5d3a1697 (small blind) folded before Flop


Poker Hand #HD1174438650: Hold'em No Limit  ($0.02/$0.05) - 2023/03/24 21:02:04
Table 'NLHBlue27' 6-max Seat #4 is the button
Seat 1: Hero ($10.91 in chips)
Seat 3: c8e9aa1f ($5.71 in chips)
Seat 4: 5a3aefbf ($4.63 in chips)
Seat 5: 759ac0ce ($5.02 in chips)
Seat 6: 5d3a1697 ($5.05 in chips)
759ac0ce: posts small blind $0.02
5d3a1697: posts big blind $0.05
*** HOLE CARDS ***
Dealt to Hero [6c Ts]
Dealt to c8e9aa1f 
Dealt to 5a3aefbf 
Dealt to 759ac0ce 
Dealt to 5d3a1697 
Hero: folds
c8e9aa1f: folds
5a3aefbf: raises $0.08 to $0.13
759ac0ce: folds
5d3a1697: calls $0.08
*** FLOP *** [Th 3c 2c]
5d3a1697: checks
5a3aefbf: checks
*** TURN *** [Th 3c 2c] [4h]
5d3a1697: checks
5a3aefbf: checks
*** RIVER *** [Th 3c 2c 4h] [Ad]
5d3a1697: checks
5a3aefbf: bets $0.34
5d3a1697: folds
Uncalled bet ($0.34) returned to 5a3aefbf
*** SHOWDOWN ***
5a3aefbf collected $0.27 from pot
*** SUMMARY ***
Total pot $0.28 | Rake $0.01 | Jackpot $0 | Bingo $0 | Fortune $0
Board [Th 3c 2c 4h Ad]
Seat 1: Hero folded before Flop (didn't bet)
Seat 3: c8e9aa1f folded before Flop (didn't bet)
Seat 4: 5a3aefbf (button) won ($0.27)
Seat 5: 759ac0ce (small blind) folded before Flop
Seat 6: 5d3a1697 (big blind) folded on the River


Poker Hand #HD1174438619: Hold'em No Limit  ($0.02/$0.05) - 2023/03/24 21:01:50
Table 'NLHBlue27' 6-max Seat #3 is the button
Seat 1: Hero ($10.91 in chips)
Seat 3: c8e9aa1f ($5.71 in chips)
Seat 4: 5a3aefbf ($4.65 in chips)
Seat 5: 759ac0ce ($5 in chips)
Seat 6: 5d3a1697 ($5.05 in chips)
5a3aefbf: posts small blind $0.02
759ac0ce: posts big blind $0.05
*** HOLE CARDS ***
Dealt to Hero [7c 3c]
Dealt to c8e9aa1f 
Dealt to 5a3aefbf 
Dealt to 759ac0ce 
Dealt to 5d3a1697 
5d3a1697: folds
Hero: folds
c8e9aa1f: folds
5a3aefbf: folds
Uncalled bet ($0.03) returned to 759ac0ce
*** SHOWDOWN ***
759ac0ce collected $0.04 from pot
*** SUMMARY ***
Total pot $0.04 | Rake $0 | Jackpot $0 | Bingo $0 | Fortune $0
Seat 1: Hero folded before Flop (didn't bet)
Seat 3: c8e9aa1f (button) folded before Flop (didn't bet)
Seat 4: 5a3aefbf (small blind) folded before Flop
Seat 5: 759ac0ce (big blind) collected ($0.04)
Seat 6: 5d3a1697 folded before Flop (didn't bet)


Poker Hand #HD1174438573: Hold'em No Limit  ($0.02/$0.05) - 2023/03/24 21:01:33
Table 'NLHBlue27' 6-max Seat #1 is the button
Seat 1: Hero ($10.91 in chips)
Seat 3: c8e9aa1f ($5.66 in chips)
Seat 4: 5a3aefbf ($4.7 in chips)
Seat 5: 759ac0ce ($5 in chips)
Seat 6: 5d3a1697 ($5.05 in chips)
c8e9aa1f: posts small blind $0.02
5a3aefbf: posts big blind $0.05
*** HOLE CARDS ***
Dealt to Hero [6h 5s]
Dealt to c8e9aa1f 
Dealt to 5a3aefbf 
Dealt to 759ac0ce 
Dealt to 5d3a1697 
759ac0ce: folds
5d3a1697: folds
Hero: folds
c8e9aa1f: raises $0.1 to $0.15
5a3aefbf: folds
Uncalled bet ($0.1) returned to c8e9aa1f
*** SHOWDOWN ***
c8e9aa1f collected $0.1 from pot
*** SUMMARY ***
Total pot $0.1 | Rake $0 | Jackpot $0 | Bingo $0 | Fortune $0
Seat 1: Hero (button) folded before Flop (didn't bet)
Seat 3: c8e9aa1f (small blind) collected ($0.1)
Seat 4: 5a3aefbf (big blind) folded before Flop
Seat 5: 759ac0ce folded before Flop (didn't bet)
Seat 6: 5d3a1697 folded before Flop (didn't bet)


Poker Hand #HD1174438534: Hold'em No Limit  ($0.02/$0.05) - 2023/03/24 21:01:18
Table 'NLHBlue27' 6-max Seat #6 is the button
Seat 1: Hero ($10.86 in chips)
Seat 3: c8e9aa1f ($5.71 in chips)
Seat 4: 5a3aefbf ($4.7 in chips)
Seat 5: 759ac0ce ($5 in chips)
Seat 6: 5d3a1697 ($5.05 in chips)
Hero: posts small blind $0.02
c8e9aa1f: posts big blind $0.05
*** HOLE CARDS ***
Dealt to Hero [9h Ks]
Dealt to c8e9aa1f 
Dealt to 5a3aefbf 
Dealt to 759ac0ce 
Dealt to 5d3a1697 
5a3aefbf: folds
759ac0ce: folds
5d3a1697: folds
Hero: raises $0.09 to $0.14
c8e9aa1f: folds
Uncalled bet ($0.09) returned to Hero
*** SHOWDOWN ***
Hero collected $0.1 from pot
*** SUMMARY ***
Total pot $0.1 | Rake $0 | Jackpot $0 | Bingo $0 | Fortune $0
Seat 1: Hero (small blind) collected ($0.1)
Seat 3: c8e9aa1f (big blind) folded before Flop
Seat 4: 5a3aefbf folded before Flop (didn't bet)
Seat 5: 759ac0ce folded before Flop (didn't bet)
Seat 6: 5d3a1697 (button) folded before Flop (didn't bet)


Poker Hand #HD1174438434: Hold'em No Limit  ($0.02/$0.05) - 2023/03/24 21:00:40
Table 'NLHBlue27' 6-max Seat #5 is the button
Seat 1: Hero ($10.97 in chips)
Seat 3: c8e9aa1f ($5.71 in chips)
Seat 4: 5a3aefbf ($4.58 in chips)
Seat 5: 759ac0ce ($5 in chips)
Seat 6: 5d3a1697 ($5.07 in chips)
5d3a1697: posts small blind $0.02
Hero: posts big blind $0.05
*** HOLE CARDS ***
Dealt to Hero [Kd 9h]
Dealt to c8e9aa1f 
Dealt to 5a3aefbf 
Dealt to 759ac0ce 
Dealt to 5d3a1697 
c8e9aa1f: folds
5a3aefbf: raises $0.06 to $0.11
759ac0ce: folds
5d3a1697: folds
Hero: calls $0.06
*** FLOP *** [8d 4s 8s]
Hero: checks
5a3aefbf: bets $0.08
Hero: folds
Uncalled bet ($0.08) returned to 5a3aefbf
*** SHOWDOWN ***
5a3aefbf collected $0.23 from pot
*** SUMMARY ***
Total pot $0.24 | Rake $0.01 | Jackpot $0 | Bingo $0 | Fortune $0
Board [8d 4s 8s]
Seat 1: Hero (big blind) folded on the Flop
Seat 3: c8e9aa1f folded before Flop (didn't bet)
Seat 4: 5a3aefbf won ($0.23)
Seat 5: 759ac0ce (button) folded before Flop (didn't bet)
Seat 6: 5d3a1697 (small blind) folded before Flop


Poker Hand #HD1174438372: Hold'em No Limit  ($0.02/$0.05) - 2023/03/24 21:00:12
Table 'NLHBlue27' 6-max Seat #4 is the button
Seat 1: Hero ($10.9 in chips)
Seat 3: c8e9aa1f ($5.71 in chips)
Seat 4: 5a3aefbf ($4.58 in chips)
Seat 5: 759ac0ce ($5.02 in chips)
Seat 6: 5d3a1697 ($5.12 in chips)
759ac0ce: posts small blind $0.02
5d3a1697: posts big blind $0.05
*** HOLE CARDS ***
Dealt to Hero [2c Ac]
Dealt to c8e9aa1f 
Dealt to 5a3aefbf 
Dealt to 759ac0ce 
Dealt to 5d3a1697 
Hero: raises $0.07 to $0.12
c8e9aa1f: folds
5a3aefbf: folds
759ac0ce: folds
5d3a1697: folds
Uncalled bet ($0.07) returned to Hero
*** SHOWDOWN ***
Hero collected $0.12 from pot
*** SUMMARY ***
Total pot $0.12 | Rake $0 | Jackpot $0 | Bingo $0 | Fortune $0
Seat 1: Hero collected ($0.12)
Seat 3: c8e9aa1f folded before Flop (didn't bet)
Seat 4: 5a3aefbf (button) folded before Flop (didn't bet)
Seat 5: 759ac0ce (small blind) folded before Flop
Seat 6: 5d3a1697 (big blind) folded before Flop


Poker Hand #HD1174438308: Hold'em No Limit  ($0.02/$0.05) - 2023/03/24 20:59:41
Table 'NLHBlue27' 6-max Seat #3 is the button
Seat 1: Hero ($10.9 in chips)
Seat 3: c8e9aa1f ($5.71 in chips)
Seat 4: 5a3aefbf ($4.6 in chips)
Seat 5: 759ac0ce ($5 in chips)
Seat 6: 5d3a1697 ($5.12 in chips)
5a3aefbf: posts small blind $0.02
759ac0ce: posts big blind $0.05
*** HOLE CARDS ***
Dealt to Hero [9s 6c]
Dealt to c8e9aa1f 
Dealt to 5a3aefbf 
Dealt to 759ac0ce 
Dealt to 5d3a1697 
5d3a1697: folds
Hero: folds
c8e9aa1f: folds
5a3aefbf: folds
Uncalled bet ($0.03) returned to 759ac0ce
*** SHOWDOWN ***
759ac0ce collected $0.04 from pot
*** SUMMARY ***
Total pot $0.04 | Rake $0 | Jackpot $0 | Bingo $0 | Fortune $0
Seat 1: Hero folded before Flop (didn't bet)
Seat 3: c8e9aa1f (button) folded before Flop (didn't bet)
Seat 4: 5a3aefbf (small blind) folded before Flop
Seat 5: 759ac0ce (big blind) collected ($0.04)
Seat 6: 5d3a1697 folded before Flop (didn't bet)


Poker Hand #HD1174438273: Hold'em No Limit  ($0.02/$0.05) - 2023/03/24 20:59:26
Table 'NLHBlue27' 6-max Seat #1 is the button
Seat 1: Hero ($10.9 in chips)
Seat 3: c8e9aa1f ($5.73 in chips)
Seat 4: 5a3aefbf ($4.58 in chips)
Seat 5: 759ac0ce ($5 in chips)
Seat 6: 5d3a1697 ($5.12 in chips)
c8e9aa1f: posts small blind $0.02
5a3aefbf: posts big blind $0.05
*** HOLE CARDS ***
Dealt to Hero [5c 3s]
Dealt to c8e9aa1f 
Dealt to 5a3aefbf 
Dealt to 759ac0ce 
Dealt to 5d3a1697 
759ac0ce: folds
5d3a1697: folds
Hero: folds
c8e9aa1f: folds
Uncalled bet ($0.03) returned to 5a3aefbf
*** SHOWDOWN ***
5a3aefbf collected $0.04 from pot
*** SUMMARY ***
Total pot $0.04 | Rake $0 | Jackpot $0 | Bingo $0 | Fortune $0
Seat 1: Hero (button) folded before Flop (didn't bet)
Seat 3: c8e9aa1f (small blind) folded before Flop
Seat 4: 5a3aefbf (big blind) collected ($0.04)
Seat 5: 759ac0ce folded before Flop (didn't bet)
Seat 6: 5d3a1697 folded before Flop (didn't bet)


Poker Hand #HD1174438216: Hold'em No Limit  ($0.02/$0.05) - 2023/03/24 20:59:03
Table 'NLHBlue27' 6-max Seat #6 is the button
Seat 1: Hero ($10.92 in chips)
Seat 3: c8e9aa1f ($5.78 in chips)
Seat 4: 5a3aefbf ($4.51 in chips)
Seat 5: 759ac0ce ($5 in chips)
Seat 6: 5d3a1697 ($5.12 in chips)
Hero: posts small blind $0.02
c8e9aa1f: posts big blind $0.05
*** HOLE CARDS ***
Dealt to Hero [9c As]
Dealt to c8e9aa1f 
Dealt to 5a3aefbf 
Dealt to 759ac0ce 
Dealt to 5d3a1697 
5a3aefbf: raises $0.07 to $0.12
759ac0ce: folds
5d3a1697: folds
Hero: folds
c8e9aa1f: folds
Uncalled bet ($0.07) returned to 5a3aefbf
*** SHOWDOWN ***
5a3aefbf collected $0.12 from pot
*** SUMMARY ***
Total pot $0.12 | Rake $0 | Jackpot $0 | Bingo $0 | Fortune $0
Seat 1: Hero (small blind) folded before Flop
Seat 3: c8e9aa1f (big blind) folded before Flop
Seat 4: 5a3aefbf collected ($0.12)
Seat 5: 759ac0ce folded before Flop (didn't bet)
Seat 6: 5d3a1697 (button) folded before Flop (didn't bet)


Poker Hand #HD1174438185: Hold'em No Limit  ($0.02/$0.05) - 2023/03/24 20:58:48
Table 'NLHBlue27' 6-max Seat #5 is the button
Seat 1: Hero ($10.97 in chips)
Seat 2: 1439087e ($7.62 in chips)
Seat 3: c8e9aa1f ($5.78 in chips)
Seat 4: 5a3aefbf ($4.51 in chips)
Seat 5: 759ac0ce ($5 in chips)
Seat 6: 5d3a1697 ($5.14 in chips)
5d3a1697: posts small blind $0.02
Hero: posts big blind $0.05
*** HOLE CARDS ***
Dealt to Hero [7s 2h]
Dealt to 1439087e 
Dealt to c8e9aa1f 
Dealt to 5a3aefbf 
Dealt to 759ac0ce 
Dealt to 5d3a1697 
1439087e: raises $0.08 to $0.13
c8e9aa1f: folds
5a3aefbf: folds
759ac0ce: folds
5d3a1697: folds
Hero: folds
Uncalled bet ($0.08) returned to 1439087e
*** SHOWDOWN ***
1439087e collected $0.12 from pot
*** SUMMARY ***
Total pot $0.12 | Rake $0 | Jackpot $0 | Bingo $0 | Fortune $0
Seat 1: Hero (big blind) folded before Flop
Seat 2: 1439087e collected ($0.12)
Seat 3: c8e9aa1f folded before Flop (didn't bet)
Seat 4: 5a3aefbf folded before Flop (didn't bet)
Seat 5: 759ac0ce (button) folded before Flop (didn't bet)
Seat 6: 5d3a1697 (small blind) folded before Flop


Poker Hand #HD1174438059: Hold'em No Limit  ($0.02/$0.05) - 2023/03/24 20:57:49
Table 'NLHBlue27' 6-max Seat #4 is the button
Seat 1: Hero ($10.97 in chips)
Seat 2: 1439087e ($7.62 in chips)
Seat 3: c8e9aa1f ($5.78 in chips)
Seat 4: 5a3aefbf ($4.51 in chips)
Seat 5: 759ac0ce ($5 in chips)
Seat 6: 5d3a1697 ($5 in chips)
759ac0ce: posts small blind $0.02
5d3a1697: posts big blind $0.05
*** HOLE CARDS ***
Dealt to Hero [Jd 7h]
Dealt to 1439087e 
Dealt to c8e9aa1f 
Dealt to 5a3aefbf 
Dealt to 759ac0ce 
Dealt to 5d3a1697 
Hero: folds
1439087e: folds
c8e9aa1f: folds
5a3aefbf: folds
759ac0ce: raises $0.1 to $0.15
5d3a1697: raises $0.3 to $0.45
759ac0ce: folds
Uncalled bet ($0.3) returned to 5d3a1697
*** SHOWDOWN ***
5d3a1697 collected $0.29 from pot
*** SUMMARY ***
Total pot $0.3 | Rake $0.01 | Jackpot $0 | Bingo $0 | Fortune $0
Seat 1: Hero folded before Flop (didn't bet)
Seat 2: 1439087e folded before Flop (didn't bet)
Seat 3: c8e9aa1f folded before Flop (didn't bet)
Seat 4: 5a3aefbf (button) folded before Flop (didn't bet)
Seat 5: 759ac0ce (small blind) folded before Flop
Seat 6: 5d3a1697 (big blind) collected ($0.29)


Poker Hand #HD1174437981: Hold'em No Limit  ($0.02/$0.05) - 2023/03/24 20:57:17
Table 'NLHBlue27' 6-max Seat #3 is the button
Seat 1: Hero ($10.97 in chips)
Seat 2: 1439087e ($7.62 in chips)
Seat 3: c8e9aa1f ($5.91 in chips)
Seat 4: 5a3aefbf ($4.34 in chips)
Seat 5: 759ac0ce ($5 in chips)
Seat 6: 5d3a1697 ($5 in chips)
5a3aefbf: posts small blind $0.02
759ac0ce: posts big blind $0.05
*** HOLE CARDS ***
Dealt to Hero [Jh 7c]
Dealt to 1439087e 
Dealt to c8e9aa1f 
Dealt to 5a3aefbf 
Dealt to 759ac0ce 
Dealt to 5d3a1697 
5d3a1697: folds
Hero: folds
1439087e: folds
c8e9aa1f: raises $0.08 to $0.13
5a3aefbf: raises $4.21 to $4.34 and is all-in
759ac0ce: folds
c8e9aa1f: folds
Uncalled bet ($4.21) returned to 5a3aefbf
*** SHOWDOWN ***
5a3aefbf collected $0.3 from pot
*** SUMMARY ***
Total pot $0.31 | Rake $0.01 | Jackpot $0 | Bingo $0 | Fortune $0
Seat 1: Hero folded before Flop (didn't bet)
Seat 2: 1439087e folded before Flop (didn't bet)
Seat 3: c8e9aa1f (button) folded before Flop
Seat 4: 5a3aefbf (small blind) collected ($0.3)
Seat 5: 759ac0ce (big blind) folded before Flop
Seat 6: 5d3a1697 folded before Flop (didn't bet)


Poker Hand #HD1174437801: Hold'em No Limit  ($0.02/$0.05) - 2023/03/24 20:56:09
Table 'NLHBlue27' 6-max Seat #2 is the button
Seat 1: Hero ($10.97 in chips)
Seat 2: 1439087e ($7.62 in chips)
Seat 3: c8e9aa1f ($5.93 in chips)
Seat 4: 5a3aefbf ($4.08 in chips)
Seat 5: 759ac0ce ($5.11 in chips)
Seat 6: 5d3a1697 ($5 in chips)
c8e9aa1f: posts small blind $0.02
5a3aefbf: posts big blind $0.05
*** HOLE CARDS ***
Dealt to Hero [6c Js]
Dealt to 1439087e 
Dealt to c8e9aa1f 
Dealt to 5a3aefbf 
Dealt to 759ac0ce 
Dealt to 5d3a1697 
759ac0ce: raises $0.08 to $0.13
5d3a1697: folds
Hero: folds
1439087e: folds
c8e9aa1f: folds
5a3aefbf: calls $0.08
*** FLOP *** [5h Kc Qs]
5a3aefbf: checks
759ac0ce: checks
*** TURN *** [5h Kc Qs] [7h]
5a3aefbf: bets $0.13
759ac0ce: calls $0.13
*** RIVER *** [5h Kc Qs 7h] [6d]
5a3aefbf: bets $0.65
759ac0ce: folds
Uncalled bet ($0.65) returned to 5a3aefbf
*** SHOWDOWN ***
5a3aefbf collected $0.52 from pot
*** SUMMARY ***
Total pot $0.54 | Rake $0.02 | Jackpot $0 | Bingo $0 | Fortune $0
Board [5h Kc Qs 7h 6d]
Seat 1: Hero folded before Flop (didn't bet)
Seat 2: 1439087e (button) folded before Flop (didn't bet)
Seat 3: c8e9aa1f (small blind) folded before Flop
Seat 4: 5a3aefbf (big blind) won ($0.52)
Seat 5: 759ac0ce folded on the River
Seat 6: 5d3a1697 folded before Flop (didn't bet)


Poker Hand #HD1174437649: Hold'em No Limit  ($0.02/$0.05) - 2023/03/24 20:55:04
Table 'NLHBlue27' 6-max Seat #1 is the button
Seat 1: Hero ($10.97 in chips)
Seat 2: 1439087e ($7.64 in chips)
Seat 3: c8e9aa1f ($5.79 in chips)
Seat 4: 5a3aefbf ($4.08 in chips)
Seat 5: 759ac0ce ($5.11 in chips)
Seat 6: 5d3a1697 ($5.12 in chips)
1439087e: posts small blind $0.02
c8e9aa1f: posts big blind $0.05
*** HOLE CARDS ***
Dealt to Hero [Jd 4d]
Dealt to 1439087e 
Dealt to c8e9aa1f 
Dealt to 5a3aefbf 
Dealt to 759ac0ce 
Dealt to 5d3a1697 
5a3aefbf: folds
759ac0ce: folds
5d3a1697: raises $0.08 to $0.13
Hero: folds
1439087e: folds
c8e9aa1f: calls $0.08
*** FLOP *** [Qh Tc Jh]
c8e9aa1f: checks
5d3a1697: checks
*** TURN *** [Qh Tc Jh] [2h]
c8e9aa1f: checks
5d3a1697: checks
*** RIVER *** [Qh Tc Jh 2h] [Td]
c8e9aa1f: bets $0.21
5d3a1697: folds
Uncalled bet ($0.21) returned to c8e9aa1f
*** SHOWDOWN ***
c8e9aa1f collected $0.27 from pot
*** SUMMARY ***
Total pot $0.28 | Rake $0.01 | Jackpot $0 | Bingo $0 | Fortune $0
Board [Qh Tc Jh 2h Td]
Seat 1: Hero (button) folded before Flop (didn't bet)
Seat 2: 1439087e (small blind) folded before Flop
Seat 3: c8e9aa1f (big blind) won ($0.27)
Seat 4: 5a3aefbf folded before Flop (didn't bet)
Seat 5: 759ac0ce folded before Flop (didn't bet)
Seat 6: 5d3a1697 folded on the River


Poker Hand #HD1174437605: Hold'em No Limit  ($0.02/$0.05) - 2023/03/24 20:54:47
Table 'NLHBlue27' 6-max Seat #6 is the button
Seat 1: Hero ($10.99 in chips)
Seat 2: 1439087e ($7.69 in chips)
Seat 3: c8e9aa1f ($5.79 in chips)
Seat 4: 5a3aefbf ($4.01 in chips)
Seat 5: 759ac0ce ($5.11 in chips)
Seat 6: 5d3a1697 ($5.12 in chips)
Hero: posts small blind $0.02
1439087e: posts big blind $0.05
*** HOLE CARDS ***
Dealt to Hero [5s 2d]
Dealt to 1439087e 
Dealt to c8e9aa1f 
Dealt to 5a3aefbf 
Dealt to 759ac0ce 
Dealt to 5d3a1697 
c8e9aa1f: folds
5a3aefbf: raises $0.06 to $0.11
759ac0ce: folds
5d3a1697: folds
Hero: folds
1439087e: folds
Uncalled bet ($0.06) returned to 5a3aefbf
*** SHOWDOWN ***
5a3aefbf collected $0.12 from pot
*** SUMMARY ***
Total pot $0.12 | Rake $0 | Jackpot $0 | Bingo $0 | Fortune $0
Seat 1: Hero (small blind) folded before Flop
Seat 2: 1439087e (big blind) folded before Flop
Seat 3: c8e9aa1f folded before Flop (didn't bet)
Seat 4: 5a3aefbf collected ($0.12)
Seat 5: 759ac0ce folded before Flop (didn't bet)
Seat 6: 5d3a1697 (button) folded before Flop (didn't bet)


Poker Hand #HD1174437540: Hold'em No Limit  ($0.02/$0.05) - 2023/03/24 20:54:15
Table 'NLHBlue27' 6-max Seat #5 is the button
Seat 1: Hero ($10.92 in chips)
Seat 2: 1439087e ($7.69 in chips)
Seat 3: c8e9aa1f ($5.79 in chips)
Seat 4: 5a3aefbf ($4.06 in chips)
Seat 5: 759ac0ce ($5.11 in chips)
Seat 6: 5d3a1697 ($5.14 in chips)
5d3a1697: posts small blind $0.02
Hero: posts big blind $0.05
*** HOLE CARDS ***
Dealt to Hero [Qs 8c]
Dealt to 1439087e 
Dealt to c8e9aa1f 
Dealt to 5a3aefbf 
Dealt to 759ac0ce 
Dealt to 5d3a1697 
1439087e: folds
c8e9aa1f: folds
5a3aefbf: calls $0.05
759ac0ce: folds
5d3a1697: folds
Hero: checks
*** FLOP *** [Ts 8h Ks]
Hero: checks
5a3aefbf: checks
*** TURN *** [Ts 8h Ks] [Js]
Hero: bets $0.06
5a3aefbf: folds
Uncalled bet ($0.06) returned to Hero
*** SHOWDOWN ***
Hero collected $0.12 from pot
*** SUMMARY ***
Total pot $0.12 | Rake $0 | Jackpot $0 | Bingo $0 | Fortune $0
Board [Ts 8h Ks Js]
Seat 1: Hero (big blind) won ($0.12)
Seat 2: 1439087e folded before Flop (didn't bet)
Seat 3: c8e9aa1f folded before Flop (didn't bet)
Seat 4: 5a3aefbf folded on the Turn
Seat 5: 759ac0ce (button) folded before Flop (didn't bet)
Seat 6: 5d3a1697 (small blind) folded before Flop


Poker Hand #HD1174437501: Hold'em No Limit  ($0.02/$0.05) - 2023/03/24 20:54:01
Table 'NLHBlue27' 6-max Seat #4 is the button
Seat 1: Hero ($10.85 in chips)
Seat 2: 1439087e ($7.69 in chips)
Seat 3: c8e9aa1f ($5.79 in chips)
Seat 4: 5a3aefbf ($4.06 in chips)
Seat 5: 759ac0ce ($5.13 in chips)
Seat 6: 5d3a1697 ($5.19 in chips)
759ac0ce: posts small blind $0.02
5d3a1697: posts big blind $0.05
*** HOLE CARDS ***
Dealt to Hero [9h 9c]
Dealt to 1439087e 
Dealt to c8e9aa1f 
Dealt to 5a3aefbf 
Dealt to 759ac0ce 
Dealt to 5d3a1697 
Hero: raises $0.07 to $0.12
1439087e: folds
c8e9aa1f: folds
5a3aefbf: folds
759ac0ce: folds
5d3a1697: folds
Uncalled bet ($0.07) returned to Hero
*** SHOWDOWN ***
Hero collected $0.12 from pot
*** SUMMARY ***
Total pot $0.12 | Rake $0 | Jackpot $0 | Bingo $0 | Fortune $0
Seat 1: Hero collected ($0.12)
Seat 2: 1439087e folded before Flop (didn't bet)
Seat 3: c8e9aa1f folded before Flop (didn't bet)
Seat 4: 5a3aefbf (button) folded before Flop (didn't bet)
Seat 5: 759ac0ce (small blind) folded before Flop
Seat 6: 5d3a1697 (big blind) folded before Flop


Poker Hand #HD1174437420: Hold'em No Limit  ($0.02/$0.05) - 2023/03/24 20:53:33
Table 'NLHBlue27' 6-max Seat #3 is the button
Seat 1: Hero ($10.85 in chips)
Seat 2: 1439087e ($7.69 in chips)
Seat 3: c8e9aa1f ($5.72 in chips)
Seat 4: 5a3aefbf ($4.08 in chips)
Seat 5: 759ac0ce ($5.18 in chips)
Seat 6: 5d3a1697 ($5.19 in chips)
5a3aefbf: posts small blind $0.02
759ac0ce: posts big blind $0.05
*** HOLE CARDS ***
Dealt to Hero [Qs 5s]
Dealt to 1439087e 
Dealt to c8e9aa1f 
Dealt to 5a3aefbf 
Dealt to 759ac0ce 
Dealt to 5d3a1697 
5d3a1697: folds
Hero: folds
1439087e: folds
c8e9aa1f: raises $0.08 to $0.13
5a3aefbf: folds
759ac0ce: folds
Uncalled bet ($0.08) returned to c8e9aa1f
*** SHOWDOWN ***
c8e9aa1f collected $0.12 from pot
*** SUMMARY ***
Total pot $0.12 | Rake $0 | Jackpot $0 | Bingo $0 | Fortune $0
Seat 1: Hero folded before Flop (didn't bet)
Seat 2: 1439087e folded before Flop (didn't bet)
Seat 3: c8e9aa1f (button) collected ($0.12)
Seat 4: 5a3aefbf (small blind) folded before Flop
Seat 5: 759ac0ce (big blind) folded before Flop
Seat 6: 5d3a1697 folded before Flop (didn't bet)


Poker Hand #HD1174437310: Hold'em No Limit  ($0.02/$0.05) - 2023/03/24 20:52:50
Table 'NLHBlue27' 6-max Seat #2 is the button
Seat 1: Hero ($11.1 in chips)
Seat 2: 1439087e ($7.69 in chips)
Seat 3: c8e9aa1f ($5.74 in chips)
Seat 4: 5a3aefbf ($3.83 in chips)
Seat 5: 759ac0ce ($5.18 in chips)
Seat 6: 5d3a1697 ($5.19 in chips)
c8e9aa1f: posts small blind $0.02
5a3aefbf: posts big blind $0.05
*** HOLE CARDS ***
Dealt to Hero [Ks Qd]
Dealt to 1439087e 
Dealt to c8e9aa1f 
Dealt to 5a3aefbf 
Dealt to 759ac0ce 
Dealt to 5d3a1697 
759ac0ce: folds
5d3a1697: folds
Hero: raises $0.07 to $0.12
1439087e: folds
c8e9aa1f: folds
5a3aefbf: calls $0.07
*** FLOP *** [3c Ad Kc]
5a3aefbf: checks
Hero: bets $0.13
5a3aefbf: calls $0.13
*** TURN *** [3c Ad Kc] [Td]
5a3aefbf: checks
Hero: checks
*** RIVER *** [3c Ad Kc Td] [7h]
5a3aefbf: bets $0.63
Hero: folds
Uncalled bet ($0.63) returned to 5a3aefbf
*** SHOWDOWN ***
5a3aefbf collected $0.5 from pot
*** SUMMARY ***
Total pot $0.52 | Rake $0.02 | Jackpot $0 | Bingo $0 | Fortune $0
Board [3c Ad Kc Td 7h]
Seat 1: Hero folded on the River
Seat 2: 1439087e (button) folded before Flop (didn't bet)
Seat 3: c8e9aa1f (small blind) folded before Flop
Seat 4: 5a3aefbf (big blind) won ($0.5)
Seat 5: 759ac0ce folded before Flop (didn't bet)
Seat 6: 5d3a1697 folded before Flop (didn't bet)


Poker Hand #HD1174437239: Hold'em No Limit  ($0.02/$0.05) - 2023/03/24 20:52:23
Table 'NLHBlue27' 6-max Seat #1 is the button
Seat 1: Hero ($11.1 in chips)
Seat 2: 1439087e ($7.71 in chips)
Seat 3: c8e9aa1f ($5.79 in chips)
Seat 4: 5a3aefbf ($3.83 in chips)
Seat 5: 759ac0ce ($5.18 in chips)
Seat 6: 5d3a1697 ($5.12 in chips)
1439087e: posts small blind $0.02
c8e9aa1f: posts big blind $0.05
*** HOLE CARDS ***
Dealt to Hero [Th 7c]
Dealt to 1439087e 
Dealt to c8e9aa1f 
Dealt to 5a3aefbf 
Dealt to 759ac0ce 
Dealt to 5d3a1697 
5a3aefbf: folds
759ac0ce: folds
5d3a1697: raises $0.08 to $0.13
Hero: folds
1439087e: folds
c8e9aa1f: folds
Uncalled bet ($0.08) returned to 5d3a1697
*** SHOWDOWN ***
5d3a1697 collected $0.12 from pot
*** SUMMARY ***
Total pot $0.12 | Rake $0 | Jackpot $0 | Bingo $0 | Fortune $0
Seat 1: Hero (button) folded before Flop (didn't bet)
Seat 2: 1439087e (small blind) folded before Flop
Seat 3: c8e9aa1f (big blind) folded before Flop
Seat 4: 5a3aefbf folded before Flop (didn't bet)
Seat 5: 759ac0ce folded before Flop (didn't bet)
Seat 6: 5d3a1697 collected ($0.12)


Poker Hand #HD1174437202: Hold'em No Limit  ($0.02/$0.05) - 2023/03/24 20:52:11
Table 'NLHBlue27' 6-max Seat #6 is the button
Seat 1: Hero ($11.12 in chips)
Seat 2: 1439087e ($7.69 in chips)
Seat 3: c8e9aa1f ($5.79 in chips)
Seat 4: 5a3aefbf ($3.83 in chips)
Seat 5: 759ac0ce ($5.18 in chips)
Seat 6: 5d3a1697 ($5.12 in chips)
Hero: posts small blind $0.02
1439087e: posts big blind $0.05
*** HOLE CARDS ***
Dealt to Hero [Kd 4h]
Dealt to 1439087e 
Dealt to c8e9aa1f 
Dealt to 5a3aefbf 
Dealt to 759ac0ce 
Dealt to 5d3a1697 
c8e9aa1f: folds
5a3aefbf: folds
759ac0ce: folds
5d3a1697: folds
Hero: folds
Uncalled bet ($0.03) returned to 1439087e
*** SHOWDOWN ***
1439087e collected $0.04 from pot
*** SUMMARY ***
Total pot $0.04 | Rake $0 | Jackpot $0 | Bingo $0 | Fortune $0
Seat 1: Hero (small blind) folded before Flop
Seat 2: 1439087e (big blind) collected ($0.04)
Seat 3: c8e9aa1f folded before Flop (didn't bet)
Seat 4: 5a3aefbf folded before Flop (didn't bet)
Seat 5: 759ac0ce folded before Flop (didn't bet)
Seat 6: 5d3a1697 (button) folded before Flop (didn't bet)


Poker Hand #HD1174437155: Hold'em No Limit  ($0.02/$0.05) - 2023/03/24 20:51:50
Table 'NLHBlue27' 6-max Seat #5 is the button
Seat 1: Hero ($11.17 in chips)
Seat 2: 1439087e ($7.69 in chips)
Seat 3: c8e9aa1f ($5.72 in chips)
Seat 4: 5a3aefbf ($3.83 in chips)
Seat 5: 759ac0ce ($5.18 in chips)
Seat 6: 5d3a1697 ($5.14 in chips)
5d3a1697: posts small blind $0.02
Hero: posts big blind $0.05
*** HOLE CARDS ***
Dealt to Hero [9d 7h]
Dealt to 1439087e 
Dealt to c8e9aa1f 
Dealt to 5a3aefbf 
Dealt to 759ac0ce 
Dealt to 5d3a1697 
1439087e: folds
c8e9aa1f: raises $0.1 to $0.15
5a3aefbf: folds
759ac0ce: folds
5d3a1697: folds
Hero: folds
Uncalled bet ($0.1) returned to c8e9aa1f
*** SHOWDOWN ***
c8e9aa1f collected $0.12 from pot
*** SUMMARY ***
Total pot $0.12 | Rake $0 | Jackpot $0 | Bingo $0 | Fortune $0
Seat 1: Hero (big blind) folded before Flop
Seat 2: 1439087e folded before Flop (didn't bet)
Seat 3: c8e9aa1f collected ($0.12)
Seat 4: 5a3aefbf folded before Flop (didn't bet)
Seat 5: 759ac0ce (button) folded before Flop (didn't bet)
Seat 6: 5d3a1697 (small blind) folded before Flop


Poker Hand #HD1174437096: Hold'em No Limit  ($0.02/$0.05) - 2023/03/24 20:51:28
Table 'NLHBlue27' 6-max Seat #4 is the button
Seat 1: Hero ($11.17 in chips)
Seat 2: 1439087e ($7.69 in chips)
Seat 3: c8e9aa1f ($5.72 in chips)
Seat 4: 5a3aefbf ($3.83 in chips)
Seat 5: 759ac0ce ($5.2 in chips)
Seat 6: 5d3a1697 ($5.12 in chips)
759ac0ce: posts small blind $0.02
5d3a1697: posts big blind $0.05
*** HOLE CARDS ***
Dealt to Hero [4c Ah]
Dealt to 1439087e 
Dealt to c8e9aa1f 
Dealt to 5a3aefbf 
Dealt to 759ac0ce 
Dealt to 5d3a1697 
Hero: folds
1439087e: folds
c8e9aa1f: folds
5a3aefbf: folds
759ac0ce: folds
Uncalled bet ($0.03) returned to 5d3a1697
*** SHOWDOWN ***
5d3a1697 collected $0.04 from pot
*** SUMMARY ***
Total pot $0.04 | Rake $0 | Jackpot $0 | Bingo $0 | Fortune $0
Seat 1: Hero folded before Flop (didn't bet)
Seat 2: 1439087e folded before Flop (didn't bet)
Seat 3: c8e9aa1f folded before Flop (didn't bet)
Seat 4: 5a3aefbf (button) folded before Flop (didn't bet)
Seat 5: 759ac0ce (small blind) folded before Flop
Seat 6: 5d3a1697 (big blind) collected ($0.04)


Poker Hand #HD1174437045: Hold'em No Limit  ($0.02/$0.05) - 2023/03/24 20:51:09
Table 'NLHBlue27' 6-max Seat #3 is the button
Seat 1: Hero ($11.17 in chips)
Seat 2: 1439087e ($7.62 in chips)
Seat 3: c8e9aa1f ($5.72 in chips)
Seat 4: 5a3aefbf ($3.85 in chips)
Seat 5: 759ac0ce ($5.25 in chips)
Seat 6: 5d3a1697 ($5.12 in chips)
5a3aefbf: posts small blind $0.02
759ac0ce: posts big blind $0.05
*** HOLE CARDS ***
Dealt to Hero [9d 3d]
Dealt to 1439087e 
Dealt to c8e9aa1f 
Dealt to 5a3aefbf 
Dealt to 759ac0ce 
Dealt to 5d3a1697 
5d3a1697: folds
Hero: folds
1439087e: raises $0.08 to $0.13
c8e9aa1f: folds
5a3aefbf: folds
759ac0ce: folds
Uncalled bet ($0.08) returned to 1439087e
*** SHOWDOWN ***
1439087e collected $0.12 from pot
*** SUMMARY ***
Total pot $0.12 | Rake $0 | Jackpot $0 | Bingo $0 | Fortune $0
Seat 1: Hero folded before Flop (didn't bet)
Seat 2: 1439087e collected ($0.12)
Seat 3: c8e9aa1f (button) folded before Flop (didn't bet)
Seat 4: 5a3aefbf (small blind) folded before Flop
Seat 5: 759ac0ce (big blind) folded before Flop
Seat 6: 5d3a1697 folded before Flop (didn't bet)


Poker Hand #HD1174436970: Hold'em No Limit  ($0.02/$0.05) - 2023/03/24 20:50:36
Table 'NLHBlue27' 6-max Seat #2 is the button
Seat 1: Hero ($11.29 in chips)
Seat 2: 1439087e ($7.62 in chips)
Seat 3: c8e9aa1f ($5.56 in chips)
Seat 4: 5a3aefbf ($3.9 in chips)
Seat 5: 759ac0ce ($5.25 in chips)
Seat 6: 5d3a1697 ($5.12 in chips)
c8e9aa1f: posts small blind $0.02
5a3aefbf: posts big blind $0.05
*** HOLE CARDS ***
Dealt to Hero [Tc Js]
Dealt to 1439087e 
Dealt to c8e9aa1f 
Dealt to 5a3aefbf 
Dealt to 759ac0ce 
Dealt to 5d3a1697 
759ac0ce: folds
5d3a1697: folds
Hero: raises $0.07 to $0.12
1439087e: folds
c8e9aa1f: raises $0.41 to $0.53
5a3aefbf: folds
Hero: folds
Uncalled bet ($0.41) returned to c8e9aa1f
*** SHOWDOWN ***
c8e9aa1f collected $0.28 from pot
*** SUMMARY ***
Total pot $0.29 | Rake $0.01 | Jackpot $0 | Bingo $0 | Fortune $0
Seat 1: Hero folded before Flop
Seat 2: 1439087e (button) folded before Flop (didn't bet)
Seat 3: c8e9aa1f (small blind) collected ($0.28)
Seat 4: 5a3aefbf (big blind) folded before Flop
Seat 5: 759ac0ce folded before Flop (didn't bet)
Seat 6: 5d3a1697 folded before Flop (didn't bet)


Poker Hand #HD1174436862: Hold'em No Limit  ($0.02/$0.05) - 2023/03/24 20:49:50
Table 'NLHBlue27' 6-max Seat #1 is the button
Seat 1: Hero ($11.41 in chips)
Seat 2: 1439087e ($7.64 in chips)
Seat 3: c8e9aa1f ($5.61 in chips)
Seat 4: 5a3aefbf ($3.72 in chips)
Seat 5: 759ac0ce ($5.25 in chips)
Seat 6: 5d3a1697 ($5.12 in chips)
1439087e: posts small blind $0.02
c8e9aa1f: posts big blind $0.05
*** HOLE CARDS ***
Dealt to Hero [Js Ks]
Dealt to 1439087e 
Dealt to c8e9aa1f 
Dealt to 5a3aefbf 
Dealt to 759ac0ce 
Dealt to 5d3a1697 
5a3aefbf: raises $0.07 to $0.12
759ac0ce: folds
5d3a1697: folds
Hero: calls $0.12
1439087e: folds
c8e9aa1f: folds
*** FLOP *** [6h 7h 2d]
5a3aefbf: checks
Hero: checks
*** TURN *** [6h 7h 2d] [8h]
5a3aefbf: checks
Hero: checks
*** RIVER *** [6h 7h 2d 8h] [Tc]
5a3aefbf: checks
Hero: checks
5a3aefbf: shows [Ah Jc] (Ace-High)
Hero: shows [Js Ks] (King-High)
*** SHOWDOWN ***
5a3aefbf collected $0.3 from pot
*** SUMMARY ***
Total pot $0.31 | Rake $0.01 | Jackpot $0 | Bingo $0 | Fortune $0
Board [6h 7h 2d 8h Tc]
Seat 1: Hero (button) showed [Js Ks] and lost with King-High
Seat 2: 1439087e (small blind) folded before Flop
Seat 3: c8e9aa1f (big blind) folded before Flop
Seat 4: 5a3aefbf showed [Ah Jc] and won ($0.3) with Ace-High
Seat 5: 759ac0ce folded before Flop (didn't bet)
Seat 6: 5d3a1697 folded before Flop (didn't bet)


Poker Hand #HD1174436787: Hold'em No Limit  ($0.02/$0.05) - 2023/03/24 20:49:26
Table 'NLHBlue27' 6-max Seat #6 is the button
Seat 1: Hero ($11.43 in chips)
Seat 2: 1439087e ($7.69 in chips)
Seat 3: c8e9aa1f ($5.61 in chips)
Seat 4: 5a3aefbf ($3.72 in chips)
Seat 5: 759ac0ce ($5.25 in chips)
Seat 6: 5d3a1697 ($5.05 in chips)
Hero: posts small blind $0.02
1439087e: posts big blind $0.05
*** HOLE CARDS ***
Dealt to Hero [Ah Ts]
Dealt to 1439087e 
Dealt to c8e9aa1f 
Dealt to 5a3aefbf 
Dealt to 759ac0ce 
Dealt to 5d3a1697 
c8e9aa1f: folds
5a3aefbf: folds
759ac0ce: folds
5d3a1697: raises $0.08 to $0.13
Hero: folds
1439087e: folds
Uncalled bet ($0.08) returned to 5d3a1697
*** SHOWDOWN ***
5d3a1697 collected $0.12 from pot
*** SUMMARY ***
Total pot $0.12 | Rake $0 | Jackpot $0 | Bingo $0 | Fortune $0
Seat 1: Hero (small blind) folded before Flop
Seat 2: 1439087e (big blind) folded before Flop
Seat 3: c8e9aa1f folded before Flop (didn't bet)
Seat 4: 5a3aefbf folded before Flop (didn't bet)
Seat 5: 759ac0ce folded before Flop (didn't bet)
Seat 6: 5d3a1697 (button) collected ($0.12)


Poker Hand #HD1174436757: Hold'em No Limit  ($0.02/$0.05) - 2023/03/24 20:49:11
Table 'NLHBlue27' 6-max Seat #5 is the button
Seat 1: Hero ($11.48 in chips)
Seat 2: 1439087e ($7.69 in chips)
Seat 3: c8e9aa1f ($5.54 in chips)
Seat 4: 5a3aefbf ($3.72 in chips)
Seat 5: 759ac0ce ($5.25 in chips)
Seat 6: 5d3a1697 ($5.07 in chips)
5d3a1697: posts small blind $0.02
Hero: posts big blind $0.05
*** HOLE CARDS ***
Dealt to Hero [Tc 3c]
Dealt to 1439087e 
Dealt to c8e9aa1f 
Dealt to 5a3aefbf 
Dealt to 759ac0ce 
Dealt to 5d3a1697 
1439087e: folds
c8e9aa1f: raises $0.1 to $0.15
5a3aefbf: folds
759ac0ce: folds
5d3a1697: folds
Hero: folds
Uncalled bet ($0.1) returned to c8e9aa1f
*** SHOWDOWN ***
c8e9aa1f collected $0.12 from pot
*** SUMMARY ***
Total pot $0.12 | Rake $0 | Jackpot $0 | Bingo $0 | Fortune $0
Seat 1: Hero (big blind) folded before Flop
Seat 2: 1439087e folded before Flop (didn't bet)
Seat 3: c8e9aa1f collected ($0.12)
Seat 4: 5a3aefbf folded before Flop (didn't bet)
Seat 5: 759ac0ce (button) folded before Flop (didn't bet)
Seat 6: 5d3a1697 (small blind) folded before Flop


Poker Hand #HD1174436720: Hold'em No Limit  ($0.02/$0.05) - 2023/03/24 20:48:54
Table 'NLHBlue27' 6-max Seat #4 is the button
Seat 1: Hero ($11.48 in chips)
Seat 2: 1439087e ($7.69 in chips)
Seat 3: c8e9aa1f ($5.47 in chips)
Seat 4: 5a3aefbf ($3.72 in chips)
Seat 5: 759ac0ce ($5.27 in chips)
Seat 6: 5d3a1697 ($5.12 in chips)
759ac0ce: posts small blind $0.02
5d3a1697: posts big blind $0.05
*** HOLE CARDS ***
Dealt to Hero [4d Kd]
Dealt to 1439087e 
Dealt to c8e9aa1f 
Dealt to 5a3aefbf 
Dealt to 759ac0ce 
Dealt to 5d3a1697 
Hero: folds
1439087e: folds
c8e9aa1f: raises $0.08 to $0.13
5a3aefbf: folds
759ac0ce: folds
5d3a1697: folds
Uncalled bet ($0.08) returned to c8e9aa1f
*** SHOWDOWN ***
c8e9aa1f collected $0.12 from pot
*** SUMMARY ***
Total pot $0.12 | Rake $0 | Jackpot $0 | Bingo $0 | Fortune $0
Seat 1: Hero folded before Flop (didn't bet)
Seat 2: 1439087e folded before Flop (didn't bet)
Seat 3: c8e9aa1f collected ($0.12)
Seat 4: 5a3aefbf (button) folded before Flop (didn't bet)
Seat 5: 759ac0ce (small blind) folded before Flop
Seat 6: 5d3a1697 (big blind) folded before Flop


Poker Hand #HD1174436502: Hold'em No Limit  ($0.02/$0.05) - 2023/03/24 20:47:24
Table 'NLHBlue27' 6-max Seat #3 is the button
Seat 1: Hero ($11.48 in chips)
Seat 2: 1439087e ($7.69 in chips)
Seat 3: c8e9aa1f ($5 in chips)
Seat 4: 5a3aefbf ($3.74 in chips)
Seat 5: 759ac0ce ($5.77 in chips)
Seat 6: 5d3a1697 ($5.12 in chips)
5a3aefbf: posts small blind $0.02
759ac0ce: posts big blind $0.05
*** HOLE CARDS ***
Dealt to Hero [9d 5c]
Dealt to 1439087e 
Dealt to c8e9aa1f 
Dealt to 5a3aefbf 
Dealt to 759ac0ce 
Dealt to 5d3a1697 
5d3a1697: folds
Hero: folds
1439087e: folds
c8e9aa1f: raises $0.08 to $0.13
5a3aefbf: folds
759ac0ce: raises $0.37 to $0.5
c8e9aa1f: calls $0.37
*** FLOP *** [3d 2h Ac]
759ac0ce: checks
c8e9aa1f: checks
*** TURN *** [3d 2h Ac] [6d]
759ac0ce: checks
c8e9aa1f: bets $0.58
759ac0ce: folds
Uncalled bet ($0.58) returned to c8e9aa1f
*** SHOWDOWN ***
c8e9aa1f collected $0.97 from pot
*** SUMMARY ***
Total pot $1.02 | Rake $0.05 | Jackpot $0 | Bingo $0 | Fortune $0
Board [3d 2h Ac 6d]
Seat 1: Hero folded before Flop (didn't bet)
Seat 2: 1439087e folded before Flop (didn't bet)
Seat 3: c8e9aa1f (button) won ($0.97)
Seat 4: 5a3aefbf (small blind) folded before Flop
Seat 5: 759ac0ce (big blind) folded on the Turn
Seat 6: 5d3a1697 folded before Flop (didn't bet)


Poker Hand #HD1174436439: Hold'em No Limit  ($0.02/$0.05) - 2023/03/24 20:46:54
Table 'NLHBlue27' 6-max Seat #2 is the button
Seat 1: Hero ($11.48 in chips)
Seat 2: 1439087e ($7.69 in chips)
Seat 3: c8e9aa1f ($5 in chips)
Seat 4: 5a3aefbf ($3.79 in chips)
Seat 5: 759ac0ce ($5.7 in chips)
Seat 6: 5d3a1697 ($5.12 in chips)
c8e9aa1f: posts small blind $0.02
5a3aefbf: posts big blind $0.05
*** HOLE CARDS ***
Dealt to Hero [6s Ks]
Dealt to 1439087e 
Dealt to c8e9aa1f 
Dealt to 5a3aefbf 
Dealt to 759ac0ce 
Dealt to 5d3a1697 
759ac0ce: raises $0.08 to $0.13
5d3a1697: folds
Hero: folds
1439087e: folds
c8e9aa1f: folds
5a3aefbf: folds
Uncalled bet ($0.08) returned to 759ac0ce
*** SHOWDOWN ***
759ac0ce collected $0.12 from pot
*** SUMMARY ***
Total pot $0.12 | Rake $0 | Jackpot $0 | Bingo $0 | Fortune $0
Seat 1: Hero folded before Flop (didn't bet)
Seat 2: 1439087e (button) folded before Flop (didn't bet)
Seat 3: c8e9aa1f (small blind) folded before Flop
Seat 4: 5a3aefbf (big blind) folded before Flop
Seat 5: 759ac0ce collected ($0.12)
Seat 6: 5d3a1697 folded before Flop (didn't bet)


Poker Hand #HD1174436394: Hold'em No Limit  ($0.02/$0.05) - 2023/03/24 20:46:34
Table 'NLHBlue27' 6-max Seat #1 is the button
Seat 1: Hero ($11.48 in chips)
Seat 2: 1439087e ($7.71 in chips)
Seat 3: c8e9aa1f ($5 in chips)
Seat 4: 5a3aefbf ($2.41 in chips)
Seat 5: 759ac0ce ($5.7 in chips)
Seat 6: 5d3a1697 ($5.12 in chips)
1439087e: posts small blind $0.02
c8e9aa1f: posts big blind $0.05
*** HOLE CARDS ***
Dealt to Hero [5h As]
Dealt to 1439087e 
Dealt to c8e9aa1f 
Dealt to 5a3aefbf 
Dealt to 759ac0ce 
Dealt to 5d3a1697 
5a3aefbf: raises $0.05 to $0.1
759ac0ce: folds
5d3a1697: folds
Hero: folds
1439087e: folds
c8e9aa1f: folds
Uncalled bet ($0.05) returned to 5a3aefbf
*** SHOWDOWN ***
5a3aefbf collected $0.12 from pot
*** SUMMARY ***
Total pot $0.12 | Rake $0 | Jackpot $0 | Bingo $0 | Fortune $0
Seat 1: Hero (button) folded before Flop (didn't bet)
Seat 2: 1439087e (small blind) folded before Flop
Seat 3: c8e9aa1f (big blind) folded before Flop
Seat 4: 5a3aefbf collected ($0.12)
Seat 5: 759ac0ce folded before Flop (didn't bet)
Seat 6: 5d3a1697 folded before Flop (didn't bet)


Poker Hand #HD1174436280: Hold'em No Limit  ($0.02/$0.05) - 2023/03/24 20:45:46
Table 'NLHBlue27' 6-max Seat #6 is the button
Seat 1: Hero ($9.71 in chips)
Seat 2: 1439087e ($7.76 in chips)
Seat 3: c8e9aa1f ($5 in chips)
Seat 4: 5a3aefbf ($4.37 in chips)
Seat 5: 759ac0ce ($5.7 in chips)
Seat 6: 5d3a1697 ($5.12 in chips)
Hero: posts small blind $0.02
1439087e: posts big blind $0.05
*** HOLE CARDS ***
Dealt to Hero [Ac Th]
Dealt to 1439087e 
Dealt to c8e9aa1f 
Dealt to 5a3aefbf 
Dealt to 759ac0ce 
Dealt to 5d3a1697 
c8e9aa1f: folds
5a3aefbf: raises $0.07 to $0.12
759ac0ce: folds
5d3a1697: folds
Hero: raises $0.22 to $0.34
1439087e: folds
5a3aefbf: calls $0.22
*** FLOP *** [3c 9c 7s]
Hero: checks
5a3aefbf: bets $0.49
Hero: calls $0.49
*** TURN *** [3c 9c 7s] [Kc]
Hero: checks
5a3aefbf: bets $1.13
Hero: calls $1.13
*** RIVER *** [3c 9c 7s Kc] [4c]
Hero: bets $5.96
5a3aefbf: folds
Uncalled bet ($5.96) returned to Hero
*** SHOWDOWN ***
Hero collected $3.73 from pot
*** SUMMARY ***
Total pot $3.97 | Rake $0.19 | Jackpot $0.05 | Bingo $0 | Fortune $0
Board [3c 9c 7s Kc 4c]
Seat 1: Hero (small blind) won ($3.73)
Seat 2: 1439087e (big blind) folded before Flop
Seat 3: c8e9aa1f folded before Flop (didn't bet)
Seat 4: 5a3aefbf folded on the River
Seat 5: 759ac0ce folded before Flop (didn't bet)
Seat 6: 5d3a1697 (button) folded before Flop (didn't bet)


Poker Hand #HD1174436230: Hold'em No Limit  ($0.02/$0.05) - 2023/03/24 20:45:24
Table 'NLHBlue27' 6-max Seat #5 is the button
Seat 1: Hero ($9.76 in chips)
Seat 2: 1439087e ($7.76 in chips)
Seat 3: c8e9aa1f ($5 in chips)
Seat 4: 5a3aefbf ($4.37 in chips)
Seat 5: 759ac0ce ($5.63 in chips)
Seat 6: 5d3a1697 ($5.14 in chips)
5d3a1697: posts small blind $0.02
Hero: posts big blind $0.05
*** HOLE CARDS ***
Dealt to Hero [3s 2h]
Dealt to 1439087e 
Dealt to c8e9aa1f 
Dealt to 5a3aefbf 
Dealt to 759ac0ce 
Dealt to 5d3a1697 
1439087e: folds
c8e9aa1f: folds
5a3aefbf: folds
759ac0ce: raises $0.08 to $0.13
5d3a1697: folds
Hero: folds
Uncalled bet ($0.08) returned to 759ac0ce
*** SHOWDOWN ***
759ac0ce collected $0.12 from pot
*** SUMMARY ***
Total pot $0.12 | Rake $0 | Jackpot $0 | Bingo $0 | Fortune $0
Seat 1: Hero (big blind) folded before Flop
Seat 2: 1439087e folded before Flop (didn't bet)
Seat 3: c8e9aa1f folded before Flop (didn't bet)
Seat 4: 5a3aefbf folded before Flop (didn't bet)
Seat 5: 759ac0ce (button) collected ($0.12)
Seat 6: 5d3a1697 (small blind) folded before Flop


Poker Hand #HD1174436090: Hold'em No Limit  ($0.02/$0.05) - 2023/03/24 20:44:24
Table 'NLHBlue27' 6-max Seat #4 is the button
Seat 1: Hero ($9.76 in chips)
Seat 2: 1439087e ($7.76 in chips)
Seat 3: c8e9aa1f ($5.05 in chips)
Seat 4: 5a3aefbf ($4.37 in chips)
Seat 5: 759ac0ce ($5.65 in chips)
Seat 6: 5d3a1697 ($5 in chips)
759ac0ce: posts small blind $0.02
5d3a1697: posts big blind $0.05
*** HOLE CARDS ***
Dealt to Hero [Kh 8h]
Dealt to 1439087e 
Dealt to c8e9aa1f 
Dealt to 5a3aefbf 
Dealt to 759ac0ce 
Dealt to 5d3a1697 
Hero: folds
1439087e: folds
c8e9aa1f: raises $0.08 to $0.13
5a3aefbf: folds
759ac0ce: folds
5d3a1697: calls $0.08
*** FLOP *** [9c 6h Tc]
5d3a1697: checks
c8e9aa1f: checks
*** TURN *** [9c 6h Tc] [5h]
5d3a1697: checks
c8e9aa1f: checks
*** RIVER *** [9c 6h Tc 5h] [Ks]
5d3a1697: checks
c8e9aa1f: checks
5d3a1697: shows [4c 4d] (Pair of Fours)
c8e9aa1f: shows [Ah Jh] (Ace-High)
*** SHOWDOWN ***
5d3a1697 collected $0.27 from pot
*** SUMMARY ***
Total pot $0.28 | Rake $0.01 | Jackpot $0 | Bingo $0 | Fortune $0
Board [9c 6h Tc 5h Ks]
Seat 1: Hero folded before Flop (didn't bet)
Seat 2: 1439087e folded before Flop (didn't bet)
Seat 3: c8e9aa1f showed [Ah Jh] and lost with Ace-High
Seat 4: 5a3aefbf (button) folded before Flop (didn't bet)
Seat 5: 759ac0ce (small blind) folded before Flop
Seat 6: 5d3a1697 (big blind) showed [4c 4d] and won ($0.27) with Pair of Fours


Poker Hand #HD1174436026: Hold'em No Limit  ($0.02/$0.05) - 2023/03/24 20:43:55
Table 'NLHBlue27' 6-max Seat #3 is the button
Seat 1: Hero ($9.04 in chips)
Seat 2: 1439087e ($7.88 in chips)
Seat 3: c8e9aa1f ($5.05 in chips)
Seat 4: 5a3aefbf ($4.99 in chips)
Seat 5: 759ac0ce ($5.7 in chips)
5a3aefbf: posts small blind $0.02
759ac0ce: posts big blind $0.05
*** HOLE CARDS ***
Dealt to Hero [Qd Qc]
Dealt to 1439087e 
Dealt to c8e9aa1f 
Dealt to 5a3aefbf 
Dealt to 759ac0ce 
Hero: raises $0.07 to $0.12
1439087e: calls $0.12
c8e9aa1f: folds
5a3aefbf: raises $0.5 to $0.62
759ac0ce: folds
Hero: raises $1.06 to $1.68
1439087e: folds
5a3aefbf: folds
Uncalled bet ($1.06) returned to Hero
*** SHOWDOWN ***
Hero collected $1.34 from pot
*** SUMMARY ***
Total pot $1.41 | Rake $0.07 | Jackpot $0 | Bingo $0 | Fortune $0
Seat 1: Hero collected ($1.34)
Seat 2: 1439087e folded before Flop
Seat 3: c8e9aa1f (button) folded before Flop (didn't bet)
Seat 4: 5a3aefbf (small blind) folded before Flop
Seat 5: 759ac0ce (big blind) folded before Flop


Poker Hand #HD1174435996: Hold'em No Limit  ($0.02/$0.05) - 2023/03/24 20:43:44
Table 'NLHBlue27' 6-max Seat #2 is the button
Seat 1: Hero ($9.04 in chips)
Seat 2: 1439087e ($7.88 in chips)
Seat 3: c8e9aa1f ($5 in chips)
Seat 4: 5a3aefbf ($5.04 in chips)
Seat 5: 759ac0ce ($5.7 in chips)
c8e9aa1f: posts small blind $0.02
5a3aefbf: posts big blind $0.05
*** HOLE CARDS ***
Dealt to Hero [6h Qc]
Dealt to 1439087e 
Dealt to c8e9aa1f 
Dealt to 5a3aefbf 
Dealt to 759ac0ce 
759ac0ce: folds
Hero: folds
1439087e: folds
c8e9aa1f: raises $0.1 to $0.15
5a3aefbf: folds
Uncalled bet ($0.1) returned to c8e9aa1f
*** SHOWDOWN ***
c8e9aa1f collected $0.1 from pot
*** SUMMARY ***
Total pot $0.1 | Rake $0 | Jackpot $0 | Bingo $0 | Fortune $0
Seat 1: Hero folded before Flop (didn't bet)
Seat 2: 1439087e (button) folded before Flop (didn't bet)
Seat 3: c8e9aa1f (small blind) collected ($0.1)
Seat 4: 5a3aefbf (big blind) folded before Flop
Seat 5: 759ac0ce folded before Flop (didn't bet)


Poker Hand #HD1174435944: Hold'em No Limit  ($0.02/$0.05) - 2023/03/24 20:43:26
Table 'NLHBlue27' 6-max Seat #1 is the button
Seat 1: Hero ($9.04 in chips)
Seat 2: 1439087e ($7.9 in chips)
Seat 3: c8e9aa1f ($5 in chips)
Seat 4: 5a3aefbf ($4.97 in chips)
Seat 5: 759ac0ce ($5.7 in chips)
1439087e: posts small blind $0.02
c8e9aa1f: posts big blind $0.05
*** HOLE CARDS ***
Dealt to Hero [Ac 3d]
Dealt to 1439087e 
Dealt to c8e9aa1f 
Dealt to 5a3aefbf 
Dealt to 759ac0ce 
5a3aefbf: raises $0.07 to $0.12
759ac0ce: folds
Hero: folds
1439087e: folds
c8e9aa1f: folds
Uncalled bet ($0.07) returned to 5a3aefbf
*** SHOWDOWN ***
5a3aefbf collected $0.12 from pot
*** SUMMARY ***
Total pot $0.12 | Rake $0 | Jackpot $0 | Bingo $0 | Fortune $0
Seat 1: Hero (button) folded before Flop (didn't bet)
Seat 2: 1439087e (small blind) folded before Flop
Seat 3: c8e9aa1f (big blind) folded before Flop
Seat 4: 5a3aefbf collected ($0.12)
Seat 5: 759ac0ce folded before Flop (didn't bet)


Poker Hand #HD1174435904: Hold'em No Limit  ($0.02/$0.05) - 2023/03/24 20:43:09
Table 'NLHBlue27' 6-max Seat #5 is the button
Seat 1: Hero ($9.06 in chips)
Seat 2: 1439087e ($7.95 in chips)
Seat 3: c8e9aa1f ($5 in chips)
Seat 4: 5a3aefbf ($4.9 in chips)
Seat 5: 759ac0ce ($5.7 in chips)
Hero: posts small blind $0.02
1439087e: posts big blind $0.05
*** HOLE CARDS ***
Dealt to Hero [7d 6h]
Dealt to 1439087e 
Dealt to c8e9aa1f 
Dealt to 5a3aefbf 
Dealt to 759ac0ce 
c8e9aa1f: folds
5a3aefbf: raises $0.07 to $0.12
759ac0ce: folds
Hero: folds
1439087e: folds
Uncalled bet ($0.07) returned to 5a3aefbf
*** SHOWDOWN ***
5a3aefbf collected $0.12 from pot
*** SUMMARY ***
Total pot $0.12 | Rake $0 | Jackpot $0 | Bingo $0 | Fortune $0
Seat 1: Hero (small blind) folded before Flop
Seat 2: 1439087e (big blind) folded before Flop
Seat 3: c8e9aa1f folded before Flop (didn't bet)
Seat 4: 5a3aefbf collected ($0.12)
Seat 5: 759ac0ce (button) folded before Flop (didn't bet)


Poker Hand #HD1174435853: Hold'em No Limit  ($0.02/$0.05) - 2023/03/24 20:42:48
Table 'NLHBlue27' 6-max Seat #4 is the button
Seat 1: Hero ($9.11 in chips)
Seat 2: 1439087e ($7.95 in chips)
Seat 3: c8e9aa1f ($5 in chips)
Seat 4: 5a3aefbf ($4.9 in chips)
Seat 5: 759ac0ce ($5.65 in chips)
759ac0ce: posts small blind $0.02
Hero: posts big blind $0.05
*** HOLE CARDS ***
Dealt to Hero [3c Ks]
Dealt to 1439087e 
Dealt to c8e9aa1f 
Dealt to 5a3aefbf 
Dealt to 759ac0ce 
1439087e: folds
c8e9aa1f: folds
5a3aefbf: folds
759ac0ce: raises $0.1 to $0.15
Hero: folds
Uncalled bet ($0.1) returned to 759ac0ce
*** SHOWDOWN ***
759ac0ce collected $0.1 from pot
*** SUMMARY ***
Total pot $0.1 | Rake $0 | Jackpot $0 | Bingo $0 | Fortune $0
Seat 1: Hero (big blind) folded before Flop
Seat 2: 1439087e folded before Flop (didn't bet)
Seat 3: c8e9aa1f folded before Flop (didn't bet)
Seat 4: 5a3aefbf (button) folded before Flop (didn't bet)
Seat 5: 759ac0ce (small blind) collected ($0.1)


Poker Hand #HD1174435818: Hold'em No Limit  ($0.02/$0.05) - 2023/03/24 20:42:33
Table 'NLHBlue27' 6-max Seat #3 is the button
Seat 1: Hero ($9.11 in chips)
Seat 3: c8e9aa1f ($5 in chips)
Seat 4: 5a3aefbf ($4.92 in chips)
Seat 5: 759ac0ce ($5.63 in chips)
5a3aefbf: posts small blind $0.02
759ac0ce: posts big blind $0.05
*** HOLE CARDS ***
Dealt to Hero [3h 7s]
Dealt to c8e9aa1f 
Dealt to 5a3aefbf 
Dealt to 759ac0ce 
Hero: folds
c8e9aa1f: folds
5a3aefbf: folds
Uncalled bet ($0.03) returned to 759ac0ce
*** SHOWDOWN ***
759ac0ce collected $0.04 from pot
*** SUMMARY ***
Total pot $0.04 | Rake $0 | Jackpot $0 | Bingo $0 | Fortune $0
Seat 1: Hero folded before Flop (didn't bet)
Seat 3: c8e9aa1f (button) folded before Flop (didn't bet)
Seat 4: 5a3aefbf (small blind) folded before Flop
Seat 5: 759ac0ce (big blind) collected ($0.04)


Poker Hand #HD1174435762: Hold'em No Limit  ($0.02/$0.05) - 2023/03/24 20:42:10
Table 'NLHBlue27' 6-max Seat #1 is the button
Seat 1: Hero ($9.04 in chips)
Seat 2: 1439087e ($7.97 in chips)
Seat 3: c8e9aa1f ($5 in chips)
Seat 4: 5a3aefbf ($4.92 in chips)
Seat 5: 759ac0ce ($5.63 in chips)
1439087e: posts small blind $0.02
c8e9aa1f: posts big blind $0.05
*** HOLE CARDS ***
Dealt to Hero [Qs Th]
Dealt to 1439087e 
Dealt to c8e9aa1f 
Dealt to 5a3aefbf 
Dealt to 759ac0ce 
5a3aefbf: folds
759ac0ce: folds
Hero: raises $0.07 to $0.12
1439087e: folds
c8e9aa1f: folds
Uncalled bet ($0.07) returned to Hero
*** SHOWDOWN ***
Hero collected $0.12 from pot
*** SUMMARY ***
Total pot $0.12 | Rake $0 | Jackpot $0 | Bingo $0 | Fortune $0
Seat 1: Hero (button) collected ($0.12)
Seat 2: 1439087e (small blind) folded before Flop
Seat 3: c8e9aa1f (big blind) folded before Flop
Seat 4: 5a3aefbf folded before Flop (didn't bet)
Seat 5: 759ac0ce folded before Flop (didn't bet)


Poker Hand #HD1174435715: Hold'em No Limit  ($0.02/$0.05) - 2023/03/24 20:41:47
Table 'NLHBlue27' 6-max Seat #5 is the button
Seat 1: Hero ($9.06 in chips)
Seat 2: 1439087e ($8.02 in chips)
Seat 3: c8e9aa1f ($5 in chips)
Seat 4: 5a3aefbf ($4.92 in chips)
Seat 5: 759ac0ce ($5.56 in chips)
Hero: posts small blind $0.02
1439087e: posts big blind $0.05
*** HOLE CARDS ***
Dealt to Hero [Kc 5h]
Dealt to 1439087e 
Dealt to c8e9aa1f 
Dealt to 5a3aefbf 
Dealt to 759ac0ce 
c8e9aa1f: folds
5a3aefbf: folds
759ac0ce: raises $0.08 to $0.13
Hero: folds
1439087e: folds
Uncalled bet ($0.08) returned to 759ac0ce
*** SHOWDOWN ***
759ac0ce collected $0.12 from pot
*** SUMMARY ***
Total pot $0.12 | Rake $0 | Jackpot $0 | Bingo $0 | Fortune $0
Seat 1: Hero (small blind) folded before Flop
Seat 2: 1439087e (big blind) folded before Flop
Seat 3: c8e9aa1f folded before Flop (didn't bet)
Seat 4: 5a3aefbf folded before Flop (didn't bet)
Seat 5: 759ac0ce (button) collected ($0.12)


Poker Hand #HD1174435674: Hold'em No Limit  ($0.02/$0.05) - 2023/03/24 20:41:31
Table 'NLHBlue27' 6-max Seat #4 is the button
Seat 1: Hero ($9.11 in chips)
Seat 2: 1439087e ($8.02 in chips)
Seat 3: c8e9aa1f ($5 in chips)
Seat 4: 5a3aefbf ($4.85 in chips)
Seat 5: 759ac0ce ($5.58 in chips)
759ac0ce: posts small blind $0.02
Hero: posts big blind $0.05
*** HOLE CARDS ***
Dealt to Hero [9h 4s]
Dealt to 1439087e 
Dealt to c8e9aa1f 
Dealt to 5a3aefbf 
Dealt to 759ac0ce 
1439087e: folds
c8e9aa1f: folds
5a3aefbf: raises $0.07 to $0.12
759ac0ce: folds
Hero: folds
Uncalled bet ($0.07) returned to 5a3aefbf
*** SHOWDOWN ***
5a3aefbf collected $0.12 from pot
*** SUMMARY ***
Total pot $0.12 | Rake $0 | Jackpot $0 | Bingo $0 | Fortune $0
Seat 1: Hero (big blind) folded before Flop
Seat 2: 1439087e folded before Flop (didn't bet)
Seat 3: c8e9aa1f folded before Flop (didn't bet)
Seat 4: 5a3aefbf (button) collected ($0.12)
Seat 5: 759ac0ce (small blind) folded before Flop


Poker Hand #HD1174365559: Hold'em No Limit  ($0.02/$0.05) - 2023/03/24 20:40:38
Table 'NLHBlue27' 6-max Seat #3 is the button
Seat 1: Hero ($9.11 in chips)
Seat 2: 1439087e ($8.02 in chips)
Seat 3: c8e9aa1f ($5 in chips)
Seat 4: 5a3aefbf ($4.98 in chips)
Seat 5: 759ac0ce ($5.34 in chips)
5a3aefbf: posts small blind $0.02
759ac0ce: posts big blind $0.05
*** HOLE CARDS ***
Dealt to Hero [7c 2c]
Dealt to 1439087e 
Dealt to c8e9aa1f 
Dealt to 5a3aefbf 
Dealt to 759ac0ce 
Hero: folds
1439087e: folds
c8e9aa1f: raises $0.08 to $0.13
5a3aefbf: calls $0.11
759ac0ce: calls $0.08
*** FLOP *** [Jd 5s Td]
5a3aefbf: checks
759ac0ce: checks
c8e9aa1f: checks
*** TURN *** [Jd 5s Td] [9d]
5a3aefbf: checks
759ac0ce: bets $0.3
c8e9aa1f: folds
5a3aefbf: folds
Uncalled bet ($0.3) returned to 759ac0ce
*** SHOWDOWN ***
759ac0ce collected $0.37 from pot
*** SUMMARY ***
Total pot $0.39 | Rake $0.02 | Jackpot $0 | Bingo $0 | Fortune $0
Board [Jd 5s Td 9d]
Seat 1: Hero folded before Flop (didn't bet)
Seat 2: 1439087e folded before Flop (didn't bet)
Seat 3: c8e9aa1f (button) folded on the Turn
Seat 4: 5a3aefbf (small blind) folded on the Turn
Seat 5: 759ac0ce (big blind) won ($0.37)


Poker Hand #HD1174365480: Hold'em No Limit  ($0.02/$0.05) - 2023/03/24 20:40:05
Table 'NLHBlue27' 6-max Seat #2 is the button
Seat 1: Hero ($9.11 in chips)
Seat 2: 1439087e ($8.15 in chips)
Seat 3: c8e9aa1f ($5 in chips)
Seat 4: 5a3aefbf ($5.11 in chips)
Seat 5: 759ac0ce ($5.08 in chips)
c8e9aa1f: posts small blind $0.02
5a3aefbf: posts big blind $0.05
*** HOLE CARDS ***
Dealt to Hero [Qs 6s]
Dealt to 1439087e 
Dealt to c8e9aa1f 
Dealt to 5a3aefbf 
Dealt to 759ac0ce 
759ac0ce: raises $0.08 to $0.13
Hero: folds
1439087e: calls $0.13
c8e9aa1f: folds
5a3aefbf: calls $0.08
*** FLOP *** [Kc Ks 4h]
5a3aefbf: checks
759ac0ce: bets $0.14
1439087e: folds
5a3aefbf: folds
Uncalled bet ($0.14) returned to 759ac0ce
*** SHOWDOWN ***
759ac0ce collected $0.39 from pot
*** SUMMARY ***
Total pot $0.41 | Rake $0.02 | Jackpot $0 | Bingo $0 | Fortune $0
Board [Kc Ks 4h]
Seat 1: Hero folded before Flop (didn't bet)
Seat 2: 1439087e (button) folded on the Flop
Seat 3: c8e9aa1f (small blind) folded before Flop
Seat 4: 5a3aefbf (big blind) folded on the Flop
Seat 5: 759ac0ce won ($0.39)


Poker Hand #HD1174365449: Hold'em No Limit  ($0.02/$0.05) - 2023/03/24 20:39:50
Table 'NLHBlue27' 6-max Seat #1 is the button
Seat 1: Hero ($9.11 in chips)
Seat 2: 1439087e ($8.17 in chips)
Seat 3: c8e9aa1f ($5 in chips)
Seat 4: 5a3aefbf ($5.11 in chips)
Seat 5: 759ac0ce ($5.01 in chips)
1439087e: posts small blind $0.02
c8e9aa1f: posts big blind $0.05
*** HOLE CARDS ***
Dealt to Hero [6c Ah]
Dealt to 1439087e 
Dealt to c8e9aa1f 
Dealt to 5a3aefbf 
Dealt to 759ac0ce 
5a3aefbf: folds
759ac0ce: raises $0.08 to $0.13
Hero: folds
1439087e: folds
c8e9aa1f: folds
Uncalled bet ($0.08) returned to 759ac0ce
*** SHOWDOWN ***
759ac0ce collected $0.12 from pot
*** SUMMARY ***
Total pot $0.12 | Rake $0 | Jackpot $0 | Bingo $0 | Fortune $0
Seat 1: Hero (button) folded before Flop (didn't bet)
Seat 2: 1439087e (small blind) folded before Flop
Seat 3: c8e9aa1f (big blind) folded before Flop
Seat 4: 5a3aefbf folded before Flop (didn't bet)
Seat 5: 759ac0ce collected ($0.12)


Poker Hand #HD1174365295: Hold'em No Limit  ($0.02/$0.05) - 2023/03/24 20:38:36
Table 'NLHBlue27' 6-max Seat #5 is the button
Seat 1: Hero ($9.13 in chips)
Seat 2: 1439087e ($8.16 in chips)
Seat 3: c8e9aa1f ($5 in chips)
Seat 4: 5a3aefbf ($5.11 in chips)
Seat 5: 759ac0ce ($5 in chips)
Hero: posts small blind $0.02
1439087e: posts big blind $0.05
*** HOLE CARDS ***
Dealt to Hero [3c 4c]
Dealt to 1439087e 
Dealt to c8e9aa1f 
Dealt to 5a3aefbf 
Dealt to 759ac0ce 
c8e9aa1f: folds
5a3aefbf: folds
759ac0ce: raises $0.08 to $0.13
Hero: folds
1439087e: calls $0.08
*** FLOP *** [3d 2s 3s]
1439087e: checks
759ac0ce: checks
*** TURN *** [3d 2s 3s] [6d]
1439087e: checks
759ac0ce: checks
*** RIVER *** [3d 2s 3s 6d] [2h]
1439087e: bets $0.05
759ac0ce: calls $0.05
1439087e: shows [Ad Ts] (Pair of Treys and Pair of Twos)
759ac0ce: shows [8s Ah] (Pair of Treys and Pair of Twos)
*** SHOWDOWN ***
1439087e collected $0.19 from pot
759ac0ce collected $0.19 from pot
*** SUMMARY ***
Total pot $0.38 | Rake $0 | Jackpot $0 | Bingo $0 | Fortune $0
Board [3d 2s 3s 6d 2h]
Seat 1: Hero (small blind) folded before Flop
Seat 2: 1439087e (big blind) showed [Ad Ts] and won ($0.19) with Pair of Treys and Pair of Twos
Seat 3: c8e9aa1f folded before Flop (didn't bet)
Seat 4: 5a3aefbf folded before Flop (didn't bet)
Seat 5: 759ac0ce (button) showed [8s Ah] and won ($0.19) with Pair of Treys and Pair of Twos


Poker Hand #HD1174365111: Hold'em No Limit  ($0.02/$0.05) - 2023/03/24 20:37:23
Table 'NLHBlue27' 6-max Seat #4 is the button
Seat 1: Hero ($8.9 in chips)
Seat 2: 1439087e ($8.39 in chips)
Seat 3: c8e9aa1f ($5 in chips)
Seat 4: 5a3aefbf ($5.11 in chips)
Seat 5: 759ac0ce ($5.01 in chips)
759ac0ce: posts small blind $0.02
Hero: posts big blind $0.05
*** HOLE CARDS ***
Dealt to Hero [Kd Qh]
Dealt to 1439087e 
Dealt to c8e9aa1f 
Dealt to 5a3aefbf 
Dealt to 759ac0ce 
1439087e: raises $0.08 to $0.13
c8e9aa1f: folds
5a3aefbf: folds
759ac0ce: folds
Hero: calls $0.08
*** FLOP *** [Jc 7d 7c]
Hero: checks
1439087e: bets $0.1
Hero: calls $0.1
*** TURN *** [Jc 7d 7c] [3c]
Hero: checks
1439087e: checks
*** RIVER *** [Jc 7d 7c 3c] [Qd]
Hero: bets $0.36
1439087e: folds
Uncalled bet ($0.36) returned to Hero
*** SHOWDOWN ***
Hero collected $0.46 from pot
*** SUMMARY ***
Total pot $0.48 | Rake $0.02 | Jackpot $0 | Bingo $0 | Fortune $0
Board [Jc 7d 7c 3c Qd]
Seat 1: Hero (big blind) won ($0.46)
Seat 2: 1439087e folded on the River
Seat 3: c8e9aa1f folded before Flop (didn't bet)
Seat 4: 5a3aefbf (button) folded before Flop (didn't bet)
Seat 5: 759ac0ce (small blind) folded before Flop


Poker Hand #HD1174364958: Hold'em No Limit  ($0.02/$0.05) - 2023/03/24 20:36:14
Table 'NLHBlue27' 6-max Seat #3 is the button
Seat 1: Hero ($8.9 in chips)
Seat 2: 1439087e ($8.39 in chips)
Seat 3: c8e9aa1f ($5 in chips)
Seat 4: 5a3aefbf ($4.6 in chips)
Seat 5: 759ac0ce ($5.06 in chips)
5a3aefbf: posts small blind $0.02
759ac0ce: posts big blind $0.05
*** HOLE CARDS ***
Dealt to Hero [As 9c]
Dealt to 1439087e 
Dealt to c8e9aa1f 
Dealt to 5a3aefbf 
Dealt to 759ac0ce 
Hero: folds
1439087e: folds
c8e9aa1f: raises $0.08 to $0.13
5a3aefbf: calls $0.11
759ac0ce: folds
*** FLOP *** [6c 2h 2d]
5a3aefbf: checks
c8e9aa1f: bets $0.11
5a3aefbf: calls $0.11
*** TURN *** [6c 2h 2d] [Jc]
5a3aefbf: checks
c8e9aa1f: bets $0.27
5a3aefbf: raises $0.71 to $0.98
c8e9aa1f: folds
Uncalled bet ($0.71) returned to 5a3aefbf
*** SHOWDOWN ***
5a3aefbf collected $1.02 from pot
*** SUMMARY ***
Total pot $1.07 | Rake $0.05 | Jackpot $0 | Bingo $0 | Fortune $0
Board [6c 2h 2d Jc]
Seat 1: Hero folded before Flop (didn't bet)
Seat 2: 1439087e folded before Flop (didn't bet)
Seat 3: c8e9aa1f (button) folded on the Turn
Seat 4: 5a3aefbf (small blind) won ($1.02)
Seat 5: 759ac0ce (big blind) folded before Flop


Poker Hand #HD1174364918: Hold'em No Limit  ($0.02/$0.05) - 2023/03/24 20:36:00
Table 'NLHBlue27' 6-max Seat #2 is the button
Seat 1: Hero ($8.9 in chips)
Seat 2: 1439087e ($8.32 in chips)
Seat 3: c8e9aa1f ($5 in chips)
Seat 4: 5a3aefbf ($4.65 in chips)
Seat 5: 759ac0ce ($5.06 in chips)
c8e9aa1f: posts small blind $0.02
5a3aefbf: posts big blind $0.05
*** HOLE CARDS ***
Dealt to Hero [6c Qh]
Dealt to 1439087e 
Dealt to c8e9aa1f 
Dealt to 5a3aefbf 
Dealt to 759ac0ce 
759ac0ce: folds
Hero: folds
1439087e: raises $0.08 to $0.13
c8e9aa1f: folds
5a3aefbf: folds
Uncalled bet ($0.08) returned to 1439087e
*** SHOWDOWN ***
1439087e collected $0.12 from pot
*** SUMMARY ***
Total pot $0.12 | Rake $0 | Jackpot $0 | Bingo $0 | Fortune $0
Seat 1: Hero folded before Flop (didn't bet)
Seat 2: 1439087e (button) collected ($0.12)
Seat 3: c8e9aa1f (small blind) folded before Flop
Seat 4: 5a3aefbf (big blind) folded before Flop
Seat 5: 759ac0ce folded before Flop (didn't bet)


Poker Hand #HD1174364837: Hold'em No Limit  ($0.02/$0.05) - 2023/03/24 20:35:27
Table 'NLHBlue27' 6-max Seat #1 is the button
Seat 1: Hero ($8.9 in chips)
Seat 2: 1439087e ($8.18 in chips)
Seat 3: c8e9aa1f ($5.08 in chips)
Seat 4: 5a3aefbf ($4.65 in chips)
Seat 5: 759ac0ce ($5.06 in chips)
1439087e: posts small blind $0.02
c8e9aa1f: posts big blind $0.05
*** HOLE CARDS ***
Dealt to Hero [Qs 4h]
Dealt to 1439087e 
Dealt to c8e9aa1f 
Dealt to 5a3aefbf 
Dealt to 759ac0ce 
5a3aefbf: folds
759ac0ce: folds
Hero: folds
1439087e: raises $0.1 to $0.15
c8e9aa1f: calls $0.1
*** FLOP *** [Qd 2s 8c]
1439087e: bets $0.17
c8e9aa1f: folds
Uncalled bet ($0.17) returned to 1439087e
*** SHOWDOWN ***
1439087e collected $0.29 from pot
*** SUMMARY ***
Total pot $0.3 | Rake $0.01 | Jackpot $0 | Bingo $0 | Fortune $0
Board [Qd 2s 8c]
Seat 1: Hero (button) folded before Flop (didn't bet)
Seat 2: 1439087e (small blind) won ($0.29)
Seat 3: c8e9aa1f (big blind) folded on the Flop
Seat 4: 5a3aefbf folded before Flop (didn't bet)
Seat 5: 759ac0ce folded before Flop (didn't bet)


Poker Hand #HD1174364798: Hold'em No Limit  ($0.02/$0.05) - 2023/03/24 20:35:12
Table 'NLHBlue27' 6-max Seat #5 is the button
Seat 1: Hero ($8.92 in chips)
Seat 2: 1439087e ($8.16 in chips)
Seat 3: c8e9aa1f ($5.08 in chips)
Seat 4: 5a3aefbf ($4.65 in chips)
Seat 5: 759ac0ce ($5.06 in chips)
Hero: posts small blind $0.02
1439087e: posts big blind $0.05
*** HOLE CARDS ***
Dealt to Hero [5d Js]
Dealt to 1439087e 
Dealt to c8e9aa1f 
Dealt to 5a3aefbf 
Dealt to 759ac0ce 
c8e9aa1f: folds
5a3aefbf: folds
759ac0ce: folds
Hero: folds
Uncalled bet ($0.03) returned to 1439087e
*** SHOWDOWN ***
1439087e collected $0.04 from pot
*** SUMMARY ***
Total pot $0.04 | Rake $0 | Jackpot $0 | Bingo $0 | Fortune $0
Seat 1: Hero (small blind) folded before Flop
Seat 2: 1439087e (big blind) collected ($0.04)
Seat 3: c8e9aa1f folded before Flop (didn't bet)
Seat 4: 5a3aefbf folded before Flop (didn't bet)
Seat 5: 759ac0ce (button) folded before Flop (didn't bet)


Poker Hand #HD1174364684: Hold'em No Limit  ($0.02/$0.05) - 2023/03/24 20:34:16
Table 'NLHBlue27' 6-max Seat #4 is the button
Seat 1: Hero ($8.35 in chips)
Seat 2: 1439087e ($8.16 in chips)
Seat 3: c8e9aa1f ($5.08 in chips)
Seat 4: 5a3aefbf ($4.65 in chips)
Seat 5: 759ac0ce ($5.08 in chips)
Seat 6: 9c5f4e99 ($0.61 in chips)
759ac0ce: posts small blind $0.02
9c5f4e99: posts big blind $0.05
*** HOLE CARDS ***
Dealt to Hero [Kc Ah]
Dealt to 1439087e 
Dealt to c8e9aa1f 
Dealt to 5a3aefbf 
Dealt to 759ac0ce 
Dealt to 9c5f4e99 
Hero: raises $0.07 to $0.12
1439087e: folds
c8e9aa1f: folds
5a3aefbf: folds
759ac0ce: folds
9c5f4e99: raises $0.49 to $0.61 and is all-in
Hero: calls $0.49
9c5f4e99: shows [Qh Jd]
Hero: shows [Kc Ah]
*** FLOP *** [9d 2d 5h]
*** TURN *** [9d 2d 5h] [Ts]
*** RIVER *** [9d 2d 5h Ts] [3c]
*** SHOWDOWN ***
Hero collected $1.18 from pot
*** SUMMARY ***
Total pot $1.24 | Rake $0.06 | Jackpot $0 | Bingo $0 | Fortune $0
Board [9d 2d 5h Ts 3c]
Seat 1: Hero showed [Kc Ah] and won ($1.18) with Ace-High
Seat 2: 1439087e folded before Flop (didn't bet)
Seat 3: c8e9aa1f folded before Flop (didn't bet)
Seat 4: 5a3aefbf (button) folded before Flop (didn't bet)
Seat 5: 759ac0ce (small blind) folded before Flop
Seat 6: 9c5f4e99 (big blind) showed [Qh Jd] and lost with Queen-High


Poker Hand #HD1174364609: Hold'em No Limit  ($0.02/$0.05) - 2023/03/24 20:33:45
Table 'NLHBlue27' 6-max Seat #3 is the button
Seat 1: Hero ($8.23 in chips)
Seat 2: 1439087e ($8.16 in chips)
Seat 3: c8e9aa1f ($5.08 in chips)
Seat 4: 5a3aefbf ($4.67 in chips)
Seat 5: 759ac0ce ($5.13 in chips)
Seat 6: 9c5f4e99 ($0.66 in chips)
5a3aefbf: posts small blind $0.02
759ac0ce: posts big blind $0.05
*** HOLE CARDS ***
Dealt to Hero [Ah Qc]
Dealt to 1439087e 
Dealt to c8e9aa1f 
Dealt to 5a3aefbf 
Dealt to 759ac0ce 
Dealt to 9c5f4e99 
9c5f4e99: calls $0.05
Hero: raises $0.15 to $0.2
1439087e: folds
c8e9aa1f: folds
5a3aefbf: folds
759ac0ce: folds
9c5f4e99: folds
Uncalled bet ($0.15) returned to Hero
*** SHOWDOWN ***
Hero collected $0.17 from pot
*** SUMMARY ***
Total pot $0.17 | Rake $0 | Jackpot $0 | Bingo $0 | Fortune $0
Seat 1: Hero collected ($0.17)
Seat 2: 1439087e folded before Flop (didn't bet)
Seat 3: c8e9aa1f (button) folded before Flop (didn't bet)
Seat 4: 5a3aefbf (small blind) folded before Flop
Seat 5: 759ac0ce (big blind) folded before Flop
Seat 6: 9c5f4e99 folded before Flop


Poker Hand #HD1174364529: Hold'em No Limit  ($0.02/$0.05) - 2023/03/24 20:33:10
Table 'NLHBlue27' 6-max Seat #2 is the button
Seat 1: Hero ($8.1 in chips)
Seat 2: 1439087e ($8.16 in chips)
Seat 3: c8e9aa1f ($5.1 in chips)
Seat 4: 5a3aefbf ($4.79 in chips)
Seat 5: 759ac0ce ($5.13 in chips)
Seat 6: 9c5f4e99 ($0.66 in chips)
c8e9aa1f: posts small blind $0.02
5a3aefbf: posts big blind $0.05
*** HOLE CARDS ***
Dealt to Hero [Ac Ks]
Dealt to 1439087e 
Dealt to c8e9aa1f 
Dealt to 5a3aefbf 
Dealt to 759ac0ce 
Dealt to 9c5f4e99 
759ac0ce: folds
9c5f4e99: folds
Hero: raises $0.07 to $0.12
1439087e: folds
c8e9aa1f: folds
5a3aefbf: calls $0.07
*** FLOP *** [2c 2d Js]
5a3aefbf: checks
Hero: bets $0.09
5a3aefbf: folds
Uncalled bet ($0.09) returned to Hero
9c5f4e99: shows [2h]
*** SHOWDOWN ***
Hero collected $0.25 from pot
*** SUMMARY ***
Total pot $0.26 | Rake $0.01 | Jackpot $0 | Bingo $0 | Fortune $0
Board [2c 2d Js]
Seat 1: Hero won ($0.25)
Seat 2: 1439087e (button) folded before Flop (didn't bet)
Seat 3: c8e9aa1f (small blind) folded before Flop
Seat 4: 5a3aefbf (big blind) folded on the Flop
Seat 5: 759ac0ce folded before Flop (didn't bet)
Seat 6: 9c5f4e99 folded before Flop (didn't bet)


Poker Hand #HD1174364468: Hold'em No Limit  ($0.02/$0.05) - 2023/03/24 20:32:44
Table 'NLHBlue27' 6-max Seat #1 is the button
Seat 1: Hero ($8.1 in chips)
Seat 2: 1439087e ($8.18 in chips)
Seat 3: c8e9aa1f ($5.15 in chips)
Seat 4: 5a3aefbf ($4.79 in chips)
Seat 5: 759ac0ce ($5.06 in chips)
Seat 6: 9c5f4e99 ($0.66 in chips)
1439087e: posts small blind $0.02
c8e9aa1f: posts big blind $0.05
*** HOLE CARDS ***
Dealt to Hero [Ah 2h]
Dealt to 1439087e 
Dealt to c8e9aa1f 
Dealt to 5a3aefbf 
Dealt to 759ac0ce 
Dealt to 9c5f4e99 
5a3aefbf: folds
759ac0ce: raises $0.08 to $0.13
9c5f4e99: folds
Hero: folds
1439087e: folds
c8e9aa1f: folds
Uncalled bet ($0.08) returned to 759ac0ce
*** SHOWDOWN ***
759ac0ce collected $0.12 from pot
*** SUMMARY ***
Total pot $0.12 | Rake $0 | Jackpot $0 | Bingo $0 | Fortune $0
Seat 1: Hero (button) folded before Flop (didn't bet)
Seat 2: 1439087e (small blind) folded before Flop
Seat 3: c8e9aa1f (big blind) folded before Flop
Seat 4: 5a3aefbf folded before Flop (didn't bet)
Seat 5: 759ac0ce collected ($0.12)
Seat 6: 9c5f4e99 folded before Flop (didn't bet)


Poker Hand #HD1174364288: Hold'em No Limit  ($0.02/$0.05) - 2023/03/24 20:31:34
Table 'NLHBlue27' 6-max Seat #6 is the button
Seat 1: Hero ($8.12 in chips)
Seat 2: 1439087e ($8.23 in chips)
Seat 3: c8e9aa1f ($5.15 in chips)
Seat 4: 5a3aefbf ($4.79 in chips)
Seat 5: 759ac0ce ($5.19 in chips)
Seat 6: 9c5f4e99 ($0.47 in chips)
Hero: posts small blind $0.02
1439087e: posts big blind $0.05
*** HOLE CARDS ***
Dealt to Hero [Jc 4d]
Dealt to 1439087e 
Dealt to c8e9aa1f 
Dealt to 5a3aefbf 
Dealt to 759ac0ce 
Dealt to 9c5f4e99 
c8e9aa1f: folds
5a3aefbf: folds
759ac0ce: raises $0.08 to $0.13
9c5f4e99: calls $0.13
Hero: folds
1439087e: folds
*** FLOP *** [Ac 4c Qd]
759ac0ce: checks
9c5f4e99: checks
*** TURN *** [Ac 4c Qd] [Qs]
759ac0ce: checks
9c5f4e99: checks
*** RIVER *** [Ac 4c Qd Qs] [7h]
759ac0ce: checks
9c5f4e99: checks
759ac0ce: shows [8s Ts] (Pair of Queens)
9c5f4e99: shows [2c 2d] (Pair of Queens and Pair of Twos)
*** SHOWDOWN ***
9c5f4e99 collected $0.32 from pot
*** SUMMARY ***
Total pot $0.33 | Rake $0.01 | Jackpot $0 | Bingo $0 | Fortune $0
Board [Ac 4c Qd Qs 7h]
Seat 1: Hero (small blind) folded before Flop
Seat 2: 1439087e (big blind) folded before Flop
Seat 3: c8e9aa1f folded before Flop (didn't bet)
Seat 4: 5a3aefbf folded before Flop (didn't bet)
Seat 5: 759ac0ce showed [8s Ts] and lost with Pair of Queens
Seat 6: 9c5f4e99 (button) showed [2c 2d] and won ($0.32) with Pair of Queens and Pair of Twos


Poker Hand #HD1174364245: Hold'em No Limit  ($0.02/$0.05) - 2023/03/24 20:31:18
Table 'NLHBlue27' 6-max Seat #5 is the button
Seat 1: Hero ($8.17 in chips)
Seat 2: 1439087e ($8.23 in chips)
Seat 3: c8e9aa1f ($5.15 in chips)
Seat 4: 5a3aefbf ($4.79 in chips)
Seat 5: 759ac0ce ($5.12 in chips)
Seat 6: 9c5f4e99 ($0.49 in chips)
9c5f4e99: posts small blind $0.02
Hero: posts big blind $0.05
*** HOLE CARDS ***
Dealt to Hero [6d 7s]
Dealt to 1439087e 
Dealt to c8e9aa1f 
Dealt to 5a3aefbf 
Dealt to 759ac0ce 
Dealt to 9c5f4e99 
1439087e: folds
c8e9aa1f: folds
5a3aefbf: folds
759ac0ce: raises $0.08 to $0.13
9c5f4e99: folds
Hero: folds
Uncalled bet ($0.08) returned to 759ac0ce
*** SHOWDOWN ***
759ac0ce collected $0.12 from pot
*** SUMMARY ***
Total pot $0.12 | Rake $0 | Jackpot $0 | Bingo $0 | Fortune $0
Seat 1: Hero (big blind) folded before Flop
Seat 2: 1439087e folded before Flop (didn't bet)
Seat 3: c8e9aa1f folded before Flop (didn't bet)
Seat 4: 5a3aefbf folded before Flop (didn't bet)
Seat 5: 759ac0ce (button) collected ($0.12)
Seat 6: 9c5f4e99 (small blind) folded before Flop


Poker Hand #HD1174364150: Hold'em No Limit  ($0.02/$0.05) - 2023/03/24 20:30:38
Table 'NLHBlue27' 6-max Seat #4 is the button
Seat 1: Hero ($8.17 in chips)
Seat 2: 1439087e ($8.23 in chips)
Seat 3: c8e9aa1f ($5.15 in chips)
Seat 4: 5a3aefbf ($4.65 in chips)
Seat 5: 759ac0ce ($5.14 in chips)
Seat 6: 9c5f4e99 ($0.62 in chips)
759ac0ce: posts small blind $0.02
9c5f4e99: posts big blind $0.05
*** HOLE CARDS ***
Dealt to Hero [Th Jd]
Dealt to 1439087e 
Dealt to c8e9aa1f 
Dealt to 5a3aefbf 
Dealt to 759ac0ce 
Dealt to 9c5f4e99 
Hero: folds
1439087e: folds
c8e9aa1f: folds
5a3aefbf: raises $0.08 to $0.13
759ac0ce: folds
9c5f4e99: calls $0.08
*** FLOP *** [9d 8h 5d]
9c5f4e99: checks
5a3aefbf: bets $0.34
9c5f4e99: folds
Uncalled bet ($0.34) returned to 5a3aefbf
*** SHOWDOWN ***
5a3aefbf collected $0.27 from pot
*** SUMMARY ***
Total pot $0.28 | Rake $0.01 | Jackpot $0 | Bingo $0 | Fortune $0
Board [9d 8h 5d]
Seat 1: Hero folded before Flop (didn't bet)
Seat 2: 1439087e folded before Flop (didn't bet)
Seat 3: c8e9aa1f folded before Flop (didn't bet)
Seat 4: 5a3aefbf (button) won ($0.27)
Seat 5: 759ac0ce (small blind) folded before Flop
Seat 6: 9c5f4e99 (big blind) folded on the Flop


Poker Hand #HD1174364064: Hold'em No Limit  ($0.02/$0.05) - 2023/03/24 20:30:02
Table 'NLHBlue27' 6-max Seat #3 is the button
Seat 1: Hero ($8.17 in chips)
Seat 2: 1439087e ($8.23 in chips)
Seat 3: c8e9aa1f ($5.03 in chips)
Seat 4: 5a3aefbf ($4.67 in chips)
Seat 5: 759ac0ce ($5.19 in chips)
Seat 6: 9c5f4e99 ($0.67 in chips)
5a3aefbf: posts small blind $0.02
759ac0ce: posts big blind $0.05
*** HOLE CARDS ***
Dealt to Hero [9d 5d]
Dealt to 1439087e 
Dealt to c8e9aa1f 
Dealt to 5a3aefbf 
Dealt to 759ac0ce 
Dealt to 9c5f4e99 
9c5f4e99: calls $0.05
Hero: folds
1439087e: folds
c8e9aa1f: raises $0.13 to $0.18
5a3aefbf: folds
759ac0ce: folds
9c5f4e99: folds
Uncalled bet ($0.13) returned to c8e9aa1f
*** SHOWDOWN ***
c8e9aa1f collected $0.17 from pot
*** SUMMARY ***
Total pot $0.17 | Rake $0 | Jackpot $0 | Bingo $0 | Fortune $0
Seat 1: Hero folded before Flop (didn't bet)
Seat 2: 1439087e folded before Flop (didn't bet)
Seat 3: c8e9aa1f (button) collected ($0.17)
Seat 4: 5a3aefbf (small blind) folded before Flop
Seat 5: 759ac0ce (big blind) folded before Flop
Seat 6: 9c5f4e99 folded before Flop


Poker Hand #HD1174363985: Hold'em No Limit  ($0.02/$0.05) - 2023/03/24 20:29:24
Table 'NLHBlue27' 6-max Seat #2 is the button
Seat 1: Hero ($8.17 in chips)
Seat 2: 1439087e ($8.23 in chips)
Seat 3: c8e9aa1f ($5.05 in chips)
Seat 4: 5a3aefbf ($4.82 in chips)
Seat 5: 759ac0ce ($5.19 in chips)
Seat 6: 9c5f4e99 ($0.51 in chips)
c8e9aa1f: posts small blind $0.02
5a3aefbf: posts big blind $0.05
*** HOLE CARDS ***
Dealt to Hero [5s Kd]
Dealt to 1439087e 
Dealt to c8e9aa1f 
Dealt to 5a3aefbf 
Dealt to 759ac0ce 
Dealt to 9c5f4e99 
759ac0ce: folds
9c5f4e99: calls $0.05
Hero: folds
1439087e: folds
c8e9aa1f: folds
5a3aefbf: checks
*** FLOP *** [2d Qc 5h]
5a3aefbf: checks
9c5f4e99: checks
*** TURN *** [2d Qc 5h] [Ts]
5a3aefbf: bets $0.05
9c5f4e99: calls $0.05
*** RIVER *** [2d Qc 5h Ts] [9d]
5a3aefbf: bets $0.05
9c5f4e99: calls $0.05
5a3aefbf: shows [Jh 9h] (Pair of Nines)
9c5f4e99: shows [Th 8h] (Pair of Tens)
*** SHOWDOWN ***
9c5f4e99 collected $0.31 from pot
*** SUMMARY ***
Total pot $0.32 | Rake $0.01 | Jackpot $0 | Bingo $0 | Fortune $0
Board [2d Qc 5h Ts 9d]
Seat 1: Hero folded before Flop (didn't bet)
Seat 2: 1439087e (button) folded before Flop (didn't bet)
Seat 3: c8e9aa1f (small blind) folded before Flop
Seat 4: 5a3aefbf (big blind) showed [Jh 9h] and lost with Pair of Nines
Seat 5: 759ac0ce folded before Flop (didn't bet)
Seat 6: 9c5f4e99 showed [Th 8h] and won ($0.31) with Pair of Tens


Poker Hand #HD1174363956: Hold'em No Limit  ($0.02/$0.05) - 2023/03/24 20:29:09
Table 'NLHBlue27' 6-max Seat #1 is the button
Seat 1: Hero ($8.17 in chips)
Seat 2: 1439087e ($8.25 in chips)
Seat 3: c8e9aa1f ($5 in chips)
Seat 4: 5a3aefbf ($4.75 in chips)
Seat 5: 759ac0ce ($5.19 in chips)
Seat 6: 9c5f4e99 ($0.51 in chips)
1439087e: posts small blind $0.02
c8e9aa1f: posts big blind $0.05
*** HOLE CARDS ***
Dealt to Hero [2h 9d]
Dealt to 1439087e 
Dealt to c8e9aa1f 
Dealt to 5a3aefbf 
Dealt to 759ac0ce 
Dealt to 9c5f4e99 
5a3aefbf: raises $0.06 to $0.11
759ac0ce: folds
9c5f4e99: folds
Hero: folds
1439087e: folds
c8e9aa1f: folds
Uncalled bet ($0.06) returned to 5a3aefbf
*** SHOWDOWN ***
5a3aefbf collected $0.12 from pot
*** SUMMARY ***
Total pot $0.12 | Rake $0 | Jackpot $0 | Bingo $0 | Fortune $0
Seat 1: Hero (button) folded before Flop (didn't bet)
Seat 2: 1439087e (small blind) folded before Flop
Seat 3: c8e9aa1f (big blind) folded before Flop
Seat 4: 5a3aefbf collected ($0.12)
Seat 5: 759ac0ce folded before Flop (didn't bet)
Seat 6: 9c5f4e99 folded before Flop (didn't bet)


Poker Hand #HD1174363833: Hold'em No Limit  ($0.02/$0.05) - 2023/03/24 20:28:17
Table 'NLHBlue27' 6-max Seat #6 is the button
Seat 1: Hero ($8.19 in chips)
Seat 2: 1439087e ($8.3 in chips)
Seat 3: c8e9aa1f ($5.03 in chips)
Seat 4: 5a3aefbf ($4.54 in chips)
Seat 5: 759ac0ce ($5.19 in chips)
Seat 6: 9c5f4e99 ($0.51 in chips)
Hero: posts small blind $0.02
1439087e: posts big blind $0.05
*** HOLE CARDS ***
Dealt to Hero [3c 9h]
Dealt to 1439087e 
Dealt to c8e9aa1f 
Dealt to 5a3aefbf 
Dealt to 759ac0ce 
Dealt to 9c5f4e99 
c8e9aa1f: raises $0.1 to $0.15
5a3aefbf: calls $0.15
759ac0ce: folds
9c5f4e99: folds
Hero: folds
1439087e: folds
*** FLOP *** [5d 7d 7c]
c8e9aa1f: checks
5a3aefbf: bets $0.13
c8e9aa1f: folds
Uncalled bet ($0.13) returned to 5a3aefbf
*** SHOWDOWN ***
5a3aefbf collected $0.36 from pot
*** SUMMARY ***
Total pot $0.37 | Rake $0.01 | Jackpot $0 | Bingo $0 | Fortune $0
Board [5d 7d 7c]
Seat 1: Hero (small blind) folded before Flop
Seat 2: 1439087e (big blind) folded before Flop
Seat 3: c8e9aa1f folded on the Flop
Seat 4: 5a3aefbf won ($0.36)
Seat 5: 759ac0ce folded before Flop (didn't bet)
Seat 6: 9c5f4e99 (button) folded before Flop (didn't bet)


Poker Hand #HD1174363773: Hold'em No Limit  ($0.02/$0.05) - 2023/03/24 20:27:50
Table 'NLHBlue27' 6-max Seat #5 is the button
Seat 1: Hero ($8.24 in chips)
Seat 2: 1439087e ($8.3 in chips)
Seat 3: c8e9aa1f ($5.03 in chips)
Seat 4: 5a3aefbf ($4.67 in chips)
Seat 5: 759ac0ce ($5 in chips)
Seat 6: 9c5f4e99 ($0.53 in chips)
9c5f4e99: posts small blind $0.02
Hero: posts big blind $0.05
*** HOLE CARDS ***
Dealt to Hero [4h Ks]
Dealt to 1439087e 
Dealt to c8e9aa1f 
Dealt to 5a3aefbf 
Dealt to 759ac0ce 
Dealt to 9c5f4e99 
1439087e: folds
c8e9aa1f: folds
5a3aefbf: raises $0.08 to $0.13
759ac0ce: raises $0.27 to $0.4
9c5f4e99: folds
Hero: folds
5a3aefbf: folds
Uncalled bet ($0.27) returned to 759ac0ce
*** SHOWDOWN ***
759ac0ce collected $0.32 from pot
*** SUMMARY ***
Total pot $0.33 | Rake $0.01 | Jackpot $0 | Bingo $0 | Fortune $0
Seat 1: Hero (big blind) folded before Flop
Seat 2: 1439087e folded before Flop (didn't bet)
Seat 3: c8e9aa1f folded before Flop (didn't bet)
Seat 4: 5a3aefbf folded before Flop
Seat 5: 759ac0ce (button) collected ($0.32)
Seat 6: 9c5f4e99 (small blind) folded before Flop


Poker Hand #HD1174363729: Hold'em No Limit  ($0.02/$0.05) - 2023/03/24 20:27:31
Table 'NLHBlue27' 6-max Seat #4 is the button
Seat 1: Hero ($8.24 in chips)
Seat 2: 1439087e ($8.23 in chips)
Seat 3: c8e9aa1f ($5.03 in chips)
Seat 4: 5a3aefbf ($4.67 in chips)
Seat 5: 759ac0ce ($5 in chips)
Seat 6: 9c5f4e99 ($0.58 in chips)
759ac0ce: posts small blind $0.02
9c5f4e99: posts big blind $0.05
*** HOLE CARDS ***
Dealt to Hero [3d 5d]
Dealt to 1439087e 
Dealt to c8e9aa1f 
Dealt to 5a3aefbf 
Dealt to 759ac0ce 
Dealt to 9c5f4e99 
Hero: folds
1439087e: raises $0.08 to $0.13
c8e9aa1f: folds
5a3aefbf: folds
759ac0ce: folds
9c5f4e99: folds
Uncalled bet ($0.08) returned to 1439087e
*** SHOWDOWN ***
1439087e collected $0.12 from pot
*** SUMMARY ***
Total pot $0.12 | Rake $0 | Jackpot $0 | Bingo $0 | Fortune $0
Seat 1: Hero folded before Flop (didn't bet)
Seat 2: 1439087e collected ($0.12)
Seat 3: c8e9aa1f folded before Flop (didn't bet)
Seat 4: 5a3aefbf (button) folded before Flop (didn't bet)
Seat 5: 759ac0ce (small blind) folded before Flop
Seat 6: 9c5f4e99 (big blind) folded before Flop


Poker Hand #HD1174363598: Hold'em No Limit  ($0.02/$0.05) - 2023/03/24 20:26:28
Table 'NLHBlue27' 6-max Seat #3 is the button
Seat 1: Hero ($8.24 in chips)
Seat 2: 1439087e ($8.23 in chips)
Seat 3: c8e9aa1f ($5.03 in chips)
Seat 4: 5a3aefbf ($4.69 in chips)
Seat 5: 759ac0ce ($5 in chips)
Seat 6: 9c5f4e99 ($0.6 in chips)
5a3aefbf: posts small blind $0.02
759ac0ce: posts big blind $0.05
*** HOLE CARDS ***
Dealt to Hero [7c 3c]
Dealt to 1439087e 
Dealt to c8e9aa1f 
Dealt to 5a3aefbf 
Dealt to 759ac0ce 
Dealt to 9c5f4e99 
9c5f4e99: calls $0.05
Hero: folds
1439087e: folds
c8e9aa1f: folds
5a3aefbf: folds
759ac0ce: raises $0.1 to $0.15
9c5f4e99: calls $0.1
*** FLOP *** [4c 7h 2c]
759ac0ce: bets $0.45
9c5f4e99: calls $0.45 and is all-in
759ac0ce: shows [Ac Qh] (Ace-High)
9c5f4e99: shows [9c 6c] (Nine-High)
*** FIRST TURN *** [4c 7h 2c] [8c]
*** FIRST RIVER *** [4c 7h 2c 8c] [8s]
*** SECOND TURN *** [4c 7h 2c] [3h]
*** SECOND RIVER *** [4c 7h 2c 3h] [7d]
*** FIRST SHOWDOWN ***
9c5f4e99 collected $0.58 from pot
*** SECOND SHOWDOWN ***
759ac0ce collected $0.58 from pot
*** SUMMARY ***
Total pot $1.22 | Rake $0.06 | Jackpot $0 | Bingo $0 | Fortune $0
Hand was run two times
FIRST Board [4c 7h 2c 8c 8s]
SECOND Board [3h 7d]
Seat 1: Hero folded before Flop (didn't bet)
Seat 2: 1439087e folded before Flop (didn't bet)
Seat 3: c8e9aa1f (button) folded before Flop (didn't bet)
Seat 4: 5a3aefbf (small blind) folded before Flop
Seat 5: 759ac0ce (big blind) showed [Ac Qh] and lost with Pair of Eights, and won ($0.58)
Seat 6: 9c5f4e99 showed [9c 6c] and won ($0.58) with Nine High Flush, and lost


Poker Hand #HD1174363571: Hold'em No Limit  ($0.02/$0.05) - 2023/03/24 20:26:10
Table 'NLHBlue27' 6-max Seat #2 is the button
Seat 1: Hero ($8.24 in chips)
Seat 2: 1439087e ($8.16 in chips)
Seat 3: c8e9aa1f ($5.05 in chips)
Seat 4: 5a3aefbf ($4.74 in chips)
Seat 6: 9c5f4e99 ($0.6 in chips)
c8e9aa1f: posts small blind $0.02
5a3aefbf: posts big blind $0.05
*** HOLE CARDS ***
Dealt to Hero [9d 8h]
Dealt to 1439087e 
Dealt to c8e9aa1f 
Dealt to 5a3aefbf 
Dealt to 9c5f4e99 
9c5f4e99: folds
Hero: folds
1439087e: raises $0.08 to $0.13
c8e9aa1f: folds
5a3aefbf: folds
Uncalled bet ($0.08) returned to 1439087e
*** SHOWDOWN ***
1439087e collected $0.12 from pot
*** SUMMARY ***
Total pot $0.12 | Rake $0 | Jackpot $0 | Bingo $0 | Fortune $0
Seat 1: Hero folded before Flop (didn't bet)
Seat 2: 1439087e (button) collected ($0.12)
Seat 3: c8e9aa1f (small blind) folded before Flop
Seat 4: 5a3aefbf (big blind) folded before Flop
Seat 6: 9c5f4e99 folded before Flop (didn't bet)


Poker Hand #HD1174363449: Hold'em No Limit  ($0.02/$0.05) - 2023/03/24 20:25:19
Table 'NLHBlue27' 6-max Seat #1 is the button
Seat 1: Hero ($8.24 in chips)
Seat 2: 1439087e ($8.18 in chips)
Seat 3: c8e9aa1f ($5 in chips)
Seat 4: 5a3aefbf ($4.74 in chips)
Seat 5: a4dbaf6f ($2.52 in chips)
Seat 6: 9c5f4e99 ($0.53 in chips)
1439087e: posts small blind $0.02
c8e9aa1f: posts big blind $0.05
*** HOLE CARDS ***
Dealt to Hero [5c Kc]
Dealt to 1439087e 
Dealt to c8e9aa1f 
Dealt to 5a3aefbf 
Dealt to a4dbaf6f 
Dealt to 9c5f4e99 
5a3aefbf: folds
a4dbaf6f: folds
9c5f4e99: calls $0.05
Hero: folds
1439087e: folds
c8e9aa1f: checks
*** FLOP *** [4h Ah Kh]
c8e9aa1f: checks
9c5f4e99: bets $0.48 and is all-in
c8e9aa1f: folds
Uncalled bet ($0.48) returned to 9c5f4e99
*** SHOWDOWN ***
9c5f4e99 collected $0.12 from pot
*** SUMMARY ***
Total pot $0.12 | Rake $0 | Jackpot $0 | Bingo $0 | Fortune $0
Board [4h Ah Kh]
Seat 1: Hero (button) folded before Flop (didn't bet)
Seat 2: 1439087e (small blind) folded before Flop
Seat 3: c8e9aa1f (big blind) folded on the Flop
Seat 4: 5a3aefbf folded before Flop (didn't bet)
Seat 5: a4dbaf6f folded before Flop (didn't bet)
Seat 6: 9c5f4e99 won ($0.12)


Poker Hand #HD1174363349: Hold'em No Limit  ($0.02/$0.05) - 2023/03/24 20:24:31
Table 'NLHBlue27' 6-max Seat #6 is the button
Seat 1: Hero ($8.26 in chips)
Seat 2: 1439087e ($8.23 in chips)
Seat 3: c8e9aa1f ($5 in chips)
Seat 4: 5a3aefbf ($4.98 in chips)
Seat 5: a4dbaf6f ($2.52 in chips)
Seat 6: 9c5f4e99 ($0.24 in chips)
Hero: posts small blind $0.02
1439087e: posts big blind $0.05
*** HOLE CARDS ***
Dealt to Hero [6d Qd]
Dealt to 1439087e 
Dealt to c8e9aa1f 
Dealt to 5a3aefbf 
Dealt to a4dbaf6f 
Dealt to 9c5f4e99 
c8e9aa1f: folds
5a3aefbf: raises $0.07 to $0.12
a4dbaf6f: folds
9c5f4e99: raises $0.12 to $0.24 and is all-in
Hero: folds
1439087e: folds
5a3aefbf: calls $0.12
9c5f4e99: shows [Kh 9h]
5a3aefbf: shows [9c 9s]
*** FLOP *** [3h 8h 4d]
*** TURN *** [3h 8h 4d] [Kc]
*** RIVER *** [3h 8h 4d Kc] [3d]
*** SHOWDOWN ***
9c5f4e99 collected $0.53 from pot
*** SUMMARY ***
Total pot $0.55 | Rake $0.02 | Jackpot $0 | Bingo $0 | Fortune $0
Board [3h 8h 4d Kc 3d]
Seat 1: Hero (small blind) folded before Flop
Seat 2: 1439087e (big blind) folded before Flop
Seat 3: c8e9aa1f folded before Flop (didn't bet)
Seat 4: 5a3aefbf showed [9c 9s] and lost with Pair of Nines and Pair of Treys
Seat 5: a4dbaf6f folded before Flop (didn't bet)
Seat 6: 9c5f4e99 (button) showed [Kh 9h] and won ($0.53) with Pair of Kings and Pair of Treys


Poker Hand #HD1174363302: Hold'em No Limit  ($0.02/$0.05) - 2023/03/24 20:24:13
Table 'NLHBlue27' 6-max Seat #5 is the button
Seat 1: Hero ($8.31 in chips)
Seat 2: 1439087e ($8.23 in chips)
Seat 3: c8e9aa1f ($5 in chips)
Seat 4: 5a3aefbf ($4.98 in chips)
Seat 5: a4dbaf6f ($2.45 in chips)
Seat 6: 9c5f4e99 ($0.26 in chips)
9c5f4e99: posts small blind $0.02
Hero: posts big blind $0.05
*** HOLE CARDS ***
Dealt to Hero [2s Jh]
Dealt to 1439087e 
Dealt to c8e9aa1f 
Dealt to 5a3aefbf 
Dealt to a4dbaf6f 
Dealt to 9c5f4e99 
1439087e: folds
c8e9aa1f: folds
5a3aefbf: folds
a4dbaf6f: raises $0.05 to $0.1
9c5f4e99: folds
Hero: folds
Uncalled bet ($0.05) returned to a4dbaf6f
*** SHOWDOWN ***
a4dbaf6f collected $0.12 from pot
*** SUMMARY ***
Total pot $0.12 | Rake $0 | Jackpot $0 | Bingo $0 | Fortune $0
Seat 1: Hero (big blind) folded before Flop
Seat 2: 1439087e folded before Flop (didn't bet)
Seat 3: c8e9aa1f folded before Flop (didn't bet)
Seat 4: 5a3aefbf folded before Flop (didn't bet)
Seat 5: a4dbaf6f (button) collected ($0.12)
Seat 6: 9c5f4e99 (small blind) folded before Flop


Poker Hand #HD1174363244: Hold'em No Limit  ($0.02/$0.05) - 2023/03/24 20:23:50
Table 'NLHBlue27' 6-max Seat #4 is the button
Seat 1: Hero ($8.31 in chips)
Seat 2: 1439087e ($8.23 in chips)
Seat 3: c8e9aa1f ($5 in chips)
Seat 4: 5a3aefbf ($4.98 in chips)
Seat 5: a4dbaf6f ($2.27 in chips)
Seat 6: 9c5f4e99 ($0.46 in chips)
a4dbaf6f: posts small blind $0.02
9c5f4e99: posts big blind $0.05
*** HOLE CARDS ***
Dealt to Hero [Qd 4d]
Dealt to 1439087e 
Dealt to c8e9aa1f 
Dealt to 5a3aefbf 
Dealt to a4dbaf6f 
Dealt to 9c5f4e99 
Hero: folds
1439087e: folds
c8e9aa1f: folds
5a3aefbf: folds
a4dbaf6f: raises $0.15 to $0.2
9c5f4e99: calls $0.15
*** FLOP *** [8h 6d 4s]
a4dbaf6f: bets $0.4
9c5f4e99: folds
Uncalled bet ($0.4) returned to a4dbaf6f
*** SHOWDOWN ***
a4dbaf6f collected $0.38 from pot
*** SUMMARY ***
Total pot $0.4 | Rake $0.02 | Jackpot $0 | Bingo $0 | Fortune $0
Board [8h 6d 4s]
Seat 1: Hero folded before Flop (didn't bet)
Seat 2: 1439087e folded before Flop (didn't bet)
Seat 3: c8e9aa1f folded before Flop (didn't bet)
Seat 4: 5a3aefbf (button) folded before Flop (didn't bet)
Seat 5: a4dbaf6f (small blind) won ($0.38)
Seat 6: 9c5f4e99 (big blind) folded on the Flop


Poker Hand #HD1174363206: Hold'em No Limit  ($0.02/$0.05) - 2023/03/24 20:23:31
Table 'NLHBlue27' 6-max Seat #3 is the button
Seat 1: Hero ($8.31 in chips)
Seat 2: 1439087e ($8.23 in chips)
Seat 3: c8e9aa1f ($5.1 in chips)
Seat 4: 5a3aefbf ($4.81 in chips)
Seat 5: a4dbaf6f ($2.32 in chips)
Seat 6: 9c5f4e99 ($0.46 in chips)
5a3aefbf: posts small blind $0.02
a4dbaf6f: posts big blind $0.05
*** HOLE CARDS ***
Dealt to Hero [7h Kd]
Dealt to 1439087e 
Dealt to c8e9aa1f 
Dealt to 5a3aefbf 
Dealt to a4dbaf6f 
Dealt to 9c5f4e99 
9c5f4e99: folds
Hero: folds
1439087e: folds
c8e9aa1f: raises $0.08 to $0.13
5a3aefbf: raises $4.68 to $4.81 and is all-in
a4dbaf6f: folds
c8e9aa1f: folds
Uncalled bet ($4.68) returned to 5a3aefbf
a4dbaf6f: shows [2c]
*** SHOWDOWN ***
5a3aefbf collected $0.3 from pot
*** SUMMARY ***
Total pot $0.31 | Rake $0.01 | Jackpot $0 | Bingo $0 | Fortune $0
Seat 1: Hero folded before Flop (didn't bet)
Seat 2: 1439087e folded before Flop (didn't bet)
Seat 3: c8e9aa1f (button) folded before Flop
Seat 4: 5a3aefbf (small blind) collected ($0.3)
Seat 5: a4dbaf6f (big blind) folded before Flop
Seat 6: 9c5f4e99 folded before Flop (didn't bet)


Poker Hand #HD1174363147: Hold'em No Limit  ($0.02/$0.05) - 2023/03/24 20:23:03
Table 'NLHBlue27' 6-max Seat #2 is the button
Seat 1: Hero ($8.31 in chips)
Seat 2: 1439087e ($8.23 in chips)
Seat 3: c8e9aa1f ($5.12 in chips)
Seat 4: 5a3aefbf ($4.74 in chips)
Seat 5: a4dbaf6f ($2.32 in chips)
Seat 6: 9c5f4e99 ($0.51 in chips)
c8e9aa1f: posts small blind $0.02
5a3aefbf: posts big blind $0.05
*** HOLE CARDS ***
Dealt to Hero [9c Qh]
Dealt to 1439087e 
Dealt to c8e9aa1f 
Dealt to 5a3aefbf 
Dealt to a4dbaf6f 
Dealt to 9c5f4e99 
a4dbaf6f: folds
9c5f4e99: calls $0.05
Hero: folds
1439087e: folds
c8e9aa1f: folds
5a3aefbf: checks
*** FLOP *** [4c 5c Tc]
5a3aefbf: bets $0.15
9c5f4e99: folds
Uncalled bet ($0.15) returned to 5a3aefbf
*** SHOWDOWN ***
5a3aefbf collected $0.12 from pot
*** SUMMARY ***
Total pot $0.12 | Rake $0 | Jackpot $0 | Bingo $0 | Fortune $0
Board [4c 5c Tc]
Seat 1: Hero folded before Flop (didn't bet)
Seat 2: 1439087e (button) folded before Flop (didn't bet)
Seat 3: c8e9aa1f (small blind) folded before Flop
Seat 4: 5a3aefbf (big blind) won ($0.12)
Seat 5: a4dbaf6f folded before Flop (didn't bet)
Seat 6: 9c5f4e99 folded on the Flop


Poker Hand #HD1174363101: Hold'em No Limit  ($0.02/$0.05) - 2023/03/24 20:22:45
Table 'NLHBlue27' 6-max Seat #1 is the button
Seat 1: Hero ($8.31 in chips)
Seat 2: 1439087e ($8.25 in chips)
Seat 3: c8e9aa1f ($5.17 in chips)
Seat 4: 5a3aefbf ($4.67 in chips)
Seat 5: a4dbaf6f ($2.32 in chips)
Seat 6: 9c5f4e99 ($0.51 in chips)
1439087e: posts small blind $0.02
c8e9aa1f: posts big blind $0.05
*** HOLE CARDS ***
Dealt to Hero [Ks 2d]
Dealt to 1439087e 
Dealt to c8e9aa1f 
Dealt to 5a3aefbf 
Dealt to a4dbaf6f 
Dealt to 9c5f4e99 
5a3aefbf: raises $0.07 to $0.12
a4dbaf6f: folds
9c5f4e99: folds
Hero: folds
1439087e: folds
c8e9aa1f: folds
Uncalled bet ($0.07) returned to 5a3aefbf
*** SHOWDOWN ***
5a3aefbf collected $0.12 from pot
*** SUMMARY ***
Total pot $0.12 | Rake $0 | Jackpot $0 | Bingo $0 | Fortune $0
Seat 1: Hero (button) folded before Flop (didn't bet)
Seat 2: 1439087e (small blind) folded before Flop
Seat 3: c8e9aa1f (big blind) folded before Flop
Seat 4: 5a3aefbf collected ($0.12)
Seat 5: a4dbaf6f folded before Flop (didn't bet)
Seat 6: 9c5f4e99 folded before Flop (didn't bet)


Poker Hand #HD1174362991: Hold'em No Limit  ($0.02/$0.05) - 2023/03/24 20:21:54
Table 'NLHBlue27' 6-max Seat #6 is the button
Seat 1: Hero ($8.33 in chips)
Seat 2: 1439087e ($8.23 in chips)
Seat 3: c8e9aa1f ($5.17 in chips)
Seat 4: 5a3aefbf ($4.67 in chips)
Seat 5: a4dbaf6f ($2.32 in chips)
Seat 6: 9c5f4e99 ($0.51 in chips)
Hero: posts small blind $0.02
1439087e: posts big blind $0.05
*** HOLE CARDS ***
Dealt to Hero [4d 3h]
Dealt to 1439087e 
Dealt to c8e9aa1f 
Dealt to 5a3aefbf 
Dealt to a4dbaf6f 
Dealt to 9c5f4e99 
c8e9aa1f: folds
5a3aefbf: folds
a4dbaf6f: folds
9c5f4e99: folds
Hero: folds
Uncalled bet ($0.03) returned to 1439087e
*** SHOWDOWN ***
1439087e collected $0.04 from pot
*** SUMMARY ***
Total pot $0.04 | Rake $0 | Jackpot $0 | Bingo $0 | Fortune $0
Seat 1: Hero (small blind) folded before Flop
Seat 2: 1439087e (big blind) collected ($0.04)
Seat 3: c8e9aa1f folded before Flop (didn't bet)
Seat 4: 5a3aefbf folded before Flop (didn't bet)
Seat 5: a4dbaf6f folded before Flop (didn't bet)
Seat 6: 9c5f4e99 (button) folded before Flop (didn't bet)


Poker Hand #HD1174362943: Hold'em No Limit  ($0.02/$0.05) - 2023/03/24 20:21:32
Table 'NLHBlue27' 6-max Seat #5 is the button
Seat 1: Hero ($8.38 in chips)
Seat 2: 1439087e ($8.23 in chips)
Seat 3: c8e9aa1f ($5.17 in chips)
Seat 4: 5a3aefbf ($4.67 in chips)
Seat 5: a4dbaf6f ($2.25 in chips)
Seat 6: 9c5f4e99 ($0.53 in chips)
9c5f4e99: posts small blind $0.02
Hero: posts big blind $0.05
*** HOLE CARDS ***
Dealt to Hero [Tc 6d]
Dealt to 1439087e 
Dealt to c8e9aa1f 
Dealt to 5a3aefbf 
Dealt to a4dbaf6f 
Dealt to 9c5f4e99 
1439087e: folds
c8e9aa1f: folds
5a3aefbf: folds
a4dbaf6f: raises $0.05 to $0.1
9c5f4e99: folds
Hero: folds
Uncalled bet ($0.05) returned to a4dbaf6f
*** SHOWDOWN ***
a4dbaf6f collected $0.12 from pot
*** SUMMARY ***
Total pot $0.12 | Rake $0 | Jackpot $0 | Bingo $0 | Fortune $0
Seat 1: Hero (big blind) folded before Flop
Seat 2: 1439087e folded before Flop (didn't bet)
Seat 3: c8e9aa1f folded before Flop (didn't bet)
Seat 4: 5a3aefbf folded before Flop (didn't bet)
Seat 5: a4dbaf6f (button) collected ($0.12)
Seat 6: 9c5f4e99 (small blind) folded before Flop


Poker Hand #HD1174362903: Hold'em No Limit  ($0.02/$0.05) - 2023/03/24 20:21:15
Table 'NLHBlue27' 6-max Seat #4 is the button
Seat 1: Hero ($8.38 in chips)
Seat 2: 1439087e ($8.16 in chips)
Seat 3: c8e9aa1f ($5.17 in chips)
Seat 4: 5a3aefbf ($4.67 in chips)
Seat 5: a4dbaf6f ($2.27 in chips)
Seat 6: 9c5f4e99 ($0.58 in chips)
a4dbaf6f: posts small blind $0.02
9c5f4e99: posts big blind $0.05
*** HOLE CARDS ***
Dealt to Hero [Ts 9h]
Dealt to 1439087e 
Dealt to c8e9aa1f 
Dealt to 5a3aefbf 
Dealt to a4dbaf6f 
Dealt to 9c5f4e99 
Hero: folds
1439087e: raises $0.08 to $0.13
c8e9aa1f: folds
5a3aefbf: folds
a4dbaf6f: folds
9c5f4e99: folds
Uncalled bet ($0.08) returned to 1439087e
*** SHOWDOWN ***
1439087e collected $0.12 from pot
*** SUMMARY ***
Total pot $0.12 | Rake $0 | Jackpot $0 | Bingo $0 | Fortune $0
Seat 1: Hero folded before Flop (didn't bet)
Seat 2: 1439087e collected ($0.12)
Seat 3: c8e9aa1f folded before Flop (didn't bet)
Seat 4: 5a3aefbf (button) folded before Flop (didn't bet)
Seat 5: a4dbaf6f (small blind) folded before Flop
Seat 6: 9c5f4e99 (big blind) folded before Flop


Poker Hand #HD1174362812: Hold'em No Limit  ($0.02/$0.05) - 2023/03/24 20:20:34
Table 'NLHBlue27' 6-max Seat #3 is the button
Seat 1: Hero ($8.38 in chips)
Seat 2: 1439087e ($8.16 in chips)
Seat 3: c8e9aa1f ($5.17 in chips)
Seat 4: 5a3aefbf ($4.95 in chips)
Seat 5: a4dbaf6f ($2.32 in chips)
Seat 6: 9c5f4e99 ($0.28 in chips)
5a3aefbf: posts small blind $0.02
a4dbaf6f: posts big blind $0.05
*** HOLE CARDS ***
Dealt to Hero [4d Qs]
Dealt to 1439087e 
Dealt to c8e9aa1f 
Dealt to 5a3aefbf 
Dealt to a4dbaf6f 
Dealt to 9c5f4e99 
9c5f4e99: raises $0.12 to $0.17
Hero: folds
1439087e: folds
c8e9aa1f: folds
5a3aefbf: raises $0.47 to $0.64
a4dbaf6f: folds
9c5f4e99: calls $0.11 and is all-in
Uncalled bet ($0.36) returned to 5a3aefbf
5a3aefbf: shows [Td Jd]
9c5f4e99: shows [Ts As]
*** FLOP *** [7h 8s 2h]
*** TURN *** [7h 8s 2h] [6s]
*** RIVER *** [7h 8s 2h 6s] [5c]
*** SHOWDOWN ***
9c5f4e99 collected $0.58 from pot
*** SUMMARY ***
Total pot $0.61 | Rake $0.03 | Jackpot $0 | Bingo $0 | Fortune $0
Board [7h 8s 2h 6s 5c]
Seat 1: Hero folded before Flop (didn't bet)
Seat 2: 1439087e folded before Flop (didn't bet)
Seat 3: c8e9aa1f (button) folded before Flop (didn't bet)
Seat 4: 5a3aefbf (small blind) showed [Td Jd] and lost with Jack-High
Seat 5: a4dbaf6f (big blind) folded before Flop
Seat 6: 9c5f4e99 showed [Ts As] and won ($0.58) with Ace-High


Poker Hand #HD1174362758: Hold'em No Limit  ($0.02/$0.05) - 2023/03/24 20:20:08
Table 'NLHBlue27' 6-max Seat #2 is the button
Seat 1: Hero ($8.38 in chips)
Seat 2: 1439087e ($8.16 in chips)
Seat 3: c8e9aa1f ($5.19 in chips)
Seat 4: 5a3aefbf ($5 in chips)
Seat 5: a4dbaf6f ($2.2 in chips)
Seat 6: 9c5f4e99 ($0.33 in chips)
c8e9aa1f: posts small blind $0.02
5a3aefbf: posts big blind $0.05
*** HOLE CARDS ***
Dealt to Hero [Kd 4c]
Dealt to 1439087e 
Dealt to c8e9aa1f 
Dealt to 5a3aefbf 
Dealt to a4dbaf6f 
Dealt to 9c5f4e99 
a4dbaf6f: calls $0.05
9c5f4e99: calls $0.05
Hero: folds
1439087e: folds
c8e9aa1f: folds
5a3aefbf: checks
*** FLOP *** [6c Qc 5d]
5a3aefbf: checks
a4dbaf6f: bets $0.09
9c5f4e99: folds
5a3aefbf: folds
Uncalled bet ($0.09) returned to a4dbaf6f
a4dbaf6f: shows [7s]
*** SHOWDOWN ***
a4dbaf6f collected $0.17 from pot
*** SUMMARY ***
Total pot $0.17 | Rake $0 | Jackpot $0 | Bingo $0 | Fortune $0
Board [6c Qc 5d]
Seat 1: Hero folded before Flop (didn't bet)
Seat 2: 1439087e (button) folded before Flop (didn't bet)
Seat 3: c8e9aa1f (small blind) folded before Flop
Seat 4: 5a3aefbf (big blind) folded on the Flop
Seat 5: a4dbaf6f showed [7s 6s] and won ($0.17) with Pair of Sixes
Seat 6: 9c5f4e99 folded on the Flop


Poker Hand #HD1174362625: Hold'em No Limit  ($0.02/$0.05) - 2023/03/24 20:19:09
Table 'NLHBlue27' 6-max Seat #1 is the button
Seat 1: Hero ($8.38 in chips)
Seat 2: 1439087e ($8.26 in chips)
Seat 3: c8e9aa1f ($5 in chips)
Seat 5: a4dbaf6f ($2.3 in chips)
Seat 6: 9c5f4e99 ($0.33 in chips)
1439087e: posts small blind $0.02
c8e9aa1f: posts big blind $0.05
*** HOLE CARDS ***
Dealt to Hero [8h 3s]
Dealt to 1439087e 
Dealt to c8e9aa1f 
Dealt to a4dbaf6f 
Dealt to 9c5f4e99 
a4dbaf6f: raises $0.05 to $0.1
9c5f4e99: folds
Hero: folds
1439087e: calls $0.08
c8e9aa1f: calls $0.05
*** FLOP *** [3d Th 7d]
1439087e: checks
c8e9aa1f: checks
a4dbaf6f: checks
*** TURN *** [3d Th 7d] [Ks]
1439087e: checks
c8e9aa1f: checks
a4dbaf6f: checks
*** RIVER *** [3d Th 7d Ks] [8c]
1439087e: checks
c8e9aa1f: checks
a4dbaf6f: checks
1439087e: shows [6s 5s] (King-High)
c8e9aa1f: shows [2h Ah] (Ace-High)
a4dbaf6f: shows [5c Qs] (King-High)
*** SHOWDOWN ***
c8e9aa1f collected $0.29 from pot
*** SUMMARY ***
Total pot $0.3 | Rake $0.01 | Jackpot $0 | Bingo $0 | Fortune $0
Board [3d Th 7d Ks 8c]
Seat 1: Hero (button) folded before Flop (didn't bet)
Seat 2: 1439087e (small blind) showed [6s 5s] and lost with King-High
Seat 3: c8e9aa1f (big blind) showed [2h Ah] and won ($0.29) with Ace-High
Seat 5: a4dbaf6f showed [5c Qs] and lost with King-High
Seat 6: 9c5f4e99 folded before Flop (didn't bet)


Poker Hand #HD1174362603: Hold'em No Limit  ($0.02/$0.05) - 2023/03/24 20:18:59
Table 'NLHBlue27' 6-max Seat #6 is the button
Seat 1: Hero ($8.4 in chips)
Seat 2: 1439087e ($8.24 in chips)
Seat 3: c8e9aa1f ($5 in chips)
Seat 4: 127499b2 ($3.6 in chips)
Seat 5: a4dbaf6f ($2.3 in chips)
Seat 6: 9c5f4e99 ($0.33 in chips)
Hero: posts small blind $0.02
1439087e: posts big blind $0.05
*** HOLE CARDS ***
Dealt to Hero [9s 4s]
Dealt to 1439087e 
Dealt to c8e9aa1f 
Dealt to 127499b2 
Dealt to a4dbaf6f 
Dealt to 9c5f4e99 
c8e9aa1f: folds
127499b2: folds
a4dbaf6f: folds
9c5f4e99: folds
Hero: folds
Uncalled bet ($0.03) returned to 1439087e
*** SHOWDOWN ***
1439087e collected $0.04 from pot
*** SUMMARY ***
Total pot $0.04 | Rake $0 | Jackpot $0 | Bingo $0 | Fortune $0
Seat 1: Hero (small blind) folded before Flop
Seat 2: 1439087e (big blind) collected ($0.04)
Seat 3: c8e9aa1f folded before Flop (didn't bet)
Seat 4: 127499b2 folded before Flop (didn't bet)
Seat 5: a4dbaf6f folded before Flop (didn't bet)
Seat 6: 9c5f4e99 (button) folded before Flop (didn't bet)


Poker Hand #HD1174362563: Hold'em No Limit  ($0.02/$0.05) - 2023/03/24 20:18:43
Table 'NLHBlue27' 6-max Seat #5 is the button
Seat 1: Hero ($8.45 in chips)
Seat 2: 1439087e ($8.24 in chips)
Seat 3: c8e9aa1f ($5 in chips)
Seat 4: 127499b2 ($3.6 in chips)
Seat 5: a4dbaf6f ($2.3 in chips)
Seat 6: 9c5f4e99 ($0.28 in chips)
9c5f4e99: posts small blind $0.02
Hero: posts big blind $0.05
*** HOLE CARDS ***
Dealt to Hero [8d 2s]
Dealt to 1439087e 
Dealt to c8e9aa1f 
Dealt to 127499b2 
Dealt to a4dbaf6f 
Dealt to 9c5f4e99 
1439087e: folds
c8e9aa1f: folds
127499b2: folds
a4dbaf6f: folds
9c5f4e99: raises $0.23 to $0.28 and is all-in
Hero: folds
Uncalled bet ($0.23) returned to 9c5f4e99
*** SHOWDOWN ***
9c5f4e99 collected $0.1 from pot
*** SUMMARY ***
Total pot $0.1 | Rake $0 | Jackpot $0 | Bingo $0 | Fortune $0
Seat 1: Hero (big blind) folded before Flop
Seat 2: 1439087e folded before Flop (didn't bet)
Seat 3: c8e9aa1f folded before Flop (didn't bet)
Seat 4: 127499b2 folded before Flop (didn't bet)
Seat 5: a4dbaf6f (button) folded before Flop (didn't bet)
Seat 6: 9c5f4e99 (small blind) collected ($0.1)


Poker Hand #HD1174362424: Hold'em No Limit  ($0.02/$0.05) - 2023/03/24 20:17:37
Table 'NLHBlue27' 6-max Seat #4 is the button
Seat 1: Hero ($8.45 in chips)
Seat 2: 1439087e ($8.24 in chips)
Seat 3: c8e9aa1f ($5 in chips)
Seat 4: 127499b2 ($2.87 in chips)
Seat 5: a4dbaf6f ($2.95 in chips)
Seat 6: 9c5f4e99 ($0.48 in chips)
a4dbaf6f: posts small blind $0.02
9c5f4e99: posts big blind $0.05
*** HOLE CARDS ***
Dealt to Hero [2s Jc]
Dealt to 1439087e 
Dealt to c8e9aa1f 
Dealt to 127499b2 
Dealt to a4dbaf6f 
Dealt to 9c5f4e99 
Hero: folds
1439087e: folds
c8e9aa1f: folds
127499b2: raises $0.05 to $0.1
a4dbaf6f: calls $0.08
9c5f4e99: raises $0.1 to $0.2
127499b2: calls $0.1
a4dbaf6f: calls $0.1
*** FLOP *** [6d Jh 9s]
a4dbaf6f: checks
9c5f4e99: checks
127499b2: bets $0.45
a4dbaf6f: calls $0.45
9c5f4e99: folds
*** TURN *** [6d Jh 9s] [3d]
a4dbaf6f: checks
127499b2: bets $1.13
a4dbaf6f: folds
Uncalled bet ($1.13) returned to 127499b2
*** SHOWDOWN ***
127499b2 collected $1.38 from pot
*** SUMMARY ***
Total pot $1.5 | Rake $0.07 | Jackpot $0.05 | Bingo $0 | Fortune $0
Board [6d Jh 9s 3d]
Seat 1: Hero folded before Flop (didn't bet)
Seat 2: 1439087e folded before Flop (didn't bet)
Seat 3: c8e9aa1f folded before Flop (didn't bet)
Seat 4: 127499b2 (button) won ($1.38)
Seat 5: a4dbaf6f (small blind) folded on the Turn
Seat 6: 9c5f4e99 (big blind) folded on the Flop


Poker Hand #HD1174362303: Hold'em No Limit  ($0.02/$0.05) - 2023/03/24 20:16:47
Table 'NLHBlue27' 6-max Seat #3 is the button
Seat 1: Hero ($8.45 in chips)
Seat 2: 1439087e ($7.91 in chips)
Seat 3: c8e9aa1f ($5 in chips)
Seat 4: 127499b2 ($2.89 in chips)
Seat 5: a4dbaf6f ($3.29 in chips)
Seat 6: 9c5f4e99 ($0.48 in chips)
127499b2: posts small blind $0.02
a4dbaf6f: posts big blind $0.05
*** HOLE CARDS ***
Dealt to Hero [Tc 4s]
Dealt to 1439087e 
Dealt to c8e9aa1f 
Dealt to 127499b2 
Dealt to a4dbaf6f 
Dealt to 9c5f4e99 
9c5f4e99: folds
Hero: folds
1439087e: raises $0.08 to $0.13
c8e9aa1f: folds
127499b2: folds
a4dbaf6f: calls $0.08
*** FLOP *** [Td 4h Jd]
a4dbaf6f: checks
1439087e: checks
*** TURN *** [Td 4h Jd] [9d]
a4dbaf6f: bets $0.21
1439087e: calls $0.21
*** RIVER *** [Td 4h Jd 9d] [Ac]
a4dbaf6f: checks
1439087e: checks
a4dbaf6f: shows [5d 7s] (Ace-High)
1439087e: shows [Ts 9s] (Pair of Tens and Pair of Nines)
*** SHOWDOWN ***
1439087e collected $0.67 from pot
*** SUMMARY ***
Total pot $0.7 | Rake $0.03 | Jackpot $0 | Bingo $0 | Fortune $0
Board [Td 4h Jd 9d Ac]
Seat 1: Hero folded before Flop (didn't bet)
Seat 2: 1439087e showed [Ts 9s] and won ($0.67) with Pair of Tens and Pair of Nines
Seat 3: c8e9aa1f (button) folded before Flop (didn't bet)
Seat 4: 127499b2 (small blind) folded before Flop
Seat 5: a4dbaf6f (big blind) showed [5d 7s] and lost with Ace-High
Seat 6: 9c5f4e99 folded before Flop (didn't bet)


Poker Hand #HD1174362161: Hold'em No Limit  ($0.02/$0.05) - 2023/03/24 20:15:48
Table 'NLHBlue27' 6-max Seat #2 is the button
Seat 1: Hero ($8.45 in chips)
Seat 2: 1439087e ($7.91 in chips)
Seat 3: c8e9aa1f ($5 in chips)
Seat 4: 127499b2 ($2.9 in chips)
Seat 5: a4dbaf6f ($3.29 in chips)
Seat 6: 9c5f4e99 ($0.49 in chips)
c8e9aa1f: posts small blind $0.02
127499b2: posts big blind $0.05
*** HOLE CARDS ***
Dealt to Hero [2c 6c]
Dealt to 1439087e 
Dealt to c8e9aa1f 
Dealt to 127499b2 
Dealt to a4dbaf6f 
Dealt to 9c5f4e99 
a4dbaf6f: folds
9c5f4e99: calls $0.05
Hero: folds
1439087e: folds
c8e9aa1f: folds
127499b2: checks
*** FLOP *** [Ah Kc 6d]
127499b2: checks
9c5f4e99: bets $0.06
127499b2: raises $0.18 to $0.24
9c5f4e99: raises $0.2 to $0.44 and is all-in
127499b2: calls $0.2
9c5f4e99: shows [6s Ac] (Pair of Aces and Pair of Sixes)
127499b2: shows [As Jc] (Pair of Aces)
*** TURN *** [Ah Kc 6d] [7d]
*** RIVER *** [Ah Kc 6d 7d] [7c]
*** SHOWDOWN ***
127499b2 collected $0.48 from pot
9c5f4e99 collected $0.48 from pot
*** SUMMARY ***
Total pot $1 | Rake $0.04 | Jackpot $0 | Bingo $0 | Fortune $0
Board [Ah Kc 6d 7d 7c]
Seat 1: Hero folded before Flop (didn't bet)
Seat 2: 1439087e (button) folded before Flop (didn't bet)
Seat 3: c8e9aa1f (small blind) folded before Flop
Seat 4: 127499b2 (big blind) showed [As Jc] and won ($0.48) with Pair of Aces and Pair of Sevens
Seat 5: a4dbaf6f folded before Flop (didn't bet)
Seat 6: 9c5f4e99 showed [6s Ac] and won ($0.48) with Pair of Aces and Pair of Sevens


Poker Hand #HD1174362136: Hold'em No Limit  ($0.02/$0.05) - 2023/03/24 20:15:33
Table 'NLHBlue27' 6-max Seat #1 is the button
Seat 1: Hero ($8.45 in chips)
Seat 2: 1439087e ($7.93 in chips)
Seat 3: c8e9aa1f ($5 in chips)
Seat 4: 127499b2 ($2.9 in chips)
Seat 5: a4dbaf6f ($3.22 in chips)
Seat 6: 9c5f4e99 ($0.49 in chips)
1439087e: posts small blind $0.02
c8e9aa1f: posts big blind $0.05
*** HOLE CARDS ***
Dealt to Hero [Qs 2h]
Dealt to 1439087e 
Dealt to c8e9aa1f 
Dealt to 127499b2 
Dealt to a4dbaf6f 
Dealt to 9c5f4e99 
127499b2: folds
a4dbaf6f: raises $0.1 to $0.15
9c5f4e99: folds
Hero: folds
1439087e: folds
c8e9aa1f: folds
Uncalled bet ($0.1) returned to a4dbaf6f
*** SHOWDOWN ***
a4dbaf6f collected $0.12 from pot
*** SUMMARY ***
Total pot $0.12 | Rake $0 | Jackpot $0 | Bingo $0 | Fortune $0
Seat 1: Hero (button) folded before Flop (didn't bet)
Seat 2: 1439087e (small blind) folded before Flop
Seat 3: c8e9aa1f (big blind) folded before Flop
Seat 4: 127499b2 folded before Flop (didn't bet)
Seat 5: a4dbaf6f collected ($0.12)
Seat 6: 9c5f4e99 folded before Flop (didn't bet)


Poker Hand #HD1174362075: Hold'em No Limit  ($0.02/$0.05) - 2023/03/24 20:15:08
Table 'NLHBlue27' 6-max Seat #6 is the button
Seat 1: Hero ($8.47 in chips)
Seat 2: 1439087e ($7.98 in chips)
Seat 3: c8e9aa1f ($5 in chips)
Seat 4: 127499b2 ($2.9 in chips)
Seat 5: a4dbaf6f ($3.15 in chips)
Seat 6: 9c5f4e99 ($0.49 in chips)
Hero: posts small blind $0.02
1439087e: posts big blind $0.05
*** HOLE CARDS ***
Dealt to Hero [4h 4s]
Dealt to 1439087e 
Dealt to c8e9aa1f 
Dealt to 127499b2 
Dealt to a4dbaf6f 
Dealt to 9c5f4e99 
c8e9aa1f: folds
127499b2: folds
a4dbaf6f: raises $0.1 to $0.15
9c5f4e99: folds
Hero: folds
1439087e: folds
Uncalled bet ($0.1) returned to a4dbaf6f
*** SHOWDOWN ***
a4dbaf6f collected $0.12 from pot
*** SUMMARY ***
Total pot $0.12 | Rake $0 | Jackpot $0 | Bingo $0 | Fortune $0
Seat 1: Hero (small blind) folded before Flop
Seat 2: 1439087e (big blind) folded before Flop
Seat 3: c8e9aa1f folded before Flop (didn't bet)
Seat 4: 127499b2 folded before Flop (didn't bet)
Seat 5: a4dbaf6f collected ($0.12)
Seat 6: 9c5f4e99 (button) folded before Flop (didn't bet)


Poker Hand #HD1174362039: Hold'em No Limit  ($0.02/$0.05) - 2023/03/24 20:14:52
Table 'NLHBlue27' 6-max Seat #5 is the button
Seat 1: Hero ($8.52 in chips)
Seat 2: 1439087e ($7.98 in chips)
Seat 3: c8e9aa1f ($5 in chips)
Seat 4: 127499b2 ($2.9 in chips)
Seat 5: a4dbaf6f ($3.15 in chips)
Seat 6: 9c5f4e99 ($0.44 in chips)
9c5f4e99: posts small blind $0.02
Hero: posts big blind $0.05
*** HOLE CARDS ***
Dealt to Hero [3s 7s]
Dealt to 1439087e 
Dealt to c8e9aa1f 
Dealt to 127499b2 
Dealt to a4dbaf6f 
Dealt to 9c5f4e99 
1439087e: folds
c8e9aa1f: folds
127499b2: folds
a4dbaf6f: folds
9c5f4e99: raises $0.39 to $0.44 and is all-in
Hero: folds
Uncalled bet ($0.39) returned to 9c5f4e99
*** SHOWDOWN ***
9c5f4e99 collected $0.1 from pot
*** SUMMARY ***
Total pot $0.1 | Rake $0 | Jackpot $0 | Bingo $0 | Fortune $0
Seat 1: Hero (big blind) folded before Flop
Seat 2: 1439087e folded before Flop (didn't bet)
Seat 3: c8e9aa1f folded before Flop (didn't bet)
Seat 4: 127499b2 folded before Flop (didn't bet)
Seat 5: a4dbaf6f (button) folded before Flop (didn't bet)
Seat 6: 9c5f4e99 (small blind) collected ($0.1)


Poker Hand #HD1174361996: Hold'em No Limit  ($0.02/$0.05) - 2023/03/24 20:14:32
Table 'NLHBlue27' 6-max Seat #4 is the button
Seat 1: Hero ($8.52 in chips)
Seat 2: 1439087e ($7.98 in chips)
Seat 3: c8e9aa1f ($5 in chips)
Seat 4: 127499b2 ($2.83 in chips)
Seat 5: a4dbaf6f ($3.17 in chips)
Seat 6: 9c5f4e99 ($0.49 in chips)
a4dbaf6f: posts small blind $0.02
9c5f4e99: posts big blind $0.05
*** HOLE CARDS ***
Dealt to Hero [6h Kd]
Dealt to 1439087e 
Dealt to c8e9aa1f 
Dealt to 127499b2 
Dealt to a4dbaf6f 
Dealt to 9c5f4e99 
Hero: folds
1439087e: folds
c8e9aa1f: folds
127499b2: raises $0.08 to $0.13
a4dbaf6f: folds
9c5f4e99: folds
Uncalled bet ($0.08) returned to 127499b2
*** SHOWDOWN ***
127499b2 collected $0.12 from pot
*** SUMMARY ***
Total pot $0.12 | Rake $0 | Jackpot $0 | Bingo $0 | Fortune $0
Seat 1: Hero folded before Flop (didn't bet)
Seat 2: 1439087e folded before Flop (didn't bet)
Seat 3: c8e9aa1f folded before Flop (didn't bet)
Seat 4: 127499b2 (button) collected ($0.12)
Seat 5: a4dbaf6f (small blind) folded before Flop
Seat 6: 9c5f4e99 (big blind) folded before Flop


Poker Hand #HD1174361947: Hold'em No Limit  ($0.02/$0.05) - 2023/03/24 20:14:09
Table 'NLHBlue27' 6-max Seat #3 is the button
Seat 1: Hero ($8.52 in chips)
Seat 2: 1439087e ($7.98 in chips)
Seat 3: c8e9aa1f ($5 in chips)
Seat 4: 127499b2 ($2.85 in chips)
Seat 5: a4dbaf6f ($3.15 in chips)
Seat 6: 9c5f4e99 ($0.49 in chips)
127499b2: posts small blind $0.02
a4dbaf6f: posts big blind $0.05
*** HOLE CARDS ***
Dealt to Hero [3c 2d]
Dealt to 1439087e 
Dealt to c8e9aa1f 
Dealt to 127499b2 
Dealt to a4dbaf6f 
Dealt to 9c5f4e99 
9c5f4e99: folds
Hero: folds
1439087e: folds
c8e9aa1f: folds
127499b2: folds
Uncalled bet ($0.03) returned to a4dbaf6f
*** SHOWDOWN ***
a4dbaf6f collected $0.04 from pot
*** SUMMARY ***
Total pot $0.04 | Rake $0 | Jackpot $0 | Bingo $0 | Fortune $0
Seat 1: Hero folded before Flop (didn't bet)
Seat 2: 1439087e folded before Flop (didn't bet)
Seat 3: c8e9aa1f (button) folded before Flop (didn't bet)
Seat 4: 127499b2 (small blind) folded before Flop
Seat 5: a4dbaf6f (big blind) collected ($0.04)
Seat 6: 9c5f4e99 folded before Flop (didn't bet)


Poker Hand #HD1174361837: Hold'em No Limit  ($0.02/$0.05) - 2023/03/24 20:13:17
Table 'NLHBlue27' 6-max Seat #2 is the button
Seat 1: Hero ($8.72 in chips)
Seat 2: 1439087e ($7.98 in chips)
Seat 3: c8e9aa1f ($5 in chips)
Seat 4: 127499b2 ($2.18 in chips)
Seat 6: 9c5f4e99 ($1 in chips)
c8e9aa1f: posts small blind $0.02
127499b2: posts big blind $0.05
*** HOLE CARDS ***
Dealt to Hero [9h 7h]
Dealt to 1439087e 
Dealt to c8e9aa1f 
Dealt to 127499b2 
Dealt to 9c5f4e99 
9c5f4e99: calls $0.05
Hero: raises $0.15 to $0.2
1439087e: folds
c8e9aa1f: folds
127499b2: calls $0.15
9c5f4e99: calls $0.15
*** FLOP *** [8d Jc 8c]
127499b2: checks
9c5f4e99: checks
Hero: checks
*** TURN *** [8d Jc 8c] [Qd]
127499b2: checks
9c5f4e99: checks
Hero: checks
*** RIVER *** [8d Jc 8c Qd] [9c]
127499b2: bets $0.31
9c5f4e99: calls $0.31
Hero: folds
127499b2: shows [Kh Qc] (Pair of Queens and Pair of Eights)
9c5f4e99: shows [6c 9s] (Pair of Nines and Pair of Eights)
*** SHOWDOWN ***
127499b2 collected $1.18 from pot
*** SUMMARY ***
Total pot $1.24 | Rake $0.06 | Jackpot $0 | Bingo $0 | Fortune $0
Board [8d Jc 8c Qd 9c]
Seat 1: Hero folded on the River
Seat 2: 1439087e (button) folded before Flop (didn't bet)
Seat 3: c8e9aa1f (small blind) folded before Flop
Seat 4: 127499b2 (big blind) showed [Kh Qc] and won ($1.18) with Pair of Queens and Pair of Eights
Seat 6: 9c5f4e99 showed [6c 9s] and lost with Pair of Nines and Pair of Eights


Poker Hand #HD1174361700: Hold'em No Limit  ($0.02/$0.05) - 2023/03/24 20:12:22
Table 'NLHBlue27' 6-max Seat #1 is the button
Seat 1: Hero ($8.72 in chips)
Seat 2: 1439087e ($7.37 in chips)
Seat 3: c8e9aa1f ($5.01 in chips)
Seat 4: 127499b2 ($2.18 in chips)
1439087e: posts small blind $0.02
c8e9aa1f: posts big blind $0.05
*** HOLE CARDS ***
Dealt to Hero [7c 4h]
Dealt to 1439087e 
Dealt to c8e9aa1f 
Dealt to 127499b2 
127499b2: folds
Hero: folds
1439087e: raises $0.1 to $0.15
c8e9aa1f: calls $0.1
*** FLOP *** [Qs 2c Ah]
1439087e: bets $0.17
c8e9aa1f: calls $0.17
*** TURN *** [Qs 2c Ah] [8s]
1439087e: bets $0.35
c8e9aa1f: calls $0.35
*** RIVER *** [Qs 2c Ah 8s] [Jd]
1439087e: bets $0.73
c8e9aa1f: folds
Uncalled bet ($0.73) returned to 1439087e
*** SHOWDOWN ***
1439087e collected $1.28 from pot
*** SUMMARY ***
Total pot $1.34 | Rake $0.06 | Jackpot $0 | Bingo $0 | Fortune $0
Board [Qs 2c Ah 8s Jd]
Seat 1: Hero (button) folded before Flop (didn't bet)
Seat 2: 1439087e (small blind) won ($1.28)
Seat 3: c8e9aa1f (big blind) folded on the River
Seat 4: 127499b2 folded before Flop (didn't bet)


Poker Hand #HD1174361555: Hold'em No Limit  ($0.02/$0.05) - 2023/03/24 20:11:19
Table 'NLHBlue27' 6-max Seat #4 is the button
Seat 1: Hero ($8.77 in chips)
Seat 2: 1439087e ($5.99 in chips)
Seat 3: c8e9aa1f ($5.01 in chips)
Seat 4: 127499b2 ($2.18 in chips)
Seat 6: 9c5f4e99 ($1.53 in chips)
9c5f4e99: posts small blind $0.02
Hero: posts big blind $0.05
*** HOLE CARDS ***
Dealt to Hero [6d 7c]
Dealt to 1439087e 
Dealt to c8e9aa1f 
Dealt to 127499b2 
Dealt to 9c5f4e99 
1439087e: raises $0.08 to $0.13
c8e9aa1f: folds
127499b2: folds
9c5f4e99: calls $0.11
Hero: folds
*** FLOP *** [4s Kd 3c]
9c5f4e99: bets $0.11
1439087e: raises $0.19 to $0.3
9c5f4e99: calls $0.19
*** TURN *** [4s Kd 3c] [8h]
9c5f4e99: checks
1439087e: bets $0.32
9c5f4e99: calls $0.32
*** RIVER *** [4s Kd 3c 8h] [3d]
9c5f4e99: bets $0.78 and is all-in
1439087e: calls $0.78
9c5f4e99: shows [Ts Kc] (Pair of Kings and Pair of Treys)
1439087e: shows [Kh Ac] (Pair of Kings and Pair of Treys)
*** SHOWDOWN ***
1439087e collected $2.91 from pot
*** SUMMARY ***
Total pot $3.11 | Rake $0.15 | Jackpot $0.05 | Bingo $0 | Fortune $0
Board [4s Kd 3c 8h 3d]
Seat 1: Hero (big blind) folded before Flop
Seat 2: 1439087e showed [Kh Ac] and won ($2.91) with Pair of Kings and Pair of Treys
Seat 3: c8e9aa1f folded before Flop (didn't bet)
Seat 4: 127499b2 (button) folded before Flop (didn't bet)
Seat 6: 9c5f4e99 (small blind) showed [Ts Kc] and lost with Pair of Kings and Pair of Treys


Poker Hand #HD1174361528: Hold'em No Limit  ($0.02/$0.05) - 2023/03/24 20:11:08
Table 'NLHBlue27' 6-max Seat #3 is the button
Seat 1: Hero ($8.7 in chips)
Seat 2: 1439087e ($5.99 in chips)
Seat 3: c8e9aa1f ($5.01 in chips)
Seat 4: 127499b2 ($2.2 in chips)
Seat 6: 9c5f4e99 ($1.58 in chips)
127499b2: posts small blind $0.02
9c5f4e99: posts big blind $0.05
*** HOLE CARDS ***
Dealt to Hero [8c Ac]
Dealt to 1439087e 
Dealt to c8e9aa1f 
Dealt to 127499b2 
Dealt to 9c5f4e99 
Hero: raises $0.07 to $0.12
1439087e: folds
c8e9aa1f: folds
127499b2: folds
9c5f4e99: folds
Uncalled bet ($0.07) returned to Hero
*** SHOWDOWN ***
Hero collected $0.12 from pot
*** SUMMARY ***
Total pot $0.12 | Rake $0 | Jackpot $0 | Bingo $0 | Fortune $0
Seat 1: Hero collected ($0.12)
Seat 2: 1439087e folded before Flop (didn't bet)
Seat 3: c8e9aa1f (button) folded before Flop (didn't bet)
Seat 4: 127499b2 (small blind) folded before Flop
Seat 6: 9c5f4e99 (big blind) folded before Flop


Poker Hand #HD1174361467: Hold'em No Limit  ($0.02/$0.05) - 2023/03/24 20:10:35
Table 'NLHBlue27' 6-max Seat #2 is the button
Seat 1: Hero ($8.7 in chips)
Seat 2: 1439087e ($5.99 in chips)
Seat 3: c8e9aa1f ($5.03 in chips)
Seat 4: 127499b2 ($2.13 in chips)
Seat 5: e934263e ($5.51 in chips)
Seat 6: 9c5f4e99 ($1.63 in chips)
c8e9aa1f: posts small blind $0.02
127499b2: posts big blind $0.05
*** HOLE CARDS ***
Dealt to Hero [9s Jh]
Dealt to 1439087e 
Dealt to c8e9aa1f 
Dealt to 127499b2 
Dealt to e934263e 
Dealt to 9c5f4e99 
e934263e: folds
9c5f4e99: calls $0.05
Hero: folds
1439087e: folds
c8e9aa1f: folds
127499b2: checks
*** FLOP *** [3h Js 8d]
127499b2: checks
9c5f4e99: checks
*** TURN *** [3h Js 8d] [Ad]
127499b2: checks
9c5f4e99: checks
*** RIVER *** [3h Js 8d Ad] [6h]
127499b2: checks
9c5f4e99: checks
127499b2: shows [7c 6d] (Pair of Sixes)
9c5f4e99: shows [Qc 3d] (Pair of Treys)
*** SHOWDOWN ***
127499b2 collected $0.12 from pot
*** SUMMARY ***
Total pot $0.12 | Rake $0 | Jackpot $0 | Bingo $0 | Fortune $0
Board [3h Js 8d Ad 6h]
Seat 1: Hero folded before Flop (didn't bet)
Seat 2: 1439087e (button) folded before Flop (didn't bet)
Seat 3: c8e9aa1f (small blind) folded before Flop
Seat 4: 127499b2 (big blind) showed [7c 6d] and won ($0.12) with Pair of Sixes
Seat 5: e934263e folded before Flop (didn't bet)
Seat 6: 9c5f4e99 showed [Qc 3d] and lost with Pair of Treys


Poker Hand #HD1174361317: Hold'em No Limit  ($0.02/$0.05) - 2023/03/24 20:09:26
Table 'NLHBlue27' 6-max Seat #1 is the button
Seat 1: Hero ($8.7 in chips)
Seat 2: 1439087e ($6.24 in chips)
Seat 3: c8e9aa1f ($5.08 in chips)
Seat 4: 127499b2 ($2.13 in chips)
Seat 5: e934263e ($5.51 in chips)
Seat 6: 9c5f4e99 ($1.35 in chips)
1439087e: posts small blind $0.02
c8e9aa1f: posts big blind $0.05
*** HOLE CARDS ***
Dealt to Hero [6h 9h]
Dealt to 1439087e 
Dealt to c8e9aa1f 
Dealt to 127499b2 
Dealt to e934263e 
Dealt to 9c5f4e99 
127499b2: folds
e934263e: folds
9c5f4e99: calls $0.05
Hero: folds
1439087e: calls $0.03
c8e9aa1f: checks
*** FLOP *** [2s 3s 8d]
1439087e: checks
c8e9aa1f: checks
9c5f4e99: bets $0.05
1439087e: raises $0.15 to $0.2
c8e9aa1f: folds
9c5f4e99: calls $0.15
*** TURN *** [2s 3s 8d] [4s]
1439087e: checks
9c5f4e99: bets $1.1 and is all-in
1439087e: folds
Uncalled bet ($1.1) returned to 9c5f4e99
*** SHOWDOWN ***
9c5f4e99 collected $0.53 from pot
*** SUMMARY ***
Total pot $0.55 | Rake $0.02 | Jackpot $0 | Bingo $0 | Fortune $0
Board [2s 3s 8d 4s]
Seat 1: Hero (button) folded before Flop (didn't bet)
Seat 2: 1439087e (small blind) folded on the Turn
Seat 3: c8e9aa1f (big blind) folded on the Flop
Seat 4: 127499b2 folded before Flop (didn't bet)
Seat 5: e934263e folded before Flop (didn't bet)
Seat 6: 9c5f4e99 won ($0.53)


Poker Hand #HD1174361235: Hold'em No Limit  ($0.02/$0.05) - 2023/03/24 20:08:48
Table 'NLHBlue27' 6-max Seat #6 is the button
Seat 1: Hero ($8.72 in chips)
Seat 2: 1439087e ($6.04 in chips)
Seat 3: c8e9aa1f ($5.08 in chips)
Seat 4: 127499b2 ($2.13 in chips)
Seat 5: e934263e ($5.51 in chips)
Seat 6: 9c5f4e99 ($1.55 in chips)
Hero: posts small blind $0.02
1439087e: posts big blind $0.05
*** HOLE CARDS ***
Dealt to Hero [5d 6s]
Dealt to 1439087e 
Dealt to c8e9aa1f 
Dealt to 127499b2 
Dealt to e934263e 
Dealt to 9c5f4e99 
c8e9aa1f: folds
127499b2: folds
e934263e: folds
9c5f4e99: raises $0.15 to $0.2
Hero: folds
1439087e: calls $0.15
*** FLOP *** [6h 6c Kc]
1439087e: checks
9c5f4e99: checks
*** TURN *** [6h 6c Kc] [Jd]
1439087e: bets $0.23
9c5f4e99: folds
Uncalled bet ($0.23) returned to 1439087e
*** SHOWDOWN ***
1439087e collected $0.4 from pot
*** SUMMARY ***
Total pot $0.42 | Rake $0.02 | Jackpot $0 | Bingo $0 | Fortune $0
Board [6h 6c Kc Jd]
Seat 1: Hero (small blind) folded before Flop
Seat 2: 1439087e (big blind) won ($0.4)
Seat 3: c8e9aa1f folded before Flop (didn't bet)
Seat 4: 127499b2 folded before Flop (didn't bet)
Seat 5: e934263e folded before Flop (didn't bet)
Seat 6: 9c5f4e99 (button) folded on the Turn


Poker Hand #HD1174361113: Hold'em No Limit  ($0.02/$0.05) - 2023/03/24 20:07:54
Table 'NLHBlue27' 6-max Seat #5 is the button
Seat 1: Hero ($8.56 in chips)
Seat 2: 1439087e ($6.04 in chips)
Seat 3: c8e9aa1f ($5.23 in chips)
Seat 4: 127499b2 ($2.13 in chips)
Seat 5: e934263e ($5.51 in chips)
Seat 6: 9c5f4e99 ($1.57 in chips)
9c5f4e99: posts small blind $0.02
Hero: posts big blind $0.05
*** HOLE CARDS ***
Dealt to Hero [Ah 8d]
Dealt to 1439087e 
Dealt to c8e9aa1f 
Dealt to 127499b2 
Dealt to e934263e 
Dealt to 9c5f4e99 
1439087e: folds
c8e9aa1f: raises $0.1 to $0.15
127499b2: folds
e934263e: folds
9c5f4e99: folds
Hero: calls $0.1
*** FLOP *** [4h Kh 8h]
Hero: bets $0.16
c8e9aa1f: folds
Uncalled bet ($0.16) returned to Hero
*** SHOWDOWN ***
Hero collected $0.31 from pot
*** SUMMARY ***
Total pot $0.32 | Rake $0.01 | Jackpot $0 | Bingo $0 | Fortune $0
Board [4h Kh 8h]
Seat 1: Hero (big blind) won ($0.31)
Seat 2: 1439087e folded before Flop (didn't bet)
Seat 3: c8e9aa1f folded on the Flop
Seat 4: 127499b2 folded before Flop (didn't bet)
Seat 5: e934263e (button) folded before Flop (didn't bet)
Seat 6: 9c5f4e99 (small blind) folded before Flop


Poker Hand #HD1174361078: Hold'em No Limit  ($0.02/$0.05) - 2023/03/24 20:07:34
Table 'NLHBlue27' 6-max Seat #4 is the button
Seat 1: Hero ($8.56 in chips)
Seat 2: 1439087e ($6.04 in chips)
Seat 3: c8e9aa1f ($5.23 in chips)
Seat 4: 127499b2 ($2.13 in chips)
Seat 5: e934263e ($5.53 in chips)
Seat 6: 9c5f4e99 ($1.55 in chips)
e934263e: posts small blind $0.02
9c5f4e99: posts big blind $0.05
*** HOLE CARDS ***
Dealt to Hero [7c Jc]
Dealt to 1439087e 
Dealt to c8e9aa1f 
Dealt to 127499b2 
Dealt to e934263e 
Dealt to 9c5f4e99 
Hero: folds
1439087e: folds
c8e9aa1f: folds
127499b2: folds
e934263e: folds
Uncalled bet ($0.03) returned to 9c5f4e99
*** SHOWDOWN ***
9c5f4e99 collected $0.04 from pot
*** SUMMARY ***
Total pot $0.04 | Rake $0 | Jackpot $0 | Bingo $0 | Fortune $0
Seat 1: Hero folded before Flop (didn't bet)
Seat 2: 1439087e folded before Flop (didn't bet)
Seat 3: c8e9aa1f folded before Flop (didn't bet)
Seat 4: 127499b2 (button) folded before Flop (didn't bet)
Seat 5: e934263e (small blind) folded before Flop
Seat 6: 9c5f4e99 (big blind) collected ($0.04)


Poker Hand #HD1174360982: Hold'em No Limit  ($0.02/$0.05) - 2023/03/24 20:06:53
Table 'NLHBlue27' 6-max Seat #3 is the button
Seat 1: Hero ($8.56 in chips)
Seat 2: 1439087e ($6.04 in chips)
Seat 3: c8e9aa1f ($5.23 in chips)
Seat 4: 127499b2 ($1.95 in chips)
Seat 5: e934263e ($5.73 in chips)
Seat 6: 9c5f4e99 ($1.55 in chips)
127499b2: posts small blind $0.02
e934263e: posts big blind $0.05
*** HOLE CARDS ***
Dealt to Hero [7s Ks]
Dealt to 1439087e 
Dealt to c8e9aa1f 
Dealt to 127499b2 
Dealt to e934263e 
Dealt to 9c5f4e99 
9c5f4e99: folds
Hero: folds
1439087e: folds
c8e9aa1f: folds
127499b2: raises $0.05 to $0.1
e934263e: calls $0.05
*** FLOP *** [Jd Kc 2h]
127499b2: bets $0.1
e934263e: calls $0.1
*** TURN *** [Jd Kc 2h] [Ac]
127499b2: bets $0.3
e934263e: folds
Uncalled bet ($0.3) returned to 127499b2
*** SHOWDOWN ***
127499b2 collected $0.38 from pot
*** SUMMARY ***
Total pot $0.4 | Rake $0.02 | Jackpot $0 | Bingo $0 | Fortune $0
Board [Jd Kc 2h Ac]
Seat 1: Hero folded before Flop (didn't bet)
Seat 2: 1439087e folded before Flop (didn't bet)
Seat 3: c8e9aa1f (button) folded before Flop (didn't bet)
Seat 4: 127499b2 (small blind) won ($0.38)
Seat 5: e934263e (big blind) folded on the Turn
Seat 6: 9c5f4e99 folded before Flop (didn't bet)


Poker Hand #HD1174360938: Hold'em No Limit  ($0.02/$0.05) - 2023/03/24 20:06:33
Table 'NLHBlue27' 6-max Seat #2 is the button
Seat 1: Hero ($8.56 in chips)
Seat 2: 1439087e ($6.04 in chips)
Seat 3: c8e9aa1f ($5.25 in chips)
Seat 4: 127499b2 ($2 in chips)
Seat 5: e934263e ($5.66 in chips)
c8e9aa1f: posts small blind $0.02
127499b2: posts big blind $0.05
*** HOLE CARDS ***
Dealt to Hero [2h Js]
Dealt to 1439087e 
Dealt to c8e9aa1f 
Dealt to 127499b2 
Dealt to e934263e 
e934263e: raises $0.1 to $0.15
Hero: folds
1439087e: folds
c8e9aa1f: folds
127499b2: folds
Uncalled bet ($0.1) returned to e934263e
*** SHOWDOWN ***
e934263e collected $0.12 from pot
*** SUMMARY ***
Total pot $0.12 | Rake $0 | Jackpot $0 | Bingo $0 | Fortune $0
Seat 1: Hero folded before Flop (didn't bet)
Seat 2: 1439087e (button) folded before Flop (didn't bet)
Seat 3: c8e9aa1f (small blind) folded before Flop
Seat 4: 127499b2 (big blind) folded before Flop
Seat 5: e934263e collected ($0.12)


Poker Hand #HD1174360798: Hold'em No Limit  ($0.02/$0.05) - 2023/03/24 20:05:36
Table 'NLHBlue27' 6-max Seat #1 is the button
Seat 1: Hero ($7.3 in chips)
Seat 2: 1439087e ($6.06 in chips)
Seat 3: c8e9aa1f ($5.3 in chips)
Seat 4: f9a9c561 ($6.34 in chips)
Seat 5: e934263e ($5.66 in chips)
Seat 6: 9c5f4e99 ($1.37 in chips)
1439087e: posts small blind $0.02
c8e9aa1f: posts big blind $0.05
*** HOLE CARDS ***
Dealt to Hero [7h Ah]
Dealt to 1439087e 
Dealt to c8e9aa1f 
Dealt to f9a9c561 
Dealt to e934263e 
Dealt to 9c5f4e99 
f9a9c561: folds
e934263e: folds
9c5f4e99: calls $0.05
Hero: raises $0.15 to $0.2
1439087e: folds
c8e9aa1f: folds
9c5f4e99: calls $0.15
*** FLOP *** [Jh 3c Tc]
9c5f4e99: checks
Hero: checks
*** TURN *** [Jh 3c Tc] [8h]
9c5f4e99: bets $0.16
Hero: calls $0.16
*** RIVER *** [Jh 3c Tc 8h] [3h]
9c5f4e99: bets $1.01 and is all-in
Hero: calls $1.01
9c5f4e99: shows [As Jc] (Pair of Jacks and Pair of Treys)
Hero: shows [7h Ah] (Ace High Flush)
*** SHOWDOWN ***
Hero collected $2.63 from pot
*** SUMMARY ***
Total pot $2.81 | Rake $0.13 | Jackpot $0.05 | Bingo $0 | Fortune $0
Board [Jh 3c Tc 8h 3h]
Seat 1: Hero (button) showed [7h Ah] and won ($2.63) with Ace High Flush
Seat 2: 1439087e (small blind) folded before Flop
Seat 3: c8e9aa1f (big blind) folded before Flop
Seat 4: f9a9c561 folded before Flop (didn't bet)
Seat 5: e934263e folded before Flop (didn't bet)
Seat 6: 9c5f4e99 showed [As Jc] and lost with Pair of Jacks and Pair of Treys


Poker Hand #HD1174360753: Hold'em No Limit  ($0.02/$0.05) - 2023/03/24 20:05:08
Table 'NLHBlue27' 6-max Seat #6 is the button
Seat 1: Hero ($7.32 in chips)
Seat 2: 1439087e ($6.11 in chips)
Seat 3: c8e9aa1f ($5.3 in chips)
Seat 4: f9a9c561 ($6.34 in chips)
Seat 5: e934263e ($5.66 in chips)
Seat 6: 9c5f4e99 ($1.3 in chips)
Hero: posts small blind $0.02
1439087e: posts big blind $0.05
*** HOLE CARDS ***
Dealt to Hero [4d Kd]
Dealt to 1439087e 
Dealt to c8e9aa1f 
Dealt to f9a9c561 
Dealt to e934263e 
Dealt to 9c5f4e99 
c8e9aa1f: folds
f9a9c561: folds
e934263e: folds
9c5f4e99: calls $0.05
Hero: folds
1439087e: checks
*** FLOP *** [2d Qd 8s]
1439087e: checks
9c5f4e99: bets $0.12
1439087e: folds
Uncalled bet ($0.12) returned to 9c5f4e99
*** SHOWDOWN ***
9c5f4e99 collected $0.12 from pot
*** SUMMARY ***
Total pot $0.12 | Rake $0 | Jackpot $0 | Bingo $0 | Fortune $0
Board [2d Qd 8s]
Seat 1: Hero (small blind) folded before Flop
Seat 2: 1439087e (big blind) folded on the Flop
Seat 3: c8e9aa1f folded before Flop (didn't bet)
Seat 4: f9a9c561 folded before Flop (didn't bet)
Seat 5: e934263e folded before Flop (didn't bet)
Seat 6: 9c5f4e99 (button) won ($0.12)


Poker Hand #HD1174360718: Hold'em No Limit  ($0.02/$0.05) - 2023/03/24 20:04:54
Table 'NLHBlue27' 6-max Seat #5 is the button
Seat 1: Hero ($7.37 in chips)
Seat 2: 1439087e ($6.11 in chips)
Seat 3: c8e9aa1f ($5.23 in chips)
Seat 4: f9a9c561 ($6.34 in chips)
Seat 5: e934263e ($5.66 in chips)
Seat 6: 9c5f4e99 ($1.32 in chips)
9c5f4e99: posts small blind $0.02
Hero: posts big blind $0.05
*** HOLE CARDS ***
Dealt to Hero [3s Qd]
Dealt to 1439087e 
Dealt to c8e9aa1f 
Dealt to f9a9c561 
Dealt to e934263e 
Dealt to 9c5f4e99 
1439087e: folds
c8e9aa1f: raises $0.1 to $0.15
f9a9c561: folds
e934263e: folds
9c5f4e99: folds
Hero: folds
Uncalled bet ($0.1) returned to c8e9aa1f
*** SHOWDOWN ***
c8e9aa1f collected $0.12 from pot
*** SUMMARY ***
Total pot $0.12 | Rake $0 | Jackpot $0 | Bingo $0 | Fortune $0
Seat 1: Hero (big blind) folded before Flop
Seat 2: 1439087e folded before Flop (didn't bet)
Seat 3: c8e9aa1f collected ($0.12)
Seat 4: f9a9c561 folded before Flop (didn't bet)
Seat 5: e934263e (button) folded before Flop (didn't bet)
Seat 6: 9c5f4e99 (small blind) folded before Flop


Poker Hand #HD1174360676: Hold'em No Limit  ($0.02/$0.05) - 2023/03/24 20:04:37
Table 'NLHBlue27' 6-max Seat #4 is the button
Seat 1: Hero ($7.37 in chips)
Seat 2: 1439087e ($6.11 in chips)
Seat 3: c8e9aa1f ($5.23 in chips)
Seat 4: f9a9c561 ($6.34 in chips)
Seat 5: e934263e ($5.68 in chips)
Seat 6: 9c5f4e99 ($1.3 in chips)
e934263e: posts small blind $0.02
9c5f4e99: posts big blind $0.05
*** HOLE CARDS ***
Dealt to Hero [Qd 9c]
Dealt to 1439087e 
Dealt to c8e9aa1f 
Dealt to f9a9c561 
Dealt to e934263e 
Dealt to 9c5f4e99 
Hero: folds
1439087e: folds
c8e9aa1f: folds
f9a9c561: folds
e934263e: folds
Uncalled bet ($0.03) returned to 9c5f4e99
*** SHOWDOWN ***
9c5f4e99 collected $0.04 from pot
*** SUMMARY ***
Total pot $0.04 | Rake $0 | Jackpot $0 | Bingo $0 | Fortune $0
Seat 1: Hero folded before Flop (didn't bet)
Seat 2: 1439087e folded before Flop (didn't bet)
Seat 3: c8e9aa1f folded before Flop (didn't bet)
Seat 4: f9a9c561 (button) folded before Flop (didn't bet)
Seat 5: e934263e (small blind) folded before Flop
Seat 6: 9c5f4e99 (big blind) collected ($0.04)


Poker Hand #HD1174360625: Hold'em No Limit  ($0.02/$0.05) - 2023/03/24 20:04:17
Table 'NLHBlue27' 6-max Seat #3 is the button
Seat 1: Hero ($7.37 in chips)
Seat 2: 1439087e ($6.11 in chips)
Seat 3: c8e9aa1f ($5.16 in chips)
Seat 4: f9a9c561 ($6.36 in chips)
Seat 5: e934263e ($5.73 in chips)
Seat 6: 9c5f4e99 ($1.3 in chips)
f9a9c561: posts small blind $0.02
e934263e: posts big blind $0.05
*** HOLE CARDS ***
Dealt to Hero [7c 3d]
Dealt to 1439087e 
Dealt to c8e9aa1f 
Dealt to f9a9c561 
Dealt to e934263e 
Dealt to 9c5f4e99 
9c5f4e99: folds
Hero: folds
1439087e: folds
c8e9aa1f: raises $0.08 to $0.13
f9a9c561: folds
e934263e: folds
Uncalled bet ($0.08) returned to c8e9aa1f
*** SHOWDOWN ***
c8e9aa1f collected $0.12 from pot
*** SUMMARY ***
Total pot $0.12 | Rake $0 | Jackpot $0 | Bingo $0 | Fortune $0
Seat 1: Hero folded before Flop (didn't bet)
Seat 2: 1439087e folded before Flop (didn't bet)
Seat 3: c8e9aa1f (button) collected ($0.12)
Seat 4: f9a9c561 (small blind) folded before Flop
Seat 5: e934263e (big blind) folded before Flop
Seat 6: 9c5f4e99 folded before Flop (didn't bet)


Poker Hand #HD1174360521: Hold'em No Limit  ($0.02/$0.05) - 2023/03/24 20:03:33
Table 'NLHBlue27' 6-max Seat #2 is the button
Seat 1: Hero ($7.01 in chips)
Seat 2: 1439087e ($6.11 in chips)
Seat 3: c8e9aa1f ($5.18 in chips)
Seat 4: f9a9c561 ($6.41 in chips)
Seat 5: e934263e ($5.73 in chips)
Seat 6: 9c5f4e99 ($1.62 in chips)
c8e9aa1f: posts small blind $0.02
f9a9c561: posts big blind $0.05
*** HOLE CARDS ***
Dealt to Hero [4d 4h]
Dealt to 1439087e 
Dealt to c8e9aa1f 
Dealt to f9a9c561 
Dealt to e934263e 
Dealt to 9c5f4e99 
e934263e: folds
9c5f4e99: calls $0.05
Hero: raises $0.15 to $0.2
1439087e: folds
c8e9aa1f: folds
f9a9c561: folds
9c5f4e99: calls $0.15
*** FLOP *** [4c 9h 6s]
9c5f4e99: checks
Hero: bets $0.12
9c5f4e99: calls $0.12
*** TURN *** [4c 9h 6s] [2h]
9c5f4e99: checks
Hero: bets $6.69 and is all-in
9c5f4e99: folds
Uncalled bet ($6.69) returned to Hero
*** SHOWDOWN ***
Hero collected $0.68 from pot
*** SUMMARY ***
Total pot $0.71 | Rake $0.03 | Jackpot $0 | Bingo $0 | Fortune $0
Board [4c 9h 6s 2h]
Seat 1: Hero won ($0.68)
Seat 2: 1439087e (button) folded before Flop (didn't bet)
Seat 3: c8e9aa1f (small blind) folded before Flop
Seat 4: f9a9c561 (big blind) folded before Flop
Seat 5: e934263e folded before Flop (didn't bet)
Seat 6: 9c5f4e99 folded on the Turn


Poker Hand #HD1174360426: Hold'em No Limit  ($0.02/$0.05) - 2023/03/24 20:02:50
Table 'NLHBlue27' 6-max Seat #1 is the button
Seat 1: Hero ($7.01 in chips)
Seat 2: 1439087e ($6.31 in chips)
Seat 3: c8e9aa1f ($5.23 in chips)
Seat 4: f9a9c561 ($6.41 in chips)
Seat 5: e934263e ($5.73 in chips)
Seat 6: 9c5f4e99 ($1.39 in chips)
1439087e: posts small blind $0.02
c8e9aa1f: posts big blind $0.05
*** HOLE CARDS ***
Dealt to Hero [Js 7s]
Dealt to 1439087e 
Dealt to c8e9aa1f 
Dealt to f9a9c561 
Dealt to e934263e 
Dealt to 9c5f4e99 
f9a9c561: folds
e934263e: folds
9c5f4e99: calls $0.05
Hero: folds
1439087e: raises $0.15 to $0.2
c8e9aa1f: folds
9c5f4e99: calls $0.15
*** FLOP *** [3d Kc 2d]
1439087e: checks
9c5f4e99: bets $0.23
1439087e: folds
Uncalled bet ($0.23) returned to 9c5f4e99
*** SHOWDOWN ***
9c5f4e99 collected $0.43 from pot
*** SUMMARY ***
Total pot $0.45 | Rake $0.02 | Jackpot $0 | Bingo $0 | Fortune $0
Board [3d Kc 2d]
Seat 1: Hero (button) folded before Flop (didn't bet)
Seat 2: 1439087e (small blind) folded on the Flop
Seat 3: c8e9aa1f (big blind) folded before Flop
Seat 4: f9a9c561 folded before Flop (didn't bet)
Seat 5: e934263e folded before Flop (didn't bet)
Seat 6: 9c5f4e99 won ($0.43)


Poker Hand #HD1174360309: Hold'em No Limit  ($0.02/$0.05) - 2023/03/24 20:02:00
Table 'NLHBlue27' 6-max Seat #6 is the button
Seat 1: Hero ($7.03 in chips)
Seat 2: 1439087e ($6.36 in chips)
Seat 3: c8e9aa1f ($5.23 in chips)
Seat 4: f9a9c561 ($6.41 in chips)
Seat 5: e934263e ($5.73 in chips)
Seat 6: 9c5f4e99 ($1.32 in chips)
Hero: posts small blind $0.02
1439087e: posts big blind $0.05
*** HOLE CARDS ***
Dealt to Hero [3h 4s]
Dealt to 1439087e 
Dealt to c8e9aa1f 
Dealt to f9a9c561 
Dealt to e934263e 
Dealt to 9c5f4e99 
c8e9aa1f: folds
f9a9c561: folds
e934263e: folds
9c5f4e99: calls $0.05
Hero: folds
1439087e: checks
*** FLOP *** [5s 2d 8s]
1439087e: checks
9c5f4e99: checks
*** TURN *** [5s 2d 8s] [3s]
1439087e: checks
9c5f4e99: bets $0.06
1439087e: folds
Uncalled bet ($0.06) returned to 9c5f4e99
*** SHOWDOWN ***
9c5f4e99 collected $0.12 from pot
*** SUMMARY ***
Total pot $0.12 | Rake $0 | Jackpot $0 | Bingo $0 | Fortune $0
Board [5s 2d 8s 3s]
Seat 1: Hero (small blind) folded before Flop
Seat 2: 1439087e (big blind) folded on the Turn
Seat 3: c8e9aa1f folded before Flop (didn't bet)
Seat 4: f9a9c561 folded before Flop (didn't bet)
Seat 5: e934263e folded before Flop (didn't bet)
Seat 6: 9c5f4e99 (button) won ($0.12)


Poker Hand #HD1174360199: Hold'em No Limit  ($0.02/$0.05) - 2023/03/24 20:01:17
Table 'NLHBlue27' 6-max Seat #5 is the button
Seat 1: Hero ($7.08 in chips)
Seat 2: 1439087e ($6.36 in chips)
Seat 3: c8e9aa1f ($5.23 in chips)
Seat 4: f9a9c561 ($6.41 in chips)
Seat 5: e934263e ($6.17 in chips)
Seat 6: 9c5f4e99 ($0.87 in chips)
9c5f4e99: posts small blind $0.02
Hero: posts big blind $0.05
*** HOLE CARDS ***
Dealt to Hero [7h Js]
Dealt to 1439087e 
Dealt to c8e9aa1f 
Dealt to f9a9c561 
Dealt to e934263e 
Dealt to 9c5f4e99 
1439087e: folds
c8e9aa1f: folds
f9a9c561: folds
e934263e: raises $0.07 to $0.12
9c5f4e99: calls $0.1
Hero: folds
*** FLOP *** [Td Qs Qh]
9c5f4e99: bets $0.1
e934263e: raises $0.22 to $0.32
9c5f4e99: calls $0.22
*** TURN *** [Td Qs Qh] [Ah]
9c5f4e99: checks
e934263e: checks
*** RIVER *** [Td Qs Qh Ah] [2c]
9c5f4e99: bets $0.43 and is all-in
e934263e: folds
Uncalled bet ($0.43) returned to 9c5f4e99
*** SHOWDOWN ***
9c5f4e99 collected $0.89 from pot
*** SUMMARY ***
Total pot $0.93 | Rake $0.04 | Jackpot $0 | Bingo $0 | Fortune $0
Board [Td Qs Qh Ah 2c]
Seat 1: Hero (big blind) folded before Flop
Seat 2: 1439087e folded before Flop (didn't bet)
Seat 3: c8e9aa1f folded before Flop (didn't bet)
Seat 4: f9a9c561 folded before Flop (didn't bet)
Seat 5: e934263e (button) folded on the River
Seat 6: 9c5f4e99 (small blind) won ($0.89)


Poker Hand #HD1174360165: Hold'em No Limit  ($0.02/$0.05) - 2023/03/24 20:01:03
Table 'NLHBlue27' 6-max Seat #4 is the button
Seat 1: Hero ($7.08 in chips)
Seat 2: 1439087e ($6.36 in chips)
Seat 3: c8e9aa1f ($5.23 in chips)
Seat 4: f9a9c561 ($6.41 in chips)
Seat 5: e934263e ($6.19 in chips)
Seat 6: 9c5f4e99 ($0.85 in chips)
e934263e: posts small blind $0.02
9c5f4e99: posts big blind $0.05
*** HOLE CARDS ***
Dealt to Hero [2c 8d]
Dealt to 1439087e 
Dealt to c8e9aa1f 
Dealt to f9a9c561 
Dealt to e934263e 
Dealt to 9c5f4e99 
Hero: folds
1439087e: folds
c8e9aa1f: folds
f9a9c561: folds
e934263e: folds
Uncalled bet ($0.03) returned to 9c5f4e99
*** SHOWDOWN ***
9c5f4e99 collected $0.04 from pot
*** SUMMARY ***
Total pot $0.04 | Rake $0 | Jackpot $0 | Bingo $0 | Fortune $0
Seat 1: Hero folded before Flop (didn't bet)
Seat 2: 1439087e folded before Flop (didn't bet)
Seat 3: c8e9aa1f folded before Flop (didn't bet)
Seat 4: f9a9c561 (button) folded before Flop (didn't bet)
Seat 5: e934263e (small blind) folded before Flop
Seat 6: 9c5f4e99 (big blind) collected ($0.04)


Poker Hand #HD1174360071: Hold'em No Limit  ($0.02/$0.05) - 2023/03/24 20:00:19
Table 'NLHBlue27' 6-max Seat #3 is the button
Seat 1: Hero ($6.83 in chips)
Seat 2: 1439087e ($6.36 in chips)
Seat 3: c8e9aa1f ($5.23 in chips)
Seat 4: f9a9c561 ($6.43 in chips)
Seat 5: e934263e ($6.24 in chips)
Seat 6: 9c5f4e99 ($1.05 in chips)
f9a9c561: posts small blind $0.02
e934263e: posts big blind $0.05
*** HOLE CARDS ***
Dealt to Hero [5d 5s]
Dealt to 1439087e 
Dealt to c8e9aa1f 
Dealt to f9a9c561 
Dealt to e934263e 
Dealt to 9c5f4e99 
9c5f4e99: calls $0.05
Hero: raises $0.15 to $0.2
1439087e: folds
c8e9aa1f: folds
f9a9c561: folds
e934263e: folds
9c5f4e99: calls $0.15
*** FLOP *** [9h 7d Ah]
9c5f4e99: checks
Hero: bets $0.16
9c5f4e99: folds
Uncalled bet ($0.16) returned to Hero
*** SHOWDOWN ***
Hero collected $0.45 from pot
*** SUMMARY ***
Total pot $0.47 | Rake $0.02 | Jackpot $0 | Bingo $0 | Fortune $0
Board [9h 7d Ah]
Seat 1: Hero won ($0.45)
Seat 2: 1439087e folded before Flop (didn't bet)
Seat 3: c8e9aa1f (button) folded before Flop (didn't bet)
Seat 4: f9a9c561 (small blind) folded before Flop
Seat 5: e934263e (big blind) folded before Flop
Seat 6: 9c5f4e99 folded on the Flop


Poker Hand #HD1174359941: Hold'em No Limit  ($0.02/$0.05) - 2023/03/24 19:59:25
Table 'NLHBlue27' 6-max Seat #2 is the button
Seat 1: Hero ($6.83 in chips)
Seat 2: 1439087e ($6.49 in chips)
Seat 3: c8e9aa1f ($5.25 in chips)
Seat 4: f9a9c561 ($6.29 in chips)
Seat 5: e934263e ($6.24 in chips)
Seat 6: 9c5f4e99 ($1.05 in chips)
c8e9aa1f: posts small blind $0.02
f9a9c561: posts big blind $0.05
*** HOLE CARDS ***
Dealt to Hero [8h 3s]
Dealt to 1439087e 
Dealt to c8e9aa1f 
Dealt to f9a9c561 
Dealt to e934263e 
Dealt to 9c5f4e99 
e934263e: folds
9c5f4e99: folds
Hero: folds
1439087e: raises $0.08 to $0.13
c8e9aa1f: folds
f9a9c561: calls $0.08
*** FLOP *** [Jc 5c Ac]
f9a9c561: checks
1439087e: checks
*** TURN *** [Jc 5c Ac] [Kc]
f9a9c561: checks
1439087e: checks
*** RIVER *** [Jc 5c Ac Kc] [9s]
f9a9c561: checks
1439087e: checks
f9a9c561: shows [8d Jd] (Pair of Jacks)
1439087e: shows [Td 9d] (Pair of Nines)
*** SHOWDOWN ***
f9a9c561 collected $0.27 from pot
*** SUMMARY ***
Total pot $0.28 | Rake $0.01 | Jackpot $0 | Bingo $0 | Fortune $0
Board [Jc 5c Ac Kc 9s]
Seat 1: Hero folded before Flop (didn't bet)
Seat 2: 1439087e (button) showed [Td 9d] and lost with Pair of Nines
Seat 3: c8e9aa1f (small blind) folded before Flop
Seat 4: f9a9c561 (big blind) showed [8d Jd] and won ($0.27) with Pair of Jacks
Seat 5: e934263e folded before Flop (didn't bet)
Seat 6: 9c5f4e99 folded before Flop (didn't bet)


Poker Hand #HD1174359915: Hold'em No Limit  ($0.02/$0.05) - 2023/03/24 19:59:12
Table 'NLHBlue27' 6-max Seat #1 is the button
Seat 1: Hero ($6.83 in chips)
Seat 2: 1439087e ($6.51 in chips)
Seat 3: c8e9aa1f ($5.3 in chips)
Seat 4: f9a9c561 ($6.22 in chips)
Seat 5: e934263e ($6.24 in chips)
Seat 6: 9c5f4e99 ($1.05 in chips)
1439087e: posts small blind $0.02
c8e9aa1f: posts big blind $0.05
*** HOLE CARDS ***
Dealt to Hero [4d Qc]
Dealt to 1439087e 
Dealt to c8e9aa1f 
Dealt to f9a9c561 
Dealt to e934263e 
Dealt to 9c5f4e99 
f9a9c561: raises $0.1 to $0.15
e934263e: folds
9c5f4e99: folds
Hero: folds
1439087e: folds
c8e9aa1f: folds
Uncalled bet ($0.1) returned to f9a9c561
*** SHOWDOWN ***
f9a9c561 collected $0.12 from pot
*** SUMMARY ***
Total pot $0.12 | Rake $0 | Jackpot $0 | Bingo $0 | Fortune $0
Seat 1: Hero (button) folded before Flop (didn't bet)
Seat 2: 1439087e (small blind) folded before Flop
Seat 3: c8e9aa1f (big blind) folded before Flop
Seat 4: f9a9c561 collected ($0.12)
Seat 5: e934263e folded before Flop (didn't bet)
Seat 6: 9c5f4e99 folded before Flop (didn't bet)


Poker Hand #HD1174359821: Hold'em No Limit  ($0.02/$0.05) - 2023/03/24 19:58:36
Table 'NLHBlue27' 6-max Seat #6 is the button
Seat 1: Hero ($6.85 in chips)
Seat 2: 1439087e ($6.21 in chips)
Seat 3: c8e9aa1f ($5.3 in chips)
Seat 4: f9a9c561 ($6.37 in chips)
Seat 5: e934263e ($6.24 in chips)
Seat 6: 9c5f4e99 ($1.2 in chips)
Hero: posts small blind $0.02
1439087e: posts big blind $0.05
*** HOLE CARDS ***
Dealt to Hero [Th 8s]
Dealt to 1439087e 
Dealt to c8e9aa1f 
Dealt to f9a9c561 
Dealt to e934263e 
Dealt to 9c5f4e99 
c8e9aa1f: folds
f9a9c561: raises $0.1 to $0.15
e934263e: folds
9c5f4e99: calls $0.15
Hero: folds
1439087e: raises $0.55 to $0.7
f9a9c561: folds
9c5f4e99: folds
Uncalled bet ($0.55) returned to 1439087e
*** SHOWDOWN ***
1439087e collected $0.45 from pot
*** SUMMARY ***
Total pot $0.47 | Rake $0.02 | Jackpot $0 | Bingo $0 | Fortune $0
Seat 1: Hero (small blind) folded before Flop
Seat 2: 1439087e (big blind) collected ($0.45)
Seat 3: c8e9aa1f folded before Flop (didn't bet)
Seat 4: f9a9c561 folded before Flop
Seat 5: e934263e folded before Flop (didn't bet)
Seat 6: 9c5f4e99 (button) folded before Flop


Poker Hand #HD1174359670: Hold'em No Limit  ($0.02/$0.05) - 2023/03/24 19:57:29
Table 'NLHBlue27' 6-max Seat #5 is the button
Seat 1: Hero ($6.9 in chips)
Seat 2: 1439087e ($6.21 in chips)
Seat 3: c8e9aa1f ($5.09 in chips)
Seat 4: f9a9c561 ($6.52 in chips)
Seat 5: e934263e ($6.24 in chips)
Seat 6: 9c5f4e99 ($1.22 in chips)
9c5f4e99: posts small blind $0.02
Hero: posts big blind $0.05
*** HOLE CARDS ***
Dealt to Hero [7c Qd]
Dealt to 1439087e 
Dealt to c8e9aa1f 
Dealt to f9a9c561 
Dealt to e934263e 
Dealt to 9c5f4e99 
1439087e: folds
c8e9aa1f: raises $0.1 to $0.15
f9a9c561: calls $0.15
e934263e: folds
9c5f4e99: folds
Hero: folds
*** FLOP *** [8h Qh 5d]
c8e9aa1f: checks
f9a9c561: checks
*** TURN *** [8h Qh 5d] [2s]
c8e9aa1f: checks
f9a9c561: checks
*** RIVER *** [8h Qh 5d 2s] [Js]
c8e9aa1f: checks
f9a9c561: checks
c8e9aa1f: shows [Tc As] (Ace-High)
f9a9c561: shows [Td Ks] (King-High)
*** SHOWDOWN ***
c8e9aa1f collected $0.36 from pot
*** SUMMARY ***
Total pot $0.37 | Rake $0.01 | Jackpot $0 | Bingo $0 | Fortune $0
Board [8h Qh 5d 2s Js]
Seat 1: Hero (big blind) folded before Flop
Seat 2: 1439087e folded before Flop (didn't bet)
Seat 3: c8e9aa1f showed [Tc As] and won ($0.36) with Ace-High
Seat 4: f9a9c561 showed [Td Ks] and lost with King-High
Seat 5: e934263e (button) folded before Flop (didn't bet)
Seat 6: 9c5f4e99 (small blind) folded before Flop


Poker Hand #HD1174359642: Hold'em No Limit  ($0.02/$0.05) - 2023/03/24 19:57:17
Table 'NLHBlue27' 6-max Seat #4 is the button
Seat 1: Hero ($6.9 in chips)
Seat 2: 1439087e ($6.21 in chips)
Seat 3: c8e9aa1f ($5.09 in chips)
Seat 4: f9a9c561 ($6.52 in chips)
Seat 5: e934263e ($6.26 in chips)
Seat 6: 9c5f4e99 ($1.2 in chips)
e934263e: posts small blind $0.02
9c5f4e99: posts big blind $0.05
*** HOLE CARDS ***
Dealt to Hero [2c Qd]
Dealt to 1439087e 
Dealt to c8e9aa1f 
Dealt to f9a9c561 
Dealt to e934263e 
Dealt to 9c5f4e99 
Hero: folds
1439087e: folds
c8e9aa1f: folds
f9a9c561: folds
e934263e: folds
Uncalled bet ($0.03) returned to 9c5f4e99
*** SHOWDOWN ***
9c5f4e99 collected $0.04 from pot
*** SUMMARY ***
Total pot $0.04 | Rake $0 | Jackpot $0 | Bingo $0 | Fortune $0
Seat 1: Hero folded before Flop (didn't bet)
Seat 2: 1439087e folded before Flop (didn't bet)
Seat 3: c8e9aa1f folded before Flop (didn't bet)
Seat 4: f9a9c561 (button) folded before Flop (didn't bet)
Seat 5: e934263e (small blind) folded before Flop
Seat 6: 9c5f4e99 (big blind) collected ($0.04)


Poker Hand #HD1174359519: Hold'em No Limit  ($0.02/$0.05) - 2023/03/24 19:56:17
Table 'NLHBlue27' 6-max Seat #3 is the button
Seat 1: Hero ($6.9 in chips)
Seat 2: 1439087e ($6.31 in chips)
Seat 3: c8e9aa1f ($5.09 in chips)
Seat 4: f9a9c561 ($6.74 in chips)
Seat 5: e934263e ($6.31 in chips)
Seat 6: 9c5f4e99 ($0.86 in chips)
f9a9c561: posts small blind $0.02
e934263e: posts big blind $0.05
*** HOLE CARDS ***
Dealt to Hero [4s 9c]
Dealt to 1439087e 
Dealt to c8e9aa1f 
Dealt to f9a9c561 
Dealt to e934263e 
Dealt to 9c5f4e99 
9c5f4e99: calls $0.05
Hero: folds
1439087e: raises $0.05 to $0.1
c8e9aa1f: folds
f9a9c561: calls $0.08
e934263e: folds
9c5f4e99: calls $0.05
*** FLOP *** [2s 3h Tc]
f9a9c561: checks
9c5f4e99: bets $0.12
1439087e: folds
f9a9c561: calls $0.12
*** TURN *** [2s 3h Tc] [As]
f9a9c561: checks
9c5f4e99: checks
*** RIVER *** [2s 3h Tc As] [Kh]
f9a9c561: checks
9c5f4e99: bets $0.2
f9a9c561: folds
Uncalled bet ($0.2) returned to 9c5f4e99
*** SHOWDOWN ***
9c5f4e99 collected $0.56 from pot
*** SUMMARY ***
Total pot $0.59 | Rake $0.03 | Jackpot $0 | Bingo $0 | Fortune $0
Board [2s 3h Tc As Kh]
Seat 1: Hero folded before Flop (didn't bet)
Seat 2: 1439087e folded on the Flop
Seat 3: c8e9aa1f (button) folded before Flop (didn't bet)
Seat 4: f9a9c561 (small blind) folded on the River
Seat 5: e934263e (big blind) folded before Flop
Seat 6: 9c5f4e99 won ($0.56)


Poker Hand #HD1174359461: Hold'em No Limit  ($0.02/$0.05) - 2023/03/24 19:55:57
Table 'NLHBlue27' 6-max Seat #2 is the button
Seat 1: Hero ($7.02 in chips)
Seat 2: 1439087e ($6.13 in chips)
Seat 3: c8e9aa1f ($5.11 in chips)
Seat 4: f9a9c561 ($6.79 in chips)
Seat 5: e934263e ($6.31 in chips)
Seat 6: 9c5f4e99 ($0.86 in chips)
c8e9aa1f: posts small blind $0.02
f9a9c561: posts big blind $0.05
*** HOLE CARDS ***
Dealt to Hero [Jh Td]
Dealt to 1439087e 
Dealt to c8e9aa1f 
Dealt to f9a9c561 
Dealt to e934263e 
Dealt to 9c5f4e99 
e934263e: folds
9c5f4e99: folds
Hero: raises $0.07 to $0.12
1439087e: raises $0.23 to $0.35
c8e9aa1f: folds
f9a9c561: folds
Hero: folds
Uncalled bet ($0.23) returned to 1439087e
*** SHOWDOWN ***
1439087e collected $0.3 from pot
*** SUMMARY ***
Total pot $0.31 | Rake $0.01 | Jackpot $0 | Bingo $0 | Fortune $0
Seat 1: Hero folded before Flop
Seat 2: 1439087e (button) collected ($0.3)
Seat 3: c8e9aa1f (small blind) folded before Flop
Seat 4: f9a9c561 (big blind) folded before Flop
Seat 5: e934263e folded before Flop (didn't bet)
Seat 6: 9c5f4e99 folded before Flop (didn't bet)


Poker Hand #HD1174359378: Hold'em No Limit  ($0.02/$0.05) - 2023/03/24 19:55:14
Table 'NLHBlue27' 6-max Seat #1 is the button
Seat 1: Hero ($7.55 in chips)
Seat 2: 1439087e ($5.36 in chips)
Seat 3: c8e9aa1f ($5.16 in chips)
Seat 4: f9a9c561 ($6.79 in chips)
Seat 5: e934263e ($6.31 in chips)
Seat 6: 9c5f4e99 ($1.11 in chips)
1439087e: posts small blind $0.02
c8e9aa1f: posts big blind $0.05
*** HOLE CARDS ***
Dealt to Hero [Jd Ah]
Dealt to 1439087e 
Dealt to c8e9aa1f 
Dealt to f9a9c561 
Dealt to e934263e 
Dealt to 9c5f4e99 
f9a9c561: folds
e934263e: folds
9c5f4e99: calls $0.05
Hero: calls $0.05
1439087e: raises $0.2 to $0.25
c8e9aa1f: folds
9c5f4e99: calls $0.2
Hero: calls $0.2
*** FLOP *** [Ad Kh 6c]
1439087e: bets $0.28
9c5f4e99: folds
Hero: calls $0.28
*** TURN *** [Ad Kh 6c] [Ts]
1439087e: checks
Hero: checks
*** RIVER *** [Ad Kh 6c Ts] [4h]
1439087e: checks
Hero: checks
1439087e: shows [As Qh] (Pair of Aces)
Hero: shows [Jd Ah] (Pair of Aces)
*** SHOWDOWN ***
1439087e collected $1.3 from pot
*** SUMMARY ***
Total pot $1.36 | Rake $0.06 | Jackpot $0 | Bingo $0 | Fortune $0
Board [Ad Kh 6c Ts 4h]
Seat 1: Hero (button) showed [Jd Ah] and lost with Pair of Aces
Seat 2: 1439087e (small blind) showed [As Qh] and won ($1.3) with Pair of Aces
Seat 3: c8e9aa1f (big blind) folded before Flop
Seat 4: f9a9c561 folded before Flop (didn't bet)
Seat 5: e934263e folded before Flop (didn't bet)
Seat 6: 9c5f4e99 folded on the Flop


Poker Hand #HD1174359339: Hold'em No Limit  ($0.02/$0.05) - 2023/03/24 19:54:59
Table 'NLHBlue27' 6-max Seat #6 is the button
Seat 1: Hero ($7.5 in chips)
Seat 2: 1439087e ($5.41 in chips)
Seat 3: c8e9aa1f ($5.16 in chips)
Seat 4: f9a9c561 ($6.79 in chips)
Seat 5: e934263e ($6.31 in chips)
Seat 6: 9c5f4e99 ($1.11 in chips)
Hero: posts small blind $0.02
1439087e: posts big blind $0.05
*** HOLE CARDS ***
Dealt to Hero [Kc Qd]
Dealt to 1439087e 
Dealt to c8e9aa1f 
Dealt to f9a9c561 
Dealt to e934263e 
Dealt to 9c5f4e99 
c8e9aa1f: folds
f9a9c561: folds
e934263e: folds
9c5f4e99: folds
Hero: raises $0.09 to $0.14
1439087e: folds
Uncalled bet ($0.09) returned to Hero
*** SHOWDOWN ***
Hero collected $0.1 from pot
*** SUMMARY ***
Total pot $0.1 | Rake $0 | Jackpot $0 | Bingo $0 | Fortune $0
Seat 1: Hero (small blind) collected ($0.1)
Seat 2: 1439087e (big blind) folded before Flop
Seat 3: c8e9aa1f folded before Flop (didn't bet)
Seat 4: f9a9c561 folded before Flop (didn't bet)
Seat 5: e934263e folded before Flop (didn't bet)
Seat 6: 9c5f4e99 (button) folded before Flop (didn't bet)


Poker Hand #HD1174359200: Hold'em No Limit  ($0.02/$0.05) - 2023/03/24 19:53:54
Table 'NLHBlue27' 6-max Seat #5 is the button
Seat 1: Hero ($7.34 in chips)
Seat 2: 1439087e ($5.41 in chips)
Seat 3: c8e9aa1f ($5.31 in chips)
Seat 4: f9a9c561 ($6.79 in chips)
Seat 5: e934263e ($6.31 in chips)
Seat 6: 9c5f4e99 ($1.13 in chips)
9c5f4e99: posts small blind $0.02
Hero: posts big blind $0.05
*** HOLE CARDS ***
Dealt to Hero [6d Kd]
Dealt to 1439087e 
Dealt to c8e9aa1f 
Dealt to f9a9c561 
Dealt to e934263e 
Dealt to 9c5f4e99 
1439087e: folds
c8e9aa1f: raises $0.1 to $0.15
f9a9c561: folds
e934263e: folds
9c5f4e99: folds
Hero: calls $0.1
*** FLOP *** [Ks 9s 7c]
Hero: checks
c8e9aa1f: checks
*** TURN *** [Ks 9s 7c] [9c]
Hero: bets $0.16
c8e9aa1f: folds
Uncalled bet ($0.16) returned to Hero
*** SHOWDOWN ***
Hero collected $0.31 from pot
*** SUMMARY ***
Total pot $0.32 | Rake $0.01 | Jackpot $0 | Bingo $0 | Fortune $0
Board [Ks 9s 7c 9c]
Seat 1: Hero (big blind) won ($0.31)
Seat 2: 1439087e folded before Flop (didn't bet)
Seat 3: c8e9aa1f folded on the Turn
Seat 4: f9a9c561 folded before Flop (didn't bet)
Seat 5: e934263e (button) folded before Flop (didn't bet)
Seat 6: 9c5f4e99 (small blind) folded before Flop


Poker Hand #HD1174359126: Hold'em No Limit  ($0.02/$0.05) - 2023/03/24 19:53:23
Table 'NLHBlue27' 6-max Seat #4 is the button
Seat 1: Hero ($7.13 in chips)
Seat 2: 1439087e ($5.41 in chips)
Seat 3: c8e9aa1f ($5.31 in chips)
Seat 4: f9a9c561 ($6.79 in chips)
Seat 5: e934263e ($6.33 in chips)
Seat 6: 9c5f4e99 ($1.34 in chips)
e934263e: posts small blind $0.02
9c5f4e99: posts big blind $0.05
*** HOLE CARDS ***
Dealt to Hero [Ac 3c]
Dealt to 1439087e 
Dealt to c8e9aa1f 
Dealt to f9a9c561 
Dealt to e934263e 
Dealt to 9c5f4e99 
Hero: raises $0.07 to $0.12
1439087e: folds
c8e9aa1f: folds
f9a9c561: folds
e934263e: folds
9c5f4e99: raises $0.09 to $0.21
Hero: calls $0.09
*** FLOP *** [9c Tc 3s]
9c5f4e99: checks
Hero: bets $0.33
9c5f4e99: folds
Uncalled bet ($0.33) returned to Hero
*** SHOWDOWN ***
Hero collected $0.42 from pot
*** SUMMARY ***
Total pot $0.44 | Rake $0.02 | Jackpot $0 | Bingo $0 | Fortune $0
Board [9c Tc 3s]
Seat 1: Hero won ($0.42)
Seat 2: 1439087e folded before Flop (didn't bet)
Seat 3: c8e9aa1f folded before Flop (didn't bet)
Seat 4: f9a9c561 (button) folded before Flop (didn't bet)
Seat 5: e934263e (small blind) folded before Flop
Seat 6: 9c5f4e99 (big blind) folded on the Flop


Poker Hand #HD1174359017: Hold'em No Limit  ($0.02/$0.05) - 2023/03/24 19:52:29
Table 'NLHBlue27' 6-max Seat #3 is the button
Seat 1: Hero ($7.13 in chips)
Seat 2: 1439087e ($5.41 in chips)
Seat 3: c8e9aa1f ($5.31 in chips)
Seat 4: f9a9c561 ($6.84 in chips)
Seat 5: e934263e ($5.73 in chips)
Seat 6: 9c5f4e99 ($1.95 in chips)
f9a9c561: posts small blind $0.02
e934263e: posts big blind $0.05
*** HOLE CARDS ***
Dealt to Hero [5s 3h]
Dealt to 1439087e 
Dealt to c8e9aa1f 
Dealt to f9a9c561 
Dealt to e934263e 
Dealt to 9c5f4e99 
9c5f4e99: calls $0.05
Hero: folds
1439087e: folds
c8e9aa1f: folds
f9a9c561: calls $0.03
e934263e: checks
*** FLOP *** [4c As Ks]
f9a9c561: checks
e934263e: checks
9c5f4e99: bets $0.15
f9a9c561: folds
e934263e: calls $0.15
*** TURN *** [4c As Ks] [Qd]
e934263e: checks
9c5f4e99: bets $0.23
e934263e: calls $0.23
*** RIVER *** [4c As Ks Qd] [Js]
e934263e: bets $0.18
9c5f4e99: calls $0.18
e934263e: shows [Qs 2s] (Ace High Flush)
9c5f4e99: shows [6h Kh] (Pair of Kings)
*** SHOWDOWN ***
e934263e collected $1.21 from pot
*** SUMMARY ***
Total pot $1.27 | Rake $0.06 | Jackpot $0 | Bingo $0 | Fortune $0
Board [4c As Ks Qd Js]
Seat 1: Hero folded before Flop (didn't bet)
Seat 2: 1439087e folded before Flop (didn't bet)
Seat 3: c8e9aa1f (button) folded before Flop (didn't bet)
Seat 4: f9a9c561 (small blind) folded on the Flop
Seat 5: e934263e (big blind) showed [Qs 2s] and won ($1.21) with Ace High Flush
Seat 6: 9c5f4e99 showed [6h Kh] and lost with Pair of Kings


Poker Hand #HD1174358988: Hold'em No Limit  ($0.02/$0.05) - 2023/03/24 19:52:17
Table 'NLHBlue27' 6-max Seat #2 is the button
Seat 1: Hero ($7.06 in chips)
Seat 2: 1439087e ($5.41 in chips)
Seat 3: c8e9aa1f ($5.33 in chips)
Seat 4: f9a9c561 ($6.89 in chips)
Seat 5: e934263e ($5.73 in chips)
c8e9aa1f: posts small blind $0.02
f9a9c561: posts big blind $0.05
*** HOLE CARDS ***
Dealt to Hero [Kh Kc]
Dealt to 1439087e 
Dealt to c8e9aa1f 
Dealt to f9a9c561 
Dealt to e934263e 
e934263e: folds
Hero: raises $0.07 to $0.12
1439087e: folds
c8e9aa1f: folds
f9a9c561: folds
Uncalled bet ($0.07) returned to Hero
*** SHOWDOWN ***
Hero collected $0.12 from pot
*** SUMMARY ***
Total pot $0.12 | Rake $0 | Jackpot $0 | Bingo $0 | Fortune $0
Seat 1: Hero collected ($0.12)
Seat 2: 1439087e (button) folded before Flop (didn't bet)
Seat 3: c8e9aa1f (small blind) folded before Flop
Seat 4: f9a9c561 (big blind) folded before Flop
Seat 5: e934263e folded before Flop (didn't bet)


Poker Hand #HD1174358871: Hold'em No Limit  ($0.02/$0.05) - 2023/03/24 19:51:24
Table 'NLHBlue27' 6-max Seat #1 is the button
Seat 1: Hero ($6.24 in chips)
Seat 2: 1439087e ($5.43 in chips)
Seat 3: c8e9aa1f ($5.38 in chips)
Seat 4: f9a9c561 ($6.89 in chips)
Seat 5: e934263e ($5.73 in chips)
Seat 6: 9c5f4e99 ($0.89 in chips)
1439087e: posts small blind $0.02
c8e9aa1f: posts big blind $0.05
*** HOLE CARDS ***
Dealt to Hero [Ad Ac]
Dealt to 1439087e 
Dealt to c8e9aa1f 
Dealt to f9a9c561 
Dealt to e934263e 
Dealt to 9c5f4e99 
f9a9c561: folds
e934263e: folds
9c5f4e99: raises $0.84 to $0.89 and is all-in
Hero: calls $0.89
1439087e: folds
c8e9aa1f: folds
9c5f4e99: shows [2d 7d]
Hero: shows [Ad Ac]
*** FLOP *** [9s 8c 7h]
*** TURN *** [9s 8c 7h] [5h]
*** RIVER *** [9s 8c 7h 5h] [3s]
*** SHOWDOWN ***
Hero collected $1.71 from pot
*** SUMMARY ***
Total pot $1.85 | Rake $0.09 | Jackpot $0.05 | Bingo $0 | Fortune $0
Board [9s 8c 7h 5h 3s]
Seat 1: Hero (button) showed [Ad Ac] and won ($1.71) with Pair of Aces
Seat 2: 1439087e (small blind) folded before Flop
Seat 3: c8e9aa1f (big blind) folded before Flop
Seat 4: f9a9c561 folded before Flop (didn't bet)
Seat 5: e934263e folded before Flop (didn't bet)
Seat 6: 9c5f4e99 showed [2d 7d] and lost with Pair of Sevens


Poker Hand #HD1174358779: Hold'em No Limit  ($0.02/$0.05) - 2023/03/24 19:50:46
Table 'NLHBlue27' 6-max Seat #6 is the button
Seat 1: Hero ($5.94 in chips)
Seat 2: 1439087e ($5.48 in chips)
Seat 3: c8e9aa1f ($5.38 in chips)
Seat 4: f9a9c561 ($6.89 in chips)
Seat 5: e934263e ($5.73 in chips)
Seat 6: 9c5f4e99 ($1.17 in chips)
Hero: posts small blind $0.02
1439087e: posts big blind $0.05
*** HOLE CARDS ***
Dealt to Hero [Ah Tc]
Dealt to 1439087e 
Dealt to c8e9aa1f 
Dealt to f9a9c561 
Dealt to e934263e 
Dealt to 9c5f4e99 
c8e9aa1f: folds
f9a9c561: folds
e934263e: folds
9c5f4e99: calls $0.05
Hero: raises $0.23 to $0.28
1439087e: folds
9c5f4e99: calls $0.23
*** FLOP *** [Ts 2d Ac]
Hero: bets $0.46
9c5f4e99: folds
Uncalled bet ($0.46) returned to Hero
*** SHOWDOWN ***
Hero collected $0.58 from pot
*** SUMMARY ***
Total pot $0.61 | Rake $0.03 | Jackpot $0 | Bingo $0 | Fortune $0
Board [Ts 2d Ac]
Seat 1: Hero (small blind) won ($0.58)
Seat 2: 1439087e (big blind) folded before Flop
Seat 3: c8e9aa1f folded before Flop (didn't bet)
Seat 4: f9a9c561 folded before Flop (didn't bet)
Seat 5: e934263e folded before Flop (didn't bet)
Seat 6: 9c5f4e99 (button) folded on the Flop


Poker Hand #HD1174358577: Hold'em No Limit  ($0.02/$0.05) - 2023/03/24 19:49:22
Table 'NLHBlue27' 6-max Seat #5 is the button
Seat 1: Hero ($5.99 in chips)
Seat 2: 1439087e ($5.48 in chips)
Seat 3: c8e9aa1f ($6.16 in chips)
Seat 4: f9a9c561 ($6.89 in chips)
Seat 5: e934263e ($5 in chips)
Seat 6: 9c5f4e99 ($1.19 in chips)
9c5f4e99: posts small blind $0.02
Hero: posts big blind $0.05
*** HOLE CARDS ***
Dealt to Hero [9s Kh]
Dealt to 1439087e 
Dealt to c8e9aa1f 
Dealt to f9a9c561 
Dealt to e934263e 
Dealt to 9c5f4e99 
1439087e: folds
c8e9aa1f: raises $0.1 to $0.15
f9a9c561: folds
e934263e: raises $0.31 to $0.46
9c5f4e99: folds
Hero: folds
c8e9aa1f: calls $0.31
*** FLOP *** [9h 2h 7c]
c8e9aa1f: checks
e934263e: bets $0.32
c8e9aa1f: calls $0.32
*** TURN *** [9h 2h 7c] [Qd]
c8e9aa1f: checks
e934263e: bets $0.84
c8e9aa1f: folds
Uncalled bet ($0.84) returned to e934263e
*** SHOWDOWN ***
e934263e collected $1.51 from pot
*** SUMMARY ***
Total pot $1.63 | Rake $0.07 | Jackpot $0.05 | Bingo $0 | Fortune $0
Board [9h 2h 7c Qd]
Seat 1: Hero (big blind) folded before Flop
Seat 2: 1439087e folded before Flop (didn't bet)
Seat 3: c8e9aa1f folded on the Turn
Seat 4: f9a9c561 folded before Flop (didn't bet)
Seat 5: e934263e (button) won ($1.51)
Seat 6: 9c5f4e99 (small blind) folded before Flop


Poker Hand #HD1174358482: Hold'em No Limit  ($0.02/$0.05) - 2023/03/24 19:48:38
Table 'NLHBlue27' 6-max Seat #4 is the button
Seat 1: Hero ($5.99 in chips)
Seat 2: 1439087e ($5.48 in chips)
Seat 3: c8e9aa1f ($6.46 in chips)
Seat 4: f9a9c561 ($6.55 in chips)
Seat 5: e934263e ($5 in chips)
Seat 6: 9c5f4e99 ($1.24 in chips)
e934263e: posts small blind $0.02
9c5f4e99: posts big blind $0.05
*** HOLE CARDS ***
Dealt to Hero [Kh Js]
Dealt to 1439087e 
Dealt to c8e9aa1f 
Dealt to f9a9c561 
Dealt to e934263e 
Dealt to 9c5f4e99 
Hero: folds
1439087e: folds
c8e9aa1f: raises $0.08 to $0.13
f9a9c561: raises $0.17 to $0.3
e934263e: folds
9c5f4e99: folds
c8e9aa1f: calls $0.17
*** FLOP *** [3c 8d Ks]
c8e9aa1f: checks
f9a9c561: bets $0.42
c8e9aa1f: folds
Uncalled bet ($0.42) returned to f9a9c561
*** SHOWDOWN ***
f9a9c561 collected $0.64 from pot
*** SUMMARY ***
Total pot $0.67 | Rake $0.03 | Jackpot $0 | Bingo $0 | Fortune $0
Board [3c 8d Ks]
Seat 1: Hero folded before Flop (didn't bet)
Seat 2: 1439087e folded before Flop (didn't bet)
Seat 3: c8e9aa1f folded on the Flop
Seat 4: f9a9c561 (button) won ($0.64)
Seat 5: e934263e (small blind) folded before Flop
Seat 6: 9c5f4e99 (big blind) folded before Flop


Poker Hand #HD1174358347: Hold'em No Limit  ($0.02/$0.05) - 2023/03/24 19:47:41
Table 'NLHBlue27' 6-max Seat #3 is the button
Seat 1: Hero ($5.99 in chips)
Seat 2: 1439087e ($5.48 in chips)
Seat 3: c8e9aa1f ($6.46 in chips)
Seat 4: f9a9c561 ($4.94 in chips)
Seat 5: e934263e ($5 in chips)
Seat 6: 9c5f4e99 ($3.02 in chips)
f9a9c561: posts small blind $0.02
e934263e: posts big blind $0.05
*** HOLE CARDS ***
Dealt to Hero [Ts Ac]
Dealt to 1439087e 
Dealt to c8e9aa1f 
Dealt to f9a9c561 
Dealt to e934263e 
Dealt to 9c5f4e99 
9c5f4e99: raises $0.1 to $0.15
Hero: folds
1439087e: folds
c8e9aa1f: folds
f9a9c561: raises $0.18 to $0.33
e934263e: folds
9c5f4e99: calls $0.18
*** FLOP *** [7c Qh Th]
f9a9c561: bets $0.45
9c5f4e99: calls $0.45
*** TURN *** [7c Qh Th] [5s]
f9a9c561: bets $1
9c5f4e99: calls $1
*** RIVER *** [7c Qh Th 5s] [Td]
f9a9c561: bets $1.81
9c5f4e99: folds
Uncalled bet ($1.81) returned to f9a9c561
*** SHOWDOWN ***
f9a9c561 collected $3.39 from pot
*** SUMMARY ***
Total pot $3.61 | Rake $0.17 | Jackpot $0.05 | Bingo $0 | Fortune $0
Board [7c Qh Th 5s Td]
Seat 1: Hero folded before Flop (didn't bet)
Seat 2: 1439087e folded before Flop (didn't bet)
Seat 3: c8e9aa1f (button) folded before Flop (didn't bet)
Seat 4: f9a9c561 (small blind) won ($3.39)
Seat 5: e934263e (big blind) folded before Flop
Seat 6: 9c5f4e99 folded on the River


Poker Hand #HD1174358262: Hold'em No Limit  ($0.02/$0.05) - 2023/03/24 19:46:57
Table 'NLHBlue27' 6-max Seat #2 is the button
Seat 1: Hero ($5.99 in chips)
Seat 2: 1439087e ($5.48 in chips)
Seat 3: c8e9aa1f ($6.48 in chips)
Seat 4: f9a9c561 ($4.99 in chips)
Seat 5: e934263e ($5 in chips)
Seat 6: 9c5f4e99 ($2.95 in chips)
c8e9aa1f: posts small blind $0.02
f9a9c561: posts big blind $0.05
*** HOLE CARDS ***
Dealt to Hero [6h 2h]
Dealt to 1439087e 
Dealt to c8e9aa1f 
Dealt to f9a9c561 
Dealt to e934263e 
Dealt to 9c5f4e99 
e934263e: folds
9c5f4e99: calls $0.05
Hero: folds
1439087e: folds
c8e9aa1f: folds
f9a9c561: checks
*** FLOP *** [Qc Ah 4d]
f9a9c561: checks
9c5f4e99: checks
*** TURN *** [Qc Ah 4d] [Ks]
f9a9c561: checks
9c5f4e99: checks
*** RIVER *** [Qc Ah 4d Ks] [Td]
f9a9c561: checks
9c5f4e99: bets $0.09
f9a9c561: folds
Uncalled bet ($0.09) returned to 9c5f4e99
*** SHOWDOWN ***
9c5f4e99 collected $0.12 from pot
*** SUMMARY ***
Total pot $0.12 | Rake $0 | Jackpot $0 | Bingo $0 | Fortune $0
Board [Qc Ah 4d Ks Td]
Seat 1: Hero folded before Flop (didn't bet)
Seat 2: 1439087e (button) folded before Flop (didn't bet)
Seat 3: c8e9aa1f (small blind) folded before Flop
Seat 4: f9a9c561 (big blind) folded on the River
Seat 5: e934263e folded before Flop (didn't bet)
Seat 6: 9c5f4e99 won ($0.12)


Poker Hand #HD1174358096: Hold'em No Limit  ($0.02/$0.05) - 2023/03/24 19:45:45
Table 'NLHBlue27' 6-max Seat #1 is the button
Seat 1: Hero ($6.25 in chips)
Seat 2: 1439087e ($5.5 in chips)
Seat 3: c8e9aa1f ($6.22 in chips)
Seat 4: f9a9c561 ($4.99 in chips)
Seat 5: e934263e ($5 in chips)
Seat 6: 9c5f4e99 ($2.95 in chips)
1439087e: posts small blind $0.02
c8e9aa1f: posts big blind $0.05
*** HOLE CARDS ***
Dealt to Hero [2c Qc]
Dealt to 1439087e 
Dealt to c8e9aa1f 
Dealt to f9a9c561 
Dealt to e934263e 
Dealt to 9c5f4e99 
f9a9c561: folds
e934263e: folds
9c5f4e99: folds
Hero: raises $0.07 to $0.12
1439087e: folds
c8e9aa1f: calls $0.07
*** FLOP *** [Ac Jd 3s]
c8e9aa1f: checks
Hero: bets $0.14
c8e9aa1f: calls $0.14
*** TURN *** [Ac Jd 3s] [3d]
c8e9aa1f: checks
Hero: checks
*** RIVER *** [Ac Jd 3s 3d] [Js]
c8e9aa1f: checks
Hero: checks
c8e9aa1f: shows [8h Ah] (Pair of Aces and Pair of Jacks)
Hero: shows [2c Qc] (Pair of Jacks and Pair of Treys)
9c5f4e99: shows [5h 3c] (Treys Full over Jacks)
*** SHOWDOWN ***
c8e9aa1f collected $0.52 from pot
*** SUMMARY ***
Total pot $0.54 | Rake $0.02 | Jackpot $0 | Bingo $0 | Fortune $0
Board [Ac Jd 3s 3d Js]
Seat 1: Hero (button) showed [2c Qc] and lost with Pair of Jacks and Pair of Treys
Seat 2: 1439087e (small blind) folded before Flop
Seat 3: c8e9aa1f (big blind) showed [8h Ah] and won ($0.52) with Pair of Aces and Pair of Jacks
Seat 4: f9a9c561 folded before Flop (didn't bet)
Seat 5: e934263e folded before Flop (didn't bet)
Seat 6: 9c5f4e99 folded before Flop (didn't bet)


Poker Hand #HD1174358050: Hold'em No Limit  ($0.02/$0.05) - 2023/03/24 19:45:24
Table 'NLHBlue27' 6-max Seat #6 is the button
Seat 1: Hero ($6.27 in chips)
Seat 2: 1439087e ($5.55 in chips)
Seat 3: c8e9aa1f ($6.15 in chips)
Seat 4: f9a9c561 ($4.99 in chips)
Seat 5: e934263e ($5 in chips)
Seat 6: 9c5f4e99 ($2.95 in chips)
Hero: posts small blind $0.02
1439087e: posts big blind $0.05
*** HOLE CARDS ***
Dealt to Hero [3c Qd]
Dealt to 1439087e 
Dealt to c8e9aa1f 
Dealt to f9a9c561 
Dealt to e934263e 
Dealt to 9c5f4e99 
c8e9aa1f: raises $0.1 to $0.15
f9a9c561: folds
e934263e: folds
9c5f4e99: folds
Hero: folds
1439087e: folds
Uncalled bet ($0.1) returned to c8e9aa1f
*** SHOWDOWN ***
c8e9aa1f collected $0.12 from pot
*** SUMMARY ***
Total pot $0.12 | Rake $0 | Jackpot $0 | Bingo $0 | Fortune $0
Seat 1: Hero (small blind) folded before Flop
Seat 2: 1439087e (big blind) folded before Flop
Seat 3: c8e9aa1f collected ($0.12)
Seat 4: f9a9c561 folded before Flop (didn't bet)
Seat 5: e934263e folded before Flop (didn't bet)
Seat 6: 9c5f4e99 (button) folded before Flop (didn't bet)


Poker Hand #HD1174357874: Hold'em No Limit  ($0.02/$0.05) - 2023/03/24 19:44:06
Table 'NLHBlue27' 6-max Seat #5 is the button
Seat 1: Hero ($5 in chips)
Seat 2: 1439087e ($5.55 in chips)
Seat 3: c8e9aa1f ($6.15 in chips)
Seat 4: f9a9c561 ($4.99 in chips)
Seat 5: e934263e ($5.08 in chips)
Seat 6: 9c5f4e99 ($2.97 in chips)
9c5f4e99: posts small blind $0.02
Hero: posts big blind $0.05
*** HOLE CARDS ***
Dealt to Hero [Ac Jd]
Dealt to 1439087e 
Dealt to c8e9aa1f 
Dealt to f9a9c561 
Dealt to e934263e 
Dealt to 9c5f4e99 
1439087e: folds
c8e9aa1f: folds
f9a9c561: folds
e934263e: raises $0.07 to $0.12
9c5f4e99: folds
Hero: calls $0.07
*** FLOP *** [Td 9s Kc]
Hero: checks
e934263e: bets $0.1
Hero: calls $0.1
*** TURN *** [Td 9s Kc] [Qd]
Hero: bets $0.35
e934263e: calls $0.35
*** RIVER *** [Td 9s Kc Qd] [6h]
Hero: bets $0.87
e934263e: calls $0.87
Hero: shows [Ac Jd] (Aces-High Straight)
e934263e: shows [8c Jc] (Kings-High Straight)
*** SHOWDOWN ***
Hero collected $2.71 from pot
*** SUMMARY ***
Total pot $2.9 | Rake $0.14 | Jackpot $0.05 | Bingo $0 | Fortune $0
Board [Td 9s Kc Qd 6h]
Seat 1: Hero (big blind) showed [Ac Jd] and won ($2.71) with Aces-High Straight
Seat 2: 1439087e folded before Flop (didn't bet)
Seat 3: c8e9aa1f folded before Flop (didn't bet)
Seat 4: f9a9c561 folded before Flop (didn't bet)
Seat 5: e934263e (button) showed [8c Jc] and lost with Kings-High Straight
Seat 6: 9c5f4e99 (small blind) folded before Flop


Poker Hand #HD1174357826: Hold'em No Limit  ($0.02/$0.05) - 2023/03/24 19:43:46
Table 'NLHBlue27' 6-max Seat #4 is the button
Seat 1: Hero ($5 in chips)
Seat 2: 1439087e ($5.55 in chips)
Seat 3: c8e9aa1f ($6.15 in chips)
Seat 4: f9a9c561 ($4.92 in chips)
Seat 5: e934263e ($5.1 in chips)
Seat 6: 9c5f4e99 ($3.02 in chips)
e934263e: posts small blind $0.02
9c5f4e99: posts big blind $0.05
*** HOLE CARDS ***
Dealt to Hero [6s 9d]
Dealt to 1439087e 
Dealt to c8e9aa1f 
Dealt to f9a9c561 
Dealt to e934263e 
Dealt to 9c5f4e99 
Hero: folds
1439087e: folds
c8e9aa1f: folds
f9a9c561: raises $0.1 to $0.15
e934263e: folds
9c5f4e99: folds
Uncalled bet ($0.1) returned to f9a9c561
*** SHOWDOWN ***
f9a9c561 collected $0.12 from pot
*** SUMMARY ***
Total pot $0.12 | Rake $0 | Jackpot $0 | Bingo $0 | Fortune $0
Seat 1: Hero folded before Flop (didn't bet)
Seat 2: 1439087e folded before Flop (didn't bet)
Seat 3: c8e9aa1f folded before Flop (didn't bet)
Seat 4: f9a9c561 (button) collected ($0.12)
Seat 5: e934263e (small blind) folded before Flop
Seat 6: 9c5f4e99 (big blind) folded before Flop


Poker Hand #HD1174357728: Hold'em No Limit  ($0.02/$0.05) - 2023/03/24 19:43:06
Table 'NLHBlue27' 6-max Seat #3 is the button
Seat 1: Hero ($5 in chips)
Seat 2: 1439087e ($5.55 in chips)
Seat 3: c8e9aa1f ($6.15 in chips)
Seat 4: f9a9c561 ($4.97 in chips)
Seat 5: e934263e ($5 in chips)
Seat 6: 9c5f4e99 ($3.07 in chips)
f9a9c561: posts small blind $0.02
e934263e: posts big blind $0.05
*** HOLE CARDS ***
Dealt to Hero [Kc 5h]
Dealt to 1439087e 
Dealt to c8e9aa1f 
Dealt to f9a9c561 
Dealt to e934263e 
Dealt to 9c5f4e99 
9c5f4e99: calls $0.05
Hero: folds
1439087e: folds
c8e9aa1f: folds
f9a9c561: calls $0.03
e934263e: checks
*** FLOP *** [7c Qh Ad]
f9a9c561: checks
e934263e: bets $0.13
9c5f4e99: folds
f9a9c561: folds
Uncalled bet ($0.13) returned to e934263e
*** SHOWDOWN ***
e934263e collected $0.15 from pot
*** SUMMARY ***
Total pot $0.15 | Rake $0 | Jackpot $0 | Bingo $0 | Fortune $0
Board [7c Qh Ad]
Seat 1: Hero folded before Flop (didn't bet)
Seat 2: 1439087e folded before Flop (didn't bet)
Seat 3: c8e9aa1f (button) folded before Flop (didn't bet)
Seat 4: f9a9c561 (small blind) folded on the Flop
Seat 5: e934263e (big blind) won ($0.15)
Seat 6: 9c5f4e99 folded on the Flop


Poker Hand #HD1174357600: Hold'em No Limit  ($0.02/$0.05) - 2023/03/24 19:42:12
Table 'NLHBlue27' 6-max Seat #2 is the button
Seat 1: Hero ($5 in chips)
Seat 2: 1439087e ($5.28 in chips)
Seat 3: c8e9aa1f ($6.17 in chips)
Seat 4: f9a9c561 ($5.02 in chips)
Seat 6: 9c5f4e99 ($3.29 in chips)
c8e9aa1f: posts small blind $0.02
f9a9c561: posts big blind $0.05
*** HOLE CARDS ***
Dealt to Hero [2h 5h]
Dealt to 1439087e 
Dealt to c8e9aa1f 
Dealt to f9a9c561 
Dealt to 9c5f4e99 
9c5f4e99: calls $0.05
Hero: folds
1439087e: raises $0.17 to $0.22
c8e9aa1f: folds
f9a9c561: folds
9c5f4e99: calls $0.17
*** FLOP *** [Kd 6s 4s]
9c5f4e99: checks
1439087e: checks
*** TURN *** [Kd 6s 4s] [9c]
9c5f4e99: checks
1439087e: bets $0.18
9c5f4e99: folds
Uncalled bet ($0.18) returned to 1439087e
*** SHOWDOWN ***
1439087e collected $0.49 from pot
*** SUMMARY ***
Total pot $0.51 | Rake $0.02 | Jackpot $0 | Bingo $0 | Fortune $0
Board [Kd 6s 4s 9c]
Seat 1: Hero folded before Flop (didn't bet)
Seat 2: 1439087e (button) won ($0.49)
Seat 3: c8e9aa1f (small blind) folded before Flop
Seat 4: f9a9c561 (big blind) folded before Flop
Seat 6: 9c5f4e99 folded on the Turn


Poker Hand #HD1174357444: Hold'em No Limit  ($0.02/$0.05) - 2023/03/24 19:41:08
Table 'NLHBlue27' 6-max Seat #1 is the button
Seat 1: Hero ($5 in chips)
Seat 2: 1439087e ($5.3 in chips)
Seat 3: c8e9aa1f ($6.22 in chips)
Seat 4: f9a9c561 ($5.02 in chips)
Seat 6: 9c5f4e99 ($2.9 in chips)
1439087e: posts small blind $0.02
c8e9aa1f: posts big blind $0.05
*** HOLE CARDS ***
Dealt to Hero [3h 3d]
Dealt to 1439087e 
Dealt to c8e9aa1f 
Dealt to f9a9c561 
Dealt to 9c5f4e99 
f9a9c561: folds
9c5f4e99: calls $0.05
Hero: raises $0.15 to $0.2
1439087e: folds
c8e9aa1f: folds
9c5f4e99: calls $0.15
*** FLOP *** [7d 2h Qd]
9c5f4e99: checks
Hero: bets $0.16
9c5f4e99: calls $0.16
*** TURN *** [7d 2h Qd] [9c]
9c5f4e99: checks
Hero: checks
*** RIVER *** [7d 2h Qd 9c] [2c]
9c5f4e99: bets $0.4
Hero: folds
Uncalled bet ($0.4) returned to 9c5f4e99
*** SHOWDOWN ***
9c5f4e99 collected $0.75 from pot
*** SUMMARY ***
Total pot $0.79 | Rake $0.04 | Jackpot $0 | Bingo $0 | Fortune $0
Board [7d 2h Qd 9c 2c]
Seat 1: Hero (button) folded on the River
Seat 2: 1439087e (small blind) folded before Flop
Seat 3: c8e9aa1f (big blind) folded before Flop
Seat 4: f9a9c561 folded before Flop (didn't bet)
Seat 6: 9c5f4e99 won ($0.75)


Poker Hand #HD1174357380: Hold'em No Limit  ($0.02/$0.05) - 2023/03/24 19:40:39
Table 'NLHBlue27' 6-max Seat #6 is the button
Seat 1: Hero ($5 in chips)
Seat 2: 1439087e ($5.35 in chips)
Seat 3: c8e9aa1f ($6.22 in chips)
Seat 4: f9a9c561 ($5.02 in chips)
Seat 6: 9c5f4e99 ($2.83 in chips)
Hero: posts small blind $0.02
1439087e: posts big blind $0.05
*** HOLE CARDS ***
Dealt to Hero [4h 9d]
Dealt to 1439087e 
Dealt to c8e9aa1f 
Dealt to f9a9c561 
Dealt to 9c5f4e99 
c8e9aa1f: folds
f9a9c561: folds
9c5f4e99: calls $0.05
Hero: folds
1439087e: checks
*** FLOP *** [9h 7c Qs]
1439087e: checks
9c5f4e99: bets $0.12
1439087e: folds
Uncalled bet ($0.12) returned to 9c5f4e99
*** SHOWDOWN ***
9c5f4e99 collected $0.12 from pot
*** SUMMARY ***
Total pot $0.12 | Rake $0 | Jackpot $0 | Bingo $0 | Fortune $0
Board [9h 7c Qs]
Seat 1: Hero (small blind) folded before Flop
Seat 2: 1439087e (big blind) folded on the Flop
Seat 3: c8e9aa1f folded before Flop (didn't bet)
Seat 4: f9a9c561 folded before Flop (didn't bet)
Seat 6: 9c5f4e99 (button) won ($0.12)


Poker Hand #HD1174357277: Hold'em No Limit  ($0.02/$0.05) - 2023/03/24 19:39:58
Table 'NLHBlue27' 6-max Seat #4 is the button
Seat 1: Hero ($5 in chips)
Seat 2: 1439087e ($5.35 in chips)
Seat 3: c8e9aa1f ($6.22 in chips)
Seat 4: f9a9c561 ($5.02 in chips)
Seat 6: 9c5f4e99 ($2.52 in chips)
9c5f4e99: posts small blind $0.02
Hero: posts big blind $0.05
*** HOLE CARDS ***
Dealt to Hero [Ad 6d]
Dealt to 1439087e 
Dealt to c8e9aa1f 
Dealt to f9a9c561 
Dealt to 9c5f4e99 
1439087e: folds
c8e9aa1f: folds
f9a9c561: folds
9c5f4e99: calls $0.03
Hero: raises $0.15 to $0.2
9c5f4e99: calls $0.15
*** FLOP *** [8s Th 6h]
9c5f4e99: bets $0.14
Hero: calls $0.14
*** TURN *** [8s Th 6h] [Jh]
9c5f4e99: bets $0.51
Hero: folds
Uncalled bet ($0.51) returned to 9c5f4e99
*** SHOWDOWN ***
9c5f4e99 collected $0.65 from pot
*** SUMMARY ***
Total pot $0.68 | Rake $0.03 | Jackpot $0 | Bingo $0 | Fortune $0
Board [8s Th 6h Jh]
Seat 1: Hero (big blind) folded on the Turn
Seat 2: 1439087e folded before Flop (didn't bet)
Seat 3: c8e9aa1f folded before Flop (didn't bet)
Seat 4: f9a9c561 (button) folded before Flop (didn't bet)
Seat 6: 9c5f4e99 (small blind) won ($0.65)


