Poker Hand #HD1185048146: Hold'em No Limit  ($0.02/$0.05) - 2023/04/01 16:00:52
Table 'NLHBlue106' 6-max Seat #4 is the button
Seat 3: 10355843 ($7.5 in chips)
Seat 4: Hero ($8.45 in chips)
Hero: posts small blind $0.02
10355843: posts big blind $0.05
*** HOLE CARDS ***
Dealt to 10355843 
Dealt to Hero [8d 4h]
Hero: folds
Uncalled bet ($0.03) returned to 10355843
*** SHOWDOWN ***
10355843 collected $0.04 from pot
*** SUMMARY ***
Total pot $0.04 | Rake $0 | Jackpot $0 | Bingo $0 | Fortune $0
Seat 3: 10355843 (big blind) collected ($0.04)
Seat 4: Hero (small blind) folded before Flop


Poker Hand #HD1185048026: Hold'em No Limit  ($0.02/$0.05) - 2023/04/01 16:00:03
Table 'NLHBlue106' 6-max Seat #3 is the button
Seat 3: 10355843 ($6.85 in chips)
Seat 4: Hero ($9.22 in chips)
10355843: posts small blind $0.02
Hero: posts big blind $0.05
*** HOLE CARDS ***
Dealt to 10355843 
Dealt to Hero [8d 9d]
10355843: raises $0.1 to $0.15
Hero: calls $0.1
*** FLOP *** [Th Jd 6s]
Hero: bets $0.23
10355843: raises $0.39 to $0.62
Hero: calls $0.39
*** TURN *** [Th Jd 6s] [5s]
Hero: checks
10355843: bets $1.16
Hero: folds
Uncalled bet ($1.16) returned to 10355843
*** SHOWDOWN ***
10355843 collected $1.42 from pot
*** SUMMARY ***
Total pot $1.54 | Rake $0.07 | Jackpot $0.05 | Bingo $0 | Fortune $0
Board [Th Jd 6s 5s]
Seat 3: 10355843 (small blind) won ($1.42)
Seat 4: Hero (big blind) folded on the Turn


Poker Hand #HD1185047927: Hold'em No Limit  ($0.02/$0.05) - 2023/04/01 15:59:18
Table 'NLHBlue106' 6-max Seat #1 is the button
Seat 1: 6780b41c ($9.56 in chips)
Seat 3: 10355843 ($6.04 in chips)
Seat 4: Hero ($10.17 in chips)
10355843: posts small blind $0.02
Hero: posts big blind $0.05
*** HOLE CARDS ***
Dealt to 6780b41c 
Dealt to 10355843 
Dealt to Hero [Td Qh]
6780b41c: folds
10355843: raises $0.1 to $0.15
Hero: calls $0.1
*** FLOP *** [7h 9d Ts]
10355843: bets $0.23
Hero: calls $0.23
*** TURN *** [7h 9d Ts] [4c]
10355843: bets $0.57
Hero: calls $0.57
*** RIVER *** [7h 9d Ts 4c] [5h]
10355843: bets $1.43
Hero: folds
Uncalled bet ($1.43) returned to 10355843
*** SHOWDOWN ***
10355843 collected $1.76 from pot
*** SUMMARY ***
Total pot $1.9 | Rake $0.09 | Jackpot $0.05 | Bingo $0 | Fortune $0
Board [7h 9d Ts 4c 5h]
Seat 1: 6780b41c (button) folded before Flop (didn't bet)
Seat 3: 10355843 (small blind) won ($1.76)
Seat 4: Hero (big blind) folded on the River


Poker Hand #HD1185047838: Hold'em No Limit  ($0.02/$0.05) - 2023/04/01 15:58:38
Table 'NLHBlue106' 6-max Seat #4 is the button
Seat 1: 6780b41c ($9.4 in chips)
Seat 3: 10355843 ($6.19 in chips)
Seat 4: Hero ($10.17 in chips)
Seat 5: 87555d02 ($5.76 in chips)
87555d02: posts small blind $0.02
6780b41c: posts big blind $0.05
*** HOLE CARDS ***
Dealt to 6780b41c 
Dealt to 10355843 
Dealt to Hero [Kd 8s]
Dealt to 87555d02 
10355843: raises $0.1 to $0.15
Hero: folds
87555d02: folds
6780b41c: calls $0.1
*** FLOP *** [5h Kc 2c]
6780b41c: checks
10355843: checks
*** TURN *** [5h Kc 2c] [7s]
6780b41c: bets $0.42
10355843: folds
Uncalled bet ($0.42) returned to 6780b41c
*** SHOWDOWN ***
6780b41c collected $0.31 from pot
*** SUMMARY ***
Total pot $0.32 | Rake $0.01 | Jackpot $0 | Bingo $0 | Fortune $0
Board [5h Kc 2c 7s]
Seat 1: 6780b41c (big blind) won ($0.31)
Seat 3: 10355843 folded on the Turn
Seat 4: Hero (button) folded before Flop (didn't bet)
Seat 5: 87555d02 (small blind) folded before Flop


Poker Hand #HD1185047816: Hold'em No Limit  ($0.02/$0.05) - 2023/04/01 15:58:29
Table 'NLHBlue106' 6-max Seat #3 is the button
Seat 1: 6780b41c ($9.4 in chips)
Seat 2: 444d2d59 ($5.11 in chips)
Seat 3: 10355843 ($6.19 in chips)
Seat 4: Hero ($10.19 in chips)
Seat 5: 87555d02 ($5.74 in chips)
Hero: posts small blind $0.02
87555d02: posts big blind $0.05
*** HOLE CARDS ***
Dealt to 6780b41c 
Dealt to 444d2d59 
Dealt to 10355843 
Dealt to Hero [3c 9d]
Dealt to 87555d02 
6780b41c: folds
444d2d59: folds
10355843: folds
Hero: folds
Uncalled bet ($0.03) returned to 87555d02
*** SHOWDOWN ***
87555d02 collected $0.04 from pot
*** SUMMARY ***
Total pot $0.04 | Rake $0 | Jackpot $0 | Bingo $0 | Fortune $0
Seat 1: 6780b41c folded before Flop (didn't bet)
Seat 2: 444d2d59 folded before Flop (didn't bet)
Seat 3: 10355843 (button) folded before Flop (didn't bet)
Seat 4: Hero (small blind) folded before Flop
Seat 5: 87555d02 (big blind) collected ($0.04)


Poker Hand #HD1185047692: Hold'em No Limit  ($0.02/$0.05) - 2023/04/01 15:57:33
Table 'NLHBlue106' 6-max Seat #2 is the button
Seat 1: 6780b41c ($9.4 in chips)
Seat 2: 444d2d59 ($5 in chips)
Seat 3: 10355843 ($6.21 in chips)
Seat 4: Hero ($10.29 in chips)
Seat 5: 87555d02 ($5.74 in chips)
10355843: posts small blind $0.02
Hero: posts big blind $0.05
*** HOLE CARDS ***
Dealt to 6780b41c 
Dealt to 444d2d59 
Dealt to 10355843 
Dealt to Hero [7s Ac]
Dealt to 87555d02 
87555d02: folds
6780b41c: folds
444d2d59: raises $0.05 to $0.1
10355843: folds
Hero: calls $0.05
*** FLOP *** [Ts 8s Jh]
Hero: checks
444d2d59: checks
*** TURN *** [Ts 8s Jh] [4h]
Hero: checks
444d2d59: checks
*** RIVER *** [Ts 8s Jh 4h] [2s]
Hero: checks
444d2d59: checks
Hero: shows [7s Ac] (Ace-High)
444d2d59: shows [Ah 8h] (Pair of Eights)
*** SHOWDOWN ***
444d2d59 collected $0.21 from pot
*** SUMMARY ***
Total pot $0.22 | Rake $0.01 | Jackpot $0 | Bingo $0 | Fortune $0
Board [Ts 8s Jh 4h 2s]
Seat 1: 6780b41c folded before Flop (didn't bet)
Seat 2: 444d2d59 (button) showed [Ah 8h] and won ($0.21) with Pair of Eights
Seat 3: 10355843 (small blind) folded before Flop
Seat 4: Hero (big blind) showed [7s Ac] and lost with Ace-High
Seat 5: 87555d02 folded before Flop (didn't bet)


Poker Hand #HD1185047668: Hold'em No Limit  ($0.02/$0.05) - 2023/04/01 15:57:20
Table 'NLHBlue106' 6-max Seat #1 is the button
Seat 1: 6780b41c ($9.4 in chips)
Seat 2: 444d2d59 ($5 in chips)
Seat 3: 10355843 ($6.26 in chips)
Seat 4: Hero ($10.29 in chips)
Seat 5: 87555d02 ($5.67 in chips)
444d2d59: posts small blind $0.02
10355843: posts big blind $0.05
*** HOLE CARDS ***
Dealt to 6780b41c 
Dealt to 444d2d59 
Dealt to 10355843 
Dealt to Hero [Qh Tc]
Dealt to 87555d02 
Hero: folds
87555d02: raises $0.1 to $0.15
6780b41c: folds
444d2d59: folds
10355843: folds
Uncalled bet ($0.1) returned to 87555d02
*** SHOWDOWN ***
87555d02 collected $0.12 from pot
*** SUMMARY ***
Total pot $0.12 | Rake $0 | Jackpot $0 | Bingo $0 | Fortune $0
Seat 1: 6780b41c (button) folded before Flop (didn't bet)
Seat 2: 444d2d59 (small blind) folded before Flop
Seat 3: 10355843 (big blind) folded before Flop
Seat 4: Hero folded before Flop (didn't bet)
Seat 5: 87555d02 collected ($0.12)


Poker Hand #HD1185047478: Hold'em No Limit  ($0.02/$0.05) - 2023/04/01 15:55:54
Table 'NLHBlue106' 6-max Seat #6 is the button
Seat 1: 6780b41c ($5.16 in chips)
Seat 2: 444d2d59 ($5 in chips)
Seat 3: 10355843 ($6.26 in chips)
Seat 4: Hero ($10.52 in chips)
Seat 5: 87555d02 ($5.67 in chips)
Seat 6: 328877f8 ($4.46 in chips)
6780b41c: posts small blind $0.02
444d2d59: posts big blind $0.05
*** HOLE CARDS ***
Dealt to 6780b41c 
Dealt to 444d2d59 
Dealt to 10355843 
Dealt to Hero [Ac Jc]
Dealt to 87555d02 
Dealt to 328877f8 
10355843: folds
Hero: raises $0.09 to $0.14
87555d02: folds
328877f8: raises $0.09 to $0.23
6780b41c: calls $0.21
444d2d59: folds
Hero: calls $0.09
*** FLOP *** [4s 7h 7c]
6780b41c: checks
Hero: checks
328877f8: bets $0.45
6780b41c: calls $0.45
Hero: folds
*** TURN *** [4s 7h 7c] [9s]
6780b41c: checks
328877f8: bets $0.85
6780b41c: calls $0.85
*** RIVER *** [4s 7h 7c 9s] [9h]
6780b41c: checks
328877f8: bets $2
6780b41c: raises $1.63 to $3.63 and is all-in
328877f8: calls $0.93 and is all-in
Uncalled bet ($0.7) returned to 6780b41c
6780b41c: shows [7d 7s] (Four Sevens)
328877f8: shows [As Ad] (Pair of Aces and Pair of Nines)
*** SHOWDOWN ***
6780b41c collected $8.7 from pot
*** SUMMARY ***
Total pot $9.2 | Rake $0.45 | Jackpot $0.05 | Bingo $0 | Fortune $0
Board [4s 7h 7c 9s 9h]
Seat 1: 6780b41c (small blind) showed [7d 7s] and won ($8.7) with Four Sevens
Seat 2: 444d2d59 (big blind) folded before Flop
Seat 3: 10355843 folded before Flop (didn't bet)
Seat 4: Hero folded on the Flop
Seat 5: 87555d02 folded before Flop (didn't bet)
Seat 6: 328877f8 (button) showed [As Ad] and lost with Pair of Aces and Pair of Nines


Poker Hand #HD1185047356: Hold'em No Limit  ($0.02/$0.05) - 2023/04/01 15:54:59
Table 'NLHBlue106' 6-max Seat #5 is the button
Seat 1: 6780b41c ($5 in chips)
Seat 2: 444d2d59 ($5 in chips)
Seat 3: 10355843 ($6.41 in chips)
Seat 4: Hero ($10.52 in chips)
Seat 5: 87555d02 ($5.67 in chips)
Seat 6: 328877f8 ($4.48 in chips)
328877f8: posts small blind $0.02
6780b41c: posts big blind $0.05
*** HOLE CARDS ***
Dealt to 6780b41c 
Dealt to 444d2d59 
Dealt to 10355843 
Dealt to Hero [Qd Jc]
Dealt to 87555d02 
Dealt to 328877f8 
444d2d59: folds
10355843: raises $0.1 to $0.15
Hero: folds
87555d02: folds
328877f8: folds
6780b41c: calls $0.1
*** FLOP *** [Kc Js 8c]
6780b41c: checks
10355843: checks
*** TURN *** [Kc Js 8c] [9s]
6780b41c: bets $0.4
10355843: folds
Uncalled bet ($0.4) returned to 6780b41c
*** SHOWDOWN ***
6780b41c collected $0.31 from pot
*** SUMMARY ***
Total pot $0.32 | Rake $0.01 | Jackpot $0 | Bingo $0 | Fortune $0
Board [Kc Js 8c 9s]
Seat 1: 6780b41c (big blind) won ($0.31)
Seat 2: 444d2d59 folded before Flop (didn't bet)
Seat 3: 10355843 folded on the Turn
Seat 4: Hero folded before Flop (didn't bet)
Seat 5: 87555d02 (button) folded before Flop (didn't bet)
Seat 6: 328877f8 (small blind) folded before Flop


Poker Hand #HD1185047264: Hold'em No Limit  ($0.02/$0.05) - 2023/04/01 15:54:21
Table 'NLHBlue106' 6-max Seat #4 is the button
Seat 2: 444d2d59 ($5.34 in chips)
Seat 3: 10355843 ($6.41 in chips)
Seat 4: Hero ($10.52 in chips)
Seat 5: 87555d02 ($4.9 in chips)
Seat 6: 328877f8 ($4.9 in chips)
87555d02: posts small blind $0.02
328877f8: posts big blind $0.05
*** HOLE CARDS ***
Dealt to 444d2d59 
Dealt to 10355843 
Dealt to Hero [8s 9h]
Dealt to 87555d02 
Dealt to 328877f8 
444d2d59: raises $0.1 to $0.15
10355843: folds
Hero: folds
87555d02: raises $0.27 to $0.42
328877f8: calls $0.37
444d2d59: calls $0.27
*** FLOP *** [Jd 4s Jc]
87555d02: bets $0.63
328877f8: folds
444d2d59: folds
Uncalled bet ($0.63) returned to 87555d02
*** SHOWDOWN ***
87555d02 collected $1.19 from pot
*** SUMMARY ***
Total pot $1.26 | Rake $0.07 | Jackpot $0 | Bingo $0 | Fortune $0
Board [Jd 4s Jc]
Seat 2: 444d2d59 folded on the Flop
Seat 3: 10355843 folded before Flop (didn't bet)
Seat 4: Hero (button) folded before Flop (didn't bet)
Seat 5: 87555d02 (small blind) won ($1.19)
Seat 6: 328877f8 (big blind) folded on the Flop


Poker Hand #HD1185047197: Hold'em No Limit  ($0.02/$0.05) - 2023/04/01 15:53:51
Table 'NLHBlue106' 6-max Seat #3 is the button
Seat 2: 444d2d59 ($5.34 in chips)
Seat 3: 10355843 ($6.41 in chips)
Seat 4: Hero ($10.54 in chips)
Seat 5: 87555d02 ($5 in chips)
Seat 6: 328877f8 ($4.79 in chips)
Hero: posts small blind $0.02
87555d02: posts big blind $0.05
*** HOLE CARDS ***
Dealt to 444d2d59 
Dealt to 10355843 
Dealt to Hero [8c Jh]
Dealt to 87555d02 
Dealt to 328877f8 
328877f8: raises $0.05 to $0.1
444d2d59: folds
10355843: folds
Hero: folds
87555d02: calls $0.05
*** FLOP *** [7c 7h 5d]
87555d02: checks
328877f8: bets $0.1
87555d02: folds
Uncalled bet ($0.1) returned to 328877f8
*** SHOWDOWN ***
328877f8 collected $0.21 from pot
*** SUMMARY ***
Total pot $0.22 | Rake $0.01 | Jackpot $0 | Bingo $0 | Fortune $0
Board [7c 7h 5d]
Seat 2: 444d2d59 folded before Flop (didn't bet)
Seat 3: 10355843 (button) folded before Flop (didn't bet)
Seat 4: Hero (small blind) folded before Flop
Seat 5: 87555d02 (big blind) folded on the Flop
Seat 6: 328877f8 won ($0.21)


Poker Hand #HD1185047144: Hold'em No Limit  ($0.02/$0.05) - 2023/04/01 15:53:27
Table 'NLHBlue106' 6-max Seat #2 is the button
Seat 2: 444d2d59 ($5.34 in chips)
Seat 3: 10355843 ($6.43 in chips)
Seat 4: Hero ($10.64 in chips)
Seat 6: 328877f8 ($4.68 in chips)
10355843: posts small blind $0.02
Hero: posts big blind $0.05
*** HOLE CARDS ***
Dealt to 444d2d59 
Dealt to 10355843 
Dealt to Hero [Ts Qd]
Dealt to 328877f8 
328877f8: raises $0.05 to $0.1
444d2d59: folds
10355843: folds
Hero: calls $0.05
*** FLOP *** [8d 3h 4s]
Hero: checks
328877f8: bets $0.15
Hero: folds
Uncalled bet ($0.15) returned to 328877f8
*** SHOWDOWN ***
328877f8 collected $0.21 from pot
*** SUMMARY ***
Total pot $0.22 | Rake $0.01 | Jackpot $0 | Bingo $0 | Fortune $0
Board [8d 3h 4s]
Seat 2: 444d2d59 (button) folded before Flop (didn't bet)
Seat 3: 10355843 (small blind) folded before Flop
Seat 4: Hero (big blind) folded on the Flop
Seat 6: 328877f8 won ($0.21)


Poker Hand #HD1185046981: Hold'em No Limit  ($0.02/$0.05) - 2023/04/01 15:52:13
Table 'NLHBlue106' 6-max Seat #6 is the button
Seat 2: 444d2d59 ($6.34 in chips)
Seat 3: 10355843 ($5.57 in chips)
Seat 4: Hero ($10.64 in chips)
Seat 6: 328877f8 ($4.68 in chips)
444d2d59: posts small blind $0.02
10355843: posts big blind $0.05
*** HOLE CARDS ***
Dealt to 444d2d59 
Dealt to 10355843 
Dealt to Hero [9c Ad]
Dealt to 328877f8 
Hero: folds
328877f8: folds
444d2d59: raises $0.1 to $0.15
10355843: raises $0.29 to $0.44
444d2d59: raises $0.56 to $1
10355843: raises $1.18 to $2.18
444d2d59: folds
Uncalled bet ($1.18) returned to 10355843
10355843: shows [Ac]
*** SHOWDOWN ***
10355843 collected $1.86 from pot
*** SUMMARY ***
Total pot $2 | Rake $0.09 | Jackpot $0.05 | Bingo $0 | Fortune $0
Seat 2: 444d2d59 (small blind) folded before Flop
Seat 3: 10355843 (big blind) showed [Ks Ac] and collected ($1.86)
Seat 4: Hero folded before Flop (didn't bet)
Seat 6: 328877f8 (button) folded before Flop (didn't bet)


Poker Hand #HD1185046949: Hold'em No Limit  ($0.02/$0.05) - 2023/04/01 15:51:57
Table 'NLHBlue106' 6-max Seat #4 is the button
Seat 2: 444d2d59 ($6.39 in chips)
Seat 3: 10355843 ($5.57 in chips)
Seat 4: Hero ($10.64 in chips)
Seat 6: 328877f8 ($4.63 in chips)
328877f8: posts small blind $0.02
444d2d59: posts big blind $0.05
*** HOLE CARDS ***
Dealt to 444d2d59 
Dealt to 10355843 
Dealt to Hero [7h 4c]
Dealt to 328877f8 
10355843: folds
Hero: folds
328877f8: raises $0.05 to $0.1
444d2d59: folds
Uncalled bet ($0.05) returned to 328877f8
*** SHOWDOWN ***
328877f8 collected $0.1 from pot
*** SUMMARY ***
Total pot $0.1 | Rake $0 | Jackpot $0 | Bingo $0 | Fortune $0
Seat 2: 444d2d59 (big blind) folded before Flop
Seat 3: 10355843 folded before Flop (didn't bet)
Seat 4: Hero (button) folded before Flop (didn't bet)
Seat 6: 328877f8 (small blind) collected ($0.1)


Poker Hand #HD1185046891: Hold'em No Limit  ($0.02/$0.05) - 2023/04/01 15:51:28
Table 'NLHBlue106' 6-max Seat #3 is the button
Seat 2: 444d2d59 ($6.14 in chips)
Seat 3: 10355843 ($5.57 in chips)
Seat 4: Hero ($10.66 in chips)
Seat 6: 328877f8 ($4.88 in chips)
Hero: posts small blind $0.02
328877f8: posts big blind $0.05
*** HOLE CARDS ***
Dealt to 444d2d59 
Dealt to 10355843 
Dealt to Hero [3h 5s]
Dealt to 328877f8 
444d2d59: raises $0.1 to $0.15
10355843: folds
Hero: folds
328877f8: calls $0.1
*** FLOP *** [6d 3d 7d]
328877f8: bets $0.1
444d2d59: raises $0.9 to $1
328877f8: folds
Uncalled bet ($0.9) returned to 444d2d59
*** SHOWDOWN ***
444d2d59 collected $0.5 from pot
*** SUMMARY ***
Total pot $0.52 | Rake $0.02 | Jackpot $0 | Bingo $0 | Fortune $0
Board [6d 3d 7d]
Seat 2: 444d2d59 won ($0.5)
Seat 3: 10355843 (button) folded before Flop (didn't bet)
Seat 4: Hero (small blind) folded before Flop
Seat 6: 328877f8 (big blind) folded on the Flop


Poker Hand #HD1185046841: Hold'em No Limit  ($0.02/$0.05) - 2023/04/01 15:51:06
Table 'NLHBlue106' 6-max Seat #2 is the button
Seat 2: 444d2d59 ($6.14 in chips)
Seat 3: 10355843 ($5.59 in chips)
Seat 4: Hero ($10.71 in chips)
Seat 6: 328877f8 ($4.81 in chips)
10355843: posts small blind $0.02
Hero: posts big blind $0.05
*** HOLE CARDS ***
Dealt to 444d2d59 
Dealt to 10355843 
Dealt to Hero [Js 6c]
Dealt to 328877f8 
328877f8: raises $0.05 to $0.1
444d2d59: folds
10355843: folds
Hero: folds
Uncalled bet ($0.05) returned to 328877f8
*** SHOWDOWN ***
328877f8 collected $0.12 from pot
*** SUMMARY ***
Total pot $0.12 | Rake $0 | Jackpot $0 | Bingo $0 | Fortune $0
Seat 2: 444d2d59 (button) folded before Flop (didn't bet)
Seat 3: 10355843 (small blind) folded before Flop
Seat 4: Hero (big blind) folded before Flop
Seat 6: 328877f8 collected ($0.12)


Poker Hand #HD1185046817: Hold'em No Limit  ($0.02/$0.05) - 2023/04/01 15:50:57
Table 'NLHBlue106' 6-max Seat #6 is the button
Seat 2: 444d2d59 ($6.16 in chips)
Seat 3: 10355843 ($5.57 in chips)
Seat 4: Hero ($10.71 in chips)
Seat 6: 328877f8 ($4.81 in chips)
444d2d59: posts small blind $0.02
10355843: posts big blind $0.05
*** HOLE CARDS ***
Dealt to 444d2d59 
Dealt to 10355843 
Dealt to Hero [7c Qc]
Dealt to 328877f8 
Hero: folds
328877f8: folds
444d2d59: folds
Uncalled bet ($0.03) returned to 10355843
*** SHOWDOWN ***
10355843 collected $0.04 from pot
*** SUMMARY ***
Total pot $0.04 | Rake $0 | Jackpot $0 | Bingo $0 | Fortune $0
Seat 2: 444d2d59 (small blind) folded before Flop
Seat 3: 10355843 (big blind) collected ($0.04)
Seat 4: Hero folded before Flop (didn't bet)
Seat 6: 328877f8 (button) folded before Flop (didn't bet)


Poker Hand #HD1185046791: Hold'em No Limit  ($0.02/$0.05) - 2023/04/01 15:50:42
Table 'NLHBlue106' 6-max Seat #4 is the button
Seat 1: 2873fe12 ($14.08 in chips)
Seat 2: 444d2d59 ($6.16 in chips)
Seat 3: 10355843 ($5.57 in chips)
Seat 4: Hero ($10.64 in chips)
Seat 6: 328877f8 ($4.83 in chips)
328877f8: posts small blind $0.02
2873fe12: posts big blind $0.05
*** HOLE CARDS ***
Dealt to 2873fe12 
Dealt to 444d2d59 
Dealt to 10355843 
Dealt to Hero [Js Kd]
Dealt to 328877f8 
444d2d59: folds
10355843: folds
Hero: raises $0.07 to $0.12
328877f8: folds
2873fe12: folds
Uncalled bet ($0.07) returned to Hero
*** SHOWDOWN ***
Hero collected $0.12 from pot
*** SUMMARY ***
Total pot $0.12 | Rake $0 | Jackpot $0 | Bingo $0 | Fortune $0
Seat 1: 2873fe12 (big blind) folded before Flop
Seat 2: 444d2d59 folded before Flop (didn't bet)
Seat 3: 10355843 folded before Flop (didn't bet)
Seat 4: Hero (button) collected ($0.12)
Seat 6: 328877f8 (small blind) folded before Flop


Poker Hand #HD1185046690: Hold'em No Limit  ($0.02/$0.05) - 2023/04/01 15:49:50
Table 'NLHBlue106' 6-max Seat #3 is the button
Seat 1: 2873fe12 ($14.63 in chips)
Seat 2: 444d2d59 ($5 in chips)
Seat 3: 10355843 ($5.57 in chips)
Seat 4: Hero ($10.84 in chips)
Seat 6: 328877f8 ($5.38 in chips)
Hero: posts small blind $0.02
328877f8: posts big blind $0.05
*** HOLE CARDS ***
Dealt to 2873fe12 
Dealt to 444d2d59 
Dealt to 10355843 
Dealt to Hero [2h 2c]
Dealt to 328877f8 
2873fe12: raises $0.15 to $0.2
444d2d59: calls $0.2
10355843: folds
Hero: calls $0.18
328877f8: calls $0.15
*** FLOP *** [9s 6c 9d]
Hero: checks
328877f8: checks
2873fe12: checks
444d2d59: checks
*** TURN *** [9s 6c 9d] [As]
Hero: checks
328877f8: bets $0.2
2873fe12: calls $0.2
444d2d59: calls $0.2
Hero: folds
*** RIVER *** [9s 6c 9d As] [8s]
328877f8: bets $0.15
2873fe12: calls $0.15
444d2d59: calls $0.15
328877f8: shows [7s 8c] (Pair of Nines and Pair of Eights)
2873fe12: shows [Ac Tc] (Pair of Aces and Pair of Nines)
444d2d59: shows [Ad Js] (Pair of Aces and Pair of Nines)
*** SHOWDOWN ***
444d2d59 collected $1.71 from pot
*** SUMMARY ***
Total pot $1.85 | Rake $0.09 | Jackpot $0.05 | Bingo $0 | Fortune $0
Board [9s 6c 9d As 8s]
Seat 1: 2873fe12 showed [Ac Tc] and lost with Pair of Aces and Pair of Nines
Seat 2: 444d2d59 showed [Ad Js] and won ($1.71) with Pair of Aces and Pair of Nines
Seat 3: 10355843 (button) folded before Flop (didn't bet)
Seat 4: Hero (small blind) folded on the Turn
Seat 6: 328877f8 (big blind) showed [7s 8c] and lost with Pair of Nines and Pair of Eights


Poker Hand #HD1185046491: Hold'em No Limit  ($0.02/$0.05) - 2023/04/01 15:48:21
Table 'NLHBlue106' 6-max Seat #2 is the button
Seat 1: 2873fe12 ($14.73 in chips)
Seat 2: 444d2d59 ($5 in chips)
Seat 3: 10355843 ($5.59 in chips)
Seat 4: Hero ($10.89 in chips)
Seat 6: 328877f8 ($4.28 in chips)
10355843: posts small blind $0.02
Hero: posts big blind $0.05
*** HOLE CARDS ***
Dealt to 2873fe12 
Dealt to 444d2d59 
Dealt to 10355843 
Dealt to Hero [2d 2h]
Dealt to 328877f8 
328877f8: raises $0.05 to $0.1
2873fe12: calls $0.1
444d2d59: raises $0.4 to $0.5
10355843: folds
Hero: folds
328877f8: calls $0.4
2873fe12: folds
*** FLOP *** [6s Kh 3h]
328877f8: checks
444d2d59: bets $0.59
328877f8: calls $0.59
*** TURN *** [6s Kh 3h] [Qc]
328877f8: checks
444d2d59: checks
*** RIVER *** [6s Kh 3h Qc] [2c]
328877f8: bets $1.5
444d2d59: folds
Uncalled bet ($1.5) returned to 328877f8
*** SHOWDOWN ***
328877f8 collected $2.19 from pot
*** SUMMARY ***
Total pot $2.35 | Rake $0.11 | Jackpot $0.05 | Bingo $0 | Fortune $0
Board [6s Kh 3h Qc 2c]
Seat 1: 2873fe12 folded before Flop
Seat 2: 444d2d59 (button) folded on the River
Seat 3: 10355843 (small blind) folded before Flop
Seat 4: Hero (big blind) folded before Flop
Seat 6: 328877f8 won ($2.19)


Poker Hand #HD1185046406: Hold'em No Limit  ($0.02/$0.05) - 2023/04/01 15:47:39
Table 'NLHBlue106' 6-max Seat #1 is the button
Seat 1: 2873fe12 ($14.85 in chips)
Seat 2: 444d2d59 ($5 in chips)
Seat 3: 10355843 ($5.64 in chips)
Seat 4: Hero ($11.36 in chips)
Seat 6: 328877f8 ($3.67 in chips)
444d2d59: posts small blind $0.02
10355843: posts big blind $0.05
*** HOLE CARDS ***
Dealt to 2873fe12 
Dealt to 444d2d59 
Dealt to 10355843 
Dealt to Hero [Kh 7h]
Dealt to 328877f8 
Hero: raises $0.07 to $0.12
328877f8: calls $0.12
2873fe12: calls $0.12
444d2d59: folds
10355843: folds
*** FLOP *** [7s Qc Ac]
Hero: checks
328877f8: bets $0.15
2873fe12: folds
Hero: calls $0.15
*** TURN *** [7s Qc Ac] [As]
Hero: checks
328877f8: bets $0.2
Hero: calls $0.2
*** RIVER *** [7s Qc Ac As] [Jc]
Hero: checks
328877f8: checks
Hero: shows [Kh 7h] (Pair of Aces and Pair of Sevens)
328877f8: shows [Th Qh] (Pair of Aces and Pair of Queens)
*** SHOWDOWN ***
328877f8 collected $1.08 from pot
*** SUMMARY ***
Total pot $1.13 | Rake $0.05 | Jackpot $0 | Bingo $0 | Fortune $0
Board [7s Qc Ac As Jc]
Seat 1: 2873fe12 (button) folded on the Flop
Seat 2: 444d2d59 (small blind) folded before Flop
Seat 3: 10355843 (big blind) folded before Flop
Seat 4: Hero showed [Kh 7h] and lost with Pair of Aces and Pair of Sevens
Seat 6: 328877f8 showed [Th Qh] and won ($1.08) with Pair of Aces and Pair of Queens


Poker Hand #HD1185046289: Hold'em No Limit  ($0.02/$0.05) - 2023/04/01 15:46:45
Table 'NLHBlue106' 6-max Seat #6 is the button
Seat 1: 2873fe12 ($14.97 in chips)
Seat 2: 444d2d59 ($5 in chips)
Seat 3: 10355843 ($5.64 in chips)
Seat 4: Hero ($11.09 in chips)
Seat 5: bea2c5d3 ($4.27 in chips)
Seat 6: 328877f8 ($3.67 in chips)
2873fe12: posts small blind $0.02
444d2d59: posts big blind $0.05
*** HOLE CARDS ***
Dealt to 2873fe12 
Dealt to 444d2d59 
Dealt to 10355843 
Dealt to Hero [7d 6d]
Dealt to bea2c5d3 
Dealt to 328877f8 
10355843: folds
Hero: raises $0.07 to $0.12
bea2c5d3: calls $0.12
328877f8: folds
2873fe12: calls $0.1
444d2d59: folds
*** FLOP *** [5h Ad Qc]
2873fe12: checks
Hero: checks
bea2c5d3: checks
*** TURN *** [5h Ad Qc] [5s]
2873fe12: checks
Hero: checks
bea2c5d3: checks
*** RIVER *** [5h Ad Qc 5s] [7s]
2873fe12: checks
Hero: bets $0.21
bea2c5d3: folds
2873fe12: folds
Uncalled bet ($0.21) returned to Hero
*** SHOWDOWN ***
Hero collected $0.39 from pot
*** SUMMARY ***
Total pot $0.41 | Rake $0.02 | Jackpot $0 | Bingo $0 | Fortune $0
Board [5h Ad Qc 5s 7s]
Seat 1: 2873fe12 (small blind) folded on the River
Seat 2: 444d2d59 (big blind) folded before Flop
Seat 3: 10355843 folded before Flop (didn't bet)
Seat 4: Hero won ($0.39)
Seat 5: bea2c5d3 folded on the River
Seat 6: 328877f8 (button) folded before Flop (didn't bet)


Poker Hand #HD1185046176: Hold'em No Limit  ($0.02/$0.05) - 2023/04/01 15:45:47
Table 'NLHBlue106' 6-max Seat #5 is the button
Seat 1: 2873fe12 ($15.02 in chips)
Seat 3: 10355843 ($5 in chips)
Seat 4: Hero ($11.09 in chips)
Seat 5: bea2c5d3 ($4.27 in chips)
Seat 6: 328877f8 ($4.32 in chips)
328877f8: posts small blind $0.02
2873fe12: posts big blind $0.05
*** HOLE CARDS ***
Dealt to 2873fe12 
Dealt to 10355843 
Dealt to Hero [2h 8h]
Dealt to bea2c5d3 
Dealt to 328877f8 
10355843: raises $0.1 to $0.15
Hero: folds
bea2c5d3: folds
328877f8: calls $0.13
2873fe12: folds
*** FLOP *** [4d 8s As]
328877f8: checks
10355843: checks
*** TURN *** [4d 8s As] [5c]
328877f8: bets $0.15
10355843: calls $0.15
*** RIVER *** [4d 8s As 5c] [3h]
328877f8: bets $0.35
10355843: raises $1.02 to $1.37
328877f8: folds
Uncalled bet ($1.02) returned to 10355843
*** SHOWDOWN ***
10355843 collected $1.29 from pot
*** SUMMARY ***
Total pot $1.35 | Rake $0.06 | Jackpot $0 | Bingo $0 | Fortune $0
Board [4d 8s As 5c 3h]
Seat 1: 2873fe12 (big blind) folded before Flop
Seat 3: 10355843 won ($1.29)
Seat 4: Hero folded before Flop (didn't bet)
Seat 5: bea2c5d3 (button) folded before Flop (didn't bet)
Seat 6: 328877f8 (small blind) folded on the River


Poker Hand #HD1185046153: Hold'em No Limit  ($0.02/$0.05) - 2023/04/01 15:45:35
Table 'NLHBlue106' 6-max Seat #4 is the button
Seat 1: 2873fe12 ($15.02 in chips)
Seat 3: 10355843 ($5 in chips)
Seat 4: Hero ($11.09 in chips)
Seat 5: bea2c5d3 ($4.22 in chips)
Seat 6: 328877f8 ($4.37 in chips)
bea2c5d3: posts small blind $0.02
328877f8: posts big blind $0.05
*** HOLE CARDS ***
Dealt to 2873fe12 
Dealt to 10355843 
Dealt to Hero [Jd 5d]
Dealt to bea2c5d3 
Dealt to 328877f8 
2873fe12: folds
10355843: folds
Hero: folds
bea2c5d3: raises $0.05 to $0.1
328877f8: folds
Uncalled bet ($0.05) returned to bea2c5d3
*** SHOWDOWN ***
bea2c5d3 collected $0.1 from pot
*** SUMMARY ***
Total pot $0.1 | Rake $0 | Jackpot $0 | Bingo $0 | Fortune $0
Seat 1: 2873fe12 folded before Flop (didn't bet)
Seat 3: 10355843 folded before Flop (didn't bet)
Seat 4: Hero (button) folded before Flop (didn't bet)
Seat 5: bea2c5d3 (small blind) collected ($0.1)
Seat 6: 328877f8 (big blind) folded before Flop


Poker Hand #HD1185046112: Hold'em No Limit  ($0.02/$0.05) - 2023/04/01 15:45:17
Table 'NLHBlue106' 6-max Seat #3 is the button
Seat 1: 2873fe12 ($14.95 in chips)
Seat 3: 10355843 ($5 in chips)
Seat 4: Hero ($11.11 in chips)
Seat 5: bea2c5d3 ($4.27 in chips)
Seat 6: 328877f8 ($4.37 in chips)
Hero: posts small blind $0.02
bea2c5d3: posts big blind $0.05
*** HOLE CARDS ***
Dealt to 2873fe12 
Dealt to 10355843 
Dealt to Hero [8h Qc]
Dealt to bea2c5d3 
Dealt to 328877f8 
328877f8: folds
2873fe12: calls $0.05
10355843: folds
Hero: folds
bea2c5d3: checks
*** FLOP *** [2d As 4s]
bea2c5d3: checks
2873fe12: bets $0.1
bea2c5d3: folds
Uncalled bet ($0.1) returned to 2873fe12
*** SHOWDOWN ***
2873fe12 collected $0.12 from pot
*** SUMMARY ***
Total pot $0.12 | Rake $0 | Jackpot $0 | Bingo $0 | Fortune $0
Board [2d As 4s]
Seat 1: 2873fe12 won ($0.12)
Seat 3: 10355843 (button) folded before Flop (didn't bet)
Seat 4: Hero (small blind) folded before Flop
Seat 5: bea2c5d3 (big blind) folded on the Flop
Seat 6: 328877f8 folded before Flop (didn't bet)


Poker Hand #HD1185046017: Hold'em No Limit  ($0.02/$0.05) - 2023/04/01 15:44:37
Table 'NLHBlue106' 6-max Seat #1 is the button
Seat 1: 2873fe12 ($14.95 in chips)
Seat 3: 10355843 ($5 in chips)
Seat 4: Hero ($11.16 in chips)
Seat 5: bea2c5d3 ($4.37 in chips)
Seat 6: 328877f8 ($4.21 in chips)
10355843: posts small blind $0.02
Hero: posts big blind $0.05
*** HOLE CARDS ***
Dealt to 2873fe12 
Dealt to 10355843 
Dealt to Hero [4h Ks]
Dealt to bea2c5d3 
Dealt to 328877f8 
bea2c5d3: raises $0.05 to $0.1
328877f8: calls $0.1
2873fe12: folds
10355843: folds
Hero: folds
*** FLOP *** [Qs 8s As]
bea2c5d3: checks
328877f8: bets $0.15
bea2c5d3: folds
Uncalled bet ($0.15) returned to 328877f8
*** SHOWDOWN ***
328877f8 collected $0.26 from pot
*** SUMMARY ***
Total pot $0.27 | Rake $0.01 | Jackpot $0 | Bingo $0 | Fortune $0
Board [Qs 8s As]
Seat 1: 2873fe12 (button) folded before Flop (didn't bet)
Seat 3: 10355843 (small blind) folded before Flop
Seat 4: Hero (big blind) folded before Flop
Seat 5: bea2c5d3 folded on the Flop
Seat 6: 328877f8 won ($0.26)


Poker Hand #HD1185045960: Hold'em No Limit  ($0.02/$0.05) - 2023/04/01 15:44:09
Table 'NLHBlue106' 6-max Seat #6 is the button
Seat 1: 2873fe12 ($14.97 in chips)
Seat 2: 444d2d59 ($5 in chips)
Seat 3: 10355843 ($5 in chips)
Seat 4: Hero ($11.09 in chips)
Seat 5: bea2c5d3 ($4.37 in chips)
Seat 6: 328877f8 ($4.21 in chips)
2873fe12: posts small blind $0.02
444d2d59: posts big blind $0.05
*** HOLE CARDS ***
Dealt to 2873fe12 
Dealt to 444d2d59 
Dealt to 10355843 
Dealt to Hero [8c 9c]
Dealt to bea2c5d3 
Dealt to 328877f8 
10355843: folds
Hero: raises $0.07 to $0.12
bea2c5d3: folds
328877f8: folds
2873fe12: folds
444d2d59: folds
Uncalled bet ($0.07) returned to Hero
*** SHOWDOWN ***
Hero collected $0.12 from pot
*** SUMMARY ***
Total pot $0.12 | Rake $0 | Jackpot $0 | Bingo $0 | Fortune $0
Seat 1: 2873fe12 (small blind) folded before Flop
Seat 2: 444d2d59 (big blind) folded before Flop
Seat 3: 10355843 folded before Flop (didn't bet)
Seat 4: Hero collected ($0.12)
Seat 5: bea2c5d3 folded before Flop (didn't bet)
Seat 6: 328877f8 (button) folded before Flop (didn't bet)


Poker Hand #HD1185045886: Hold'em No Limit  ($0.02/$0.05) - 2023/04/01 15:43:30
Table 'NLHBlue106' 6-max Seat #5 is the button
Seat 1: 2873fe12 ($15.12 in chips)
Seat 2: 444d2d59 ($5 in chips)
Seat 3: 10355843 ($5 in chips)
Seat 4: Hero ($11.09 in chips)
Seat 5: bea2c5d3 ($4.52 in chips)
Seat 6: 328877f8 ($3.79 in chips)
328877f8: posts small blind $0.02
2873fe12: posts big blind $0.05
*** HOLE CARDS ***
Dealt to 2873fe12 
Dealt to 444d2d59 
Dealt to 10355843 
Dealt to Hero [4d 7d]
Dealt to bea2c5d3 
Dealt to 328877f8 
444d2d59: folds
10355843: raises $0.1 to $0.15
Hero: folds
bea2c5d3: calls $0.15
328877f8: calls $0.13
2873fe12: calls $0.1
*** FLOP *** [3d Qs 2c]
328877f8: bets $0.8
2873fe12: folds
10355843: folds
bea2c5d3: folds
Uncalled bet ($0.8) returned to 328877f8
*** SHOWDOWN ***
328877f8 collected $0.57 from pot
*** SUMMARY ***
Total pot $0.6 | Rake $0.03 | Jackpot $0 | Bingo $0 | Fortune $0
Board [3d Qs 2c]
Seat 1: 2873fe12 (big blind) folded on the Flop
Seat 2: 444d2d59 folded before Flop (didn't bet)
Seat 3: 10355843 folded on the Flop
Seat 4: Hero folded before Flop (didn't bet)
Seat 5: bea2c5d3 (button) folded on the Flop
Seat 6: 328877f8 (small blind) won ($0.57)


Poker Hand #HD1185045767: Hold'em No Limit  ($0.02/$0.05) - 2023/04/01 15:42:39
Table 'NLHBlue106' 6-max Seat #4 is the button
Seat 1: 2873fe12 ($15.12 in chips)
Seat 2: 444d2d59 ($5 in chips)
Seat 3: 10355843 ($5 in chips)
Seat 4: Hero ($11.66 in chips)
Seat 5: bea2c5d3 ($3.96 in chips)
Seat 6: 328877f8 ($3.84 in chips)
bea2c5d3: posts small blind $0.02
328877f8: posts big blind $0.05
*** HOLE CARDS ***
Dealt to 2873fe12 
Dealt to 444d2d59 
Dealt to 10355843 
Dealt to Hero [Ac Kh]
Dealt to bea2c5d3 
Dealt to 328877f8 
2873fe12: folds
444d2d59: folds
10355843: folds
Hero: raises $0.07 to $0.12
bea2c5d3: calls $0.1
328877f8: folds
*** FLOP *** [7h 7d 6c]
bea2c5d3: checks
Hero: bets $0.15
bea2c5d3: calls $0.15
*** TURN *** [7h 7d 6c] [Qh]
bea2c5d3: checks
Hero: bets $0.3
bea2c5d3: calls $0.3
*** RIVER *** [7h 7d 6c Qh] [4c]
bea2c5d3: checks
Hero: checks
bea2c5d3: shows [Qs Kc] (Pair of Queens and Pair of Sevens)
Hero: shows [Ac Kh] (Pair of Sevens)
*** SHOWDOWN ***
bea2c5d3 collected $1.13 from pot
*** SUMMARY ***
Total pot $1.19 | Rake $0.06 | Jackpot $0 | Bingo $0 | Fortune $0
Board [7h 7d 6c Qh 4c]
Seat 1: 2873fe12 folded before Flop (didn't bet)
Seat 2: 444d2d59 folded before Flop (didn't bet)
Seat 3: 10355843 folded before Flop (didn't bet)
Seat 4: Hero (button) showed [Ac Kh] and lost with Pair of Sevens
Seat 5: bea2c5d3 (small blind) showed [Qs Kc] and won ($1.13) with Pair of Queens and Pair of Sevens
Seat 6: 328877f8 (big blind) folded before Flop


Poker Hand #HD1185045706: Hold'em No Limit  ($0.02/$0.05) - 2023/04/01 15:42:07
Table 'NLHBlue106' 6-max Seat #3 is the button
Seat 1: 2873fe12 ($15.22 in chips)
Seat 2: 444d2d59 ($5 in chips)
Seat 3: 10355843 ($5 in chips)
Seat 4: Hero ($11.68 in chips)
Seat 5: bea2c5d3 ($4.01 in chips)
Seat 6: 328877f8 ($3.68 in chips)
Hero: posts small blind $0.02
bea2c5d3: posts big blind $0.05
*** HOLE CARDS ***
Dealt to 2873fe12 
Dealt to 444d2d59 
Dealt to 10355843 
Dealt to Hero [Ks 9c]
Dealt to bea2c5d3 
Dealt to 328877f8 
328877f8: raises $0.05 to $0.1
2873fe12: calls $0.1
444d2d59: folds
10355843: folds
Hero: folds
bea2c5d3: folds
*** FLOP *** [3d Jc 7h]
328877f8: bets $0.45
2873fe12: folds
Uncalled bet ($0.45) returned to 328877f8
*** SHOWDOWN ***
328877f8 collected $0.26 from pot
*** SUMMARY ***
Total pot $0.27 | Rake $0.01 | Jackpot $0 | Bingo $0 | Fortune $0
Board [3d Jc 7h]
Seat 1: 2873fe12 folded on the Flop
Seat 2: 444d2d59 folded before Flop (didn't bet)
Seat 3: 10355843 (button) folded before Flop (didn't bet)
Seat 4: Hero (small blind) folded before Flop
Seat 5: bea2c5d3 (big blind) folded before Flop
Seat 6: 328877f8 won ($0.26)


Poker Hand #HD1184945562: Hold'em No Limit  ($0.02/$0.05) - 2023/04/01 15:41:00
Table 'NLHBlue106' 6-max Seat #2 is the button
Seat 1: 2873fe12 ($15.22 in chips)
Seat 2: 444d2d59 ($5 in chips)
Seat 3: 10355843 ($5.54 in chips)
Seat 4: Hero ($11.73 in chips)
Seat 5: bea2c5d3 ($1.83 in chips)
Seat 6: 328877f8 ($5.51 in chips)
10355843: posts small blind $0.02
Hero: posts big blind $0.05
*** HOLE CARDS ***
Dealt to 2873fe12 
Dealt to 444d2d59 
Dealt to 10355843 
Dealt to Hero [6h 7d]
Dealt to bea2c5d3 
Dealt to 328877f8 
bea2c5d3: raises $0.05 to $0.1
328877f8: calls $0.1
2873fe12: folds
444d2d59: folds
10355843: raises $0.46 to $0.56
Hero: folds
bea2c5d3: calls $0.46
328877f8: calls $0.46
*** FLOP *** [4h Qs 9c]
10355843: checks
bea2c5d3: bets $1.27 and is all-in
328877f8: calls $1.27
10355843: folds
bea2c5d3: shows [8c 8h] (Pair of Eights)
328877f8: shows [4c 5s] (Pair of Fours)
*** TURN *** [4h Qs 9c] [9h]
*** RIVER *** [4h Qs 9c 9h] [3s]
*** SHOWDOWN ***
bea2c5d3 collected $4.01 from pot
*** SUMMARY ***
Total pot $4.27 | Rake $0.21 | Jackpot $0.05 | Bingo $0 | Fortune $0
Board [4h Qs 9c 9h 3s]
Seat 1: 2873fe12 folded before Flop (didn't bet)
Seat 2: 444d2d59 (button) folded before Flop (didn't bet)
Seat 3: 10355843 (small blind) folded on the Flop
Seat 4: Hero (big blind) folded before Flop
Seat 5: bea2c5d3 showed [8c 8h] and won ($4.01) with Pair of Nines and Pair of Eights
Seat 6: 328877f8 showed [4c 5s] and lost with Pair of Nines and Pair of Fours


Poker Hand #HD1184945396: Hold'em No Limit  ($0.02/$0.05) - 2023/04/01 15:39:43
Table 'NLHBlue106' 6-max Seat #1 is the button
Seat 1: 2873fe12 ($15.22 in chips)
Seat 2: 444d2d59 ($5 in chips)
Seat 3: 10355843 ($5.59 in chips)
Seat 4: Hero ($11.73 in chips)
Seat 5: bea2c5d3 ($0.91 in chips)
Seat 6: 328877f8 ($5.61 in chips)
444d2d59: posts small blind $0.02
10355843: posts big blind $0.05
*** HOLE CARDS ***
Dealt to 2873fe12 
Dealt to 444d2d59 
Dealt to 10355843 
Dealt to Hero [Kc 6s]
Dealt to bea2c5d3 
Dealt to 328877f8 
Hero: folds
bea2c5d3: raises $0.05 to $0.1
328877f8: calls $0.1
2873fe12: folds
444d2d59: raises $0.9 to $1
10355843: folds
bea2c5d3: calls $0.81 and is all-in
328877f8: folds
Uncalled bet ($0.09) returned to 444d2d59
444d2d59: shows [Th Tc]
bea2c5d3: shows [Js Ac]
*** FLOP *** [6h Jh 2h]
*** TURN *** [6h Jh 2h] [8s]
*** RIVER *** [6h Jh 2h 8s] [Qs]
*** SHOWDOWN ***
bea2c5d3 collected $1.83 from pot
*** SUMMARY ***
Total pot $1.97 | Rake $0.09 | Jackpot $0.05 | Bingo $0 | Fortune $0
Board [6h Jh 2h 8s Qs]
Seat 1: 2873fe12 (button) folded before Flop (didn't bet)
Seat 2: 444d2d59 (small blind) showed [Th Tc] and lost with Pair of Tens
Seat 3: 10355843 (big blind) folded before Flop
Seat 4: Hero folded before Flop (didn't bet)
Seat 5: bea2c5d3 showed [Js Ac] and won ($1.83) with Pair of Jacks
Seat 6: 328877f8 folded before Flop


Poker Hand #HD1184945274: Hold'em No Limit  ($0.02/$0.05) - 2023/04/01 15:38:39
Table 'NLHBlue106' 6-max Seat #6 is the button
Seat 1: 2873fe12 ($15.24 in chips)
Seat 2: 444d2d59 ($5 in chips)
Seat 3: 10355843 ($5.59 in chips)
Seat 4: Hero ($11.73 in chips)
Seat 5: bea2c5d3 ($2.53 in chips)
Seat 6: 328877f8 ($4.08 in chips)
2873fe12: posts small blind $0.02
444d2d59: posts big blind $0.05
*** HOLE CARDS ***
Dealt to 2873fe12 
Dealt to 444d2d59 
Dealt to 10355843 
Dealt to Hero [3h 4h]
Dealt to bea2c5d3 
Dealt to 328877f8 
10355843: folds
Hero: folds
bea2c5d3: raises $0.05 to $0.1
328877f8: calls $0.1
2873fe12: folds
444d2d59: calls $0.05
*** FLOP *** [2c Jd 7s]
444d2d59: checks
bea2c5d3: checks
328877f8: bets $0.15
444d2d59: folds
bea2c5d3: calls $0.15
*** TURN *** [2c Jd 7s] [Qd]
bea2c5d3: checks
328877f8: bets $0.25
bea2c5d3: calls $0.25
*** RIVER *** [2c Jd 7s Qd] [3d]
bea2c5d3: bets $1.12
328877f8: raises $1.12 to $2.24
bea2c5d3: folds
Uncalled bet ($1.12) returned to 328877f8
*** SHOWDOWN ***
328877f8 collected $3.15 from pot
*** SUMMARY ***
Total pot $3.36 | Rake $0.16 | Jackpot $0.05 | Bingo $0 | Fortune $0
Board [2c Jd 7s Qd 3d]
Seat 1: 2873fe12 (small blind) folded before Flop
Seat 2: 444d2d59 (big blind) folded on the Flop
Seat 3: 10355843 folded before Flop (didn't bet)
Seat 4: Hero folded before Flop (didn't bet)
Seat 5: bea2c5d3 folded on the River
Seat 6: 328877f8 (button) won ($3.15)


Poker Hand #HD1184945236: Hold'em No Limit  ($0.02/$0.05) - 2023/04/01 15:38:21
Table 'NLHBlue106' 6-max Seat #5 is the button
Seat 1: 2873fe12 ($15.29 in chips)
Seat 2: 444d2d59 ($5 in chips)
Seat 3: 10355843 ($5.52 in chips)
Seat 4: Hero ($11.73 in chips)
Seat 5: bea2c5d3 ($2.53 in chips)
Seat 6: 328877f8 ($4.1 in chips)
328877f8: posts small blind $0.02
2873fe12: posts big blind $0.05
*** HOLE CARDS ***
Dealt to 2873fe12 
Dealt to 444d2d59 
Dealt to 10355843 
Dealt to Hero [8c Jd]
Dealt to bea2c5d3 
Dealt to 328877f8 
444d2d59: folds
10355843: raises $0.1 to $0.15
Hero: folds
bea2c5d3: folds
328877f8: folds
2873fe12: folds
Uncalled bet ($0.1) returned to 10355843
*** SHOWDOWN ***
10355843 collected $0.12 from pot
*** SUMMARY ***
Total pot $0.12 | Rake $0 | Jackpot $0 | Bingo $0 | Fortune $0
Seat 1: 2873fe12 (big blind) folded before Flop
Seat 2: 444d2d59 folded before Flop (didn't bet)
Seat 3: 10355843 collected ($0.12)
Seat 4: Hero folded before Flop (didn't bet)
Seat 5: bea2c5d3 (button) folded before Flop (didn't bet)
Seat 6: 328877f8 (small blind) folded before Flop


Poker Hand #HD1184945173: Hold'em No Limit  ($0.02/$0.05) - 2023/04/01 15:37:52
Table 'NLHBlue106' 6-max Seat #4 is the button
Seat 1: 2873fe12 ($15.29 in chips)
Seat 2: 444d2d59 ($5 in chips)
Seat 3: 10355843 ($5.52 in chips)
Seat 4: Hero ($11.73 in chips)
Seat 5: bea2c5d3 ($2.63 in chips)
Seat 6: 328877f8 ($4.01 in chips)
bea2c5d3: posts small blind $0.02
328877f8: posts big blind $0.05
*** HOLE CARDS ***
Dealt to 2873fe12 
Dealt to 444d2d59 
Dealt to 10355843 
Dealt to Hero [2d Th]
Dealt to bea2c5d3 
Dealt to 328877f8 
2873fe12: folds
444d2d59: folds
10355843: folds
Hero: folds
bea2c5d3: raises $0.05 to $0.1
328877f8: calls $0.05
*** FLOP *** [3c 3h 7s]
bea2c5d3: checks
328877f8: bets $0.1
bea2c5d3: folds
Uncalled bet ($0.1) returned to 328877f8
*** SHOWDOWN ***
328877f8 collected $0.19 from pot
*** SUMMARY ***
Total pot $0.2 | Rake $0.01 | Jackpot $0 | Bingo $0 | Fortune $0
Board [3c 3h 7s]
Seat 1: 2873fe12 folded before Flop (didn't bet)
Seat 2: 444d2d59 folded before Flop (didn't bet)
Seat 3: 10355843 folded before Flop (didn't bet)
Seat 4: Hero (button) folded before Flop (didn't bet)
Seat 5: bea2c5d3 (small blind) folded on the Flop
Seat 6: 328877f8 (big blind) won ($0.19)


Poker Hand #HD1184945151: Hold'em No Limit  ($0.02/$0.05) - 2023/04/01 15:37:40
Table 'NLHBlue106' 6-max Seat #3 is the button
Seat 1: 2873fe12 ($15.29 in chips)
Seat 2: 444d2d59 ($5 in chips)
Seat 3: 10355843 ($5.52 in chips)
Seat 4: Hero ($11.75 in chips)
Seat 5: bea2c5d3 ($2.61 in chips)
Seat 6: 328877f8 ($4.01 in chips)
Hero: posts small blind $0.02
bea2c5d3: posts big blind $0.05
*** HOLE CARDS ***
Dealt to 2873fe12 
Dealt to 444d2d59 
Dealt to 10355843 
Dealt to Hero [7d Ts]
Dealt to bea2c5d3 
Dealt to 328877f8 
328877f8: folds
2873fe12: folds
444d2d59: folds
10355843: folds
Hero: folds
Uncalled bet ($0.03) returned to bea2c5d3
*** SHOWDOWN ***
bea2c5d3 collected $0.04 from pot
*** SUMMARY ***
Total pot $0.04 | Rake $0 | Jackpot $0 | Bingo $0 | Fortune $0
Seat 1: 2873fe12 folded before Flop (didn't bet)
Seat 2: 444d2d59 folded before Flop (didn't bet)
Seat 3: 10355843 (button) folded before Flop (didn't bet)
Seat 4: Hero (small blind) folded before Flop
Seat 5: bea2c5d3 (big blind) collected ($0.04)
Seat 6: 328877f8 folded before Flop (didn't bet)


Poker Hand #HD1184945123: Hold'em No Limit  ($0.02/$0.05) - 2023/04/01 15:37:24
Table 'NLHBlue106' 6-max Seat #2 is the button
Seat 1: 2873fe12 ($15.29 in chips)
Seat 2: 444d2d59 ($5 in chips)
Seat 3: 10355843 ($5.47 in chips)
Seat 4: Hero ($11.8 in chips)
Seat 5: bea2c5d3 ($2.61 in chips)
Seat 6: 328877f8 ($4.01 in chips)
10355843: posts small blind $0.02
Hero: posts big blind $0.05
*** HOLE CARDS ***
Dealt to 2873fe12 
Dealt to 444d2d59 
Dealt to 10355843 
Dealt to Hero [Td 3d]
Dealt to bea2c5d3 
Dealt to 328877f8 
bea2c5d3: folds
328877f8: folds
2873fe12: folds
444d2d59: folds
10355843: raises $0.1 to $0.15
Hero: folds
Uncalled bet ($0.1) returned to 10355843
*** SHOWDOWN ***
10355843 collected $0.1 from pot
*** SUMMARY ***
Total pot $0.1 | Rake $0 | Jackpot $0 | Bingo $0 | Fortune $0
Seat 1: 2873fe12 folded before Flop (didn't bet)
Seat 2: 444d2d59 (button) folded before Flop (didn't bet)
Seat 3: 10355843 (small blind) collected ($0.1)
Seat 4: Hero (big blind) folded before Flop
Seat 5: bea2c5d3 folded before Flop (didn't bet)
Seat 6: 328877f8 folded before Flop (didn't bet)


Poker Hand #HD1184945043: Hold'em No Limit  ($0.02/$0.05) - 2023/04/01 15:36:51
Table 'NLHBlue106' 6-max Seat #1 is the button
Seat 1: 2873fe12 ($15.29 in chips)
Seat 2: 444d2d59 ($5 in chips)
Seat 3: 10355843 ($5.52 in chips)
Seat 4: Hero ($11.8 in chips)
Seat 5: bea2c5d3 ($2.71 in chips)
Seat 6: 328877f8 ($3.85 in chips)
444d2d59: posts small blind $0.02
10355843: posts big blind $0.05
*** HOLE CARDS ***
Dealt to 2873fe12 
Dealt to 444d2d59 
Dealt to 10355843 
Dealt to Hero [Th Jc]
Dealt to bea2c5d3 
Dealt to 328877f8 
Hero: folds
bea2c5d3: raises $0.05 to $0.1
328877f8: calls $0.1
2873fe12: folds
444d2d59: folds
10355843: folds
*** FLOP *** [Td 7c Kc]
bea2c5d3: checks
328877f8: bets $0.15
bea2c5d3: folds
Uncalled bet ($0.15) returned to 328877f8
*** SHOWDOWN ***
328877f8 collected $0.26 from pot
*** SUMMARY ***
Total pot $0.27 | Rake $0.01 | Jackpot $0 | Bingo $0 | Fortune $0
Board [Td 7c Kc]
Seat 1: 2873fe12 (button) folded before Flop (didn't bet)
Seat 2: 444d2d59 (small blind) folded before Flop
Seat 3: 10355843 (big blind) folded before Flop
Seat 4: Hero folded before Flop (didn't bet)
Seat 5: bea2c5d3 folded on the Flop
Seat 6: 328877f8 won ($0.26)


Poker Hand #HD1184944981: Hold'em No Limit  ($0.02/$0.05) - 2023/04/01 15:36:16
Table 'NLHBlue106' 6-max Seat #6 is the button
Seat 1: 2873fe12 ($15.31 in chips)
Seat 2: 444d2d59 ($5 in chips)
Seat 3: 10355843 ($5.52 in chips)
Seat 4: Hero ($11.8 in chips)
Seat 5: bea2c5d3 ($2.5 in chips)
Seat 6: 328877f8 ($3.95 in chips)
2873fe12: posts small blind $0.02
444d2d59: posts big blind $0.05
*** HOLE CARDS ***
Dealt to 2873fe12 
Dealt to 444d2d59 
Dealt to 10355843 
Dealt to Hero [4s 6d]
Dealt to bea2c5d3 
Dealt to 328877f8 
10355843: folds
Hero: folds
bea2c5d3: raises $0.05 to $0.1
328877f8: calls $0.1
2873fe12: folds
444d2d59: calls $0.05
*** FLOP *** [7s Ks Qh]
444d2d59: checks
bea2c5d3: checks
328877f8: checks
*** TURN *** [7s Ks Qh] [Th]
444d2d59: checks
bea2c5d3: bets $0.32
328877f8: folds
444d2d59: folds
Uncalled bet ($0.32) returned to bea2c5d3
*** SHOWDOWN ***
bea2c5d3 collected $0.31 from pot
*** SUMMARY ***
Total pot $0.32 | Rake $0.01 | Jackpot $0 | Bingo $0 | Fortune $0
Board [7s Ks Qh Th]
Seat 1: 2873fe12 (small blind) folded before Flop
Seat 2: 444d2d59 (big blind) folded on the Turn
Seat 3: 10355843 folded before Flop (didn't bet)
Seat 4: Hero folded before Flop (didn't bet)
Seat 5: bea2c5d3 won ($0.31)
Seat 6: 328877f8 (button) folded on the Turn


Poker Hand #HD1184944924: Hold'em No Limit  ($0.02/$0.05) - 2023/04/01 15:35:48
Table 'NLHBlue106' 6-max Seat #5 is the button
Seat 1: 2873fe12 ($15.01 in chips)
Seat 2: 444d2d59 ($5 in chips)
Seat 3: 10355843 ($5.67 in chips)
Seat 4: Hero ($11.8 in chips)
Seat 5: bea2c5d3 ($2.65 in chips)
Seat 6: 328877f8 ($3.97 in chips)
328877f8: posts small blind $0.02
2873fe12: posts big blind $0.05
*** HOLE CARDS ***
Dealt to 2873fe12 
Dealt to 444d2d59 
Dealt to 10355843 
Dealt to Hero [Kd Tc]
Dealt to bea2c5d3 
Dealt to 328877f8 
444d2d59: folds
10355843: raises $0.1 to $0.15
Hero: folds
bea2c5d3: calls $0.15
328877f8: folds
2873fe12: raises $0.3 to $0.45
10355843: folds
bea2c5d3: folds
Uncalled bet ($0.3) returned to 2873fe12
*** SHOWDOWN ***
2873fe12 collected $0.45 from pot
*** SUMMARY ***
Total pot $0.47 | Rake $0.02 | Jackpot $0 | Bingo $0 | Fortune $0
Seat 1: 2873fe12 (big blind) collected ($0.45)
Seat 2: 444d2d59 folded before Flop (didn't bet)
Seat 3: 10355843 folded before Flop
Seat 4: Hero folded before Flop (didn't bet)
Seat 5: bea2c5d3 (button) folded before Flop
Seat 6: 328877f8 (small blind) folded before Flop


Poker Hand #HD1184944892: Hold'em No Limit  ($0.02/$0.05) - 2023/04/01 15:35:36
Table 'NLHBlue106' 6-max Seat #4 is the button
Seat 1: 2873fe12 ($15.01 in chips)
Seat 2: 444d2d59 ($5 in chips)
Seat 3: 10355843 ($5.67 in chips)
Seat 4: Hero ($11.8 in chips)
Seat 5: bea2c5d3 ($2.67 in chips)
Seat 6: 328877f8 ($3.95 in chips)
bea2c5d3: posts small blind $0.02
328877f8: posts big blind $0.05
*** HOLE CARDS ***
Dealt to 2873fe12 
Dealt to 444d2d59 
Dealt to 10355843 
Dealt to Hero [8s 7d]
Dealt to bea2c5d3 
Dealt to 328877f8 
2873fe12: folds
444d2d59: folds
10355843: folds
Hero: folds
bea2c5d3: folds
Uncalled bet ($0.03) returned to 328877f8
*** SHOWDOWN ***
328877f8 collected $0.04 from pot
*** SUMMARY ***
Total pot $0.04 | Rake $0 | Jackpot $0 | Bingo $0 | Fortune $0
Seat 1: 2873fe12 folded before Flop (didn't bet)
Seat 2: 444d2d59 folded before Flop (didn't bet)
Seat 3: 10355843 folded before Flop (didn't bet)
Seat 4: Hero (button) folded before Flop (didn't bet)
Seat 5: bea2c5d3 (small blind) folded before Flop
Seat 6: 328877f8 (big blind) collected ($0.04)


Poker Hand #HD1184944815: Hold'em No Limit  ($0.02/$0.05) - 2023/04/01 15:34:54
Table 'NLHBlue106' 6-max Seat #3 is the button
Seat 1: 2873fe12 ($15.01 in chips)
Seat 2: 444d2d59 ($5 in chips)
Seat 3: 10355843 ($5.67 in chips)
Seat 4: Hero ($11.82 in chips)
Seat 5: bea2c5d3 ($2.42 in chips)
Seat 6: 328877f8 ($4.2 in chips)
Hero: posts small blind $0.02
bea2c5d3: posts big blind $0.05
*** HOLE CARDS ***
Dealt to 2873fe12 
Dealt to 444d2d59 
Dealt to 10355843 
Dealt to Hero [2h Kc]
Dealt to bea2c5d3 
Dealt to 328877f8 
328877f8: calls $0.05
2873fe12: folds
444d2d59: folds
10355843: folds
Hero: folds
bea2c5d3: checks
*** FLOP *** [3s Tc 5s]
bea2c5d3: checks
328877f8: bets $0.05
bea2c5d3: calls $0.05
*** TURN *** [3s Tc 5s] [Ac]
bea2c5d3: checks
328877f8: checks
*** RIVER *** [3s Tc 5s Ac] [7s]
bea2c5d3: checks
328877f8: bets $0.15
bea2c5d3: raises $0.18 to $0.33
328877f8: folds
Uncalled bet ($0.18) returned to bea2c5d3
*** SHOWDOWN ***
bea2c5d3 collected $0.5 from pot
*** SUMMARY ***
Total pot $0.52 | Rake $0.02 | Jackpot $0 | Bingo $0 | Fortune $0
Board [3s Tc 5s Ac 7s]
Seat 1: 2873fe12 folded before Flop (didn't bet)
Seat 2: 444d2d59 folded before Flop (didn't bet)
Seat 3: 10355843 (button) folded before Flop (didn't bet)
Seat 4: Hero (small blind) folded before Flop
Seat 5: bea2c5d3 (big blind) won ($0.5)
Seat 6: 328877f8 folded on the River


Poker Hand #HD1184944757: Hold'em No Limit  ($0.02/$0.05) - 2023/04/01 15:34:21
Table 'NLHBlue106' 6-max Seat #2 is the button
Seat 1: 2873fe12 ($15.06 in chips)
Seat 2: 444d2d59 ($5 in chips)
Seat 3: 10355843 ($5.69 in chips)
Seat 4: Hero ($11.7 in chips)
Seat 5: bea2c5d3 ($2.42 in chips)
Seat 6: 328877f8 ($4.25 in chips)
10355843: posts small blind $0.02
Hero: posts big blind $0.05
*** HOLE CARDS ***
Dealt to 2873fe12 
Dealt to 444d2d59 
Dealt to 10355843 
Dealt to Hero [Ah Jh]
Dealt to bea2c5d3 
Dealt to 328877f8 
bea2c5d3: folds
328877f8: calls $0.05
2873fe12: calls $0.05
444d2d59: folds
10355843: folds
Hero: raises $0.26 to $0.31
328877f8: folds
2873fe12: folds
Uncalled bet ($0.26) returned to Hero
*** SHOWDOWN ***
Hero collected $0.17 from pot
*** SUMMARY ***
Total pot $0.17 | Rake $0 | Jackpot $0 | Bingo $0 | Fortune $0
Seat 1: 2873fe12 folded before Flop
Seat 2: 444d2d59 (button) folded before Flop (didn't bet)
Seat 3: 10355843 (small blind) folded before Flop
Seat 4: Hero (big blind) collected ($0.17)
Seat 5: bea2c5d3 folded before Flop (didn't bet)
Seat 6: 328877f8 folded before Flop


Poker Hand #HD1184944741: Hold'em No Limit  ($0.02/$0.05) - 2023/04/01 15:34:10
Table 'NLHBlue106' 6-max Seat #1 is the button
Seat 1: 2873fe12 ($15.06 in chips)
Seat 2: 444d2d59 ($5 in chips)
Seat 3: 10355843 ($5.74 in chips)
Seat 4: Hero ($11.7 in chips)
Seat 5: bea2c5d3 ($2.35 in chips)
Seat 6: 328877f8 ($4.25 in chips)
444d2d59: posts small blind $0.02
10355843: posts big blind $0.05
*** HOLE CARDS ***
Dealt to 2873fe12 
Dealt to 444d2d59 
Dealt to 10355843 
Dealt to Hero [Kd 4c]
Dealt to bea2c5d3 
Dealt to 328877f8 
Hero: folds
bea2c5d3: raises $0.05 to $0.1
328877f8: folds
2873fe12: folds
444d2d59: folds
10355843: folds
Uncalled bet ($0.05) returned to bea2c5d3
*** SHOWDOWN ***
bea2c5d3 collected $0.12 from pot
*** SUMMARY ***
Total pot $0.12 | Rake $0 | Jackpot $0 | Bingo $0 | Fortune $0
Seat 1: 2873fe12 (button) folded before Flop (didn't bet)
Seat 2: 444d2d59 (small blind) folded before Flop
Seat 3: 10355843 (big blind) folded before Flop
Seat 4: Hero folded before Flop (didn't bet)
Seat 5: bea2c5d3 collected ($0.12)
Seat 6: 328877f8 folded before Flop (didn't bet)


Poker Hand #HD1184944634: Hold'em No Limit  ($0.02/$0.05) - 2023/04/01 15:33:20
Table 'NLHBlue106' 6-max Seat #6 is the button
Seat 1: 2873fe12 ($15.28 in chips)
Seat 2: 444d2d59 ($5 in chips)
Seat 3: 10355843 ($5.74 in chips)
Seat 4: Hero ($11.7 in chips)
Seat 5: bea2c5d3 ($1.3 in chips)
Seat 6: 328877f8 ($5.18 in chips)
2873fe12: posts small blind $0.02
444d2d59: posts big blind $0.05
*** HOLE CARDS ***
Dealt to 2873fe12 
Dealt to 444d2d59 
Dealt to 10355843 
Dealt to Hero [6d Qd]
Dealt to bea2c5d3 
Dealt to 328877f8 
10355843: folds
Hero: folds
bea2c5d3: raises $0.05 to $0.1
328877f8: calls $0.1
2873fe12: calls $0.08
444d2d59: folds
*** FLOP *** [4d 8c 5c]
2873fe12: checks
bea2c5d3: bets $0.12
328877f8: calls $0.12
2873fe12: calls $0.12
*** TURN *** [4d 8c 5c] [9h]
2873fe12: checks
bea2c5d3: bets $0.71
328877f8: calls $0.71
2873fe12: folds
*** RIVER *** [4d 8c 5c 9h] [4s]
bea2c5d3: bets $0.37 and is all-in
328877f8: folds
Uncalled bet ($0.37) returned to bea2c5d3
*** SHOWDOWN ***
bea2c5d3 collected $1.98 from pot
*** SUMMARY ***
Total pot $2.13 | Rake $0.1 | Jackpot $0.05 | Bingo $0 | Fortune $0
Board [4d 8c 5c 9h 4s]
Seat 1: 2873fe12 (small blind) folded on the Turn
Seat 2: 444d2d59 (big blind) folded before Flop
Seat 3: 10355843 folded before Flop (didn't bet)
Seat 4: Hero folded before Flop (didn't bet)
Seat 5: bea2c5d3 won ($1.98)
Seat 6: 328877f8 (button) folded on the River


Poker Hand #HD1184944565: Hold'em No Limit  ($0.02/$0.05) - 2023/04/01 15:32:38
Table 'NLHBlue106' 6-max Seat #5 is the button
Seat 1: 2873fe12 ($13.77 in chips)
Seat 2: 444d2d59 ($5 in chips)
Seat 3: 10355843 ($5.74 in chips)
Seat 4: Hero ($11.7 in chips)
Seat 5: bea2c5d3 ($3 in chips)
Seat 6: 328877f8 ($5.2 in chips)
328877f8: posts small blind $0.02
2873fe12: posts big blind $0.05
*** HOLE CARDS ***
Dealt to 2873fe12 
Dealt to 444d2d59 
Dealt to 10355843 
Dealt to Hero [6s Kc]
Dealt to bea2c5d3 
Dealt to 328877f8 
444d2d59: folds
10355843: folds
Hero: folds
bea2c5d3: raises $0.05 to $0.1
328877f8: folds
2873fe12: calls $0.05
*** FLOP *** [7h Ac 8s]
2873fe12: checks
bea2c5d3: bets $0.08
2873fe12: calls $0.08
*** TURN *** [7h Ac 8s] [Ah]
2873fe12: checks
bea2c5d3: bets $0.38
2873fe12: calls $0.38
*** RIVER *** [7h Ac 8s Ah] [6c]
2873fe12: checks
bea2c5d3: bets $1.14
2873fe12: calls $1.14
bea2c5d3: shows [Qd 4d] (Pair of Aces)
2873fe12: shows [9h 9c] (Pair of Aces and Pair of Nines)
*** SHOWDOWN ***
2873fe12 collected $3.21 from pot
*** SUMMARY ***
Total pot $3.42 | Rake $0.16 | Jackpot $0.05 | Bingo $0 | Fortune $0
Board [7h Ac 8s Ah 6c]
Seat 1: 2873fe12 (big blind) showed [9h 9c] and won ($3.21) with Pair of Aces and Pair of Nines
Seat 2: 444d2d59 folded before Flop (didn't bet)
Seat 3: 10355843 folded before Flop (didn't bet)
Seat 4: Hero folded before Flop (didn't bet)
Seat 5: bea2c5d3 (button) showed [Qd 4d] and lost with Pair of Aces
Seat 6: 328877f8 (small blind) folded before Flop


Poker Hand #HD1184944538: Hold'em No Limit  ($0.02/$0.05) - 2023/04/01 15:32:25
Table 'NLHBlue106' 6-max Seat #4 is the button
Seat 1: 2873fe12 ($13.7 in chips)
Seat 2: 444d2d59 ($5 in chips)
Seat 3: 10355843 ($5.74 in chips)
Seat 4: Hero ($11.7 in chips)
Seat 5: bea2c5d3 ($3.02 in chips)
Seat 6: 328877f8 ($5.25 in chips)
bea2c5d3: posts small blind $0.02
328877f8: posts big blind $0.05
*** HOLE CARDS ***
Dealt to 2873fe12 
Dealt to 444d2d59 
Dealt to 10355843 
Dealt to Hero [9d 8s]
Dealt to bea2c5d3 
Dealt to 328877f8 
2873fe12: raises $0.15 to $0.2
444d2d59: folds
10355843: folds
Hero: folds
bea2c5d3: folds
328877f8: folds
Uncalled bet ($0.15) returned to 2873fe12
*** SHOWDOWN ***
2873fe12 collected $0.12 from pot
*** SUMMARY ***
Total pot $0.12 | Rake $0 | Jackpot $0 | Bingo $0 | Fortune $0
Seat 1: 2873fe12 collected ($0.12)
Seat 2: 444d2d59 folded before Flop (didn't bet)
Seat 3: 10355843 folded before Flop (didn't bet)
Seat 4: Hero (button) folded before Flop (didn't bet)
Seat 5: bea2c5d3 (small blind) folded before Flop
Seat 6: 328877f8 (big blind) folded before Flop


Poker Hand #HD1184944477: Hold'em No Limit  ($0.02/$0.05) - 2023/04/01 15:31:48
Table 'NLHBlue106' 6-max Seat #3 is the button
Seat 1: 2873fe12 ($13.7 in chips)
Seat 2: 444d2d59 ($5 in chips)
Seat 3: 10355843 ($5.74 in chips)
Seat 4: Hero ($11.72 in chips)
Seat 5: bea2c5d3 ($3.13 in chips)
Seat 6: 328877f8 ($5.13 in chips)
Hero: posts small blind $0.02
bea2c5d3: posts big blind $0.05
*** HOLE CARDS ***
Dealt to 2873fe12 
Dealt to 444d2d59 
Dealt to 10355843 
Dealt to Hero [7d 9c]
Dealt to bea2c5d3 
Dealt to 328877f8 
328877f8: calls $0.05
2873fe12: folds
444d2d59: folds
10355843: folds
Hero: folds
bea2c5d3: checks
*** FLOP *** [7c Jh 4c]
bea2c5d3: bets $0.06
328877f8: calls $0.06
*** TURN *** [7c Jh 4c] [2d]
bea2c5d3: checks
328877f8: checks
*** RIVER *** [7c Jh 4c 2d] [3c]
bea2c5d3: checks
328877f8: checks
bea2c5d3: shows [Ts Kd] (King-High)
328877f8: shows [As 4h] (Pair of Fours)
*** SHOWDOWN ***
328877f8 collected $0.23 from pot
*** SUMMARY ***
Total pot $0.24 | Rake $0.01 | Jackpot $0 | Bingo $0 | Fortune $0
Board [7c Jh 4c 2d 3c]
Seat 1: 2873fe12 folded before Flop (didn't bet)
Seat 2: 444d2d59 folded before Flop (didn't bet)
Seat 3: 10355843 (button) folded before Flop (didn't bet)
Seat 4: Hero (small blind) folded before Flop
Seat 5: bea2c5d3 (big blind) showed [Ts Kd] and lost with King-High
Seat 6: 328877f8 showed [As 4h] and won ($0.23) with Pair of Fours


Poker Hand #HD1184944415: Hold'em No Limit  ($0.02/$0.05) - 2023/04/01 15:31:17
Table 'NLHBlue106' 6-max Seat #2 is the button
Seat 1: 2873fe12 ($13.7 in chips)
Seat 2: 444d2d59 ($5 in chips)
Seat 3: 10355843 ($5.5 in chips)
Seat 4: Hero ($11.77 in chips)
Seat 5: bea2c5d3 ($3.23 in chips)
Seat 6: 328877f8 ($5.23 in chips)
10355843: posts small blind $0.02
Hero: posts big blind $0.05
*** HOLE CARDS ***
Dealt to 2873fe12 
Dealt to 444d2d59 
Dealt to 10355843 
Dealt to Hero [5h 8d]
Dealt to bea2c5d3 
Dealt to 328877f8 
bea2c5d3: raises $0.05 to $0.1
328877f8: calls $0.1
2873fe12: folds
444d2d59: folds
10355843: raises $0.46 to $0.56
Hero: folds
bea2c5d3: folds
328877f8: folds
Uncalled bet ($0.46) returned to 10355843
*** SHOWDOWN ***
10355843 collected $0.34 from pot
*** SUMMARY ***
Total pot $0.35 | Rake $0.01 | Jackpot $0 | Bingo $0 | Fortune $0
Seat 1: 2873fe12 folded before Flop (didn't bet)
Seat 2: 444d2d59 (button) folded before Flop (didn't bet)
Seat 3: 10355843 (small blind) collected ($0.34)
Seat 4: Hero (big blind) folded before Flop
Seat 5: bea2c5d3 folded before Flop
Seat 6: 328877f8 folded before Flop


Poker Hand #HD1184944377: Hold'em No Limit  ($0.02/$0.05) - 2023/04/01 15:30:58
Table 'NLHBlue106' 6-max Seat #1 is the button
Seat 1: 2873fe12 ($13.7 in chips)
Seat 2: 444d2d59 ($5 in chips)
Seat 3: 10355843 ($5.55 in chips)
Seat 4: Hero ($11.77 in chips)
Seat 5: bea2c5d3 ($3.23 in chips)
Seat 6: 328877f8 ($5.16 in chips)
444d2d59: posts small blind $0.02
10355843: posts big blind $0.05
*** HOLE CARDS ***
Dealt to 2873fe12 
Dealt to 444d2d59 
Dealt to 10355843 
Dealt to Hero [2d 5h]
Dealt to bea2c5d3 
Dealt to 328877f8 
Hero: folds
bea2c5d3: folds
328877f8: raises $0.05 to $0.1
2873fe12: folds
444d2d59: folds
10355843: folds
Uncalled bet ($0.05) returned to 328877f8
*** SHOWDOWN ***
328877f8 collected $0.12 from pot
*** SUMMARY ***
Total pot $0.12 | Rake $0 | Jackpot $0 | Bingo $0 | Fortune $0
Seat 1: 2873fe12 (button) folded before Flop (didn't bet)
Seat 2: 444d2d59 (small blind) folded before Flop
Seat 3: 10355843 (big blind) folded before Flop
Seat 4: Hero folded before Flop (didn't bet)
Seat 5: bea2c5d3 folded before Flop (didn't bet)
Seat 6: 328877f8 collected ($0.12)


Poker Hand #HD1184944336: Hold'em No Limit  ($0.02/$0.05) - 2023/04/01 15:30:35
Table 'NLHBlue106' 6-max Seat #6 is the button
Seat 1: 2873fe12 ($13.72 in chips)
Seat 2: 444d2d59 ($5 in chips)
Seat 3: 10355843 ($5.55 in chips)
Seat 4: Hero ($11.7 in chips)
Seat 5: bea2c5d3 ($3.23 in chips)
Seat 6: 328877f8 ($5.16 in chips)
2873fe12: posts small blind $0.02
444d2d59: posts big blind $0.05
*** HOLE CARDS ***
Dealt to 2873fe12 
Dealt to 444d2d59 
Dealt to 10355843 
Dealt to Hero [Td Kd]
Dealt to bea2c5d3 
Dealt to 328877f8 
10355843: folds
Hero: raises $0.07 to $0.12
bea2c5d3: folds
328877f8: folds
2873fe12: folds
444d2d59: folds
Uncalled bet ($0.07) returned to Hero
*** SHOWDOWN ***
Hero collected $0.12 from pot
*** SUMMARY ***
Total pot $0.12 | Rake $0 | Jackpot $0 | Bingo $0 | Fortune $0
Seat 1: 2873fe12 (small blind) folded before Flop
Seat 2: 444d2d59 (big blind) folded before Flop
Seat 3: 10355843 folded before Flop (didn't bet)
Seat 4: Hero collected ($0.12)
Seat 5: bea2c5d3 folded before Flop (didn't bet)
Seat 6: 328877f8 (button) folded before Flop (didn't bet)


Poker Hand #HD1184944259: Hold'em No Limit  ($0.02/$0.05) - 2023/04/01 15:29:56
Table 'NLHBlue106' 6-max Seat #5 is the button
Seat 1: 2873fe12 ($13.77 in chips)
Seat 2: 444d2d59 ($5 in chips)
Seat 3: 10355843 ($5.55 in chips)
Seat 4: Hero ($11.7 in chips)
Seat 5: bea2c5d3 ($3.33 in chips)
Seat 6: 328877f8 ($5.02 in chips)
328877f8: posts small blind $0.02
2873fe12: posts big blind $0.05
*** HOLE CARDS ***
Dealt to 2873fe12 
Dealt to 444d2d59 
Dealt to 10355843 
Dealt to Hero [6h 4s]
Dealt to bea2c5d3 
Dealt to 328877f8 
444d2d59: folds
10355843: folds
Hero: folds
bea2c5d3: raises $0.05 to $0.1
328877f8: calls $0.08
2873fe12: folds
*** FLOP *** [8d Ts Ks]
328877f8: bets $0.05
bea2c5d3: folds
Uncalled bet ($0.05) returned to 328877f8
*** SHOWDOWN ***
328877f8 collected $0.24 from pot
*** SUMMARY ***
Total pot $0.25 | Rake $0.01 | Jackpot $0 | Bingo $0 | Fortune $0
Board [8d Ts Ks]
Seat 1: 2873fe12 (big blind) folded before Flop
Seat 2: 444d2d59 folded before Flop (didn't bet)
Seat 3: 10355843 folded before Flop (didn't bet)
Seat 4: Hero folded before Flop (didn't bet)
Seat 5: bea2c5d3 (button) folded on the Flop
Seat 6: 328877f8 (small blind) won ($0.24)


Poker Hand #HD1184944211: Hold'em No Limit  ($0.02/$0.05) - 2023/04/01 15:29:29
Table 'NLHBlue106' 6-max Seat #4 is the button
Seat 1: 2873fe12 ($13.77 in chips)
Seat 2: 444d2d59 ($5 in chips)
Seat 3: 10355843 ($5.55 in chips)
Seat 4: Hero ($11.7 in chips)
Seat 5: bea2c5d3 ($3.17 in chips)
Seat 6: 328877f8 ($5.19 in chips)
bea2c5d3: posts small blind $0.02
328877f8: posts big blind $0.05
*** HOLE CARDS ***
Dealt to 2873fe12 
Dealt to 444d2d59 
Dealt to 10355843 
Dealt to Hero [6d Qs]
Dealt to bea2c5d3 
Dealt to 328877f8 
2873fe12: folds
444d2d59: folds
10355843: folds
Hero: folds
bea2c5d3: raises $0.05 to $0.1
328877f8: calls $0.05
*** FLOP *** [5h Tc Qd]
bea2c5d3: bets $0.07
328877f8: calls $0.07
*** TURN *** [5h Tc Qd] [Jc]
bea2c5d3: bets $0.12
328877f8: folds
Uncalled bet ($0.12) returned to bea2c5d3
*** SHOWDOWN ***
bea2c5d3 collected $0.33 from pot
*** SUMMARY ***
Total pot $0.34 | Rake $0.01 | Jackpot $0 | Bingo $0 | Fortune $0
Board [5h Tc Qd Jc]
Seat 1: 2873fe12 folded before Flop (didn't bet)
Seat 2: 444d2d59 folded before Flop (didn't bet)
Seat 3: 10355843 folded before Flop (didn't bet)
Seat 4: Hero (button) folded before Flop (didn't bet)
Seat 5: bea2c5d3 (small blind) won ($0.33)
Seat 6: 328877f8 (big blind) folded on the Turn


Poker Hand #HD1184944168: Hold'em No Limit  ($0.02/$0.05) - 2023/04/01 15:29:09
Table 'NLHBlue106' 6-max Seat #3 is the button
Seat 1: 2873fe12 ($13.77 in chips)
Seat 2: 444d2d59 ($5 in chips)
Seat 3: 10355843 ($5.55 in chips)
Seat 4: Hero ($11.72 in chips)
Seat 5: bea2c5d3 ($3.22 in chips)
Seat 6: 328877f8 ($5.12 in chips)
Hero: posts small blind $0.02
bea2c5d3: posts big blind $0.05
*** HOLE CARDS ***
Dealt to 2873fe12 
Dealt to 444d2d59 
Dealt to 10355843 
Dealt to Hero [8s 4s]
Dealt to bea2c5d3 
Dealt to 328877f8 
328877f8: calls $0.05
2873fe12: folds
444d2d59: folds
10355843: folds
Hero: folds
bea2c5d3: checks
*** FLOP *** [5h 2h As]
bea2c5d3: checks
328877f8: bets $0.1
bea2c5d3: folds
Uncalled bet ($0.1) returned to 328877f8
*** SHOWDOWN ***
328877f8 collected $0.12 from pot
*** SUMMARY ***
Total pot $0.12 | Rake $0 | Jackpot $0 | Bingo $0 | Fortune $0
Board [5h 2h As]
Seat 1: 2873fe12 folded before Flop (didn't bet)
Seat 2: 444d2d59 folded before Flop (didn't bet)
Seat 3: 10355843 (button) folded before Flop (didn't bet)
Seat 4: Hero (small blind) folded before Flop
Seat 5: bea2c5d3 (big blind) folded on the Flop
Seat 6: 328877f8 won ($0.12)


Poker Hand #HD1184944141: Hold'em No Limit  ($0.02/$0.05) - 2023/04/01 15:28:57
Table 'NLHBlue106' 6-max Seat #2 is the button
Seat 1: 2873fe12 ($13.77 in chips)
Seat 2: 444d2d59 ($5 in chips)
Seat 3: 10355843 ($5.57 in chips)
Seat 4: Hero ($11.7 in chips)
Seat 5: bea2c5d3 ($3.22 in chips)
Seat 6: 328877f8 ($5.12 in chips)
10355843: posts small blind $0.02
Hero: posts big blind $0.05
*** HOLE CARDS ***
Dealt to 2873fe12 
Dealt to 444d2d59 
Dealt to 10355843 
Dealt to Hero [9c 6h]
Dealt to bea2c5d3 
Dealt to 328877f8 
bea2c5d3: folds
328877f8: folds
2873fe12: folds
444d2d59: folds
10355843: folds
Uncalled bet ($0.03) returned to Hero
*** SHOWDOWN ***
Hero collected $0.04 from pot
*** SUMMARY ***
Total pot $0.04 | Rake $0 | Jackpot $0 | Bingo $0 | Fortune $0
Seat 1: 2873fe12 folded before Flop (didn't bet)
Seat 2: 444d2d59 (button) folded before Flop (didn't bet)
Seat 3: 10355843 (small blind) folded before Flop
Seat 4: Hero (big blind) collected ($0.04)
Seat 5: bea2c5d3 folded before Flop (didn't bet)
Seat 6: 328877f8 folded before Flop (didn't bet)


Poker Hand #HD1184944029: Hold'em No Limit  ($0.02/$0.05) - 2023/04/01 15:28:00
Table 'NLHBlue106' 6-max Seat #1 is the button
Seat 1: 2873fe12 ($13.77 in chips)
Seat 2: 444d2d59 ($5 in chips)
Seat 3: 10355843 ($5.08 in chips)
Seat 4: Hero ($11.95 in chips)
Seat 5: bea2c5d3 ($3.47 in chips)
Seat 6: 328877f8 ($5.12 in chips)
444d2d59: posts small blind $0.02
10355843: posts big blind $0.05
*** HOLE CARDS ***
Dealt to 2873fe12 
Dealt to 444d2d59 
Dealt to 10355843 
Dealt to Hero [Qd Qs]
Dealt to bea2c5d3 
Dealt to 328877f8 
Hero: raises $0.07 to $0.12
bea2c5d3: calls $0.12
328877f8: folds
2873fe12: folds
444d2d59: folds
10355843: calls $0.07
*** FLOP *** [Ah 2s Ks]
10355843: checks
Hero: checks
bea2c5d3: bets $0.13
10355843: calls $0.13
Hero: calls $0.13
*** TURN *** [Ah 2s Ks] [Kd]
10355843: checks
Hero: checks
bea2c5d3: checks
*** RIVER *** [Ah 2s Ks Kd] [Tc]
10355843: checks
Hero: checks
bea2c5d3: checks
10355843: shows [7d Ad] (Pair of Aces and Pair of Kings)
Hero: shows [Qd Qs] (Pair of Kings and Pair of Queens)
bea2c5d3: shows [Jh 8d] (Pair of Kings)
*** SHOWDOWN ***
10355843 collected $0.74 from pot
*** SUMMARY ***
Total pot $0.77 | Rake $0.03 | Jackpot $0 | Bingo $0 | Fortune $0
Board [Ah 2s Ks Kd Tc]
Seat 1: 2873fe12 (button) folded before Flop (didn't bet)
Seat 2: 444d2d59 (small blind) folded before Flop
Seat 3: 10355843 (big blind) showed [7d Ad] and won ($0.74) with Pair of Aces and Pair of Kings
Seat 4: Hero showed [Qd Qs] and lost with Pair of Kings and Pair of Queens
Seat 5: bea2c5d3 showed [Jh 8d] and lost with Pair of Kings
Seat 6: 328877f8 folded before Flop (didn't bet)


Poker Hand #HD1184943937: Hold'em No Limit  ($0.02/$0.05) - 2023/04/01 15:27:13
Table 'NLHBlue106' 6-max Seat #6 is the button
Seat 1: 2873fe12 ($13.79 in chips)
Seat 2: 444d2d59 ($5 in chips)
Seat 3: 10355843 ($5.08 in chips)
Seat 4: Hero ($12.07 in chips)
Seat 5: bea2c5d3 ($2.95 in chips)
Seat 6: 328877f8 ($5.49 in chips)
2873fe12: posts small blind $0.02
444d2d59: posts big blind $0.05
*** HOLE CARDS ***
Dealt to 2873fe12 
Dealt to 444d2d59 
Dealt to 10355843 
Dealt to Hero [9s As]
Dealt to bea2c5d3 
Dealt to 328877f8 
10355843: folds
Hero: raises $0.07 to $0.12
bea2c5d3: calls $0.12
328877f8: calls $0.12
2873fe12: folds
444d2d59: folds
*** FLOP *** [6s Kc 5c]
Hero: checks
bea2c5d3: checks
328877f8: bets $0.25
Hero: folds
bea2c5d3: calls $0.25
*** TURN *** [6s Kc 5c] [Js]
bea2c5d3: checks
328877f8: checks
*** RIVER *** [6s Kc 5c Js] [7d]
bea2c5d3: bets $0.93
328877f8: folds
Uncalled bet ($0.93) returned to bea2c5d3
*** SHOWDOWN ***
bea2c5d3 collected $0.89 from pot
*** SUMMARY ***
Total pot $0.93 | Rake $0.04 | Jackpot $0 | Bingo $0 | Fortune $0
Board [6s Kc 5c Js 7d]
Seat 1: 2873fe12 (small blind) folded before Flop
Seat 2: 444d2d59 (big blind) folded before Flop
Seat 3: 10355843 folded before Flop (didn't bet)
Seat 4: Hero folded on the Flop
Seat 5: bea2c5d3 won ($0.89)
Seat 6: 328877f8 (button) folded on the River


Poker Hand #HD1184943833: Hold'em No Limit  ($0.02/$0.05) - 2023/04/01 15:26:14
Table 'NLHBlue106' 6-max Seat #5 is the button
Seat 1: 2873fe12 ($13.84 in chips)
Seat 2: 444d2d59 ($5 in chips)
Seat 3: 10355843 ($5.08 in chips)
Seat 4: Hero ($12.07 in chips)
Seat 5: bea2c5d3 ($2.16 in chips)
Seat 6: 328877f8 ($5.89 in chips)
328877f8: posts small blind $0.02
2873fe12: posts big blind $0.05
*** HOLE CARDS ***
Dealt to 2873fe12 
Dealt to 444d2d59 
Dealt to 10355843 
Dealt to Hero [Ks 3h]
Dealt to bea2c5d3 
Dealt to 328877f8 
444d2d59: raises $0.1 to $0.15
10355843: folds
Hero: folds
bea2c5d3: calls $0.15
328877f8: calls $0.13
2873fe12: folds
*** FLOP *** [Kc 2c 7c]
328877f8: checks
444d2d59: bets $0.25
bea2c5d3: calls $0.25
328877f8: calls $0.25
*** TURN *** [Kc 2c 7c] [7h]
328877f8: checks
444d2d59: checks
bea2c5d3: bets $1.25
328877f8: folds
444d2d59: folds
Uncalled bet ($1.25) returned to bea2c5d3
*** SHOWDOWN ***
bea2c5d3 collected $1.19 from pot
*** SUMMARY ***
Total pot $1.25 | Rake $0.06 | Jackpot $0 | Bingo $0 | Fortune $0
Board [Kc 2c 7c 7h]
Seat 1: 2873fe12 (big blind) folded before Flop
Seat 2: 444d2d59 folded on the Turn
Seat 3: 10355843 folded before Flop (didn't bet)
Seat 4: Hero folded before Flop (didn't bet)
Seat 5: bea2c5d3 (button) won ($1.19)
Seat 6: 328877f8 (small blind) folded on the Turn


Poker Hand #HD1184943773: Hold'em No Limit  ($0.02/$0.05) - 2023/04/01 15:25:42
Table 'NLHBlue106' 6-max Seat #4 is the button
Seat 1: 2873fe12 ($13.84 in chips)
Seat 2: 444d2d59 ($5 in chips)
Seat 3: 10355843 ($5.08 in chips)
Seat 4: Hero ($11.94 in chips)
Seat 5: bea2c5d3 ($2.18 in chips)
Seat 6: 328877f8 ($6.01 in chips)
bea2c5d3: posts small blind $0.02
328877f8: posts big blind $0.05
*** HOLE CARDS ***
Dealt to 2873fe12 
Dealt to 444d2d59 
Dealt to 10355843 
Dealt to Hero [9d 9s]
Dealt to bea2c5d3 
Dealt to 328877f8 
2873fe12: folds
444d2d59: folds
10355843: folds
Hero: raises $0.07 to $0.12
bea2c5d3: folds
328877f8: calls $0.07
*** FLOP *** [As 2h 4s]
328877f8: checks
Hero: bets $0.14
328877f8: folds
Uncalled bet ($0.14) returned to Hero
*** SHOWDOWN ***
Hero collected $0.25 from pot
*** SUMMARY ***
Total pot $0.26 | Rake $0.01 | Jackpot $0 | Bingo $0 | Fortune $0
Board [As 2h 4s]
Seat 1: 2873fe12 folded before Flop (didn't bet)
Seat 2: 444d2d59 folded before Flop (didn't bet)
Seat 3: 10355843 folded before Flop (didn't bet)
Seat 4: Hero (button) won ($0.25)
Seat 5: bea2c5d3 (small blind) folded before Flop
Seat 6: 328877f8 (big blind) folded on the Flop


Poker Hand #HD1184943730: Hold'em No Limit  ($0.02/$0.05) - 2023/04/01 15:25:23
Table 'NLHBlue106' 6-max Seat #3 is the button
Seat 1: 2873fe12 ($13.84 in chips)
Seat 2: 444d2d59 ($5 in chips)
Seat 3: 10355843 ($5.08 in chips)
Seat 4: Hero ($11.96 in chips)
Seat 5: bea2c5d3 ($2.16 in chips)
Seat 6: 328877f8 ($6.01 in chips)
Hero: posts small blind $0.02
bea2c5d3: posts big blind $0.05
*** HOLE CARDS ***
Dealt to 2873fe12 
Dealt to 444d2d59 
Dealt to 10355843 
Dealt to Hero [2d 5s]
Dealt to bea2c5d3 
Dealt to 328877f8 
328877f8: folds
2873fe12: folds
444d2d59: folds
10355843: folds
Hero: folds
Uncalled bet ($0.03) returned to bea2c5d3
*** SHOWDOWN ***
bea2c5d3 collected $0.04 from pot
*** SUMMARY ***
Total pot $0.04 | Rake $0 | Jackpot $0 | Bingo $0 | Fortune $0
Seat 1: 2873fe12 folded before Flop (didn't bet)
Seat 2: 444d2d59 folded before Flop (didn't bet)
Seat 3: 10355843 (button) folded before Flop (didn't bet)
Seat 4: Hero (small blind) folded before Flop
Seat 5: bea2c5d3 (big blind) collected ($0.04)
Seat 6: 328877f8 folded before Flop (didn't bet)


Poker Hand #HD1184943639: Hold'em No Limit  ($0.02/$0.05) - 2023/04/01 15:24:35
Table 'NLHBlue106' 6-max Seat #2 is the button
Seat 1: 2873fe12 ($13.84 in chips)
Seat 2: 444d2d59 ($5 in chips)
Seat 3: 10355843 ($5.1 in chips)
Seat 4: Hero ($12.01 in chips)
Seat 5: bea2c5d3 ($2.16 in chips)
Seat 6: 328877f8 ($4.8 in chips)
10355843: posts small blind $0.02
Hero: posts big blind $0.05
*** HOLE CARDS ***
Dealt to 2873fe12 
Dealt to 444d2d59 
Dealt to 10355843 
Dealt to Hero [2d Tc]
Dealt to bea2c5d3 
Dealt to 328877f8 
bea2c5d3: folds
328877f8: raises $0.05 to $0.1
2873fe12: folds
444d2d59: raises $0.2 to $0.3
10355843: folds
Hero: folds
328877f8: calls $0.2
*** FLOP *** [Ks Ac 5s]
328877f8: checks
444d2d59: bets $0.34
328877f8: calls $0.34
*** TURN *** [Ks Ac 5s] [4s]
328877f8: checks
444d2d59: bets $0.68
328877f8: calls $0.68
*** RIVER *** [Ks Ac 5s 4s] [3d]
328877f8: checks
444d2d59: checks
328877f8: shows [9s Js] (King High Flush)
444d2d59: shows [Ad Qc] (Pair of Aces)
*** SHOWDOWN ***
328877f8 collected $2.53 from pot
*** SUMMARY ***
Total pot $2.71 | Rake $0.13 | Jackpot $0.05 | Bingo $0 | Fortune $0
Board [Ks Ac 5s 4s 3d]
Seat 1: 2873fe12 folded before Flop (didn't bet)
Seat 2: 444d2d59 (button) showed [Ad Qc] and lost with Pair of Aces
Seat 3: 10355843 (small blind) folded before Flop
Seat 4: Hero (big blind) folded before Flop
Seat 5: bea2c5d3 folded before Flop (didn't bet)
Seat 6: 328877f8 showed [9s Js] and won ($2.53) with King High Flush


Poker Hand #HD1184943585: Hold'em No Limit  ($0.02/$0.05) - 2023/04/01 15:24:10
Table 'NLHBlue106' 6-max Seat #1 is the button
Seat 1: 2873fe12 ($13.94 in chips)
Seat 2: 444d2d59 ($5 in chips)
Seat 3: 10355843 ($5.15 in chips)
Seat 4: Hero ($12.01 in chips)
Seat 5: bea2c5d3 ($2.26 in chips)
Seat 6: 328877f8 ($4.54 in chips)
444d2d59: posts small blind $0.02
10355843: posts big blind $0.05
*** HOLE CARDS ***
Dealt to 2873fe12 
Dealt to 444d2d59 
Dealt to 10355843 
Dealt to Hero [5d 6c]
Dealt to bea2c5d3 
Dealt to 328877f8 
Hero: folds
bea2c5d3: raises $0.05 to $0.1
328877f8: calls $0.1
2873fe12: calls $0.1
444d2d59: folds
10355843: folds
*** FLOP *** [5s Tc 7h]
bea2c5d3: checks
328877f8: bets $0.1
2873fe12: folds
bea2c5d3: folds
Uncalled bet ($0.1) returned to 328877f8
*** SHOWDOWN ***
328877f8 collected $0.36 from pot
*** SUMMARY ***
Total pot $0.37 | Rake $0.01 | Jackpot $0 | Bingo $0 | Fortune $0
Board [5s Tc 7h]
Seat 1: 2873fe12 (button) folded on the Flop
Seat 2: 444d2d59 (small blind) folded before Flop
Seat 3: 10355843 (big blind) folded before Flop
Seat 4: Hero folded before Flop (didn't bet)
Seat 5: bea2c5d3 folded on the Flop
Seat 6: 328877f8 won ($0.36)


Poker Hand #HD1184943478: Hold'em No Limit  ($0.02/$0.05) - 2023/04/01 15:23:11
Table 'NLHBlue106' 6-max Seat #6 is the button
Seat 1: 2873fe12 ($13.66 in chips)
Seat 2: 444d2d59 ($5.05 in chips)
Seat 3: 10355843 ($5.15 in chips)
Seat 4: Hero ($12.01 in chips)
Seat 5: bea2c5d3 ($2.46 in chips)
Seat 6: 328877f8 ($4.54 in chips)
2873fe12: posts small blind $0.02
444d2d59: posts big blind $0.05
*** HOLE CARDS ***
Dealt to 2873fe12 
Dealt to 444d2d59 
Dealt to 10355843 
Dealt to Hero [9s 8d]
Dealt to bea2c5d3 
Dealt to 328877f8 
10355843: folds
Hero: folds
bea2c5d3: raises $0.05 to $0.1
328877f8: folds
2873fe12: calls $0.08
444d2d59: calls $0.05
*** FLOP *** [Ks 3h Td]
2873fe12: checks
444d2d59: checks
bea2c5d3: bets $0.1
2873fe12: calls $0.1
444d2d59: folds
*** TURN *** [Ks 3h Td] [9d]
2873fe12: checks
bea2c5d3: checks
*** RIVER *** [Ks 3h Td 9d] [Qh]
2873fe12: bets $0.5
bea2c5d3: folds
Uncalled bet ($0.5) returned to 2873fe12
*** SHOWDOWN ***
2873fe12 collected $0.48 from pot
*** SUMMARY ***
Total pot $0.5 | Rake $0.02 | Jackpot $0 | Bingo $0 | Fortune $0
Board [Ks 3h Td 9d Qh]
Seat 1: 2873fe12 (small blind) won ($0.48)
Seat 2: 444d2d59 (big blind) folded on the Flop
Seat 3: 10355843 folded before Flop (didn't bet)
Seat 4: Hero folded before Flop (didn't bet)
Seat 5: bea2c5d3 folded on the River
Seat 6: 328877f8 (button) folded before Flop (didn't bet)


Poker Hand #HD1184943432: Hold'em No Limit  ($0.02/$0.05) - 2023/04/01 15:22:49
Table 'NLHBlue106' 6-max Seat #5 is the button
Seat 1: 2873fe12 ($13.71 in chips)
Seat 2: 444d2d59 ($5.05 in chips)
Seat 3: 10355843 ($5.15 in chips)
Seat 4: Hero ($12.01 in chips)
Seat 5: bea2c5d3 ($2.39 in chips)
Seat 6: 328877f8 ($4.56 in chips)
328877f8: posts small blind $0.02
2873fe12: posts big blind $0.05
*** HOLE CARDS ***
Dealt to 2873fe12 
Dealt to 444d2d59 
Dealt to 10355843 
Dealt to Hero [Kh 3d]
Dealt to bea2c5d3 
Dealt to 328877f8 
444d2d59: folds
10355843: folds
Hero: folds
bea2c5d3: raises $0.05 to $0.1
328877f8: folds
2873fe12: folds
Uncalled bet ($0.05) returned to bea2c5d3
*** SHOWDOWN ***
bea2c5d3 collected $0.12 from pot
*** SUMMARY ***
Total pot $0.12 | Rake $0 | Jackpot $0 | Bingo $0 | Fortune $0
Seat 1: 2873fe12 (big blind) folded before Flop
Seat 2: 444d2d59 folded before Flop (didn't bet)
Seat 3: 10355843 folded before Flop (didn't bet)
Seat 4: Hero folded before Flop (didn't bet)
Seat 5: bea2c5d3 (button) collected ($0.12)
Seat 6: 328877f8 (small blind) folded before Flop


Poker Hand #HD1184943386: Hold'em No Limit  ($0.02/$0.05) - 2023/04/01 15:22:23
Table 'NLHBlue106' 6-max Seat #4 is the button
Seat 1: 2873fe12 ($13.71 in chips)
Seat 2: 444d2d59 ($5.05 in chips)
Seat 3: 10355843 ($5.15 in chips)
Seat 4: Hero ($12.01 in chips)
Seat 5: bea2c5d3 ($2.34 in chips)
Seat 6: 328877f8 ($4.61 in chips)
bea2c5d3: posts small blind $0.02
328877f8: posts big blind $0.05
*** HOLE CARDS ***
Dealt to 2873fe12 
Dealt to 444d2d59 
Dealt to 10355843 
Dealt to Hero [2c Kh]
Dealt to bea2c5d3 
Dealt to 328877f8 
2873fe12: folds
444d2d59: folds
10355843: folds
Hero: folds
bea2c5d3: raises $0.05 to $0.1
328877f8: folds
Uncalled bet ($0.05) returned to bea2c5d3
*** SHOWDOWN ***
bea2c5d3 collected $0.1 from pot
*** SUMMARY ***
Total pot $0.1 | Rake $0 | Jackpot $0 | Bingo $0 | Fortune $0
Seat 1: 2873fe12 folded before Flop (didn't bet)
Seat 2: 444d2d59 folded before Flop (didn't bet)
Seat 3: 10355843 folded before Flop (didn't bet)
Seat 4: Hero (button) folded before Flop (didn't bet)
Seat 5: bea2c5d3 (small blind) collected ($0.1)
Seat 6: 328877f8 (big blind) folded before Flop


Poker Hand #HD1184943326: Hold'em No Limit  ($0.02/$0.05) - 2023/04/01 15:21:51
Table 'NLHBlue106' 6-max Seat #3 is the button
Seat 1: 2873fe12 ($13.71 in chips)
Seat 2: 444d2d59 ($5.05 in chips)
Seat 3: 10355843 ($5.15 in chips)
Seat 4: Hero ($12.03 in chips)
Seat 5: bea2c5d3 ($2.18 in chips)
Seat 6: 328877f8 ($4.76 in chips)
Hero: posts small blind $0.02
bea2c5d3: posts big blind $0.05
*** HOLE CARDS ***
Dealt to 2873fe12 
Dealt to 444d2d59 
Dealt to 10355843 
Dealt to Hero [5c 4h]
Dealt to bea2c5d3 
Dealt to 328877f8 
328877f8: calls $0.05
2873fe12: folds
444d2d59: folds
10355843: folds
Hero: folds
bea2c5d3: raises $0.1 to $0.15
328877f8: calls $0.1
*** FLOP *** [6s 3s 9s]
bea2c5d3: bets $0.11
328877f8: folds
Uncalled bet ($0.11) returned to bea2c5d3
*** SHOWDOWN ***
bea2c5d3 collected $0.31 from pot
*** SUMMARY ***
Total pot $0.32 | Rake $0.01 | Jackpot $0 | Bingo $0 | Fortune $0
Board [6s 3s 9s]
Seat 1: 2873fe12 folded before Flop (didn't bet)
Seat 2: 444d2d59 folded before Flop (didn't bet)
Seat 3: 10355843 (button) folded before Flop (didn't bet)
Seat 4: Hero (small blind) folded before Flop
Seat 5: bea2c5d3 (big blind) won ($0.31)
Seat 6: 328877f8 folded on the Flop


Poker Hand #HD1184943264: Hold'em No Limit  ($0.02/$0.05) - 2023/04/01 15:21:13
Table 'NLHBlue106' 6-max Seat #2 is the button
Seat 1: 2873fe12 ($13.71 in chips)
Seat 2: 444d2d59 ($5.05 in chips)
Seat 3: 10355843 ($5.17 in chips)
Seat 4: Hero ($11.82 in chips)
Seat 5: bea2c5d3 ($2.28 in chips)
Seat 6: 328877f8 ($4.86 in chips)
10355843: posts small blind $0.02
Hero: posts big blind $0.05
*** HOLE CARDS ***
Dealt to 2873fe12 
Dealt to 444d2d59 
Dealt to 10355843 
Dealt to Hero [Th Ac]
Dealt to bea2c5d3 
Dealt to 328877f8 
bea2c5d3: raises $0.05 to $0.1
328877f8: calls $0.1
2873fe12: folds
444d2d59: folds
10355843: folds
Hero: calls $0.05
*** FLOP *** [As 8h 4h]
Hero: bets $0.16
bea2c5d3: folds
328877f8: folds
Uncalled bet ($0.16) returned to Hero
*** SHOWDOWN ***
Hero collected $0.31 from pot
*** SUMMARY ***
Total pot $0.32 | Rake $0.01 | Jackpot $0 | Bingo $0 | Fortune $0
Board [As 8h 4h]
Seat 1: 2873fe12 folded before Flop (didn't bet)
Seat 2: 444d2d59 (button) folded before Flop (didn't bet)
Seat 3: 10355843 (small blind) folded before Flop
Seat 4: Hero (big blind) won ($0.31)
Seat 5: bea2c5d3 folded on the Flop
Seat 6: 328877f8 folded on the Flop


Poker Hand #HD1184943228: Hold'em No Limit  ($0.02/$0.05) - 2023/04/01 15:20:55
Table 'NLHBlue106' 6-max Seat #1 is the button
Seat 1: 2873fe12 ($13.71 in chips)
Seat 2: 444d2d59 ($5 in chips)
Seat 3: 10355843 ($5.22 in chips)
Seat 4: Hero ($11.82 in chips)
Seat 5: bea2c5d3 ($2.28 in chips)
Seat 6: 328877f8 ($4.86 in chips)
444d2d59: posts small blind $0.02
10355843: posts big blind $0.05
*** HOLE CARDS ***
Dealt to 2873fe12 
Dealt to 444d2d59 
Dealt to 10355843 
Dealt to Hero [5s Tc]
Dealt to bea2c5d3 
Dealt to 328877f8 
Hero: folds
bea2c5d3: folds
328877f8: folds
2873fe12: folds
444d2d59: raises $0.05 to $0.1
10355843: folds
Uncalled bet ($0.05) returned to 444d2d59
*** SHOWDOWN ***
444d2d59 collected $0.1 from pot
*** SUMMARY ***
Total pot $0.1 | Rake $0 | Jackpot $0 | Bingo $0 | Fortune $0
Seat 1: 2873fe12 (button) folded before Flop (didn't bet)
Seat 2: 444d2d59 (small blind) collected ($0.1)
Seat 3: 10355843 (big blind) folded before Flop
Seat 4: Hero folded before Flop (didn't bet)
Seat 5: bea2c5d3 folded before Flop (didn't bet)
Seat 6: 328877f8 folded before Flop (didn't bet)


Poker Hand #HD1184943204: Hold'em No Limit  ($0.02/$0.05) - 2023/04/01 15:20:39
Table 'NLHBlue106' 6-max Seat #6 is the button
Seat 1: 2873fe12 ($13.73 in chips)
Seat 2: 444d2d59 ($5 in chips)
Seat 3: 10355843 ($5.22 in chips)
Seat 4: Hero ($11.82 in chips)
Seat 5: bea2c5d3 ($2.21 in chips)
Seat 6: 328877f8 ($4.86 in chips)
2873fe12: posts small blind $0.02
444d2d59: posts big blind $0.05
*** HOLE CARDS ***
Dealt to 2873fe12 
Dealt to 444d2d59 
Dealt to 10355843 
Dealt to Hero [5s Qs]
Dealt to bea2c5d3 
Dealt to 328877f8 
10355843: folds
Hero: folds
bea2c5d3: raises $0.05 to $0.1
328877f8: folds
2873fe12: folds
444d2d59: folds
Uncalled bet ($0.05) returned to bea2c5d3
*** SHOWDOWN ***
bea2c5d3 collected $0.12 from pot
*** SUMMARY ***
Total pot $0.12 | Rake $0 | Jackpot $0 | Bingo $0 | Fortune $0
Seat 1: 2873fe12 (small blind) folded before Flop
Seat 2: 444d2d59 (big blind) folded before Flop
Seat 3: 10355843 folded before Flop (didn't bet)
Seat 4: Hero folded before Flop (didn't bet)
Seat 5: bea2c5d3 collected ($0.12)
Seat 6: 328877f8 (button) folded before Flop (didn't bet)


Poker Hand #HD1184943118: Hold'em No Limit  ($0.02/$0.05) - 2023/04/01 15:19:47
Table 'NLHBlue106' 6-max Seat #5 is the button
Seat 1: 2873fe12 ($13.78 in chips)
Seat 2: 444d2d59 ($5 in chips)
Seat 3: 10355843 ($5.22 in chips)
Seat 4: Hero ($11.82 in chips)
Seat 5: bea2c5d3 ($1.89 in chips)
Seat 6: 328877f8 ($5.16 in chips)
328877f8: posts small blind $0.02
2873fe12: posts big blind $0.05
*** HOLE CARDS ***
Dealt to 2873fe12 
Dealt to 444d2d59 
Dealt to 10355843 
Dealt to Hero [7c Jc]
Dealt to bea2c5d3 
Dealt to 328877f8 
444d2d59: folds
10355843: folds
Hero: folds
bea2c5d3: raises $0.05 to $0.1
328877f8: calls $0.08
2873fe12: folds
*** FLOP *** [9h Ks 2s]
328877f8: checks
bea2c5d3: checks
*** TURN *** [9h Ks 2s] [6s]
328877f8: bets $0.1
bea2c5d3: calls $0.1
*** RIVER *** [9h Ks 2s 6s] [3s]
328877f8: bets $0.1
bea2c5d3: calls $0.1
328877f8: shows [2c 4c] (Pair of Twos)
bea2c5d3: shows [9s Qc] (King High Flush)
*** SHOWDOWN ***
bea2c5d3 collected $0.62 from pot
*** SUMMARY ***
Total pot $0.65 | Rake $0.03 | Jackpot $0 | Bingo $0 | Fortune $0
Board [9h Ks 2s 6s 3s]
Seat 1: 2873fe12 (big blind) folded before Flop
Seat 2: 444d2d59 folded before Flop (didn't bet)
Seat 3: 10355843 folded before Flop (didn't bet)
Seat 4: Hero folded before Flop (didn't bet)
Seat 5: bea2c5d3 (button) showed [9s Qc] and won ($0.62) with King High Flush
Seat 6: 328877f8 (small blind) showed [2c 4c] and lost with Pair of Twos


Poker Hand #HD1184943037: Hold'em No Limit  ($0.02/$0.05) - 2023/04/01 15:18:57
Table 'NLHBlue106' 6-max Seat #4 is the button
Seat 1: 2873fe12 ($13.78 in chips)
Seat 2: 444d2d59 ($5 in chips)
Seat 3: 10355843 ($5.22 in chips)
Seat 4: Hero ($11.82 in chips)
Seat 5: bea2c5d3 ($1.91 in chips)
Seat 6: 328877f8 ($5 in chips)
bea2c5d3: posts small blind $0.02
328877f8: posts big blind $0.05
*** HOLE CARDS ***
Dealt to 2873fe12 
Dealt to 444d2d59 
Dealt to 10355843 
Dealt to Hero [Kc 8h]
Dealt to bea2c5d3 
Dealt to 328877f8 
2873fe12: folds
444d2d59: raises $0.1 to $0.15
10355843: folds
Hero: folds
bea2c5d3: folds
328877f8: calls $0.1
*** FLOP *** [5s 3c 6s]
328877f8: bets $0.2
444d2d59: folds
Uncalled bet ($0.2) returned to 328877f8
*** SHOWDOWN ***
328877f8 collected $0.31 from pot
*** SUMMARY ***
Total pot $0.32 | Rake $0.01 | Jackpot $0 | Bingo $0 | Fortune $0
Board [5s 3c 6s]
Seat 1: 2873fe12 folded before Flop (didn't bet)
Seat 2: 444d2d59 folded on the Flop
Seat 3: 10355843 folded before Flop (didn't bet)
Seat 4: Hero (button) folded before Flop (didn't bet)
Seat 5: bea2c5d3 (small blind) folded before Flop
Seat 6: 328877f8 (big blind) won ($0.31)


Poker Hand #HD1184943014: Hold'em No Limit  ($0.02/$0.05) - 2023/04/01 15:18:43
Table 'NLHBlue106' 6-max Seat #3 is the button
Seat 1: 2873fe12 ($13.78 in chips)
Seat 2: 444d2d59 ($5 in chips)
Seat 3: 10355843 ($5.22 in chips)
Seat 4: Hero ($11.84 in chips)
Seat 5: bea2c5d3 ($1.89 in chips)
Hero: posts small blind $0.02
bea2c5d3: posts big blind $0.05
*** HOLE CARDS ***
Dealt to 2873fe12 
Dealt to 444d2d59 
Dealt to 10355843 
Dealt to Hero [8s 6h]
Dealt to bea2c5d3 
2873fe12: folds
444d2d59: folds
10355843: folds
Hero: folds
Uncalled bet ($0.03) returned to bea2c5d3
*** SHOWDOWN ***
bea2c5d3 collected $0.04 from pot
*** SUMMARY ***
Total pot $0.04 | Rake $0 | Jackpot $0 | Bingo $0 | Fortune $0
Seat 1: 2873fe12 folded before Flop (didn't bet)
Seat 2: 444d2d59 folded before Flop (didn't bet)
Seat 3: 10355843 (button) folded before Flop (didn't bet)
Seat 4: Hero (small blind) folded before Flop
Seat 5: bea2c5d3 (big blind) collected ($0.04)


Poker Hand #HD1184942985: Hold'em No Limit  ($0.02/$0.05) - 2023/04/01 15:18:24
Table 'NLHBlue106' 6-max Seat #2 is the button
Seat 1: 2873fe12 ($13.78 in chips)
Seat 2: 444d2d59 ($5 in chips)
Seat 3: 10355843 ($5.17 in chips)
Seat 4: Hero ($11.89 in chips)
Seat 5: bea2c5d3 ($1.89 in chips)
10355843: posts small blind $0.02
Hero: posts big blind $0.05
*** HOLE CARDS ***
Dealt to 2873fe12 
Dealt to 444d2d59 
Dealt to 10355843 
Dealt to Hero [4d 7s]
Dealt to bea2c5d3 
bea2c5d3: folds
2873fe12: folds
444d2d59: folds
10355843: raises $0.1 to $0.15
Hero: folds
Uncalled bet ($0.1) returned to 10355843
*** SHOWDOWN ***
10355843 collected $0.1 from pot
*** SUMMARY ***
Total pot $0.1 | Rake $0 | Jackpot $0 | Bingo $0 | Fortune $0
Seat 1: 2873fe12 folded before Flop (didn't bet)
Seat 2: 444d2d59 (button) folded before Flop (didn't bet)
Seat 3: 10355843 (small blind) collected ($0.1)
Seat 4: Hero (big blind) folded before Flop
Seat 5: bea2c5d3 folded before Flop (didn't bet)


Poker Hand #HD1184942869: Hold'em No Limit  ($0.02/$0.05) - 2023/04/01 15:17:27
Table 'NLHBlue106' 6-max Seat #1 is the button
Seat 1: 2873fe12 ($13.83 in chips)
Seat 2: 444d2d59 ($5 in chips)
Seat 3: 10355843 ($5 in chips)
Seat 4: Hero ($11.89 in chips)
Seat 5: bea2c5d3 ($2 in chips)
444d2d59: posts small blind $0.02
10355843: posts big blind $0.05
bea2c5d3: posts big blind $0.05
*** HOLE CARDS ***
Dealt to 2873fe12 
Dealt to 444d2d59 
Dealt to 10355843 
Dealt to Hero [2d 3s]
Dealt to bea2c5d3 
Hero: folds
bea2c5d3: checks
2873fe12: calls $0.05
444d2d59: folds
10355843: checks
*** FLOP *** [4d Qd 8c]
10355843: checks
bea2c5d3: bets $0.06
2873fe12: folds
10355843: calls $0.06
*** TURN *** [4d Qd 8c] [2s]
10355843: checks
bea2c5d3: checks
*** RIVER *** [4d Qd 8c 2s] [Jh]
10355843: bets $0.1
bea2c5d3: folds
Uncalled bet ($0.1) returned to 10355843
*** SHOWDOWN ***
10355843 collected $0.28 from pot
*** SUMMARY ***
Total pot $0.29 | Rake $0.01 | Jackpot $0 | Bingo $0 | Fortune $0
Board [4d Qd 8c 2s Jh]
Seat 1: 2873fe12 (button) folded on the Flop
Seat 2: 444d2d59 (small blind) folded before Flop
Seat 3: 10355843 (big blind) won ($0.28)
Seat 4: Hero folded before Flop (didn't bet)
Seat 5: bea2c5d3 folded on the River


Poker Hand #HD1184942716: Hold'em No Limit  ($0.02/$0.05) - 2023/04/01 15:16:10
Table 'NLHBlue106' 6-max Seat #6 is the button
Seat 1: 2873fe12 ($14.27 in chips)
Seat 2: 444d2d59 ($5 in chips)
Seat 3: 10355843 ($5 in chips)
Seat 4: Hero ($10 in chips)
Seat 6: 98114232 ($2.47 in chips)
2873fe12: posts small blind $0.02
444d2d59: posts big blind $0.05
*** HOLE CARDS ***
Dealt to 2873fe12 
Dealt to 444d2d59 
Dealt to 10355843 
Dealt to Hero [Ac 4c]
Dealt to 98114232 
10355843: folds
Hero: raises $0.07 to $0.12
98114232: calls $0.12
2873fe12: raises $0.32 to $0.44
444d2d59: folds
Hero: calls $0.32
98114232: calls $0.32
*** FLOP *** [3s 4d 2h]
2873fe12: checks
Hero: bets $0.69
98114232: calls $0.69
2873fe12: folds
*** TURN *** [3s 4d 2h] [9d]
Hero: bets $1.38
98114232: calls $1.34 and is all-in
Uncalled bet ($0.04) returned to Hero
Hero: shows [Ac 4c] (Pair of Fours)
98114232: shows [7d Tc] (Ten-High)
Hero: Chooses to EV Cashout 
*** RIVER *** [3s 4d 2h 9d] [9h]
Hero: Pays Cashout Risk ($0.76)
*** SHOWDOWN ***
Hero collected $5.12 from pot
*** SUMMARY ***
Total pot $5.43 | Rake $0.26 | Jackpot $0.05 | Bingo $0 | Fortune $0
Board [3s 4d 2h 9d 9h]
Seat 1: 2873fe12 (small blind) folded on the Flop
Seat 2: 444d2d59 (big blind) folded before Flop
Seat 3: 10355843 folded before Flop (didn't bet)
Seat 4: Hero showed [Ac 4c] and won ($5.12) with Pair of Nines and Pair of Fours, Cashout Risk ($0.76)
Seat 6: 98114232 (button) showed [7d Tc] and lost with Pair of Nines


Poker Hand #HD1184942578: Hold'em No Limit  ($0.02/$0.05) - 2023/04/01 15:14:55
Table 'NLHBlue106' 6-max Seat #4 is the button
Seat 1: 2873fe12 ($10.62 in chips)
Seat 3: 10355843 ($5 in chips)
Seat 4: Hero ($10 in chips)
Seat 5: 673268d5 ($4.05 in chips)
Seat 6: 98114232 ($2.52 in chips)
673268d5: posts small blind $0.02
98114232: posts big blind $0.05
*** HOLE CARDS ***
Dealt to 2873fe12 
Dealt to 10355843 
Dealt to Hero [6c 8h]
Dealt to 673268d5 
Dealt to 98114232 
2873fe12: raises $0.15 to $0.2
10355843: folds
Hero: folds
673268d5: calls $0.18
98114232: folds
*** FLOP *** [9s Jc 4h]
673268d5: bets $0.34
2873fe12: raises $0.66 to $1
673268d5: raises $0.66 to $1.66
2873fe12: raises $2.34 to $4
673268d5: calls $2.19 and is all-in
Uncalled bet ($0.15) returned to 2873fe12
2873fe12: shows [Ac Jh] (Pair of Jacks)
673268d5: shows [Qs Tc] (Queen-High)
*** TURN *** [9s Jc 4h] [5d]
*** RIVER *** [9s Jc 4h 5d] [3d]
*** SHOWDOWN ***
2873fe12 collected $7.7 from pot
*** SUMMARY ***
Total pot $8.15 | Rake $0.4 | Jackpot $0.05 | Bingo $0 | Fortune $0
Board [9s Jc 4h 5d 3d]
Seat 1: 2873fe12 showed [Ac Jh] and won ($7.7) with Pair of Jacks
Seat 3: 10355843 folded before Flop (didn't bet)
Seat 4: Hero (button) folded before Flop (didn't bet)
Seat 5: 673268d5 (small blind) showed [Qs Tc] and lost with Queen-High
Seat 6: 98114232 (big blind) folded before Flop


Poker Hand #HD1184942430: Hold'em No Limit  ($0.02/$0.05) - 2023/04/01 15:13:36
Table 'NLHBlue106' 6-max Seat #3 is the button
Seat 1: 2873fe12 ($10.62 in chips)
Seat 3: 10355843 ($5.19 in chips)
Seat 4: Hero ($10.02 in chips)
Seat 5: 673268d5 ($3.78 in chips)
Seat 6: 98114232 ($2.52 in chips)
Hero: posts small blind $0.02
673268d5: posts big blind $0.05
*** HOLE CARDS ***
Dealt to 2873fe12 
Dealt to 10355843 
Dealt to Hero [Kc 2c]
Dealt to 673268d5 
Dealt to 98114232 
98114232: folds
2873fe12: folds
10355843: raises $0.08 to $0.13
Hero: folds
673268d5: raises $0.14 to $0.27
10355843: calls $0.14
*** FLOP *** [Qh 3d Jd]
673268d5: checks
10355843: checks
*** TURN *** [Qh 3d Jd] [9h]
673268d5: bets $0.42
10355843: folds
Uncalled bet ($0.42) returned to 673268d5
*** SHOWDOWN ***
673268d5 collected $0.54 from pot
*** SUMMARY ***
Total pot $0.56 | Rake $0.02 | Jackpot $0 | Bingo $0 | Fortune $0
Board [Qh 3d Jd 9h]
Seat 1: 2873fe12 folded before Flop (didn't bet)
Seat 3: 10355843 (button) folded on the Turn
Seat 4: Hero (small blind) folded before Flop
Seat 5: 673268d5 (big blind) won ($0.54)
Seat 6: 98114232 folded before Flop (didn't bet)


Poker Hand #HD1184942301: Hold'em No Limit  ($0.02/$0.05) - 2023/04/01 15:12:25
Table 'NLHBlue106' 6-max Seat #1 is the button
Seat 1: 2873fe12 ($8.51 in chips)
Seat 2: 17589c5a ($2.34 in chips)
Seat 3: 10355843 ($5.24 in chips)
Seat 4: Hero ($10.02 in chips)
Seat 5: 673268d5 ($3.78 in chips)
Seat 6: 98114232 ($2.52 in chips)
17589c5a: posts small blind $0.02
10355843: posts big blind $0.05
*** HOLE CARDS ***
Dealt to 2873fe12 
Dealt to 17589c5a 
Dealt to 10355843 
Dealt to Hero [6h Qs]
Dealt to 673268d5 
Dealt to 98114232 
Hero: folds
673268d5: folds
98114232: folds
2873fe12: raises $0.1 to $0.15
17589c5a: calls $0.13
10355843: folds
*** FLOP *** [2h Qh Kc]
17589c5a: bets $0.19
2873fe12: raises $0.29 to $0.48
17589c5a: calls $0.29
*** TURN *** [2h Qh Kc] [Th]
17589c5a: bets $1.71 and is all-in
2873fe12: calls $1.71
17589c5a: shows [5h Ah] (Ace High Flush)
2873fe12: shows [2c Qc] (Pair of Queens and Pair of Twos)
*** RIVER *** [2h Qh Kc Th] [2d]
*** SHOWDOWN ***
2873fe12 collected $4.45 from pot
*** SUMMARY ***
Total pot $4.73 | Rake $0.23 | Jackpot $0.05 | Bingo $0 | Fortune $0
Board [2h Qh Kc Th 2d]
Seat 1: 2873fe12 (button) showed [2c Qc] and won ($4.45) with Twos Full over Queens
Seat 2: 17589c5a (small blind) showed [5h Ah] and lost with Ace High Flush
Seat 3: 10355843 (big blind) folded before Flop
Seat 4: Hero folded before Flop (didn't bet)
Seat 5: 673268d5 folded before Flop (didn't bet)
Seat 6: 98114232 folded before Flop (didn't bet)


Poker Hand #HD1184942279: Hold'em No Limit  ($0.02/$0.05) - 2023/04/01 15:12:12
Table 'NLHBlue106' 6-max Seat #6 is the button
Seat 1: 2873fe12 ($8.53 in chips)
Seat 2: 17589c5a ($2.32 in chips)
Seat 3: 10355843 ($5.24 in chips)
Seat 4: Hero ($10.02 in chips)
Seat 5: 673268d5 ($3.78 in chips)
Seat 6: 98114232 ($2.52 in chips)
2873fe12: posts small blind $0.02
17589c5a: posts big blind $0.05
*** HOLE CARDS ***
Dealt to 2873fe12 
Dealt to 17589c5a 
Dealt to 10355843 
Dealt to Hero [7s Th]
Dealt to 673268d5 
Dealt to 98114232 
10355843: folds
Hero: folds
673268d5: folds
98114232: folds
2873fe12: folds
Uncalled bet ($0.03) returned to 17589c5a
*** SHOWDOWN ***
17589c5a collected $0.04 from pot
*** SUMMARY ***
Total pot $0.04 | Rake $0 | Jackpot $0 | Bingo $0 | Fortune $0
Seat 1: 2873fe12 (small blind) folded before Flop
Seat 2: 17589c5a (big blind) collected ($0.04)
Seat 3: 10355843 folded before Flop (didn't bet)
Seat 4: Hero folded before Flop (didn't bet)
Seat 5: 673268d5 folded before Flop (didn't bet)
Seat 6: 98114232 (button) folded before Flop (didn't bet)


Poker Hand #HD1184942242: Hold'em No Limit  ($0.02/$0.05) - 2023/04/01 15:11:54
Table 'NLHBlue106' 6-max Seat #5 is the button
Seat 1: 2873fe12 ($8.58 in chips)
Seat 2: 17589c5a ($2.25 in chips)
Seat 3: 10355843 ($5.24 in chips)
Seat 4: Hero ($10.02 in chips)
Seat 5: 673268d5 ($3.78 in chips)
Seat 6: 98114232 ($2.54 in chips)
98114232: posts small blind $0.02
2873fe12: posts big blind $0.05
*** HOLE CARDS ***
Dealt to 2873fe12 
Dealt to 17589c5a 
Dealt to 10355843 
Dealt to Hero [4c 3s]
Dealt to 673268d5 
Dealt to 98114232 
17589c5a: raises $0.05 to $0.1
10355843: folds
Hero: folds
673268d5: folds
98114232: folds
2873fe12: folds
Uncalled bet ($0.05) returned to 17589c5a
*** SHOWDOWN ***
17589c5a collected $0.12 from pot
*** SUMMARY ***
Total pot $0.12 | Rake $0 | Jackpot $0 | Bingo $0 | Fortune $0
Seat 1: 2873fe12 (big blind) folded before Flop
Seat 2: 17589c5a collected ($0.12)
Seat 3: 10355843 folded before Flop (didn't bet)
Seat 4: Hero folded before Flop (didn't bet)
Seat 5: 673268d5 (button) folded before Flop (didn't bet)
Seat 6: 98114232 (small blind) folded before Flop


Poker Hand #HD1184942138: Hold'em No Limit  ($0.02/$0.05) - 2023/04/01 15:11:04
Table 'NLHBlue106' 6-max Seat #4 is the button
Seat 1: 2873fe12 ($8.58 in chips)
Seat 2: 17589c5a ($2.92 in chips)
Seat 3: 10355843 ($5.24 in chips)
Seat 4: Hero ($9.25 in chips)
Seat 5: 673268d5 ($3.8 in chips)
Seat 6: 98114232 ($2.74 in chips)
673268d5: posts small blind $0.02
98114232: posts big blind $0.05
*** HOLE CARDS ***
Dealt to 2873fe12 
Dealt to 17589c5a 
Dealt to 10355843 
Dealt to Hero [Jd Jc]
Dealt to 673268d5 
Dealt to 98114232 
2873fe12: folds
17589c5a: calls $0.05
10355843: folds
Hero: raises $0.15 to $0.2
673268d5: folds
98114232: calls $0.15
17589c5a: calls $0.15
*** FLOP *** [Ad 5d Td]
98114232: checks
17589c5a: bets $0.47
Hero: calls $0.47
98114232: folds
*** TURN *** [Ad 5d Td] [7s]
17589c5a: checks
Hero: checks
*** RIVER *** [Ad 5d Td 7s] [3h]
17589c5a: checks
Hero: checks
17589c5a: shows [9s Ts] (Pair of Tens)
Hero: shows [Jd Jc] (Pair of Jacks)
*** SHOWDOWN ***
Hero collected $1.44 from pot
*** SUMMARY ***
Total pot $1.56 | Rake $0.07 | Jackpot $0.05 | Bingo $0 | Fortune $0
Board [Ad 5d Td 7s 3h]
Seat 1: 2873fe12 folded before Flop (didn't bet)
Seat 2: 17589c5a showed [9s Ts] and lost with Pair of Tens
Seat 3: 10355843 folded before Flop (didn't bet)
Seat 4: Hero (button) showed [Jd Jc] and won ($1.44) with Pair of Jacks
Seat 5: 673268d5 (small blind) folded before Flop
Seat 6: 98114232 (big blind) folded on the Flop


Poker Hand #HD1184942066: Hold'em No Limit  ($0.02/$0.05) - 2023/04/01 15:10:28
Table 'NLHBlue106' 6-max Seat #3 is the button
Seat 1: 2873fe12 ($8.58 in chips)
Seat 2: 17589c5a ($2.92 in chips)
Seat 3: 10355843 ($5.1 in chips)
Seat 4: Hero ($9.27 in chips)
Seat 5: 673268d5 ($3.93 in chips)
Seat 6: 98114232 ($2.74 in chips)
Hero: posts small blind $0.02
673268d5: posts big blind $0.05
*** HOLE CARDS ***
Dealt to 2873fe12 
Dealt to 17589c5a 
Dealt to 10355843 
Dealt to Hero [Ts 7d]
Dealt to 673268d5 
Dealt to 98114232 
98114232: folds
2873fe12: folds
17589c5a: folds
10355843: raises $0.08 to $0.13
Hero: folds
673268d5: calls $0.08
*** FLOP *** [As 5c 5h]
673268d5: checks
10355843: bets $0.1
673268d5: folds
Uncalled bet ($0.1) returned to 10355843
*** SHOWDOWN ***
10355843 collected $0.27 from pot
*** SUMMARY ***
Total pot $0.28 | Rake $0.01 | Jackpot $0 | Bingo $0 | Fortune $0
Board [As 5c 5h]
Seat 1: 2873fe12 folded before Flop (didn't bet)
Seat 2: 17589c5a folded before Flop (didn't bet)
Seat 3: 10355843 (button) won ($0.27)
Seat 4: Hero (small blind) folded before Flop
Seat 5: 673268d5 (big blind) folded on the Flop
Seat 6: 98114232 folded before Flop (didn't bet)


Poker Hand #HD1184941989: Hold'em No Limit  ($0.02/$0.05) - 2023/04/01 15:09:45
Table 'NLHBlue106' 6-max Seat #2 is the button
Seat 1: 2873fe12 ($8.58 in chips)
Seat 2: 17589c5a ($2.47 in chips)
Seat 3: 10355843 ($5.12 in chips)
Seat 4: Hero ($9.32 in chips)
Seat 5: 673268d5 ($4.36 in chips)
Seat 6: 98114232 ($2.74 in chips)
10355843: posts small blind $0.02
Hero: posts big blind $0.05
*** HOLE CARDS ***
Dealt to 2873fe12 
Dealt to 17589c5a 
Dealt to 10355843 
Dealt to Hero [2c 6d]
Dealt to 673268d5 
Dealt to 98114232 
673268d5: raises $0.1 to $0.15
98114232: folds
2873fe12: folds
17589c5a: calls $0.15
10355843: folds
Hero: folds
*** FLOP *** [Ad 3c 3d]
673268d5: bets $0.28
17589c5a: raises $0.49 to $0.77
673268d5: folds
Uncalled bet ($0.49) returned to 17589c5a
*** SHOWDOWN ***
17589c5a collected $0.88 from pot
*** SUMMARY ***
Total pot $0.93 | Rake $0.05 | Jackpot $0 | Bingo $0 | Fortune $0
Board [Ad 3c 3d]
Seat 1: 2873fe12 folded before Flop (didn't bet)
Seat 2: 17589c5a (button) won ($0.88)
Seat 3: 10355843 (small blind) folded before Flop
Seat 4: Hero (big blind) folded before Flop
Seat 5: 673268d5 folded on the Flop
Seat 6: 98114232 folded before Flop (didn't bet)


Poker Hand #HD1184941902: Hold'em No Limit  ($0.02/$0.05) - 2023/04/01 15:09:01
Table 'NLHBlue106' 6-max Seat #1 is the button
Seat 1: 2873fe12 ($8.58 in chips)
Seat 2: 17589c5a ($2.49 in chips)
Seat 3: 10355843 ($5.17 in chips)
Seat 4: Hero ($9.32 in chips)
Seat 5: 673268d5 ($3.44 in chips)
Seat 6: 98114232 ($3.74 in chips)
17589c5a: posts small blind $0.02
10355843: posts big blind $0.05
*** HOLE CARDS ***
Dealt to 2873fe12 
Dealt to 17589c5a 
Dealt to 10355843 
Dealt to Hero [9s Ac]
Dealt to 673268d5 
Dealt to 98114232 
Hero: folds
673268d5: raises $0.12 to $0.17
98114232: calls $0.17
2873fe12: folds
17589c5a: folds
10355843: folds
*** FLOP *** [5s 2c Ad]
673268d5: bets $0.31
98114232: calls $0.31
*** TURN *** [5s 2c Ad] [9h]
673268d5: bets $0.52
98114232: calls $0.52
*** RIVER *** [5s 2c Ad 9h] [5h]
673268d5: checks
98114232: checks
673268d5: shows [4s 4c] (Pair of Fives and Pair of Fours)
98114232: shows [3s 2s] (Pair of Fives and Pair of Twos)
*** SHOWDOWN ***
673268d5 collected $1.92 from pot
*** SUMMARY ***
Total pot $2.07 | Rake $0.1 | Jackpot $0.05 | Bingo $0 | Fortune $0
Board [5s 2c Ad 9h 5h]
Seat 1: 2873fe12 (button) folded before Flop (didn't bet)
Seat 2: 17589c5a (small blind) folded before Flop
Seat 3: 10355843 (big blind) folded before Flop
Seat 4: Hero folded before Flop (didn't bet)
Seat 5: 673268d5 showed [4s 4c] and won ($1.92) with Pair of Fives and Pair of Fours
Seat 6: 98114232 showed [3s 2s] and lost with Pair of Fives and Pair of Twos


Poker Hand #HD1184941847: Hold'em No Limit  ($0.02/$0.05) - 2023/04/01 15:08:32
Table 'NLHBlue106' 6-max Seat #6 is the button
Seat 1: 2873fe12 ($8.25 in chips)
Seat 2: 17589c5a ($2.54 in chips)
Seat 3: 10355843 ($5.32 in chips)
Seat 4: Hero ($9.32 in chips)
Seat 5: 673268d5 ($3.59 in chips)
Seat 6: 98114232 ($3.74 in chips)
2873fe12: posts small blind $0.02
17589c5a: posts big blind $0.05
*** HOLE CARDS ***
Dealt to 2873fe12 
Dealt to 17589c5a 
Dealt to 10355843 
Dealt to Hero [4h 5h]
Dealt to 673268d5 
Dealt to 98114232 
10355843: raises $0.1 to $0.15
Hero: folds
673268d5: calls $0.15
98114232: folds
2873fe12: raises $0.4 to $0.55
17589c5a: folds
10355843: folds
673268d5: folds
Uncalled bet ($0.4) returned to 2873fe12
*** SHOWDOWN ***
2873fe12 collected $0.48 from pot
*** SUMMARY ***
Total pot $0.5 | Rake $0.02 | Jackpot $0 | Bingo $0 | Fortune $0
Seat 1: 2873fe12 (small blind) collected ($0.48)
Seat 2: 17589c5a (big blind) folded before Flop
Seat 3: 10355843 folded before Flop
Seat 4: Hero folded before Flop (didn't bet)
Seat 5: 673268d5 folded before Flop
Seat 6: 98114232 (button) folded before Flop (didn't bet)


Poker Hand #HD1184941729: Hold'em No Limit  ($0.02/$0.05) - 2023/04/01 15:07:21
Table 'NLHBlue106' 6-max Seat #5 is the button
Seat 1: 2873fe12 ($8.3 in chips)
Seat 2: 17589c5a ($1.34 in chips)
Seat 3: 10355843 ($5.32 in chips)
Seat 4: Hero ($9.32 in chips)
Seat 5: 673268d5 ($4.93 in chips)
Seat 6: 98114232 ($3.76 in chips)
98114232: posts small blind $0.02
2873fe12: posts big blind $0.05
*** HOLE CARDS ***
Dealt to 2873fe12 
Dealt to 17589c5a 
Dealt to 10355843 
Dealt to Hero [Js 6s]
Dealt to 673268d5 
Dealt to 98114232 
17589c5a: calls $0.05
10355843: folds
Hero: folds
673268d5: raises $0.17 to $0.22
98114232: folds
2873fe12: folds
17589c5a: raises $0.27 to $0.49
673268d5: calls $0.27
*** FLOP *** [Ad Ac Kc]
17589c5a: bets $0.55
673268d5: calls $0.55
*** TURN *** [Ad Ac Kc] [6c]
17589c5a: checks
673268d5: bets $0.35
17589c5a: calls $0.3 and is all-in
Uncalled bet ($0.05) returned to 673268d5
673268d5: shows [4c 4h] (Pair of Aces and Pair of Fours)
17589c5a: shows [Jd Jh] (Pair of Aces and Pair of Jacks)
*** RIVER *** [Ad Ac Kc 6c] [5d]
*** SHOWDOWN ***
17589c5a collected $2.54 from pot
*** SUMMARY ***
Total pot $2.75 | Rake $0.16 | Jackpot $0.05 | Bingo $0 | Fortune $0
Board [Ad Ac Kc 6c 5d]
Seat 1: 2873fe12 (big blind) folded before Flop
Seat 2: 17589c5a showed [Jd Jh] and won ($2.54) with Pair of Aces and Pair of Jacks
Seat 3: 10355843 folded before Flop (didn't bet)
Seat 4: Hero folded before Flop (didn't bet)
Seat 5: 673268d5 (button) showed [4c 4h] and lost with Pair of Aces and Pair of Fours
Seat 6: 98114232 (small blind) folded before Flop


Poker Hand #HD1184941623: Hold'em No Limit  ($0.02/$0.05) - 2023/04/01 15:06:24
Table 'NLHBlue106' 6-max Seat #4 is the button
Seat 1: 2873fe12 ($8.3 in chips)
Seat 2: 17589c5a ($1.34 in chips)
Seat 3: 10355843 ($5 in chips)
Seat 4: Hero ($9.6 in chips)
Seat 5: 673268d5 ($4.95 in chips)
Seat 6: 98114232 ($3.81 in chips)
673268d5: posts small blind $0.02
98114232: posts big blind $0.05
*** HOLE CARDS ***
Dealt to 2873fe12 
Dealt to 17589c5a 
Dealt to 10355843 
Dealt to Hero [Jh 9h]
Dealt to 673268d5 
Dealt to 98114232 
2873fe12: folds
17589c5a: folds
10355843: raises $0.1 to $0.15
Hero: calls $0.15
673268d5: folds
98114232: folds
*** FLOP *** [Qs 2h 8c]
10355843: bets $0.13
Hero: calls $0.13
*** TURN *** [Qs 2h 8c] [4d]
10355843: checks
Hero: checks
*** RIVER *** [Qs 2h 8c 4d] [3c]
10355843: bets $0.21
Hero: folds
Uncalled bet ($0.21) returned to 10355843
*** SHOWDOWN ***
10355843 collected $0.6 from pot
*** SUMMARY ***
Total pot $0.63 | Rake $0.03 | Jackpot $0 | Bingo $0 | Fortune $0
Board [Qs 2h 8c 4d 3c]
Seat 1: 2873fe12 folded before Flop (didn't bet)
Seat 2: 17589c5a folded before Flop (didn't bet)
Seat 3: 10355843 won ($0.6)
Seat 4: Hero (button) folded on the River
Seat 5: 673268d5 (small blind) folded before Flop
Seat 6: 98114232 (big blind) folded before Flop


Poker Hand #HD1184941602: Hold'em No Limit  ($0.02/$0.05) - 2023/04/01 15:06:14
Table 'NLHBlue106' 6-max Seat #3 is the button
Seat 1: 2873fe12 ($8.23 in chips)
Seat 2: 17589c5a ($1.34 in chips)
Seat 3: 10355843 ($5 in chips)
Seat 4: Hero ($9.62 in chips)
Seat 5: 673268d5 ($5 in chips)
Seat 6: 98114232 ($3.81 in chips)
Hero: posts small blind $0.02
673268d5: posts big blind $0.05
*** HOLE CARDS ***
Dealt to 2873fe12 
Dealt to 17589c5a 
Dealt to 10355843 
Dealt to Hero [8h Tc]
Dealt to 673268d5 
Dealt to 98114232 
98114232: folds
2873fe12: raises $0.1 to $0.15
17589c5a: folds
10355843: folds
Hero: folds
673268d5: folds
Uncalled bet ($0.1) returned to 2873fe12
*** SHOWDOWN ***
2873fe12 collected $0.12 from pot
*** SUMMARY ***
Total pot $0.12 | Rake $0 | Jackpot $0 | Bingo $0 | Fortune $0
Seat 1: 2873fe12 collected ($0.12)
Seat 2: 17589c5a folded before Flop (didn't bet)
Seat 3: 10355843 (button) folded before Flop (didn't bet)
Seat 4: Hero (small blind) folded before Flop
Seat 5: 673268d5 (big blind) folded before Flop
Seat 6: 98114232 folded before Flop (didn't bet)


Poker Hand #HD1184941496: Hold'em No Limit  ($0.02/$0.05) - 2023/04/01 15:05:18
Table 'NLHBlue106' 6-max Seat #2 is the button
Seat 1: 2873fe12 ($8.23 in chips)
Seat 2: 17589c5a ($1.85 in chips)
Seat 3: 10355843 ($5 in chips)
Seat 4: Hero ($7.06 in chips)
Seat 5: 673268d5 ($5 in chips)
Seat 6: 98114232 ($6.14 in chips)
10355843: posts small blind $0.02
Hero: posts big blind $0.05
*** HOLE CARDS ***
Dealt to 2873fe12 
Dealt to 17589c5a 
Dealt to 10355843 
Dealt to Hero [Kd Ah]
Dealt to 673268d5 
Dealt to 98114232 
673268d5: folds
98114232: calls $0.05
2873fe12: folds
17589c5a: raises $0.05 to $0.1
10355843: folds
Hero: raises $0.41 to $0.51
98114232: calls $0.46
17589c5a: calls $0.41
*** FLOP *** [Kh Td Th]
Hero: bets $0.52
98114232: calls $0.52
17589c5a: folds
*** TURN *** [Kh Td Th] [8c]
Hero: bets $1.3
98114232: calls $1.3
*** RIVER *** [Kh Td Th 8c] [Jc]
Hero: checks
98114232: checks
Hero: shows [Kd Ah] (Pair of Kings and Pair of Tens)
98114232: shows [Qs Jd] (Pair of Jacks and Pair of Tens)
*** SHOWDOWN ***
Hero collected $4.89 from pot
*** SUMMARY ***
Total pot $5.19 | Rake $0.25 | Jackpot $0.05 | Bingo $0 | Fortune $0
Board [Kh Td Th 8c Jc]
Seat 1: 2873fe12 folded before Flop (didn't bet)
Seat 2: 17589c5a (button) folded on the Flop
Seat 3: 10355843 (small blind) folded before Flop
Seat 4: Hero (big blind) showed [Kd Ah] and won ($4.89) with Pair of Kings and Pair of Tens
Seat 5: 673268d5 folded before Flop (didn't bet)
Seat 6: 98114232 showed [Qs Jd] and lost with Pair of Jacks and Pair of Tens


Poker Hand #HD1184941477: Hold'em No Limit  ($0.02/$0.05) - 2023/04/01 15:05:05
Table 'NLHBlue106' 6-max Seat #1 is the button
Seat 1: 2873fe12 ($8.23 in chips)
Seat 2: 17589c5a ($1.8 in chips)
Seat 3: 10355843 ($5 in chips)
Seat 4: Hero ($7.06 in chips)
Seat 5: 673268d5 ($2.39 in chips)
Seat 6: 98114232 ($6.14 in chips)
17589c5a: posts small blind $0.02
10355843: posts big blind $0.05
*** HOLE CARDS ***
Dealt to 2873fe12 
Dealt to 17589c5a 
Dealt to 10355843 
Dealt to Hero [9s Qc]
Dealt to 673268d5 
Dealt to 98114232 
Hero: folds
673268d5: folds
98114232: folds
2873fe12: folds
17589c5a: raises $0.05 to $0.1
10355843: folds
Uncalled bet ($0.05) returned to 17589c5a
*** SHOWDOWN ***
17589c5a collected $0.1 from pot
*** SUMMARY ***
Total pot $0.1 | Rake $0 | Jackpot $0 | Bingo $0 | Fortune $0
Seat 1: 2873fe12 (button) folded before Flop (didn't bet)
Seat 2: 17589c5a (small blind) collected ($0.1)
Seat 3: 10355843 (big blind) folded before Flop
Seat 4: Hero folded before Flop (didn't bet)
Seat 5: 673268d5 folded before Flop (didn't bet)
Seat 6: 98114232 folded before Flop (didn't bet)


Poker Hand #HD1184941424: Hold'em No Limit  ($0.02/$0.05) - 2023/04/01 15:04:36
Table 'NLHBlue106' 6-max Seat #6 is the button
Seat 1: 2873fe12 ($8.25 in chips)
Seat 2: 17589c5a ($1.85 in chips)
Seat 3: 10355843 ($5 in chips)
Seat 4: Hero ($7.06 in chips)
Seat 5: 673268d5 ($3.06 in chips)
Seat 6: 98114232 ($5.47 in chips)
2873fe12: posts small blind $0.02
17589c5a: posts big blind $0.05
*** HOLE CARDS ***
Dealt to 2873fe12 
Dealt to 17589c5a 
Dealt to 10355843 
Dealt to Hero [Jh 3h]
Dealt to 673268d5 
Dealt to 98114232 
10355843: folds
Hero: folds
673268d5: raises $0.15 to $0.2
98114232: raises $0.47 to $0.67
2873fe12: folds
17589c5a: folds
673268d5: calls $0.47
*** FLOP *** [2s 2d Qc]
673268d5: checks
98114232: bets $1.06
673268d5: folds
Uncalled bet ($1.06) returned to 98114232
*** SHOWDOWN ***
98114232 collected $1.34 from pot
*** SUMMARY ***
Total pot $1.41 | Rake $0.07 | Jackpot $0 | Bingo $0 | Fortune $0
Board [2s 2d Qc]
Seat 1: 2873fe12 (small blind) folded before Flop
Seat 2: 17589c5a (big blind) folded before Flop
Seat 3: 10355843 folded before Flop (didn't bet)
Seat 4: Hero folded before Flop (didn't bet)
Seat 5: 673268d5 folded on the Flop
Seat 6: 98114232 (button) won ($1.34)


Poker Hand #HD1184941341: Hold'em No Limit  ($0.02/$0.05) - 2023/04/01 15:03:53
Table 'NLHBlue106' 6-max Seat #5 is the button
Seat 1: 2873fe12 ($8.3 in chips)
Seat 2: 17589c5a ($2.95 in chips)
Seat 3: 10355843 ($5 in chips)
Seat 4: Hero ($7.06 in chips)
Seat 5: 673268d5 ($3.06 in chips)
Seat 6: 98114232 ($4.48 in chips)
98114232: posts small blind $0.02
2873fe12: posts big blind $0.05
*** HOLE CARDS ***
Dealt to 2873fe12 
Dealt to 17589c5a 
Dealt to 10355843 
Dealt to Hero [6c 2d]
Dealt to 673268d5 
Dealt to 98114232 
17589c5a: raises $0.05 to $0.1
10355843: folds
Hero: folds
673268d5: folds
98114232: raises $0.25 to $0.35
2873fe12: folds
17589c5a: calls $0.25
*** FLOP *** [7h 4h 8s]
98114232: bets $0.75
17589c5a: calls $0.75
*** TURN *** [7h 4h 8s] [Ks]
98114232: bets $2.25
17589c5a: folds
Uncalled bet ($2.25) returned to 98114232
*** SHOWDOWN ***
98114232 collected $2.09 from pot
*** SUMMARY ***
Total pot $2.25 | Rake $0.11 | Jackpot $0.05 | Bingo $0 | Fortune $0
Board [7h 4h 8s Ks]
Seat 1: 2873fe12 (big blind) folded before Flop
Seat 2: 17589c5a folded on the Turn
Seat 3: 10355843 folded before Flop (didn't bet)
Seat 4: Hero folded before Flop (didn't bet)
Seat 5: 673268d5 (button) folded before Flop (didn't bet)
Seat 6: 98114232 (small blind) won ($2.09)


Poker Hand #HD1184941258: Hold'em No Limit  ($0.02/$0.05) - 2023/04/01 15:03:07
Table 'NLHBlue106' 6-max Seat #4 is the button
Seat 1: 2873fe12 ($8.3 in chips)
Seat 2: 17589c5a ($2.95 in chips)
Seat 3: 10355843 ($5 in chips)
Seat 4: Hero ($6.18 in chips)
Seat 5: 673268d5 ($4.03 in chips)
Seat 6: 98114232 ($4.53 in chips)
673268d5: posts small blind $0.02
98114232: posts big blind $0.05
*** HOLE CARDS ***
Dealt to 2873fe12 
Dealt to 17589c5a 
Dealt to 10355843 
Dealt to Hero [Kc 2c]
Dealt to 673268d5 
Dealt to 98114232 
2873fe12: folds
17589c5a: folds
10355843: folds
Hero: raises $0.07 to $0.12
673268d5: raises $0.1 to $0.22
98114232: folds
Hero: calls $0.1
*** FLOP *** [7h 7c 8c]
673268d5: bets $0.25
Hero: calls $0.25
*** TURN *** [7h 7c 8c] [9c]
673268d5: bets $0.5
Hero: calls $0.5
*** RIVER *** [7h 7c 8c 9c] [Ks]
673268d5: checks
Hero: bets $0.66
673268d5: folds
Uncalled bet ($0.66) returned to Hero
*** SHOWDOWN ***
Hero collected $1.85 from pot
*** SUMMARY ***
Total pot $1.99 | Rake $0.09 | Jackpot $0.05 | Bingo $0 | Fortune $0
Board [7h 7c 8c 9c Ks]
Seat 1: 2873fe12 folded before Flop (didn't bet)
Seat 2: 17589c5a folded before Flop (didn't bet)
Seat 3: 10355843 folded before Flop (didn't bet)
Seat 4: Hero (button) won ($1.85)
Seat 5: 673268d5 (small blind) folded on the River
Seat 6: 98114232 (big blind) folded before Flop


Poker Hand #HD1184941184: Hold'em No Limit  ($0.02/$0.05) - 2023/04/01 15:02:23
Table 'NLHBlue106' 6-max Seat #3 is the button
Seat 1: 2873fe12 ($8.3 in chips)
Seat 2: 17589c5a ($2.95 in chips)
Seat 3: 10355843 ($5 in chips)
Seat 4: Hero ($6.2 in chips)
Seat 5: 673268d5 ($4.56 in chips)
Seat 6: 98114232 ($4.03 in chips)
Hero: posts small blind $0.02
673268d5: posts big blind $0.05
*** HOLE CARDS ***
Dealt to 2873fe12 
Dealt to 17589c5a 
Dealt to 10355843 
Dealt to Hero [2c Jc]
Dealt to 673268d5 
Dealt to 98114232 
98114232: raises $0.12 to $0.17
2873fe12: folds
17589c5a: folds
10355843: folds
Hero: folds
673268d5: calls $0.12
*** FLOP *** [Qd 6s 8s]
673268d5: checks
98114232: bets $0.36
673268d5: calls $0.36
*** TURN *** [Qd 6s 8s] [Td]
673268d5: checks
98114232: bets $1.08
673268d5: folds
Uncalled bet ($1.08) returned to 98114232
*** SHOWDOWN ***
98114232 collected $1.03 from pot
*** SUMMARY ***
Total pot $1.08 | Rake $0.05 | Jackpot $0 | Bingo $0 | Fortune $0
Board [Qd 6s 8s Td]
Seat 1: 2873fe12 folded before Flop (didn't bet)
Seat 2: 17589c5a folded before Flop (didn't bet)
Seat 3: 10355843 (button) folded before Flop (didn't bet)
Seat 4: Hero (small blind) folded before Flop
Seat 5: 673268d5 (big blind) folded on the Turn
Seat 6: 98114232 won ($1.03)


Poker Hand #HD1184941051: Hold'em No Limit  ($0.02/$0.05) - 2023/04/01 15:01:12
Table 'NLHBlue106' 6-max Seat #2 is the button
Seat 1: 2873fe12 ($8.3 in chips)
Seat 2: 17589c5a ($3.1 in chips)
Seat 3: 10355843 ($5 in chips)
Seat 4: Hero ($5.58 in chips)
Seat 5: 673268d5 ($5.07 in chips)
Seat 6: 98114232 ($4.03 in chips)
10355843: posts small blind $0.02
Hero: posts big blind $0.05
*** HOLE CARDS ***
Dealt to 2873fe12 
Dealt to 17589c5a 
Dealt to 10355843 
Dealt to Hero [Ac 9c]
Dealt to 673268d5 
Dealt to 98114232 
673268d5: raises $0.1 to $0.15
98114232: folds
2873fe12: folds
17589c5a: calls $0.15
10355843: folds
Hero: calls $0.1
*** FLOP *** [As 8c 6c]
Hero: checks
673268d5: checks
17589c5a: checks
*** TURN *** [As 8c 6c] [5d]
Hero: bets $0.36
673268d5: calls $0.36
17589c5a: folds
*** RIVER *** [As 8c 6c 5d] [6h]
Hero: checks
673268d5: checks
Hero: shows [Ac 9c] (Pair of Aces and Pair of Sixes)
673268d5: shows [4d 3d] (Pair of Sixes)
*** SHOWDOWN ***
Hero collected $1.13 from pot
*** SUMMARY ***
Total pot $1.19 | Rake $0.06 | Jackpot $0 | Bingo $0 | Fortune $0
Board [As 8c 6c 5d 6h]
Seat 1: 2873fe12 folded before Flop (didn't bet)
Seat 2: 17589c5a (button) folded on the Turn
Seat 3: 10355843 (small blind) folded before Flop
Seat 4: Hero (big blind) showed [Ac 9c] and won ($1.13) with Pair of Aces and Pair of Sixes
Seat 5: 673268d5 showed [4d 3d] and lost with Pair of Sixes
Seat 6: 98114232 folded before Flop (didn't bet)


Poker Hand #HD1184941010: Hold'em No Limit  ($0.02/$0.05) - 2023/04/01 15:00:49
Table 'NLHBlue106' 6-max Seat #1 is the button
Seat 1: 2873fe12 ($8.3 in chips)
Seat 2: 17589c5a ($3.12 in chips)
Seat 3: 10355843 ($5.05 in chips)
Seat 4: Hero ($5.58 in chips)
Seat 5: 673268d5 ($5 in chips)
Seat 6: 98114232 ($4.03 in chips)
17589c5a: posts small blind $0.02
10355843: posts big blind $0.05
*** HOLE CARDS ***
Dealt to 2873fe12 
Dealt to 17589c5a 
Dealt to 10355843 
Dealt to Hero [5c 7d]
Dealt to 673268d5 
Dealt to 98114232 
Hero: folds
673268d5: raises $0.15 to $0.2
98114232: folds
2873fe12: folds
17589c5a: folds
10355843: folds
Uncalled bet ($0.15) returned to 673268d5
*** SHOWDOWN ***
673268d5 collected $0.12 from pot
*** SUMMARY ***
Total pot $0.12 | Rake $0 | Jackpot $0 | Bingo $0 | Fortune $0
Seat 1: 2873fe12 (button) folded before Flop (didn't bet)
Seat 2: 17589c5a (small blind) folded before Flop
Seat 3: 10355843 (big blind) folded before Flop
Seat 4: Hero folded before Flop (didn't bet)
Seat 5: 673268d5 collected ($0.12)
Seat 6: 98114232 folded before Flop (didn't bet)


Poker Hand #HD1184940941: Hold'em No Limit  ($0.02/$0.05) - 2023/04/01 15:00:11
Table 'NLHBlue106' 6-max Seat #6 is the button
Seat 1: 2873fe12 ($8.32 in chips)
Seat 2: 17589c5a ($2.95 in chips)
Seat 3: 10355843 ($5.05 in chips)
Seat 4: Hero ($5.58 in chips)
Seat 5: 673268d5 ($5 in chips)
Seat 6: 98114232 ($4.2 in chips)
2873fe12: posts small blind $0.02
17589c5a: posts big blind $0.05
*** HOLE CARDS ***
Dealt to 2873fe12 
Dealt to 17589c5a 
Dealt to 10355843 
Dealt to Hero [5s Qh]
Dealt to 673268d5 
Dealt to 98114232 
10355843: folds
Hero: folds
673268d5: folds
98114232: calls $0.05
2873fe12: folds
17589c5a: checks
*** FLOP *** [Td 9s 6c]
17589c5a: checks
98114232: bets $0.12
17589c5a: calls $0.12
*** TURN *** [Td 9s 6c] [Qc]
17589c5a: checks
98114232: checks
*** RIVER *** [Td 9s 6c Qc] [3s]
17589c5a: bets $0.19
98114232: folds
Uncalled bet ($0.19) returned to 17589c5a
*** SHOWDOWN ***
17589c5a collected $0.34 from pot
*** SUMMARY ***
Total pot $0.36 | Rake $0.02 | Jackpot $0 | Bingo $0 | Fortune $0
Board [Td 9s 6c Qc 3s]
Seat 1: 2873fe12 (small blind) folded before Flop
Seat 2: 17589c5a (big blind) won ($0.34)
Seat 3: 10355843 folded before Flop (didn't bet)
Seat 4: Hero folded before Flop (didn't bet)
Seat 5: 673268d5 folded before Flop (didn't bet)
Seat 6: 98114232 (button) folded on the River


Poker Hand #HD1184940853: Hold'em No Limit  ($0.02/$0.05) - 2023/04/01 14:59:28
Table 'NLHBlue106' 6-max Seat #5 is the button
Seat 1: 2873fe12 ($7.82 in chips)
Seat 2: 17589c5a ($3 in chips)
Seat 3: 10355843 ($5.05 in chips)
Seat 4: Hero ($5.58 in chips)
Seat 5: 673268d5 ($5 in chips)
Seat 6: 98114232 ($4.7 in chips)
98114232: posts small blind $0.02
2873fe12: posts big blind $0.05
*** HOLE CARDS ***
Dealt to 2873fe12 
Dealt to 17589c5a 
Dealt to 10355843 
Dealt to Hero [8s Kh]
Dealt to 673268d5 
Dealt to 98114232 
17589c5a: calls $0.05
10355843: folds
Hero: folds
673268d5: folds
98114232: raises $0.15 to $0.2
2873fe12: calls $0.15
17589c5a: folds
*** FLOP *** [7c 9d Td]
98114232: checks
2873fe12: bets $0.3
98114232: calls $0.3
*** TURN *** [7c 9d Td] [7d]
98114232: checks
2873fe12: bets $0.6
98114232: folds
Uncalled bet ($0.6) returned to 2873fe12
*** SHOWDOWN ***
2873fe12 collected $1 from pot
*** SUMMARY ***
Total pot $1.05 | Rake $0.05 | Jackpot $0 | Bingo $0 | Fortune $0
Board [7c 9d Td 7d]
Seat 1: 2873fe12 (big blind) won ($1)
Seat 2: 17589c5a folded before Flop
Seat 3: 10355843 folded before Flop (didn't bet)
Seat 4: Hero folded before Flop (didn't bet)
Seat 5: 673268d5 (button) folded before Flop (didn't bet)
Seat 6: 98114232 (small blind) folded on the Turn


Poker Hand #HD1184940787: Hold'em No Limit  ($0.02/$0.05) - 2023/04/01 14:58:48
Table 'NLHBlue106' 6-max Seat #4 is the button
Seat 1: 2873fe12 ($7.82 in chips)
Seat 2: 17589c5a ($3.3 in chips)
Seat 3: 10355843 ($5.05 in chips)
Seat 4: Hero ($5 in chips)
Seat 5: 673268d5 ($2 in chips)
Seat 6: 98114232 ($5 in chips)
673268d5: posts small blind $0.02
98114232: posts big blind $0.05
*** HOLE CARDS ***
Dealt to 2873fe12 
Dealt to 17589c5a 
Dealt to 10355843 
Dealt to Hero [As Kh]
Dealt to 673268d5 
Dealt to 98114232 
2873fe12: folds
17589c5a: raises $0.05 to $0.1
10355843: folds
Hero: raises $0.2 to $0.3
673268d5: folds
98114232: calls $0.25
17589c5a: calls $0.2
*** FLOP *** [Ac 5h 3s]
98114232: checks
17589c5a: checks
Hero: bets $0.46
98114232: folds
17589c5a: folds
Uncalled bet ($0.46) returned to Hero
*** SHOWDOWN ***
Hero collected $0.88 from pot
*** SUMMARY ***
Total pot $0.92 | Rake $0.04 | Jackpot $0 | Bingo $0 | Fortune $0
Board [Ac 5h 3s]
Seat 1: 2873fe12 folded before Flop (didn't bet)
Seat 2: 17589c5a folded on the Flop
Seat 3: 10355843 folded before Flop (didn't bet)
Seat 4: Hero (button) won ($0.88)
Seat 5: 673268d5 (small blind) folded before Flop
Seat 6: 98114232 (big blind) folded on the Flop


Poker Hand #HD1184940727: Hold'em No Limit  ($0.02/$0.05) - 2023/04/01 14:58:19
Table 'NLHBlue106' 6-max Seat #3 is the button
Seat 1: 2873fe12 ($7.82 in chips)
Seat 2: 17589c5a ($3.23 in chips)
Seat 3: 10355843 ($5.05 in chips)
Seat 4: Hero ($5 in chips)
Seat 5: 673268d5 ($2.05 in chips)
Hero: posts small blind $0.02
673268d5: posts big blind $0.05
*** HOLE CARDS ***
Dealt to 2873fe12 
Dealt to 17589c5a 
Dealt to 10355843 
Dealt to Hero [5h Jh]
Dealt to 673268d5 
2873fe12: folds
17589c5a: calls $0.05
10355843: folds
Hero: folds
673268d5: checks
*** FLOP *** [2h Tc As]
673268d5: checks
17589c5a: bets $0.12
673268d5: folds
Uncalled bet ($0.12) returned to 17589c5a
*** SHOWDOWN ***
17589c5a collected $0.12 from pot
*** SUMMARY ***
Total pot $0.12 | Rake $0 | Jackpot $0 | Bingo $0 | Fortune $0
Board [2h Tc As]
Seat 1: 2873fe12 folded before Flop (didn't bet)
Seat 2: 17589c5a won ($0.12)
Seat 3: 10355843 (button) folded before Flop (didn't bet)
Seat 4: Hero (small blind) folded before Flop
Seat 5: 673268d5 (big blind) folded on the Flop


Poker Hand #HD1184940577: Hold'em No Limit  ($0.02/$0.05) - 2023/04/01 14:57:01
Table 'NLHBlue106' 6-max Seat #2 is the button
Seat 1: 2873fe12 ($5.19 in chips)
Seat 2: 17589c5a ($3.23 in chips)
Seat 3: 10355843 ($5.07 in chips)
Seat 4: Hero ($5 in chips)
Seat 5: 673268d5 ($4.95 in chips)
10355843: posts small blind $0.02
Hero: posts big blind $0.05
*** HOLE CARDS ***
Dealt to 2873fe12 
Dealt to 17589c5a 
Dealt to 10355843 
Dealt to Hero [Ts 3s]
Dealt to 673268d5 
673268d5: raises $0.1 to $0.15
2873fe12: raises $0.25 to $0.4
17589c5a: folds
10355843: folds
Hero: folds
673268d5: calls $0.25
*** FLOP *** [Th Kh Qc]
673268d5: bets $0.44
2873fe12: raises $0.56 to $1
673268d5: calls $0.56
*** TURN *** [Th Kh Qc] [6s]
673268d5: checks
2873fe12: bets $1.5
673268d5: calls $1.5
*** RIVER *** [Th Kh Qc 6s] [5d]
673268d5: checks
2873fe12: bets $2
673268d5: folds
Uncalled bet ($2) returned to 2873fe12
*** SHOWDOWN ***
2873fe12 collected $5.53 from pot
*** SUMMARY ***
Total pot $5.87 | Rake $0.29 | Jackpot $0.05 | Bingo $0 | Fortune $0
Board [Th Kh Qc 6s 5d]
Seat 1: 2873fe12 won ($5.53)
Seat 2: 17589c5a (button) folded before Flop (didn't bet)
Seat 3: 10355843 (small blind) folded before Flop
Seat 4: Hero (big blind) folded before Flop
Seat 5: 673268d5 folded on the River


Poker Hand #HD1184940518: Hold'em No Limit  ($0.02/$0.05) - 2023/04/01 14:56:37
Table 'NLHBlue106' 6-max Seat #1 is the button
Seat 1: 2873fe12 ($5.19 in chips)
Seat 2: 17589c5a ($3.25 in chips)
Seat 3: 10355843 ($5 in chips)
Seat 4: Hero ($5 in chips)
Seat 5: 673268d5 ($5 in chips)
17589c5a: posts small blind $0.02
10355843: posts big blind $0.05
673268d5: posts big blind $0.05
*** HOLE CARDS ***
Dealt to 2873fe12 
Dealt to 17589c5a 
Dealt to 10355843 
Dealt to Hero [Jd 6h]
Dealt to 673268d5 
Hero: folds
673268d5: checks
2873fe12: folds
17589c5a: folds
10355843: raises $0.21 to $0.26
673268d5: folds
Uncalled bet ($0.21) returned to 10355843
*** SHOWDOWN ***
10355843 collected $0.12 from pot
*** SUMMARY ***
Total pot $0.12 | Rake $0 | Jackpot $0 | Bingo $0 | Fortune $0
Seat 1: 2873fe12 (button) folded before Flop (didn't bet)
Seat 2: 17589c5a (small blind) folded before Flop
Seat 3: 10355843 (big blind) collected ($0.12)
Seat 4: Hero folded before Flop (didn't bet)
Seat 5: 673268d5 folded before Flop


Poker Hand #HD1184940459: Hold'em No Limit  ($0.02/$0.05) - 2023/04/01 14:56:12
Table 'NLHBlue106' 6-max Seat #4 is the button
Seat 1: 2873fe12 ($5.14 in chips)
Seat 2: 17589c5a ($3.3 in chips)
Seat 4: Hero ($5 in chips)
2873fe12: posts small blind $0.02
17589c5a: posts big blind $0.05
*** HOLE CARDS ***
Dealt to 2873fe12 
Dealt to 17589c5a 
Dealt to Hero [Kh 8d]
Hero: folds
2873fe12: calls $0.03
17589c5a: checks
*** FLOP *** [9h 3d 3s]
2873fe12: checks
17589c5a: checks
*** TURN *** [9h 3d 3s] [Qd]
2873fe12: checks
17589c5a: checks
*** RIVER *** [9h 3d 3s Qd] [Tc]
2873fe12: checks
17589c5a: checks
2873fe12: shows [Jc Ts] (Pair of Tens and Pair of Treys)
17589c5a: shows [Jd 6d] (Pair of Treys)
*** SHOWDOWN ***
2873fe12 collected $0.1 from pot
*** SUMMARY ***
Total pot $0.1 | Rake $0 | Jackpot $0 | Bingo $0 | Fortune $0
Board [9h 3d 3s Qd Tc]
Seat 1: 2873fe12 (small blind) showed [Jc Ts] and won ($0.1) with Pair of Tens and Pair of Treys
Seat 2: 17589c5a (big blind) showed [Jd 6d] and lost with Pair of Treys
Seat 4: Hero (button) folded before Flop (didn't bet)


Poker Hand #HD1184940379: Hold'em No Limit  ($0.02/$0.05) - 2023/04/01 14:55:30
Table 'NLHBlue106' 6-max Seat #1 is the button
Seat 1: 2873fe12 ($5 in chips)
Seat 4: Hero ($5 in chips)
2873fe12: posts small blind $0.02
Hero: posts big blind $0.05
*** HOLE CARDS ***
Dealt to 2873fe12 
Dealt to Hero [3c 3h]
2873fe12: raises $0.1 to $0.15
Hero: calls $0.1
*** FLOP *** [7c 9h 9d]
Hero: checks
2873fe12: checks
*** TURN *** [7c 9h 9d] [Ks]
Hero: checks
2873fe12: bets $0.2
Hero: folds
Uncalled bet ($0.2) returned to 2873fe12
*** SHOWDOWN ***
2873fe12 collected $0.29 from pot
*** SUMMARY ***
Total pot $0.3 | Rake $0.01 | Jackpot $0 | Bingo $0 | Fortune $0
Board [7c 9h 9d Ks]
Seat 1: 2873fe12 (small blind) won ($0.29)
Seat 4: Hero (big blind) folded on the Turn


