Poker Hand #HD1206861812: Hold'em No Limit  ($0.02/$0.05) - 2023/04/17 18:13:26
Table 'NLHBlue70' 6-max Seat #6 is the button
Seat 1: eb1509e0 ($4.88 in chips)
Seat 2: f31d5604 ($8.52 in chips)
Seat 3: Hero ($5.07 in chips)
Seat 4: ca08126d ($5.01 in chips)
Seat 5: eb9f8cfc ($5 in chips)
Seat 6: 8c71d580 ($5.84 in chips)
eb1509e0: posts small blind $0.02
f31d5604: posts big blind $0.05
*** HOLE CARDS ***
Dealt to eb1509e0 
Dealt to f31d5604 
Dealt to Hero [Qh 5d]
Dealt to ca08126d 
Dealt to eb9f8cfc 
Dealt to 8c71d580 
Hero: folds
ca08126d: folds
eb9f8cfc: raises $0.07 to $0.12
8c71d580: folds
eb1509e0: calls $0.1
f31d5604: folds
*** FLOP *** [4h 7s As]
eb1509e0: checks
eb9f8cfc: bets $0.16
eb1509e0: folds
Uncalled bet ($0.16) returned to eb9f8cfc
*** SHOWDOWN ***
eb9f8cfc collected $0.28 from pot
*** SUMMARY ***
Total pot $0.29 | Rake $0.01 | Jackpot $0 | Bingo $0 | Fortune $0
Board [4h 7s As]
Seat 1: eb1509e0 (small blind) folded on the Flop
Seat 2: f31d5604 (big blind) folded before Flop
Seat 3: Hero folded before Flop (didn't bet)
Seat 4: ca08126d folded before Flop (didn't bet)
Seat 5: eb9f8cfc won ($0.28)
Seat 6: 8c71d580 (button) folded before Flop (didn't bet)


Poker Hand #HD1206861717: Hold'em No Limit  ($0.02/$0.05) - 2023/04/17 18:12:39
Table 'NLHBlue70' 6-max Seat #5 is the button
Seat 1: eb1509e0 ($5.35 in chips)
Seat 2: f31d5604 ($8.07 in chips)
Seat 3: Hero ($5.07 in chips)
Seat 4: ca08126d ($5.01 in chips)
Seat 5: eb9f8cfc ($5 in chips)
Seat 6: 8c71d580 ($5.86 in chips)
8c71d580: posts small blind $0.02
eb1509e0: posts big blind $0.05
*** HOLE CARDS ***
Dealt to eb1509e0 
Dealt to f31d5604 
Dealt to Hero [9s Kc]
Dealt to ca08126d 
Dealt to eb9f8cfc 
Dealt to 8c71d580 
f31d5604: raises $0.1 to $0.15
Hero: folds
ca08126d: folds
eb9f8cfc: folds
8c71d580: folds
eb1509e0: calls $0.1
*** FLOP *** [Td 7h Qc]
eb1509e0: checks
f31d5604: checks
*** TURN *** [Td 7h Qc] [Ac]
eb1509e0: bets $0.32
f31d5604: raises $0.48 to $0.8
eb1509e0: folds
Uncalled bet ($0.48) returned to f31d5604
*** SHOWDOWN ***
f31d5604 collected $0.92 from pot
*** SUMMARY ***
Total pot $0.96 | Rake $0.04 | Jackpot $0 | Bingo $0 | Fortune $0
Board [Td 7h Qc Ac]
Seat 1: eb1509e0 (big blind) folded on the Turn
Seat 2: f31d5604 won ($0.92)
Seat 3: Hero folded before Flop (didn't bet)
Seat 4: ca08126d folded before Flop (didn't bet)
Seat 5: eb9f8cfc (button) folded before Flop (didn't bet)
Seat 6: 8c71d580 (small blind) folded before Flop


Poker Hand #HD1206861615: Hold'em No Limit  ($0.02/$0.05) - 2023/04/17 18:11:50
Table 'NLHBlue70' 6-max Seat #4 is the button
Seat 1: eb1509e0 ($5.35 in chips)
Seat 2: f31d5604 ($8.07 in chips)
Seat 3: Hero ($5.07 in chips)
Seat 4: ca08126d ($5.11 in chips)
Seat 5: eb9f8cfc ($5 in chips)
Seat 6: 8c71d580 ($5.39 in chips)
eb9f8cfc: posts small blind $0.02
8c71d580: posts big blind $0.05
*** HOLE CARDS ***
Dealt to eb1509e0 
Dealt to f31d5604 
Dealt to Hero [Jc 9s]
Dealt to ca08126d 
Dealt to eb9f8cfc 
Dealt to 8c71d580 
eb1509e0: folds
f31d5604: folds
Hero: folds
ca08126d: raises $0.05 to $0.1
eb9f8cfc: raises $0.31 to $0.41
8c71d580: calls $0.36
ca08126d: folds
*** FLOP *** [3h 9h 5h]
eb9f8cfc: checks
8c71d580: checks
*** TURN *** [3h 9h 5h] [5c]
eb9f8cfc: checks
8c71d580: bets $0.46
eb9f8cfc: folds
Uncalled bet ($0.46) returned to 8c71d580
*** SHOWDOWN ***
8c71d580 collected $0.88 from pot
*** SUMMARY ***
Total pot $0.92 | Rake $0.04 | Jackpot $0 | Bingo $0 | Fortune $0
Board [3h 9h 5h 5c]
Seat 1: eb1509e0 folded before Flop (didn't bet)
Seat 2: f31d5604 folded before Flop (didn't bet)
Seat 3: Hero folded before Flop (didn't bet)
Seat 4: ca08126d (button) folded before Flop
Seat 5: eb9f8cfc (small blind) folded on the Turn
Seat 6: 8c71d580 (big blind) won ($0.88)


Poker Hand #HD1206861584: Hold'em No Limit  ($0.02/$0.05) - 2023/04/17 18:11:35
Table 'NLHBlue70' 6-max Seat #3 is the button
Seat 1: eb1509e0 ($5.35 in chips)
Seat 2: f31d5604 ($8.07 in chips)
Seat 3: Hero ($5 in chips)
Seat 4: ca08126d ($5.13 in chips)
Seat 5: eb9f8cfc ($5 in chips)
Seat 6: 8c71d580 ($5.39 in chips)
ca08126d: posts small blind $0.02
eb9f8cfc: posts big blind $0.05
*** HOLE CARDS ***
Dealt to eb1509e0 
Dealt to f31d5604 
Dealt to Hero [5s Qs]
Dealt to ca08126d 
Dealt to eb9f8cfc 
Dealt to 8c71d580 
8c71d580: folds
eb1509e0: folds
f31d5604: folds
Hero: raises $0.07 to $0.12
ca08126d: folds
eb9f8cfc: folds
Uncalled bet ($0.07) returned to Hero
*** SHOWDOWN ***
Hero collected $0.12 from pot
*** SUMMARY ***
Total pot $0.12 | Rake $0 | Jackpot $0 | Bingo $0 | Fortune $0
Seat 1: eb1509e0 folded before Flop (didn't bet)
Seat 2: f31d5604 folded before Flop (didn't bet)
Seat 3: Hero (button) collected ($0.12)
Seat 4: ca08126d (small blind) folded before Flop
Seat 5: eb9f8cfc (big blind) folded before Flop
Seat 6: 8c71d580 folded before Flop (didn't bet)


Poker Hand #HD1206861498: Hold'em No Limit  ($0.02/$0.05) - 2023/04/17 18:10:54
Table 'NLHBlue70' 6-max Seat #2 is the button
Seat 1: eb1509e0 ($5.35 in chips)
Seat 2: f31d5604 ($8.07 in chips)
Seat 3: Hero ($5 in chips)
Seat 4: ca08126d ($5 in chips)
Seat 5: eb9f8cfc ($5 in chips)
Seat 6: 8c71d580 ($5.39 in chips)
Hero: posts small blind $0.02
ca08126d: posts big blind $0.05
*** HOLE CARDS ***
Dealt to eb1509e0 
Dealt to f31d5604 
Dealt to Hero [9d Js]
Dealt to ca08126d 
Dealt to eb9f8cfc 
Dealt to 8c71d580 
eb9f8cfc: folds
8c71d580: folds
eb1509e0: folds
f31d5604: folds
Hero: raises $0.09 to $0.14
ca08126d: raises $0.09 to $0.23
Hero: folds
Uncalled bet ($0.09) returned to ca08126d
*** SHOWDOWN ***
ca08126d collected $0.27 from pot
*** SUMMARY ***
Total pot $0.28 | Rake $0.01 | Jackpot $0 | Bingo $0 | Fortune $0
Seat 1: eb1509e0 folded before Flop (didn't bet)
Seat 2: f31d5604 (button) folded before Flop (didn't bet)
Seat 3: Hero (small blind) folded before Flop
Seat 4: ca08126d (big blind) collected ($0.27)
Seat 5: eb9f8cfc folded before Flop (didn't bet)
Seat 6: 8c71d580 folded before Flop (didn't bet)


Poker Hand #HD1206861457: Hold'em No Limit  ($0.02/$0.05) - 2023/04/17 18:10:36
Table 'NLHBlue70' 6-max Seat #1 is the button
Seat 1: eb1509e0 ($5.28 in chips)
Seat 2: f31d5604 ($8.09 in chips)
Seat 3: Hero ($5.02 in chips)
Seat 5: eb9f8cfc ($5 in chips)
Seat 6: 8c71d580 ($5.39 in chips)
f31d5604: posts small blind $0.02
Hero: posts big blind $0.05
*** HOLE CARDS ***
Dealt to eb1509e0 
Dealt to f31d5604 
Dealt to Hero [4s Jd]
Dealt to eb9f8cfc 
Dealt to 8c71d580 
eb9f8cfc: folds
8c71d580: folds
eb1509e0: raises $0.05 to $0.1
f31d5604: folds
Hero: folds
Uncalled bet ($0.05) returned to eb1509e0
*** SHOWDOWN ***
eb1509e0 collected $0.12 from pot
*** SUMMARY ***
Total pot $0.12 | Rake $0 | Jackpot $0 | Bingo $0 | Fortune $0
Seat 1: eb1509e0 (button) collected ($0.12)
Seat 2: f31d5604 (small blind) folded before Flop
Seat 3: Hero (big blind) folded before Flop
Seat 5: eb9f8cfc folded before Flop (didn't bet)
Seat 6: 8c71d580 folded before Flop (didn't bet)


Poker Hand #HD1206861248: Hold'em No Limit  ($0.02/$0.05) - 2023/04/17 18:08:53
Table 'NLHBlue70' 6-max Seat #6 is the button
Seat 1: eb1509e0 ($5.3 in chips)
Seat 2: f31d5604 ($8.34 in chips)
Seat 3: Hero ($5.02 in chips)
Seat 5: eb9f8cfc ($5 in chips)
Seat 6: 8c71d580 ($5.14 in chips)
eb1509e0: posts small blind $0.02
f31d5604: posts big blind $0.05
*** HOLE CARDS ***
Dealt to eb1509e0 
Dealt to f31d5604 
Dealt to Hero [Qs 7h]
Dealt to eb9f8cfc 
Dealt to 8c71d580 
Hero: folds
eb9f8cfc: folds
8c71d580: raises $0.07 to $0.12
eb1509e0: folds
f31d5604: calls $0.07
*** FLOP *** [2h 9d 5c]
f31d5604: checks
8c71d580: checks
*** TURN *** [2h 9d 5c] [8d]
f31d5604: checks
8c71d580: bets $0.13
f31d5604: calls $0.13
*** RIVER *** [2h 9d 5c 8d] [3s]
f31d5604: checks
8c71d580: bets $0.26
f31d5604: folds
Uncalled bet ($0.26) returned to 8c71d580
*** SHOWDOWN ***
8c71d580 collected $0.5 from pot
*** SUMMARY ***
Total pot $0.52 | Rake $0.02 | Jackpot $0 | Bingo $0 | Fortune $0
Board [2h 9d 5c 8d 3s]
Seat 1: eb1509e0 (small blind) folded before Flop
Seat 2: f31d5604 (big blind) folded on the River
Seat 3: Hero folded before Flop (didn't bet)
Seat 5: eb9f8cfc folded before Flop (didn't bet)
Seat 6: 8c71d580 (button) won ($0.5)


Poker Hand #HD1206861170: Hold'em No Limit  ($0.02/$0.05) - 2023/04/17 18:08:16
Table 'NLHBlue70' 6-max Seat #5 is the button
Seat 1: eb1509e0 ($5.19 in chips)
Seat 2: f31d5604 ($8.34 in chips)
Seat 3: Hero ($5.02 in chips)
Seat 4: 2b1258ad ($5.6 in chips)
Seat 5: eb9f8cfc ($5 in chips)
Seat 6: 8c71d580 ($5.26 in chips)
8c71d580: posts small blind $0.02
eb1509e0: posts big blind $0.05
*** HOLE CARDS ***
Dealt to eb1509e0 
Dealt to f31d5604 
Dealt to Hero [Ks Th]
Dealt to 2b1258ad 
Dealt to eb9f8cfc 
Dealt to 8c71d580 
f31d5604: folds
Hero: folds
2b1258ad: folds
eb9f8cfc: folds
8c71d580: raises $0.07 to $0.12
eb1509e0: raises $0.24 to $0.36
8c71d580: folds
Uncalled bet ($0.24) returned to eb1509e0
*** SHOWDOWN ***
eb1509e0 collected $0.23 from pot
*** SUMMARY ***
Total pot $0.24 | Rake $0.01 | Jackpot $0 | Bingo $0 | Fortune $0
Seat 1: eb1509e0 (big blind) collected ($0.23)
Seat 2: f31d5604 folded before Flop (didn't bet)
Seat 3: Hero folded before Flop (didn't bet)
Seat 4: 2b1258ad folded before Flop (didn't bet)
Seat 5: eb9f8cfc (button) folded before Flop (didn't bet)
Seat 6: 8c71d580 (small blind) folded before Flop


Poker Hand #HD1206861132: Hold'em No Limit  ($0.02/$0.05) - 2023/04/17 18:07:58
Table 'NLHBlue70' 6-max Seat #4 is the button
Seat 1: eb1509e0 ($5.19 in chips)
Seat 2: f31d5604 ($8.34 in chips)
Seat 3: Hero ($5.02 in chips)
Seat 4: 2b1258ad ($5.53 in chips)
Seat 5: eb9f8cfc ($5 in chips)
Seat 6: 8c71d580 ($5.31 in chips)
eb9f8cfc: posts small blind $0.02
8c71d580: posts big blind $0.05
*** HOLE CARDS ***
Dealt to eb1509e0 
Dealt to f31d5604 
Dealt to Hero [Th 8c]
Dealt to 2b1258ad 
Dealt to eb9f8cfc 
Dealt to 8c71d580 
eb1509e0: folds
f31d5604: folds
Hero: folds
2b1258ad: raises $0.07 to $0.12
eb9f8cfc: folds
8c71d580: folds
Uncalled bet ($0.07) returned to 2b1258ad
*** SHOWDOWN ***
2b1258ad collected $0.12 from pot
*** SUMMARY ***
Total pot $0.12 | Rake $0 | Jackpot $0 | Bingo $0 | Fortune $0
Seat 1: eb1509e0 folded before Flop (didn't bet)
Seat 2: f31d5604 folded before Flop (didn't bet)
Seat 3: Hero folded before Flop (didn't bet)
Seat 4: 2b1258ad (button) collected ($0.12)
Seat 5: eb9f8cfc (small blind) folded before Flop
Seat 6: 8c71d580 (big blind) folded before Flop


Poker Hand #HD1206861031: Hold'em No Limit  ($0.02/$0.05) - 2023/04/17 18:07:06
Table 'NLHBlue70' 6-max Seat #3 is the button
Seat 1: eb1509e0 ($5.19 in chips)
Seat 2: f31d5604 ($8.34 in chips)
Seat 3: Hero ($5.55 in chips)
Seat 4: 2b1258ad ($5 in chips)
Seat 5: eb9f8cfc ($5 in chips)
Seat 6: 8c71d580 ($5.31 in chips)
2b1258ad: posts small blind $0.02
eb9f8cfc: posts big blind $0.05
*** HOLE CARDS ***
Dealt to eb1509e0 
Dealt to f31d5604 
Dealt to Hero [Jc Ac]
Dealt to 2b1258ad 
Dealt to eb9f8cfc 
Dealt to 8c71d580 
8c71d580: folds
eb1509e0: folds
f31d5604: folds
Hero: raises $0.07 to $0.12
2b1258ad: calls $0.1
eb9f8cfc: folds
*** FLOP *** [7s 7d Qc]
2b1258ad: checks
Hero: bets $0.11
2b1258ad: calls $0.11
*** TURN *** [7s 7d Qc] [Qd]
2b1258ad: checks
Hero: bets $0.3
2b1258ad: calls $0.3
*** RIVER *** [7s 7d Qc Qd] [8h]
2b1258ad: checks
Hero: checks
2b1258ad: shows [8d 8c] (Eights Full over Queens)
Hero: shows [Jc Ac] (Pair of Queens and Pair of Sevens)
*** SHOWDOWN ***
2b1258ad collected $1.06 from pot
*** SUMMARY ***
Total pot $1.11 | Rake $0.05 | Jackpot $0 | Bingo $0 | Fortune $0
Board [7s 7d Qc Qd 8h]
Seat 1: eb1509e0 folded before Flop (didn't bet)
Seat 2: f31d5604 folded before Flop (didn't bet)
Seat 3: Hero (button) showed [Jc Ac] and lost with Pair of Queens and Pair of Sevens
Seat 4: 2b1258ad (small blind) showed [8d 8c] and won ($1.06) with Eights Full over Queens
Seat 5: eb9f8cfc (big blind) folded before Flop
Seat 6: 8c71d580 folded before Flop (didn't bet)


Poker Hand #HD1206860959: Hold'em No Limit  ($0.02/$0.05) - 2023/04/17 18:06:27
Table 'NLHBlue70' 6-max Seat #2 is the button
Seat 1: eb1509e0 ($5.12 in chips)
Seat 2: f31d5604 ($8.34 in chips)
Seat 3: Hero ($5.57 in chips)
Seat 4: 2b1258ad ($5 in chips)
Seat 5: eb9f8cfc ($5 in chips)
Seat 6: 8c71d580 ($5.31 in chips)
Hero: posts small blind $0.02
2b1258ad: posts big blind $0.05
*** HOLE CARDS ***
Dealt to eb1509e0 
Dealt to f31d5604 
Dealt to Hero [3d 4s]
Dealt to 2b1258ad 
Dealt to eb9f8cfc 
Dealt to 8c71d580 
eb9f8cfc: folds
8c71d580: folds
eb1509e0: calls $0.05
f31d5604: folds
Hero: folds
2b1258ad: checks
*** FLOP *** [Ts Qd 2c]
2b1258ad: checks
eb1509e0: checks
*** TURN *** [Ts Qd 2c] [8c]
2b1258ad: checks
eb1509e0: checks
*** RIVER *** [Ts Qd 2c 8c] [Kc]
2b1258ad: checks
eb1509e0: bets $0.09
2b1258ad: folds
Uncalled bet ($0.09) returned to eb1509e0
*** SHOWDOWN ***
eb1509e0 collected $0.12 from pot
*** SUMMARY ***
Total pot $0.12 | Rake $0 | Jackpot $0 | Bingo $0 | Fortune $0
Board [Ts Qd 2c 8c Kc]
Seat 1: eb1509e0 won ($0.12)
Seat 2: f31d5604 (button) folded before Flop (didn't bet)
Seat 3: Hero (small blind) folded before Flop
Seat 4: 2b1258ad (big blind) folded on the River
Seat 5: eb9f8cfc folded before Flop (didn't bet)
Seat 6: 8c71d580 folded before Flop (didn't bet)


Poker Hand #HD1206860935: Hold'em No Limit  ($0.02/$0.05) - 2023/04/17 18:06:13
Table 'NLHBlue70' 6-max Seat #1 is the button
Seat 1: eb1509e0 ($5.12 in chips)
Seat 2: f31d5604 ($8.36 in chips)
Seat 3: Hero ($5.62 in chips)
Seat 4: 2b1258ad ($5 in chips)
Seat 5: eb9f8cfc ($5 in chips)
Seat 6: 8c71d580 ($5.24 in chips)
f31d5604: posts small blind $0.02
Hero: posts big blind $0.05
*** HOLE CARDS ***
Dealt to eb1509e0 
Dealt to f31d5604 
Dealt to Hero [4d 2c]
Dealt to 2b1258ad 
Dealt to eb9f8cfc 
Dealt to 8c71d580 
2b1258ad: folds
eb9f8cfc: folds
8c71d580: raises $0.07 to $0.12
eb1509e0: folds
f31d5604: folds
Hero: folds
Uncalled bet ($0.07) returned to 8c71d580
*** SHOWDOWN ***
8c71d580 collected $0.12 from pot
*** SUMMARY ***
Total pot $0.12 | Rake $0 | Jackpot $0 | Bingo $0 | Fortune $0
Seat 1: eb1509e0 (button) folded before Flop (didn't bet)
Seat 2: f31d5604 (small blind) folded before Flop
Seat 3: Hero (big blind) folded before Flop
Seat 4: 2b1258ad folded before Flop (didn't bet)
Seat 5: eb9f8cfc folded before Flop (didn't bet)
Seat 6: 8c71d580 collected ($0.12)


Poker Hand #HD1206860873: Hold'em No Limit  ($0.02/$0.05) - 2023/04/17 18:05:40
Table 'NLHBlue70' 6-max Seat #6 is the button
Seat 1: eb1509e0 ($5.14 in chips)
Seat 2: f31d5604 ($8.23 in chips)
Seat 3: Hero ($5.62 in chips)
Seat 4: 2b1258ad ($5 in chips)
Seat 5: eb9f8cfc ($5 in chips)
Seat 6: 8c71d580 ($5.24 in chips)
eb1509e0: posts small blind $0.02
f31d5604: posts big blind $0.05
*** HOLE CARDS ***
Dealt to eb1509e0 
Dealt to f31d5604 
Dealt to Hero [2d Kh]
Dealt to 2b1258ad 
Dealt to eb9f8cfc 
Dealt to 8c71d580 
Hero: folds
2b1258ad: raises $0.07 to $0.12
eb9f8cfc: folds
8c71d580: folds
eb1509e0: folds
f31d5604: calls $0.07
*** FLOP *** [6d 5s Tc]
f31d5604: checks
2b1258ad: checks
*** TURN *** [6d 5s Tc] [8s]
f31d5604: bets $0.2
2b1258ad: folds
Uncalled bet ($0.2) returned to f31d5604
*** SHOWDOWN ***
f31d5604 collected $0.25 from pot
*** SUMMARY ***
Total pot $0.26 | Rake $0.01 | Jackpot $0 | Bingo $0 | Fortune $0
Board [6d 5s Tc 8s]
Seat 1: eb1509e0 (small blind) folded before Flop
Seat 2: f31d5604 (big blind) won ($0.25)
Seat 3: Hero folded before Flop (didn't bet)
Seat 4: 2b1258ad folded on the Turn
Seat 5: eb9f8cfc folded before Flop (didn't bet)
Seat 6: 8c71d580 (button) folded before Flop (didn't bet)


Poker Hand #HD1206860803: Hold'em No Limit  ($0.02/$0.05) - 2023/04/17 18:05:03
Table 'NLHBlue70' 6-max Seat #5 is the button
Seat 1: eb1509e0 ($5.26 in chips)
Seat 2: f31d5604 ($8.23 in chips)
Seat 3: Hero ($5.49 in chips)
Seat 4: 2b1258ad ($5 in chips)
Seat 5: eb9f8cfc ($5 in chips)
Seat 6: 8c71d580 ($5.26 in chips)
8c71d580: posts small blind $0.02
eb1509e0: posts big blind $0.05
*** HOLE CARDS ***
Dealt to eb1509e0 
Dealt to f31d5604 
Dealt to Hero [Kh Kc]
Dealt to 2b1258ad 
Dealt to eb9f8cfc 
Dealt to 8c71d580 
f31d5604: folds
Hero: raises $0.07 to $0.12
2b1258ad: folds
eb9f8cfc: folds
8c71d580: folds
eb1509e0: calls $0.07
*** FLOP *** [3d Qh Ad]
eb1509e0: checks
Hero: bets $0.18
eb1509e0: folds
Uncalled bet ($0.18) returned to Hero
*** SHOWDOWN ***
Hero collected $0.25 from pot
*** SUMMARY ***
Total pot $0.26 | Rake $0.01 | Jackpot $0 | Bingo $0 | Fortune $0
Board [3d Qh Ad]
Seat 1: eb1509e0 (big blind) folded on the Flop
Seat 2: f31d5604 folded before Flop (didn't bet)
Seat 3: Hero won ($0.25)
Seat 4: 2b1258ad folded before Flop (didn't bet)
Seat 5: eb9f8cfc (button) folded before Flop (didn't bet)
Seat 6: 8c71d580 (small blind) folded before Flop


Poker Hand #HD1206860696: Hold'em No Limit  ($0.02/$0.05) - 2023/04/17 18:04:18
Table 'NLHBlue70' 6-max Seat #4 is the button
Seat 1: eb1509e0 ($5.26 in chips)
Seat 2: f31d5604 ($8.23 in chips)
Seat 3: Hero ($5.49 in chips)
Seat 4: 2b1258ad ($5 in chips)
Seat 5: eb9f8cfc ($5 in chips)
Seat 6: 8c71d580 ($5.13 in chips)
eb9f8cfc: posts small blind $0.02
8c71d580: posts big blind $0.05
*** HOLE CARDS ***
Dealt to eb1509e0 
Dealt to f31d5604 
Dealt to Hero [5d Jd]
Dealt to 2b1258ad 
Dealt to eb9f8cfc 
Dealt to 8c71d580 
eb1509e0: folds
f31d5604: folds
Hero: folds
2b1258ad: raises $0.07 to $0.12
eb9f8cfc: folds
8c71d580: raises $0.43 to $0.55
2b1258ad: folds
Uncalled bet ($0.43) returned to 8c71d580
*** SHOWDOWN ***
8c71d580 collected $0.25 from pot
*** SUMMARY ***
Total pot $0.26 | Rake $0.01 | Jackpot $0 | Bingo $0 | Fortune $0
Seat 1: eb1509e0 folded before Flop (didn't bet)
Seat 2: f31d5604 folded before Flop (didn't bet)
Seat 3: Hero folded before Flop (didn't bet)
Seat 4: 2b1258ad (button) folded before Flop
Seat 5: eb9f8cfc (small blind) folded before Flop
Seat 6: 8c71d580 (big blind) collected ($0.25)


Poker Hand #HD1206860655: Hold'em No Limit  ($0.02/$0.05) - 2023/04/17 18:03:58
Table 'NLHBlue70' 6-max Seat #3 is the button
Seat 1: eb1509e0 ($5.26 in chips)
Seat 2: f31d5604 ($8.23 in chips)
Seat 3: Hero ($5.42 in chips)
Seat 4: 2b1258ad ($5 in chips)
Seat 5: eb9f8cfc ($5 in chips)
Seat 6: 8c71d580 ($5.13 in chips)
2b1258ad: posts small blind $0.02
eb9f8cfc: posts big blind $0.05
*** HOLE CARDS ***
Dealt to eb1509e0 
Dealt to f31d5604 
Dealt to Hero [Qc Td]
Dealt to 2b1258ad 
Dealt to eb9f8cfc 
Dealt to 8c71d580 
8c71d580: folds
eb1509e0: folds
f31d5604: folds
Hero: raises $0.07 to $0.12
2b1258ad: folds
eb9f8cfc: folds
Uncalled bet ($0.07) returned to Hero
*** SHOWDOWN ***
Hero collected $0.12 from pot
*** SUMMARY ***
Total pot $0.12 | Rake $0 | Jackpot $0 | Bingo $0 | Fortune $0
Seat 1: eb1509e0 folded before Flop (didn't bet)
Seat 2: f31d5604 folded before Flop (didn't bet)
Seat 3: Hero (button) collected ($0.12)
Seat 4: 2b1258ad (small blind) folded before Flop
Seat 5: eb9f8cfc (big blind) folded before Flop
Seat 6: 8c71d580 folded before Flop (didn't bet)


Poker Hand #HD1206860503: Hold'em No Limit  ($0.02/$0.05) - 2023/04/17 18:02:41
Table 'NLHBlue70' 6-max Seat #2 is the button
Seat 1: eb1509e0 ($3.33 in chips)
Seat 2: f31d5604 ($5.05 in chips)
Seat 3: Hero ($5.44 in chips)
Seat 4: 2b1258ad ($5 in chips)
Seat 5: eb9f8cfc ($5 in chips)
Seat 6: 8c71d580 ($5.13 in chips)
Hero: posts small blind $0.02
2b1258ad: posts big blind $0.05
*** HOLE CARDS ***
Dealt to eb1509e0 
Dealt to f31d5604 
Dealt to Hero [8c 4d]
Dealt to 2b1258ad 
Dealt to eb9f8cfc 
Dealt to 8c71d580 
eb9f8cfc: folds
8c71d580: folds
eb1509e0: calls $0.05
f31d5604: raises $0.17 to $0.22
Hero: folds
2b1258ad: calls $0.17
eb1509e0: calls $0.17
*** FLOP *** [7s 2c Th]
2b1258ad: checks
eb1509e0: bets $0.68
f31d5604: calls $0.68
2b1258ad: folds
*** TURN *** [7s 2c Th] [6c]
eb1509e0: bets $2.43 and is all-in
f31d5604: calls $2.43
eb1509e0: shows [6h 7h] (Pair of Sevens and Pair of Sixes)
f31d5604: shows [Ac Td] (Pair of Tens)
*** RIVER *** [7s 2c Th 6c] [As]
eb1509e0: Receives Cashout ($5.26)
*** SHOWDOWN ***
f31d5604 collected $6.51 from pot
*** SUMMARY ***
Total pot $6.9 | Rake $0.34 | Jackpot $0.05 | Bingo $0 | Fortune $0
Board [7s 2c Th 6c As]
Seat 1: eb1509e0 showed [6h 7h] and lost with Pair of Sevens and Pair of Sixes, EV Cashout ($5.26)
Seat 2: f31d5604 (button) showed [Ac Td] and won ($6.51) with Pair of Aces and Pair of Tens
Seat 3: Hero (small blind) folded before Flop
Seat 4: 2b1258ad (big blind) folded on the Flop
Seat 5: eb9f8cfc folded before Flop (didn't bet)
Seat 6: 8c71d580 folded before Flop (didn't bet)


Poker Hand #HD1206860441: Hold'em No Limit  ($0.02/$0.05) - 2023/04/17 18:02:09
Table 'NLHBlue70' 6-max Seat #1 is the button
Seat 1: eb1509e0 ($3.33 in chips)
Seat 2: f31d5604 ($5 in chips)
Seat 3: Hero ($5.49 in chips)
Seat 4: 2b1258ad ($5 in chips)
Seat 5: eb9f8cfc ($5 in chips)
Seat 6: 8c71d580 ($5.13 in chips)
f31d5604: posts small blind $0.02
Hero: posts big blind $0.05
*** HOLE CARDS ***
Dealt to eb1509e0 
Dealt to f31d5604 
Dealt to Hero [Tc 7h]
Dealt to 2b1258ad 
Dealt to eb9f8cfc 
Dealt to 8c71d580 
2b1258ad: folds
eb9f8cfc: folds
8c71d580: folds
eb1509e0: folds
f31d5604: raises $0.1 to $0.15
Hero: folds
Uncalled bet ($0.1) returned to f31d5604
*** SHOWDOWN ***
f31d5604 collected $0.1 from pot
*** SUMMARY ***
Total pot $0.1 | Rake $0 | Jackpot $0 | Bingo $0 | Fortune $0
Seat 1: eb1509e0 (button) folded before Flop (didn't bet)
Seat 2: f31d5604 (small blind) collected ($0.1)
Seat 3: Hero (big blind) folded before Flop
Seat 4: 2b1258ad folded before Flop (didn't bet)
Seat 5: eb9f8cfc folded before Flop (didn't bet)
Seat 6: 8c71d580 folded before Flop (didn't bet)


Poker Hand #HD1206860324: Hold'em No Limit  ($0.02/$0.05) - 2023/04/17 18:01:05
Table 'NLHBlue70' 6-max Seat #6 is the button
Seat 1: eb1509e0 ($3.17 in chips)
Seat 2: f31d5604 ($5 in chips)
Seat 3: Hero ($5.49 in chips)
Seat 4: 2b1258ad ($5 in chips)
Seat 5: eb9f8cfc ($5 in chips)
Seat 6: 8c71d580 ($5.25 in chips)
eb1509e0: posts small blind $0.02
f31d5604: posts big blind $0.05
*** HOLE CARDS ***
Dealt to eb1509e0 
Dealt to f31d5604 
Dealt to Hero [3d Jd]
Dealt to 2b1258ad 
Dealt to eb9f8cfc 
Dealt to 8c71d580 
Hero: folds
2b1258ad: folds
eb9f8cfc: folds
8c71d580: raises $0.07 to $0.12
eb1509e0: calls $0.1
f31d5604: folds
*** FLOP *** [9c 8s 6h]
eb1509e0: checks
8c71d580: checks
*** TURN *** [9c 8s 6h] [Tc]
eb1509e0: bets $0.1
8c71d580: folds
Uncalled bet ($0.1) returned to eb1509e0
*** SHOWDOWN ***
eb1509e0 collected $0.28 from pot
*** SUMMARY ***
Total pot $0.29 | Rake $0.01 | Jackpot $0 | Bingo $0 | Fortune $0
Board [9c 8s 6h Tc]
Seat 1: eb1509e0 (small blind) won ($0.28)
Seat 2: f31d5604 (big blind) folded before Flop
Seat 3: Hero folded before Flop (didn't bet)
Seat 4: 2b1258ad folded before Flop (didn't bet)
Seat 5: eb9f8cfc folded before Flop (didn't bet)
Seat 6: 8c71d580 (button) folded on the Turn


Poker Hand #HD1206860246: Hold'em No Limit  ($0.02/$0.05) - 2023/04/17 18:00:33
Table 'NLHBlue70' 6-max Seat #5 is the button
Seat 1: eb1509e0 ($2.6 in chips)
Seat 2: f31d5604 ($5 in chips)
Seat 3: Hero ($5.61 in chips)
Seat 4: 2b1258ad ($5 in chips)
Seat 5: eb9f8cfc ($5 in chips)
Seat 6: 8c71d580 ($5.27 in chips)
8c71d580: posts small blind $0.02
eb1509e0: posts big blind $0.05
*** HOLE CARDS ***
Dealt to eb1509e0 
Dealt to f31d5604 
Dealt to Hero [9s 8s]
Dealt to 2b1258ad 
Dealt to eb9f8cfc 
Dealt to 8c71d580 
f31d5604: folds
Hero: raises $0.07 to $0.12
2b1258ad: raises $0.36 to $0.48
eb9f8cfc: folds
8c71d580: folds
eb1509e0: calls $0.43
Hero: folds
*** FLOP *** [7c Jd 7d]
eb1509e0: bets $1.1
2b1258ad: folds
Uncalled bet ($1.1) returned to eb1509e0
*** SHOWDOWN ***
eb1509e0 collected $1.05 from pot
*** SUMMARY ***
Total pot $1.1 | Rake $0.05 | Jackpot $0 | Bingo $0 | Fortune $0
Board [7c Jd 7d]
Seat 1: eb1509e0 (big blind) won ($1.05)
Seat 2: f31d5604 folded before Flop (didn't bet)
Seat 3: Hero folded before Flop
Seat 4: 2b1258ad folded on the Flop
Seat 5: eb9f8cfc (button) folded before Flop (didn't bet)
Seat 6: 8c71d580 (small blind) folded before Flop


Poker Hand #HD1206860135: Hold'em No Limit  ($0.02/$0.05) - 2023/04/17 17:59:33
Table 'NLHBlue70' 6-max Seat #4 is the button
Seat 1: eb1509e0 ($3.2 in chips)
Seat 2: f31d5604 ($5 in chips)
Seat 3: Hero ($5 in chips)
Seat 4: 2b1258ad ($5 in chips)
Seat 5: eb9f8cfc ($5.01 in chips)
Seat 6: 8c71d580 ($5.32 in chips)
eb9f8cfc: posts small blind $0.02
8c71d580: posts big blind $0.05
*** HOLE CARDS ***
Dealt to eb1509e0 
Dealt to f31d5604 
Dealt to Hero [Ah As]
Dealt to 2b1258ad 
Dealt to eb9f8cfc 
Dealt to 8c71d580 
eb1509e0: calls $0.05
f31d5604: folds
Hero: raises $0.21 to $0.26
2b1258ad: folds
eb9f8cfc: folds
8c71d580: folds
eb1509e0: calls $0.21
*** FLOP *** [Qs Js Ad]
eb1509e0: checks
Hero: bets $0.34
eb1509e0: calls $0.34
*** TURN *** [Qs Js Ad] [7c]
eb1509e0: checks
Hero: bets $1.12
eb1509e0: folds
Uncalled bet ($1.12) returned to Hero
*** SHOWDOWN ***
Hero collected $1.21 from pot
*** SUMMARY ***
Total pot $1.27 | Rake $0.06 | Jackpot $0 | Bingo $0 | Fortune $0
Board [Qs Js Ad 7c]
Seat 1: eb1509e0 folded on the Turn
Seat 2: f31d5604 folded before Flop (didn't bet)
Seat 3: Hero won ($1.21)
Seat 4: 2b1258ad (button) folded before Flop (didn't bet)
Seat 5: eb9f8cfc (small blind) folded before Flop
Seat 6: 8c71d580 (big blind) folded before Flop


Poker Hand #HD1206859988: Hold'em No Limit  ($0.02/$0.05) - 2023/04/17 17:58:15
Table 'NLHBlue70' 6-max Seat #3 is the button
Seat 1: eb1509e0 ($2.83 in chips)
Seat 2: f31d5604 ($5 in chips)
Seat 3: Hero ($5 in chips)
Seat 4: 2b1258ad ($5 in chips)
Seat 5: eb9f8cfc ($5.4 in chips)
Seat 6: 8c71d580 ($5.32 in chips)
2b1258ad: posts small blind $0.02
eb9f8cfc: posts big blind $0.05
*** HOLE CARDS ***
Dealt to eb1509e0 
Dealt to f31d5604 
Dealt to Hero [6d 3d]
Dealt to 2b1258ad 
Dealt to eb9f8cfc 
Dealt to 8c71d580 
8c71d580: folds
eb1509e0: calls $0.05
f31d5604: folds
Hero: folds
2b1258ad: folds
eb9f8cfc: raises $0.18 to $0.23
eb1509e0: calls $0.18
*** FLOP *** [5s 7s 3c]
eb9f8cfc: checks
eb1509e0: bets $0.16
eb9f8cfc: calls $0.16
*** TURN *** [5s 7s 3c] [5c]
eb9f8cfc: checks
eb1509e0: checks
*** RIVER *** [5s 7s 3c 5c] [Jh]
eb9f8cfc: checks
eb1509e0: bets $0.4
eb9f8cfc: folds
Uncalled bet ($0.4) returned to eb1509e0
*** SHOWDOWN ***
eb1509e0 collected $0.76 from pot
*** SUMMARY ***
Total pot $0.8 | Rake $0.04 | Jackpot $0 | Bingo $0 | Fortune $0
Board [5s 7s 3c 5c Jh]
Seat 1: eb1509e0 won ($0.76)
Seat 2: f31d5604 folded before Flop (didn't bet)
Seat 3: Hero (button) folded before Flop (didn't bet)
Seat 4: 2b1258ad (small blind) folded before Flop
Seat 5: eb9f8cfc (big blind) folded on the River
Seat 6: 8c71d580 folded before Flop (didn't bet)


Poker Hand #HD1206859860: Hold'em No Limit  ($0.02/$0.05) - 2023/04/17 17:57:17
Table 'NLHBlue70' 6-max Seat #2 is the button
Seat 1: eb1509e0 ($3.11 in chips)
Seat 2: f31d5604 ($5 in chips)
Seat 3: Hero ($5 in chips)
Seat 4: 2b1258ad ($5 in chips)
Seat 5: eb9f8cfc ($5.4 in chips)
Seat 6: 8c71d580 ($5 in chips)
Hero: posts small blind $0.02
2b1258ad: posts big blind $0.05
*** HOLE CARDS ***
Dealt to eb1509e0 
Dealt to f31d5604 
Dealt to Hero [Qs 5d]
Dealt to 2b1258ad 
Dealt to eb9f8cfc 
Dealt to 8c71d580 
eb9f8cfc: folds
8c71d580: raises $0.07 to $0.12
eb1509e0: calls $0.12
f31d5604: folds
Hero: folds
2b1258ad: folds
*** FLOP *** [Ah 3c 4s]
8c71d580: bets $0.16
eb1509e0: calls $0.16
*** TURN *** [Ah 3c 4s] [6c]
8c71d580: bets $0.42
eb1509e0: folds
Uncalled bet ($0.42) returned to 8c71d580
*** SHOWDOWN ***
8c71d580 collected $0.6 from pot
*** SUMMARY ***
Total pot $0.63 | Rake $0.03 | Jackpot $0 | Bingo $0 | Fortune $0
Board [Ah 3c 4s 6c]
Seat 1: eb1509e0 folded on the Turn
Seat 2: f31d5604 (button) folded before Flop (didn't bet)
Seat 3: Hero (small blind) folded before Flop
Seat 4: 2b1258ad (big blind) folded before Flop
Seat 5: eb9f8cfc folded before Flop (didn't bet)
Seat 6: 8c71d580 won ($0.6)


Poker Hand #HD1206859669: Hold'em No Limit  ($0.02/$0.05) - 2023/04/17 17:55:45
Table 'NLHBlue70' 6-max Seat #1 is the button
Seat 1: eb1509e0 ($1.65 in chips)
Seat 2: f31d5604 ($5 in chips)
Seat 3: Hero ($5.05 in chips)
Seat 4: 2b1258ad ($5 in chips)
Seat 5: eb9f8cfc ($5.4 in chips)
Seat 6: 8c71d580 ($5 in chips)
f31d5604: posts small blind $0.02
Hero: posts big blind $0.05
*** HOLE CARDS ***
Dealt to eb1509e0 
Dealt to f31d5604 
Dealt to Hero [Qd Jd]
Dealt to 2b1258ad 
Dealt to eb9f8cfc 
Dealt to 8c71d580 
2b1258ad: folds
eb9f8cfc: folds
8c71d580: raises $0.07 to $0.12
eb1509e0: calls $0.12
f31d5604: folds
Hero: raises $0.57 to $0.69
8c71d580: raises $0.61 to $1.3
eb1509e0: calls $1.18
Hero: calls $0.61
*** FLOP *** [Ah 2h 4h]
Hero: checks
8c71d580: checks
eb1509e0: bets $0.35 and is all-in
Hero: folds
8c71d580: calls $0.35
eb1509e0: shows [4d 2d] (Pair of Fours and Pair of Twos)
8c71d580: shows [Kc Kd] (Pair of Kings)
eb1509e0: Chooses to EV Cashout 
*** TURN *** [Ah 2h 4h] [7d]
*** RIVER *** [Ah 2h 4h 7d] [5d]
eb1509e0: Pays Cashout Risk ($1.24)
*** SHOWDOWN ***
eb1509e0 collected $4.35 from pot
*** SUMMARY ***
Total pot $4.62 | Rake $0.22 | Jackpot $0.05 | Bingo $0 | Fortune $0
Board [Ah 2h 4h 7d 5d]
Seat 1: eb1509e0 (button) showed [4d 2d] and won ($4.35) with Pair of Fours and Pair of Twos, Cashout Risk ($1.24)
Seat 2: f31d5604 (small blind) folded before Flop
Seat 3: Hero (big blind) folded on the Flop
Seat 4: 2b1258ad folded before Flop (didn't bet)
Seat 5: eb9f8cfc folded before Flop (didn't bet)
Seat 6: 8c71d580 showed [Kc Kd] and lost with Pair of Kings


Poker Hand #HD1206859548: Hold'em No Limit  ($0.02/$0.05) - 2023/04/17 17:54:49
Table 'NLHBlue70' 6-max Seat #6 is the button
Seat 1: eb1509e0 ($1.4 in chips)
Seat 2: f31d5604 ($5 in chips)
Seat 3: Hero ($5.05 in chips)
Seat 4: 2b1258ad ($5 in chips)
Seat 5: eb9f8cfc ($5.4 in chips)
Seat 6: 8c71d580 ($5.18 in chips)
eb1509e0: posts small blind $0.02
f31d5604: posts big blind $0.05
*** HOLE CARDS ***
Dealt to eb1509e0 
Dealt to f31d5604 
Dealt to Hero [Tc 9s]
Dealt to 2b1258ad 
Dealt to eb9f8cfc 
Dealt to 8c71d580 
Hero: folds
2b1258ad: folds
eb9f8cfc: folds
8c71d580: raises $0.07 to $0.12
eb1509e0: calls $0.1
f31d5604: folds
*** FLOP *** [3c 8h 3d]
eb1509e0: bets $0.1
8c71d580: calls $0.1
*** TURN *** [3c 8h 3d] [Td]
eb1509e0: bets $0.25
8c71d580: folds
Uncalled bet ($0.25) returned to eb1509e0
*** SHOWDOWN ***
eb1509e0 collected $0.47 from pot
*** SUMMARY ***
Total pot $0.49 | Rake $0.02 | Jackpot $0 | Bingo $0 | Fortune $0
Board [3c 8h 3d Td]
Seat 1: eb1509e0 (small blind) won ($0.47)
Seat 2: f31d5604 (big blind) folded before Flop
Seat 3: Hero folded before Flop (didn't bet)
Seat 4: 2b1258ad folded before Flop (didn't bet)
Seat 5: eb9f8cfc folded before Flop (didn't bet)
Seat 6: 8c71d580 (button) folded on the Turn


Poker Hand #HD1206859499: Hold'em No Limit  ($0.02/$0.05) - 2023/04/17 17:54:28
Table 'NLHBlue70' 6-max Seat #5 is the button
Seat 1: eb1509e0 ($1.45 in chips)
Seat 2: f31d5604 ($5 in chips)
Seat 3: Hero ($5.05 in chips)
Seat 4: 2b1258ad ($5 in chips)
Seat 5: eb9f8cfc ($5.33 in chips)
Seat 6: 8c71d580 ($5.2 in chips)
8c71d580: posts small blind $0.02
eb1509e0: posts big blind $0.05
*** HOLE CARDS ***
Dealt to eb1509e0 
Dealt to f31d5604 
Dealt to Hero [As 3c]
Dealt to 2b1258ad 
Dealt to eb9f8cfc 
Dealt to 8c71d580 
f31d5604: folds
Hero: folds
2b1258ad: folds
eb9f8cfc: raises $0.07 to $0.12
8c71d580: folds
eb1509e0: folds
Uncalled bet ($0.07) returned to eb9f8cfc
*** SHOWDOWN ***
eb9f8cfc collected $0.12 from pot
*** SUMMARY ***
Total pot $0.12 | Rake $0 | Jackpot $0 | Bingo $0 | Fortune $0
Seat 1: eb1509e0 (big blind) folded before Flop
Seat 2: f31d5604 folded before Flop (didn't bet)
Seat 3: Hero folded before Flop (didn't bet)
Seat 4: 2b1258ad folded before Flop (didn't bet)
Seat 5: eb9f8cfc (button) collected ($0.12)
Seat 6: 8c71d580 (small blind) folded before Flop


Poker Hand #HD1206859411: Hold'em No Limit  ($0.02/$0.05) - 2023/04/17 17:53:44
Table 'NLHBlue70' 6-max Seat #4 is the button
Seat 2: f31d5604 ($5 in chips)
Seat 3: Hero ($5.05 in chips)
Seat 4: 2b1258ad ($5 in chips)
Seat 5: eb9f8cfc ($5.14 in chips)
Seat 6: 8c71d580 ($5.25 in chips)
eb9f8cfc: posts small blind $0.02
8c71d580: posts big blind $0.05
*** HOLE CARDS ***
Dealt to f31d5604 
Dealt to Hero [2s Js]
Dealt to 2b1258ad 
Dealt to eb9f8cfc 
Dealt to 8c71d580 
f31d5604: raises $0.1 to $0.15
Hero: folds
2b1258ad: folds
eb9f8cfc: raises $0.4 to $0.55
8c71d580: folds
f31d5604: folds
Uncalled bet ($0.4) returned to eb9f8cfc
*** SHOWDOWN ***
eb9f8cfc collected $0.34 from pot
*** SUMMARY ***
Total pot $0.35 | Rake $0.01 | Jackpot $0 | Bingo $0 | Fortune $0
Seat 2: f31d5604 folded before Flop
Seat 3: Hero folded before Flop (didn't bet)
Seat 4: 2b1258ad (button) folded before Flop (didn't bet)
Seat 5: eb9f8cfc (small blind) collected ($0.34)
Seat 6: 8c71d580 (big blind) folded before Flop


Poker Hand #HD1206859392: Hold'em No Limit  ($0.02/$0.05) - 2023/04/17 17:53:29
Table 'NLHBlue70' 6-max Seat #3 is the button
Seat 2: f31d5604 ($5 in chips)
Seat 3: Hero ($5.05 in chips)
Seat 4: 2b1258ad ($5.01 in chips)
Seat 5: eb9f8cfc ($5.12 in chips)
Seat 6: 8c71d580 ($5.25 in chips)
2b1258ad: posts small blind $0.02
eb9f8cfc: posts big blind $0.05
*** HOLE CARDS ***
Dealt to f31d5604 
Dealt to Hero [6h As]
Dealt to 2b1258ad 
Dealt to eb9f8cfc 
Dealt to 8c71d580 
8c71d580: folds
f31d5604: folds
Hero: folds
2b1258ad: folds
Uncalled bet ($0.03) returned to eb9f8cfc
*** SHOWDOWN ***
eb9f8cfc collected $0.04 from pot
*** SUMMARY ***
Total pot $0.04 | Rake $0 | Jackpot $0 | Bingo $0 | Fortune $0
Seat 2: f31d5604 folded before Flop (didn't bet)
Seat 3: Hero (button) folded before Flop (didn't bet)
Seat 4: 2b1258ad (small blind) folded before Flop
Seat 5: eb9f8cfc (big blind) collected ($0.04)
Seat 6: 8c71d580 folded before Flop (didn't bet)


Poker Hand #HD1206859322: Hold'em No Limit  ($0.02/$0.05) - 2023/04/17 17:52:52
Table 'NLHBlue70' 6-max Seat #2 is the button
Seat 1: eb1509e0 ($1.45 in chips)
Seat 2: f31d5604 ($5 in chips)
Seat 3: Hero ($5 in chips)
Seat 4: 2b1258ad ($5.06 in chips)
Seat 5: eb9f8cfc ($5.12 in chips)
Seat 6: 8c71d580 ($5.25 in chips)
Hero: posts small blind $0.02
2b1258ad: posts big blind $0.05
*** HOLE CARDS ***
Dealt to eb1509e0 
Dealt to f31d5604 
Dealt to Hero [8c Jc]
Dealt to 2b1258ad 
Dealt to eb9f8cfc 
Dealt to 8c71d580 
eb9f8cfc: folds
8c71d580: folds
eb1509e0: folds
f31d5604: folds
Hero: raises $0.09 to $0.14
2b1258ad: folds
Uncalled bet ($0.09) returned to Hero
*** SHOWDOWN ***
Hero collected $0.1 from pot
*** SUMMARY ***
Total pot $0.1 | Rake $0 | Jackpot $0 | Bingo $0 | Fortune $0
Seat 1: eb1509e0 folded before Flop (didn't bet)
Seat 2: f31d5604 (button) folded before Flop (didn't bet)
Seat 3: Hero (small blind) collected ($0.1)
Seat 4: 2b1258ad (big blind) folded before Flop
Seat 5: eb9f8cfc folded before Flop (didn't bet)
Seat 6: 8c71d580 folded before Flop (didn't bet)


Poker Hand #HD1206859237: Hold'em No Limit  ($0.02/$0.05) - 2023/04/17 17:52:06
Table 'NLHBlue70' 6-max Seat #1 is the button
Seat 1: eb1509e0 ($1.45 in chips)
Seat 2: f31d5604 ($5.02 in chips)
Seat 3: Hero ($5.04 in chips)
Seat 4: 2b1258ad ($5.06 in chips)
Seat 5: eb9f8cfc ($5.05 in chips)
Seat 6: 8c71d580 ($5.25 in chips)
f31d5604: posts small blind $0.02
Hero: posts big blind $0.05
*** HOLE CARDS ***
Dealt to eb1509e0 
Dealt to f31d5604 
Dealt to Hero [7h 3s]
Dealt to 2b1258ad 
Dealt to eb9f8cfc 
Dealt to 8c71d580 
2b1258ad: folds
eb9f8cfc: raises $0.07 to $0.12
8c71d580: folds
eb1509e0: folds
f31d5604: folds
Hero: folds
Uncalled bet ($0.07) returned to eb9f8cfc
*** SHOWDOWN ***
eb9f8cfc collected $0.12 from pot
*** SUMMARY ***
Total pot $0.12 | Rake $0 | Jackpot $0 | Bingo $0 | Fortune $0
Seat 1: eb1509e0 (button) folded before Flop (didn't bet)
Seat 2: f31d5604 (small blind) folded before Flop
Seat 3: Hero (big blind) folded before Flop
Seat 4: 2b1258ad folded before Flop (didn't bet)
Seat 5: eb9f8cfc collected ($0.12)
Seat 6: 8c71d580 folded before Flop (didn't bet)


Poker Hand #HD1206859131: Hold'em No Limit  ($0.02/$0.05) - 2023/04/17 17:51:17
Table 'NLHBlue70' 6-max Seat #6 is the button
Seat 1: eb1509e0 ($1.47 in chips)
Seat 2: f31d5604 ($5.14 in chips)
Seat 3: Hero ($5.04 in chips)
Seat 4: 2b1258ad ($5.18 in chips)
Seat 5: eb9f8cfc ($5.05 in chips)
Seat 6: 8c71d580 ($5 in chips)
eb1509e0: posts small blind $0.02
f31d5604: posts big blind $0.05
*** HOLE CARDS ***
Dealt to eb1509e0 
Dealt to f31d5604 
Dealt to Hero [Ts 3d]
Dealt to 2b1258ad 
Dealt to eb9f8cfc 
Dealt to 8c71d580 
Hero: folds
2b1258ad: raises $0.07 to $0.12
eb9f8cfc: folds
8c71d580: calls $0.12
eb1509e0: folds
f31d5604: calls $0.07
*** FLOP *** [Ac 2h Tc]
f31d5604: checks
2b1258ad: checks
8c71d580: bets $0.26
f31d5604: folds
2b1258ad: folds
Uncalled bet ($0.26) returned to 8c71d580
*** SHOWDOWN ***
8c71d580 collected $0.37 from pot
*** SUMMARY ***
Total pot $0.38 | Rake $0.01 | Jackpot $0 | Bingo $0 | Fortune $0
Board [Ac 2h Tc]
Seat 1: eb1509e0 (small blind) folded before Flop
Seat 2: f31d5604 (big blind) folded on the Flop
Seat 3: Hero folded before Flop (didn't bet)
Seat 4: 2b1258ad folded on the Flop
Seat 5: eb9f8cfc folded before Flop (didn't bet)
Seat 6: 8c71d580 (button) won ($0.37)


Poker Hand #HD1206859090: Hold'em No Limit  ($0.02/$0.05) - 2023/04/17 17:50:53
Table 'NLHBlue70' 6-max Seat #5 is the button
Seat 1: eb1509e0 ($1.52 in chips)
Seat 2: f31d5604 ($5.14 in chips)
Seat 3: Hero ($5.16 in chips)
Seat 4: 2b1258ad ($5 in chips)
Seat 5: eb9f8cfc ($5.05 in chips)
Seat 6: 8c71d580 ($5 in chips)
8c71d580: posts small blind $0.02
eb1509e0: posts big blind $0.05
*** HOLE CARDS ***
Dealt to eb1509e0 
Dealt to f31d5604 
Dealt to Hero [Qs Kc]
Dealt to 2b1258ad 
Dealt to eb9f8cfc 
Dealt to 8c71d580 
f31d5604: folds
Hero: raises $0.07 to $0.12
2b1258ad: raises $0.32 to $0.44
eb9f8cfc: folds
8c71d580: folds
eb1509e0: folds
Hero: folds
Uncalled bet ($0.32) returned to 2b1258ad
*** SHOWDOWN ***
2b1258ad collected $0.3 from pot
*** SUMMARY ***
Total pot $0.31 | Rake $0.01 | Jackpot $0 | Bingo $0 | Fortune $0
Seat 1: eb1509e0 (big blind) folded before Flop
Seat 2: f31d5604 folded before Flop (didn't bet)
Seat 3: Hero folded before Flop
Seat 4: 2b1258ad collected ($0.3)
Seat 5: eb9f8cfc (button) folded before Flop (didn't bet)
Seat 6: 8c71d580 (small blind) folded before Flop


Poker Hand #HD1206859031: Hold'em No Limit  ($0.02/$0.05) - 2023/04/17 17:50:22
Table 'NLHBlue70' 6-max Seat #4 is the button
Seat 1: eb1509e0 ($1.52 in chips)
Seat 2: f31d5604 ($5.14 in chips)
Seat 3: Hero ($5.16 in chips)
Seat 4: 2b1258ad ($5 in chips)
Seat 5: eb9f8cfc ($5 in chips)
Seat 6: 8c71d580 ($5 in chips)
eb9f8cfc: posts small blind $0.02
8c71d580: posts big blind $0.05
*** HOLE CARDS ***
Dealt to eb1509e0 
Dealt to f31d5604 
Dealt to Hero [4h 7h]
Dealt to 2b1258ad 
Dealt to eb9f8cfc 
Dealt to 8c71d580 
eb1509e0: folds
f31d5604: folds
Hero: folds
2b1258ad: folds
eb9f8cfc: raises $0.1 to $0.15
8c71d580: folds
Uncalled bet ($0.1) returned to eb9f8cfc
*** SHOWDOWN ***
eb9f8cfc collected $0.1 from pot
*** SUMMARY ***
Total pot $0.1 | Rake $0 | Jackpot $0 | Bingo $0 | Fortune $0
Seat 1: eb1509e0 folded before Flop (didn't bet)
Seat 2: f31d5604 folded before Flop (didn't bet)
Seat 3: Hero folded before Flop (didn't bet)
Seat 4: 2b1258ad (button) folded before Flop (didn't bet)
Seat 5: eb9f8cfc (small blind) collected ($0.1)
Seat 6: 8c71d580 (big blind) folded before Flop


Poker Hand #HD1206858877: Hold'em No Limit  ($0.02/$0.05) - 2023/04/17 17:49:10
Table 'NLHBlue70' 6-max Seat #3 is the button
Seat 1: eb1509e0 ($1.4 in chips)
Seat 2: f31d5604 ($5.14 in chips)
Seat 3: Hero ($5.16 in chips)
Seat 4: 2b1258ad ($5 in chips)
Seat 5: eb9f8cfc ($5 in chips)
2b1258ad: posts small blind $0.02
eb9f8cfc: posts big blind $0.05
*** HOLE CARDS ***
Dealt to eb1509e0 
Dealt to f31d5604 
Dealt to Hero [Qd 4s]
Dealt to 2b1258ad 
Dealt to eb9f8cfc 
eb1509e0: calls $0.05
f31d5604: folds
Hero: folds
2b1258ad: folds
eb9f8cfc: checks
*** FLOP *** [6c Qs Kc]
eb9f8cfc: checks
eb1509e0: checks
*** TURN *** [6c Qs Kc] [5c]
eb9f8cfc: checks
eb1509e0: checks
*** RIVER *** [6c Qs Kc 5c] [Tc]
eb9f8cfc: checks
eb1509e0: bets $0.06
eb9f8cfc: calls $0.06
eb1509e0: shows [9s 8c] (King High Flush)
eb9f8cfc: shows [Qh Js] (Pair of Queens)
*** SHOWDOWN ***
eb1509e0 collected $0.23 from pot
*** SUMMARY ***
Total pot $0.24 | Rake $0.01 | Jackpot $0 | Bingo $0 | Fortune $0
Board [6c Qs Kc 5c Tc]
Seat 1: eb1509e0 showed [9s 8c] and won ($0.23) with King High Flush
Seat 2: f31d5604 folded before Flop (didn't bet)
Seat 3: Hero (button) folded before Flop (didn't bet)
Seat 4: 2b1258ad (small blind) folded before Flop
Seat 5: eb9f8cfc (big blind) showed [Qh Js] and lost with Pair of Queens


Poker Hand #HD1206858818: Hold'em No Limit  ($0.02/$0.05) - 2023/04/17 17:48:42
Table 'NLHBlue70' 6-max Seat #2 is the button
Seat 1: eb1509e0 ($1.4 in chips)
Seat 2: f31d5604 ($5.07 in chips)
Seat 3: Hero ($5.18 in chips)
Seat 4: 2b1258ad ($5 in chips)
Seat 5: eb9f8cfc ($5 in chips)
Hero: posts small blind $0.02
2b1258ad: posts big blind $0.05
*** HOLE CARDS ***
Dealt to eb1509e0 
Dealt to f31d5604 
Dealt to Hero [3s 7d]
Dealt to 2b1258ad 
Dealt to eb9f8cfc 
eb9f8cfc: folds
eb1509e0: folds
f31d5604: raises $0.1 to $0.15
Hero: folds
2b1258ad: folds
Uncalled bet ($0.1) returned to f31d5604
*** SHOWDOWN ***
f31d5604 collected $0.12 from pot
*** SUMMARY ***
Total pot $0.12 | Rake $0 | Jackpot $0 | Bingo $0 | Fortune $0
Seat 1: eb1509e0 folded before Flop (didn't bet)
Seat 2: f31d5604 (button) collected ($0.12)
Seat 3: Hero (small blind) folded before Flop
Seat 4: 2b1258ad (big blind) folded before Flop
Seat 5: eb9f8cfc folded before Flop (didn't bet)


Poker Hand #HD1206858776: Hold'em No Limit  ($0.02/$0.05) - 2023/04/17 17:48:27
Table 'NLHBlue70' 6-max Seat #1 is the button
Seat 1: eb1509e0 ($1.4 in chips)
Seat 2: f31d5604 ($5.02 in chips)
Seat 3: Hero ($5.23 in chips)
Seat 4: 2b1258ad ($5 in chips)
Seat 5: eb9f8cfc ($5 in chips)
f31d5604: posts small blind $0.02
Hero: posts big blind $0.05
*** HOLE CARDS ***
Dealt to eb1509e0 
Dealt to f31d5604 
Dealt to Hero [Qh 8c]
Dealt to 2b1258ad 
Dealt to eb9f8cfc 
2b1258ad: folds
eb9f8cfc: folds
eb1509e0: folds
f31d5604: raises $0.1 to $0.15
Hero: folds
Uncalled bet ($0.1) returned to f31d5604
*** SHOWDOWN ***
f31d5604 collected $0.1 from pot
*** SUMMARY ***
Total pot $0.1 | Rake $0 | Jackpot $0 | Bingo $0 | Fortune $0
Seat 1: eb1509e0 (button) folded before Flop (didn't bet)
Seat 2: f31d5604 (small blind) collected ($0.1)
Seat 3: Hero (big blind) folded before Flop
Seat 4: 2b1258ad folded before Flop (didn't bet)
Seat 5: eb9f8cfc folded before Flop (didn't bet)


Poker Hand #HD1206858738: Hold'em No Limit  ($0.02/$0.05) - 2023/04/17 17:48:07
Table 'NLHBlue70' 6-max Seat #5 is the button
Seat 1: eb1509e0 ($1.42 in chips)
Seat 2: f31d5604 ($5 in chips)
Seat 3: Hero ($5.23 in chips)
Seat 4: 2b1258ad ($5 in chips)
Seat 5: eb9f8cfc ($5 in chips)
eb1509e0: posts small blind $0.02
f31d5604: posts big blind $0.05
*** HOLE CARDS ***
Dealt to eb1509e0 
Dealt to f31d5604 
Dealt to Hero [7h 2c]
Dealt to 2b1258ad 
Dealt to eb9f8cfc 
Hero: folds
2b1258ad: folds
eb9f8cfc: folds
eb1509e0: folds
Uncalled bet ($0.03) returned to f31d5604
*** SHOWDOWN ***
f31d5604 collected $0.04 from pot
*** SUMMARY ***
Total pot $0.04 | Rake $0 | Jackpot $0 | Bingo $0 | Fortune $0
Seat 1: eb1509e0 (small blind) folded before Flop
Seat 2: f31d5604 (big blind) collected ($0.04)
Seat 3: Hero folded before Flop (didn't bet)
Seat 4: 2b1258ad folded before Flop (didn't bet)
Seat 5: eb9f8cfc (button) folded before Flop (didn't bet)


Poker Hand #HD1206858632: Hold'em No Limit  ($0.02/$0.05) - 2023/04/17 17:47:18
Table 'NLHBlue70' 6-max Seat #4 is the button
Seat 1: eb1509e0 ($1.15 in chips)
Seat 2: f31d5604 ($5 in chips)
Seat 3: Hero ($5.23 in chips)
Seat 4: 2b1258ad ($5 in chips)
Seat 5: eb9f8cfc ($5 in chips)
Seat 6: 755d323d ($12.44 in chips)
eb9f8cfc: posts small blind $0.02
755d323d: posts big blind $0.05
*** HOLE CARDS ***
Dealt to eb1509e0 
Dealt to f31d5604 
Dealt to Hero [Kc 2s]
Dealt to 2b1258ad 
Dealt to eb9f8cfc 
Dealt to 755d323d 
eb1509e0: calls $0.05
f31d5604: raises $0.17 to $0.22
Hero: folds
2b1258ad: folds
eb9f8cfc: folds
755d323d: folds
eb1509e0: calls $0.17
*** FLOP *** [Qd Tc 5h]
eb1509e0: bets $0.51
f31d5604: folds
Uncalled bet ($0.51) returned to eb1509e0
*** SHOWDOWN ***
eb1509e0 collected $0.49 from pot
*** SUMMARY ***
Total pot $0.51 | Rake $0.02 | Jackpot $0 | Bingo $0 | Fortune $0
Board [Qd Tc 5h]
Seat 1: eb1509e0 won ($0.49)
Seat 2: f31d5604 folded on the Flop
Seat 3: Hero folded before Flop (didn't bet)
Seat 4: 2b1258ad (button) folded before Flop (didn't bet)
Seat 5: eb9f8cfc (small blind) folded before Flop
Seat 6: 755d323d (big blind) folded before Flop


Poker Hand #HD1206858503: Hold'em No Limit  ($0.02/$0.05) - 2023/04/17 17:46:16
Table 'NLHBlue70' 6-max Seat #3 is the button
Seat 1: eb1509e0 ($2.12 in chips)
Seat 2: f31d5604 ($5 in chips)
Seat 3: Hero ($5.23 in chips)
Seat 4: 2b1258ad ($5 in chips)
Seat 5: eb9f8cfc ($5 in chips)
Seat 6: 755d323d ($11.54 in chips)
2b1258ad: posts small blind $0.02
eb9f8cfc: posts big blind $0.05
*** HOLE CARDS ***
Dealt to eb1509e0 
Dealt to f31d5604 
Dealt to Hero [2s 3c]
Dealt to 2b1258ad 
Dealt to eb9f8cfc 
Dealt to 755d323d 
755d323d: raises $0.08 to $0.13
eb1509e0: calls $0.13
f31d5604: folds
Hero: folds
2b1258ad: folds
eb9f8cfc: folds
*** FLOP *** [4h Ac 8h]
755d323d: bets $0.17
eb1509e0: calls $0.17
*** TURN *** [4h Ac 8h] [4d]
755d323d: checks
eb1509e0: bets $0.67
755d323d: raises $2.01 to $2.68
eb1509e0: folds
Uncalled bet ($2.01) returned to 755d323d
*** SHOWDOWN ***
755d323d collected $1.87 from pot
*** SUMMARY ***
Total pot $2.01 | Rake $0.09 | Jackpot $0.05 | Bingo $0 | Fortune $0
Board [4h Ac 8h 4d]
Seat 1: eb1509e0 folded on the Turn
Seat 2: f31d5604 folded before Flop (didn't bet)
Seat 3: Hero (button) folded before Flop (didn't bet)
Seat 4: 2b1258ad (small blind) folded before Flop
Seat 5: eb9f8cfc (big blind) folded before Flop
Seat 6: 755d323d won ($1.87)


Poker Hand #HD1206858390: Hold'em No Limit  ($0.02/$0.05) - 2023/04/17 17:45:25
Table 'NLHBlue70' 6-max Seat #2 is the button
Seat 1: eb1509e0 ($2.05 in chips)
Seat 2: f31d5604 ($5 in chips)
Seat 3: Hero ($5.25 in chips)
Seat 4: 2b1258ad ($5 in chips)
Seat 5: eb9f8cfc ($5 in chips)
Seat 6: 755d323d ($11.54 in chips)
Hero: posts small blind $0.02
2b1258ad: posts big blind $0.05
eb1509e0: posts missed blind $0.02
*** HOLE CARDS ***
Dealt to eb1509e0 
Dealt to f31d5604 
Dealt to Hero [Th 8c]
Dealt to 2b1258ad 
Dealt to eb9f8cfc 
Dealt to 755d323d 
eb9f8cfc: folds
755d323d: folds
eb1509e0: calls $0.05
f31d5604: folds
Hero: folds
2b1258ad: checks
*** FLOP *** [6s 9s 9h]
2b1258ad: checks
eb1509e0: checks
*** TURN *** [6s 9s 9h] [Ts]
2b1258ad: checks
eb1509e0: checks
*** RIVER *** [6s 9s 9h Ts] [5s]
2b1258ad: checks
eb1509e0: bets $0.05
2b1258ad: folds
Uncalled bet ($0.05) returned to eb1509e0
*** SHOWDOWN ***
eb1509e0 collected $0.14 from pot
*** SUMMARY ***
Total pot $0.14 | Rake $0 | Jackpot $0 | Bingo $0 | Fortune $0
Board [6s 9s 9h Ts 5s]
Seat 1: eb1509e0 won ($0.14)
Seat 2: f31d5604 (button) folded before Flop (didn't bet)
Seat 3: Hero (small blind) folded before Flop
Seat 4: 2b1258ad (big blind) folded on the River
Seat 5: eb9f8cfc folded before Flop (didn't bet)
Seat 6: 755d323d folded before Flop (didn't bet)


Poker Hand #HD1206858319: Hold'em No Limit  ($0.02/$0.05) - 2023/04/17 17:44:48
Table 'NLHBlue70' 6-max Seat #6 is the button
Seat 2: f31d5604 ($5.07 in chips)
Seat 3: Hero ($5.3 in chips)
Seat 4: 2b1258ad ($5 in chips)
Seat 5: eb9f8cfc ($5 in chips)
Seat 6: 755d323d ($11.37 in chips)
f31d5604: posts small blind $0.02
Hero: posts big blind $0.05
*** HOLE CARDS ***
Dealt to f31d5604 
Dealt to Hero [7h 2h]
Dealt to 2b1258ad 
Dealt to eb9f8cfc 
Dealt to 755d323d 
2b1258ad: folds
eb9f8cfc: folds
755d323d: raises $0.08 to $0.13
f31d5604: calls $0.11
Hero: folds
*** FLOP *** [3s 6s 8d]
f31d5604: checks
755d323d: checks
*** TURN *** [3s 6s 8d] [Qh]
f31d5604: checks
755d323d: checks
*** RIVER *** [3s 6s 8d Qh] [9d]
f31d5604: checks
755d323d: bets $0.21
f31d5604: folds
Uncalled bet ($0.21) returned to 755d323d
*** SHOWDOWN ***
755d323d collected $0.3 from pot
*** SUMMARY ***
Total pot $0.31 | Rake $0.01 | Jackpot $0 | Bingo $0 | Fortune $0
Board [3s 6s 8d Qh 9d]
Seat 2: f31d5604 (small blind) folded on the River
Seat 3: Hero (big blind) folded before Flop
Seat 4: 2b1258ad folded before Flop (didn't bet)
Seat 5: eb9f8cfc folded before Flop (didn't bet)
Seat 6: 755d323d (button) won ($0.3)


Poker Hand #HD1206858220: Hold'em No Limit  ($0.02/$0.05) - 2023/04/17 17:44:00
Table 'NLHBlue70' 6-max Seat #5 is the button
Seat 1: eb1509e0 ($2.1 in chips)
Seat 2: f31d5604 ($5.07 in chips)
Seat 3: Hero ($5.14 in chips)
Seat 4: 2b1258ad ($5 in chips)
Seat 5: eb9f8cfc ($5 in chips)
Seat 6: 755d323d ($11.49 in chips)
755d323d: posts small blind $0.02
eb1509e0: posts big blind $0.05
*** HOLE CARDS ***
Dealt to eb1509e0 
Dealt to f31d5604 
Dealt to Hero [9c Ac]
Dealt to 2b1258ad 
Dealt to eb9f8cfc 
Dealt to 755d323d 
f31d5604: folds
Hero: raises $0.07 to $0.12
2b1258ad: folds
eb9f8cfc: folds
755d323d: calls $0.1
eb1509e0: folds
*** FLOP *** [7h 4d Kc]
755d323d: checks
Hero: bets $0.15
755d323d: folds
Uncalled bet ($0.15) returned to Hero
*** SHOWDOWN ***
Hero collected $0.28 from pot
*** SUMMARY ***
Total pot $0.29 | Rake $0.01 | Jackpot $0 | Bingo $0 | Fortune $0
Board [7h 4d Kc]
Seat 1: eb1509e0 (big blind) folded before Flop
Seat 2: f31d5604 folded before Flop (didn't bet)
Seat 3: Hero won ($0.28)
Seat 4: 2b1258ad folded before Flop (didn't bet)
Seat 5: eb9f8cfc (button) folded before Flop (didn't bet)
Seat 6: 755d323d (small blind) folded on the Flop


Poker Hand #HD1206858173: Hold'em No Limit  ($0.02/$0.05) - 2023/04/17 17:43:38
Table 'NLHBlue70' 6-max Seat #4 is the button
Seat 2: f31d5604 ($5.07 in chips)
Seat 3: Hero ($5.14 in chips)
Seat 4: 2b1258ad ($5 in chips)
Seat 5: eb9f8cfc ($5.02 in chips)
Seat 6: 755d323d ($11.47 in chips)
eb9f8cfc: posts small blind $0.02
755d323d: posts big blind $0.05
*** HOLE CARDS ***
Dealt to f31d5604 
Dealt to Hero [Th 8c]
Dealt to 2b1258ad 
Dealt to eb9f8cfc 
Dealt to 755d323d 
f31d5604: folds
Hero: folds
2b1258ad: folds
eb9f8cfc: folds
Uncalled bet ($0.03) returned to 755d323d
*** SHOWDOWN ***
755d323d collected $0.04 from pot
*** SUMMARY ***
Total pot $0.04 | Rake $0 | Jackpot $0 | Bingo $0 | Fortune $0
Seat 2: f31d5604 folded before Flop (didn't bet)
Seat 3: Hero folded before Flop (didn't bet)
Seat 4: 2b1258ad (button) folded before Flop (didn't bet)
Seat 5: eb9f8cfc (small blind) folded before Flop
Seat 6: 755d323d (big blind) collected ($0.04)


Poker Hand #HD1206858146: Hold'em No Limit  ($0.02/$0.05) - 2023/04/17 17:43:25
Table 'NLHBlue70' 6-max Seat #3 is the button
Seat 2: f31d5604 ($5.07 in chips)
Seat 3: Hero ($5.14 in chips)
Seat 4: 2b1258ad ($5.01 in chips)
Seat 5: eb9f8cfc ($5 in chips)
Seat 6: 755d323d ($11.47 in chips)
2b1258ad: posts small blind $0.02
eb9f8cfc: posts big blind $0.05
*** HOLE CARDS ***
Dealt to f31d5604 
Dealt to Hero [Ts 8c]
Dealt to 2b1258ad 
Dealt to eb9f8cfc 
Dealt to 755d323d 
755d323d: folds
f31d5604: folds
Hero: folds
2b1258ad: folds
Uncalled bet ($0.03) returned to eb9f8cfc
*** SHOWDOWN ***
eb9f8cfc collected $0.04 from pot
*** SUMMARY ***
Total pot $0.04 | Rake $0 | Jackpot $0 | Bingo $0 | Fortune $0
Seat 2: f31d5604 folded before Flop (didn't bet)
Seat 3: Hero (button) folded before Flop (didn't bet)
Seat 4: 2b1258ad (small blind) folded before Flop
Seat 5: eb9f8cfc (big blind) collected ($0.04)
Seat 6: 755d323d folded before Flop (didn't bet)


Poker Hand #HD1206858064: Hold'em No Limit  ($0.02/$0.05) - 2023/04/17 17:42:42
Table 'NLHBlue70' 6-max Seat #2 is the button
Seat 1: eb1509e0 ($2.1 in chips)
Seat 2: f31d5604 ($5.07 in chips)
Seat 3: Hero ($5.09 in chips)
Seat 4: 2b1258ad ($5.06 in chips)
Seat 5: eb9f8cfc ($5 in chips)
Seat 6: 755d323d ($11.47 in chips)
Hero: posts small blind $0.02
2b1258ad: posts big blind $0.05
*** HOLE CARDS ***
Dealt to eb1509e0 
Dealt to f31d5604 
Dealt to Hero [2d Ac]
Dealt to 2b1258ad 
Dealt to eb9f8cfc 
Dealt to 755d323d 
eb9f8cfc: folds
755d323d: folds
eb1509e0: folds
f31d5604: folds
Hero: raises $0.09 to $0.14
2b1258ad: folds
Uncalled bet ($0.09) returned to Hero
*** SHOWDOWN ***
Hero collected $0.1 from pot
*** SUMMARY ***
Total pot $0.1 | Rake $0 | Jackpot $0 | Bingo $0 | Fortune $0
Seat 1: eb1509e0 folded before Flop (didn't bet)
Seat 2: f31d5604 (button) folded before Flop (didn't bet)
Seat 3: Hero (small blind) collected ($0.1)
Seat 4: 2b1258ad (big blind) folded before Flop
Seat 5: eb9f8cfc folded before Flop (didn't bet)
Seat 6: 755d323d folded before Flop (didn't bet)


Poker Hand #HD1206857987: Hold'em No Limit  ($0.02/$0.05) - 2023/04/17 17:42:08
Table 'NLHBlue70' 6-max Seat #1 is the button
Seat 1: eb1509e0 ($2.1 in chips)
Seat 2: f31d5604 ($5.09 in chips)
Seat 3: Hero ($5.07 in chips)
Seat 4: 2b1258ad ($5.06 in chips)
Seat 5: eb9f8cfc ($5 in chips)
Seat 6: 755d323d ($11.47 in chips)
f31d5604: posts small blind $0.02
Hero: posts big blind $0.05
*** HOLE CARDS ***
Dealt to eb1509e0 
Dealt to f31d5604 
Dealt to Hero [3s 5h]
Dealt to 2b1258ad 
Dealt to eb9f8cfc 
Dealt to 755d323d 
2b1258ad: folds
eb9f8cfc: folds
755d323d: folds
eb1509e0: folds
f31d5604: folds
Uncalled bet ($0.03) returned to Hero
*** SHOWDOWN ***
Hero collected $0.04 from pot
*** SUMMARY ***
Total pot $0.04 | Rake $0 | Jackpot $0 | Bingo $0 | Fortune $0
Seat 1: eb1509e0 (button) folded before Flop (didn't bet)
Seat 2: f31d5604 (small blind) folded before Flop
Seat 3: Hero (big blind) collected ($0.04)
Seat 4: 2b1258ad folded before Flop (didn't bet)
Seat 5: eb9f8cfc folded before Flop (didn't bet)
Seat 6: 755d323d folded before Flop (didn't bet)


Poker Hand #HD1206857841: Hold'em No Limit  ($0.02/$0.05) - 2023/04/17 17:41:05
Table 'NLHBlue70' 6-max Seat #6 is the button
Seat 1: eb1509e0 ($1.06 in chips)
Seat 2: f31d5604 ($6.15 in chips)
Seat 3: Hero ($5.07 in chips)
Seat 4: 2b1258ad ($5.06 in chips)
Seat 5: eb9f8cfc ($5 in chips)
Seat 6: 755d323d ($11.47 in chips)
eb1509e0: posts small blind $0.02
f31d5604: posts big blind $0.05
*** HOLE CARDS ***
Dealt to eb1509e0 
Dealt to f31d5604 
Dealt to Hero [4d 9d]
Dealt to 2b1258ad 
Dealt to eb9f8cfc 
Dealt to 755d323d 
Hero: folds
2b1258ad: folds
eb9f8cfc: raises $0.07 to $0.12
755d323d: folds
eb1509e0: calls $0.1
f31d5604: raises $0.46 to $0.58
eb9f8cfc: folds
eb1509e0: raises $0.48 to $1.06 and is all-in
f31d5604: calls $0.48
eb1509e0: shows [8h Th]
f31d5604: shows [Ah Ks]
*** FIRST FLOP *** [9h 3d 7d]
*** FIRST TURN *** [9h 3d 7d] [Js]
*** FIRST RIVER *** [9h 3d 7d Js] [3c]
*** SECOND FLOP *** [Kc Ad Tc]
*** SECOND TURN *** [Kc Ad Tc] [Td]
*** SECOND RIVER *** [Kc Ad Tc Td] [7c]
*** THIRD FLOP *** [2h 2c 8s]
*** THIRD TURN *** [2h 2c 8s] [6c]
*** THIRD RIVER *** [2h 2c 8s 6c] [2s]
*** FIRST SHOWDOWN ***
eb1509e0 collected $0.7 from pot
*** SECOND SHOWDOWN ***
eb1509e0 collected $0.7 from pot
*** THIRD SHOWDOWN ***
eb1509e0 collected $0.7 from pot
*** SUMMARY ***
Total pot $2.24 | Rake $0.09 | Jackpot $0.05 | Bingo $0 | Fortune $0
Hand was run three times
FIRST Board [9h 3d 7d Js 3c]
SECOND Board [Kc Ad Tc Td 7c]
THIRD Board [2h 2c 8s 6c 2s]
Seat 1: eb1509e0 (small blind) showed [8h Th] and won ($0.7) with Jacks-High Straight, and won ($0.7) with Three Tens, and won ($0.7) with Twos Full over Eights
Seat 2: f31d5604 (big blind) showed [Ah Ks] and lost with Pair of Treys, and lost with Pair of Aces and Pair of Kings, and lost with Three Twos
Seat 3: Hero folded before Flop (didn't bet)
Seat 4: 2b1258ad folded before Flop (didn't bet)
Seat 5: eb9f8cfc folded before Flop
Seat 6: 755d323d (button) folded before Flop (didn't bet)


Poker Hand #HD1206857818: Hold'em No Limit  ($0.02/$0.05) - 2023/04/17 17:40:52
Table 'NLHBlue70' 6-max Seat #5 is the button
Seat 1: eb1509e0 ($1.04 in chips)
Seat 2: f31d5604 ($6.15 in chips)
Seat 3: Hero ($5.07 in chips)
Seat 4: 2b1258ad ($5.06 in chips)
Seat 5: eb9f8cfc ($5 in chips)
Seat 6: 755d323d ($11.49 in chips)
755d323d: posts small blind $0.02
eb1509e0: posts big blind $0.05
*** HOLE CARDS ***
Dealt to eb1509e0 
Dealt to f31d5604 
Dealt to Hero [6h Ad]
Dealt to 2b1258ad 
Dealt to eb9f8cfc 
Dealt to 755d323d 
f31d5604: folds
Hero: folds
2b1258ad: folds
eb9f8cfc: folds
755d323d: folds
Uncalled bet ($0.03) returned to eb1509e0
*** SHOWDOWN ***
eb1509e0 collected $0.04 from pot
*** SUMMARY ***
Total pot $0.04 | Rake $0 | Jackpot $0 | Bingo $0 | Fortune $0
Seat 1: eb1509e0 (big blind) collected ($0.04)
Seat 2: f31d5604 folded before Flop (didn't bet)
Seat 3: Hero folded before Flop (didn't bet)
Seat 4: 2b1258ad folded before Flop (didn't bet)
Seat 5: eb9f8cfc (button) folded before Flop (didn't bet)
Seat 6: 755d323d (small blind) folded before Flop


Poker Hand #HD1206857793: Hold'em No Limit  ($0.02/$0.05) - 2023/04/17 17:40:42
Table 'NLHBlue70' 6-max Seat #4 is the button
Seat 1: eb1509e0 ($1.04 in chips)
Seat 2: f31d5604 ($6.15 in chips)
Seat 3: Hero ($5.07 in chips)
Seat 4: 2b1258ad ($5.06 in chips)
Seat 5: eb9f8cfc ($5 in chips)
Seat 6: 755d323d ($11.47 in chips)
eb9f8cfc: posts small blind $0.02
755d323d: posts big blind $0.05
*** HOLE CARDS ***
Dealt to eb1509e0 
Dealt to f31d5604 
Dealt to Hero [8s 4h]
Dealt to 2b1258ad 
Dealt to eb9f8cfc 
Dealt to 755d323d 
eb1509e0: folds
f31d5604: folds
Hero: folds
2b1258ad: folds
eb9f8cfc: folds
Uncalled bet ($0.03) returned to 755d323d
*** SHOWDOWN ***
755d323d collected $0.04 from pot
*** SUMMARY ***
Total pot $0.04 | Rake $0 | Jackpot $0 | Bingo $0 | Fortune $0
Seat 1: eb1509e0 folded before Flop (didn't bet)
Seat 2: f31d5604 folded before Flop (didn't bet)
Seat 3: Hero folded before Flop (didn't bet)
Seat 4: 2b1258ad (button) folded before Flop (didn't bet)
Seat 5: eb9f8cfc (small blind) folded before Flop
Seat 6: 755d323d (big blind) collected ($0.04)


Poker Hand #HD1206857700: Hold'em No Limit  ($0.02/$0.05) - 2023/04/17 17:40:01
Table 'NLHBlue70' 6-max Seat #3 is the button
Seat 1: eb1509e0 ($0.88 in chips)
Seat 2: f31d5604 ($6.15 in chips)
Seat 3: Hero ($5.07 in chips)
Seat 4: 2b1258ad ($5.08 in chips)
Seat 5: eb9f8cfc ($5 in chips)
Seat 6: 755d323d ($11.47 in chips)
2b1258ad: posts small blind $0.02
eb9f8cfc: posts big blind $0.05
*** HOLE CARDS ***
Dealt to eb1509e0 
Dealt to f31d5604 
Dealt to Hero [Kh 2h]
Dealt to 2b1258ad 
Dealt to eb9f8cfc 
Dealt to 755d323d 
755d323d: folds
eb1509e0: raises $0.1 to $0.15
f31d5604: folds
Hero: folds
2b1258ad: folds
eb9f8cfc: calls $0.1
*** FLOP *** [5s Js Th]
eb9f8cfc: checks
eb1509e0: bets $0.73 and is all-in
eb9f8cfc: folds
Uncalled bet ($0.73) returned to eb1509e0
*** SHOWDOWN ***
eb1509e0 collected $0.31 from pot
*** SUMMARY ***
Total pot $0.32 | Rake $0.01 | Jackpot $0 | Bingo $0 | Fortune $0
Board [5s Js Th]
Seat 1: eb1509e0 won ($0.31)
Seat 2: f31d5604 folded before Flop (didn't bet)
Seat 3: Hero (button) folded before Flop (didn't bet)
Seat 4: 2b1258ad (small blind) folded before Flop
Seat 5: eb9f8cfc (big blind) folded on the Flop
Seat 6: 755d323d folded before Flop (didn't bet)


Poker Hand #HD1206857643: Hold'em No Limit  ($0.02/$0.05) - 2023/04/17 17:39:30
Table 'NLHBlue70' 6-max Seat #2 is the button
Seat 1: eb1509e0 ($0.88 in chips)
Seat 2: f31d5604 ($6.15 in chips)
Seat 3: Hero ($5.02 in chips)
Seat 4: 2b1258ad ($5.13 in chips)
Seat 5: eb9f8cfc ($5 in chips)
Seat 6: 755d323d ($11.47 in chips)
Hero: posts small blind $0.02
2b1258ad: posts big blind $0.05
*** HOLE CARDS ***
Dealt to eb1509e0 
Dealt to f31d5604 
Dealt to Hero [6d 8d]
Dealt to 2b1258ad 
Dealt to eb9f8cfc 
Dealt to 755d323d 
eb9f8cfc: folds
755d323d: folds
eb1509e0: folds
f31d5604: folds
Hero: raises $0.09 to $0.14
2b1258ad: folds
Uncalled bet ($0.09) returned to Hero
*** SHOWDOWN ***
Hero collected $0.1 from pot
*** SUMMARY ***
Total pot $0.1 | Rake $0 | Jackpot $0 | Bingo $0 | Fortune $0
Seat 1: eb1509e0 folded before Flop (didn't bet)
Seat 2: f31d5604 (button) folded before Flop (didn't bet)
Seat 3: Hero (small blind) collected ($0.1)
Seat 4: 2b1258ad (big blind) folded before Flop
Seat 5: eb9f8cfc folded before Flop (didn't bet)
Seat 6: 755d323d folded before Flop (didn't bet)


Poker Hand #HD1206857596: Hold'em No Limit  ($0.02/$0.05) - 2023/04/17 17:39:10
Table 'NLHBlue70' 6-max Seat #1 is the button
Seat 1: eb1509e0 ($0.88 in chips)
Seat 2: f31d5604 ($6.17 in chips)
Seat 3: Hero ($5 in chips)
Seat 4: 2b1258ad ($5.13 in chips)
Seat 5: eb9f8cfc ($5 in chips)
Seat 6: 755d323d ($11.47 in chips)
f31d5604: posts small blind $0.02
Hero: posts big blind $0.05
*** HOLE CARDS ***
Dealt to eb1509e0 
Dealt to f31d5604 
Dealt to Hero [7s 7h]
Dealt to 2b1258ad 
Dealt to eb9f8cfc 
Dealt to 755d323d 
2b1258ad: folds
eb9f8cfc: folds
755d323d: folds
eb1509e0: folds
f31d5604: folds
Uncalled bet ($0.03) returned to Hero
*** SHOWDOWN ***
Hero collected $0.04 from pot
*** SUMMARY ***
Total pot $0.04 | Rake $0 | Jackpot $0 | Bingo $0 | Fortune $0
Seat 1: eb1509e0 (button) folded before Flop (didn't bet)
Seat 2: f31d5604 (small blind) folded before Flop
Seat 3: Hero (big blind) collected ($0.04)
Seat 4: 2b1258ad folded before Flop (didn't bet)
Seat 5: eb9f8cfc folded before Flop (didn't bet)
Seat 6: 755d323d folded before Flop (didn't bet)


Poker Hand #HD1206857450: Hold'em No Limit  ($0.02/$0.05) - 2023/04/17 17:38:01
Table 'NLHBlue70' 6-max Seat #6 is the button
Seat 1: eb1509e0 ($0.9 in chips)
Seat 2: f31d5604 ($5.3 in chips)
Seat 3: Hero ($5 in chips)
Seat 4: 2b1258ad ($5.13 in chips)
Seat 5: eb9f8cfc ($5 in chips)
Seat 6: 755d323d ($11.47 in chips)
eb1509e0: posts small blind $0.02
f31d5604: posts big blind $0.05
*** HOLE CARDS ***
Dealt to eb1509e0 
Dealt to f31d5604 
Dealt to Hero [Ad Qs]
Dealt to 2b1258ad 
Dealt to eb9f8cfc 
Dealt to 755d323d 
Hero: raises $0.07 to $0.12
2b1258ad: folds
eb9f8cfc: folds
755d323d: folds
eb1509e0: folds
f31d5604: calls $0.07
*** FLOP *** [Kc 7h Qd]
f31d5604: checks
Hero: bets $0.1
f31d5604: calls $0.1
*** TURN *** [Kc 7h Qd] [9s]
f31d5604: checks
Hero: bets $0.17
f31d5604: raises $0.6 to $0.77
Hero: calls $0.6
*** RIVER *** [Kc 7h Qd 9s] [3c]
f31d5604: bets $1.5
Hero: folds
Uncalled bet ($1.5) returned to f31d5604
*** SHOWDOWN ***
f31d5604 collected $1.86 from pot
*** SUMMARY ***
Total pot $2 | Rake $0.09 | Jackpot $0.05 | Bingo $0 | Fortune $0
Board [Kc 7h Qd 9s 3c]
Seat 1: eb1509e0 (small blind) folded before Flop
Seat 2: f31d5604 (big blind) won ($1.86)
Seat 3: Hero folded on the River
Seat 4: 2b1258ad folded before Flop (didn't bet)
Seat 5: eb9f8cfc folded before Flop (didn't bet)
Seat 6: 755d323d (button) folded before Flop (didn't bet)


Poker Hand #HD1206857366: Hold'em No Limit  ($0.02/$0.05) - 2023/04/17 17:37:15
Table 'NLHBlue70' 6-max Seat #5 is the button
Seat 1: eb1509e0 ($1.02 in chips)
Seat 2: f31d5604 ($5.3 in chips)
Seat 3: Hero ($5 in chips)
Seat 4: 2b1258ad ($5 in chips)
Seat 5: eb9f8cfc ($5 in chips)
Seat 6: 755d323d ($11.49 in chips)
755d323d: posts small blind $0.02
eb1509e0: posts big blind $0.05
*** HOLE CARDS ***
Dealt to eb1509e0 
Dealt to f31d5604 
Dealt to Hero [2d 8c]
Dealt to 2b1258ad 
Dealt to eb9f8cfc 
Dealt to 755d323d 
f31d5604: folds
Hero: folds
2b1258ad: raises $0.07 to $0.12
eb9f8cfc: folds
755d323d: folds
eb1509e0: calls $0.07
*** FLOP *** [Kc 4c 7d]
eb1509e0: checks
2b1258ad: bets $0.14
eb1509e0: folds
Uncalled bet ($0.14) returned to 2b1258ad
*** SHOWDOWN ***
2b1258ad collected $0.25 from pot
*** SUMMARY ***
Total pot $0.26 | Rake $0.01 | Jackpot $0 | Bingo $0 | Fortune $0
Board [Kc 4c 7d]
Seat 1: eb1509e0 (big blind) folded on the Flop
Seat 2: f31d5604 folded before Flop (didn't bet)
Seat 3: Hero folded before Flop (didn't bet)
Seat 4: 2b1258ad won ($0.25)
Seat 5: eb9f8cfc (button) folded before Flop (didn't bet)
Seat 6: 755d323d (small blind) folded before Flop


Poker Hand #HD1206857264: Hold'em No Limit  ($0.02/$0.05) - 2023/04/17 17:36:24
Table 'NLHBlue70' 6-max Seat #4 is the button
Seat 1: eb1509e0 ($1.02 in chips)
Seat 2: f31d5604 ($5.3 in chips)
Seat 3: Hero ($5 in chips)
Seat 4: 2b1258ad ($5 in chips)
Seat 5: eb9f8cfc ($5 in chips)
Seat 6: 755d323d ($11.18 in chips)
eb9f8cfc: posts small blind $0.02
755d323d: posts big blind $0.05
*** HOLE CARDS ***
Dealt to eb1509e0 
Dealt to f31d5604 
Dealt to Hero [2c 2d]
Dealt to 2b1258ad 
Dealt to eb9f8cfc 
Dealt to 755d323d 
eb1509e0: folds
f31d5604: folds
Hero: raises $0.07 to $0.12
2b1258ad: folds
eb9f8cfc: folds
755d323d: calls $0.07
*** FLOP *** [Qd As 7c]
755d323d: checks
Hero: checks
*** TURN *** [Qd As 7c] [Jc]
755d323d: checks
Hero: checks
*** RIVER *** [Qd As 7c Jc] [Ac]
755d323d: checks
Hero: bets $0.2
755d323d: raises $0.66 to $0.86
Hero: folds
Uncalled bet ($0.66) returned to 755d323d
*** SHOWDOWN ***
755d323d collected $0.63 from pot
*** SUMMARY ***
Total pot $0.66 | Rake $0.03 | Jackpot $0 | Bingo $0 | Fortune $0
Board [Qd As 7c Jc Ac]
Seat 1: eb1509e0 folded before Flop (didn't bet)
Seat 2: f31d5604 folded before Flop (didn't bet)
Seat 3: Hero folded on the River
Seat 4: 2b1258ad (button) folded before Flop (didn't bet)
Seat 5: eb9f8cfc (small blind) folded before Flop
Seat 6: 755d323d (big blind) won ($0.63)


Poker Hand #HD1206857152: Hold'em No Limit  ($0.02/$0.05) - 2023/04/17 17:35:27
Table 'NLHBlue70' 6-max Seat #3 is the button
Seat 1: eb1509e0 ($1.06 in chips)
Seat 2: f31d5604 ($5.3 in chips)
Seat 3: Hero ($5 in chips)
Seat 4: 2b1258ad ($5 in chips)
Seat 5: eb9f8cfc ($5 in chips)
Seat 6: 755d323d ($11.18 in chips)
2b1258ad: posts small blind $0.02
eb9f8cfc: posts big blind $0.05
*** HOLE CARDS ***
Dealt to eb1509e0 
Dealt to f31d5604 
Dealt to Hero [Kd Qd]
Dealt to 2b1258ad 
Dealt to eb9f8cfc 
Dealt to 755d323d 
755d323d: folds
eb1509e0: raises $0.12 to $0.17
f31d5604: folds
Hero: raises $0.27 to $0.44
2b1258ad: folds
eb9f8cfc: folds
eb1509e0: raises $0.62 to $1.06 and is all-in
Hero: calls $0.62
eb1509e0: shows [Ac Kh]
Hero: shows [Kd Qd]
*** FIRST FLOP *** [Ad 4h Td]
*** FIRST TURN *** [Ad 4h Td] [Kc]
*** FIRST RIVER *** [Ad 4h Td Kc] [3h]
*** SECOND FLOP *** [2s 5c 8s]
*** SECOND TURN *** [2s 5c 8s] [5d]
*** SECOND RIVER *** [2s 5c 8s 5d] [Qs]
*** FIRST SHOWDOWN ***
eb1509e0 collected $1.02 from pot
*** SECOND SHOWDOWN ***
Hero collected $1.02 from pot
*** SUMMARY ***
Total pot $2.19 | Rake $0.1 | Jackpot $0.05 | Bingo $0 | Fortune $0
Hand was run two times
FIRST Board [Ad 4h Td Kc 3h]
SECOND Board [2s 5c 8s 5d Qs]
Seat 1: eb1509e0 showed [Ac Kh] and won ($1.02) with Pair of Aces and Pair of Kings, and lost with Pair of Fives
Seat 2: f31d5604 folded before Flop (didn't bet)
Seat 3: Hero (button) showed [Kd Qd] and lost with Pair of Kings, and won ($1.02) with Pair of Queens and Pair of Fives
Seat 4: 2b1258ad (small blind) folded before Flop
Seat 5: eb9f8cfc (big blind) folded before Flop
Seat 6: 755d323d folded before Flop (didn't bet)


Poker Hand #HD1206857081: Hold'em No Limit  ($0.02/$0.05) - 2023/04/17 17:34:49
Table 'NLHBlue70' 6-max Seat #2 is the button
Seat 1: eb1509e0 ($1.06 in chips)
Seat 2: f31d5604 ($5.23 in chips)
Seat 3: Hero ($5 in chips)
Seat 4: 2b1258ad ($5.01 in chips)
Seat 5: eb9f8cfc ($5 in chips)
Seat 6: 755d323d ($11.18 in chips)
Hero: posts small blind $0.02
2b1258ad: posts big blind $0.05
*** HOLE CARDS ***
Dealt to eb1509e0 
Dealt to f31d5604 
Dealt to Hero [7s 7d]
Dealt to 2b1258ad 
Dealt to eb9f8cfc 
Dealt to 755d323d 
eb9f8cfc: folds
755d323d: folds
eb1509e0: folds
f31d5604: raises $0.1 to $0.15
Hero: folds
2b1258ad: folds
Uncalled bet ($0.1) returned to f31d5604
*** SHOWDOWN ***
f31d5604 collected $0.12 from pot
*** SUMMARY ***
Total pot $0.12 | Rake $0 | Jackpot $0 | Bingo $0 | Fortune $0
Seat 1: eb1509e0 folded before Flop (didn't bet)
Seat 2: f31d5604 (button) collected ($0.12)
Seat 3: Hero (small blind) folded before Flop
Seat 4: 2b1258ad (big blind) folded before Flop
Seat 5: eb9f8cfc folded before Flop (didn't bet)
Seat 6: 755d323d folded before Flop (didn't bet)


Poker Hand #HD1206857045: Hold'em No Limit  ($0.02/$0.05) - 2023/04/17 17:34:29
Table 'NLHBlue70' 6-max Seat #1 is the button
Seat 1: eb1509e0 ($1.06 in chips)
Seat 2: f31d5604 ($5.25 in chips)
Seat 3: Hero ($5 in chips)
Seat 4: 2b1258ad ($5.01 in chips)
Seat 5: eb9f8cfc ($5 in chips)
Seat 6: 755d323d ($11.11 in chips)
f31d5604: posts small blind $0.02
Hero: posts big blind $0.05
*** HOLE CARDS ***
Dealt to eb1509e0 
Dealt to f31d5604 
Dealt to Hero [7c 5h]
Dealt to 2b1258ad 
Dealt to eb9f8cfc 
Dealt to 755d323d 
2b1258ad: folds
eb9f8cfc: folds
755d323d: raises $0.08 to $0.13
eb1509e0: folds
f31d5604: folds
Hero: folds
Uncalled bet ($0.08) returned to 755d323d
*** SHOWDOWN ***
755d323d collected $0.12 from pot
*** SUMMARY ***
Total pot $0.12 | Rake $0 | Jackpot $0 | Bingo $0 | Fortune $0
Seat 1: eb1509e0 (button) folded before Flop (didn't bet)
Seat 2: f31d5604 (small blind) folded before Flop
Seat 3: Hero (big blind) folded before Flop
Seat 4: 2b1258ad folded before Flop (didn't bet)
Seat 5: eb9f8cfc folded before Flop (didn't bet)
Seat 6: 755d323d collected ($0.12)


Poker Hand #HD1206856986: Hold'em No Limit  ($0.02/$0.05) - 2023/04/17 17:34:00
Table 'NLHBlue70' 6-max Seat #6 is the button
Seat 1: eb1509e0 ($1.01 in chips)
Seat 2: f31d5604 ($5.3 in chips)
Seat 3: Hero ($5 in chips)
Seat 4: 2b1258ad ($5.01 in chips)
Seat 5: eb9f8cfc ($5 in chips)
Seat 6: 755d323d ($11.11 in chips)
eb1509e0: posts small blind $0.02
f31d5604: posts big blind $0.05
*** HOLE CARDS ***
Dealt to eb1509e0 
Dealt to f31d5604 
Dealt to Hero [2d Tc]
Dealt to 2b1258ad 
Dealt to eb9f8cfc 
Dealt to 755d323d 
Hero: folds
2b1258ad: folds
eb9f8cfc: folds
755d323d: folds
eb1509e0: calls $0.03
f31d5604: checks
*** FLOP *** [2h Ah Js]
eb1509e0: bets $0.05
f31d5604: folds
Uncalled bet ($0.05) returned to eb1509e0
*** SHOWDOWN ***
eb1509e0 collected $0.1 from pot
*** SUMMARY ***
Total pot $0.1 | Rake $0 | Jackpot $0 | Bingo $0 | Fortune $0
Board [2h Ah Js]
Seat 1: eb1509e0 (small blind) won ($0.1)
Seat 2: f31d5604 (big blind) folded on the Flop
Seat 3: Hero folded before Flop (didn't bet)
Seat 4: 2b1258ad folded before Flop (didn't bet)
Seat 5: eb9f8cfc folded before Flop (didn't bet)
Seat 6: 755d323d (button) folded before Flop (didn't bet)


Poker Hand #HD1206856878: Hold'em No Limit  ($0.02/$0.05) - 2023/04/17 17:33:06
Table 'NLHBlue70' 6-max Seat #5 is the button
Seat 1: eb1509e0 ($1 in chips)
Seat 2: f31d5604 ($5.3 in chips)
Seat 3: Hero ($5 in chips)
Seat 4: 2b1258ad ($5 in chips)
Seat 5: eb9f8cfc ($5 in chips)
Seat 6: 755d323d ($11.13 in chips)
755d323d: posts small blind $0.02
eb1509e0: posts big blind $0.05
*** HOLE CARDS ***
Dealt to eb1509e0 
Dealt to f31d5604 
Dealt to Hero [4c Jd]
Dealt to 2b1258ad 
Dealt to eb9f8cfc 
Dealt to 755d323d 
f31d5604: folds
Hero: folds
2b1258ad: raises $0.07 to $0.12
eb9f8cfc: folds
755d323d: folds
eb1509e0: calls $0.07
*** FLOP *** [7h Ah Th]
eb1509e0: checks
2b1258ad: checks
*** TURN *** [7h Ah Th] [5s]
eb1509e0: checks
2b1258ad: checks
*** RIVER *** [7h Ah Th 5s] [Tc]
eb1509e0: checks
2b1258ad: checks
eb1509e0: shows [7c 9c] (Pair of Tens and Pair of Sevens)
2b1258ad: shows [7d 8d] (Pair of Tens and Pair of Sevens)
*** SHOWDOWN ***
eb1509e0 collected $0.13 from pot
2b1258ad collected $0.13 from pot
*** SUMMARY ***
Total pot $0.26 | Rake $0 | Jackpot $0 | Bingo $0 | Fortune $0
Board [7h Ah Th 5s Tc]
Seat 1: eb1509e0 (big blind) showed [7c 9c] and won ($0.13) with Pair of Tens and Pair of Sevens
Seat 2: f31d5604 folded before Flop (didn't bet)
Seat 3: Hero folded before Flop (didn't bet)
Seat 4: 2b1258ad showed [7d 8d] and won ($0.13) with Pair of Tens and Pair of Sevens
Seat 5: eb9f8cfc (button) folded before Flop (didn't bet)
Seat 6: 755d323d (small blind) folded before Flop


Poker Hand #HD1206856825: Hold'em No Limit  ($0.02/$0.05) - 2023/04/17 17:32:47
Table 'NLHBlue70' 6-max Seat #4 is the button
Seat 1: eb1509e0 ($1 in chips)
Seat 2: f31d5604 ($5.3 in chips)
Seat 3: Hero ($5 in chips)
Seat 4: 2b1258ad ($5 in chips)
Seat 5: eb9f8cfc ($5 in chips)
Seat 6: 755d323d ($11.11 in chips)
eb9f8cfc: posts small blind $0.02
755d323d: posts big blind $0.05
*** HOLE CARDS ***
Dealt to eb1509e0 
Dealt to f31d5604 
Dealt to Hero [4c 2d]
Dealt to 2b1258ad 
Dealt to eb9f8cfc 
Dealt to 755d323d 
eb1509e0: folds
f31d5604: folds
Hero: folds
2b1258ad: folds
eb9f8cfc: folds
Uncalled bet ($0.03) returned to 755d323d
*** SHOWDOWN ***
755d323d collected $0.04 from pot
*** SUMMARY ***
Total pot $0.04 | Rake $0 | Jackpot $0 | Bingo $0 | Fortune $0
Seat 1: eb1509e0 folded before Flop (didn't bet)
Seat 2: f31d5604 folded before Flop (didn't bet)
Seat 3: Hero folded before Flop (didn't bet)
Seat 4: 2b1258ad (button) folded before Flop (didn't bet)
Seat 5: eb9f8cfc (small blind) folded before Flop
Seat 6: 755d323d (big blind) collected ($0.04)


Poker Hand #HD1206856762: Hold'em No Limit  ($0.02/$0.05) - 2023/04/17 17:32:17
Table 'NLHBlue70' 6-max Seat #3 is the button
Seat 2: f31d5604 ($5.23 in chips)
Seat 3: Hero ($5 in chips)
Seat 4: 2b1258ad ($5 in chips)
Seat 5: eb9f8cfc ($5 in chips)
Seat 6: 755d323d ($11.11 in chips)
2b1258ad: posts small blind $0.02
eb9f8cfc: posts big blind $0.05
*** HOLE CARDS ***
Dealt to f31d5604 
Dealt to Hero [4d 3s]
Dealt to 2b1258ad 
Dealt to eb9f8cfc 
Dealt to 755d323d 
755d323d: folds
f31d5604: raises $0.1 to $0.15
Hero: folds
2b1258ad: folds
eb9f8cfc: folds
Uncalled bet ($0.1) returned to f31d5604
*** SHOWDOWN ***
f31d5604 collected $0.12 from pot
*** SUMMARY ***
Total pot $0.12 | Rake $0 | Jackpot $0 | Bingo $0 | Fortune $0
Seat 2: f31d5604 collected ($0.12)
Seat 3: Hero (button) folded before Flop (didn't bet)
Seat 4: 2b1258ad (small blind) folded before Flop
Seat 5: eb9f8cfc (big blind) folded before Flop
Seat 6: 755d323d folded before Flop (didn't bet)


Poker Hand #HD1206856668: Hold'em No Limit  ($0.02/$0.05) - 2023/04/17 17:31:36
Table 'NLHBlue70' 6-max Seat #2 is the button
Seat 1: eb1509e0 ($1.44 in chips)
Seat 2: f31d5604 ($5.23 in chips)
Seat 3: Hero ($5 in chips)
Seat 4: 2b1258ad ($5 in chips)
Seat 5: eb9f8cfc ($5 in chips)
Seat 6: 755d323d ($9.8 in chips)
Hero: posts small blind $0.02
2b1258ad: posts big blind $0.05
*** HOLE CARDS ***
Dealt to eb1509e0 
Dealt to f31d5604 
Dealt to Hero [9s Kh]
Dealt to 2b1258ad 
Dealt to eb9f8cfc 
Dealt to 755d323d 
eb9f8cfc: folds
755d323d: raises $0.08 to $0.13
eb1509e0: calls $0.13
f31d5604: folds
Hero: folds
2b1258ad: folds
*** FLOP *** [4s Jh Qc]
755d323d: bets $0.17
eb1509e0: calls $0.17
*** TURN *** [4s Jh Qc] [7h]
755d323d: bets $0.34
eb1509e0: raises $0.8 to $1.14 and is all-in
755d323d: calls $0.8
eb1509e0: shows [7c 9c] (Pair of Sevens)
755d323d: shows [Qd Ks] (Pair of Queens)
755d323d: Chooses to EV Cashout 
*** RIVER *** [4s Jh Qc 7h] [Ac]
755d323d: Pays Cashout Risk ($0.01)
*** SHOWDOWN ***
755d323d collected $2.76 from pot
*** SUMMARY ***
Total pot $2.95 | Rake $0.14 | Jackpot $0.05 | Bingo $0 | Fortune $0
Board [4s Jh Qc 7h Ac]
Seat 1: eb1509e0 showed [7c 9c] and lost with Pair of Sevens
Seat 2: f31d5604 (button) folded before Flop (didn't bet)
Seat 3: Hero (small blind) folded before Flop
Seat 4: 2b1258ad (big blind) folded before Flop
Seat 5: eb9f8cfc folded before Flop (didn't bet)
Seat 6: 755d323d showed [Qd Ks] and won ($2.76) with Pair of Queens, Cashout Risk ($0.01)


Poker Hand #HD1206856539: Hold'em No Limit  ($0.02/$0.05) - 2023/04/17 17:30:37
Table 'NLHBlue70' 6-max Seat #1 is the button
Seat 1: eb1509e0 ($0.76 in chips)
Seat 2: f31d5604 ($5.25 in chips)
Seat 3: Hero ($5.39 in chips)
Seat 5: eb9f8cfc ($5 in chips)
Seat 6: 755d323d ($9.8 in chips)
f31d5604: posts small blind $0.02
Hero: posts big blind $0.05
*** HOLE CARDS ***
Dealt to eb1509e0 
Dealt to f31d5604 
Dealt to Hero [8h 8d]
Dealt to eb9f8cfc 
Dealt to 755d323d 
eb9f8cfc: raises $0.07 to $0.12
755d323d: folds
eb1509e0: raises $0.31 to $0.43
f31d5604: folds
Hero: calls $0.38
eb9f8cfc: folds
*** FLOP *** [9h 7c Kc]
Hero: checks
eb1509e0: bets $0.33 and is all-in
Hero: calls $0.33
eb1509e0: shows [Ad Jd] (Ace-High)
Hero: shows [8h 8d] (Pair of Eights)
*** TURN *** [9h 7c Kc] [Ac]
eb1509e0: Chooses to EV Cashout 
*** RIVER *** [9h 7c Kc Ac] [Td]
eb1509e0: Pays Cashout Risk ($0.09)
*** SHOWDOWN ***
eb1509e0 collected $1.53 from pot
*** SUMMARY ***
Total pot $1.66 | Rake $0.08 | Jackpot $0.05 | Bingo $0 | Fortune $0
Board [9h 7c Kc Ac Td]
Seat 1: eb1509e0 (button) showed [Ad Jd] and won ($1.53) with Pair of Aces, Cashout Risk ($0.09)
Seat 2: f31d5604 (small blind) folded before Flop
Seat 3: Hero (big blind) showed [8h 8d] and lost with Pair of Eights
Seat 5: eb9f8cfc folded before Flop
Seat 6: 755d323d folded before Flop (didn't bet)


Poker Hand #HD1206856508: Hold'em No Limit  ($0.02/$0.05) - 2023/04/17 17:30:25
Table 'NLHBlue70' 6-max Seat #6 is the button
Seat 1: eb1509e0 ($0.78 in chips)
Seat 2: f31d5604 ($5.23 in chips)
Seat 3: Hero ($5.39 in chips)
Seat 5: eb9f8cfc ($5 in chips)
Seat 6: 755d323d ($9.8 in chips)
eb1509e0: posts small blind $0.02
f31d5604: posts big blind $0.05
*** HOLE CARDS ***
Dealt to eb1509e0 
Dealt to f31d5604 
Dealt to Hero [Th 7s]
Dealt to eb9f8cfc 
Dealt to 755d323d 
Hero: folds
eb9f8cfc: folds
755d323d: folds
eb1509e0: folds
Uncalled bet ($0.03) returned to f31d5604
*** SHOWDOWN ***
f31d5604 collected $0.04 from pot
*** SUMMARY ***
Total pot $0.04 | Rake $0 | Jackpot $0 | Bingo $0 | Fortune $0
Seat 1: eb1509e0 (small blind) folded before Flop
Seat 2: f31d5604 (big blind) collected ($0.04)
Seat 3: Hero folded before Flop (didn't bet)
Seat 5: eb9f8cfc folded before Flop (didn't bet)
Seat 6: 755d323d (button) folded before Flop (didn't bet)


Poker Hand #HD1206856468: Hold'em No Limit  ($0.02/$0.05) - 2023/04/17 17:30:06
Table 'NLHBlue70' 6-max Seat #5 is the button
Seat 1: eb1509e0 ($0.83 in chips)
Seat 2: f31d5604 ($5.23 in chips)
Seat 3: Hero ($5.32 in chips)
Seat 5: eb9f8cfc ($5 in chips)
Seat 6: 755d323d ($9.82 in chips)
755d323d: posts small blind $0.02
eb1509e0: posts big blind $0.05
*** HOLE CARDS ***
Dealt to eb1509e0 
Dealt to f31d5604 
Dealt to Hero [Ks 6s]
Dealt to eb9f8cfc 
Dealt to 755d323d 
f31d5604: folds
Hero: raises $0.07 to $0.12
eb9f8cfc: folds
755d323d: folds
eb1509e0: folds
Uncalled bet ($0.07) returned to Hero
*** SHOWDOWN ***
Hero collected $0.12 from pot
*** SUMMARY ***
Total pot $0.12 | Rake $0 | Jackpot $0 | Bingo $0 | Fortune $0
Seat 1: eb1509e0 (big blind) folded before Flop
Seat 2: f31d5604 folded before Flop (didn't bet)
Seat 3: Hero collected ($0.12)
Seat 5: eb9f8cfc (button) folded before Flop (didn't bet)
Seat 6: 755d323d (small blind) folded before Flop


Poker Hand #HD1206856259: Hold'em No Limit  ($0.02/$0.05) - 2023/04/17 17:28:25
Table 'NLHBlue70' 6-max Seat #4 is the button
Seat 1: eb1509e0 ($0.88 in chips)
Seat 2: f31d5604 ($5.23 in chips)
Seat 3: Hero ($5.32 in chips)
Seat 4: 3d5dce9d ($4 in chips)
Seat 5: eb9f8cfc ($5 in chips)
Seat 6: 755d323d ($6.23 in chips)
eb9f8cfc: posts small blind $0.02
755d323d: posts big blind $0.05
*** HOLE CARDS ***
Dealt to eb1509e0 
Dealt to f31d5604 
Dealt to Hero [Js 7d]
Dealt to 3d5dce9d 
Dealt to eb9f8cfc 
Dealt to 755d323d 
eb1509e0: calls $0.05
f31d5604: folds
Hero: folds
3d5dce9d: raises $0.1 to $0.15
eb9f8cfc: folds
755d323d: raises $0.37 to $0.52
eb1509e0: folds
3d5dce9d: calls $0.37
*** FLOP *** [2c 9h Qc]
755d323d: bets $0.56
3d5dce9d: calls $0.56
*** TURN *** [2c 9h Qc] [2d]
755d323d: bets $1.12
3d5dce9d: raises $1.8 to $2.92 and is all-in
755d323d: calls $1.8
3d5dce9d: shows [Ac Jh] (Pair of Twos)
755d323d: shows [Qd Kd] (Pair of Queens and Pair of Twos)
755d323d: Chooses to EV Cashout 
*** RIVER *** [2c 9h Qc 2d] [5h]
755d323d: Pays Cashout Risk ($0.03)
*** SHOWDOWN ***
755d323d collected $7.62 from pot
*** SUMMARY ***
Total pot $8.07 | Rake $0.4 | Jackpot $0.05 | Bingo $0 | Fortune $0
Board [2c 9h Qc 2d 5h]
Seat 1: eb1509e0 folded before Flop
Seat 2: f31d5604 folded before Flop (didn't bet)
Seat 3: Hero folded before Flop (didn't bet)
Seat 4: 3d5dce9d (button) showed [Ac Jh] and lost with Pair of Twos
Seat 5: eb9f8cfc (small blind) folded before Flop
Seat 6: 755d323d (big blind) showed [Qd Kd] and won ($7.62) with Pair of Queens and Pair of Twos, Cashout Risk ($0.03)


Poker Hand #HD1206856226: Hold'em No Limit  ($0.02/$0.05) - 2023/04/17 17:28:09
Table 'NLHBlue70' 6-max Seat #3 is the button
Seat 1: eb1509e0 ($0.88 in chips)
Seat 2: f31d5604 ($5.23 in chips)
Seat 3: Hero ($5.32 in chips)
Seat 4: 3d5dce9d ($4.02 in chips)
Seat 5: eb9f8cfc ($5 in chips)
Seat 6: 755d323d ($6.16 in chips)
3d5dce9d: posts small blind $0.02
eb9f8cfc: posts big blind $0.05
*** HOLE CARDS ***
Dealt to eb1509e0 
Dealt to f31d5604 
Dealt to Hero [Jh 7c]
Dealt to 3d5dce9d 
Dealt to eb9f8cfc 
Dealt to 755d323d 
755d323d: raises $0.08 to $0.13
eb1509e0: folds
f31d5604: folds
Hero: folds
3d5dce9d: folds
eb9f8cfc: folds
Uncalled bet ($0.08) returned to 755d323d
*** SHOWDOWN ***
755d323d collected $0.12 from pot
*** SUMMARY ***
Total pot $0.12 | Rake $0 | Jackpot $0 | Bingo $0 | Fortune $0
Seat 1: eb1509e0 folded before Flop (didn't bet)
Seat 2: f31d5604 folded before Flop (didn't bet)
Seat 3: Hero (button) folded before Flop (didn't bet)
Seat 4: 3d5dce9d (small blind) folded before Flop
Seat 5: eb9f8cfc (big blind) folded before Flop
Seat 6: 755d323d collected ($0.12)


Poker Hand #HD1206856150: Hold'em No Limit  ($0.02/$0.05) - 2023/04/17 17:27:27
Table 'NLHBlue70' 6-max Seat #2 is the button
Seat 1: eb1509e0 ($0.7 in chips)
Seat 2: f31d5604 ($5.23 in chips)
Seat 3: Hero ($5.34 in chips)
Seat 4: 3d5dce9d ($4.19 in chips)
Seat 6: 755d323d ($6.16 in chips)
Hero: posts small blind $0.02
3d5dce9d: posts big blind $0.05
*** HOLE CARDS ***
Dealt to eb1509e0 
Dealt to f31d5604 
Dealt to Hero [2h 5s]
Dealt to 3d5dce9d 
Dealt to 755d323d 
755d323d: folds
eb1509e0: raises $0.12 to $0.17
f31d5604: folds
Hero: folds
3d5dce9d: calls $0.12
*** FLOP *** [5d 3c 2s]
3d5dce9d: checks
eb1509e0: bets $0.18
3d5dce9d: folds
Uncalled bet ($0.18) returned to eb1509e0
*** SHOWDOWN ***
eb1509e0 collected $0.35 from pot
*** SUMMARY ***
Total pot $0.36 | Rake $0.01 | Jackpot $0 | Bingo $0 | Fortune $0
Board [5d 3c 2s]
Seat 1: eb1509e0 won ($0.35)
Seat 2: f31d5604 (button) folded before Flop (didn't bet)
Seat 3: Hero (small blind) folded before Flop
Seat 4: 3d5dce9d (big blind) folded on the Flop
Seat 6: 755d323d folded before Flop (didn't bet)


Poker Hand #HD1206856024: Hold'em No Limit  ($0.02/$0.05) - 2023/04/17 17:26:27
Table 'NLHBlue70' 6-max Seat #1 is the button
Seat 1: eb1509e0 ($1.06 in chips)
Seat 2: f31d5604 ($5.25 in chips)
Seat 3: Hero ($5 in chips)
Seat 4: 3d5dce9d ($4.29 in chips)
Seat 6: 755d323d ($6.16 in chips)
f31d5604: posts small blind $0.02
Hero: posts big blind $0.05
*** HOLE CARDS ***
Dealt to eb1509e0 
Dealt to f31d5604 
Dealt to Hero [Qh Ah]
Dealt to 3d5dce9d 
Dealt to 755d323d 
3d5dce9d: raises $0.05 to $0.1
755d323d: folds
eb1509e0: calls $0.1
f31d5604: folds
Hero: raises $0.52 to $0.62
3d5dce9d: folds
eb1509e0: raises $0.44 to $1.06 and is all-in
Hero: calls $0.44
eb1509e0: shows [3h 2h]
Hero: shows [Qh Ah]
*** FIRST FLOP *** [Kh 6c Kd]
*** FIRST TURN *** [Kh 6c Kd] [5h]
*** FIRST RIVER *** [Kh 6c Kd 5h] [Qs]
*** SECOND FLOP *** [Jc 2s Tc]
*** SECOND TURN *** [Jc 2s Tc] [Th]
*** SECOND RIVER *** [Jc 2s Tc Th] [4h]
*** THIRD FLOP *** [7s 7h 9h]
*** THIRD TURN *** [7s 7h 9h] [4c]
*** THIRD RIVER *** [7s 7h 9h 4c] [Qd]
*** FIRST SHOWDOWN ***
Hero collected $0.7 from pot
*** SECOND SHOWDOWN ***
eb1509e0 collected $0.7 from pot
*** THIRD SHOWDOWN ***
Hero collected $0.7 from pot
*** SUMMARY ***
Total pot $2.24 | Rake $0.09 | Jackpot $0.05 | Bingo $0 | Fortune $0
Hand was run three times
FIRST Board [Kh 6c Kd 5h Qs]
SECOND Board [Jc 2s Tc Th 4h]
THIRD Board [7s 7h 9h 4c Qd]
Seat 1: eb1509e0 (button) showed [3h 2h] and lost with Pair of Kings, and won ($0.7) with Pair of Tens and Pair of Twos, and lost with Pair of Sevens
Seat 2: f31d5604 (small blind) folded before Flop
Seat 3: Hero (big blind) showed [Qh Ah] and won ($0.7) with Pair of Kings and Pair of Queens, and lost with Pair of Tens, and won ($0.7) with Pair of Queens and Pair of Sevens
Seat 4: 3d5dce9d folded before Flop
Seat 6: 755d323d folded before Flop (didn't bet)


