Poker Hand #HD1596252587: Hold'em No Limit ($0.02/$0.05) - 2024/01/19 21:02:21
Table 'NLHBlue2' 6-max Seat #5 is the button
Seat 1: a1ee7304 ($2.77 in chips)
Seat 2: Hero ($8.7 in chips)
Seat 3: 80d788d1 ($5.61 in chips)
Seat 4: cbbb01d0 ($5.93 in chips)
Seat 5: dc7bb8a3 ($4.98 in chips)
Seat 6: e09a8428 ($5.82 in chips)
e09a8428: posts small blind $0.02
a1ee7304: posts big blind $0.05
*** HOLE CARDS ***
Dealt to a1ee7304 
Dealt to Hero [6c Ks]
Dealt to 80d788d1 
Dealt to cbbb01d0 
Dealt to dc7bb8a3 
Dealt to e09a8428 
Hero: folds
80d788d1: folds
cbbb01d0: folds
dc7bb8a3: calls $0.05
e09a8428: folds
a1ee7304: checks
*** FLOP *** [4d 2d 5d]
a1ee7304: checks
dc7bb8a3: checks
*** TURN *** [4d 2d 5d] [7d]
a1ee7304: checks
dc7bb8a3: checks
*** RIVER *** [4d 2d 5d 7d] [Qh]
a1ee7304: checks
dc7bb8a3: checks
a1ee7304: shows [2c 7h] (Pair of Sevens and Pair of Twos)
dc7bb8a3: shows [As 8s] (Ace-High)
*** SHOWDOWN ***
a1ee7304 collected $0.12 from pot
*** SUMMARY ***
Total pot $0.12 | Rake $0 | Jackpot $0 | Bingo $0 | Fortune $0 | Tax $0
Board [4d 2d 5d 7d Qh]
Seat 1: a1ee7304 (big blind) showed [2c 7h] and won ($0.12) with Pair of Sevens and Pair of Twos
Seat 2: Hero folded before Flop (didn't bet)
Seat 3: 80d788d1 folded before Flop (didn't bet)
Seat 4: cbbb01d0 folded before Flop (didn't bet)
Seat 5: dc7bb8a3 (button) showed [As 8s] and lost with Ace-High
Seat 6: e09a8428 (small blind) folded before Flop


Poker Hand #HD1596252556: Hold'em No Limit ($0.02/$0.05) - 2024/01/19 21:01:57
Table 'NLHBlue2' 6-max Seat #4 is the button
Seat 1: a1ee7304 ($2.77 in chips)
Seat 2: Hero ($8.7 in chips)
Seat 3: 80d788d1 ($5.61 in chips)
Seat 4: cbbb01d0 ($5.86 in chips)
Seat 5: dc7bb8a3 ($5 in chips)
Seat 6: e09a8428 ($5.87 in chips)
dc7bb8a3: posts small blind $0.02
e09a8428: posts big blind $0.05
*** HOLE CARDS ***
Dealt to a1ee7304 
Dealt to Hero [Ks 9h]
Dealt to 80d788d1 
Dealt to cbbb01d0 
Dealt to dc7bb8a3 
Dealt to e09a8428 
a1ee7304: folds
Hero: folds
80d788d1: folds
cbbb01d0: raises $0.07 to $0.12
dc7bb8a3: folds
e09a8428: folds
Uncalled bet ($0.07) returned to cbbb01d0
*** SHOWDOWN ***
cbbb01d0 collected $0.12 from pot
*** SUMMARY ***
Total pot $0.12 | Rake $0 | Jackpot $0 | Bingo $0 | Fortune $0 | Tax $0
Seat 1: a1ee7304 folded before Flop (didn't bet)
Seat 2: Hero folded before Flop (didn't bet)
Seat 3: 80d788d1 folded before Flop (didn't bet)
Seat 4: cbbb01d0 (button) collected ($0.12)
Seat 5: dc7bb8a3 (small blind) folded before Flop
Seat 6: e09a8428 (big blind) folded before Flop


Poker Hand #HD1596252537: Hold'em No Limit ($0.02/$0.05) - 2024/01/19 21:01:42
Table 'NLHBlue2' 6-max Seat #3 is the button
Seat 1: a1ee7304 ($2.77 in chips)
Seat 2: Hero ($8.7 in chips)
Seat 3: 80d788d1 ($5.61 in chips)
Seat 4: cbbb01d0 ($5.81 in chips)
Seat 5: dc7bb8a3 ($5.05 in chips)
Seat 6: e09a8428 ($5.87 in chips)
cbbb01d0: posts small blind $0.02
dc7bb8a3: posts big blind $0.05
*** HOLE CARDS ***
Dealt to a1ee7304 
Dealt to Hero [Kh 6d]
Dealt to 80d788d1 
Dealt to cbbb01d0 
Dealt to dc7bb8a3 
Dealt to e09a8428 
e09a8428: folds
a1ee7304: folds
Hero: folds
80d788d1: folds
cbbb01d0: raises $0.07 to $0.12
dc7bb8a3: folds
Uncalled bet ($0.07) returned to cbbb01d0
*** SHOWDOWN ***
cbbb01d0 collected $0.1 from pot
*** SUMMARY ***
Total pot $0.1 | Rake $0 | Jackpot $0 | Bingo $0 | Fortune $0 | Tax $0
Seat 1: a1ee7304 folded before Flop (didn't bet)
Seat 2: Hero folded before Flop (didn't bet)
Seat 3: 80d788d1 (button) folded before Flop (didn't bet)
Seat 4: cbbb01d0 (small blind) collected ($0.1)
Seat 5: dc7bb8a3 (big blind) folded before Flop
Seat 6: e09a8428 folded before Flop (didn't bet)


Poker Hand #HD1596252499: Hold'em No Limit ($0.02/$0.05) - 2024/01/19 21:01:15
Table 'NLHBlue2' 6-max Seat #2 is the button
Seat 1: a1ee7304 ($2.77 in chips)
Seat 2: Hero ($8.7 in chips)
Seat 3: 80d788d1 ($5.47 in chips)
Seat 4: cbbb01d0 ($5.96 in chips)
Seat 5: dc7bb8a3 ($5.05 in chips)
Seat 6: e09a8428 ($5.87 in chips)
80d788d1: posts small blind $0.02
cbbb01d0: posts big blind $0.05
*** HOLE CARDS ***
Dealt to a1ee7304 
Dealt to Hero [5h Ts]
Dealt to 80d788d1 
Dealt to cbbb01d0 
Dealt to dc7bb8a3 
Dealt to e09a8428 
dc7bb8a3: folds
e09a8428: folds
a1ee7304: folds
Hero: folds
80d788d1: raises $0.1 to $0.15
cbbb01d0: calls $0.1
*** FLOP *** [6h Ad 8d]
80d788d1: bets $0.15
cbbb01d0: folds
Uncalled bet ($0.15) returned to 80d788d1
*** SHOWDOWN ***
80d788d1 collected $0.29 from pot
*** SUMMARY ***
Total pot $0.3 | Rake $0.01 | Jackpot $0 | Bingo $0 | Fortune $0 | Tax $0
Board [6h Ad 8d]
Seat 1: a1ee7304 folded before Flop (didn't bet)
Seat 2: Hero (button) folded before Flop (didn't bet)
Seat 3: 80d788d1 (small blind) won ($0.29)
Seat 4: cbbb01d0 (big blind) folded on the Flop
Seat 5: dc7bb8a3 folded before Flop (didn't bet)
Seat 6: e09a8428 folded before Flop (didn't bet)


Poker Hand #HD1596252427: Hold'em No Limit ($0.02/$0.05) - 2024/01/19 21:00:23
Table 'NLHBlue2' 6-max Seat #1 is the button
Seat 1: a1ee7304 ($2.77 in chips)
Seat 2: Hero ($8.72 in chips)
Seat 3: 80d788d1 ($5.58 in chips)
Seat 4: cbbb01d0 ($5.96 in chips)
Seat 5: dc7bb8a3 ($4.93 in chips)
Seat 6: e09a8428 ($5.87 in chips)
Hero: posts small blind $0.02
80d788d1: posts big blind $0.05
*** HOLE CARDS ***
Dealt to a1ee7304 
Dealt to Hero [9d 2c]
Dealt to 80d788d1 
Dealt to cbbb01d0 
Dealt to dc7bb8a3 
Dealt to e09a8428 
cbbb01d0: folds
dc7bb8a3: calls $0.05
e09a8428: folds
a1ee7304: folds
Hero: folds
80d788d1: checks
*** FLOP *** [4d Qd Ah]
80d788d1: checks
dc7bb8a3: bets $0.06
80d788d1: calls $0.06
*** TURN *** [4d Qd Ah] [Qc]
80d788d1: checks
dc7bb8a3: checks
*** RIVER *** [4d Qd Ah Qc] [Td]
80d788d1: checks
dc7bb8a3: checks
80d788d1: shows [Kh 4h] (Pair of Queens and Pair of Fours)
dc7bb8a3: shows [7c Ac] (Pair of Aces and Pair of Queens)
*** SHOWDOWN ***
dc7bb8a3 collected $0.23 from pot
*** SUMMARY ***
Total pot $0.24 | Rake $0.01 | Jackpot $0 | Bingo $0 | Fortune $0 | Tax $0
Board [4d Qd Ah Qc Td]
Seat 1: a1ee7304 (button) folded before Flop (didn't bet)
Seat 2: Hero (small blind) folded before Flop
Seat 3: 80d788d1 (big blind) showed [Kh 4h] and lost with Pair of Queens and Pair of Fours
Seat 4: cbbb01d0 folded before Flop (didn't bet)
Seat 5: dc7bb8a3 showed [7c Ac] and won ($0.23) with Pair of Aces and Pair of Queens
Seat 6: e09a8428 folded before Flop (didn't bet)


Poker Hand #HD1596252350: Hold'em No Limit ($0.02/$0.05) - 2024/01/19 20:59:29
Table 'NLHBlue2' 6-max Seat #6 is the button
Seat 1: a1ee7304 ($2.79 in chips)
Seat 2: Hero ($8.77 in chips)
Seat 3: 80d788d1 ($5.58 in chips)
Seat 4: cbbb01d0 ($5.35 in chips)
Seat 5: dc7bb8a3 ($4.93 in chips)
Seat 6: e09a8428 ($6.47 in chips)
a1ee7304: posts small blind $0.02
Hero: posts big blind $0.05
*** HOLE CARDS ***
Dealt to a1ee7304 
Dealt to Hero [6h Ks]
Dealt to 80d788d1 
Dealt to cbbb01d0 
Dealt to dc7bb8a3 
Dealt to e09a8428 
80d788d1: folds
cbbb01d0: raises $0.07 to $0.12
dc7bb8a3: folds
e09a8428: calls $0.12
a1ee7304: folds
Hero: folds
*** FLOP *** [7h 5d Th]
cbbb01d0: bets $0.16
e09a8428: calls $0.16
*** TURN *** [7h 5d Th] [Jh]
cbbb01d0: bets $0.32
e09a8428: calls $0.32
*** RIVER *** [7h 5d Th Jh] [3c]
cbbb01d0: bets $0.64
e09a8428: folds
Uncalled bet ($0.64) returned to cbbb01d0
*** SHOWDOWN ***
cbbb01d0 collected $1.21 from pot
*** SUMMARY ***
Total pot $1.27 | Rake $0.06 | Jackpot $0 | Bingo $0 | Fortune $0 | Tax $0
Board [7h 5d Th Jh 3c]
Seat 1: a1ee7304 (small blind) folded before Flop
Seat 2: Hero (big blind) folded before Flop
Seat 3: 80d788d1 folded before Flop (didn't bet)
Seat 4: cbbb01d0 won ($1.21)
Seat 5: dc7bb8a3 folded before Flop (didn't bet)
Seat 6: e09a8428 (button) folded on the River


Poker Hand #HD1596252335: Hold'em No Limit ($0.02/$0.05) - 2024/01/19 20:59:17
Table 'NLHBlue2' 6-max Seat #5 is the button
Seat 1: a1ee7304 ($2.84 in chips)
Seat 2: Hero ($8.77 in chips)
Seat 3: 80d788d1 ($5.58 in chips)
Seat 4: cbbb01d0 ($5.28 in chips)
Seat 5: dc7bb8a3 ($4.93 in chips)
Seat 6: e09a8428 ($6.49 in chips)
e09a8428: posts small blind $0.02
a1ee7304: posts big blind $0.05
*** HOLE CARDS ***
Dealt to a1ee7304 
Dealt to Hero [9d Kh]
Dealt to 80d788d1 
Dealt to cbbb01d0 
Dealt to dc7bb8a3 
Dealt to e09a8428 
Hero: folds
80d788d1: folds
cbbb01d0: raises $0.07 to $0.12
dc7bb8a3: folds
e09a8428: folds
a1ee7304: folds
Uncalled bet ($0.07) returned to cbbb01d0
*** SHOWDOWN ***
cbbb01d0 collected $0.12 from pot
*** SUMMARY ***
Total pot $0.12 | Rake $0 | Jackpot $0 | Bingo $0 | Fortune $0 | Tax $0
Seat 1: a1ee7304 (big blind) folded before Flop
Seat 2: Hero folded before Flop (didn't bet)
Seat 3: 80d788d1 folded before Flop (didn't bet)
Seat 4: cbbb01d0 collected ($0.12)
Seat 5: dc7bb8a3 (button) folded before Flop (didn't bet)
Seat 6: e09a8428 (small blind) folded before Flop


Poker Hand #HD1596252286: Hold'em No Limit ($0.02/$0.05) - 2024/01/19 20:58:45
Table 'NLHBlue2' 6-max Seat #4 is the button
Seat 1: a1ee7304 ($2.84 in chips)
Seat 2: Hero ($8.77 in chips)
Seat 3: 80d788d1 ($5.9 in chips)
Seat 4: cbbb01d0 ($5.28 in chips)
Seat 5: dc7bb8a3 ($4.95 in chips)
Seat 6: e09a8428 ($6.18 in chips)
dc7bb8a3: posts small blind $0.02
e09a8428: posts big blind $0.05
*** HOLE CARDS ***
Dealt to a1ee7304 
Dealt to Hero [Ad 6c]
Dealt to 80d788d1 
Dealt to cbbb01d0 
Dealt to dc7bb8a3 
Dealt to e09a8428 
a1ee7304: folds
Hero: folds
80d788d1: raises $0.05 to $0.1
cbbb01d0: folds
dc7bb8a3: folds
e09a8428: raises $0.22 to $0.32
80d788d1: calls $0.22
*** FLOP *** [Qs Td 6s]
e09a8428: bets $0.33
80d788d1: folds
Uncalled bet ($0.33) returned to e09a8428
*** SHOWDOWN ***
e09a8428 collected $0.63 from pot
*** SUMMARY ***
Total pot $0.66 | Rake $0.03 | Jackpot $0 | Bingo $0 | Fortune $0 | Tax $0
Board [Qs Td 6s]
Seat 1: a1ee7304 folded before Flop (didn't bet)
Seat 2: Hero folded before Flop (didn't bet)
Seat 3: 80d788d1 folded on the Flop
Seat 4: cbbb01d0 (button) folded before Flop (didn't bet)
Seat 5: dc7bb8a3 (small blind) folded before Flop
Seat 6: e09a8428 (big blind) won ($0.63)


Poker Hand #HD1596252228: Hold'em No Limit ($0.02/$0.05) - 2024/01/19 20:58:09
Table 'NLHBlue2' 6-max Seat #3 is the button
Seat 1: a1ee7304 ($2.77 in chips)
Seat 2: Hero ($8.77 in chips)
Seat 3: 80d788d1 ($5.9 in chips)
Seat 4: cbbb01d0 ($5.3 in chips)
Seat 5: dc7bb8a3 ($5 in chips)
Seat 6: e09a8428 ($6.18 in chips)
cbbb01d0: posts small blind $0.02
dc7bb8a3: posts big blind $0.05
*** HOLE CARDS ***
Dealt to a1ee7304 
Dealt to Hero [Qc 6c]
Dealt to 80d788d1 
Dealt to cbbb01d0 
Dealt to dc7bb8a3 
Dealt to e09a8428 
e09a8428: folds
a1ee7304: calls $0.05
Hero: folds
80d788d1: folds
cbbb01d0: folds
dc7bb8a3: checks
*** FLOP *** [Ad Kh 9h]
dc7bb8a3: checks
a1ee7304: checks
*** TURN *** [Ad Kh 9h] [9s]
dc7bb8a3: checks
a1ee7304: bets $0.06
dc7bb8a3: folds
Uncalled bet ($0.06) returned to a1ee7304
*** SHOWDOWN ***
a1ee7304 collected $0.12 from pot
*** SUMMARY ***
Total pot $0.12 | Rake $0 | Jackpot $0 | Bingo $0 | Fortune $0 | Tax $0
Board [Ad Kh 9h 9s]
Seat 1: a1ee7304 won ($0.12)
Seat 2: Hero folded before Flop (didn't bet)
Seat 3: 80d788d1 (button) folded before Flop (didn't bet)
Seat 4: cbbb01d0 (small blind) folded before Flop
Seat 5: dc7bb8a3 (big blind) folded on the Turn
Seat 6: e09a8428 folded before Flop (didn't bet)


Poker Hand #HD1596252139: Hold'em No Limit ($0.02/$0.05) - 2024/01/19 20:57:06
Table 'NLHBlue2' 6-max Seat #2 is the button
Seat 1: a1ee7304 ($2.77 in chips)
Seat 2: Hero ($8.77 in chips)
Seat 3: 80d788d1 ($5.92 in chips)
Seat 4: cbbb01d0 ($5 in chips)
Seat 5: c9fdbf89 ($5 in chips)
Seat 6: e09a8428 ($6.49 in chips)
80d788d1: posts small blind $0.02
cbbb01d0: posts big blind $0.05
*** HOLE CARDS ***
Dealt to a1ee7304 
Dealt to Hero [2c 5h]
Dealt to 80d788d1 
Dealt to cbbb01d0 
Dealt to c9fdbf89 
Dealt to e09a8428 
c9fdbf89: folds
e09a8428: raises $0.1 to $0.15
a1ee7304: folds
Hero: folds
80d788d1: folds
cbbb01d0: calls $0.1
*** FLOP *** [Th 5s 4c]
cbbb01d0: checks
e09a8428: checks
*** TURN *** [Th 5s 4c] [Qh]
cbbb01d0: bets $0.16
e09a8428: calls $0.16
*** RIVER *** [Th 5s 4c Qh] [Kc]
cbbb01d0: checks
e09a8428: checks
cbbb01d0: shows [5c Ad] (Pair of Fives)
e09a8428: shows [2h Ah] (Ace-High)
*** SHOWDOWN ***
cbbb01d0 collected $0.61 from pot
*** SUMMARY ***
Total pot $0.64 | Rake $0.03 | Jackpot $0 | Bingo $0 | Fortune $0 | Tax $0
Board [Th 5s 4c Qh Kc]
Seat 1: a1ee7304 folded before Flop (didn't bet)
Seat 2: Hero (button) folded before Flop (didn't bet)
Seat 3: 80d788d1 (small blind) folded before Flop
Seat 4: cbbb01d0 (big blind) showed [5c Ad] and won ($0.61) with Pair of Fives
Seat 5: c9fdbf89 folded before Flop (didn't bet)
Seat 6: e09a8428 showed [2h Ah] and lost with Ace-High


Poker Hand #HD1596252082: Hold'em No Limit ($0.02/$0.05) - 2024/01/19 20:56:24
Table 'NLHBlue2' 6-max Seat #1 is the button
Seat 1: a1ee7304 ($2.77 in chips)
Seat 2: Hero ($8.79 in chips)
Seat 3: 80d788d1 ($5.76 in chips)
Seat 4: c7a0649c ($5 in chips)
Seat 5: c9fdbf89 ($5 in chips)
Seat 6: e09a8428 ($6.64 in chips)
Hero: posts small blind $0.02
80d788d1: posts big blind $0.05
*** HOLE CARDS ***
Dealt to a1ee7304 
Dealt to Hero [Td Jc]
Dealt to 80d788d1 
Dealt to c7a0649c 
Dealt to c9fdbf89 
Dealt to e09a8428 
c7a0649c: folds
c9fdbf89: folds
e09a8428: raises $0.1 to $0.15
a1ee7304: folds
Hero: folds
80d788d1: calls $0.1
*** FLOP *** [4d 8d 6s]
80d788d1: checks
e09a8428: checks
*** TURN *** [4d 8d 6s] [7d]
80d788d1: bets $0.24
e09a8428: folds
Uncalled bet ($0.24) returned to 80d788d1
*** SHOWDOWN ***
80d788d1 collected $0.31 from pot
*** SUMMARY ***
Total pot $0.32 | Rake $0.01 | Jackpot $0 | Bingo $0 | Fortune $0 | Tax $0
Board [4d 8d 6s 7d]
Seat 1: a1ee7304 (button) folded before Flop (didn't bet)
Seat 2: Hero (small blind) folded before Flop
Seat 3: 80d788d1 (big blind) won ($0.31)
Seat 4: c7a0649c folded before Flop (didn't bet)
Seat 5: c9fdbf89 folded before Flop (didn't bet)
Seat 6: e09a8428 folded on the Turn


Poker Hand #HD1596252022: Hold'em No Limit ($0.02/$0.05) - 2024/01/19 20:55:43
Table 'NLHBlue2' 6-max Seat #6 is the button
Seat 1: a1ee7304 ($2.79 in chips)
Seat 2: Hero ($8.84 in chips)
Seat 3: 80d788d1 ($5 in chips)
Seat 4: c7a0649c ($5.07 in chips)
Seat 5: c9fdbf89 ($5 in chips)
Seat 6: e09a8428 ($7.01 in chips)
a1ee7304: posts small blind $0.02
Hero: posts big blind $0.05
*** HOLE CARDS ***
Dealt to a1ee7304 
Dealt to Hero [7c 3d]
Dealt to 80d788d1 
Dealt to c7a0649c 
Dealt to c9fdbf89 
Dealt to e09a8428 
80d788d1: raises $0.05 to $0.1
c7a0649c: raises $0.27 to $0.37
c9fdbf89: folds
e09a8428: calls $0.37
a1ee7304: folds
Hero: folds
80d788d1: raises $0.89 to $1.26
c7a0649c: folds
e09a8428: folds
Uncalled bet ($0.89) returned to 80d788d1
*** SHOWDOWN ***
80d788d1 collected $1.13 from pot
*** SUMMARY ***
Total pot $1.18 | Rake $0.05 | Jackpot $0 | Bingo $0 | Fortune $0 | Tax $0
Seat 1: a1ee7304 (small blind) folded before Flop
Seat 2: Hero (big blind) folded before Flop
Seat 3: 80d788d1 collected ($1.13)
Seat 4: c7a0649c folded before Flop
Seat 5: c9fdbf89 folded before Flop (didn't bet)
Seat 6: e09a8428 (button) folded before Flop


Poker Hand #HD1596251984: Hold'em No Limit ($0.02/$0.05) - 2024/01/19 20:55:19
Table 'NLHBlue2' 6-max Seat #5 is the button
Seat 1: a1ee7304 ($2.84 in chips)
Seat 2: Hero ($8.84 in chips)
Seat 3: 80d788d1 ($5 in chips)
Seat 4: c7a0649c ($5 in chips)
Seat 5: c9fdbf89 ($5 in chips)
Seat 6: e09a8428 ($7.03 in chips)
e09a8428: posts small blind $0.02
a1ee7304: posts big blind $0.05
*** HOLE CARDS ***
Dealt to a1ee7304 
Dealt to Hero [4s 9s]
Dealt to 80d788d1 
Dealt to c7a0649c 
Dealt to c9fdbf89 
Dealt to e09a8428 
Hero: folds
80d788d1: folds
c7a0649c: raises $0.07 to $0.12
c9fdbf89: folds
e09a8428: folds
a1ee7304: folds
Uncalled bet ($0.07) returned to c7a0649c
*** SHOWDOWN ***
c7a0649c collected $0.12 from pot
*** SUMMARY ***
Total pot $0.12 | Rake $0 | Jackpot $0 | Bingo $0 | Fortune $0 | Tax $0
Seat 1: a1ee7304 (big blind) folded before Flop
Seat 2: Hero folded before Flop (didn't bet)
Seat 3: 80d788d1 folded before Flop (didn't bet)
Seat 4: c7a0649c collected ($0.12)
Seat 5: c9fdbf89 (button) folded before Flop (didn't bet)
Seat 6: e09a8428 (small blind) folded before Flop


Poker Hand #HD1596251899: Hold'em No Limit ($0.02/$0.05) - 2024/01/19 20:54:18
Table 'NLHBlue2' 6-max Seat #4 is the button
Seat 1: a1ee7304 ($2.74 in chips)
Seat 2: Hero ($8.84 in chips)
Seat 3: 80d788d1 ($5 in chips)
Seat 4: c7a0649c ($5 in chips)
Seat 5: c9fdbf89 ($5 in chips)
Seat 6: e09a8428 ($7.08 in chips)
c9fdbf89: posts small blind $0.02
e09a8428: posts big blind $0.05
*** HOLE CARDS ***
Dealt to a1ee7304 
Dealt to Hero [5d 8h]
Dealt to 80d788d1 
Dealt to c7a0649c 
Dealt to c9fdbf89 
Dealt to e09a8428 
a1ee7304: calls $0.05
Hero: folds
80d788d1: folds
c7a0649c: folds
c9fdbf89: calls $0.03
e09a8428: checks
*** FLOP *** [2s Jd Td]
c9fdbf89: checks
e09a8428: checks
a1ee7304: checks
*** TURN *** [2s Jd Td] [Ts]
c9fdbf89: checks
e09a8428: checks
a1ee7304: checks
*** RIVER *** [2s Jd Td Ts] [7s]
c9fdbf89: checks
e09a8428: checks
a1ee7304: checks
c9fdbf89: shows [8c Ks] (Pair of Tens)
e09a8428: shows [Qs 4h] (Pair of Tens)
a1ee7304: shows [5c As] (Pair of Tens)
*** SHOWDOWN ***
a1ee7304 collected $0.15 from pot
*** SUMMARY ***
Total pot $0.15 | Rake $0 | Jackpot $0 | Bingo $0 | Fortune $0 | Tax $0
Board [2s Jd Td Ts 7s]
Seat 1: a1ee7304 showed [5c As] and won ($0.15) with Pair of Tens
Seat 2: Hero folded before Flop (didn't bet)
Seat 3: 80d788d1 folded before Flop (didn't bet)
Seat 4: c7a0649c (button) folded before Flop (didn't bet)
Seat 5: c9fdbf89 (small blind) showed [8c Ks] and lost with Pair of Tens
Seat 6: e09a8428 (big blind) showed [Qs 4h] and lost with Pair of Tens


Poker Hand #HD1596251872: Hold'em No Limit ($0.02/$0.05) - 2024/01/19 20:53:58
Table 'NLHBlue2' 6-max Seat #3 is the button
Seat 1: a1ee7304 ($2.74 in chips)
Seat 2: Hero ($8.84 in chips)
Seat 3: 80d788d1 ($5 in chips)
Seat 4: c7a0649c ($5.02 in chips)
Seat 5: c9fdbf89 ($5 in chips)
Seat 6: e09a8428 ($7.01 in chips)
c7a0649c: posts small blind $0.02
c9fdbf89: posts big blind $0.05
*** HOLE CARDS ***
Dealt to a1ee7304 
Dealt to Hero [3c 4c]
Dealt to 80d788d1 
Dealt to c7a0649c 
Dealt to c9fdbf89 
Dealt to e09a8428 
e09a8428: raises $0.1 to $0.15
a1ee7304: folds
Hero: folds
80d788d1: folds
c7a0649c: folds
c9fdbf89: folds
Uncalled bet ($0.1) returned to e09a8428
*** SHOWDOWN ***
e09a8428 collected $0.12 from pot
*** SUMMARY ***
Total pot $0.12 | Rake $0 | Jackpot $0 | Bingo $0 | Fortune $0 | Tax $0
Seat 1: a1ee7304 folded before Flop (didn't bet)
Seat 2: Hero folded before Flop (didn't bet)
Seat 3: 80d788d1 (button) folded before Flop (didn't bet)
Seat 4: c7a0649c (small blind) folded before Flop
Seat 5: c9fdbf89 (big blind) folded before Flop
Seat 6: e09a8428 collected ($0.12)


Poker Hand #HD1596251852: Hold'em No Limit ($0.02/$0.05) - 2024/01/19 20:53:43
Table 'NLHBlue2' 6-max Seat #2 is the button
Seat 1: a1ee7304 ($2.74 in chips)
Seat 2: Hero ($8.84 in chips)
Seat 3: 80d788d1 ($5 in chips)
Seat 4: c7a0649c ($5 in chips)
Seat 6: e09a8428 ($7.01 in chips)
80d788d1: posts small blind $0.02
c7a0649c: posts big blind $0.05
*** HOLE CARDS ***
Dealt to a1ee7304 
Dealt to Hero [6d 3s]
Dealt to 80d788d1 
Dealt to c7a0649c 
Dealt to e09a8428 
e09a8428: folds
a1ee7304: folds
Hero: folds
80d788d1: folds
Uncalled bet ($0.03) returned to c7a0649c
*** SHOWDOWN ***
c7a0649c collected $0.04 from pot
*** SUMMARY ***
Total pot $0.04 | Rake $0 | Jackpot $0 | Bingo $0 | Fortune $0 | Tax $0
Seat 1: a1ee7304 folded before Flop (didn't bet)
Seat 2: Hero (button) folded before Flop (didn't bet)
Seat 3: 80d788d1 (small blind) folded before Flop
Seat 4: c7a0649c (big blind) collected ($0.04)
Seat 6: e09a8428 folded before Flop (didn't bet)


Poker Hand #HD1596251810: Hold'em No Limit ($0.02/$0.05) - 2024/01/19 20:53:14
Table 'NLHBlue2' 6-max Seat #1 is the button
Seat 1: a1ee7304 ($2.67 in chips)
Seat 2: Hero ($8.86 in chips)
Seat 3: 80d788d1 ($5 in chips)
Seat 4: c7a0649c ($5 in chips)
Seat 6: e09a8428 ($7.01 in chips)
Hero: posts small blind $0.02
80d788d1: posts big blind $0.05
*** HOLE CARDS ***
Dealt to a1ee7304 
Dealt to Hero [9h 2s]
Dealt to 80d788d1 
Dealt to c7a0649c 
Dealt to e09a8428 
c7a0649c: folds
e09a8428: folds
a1ee7304: calls $0.05
Hero: folds
80d788d1: checks
*** FLOP *** [2d Ad Th]
80d788d1: checks
a1ee7304: bets $0.06
80d788d1: folds
Uncalled bet ($0.06) returned to a1ee7304
*** SHOWDOWN ***
a1ee7304 collected $0.12 from pot
*** SUMMARY ***
Total pot $0.12 | Rake $0 | Jackpot $0 | Bingo $0 | Fortune $0 | Tax $0
Board [2d Ad Th]
Seat 1: a1ee7304 (button) won ($0.12)
Seat 2: Hero (small blind) folded before Flop
Seat 3: 80d788d1 (big blind) folded on the Flop
Seat 4: c7a0649c folded before Flop (didn't bet)
Seat 6: e09a8428 folded before Flop (didn't bet)


Poker Hand #HD1596251783: Hold'em No Limit ($0.02/$0.05) - 2024/01/19 20:52:53
Table 'NLHBlue2' 6-max Seat #6 is the button
Seat 1: a1ee7304 ($2.62 in chips)
Seat 2: Hero ($8.91 in chips)
Seat 3: 80d788d1 ($5 in chips)
Seat 4: c7a0649c ($5 in chips)
Seat 6: e09a8428 ($7.01 in chips)
a1ee7304: posts small blind $0.02
Hero: posts big blind $0.05
*** HOLE CARDS ***
Dealt to a1ee7304 
Dealt to Hero [7d 4d]
Dealt to 80d788d1 
Dealt to c7a0649c 
Dealt to e09a8428 
80d788d1: folds
c7a0649c: folds
e09a8428: folds
a1ee7304: raises $0.15 to $0.2
Hero: folds
Uncalled bet ($0.15) returned to a1ee7304
*** SHOWDOWN ***
a1ee7304 collected $0.1 from pot
*** SUMMARY ***
Total pot $0.1 | Rake $0 | Jackpot $0 | Bingo $0 | Fortune $0 | Tax $0
Seat 1: a1ee7304 (small blind) collected ($0.1)
Seat 2: Hero (big blind) folded before Flop
Seat 3: 80d788d1 folded before Flop (didn't bet)
Seat 4: c7a0649c folded before Flop (didn't bet)
Seat 6: e09a8428 (button) folded before Flop (didn't bet)


Poker Hand #HD1596251756: Hold'em No Limit ($0.02/$0.05) - 2024/01/19 20:52:39
Table 'NLHBlue2' 6-max Seat #4 is the button
Seat 1: a1ee7304 ($2.67 in chips)
Seat 2: Hero ($8.84 in chips)
Seat 3: 80d788d1 ($5 in chips)
Seat 4: c7a0649c ($5 in chips)
Seat 6: e09a8428 ($7.03 in chips)
e09a8428: posts small blind $0.02
a1ee7304: posts big blind $0.05
*** HOLE CARDS ***
Dealt to a1ee7304 
Dealt to Hero [Kh Qc]
Dealt to 80d788d1 
Dealt to c7a0649c 
Dealt to e09a8428 
Hero: raises $0.07 to $0.12
80d788d1: folds
c7a0649c: folds
e09a8428: folds
a1ee7304: folds
Uncalled bet ($0.07) returned to Hero
*** SHOWDOWN ***
Hero collected $0.12 from pot
*** SUMMARY ***
Total pot $0.12 | Rake $0 | Jackpot $0 | Bingo $0 | Fortune $0 | Tax $0
Seat 1: a1ee7304 (big blind) folded before Flop
Seat 2: Hero collected ($0.12)
Seat 3: 80d788d1 folded before Flop (didn't bet)
Seat 4: c7a0649c (button) folded before Flop (didn't bet)
Seat 6: e09a8428 (small blind) folded before Flop


Poker Hand #HD1596251718: Hold'em No Limit ($0.02/$0.05) - 2024/01/19 20:52:10
Table 'NLHBlue2' 6-max Seat #3 is the button
Seat 1: a1ee7304 ($2.82 in chips)
Seat 2: Hero ($8.84 in chips)
Seat 3: 80d788d1 ($5 in chips)
Seat 4: c7a0649c ($5 in chips)
Seat 5: ea46f5b4 ($5.32 in chips)
Seat 6: e09a8428 ($6.82 in chips)
c7a0649c: posts small blind $0.02
ea46f5b4: posts big blind $0.05
*** HOLE CARDS ***
Dealt to a1ee7304 
Dealt to Hero [6s Ts]
Dealt to 80d788d1 
Dealt to c7a0649c 
Dealt to ea46f5b4 
Dealt to e09a8428 
e09a8428: raises $0.1 to $0.15
a1ee7304: calls $0.15
Hero: folds
80d788d1: folds
c7a0649c: folds
ea46f5b4: folds
*** FLOP *** [8h Jc Qd]
e09a8428: bets $0.19
a1ee7304: folds
Uncalled bet ($0.19) returned to e09a8428
*** SHOWDOWN ***
e09a8428 collected $0.36 from pot
*** SUMMARY ***
Total pot $0.37 | Rake $0.01 | Jackpot $0 | Bingo $0 | Fortune $0 | Tax $0
Board [8h Jc Qd]
Seat 1: a1ee7304 folded on the Flop
Seat 2: Hero folded before Flop (didn't bet)
Seat 3: 80d788d1 (button) folded before Flop (didn't bet)
Seat 4: c7a0649c (small blind) folded before Flop
Seat 5: ea46f5b4 (big blind) folded before Flop
Seat 6: e09a8428 won ($0.36)


Poker Hand #HD1596251683: Hold'em No Limit ($0.02/$0.05) - 2024/01/19 20:51:49
Table 'NLHBlue2' 6-max Seat #2 is the button
Seat 1: a1ee7304 ($2.82 in chips)
Seat 2: Hero ($8.84 in chips)
Seat 3: 80d788d1 ($5 in chips)
Seat 4: c7a0649c ($5 in chips)
Seat 5: ea46f5b4 ($5.25 in chips)
Seat 6: e09a8428 ($6.82 in chips)
80d788d1: posts small blind $0.02
c7a0649c: posts big blind $0.05
*** HOLE CARDS ***
Dealt to a1ee7304 
Dealt to Hero [2s 4d]
Dealt to 80d788d1 
Dealt to c7a0649c 
Dealt to ea46f5b4 
Dealt to e09a8428 
ea46f5b4: raises $0.05 to $0.1
e09a8428: folds
a1ee7304: folds
Hero: folds
80d788d1: folds
c7a0649c: folds
Uncalled bet ($0.05) returned to ea46f5b4
*** SHOWDOWN ***
ea46f5b4 collected $0.12 from pot
*** SUMMARY ***
Total pot $0.12 | Rake $0 | Jackpot $0 | Bingo $0 | Fortune $0 | Tax $0
Seat 1: a1ee7304 folded before Flop (didn't bet)
Seat 2: Hero (button) folded before Flop (didn't bet)
Seat 3: 80d788d1 (small blind) folded before Flop
Seat 4: c7a0649c (big blind) folded before Flop
Seat 5: ea46f5b4 collected ($0.12)
Seat 6: e09a8428 folded before Flop (didn't bet)


Poker Hand #HD1596251594: Hold'em No Limit ($0.02/$0.05) - 2024/01/19 20:50:45
Table 'NLHBlue2' 6-max Seat #1 is the button
Seat 1: a1ee7304 ($2.82 in chips)
Seat 2: Hero ($8.86 in chips)
Seat 3: 80d788d1 ($5 in chips)
Seat 4: c7a0649c ($5 in chips)
Seat 5: ea46f5b4 ($6.16 in chips)
Seat 6: e09a8428 ($5.98 in chips)
Hero: posts small blind $0.02
80d788d1: posts big blind $0.05
*** HOLE CARDS ***
Dealt to a1ee7304 
Dealt to Hero [3c 8d]
Dealt to 80d788d1 
Dealt to c7a0649c 
Dealt to ea46f5b4 
Dealt to e09a8428 
c7a0649c: folds
ea46f5b4: raises $0.1 to $0.15
e09a8428: calls $0.15
a1ee7304: folds
Hero: folds
80d788d1: folds
*** FLOP *** [2s 8h Qs]
ea46f5b4: bets $0.19
e09a8428: calls $0.19
*** TURN *** [2s 8h Qs] [Qh]
ea46f5b4: bets $0.57
e09a8428: calls $0.57
*** RIVER *** [2s 8h Qs Qh] [3h]
ea46f5b4: checks
e09a8428: bets $1.89
ea46f5b4: folds
Uncalled bet ($1.89) returned to e09a8428
*** SHOWDOWN ***
e09a8428 collected $1.75 from pot
*** SUMMARY ***
Total pot $1.89 | Rake $0.09 | Jackpot $0.05 | Bingo $0 | Fortune $0 | Tax $0
Board [2s 8h Qs Qh 3h]
Seat 1: a1ee7304 (button) folded before Flop (didn't bet)
Seat 2: Hero (small blind) folded before Flop
Seat 3: 80d788d1 (big blind) folded before Flop
Seat 4: c7a0649c folded before Flop (didn't bet)
Seat 5: ea46f5b4 folded on the River
Seat 6: e09a8428 won ($1.75)


Poker Hand #HD1596251523: Hold'em No Limit ($0.02/$0.05) - 2024/01/19 20:49:59
Table 'NLHBlue2' 6-max Seat #6 is the button
Seat 1: a1ee7304 ($2.56 in chips)
Seat 2: Hero ($8.91 in chips)
Seat 3: 80d788d1 ($5.18 in chips)
Seat 4: c7a0649c ($5 in chips)
Seat 5: ea46f5b4 ($6.16 in chips)
Seat 6: e09a8428 ($5.98 in chips)
a1ee7304: posts small blind $0.02
Hero: posts big blind $0.05
*** HOLE CARDS ***
Dealt to a1ee7304 
Dealt to Hero [3d 8s]
Dealt to 80d788d1 
Dealt to c7a0649c 
Dealt to ea46f5b4 
Dealt to e09a8428 
80d788d1: raises $0.05 to $0.1
c7a0649c: folds
ea46f5b4: folds
e09a8428: folds
a1ee7304: calls $0.08
Hero: folds
*** FLOP *** [2d Ac 9d]
a1ee7304: checks
80d788d1: bets $0.13
a1ee7304: calls $0.13
*** TURN *** [2d Ac 9d] [5d]
a1ee7304: checks
80d788d1: checks
*** RIVER *** [2d Ac 9d 5d] [6d]
a1ee7304: bets $0.17
80d788d1: folds
Uncalled bet ($0.17) returned to a1ee7304
*** SHOWDOWN ***
a1ee7304 collected $0.49 from pot
*** SUMMARY ***
Total pot $0.51 | Rake $0.02 | Jackpot $0 | Bingo $0 | Fortune $0 | Tax $0
Board [2d Ac 9d 5d 6d]
Seat 1: a1ee7304 (small blind) won ($0.49)
Seat 2: Hero (big blind) folded before Flop
Seat 3: 80d788d1 folded on the River
Seat 4: c7a0649c folded before Flop (didn't bet)
Seat 5: ea46f5b4 folded before Flop (didn't bet)
Seat 6: e09a8428 (button) folded before Flop (didn't bet)


Poker Hand #HD1596251465: Hold'em No Limit ($0.02/$0.05) - 2024/01/19 20:49:18
Table 'NLHBlue2' 6-max Seat #5 is the button
Seat 1: a1ee7304 ($2.61 in chips)
Seat 2: Hero ($8.75 in chips)
Seat 3: 80d788d1 ($5.18 in chips)
Seat 4: c7a0649c ($5 in chips)
Seat 5: ea46f5b4 ($6.16 in chips)
Seat 6: e09a8428 ($6.1 in chips)
e09a8428: posts small blind $0.02
a1ee7304: posts big blind $0.05
*** HOLE CARDS ***
Dealt to a1ee7304 
Dealt to Hero [Qd Qs]
Dealt to 80d788d1 
Dealt to c7a0649c 
Dealt to ea46f5b4 
Dealt to e09a8428 
Hero: raises $0.07 to $0.12
80d788d1: folds
c7a0649c: folds
ea46f5b4: folds
e09a8428: calls $0.1
a1ee7304: folds
*** FLOP *** [Ah 5c 4d]
e09a8428: checks
Hero: bets $0.1
e09a8428: folds
Uncalled bet ($0.1) returned to Hero
*** SHOWDOWN ***
Hero collected $0.28 from pot
*** SUMMARY ***
Total pot $0.29 | Rake $0.01 | Jackpot $0 | Bingo $0 | Fortune $0 | Tax $0
Board [Ah 5c 4d]
Seat 1: a1ee7304 (big blind) folded before Flop
Seat 2: Hero won ($0.28)
Seat 3: 80d788d1 folded before Flop (didn't bet)
Seat 4: c7a0649c folded before Flop (didn't bet)
Seat 5: ea46f5b4 (button) folded before Flop (didn't bet)
Seat 6: e09a8428 (small blind) folded on the Flop


Poker Hand #HD1596251449: Hold'em No Limit ($0.02/$0.05) - 2024/01/19 20:49:08
Table 'NLHBlue2' 6-max Seat #4 is the button
Seat 1: a1ee7304 ($2.61 in chips)
Seat 2: Hero ($8.75 in chips)
Seat 3: 80d788d1 ($5.18 in chips)
Seat 4: c7a0649c ($5 in chips)
Seat 5: ea46f5b4 ($6.18 in chips)
Seat 6: e09a8428 ($6.08 in chips)
ea46f5b4: posts small blind $0.02
e09a8428: posts big blind $0.05
*** HOLE CARDS ***
Dealt to a1ee7304 
Dealt to Hero [2c Ah]
Dealt to 80d788d1 
Dealt to c7a0649c 
Dealt to ea46f5b4 
Dealt to e09a8428 
a1ee7304: folds
Hero: folds
80d788d1: folds
c7a0649c: folds
ea46f5b4: folds
Uncalled bet ($0.03) returned to e09a8428
*** SHOWDOWN ***
e09a8428 collected $0.04 from pot
*** SUMMARY ***
Total pot $0.04 | Rake $0 | Jackpot $0 | Bingo $0 | Fortune $0 | Tax $0
Seat 1: a1ee7304 folded before Flop (didn't bet)
Seat 2: Hero folded before Flop (didn't bet)
Seat 3: 80d788d1 folded before Flop (didn't bet)
Seat 4: c7a0649c (button) folded before Flop (didn't bet)
Seat 5: ea46f5b4 (small blind) folded before Flop
Seat 6: e09a8428 (big blind) collected ($0.04)


Poker Hand #HD1596251387: Hold'em No Limit ($0.02/$0.05) - 2024/01/19 20:48:17
Table 'NLHBlue2' 6-max Seat #3 is the button
Seat 1: a1ee7304 ($2.66 in chips)
Seat 2: Hero ($8.8 in chips)
Seat 3: 80d788d1 ($5.18 in chips)
Seat 4: c7a0649c ($5.02 in chips)
Seat 5: ea46f5b4 ($6.06 in chips)
Seat 6: e09a8428 ($6.08 in chips)
c7a0649c: posts small blind $0.02
ea46f5b4: posts big blind $0.05
*** HOLE CARDS ***
Dealt to a1ee7304 
Dealt to Hero [7s 6s]
Dealt to 80d788d1 
Dealt to c7a0649c 
Dealt to ea46f5b4 
Dealt to e09a8428 
e09a8428: folds
a1ee7304: calls $0.05
Hero: calls $0.05
80d788d1: folds
c7a0649c: folds
ea46f5b4: checks
*** FLOP *** [4d 8c 2h]
ea46f5b4: checks
a1ee7304: checks
Hero: checks
*** TURN *** [4d 8c 2h] [9d]
ea46f5b4: bets $0.13
a1ee7304: folds
Hero: folds
Uncalled bet ($0.13) returned to ea46f5b4
*** SHOWDOWN ***
ea46f5b4 collected $0.17 from pot
*** SUMMARY ***
Total pot $0.17 | Rake $0 | Jackpot $0 | Bingo $0 | Fortune $0 | Tax $0
Board [4d 8c 2h 9d]
Seat 1: a1ee7304 folded on the Turn
Seat 2: Hero folded on the Turn
Seat 3: 80d788d1 (button) folded before Flop (didn't bet)
Seat 4: c7a0649c (small blind) folded before Flop
Seat 5: ea46f5b4 (big blind) won ($0.17)
Seat 6: e09a8428 folded before Flop (didn't bet)


Poker Hand #HD1596251371: Hold'em No Limit ($0.02/$0.05) - 2024/01/19 20:48:06
Table 'NLHBlue2' 6-max Seat #2 is the button
Seat 1: a1ee7304 ($2.66 in chips)
Seat 2: Hero ($8.8 in chips)
Seat 3: 80d788d1 ($5.2 in chips)
Seat 4: c7a0649c ($5 in chips)
Seat 5: ea46f5b4 ($6.06 in chips)
Seat 6: e09a8428 ($6.08 in chips)
80d788d1: posts small blind $0.02
c7a0649c: posts big blind $0.05
*** HOLE CARDS ***
Dealt to a1ee7304 
Dealt to Hero [9s 7h]
Dealt to 80d788d1 
Dealt to c7a0649c 
Dealt to ea46f5b4 
Dealt to e09a8428 
ea46f5b4: folds
e09a8428: folds
a1ee7304: folds
Hero: folds
80d788d1: folds
Uncalled bet ($0.03) returned to c7a0649c
*** SHOWDOWN ***
c7a0649c collected $0.04 from pot
*** SUMMARY ***
Total pot $0.04 | Rake $0 | Jackpot $0 | Bingo $0 | Fortune $0 | Tax $0
Seat 1: a1ee7304 folded before Flop (didn't bet)
Seat 2: Hero (button) folded before Flop (didn't bet)
Seat 3: 80d788d1 (small blind) folded before Flop
Seat 4: c7a0649c (big blind) collected ($0.04)
Seat 5: ea46f5b4 folded before Flop (didn't bet)
Seat 6: e09a8428 folded before Flop (didn't bet)


Poker Hand #HD1596251313: Hold'em No Limit ($0.02/$0.05) - 2024/01/19 20:47:21
Table 'NLHBlue2' 6-max Seat #1 is the button
Seat 1: a1ee7304 ($2.45 in chips)
Seat 2: Hero ($8.82 in chips)
Seat 3: 80d788d1 ($5.25 in chips)
Seat 4: c7a0649c ($5 in chips)
Seat 5: ea46f5b4 ($6.21 in chips)
Seat 6: e09a8428 ($6.08 in chips)
Hero: posts small blind $0.02
80d788d1: posts big blind $0.05
*** HOLE CARDS ***
Dealt to a1ee7304 
Dealt to Hero [5d As]
Dealt to 80d788d1 
Dealt to c7a0649c 
Dealt to ea46f5b4 
Dealt to e09a8428 
c7a0649c: folds
ea46f5b4: raises $0.1 to $0.15
e09a8428: folds
a1ee7304: calls $0.15
Hero: folds
80d788d1: folds
*** FLOP *** [7c Tc Ks]
ea46f5b4: checks
a1ee7304: checks
*** TURN *** [7c Tc Ks] [Qc]
ea46f5b4: checks
a1ee7304: bets $0.13
ea46f5b4: folds
Uncalled bet ($0.13) returned to a1ee7304
*** SHOWDOWN ***
a1ee7304 collected $0.36 from pot
*** SUMMARY ***
Total pot $0.37 | Rake $0.01 | Jackpot $0 | Bingo $0 | Fortune $0 | Tax $0
Board [7c Tc Ks Qc]
Seat 1: a1ee7304 (button) won ($0.36)
Seat 2: Hero (small blind) folded before Flop
Seat 3: 80d788d1 (big blind) folded before Flop
Seat 4: c7a0649c folded before Flop (didn't bet)
Seat 5: ea46f5b4 folded on the Turn
Seat 6: e09a8428 folded before Flop (didn't bet)


Poker Hand #HD1596251283: Hold'em No Limit ($0.02/$0.05) - 2024/01/19 20:47:01
Table 'NLHBlue2' 6-max Seat #6 is the button
Seat 1: a1ee7304 ($2.47 in chips)
Seat 2: Hero ($8.8 in chips)
Seat 3: 80d788d1 ($5.25 in chips)
Seat 4: c7a0649c ($5 in chips)
Seat 5: ea46f5b4 ($6.21 in chips)
Seat 6: e09a8428 ($6.08 in chips)
a1ee7304: posts small blind $0.02
Hero: posts big blind $0.05
*** HOLE CARDS ***
Dealt to a1ee7304 
Dealt to Hero [2d 7h]
Dealt to 80d788d1 
Dealt to c7a0649c 
Dealt to ea46f5b4 
Dealt to e09a8428 
80d788d1: folds
c7a0649c: folds
ea46f5b4: folds
e09a8428: folds
a1ee7304: folds
Uncalled bet ($0.03) returned to Hero
*** SHOWDOWN ***
Hero collected $0.04 from pot
*** SUMMARY ***
Total pot $0.04 | Rake $0 | Jackpot $0 | Bingo $0 | Fortune $0 | Tax $0
Seat 1: a1ee7304 (small blind) folded before Flop
Seat 2: Hero (big blind) collected ($0.04)
Seat 3: 80d788d1 folded before Flop (didn't bet)
Seat 4: c7a0649c folded before Flop (didn't bet)
Seat 5: ea46f5b4 folded before Flop (didn't bet)
Seat 6: e09a8428 (button) folded before Flop (didn't bet)


Poker Hand #HD1596251260: Hold'em No Limit ($0.02/$0.05) - 2024/01/19 20:46:38
Table 'NLHBlue2' 6-max Seat #5 is the button
Seat 1: a1ee7304 ($2.52 in chips)
Seat 2: Hero ($8.8 in chips)
Seat 3: 80d788d1 ($5.18 in chips)
Seat 4: c7a0649c ($5 in chips)
Seat 5: ea46f5b4 ($6.21 in chips)
Seat 6: e09a8428 ($6.1 in chips)
e09a8428: posts small blind $0.02
a1ee7304: posts big blind $0.05
*** HOLE CARDS ***
Dealt to a1ee7304 
Dealt to Hero [8c 2h]
Dealt to 80d788d1 
Dealt to c7a0649c 
Dealt to ea46f5b4 
Dealt to e09a8428 
Hero: folds
80d788d1: raises $0.05 to $0.1
c7a0649c: folds
ea46f5b4: folds
e09a8428: folds
a1ee7304: folds
Uncalled bet ($0.05) returned to 80d788d1
*** SHOWDOWN ***
80d788d1 collected $0.12 from pot
*** SUMMARY ***
Total pot $0.12 | Rake $0 | Jackpot $0 | Bingo $0 | Fortune $0 | Tax $0
Seat 1: a1ee7304 (big blind) folded before Flop
Seat 2: Hero folded before Flop (didn't bet)
Seat 3: 80d788d1 collected ($0.12)
Seat 4: c7a0649c folded before Flop (didn't bet)
Seat 5: ea46f5b4 (button) folded before Flop (didn't bet)
Seat 6: e09a8428 (small blind) folded before Flop


Poker Hand #HD1596251233: Hold'em No Limit ($0.02/$0.05) - 2024/01/19 20:46:25
Table 'NLHBlue2' 6-max Seat #4 is the button
Seat 1: a1ee7304 ($2.52 in chips)
Seat 2: Hero ($8.8 in chips)
Seat 3: 80d788d1 ($5.11 in chips)
Seat 4: c7a0649c ($5 in chips)
Seat 5: ea46f5b4 ($6.23 in chips)
Seat 6: e09a8428 ($6.15 in chips)
ea46f5b4: posts small blind $0.02
e09a8428: posts big blind $0.05
*** HOLE CARDS ***
Dealt to a1ee7304 
Dealt to Hero [4c Ah]
Dealt to 80d788d1 
Dealt to c7a0649c 
Dealt to ea46f5b4 
Dealt to e09a8428 
a1ee7304: folds
Hero: folds
80d788d1: raises $0.05 to $0.1
c7a0649c: folds
ea46f5b4: folds
e09a8428: folds
Uncalled bet ($0.05) returned to 80d788d1
*** SHOWDOWN ***
80d788d1 collected $0.12 from pot
*** SUMMARY ***
Total pot $0.12 | Rake $0 | Jackpot $0 | Bingo $0 | Fortune $0 | Tax $0
Seat 1: a1ee7304 folded before Flop (didn't bet)
Seat 2: Hero folded before Flop (didn't bet)
Seat 3: 80d788d1 collected ($0.12)
Seat 4: c7a0649c (button) folded before Flop (didn't bet)
Seat 5: ea46f5b4 (small blind) folded before Flop
Seat 6: e09a8428 (big blind) folded before Flop


Poker Hand #HD1596251215: Hold'em No Limit ($0.02/$0.05) - 2024/01/19 20:46:14
Table 'NLHBlue2' 6-max Seat #3 is the button
Seat 1: a1ee7304 ($2.52 in chips)
Seat 2: Hero ($8.8 in chips)
Seat 3: 80d788d1 ($5.11 in chips)
Seat 4: c7a0649c ($5 in chips)
Seat 5: ea46f5b4 ($6.21 in chips)
Seat 6: e09a8428 ($6.15 in chips)
c7a0649c: posts small blind $0.02
ea46f5b4: posts big blind $0.05
*** HOLE CARDS ***
Dealt to a1ee7304 
Dealt to Hero [Qd 8c]
Dealt to 80d788d1 
Dealt to c7a0649c 
Dealt to ea46f5b4 
Dealt to e09a8428 
e09a8428: folds
a1ee7304: folds
Hero: folds
80d788d1: folds
c7a0649c: folds
Uncalled bet ($0.03) returned to ea46f5b4
*** SHOWDOWN ***
ea46f5b4 collected $0.04 from pot
*** SUMMARY ***
Total pot $0.04 | Rake $0 | Jackpot $0 | Bingo $0 | Fortune $0 | Tax $0
Seat 1: a1ee7304 folded before Flop (didn't bet)
Seat 2: Hero folded before Flop (didn't bet)
Seat 3: 80d788d1 (button) folded before Flop (didn't bet)
Seat 4: c7a0649c (small blind) folded before Flop
Seat 5: ea46f5b4 (big blind) collected ($0.04)
Seat 6: e09a8428 folded before Flop (didn't bet)


Poker Hand #HD1596251118: Hold'em No Limit ($0.02/$0.05) - 2024/01/19 20:45:04
Table 'NLHBlue2' 6-max Seat #2 is the button
Seat 1: a1ee7304 ($2.22 in chips)
Seat 2: Hero ($8.8 in chips)
Seat 3: 80d788d1 ($5.13 in chips)
Seat 4: c7a0649c ($5 in chips)
Seat 5: ea46f5b4 ($6.21 in chips)
Seat 6: e09a8428 ($6.15 in chips)
80d788d1: posts small blind $0.02
c7a0649c: posts big blind $0.05
*** HOLE CARDS ***
Dealt to a1ee7304 
Dealt to Hero [Th 5d]
Dealt to 80d788d1 
Dealt to c7a0649c 
Dealt to ea46f5b4 
Dealt to e09a8428 
ea46f5b4: folds
e09a8428: folds
a1ee7304: raises $0.1 to $0.15
Hero: folds
80d788d1: folds
c7a0649c: calls $0.1
*** FLOP *** [4c 9s 5c]
c7a0649c: checks
a1ee7304: bets $0.16
c7a0649c: calls $0.16
*** TURN *** [4c 9s 5c] [7c]
c7a0649c: checks
a1ee7304: bets $0.22
c7a0649c: folds
Uncalled bet ($0.22) returned to a1ee7304
*** SHOWDOWN ***
a1ee7304 collected $0.61 from pot
*** SUMMARY ***
Total pot $0.64 | Rake $0.03 | Jackpot $0 | Bingo $0 | Fortune $0 | Tax $0
Board [4c 9s 5c 7c]
Seat 1: a1ee7304 won ($0.61)
Seat 2: Hero (button) folded before Flop (didn't bet)
Seat 3: 80d788d1 (small blind) folded before Flop
Seat 4: c7a0649c (big blind) folded on the Turn
Seat 5: ea46f5b4 folded before Flop (didn't bet)
Seat 6: e09a8428 folded before Flop (didn't bet)


Poker Hand #HD1596251060: Hold'em No Limit ($0.02/$0.05) - 2024/01/19 20:44:27
Table 'NLHBlue2' 6-max Seat #1 is the button
Seat 1: a1ee7304 ($2.22 in chips)
Seat 2: Hero ($8.94 in chips)
Seat 3: 80d788d1 ($5 in chips)
Seat 4: c7a0649c ($5 in chips)
Seat 5: ea46f5b4 ($6.21 in chips)
Seat 6: e09a8428 ($6.15 in chips)
Hero: posts small blind $0.02
80d788d1: posts big blind $0.05
*** HOLE CARDS ***
Dealt to a1ee7304 
Dealt to Hero [5d Ah]
Dealt to 80d788d1 
Dealt to c7a0649c 
Dealt to ea46f5b4 
Dealt to e09a8428 
c7a0649c: folds
ea46f5b4: folds
e09a8428: folds
a1ee7304: folds
Hero: raises $0.09 to $0.14
80d788d1: calls $0.09
*** FLOP *** [6s 8s Qs]
Hero: checks
80d788d1: bets $0.14
Hero: folds
Uncalled bet ($0.14) returned to 80d788d1
*** SHOWDOWN ***
80d788d1 collected $0.27 from pot
*** SUMMARY ***
Total pot $0.28 | Rake $0.01 | Jackpot $0 | Bingo $0 | Fortune $0 | Tax $0
Board [6s 8s Qs]
Seat 1: a1ee7304 (button) folded before Flop (didn't bet)
Seat 2: Hero (small blind) folded on the Flop
Seat 3: 80d788d1 (big blind) won ($0.27)
Seat 4: c7a0649c folded before Flop (didn't bet)
Seat 5: ea46f5b4 folded before Flop (didn't bet)
Seat 6: e09a8428 folded before Flop (didn't bet)


Poker Hand #HD1596251008: Hold'em No Limit ($0.02/$0.05) - 2024/01/19 20:43:52
Table 'NLHBlue2' 6-max Seat #6 is the button
Seat 1: a1ee7304 ($2.72 in chips)
Seat 2: Hero ($8.49 in chips)
Seat 3: 80d788d1 ($5 in chips)
Seat 4: c7a0649c ($5 in chips)
Seat 5: ea46f5b4 ($6.21 in chips)
Seat 6: e09a8428 ($6.15 in chips)
a1ee7304: posts small blind $0.02
Hero: posts big blind $0.05
*** HOLE CARDS ***
Dealt to a1ee7304 
Dealt to Hero [Jd Ac]
Dealt to 80d788d1 
Dealt to c7a0649c 
Dealt to ea46f5b4 
Dealt to e09a8428 
80d788d1: folds
c7a0649c: folds
ea46f5b4: folds
e09a8428: folds
a1ee7304: raises $0.1 to $0.15
Hero: raises $0.35 to $0.5
a1ee7304: calls $0.35
*** FLOP *** [2c As 4h]
a1ee7304: checks
Hero: bets $0.55
a1ee7304: folds
Uncalled bet ($0.55) returned to Hero
*** SHOWDOWN ***
Hero collected $0.95 from pot
*** SUMMARY ***
Total pot $1 | Rake $0.05 | Jackpot $0 | Bingo $0 | Fortune $0 | Tax $0
Board [2c As 4h]
Seat 1: a1ee7304 (small blind) folded on the Flop
Seat 2: Hero (big blind) won ($0.95)
Seat 3: 80d788d1 folded before Flop (didn't bet)
Seat 4: c7a0649c folded before Flop (didn't bet)
Seat 5: ea46f5b4 folded before Flop (didn't bet)
Seat 6: e09a8428 (button) folded before Flop (didn't bet)


Poker Hand #HD1596250974: Hold'em No Limit ($0.02/$0.05) - 2024/01/19 20:43:32
Table 'NLHBlue2' 6-max Seat #5 is the button
Seat 1: a1ee7304 ($2.77 in chips)
Seat 2: Hero ($8.42 in chips)
Seat 3: 80d788d1 ($5 in chips)
Seat 4: c7a0649c ($5 in chips)
Seat 5: ea46f5b4 ($6.21 in chips)
Seat 6: e09a8428 ($6.17 in chips)
e09a8428: posts small blind $0.02
a1ee7304: posts big blind $0.05
*** HOLE CARDS ***
Dealt to a1ee7304 
Dealt to Hero [Th Qh]
Dealt to 80d788d1 
Dealt to c7a0649c 
Dealt to ea46f5b4 
Dealt to e09a8428 
Hero: raises $0.07 to $0.12
80d788d1: folds
c7a0649c: folds
ea46f5b4: folds
e09a8428: folds
a1ee7304: folds
Uncalled bet ($0.07) returned to Hero
*** SHOWDOWN ***
Hero collected $0.12 from pot
*** SUMMARY ***
Total pot $0.12 | Rake $0 | Jackpot $0 | Bingo $0 | Fortune $0 | Tax $0
Seat 1: a1ee7304 (big blind) folded before Flop
Seat 2: Hero collected ($0.12)
Seat 3: 80d788d1 folded before Flop (didn't bet)
Seat 4: c7a0649c folded before Flop (didn't bet)
Seat 5: ea46f5b4 (button) folded before Flop (didn't bet)
Seat 6: e09a8428 (small blind) folded before Flop


Poker Hand #HD1596250877: Hold'em No Limit ($0.02/$0.05) - 2024/01/19 20:42:23
Table 'NLHBlue2' 6-max Seat #4 is the button
Seat 1: a1ee7304 ($2.77 in chips)
Seat 2: Hero ($8.42 in chips)
Seat 3: 80d788d1 ($5 in chips)
Seat 4: c7a0649c ($5 in chips)
Seat 5: ea46f5b4 ($6.23 in chips)
Seat 6: e09a8428 ($5.66 in chips)
ea46f5b4: posts small blind $0.02
e09a8428: posts big blind $0.05
*** HOLE CARDS ***
Dealt to a1ee7304 
Dealt to Hero [5d 9h]
Dealt to 80d788d1 
Dealt to c7a0649c 
Dealt to ea46f5b4 
Dealt to e09a8428 
a1ee7304: folds
Hero: folds
80d788d1: raises $0.05 to $0.1
c7a0649c: folds
ea46f5b4: folds
e09a8428: calls $0.05
*** FLOP *** [Qc 9s 2h]
e09a8428: checks
80d788d1: bets $0.11
e09a8428: calls $0.11
*** TURN *** [Qc 9s 2h] [8d]
e09a8428: checks
80d788d1: bets $0.33
e09a8428: raises $0.83 to $1.16
80d788d1: folds
Uncalled bet ($0.83) returned to e09a8428
*** SHOWDOWN ***
e09a8428 collected $1.05 from pot
*** SUMMARY ***
Total pot $1.1 | Rake $0.05 | Jackpot $0 | Bingo $0 | Fortune $0 | Tax $0
Board [Qc 9s 2h 8d]
Seat 1: a1ee7304 folded before Flop (didn't bet)
Seat 2: Hero folded before Flop (didn't bet)
Seat 3: 80d788d1 folded on the Turn
Seat 4: c7a0649c (button) folded before Flop (didn't bet)
Seat 5: ea46f5b4 (small blind) folded before Flop
Seat 6: e09a8428 (big blind) won ($1.05)


Poker Hand #HD1596250811: Hold'em No Limit ($0.02/$0.05) - 2024/01/19 20:41:39
Table 'NLHBlue2' 6-max Seat #3 is the button
Seat 1: a1ee7304 ($2.56 in chips)
Seat 2: Hero ($8.42 in chips)
Seat 3: 80d788d1 ($5 in chips)
Seat 4: c7a0649c ($5 in chips)
Seat 5: ea46f5b4 ($6.28 in chips)
Seat 6: e09a8428 ($5.81 in chips)
c7a0649c: posts small blind $0.02
ea46f5b4: posts big blind $0.05
*** HOLE CARDS ***
Dealt to a1ee7304 
Dealt to Hero [7c 2h]
Dealt to 80d788d1 
Dealt to c7a0649c 
Dealt to ea46f5b4 
Dealt to e09a8428 
e09a8428: raises $0.1 to $0.15
a1ee7304: calls $0.15
Hero: folds
80d788d1: folds
c7a0649c: folds
ea46f5b4: folds
*** FLOP *** [Qh 9c 4s]
e09a8428: checks
a1ee7304: bets $0.13
e09a8428: folds
Uncalled bet ($0.13) returned to a1ee7304
*** SHOWDOWN ***
a1ee7304 collected $0.36 from pot
*** SUMMARY ***
Total pot $0.37 | Rake $0.01 | Jackpot $0 | Bingo $0 | Fortune $0 | Tax $0
Board [Qh 9c 4s]
Seat 1: a1ee7304 won ($0.36)
Seat 2: Hero folded before Flop (didn't bet)
Seat 3: 80d788d1 (button) folded before Flop (didn't bet)
Seat 4: c7a0649c (small blind) folded before Flop
Seat 5: ea46f5b4 (big blind) folded before Flop
Seat 6: e09a8428 folded on the Flop


Poker Hand #HD1596250785: Hold'em No Limit ($0.02/$0.05) - 2024/01/19 20:41:18
Table 'NLHBlue2' 6-max Seat #2 is the button
Seat 1: a1ee7304 ($2.56 in chips)
Seat 2: Hero ($8.42 in chips)
Seat 3: 80d788d1 ($5 in chips)
Seat 4: c7a0649c ($5 in chips)
Seat 5: ea46f5b4 ($6.28 in chips)
Seat 6: e09a8428 ($5.74 in chips)
80d788d1: posts small blind $0.02
c7a0649c: posts big blind $0.05
*** HOLE CARDS ***
Dealt to a1ee7304 
Dealt to Hero [2d 3c]
Dealt to 80d788d1 
Dealt to c7a0649c 
Dealt to ea46f5b4 
Dealt to e09a8428 
ea46f5b4: folds
e09a8428: raises $0.1 to $0.15
a1ee7304: folds
Hero: folds
80d788d1: folds
c7a0649c: folds
Uncalled bet ($0.1) returned to e09a8428
*** SHOWDOWN ***
e09a8428 collected $0.12 from pot
*** SUMMARY ***
Total pot $0.12 | Rake $0 | Jackpot $0 | Bingo $0 | Fortune $0 | Tax $0
Seat 1: a1ee7304 folded before Flop (didn't bet)
Seat 2: Hero (button) folded before Flop (didn't bet)
Seat 3: 80d788d1 (small blind) folded before Flop
Seat 4: c7a0649c (big blind) folded before Flop
Seat 5: ea46f5b4 folded before Flop (didn't bet)
Seat 6: e09a8428 collected ($0.12)


Poker Hand #HD1596250752: Hold'em No Limit ($0.02/$0.05) - 2024/01/19 20:40:47
Table 'NLHBlue2' 6-max Seat #1 is the button
Seat 1: a1ee7304 ($2.49 in chips)
Seat 2: Hero ($8.44 in chips)
Seat 3: 80d788d1 ($5 in chips)
Seat 4: c7a0649c ($5 in chips)
Seat 5: ea46f5b4 ($6.28 in chips)
Seat 6: e09a8428 ($5.74 in chips)
Hero: posts small blind $0.02
80d788d1: posts big blind $0.05
*** HOLE CARDS ***
Dealt to a1ee7304 
Dealt to Hero [7c As]
Dealt to 80d788d1 
Dealt to c7a0649c 
Dealt to ea46f5b4 
Dealt to e09a8428 
c7a0649c: folds
ea46f5b4: folds
e09a8428: folds
a1ee7304: calls $0.05
Hero: folds
80d788d1: checks
*** FLOP *** [4h 8d Ad]
80d788d1: checks
a1ee7304: bets $0.06
80d788d1: folds
Uncalled bet ($0.06) returned to a1ee7304
*** SHOWDOWN ***
a1ee7304 collected $0.12 from pot
*** SUMMARY ***
Total pot $0.12 | Rake $0 | Jackpot $0 | Bingo $0 | Fortune $0 | Tax $0
Board [4h 8d Ad]
Seat 1: a1ee7304 (button) won ($0.12)
Seat 2: Hero (small blind) folded before Flop
Seat 3: 80d788d1 (big blind) folded on the Flop
Seat 4: c7a0649c folded before Flop (didn't bet)
Seat 5: ea46f5b4 folded before Flop (didn't bet)
Seat 6: e09a8428 folded before Flop (didn't bet)


Poker Hand #HD1596250647: Hold'em No Limit ($0.02/$0.05) - 2024/01/19 20:39:36
Table 'NLHBlue2' 6-max Seat #6 is the button
Seat 1: a1ee7304 ($2.51 in chips)
Seat 2: Hero ($6.48 in chips)
Seat 3: 80d788d1 ($5.23 in chips)
Seat 4: c7a0649c ($5 in chips)
Seat 5: ea46f5b4 ($6.28 in chips)
Seat 6: e09a8428 ($5.74 in chips)
a1ee7304: posts small blind $0.02
Hero: posts big blind $0.05
*** HOLE CARDS ***
Dealt to a1ee7304 
Dealt to Hero [8s 8c]
Dealt to 80d788d1 
Dealt to c7a0649c 
Dealt to ea46f5b4 
Dealt to e09a8428 
80d788d1: raises $0.05 to $0.1
c7a0649c: folds
ea46f5b4: folds
e09a8428: folds
a1ee7304: folds
Hero: calls $0.05
*** FLOP *** [9d 8d Td]
Hero: checks
80d788d1: bets $0.17
Hero: calls $0.17
*** TURN *** [9d 8d Td] [6s]
Hero: checks
80d788d1: checks
*** RIVER *** [9d 8d Td 6s] [6d]
Hero: bets $0.72
80d788d1: raises $1.22 to $1.94
Hero: calls $1.22
80d788d1: shows [Ad Th] (Ace High Flush)
Hero: shows [8s 8c] (Eights Full over Sixes)
*** SHOWDOWN ***
Hero collected $4.17 from pot
*** SUMMARY ***
Total pot $4.44 | Rake $0.22 | Jackpot $0.05 | Bingo $0 | Fortune $0 | Tax $0
Board [9d 8d Td 6s 6d]
Seat 1: a1ee7304 (small blind) folded before Flop
Seat 2: Hero (big blind) showed [8s 8c] and won ($4.17) with Eights Full over Sixes
Seat 3: 80d788d1 showed [Ad Th] and lost with Ace High Flush
Seat 4: c7a0649c folded before Flop (didn't bet)
Seat 5: ea46f5b4 folded before Flop (didn't bet)
Seat 6: e09a8428 (button) folded before Flop (didn't bet)


Poker Hand #HD1596250601: Hold'em No Limit ($0.02/$0.05) - 2024/01/19 20:38:59
Table 'NLHBlue2' 6-max Seat #5 is the button
Seat 1: a1ee7304 ($2.56 in chips)
Seat 2: Hero ($6.48 in chips)
Seat 3: 80d788d1 ($5.23 in chips)
Seat 4: c7a0649c ($5 in chips)
Seat 5: ea46f5b4 ($6.1 in chips)
Seat 6: e09a8428 ($5.76 in chips)
e09a8428: posts small blind $0.02
a1ee7304: posts big blind $0.05
*** HOLE CARDS ***
Dealt to a1ee7304 
Dealt to Hero [4d 5h]
Dealt to 80d788d1 
Dealt to c7a0649c 
Dealt to ea46f5b4 
Dealt to e09a8428 
Hero: folds
80d788d1: folds
c7a0649c: raises $0.07 to $0.12
ea46f5b4: calls $0.12
e09a8428: folds
a1ee7304: folds
*** FLOP *** [9c Tc As]
c7a0649c: checks
ea46f5b4: checks
*** TURN *** [9c Tc As] [2c]
c7a0649c: checks
ea46f5b4: bets $0.24
c7a0649c: folds
Uncalled bet ($0.24) returned to ea46f5b4
*** SHOWDOWN ***
ea46f5b4 collected $0.3 from pot
*** SUMMARY ***
Total pot $0.31 | Rake $0.01 | Jackpot $0 | Bingo $0 | Fortune $0 | Tax $0
Board [9c Tc As 2c]
Seat 1: a1ee7304 (big blind) folded before Flop
Seat 2: Hero folded before Flop (didn't bet)
Seat 3: 80d788d1 folded before Flop (didn't bet)
Seat 4: c7a0649c folded on the Turn
Seat 5: ea46f5b4 (button) won ($0.3)
Seat 6: e09a8428 (small blind) folded before Flop


Poker Hand #HD1596250549: Hold'em No Limit ($0.02/$0.05) - 2024/01/19 20:38:22
Table 'NLHBlue2' 6-max Seat #4 is the button
Seat 1: a1ee7304 ($2.18 in chips)
Seat 2: Hero ($6.48 in chips)
Seat 3: 80d788d1 ($5.23 in chips)
Seat 4: c7a0649c ($5 in chips)
Seat 5: ea46f5b4 ($6.12 in chips)
Seat 6: e09a8428 ($5.81 in chips)
ea46f5b4: posts small blind $0.02
e09a8428: posts big blind $0.05
*** HOLE CARDS ***
Dealt to a1ee7304 
Dealt to Hero [3h 5d]
Dealt to 80d788d1 
Dealt to c7a0649c 
Dealt to ea46f5b4 
Dealt to e09a8428 
a1ee7304: calls $0.05
Hero: folds
80d788d1: folds
c7a0649c: raises $0.14 to $0.19
ea46f5b4: folds
e09a8428: folds
a1ee7304: calls $0.14
*** FLOP *** [6d Jd Kc]
a1ee7304: checks
c7a0649c: bets $0.15
a1ee7304: raises $0.25 to $0.4
c7a0649c: folds
Uncalled bet ($0.25) returned to a1ee7304
*** SHOWDOWN ***
a1ee7304 collected $0.72 from pot
*** SUMMARY ***
Total pot $0.75 | Rake $0.03 | Jackpot $0 | Bingo $0 | Fortune $0 | Tax $0
Board [6d Jd Kc]
Seat 1: a1ee7304 won ($0.72)
Seat 2: Hero folded before Flop (didn't bet)
Seat 3: 80d788d1 folded before Flop (didn't bet)
Seat 4: c7a0649c (button) folded on the Flop
Seat 5: ea46f5b4 (small blind) folded before Flop
Seat 6: e09a8428 (big blind) folded before Flop


Poker Hand #HD1596250476: Hold'em No Limit ($0.02/$0.05) - 2024/01/19 20:37:30
Table 'NLHBlue2' 6-max Seat #3 is the button
Seat 1: a1ee7304 ($2.18 in chips)
Seat 2: Hero ($6.48 in chips)
Seat 3: 80d788d1 ($5 in chips)
Seat 4: c7a0649c ($5 in chips)
Seat 5: ea46f5b4 ($6.35 in chips)
Seat 6: e09a8428 ($5.81 in chips)
c7a0649c: posts small blind $0.02
ea46f5b4: posts big blind $0.05
*** HOLE CARDS ***
Dealt to a1ee7304 
Dealt to Hero [6c 3c]
Dealt to 80d788d1 
Dealt to c7a0649c 
Dealt to ea46f5b4 
Dealt to e09a8428 
e09a8428: folds
a1ee7304: folds
Hero: folds
80d788d1: raises $0.08 to $0.13
c7a0649c: folds
ea46f5b4: calls $0.08
*** FLOP *** [Qs Qh Ah]
ea46f5b4: checks
80d788d1: checks
*** TURN *** [Qs Qh Ah] [2s]
ea46f5b4: checks
80d788d1: bets $0.1
ea46f5b4: calls $0.1
*** RIVER *** [Qs Qh Ah 2s] [6s]
ea46f5b4: checks
80d788d1: checks
ea46f5b4: shows [8h 7h] (Pair of Queens)
80d788d1: shows [9d Kh] (Pair of Queens)
*** SHOWDOWN ***
80d788d1 collected $0.46 from pot
*** SUMMARY ***
Total pot $0.48 | Rake $0.02 | Jackpot $0 | Bingo $0 | Fortune $0 | Tax $0
Board [Qs Qh Ah 2s 6s]
Seat 1: a1ee7304 folded before Flop (didn't bet)
Seat 2: Hero folded before Flop (didn't bet)
Seat 3: 80d788d1 (button) showed [9d Kh] and won ($0.46) with Pair of Queens
Seat 4: c7a0649c (small blind) folded before Flop
Seat 5: ea46f5b4 (big blind) showed [8h 7h] and lost with Pair of Queens
Seat 6: e09a8428 folded before Flop (didn't bet)


Poker Hand #HD1596250384: Hold'em No Limit ($0.02/$0.05) - 2024/01/19 20:36:25
Table 'NLHBlue2' 6-max Seat #2 is the button
Seat 1: a1ee7304 ($2.28 in chips)
Seat 2: Hero ($6.27 in chips)
Seat 3: 80d788d1 ($5 in chips)
Seat 4: c7a0649c ($5 in chips)
Seat 5: ea46f5b4 ($6.35 in chips)
Seat 6: e09a8428 ($5.81 in chips)
80d788d1: posts small blind $0.02
c7a0649c: posts big blind $0.05
*** HOLE CARDS ***
Dealt to a1ee7304 
Dealt to Hero [5d Ad]
Dealt to 80d788d1 
Dealt to c7a0649c 
Dealt to ea46f5b4 
Dealt to e09a8428 
ea46f5b4: folds
e09a8428: folds
a1ee7304: raises $0.05 to $0.1
Hero: calls $0.1
80d788d1: folds
c7a0649c: calls $0.05
*** FLOP *** [Ah 4c 9c]
c7a0649c: checks
a1ee7304: checks
Hero: bets $0.18
c7a0649c: folds
a1ee7304: folds
Uncalled bet ($0.18) returned to Hero
*** SHOWDOWN ***
Hero collected $0.31 from pot
*** SUMMARY ***
Total pot $0.32 | Rake $0.01 | Jackpot $0 | Bingo $0 | Fortune $0 | Tax $0
Board [Ah 4c 9c]
Seat 1: a1ee7304 folded on the Flop
Seat 2: Hero (button) won ($0.31)
Seat 3: 80d788d1 (small blind) folded before Flop
Seat 4: c7a0649c (big blind) folded on the Flop
Seat 5: ea46f5b4 folded before Flop (didn't bet)
Seat 6: e09a8428 folded before Flop (didn't bet)


Poker Hand #HD1596250323: Hold'em No Limit ($0.02/$0.05) - 2024/01/19 20:35:42
Table 'NLHBlue2' 6-max Seat #1 is the button
Seat 1: a1ee7304 ($2.28 in chips)
Seat 2: Hero ($5.62 in chips)
Seat 3: 80d788d1 ($5.05 in chips)
Seat 4: c7a0649c ($5 in chips)
Seat 5: ea46f5b4 ($7.01 in chips)
Seat 6: e09a8428 ($5.81 in chips)
Hero: posts small blind $0.02
80d788d1: posts big blind $0.05
*** HOLE CARDS ***
Dealt to a1ee7304 
Dealt to Hero [Qs Ac]
Dealt to 80d788d1 
Dealt to c7a0649c 
Dealt to ea46f5b4 
Dealt to e09a8428 
c7a0649c: folds
ea46f5b4: raises $0.1 to $0.15
e09a8428: folds
a1ee7304: folds
Hero: raises $0.51 to $0.66
80d788d1: folds
ea46f5b4: calls $0.51
*** FLOP *** [5s 2h Ah]
Hero: bets $0.76
ea46f5b4: folds
Uncalled bet ($0.76) returned to Hero
*** SHOWDOWN ***
Hero collected $1.31 from pot
*** SUMMARY ***
Total pot $1.37 | Rake $0.06 | Jackpot $0 | Bingo $0 | Fortune $0 | Tax $0
Board [5s 2h Ah]
Seat 1: a1ee7304 (button) folded before Flop (didn't bet)
Seat 2: Hero (small blind) won ($1.31)
Seat 3: 80d788d1 (big blind) folded before Flop
Seat 4: c7a0649c folded before Flop (didn't bet)
Seat 5: ea46f5b4 folded on the Flop
Seat 6: e09a8428 folded before Flop (didn't bet)


Poker Hand #HD1596250263: Hold'em No Limit ($0.02/$0.05) - 2024/01/19 20:34:59
Table 'NLHBlue2' 6-max Seat #6 is the button
Seat 1: a1ee7304 ($2.05 in chips)
Seat 2: Hero ($5.67 in chips)
Seat 3: 80d788d1 ($5.05 in chips)
Seat 4: c7a0649c ($5 in chips)
Seat 5: ea46f5b4 ($7.21 in chips)
Seat 6: e09a8428 ($5.81 in chips)
a1ee7304: posts small blind $0.02
Hero: posts big blind $0.05
*** HOLE CARDS ***
Dealt to a1ee7304 
Dealt to Hero [8d 6c]
Dealt to 80d788d1 
Dealt to c7a0649c 
Dealt to ea46f5b4 
Dealt to e09a8428 
80d788d1: folds
c7a0649c: folds
ea46f5b4: raises $0.06 to $0.11
e09a8428: folds
a1ee7304: calls $0.09
Hero: folds
*** FLOP *** [4d Kh 3h]
a1ee7304: checks
ea46f5b4: checks
*** TURN *** [4d Kh 3h] [6s]
a1ee7304: bets $0.09
ea46f5b4: calls $0.09
*** RIVER *** [4d Kh 3h 6s] [5c]
a1ee7304: bets $0.15
ea46f5b4: folds
Uncalled bet ($0.15) returned to a1ee7304
*** SHOWDOWN ***
a1ee7304 collected $0.43 from pot
*** SUMMARY ***
Total pot $0.45 | Rake $0.02 | Jackpot $0 | Bingo $0 | Fortune $0 | Tax $0
Board [4d Kh 3h 6s 5c]
Seat 1: a1ee7304 (small blind) won ($0.43)
Seat 2: Hero (big blind) folded before Flop
Seat 3: 80d788d1 folded before Flop (didn't bet)
Seat 4: c7a0649c folded before Flop (didn't bet)
Seat 5: ea46f5b4 folded on the River
Seat 6: e09a8428 (button) folded before Flop (didn't bet)


Poker Hand #HD1596250200: Hold'em No Limit ($0.02/$0.05) - 2024/01/19 20:34:15
Table 'NLHBlue2' 6-max Seat #5 is the button
Seat 1: a1ee7304 ($1.79 in chips)
Seat 2: Hero ($5.67 in chips)
Seat 3: 80d788d1 ($5.05 in chips)
Seat 4: c7a0649c ($5 in chips)
Seat 5: ea46f5b4 ($7.47 in chips)
Seat 6: e09a8428 ($5.83 in chips)
e09a8428: posts small blind $0.02
a1ee7304: posts big blind $0.05
*** HOLE CARDS ***
Dealt to a1ee7304 
Dealt to Hero [7c 8h]
Dealt to 80d788d1 
Dealt to c7a0649c 
Dealt to ea46f5b4 
Dealt to e09a8428 
Hero: folds
80d788d1: folds
c7a0649c: folds
ea46f5b4: raises $0.1 to $0.15
e09a8428: folds
a1ee7304: calls $0.1
*** FLOP *** [Kc 8d 5c]
a1ee7304: checks
ea46f5b4: checks
*** TURN *** [Kc 8d 5c] [5h]
a1ee7304: bets $0.11
ea46f5b4: calls $0.11
*** RIVER *** [Kc 8d 5c 5h] [4c]
a1ee7304: bets $0.27
ea46f5b4: folds
Uncalled bet ($0.27) returned to a1ee7304
*** SHOWDOWN ***
a1ee7304 collected $0.52 from pot
*** SUMMARY ***
Total pot $0.54 | Rake $0.02 | Jackpot $0 | Bingo $0 | Fortune $0 | Tax $0
Board [Kc 8d 5c 5h 4c]
Seat 1: a1ee7304 (big blind) won ($0.52)
Seat 2: Hero folded before Flop (didn't bet)
Seat 3: 80d788d1 folded before Flop (didn't bet)
Seat 4: c7a0649c folded before Flop (didn't bet)
Seat 5: ea46f5b4 (button) folded on the River
Seat 6: e09a8428 (small blind) folded before Flop


Poker Hand #HD1596250138: Hold'em No Limit ($0.02/$0.05) - 2024/01/19 20:33:25
Table 'NLHBlue2' 6-max Seat #4 is the button
Seat 1: a1ee7304 ($1.79 in chips)
Seat 2: Hero ($5.67 in chips)
Seat 3: 80d788d1 ($5.05 in chips)
Seat 4: c7a0649c ($5.35 in chips)
Seat 5: ea46f5b4 ($7.49 in chips)
Seat 6: e09a8428 ($5.46 in chips)
ea46f5b4: posts small blind $0.02
e09a8428: posts big blind $0.05
*** HOLE CARDS ***
Dealt to a1ee7304 
Dealt to Hero [6h Ad]
Dealt to 80d788d1 
Dealt to c7a0649c 
Dealt to ea46f5b4 
Dealt to e09a8428 
a1ee7304: folds
Hero: folds
80d788d1: folds
c7a0649c: raises $0.07 to $0.12
ea46f5b4: folds
e09a8428: raises $0.26 to $0.38
c7a0649c: calls $0.26
*** FLOP *** [6c Ac 8s]
e09a8428: bets $0.39
c7a0649c: folds
Uncalled bet ($0.39) returned to e09a8428
*** SHOWDOWN ***
e09a8428 collected $0.75 from pot
*** SUMMARY ***
Total pot $0.78 | Rake $0.03 | Jackpot $0 | Bingo $0 | Fortune $0 | Tax $0
Board [6c Ac 8s]
Seat 1: a1ee7304 folded before Flop (didn't bet)
Seat 2: Hero folded before Flop (didn't bet)
Seat 3: 80d788d1 folded before Flop (didn't bet)
Seat 4: c7a0649c (button) folded on the Flop
Seat 5: ea46f5b4 (small blind) folded before Flop
Seat 6: e09a8428 (big blind) won ($0.75)


Poker Hand #HD1596250114: Hold'em No Limit ($0.02/$0.05) - 2024/01/19 20:33:09
Table 'NLHBlue2' 6-max Seat #3 is the button
Seat 1: a1ee7304 ($1.79 in chips)
Seat 2: Hero ($5.67 in chips)
Seat 3: 80d788d1 ($5.05 in chips)
Seat 4: c7a0649c ($5.37 in chips)
Seat 5: ea46f5b4 ($7.47 in chips)
Seat 6: e09a8428 ($5.46 in chips)
c7a0649c: posts small blind $0.02
ea46f5b4: posts big blind $0.05
*** HOLE CARDS ***
Dealt to a1ee7304 
Dealt to Hero [8c 3c]
Dealt to 80d788d1 
Dealt to c7a0649c 
Dealt to ea46f5b4 
Dealt to e09a8428 
e09a8428: folds
a1ee7304: folds
Hero: folds
80d788d1: folds
c7a0649c: folds
Uncalled bet ($0.03) returned to ea46f5b4
*** SHOWDOWN ***
ea46f5b4 collected $0.04 from pot
*** SUMMARY ***
Total pot $0.04 | Rake $0 | Jackpot $0 | Bingo $0 | Fortune $0 | Tax $0
Seat 1: a1ee7304 folded before Flop (didn't bet)
Seat 2: Hero folded before Flop (didn't bet)
Seat 3: 80d788d1 (button) folded before Flop (didn't bet)
Seat 4: c7a0649c (small blind) folded before Flop
Seat 5: ea46f5b4 (big blind) collected ($0.04)
Seat 6: e09a8428 folded before Flop (didn't bet)


Poker Hand #HD1596250099: Hold'em No Limit ($0.02/$0.05) - 2024/01/19 20:32:58
Table 'NLHBlue2' 6-max Seat #2 is the button
Seat 1: a1ee7304 ($1.79 in chips)
Seat 2: Hero ($5.67 in chips)
Seat 3: 80d788d1 ($5.07 in chips)
Seat 4: c7a0649c ($5.35 in chips)
Seat 5: ea46f5b4 ($7.47 in chips)
Seat 6: e09a8428 ($5.46 in chips)
80d788d1: posts small blind $0.02
c7a0649c: posts big blind $0.05
*** HOLE CARDS ***
Dealt to a1ee7304 
Dealt to Hero [6h Jh]
Dealt to 80d788d1 
Dealt to c7a0649c 
Dealt to ea46f5b4 
Dealt to e09a8428 
ea46f5b4: folds
e09a8428: folds
a1ee7304: folds
Hero: folds
80d788d1: folds
Uncalled bet ($0.03) returned to c7a0649c
*** SHOWDOWN ***
c7a0649c collected $0.04 from pot
*** SUMMARY ***
Total pot $0.04 | Rake $0 | Jackpot $0 | Bingo $0 | Fortune $0 | Tax $0
Seat 1: a1ee7304 folded before Flop (didn't bet)
Seat 2: Hero (button) folded before Flop (didn't bet)
Seat 3: 80d788d1 (small blind) folded before Flop
Seat 4: c7a0649c (big blind) collected ($0.04)
Seat 5: ea46f5b4 folded before Flop (didn't bet)
Seat 6: e09a8428 folded before Flop (didn't bet)


Poker Hand #HD1596250036: Hold'em No Limit ($0.02/$0.05) - 2024/01/19 20:32:22
Table 'NLHBlue2' 6-max Seat #1 is the button
Seat 1: a1ee7304 ($1.84 in chips)
Seat 2: Hero ($5.69 in chips)
Seat 3: 80d788d1 ($5 in chips)
Seat 4: c7a0649c ($5.35 in chips)
Seat 5: ea46f5b4 ($7.47 in chips)
Seat 6: e09a8428 ($5.46 in chips)
Hero: posts small blind $0.02
80d788d1: posts big blind $0.05
*** HOLE CARDS ***
Dealt to a1ee7304 
Dealt to Hero [2h Ts]
Dealt to 80d788d1 
Dealt to c7a0649c 
Dealt to ea46f5b4 
Dealt to e09a8428 
c7a0649c: folds
ea46f5b4: folds
e09a8428: folds
a1ee7304: calls $0.05
Hero: folds
80d788d1: checks
*** FLOP *** [8c 2s 9d]
80d788d1: checks
a1ee7304: checks
*** TURN *** [8c 2s 9d] [6h]
80d788d1: checks
a1ee7304: checks
*** RIVER *** [8c 2s 9d 6h] [3c]
80d788d1: checks
a1ee7304: checks
80d788d1: shows [Kd 3h] (Pair of Treys)
a1ee7304: shows [Qs Ks] (King-High)
*** SHOWDOWN ***
80d788d1 collected $0.12 from pot
*** SUMMARY ***
Total pot $0.12 | Rake $0 | Jackpot $0 | Bingo $0 | Fortune $0 | Tax $0
Board [8c 2s 9d 6h 3c]
Seat 1: a1ee7304 (button) showed [Qs Ks] and lost with King-High
Seat 2: Hero (small blind) folded before Flop
Seat 3: 80d788d1 (big blind) showed [Kd 3h] and won ($0.12) with Pair of Treys
Seat 4: c7a0649c folded before Flop (didn't bet)
Seat 5: ea46f5b4 folded before Flop (didn't bet)
Seat 6: e09a8428 folded before Flop (didn't bet)


Poker Hand #HD1596250000: Hold'em No Limit ($0.02/$0.05) - 2024/01/19 20:31:51
Table 'NLHBlue2' 6-max Seat #6 is the button
Seat 1: a1ee7304 ($1.65 in chips)
Seat 2: Hero ($5.74 in chips)
Seat 3: 80d788d1 ($5 in chips)
Seat 4: c7a0649c ($5.35 in chips)
Seat 5: ea46f5b4 ($7.47 in chips)
Seat 6: e09a8428 ($5.61 in chips)
a1ee7304: posts small blind $0.02
Hero: posts big blind $0.05
*** HOLE CARDS ***
Dealt to a1ee7304 
Dealt to Hero [8d Ks]
Dealt to 80d788d1 
Dealt to c7a0649c 
Dealt to ea46f5b4 
Dealt to e09a8428 
80d788d1: folds
c7a0649c: folds
ea46f5b4: folds
e09a8428: raises $0.1 to $0.15
a1ee7304: raises $0.27 to $0.42
Hero: folds
e09a8428: folds
Uncalled bet ($0.27) returned to a1ee7304
*** SHOWDOWN ***
a1ee7304 collected $0.34 from pot
*** SUMMARY ***
Total pot $0.35 | Rake $0.01 | Jackpot $0 | Bingo $0 | Fortune $0 | Tax $0
Seat 1: a1ee7304 (small blind) collected ($0.34)
Seat 2: Hero (big blind) folded before Flop
Seat 3: 80d788d1 folded before Flop (didn't bet)
Seat 4: c7a0649c folded before Flop (didn't bet)
Seat 5: ea46f5b4 folded before Flop (didn't bet)
Seat 6: e09a8428 (button) folded before Flop


Poker Hand #HD1596249943: Hold'em No Limit ($0.02/$0.05) - 2024/01/19 20:31:03
Table 'NLHBlue2' 6-max Seat #5 is the button
Seat 1: a1ee7304 ($1.7 in chips)
Seat 2: Hero ($5.74 in chips)
Seat 3: 80d788d1 ($5 in chips)
Seat 4: c7a0649c ($5.35 in chips)
Seat 5: ea46f5b4 ($7.47 in chips)
Seat 6: e09a8428 ($5.3 in chips)
e09a8428: posts small blind $0.02
a1ee7304: posts big blind $0.05
*** HOLE CARDS ***
Dealt to a1ee7304 
Dealt to Hero [4c 9c]
Dealt to 80d788d1 
Dealt to c7a0649c 
Dealt to ea46f5b4 
Dealt to e09a8428 
Hero: folds
80d788d1: raises $0.05 to $0.1
c7a0649c: folds
ea46f5b4: folds
e09a8428: calls $0.08
a1ee7304: folds
*** FLOP *** [Kc Th 8h]
e09a8428: bets $0.19
80d788d1: calls $0.19
*** TURN *** [Kc Th 8h] [7d]
e09a8428: bets $0.63
80d788d1: folds
Uncalled bet ($0.63) returned to e09a8428
*** SHOWDOWN ***
e09a8428 collected $0.6 from pot
*** SUMMARY ***
Total pot $0.63 | Rake $0.03 | Jackpot $0 | Bingo $0 | Fortune $0 | Tax $0
Board [Kc Th 8h 7d]
Seat 1: a1ee7304 (big blind) folded before Flop
Seat 2: Hero folded before Flop (didn't bet)
Seat 3: 80d788d1 folded on the Turn
Seat 4: c7a0649c folded before Flop (didn't bet)
Seat 5: ea46f5b4 (button) folded before Flop (didn't bet)
Seat 6: e09a8428 (small blind) won ($0.6)


Poker Hand #HD1596249907: Hold'em No Limit ($0.02/$0.05) - 2024/01/19 20:30:38
Table 'NLHBlue2' 6-max Seat #4 is the button
Seat 1: a1ee7304 ($1.7 in chips)
Seat 2: Hero ($5.74 in chips)
Seat 3: 80d788d1 ($5.07 in chips)
Seat 4: c7a0649c ($5.19 in chips)
Seat 5: ea46f5b4 ($7.49 in chips)
Seat 6: e09a8428 ($5.35 in chips)
ea46f5b4: posts small blind $0.02
e09a8428: posts big blind $0.05
*** HOLE CARDS ***
Dealt to a1ee7304 
Dealt to Hero [Td 8h]
Dealt to 80d788d1 
Dealt to c7a0649c 
Dealt to ea46f5b4 
Dealt to e09a8428 
a1ee7304: folds
Hero: folds
80d788d1: raises $0.05 to $0.1
c7a0649c: raises $0.37 to $0.47
ea46f5b4: folds
e09a8428: folds
80d788d1: folds
Uncalled bet ($0.37) returned to c7a0649c
*** SHOWDOWN ***
c7a0649c collected $0.26 from pot
*** SUMMARY ***
Total pot $0.27 | Rake $0.01 | Jackpot $0 | Bingo $0 | Fortune $0 | Tax $0
Seat 1: a1ee7304 folded before Flop (didn't bet)
Seat 2: Hero folded before Flop (didn't bet)
Seat 3: 80d788d1 folded before Flop
Seat 4: c7a0649c (button) collected ($0.26)
Seat 5: ea46f5b4 (small blind) folded before Flop
Seat 6: e09a8428 (big blind) folded before Flop


Poker Hand #HD1596249851: Hold'em No Limit ($0.02/$0.05) - 2024/01/19 20:30:01
Table 'NLHBlue2' 6-max Seat #3 is the button
Seat 1: a1ee7304 ($1.7 in chips)
Seat 2: Hero ($5.74 in chips)
Seat 3: 80d788d1 ($5.07 in chips)
Seat 4: c7a0649c ($5.21 in chips)
Seat 5: ea46f5b4 ($7.64 in chips)
Seat 6: e09a8428 ($5.19 in chips)
c7a0649c: posts small blind $0.02
ea46f5b4: posts big blind $0.05
*** HOLE CARDS ***
Dealt to a1ee7304 
Dealt to Hero [Ac 3h]
Dealt to 80d788d1 
Dealt to c7a0649c 
Dealt to ea46f5b4 
Dealt to e09a8428 
e09a8428: raises $0.1 to $0.15
a1ee7304: folds
Hero: folds
80d788d1: folds
c7a0649c: folds
ea46f5b4: calls $0.1
*** FLOP *** [4d 5c Jd]
ea46f5b4: checks
e09a8428: bets $0.24
ea46f5b4: folds
Uncalled bet ($0.24) returned to e09a8428
*** SHOWDOWN ***
e09a8428 collected $0.31 from pot
*** SUMMARY ***
Total pot $0.32 | Rake $0.01 | Jackpot $0 | Bingo $0 | Fortune $0 | Tax $0
Board [4d 5c Jd]
Seat 1: a1ee7304 folded before Flop (didn't bet)
Seat 2: Hero folded before Flop (didn't bet)
Seat 3: 80d788d1 (button) folded before Flop (didn't bet)
Seat 4: c7a0649c (small blind) folded before Flop
Seat 5: ea46f5b4 (big blind) folded on the Flop
Seat 6: e09a8428 won ($0.31)


Poker Hand #HD1596249807: Hold'em No Limit ($0.02/$0.05) - 2024/01/19 20:29:35
Table 'NLHBlue2' 6-max Seat #2 is the button
Seat 1: a1ee7304 ($1.75 in chips)
Seat 2: Hero ($5.74 in chips)
Seat 3: 80d788d1 ($5.09 in chips)
Seat 4: c7a0649c ($5.14 in chips)
Seat 5: ea46f5b4 ($7.64 in chips)
Seat 6: e09a8428 ($5.19 in chips)
80d788d1: posts small blind $0.02
c7a0649c: posts big blind $0.05
*** HOLE CARDS ***
Dealt to a1ee7304 
Dealt to Hero [Jh Tc]
Dealt to 80d788d1 
Dealt to c7a0649c 
Dealt to ea46f5b4 
Dealt to e09a8428 
ea46f5b4: folds
e09a8428: folds
a1ee7304: calls $0.05
Hero: folds
80d788d1: folds
c7a0649c: checks
*** FLOP *** [3h 4h 4s]
c7a0649c: bets $0.1
a1ee7304: folds
Uncalled bet ($0.1) returned to c7a0649c
*** SHOWDOWN ***
c7a0649c collected $0.12 from pot
*** SUMMARY ***
Total pot $0.12 | Rake $0 | Jackpot $0 | Bingo $0 | Fortune $0 | Tax $0
Board [3h 4h 4s]
Seat 1: a1ee7304 folded on the Flop
Seat 2: Hero (button) folded before Flop (didn't bet)
Seat 3: 80d788d1 (small blind) folded before Flop
Seat 4: c7a0649c (big blind) won ($0.12)
Seat 5: ea46f5b4 folded before Flop (didn't bet)
Seat 6: e09a8428 folded before Flop (didn't bet)


Poker Hand #HD1596249789: Hold'em No Limit ($0.02/$0.05) - 2024/01/19 20:29:22
Table 'NLHBlue2' 6-max Seat #1 is the button
Seat 1: a1ee7304 ($1.75 in chips)
Seat 2: Hero ($5.76 in chips)
Seat 3: 80d788d1 ($5.07 in chips)
Seat 4: c7a0649c ($5.14 in chips)
Seat 5: ea46f5b4 ($7.64 in chips)
Seat 6: e09a8428 ($5.19 in chips)
Hero: posts small blind $0.02
80d788d1: posts big blind $0.05
*** HOLE CARDS ***
Dealt to a1ee7304 
Dealt to Hero [Kh 8c]
Dealt to 80d788d1 
Dealt to c7a0649c 
Dealt to ea46f5b4 
Dealt to e09a8428 
c7a0649c: folds
ea46f5b4: folds
e09a8428: folds
a1ee7304: folds
Hero: folds
Uncalled bet ($0.03) returned to 80d788d1
*** SHOWDOWN ***
80d788d1 collected $0.04 from pot
*** SUMMARY ***
Total pot $0.04 | Rake $0 | Jackpot $0 | Bingo $0 | Fortune $0 | Tax $0
Seat 1: a1ee7304 (button) folded before Flop (didn't bet)
Seat 2: Hero (small blind) folded before Flop
Seat 3: 80d788d1 (big blind) collected ($0.04)
Seat 4: c7a0649c folded before Flop (didn't bet)
Seat 5: ea46f5b4 folded before Flop (didn't bet)
Seat 6: e09a8428 folded before Flop (didn't bet)


Poker Hand #HD1596249696: Hold'em No Limit ($0.02/$0.05) - 2024/01/19 20:28:26
Table 'NLHBlue2' 6-max Seat #6 is the button
Seat 1: a1ee7304 ($1.77 in chips)
Seat 2: Hero ($6.23 in chips)
Seat 3: 80d788d1 ($5.07 in chips)
Seat 4: c7a0649c ($5.14 in chips)
Seat 5: ea46f5b4 ($7.19 in chips)
Seat 6: e09a8428 ($5.19 in chips)
a1ee7304: posts small blind $0.02
Hero: posts big blind $0.05
*** HOLE CARDS ***
Dealt to a1ee7304 
Dealt to Hero [Ks Tc]
Dealt to 80d788d1 
Dealt to c7a0649c 
Dealt to ea46f5b4 
Dealt to e09a8428 
80d788d1: folds
c7a0649c: folds
ea46f5b4: raises $0.06 to $0.11
e09a8428: folds
a1ee7304: folds
Hero: calls $0.06
*** FLOP *** [2c 6d Qh]
Hero: checks
ea46f5b4: checks
*** TURN *** [2c 6d Qh] [9c]
Hero: checks
ea46f5b4: checks
*** RIVER *** [2c 6d Qh 9c] [Kd]
Hero: bets $0.18
ea46f5b4: raises $0.18 to $0.36
Hero: calls $0.18
ea46f5b4: shows [Jc Td] (Kings-High Straight)
Hero: shows [Ks Tc] (Pair of Kings)
*** SHOWDOWN ***
ea46f5b4 collected $0.92 from pot
*** SUMMARY ***
Total pot $0.96 | Rake $0.04 | Jackpot $0 | Bingo $0 | Fortune $0 | Tax $0
Board [2c 6d Qh 9c Kd]
Seat 1: a1ee7304 (small blind) folded before Flop
Seat 2: Hero (big blind) showed [Ks Tc] and lost with Pair of Kings
Seat 3: 80d788d1 folded before Flop (didn't bet)
Seat 4: c7a0649c folded before Flop (didn't bet)
Seat 5: ea46f5b4 showed [Jc Td] and won ($0.92) with Kings-High Straight
Seat 6: e09a8428 (button) folded before Flop (didn't bet)


Poker Hand #HD1596249645: Hold'em No Limit ($0.02/$0.05) - 2024/01/19 20:27:51
Table 'NLHBlue2' 6-max Seat #5 is the button
Seat 1: a1ee7304 ($1.63 in chips)
Seat 2: Hero ($6.23 in chips)
Seat 3: 80d788d1 ($5.07 in chips)
Seat 4: c7a0649c ($5.14 in chips)
Seat 5: ea46f5b4 ($7.19 in chips)
Seat 6: e09a8428 ($5.34 in chips)
e09a8428: posts small blind $0.02
a1ee7304: posts big blind $0.05
*** HOLE CARDS ***
Dealt to a1ee7304 
Dealt to Hero [Kh 8d]
Dealt to 80d788d1 
Dealt to c7a0649c 
Dealt to ea46f5b4 
Dealt to e09a8428 
Hero: folds
80d788d1: folds
c7a0649c: folds
ea46f5b4: folds
e09a8428: raises $0.1 to $0.15
a1ee7304: raises $0.3 to $0.45
e09a8428: folds
Uncalled bet ($0.3) returned to a1ee7304
*** SHOWDOWN ***
a1ee7304 collected $0.29 from pot
*** SUMMARY ***
Total pot $0.3 | Rake $0.01 | Jackpot $0 | Bingo $0 | Fortune $0 | Tax $0
Seat 1: a1ee7304 (big blind) collected ($0.29)
Seat 2: Hero folded before Flop (didn't bet)
Seat 3: 80d788d1 folded before Flop (didn't bet)
Seat 4: c7a0649c folded before Flop (didn't bet)
Seat 5: ea46f5b4 (button) folded before Flop (didn't bet)
Seat 6: e09a8428 (small blind) folded before Flop


Poker Hand #HD1596249586: Hold'em No Limit ($0.02/$0.05) - 2024/01/19 20:27:07
Table 'NLHBlue2' 6-max Seat #4 is the button
Seat 1: a1ee7304 ($1.37 in chips)
Seat 2: Hero ($6.23 in chips)
Seat 3: 80d788d1 ($5.07 in chips)
Seat 4: c7a0649c ($5.14 in chips)
Seat 5: ea46f5b4 ($7.21 in chips)
Seat 6: e09a8428 ($5.6 in chips)
ea46f5b4: posts small blind $0.02
e09a8428: posts big blind $0.05
*** HOLE CARDS ***
Dealt to a1ee7304 
Dealt to Hero [Jd Ts]
Dealt to 80d788d1 
Dealt to c7a0649c 
Dealt to ea46f5b4 
Dealt to e09a8428 
a1ee7304: raises $0.1 to $0.15
Hero: folds
80d788d1: folds
c7a0649c: folds
ea46f5b4: folds
e09a8428: calls $0.1
*** FLOP *** [Kh Tc Td]
e09a8428: checks
a1ee7304: checks
*** TURN *** [Kh Tc Td] [7c]
e09a8428: checks
a1ee7304: checks
*** RIVER *** [Kh Tc Td 7c] [8d]
e09a8428: bets $0.11
a1ee7304: calls $0.11
e09a8428: shows [6d 5h] (Pair of Tens)
a1ee7304: shows [7s Js] (Pair of Tens and Pair of Sevens)
*** SHOWDOWN ***
a1ee7304 collected $0.52 from pot
*** SUMMARY ***
Total pot $0.54 | Rake $0.02 | Jackpot $0 | Bingo $0 | Fortune $0 | Tax $0
Board [Kh Tc Td 7c 8d]
Seat 1: a1ee7304 showed [7s Js] and won ($0.52) with Pair of Tens and Pair of Sevens
Seat 2: Hero folded before Flop (didn't bet)
Seat 3: 80d788d1 folded before Flop (didn't bet)
Seat 4: c7a0649c (button) folded before Flop (didn't bet)
Seat 5: ea46f5b4 (small blind) folded before Flop
Seat 6: e09a8428 (big blind) showed [6d 5h] and lost with Pair of Tens


Poker Hand #HD1596249565: Hold'em No Limit ($0.02/$0.05) - 2024/01/19 20:26:54
Table 'NLHBlue2' 6-max Seat #3 is the button
Seat 1: a1ee7304 ($1.37 in chips)
Seat 2: Hero ($6.23 in chips)
Seat 3: 80d788d1 ($5 in chips)
Seat 4: c7a0649c ($5.16 in chips)
Seat 5: ea46f5b4 ($7.26 in chips)
Seat 6: e09a8428 ($5.6 in chips)
c7a0649c: posts small blind $0.02
ea46f5b4: posts big blind $0.05
*** HOLE CARDS ***
Dealt to a1ee7304 
Dealt to Hero [Th 8c]
Dealt to 80d788d1 
Dealt to c7a0649c 
Dealt to ea46f5b4 
Dealt to e09a8428 
e09a8428: folds
a1ee7304: folds
Hero: folds
80d788d1: raises $0.08 to $0.13
c7a0649c: folds
ea46f5b4: folds
Uncalled bet ($0.08) returned to 80d788d1
*** SHOWDOWN ***
80d788d1 collected $0.12 from pot
*** SUMMARY ***
Total pot $0.12 | Rake $0 | Jackpot $0 | Bingo $0 | Fortune $0 | Tax $0
Seat 1: a1ee7304 folded before Flop (didn't bet)
Seat 2: Hero folded before Flop (didn't bet)
Seat 3: 80d788d1 (button) collected ($0.12)
Seat 4: c7a0649c (small blind) folded before Flop
Seat 5: ea46f5b4 (big blind) folded before Flop
Seat 6: e09a8428 folded before Flop (didn't bet)


Poker Hand #HD1596249485: Hold'em No Limit ($0.02/$0.05) - 2024/01/19 20:26:00
Table 'NLHBlue2' 6-max Seat #2 is the button
Seat 1: a1ee7304 ($1.37 in chips)
Seat 2: Hero ($6.23 in chips)
Seat 3: 80d788d1 ($5 in chips)
Seat 4: c7a0649c ($5 in chips)
Seat 5: ea46f5b4 ($7.26 in chips)
Seat 6: e09a8428 ($5.75 in chips)
80d788d1: posts small blind $0.02
c7a0649c: posts big blind $0.05
*** HOLE CARDS ***
Dealt to a1ee7304 
Dealt to Hero [6h Ks]
Dealt to 80d788d1 
Dealt to c7a0649c 
Dealt to ea46f5b4 
Dealt to e09a8428 
ea46f5b4: folds
e09a8428: raises $0.1 to $0.15
a1ee7304: folds
Hero: folds
80d788d1: folds
c7a0649c: calls $0.1
*** FLOP *** [3s 8c 2h]
c7a0649c: checks
e09a8428: checks
*** TURN *** [3s 8c 2h] [2d]
c7a0649c: bets $0.26
e09a8428: folds
Uncalled bet ($0.26) returned to c7a0649c
*** SHOWDOWN ***
c7a0649c collected $0.31 from pot
*** SUMMARY ***
Total pot $0.32 | Rake $0.01 | Jackpot $0 | Bingo $0 | Fortune $0 | Tax $0
Board [3s 8c 2h 2d]
Seat 1: a1ee7304 folded before Flop (didn't bet)
Seat 2: Hero (button) folded before Flop (didn't bet)
Seat 3: 80d788d1 (small blind) folded before Flop
Seat 4: c7a0649c (big blind) won ($0.31)
Seat 5: ea46f5b4 folded before Flop (didn't bet)
Seat 6: e09a8428 folded on the Turn


Poker Hand #HD1596249459: Hold'em No Limit ($0.02/$0.05) - 2024/01/19 20:25:39
Table 'NLHBlue2' 6-max Seat #1 is the button
Seat 1: a1ee7304 ($1.37 in chips)
Seat 2: Hero ($6.18 in chips)
Seat 3: 80d788d1 ($5 in chips)
Seat 4: c7a0649c ($5 in chips)
Seat 5: ea46f5b4 ($7.26 in chips)
Seat 6: e09a8428 ($5.75 in chips)
Hero: posts small blind $0.02
80d788d1: posts big blind $0.05
*** HOLE CARDS ***
Dealt to a1ee7304 
Dealt to Hero [Ts As]
Dealt to 80d788d1 
Dealt to c7a0649c 
Dealt to ea46f5b4 
Dealt to e09a8428 
c7a0649c: folds
ea46f5b4: folds
e09a8428: folds
a1ee7304: folds
Hero: raises $0.09 to $0.14
80d788d1: folds
Uncalled bet ($0.09) returned to Hero
*** SHOWDOWN ***
Hero collected $0.1 from pot
*** SUMMARY ***
Total pot $0.1 | Rake $0 | Jackpot $0 | Bingo $0 | Fortune $0 | Tax $0
Seat 1: a1ee7304 (button) folded before Flop (didn't bet)
Seat 2: Hero (small blind) collected ($0.1)
Seat 3: 80d788d1 (big blind) folded before Flop
Seat 4: c7a0649c folded before Flop (didn't bet)
Seat 5: ea46f5b4 folded before Flop (didn't bet)
Seat 6: e09a8428 folded before Flop (didn't bet)


Poker Hand #HD1596249424: Hold'em No Limit ($0.02/$0.05) - 2024/01/19 20:25:11
Table 'NLHBlue2' 6-max Seat #6 is the button
Seat 1: a1ee7304 ($1.39 in chips)
Seat 2: Hero ($6.23 in chips)
Seat 3: 80d788d1 ($5 in chips)
Seat 4: c7a0649c ($5 in chips)
Seat 5: ea46f5b4 ($7.26 in chips)
Seat 6: e09a8428 ($5.49 in chips)
a1ee7304: posts small blind $0.02
Hero: posts big blind $0.05
*** HOLE CARDS ***
Dealt to a1ee7304 
Dealt to Hero [8d 5c]
Dealt to 80d788d1 
Dealt to c7a0649c 
Dealt to ea46f5b4 
Dealt to e09a8428 
80d788d1: raises $0.05 to $0.1
c7a0649c: calls $0.1
ea46f5b4: folds
e09a8428: raises $0.37 to $0.47
a1ee7304: folds
Hero: folds
80d788d1: folds
c7a0649c: folds
Uncalled bet ($0.37) returned to e09a8428
*** SHOWDOWN ***
e09a8428 collected $0.36 from pot
*** SUMMARY ***
Total pot $0.37 | Rake $0.01 | Jackpot $0 | Bingo $0 | Fortune $0 | Tax $0
Seat 1: a1ee7304 (small blind) folded before Flop
Seat 2: Hero (big blind) folded before Flop
Seat 3: 80d788d1 folded before Flop
Seat 4: c7a0649c folded before Flop
Seat 5: ea46f5b4 folded before Flop (didn't bet)
Seat 6: e09a8428 (button) collected ($0.36)


Poker Hand #HD1596249400: Hold'em No Limit ($0.02/$0.05) - 2024/01/19 20:24:54
Table 'NLHBlue2' 6-max Seat #5 is the button
Seat 1: a1ee7304 ($1.37 in chips)
Seat 2: Hero ($6.23 in chips)
Seat 3: 80d788d1 ($5 in chips)
Seat 4: c7a0649c ($5 in chips)
Seat 5: ea46f5b4 ($7.26 in chips)
Seat 6: e09a8428 ($5.51 in chips)
e09a8428: posts small blind $0.02
a1ee7304: posts big blind $0.05
*** HOLE CARDS ***
Dealt to a1ee7304 
Dealt to Hero [Qd 5h]
Dealt to 80d788d1 
Dealt to c7a0649c 
Dealt to ea46f5b4 
Dealt to e09a8428 
Hero: folds
80d788d1: folds
c7a0649c: folds
ea46f5b4: folds
e09a8428: folds
Uncalled bet ($0.03) returned to a1ee7304
*** SHOWDOWN ***
a1ee7304 collected $0.04 from pot
*** SUMMARY ***
Total pot $0.04 | Rake $0 | Jackpot $0 | Bingo $0 | Fortune $0 | Tax $0
Seat 1: a1ee7304 (big blind) collected ($0.04)
Seat 2: Hero folded before Flop (didn't bet)
Seat 3: 80d788d1 folded before Flop (didn't bet)
Seat 4: c7a0649c folded before Flop (didn't bet)
Seat 5: ea46f5b4 (button) folded before Flop (didn't bet)
Seat 6: e09a8428 (small blind) folded before Flop


Poker Hand #HD1596249355: Hold'em No Limit ($0.02/$0.05) - 2024/01/19 20:24:24
Table 'NLHBlue2' 6-max Seat #4 is the button
Seat 1: a1ee7304 ($1.3 in chips)
Seat 2: Hero ($6.23 in chips)
Seat 3: 80d788d1 ($5 in chips)
Seat 4: c7a0649c ($5 in chips)
Seat 5: ea46f5b4 ($7.28 in chips)
Seat 6: e09a8428 ($5.56 in chips)
ea46f5b4: posts small blind $0.02
e09a8428: posts big blind $0.05
*** HOLE CARDS ***
Dealt to a1ee7304 
Dealt to Hero [9s 2h]
Dealt to 80d788d1 
Dealt to c7a0649c 
Dealt to ea46f5b4 
Dealt to e09a8428 
a1ee7304: calls $0.05
Hero: folds
80d788d1: folds
c7a0649c: folds
ea46f5b4: folds
e09a8428: checks
*** FLOP *** [9d 7h 8s]
e09a8428: checks
a1ee7304: bets $0.06
e09a8428: folds
Uncalled bet ($0.06) returned to a1ee7304
*** SHOWDOWN ***
a1ee7304 collected $0.12 from pot
*** SUMMARY ***
Total pot $0.12 | Rake $0 | Jackpot $0 | Bingo $0 | Fortune $0 | Tax $0
Board [9d 7h 8s]
Seat 1: a1ee7304 won ($0.12)
Seat 2: Hero folded before Flop (didn't bet)
Seat 3: 80d788d1 folded before Flop (didn't bet)
Seat 4: c7a0649c (button) folded before Flop (didn't bet)
Seat 5: ea46f5b4 (small blind) folded before Flop
Seat 6: e09a8428 (big blind) folded on the Flop


Poker Hand #HD1596249282: Hold'em No Limit ($0.02/$0.05) - 2024/01/19 20:23:33
Table 'NLHBlue2' 6-max Seat #3 is the button
Seat 1: a1ee7304 ($1.3 in chips)
Seat 2: Hero ($6.23 in chips)
Seat 3: 80d788d1 ($5.2 in chips)
Seat 4: c7a0649c ($5 in chips)
Seat 5: ea46f5b4 ($6.95 in chips)
c7a0649c: posts small blind $0.02
ea46f5b4: posts big blind $0.05
*** HOLE CARDS ***
Dealt to a1ee7304 
Dealt to Hero [4d 6c]
Dealt to 80d788d1 
Dealt to c7a0649c 
Dealt to ea46f5b4 
a1ee7304: folds
Hero: folds
80d788d1: raises $0.08 to $0.13
c7a0649c: folds
ea46f5b4: calls $0.08
*** FLOP *** [2d 3h 5s]
ea46f5b4: checks
80d788d1: checks
*** TURN *** [2d 3h 5s] [6s]
ea46f5b4: bets $0.21
80d788d1: calls $0.21
*** RIVER *** [2d 3h 5s 6s] [2h]
ea46f5b4: checks
80d788d1: checks
ea46f5b4: shows [4s Qs] (Sixes-High Straight)
80d788d1: shows [Ah Jc] (Pair of Twos)
*** SHOWDOWN ***
ea46f5b4 collected $0.67 from pot
*** SUMMARY ***
Total pot $0.7 | Rake $0.03 | Jackpot $0 | Bingo $0 | Fortune $0 | Tax $0
Board [2d 3h 5s 6s 2h]
Seat 1: a1ee7304 folded before Flop (didn't bet)
Seat 2: Hero folded before Flop (didn't bet)
Seat 3: 80d788d1 (button) showed [Ah Jc] and lost with Pair of Twos
Seat 4: c7a0649c (small blind) folded before Flop
Seat 5: ea46f5b4 (big blind) showed [4s Qs] and won ($0.67) with Sixes-High Straight


Poker Hand #HD1596249220: Hold'em No Limit ($0.02/$0.05) - 2024/01/19 20:22:50
Table 'NLHBlue2' 6-max Seat #2 is the button
Seat 1: a1ee7304 ($1.3 in chips)
Seat 2: Hero ($6.35 in chips)
Seat 3: 80d788d1 ($5.04 in chips)
Seat 4: c7a0649c ($5 in chips)
Seat 5: ea46f5b4 ($6.95 in chips)
Seat 6: e09a8428 ($5.56 in chips)
80d788d1: posts small blind $0.02
c7a0649c: posts big blind $0.05
*** HOLE CARDS ***
Dealt to a1ee7304 
Dealt to Hero [5d 5s]
Dealt to 80d788d1 
Dealt to c7a0649c 
Dealt to ea46f5b4 
Dealt to e09a8428 
ea46f5b4: folds
e09a8428: folds
a1ee7304: folds
Hero: raises $0.07 to $0.12
80d788d1: raises $0.46 to $0.58
c7a0649c: folds
Hero: folds
Uncalled bet ($0.46) returned to 80d788d1
*** SHOWDOWN ***
80d788d1 collected $0.28 from pot
*** SUMMARY ***
Total pot $0.29 | Rake $0.01 | Jackpot $0 | Bingo $0 | Fortune $0 | Tax $0
Seat 1: a1ee7304 folded before Flop (didn't bet)
Seat 2: Hero (button) folded before Flop
Seat 3: 80d788d1 (small blind) collected ($0.28)
Seat 4: c7a0649c (big blind) folded before Flop
Seat 5: ea46f5b4 folded before Flop (didn't bet)
Seat 6: e09a8428 folded before Flop (didn't bet)


Poker Hand #HD1596249191: Hold'em No Limit ($0.02/$0.05) - 2024/01/19 20:22:32
Table 'NLHBlue2' 6-max Seat #1 is the button
Seat 1: a1ee7304 ($1.3 in chips)
Seat 2: Hero ($6.37 in chips)
Seat 3: 80d788d1 ($5.09 in chips)
Seat 4: c7a0649c ($5 in chips)
Seat 5: ea46f5b4 ($6.95 in chips)
Seat 6: e09a8428 ($5.49 in chips)
Hero: posts small blind $0.02
80d788d1: posts big blind $0.05
*** HOLE CARDS ***
Dealt to a1ee7304 
Dealt to Hero [6d Jh]
Dealt to 80d788d1 
Dealt to c7a0649c 
Dealt to ea46f5b4 
Dealt to e09a8428 
c7a0649c: folds
ea46f5b4: folds
e09a8428: raises $0.1 to $0.15
a1ee7304: folds
Hero: folds
80d788d1: folds
Uncalled bet ($0.1) returned to e09a8428
*** SHOWDOWN ***
e09a8428 collected $0.12 from pot
*** SUMMARY ***
Total pot $0.12 | Rake $0 | Jackpot $0 | Bingo $0 | Fortune $0 | Tax $0
Seat 1: a1ee7304 (button) folded before Flop (didn't bet)
Seat 2: Hero (small blind) folded before Flop
Seat 3: 80d788d1 (big blind) folded before Flop
Seat 4: c7a0649c folded before Flop (didn't bet)
Seat 5: ea46f5b4 folded before Flop (didn't bet)
Seat 6: e09a8428 collected ($0.12)


Poker Hand #HD1596249165: Hold'em No Limit ($0.02/$0.05) - 2024/01/19 20:22:15
Table 'NLHBlue2' 6-max Seat #6 is the button
Seat 1: a1ee7304 ($1.32 in chips)
Seat 2: Hero ($6.42 in chips)
Seat 4: c7a0649c ($5 in chips)
Seat 5: ea46f5b4 ($6.95 in chips)
Seat 6: e09a8428 ($5.42 in chips)
a1ee7304: posts small blind $0.02
Hero: posts big blind $0.05
*** HOLE CARDS ***
Dealt to a1ee7304 
Dealt to Hero [2c 7h]
Dealt to c7a0649c 
Dealt to ea46f5b4 
Dealt to e09a8428 
c7a0649c: folds
ea46f5b4: folds
e09a8428: raises $0.1 to $0.15
a1ee7304: folds
Hero: folds
Uncalled bet ($0.1) returned to e09a8428
*** SHOWDOWN ***
e09a8428 collected $0.12 from pot
*** SUMMARY ***
Total pot $0.12 | Rake $0 | Jackpot $0 | Bingo $0 | Fortune $0 | Tax $0
Seat 1: a1ee7304 (small blind) folded before Flop
Seat 2: Hero (big blind) folded before Flop
Seat 4: c7a0649c folded before Flop (didn't bet)
Seat 5: ea46f5b4 folded before Flop (didn't bet)
Seat 6: e09a8428 (button) collected ($0.12)


Poker Hand #HD1596249046: Hold'em No Limit ($0.02/$0.05) - 2024/01/19 20:20:55
Table 'NLHBlue2' 6-max Seat #5 is the button
Seat 1: a1ee7304 ($0.99 in chips)
Seat 2: Hero ($6.42 in chips)
Seat 4: c7a0649c ($5 in chips)
Seat 5: ea46f5b4 ($6.95 in chips)
Seat 6: e09a8428 ($5.66 in chips)
e09a8428: posts small blind $0.02
a1ee7304: posts big blind $0.05
*** HOLE CARDS ***
Dealt to a1ee7304 
Dealt to Hero [2s Th]
Dealt to c7a0649c 
Dealt to ea46f5b4 
Dealt to e09a8428 
Hero: folds
c7a0649c: raises $0.07 to $0.12
ea46f5b4: folds
e09a8428: calls $0.1
a1ee7304: calls $0.07
*** FLOP *** [Tc Kc Ks]
e09a8428: checks
a1ee7304: checks
c7a0649c: checks
*** TURN *** [Tc Kc Ks] [Td]
e09a8428: bets $0.12
a1ee7304: calls $0.12
c7a0649c: folds
*** RIVER *** [Tc Kc Ks Td] [5d]
e09a8428: checks
a1ee7304: bets $0.3
e09a8428: folds
Uncalled bet ($0.3) returned to a1ee7304
*** SHOWDOWN ***
a1ee7304 collected $0.57 from pot
*** SUMMARY ***
Total pot $0.6 | Rake $0.03 | Jackpot $0 | Bingo $0 | Fortune $0 | Tax $0
Board [Tc Kc Ks Td 5d]
Seat 1: a1ee7304 (big blind) won ($0.57)
Seat 2: Hero folded before Flop (didn't bet)
Seat 4: c7a0649c folded on the Turn
Seat 5: ea46f5b4 (button) folded before Flop (didn't bet)
Seat 6: e09a8428 (small blind) folded on the River


Poker Hand #HD1596249003: Hold'em No Limit ($0.02/$0.05) - 2024/01/19 20:20:26
Table 'NLHBlue2' 6-max Seat #4 is the button
Seat 1: a1ee7304 ($0.99 in chips)
Seat 2: Hero ($6.54 in chips)
Seat 4: c7a0649c ($5 in chips)
Seat 5: ea46f5b4 ($6.97 in chips)
Seat 6: e09a8428 ($5.53 in chips)
ea46f5b4: posts small blind $0.02
e09a8428: posts big blind $0.05
*** HOLE CARDS ***
Dealt to a1ee7304 
Dealt to Hero [8h Qh]
Dealt to c7a0649c 
Dealt to ea46f5b4 
Dealt to e09a8428 
a1ee7304: folds
Hero: raises $0.07 to $0.12
c7a0649c: folds
ea46f5b4: folds
e09a8428: raises $0.26 to $0.38
Hero: folds
Uncalled bet ($0.26) returned to e09a8428
*** SHOWDOWN ***
e09a8428 collected $0.25 from pot
*** SUMMARY ***
Total pot $0.26 | Rake $0.01 | Jackpot $0 | Bingo $0 | Fortune $0 | Tax $0
Seat 1: a1ee7304 folded before Flop (didn't bet)
Seat 2: Hero folded before Flop
Seat 4: c7a0649c (button) folded before Flop (didn't bet)
Seat 5: ea46f5b4 (small blind) folded before Flop
Seat 6: e09a8428 (big blind) collected ($0.25)


Poker Hand #HD1596248984: Hold'em No Limit ($0.02/$0.05) - 2024/01/19 20:20:15
Table 'NLHBlue2' 6-max Seat #2 is the button
Seat 1: a1ee7304 ($0.99 in chips)
Seat 2: Hero ($6.54 in chips)
Seat 4: c7a0649c ($5.02 in chips)
Seat 5: ea46f5b4 ($6.95 in chips)
Seat 6: e09a8428 ($5.53 in chips)
c7a0649c: posts small blind $0.02
ea46f5b4: posts big blind $0.05
*** HOLE CARDS ***
Dealt to a1ee7304 
Dealt to Hero [4s 2c]
Dealt to c7a0649c 
Dealt to ea46f5b4 
Dealt to e09a8428 
e09a8428: folds
a1ee7304: folds
Hero: folds
c7a0649c: folds
Uncalled bet ($0.03) returned to ea46f5b4
*** SHOWDOWN ***
ea46f5b4 collected $0.04 from pot
*** SUMMARY ***
Total pot $0.04 | Rake $0 | Jackpot $0 | Bingo $0 | Fortune $0 | Tax $0
Seat 1: a1ee7304 folded before Flop (didn't bet)
Seat 2: Hero (button) folded before Flop (didn't bet)
Seat 4: c7a0649c (small blind) folded before Flop
Seat 5: ea46f5b4 (big blind) collected ($0.04)
Seat 6: e09a8428 folded before Flop (didn't bet)


Poker Hand #HD1596248972: Hold'em No Limit ($0.02/$0.05) - 2024/01/19 20:20:05
Table 'NLHBlue2' 6-max Seat #1 is the button
Seat 1: a1ee7304 ($0.99 in chips)
Seat 2: Hero ($6.56 in chips)
Seat 4: c7a0649c ($5 in chips)
Seat 5: ea46f5b4 ($6.95 in chips)
Seat 6: e09a8428 ($5.53 in chips)
Hero: posts small blind $0.02
c7a0649c: posts big blind $0.05
*** HOLE CARDS ***
Dealt to a1ee7304 
Dealt to Hero [Kc 4s]
Dealt to c7a0649c 
Dealt to ea46f5b4 
Dealt to e09a8428 
ea46f5b4: folds
e09a8428: folds
a1ee7304: folds
Hero: folds
Uncalled bet ($0.03) returned to c7a0649c
*** SHOWDOWN ***
c7a0649c collected $0.04 from pot
*** SUMMARY ***
Total pot $0.04 | Rake $0 | Jackpot $0 | Bingo $0 | Fortune $0 | Tax $0
Seat 1: a1ee7304 (button) folded before Flop (didn't bet)
Seat 2: Hero (small blind) folded before Flop
Seat 4: c7a0649c (big blind) collected ($0.04)
Seat 5: ea46f5b4 folded before Flop (didn't bet)
Seat 6: e09a8428 folded before Flop (didn't bet)


Poker Hand #HD1596248942: Hold'em No Limit ($0.02/$0.05) - 2024/01/19 20:19:48
Table 'NLHBlue2' 6-max Seat #6 is the button
Seat 1: a1ee7304 ($1.01 in chips)
Seat 2: Hero ($6.61 in chips)
Seat 4: c7a0649c ($5 in chips)
Seat 5: ea46f5b4 ($6.88 in chips)
Seat 6: e09a8428 ($5.53 in chips)
a1ee7304: posts small blind $0.02
Hero: posts big blind $0.05
*** HOLE CARDS ***
Dealt to a1ee7304 
Dealt to Hero [Tc 5d]
Dealt to c7a0649c 
Dealt to ea46f5b4 
Dealt to e09a8428 
c7a0649c: folds
ea46f5b4: raises $0.1 to $0.15
e09a8428: folds
a1ee7304: folds
Hero: folds
Uncalled bet ($0.1) returned to ea46f5b4
*** SHOWDOWN ***
ea46f5b4 collected $0.12 from pot
*** SUMMARY ***
Total pot $0.12 | Rake $0 | Jackpot $0 | Bingo $0 | Fortune $0 | Tax $0
Seat 1: a1ee7304 (small blind) folded before Flop
Seat 2: Hero (big blind) folded before Flop
Seat 4: c7a0649c folded before Flop (didn't bet)
Seat 5: ea46f5b4 collected ($0.12)
Seat 6: e09a8428 (button) folded before Flop (didn't bet)


Poker Hand #HD1596248888: Hold'em No Limit ($0.02/$0.05) - 2024/01/19 20:19:14
Table 'NLHBlue2' 6-max Seat #5 is the button
Seat 1: a1ee7304 ($0.96 in chips)
Seat 2: Hero ($6.61 in chips)
Seat 4: c7a0649c ($5 in chips)
Seat 5: ea46f5b4 ($6.88 in chips)
Seat 6: e09a8428 ($5.58 in chips)
e09a8428: posts small blind $0.02
a1ee7304: posts big blind $0.05
*** HOLE CARDS ***
Dealt to a1ee7304 
Dealt to Hero [As 8c]
Dealt to c7a0649c 
Dealt to ea46f5b4 
Dealt to e09a8428 
Hero: folds
c7a0649c: folds
ea46f5b4: folds
e09a8428: calls $0.03
a1ee7304: checks
*** FLOP *** [8d 4c 7s]
e09a8428: checks
a1ee7304: bets $0.05
e09a8428: folds
Uncalled bet ($0.05) returned to a1ee7304
*** SHOWDOWN ***
a1ee7304 collected $0.1 from pot
*** SUMMARY ***
Total pot $0.1 | Rake $0 | Jackpot $0 | Bingo $0 | Fortune $0 | Tax $0
Board [8d 4c 7s]
Seat 1: a1ee7304 (big blind) won ($0.1)
Seat 2: Hero folded before Flop (didn't bet)
Seat 4: c7a0649c folded before Flop (didn't bet)
Seat 5: ea46f5b4 (button) folded before Flop (didn't bet)
Seat 6: e09a8428 (small blind) folded on the Flop


Poker Hand #HD1596248865: Hold'em No Limit ($0.02/$0.05) - 2024/01/19 20:18:58
Table 'NLHBlue2' 6-max Seat #4 is the button
Seat 1: a1ee7304 ($0.96 in chips)
Seat 2: Hero ($6.54 in chips)
Seat 4: c7a0649c ($5 in chips)
Seat 5: ea46f5b4 ($6.9 in chips)
Seat 6: e09a8428 ($5.63 in chips)
ea46f5b4: posts small blind $0.02
e09a8428: posts big blind $0.05
*** HOLE CARDS ***
Dealt to a1ee7304 
Dealt to Hero [4s 4d]
Dealt to c7a0649c 
Dealt to ea46f5b4 
Dealt to e09a8428 
a1ee7304: folds
Hero: raises $0.07 to $0.12
c7a0649c: folds
ea46f5b4: folds
e09a8428: folds
Uncalled bet ($0.07) returned to Hero
*** SHOWDOWN ***
Hero collected $0.12 from pot
*** SUMMARY ***
Total pot $0.12 | Rake $0 | Jackpot $0 | Bingo $0 | Fortune $0 | Tax $0
Seat 1: a1ee7304 folded before Flop (didn't bet)
Seat 2: Hero collected ($0.12)
Seat 4: c7a0649c (button) folded before Flop (didn't bet)
Seat 5: ea46f5b4 (small blind) folded before Flop
Seat 6: e09a8428 (big blind) folded before Flop


Poker Hand #HD1596248850: Hold'em No Limit ($0.02/$0.05) - 2024/01/19 20:18:47
Table 'NLHBlue2' 6-max Seat #2 is the button
Seat 1: a1ee7304 ($0.96 in chips)
Seat 2: Hero ($6.54 in chips)
Seat 4: c7a0649c ($5 in chips)
Seat 5: ea46f5b4 ($6.88 in chips)
Seat 6: e09a8428 ($5.63 in chips)
c7a0649c: posts small blind $0.02
ea46f5b4: posts big blind $0.05
*** HOLE CARDS ***
Dealt to a1ee7304 
Dealt to Hero [9h 6c]
Dealt to c7a0649c 
Dealt to ea46f5b4 
Dealt to e09a8428 
e09a8428: folds
a1ee7304: folds
Hero: folds
c7a0649c: folds
Uncalled bet ($0.03) returned to ea46f5b4
*** SHOWDOWN ***
ea46f5b4 collected $0.04 from pot
*** SUMMARY ***
Total pot $0.04 | Rake $0 | Jackpot $0 | Bingo $0 | Fortune $0 | Tax $0
Seat 1: a1ee7304 folded before Flop (didn't bet)
Seat 2: Hero (button) folded before Flop (didn't bet)
Seat 4: c7a0649c (small blind) folded before Flop
Seat 5: ea46f5b4 (big blind) collected ($0.04)
Seat 6: e09a8428 folded before Flop (didn't bet)


Poker Hand #HD1596248800: Hold'em No Limit ($0.02/$0.05) - 2024/01/19 20:18:15
Table 'NLHBlue2' 6-max Seat #1 is the button
Seat 1: a1ee7304 ($0.96 in chips)
Seat 2: Hero ($6.49 in chips)
Seat 3: 80d788d1 ($5.14 in chips)
Seat 4: c7a0649c ($5 in chips)
Seat 5: ea46f5b4 ($6.88 in chips)
Seat 6: e09a8428 ($5.63 in chips)
Hero: posts small blind $0.02
80d788d1: posts big blind $0.05
*** HOLE CARDS ***
Dealt to a1ee7304 
Dealt to Hero [9s Th]
Dealt to 80d788d1 
Dealt to c7a0649c 
Dealt to ea46f5b4 
Dealt to e09a8428 
c7a0649c: folds
ea46f5b4: folds
e09a8428: folds
a1ee7304: folds
Hero: raises $0.09 to $0.14
80d788d1: folds
Uncalled bet ($0.09) returned to Hero
*** SHOWDOWN ***
Hero collected $0.1 from pot
*** SUMMARY ***
Total pot $0.1 | Rake $0 | Jackpot $0 | Bingo $0 | Fortune $0 | Tax $0
Seat 1: a1ee7304 (button) folded before Flop (didn't bet)
Seat 2: Hero (small blind) collected ($0.1)
Seat 3: 80d788d1 (big blind) folded before Flop
Seat 4: c7a0649c folded before Flop (didn't bet)
Seat 5: ea46f5b4 folded before Flop (didn't bet)
Seat 6: e09a8428 folded before Flop (didn't bet)


Poker Hand #HD1596248714: Hold'em No Limit ($0.02/$0.05) - 2024/01/19 20:17:16
Table 'NLHBlue2' 6-max Seat #6 is the button
Seat 1: a1ee7304 ($0.98 in chips)
Seat 2: Hero ($6.54 in chips)
Seat 3: 80d788d1 ($5.14 in chips)
Seat 4: c7a0649c ($5.14 in chips)
Seat 5: ea46f5b4 ($7.03 in chips)
Seat 6: e09a8428 ($4.86 in chips)
a1ee7304: posts small blind $0.02
Hero: posts big blind $0.05
*** HOLE CARDS ***
Dealt to a1ee7304 
Dealt to Hero [5s Kh]
Dealt to 80d788d1 
Dealt to c7a0649c 
Dealt to ea46f5b4 
Dealt to e09a8428 
80d788d1: folds
c7a0649c: raises $0.1 to $0.15
ea46f5b4: calls $0.15
e09a8428: raises $0.52 to $0.67
a1ee7304: folds
Hero: folds
c7a0649c: calls $0.52
ea46f5b4: folds
*** FLOP *** [9c As 6d]
c7a0649c: checks
e09a8428: bets $1.17
c7a0649c: folds
Uncalled bet ($1.17) returned to e09a8428
*** SHOWDOWN ***
e09a8428 collected $1.44 from pot
*** SUMMARY ***
Total pot $1.56 | Rake $0.07 | Jackpot $0.05 | Bingo $0 | Fortune $0 | Tax $0
Board [9c As 6d]
Seat 1: a1ee7304 (small blind) folded before Flop
Seat 2: Hero (big blind) folded before Flop
Seat 3: 80d788d1 folded before Flop (didn't bet)
Seat 4: c7a0649c folded on the Flop
Seat 5: ea46f5b4 folded before Flop
Seat 6: e09a8428 (button) won ($1.44)


Poker Hand #HD1596248624: Hold'em No Limit ($0.02/$0.05) - 2024/01/19 20:16:16
Table 'NLHBlue2' 6-max Seat #5 is the button
Seat 1: a1ee7304 ($3.47 in chips)
Seat 2: Hero ($6.54 in chips)
Seat 3: 80d788d1 ($5.14 in chips)
Seat 4: c7a0649c ($5.14 in chips)
Seat 5: ea46f5b4 ($4.81 in chips)
Seat 6: e09a8428 ($4.88 in chips)
e09a8428: posts small blind $0.02
a1ee7304: posts big blind $0.05
*** HOLE CARDS ***
Dealt to a1ee7304 
Dealt to Hero [4h 9h]
Dealt to 80d788d1 
Dealt to c7a0649c 
Dealt to ea46f5b4 
Dealt to e09a8428 
Hero: folds
80d788d1: folds
c7a0649c: folds
ea46f5b4: raises $0.1 to $0.15
e09a8428: folds
a1ee7304: calls $0.1
*** FLOP *** [2c 5h 3s]
a1ee7304: checks
ea46f5b4: bets $0.24
a1ee7304: calls $0.24
*** TURN *** [2c 5h 3s] [Tc]
a1ee7304: checks
ea46f5b4: bets $0.6
a1ee7304: calls $0.6
*** RIVER *** [2c 5h 3s Tc] [3h]
a1ee7304: checks
ea46f5b4: bets $1.5
a1ee7304: calls $1.5
ea46f5b4: shows [Kd Ks] (Pair of Kings and Pair of Treys)
a1ee7304: shows [Ts Ac] (Pair of Tens and Pair of Treys)
*** SHOWDOWN ***
ea46f5b4 collected $4.71 from pot
*** SUMMARY ***
Total pot $5 | Rake $0.24 | Jackpot $0.05 | Bingo $0 | Fortune $0 | Tax $0
Board [2c 5h 3s Tc 3h]
Seat 1: a1ee7304 (big blind) showed [Ts Ac] and lost with Pair of Tens and Pair of Treys
Seat 2: Hero folded before Flop (didn't bet)
Seat 3: 80d788d1 folded before Flop (didn't bet)
Seat 4: c7a0649c folded before Flop (didn't bet)
Seat 5: ea46f5b4 (button) showed [Kd Ks] and won ($4.71) with Pair of Kings and Pair of Treys
Seat 6: e09a8428 (small blind) folded before Flop


Poker Hand #HD1596248574: Hold'em No Limit ($0.02/$0.05) - 2024/01/19 20:15:42
Table 'NLHBlue2' 6-max Seat #4 is the button
Seat 1: a1ee7304 ($3.47 in chips)
Seat 2: Hero ($6.41 in chips)
Seat 3: 80d788d1 ($5.14 in chips)
Seat 4: c7a0649c ($5.14 in chips)
Seat 5: ea46f5b4 ($4.83 in chips)
Seat 6: e09a8428 ($5 in chips)
ea46f5b4: posts small blind $0.02
e09a8428: posts big blind $0.05
*** HOLE CARDS ***
Dealt to a1ee7304 
Dealt to Hero [9h Ah]
Dealt to 80d788d1 
Dealt to c7a0649c 
Dealt to ea46f5b4 
Dealt to e09a8428 
a1ee7304: folds
Hero: raises $0.07 to $0.12
80d788d1: folds
c7a0649c: folds
ea46f5b4: folds
e09a8428: calls $0.07
*** FLOP *** [7s Ks 7d]
e09a8428: checks
Hero: bets $0.15
e09a8428: folds
Uncalled bet ($0.15) returned to Hero
*** SHOWDOWN ***
Hero collected $0.25 from pot
*** SUMMARY ***
Total pot $0.26 | Rake $0.01 | Jackpot $0 | Bingo $0 | Fortune $0 | Tax $0
Board [7s Ks 7d]
Seat 1: a1ee7304 folded before Flop (didn't bet)
Seat 2: Hero won ($0.25)
Seat 3: 80d788d1 folded before Flop (didn't bet)
Seat 4: c7a0649c (button) folded before Flop (didn't bet)
Seat 5: ea46f5b4 (small blind) folded before Flop
Seat 6: e09a8428 (big blind) folded on the Flop


Poker Hand #HD1596248533: Hold'em No Limit ($0.02/$0.05) - 2024/01/19 20:15:13
Table 'NLHBlue2' 6-max Seat #3 is the button
Seat 1: a1ee7304 ($3.47 in chips)
Seat 2: Hero ($6.41 in chips)
Seat 3: 80d788d1 ($5 in chips)
Seat 4: c7a0649c ($5.16 in chips)
Seat 5: ea46f5b4 ($4.96 in chips)
c7a0649c: posts small blind $0.02
ea46f5b4: posts big blind $0.05
*** HOLE CARDS ***
Dealt to a1ee7304 
Dealt to Hero [8s 9h]
Dealt to 80d788d1 
Dealt to c7a0649c 
Dealt to ea46f5b4 
a1ee7304: folds
Hero: folds
80d788d1: raises $0.08 to $0.13
c7a0649c: folds
ea46f5b4: calls $0.08
*** FLOP *** [Jd 3h Qd]
ea46f5b4: checks
80d788d1: bets $0.14
ea46f5b4: folds
Uncalled bet ($0.14) returned to 80d788d1
*** SHOWDOWN ***
80d788d1 collected $0.27 from pot
*** SUMMARY ***
Total pot $0.28 | Rake $0.01 | Jackpot $0 | Bingo $0 | Fortune $0 | Tax $0
Board [Jd 3h Qd]
Seat 1: a1ee7304 folded before Flop (didn't bet)
Seat 2: Hero folded before Flop (didn't bet)
Seat 3: 80d788d1 (button) won ($0.27)
Seat 4: c7a0649c (small blind) folded before Flop
Seat 5: ea46f5b4 (big blind) folded on the Flop


Poker Hand #HD1596248480: Hold'em No Limit ($0.02/$0.05) - 2024/01/19 20:14:31
Table 'NLHBlue2' 6-max Seat #2 is the button
Seat 1: a1ee7304 ($3.68 in chips)
Seat 2: Hero ($6.15 in chips)
Seat 3: 80d788d1 ($5 in chips)
Seat 4: c7a0649c ($5.21 in chips)
Seat 5: ea46f5b4 ($4.96 in chips)
80d788d1: posts small blind $0.02
c7a0649c: posts big blind $0.05
*** HOLE CARDS ***
Dealt to a1ee7304 
Dealt to Hero [6c Kc]
Dealt to 80d788d1 
Dealt to c7a0649c 
Dealt to ea46f5b4 
ea46f5b4: folds
a1ee7304: calls $0.05
Hero: calls $0.05
80d788d1: folds
c7a0649c: checks
*** FLOP *** [7c 7d Ks]
c7a0649c: checks
a1ee7304: bets $0.06
Hero: raises $0.1 to $0.16
c7a0649c: folds
a1ee7304: calls $0.1
*** TURN *** [7c 7d Ks] [9h]
a1ee7304: checks
Hero: bets $0.27
a1ee7304: folds
Uncalled bet ($0.27) returned to Hero
*** SHOWDOWN ***
Hero collected $0.47 from pot
*** SUMMARY ***
Total pot $0.49 | Rake $0.02 | Jackpot $0 | Bingo $0 | Fortune $0 | Tax $0
Board [7c 7d Ks 9h]
Seat 1: a1ee7304 folded on the Turn
Seat 2: Hero (button) won ($0.47)
Seat 3: 80d788d1 (small blind) folded before Flop
Seat 4: c7a0649c (big blind) folded on the Flop
Seat 5: ea46f5b4 folded before Flop (didn't bet)


Poker Hand #HD1596248448: Hold'em No Limit ($0.02/$0.05) - 2024/01/19 20:14:07
Table 'NLHBlue2' 6-max Seat #1 is the button
Seat 1: a1ee7304 ($3.68 in chips)
Seat 2: Hero ($6.27 in chips)
Seat 3: 80d788d1 ($5 in chips)
Seat 4: c7a0649c ($5.05 in chips)
Seat 5: ea46f5b4 ($4.96 in chips)
Hero: posts small blind $0.02
80d788d1: posts big blind $0.05
*** HOLE CARDS ***
Dealt to a1ee7304 
Dealt to Hero [9d Ad]
Dealt to 80d788d1 
Dealt to c7a0649c 
Dealt to ea46f5b4 
c7a0649c: raises $0.07 to $0.12
ea46f5b4: folds
a1ee7304: folds
Hero: calls $0.1
80d788d1: folds
*** FLOP *** [Tc Jh Kc]
Hero: checks
c7a0649c: bets $0.24
Hero: folds
Uncalled bet ($0.24) returned to c7a0649c
*** SHOWDOWN ***
c7a0649c collected $0.28 from pot
*** SUMMARY ***
Total pot $0.29 | Rake $0.01 | Jackpot $0 | Bingo $0 | Fortune $0 | Tax $0
Board [Tc Jh Kc]
Seat 1: a1ee7304 (button) folded before Flop (didn't bet)
Seat 2: Hero (small blind) folded on the Flop
Seat 3: 80d788d1 (big blind) folded before Flop
Seat 4: c7a0649c won ($0.28)
Seat 5: ea46f5b4 folded before Flop (didn't bet)


Poker Hand #HD1596248333: Hold'em No Limit ($0.02/$0.05) - 2024/01/19 20:12:55
Table 'NLHBlue2' 6-max Seat #6 is the button
Seat 1: a1ee7304 ($4.94 in chips)
Seat 2: Hero ($5 in chips)
Seat 3: 80d788d1 ($5 in chips)
Seat 4: c7a0649c ($5.05 in chips)
Seat 5: ea46f5b4 ($5.1 in chips)
Seat 6: cc5096ee ($8.96 in chips)
a1ee7304: posts small blind $0.02
Hero: posts big blind $0.05
*** HOLE CARDS ***
Dealt to a1ee7304 
Dealt to Hero [Ac Qc]
Dealt to 80d788d1 
Dealt to c7a0649c 
Dealt to ea46f5b4 
Dealt to cc5096ee 
80d788d1: calls $0.05
c7a0649c: folds
ea46f5b4: raises $0.09 to $0.14
cc5096ee: folds
a1ee7304: calls $0.12
Hero: raises $0.6 to $0.74
80d788d1: folds
ea46f5b4: folds
a1ee7304: calls $0.6
*** FLOP *** [7s Jc Jh]
a1ee7304: checks
Hero: bets $0.52
a1ee7304: calls $0.52
*** TURN *** [7s Jc Jh] [8s]
a1ee7304: checks
Hero: checks
*** RIVER *** [7s Jc Jh 8s] [Ah]
a1ee7304: checks
Hero: checks
a1ee7304: shows [9s 9d] (Pair of Jacks and Pair of Nines)
Hero: shows [Ac Qc] (Pair of Aces and Pair of Jacks)
*** SHOWDOWN ***
Hero collected $2.53 from pot
*** SUMMARY ***
Total pot $2.71 | Rake $0.13 | Jackpot $0.05 | Bingo $0 | Fortune $0 | Tax $0
Board [7s Jc Jh 8s Ah]
Seat 1: a1ee7304 (small blind) showed [9s 9d] and lost with Pair of Jacks and Pair of Nines
Seat 2: Hero (big blind) showed [Ac Qc] and won ($2.53) with Pair of Aces and Pair of Jacks
Seat 3: 80d788d1 folded before Flop
Seat 4: c7a0649c folded before Flop (didn't bet)
Seat 5: ea46f5b4 folded before Flop
Seat 6: cc5096ee (button) folded before Flop (didn't bet)


Poker Hand #HD1596248259: Hold'em No Limit ($0.02/$0.05) - 2024/01/19 20:12:05
Table 'NLHBlue2' 6-max Seat #5 is the button
Seat 1: a1ee7304 ($4.99 in chips)
Seat 2: Hero ($5 in chips)
Seat 3: 80d788d1 ($5 in chips)
Seat 4: c7a0649c ($5.05 in chips)
Seat 5: ea46f5b4 ($5.1 in chips)
Seat 6: cc5096ee ($8.4 in chips)
cc5096ee: posts small blind $0.02
a1ee7304: posts big blind $0.05
*** HOLE CARDS ***
Dealt to a1ee7304 
Dealt to Hero [Jh Ad]
Dealt to 80d788d1 
Dealt to c7a0649c 
Dealt to ea46f5b4 
Dealt to cc5096ee 
Hero: raises $0.07 to $0.12
80d788d1: folds
c7a0649c: folds
ea46f5b4: folds
cc5096ee: raises $0.45 to $0.57
a1ee7304: folds
Hero: calls $0.45
*** FLOP *** [7d 3c 6d]
cc5096ee: checks
Hero: checks
*** TURN *** [7d 3c 6d] [Qc]
cc5096ee: bets $0.9
Hero: folds
Uncalled bet ($0.9) returned to cc5096ee
*** SHOWDOWN ***
cc5096ee collected $1.13 from pot
*** SUMMARY ***
Total pot $1.19 | Rake $0.06 | Jackpot $0 | Bingo $0 | Fortune $0 | Tax $0
Board [7d 3c 6d Qc]
Seat 1: a1ee7304 (big blind) folded before Flop
Seat 2: Hero folded on the Turn
Seat 3: 80d788d1 folded before Flop (didn't bet)
Seat 4: c7a0649c folded before Flop (didn't bet)
Seat 5: ea46f5b4 (button) folded before Flop (didn't bet)
Seat 6: cc5096ee (small blind) won ($1.13)


Poker Hand #HD1596248174: Hold'em No Limit ($0.02/$0.05) - 2024/01/19 20:11:01
Table 'NLHBlue2' 6-max Seat #4 is the button
Seat 1: a1ee7304 ($5.04 in chips)
Seat 2: Hero ($5.12 in chips)
Seat 3: 80d788d1 ($5 in chips)
Seat 4: c7a0649c ($5.05 in chips)
Seat 5: ea46f5b4 ($5.12 in chips)
Seat 6: cc5096ee ($7.38 in chips)
ea46f5b4: posts small blind $0.02
cc5096ee: posts big blind $0.05
*** HOLE CARDS ***
Dealt to a1ee7304 
Dealt to Hero [As Kd]
Dealt to 80d788d1 
Dealt to c7a0649c 
Dealt to ea46f5b4 
Dealt to cc5096ee 
a1ee7304: calls $0.05
Hero: raises $0.15 to $0.2
80d788d1: folds
c7a0649c: folds
ea46f5b4: folds
cc5096ee: raises $0.45 to $0.65
a1ee7304: folds
Hero: calls $0.45
*** FLOP *** [Qc 2d 6c]
cc5096ee: bets $0.46
Hero: calls $0.46
*** TURN *** [Qc 2d 6c] [4c]
cc5096ee: checks
Hero: checks
*** RIVER *** [Qc 2d 6c 4c] [5s]
cc5096ee: bets $1.16
Hero: folds
Uncalled bet ($1.16) returned to cc5096ee
*** SHOWDOWN ***
cc5096ee collected $2.13 from pot
*** SUMMARY ***
Total pot $2.29 | Rake $0.11 | Jackpot $0.05 | Bingo $0 | Fortune $0 | Tax $0
Board [Qc 2d 6c 4c 5s]
Seat 1: a1ee7304 folded before Flop
Seat 2: Hero folded on the River
Seat 3: 80d788d1 folded before Flop (didn't bet)
Seat 4: c7a0649c (button) folded before Flop (didn't bet)
Seat 5: ea46f5b4 (small blind) folded before Flop
Seat 6: cc5096ee (big blind) won ($2.13)


Poker Hand #HD1596248111: Hold'em No Limit ($0.02/$0.05) - 2024/01/19 20:10:13
Table 'NLHBlue2' 6-max Seat #3 is the button
Seat 1: a1ee7304 ($5.04 in chips)
Seat 2: Hero ($5.12 in chips)
Seat 3: 80d788d1 ($5 in chips)
Seat 4: c7a0649c ($5.07 in chips)
Seat 5: ea46f5b4 ($5.22 in chips)
Seat 6: cc5096ee ($7.27 in chips)
c7a0649c: posts small blind $0.02
ea46f5b4: posts big blind $0.05
*** HOLE CARDS ***
Dealt to a1ee7304 
Dealt to Hero [Kd 8c]
Dealt to 80d788d1 
Dealt to c7a0649c 
Dealt to ea46f5b4 
Dealt to cc5096ee 
cc5096ee: raises $0.05 to $0.1
a1ee7304: folds
Hero: folds
80d788d1: folds
c7a0649c: folds
ea46f5b4: calls $0.05
*** FLOP *** [Kh 3s 6h]
ea46f5b4: checks
cc5096ee: checks
*** TURN *** [Kh 3s 6h] [7c]
ea46f5b4: checks
cc5096ee: checks
*** RIVER *** [Kh 3s 6h 7c] [Js]
ea46f5b4: checks
cc5096ee: checks
ea46f5b4: shows [Ac 4h] (Ace-High)
cc5096ee: shows [3d Ad] (Pair of Treys)
*** SHOWDOWN ***
cc5096ee collected $0.21 from pot
*** SUMMARY ***
Total pot $0.22 | Rake $0.01 | Jackpot $0 | Bingo $0 | Fortune $0 | Tax $0
Board [Kh 3s 6h 7c Js]
Seat 1: a1ee7304 folded before Flop (didn't bet)
Seat 2: Hero folded before Flop (didn't bet)
Seat 3: 80d788d1 (button) folded before Flop (didn't bet)
Seat 4: c7a0649c (small blind) folded before Flop
Seat 5: ea46f5b4 (big blind) showed [Ac 4h] and lost with Ace-High
Seat 6: cc5096ee showed [3d Ad] and won ($0.21) with Pair of Treys


Poker Hand #HD1596248086: Hold'em No Limit ($0.02/$0.05) - 2024/01/19 20:09:53
Table 'NLHBlue2' 6-max Seat #2 is the button
Seat 1: a1ee7304 ($5.04 in chips)
Seat 2: Hero ($5.05 in chips)
Seat 3: 80d788d1 ($5.02 in chips)
Seat 4: c7a0649c ($5.12 in chips)
Seat 5: ea46f5b4 ($5.22 in chips)
Seat 6: cc5096ee ($7.27 in chips)
80d788d1: posts small blind $0.02
c7a0649c: posts big blind $0.05
*** HOLE CARDS ***
Dealt to a1ee7304 
Dealt to Hero [Jh Qd]
Dealt to 80d788d1 
Dealt to c7a0649c 
Dealt to ea46f5b4 
Dealt to cc5096ee 
ea46f5b4: folds
cc5096ee: folds
a1ee7304: folds
Hero: raises $0.07 to $0.12
80d788d1: folds
c7a0649c: folds
Uncalled bet ($0.07) returned to Hero
*** SHOWDOWN ***
Hero collected $0.12 from pot
*** SUMMARY ***
Total pot $0.12 | Rake $0 | Jackpot $0 | Bingo $0 | Fortune $0 | Tax $0
Seat 1: a1ee7304 folded before Flop (didn't bet)
Seat 2: Hero (button) collected ($0.12)
Seat 3: 80d788d1 (small blind) folded before Flop
Seat 4: c7a0649c (big blind) folded before Flop
Seat 5: ea46f5b4 folded before Flop (didn't bet)
Seat 6: cc5096ee folded before Flop (didn't bet)


Poker Hand #HD1596248057: Hold'em No Limit ($0.02/$0.05) - 2024/01/19 20:09:36
Table 'NLHBlue2' 6-max Seat #1 is the button
Seat 1: a1ee7304 ($5.04 in chips)
Seat 2: Hero ($5.07 in chips)
Seat 3: 80d788d1 ($5 in chips)
Seat 4: c7a0649c ($5.12 in chips)
Seat 5: ea46f5b4 ($5.22 in chips)
Seat 6: cc5096ee ($7.27 in chips)
Hero: posts small blind $0.02
80d788d1: posts big blind $0.05
*** HOLE CARDS ***
Dealt to a1ee7304 
Dealt to Hero [6d Kc]
Dealt to 80d788d1 
Dealt to c7a0649c 
Dealt to ea46f5b4 
Dealt to cc5096ee 
c7a0649c: folds
ea46f5b4: folds
cc5096ee: folds
a1ee7304: folds
Hero: folds
Uncalled bet ($0.03) returned to 80d788d1
*** SHOWDOWN ***
80d788d1 collected $0.04 from pot
*** SUMMARY ***
Total pot $0.04 | Rake $0 | Jackpot $0 | Bingo $0 | Fortune $0 | Tax $0
Seat 1: a1ee7304 (button) folded before Flop (didn't bet)
Seat 2: Hero (small blind) folded before Flop
Seat 3: 80d788d1 (big blind) collected ($0.04)
Seat 4: c7a0649c folded before Flop (didn't bet)
Seat 5: ea46f5b4 folded before Flop (didn't bet)
Seat 6: cc5096ee folded before Flop (didn't bet)


Poker Hand #HD1596248021: Hold'em No Limit ($0.02/$0.05) - 2024/01/19 20:09:11
Table 'NLHBlue2' 6-max Seat #6 is the button
Seat 1: a1ee7304 ($4.85 in chips)
Seat 2: Hero ($5.12 in chips)
Seat 3: 80d788d1 ($5 in chips)
Seat 4: c7a0649c ($5.12 in chips)
Seat 5: ea46f5b4 ($5.22 in chips)
Seat 6: cc5096ee ($7.42 in chips)
a1ee7304: posts small blind $0.02
Hero: posts big blind $0.05
*** HOLE CARDS ***
Dealt to a1ee7304 
Dealt to Hero [Jd 9h]
Dealt to 80d788d1 
Dealt to c7a0649c 
Dealt to ea46f5b4 
Dealt to cc5096ee 
80d788d1: folds
c7a0649c: folds
ea46f5b4: folds
cc5096ee: raises $0.1 to $0.15
a1ee7304: raises $0.27 to $0.42
Hero: folds
cc5096ee: folds
Uncalled bet ($0.27) returned to a1ee7304
*** SHOWDOWN ***
a1ee7304 collected $0.34 from pot
*** SUMMARY ***
Total pot $0.35 | Rake $0.01 | Jackpot $0 | Bingo $0 | Fortune $0 | Tax $0
Seat 1: a1ee7304 (small blind) collected ($0.34)
Seat 2: Hero (big blind) folded before Flop
Seat 3: 80d788d1 folded before Flop (didn't bet)
Seat 4: c7a0649c folded before Flop (didn't bet)
Seat 5: ea46f5b4 folded before Flop (didn't bet)
Seat 6: cc5096ee (button) folded before Flop


Poker Hand #HD1596247992: Hold'em No Limit ($0.02/$0.05) - 2024/01/19 20:08:50
Table 'NLHBlue2' 6-max Seat #5 is the button
Seat 1: a1ee7304 ($4.9 in chips)
Seat 2: Hero ($5.05 in chips)
Seat 3: 80d788d1 ($5 in chips)
Seat 4: c7a0649c ($5.12 in chips)
Seat 5: ea46f5b4 ($5.22 in chips)
Seat 6: cc5096ee ($7.44 in chips)
cc5096ee: posts small blind $0.02
a1ee7304: posts big blind $0.05
*** HOLE CARDS ***
Dealt to a1ee7304 
Dealt to Hero [Jc Kc]
Dealt to 80d788d1 
Dealt to c7a0649c 
Dealt to ea46f5b4 
Dealt to cc5096ee 
Hero: raises $0.07 to $0.12
80d788d1: folds
c7a0649c: folds
ea46f5b4: folds
cc5096ee: folds
a1ee7304: folds
Uncalled bet ($0.07) returned to Hero
*** SHOWDOWN ***
Hero collected $0.12 from pot
*** SUMMARY ***
Total pot $0.12 | Rake $0 | Jackpot $0 | Bingo $0 | Fortune $0 | Tax $0
Seat 1: a1ee7304 (big blind) folded before Flop
Seat 2: Hero collected ($0.12)
Seat 3: 80d788d1 folded before Flop (didn't bet)
Seat 4: c7a0649c folded before Flop (didn't bet)
Seat 5: ea46f5b4 (button) folded before Flop (didn't bet)
Seat 6: cc5096ee (small blind) folded before Flop


Poker Hand #HD1596247935: Hold'em No Limit ($0.02/$0.05) - 2024/01/19 20:08:09
Table 'NLHBlue2' 6-max Seat #4 is the button
Seat 1: a1ee7304 ($4.9 in chips)
Seat 2: Hero ($5.05 in chips)
Seat 3: 80d788d1 ($5 in chips)
Seat 4: c7a0649c ($5.12 in chips)
Seat 5: ea46f5b4 ($5.47 in chips)
Seat 6: cc5096ee ($7.21 in chips)
ea46f5b4: posts small blind $0.02
cc5096ee: posts big blind $0.05
*** HOLE CARDS ***
Dealt to a1ee7304 
Dealt to Hero [4c 7s]
Dealt to 80d788d1 
Dealt to c7a0649c 
Dealt to ea46f5b4 
Dealt to cc5096ee 
a1ee7304: folds
Hero: folds
80d788d1: folds
c7a0649c: folds
ea46f5b4: raises $0.1 to $0.15
cc5096ee: calls $0.1
*** FLOP *** [Ad 6c 3s]
ea46f5b4: checks
cc5096ee: checks
*** TURN *** [Ad 6c 3s] [Tc]
ea46f5b4: bets $0.1
cc5096ee: raises $0.26 to $0.36
ea46f5b4: folds
Uncalled bet ($0.26) returned to cc5096ee
*** SHOWDOWN ***
cc5096ee collected $0.48 from pot
*** SUMMARY ***
Total pot $0.5 | Rake $0.02 | Jackpot $0 | Bingo $0 | Fortune $0 | Tax $0
Board [Ad 6c 3s Tc]
Seat 1: a1ee7304 folded before Flop (didn't bet)
Seat 2: Hero folded before Flop (didn't bet)
Seat 3: 80d788d1 folded before Flop (didn't bet)
Seat 4: c7a0649c (button) folded before Flop (didn't bet)
Seat 5: ea46f5b4 (small blind) folded on the Turn
Seat 6: cc5096ee (big blind) won ($0.48)


Poker Hand #HD1596247876: Hold'em No Limit ($0.02/$0.05) - 2024/01/19 20:07:23
Table 'NLHBlue2' 6-max Seat #3 is the button
Seat 1: a1ee7304 ($4.95 in chips)
Seat 2: Hero ($5.05 in chips)
Seat 3: 80d788d1 ($5 in chips)
Seat 4: c7a0649c ($5.14 in chips)
Seat 5: ea46f5b4 ($5.4 in chips)
Seat 6: cc5096ee ($7.21 in chips)
c7a0649c: posts small blind $0.02
ea46f5b4: posts big blind $0.05
*** HOLE CARDS ***
Dealt to a1ee7304 
Dealt to Hero [Ks 4d]
Dealt to 80d788d1 
Dealt to c7a0649c 
Dealt to ea46f5b4 
Dealt to cc5096ee 
cc5096ee: folds
a1ee7304: calls $0.05
Hero: folds
80d788d1: folds
c7a0649c: folds
ea46f5b4: checks
*** FLOP *** [Qh 9d Ac]
ea46f5b4: checks
a1ee7304: checks
*** TURN *** [Qh 9d Ac] [2d]
ea46f5b4: checks
a1ee7304: checks
*** RIVER *** [Qh 9d Ac 2d] [Tc]
ea46f5b4: checks
a1ee7304: checks
ea46f5b4: shows [6h 9c] (Pair of Nines)
a1ee7304: shows [5d 6d] (Ace-High)
*** SHOWDOWN ***
ea46f5b4 collected $0.12 from pot
*** SUMMARY ***
Total pot $0.12 | Rake $0 | Jackpot $0 | Bingo $0 | Fortune $0 | Tax $0
Board [Qh 9d Ac 2d Tc]
Seat 1: a1ee7304 showed [5d 6d] and lost with Ace-High
Seat 2: Hero folded before Flop (didn't bet)
Seat 3: 80d788d1 (button) folded before Flop (didn't bet)
Seat 4: c7a0649c (small blind) folded before Flop
Seat 5: ea46f5b4 (big blind) showed [6h 9c] and won ($0.12) with Pair of Nines
Seat 6: cc5096ee folded before Flop (didn't bet)


Poker Hand #HD1596247795: Hold'em No Limit ($0.02/$0.05) - 2024/01/19 20:06:31
Table 'NLHBlue2' 6-max Seat #2 is the button
Seat 1: a1ee7304 ($5 in chips)
Seat 2: Hero ($5.05 in chips)
Seat 3: 80d788d1 ($5 in chips)
Seat 4: c7a0649c ($5.07 in chips)
Seat 5: ea46f5b4 ($5.4 in chips)
Seat 6: cc5096ee ($7.21 in chips)
80d788d1: posts small blind $0.02
c7a0649c: posts big blind $0.05
a1ee7304: posts big blind $0.05
*** HOLE CARDS ***
Dealt to a1ee7304 
Dealt to Hero [5s Qs]
Dealt to 80d788d1 
Dealt to c7a0649c 
Dealt to ea46f5b4 
Dealt to cc5096ee 
ea46f5b4: folds
cc5096ee: folds
a1ee7304: checks
Hero: folds
80d788d1: folds
c7a0649c: checks
*** FLOP *** [Jd Ts Js]
c7a0649c: checks
a1ee7304: checks
*** TURN *** [Jd Ts Js] [Ac]
c7a0649c: checks
a1ee7304: checks
*** RIVER *** [Jd Ts Js Ac] [2c]
c7a0649c: checks
a1ee7304: checks
c7a0649c: shows [6c Tc] (Pair of Jacks and Pair of Tens)
a1ee7304: shows [8c 5h] (Pair of Jacks)
*** SHOWDOWN ***
c7a0649c collected $0.12 from pot
*** SUMMARY ***
Total pot $0.12 | Rake $0 | Jackpot $0 | Bingo $0 | Fortune $0 | Tax $0
Board [Jd Ts Js Ac 2c]
Seat 1: a1ee7304 showed [8c 5h] and lost with Pair of Jacks
Seat 2: Hero (button) folded before Flop (didn't bet)
Seat 3: 80d788d1 (small blind) folded before Flop
Seat 4: c7a0649c (big blind) showed [6c Tc] and won ($0.12) with Pair of Jacks and Pair of Tens
Seat 5: ea46f5b4 folded before Flop (didn't bet)
Seat 6: cc5096ee folded before Flop (didn't bet)


Poker Hand #HD1596247749: Hold'em No Limit ($0.02/$0.05) - 2024/01/19 20:06:02
Table 'NLHBlue2' 6-max Seat #6 is the button
Seat 2: Hero ($5 in chips)
Seat 3: 80d788d1 ($5 in chips)
Seat 4: c7a0649c ($5.07 in chips)
Seat 5: ea46f5b4 ($5.4 in chips)
Seat 6: cc5096ee ($7.21 in chips)
Hero: posts small blind $0.02
80d788d1: posts big blind $0.05
*** HOLE CARDS ***
Dealt to Hero [8d Jd]
Dealt to 80d788d1 
Dealt to c7a0649c 
Dealt to ea46f5b4 
Dealt to cc5096ee 
c7a0649c: folds
ea46f5b4: folds
cc5096ee: folds
Hero: raises $0.09 to $0.14
80d788d1: folds
Uncalled bet ($0.09) returned to Hero
*** SHOWDOWN ***
Hero collected $0.1 from pot
*** SUMMARY ***
Total pot $0.1 | Rake $0 | Jackpot $0 | Bingo $0 | Fortune $0 | Tax $0
Seat 2: Hero (small blind) collected ($0.1)
Seat 3: 80d788d1 (big blind) folded before Flop
Seat 4: c7a0649c folded before Flop (didn't bet)
Seat 5: ea46f5b4 folded before Flop (didn't bet)
Seat 6: cc5096ee (button) folded before Flop (didn't bet)


Poker Hand #HD1596247666: Hold'em No Limit ($0.02/$0.05) - 2024/01/19 20:04:56
Table 'NLHBlue2' 6-max Seat #5 is the button
Seat 2: Hero ($5 in chips)
Seat 3: 80d788d1 ($5 in chips)
Seat 4: c7a0649c ($5.3 in chips)
Seat 5: ea46f5b4 ($5.12 in chips)
Seat 6: cc5096ee ($7.23 in chips)
cc5096ee: posts small blind $0.02
Hero: posts big blind $0.05
*** HOLE CARDS ***
Dealt to Hero [Ks 9h]
Dealt to 80d788d1 
Dealt to c7a0649c 
Dealt to ea46f5b4 
Dealt to cc5096ee 
80d788d1: folds
c7a0649c: raises $0.07 to $0.12
ea46f5b4: calls $0.12
cc5096ee: folds
Hero: folds
*** FLOP *** [Qs Ac Qc]
c7a0649c: bets $0.11
ea46f5b4: calls $0.11
*** TURN *** [Qs Ac Qc] [2c]
c7a0649c: checks
ea46f5b4: checks
*** RIVER *** [Qs Ac Qc 2c] [4h]
c7a0649c: checks
ea46f5b4: checks
c7a0649c: shows [6d 6s] (Pair of Queens and Pair of Sixes)
ea46f5b4: shows [8h 8s] (Pair of Queens and Pair of Eights)
*** SHOWDOWN ***
ea46f5b4 collected $0.51 from pot
*** SUMMARY ***
Total pot $0.53 | Rake $0.02 | Jackpot $0 | Bingo $0 | Fortune $0 | Tax $0
Board [Qs Ac Qc 2c 4h]
Seat 2: Hero (big blind) folded before Flop
Seat 3: 80d788d1 folded before Flop (didn't bet)
Seat 4: c7a0649c showed [6d 6s] and lost with Pair of Queens and Pair of Sixes
Seat 5: ea46f5b4 (button) showed [8h 8s] and won ($0.51) with Pair of Queens and Pair of Eights
Seat 6: cc5096ee (small blind) folded before Flop


Poker Hand #HD1596247633: Hold'em No Limit ($0.02/$0.05) - 2024/01/19 20:04:35
Table 'NLHBlue2' 6-max Seat #4 is the button
Seat 2: Hero ($5 in chips)
Seat 3: 80d788d1 ($5 in chips)
Seat 4: c7a0649c ($5.23 in chips)
Seat 5: ea46f5b4 ($5.14 in chips)
Seat 6: cc5096ee ($7.28 in chips)
ea46f5b4: posts small blind $0.02
cc5096ee: posts big blind $0.05
*** HOLE CARDS ***
Dealt to Hero [6c Kd]
Dealt to 80d788d1 
Dealt to c7a0649c 
Dealt to ea46f5b4 
Dealt to cc5096ee 
Hero: folds
80d788d1: folds
c7a0649c: raises $0.07 to $0.12
ea46f5b4: folds
cc5096ee: folds
Uncalled bet ($0.07) returned to c7a0649c
*** SHOWDOWN ***
c7a0649c collected $0.12 from pot
*** SUMMARY ***
Total pot $0.12 | Rake $0 | Jackpot $0 | Bingo $0 | Fortune $0 | Tax $0
Seat 2: Hero folded before Flop (didn't bet)
Seat 3: 80d788d1 folded before Flop (didn't bet)
Seat 4: c7a0649c (button) collected ($0.12)
Seat 5: ea46f5b4 (small blind) folded before Flop
Seat 6: cc5096ee (big blind) folded before Flop


Poker Hand #HD1596247559: Hold'em No Limit ($0.02/$0.05) - 2024/01/19 20:03:41
Table 'NLHBlue2' 6-max Seat #3 is the button
Seat 1: abfadb12 ($1 in chips)
Seat 2: Hero ($5 in chips)
Seat 3: 80d788d1 ($5 in chips)
Seat 4: c7a0649c ($5.25 in chips)
Seat 5: ea46f5b4 ($5.19 in chips)
Seat 6: cc5096ee ($6.36 in chips)
c7a0649c: posts small blind $0.02
ea46f5b4: posts big blind $0.05
*** HOLE CARDS ***
Dealt to abfadb12 
Dealt to Hero [8h 3h]
Dealt to 80d788d1 
Dealt to c7a0649c 
Dealt to ea46f5b4 
Dealt to cc5096ee 
cc5096ee: raises $0.05 to $0.1
abfadb12: raises $0.9 to $1 and is all-in
Hero: folds
80d788d1: folds
c7a0649c: folds
ea46f5b4: folds
cc5096ee: calls $0.9
abfadb12: shows [6d 6h]
cc5096ee: shows [Ah Ks]
*** FLOP *** [7s 5s Jc]
*** TURN *** [7s 5s Jc] [4h]
*** RIVER *** [7s 5s Jc 4h] [Kh]
*** SHOWDOWN ***
cc5096ee collected $1.92 from pot
*** SUMMARY ***
Total pot $2.07 | Rake $0.1 | Jackpot $0.05 | Bingo $0 | Fortune $0 | Tax $0
Board [7s 5s Jc 4h Kh]
Seat 1: abfadb12 showed [6d 6h] and lost with Pair of Sixes
Seat 2: Hero folded before Flop (didn't bet)
Seat 3: 80d788d1 (button) folded before Flop (didn't bet)
Seat 4: c7a0649c (small blind) folded before Flop
Seat 5: ea46f5b4 (big blind) folded before Flop
Seat 6: cc5096ee showed [Ah Ks] and won ($1.92) with Pair of Kings


Poker Hand #HD1596247513: Hold'em No Limit ($0.02/$0.05) - 2024/01/19 20:03:11
Table 'NLHBlue2' 6-max Seat #2 is the button
Seat 2: Hero ($5 in chips)
Seat 3: 80d788d1 ($5 in chips)
Seat 4: c7a0649c ($5.3 in chips)
Seat 5: ea46f5b4 ($5.12 in chips)
Seat 6: cc5096ee ($6.36 in chips)
80d788d1: posts small blind $0.02
c7a0649c: posts big blind $0.05
*** HOLE CARDS ***
Dealt to Hero [5s 2d]
Dealt to 80d788d1 
Dealt to c7a0649c 
Dealt to ea46f5b4 
Dealt to cc5096ee 
ea46f5b4: raises $0.06 to $0.11
cc5096ee: folds
Hero: folds
80d788d1: folds
c7a0649c: folds
Uncalled bet ($0.06) returned to ea46f5b4
*** SHOWDOWN ***
ea46f5b4 collected $0.12 from pot
*** SUMMARY ***
Total pot $0.12 | Rake $0 | Jackpot $0 | Bingo $0 | Fortune $0 | Tax $0
Seat 2: Hero (button) folded before Flop (didn't bet)
Seat 3: 80d788d1 (small blind) folded before Flop
Seat 4: c7a0649c (big blind) folded before Flop
Seat 5: ea46f5b4 collected ($0.12)
Seat 6: cc5096ee folded before Flop (didn't bet)


Poker Hand #HD1596247439: Hold'em No Limit ($0.02/$0.05) - 2024/01/19 20:02:19
Table 'NLHBlue2' 6-max Seat #1 is the button
Seat 1: abfadb12 ($1.33 in chips)
Seat 2: Hero ($5 in chips)
Seat 3: 80d788d1 ($5 in chips)
Seat 4: c7a0649c ($5.3 in chips)
Seat 5: ea46f5b4 ($5.12 in chips)
Seat 6: cc5096ee ($5.14 in chips)
Hero: posts small blind $0.02
80d788d1: posts big blind $0.05
*** HOLE CARDS ***
Dealt to abfadb12 
Dealt to Hero [4d 5s]
Dealt to 80d788d1 
Dealt to c7a0649c 
Dealt to ea46f5b4 
Dealt to cc5096ee 
c7a0649c: folds
ea46f5b4: folds
cc5096ee: raises $0.08 to $0.13
abfadb12: calls $0.13
Hero: folds
80d788d1: folds
*** FLOP *** [Td As Kh]
cc5096ee: bets $0.12
abfadb12: calls $0.12
*** TURN *** [Td As Kh] [8h]
cc5096ee: bets $1.1
abfadb12: calls $1.08 and is all-in
Uncalled bet ($0.02) returned to cc5096ee
cc5096ee: shows [Th Ts] (Three Tens)
abfadb12: shows [6s Ad] (Pair of Aces)
*** RIVER *** [Td As Kh 8h] [Kc]
*** SHOWDOWN ***
cc5096ee collected $2.55 from pot
*** SUMMARY ***
Total pot $2.73 | Rake $0.13 | Jackpot $0.05 | Bingo $0 | Fortune $0 | Tax $0
Board [Td As Kh 8h Kc]
Seat 1: abfadb12 (button) showed [6s Ad] and lost with Pair of Aces and Pair of Kings
Seat 2: Hero (small blind) folded before Flop
Seat 3: 80d788d1 (big blind) folded before Flop
Seat 4: c7a0649c folded before Flop (didn't bet)
Seat 5: ea46f5b4 folded before Flop (didn't bet)
Seat 6: cc5096ee showed [Th Ts] and won ($2.55) with Tens Full over Kings


Poker Hand #HD1596247401: Hold'em No Limit ($0.02/$0.05) - 2024/01/19 20:01:54
Table 'NLHBlue2' 6-max Seat #6 is the button
Seat 1: abfadb12 ($1.35 in chips)
Seat 2: Hero ($5 in chips)
Seat 3: 80d788d1 ($5 in chips)
Seat 4: c7a0649c ($5.14 in chips)
Seat 5: ea46f5b4 ($5.12 in chips)
Seat 6: cc5096ee ($5.14 in chips)
abfadb12: posts small blind $0.02
Hero: posts big blind $0.05
*** HOLE CARDS ***
Dealt to abfadb12 
Dealt to Hero [3d 4s]
Dealt to 80d788d1 
Dealt to c7a0649c 
Dealt to ea46f5b4 
Dealt to cc5096ee 
80d788d1: raises $0.05 to $0.1
c7a0649c: raises $0.27 to $0.37
ea46f5b4: folds
cc5096ee: folds
abfadb12: folds
Hero: folds
80d788d1: folds
Uncalled bet ($0.27) returned to c7a0649c
*** SHOWDOWN ***
c7a0649c collected $0.26 from pot
*** SUMMARY ***
Total pot $0.27 | Rake $0.01 | Jackpot $0 | Bingo $0 | Fortune $0 | Tax $0
Seat 1: abfadb12 (small blind) folded before Flop
Seat 2: Hero (big blind) folded before Flop
Seat 3: 80d788d1 folded before Flop
Seat 4: c7a0649c collected ($0.26)
Seat 5: ea46f5b4 folded before Flop (didn't bet)
Seat 6: cc5096ee (button) folded before Flop (didn't bet)


