Poker Hand #HD1200319352: Hold'em No Limit  ($0.02/$0.05) - 2023/04/12 17:29:39
Table 'NLHBlue32' 6-max Seat #5 is the button
Seat 1: 2787a1f4 ($6.22 in chips)
Seat 2: Hero ($5.67 in chips)
Seat 3: aca2f315 ($5.23 in chips)
Seat 4: 38aa922e ($8.64 in chips)
Seat 5: e48ea1cb ($6.55 in chips)
Seat 6: 3fc75637 ($3.86 in chips)
3fc75637: posts small blind $0.02
2787a1f4: posts big blind $0.05
*** HOLE CARDS ***
Dealt to 2787a1f4 
Dealt to Hero [Jd Ah]
Dealt to aca2f315 
Dealt to 38aa922e 
Dealt to e48ea1cb 
Dealt to 3fc75637 
Hero: raises $0.07 to $0.12
aca2f315: folds
38aa922e: folds
e48ea1cb: folds
3fc75637: folds
2787a1f4: calls $0.07
*** FLOP *** [5d Jc 4c]
2787a1f4: checks
Hero: bets $0.13
2787a1f4: calls $0.13
*** TURN *** [5d Jc 4c] [9d]
2787a1f4: checks
Hero: bets $0.78
2787a1f4: folds
Uncalled bet ($0.78) returned to Hero
*** SHOWDOWN ***
Hero collected $0.5 from pot
*** SUMMARY ***
Total pot $0.52 | Rake $0.02 | Jackpot $0 | Bingo $0 | Fortune $0
Board [5d Jc 4c 9d]
Seat 1: 2787a1f4 (big blind) folded on the Turn
Seat 2: Hero won ($0.5)
Seat 3: aca2f315 folded before Flop (didn't bet)
Seat 4: 38aa922e folded before Flop (didn't bet)
Seat 5: e48ea1cb (button) folded before Flop (didn't bet)
Seat 6: 3fc75637 (small blind) folded before Flop


Poker Hand #HD1200319335: Hold'em No Limit  ($0.02/$0.05) - 2023/04/12 17:29:30
Table 'NLHBlue32' 6-max Seat #4 is the button
Seat 1: 2787a1f4 ($6.15 in chips)
Seat 2: Hero ($5.67 in chips)
Seat 3: aca2f315 ($5.23 in chips)
Seat 4: 38aa922e ($8.64 in chips)
Seat 5: e48ea1cb ($6.57 in chips)
Seat 6: 3fc75637 ($3.91 in chips)
e48ea1cb: posts small blind $0.02
3fc75637: posts big blind $0.05
*** HOLE CARDS ***
Dealt to 2787a1f4 
Dealt to Hero [5d 3c]
Dealt to aca2f315 
Dealt to 38aa922e 
Dealt to e48ea1cb 
Dealt to 3fc75637 
2787a1f4: raises $0.05 to $0.1
Hero: folds
aca2f315: folds
38aa922e: folds
e48ea1cb: folds
3fc75637: folds
Uncalled bet ($0.05) returned to 2787a1f4
*** SHOWDOWN ***
2787a1f4 collected $0.12 from pot
*** SUMMARY ***
Total pot $0.12 | Rake $0 | Jackpot $0 | Bingo $0 | Fortune $0
Seat 1: 2787a1f4 collected ($0.12)
Seat 2: Hero folded before Flop (didn't bet)
Seat 3: aca2f315 folded before Flop (didn't bet)
Seat 4: 38aa922e (button) folded before Flop (didn't bet)
Seat 5: e48ea1cb (small blind) folded before Flop
Seat 6: 3fc75637 (big blind) folded before Flop


Poker Hand #HD1200319304: Hold'em No Limit  ($0.02/$0.05) - 2023/04/12 17:29:18
Table 'NLHBlue32' 6-max Seat #3 is the button
Seat 1: 2787a1f4 ($6.15 in chips)
Seat 2: Hero ($5.67 in chips)
Seat 3: aca2f315 ($5.23 in chips)
Seat 4: 38aa922e ($8.66 in chips)
Seat 5: e48ea1cb ($6.62 in chips)
Seat 6: 3fc75637 ($3.84 in chips)
38aa922e: posts small blind $0.02
e48ea1cb: posts big blind $0.05
*** HOLE CARDS ***
Dealt to 2787a1f4 
Dealt to Hero [8d Jd]
Dealt to aca2f315 
Dealt to 38aa922e 
Dealt to e48ea1cb 
Dealt to 3fc75637 
3fc75637: raises $0.1 to $0.15
2787a1f4: folds
Hero: folds
aca2f315: folds
38aa922e: folds
e48ea1cb: folds
Uncalled bet ($0.1) returned to 3fc75637
*** SHOWDOWN ***
3fc75637 collected $0.12 from pot
*** SUMMARY ***
Total pot $0.12 | Rake $0 | Jackpot $0 | Bingo $0 | Fortune $0
Seat 1: 2787a1f4 folded before Flop (didn't bet)
Seat 2: Hero folded before Flop (didn't bet)
Seat 3: aca2f315 (button) folded before Flop (didn't bet)
Seat 4: 38aa922e (small blind) folded before Flop
Seat 5: e48ea1cb (big blind) folded before Flop
Seat 6: 3fc75637 collected ($0.12)


Poker Hand #HD1200319280: Hold'em No Limit  ($0.02/$0.05) - 2023/04/12 17:29:07
Table 'NLHBlue32' 6-max Seat #2 is the button
Seat 1: 2787a1f4 ($6.15 in chips)
Seat 2: Hero ($5.67 in chips)
Seat 3: aca2f315 ($5.25 in chips)
Seat 4: 38aa922e ($8.71 in chips)
Seat 5: e48ea1cb ($6.55 in chips)
Seat 6: 3fc75637 ($3.84 in chips)
aca2f315: posts small blind $0.02
38aa922e: posts big blind $0.05
*** HOLE CARDS ***
Dealt to 2787a1f4 
Dealt to Hero [3s Jc]
Dealt to aca2f315 
Dealt to 38aa922e 
Dealt to e48ea1cb 
Dealt to 3fc75637 
e48ea1cb: raises $0.1 to $0.15
3fc75637: folds
2787a1f4: folds
Hero: folds
aca2f315: folds
38aa922e: folds
Uncalled bet ($0.1) returned to e48ea1cb
*** SHOWDOWN ***
e48ea1cb collected $0.12 from pot
*** SUMMARY ***
Total pot $0.12 | Rake $0 | Jackpot $0 | Bingo $0 | Fortune $0
Seat 1: 2787a1f4 folded before Flop (didn't bet)
Seat 2: Hero (button) folded before Flop (didn't bet)
Seat 3: aca2f315 (small blind) folded before Flop
Seat 4: 38aa922e (big blind) folded before Flop
Seat 5: e48ea1cb collected ($0.12)
Seat 6: 3fc75637 folded before Flop (didn't bet)


Poker Hand #HD1200319215: Hold'em No Limit  ($0.02/$0.05) - 2023/04/12 17:28:28
Table 'NLHBlue32' 6-max Seat #1 is the button
Seat 1: 2787a1f4 ($6.15 in chips)
Seat 2: Hero ($5.69 in chips)
Seat 3: aca2f315 ($5.3 in chips)
Seat 4: 38aa922e ($8.47 in chips)
Seat 5: e48ea1cb ($6.55 in chips)
Seat 6: 3fc75637 ($4.03 in chips)
Hero: posts small blind $0.02
aca2f315: posts big blind $0.05
*** HOLE CARDS ***
Dealt to 2787a1f4 
Dealt to Hero [5c Qc]
Dealt to aca2f315 
Dealt to 38aa922e 
Dealt to e48ea1cb 
Dealt to 3fc75637 
38aa922e: raises $0.05 to $0.1
e48ea1cb: folds
3fc75637: calls $0.1
2787a1f4: folds
Hero: folds
aca2f315: folds
*** FLOP *** [2c Jd Js]
38aa922e: bets $0.09
3fc75637: calls $0.09
*** TURN *** [2c Jd Js] [7d]
38aa922e: bets $0.23
3fc75637: folds
Uncalled bet ($0.23) returned to 38aa922e
*** SHOWDOWN ***
38aa922e collected $0.43 from pot
*** SUMMARY ***
Total pot $0.45 | Rake $0.02 | Jackpot $0 | Bingo $0 | Fortune $0
Board [2c Jd Js 7d]
Seat 1: 2787a1f4 (button) folded before Flop (didn't bet)
Seat 2: Hero (small blind) folded before Flop
Seat 3: aca2f315 (big blind) folded before Flop
Seat 4: 38aa922e won ($0.43)
Seat 5: e48ea1cb folded before Flop (didn't bet)
Seat 6: 3fc75637 folded on the Turn


Poker Hand #HD1200319166: Hold'em No Limit  ($0.02/$0.05) - 2023/04/12 17:28:01
Table 'NLHBlue32' 6-max Seat #6 is the button
Seat 1: 2787a1f4 ($6.17 in chips)
Seat 2: Hero ($5.53 in chips)
Seat 3: aca2f315 ($5.3 in chips)
Seat 4: 38aa922e ($8.47 in chips)
Seat 5: e48ea1cb ($6.7 in chips)
Seat 6: 3fc75637 ($4.03 in chips)
2787a1f4: posts small blind $0.02
Hero: posts big blind $0.05
*** HOLE CARDS ***
Dealt to 2787a1f4 
Dealt to Hero [Td Jd]
Dealt to aca2f315 
Dealt to 38aa922e 
Dealt to e48ea1cb 
Dealt to 3fc75637 
aca2f315: folds
38aa922e: folds
e48ea1cb: raises $0.1 to $0.15
3fc75637: folds
2787a1f4: folds
Hero: raises $0.33 to $0.48
e48ea1cb: folds
Uncalled bet ($0.33) returned to Hero
*** SHOWDOWN ***
Hero collected $0.31 from pot
*** SUMMARY ***
Total pot $0.32 | Rake $0.01 | Jackpot $0 | Bingo $0 | Fortune $0
Seat 1: 2787a1f4 (small blind) folded before Flop
Seat 2: Hero (big blind) collected ($0.31)
Seat 3: aca2f315 folded before Flop (didn't bet)
Seat 4: 38aa922e folded before Flop (didn't bet)
Seat 5: e48ea1cb folded before Flop
Seat 6: 3fc75637 (button) folded before Flop (didn't bet)


Poker Hand #HD1200319135: Hold'em No Limit  ($0.02/$0.05) - 2023/04/12 17:27:45
Table 'NLHBlue32' 6-max Seat #5 is the button
Seat 1: 2787a1f4 ($6.22 in chips)
Seat 2: Hero ($5.53 in chips)
Seat 3: aca2f315 ($5.3 in chips)
Seat 4: 38aa922e ($8.47 in chips)
Seat 5: e48ea1cb ($6.7 in chips)
Seat 6: 3fc75637 ($3.98 in chips)
3fc75637: posts small blind $0.02
2787a1f4: posts big blind $0.05
*** HOLE CARDS ***
Dealt to 2787a1f4 
Dealt to Hero [3d Jc]
Dealt to aca2f315 
Dealt to 38aa922e 
Dealt to e48ea1cb 
Dealt to 3fc75637 
Hero: folds
aca2f315: folds
38aa922e: folds
e48ea1cb: folds
3fc75637: raises $0.1 to $0.15
2787a1f4: folds
Uncalled bet ($0.1) returned to 3fc75637
*** SHOWDOWN ***
3fc75637 collected $0.1 from pot
*** SUMMARY ***
Total pot $0.1 | Rake $0 | Jackpot $0 | Bingo $0 | Fortune $0
Seat 1: 2787a1f4 (big blind) folded before Flop
Seat 2: Hero folded before Flop (didn't bet)
Seat 3: aca2f315 folded before Flop (didn't bet)
Seat 4: 38aa922e folded before Flop (didn't bet)
Seat 5: e48ea1cb (button) folded before Flop (didn't bet)
Seat 6: 3fc75637 (small blind) collected ($0.1)


Poker Hand #HD1200319112: Hold'em No Limit  ($0.02/$0.05) - 2023/04/12 17:27:34
Table 'NLHBlue32' 6-max Seat #4 is the button
Seat 1: 2787a1f4 ($6.15 in chips)
Seat 2: Hero ($5.53 in chips)
Seat 3: aca2f315 ($5.3 in chips)
Seat 4: 38aa922e ($8.47 in chips)
Seat 5: e48ea1cb ($6.72 in chips)
Seat 6: 3fc75637 ($4.03 in chips)
e48ea1cb: posts small blind $0.02
3fc75637: posts big blind $0.05
*** HOLE CARDS ***
Dealt to 2787a1f4 
Dealt to Hero [9d 5h]
Dealt to aca2f315 
Dealt to 38aa922e 
Dealt to e48ea1cb 
Dealt to 3fc75637 
2787a1f4: raises $0.05 to $0.1
Hero: folds
aca2f315: folds
38aa922e: folds
e48ea1cb: folds
3fc75637: folds
Uncalled bet ($0.05) returned to 2787a1f4
*** SHOWDOWN ***
2787a1f4 collected $0.12 from pot
*** SUMMARY ***
Total pot $0.12 | Rake $0 | Jackpot $0 | Bingo $0 | Fortune $0
Seat 1: 2787a1f4 collected ($0.12)
Seat 2: Hero folded before Flop (didn't bet)
Seat 3: aca2f315 folded before Flop (didn't bet)
Seat 4: 38aa922e (button) folded before Flop (didn't bet)
Seat 5: e48ea1cb (small blind) folded before Flop
Seat 6: 3fc75637 (big blind) folded before Flop


Poker Hand #HD1200319080: Hold'em No Limit  ($0.02/$0.05) - 2023/04/12 17:27:19
Table 'NLHBlue32' 6-max Seat #3 is the button
Seat 1: 2787a1f4 ($6.15 in chips)
Seat 2: Hero ($5.53 in chips)
Seat 3: aca2f315 ($5.3 in chips)
Seat 4: 38aa922e ($8.49 in chips)
Seat 5: e48ea1cb ($6.77 in chips)
Seat 6: 3fc75637 ($3.96 in chips)
38aa922e: posts small blind $0.02
e48ea1cb: posts big blind $0.05
*** HOLE CARDS ***
Dealt to 2787a1f4 
Dealt to Hero [3h Ac]
Dealt to aca2f315 
Dealt to 38aa922e 
Dealt to e48ea1cb 
Dealt to 3fc75637 
3fc75637: raises $0.1 to $0.15
2787a1f4: folds
Hero: folds
aca2f315: folds
38aa922e: folds
e48ea1cb: folds
Uncalled bet ($0.1) returned to 3fc75637
*** SHOWDOWN ***
3fc75637 collected $0.12 from pot
*** SUMMARY ***
Total pot $0.12 | Rake $0 | Jackpot $0 | Bingo $0 | Fortune $0
Seat 1: 2787a1f4 folded before Flop (didn't bet)
Seat 2: Hero folded before Flop (didn't bet)
Seat 3: aca2f315 (button) folded before Flop (didn't bet)
Seat 4: 38aa922e (small blind) folded before Flop
Seat 5: e48ea1cb (big blind) folded before Flop
Seat 6: 3fc75637 collected ($0.12)


Poker Hand #HD1200319018: Hold'em No Limit  ($0.02/$0.05) - 2023/04/12 17:26:48
Table 'NLHBlue32' 6-max Seat #2 is the button
Seat 1: 2787a1f4 ($6.15 in chips)
Seat 2: Hero ($5.53 in chips)
Seat 3: aca2f315 ($5 in chips)
Seat 4: 38aa922e ($8.82 in chips)
Seat 5: e48ea1cb ($6.77 in chips)
Seat 6: 3fc75637 ($3.96 in chips)
aca2f315: posts small blind $0.02
38aa922e: posts big blind $0.05
*** HOLE CARDS ***
Dealt to 2787a1f4 
Dealt to Hero [Ah 7c]
Dealt to aca2f315 
Dealt to 38aa922e 
Dealt to e48ea1cb 
Dealt to 3fc75637 
e48ea1cb: folds
3fc75637: folds
2787a1f4: folds
Hero: folds
aca2f315: raises $0.08 to $0.13
38aa922e: calls $0.08
*** FLOP *** [2c 6d Ts]
aca2f315: bets $0.2
38aa922e: calls $0.2
*** TURN *** [2c 6d Ts] [4d]
aca2f315: bets $0.6
38aa922e: folds
Uncalled bet ($0.6) returned to aca2f315
*** SHOWDOWN ***
aca2f315 collected $0.63 from pot
*** SUMMARY ***
Total pot $0.66 | Rake $0.03 | Jackpot $0 | Bingo $0 | Fortune $0
Board [2c 6d Ts 4d]
Seat 1: 2787a1f4 folded before Flop (didn't bet)
Seat 2: Hero (button) folded before Flop (didn't bet)
Seat 3: aca2f315 (small blind) won ($0.63)
Seat 4: 38aa922e (big blind) folded on the Turn
Seat 5: e48ea1cb folded before Flop (didn't bet)
Seat 6: 3fc75637 folded before Flop (didn't bet)


Poker Hand #HD1200318992: Hold'em No Limit  ($0.02/$0.05) - 2023/04/12 17:26:34
Table 'NLHBlue32' 6-max Seat #1 is the button
Seat 1: 2787a1f4 ($6.15 in chips)
Seat 2: Hero ($5.55 in chips)
Seat 3: aca2f315 ($5 in chips)
Seat 4: 38aa922e ($8.75 in chips)
Seat 5: e48ea1cb ($6.77 in chips)
Seat 6: 3fc75637 ($3.96 in chips)
Hero: posts small blind $0.02
aca2f315: posts big blind $0.05
*** HOLE CARDS ***
Dealt to 2787a1f4 
Dealt to Hero [2d Ts]
Dealt to aca2f315 
Dealt to 38aa922e 
Dealt to e48ea1cb 
Dealt to 3fc75637 
38aa922e: raises $0.05 to $0.1
e48ea1cb: folds
3fc75637: folds
2787a1f4: folds
Hero: folds
aca2f315: folds
Uncalled bet ($0.05) returned to 38aa922e
*** SHOWDOWN ***
38aa922e collected $0.12 from pot
*** SUMMARY ***
Total pot $0.12 | Rake $0 | Jackpot $0 | Bingo $0 | Fortune $0
Seat 1: 2787a1f4 (button) folded before Flop (didn't bet)
Seat 2: Hero (small blind) folded before Flop
Seat 3: aca2f315 (big blind) folded before Flop
Seat 4: 38aa922e collected ($0.12)
Seat 5: e48ea1cb folded before Flop (didn't bet)
Seat 6: 3fc75637 folded before Flop (didn't bet)


Poker Hand #HD1200318929: Hold'em No Limit  ($0.02/$0.05) - 2023/04/12 17:26:00
Table 'NLHBlue32' 6-max Seat #6 is the button
Seat 1: 2787a1f4 ($6.17 in chips)
Seat 2: Hero ($5.6 in chips)
Seat 3: aca2f315 ($5 in chips)
Seat 4: 38aa922e ($9.06 in chips)
Seat 5: e48ea1cb ($6.42 in chips)
Seat 6: 3fc75637 ($3.96 in chips)
2787a1f4: posts small blind $0.02
Hero: posts big blind $0.05
*** HOLE CARDS ***
Dealt to 2787a1f4 
Dealt to Hero [Th Jc]
Dealt to aca2f315 
Dealt to 38aa922e 
Dealt to e48ea1cb 
Dealt to 3fc75637 
aca2f315: folds
38aa922e: raises $0.05 to $0.1
e48ea1cb: raises $0.21 to $0.31
3fc75637: folds
2787a1f4: folds
Hero: folds
38aa922e: calls $0.21
*** FLOP *** [9s Ah 4c]
38aa922e: checks
e48ea1cb: bets $0.21
38aa922e: folds
Uncalled bet ($0.21) returned to e48ea1cb
*** SHOWDOWN ***
e48ea1cb collected $0.66 from pot
*** SUMMARY ***
Total pot $0.69 | Rake $0.03 | Jackpot $0 | Bingo $0 | Fortune $0
Board [9s Ah 4c]
Seat 1: 2787a1f4 (small blind) folded before Flop
Seat 2: Hero (big blind) folded before Flop
Seat 3: aca2f315 folded before Flop (didn't bet)
Seat 4: 38aa922e folded on the Flop
Seat 5: e48ea1cb won ($0.66)
Seat 6: 3fc75637 (button) folded before Flop (didn't bet)


Poker Hand #HD1200318798: Hold'em No Limit  ($0.02/$0.05) - 2023/04/12 17:24:44
Table 'NLHBlue32' 6-max Seat #5 is the button
Seat 1: 2787a1f4 ($6.81 in chips)
Seat 2: Hero ($5 in chips)
Seat 3: aca2f315 ($5 in chips)
Seat 4: 38aa922e ($9.06 in chips)
Seat 5: e48ea1cb ($6.42 in chips)
Seat 6: 3fc75637 ($3.98 in chips)
3fc75637: posts small blind $0.02
2787a1f4: posts big blind $0.05
*** HOLE CARDS ***
Dealt to 2787a1f4 
Dealt to Hero [6s 7s]
Dealt to aca2f315 
Dealt to 38aa922e 
Dealt to e48ea1cb 
Dealt to 3fc75637 
Hero: raises $0.07 to $0.12
aca2f315: folds
38aa922e: folds
e48ea1cb: folds
3fc75637: folds
2787a1f4: calls $0.07
*** FLOP *** [Qs 4d Ks]
2787a1f4: checks
Hero: bets $0.13
2787a1f4: calls $0.13
*** TURN *** [Qs 4d Ks] [8c]
2787a1f4: checks
Hero: bets $0.39
2787a1f4: calls $0.39
*** RIVER *** [Qs 4d Ks 8c] [9s]
2787a1f4: checks
Hero: bets $0.98
2787a1f4: folds
Uncalled bet ($0.98) returned to Hero
*** SHOWDOWN ***
Hero collected $1.24 from pot
*** SUMMARY ***
Total pot $1.3 | Rake $0.06 | Jackpot $0 | Bingo $0 | Fortune $0
Board [Qs 4d Ks 8c 9s]
Seat 1: 2787a1f4 (big blind) folded on the River
Seat 2: Hero won ($1.24)
Seat 3: aca2f315 folded before Flop (didn't bet)
Seat 4: 38aa922e folded before Flop (didn't bet)
Seat 5: e48ea1cb (button) folded before Flop (didn't bet)
Seat 6: 3fc75637 (small blind) folded before Flop


Poker Hand #HD1200318777: Hold'em No Limit  ($0.02/$0.05) - 2023/04/12 17:24:32
Table 'NLHBlue32' 6-max Seat #4 is the button
Seat 1: 2787a1f4 ($6.81 in chips)
Seat 2: Hero ($5 in chips)
Seat 3: aca2f315 ($5 in chips)
Seat 4: 38aa922e ($9.06 in chips)
Seat 5: e48ea1cb ($6.44 in chips)
Seat 6: 3fc75637 ($3.96 in chips)
e48ea1cb: posts small blind $0.02
3fc75637: posts big blind $0.05
*** HOLE CARDS ***
Dealt to 2787a1f4 
Dealt to Hero [Qh Td]
Dealt to aca2f315 
Dealt to 38aa922e 
Dealt to e48ea1cb 
Dealt to 3fc75637 
2787a1f4: folds
Hero: folds
aca2f315: folds
38aa922e: folds
e48ea1cb: folds
Uncalled bet ($0.03) returned to 3fc75637
*** SHOWDOWN ***
3fc75637 collected $0.04 from pot
*** SUMMARY ***
Total pot $0.04 | Rake $0 | Jackpot $0 | Bingo $0 | Fortune $0
Seat 1: 2787a1f4 folded before Flop (didn't bet)
Seat 2: Hero folded before Flop (didn't bet)
Seat 3: aca2f315 folded before Flop (didn't bet)
Seat 4: 38aa922e (button) folded before Flop (didn't bet)
Seat 5: e48ea1cb (small blind) folded before Flop
Seat 6: 3fc75637 (big blind) collected ($0.04)


Poker Hand #HD1200318759: Hold'em No Limit  ($0.02/$0.05) - 2023/04/12 17:24:25
Table 'NLHBlue32' 6-max Seat #3 is the button
Seat 1: 2787a1f4 ($6.81 in chips)
Seat 2: Hero ($5 in chips)
Seat 3: aca2f315 ($5 in chips)
Seat 4: 38aa922e ($9.08 in chips)
Seat 5: e48ea1cb ($6.42 in chips)
38aa922e: posts small blind $0.02
e48ea1cb: posts big blind $0.05
*** HOLE CARDS ***
Dealt to 2787a1f4 
Dealt to Hero [9d 4c]
Dealt to aca2f315 
Dealt to 38aa922e 
Dealt to e48ea1cb 
2787a1f4: folds
Hero: folds
aca2f315: folds
38aa922e: folds
Uncalled bet ($0.03) returned to e48ea1cb
*** SHOWDOWN ***
e48ea1cb collected $0.04 from pot
*** SUMMARY ***
Total pot $0.04 | Rake $0 | Jackpot $0 | Bingo $0 | Fortune $0
Seat 1: 2787a1f4 folded before Flop (didn't bet)
Seat 2: Hero folded before Flop (didn't bet)
Seat 3: aca2f315 (button) folded before Flop (didn't bet)
Seat 4: 38aa922e (small blind) folded before Flop
Seat 5: e48ea1cb (big blind) collected ($0.04)


Poker Hand #HD1200318684: Hold'em No Limit  ($0.02/$0.05) - 2023/04/12 17:23:44
Table 'NLHBlue32' 6-max Seat #2 is the button
Seat 1: 2787a1f4 ($6.62 in chips)
Seat 2: Hero ($5 in chips)
Seat 3: aca2f315 ($5 in chips)
Seat 4: 38aa922e ($9.26 in chips)
Seat 5: e48ea1cb ($6.42 in chips)
aca2f315: posts small blind $0.02
38aa922e: posts big blind $0.05
*** HOLE CARDS ***
Dealt to 2787a1f4 
Dealt to Hero [Ad 4h]
Dealt to aca2f315 
Dealt to 38aa922e 
Dealt to e48ea1cb 
e48ea1cb: folds
2787a1f4: raises $0.05 to $0.1
Hero: folds
aca2f315: folds
38aa922e: calls $0.05
*** FLOP *** [3h 6d 5h]
38aa922e: checks
2787a1f4: checks
*** TURN *** [3h 6d 5h] [As]
38aa922e: bets $0.08
2787a1f4: calls $0.08
*** RIVER *** [3h 6d 5h As] [6s]
38aa922e: checks
2787a1f4: checks
38aa922e: shows [Ks 3c] (Pair of Sixes and Pair of Treys)
2787a1f4: shows [8c Ac] (Pair of Aces and Pair of Sixes)
*** SHOWDOWN ***
2787a1f4 collected $0.37 from pot
*** SUMMARY ***
Total pot $0.38 | Rake $0.01 | Jackpot $0 | Bingo $0 | Fortune $0
Board [3h 6d 5h As 6s]
Seat 1: 2787a1f4 showed [8c Ac] and won ($0.37) with Pair of Aces and Pair of Sixes
Seat 2: Hero (button) folded before Flop (didn't bet)
Seat 3: aca2f315 (small blind) folded before Flop
Seat 4: 38aa922e (big blind) showed [Ks 3c] and lost with Pair of Sixes and Pair of Treys
Seat 5: e48ea1cb folded before Flop (didn't bet)


Poker Hand #HD1200318660: Hold'em No Limit  ($0.02/$0.05) - 2023/04/12 17:23:33
Table 'NLHBlue32' 6-max Seat #1 is the button
Seat 1: 2787a1f4 ($6.62 in chips)
Seat 2: Hero ($5 in chips)
Seat 3: aca2f315 ($5 in chips)
Seat 4: 38aa922e ($9.19 in chips)
Seat 5: e48ea1cb ($6.42 in chips)
Hero: posts small blind $0.02
aca2f315: posts big blind $0.05
*** HOLE CARDS ***
Dealt to 2787a1f4 
Dealt to Hero [3d Ah]
Dealt to aca2f315 
Dealt to 38aa922e 
Dealt to e48ea1cb 
38aa922e: raises $0.05 to $0.1
e48ea1cb: folds
2787a1f4: folds
Hero: folds
aca2f315: folds
Uncalled bet ($0.05) returned to 38aa922e
*** SHOWDOWN ***
38aa922e collected $0.12 from pot
*** SUMMARY ***
Total pot $0.12 | Rake $0 | Jackpot $0 | Bingo $0 | Fortune $0
Seat 1: 2787a1f4 (button) folded before Flop (didn't bet)
Seat 2: Hero (small blind) folded before Flop
Seat 3: aca2f315 (big blind) folded before Flop
Seat 4: 38aa922e collected ($0.12)
Seat 5: e48ea1cb folded before Flop (didn't bet)


Poker Hand #HD1200318636: Hold'em No Limit  ($0.02/$0.05) - 2023/04/12 17:23:20
Table 'NLHBlue32' 6-max Seat #5 is the button
Seat 1: 2787a1f4 ($6.64 in chips)
Seat 2: Hero ($5 in chips)
Seat 3: aca2f315 ($5 in chips)
Seat 4: 38aa922e ($9.19 in chips)
Seat 5: e48ea1cb ($6.35 in chips)
2787a1f4: posts small blind $0.02
Hero: posts big blind $0.05
*** HOLE CARDS ***
Dealt to 2787a1f4 
Dealt to Hero [9s Jd]
Dealt to aca2f315 
Dealt to 38aa922e 
Dealt to e48ea1cb 
aca2f315: folds
38aa922e: folds
e48ea1cb: raises $0.1 to $0.15
2787a1f4: folds
Hero: folds
Uncalled bet ($0.1) returned to e48ea1cb
*** SHOWDOWN ***
e48ea1cb collected $0.12 from pot
*** SUMMARY ***
Total pot $0.12 | Rake $0 | Jackpot $0 | Bingo $0 | Fortune $0
Seat 1: 2787a1f4 (small blind) folded before Flop
Seat 2: Hero (big blind) folded before Flop
Seat 3: aca2f315 folded before Flop (didn't bet)
Seat 4: 38aa922e folded before Flop (didn't bet)
Seat 5: e48ea1cb (button) collected ($0.12)


Poker Hand #HD1200318610: Hold'em No Limit  ($0.02/$0.05) - 2023/04/12 17:23:05
Table 'NLHBlue32' 6-max Seat #4 is the button
Seat 1: 2787a1f4 ($6.69 in chips)
Seat 2: Hero ($5 in chips)
Seat 3: aca2f315 ($5 in chips)
Seat 4: 38aa922e ($9.19 in chips)
Seat 5: e48ea1cb ($6.3 in chips)
e48ea1cb: posts small blind $0.02
2787a1f4: posts big blind $0.05
*** HOLE CARDS ***
Dealt to 2787a1f4 
Dealt to Hero [8c 9h]
Dealt to aca2f315 
Dealt to 38aa922e 
Dealt to e48ea1cb 
Hero: folds
aca2f315: folds
38aa922e: folds
e48ea1cb: raises $0.1 to $0.15
2787a1f4: folds
Uncalled bet ($0.1) returned to e48ea1cb
*** SHOWDOWN ***
e48ea1cb collected $0.1 from pot
*** SUMMARY ***
Total pot $0.1 | Rake $0 | Jackpot $0 | Bingo $0 | Fortune $0
Seat 1: 2787a1f4 (big blind) folded before Flop
Seat 2: Hero folded before Flop (didn't bet)
Seat 3: aca2f315 folded before Flop (didn't bet)
Seat 4: 38aa922e (button) folded before Flop (didn't bet)
Seat 5: e48ea1cb (small blind) collected ($0.1)


Poker Hand #HD1200318566: Hold'em No Limit  ($0.02/$0.05) - 2023/04/12 17:22:40
Table 'NLHBlue32' 6-max Seat #3 is the button
Seat 1: 2787a1f4 ($6.69 in chips)
Seat 2: Hero ($5 in chips)
Seat 3: aca2f315 ($5 in chips)
Seat 4: 38aa922e ($9.21 in chips)
Seat 5: e48ea1cb ($6.16 in chips)
38aa922e: posts small blind $0.02
e48ea1cb: posts big blind $0.05
*** HOLE CARDS ***
Dealt to 2787a1f4 
Dealt to Hero [7h 9s]
Dealt to aca2f315 
Dealt to 38aa922e 
Dealt to e48ea1cb 
2787a1f4: folds
Hero: folds
aca2f315: raises $0.08 to $0.13
38aa922e: folds
e48ea1cb: raises $0.21 to $0.34
aca2f315: folds
Uncalled bet ($0.21) returned to e48ea1cb
*** SHOWDOWN ***
e48ea1cb collected $0.27 from pot
*** SUMMARY ***
Total pot $0.28 | Rake $0.01 | Jackpot $0 | Bingo $0 | Fortune $0
Seat 1: 2787a1f4 folded before Flop (didn't bet)
Seat 2: Hero folded before Flop (didn't bet)
Seat 3: aca2f315 (button) folded before Flop
Seat 4: 38aa922e (small blind) folded before Flop
Seat 5: e48ea1cb (big blind) collected ($0.27)


Poker Hand #HD1200318491: Hold'em No Limit  ($0.02/$0.05) - 2023/04/12 17:22:06
Table 'NLHBlue32' 6-max Seat #2 is the button
Seat 1: 2787a1f4 ($6.69 in chips)
Seat 2: Hero ($5 in chips)
Seat 3: aca2f315 ($5 in chips)
Seat 4: 38aa922e ($9.36 in chips)
Seat 5: e48ea1cb ($6 in chips)
Seat 6: 3fc75637 ($3.96 in chips)
aca2f315: posts small blind $0.02
38aa922e: posts big blind $0.05
*** HOLE CARDS ***
Dealt to 2787a1f4 
Dealt to Hero [5d Th]
Dealt to aca2f315 
Dealt to 38aa922e 
Dealt to e48ea1cb 
Dealt to 3fc75637 
e48ea1cb: raises $0.1 to $0.15
3fc75637: folds
2787a1f4: folds
Hero: folds
aca2f315: folds
38aa922e: calls $0.1
*** FLOP *** [3s 5h 3c]
38aa922e: checks
e48ea1cb: bets $0.18
38aa922e: folds
Uncalled bet ($0.18) returned to e48ea1cb
*** SHOWDOWN ***
e48ea1cb collected $0.31 from pot
*** SUMMARY ***
Total pot $0.32 | Rake $0.01 | Jackpot $0 | Bingo $0 | Fortune $0
Board [3s 5h 3c]
Seat 1: 2787a1f4 folded before Flop (didn't bet)
Seat 2: Hero (button) folded before Flop (didn't bet)
Seat 3: aca2f315 (small blind) folded before Flop
Seat 4: 38aa922e (big blind) folded on the Flop
Seat 5: e48ea1cb won ($0.31)
Seat 6: 3fc75637 folded before Flop (didn't bet)


Poker Hand #HD1200318461: Hold'em No Limit  ($0.02/$0.05) - 2023/04/12 17:21:45
Table 'NLHBlue32' 6-max Seat #1 is the button
Seat 1: 2787a1f4 ($6.69 in chips)
Seat 2: Hero ($5 in chips)
Seat 3: aca2f315 ($5 in chips)
Seat 4: 38aa922e ($9.29 in chips)
Seat 5: e48ea1cb ($6 in chips)
Seat 6: 3fc75637 ($3.96 in chips)
Hero: posts small blind $0.02
aca2f315: posts big blind $0.05
*** HOLE CARDS ***
Dealt to 2787a1f4 
Dealt to Hero [2h 4h]
Dealt to aca2f315 
Dealt to 38aa922e 
Dealt to e48ea1cb 
Dealt to 3fc75637 
38aa922e: raises $0.05 to $0.1
e48ea1cb: folds
3fc75637: folds
2787a1f4: folds
Hero: folds
aca2f315: folds
Uncalled bet ($0.05) returned to 38aa922e
*** SHOWDOWN ***
38aa922e collected $0.12 from pot
*** SUMMARY ***
Total pot $0.12 | Rake $0 | Jackpot $0 | Bingo $0 | Fortune $0
Seat 1: 2787a1f4 (button) folded before Flop (didn't bet)
Seat 2: Hero (small blind) folded before Flop
Seat 3: aca2f315 (big blind) folded before Flop
Seat 4: 38aa922e collected ($0.12)
Seat 5: e48ea1cb folded before Flop (didn't bet)
Seat 6: 3fc75637 folded before Flop (didn't bet)


Poker Hand #HD1200318320: Hold'em No Limit  ($0.02/$0.05) - 2023/04/12 17:20:28
Table 'NLHBlue32' 6-max Seat #6 is the button
Seat 1: 2787a1f4 ($6.79 in chips)
Seat 2: Hero ($5 in chips)
Seat 3: aca2f315 ($5 in chips)
Seat 4: 38aa922e ($8.77 in chips)
Seat 5: e48ea1cb ($6 in chips)
Seat 6: 3fc75637 ($4.38 in chips)
2787a1f4: posts small blind $0.02
Hero: posts big blind $0.05
*** HOLE CARDS ***
Dealt to 2787a1f4 
Dealt to Hero [6s 3d]
Dealt to aca2f315 
Dealt to 38aa922e 
Dealt to e48ea1cb 
Dealt to 3fc75637 
aca2f315: folds
38aa922e: raises $0.05 to $0.1
e48ea1cb: folds
3fc75637: calls $0.1
2787a1f4: calls $0.08
Hero: folds
*** FLOP *** [Qs 8h 8s]
2787a1f4: checks
38aa922e: bets $0.12
3fc75637: calls $0.12
2787a1f4: folds
*** TURN *** [Qs 8h 8s] [Jd]
38aa922e: checks
3fc75637: bets $0.2
38aa922e: calls $0.2
*** RIVER *** [Qs 8h 8s Jd] [Jh]
38aa922e: checks
3fc75637: checks
38aa922e: shows [9h Ts] (Queens-High Straight)
3fc75637: shows [Qd 5d] (Pair of Queens and Pair of Jacks)
*** SHOWDOWN ***
38aa922e collected $0.94 from pot
*** SUMMARY ***
Total pot $0.99 | Rake $0.05 | Jackpot $0 | Bingo $0 | Fortune $0
Board [Qs 8h 8s Jd Jh]
Seat 1: 2787a1f4 (small blind) folded on the Flop
Seat 2: Hero (big blind) folded before Flop
Seat 3: aca2f315 folded before Flop (didn't bet)
Seat 4: 38aa922e showed [9h Ts] and won ($0.94) with Queens-High Straight
Seat 5: e48ea1cb folded before Flop (didn't bet)
Seat 6: 3fc75637 (button) showed [Qd 5d] and lost with Pair of Queens and Pair of Jacks


Poker Hand #HD1200318199: Hold'em No Limit  ($0.02/$0.05) - 2023/04/12 17:19:17
Table 'NLHBlue32' 6-max Seat #5 is the button
Seat 1: 2787a1f4 ($7.42 in chips)
Seat 2: Hero ($5 in chips)
Seat 3: aca2f315 ($5 in chips)
Seat 4: 38aa922e ($8.77 in chips)
Seat 5: e48ea1cb ($5.41 in chips)
Seat 6: 3fc75637 ($4.4 in chips)
3fc75637: posts small blind $0.02
2787a1f4: posts big blind $0.05
*** HOLE CARDS ***
Dealt to 2787a1f4 
Dealt to Hero [2h Jd]
Dealt to aca2f315 
Dealt to 38aa922e 
Dealt to e48ea1cb 
Dealt to 3fc75637 
Hero: folds
aca2f315: folds
38aa922e: folds
e48ea1cb: raises $0.1 to $0.15
3fc75637: folds
2787a1f4: calls $0.1
*** FLOP *** [9s Ac 9h]
2787a1f4: bets $0.24
e48ea1cb: calls $0.24
*** TURN *** [9s Ac 9h] [Qh]
2787a1f4: checks
e48ea1cb: checks
*** RIVER *** [9s Ac 9h Qh] [4s]
2787a1f4: checks
e48ea1cb: bets $0.24
2787a1f4: calls $0.24
e48ea1cb: shows [Ah Tc] (Pair of Aces and Pair of Nines)
2787a1f4: shows [Ts Th] (Pair of Tens and Pair of Nines)
*** SHOWDOWN ***
e48ea1cb collected $1.22 from pot
*** SUMMARY ***
Total pot $1.28 | Rake $0.06 | Jackpot $0 | Bingo $0 | Fortune $0
Board [9s Ac 9h Qh 4s]
Seat 1: 2787a1f4 (big blind) showed [Ts Th] and lost with Pair of Tens and Pair of Nines
Seat 2: Hero folded before Flop (didn't bet)
Seat 3: aca2f315 folded before Flop (didn't bet)
Seat 4: 38aa922e folded before Flop (didn't bet)
Seat 5: e48ea1cb (button) showed [Ah Tc] and won ($1.22) with Pair of Aces and Pair of Nines
Seat 6: 3fc75637 (small blind) folded before Flop


Poker Hand #HD1200318166: Hold'em No Limit  ($0.02/$0.05) - 2023/04/12 17:18:59
Table 'NLHBlue32' 6-max Seat #4 is the button
Seat 1: 2787a1f4 ($7.42 in chips)
Seat 2: Hero ($5.07 in chips)
Seat 3: aca2f315 ($5 in chips)
Seat 4: 38aa922e ($8.77 in chips)
Seat 5: e48ea1cb ($5.25 in chips)
Seat 6: 3fc75637 ($4.45 in chips)
e48ea1cb: posts small blind $0.02
3fc75637: posts big blind $0.05
*** HOLE CARDS ***
Dealt to 2787a1f4 
Dealt to Hero [Jd As]
Dealt to aca2f315 
Dealt to 38aa922e 
Dealt to e48ea1cb 
Dealt to 3fc75637 
2787a1f4: folds
Hero: raises $0.07 to $0.12
aca2f315: folds
38aa922e: folds
e48ea1cb: raises $0.22 to $0.34
3fc75637: folds
Hero: folds
Uncalled bet ($0.22) returned to e48ea1cb
*** SHOWDOWN ***
e48ea1cb collected $0.28 from pot
*** SUMMARY ***
Total pot $0.29 | Rake $0.01 | Jackpot $0 | Bingo $0 | Fortune $0
Seat 1: 2787a1f4 folded before Flop (didn't bet)
Seat 2: Hero folded before Flop
Seat 3: aca2f315 folded before Flop (didn't bet)
Seat 4: 38aa922e (button) folded before Flop (didn't bet)
Seat 5: e48ea1cb (small blind) collected ($0.28)
Seat 6: 3fc75637 (big blind) folded before Flop


Poker Hand #HD1200318040: Hold'em No Limit  ($0.02/$0.05) - 2023/04/12 17:17:55
Table 'NLHBlue32' 6-max Seat #3 is the button
Seat 1: 2787a1f4 ($7.67 in chips)
Seat 2: Hero ($5.07 in chips)
Seat 3: aca2f315 ($5 in chips)
Seat 4: 38aa922e ($8.79 in chips)
Seat 5: e48ea1cb ($5 in chips)
Seat 6: 3fc75637 ($4.45 in chips)
38aa922e: posts small blind $0.02
e48ea1cb: posts big blind $0.05
*** HOLE CARDS ***
Dealt to 2787a1f4 
Dealt to Hero [2d Tc]
Dealt to aca2f315 
Dealt to 38aa922e 
Dealt to e48ea1cb 
Dealt to 3fc75637 
3fc75637: folds
2787a1f4: raises $0.06 to $0.11
Hero: folds
aca2f315: folds
38aa922e: folds
e48ea1cb: calls $0.06
*** FLOP *** [Ad 3s 4d]
e48ea1cb: checks
2787a1f4: checks
*** TURN *** [Ad 3s 4d] [7d]
e48ea1cb: bets $0.14
2787a1f4: calls $0.14
*** RIVER *** [Ad 3s 4d 7d] [6s]
e48ea1cb: bets $0.39
2787a1f4: folds
Uncalled bet ($0.39) returned to e48ea1cb
*** SHOWDOWN ***
e48ea1cb collected $0.5 from pot
*** SUMMARY ***
Total pot $0.52 | Rake $0.02 | Jackpot $0 | Bingo $0 | Fortune $0
Board [Ad 3s 4d 7d 6s]
Seat 1: 2787a1f4 folded on the River
Seat 2: Hero folded before Flop (didn't bet)
Seat 3: aca2f315 (button) folded before Flop (didn't bet)
Seat 4: 38aa922e (small blind) folded before Flop
Seat 5: e48ea1cb (big blind) won ($0.5)
Seat 6: 3fc75637 folded before Flop (didn't bet)


Poker Hand #HD1200317961: Hold'em No Limit  ($0.02/$0.05) - 2023/04/12 17:17:08
Table 'NLHBlue32' 6-max Seat #2 is the button
Seat 1: 2787a1f4 ($7.67 in chips)
Seat 2: Hero ($5.07 in chips)
Seat 3: aca2f315 ($5.02 in chips)
Seat 4: 38aa922e ($8.32 in chips)
Seat 6: 3fc75637 ($4.45 in chips)
aca2f315: posts small blind $0.02
38aa922e: posts big blind $0.05
*** HOLE CARDS ***
Dealt to 2787a1f4 
Dealt to Hero [4h Qd]
Dealt to aca2f315 
Dealt to 38aa922e 
Dealt to 3fc75637 
3fc75637: folds
2787a1f4: folds
Hero: folds
aca2f315: raises $0.08 to $0.13
38aa922e: calls $0.08
*** FLOP *** [2h 7d Js]
aca2f315: bets $0.13
38aa922e: calls $0.13
*** TURN *** [2h 7d Js] [Ad]
aca2f315: bets $0.26
38aa922e: calls $0.26
*** RIVER *** [2h 7d Js Ad] [Td]
aca2f315: checks
38aa922e: checks
aca2f315: shows [Jd Qs] (Pair of Jacks)
38aa922e: shows [Ah 6d] (Pair of Aces)
*** SHOWDOWN ***
38aa922e collected $0.99 from pot
*** SUMMARY ***
Total pot $1.04 | Rake $0.05 | Jackpot $0 | Bingo $0 | Fortune $0
Board [2h 7d Js Ad Td]
Seat 1: 2787a1f4 folded before Flop (didn't bet)
Seat 2: Hero (button) folded before Flop (didn't bet)
Seat 3: aca2f315 (small blind) showed [Jd Qs] and lost with Pair of Jacks
Seat 4: 38aa922e (big blind) showed [Ah 6d] and won ($0.99) with Pair of Aces
Seat 6: 3fc75637 folded before Flop (didn't bet)


Poker Hand #HD1200317945: Hold'em No Limit  ($0.02/$0.05) - 2023/04/12 17:17:01
Table 'NLHBlue32' 6-max Seat #1 is the button
Seat 1: 2787a1f4 ($7.67 in chips)
Seat 2: Hero ($5.09 in chips)
Seat 3: aca2f315 ($5 in chips)
Seat 4: 38aa922e ($8.32 in chips)
Seat 6: 3fc75637 ($4.45 in chips)
Hero: posts small blind $0.02
aca2f315: posts big blind $0.05
*** HOLE CARDS ***
Dealt to 2787a1f4 
Dealt to Hero [3s 9h]
Dealt to aca2f315 
Dealt to 38aa922e 
Dealt to 3fc75637 
38aa922e: folds
3fc75637: folds
2787a1f4: folds
Hero: folds
Uncalled bet ($0.03) returned to aca2f315
*** SHOWDOWN ***
aca2f315 collected $0.04 from pot
*** SUMMARY ***
Total pot $0.04 | Rake $0 | Jackpot $0 | Bingo $0 | Fortune $0
Seat 1: 2787a1f4 (button) folded before Flop (didn't bet)
Seat 2: Hero (small blind) folded before Flop
Seat 3: aca2f315 (big blind) collected ($0.04)
Seat 4: 38aa922e folded before Flop (didn't bet)
Seat 6: 3fc75637 folded before Flop (didn't bet)


Poker Hand #HD1200317931: Hold'em No Limit  ($0.02/$0.05) - 2023/04/12 17:16:54
Table 'NLHBlue32' 6-max Seat #6 is the button
Seat 1: 2787a1f4 ($7.69 in chips)
Seat 2: Hero ($5.07 in chips)
Seat 3: aca2f315 ($5 in chips)
Seat 4: 38aa922e ($8.32 in chips)
Seat 6: 3fc75637 ($4.45 in chips)
2787a1f4: posts small blind $0.02
Hero: posts big blind $0.05
*** HOLE CARDS ***
Dealt to 2787a1f4 
Dealt to Hero [3d 3h]
Dealt to aca2f315 
Dealt to 38aa922e 
Dealt to 3fc75637 
aca2f315: folds
38aa922e: folds
3fc75637: folds
2787a1f4: folds
Uncalled bet ($0.03) returned to Hero
*** SHOWDOWN ***
Hero collected $0.04 from pot
*** SUMMARY ***
Total pot $0.04 | Rake $0 | Jackpot $0 | Bingo $0 | Fortune $0
Seat 1: 2787a1f4 (small blind) folded before Flop
Seat 2: Hero (big blind) collected ($0.04)
Seat 3: aca2f315 folded before Flop (didn't bet)
Seat 4: 38aa922e folded before Flop (didn't bet)
Seat 6: 3fc75637 (button) folded before Flop (didn't bet)


Poker Hand #HD1200317905: Hold'em No Limit  ($0.02/$0.05) - 2023/04/12 17:16:42
Table 'NLHBlue32' 6-max Seat #4 is the button
Seat 1: 2787a1f4 ($7.74 in chips)
Seat 2: Hero ($5.07 in chips)
Seat 3: aca2f315 ($5 in chips)
Seat 4: 38aa922e ($8.25 in chips)
Seat 6: 3fc75637 ($4.47 in chips)
3fc75637: posts small blind $0.02
2787a1f4: posts big blind $0.05
*** HOLE CARDS ***
Dealt to 2787a1f4 
Dealt to Hero [2s 6h]
Dealt to aca2f315 
Dealt to 38aa922e 
Dealt to 3fc75637 
Hero: folds
aca2f315: folds
38aa922e: raises $0.05 to $0.1
3fc75637: folds
2787a1f4: folds
Uncalled bet ($0.05) returned to 38aa922e
*** SHOWDOWN ***
38aa922e collected $0.12 from pot
*** SUMMARY ***
Total pot $0.12 | Rake $0 | Jackpot $0 | Bingo $0 | Fortune $0
Seat 1: 2787a1f4 (big blind) folded before Flop
Seat 2: Hero folded before Flop (didn't bet)
Seat 3: aca2f315 folded before Flop (didn't bet)
Seat 4: 38aa922e (button) collected ($0.12)
Seat 6: 3fc75637 (small blind) folded before Flop


Poker Hand #HD1200317891: Hold'em No Limit  ($0.02/$0.05) - 2023/04/12 17:16:32
Table 'NLHBlue32' 6-max Seat #3 is the button
Seat 1: 2787a1f4 ($7.74 in chips)
Seat 2: Hero ($5.07 in chips)
Seat 3: aca2f315 ($5 in chips)
Seat 4: 38aa922e ($8.27 in chips)
Seat 6: 3fc75637 ($4.45 in chips)
38aa922e: posts small blind $0.02
3fc75637: posts big blind $0.05
*** HOLE CARDS ***
Dealt to 2787a1f4 
Dealt to Hero [Td 2h]
Dealt to aca2f315 
Dealt to 38aa922e 
Dealt to 3fc75637 
2787a1f4: folds
Hero: folds
aca2f315: folds
38aa922e: folds
Uncalled bet ($0.03) returned to 3fc75637
*** SHOWDOWN ***
3fc75637 collected $0.04 from pot
*** SUMMARY ***
Total pot $0.04 | Rake $0 | Jackpot $0 | Bingo $0 | Fortune $0
Seat 1: 2787a1f4 folded before Flop (didn't bet)
Seat 2: Hero folded before Flop (didn't bet)
Seat 3: aca2f315 (button) folded before Flop (didn't bet)
Seat 4: 38aa922e (small blind) folded before Flop
Seat 6: 3fc75637 (big blind) collected ($0.04)


Poker Hand #HD1200317830: Hold'em No Limit  ($0.02/$0.05) - 2023/04/12 17:15:58
Table 'NLHBlue32' 6-max Seat #2 is the button
Seat 1: 2787a1f4 ($7.63 in chips)
Seat 2: Hero ($5.07 in chips)
Seat 3: aca2f315 ($5.02 in chips)
Seat 4: 38aa922e ($8.37 in chips)
Seat 6: 3fc75637 ($4.45 in chips)
aca2f315: posts small blind $0.02
38aa922e: posts big blind $0.05
*** HOLE CARDS ***
Dealt to 2787a1f4 
Dealt to Hero [6c 7d]
Dealt to aca2f315 
Dealt to 38aa922e 
Dealt to 3fc75637 
3fc75637: folds
2787a1f4: raises $0.05 to $0.1
Hero: folds
aca2f315: folds
38aa922e: calls $0.05
*** FLOP *** [6s 9s 6h]
38aa922e: checks
2787a1f4: checks
*** TURN *** [6s 9s 6h] [Ah]
38aa922e: checks
2787a1f4: bets $0.17
38aa922e: folds
Uncalled bet ($0.17) returned to 2787a1f4
*** SHOWDOWN ***
2787a1f4 collected $0.21 from pot
*** SUMMARY ***
Total pot $0.22 | Rake $0.01 | Jackpot $0 | Bingo $0 | Fortune $0
Board [6s 9s 6h Ah]
Seat 1: 2787a1f4 won ($0.21)
Seat 2: Hero (button) folded before Flop (didn't bet)
Seat 3: aca2f315 (small blind) folded before Flop
Seat 4: 38aa922e (big blind) folded on the Turn
Seat 6: 3fc75637 folded before Flop (didn't bet)


Poker Hand #HD1200317813: Hold'em No Limit  ($0.02/$0.05) - 2023/04/12 17:15:49
Table 'NLHBlue32' 6-max Seat #1 is the button
Seat 1: 2787a1f4 ($7.63 in chips)
Seat 2: Hero ($5.09 in chips)
Seat 3: aca2f315 ($5 in chips)
Seat 4: 38aa922e ($8.37 in chips)
Seat 6: 3fc75637 ($4.45 in chips)
Hero: posts small blind $0.02
aca2f315: posts big blind $0.05
*** HOLE CARDS ***
Dealt to 2787a1f4 
Dealt to Hero [9d 5c]
Dealt to aca2f315 
Dealt to 38aa922e 
Dealt to 3fc75637 
38aa922e: folds
3fc75637: folds
2787a1f4: folds
Hero: folds
Uncalled bet ($0.03) returned to aca2f315
*** SHOWDOWN ***
aca2f315 collected $0.04 from pot
*** SUMMARY ***
Total pot $0.04 | Rake $0 | Jackpot $0 | Bingo $0 | Fortune $0
Seat 1: 2787a1f4 (button) folded before Flop (didn't bet)
Seat 2: Hero (small blind) folded before Flop
Seat 3: aca2f315 (big blind) collected ($0.04)
Seat 4: 38aa922e folded before Flop (didn't bet)
Seat 6: 3fc75637 folded before Flop (didn't bet)


Poker Hand #HD1200317798: Hold'em No Limit  ($0.02/$0.05) - 2023/04/12 17:15:41
Table 'NLHBlue32' 6-max Seat #6 is the button
Seat 1: 2787a1f4 ($7.65 in chips)
Seat 2: Hero ($5.07 in chips)
Seat 4: 38aa922e ($8.37 in chips)
Seat 6: 3fc75637 ($4.45 in chips)
2787a1f4: posts small blind $0.02
Hero: posts big blind $0.05
*** HOLE CARDS ***
Dealt to 2787a1f4 
Dealt to Hero [8s 3d]
Dealt to 38aa922e 
Dealt to 3fc75637 
38aa922e: folds
3fc75637: folds
2787a1f4: folds
Uncalled bet ($0.03) returned to Hero
*** SHOWDOWN ***
Hero collected $0.04 from pot
*** SUMMARY ***
Total pot $0.04 | Rake $0 | Jackpot $0 | Bingo $0 | Fortune $0
Seat 1: 2787a1f4 (small blind) folded before Flop
Seat 2: Hero (big blind) collected ($0.04)
Seat 4: 38aa922e folded before Flop (didn't bet)
Seat 6: 3fc75637 (button) folded before Flop (didn't bet)


Poker Hand #HD1200317697: Hold'em No Limit  ($0.02/$0.05) - 2023/04/12 17:14:41
Table 'NLHBlue32' 6-max Seat #4 is the button
Seat 1: 2787a1f4 ($6.94 in chips)
Seat 2: Hero ($5.89 in chips)
Seat 4: 38aa922e ($8.37 in chips)
Seat 6: 3fc75637 ($4.47 in chips)
3fc75637: posts small blind $0.02
2787a1f4: posts big blind $0.05
*** HOLE CARDS ***
Dealt to 2787a1f4 
Dealt to Hero [5s 5d]
Dealt to 38aa922e 
Dealt to 3fc75637 
Hero: raises $0.07 to $0.12
38aa922e: folds
3fc75637: folds
2787a1f4: calls $0.07
*** FLOP *** [4s 2h 5c]
2787a1f4: checks
Hero: bets $0.2
2787a1f4: calls $0.2
*** TURN *** [4s 2h 5c] [Ts]
2787a1f4: checks
Hero: bets $0.5
2787a1f4: calls $0.5
*** RIVER *** [4s 2h 5c Ts] [3c]
2787a1f4: checks
Hero: checks
2787a1f4: shows [6d Td] (Sixes-High Straight)
Hero: shows [5s 5d] (Three Fives)
*** SHOWDOWN ***
2787a1f4 collected $1.53 from pot
*** SUMMARY ***
Total pot $1.66 | Rake $0.08 | Jackpot $0.05 | Bingo $0 | Fortune $0
Board [4s 2h 5c Ts 3c]
Seat 1: 2787a1f4 (big blind) showed [6d Td] and won ($1.53) with Sixes-High Straight
Seat 2: Hero showed [5s 5d] and lost with Three Fives
Seat 4: 38aa922e (button) folded before Flop (didn't bet)
Seat 6: 3fc75637 (small blind) folded before Flop


Poker Hand #HD1200317557: Hold'em No Limit  ($0.02/$0.05) - 2023/04/12 17:13:19
Table 'NLHBlue32' 6-max Seat #2 is the button
Seat 1: 2787a1f4 ($7.58 in chips)
Seat 2: Hero ($5.24 in chips)
Seat 4: 38aa922e ($8.39 in chips)
Seat 6: 3fc75637 ($4.52 in chips)
38aa922e: posts small blind $0.02
3fc75637: posts big blind $0.05
*** HOLE CARDS ***
Dealt to 2787a1f4 
Dealt to Hero [6d 7d]
Dealt to 38aa922e 
Dealt to 3fc75637 
2787a1f4: raises $0.05 to $0.1
Hero: calls $0.1
38aa922e: folds
3fc75637: folds
*** FLOP *** [8h 6c Kh]
2787a1f4: checks
Hero: checks
*** TURN *** [8h 6c Kh] [7c]
2787a1f4: bets $0.21
Hero: raises $0.33 to $0.54
2787a1f4: calls $0.33
*** RIVER *** [8h 6c Kh 7c] [Js]
2787a1f4: checks
Hero: bets $0.68
2787a1f4: folds
Uncalled bet ($0.68) returned to Hero
Hero: shows [6d 7d] (Pair of Sevens and Pair of Sixes)
*** SHOWDOWN ***
Hero collected $1.29 from pot
*** SUMMARY ***
Total pot $1.35 | Rake $0.06 | Jackpot $0 | Bingo $0 | Fortune $0
Board [8h 6c Kh 7c Js]
Seat 1: 2787a1f4 folded on the River
Seat 2: Hero (button) showed [6d 7d] and won ($1.29) with Pair of Sevens and Pair of Sixes
Seat 4: 38aa922e (small blind) folded before Flop
Seat 6: 3fc75637 (big blind) folded before Flop


Poker Hand #HD1200317532: Hold'em No Limit  ($0.02/$0.05) - 2023/04/12 17:13:08
Table 'NLHBlue32' 6-max Seat #1 is the button
Seat 1: 2787a1f4 ($7.58 in chips)
Seat 2: Hero ($5.26 in chips)
Seat 4: 38aa922e ($8.37 in chips)
Seat 6: 3fc75637 ($4.52 in chips)
Hero: posts small blind $0.02
38aa922e: posts big blind $0.05
*** HOLE CARDS ***
Dealt to 2787a1f4 
Dealt to Hero [3d 8d]
Dealt to 38aa922e 
Dealt to 3fc75637 
3fc75637: folds
2787a1f4: folds
Hero: folds
Uncalled bet ($0.03) returned to 38aa922e
*** SHOWDOWN ***
38aa922e collected $0.04 from pot
*** SUMMARY ***
Total pot $0.04 | Rake $0 | Jackpot $0 | Bingo $0 | Fortune $0
Seat 1: 2787a1f4 (button) folded before Flop (didn't bet)
Seat 2: Hero (small blind) folded before Flop
Seat 4: 38aa922e (big blind) collected ($0.04)
Seat 6: 3fc75637 folded before Flop (didn't bet)


Poker Hand #HD1200317476: Hold'em No Limit  ($0.02/$0.05) - 2023/04/12 17:12:34
Table 'NLHBlue32' 6-max Seat #6 is the button
Seat 1: 2787a1f4 ($7.6 in chips)
Seat 2: Hero ($5.07 in chips)
Seat 4: 38aa922e ($8.55 in chips)
Seat 6: 3fc75637 ($4.52 in chips)
2787a1f4: posts small blind $0.02
Hero: posts big blind $0.05
*** HOLE CARDS ***
Dealt to 2787a1f4 
Dealt to Hero [8d 8c]
Dealt to 38aa922e 
Dealt to 3fc75637 
38aa922e: raises $0.05 to $0.1
3fc75637: folds
2787a1f4: folds
Hero: calls $0.05
*** FLOP *** [9c 3c 6s]
Hero: checks
38aa922e: bets $0.08
Hero: calls $0.08
*** TURN *** [9c 3c 6s] [Qs]
Hero: checks
38aa922e: checks
*** RIVER *** [9c 3c 6s Qs] [Qd]
Hero: bets $0.19
38aa922e: folds
Uncalled bet ($0.19) returned to Hero
*** SHOWDOWN ***
Hero collected $0.37 from pot
*** SUMMARY ***
Total pot $0.38 | Rake $0.01 | Jackpot $0 | Bingo $0 | Fortune $0
Board [9c 3c 6s Qs Qd]
Seat 1: 2787a1f4 (small blind) folded before Flop
Seat 2: Hero (big blind) won ($0.37)
Seat 4: 38aa922e folded on the River
Seat 6: 3fc75637 (button) folded before Flop (didn't bet)


Poker Hand #HD1200317448: Hold'em No Limit  ($0.02/$0.05) - 2023/04/12 17:12:21
Table 'NLHBlue32' 6-max Seat #4 is the button
Seat 1: 2787a1f4 ($7.65 in chips)
Seat 2: Hero ($5.07 in chips)
Seat 4: 38aa922e ($8.48 in chips)
Seat 6: 3fc75637 ($4.54 in chips)
3fc75637: posts small blind $0.02
2787a1f4: posts big blind $0.05
*** HOLE CARDS ***
Dealt to 2787a1f4 
Dealt to Hero [6c Ad]
Dealt to 38aa922e 
Dealt to 3fc75637 
Hero: folds
38aa922e: raises $0.05 to $0.1
3fc75637: folds
2787a1f4: folds
Uncalled bet ($0.05) returned to 38aa922e
*** SHOWDOWN ***
38aa922e collected $0.12 from pot
*** SUMMARY ***
Total pot $0.12 | Rake $0 | Jackpot $0 | Bingo $0 | Fortune $0
Seat 1: 2787a1f4 (big blind) folded before Flop
Seat 2: Hero folded before Flop (didn't bet)
Seat 4: 38aa922e (button) collected ($0.12)
Seat 6: 3fc75637 (small blind) folded before Flop


Poker Hand #HD1200317422: Hold'em No Limit  ($0.02/$0.05) - 2023/04/12 17:12:07
Table 'NLHBlue32' 6-max Seat #2 is the button
Seat 1: 2787a1f4 ($7.65 in chips)
Seat 2: Hero ($5 in chips)
Seat 4: 38aa922e ($8.5 in chips)
Seat 6: 3fc75637 ($4.59 in chips)
38aa922e: posts small blind $0.02
3fc75637: posts big blind $0.05
*** HOLE CARDS ***
Dealt to 2787a1f4 
Dealt to Hero [9h 8h]
Dealt to 38aa922e 
Dealt to 3fc75637 
2787a1f4: folds
Hero: raises $0.07 to $0.12
38aa922e: folds
3fc75637: folds
Uncalled bet ($0.07) returned to Hero
*** SHOWDOWN ***
Hero collected $0.12 from pot
*** SUMMARY ***
Total pot $0.12 | Rake $0 | Jackpot $0 | Bingo $0 | Fortune $0
Seat 1: 2787a1f4 folded before Flop (didn't bet)
Seat 2: Hero (button) collected ($0.12)
Seat 4: 38aa922e (small blind) folded before Flop
Seat 6: 3fc75637 (big blind) folded before Flop


Poker Hand #HD1200317376: Hold'em No Limit  ($0.02/$0.05) - 2023/04/12 17:11:46
Table 'NLHBlue32' 6-max Seat #1 is the button
Seat 1: 2787a1f4 ($7.65 in chips)
Seat 2: Hero ($5 in chips)
Seat 4: 38aa922e ($8.55 in chips)
Seat 6: 3fc75637 ($4.52 in chips)
Hero: posts small blind $0.02
38aa922e: posts big blind $0.05
*** HOLE CARDS ***
Dealt to 2787a1f4 
Dealt to Hero [5s Ks]
Dealt to 38aa922e 
Dealt to 3fc75637 
3fc75637: raises $0.1 to $0.15
2787a1f4: folds
Hero: folds
38aa922e: folds
Uncalled bet ($0.1) returned to 3fc75637
*** SHOWDOWN ***
3fc75637 collected $0.12 from pot
*** SUMMARY ***
Total pot $0.12 | Rake $0 | Jackpot $0 | Bingo $0 | Fortune $0
Seat 1: 2787a1f4 (button) folded before Flop (didn't bet)
Seat 2: Hero (small blind) folded before Flop
Seat 4: 38aa922e (big blind) folded before Flop
Seat 6: 3fc75637 collected ($0.12)


Poker Hand #HD1200317357: Hold'em No Limit  ($0.02/$0.05) - 2023/04/12 17:11:36
Table 'NLHBlue32' 6-max Seat #6 is the button
Seat 1: 2787a1f4 ($7.6 in chips)
Seat 2: Hero ($5 in chips)
Seat 4: 38aa922e ($8.55 in chips)
Seat 6: 3fc75637 ($4.52 in chips)
2787a1f4: posts small blind $0.02
Hero: posts big blind $0.05
*** HOLE CARDS ***
Dealt to 2787a1f4 
Dealt to Hero [9h 3s]
Dealt to 38aa922e 
Dealt to 3fc75637 
38aa922e: folds
3fc75637: folds
2787a1f4: raises $0.05 to $0.1
Hero: folds
Uncalled bet ($0.05) returned to 2787a1f4
*** SHOWDOWN ***
2787a1f4 collected $0.1 from pot
*** SUMMARY ***
Total pot $0.1 | Rake $0 | Jackpot $0 | Bingo $0 | Fortune $0
Seat 1: 2787a1f4 (small blind) collected ($0.1)
Seat 2: Hero (big blind) folded before Flop
Seat 4: 38aa922e folded before Flop (didn't bet)
Seat 6: 3fc75637 (button) folded before Flop (didn't bet)


Poker Hand #HD1200317347: Hold'em No Limit  ($0.02/$0.05) - 2023/04/12 17:11:28
Table 'NLHBlue32' 6-max Seat #4 is the button
Seat 1: 2787a1f4 ($7.58 in chips)
Seat 2: Hero ($5 in chips)
Seat 4: 38aa922e ($8.55 in chips)
Seat 6: 3fc75637 ($4.54 in chips)
3fc75637: posts small blind $0.02
2787a1f4: posts big blind $0.05
*** HOLE CARDS ***
Dealt to 2787a1f4 
Dealt to Hero [3h Ts]
Dealt to 38aa922e 
Dealt to 3fc75637 
Hero: folds
38aa922e: folds
3fc75637: folds
Uncalled bet ($0.03) returned to 2787a1f4
*** SHOWDOWN ***
2787a1f4 collected $0.04 from pot
*** SUMMARY ***
Total pot $0.04 | Rake $0 | Jackpot $0 | Bingo $0 | Fortune $0
Seat 1: 2787a1f4 (big blind) collected ($0.04)
Seat 2: Hero folded before Flop (didn't bet)
Seat 4: 38aa922e (button) folded before Flop (didn't bet)
Seat 6: 3fc75637 (small blind) folded before Flop


Poker Hand #HD1200317284: Hold'em No Limit  ($0.02/$0.05) - 2023/04/12 17:10:57
Table 'NLHBlue32' 6-max Seat #2 is the button
Seat 1: 2787a1f4 ($7.36 in chips)
Seat 2: Hero ($5 in chips)
Seat 4: 38aa922e ($8.74 in chips)
Seat 6: 3fc75637 ($4.59 in chips)
38aa922e: posts small blind $0.02
3fc75637: posts big blind $0.05
*** HOLE CARDS ***
Dealt to 2787a1f4 
Dealt to Hero [5c 9s]
Dealt to 38aa922e 
Dealt to 3fc75637 
2787a1f4: raises $0.05 to $0.1
Hero: folds
38aa922e: calls $0.08
3fc75637: folds
*** FLOP *** [Kh 7c 4h]
38aa922e: checks
2787a1f4: bets $0.09
38aa922e: calls $0.09
*** TURN *** [Kh 7c 4h] [2h]
38aa922e: checks
2787a1f4: bets $0.22
38aa922e: folds
Uncalled bet ($0.22) returned to 2787a1f4
*** SHOWDOWN ***
2787a1f4 collected $0.41 from pot
*** SUMMARY ***
Total pot $0.43 | Rake $0.02 | Jackpot $0 | Bingo $0 | Fortune $0
Board [Kh 7c 4h 2h]
Seat 1: 2787a1f4 won ($0.41)
Seat 2: Hero (button) folded before Flop (didn't bet)
Seat 4: 38aa922e (small blind) folded on the Turn
Seat 6: 3fc75637 (big blind) folded before Flop


Poker Hand #HD1200317269: Hold'em No Limit  ($0.02/$0.05) - 2023/04/12 17:10:46
Table 'NLHBlue32' 6-max Seat #1 is the button
Seat 1: 2787a1f4 ($7.36 in chips)
Seat 2: Hero ($5 in chips)
Seat 4: 38aa922e ($8.72 in chips)
Seat 6: 3fc75637 ($4.59 in chips)
Hero: posts small blind $0.02
38aa922e: posts big blind $0.05
*** HOLE CARDS ***
Dealt to 2787a1f4 
Dealt to Hero [8h 5d]
Dealt to 38aa922e 
Dealt to 3fc75637 
3fc75637: folds
2787a1f4: folds
Hero: folds
Uncalled bet ($0.03) returned to 38aa922e
*** SHOWDOWN ***
38aa922e collected $0.04 from pot
*** SUMMARY ***
Total pot $0.04 | Rake $0 | Jackpot $0 | Bingo $0 | Fortune $0
Seat 1: 2787a1f4 (button) folded before Flop (didn't bet)
Seat 2: Hero (small blind) folded before Flop
Seat 4: 38aa922e (big blind) collected ($0.04)
Seat 6: 3fc75637 folded before Flop (didn't bet)


Poker Hand #HD1200317250: Hold'em No Limit  ($0.02/$0.05) - 2023/04/12 17:10:35
Table 'NLHBlue32' 6-max Seat #6 is the button
Seat 1: 2787a1f4 ($7.38 in chips)
Seat 2: Hero ($5 in chips)
Seat 4: 38aa922e ($8.65 in chips)
Seat 6: 3fc75637 ($4.59 in chips)
2787a1f4: posts small blind $0.02
Hero: posts big blind $0.05
*** HOLE CARDS ***
Dealt to 2787a1f4 
Dealt to Hero [4d 8h]
Dealt to 38aa922e 
Dealt to 3fc75637 
38aa922e: raises $0.05 to $0.1
3fc75637: folds
2787a1f4: folds
Hero: folds
Uncalled bet ($0.05) returned to 38aa922e
*** SHOWDOWN ***
38aa922e collected $0.12 from pot
*** SUMMARY ***
Total pot $0.12 | Rake $0 | Jackpot $0 | Bingo $0 | Fortune $0
Seat 1: 2787a1f4 (small blind) folded before Flop
Seat 2: Hero (big blind) folded before Flop
Seat 4: 38aa922e collected ($0.12)
Seat 6: 3fc75637 (button) folded before Flop (didn't bet)


Poker Hand #HD1200317217: Hold'em No Limit  ($0.02/$0.05) - 2023/04/12 17:10:16
Table 'NLHBlue32' 6-max Seat #4 is the button
Seat 1: 2787a1f4 ($7.43 in chips)
Seat 2: Hero ($5 in chips)
Seat 4: 38aa922e ($8.58 in chips)
Seat 6: 3fc75637 ($4.61 in chips)
3fc75637: posts small blind $0.02
2787a1f4: posts big blind $0.05
*** HOLE CARDS ***
Dealt to 2787a1f4 
Dealt to Hero [3h Ks]
Dealt to 38aa922e 
Dealt to 3fc75637 
Hero: folds
38aa922e: raises $0.05 to $0.1
3fc75637: folds
2787a1f4: folds
Uncalled bet ($0.05) returned to 38aa922e
*** SHOWDOWN ***
38aa922e collected $0.12 from pot
*** SUMMARY ***
Total pot $0.12 | Rake $0 | Jackpot $0 | Bingo $0 | Fortune $0
Seat 1: 2787a1f4 (big blind) folded before Flop
Seat 2: Hero folded before Flop (didn't bet)
Seat 4: 38aa922e (button) collected ($0.12)
Seat 6: 3fc75637 (small blind) folded before Flop


Poker Hand #HD1200317187: Hold'em No Limit  ($0.02/$0.05) - 2023/04/12 17:10:06
Table 'NLHBlue32' 6-max Seat #2 is the button
Seat 1: 2787a1f4 ($7.43 in chips)
Seat 2: Hero ($5 in chips)
Seat 4: 38aa922e ($8.6 in chips)
Seat 6: 3fc75637 ($4.59 in chips)
38aa922e: posts small blind $0.02
3fc75637: posts big blind $0.05
*** HOLE CARDS ***
Dealt to 2787a1f4 
Dealt to Hero [Td 7c]
Dealt to 38aa922e 
Dealt to 3fc75637 
2787a1f4: folds
Hero: folds
38aa922e: folds
Uncalled bet ($0.03) returned to 3fc75637
*** SHOWDOWN ***
3fc75637 collected $0.04 from pot
*** SUMMARY ***
Total pot $0.04 | Rake $0 | Jackpot $0 | Bingo $0 | Fortune $0
Seat 1: 2787a1f4 folded before Flop (didn't bet)
Seat 2: Hero (button) folded before Flop (didn't bet)
Seat 4: 38aa922e (small blind) folded before Flop
Seat 6: 3fc75637 (big blind) collected ($0.04)


Poker Hand #HD1200317135: Hold'em No Limit  ($0.02/$0.05) - 2023/04/12 17:09:30
Table 'NLHBlue32' 6-max Seat #1 is the button
Seat 1: 2787a1f4 ($7.43 in chips)
Seat 2: Hero ($5.02 in chips)
Seat 4: 38aa922e ($8.75 in chips)
Seat 6: 3fc75637 ($4.43 in chips)
Hero: posts small blind $0.02
38aa922e: posts big blind $0.05
*** HOLE CARDS ***
Dealt to 2787a1f4 
Dealt to Hero [5h 9h]
Dealt to 38aa922e 
Dealt to 3fc75637 
3fc75637: raises $0.1 to $0.15
2787a1f4: folds
Hero: folds
38aa922e: calls $0.1
*** FLOP *** [8d 5s 6d]
38aa922e: checks
3fc75637: checks
*** TURN *** [8d 5s 6d] [Kd]
38aa922e: checks
3fc75637: bets $0.11
38aa922e: folds
Uncalled bet ($0.11) returned to 3fc75637
*** SHOWDOWN ***
3fc75637 collected $0.31 from pot
*** SUMMARY ***
Total pot $0.32 | Rake $0.01 | Jackpot $0 | Bingo $0 | Fortune $0
Board [8d 5s 6d Kd]
Seat 1: 2787a1f4 (button) folded before Flop (didn't bet)
Seat 2: Hero (small blind) folded before Flop
Seat 4: 38aa922e (big blind) folded on the Turn
Seat 6: 3fc75637 won ($0.31)


Poker Hand #HD1200317116: Hold'em No Limit  ($0.02/$0.05) - 2023/04/12 17:09:21
Table 'NLHBlue32' 6-max Seat #6 is the button
Seat 1: 2787a1f4 ($7.45 in chips)
Seat 2: Hero ($5 in chips)
Seat 4: 38aa922e ($8.75 in chips)
Seat 6: 3fc75637 ($4.43 in chips)
2787a1f4: posts small blind $0.02
Hero: posts big blind $0.05
*** HOLE CARDS ***
Dealt to 2787a1f4 
Dealt to Hero [Ks 2d]
Dealt to 38aa922e 
Dealt to 3fc75637 
38aa922e: folds
3fc75637: folds
2787a1f4: folds
Uncalled bet ($0.03) returned to Hero
*** SHOWDOWN ***
Hero collected $0.04 from pot
*** SUMMARY ***
Total pot $0.04 | Rake $0 | Jackpot $0 | Bingo $0 | Fortune $0
Seat 1: 2787a1f4 (small blind) folded before Flop
Seat 2: Hero (big blind) collected ($0.04)
Seat 4: 38aa922e folded before Flop (didn't bet)
Seat 6: 3fc75637 (button) folded before Flop (didn't bet)


