Poker Hand #HD1208576329: Hold'em No Limit  ($0.02/$0.05) - 2023/04/18 23:00:42
Table 'NLHBlue50' 6-max Seat #6 is the button
Seat 1: 3cb11990 ($5 in chips)
Seat 2: e4f5fc0a ($6.78 in chips)
Seat 3: Hero ($6.6 in chips)
Seat 4: 8644d94e ($5 in chips)
Seat 5: a317e604 ($2.1 in chips)
Seat 6: 1a66f2b4 ($5.07 in chips)
3cb11990: posts small blind $0.02
e4f5fc0a: posts big blind $0.05
*** HOLE CARDS ***
Dealt to 3cb11990 
Dealt to e4f5fc0a 
Dealt to Hero [Jc 8c]
Dealt to 8644d94e 
Dealt to a317e604 
Dealt to 1a66f2b4 
Hero: folds
8644d94e: folds
a317e604: folds
1a66f2b4: folds
3cb11990: folds
Uncalled bet ($0.03) returned to e4f5fc0a
*** SHOWDOWN ***
e4f5fc0a collected $0.04 from pot
*** SUMMARY ***
Total pot $0.04 | Rake $0 | Jackpot $0 | Bingo $0 | Fortune $0
Seat 1: 3cb11990 (small blind) folded before Flop
Seat 2: e4f5fc0a (big blind) collected ($0.04)
Seat 3: Hero folded before Flop (didn't bet)
Seat 4: 8644d94e folded before Flop (didn't bet)
Seat 5: a317e604 folded before Flop (didn't bet)
Seat 6: 1a66f2b4 (button) folded before Flop (didn't bet)


Poker Hand #HD1208576267: Hold'em No Limit  ($0.02/$0.05) - 2023/04/18 23:00:02
Table 'NLHBlue50' 6-max Seat #5 is the button
Seat 1: 3cb11990 ($5 in chips)
Seat 2: e4f5fc0a ($7.16 in chips)
Seat 3: Hero ($6.19 in chips)
Seat 4: 8644d94e ($5 in chips)
Seat 5: a317e604 ($2.1 in chips)
Seat 6: 1a66f2b4 ($5.09 in chips)
1a66f2b4: posts small blind $0.02
3cb11990: posts big blind $0.05
*** HOLE CARDS ***
Dealt to 3cb11990 
Dealt to e4f5fc0a 
Dealt to Hero [Qd Qs]
Dealt to 8644d94e 
Dealt to a317e604 
Dealt to 1a66f2b4 
e4f5fc0a: raises $0.08 to $0.13
Hero: raises $0.25 to $0.38
8644d94e: folds
a317e604: folds
1a66f2b4: folds
3cb11990: folds
e4f5fc0a: calls $0.25
*** FLOP *** [Td 9s Th]
e4f5fc0a: checks
Hero: bets $0.3
e4f5fc0a: folds
Uncalled bet ($0.3) returned to Hero
*** SHOWDOWN ***
Hero collected $0.79 from pot
*** SUMMARY ***
Total pot $0.83 | Rake $0.04 | Jackpot $0 | Bingo $0 | Fortune $0
Board [Td 9s Th]
Seat 1: 3cb11990 (big blind) folded before Flop
Seat 2: e4f5fc0a folded on the Flop
Seat 3: Hero won ($0.79)
Seat 4: 8644d94e folded before Flop (didn't bet)
Seat 5: a317e604 (button) folded before Flop (didn't bet)
Seat 6: 1a66f2b4 (small blind) folded before Flop


Poker Hand #HD1208576213: Hold'em No Limit  ($0.02/$0.05) - 2023/04/18 22:59:29
Table 'NLHBlue50' 6-max Seat #4 is the button
Seat 2: e4f5fc0a ($7.16 in chips)
Seat 3: Hero ($6.19 in chips)
Seat 4: 8644d94e ($5 in chips)
Seat 5: a317e604 ($1.91 in chips)
Seat 6: 1a66f2b4 ($5.14 in chips)
a317e604: posts small blind $0.02
1a66f2b4: posts big blind $0.05
*** HOLE CARDS ***
Dealt to e4f5fc0a 
Dealt to Hero [4h 5d]
Dealt to 8644d94e 
Dealt to a317e604 
Dealt to 1a66f2b4 
e4f5fc0a: folds
Hero: folds
8644d94e: raises $0.1 to $0.15
a317e604: calls $0.13
1a66f2b4: folds
*** FLOP *** [4c 5s Kh]
a317e604: bets $0.18
8644d94e: folds
Uncalled bet ($0.18) returned to a317e604
*** SHOWDOWN ***
a317e604 collected $0.34 from pot
*** SUMMARY ***
Total pot $0.35 | Rake $0.01 | Jackpot $0 | Bingo $0 | Fortune $0
Board [4c 5s Kh]
Seat 2: e4f5fc0a folded before Flop (didn't bet)
Seat 3: Hero folded before Flop (didn't bet)
Seat 4: 8644d94e (button) folded on the Flop
Seat 5: a317e604 (small blind) won ($0.34)
Seat 6: 1a66f2b4 (big blind) folded before Flop


Poker Hand #HD1208576192: Hold'em No Limit  ($0.02/$0.05) - 2023/04/18 22:59:18
Table 'NLHBlue50' 6-max Seat #3 is the button
Seat 1: 84026717 ($4.81 in chips)
Seat 2: e4f5fc0a ($7.16 in chips)
Seat 3: Hero ($6.19 in chips)
Seat 4: 8644d94e ($5.02 in chips)
Seat 5: a317e604 ($1.89 in chips)
Seat 6: 1a66f2b4 ($5.14 in chips)
8644d94e: posts small blind $0.02
a317e604: posts big blind $0.05
*** HOLE CARDS ***
Dealt to 84026717 
Dealt to e4f5fc0a 
Dealt to Hero [4c 8s]
Dealt to 8644d94e 
Dealt to a317e604 
Dealt to 1a66f2b4 
1a66f2b4: folds
84026717: folds
e4f5fc0a: folds
Hero: folds
8644d94e: folds
Uncalled bet ($0.03) returned to a317e604
*** SHOWDOWN ***
a317e604 collected $0.04 from pot
*** SUMMARY ***
Total pot $0.04 | Rake $0 | Jackpot $0 | Bingo $0 | Fortune $0
Seat 1: 84026717 folded before Flop (didn't bet)
Seat 2: e4f5fc0a folded before Flop (didn't bet)
Seat 3: Hero (button) folded before Flop (didn't bet)
Seat 4: 8644d94e (small blind) folded before Flop
Seat 5: a317e604 (big blind) collected ($0.04)
Seat 6: 1a66f2b4 folded before Flop (didn't bet)


Poker Hand #HD1208576143: Hold'em No Limit  ($0.02/$0.05) - 2023/04/18 22:58:51
Table 'NLHBlue50' 6-max Seat #2 is the button
Seat 1: 84026717 ($4.81 in chips)
Seat 2: e4f5fc0a ($7.16 in chips)
Seat 3: Hero ($6.21 in chips)
Seat 4: 8644d94e ($5.07 in chips)
Seat 5: a317e604 ($1.89 in chips)
Seat 6: 1a66f2b4 ($5.07 in chips)
Hero: posts small blind $0.02
8644d94e: posts big blind $0.05
*** HOLE CARDS ***
Dealt to 84026717 
Dealt to e4f5fc0a 
Dealt to Hero [8c Ah]
Dealt to 8644d94e 
Dealt to a317e604 
Dealt to 1a66f2b4 
a317e604: folds
1a66f2b4: raises $0.1 to $0.15
84026717: folds
e4f5fc0a: folds
Hero: folds
8644d94e: folds
Uncalled bet ($0.1) returned to 1a66f2b4
*** SHOWDOWN ***
1a66f2b4 collected $0.12 from pot
*** SUMMARY ***
Total pot $0.12 | Rake $0 | Jackpot $0 | Bingo $0 | Fortune $0
Seat 1: 84026717 folded before Flop (didn't bet)
Seat 2: e4f5fc0a (button) folded before Flop (didn't bet)
Seat 3: Hero (small blind) folded before Flop
Seat 4: 8644d94e (big blind) folded before Flop
Seat 5: a317e604 folded before Flop (didn't bet)
Seat 6: 1a66f2b4 collected ($0.12)


Poker Hand #HD1208576108: Hold'em No Limit  ($0.02/$0.05) - 2023/04/18 22:58:36
Table 'NLHBlue50' 6-max Seat #1 is the button
Seat 1: 84026717 ($4.81 in chips)
Seat 2: e4f5fc0a ($7.18 in chips)
Seat 3: Hero ($6.26 in chips)
Seat 4: 8644d94e ($5 in chips)
Seat 5: a317e604 ($1.89 in chips)
Seat 6: 1a66f2b4 ($5.07 in chips)
e4f5fc0a: posts small blind $0.02
Hero: posts big blind $0.05
*** HOLE CARDS ***
Dealt to 84026717 
Dealt to e4f5fc0a 
Dealt to Hero [4c Qh]
Dealt to 8644d94e 
Dealt to a317e604 
Dealt to 1a66f2b4 
8644d94e: raises $0.05 to $0.1
a317e604: folds
1a66f2b4: folds
84026717: folds
e4f5fc0a: folds
Hero: folds
Uncalled bet ($0.05) returned to 8644d94e
*** SHOWDOWN ***
8644d94e collected $0.12 from pot
*** SUMMARY ***
Total pot $0.12 | Rake $0 | Jackpot $0 | Bingo $0 | Fortune $0
Seat 1: 84026717 (button) folded before Flop (didn't bet)
Seat 2: e4f5fc0a (small blind) folded before Flop
Seat 3: Hero (big blind) folded before Flop
Seat 4: 8644d94e collected ($0.12)
Seat 5: a317e604 folded before Flop (didn't bet)
Seat 6: 1a66f2b4 folded before Flop (didn't bet)


Poker Hand #HD1208576086: Hold'em No Limit  ($0.02/$0.05) - 2023/04/18 22:58:21
Table 'NLHBlue50' 6-max Seat #6 is the button
Seat 1: 84026717 ($4.83 in chips)
Seat 2: e4f5fc0a ($7.16 in chips)
Seat 3: Hero ($6.26 in chips)
Seat 4: 8644d94e ($5 in chips)
Seat 5: a317e604 ($1.89 in chips)
Seat 6: 1a66f2b4 ($5.07 in chips)
84026717: posts small blind $0.02
e4f5fc0a: posts big blind $0.05
*** HOLE CARDS ***
Dealt to 84026717 
Dealt to e4f5fc0a 
Dealt to Hero [5h 7s]
Dealt to 8644d94e 
Dealt to a317e604 
Dealt to 1a66f2b4 
Hero: folds
8644d94e: folds
a317e604: folds
1a66f2b4: folds
84026717: folds
Uncalled bet ($0.03) returned to e4f5fc0a
*** SHOWDOWN ***
e4f5fc0a collected $0.04 from pot
*** SUMMARY ***
Total pot $0.04 | Rake $0 | Jackpot $0 | Bingo $0 | Fortune $0
Seat 1: 84026717 (small blind) folded before Flop
Seat 2: e4f5fc0a (big blind) collected ($0.04)
Seat 3: Hero folded before Flop (didn't bet)
Seat 4: 8644d94e folded before Flop (didn't bet)
Seat 5: a317e604 folded before Flop (didn't bet)
Seat 6: 1a66f2b4 (button) folded before Flop (didn't bet)


Poker Hand #HD1208576051: Hold'em No Limit  ($0.02/$0.05) - 2023/04/18 22:58:03
Table 'NLHBlue50' 6-max Seat #5 is the button
Seat 1: 84026717 ($4.88 in chips)
Seat 2: e4f5fc0a ($7.16 in chips)
Seat 3: Hero ($6.19 in chips)
Seat 4: 8644d94e ($5 in chips)
Seat 5: a317e604 ($1.89 in chips)
Seat 6: 1a66f2b4 ($5.09 in chips)
1a66f2b4: posts small blind $0.02
84026717: posts big blind $0.05
*** HOLE CARDS ***
Dealt to 84026717 
Dealt to e4f5fc0a 
Dealt to Hero [As 9s]
Dealt to 8644d94e 
Dealt to a317e604 
Dealt to 1a66f2b4 
e4f5fc0a: folds
Hero: raises $0.07 to $0.12
8644d94e: folds
a317e604: folds
1a66f2b4: folds
84026717: folds
Uncalled bet ($0.07) returned to Hero
*** SHOWDOWN ***
Hero collected $0.12 from pot
*** SUMMARY ***
Total pot $0.12 | Rake $0 | Jackpot $0 | Bingo $0 | Fortune $0
Seat 1: 84026717 (big blind) folded before Flop
Seat 2: e4f5fc0a folded before Flop (didn't bet)
Seat 3: Hero collected ($0.12)
Seat 4: 8644d94e folded before Flop (didn't bet)
Seat 5: a317e604 (button) folded before Flop (didn't bet)
Seat 6: 1a66f2b4 (small blind) folded before Flop


Poker Hand #HD1208576021: Hold'em No Limit  ($0.02/$0.05) - 2023/04/18 22:57:46
Table 'NLHBlue50' 6-max Seat #4 is the button
Seat 1: 84026717 ($4.88 in chips)
Seat 2: e4f5fc0a ($7.09 in chips)
Seat 3: Hero ($6.19 in chips)
Seat 4: 8644d94e ($5 in chips)
Seat 5: a317e604 ($1.91 in chips)
Seat 6: 1a66f2b4 ($5.14 in chips)
a317e604: posts small blind $0.02
1a66f2b4: posts big blind $0.05
*** HOLE CARDS ***
Dealt to 84026717 
Dealt to e4f5fc0a 
Dealt to Hero [3c 5h]
Dealt to 8644d94e 
Dealt to a317e604 
Dealt to 1a66f2b4 
84026717: folds
e4f5fc0a: raises $0.08 to $0.13
Hero: folds
8644d94e: folds
a317e604: folds
1a66f2b4: folds
Uncalled bet ($0.08) returned to e4f5fc0a
*** SHOWDOWN ***
e4f5fc0a collected $0.12 from pot
*** SUMMARY ***
Total pot $0.12 | Rake $0 | Jackpot $0 | Bingo $0 | Fortune $0
Seat 1: 84026717 folded before Flop (didn't bet)
Seat 2: e4f5fc0a collected ($0.12)
Seat 3: Hero folded before Flop (didn't bet)
Seat 4: 8644d94e (button) folded before Flop (didn't bet)
Seat 5: a317e604 (small blind) folded before Flop
Seat 6: 1a66f2b4 (big blind) folded before Flop


Poker Hand #HD1208575996: Hold'em No Limit  ($0.02/$0.05) - 2023/04/18 22:57:33
Table 'NLHBlue50' 6-max Seat #3 is the button
Seat 1: 84026717 ($4.88 in chips)
Seat 2: e4f5fc0a ($7.09 in chips)
Seat 3: Hero ($6.19 in chips)
Seat 4: 8644d94e ($5.02 in chips)
Seat 5: a317e604 ($1.96 in chips)
Seat 6: 1a66f2b4 ($5.07 in chips)
8644d94e: posts small blind $0.02
a317e604: posts big blind $0.05
*** HOLE CARDS ***
Dealt to 84026717 
Dealt to e4f5fc0a 
Dealt to Hero [6d 3d]
Dealt to 8644d94e 
Dealt to a317e604 
Dealt to 1a66f2b4 
1a66f2b4: raises $0.1 to $0.15
84026717: folds
e4f5fc0a: folds
Hero: folds
8644d94e: folds
a317e604: folds
Uncalled bet ($0.1) returned to 1a66f2b4
*** SHOWDOWN ***
1a66f2b4 collected $0.12 from pot
*** SUMMARY ***
Total pot $0.12 | Rake $0 | Jackpot $0 | Bingo $0 | Fortune $0
Seat 1: 84026717 folded before Flop (didn't bet)
Seat 2: e4f5fc0a folded before Flop (didn't bet)
Seat 3: Hero (button) folded before Flop (didn't bet)
Seat 4: 8644d94e (small blind) folded before Flop
Seat 5: a317e604 (big blind) folded before Flop
Seat 6: 1a66f2b4 collected ($0.12)


Poker Hand #HD1208575983: Hold'em No Limit  ($0.02/$0.05) - 2023/04/18 22:57:23
Table 'NLHBlue50' 6-max Seat #2 is the button
Seat 1: 84026717 ($4.88 in chips)
Seat 2: e4f5fc0a ($7.09 in chips)
Seat 3: Hero ($6.21 in chips)
Seat 4: 8644d94e ($5 in chips)
Seat 5: a317e604 ($1.96 in chips)
Seat 6: 1a66f2b4 ($5.07 in chips)
Hero: posts small blind $0.02
8644d94e: posts big blind $0.05
*** HOLE CARDS ***
Dealt to 84026717 
Dealt to e4f5fc0a 
Dealt to Hero [5c 8s]
Dealt to 8644d94e 
Dealt to a317e604 
Dealt to 1a66f2b4 
a317e604: folds
1a66f2b4: folds
84026717: folds
e4f5fc0a: folds
Hero: folds
Uncalled bet ($0.03) returned to 8644d94e
*** SHOWDOWN ***
8644d94e collected $0.04 from pot
*** SUMMARY ***
Total pot $0.04 | Rake $0 | Jackpot $0 | Bingo $0 | Fortune $0
Seat 1: 84026717 folded before Flop (didn't bet)
Seat 2: e4f5fc0a (button) folded before Flop (didn't bet)
Seat 3: Hero (small blind) folded before Flop
Seat 4: 8644d94e (big blind) collected ($0.04)
Seat 5: a317e604 folded before Flop (didn't bet)
Seat 6: 1a66f2b4 folded before Flop (didn't bet)


Poker Hand #HD1208575958: Hold'em No Limit  ($0.02/$0.05) - 2023/04/18 22:57:08
Table 'NLHBlue50' 6-max Seat #1 is the button
Seat 1: 84026717 ($4.88 in chips)
Seat 2: e4f5fc0a ($7.11 in chips)
Seat 3: Hero ($6.26 in chips)
Seat 4: 8644d94e ($5 in chips)
Seat 5: a317e604 ($1.96 in chips)
Seat 6: 1a66f2b4 ($5 in chips)
e4f5fc0a: posts small blind $0.02
Hero: posts big blind $0.05
*** HOLE CARDS ***
Dealt to 84026717 
Dealt to e4f5fc0a 
Dealt to Hero [9c 2h]
Dealt to 8644d94e 
Dealt to a317e604 
Dealt to 1a66f2b4 
8644d94e: folds
a317e604: folds
1a66f2b4: raises $0.1 to $0.15
84026717: folds
e4f5fc0a: folds
Hero: folds
Uncalled bet ($0.1) returned to 1a66f2b4
*** SHOWDOWN ***
1a66f2b4 collected $0.12 from pot
*** SUMMARY ***
Total pot $0.12 | Rake $0 | Jackpot $0 | Bingo $0 | Fortune $0
Seat 1: 84026717 (button) folded before Flop (didn't bet)
Seat 2: e4f5fc0a (small blind) folded before Flop
Seat 3: Hero (big blind) folded before Flop
Seat 4: 8644d94e folded before Flop (didn't bet)
Seat 5: a317e604 folded before Flop (didn't bet)
Seat 6: 1a66f2b4 collected ($0.12)


Poker Hand #HD1208575937: Hold'em No Limit  ($0.02/$0.05) - 2023/04/18 22:56:58
Table 'NLHBlue50' 6-max Seat #6 is the button
Seat 1: 84026717 ($4.83 in chips)
Seat 2: e4f5fc0a ($7.16 in chips)
Seat 3: Hero ($6.26 in chips)
Seat 4: 8644d94e ($5 in chips)
Seat 5: a317e604 ($1.96 in chips)
Seat 6: 1a66f2b4 ($5 in chips)
84026717: posts small blind $0.02
e4f5fc0a: posts big blind $0.05
*** HOLE CARDS ***
Dealt to 84026717 
Dealt to e4f5fc0a 
Dealt to Hero [4c Jd]
Dealt to 8644d94e 
Dealt to a317e604 
Dealt to 1a66f2b4 
Hero: folds
8644d94e: folds
a317e604: folds
1a66f2b4: folds
84026717: raises $0.1 to $0.15
e4f5fc0a: folds
Uncalled bet ($0.1) returned to 84026717
*** SHOWDOWN ***
84026717 collected $0.1 from pot
*** SUMMARY ***
Total pot $0.1 | Rake $0 | Jackpot $0 | Bingo $0 | Fortune $0
Seat 1: 84026717 (small blind) collected ($0.1)
Seat 2: e4f5fc0a (big blind) folded before Flop
Seat 3: Hero folded before Flop (didn't bet)
Seat 4: 8644d94e folded before Flop (didn't bet)
Seat 5: a317e604 folded before Flop (didn't bet)
Seat 6: 1a66f2b4 (button) folded before Flop (didn't bet)


Poker Hand #HD1208575875: Hold'em No Limit  ($0.02/$0.05) - 2023/04/18 22:56:20
Table 'NLHBlue50' 6-max Seat #5 is the button
Seat 1: 84026717 ($5 in chips)
Seat 2: e4f5fc0a ($7.16 in chips)
Seat 3: Hero ($6.26 in chips)
Seat 4: 8644d94e ($5 in chips)
Seat 5: a317e604 ($1.78 in chips)
Seat 6: 1a66f2b4 ($5 in chips)
1a66f2b4: posts small blind $0.02
84026717: posts big blind $0.05
*** HOLE CARDS ***
Dealt to 84026717 
Dealt to e4f5fc0a 
Dealt to Hero [Jd 5h]
Dealt to 8644d94e 
Dealt to a317e604 
Dealt to 1a66f2b4 
e4f5fc0a: folds
Hero: folds
8644d94e: folds
a317e604: raises $0.12 to $0.17
1a66f2b4: folds
84026717: calls $0.12
*** FLOP *** [6h 4s Ks]
84026717: checks
a317e604: checks
*** TURN *** [6h 4s Ks] [Kh]
84026717: checks
a317e604: checks
*** RIVER *** [6h 4s Ks Kh] [8d]
84026717: checks
a317e604: checks
84026717: shows [Qd 9d] (Pair of Kings)
a317e604: shows [7h 7c] (Pair of Kings and Pair of Sevens)
*** SHOWDOWN ***
a317e604 collected $0.35 from pot
*** SUMMARY ***
Total pot $0.36 | Rake $0.01 | Jackpot $0 | Bingo $0 | Fortune $0
Board [6h 4s Ks Kh 8d]
Seat 1: 84026717 (big blind) showed [Qd 9d] and lost with Pair of Kings
Seat 2: e4f5fc0a folded before Flop (didn't bet)
Seat 3: Hero folded before Flop (didn't bet)
Seat 4: 8644d94e folded before Flop (didn't bet)
Seat 5: a317e604 (button) showed [7h 7c] and won ($0.35) with Pair of Kings and Pair of Sevens
Seat 6: 1a66f2b4 (small blind) folded before Flop


Poker Hand #HD1208575851: Hold'em No Limit  ($0.02/$0.05) - 2023/04/18 22:56:05
Table 'NLHBlue50' 6-max Seat #4 is the button
Seat 2: e4f5fc0a ($7.09 in chips)
Seat 3: Hero ($6.26 in chips)
Seat 4: 8644d94e ($5 in chips)
Seat 5: a317e604 ($1.8 in chips)
Seat 6: 1a66f2b4 ($5 in chips)
a317e604: posts small blind $0.02
1a66f2b4: posts big blind $0.05
*** HOLE CARDS ***
Dealt to e4f5fc0a 
Dealt to Hero [9s 7d]
Dealt to 8644d94e 
Dealt to a317e604 
Dealt to 1a66f2b4 
e4f5fc0a: raises $0.08 to $0.13
Hero: folds
8644d94e: folds
a317e604: folds
1a66f2b4: folds
Uncalled bet ($0.08) returned to e4f5fc0a
*** SHOWDOWN ***
e4f5fc0a collected $0.12 from pot
*** SUMMARY ***
Total pot $0.12 | Rake $0 | Jackpot $0 | Bingo $0 | Fortune $0
Seat 2: e4f5fc0a collected ($0.12)
Seat 3: Hero folded before Flop (didn't bet)
Seat 4: 8644d94e (button) folded before Flop (didn't bet)
Seat 5: a317e604 (small blind) folded before Flop
Seat 6: 1a66f2b4 (big blind) folded before Flop


Poker Hand #HD1208575829: Hold'em No Limit  ($0.02/$0.05) - 2023/04/18 22:55:53
Table 'NLHBlue50' 6-max Seat #3 is the button
Seat 2: e4f5fc0a ($7.02 in chips)
Seat 3: Hero ($6.26 in chips)
Seat 4: 8644d94e ($5.02 in chips)
Seat 5: a317e604 ($1.85 in chips)
8644d94e: posts small blind $0.02
a317e604: posts big blind $0.05
*** HOLE CARDS ***
Dealt to e4f5fc0a 
Dealt to Hero [Tc 4c]
Dealt to 8644d94e 
Dealt to a317e604 
e4f5fc0a: raises $0.08 to $0.13
Hero: folds
8644d94e: folds
a317e604: folds
Uncalled bet ($0.08) returned to e4f5fc0a
*** SHOWDOWN ***
e4f5fc0a collected $0.12 from pot
*** SUMMARY ***
Total pot $0.12 | Rake $0 | Jackpot $0 | Bingo $0 | Fortune $0
Seat 2: e4f5fc0a collected ($0.12)
Seat 3: Hero (button) folded before Flop (didn't bet)
Seat 4: 8644d94e (small blind) folded before Flop
Seat 5: a317e604 (big blind) folded before Flop


Poker Hand #HD1208575810: Hold'em No Limit  ($0.02/$0.05) - 2023/04/18 22:55:44
Table 'NLHBlue50' 6-max Seat #2 is the button
Seat 2: e4f5fc0a ($7.02 in chips)
Seat 3: Hero ($6.28 in chips)
Seat 4: 8644d94e ($5 in chips)
Seat 5: a317e604 ($1.85 in chips)
Hero: posts small blind $0.02
8644d94e: posts big blind $0.05
*** HOLE CARDS ***
Dealt to e4f5fc0a 
Dealt to Hero [2s 8s]
Dealt to 8644d94e 
Dealt to a317e604 
a317e604: folds
e4f5fc0a: folds
Hero: folds
Uncalled bet ($0.03) returned to 8644d94e
*** SHOWDOWN ***
8644d94e collected $0.04 from pot
*** SUMMARY ***
Total pot $0.04 | Rake $0 | Jackpot $0 | Bingo $0 | Fortune $0
Seat 2: e4f5fc0a (button) folded before Flop (didn't bet)
Seat 3: Hero (small blind) folded before Flop
Seat 4: 8644d94e (big blind) collected ($0.04)
Seat 5: a317e604 folded before Flop (didn't bet)


Poker Hand #HD1208575797: Hold'em No Limit  ($0.02/$0.05) - 2023/04/18 22:55:33
Table 'NLHBlue50' 6-max Seat #5 is the button
Seat 2: e4f5fc0a ($7.04 in chips)
Seat 3: Hero ($6.26 in chips)
Seat 4: 8644d94e ($5 in chips)
Seat 5: a317e604 ($1.85 in chips)
e4f5fc0a: posts small blind $0.02
Hero: posts big blind $0.05
*** HOLE CARDS ***
Dealt to e4f5fc0a 
Dealt to Hero [Ts Tc]
Dealt to 8644d94e 
Dealt to a317e604 
8644d94e: folds
a317e604: folds
e4f5fc0a: folds
Uncalled bet ($0.03) returned to Hero
*** SHOWDOWN ***
Hero collected $0.04 from pot
*** SUMMARY ***
Total pot $0.04 | Rake $0 | Jackpot $0 | Bingo $0 | Fortune $0
Seat 2: e4f5fc0a (small blind) folded before Flop
Seat 3: Hero (big blind) collected ($0.04)
Seat 4: 8644d94e folded before Flop (didn't bet)
Seat 5: a317e604 (button) folded before Flop (didn't bet)


Poker Hand #HD1208575702: Hold'em No Limit  ($0.02/$0.05) - 2023/04/18 22:54:43
Table 'NLHBlue50' 6-max Seat #4 is the button
Seat 2: e4f5fc0a ($5.39 in chips)
Seat 3: Hero ($6.26 in chips)
Seat 4: 8644d94e ($5.68 in chips)
Seat 5: a317e604 ($1.95 in chips)
a317e604: posts small blind $0.02
e4f5fc0a: posts big blind $0.05
*** HOLE CARDS ***
Dealt to e4f5fc0a 
Dealt to Hero [Qh 7d]
Dealt to 8644d94e 
Dealt to a317e604 
Hero: folds
8644d94e: raises $0.05 to $0.1
a317e604: calls $0.08
e4f5fc0a: calls $0.05
*** FLOP *** [Th 6h 3d]
a317e604: checks
e4f5fc0a: checks
8644d94e: bets $0.15
a317e604: folds
e4f5fc0a: raises $0.61 to $0.76
8644d94e: calls $0.61
*** TURN *** [Th 6h 3d] [Jh]
e4f5fc0a: bets $0.92
8644d94e: calls $0.92
*** RIVER *** [Th 6h 3d Jh] [Tc]
e4f5fc0a: bets $3.61 and is all-in
8644d94e: folds
Uncalled bet ($3.61) returned to e4f5fc0a
*** SHOWDOWN ***
e4f5fc0a collected $3.43 from pot
*** SUMMARY ***
Total pot $3.66 | Rake $0.18 | Jackpot $0.05 | Bingo $0 | Fortune $0
Board [Th 6h 3d Jh Tc]
Seat 2: e4f5fc0a (big blind) won ($3.43)
Seat 3: Hero folded before Flop (didn't bet)
Seat 4: 8644d94e (button) folded on the River
Seat 5: a317e604 (small blind) folded on the Flop


Poker Hand #HD1208575679: Hold'em No Limit  ($0.02/$0.05) - 2023/04/18 22:54:30
Table 'NLHBlue50' 6-max Seat #3 is the button
Seat 2: e4f5fc0a ($5.32 in chips)
Seat 3: Hero ($6.26 in chips)
Seat 4: 8644d94e ($5.7 in chips)
Seat 5: a317e604 ($2 in chips)
8644d94e: posts small blind $0.02
a317e604: posts big blind $0.05
*** HOLE CARDS ***
Dealt to e4f5fc0a 
Dealt to Hero [7d Js]
Dealt to 8644d94e 
Dealt to a317e604 
e4f5fc0a: raises $0.08 to $0.13
Hero: folds
8644d94e: folds
a317e604: folds
Uncalled bet ($0.08) returned to e4f5fc0a
*** SHOWDOWN ***
e4f5fc0a collected $0.12 from pot
*** SUMMARY ***
Total pot $0.12 | Rake $0 | Jackpot $0 | Bingo $0 | Fortune $0
Seat 2: e4f5fc0a collected ($0.12)
Seat 3: Hero (button) folded before Flop (didn't bet)
Seat 4: 8644d94e (small blind) folded before Flop
Seat 5: a317e604 (big blind) folded before Flop


Poker Hand #HD1208575671: Hold'em No Limit  ($0.02/$0.05) - 2023/04/18 22:54:25
Table 'NLHBlue50' 6-max Seat #2 is the button
Seat 2: e4f5fc0a ($5.32 in chips)
Seat 3: Hero ($6.28 in chips)
Seat 4: 8644d94e ($5.68 in chips)
Hero: posts small blind $0.02
8644d94e: posts big blind $0.05
*** HOLE CARDS ***
Dealt to e4f5fc0a 
Dealt to Hero [7c 5s]
Dealt to 8644d94e 
e4f5fc0a: folds
Hero: folds
Uncalled bet ($0.03) returned to 8644d94e
*** SHOWDOWN ***
8644d94e collected $0.04 from pot
*** SUMMARY ***
Total pot $0.04 | Rake $0 | Jackpot $0 | Bingo $0 | Fortune $0
Seat 2: e4f5fc0a (button) folded before Flop (didn't bet)
Seat 3: Hero (small blind) folded before Flop
Seat 4: 8644d94e (big blind) collected ($0.04)


Poker Hand #HD1208495630: Hold'em No Limit  ($0.02/$0.05) - 2023/04/18 22:54:06
Table 'NLHBlue50' 6-max Seat #4 is the button
Seat 2: e4f5fc0a ($5.37 in chips)
Seat 3: Hero ($6.21 in chips)
Seat 4: 8644d94e ($5.68 in chips)
Seat 6: 3a7adb7b ($4.75 in chips)
3a7adb7b: posts small blind $0.02
e4f5fc0a: posts big blind $0.05
*** HOLE CARDS ***
Dealt to e4f5fc0a 
Dealt to Hero [9s Ts]
Dealt to 8644d94e 
Dealt to 3a7adb7b 
Hero: raises $0.07 to $0.12
8644d94e: folds
3a7adb7b: folds
e4f5fc0a: folds
Uncalled bet ($0.07) returned to Hero
*** SHOWDOWN ***
Hero collected $0.12 from pot
*** SUMMARY ***
Total pot $0.12 | Rake $0 | Jackpot $0 | Bingo $0 | Fortune $0
Seat 2: e4f5fc0a (big blind) folded before Flop
Seat 3: Hero collected ($0.12)
Seat 4: 8644d94e (button) folded before Flop (didn't bet)
Seat 6: 3a7adb7b (small blind) folded before Flop


Poker Hand #HD1208495577: Hold'em No Limit  ($0.02/$0.05) - 2023/04/18 22:53:35
Table 'NLHBlue50' 6-max Seat #3 is the button
Seat 1: 9242e8c5 ($5.35 in chips)
Seat 2: e4f5fc0a ($5.21 in chips)
Seat 3: Hero ($6.21 in chips)
Seat 4: 8644d94e ($5.7 in chips)
Seat 6: 3a7adb7b ($4.8 in chips)
8644d94e: posts small blind $0.02
3a7adb7b: posts big blind $0.05
*** HOLE CARDS ***
Dealt to 9242e8c5 
Dealt to e4f5fc0a 
Dealt to Hero [2d 7d]
Dealt to 8644d94e 
Dealt to 3a7adb7b 
9242e8c5: raises $0.05 to $0.1
e4f5fc0a: raises $0.45 to $0.55
Hero: folds
8644d94e: folds
3a7adb7b: folds
9242e8c5: folds
Uncalled bet ($0.45) returned to e4f5fc0a
*** SHOWDOWN ***
e4f5fc0a collected $0.26 from pot
*** SUMMARY ***
Total pot $0.27 | Rake $0.01 | Jackpot $0 | Bingo $0 | Fortune $0
Seat 1: 9242e8c5 folded before Flop
Seat 2: e4f5fc0a collected ($0.26)
Seat 3: Hero (button) folded before Flop (didn't bet)
Seat 4: 8644d94e (small blind) folded before Flop
Seat 6: 3a7adb7b (big blind) folded before Flop


Poker Hand #HD1208495563: Hold'em No Limit  ($0.02/$0.05) - 2023/04/18 22:53:24
Table 'NLHBlue50' 6-max Seat #2 is the button
Seat 1: 9242e8c5 ($5.35 in chips)
Seat 2: e4f5fc0a ($5.21 in chips)
Seat 3: Hero ($6.23 in chips)
Seat 4: 8644d94e ($5.75 in chips)
Seat 6: 3a7adb7b ($4.73 in chips)
Hero: posts small blind $0.02
8644d94e: posts big blind $0.05
*** HOLE CARDS ***
Dealt to 9242e8c5 
Dealt to e4f5fc0a 
Dealt to Hero [8s 3s]
Dealt to 8644d94e 
Dealt to 3a7adb7b 
3a7adb7b: raises $0.1 to $0.15
9242e8c5: folds
e4f5fc0a: folds
Hero: folds
8644d94e: folds
Uncalled bet ($0.1) returned to 3a7adb7b
*** SHOWDOWN ***
3a7adb7b collected $0.12 from pot
*** SUMMARY ***
Total pot $0.12 | Rake $0 | Jackpot $0 | Bingo $0 | Fortune $0
Seat 1: 9242e8c5 folded before Flop (didn't bet)
Seat 2: e4f5fc0a (button) folded before Flop (didn't bet)
Seat 3: Hero (small blind) folded before Flop
Seat 4: 8644d94e (big blind) folded before Flop
Seat 6: 3a7adb7b collected ($0.12)


Poker Hand #HD1208495521: Hold'em No Limit  ($0.02/$0.05) - 2023/04/18 22:53:04
Table 'NLHBlue50' 6-max Seat #1 is the button
Seat 1: 9242e8c5 ($5.46 in chips)
Seat 2: e4f5fc0a ($5.23 in chips)
Seat 3: Hero ($6.11 in chips)
Seat 4: 8644d94e ($5.75 in chips)
Seat 6: 3a7adb7b ($4.73 in chips)
e4f5fc0a: posts small blind $0.02
Hero: posts big blind $0.05
*** HOLE CARDS ***
Dealt to 9242e8c5 
Dealt to e4f5fc0a 
Dealt to Hero [Qh Kh]
Dealt to 8644d94e 
Dealt to 3a7adb7b 
8644d94e: folds
3a7adb7b: folds
9242e8c5: raises $0.06 to $0.11
e4f5fc0a: folds
Hero: raises $0.35 to $0.46
9242e8c5: folds
Uncalled bet ($0.35) returned to Hero
*** SHOWDOWN ***
Hero collected $0.23 from pot
*** SUMMARY ***
Total pot $0.24 | Rake $0.01 | Jackpot $0 | Bingo $0 | Fortune $0
Seat 1: 9242e8c5 (button) folded before Flop
Seat 2: e4f5fc0a (small blind) folded before Flop
Seat 3: Hero (big blind) collected ($0.23)
Seat 4: 8644d94e folded before Flop (didn't bet)
Seat 6: 3a7adb7b folded before Flop (didn't bet)


Poker Hand #HD1208495498: Hold'em No Limit  ($0.02/$0.05) - 2023/04/18 22:52:53
Table 'NLHBlue50' 6-max Seat #6 is the button
Seat 1: 9242e8c5 ($5.48 in chips)
Seat 2: e4f5fc0a ($5.28 in chips)
Seat 3: Hero ($6.11 in chips)
Seat 4: 8644d94e ($5.68 in chips)
Seat 6: 3a7adb7b ($4.73 in chips)
9242e8c5: posts small blind $0.02
e4f5fc0a: posts big blind $0.05
*** HOLE CARDS ***
Dealt to 9242e8c5 
Dealt to e4f5fc0a 
Dealt to Hero [8c Tc]
Dealt to 8644d94e 
Dealt to 3a7adb7b 
Hero: folds
8644d94e: raises $0.1 to $0.15
3a7adb7b: folds
9242e8c5: folds
e4f5fc0a: folds
Uncalled bet ($0.1) returned to 8644d94e
*** SHOWDOWN ***
8644d94e collected $0.12 from pot
*** SUMMARY ***
Total pot $0.12 | Rake $0 | Jackpot $0 | Bingo $0 | Fortune $0
Seat 1: 9242e8c5 (small blind) folded before Flop
Seat 2: e4f5fc0a (big blind) folded before Flop
Seat 3: Hero folded before Flop (didn't bet)
Seat 4: 8644d94e collected ($0.12)
Seat 6: 3a7adb7b (button) folded before Flop (didn't bet)


Poker Hand #HD1208495483: Hold'em No Limit  ($0.02/$0.05) - 2023/04/18 22:52:44
Table 'NLHBlue50' 6-max Seat #4 is the button
Seat 1: 9242e8c5 ($5.48 in chips)
Seat 2: e4f5fc0a ($5.28 in chips)
Seat 3: Hero ($6.11 in chips)
Seat 4: 8644d94e ($5.68 in chips)
Seat 5: 78a5999e ($5.16 in chips)
Seat 6: 3a7adb7b ($4.71 in chips)
78a5999e: posts small blind $0.02
3a7adb7b: posts big blind $0.05
*** HOLE CARDS ***
Dealt to 9242e8c5 
Dealt to e4f5fc0a 
Dealt to Hero [Jd 5s]
Dealt to 8644d94e 
Dealt to 78a5999e 
Dealt to 3a7adb7b 
9242e8c5: folds
e4f5fc0a: folds
Hero: folds
8644d94e: folds
78a5999e: folds
Uncalled bet ($0.03) returned to 3a7adb7b
*** SHOWDOWN ***
3a7adb7b collected $0.04 from pot
*** SUMMARY ***
Total pot $0.04 | Rake $0 | Jackpot $0 | Bingo $0 | Fortune $0
Seat 1: 9242e8c5 folded before Flop (didn't bet)
Seat 2: e4f5fc0a folded before Flop (didn't bet)
Seat 3: Hero folded before Flop (didn't bet)
Seat 4: 8644d94e (button) folded before Flop (didn't bet)
Seat 5: 78a5999e (small blind) folded before Flop
Seat 6: 3a7adb7b (big blind) collected ($0.04)


Poker Hand #HD1208495412: Hold'em No Limit  ($0.02/$0.05) - 2023/04/18 22:52:10
Table 'NLHBlue50' 6-max Seat #3 is the button
Seat 1: 9242e8c5 ($5.63 in chips)
Seat 2: e4f5fc0a ($5.28 in chips)
Seat 3: Hero ($6.11 in chips)
Seat 4: 8644d94e ($5.7 in chips)
Seat 5: 78a5999e ($5 in chips)
Seat 6: 3a7adb7b ($4.71 in chips)
8644d94e: posts small blind $0.02
78a5999e: posts big blind $0.05
*** HOLE CARDS ***
Dealt to 9242e8c5 
Dealt to e4f5fc0a 
Dealt to Hero [3d Qh]
Dealt to 8644d94e 
Dealt to 78a5999e 
Dealt to 3a7adb7b 
3a7adb7b: folds
9242e8c5: raises $0.05 to $0.1
e4f5fc0a: folds
Hero: folds
8644d94e: folds
78a5999e: raises $0.05 to $0.15
9242e8c5: calls $0.05
*** FLOP *** [4c 6c 6s]
78a5999e: bets $4.85 and is all-in
9242e8c5: folds
Uncalled bet ($4.85) returned to 78a5999e
*** SHOWDOWN ***
78a5999e collected $0.31 from pot
*** SUMMARY ***
Total pot $0.32 | Rake $0.01 | Jackpot $0 | Bingo $0 | Fortune $0
Board [4c 6c 6s]
Seat 1: 9242e8c5 folded on the Flop
Seat 2: e4f5fc0a folded before Flop (didn't bet)
Seat 3: Hero (button) folded before Flop (didn't bet)
Seat 4: 8644d94e (small blind) folded before Flop
Seat 5: 78a5999e (big blind) won ($0.31)
Seat 6: 3a7adb7b folded before Flop (didn't bet)


Poker Hand #HD1208495375: Hold'em No Limit  ($0.02/$0.05) - 2023/04/18 22:51:47
Table 'NLHBlue50' 6-max Seat #2 is the button
Seat 1: 9242e8c5 ($5.42 in chips)
Seat 2: e4f5fc0a ($5.28 in chips)
Seat 3: Hero ($6.13 in chips)
Seat 4: 8644d94e ($5.75 in chips)
Seat 6: 3a7adb7b ($4.86 in chips)
Hero: posts small blind $0.02
8644d94e: posts big blind $0.05
*** HOLE CARDS ***
Dealt to 9242e8c5 
Dealt to e4f5fc0a 
Dealt to Hero [Th Kc]
Dealt to 8644d94e 
Dealt to 3a7adb7b 
3a7adb7b: raises $0.1 to $0.15
9242e8c5: raises $0.3 to $0.45
e4f5fc0a: folds
Hero: folds
8644d94e: folds
3a7adb7b: folds
Uncalled bet ($0.3) returned to 9242e8c5
*** SHOWDOWN ***
9242e8c5 collected $0.36 from pot
*** SUMMARY ***
Total pot $0.37 | Rake $0.01 | Jackpot $0 | Bingo $0 | Fortune $0
Seat 1: 9242e8c5 collected ($0.36)
Seat 2: e4f5fc0a (button) folded before Flop (didn't bet)
Seat 3: Hero (small blind) folded before Flop
Seat 4: 8644d94e (big blind) folded before Flop
Seat 6: 3a7adb7b folded before Flop


Poker Hand #HD1208495322: Hold'em No Limit  ($0.02/$0.05) - 2023/04/18 22:51:18
Table 'NLHBlue50' 6-max Seat #1 is the button
Seat 1: 9242e8c5 ($5.42 in chips)
Seat 2: e4f5fc0a ($5.3 in chips)
Seat 3: Hero ($6.02 in chips)
Seat 4: 8644d94e ($5.85 in chips)
Seat 6: 3a7adb7b ($4.86 in chips)
e4f5fc0a: posts small blind $0.02
Hero: posts big blind $0.05
*** HOLE CARDS ***
Dealt to 9242e8c5 
Dealt to e4f5fc0a 
Dealt to Hero [Kd Js]
Dealt to 8644d94e 
Dealt to 3a7adb7b 
8644d94e: raises $0.05 to $0.1
3a7adb7b: folds
9242e8c5: folds
e4f5fc0a: folds
Hero: calls $0.05
*** FLOP *** [6s 7c 9d]
Hero: checks
8644d94e: checks
*** TURN *** [6s 7c 9d] [5h]
Hero: checks
8644d94e: checks
*** RIVER *** [6s 7c 9d 5h] [Kh]
Hero: bets $0.17
8644d94e: folds
Uncalled bet ($0.17) returned to Hero
*** SHOWDOWN ***
Hero collected $0.21 from pot
*** SUMMARY ***
Total pot $0.22 | Rake $0.01 | Jackpot $0 | Bingo $0 | Fortune $0
Board [6s 7c 9d 5h Kh]
Seat 1: 9242e8c5 (button) folded before Flop (didn't bet)
Seat 2: e4f5fc0a (small blind) folded before Flop
Seat 3: Hero (big blind) won ($0.21)
Seat 4: 8644d94e folded on the River
Seat 6: 3a7adb7b folded before Flop (didn't bet)


Poker Hand #HD1208495296: Hold'em No Limit  ($0.02/$0.05) - 2023/04/18 22:51:02
Table 'NLHBlue50' 6-max Seat #6 is the button
Seat 1: 9242e8c5 ($5.37 in chips)
Seat 2: e4f5fc0a ($5.35 in chips)
Seat 3: Hero ($6.02 in chips)
Seat 4: 8644d94e ($5.85 in chips)
Seat 6: 3a7adb7b ($4.86 in chips)
9242e8c5: posts small blind $0.02
e4f5fc0a: posts big blind $0.05
*** HOLE CARDS ***
Dealt to 9242e8c5 
Dealt to e4f5fc0a 
Dealt to Hero [7h Ts]
Dealt to 8644d94e 
Dealt to 3a7adb7b 
Hero: folds
8644d94e: folds
3a7adb7b: folds
9242e8c5: raises $0.1 to $0.15
e4f5fc0a: folds
Uncalled bet ($0.1) returned to 9242e8c5
*** SHOWDOWN ***
9242e8c5 collected $0.1 from pot
*** SUMMARY ***
Total pot $0.1 | Rake $0 | Jackpot $0 | Bingo $0 | Fortune $0
Seat 1: 9242e8c5 (small blind) collected ($0.1)
Seat 2: e4f5fc0a (big blind) folded before Flop
Seat 3: Hero folded before Flop (didn't bet)
Seat 4: 8644d94e folded before Flop (didn't bet)
Seat 6: 3a7adb7b (button) folded before Flop (didn't bet)


Poker Hand #HD1208495279: Hold'em No Limit  ($0.02/$0.05) - 2023/04/18 22:50:54
Table 'NLHBlue50' 6-max Seat #4 is the button
Seat 1: 9242e8c5 ($5.35 in chips)
Seat 2: e4f5fc0a ($5.35 in chips)
Seat 3: Hero ($6.02 in chips)
Seat 4: 8644d94e ($5.85 in chips)
Seat 6: 3a7adb7b ($4.88 in chips)
3a7adb7b: posts small blind $0.02
9242e8c5: posts big blind $0.05
*** HOLE CARDS ***
Dealt to 9242e8c5 
Dealt to e4f5fc0a 
Dealt to Hero [4s 8s]
Dealt to 8644d94e 
Dealt to 3a7adb7b 
e4f5fc0a: folds
Hero: folds
8644d94e: folds
3a7adb7b: folds
Uncalled bet ($0.03) returned to 9242e8c5
*** SHOWDOWN ***
9242e8c5 collected $0.04 from pot
*** SUMMARY ***
Total pot $0.04 | Rake $0 | Jackpot $0 | Bingo $0 | Fortune $0
Seat 1: 9242e8c5 (big blind) collected ($0.04)
Seat 2: e4f5fc0a folded before Flop (didn't bet)
Seat 3: Hero folded before Flop (didn't bet)
Seat 4: 8644d94e (button) folded before Flop (didn't bet)
Seat 6: 3a7adb7b (small blind) folded before Flop


Poker Hand #HD1208495268: Hold'em No Limit  ($0.02/$0.05) - 2023/04/18 22:50:48
Table 'NLHBlue50' 6-max Seat #3 is the button
Seat 1: 9242e8c5 ($5.35 in chips)
Seat 2: e4f5fc0a ($5.35 in chips)
Seat 3: Hero ($6.02 in chips)
Seat 4: 8644d94e ($5.87 in chips)
Seat 6: 3a7adb7b ($4.86 in chips)
8644d94e: posts small blind $0.02
3a7adb7b: posts big blind $0.05
*** HOLE CARDS ***
Dealt to 9242e8c5 
Dealt to e4f5fc0a 
Dealt to Hero [9s 4h]
Dealt to 8644d94e 
Dealt to 3a7adb7b 
9242e8c5: folds
e4f5fc0a: folds
Hero: folds
8644d94e: folds
Uncalled bet ($0.03) returned to 3a7adb7b
*** SHOWDOWN ***
3a7adb7b collected $0.04 from pot
*** SUMMARY ***
Total pot $0.04 | Rake $0 | Jackpot $0 | Bingo $0 | Fortune $0
Seat 1: 9242e8c5 folded before Flop (didn't bet)
Seat 2: e4f5fc0a folded before Flop (didn't bet)
Seat 3: Hero (button) folded before Flop (didn't bet)
Seat 4: 8644d94e (small blind) folded before Flop
Seat 6: 3a7adb7b (big blind) collected ($0.04)


Poker Hand #HD1208495259: Hold'em No Limit  ($0.02/$0.05) - 2023/04/18 22:50:41
Table 'NLHBlue50' 6-max Seat #2 is the button
Seat 1: 9242e8c5 ($5.35 in chips)
Seat 2: e4f5fc0a ($5.35 in chips)
Seat 3: Hero ($6.04 in chips)
Seat 4: 8644d94e ($5.85 in chips)
Seat 6: 3a7adb7b ($4.86 in chips)
Hero: posts small blind $0.02
8644d94e: posts big blind $0.05
*** HOLE CARDS ***
Dealt to 9242e8c5 
Dealt to e4f5fc0a 
Dealt to Hero [5h Jc]
Dealt to 8644d94e 
Dealt to 3a7adb7b 
3a7adb7b: folds
9242e8c5: folds
e4f5fc0a: folds
Hero: folds
Uncalled bet ($0.03) returned to 8644d94e
*** SHOWDOWN ***
8644d94e collected $0.04 from pot
*** SUMMARY ***
Total pot $0.04 | Rake $0 | Jackpot $0 | Bingo $0 | Fortune $0
Seat 1: 9242e8c5 folded before Flop (didn't bet)
Seat 2: e4f5fc0a (button) folded before Flop (didn't bet)
Seat 3: Hero (small blind) folded before Flop
Seat 4: 8644d94e (big blind) collected ($0.04)
Seat 6: 3a7adb7b folded before Flop (didn't bet)


Poker Hand #HD1208495204: Hold'em No Limit  ($0.02/$0.05) - 2023/04/18 22:50:13
Table 'NLHBlue50' 6-max Seat #1 is the button
Seat 1: 9242e8c5 ($5.35 in chips)
Seat 2: e4f5fc0a ($5.23 in chips)
Seat 3: Hero ($6.17 in chips)
Seat 4: 8644d94e ($5.85 in chips)
Seat 6: 3a7adb7b ($4.86 in chips)
e4f5fc0a: posts small blind $0.02
Hero: posts big blind $0.05
*** HOLE CARDS ***
Dealt to 9242e8c5 
Dealt to e4f5fc0a 
Dealt to Hero [Qc Js]
Dealt to 8644d94e 
Dealt to 3a7adb7b 
8644d94e: folds
3a7adb7b: folds
9242e8c5: folds
e4f5fc0a: raises $0.08 to $0.13
Hero: calls $0.08
*** FLOP *** [3h 5h 4c]
e4f5fc0a: bets $0.1
Hero: folds
Uncalled bet ($0.1) returned to e4f5fc0a
*** SHOWDOWN ***
e4f5fc0a collected $0.25 from pot
*** SUMMARY ***
Total pot $0.26 | Rake $0.01 | Jackpot $0 | Bingo $0 | Fortune $0
Board [3h 5h 4c]
Seat 1: 9242e8c5 (button) folded before Flop (didn't bet)
Seat 2: e4f5fc0a (small blind) won ($0.25)
Seat 3: Hero (big blind) folded on the Flop
Seat 4: 8644d94e folded before Flop (didn't bet)
Seat 6: 3a7adb7b folded before Flop (didn't bet)


Poker Hand #HD1208495191: Hold'em No Limit  ($0.02/$0.05) - 2023/04/18 22:50:03
Table 'NLHBlue50' 6-max Seat #6 is the button
Seat 1: 9242e8c5 ($5.37 in chips)
Seat 2: e4f5fc0a ($5.28 in chips)
Seat 3: Hero ($6.17 in chips)
Seat 4: 8644d94e ($5.85 in chips)
Seat 6: 3a7adb7b ($4.79 in chips)
9242e8c5: posts small blind $0.02
e4f5fc0a: posts big blind $0.05
*** HOLE CARDS ***
Dealt to 9242e8c5 
Dealt to e4f5fc0a 
Dealt to Hero [Qd 6c]
Dealt to 8644d94e 
Dealt to 3a7adb7b 
Hero: folds
8644d94e: folds
3a7adb7b: raises $0.1 to $0.15
9242e8c5: folds
e4f5fc0a: folds
Uncalled bet ($0.1) returned to 3a7adb7b
*** SHOWDOWN ***
3a7adb7b collected $0.12 from pot
*** SUMMARY ***
Total pot $0.12 | Rake $0 | Jackpot $0 | Bingo $0 | Fortune $0
Seat 1: 9242e8c5 (small blind) folded before Flop
Seat 2: e4f5fc0a (big blind) folded before Flop
Seat 3: Hero folded before Flop (didn't bet)
Seat 4: 8644d94e folded before Flop (didn't bet)
Seat 6: 3a7adb7b (button) collected ($0.12)


Poker Hand #HD1208495172: Hold'em No Limit  ($0.02/$0.05) - 2023/04/18 22:49:49
Table 'NLHBlue50' 6-max Seat #4 is the button
Seat 1: 9242e8c5 ($5.42 in chips)
Seat 2: e4f5fc0a ($5.28 in chips)
Seat 3: Hero ($6.17 in chips)
Seat 4: 8644d94e ($5.85 in chips)
Seat 6: 3a7adb7b ($4.74 in chips)
3a7adb7b: posts small blind $0.02
9242e8c5: posts big blind $0.05
*** HOLE CARDS ***
Dealt to 9242e8c5 
Dealt to e4f5fc0a 
Dealt to Hero [6h Td]
Dealt to 8644d94e 
Dealt to 3a7adb7b 
e4f5fc0a: folds
Hero: folds
8644d94e: folds
3a7adb7b: raises $0.08 to $0.13
9242e8c5: folds
Uncalled bet ($0.08) returned to 3a7adb7b
*** SHOWDOWN ***
3a7adb7b collected $0.1 from pot
*** SUMMARY ***
Total pot $0.1 | Rake $0 | Jackpot $0 | Bingo $0 | Fortune $0
Seat 1: 9242e8c5 (big blind) folded before Flop
Seat 2: e4f5fc0a folded before Flop (didn't bet)
Seat 3: Hero folded before Flop (didn't bet)
Seat 4: 8644d94e (button) folded before Flop (didn't bet)
Seat 6: 3a7adb7b (small blind) collected ($0.1)


Poker Hand #HD1208495131: Hold'em No Limit  ($0.02/$0.05) - 2023/04/18 22:49:30
Table 'NLHBlue50' 6-max Seat #3 is the button
Seat 1: 9242e8c5 ($5.42 in chips)
Seat 2: e4f5fc0a ($5.14 in chips)
Seat 3: Hero ($6.17 in chips)
Seat 4: 8644d94e ($5.87 in chips)
Seat 6: 3a7adb7b ($4.87 in chips)
8644d94e: posts small blind $0.02
3a7adb7b: posts big blind $0.05
*** HOLE CARDS ***
Dealt to 9242e8c5 
Dealt to e4f5fc0a 
Dealt to Hero [Qh 5c]
Dealt to 8644d94e 
Dealt to 3a7adb7b 
9242e8c5: folds
e4f5fc0a: raises $0.08 to $0.13
Hero: folds
8644d94e: folds
3a7adb7b: calls $0.08
*** FLOP *** [Ad 7s As]
3a7adb7b: checks
e4f5fc0a: bets $0.1
3a7adb7b: folds
Uncalled bet ($0.1) returned to e4f5fc0a
*** SHOWDOWN ***
e4f5fc0a collected $0.27 from pot
*** SUMMARY ***
Total pot $0.28 | Rake $0.01 | Jackpot $0 | Bingo $0 | Fortune $0
Board [Ad 7s As]
Seat 1: 9242e8c5 folded before Flop (didn't bet)
Seat 2: e4f5fc0a won ($0.27)
Seat 3: Hero (button) folded before Flop (didn't bet)
Seat 4: 8644d94e (small blind) folded before Flop
Seat 6: 3a7adb7b (big blind) folded on the Flop


Poker Hand #HD1208495062: Hold'em No Limit  ($0.02/$0.05) - 2023/04/18 22:48:52
Table 'NLHBlue50' 6-max Seat #2 is the button
Seat 1: 9242e8c5 ($5.42 in chips)
Seat 2: e4f5fc0a ($5.14 in chips)
Seat 3: Hero ($6.19 in chips)
Seat 4: 8644d94e ($5.71 in chips)
Seat 5: ef132cd3 ($5 in chips)
Seat 6: 3a7adb7b ($5.02 in chips)
Hero: posts small blind $0.02
8644d94e: posts big blind $0.05
*** HOLE CARDS ***
Dealt to 9242e8c5 
Dealt to e4f5fc0a 
Dealt to Hero [Th Kd]
Dealt to 8644d94e 
Dealt to ef132cd3 
Dealt to 3a7adb7b 
ef132cd3: folds
3a7adb7b: raises $0.1 to $0.15
9242e8c5: folds
e4f5fc0a: folds
Hero: folds
8644d94e: calls $0.1
*** FLOP *** [6c Td 4d]
8644d94e: checks
3a7adb7b: checks
*** TURN *** [6c Td 4d] [2h]
8644d94e: checks
3a7adb7b: checks
*** RIVER *** [6c Td 4d 2h] [8s]
8644d94e: checks
3a7adb7b: checks
8644d94e: shows [Jd As] (Ace-High)
3a7adb7b: shows [Qd Ks] (King-High)
*** SHOWDOWN ***
8644d94e collected $0.31 from pot
*** SUMMARY ***
Total pot $0.32 | Rake $0.01 | Jackpot $0 | Bingo $0 | Fortune $0
Board [6c Td 4d 2h 8s]
Seat 1: 9242e8c5 folded before Flop (didn't bet)
Seat 2: e4f5fc0a (button) folded before Flop (didn't bet)
Seat 3: Hero (small blind) folded before Flop
Seat 4: 8644d94e (big blind) showed [Jd As] and won ($0.31) with Ace-High
Seat 5: ef132cd3 folded before Flop (didn't bet)
Seat 6: 3a7adb7b showed [Qd Ks] and lost with King-High


Poker Hand #HD1208495024: Hold'em No Limit  ($0.02/$0.05) - 2023/04/18 22:48:29
Table 'NLHBlue50' 6-max Seat #1 is the button
Seat 1: 9242e8c5 ($5.42 in chips)
Seat 2: e4f5fc0a ($5.16 in chips)
Seat 3: Hero ($6.24 in chips)
Seat 4: 8644d94e ($5.55 in chips)
Seat 5: ef132cd3 ($5 in chips)
Seat 6: 3a7adb7b ($5.12 in chips)
e4f5fc0a: posts small blind $0.02
Hero: posts big blind $0.05
*** HOLE CARDS ***
Dealt to 9242e8c5 
Dealt to e4f5fc0a 
Dealt to Hero [6c 9s]
Dealt to 8644d94e 
Dealt to ef132cd3 
Dealt to 3a7adb7b 
8644d94e: raises $0.05 to $0.1
ef132cd3: folds
3a7adb7b: calls $0.1
9242e8c5: folds
e4f5fc0a: folds
Hero: folds
*** FLOP *** [7c Kd 7s]
8644d94e: bets $0.09
3a7adb7b: folds
Uncalled bet ($0.09) returned to 8644d94e
*** SHOWDOWN ***
8644d94e collected $0.26 from pot
*** SUMMARY ***
Total pot $0.27 | Rake $0.01 | Jackpot $0 | Bingo $0 | Fortune $0
Board [7c Kd 7s]
Seat 1: 9242e8c5 (button) folded before Flop (didn't bet)
Seat 2: e4f5fc0a (small blind) folded before Flop
Seat 3: Hero (big blind) folded before Flop
Seat 4: 8644d94e won ($0.26)
Seat 5: ef132cd3 folded before Flop (didn't bet)
Seat 6: 3a7adb7b folded on the Flop


Poker Hand #HD1208495010: Hold'em No Limit  ($0.02/$0.05) - 2023/04/18 22:48:20
Table 'NLHBlue50' 6-max Seat #6 is the button
Seat 1: 9242e8c5 ($5.44 in chips)
Seat 2: e4f5fc0a ($5.14 in chips)
Seat 3: Hero ($6.24 in chips)
Seat 4: 8644d94e ($5.55 in chips)
Seat 5: ef132cd3 ($5 in chips)
Seat 6: 3a7adb7b ($5.12 in chips)
9242e8c5: posts small blind $0.02
e4f5fc0a: posts big blind $0.05
*** HOLE CARDS ***
Dealt to 9242e8c5 
Dealt to e4f5fc0a 
Dealt to Hero [6s 2h]
Dealt to 8644d94e 
Dealt to ef132cd3 
Dealt to 3a7adb7b 
Hero: folds
8644d94e: folds
ef132cd3: folds
3a7adb7b: folds
9242e8c5: folds
Uncalled bet ($0.03) returned to e4f5fc0a
*** SHOWDOWN ***
e4f5fc0a collected $0.04 from pot
*** SUMMARY ***
Total pot $0.04 | Rake $0 | Jackpot $0 | Bingo $0 | Fortune $0
Seat 1: 9242e8c5 (small blind) folded before Flop
Seat 2: e4f5fc0a (big blind) collected ($0.04)
Seat 3: Hero folded before Flop (didn't bet)
Seat 4: 8644d94e folded before Flop (didn't bet)
Seat 5: ef132cd3 folded before Flop (didn't bet)
Seat 6: 3a7adb7b (button) folded before Flop (didn't bet)


Poker Hand #HD1208494955: Hold'em No Limit  ($0.02/$0.05) - 2023/04/18 22:47:39
Table 'NLHBlue50' 6-max Seat #5 is the button
Seat 1: 9242e8c5 ($5.18 in chips)
Seat 2: e4f5fc0a ($5.14 in chips)
Seat 3: Hero ($6.24 in chips)
Seat 4: 8644d94e ($5.55 in chips)
Seat 5: ef132cd3 ($5.07 in chips)
Seat 6: 3a7adb7b ($5.14 in chips)
3a7adb7b: posts small blind $0.02
9242e8c5: posts big blind $0.05
*** HOLE CARDS ***
Dealt to 9242e8c5 
Dealt to e4f5fc0a 
Dealt to Hero [Jd Ts]
Dealt to 8644d94e 
Dealt to ef132cd3 
Dealt to 3a7adb7b 
e4f5fc0a: folds
Hero: folds
8644d94e: folds
ef132cd3: raises $0.1 to $0.15
3a7adb7b: folds
9242e8c5: calls $0.1
*** FLOP *** [5s Tc 4h]
9242e8c5: checks
ef132cd3: bets $0.11
9242e8c5: calls $0.11
*** TURN *** [5s Tc 4h] [5h]
9242e8c5: checks
ef132cd3: checks
*** RIVER *** [5s Tc 4h 5h] [7h]
9242e8c5: bets $0.23
ef132cd3: folds
Uncalled bet ($0.23) returned to 9242e8c5
*** SHOWDOWN ***
9242e8c5 collected $0.52 from pot
*** SUMMARY ***
Total pot $0.54 | Rake $0.02 | Jackpot $0 | Bingo $0 | Fortune $0
Board [5s Tc 4h 5h 7h]
Seat 1: 9242e8c5 (big blind) won ($0.52)
Seat 2: e4f5fc0a folded before Flop (didn't bet)
Seat 3: Hero folded before Flop (didn't bet)
Seat 4: 8644d94e folded before Flop (didn't bet)
Seat 5: ef132cd3 (button) folded on the River
Seat 6: 3a7adb7b (small blind) folded before Flop


Poker Hand #HD1208494879: Hold'em No Limit  ($0.02/$0.05) - 2023/04/18 22:46:52
Table 'NLHBlue50' 6-max Seat #4 is the button
Seat 1: 9242e8c5 ($5.07 in chips)
Seat 2: e4f5fc0a ($5.14 in chips)
Seat 3: Hero ($6.24 in chips)
Seat 4: 8644d94e ($5.55 in chips)
Seat 5: ef132cd3 ($5.09 in chips)
Seat 6: 3a7adb7b ($5.24 in chips)
ef132cd3: posts small blind $0.02
3a7adb7b: posts big blind $0.05
*** HOLE CARDS ***
Dealt to 9242e8c5 
Dealt to e4f5fc0a 
Dealt to Hero [6h Kd]
Dealt to 8644d94e 
Dealt to ef132cd3 
Dealt to 3a7adb7b 
9242e8c5: raises $0.05 to $0.1
e4f5fc0a: folds
Hero: folds
8644d94e: folds
ef132cd3: folds
3a7adb7b: calls $0.05
*** FLOP *** [5c 9c 9s]
3a7adb7b: checks
9242e8c5: checks
*** TURN *** [5c 9c 9s] [Qh]
3a7adb7b: checks
9242e8c5: checks
*** RIVER *** [5c 9c 9s Qh] [5h]
3a7adb7b: checks
9242e8c5: bets $0.18
3a7adb7b: folds
Uncalled bet ($0.18) returned to 9242e8c5
*** SHOWDOWN ***
9242e8c5 collected $0.21 from pot
*** SUMMARY ***
Total pot $0.22 | Rake $0.01 | Jackpot $0 | Bingo $0 | Fortune $0
Board [5c 9c 9s Qh 5h]
Seat 1: 9242e8c5 won ($0.21)
Seat 2: e4f5fc0a folded before Flop (didn't bet)
Seat 3: Hero folded before Flop (didn't bet)
Seat 4: 8644d94e (button) folded before Flop (didn't bet)
Seat 5: ef132cd3 (small blind) folded before Flop
Seat 6: 3a7adb7b (big blind) folded on the River


Poker Hand #HD1208494863: Hold'em No Limit  ($0.02/$0.05) - 2023/04/18 22:46:41
Table 'NLHBlue50' 6-max Seat #3 is the button
Seat 1: 9242e8c5 ($5 in chips)
Seat 2: e4f5fc0a ($5.14 in chips)
Seat 3: Hero ($6.24 in chips)
Seat 4: 8644d94e ($5.57 in chips)
Seat 5: ef132cd3 ($5.14 in chips)
Seat 6: 3a7adb7b ($5.24 in chips)
8644d94e: posts small blind $0.02
ef132cd3: posts big blind $0.05
*** HOLE CARDS ***
Dealt to 9242e8c5 
Dealt to e4f5fc0a 
Dealt to Hero [Kc 9h]
Dealt to 8644d94e 
Dealt to ef132cd3 
Dealt to 3a7adb7b 
3a7adb7b: folds
9242e8c5: raises $0.05 to $0.1
e4f5fc0a: folds
Hero: folds
8644d94e: folds
ef132cd3: folds
Uncalled bet ($0.05) returned to 9242e8c5
*** SHOWDOWN ***
9242e8c5 collected $0.12 from pot
*** SUMMARY ***
Total pot $0.12 | Rake $0 | Jackpot $0 | Bingo $0 | Fortune $0
Seat 1: 9242e8c5 collected ($0.12)
Seat 2: e4f5fc0a folded before Flop (didn't bet)
Seat 3: Hero (button) folded before Flop (didn't bet)
Seat 4: 8644d94e (small blind) folded before Flop
Seat 5: ef132cd3 (big blind) folded before Flop
Seat 6: 3a7adb7b folded before Flop (didn't bet)


Poker Hand #HD1208494826: Hold'em No Limit  ($0.02/$0.05) - 2023/04/18 22:46:18
Table 'NLHBlue50' 6-max Seat #2 is the button
Seat 1: 9242e8c5 ($5 in chips)
Seat 2: e4f5fc0a ($5.14 in chips)
Seat 3: Hero ($6.19 in chips)
Seat 4: 8644d94e ($5.62 in chips)
Seat 5: ef132cd3 ($5.14 in chips)
Seat 6: 3a7adb7b ($5.24 in chips)
Hero: posts small blind $0.02
8644d94e: posts big blind $0.05
*** HOLE CARDS ***
Dealt to 9242e8c5 
Dealt to e4f5fc0a 
Dealt to Hero [2c Ac]
Dealt to 8644d94e 
Dealt to ef132cd3 
Dealt to 3a7adb7b 
ef132cd3: folds
3a7adb7b: folds
9242e8c5: folds
e4f5fc0a: folds
Hero: raises $0.09 to $0.14
8644d94e: folds
Uncalled bet ($0.09) returned to Hero
*** SHOWDOWN ***
Hero collected $0.1 from pot
*** SUMMARY ***
Total pot $0.1 | Rake $0 | Jackpot $0 | Bingo $0 | Fortune $0
Seat 1: 9242e8c5 folded before Flop (didn't bet)
Seat 2: e4f5fc0a (button) folded before Flop (didn't bet)
Seat 3: Hero (small blind) collected ($0.1)
Seat 4: 8644d94e (big blind) folded before Flop
Seat 5: ef132cd3 folded before Flop (didn't bet)
Seat 6: 3a7adb7b folded before Flop (didn't bet)


Poker Hand #HD1208494788: Hold'em No Limit  ($0.02/$0.05) - 2023/04/18 22:45:57
Table 'NLHBlue50' 6-max Seat #1 is the button
Seat 1: 9242e8c5 ($5 in chips)
Seat 2: e4f5fc0a ($5.16 in chips)
Seat 3: Hero ($6.17 in chips)
Seat 4: 8644d94e ($5.62 in chips)
Seat 5: ef132cd3 ($5.14 in chips)
Seat 6: 3a7adb7b ($5.24 in chips)
e4f5fc0a: posts small blind $0.02
Hero: posts big blind $0.05
*** HOLE CARDS ***
Dealt to 9242e8c5 
Dealt to e4f5fc0a 
Dealt to Hero [2h Th]
Dealt to 8644d94e 
Dealt to ef132cd3 
Dealt to 3a7adb7b 
8644d94e: folds
ef132cd3: folds
3a7adb7b: folds
9242e8c5: folds
e4f5fc0a: folds
Uncalled bet ($0.03) returned to Hero
*** SHOWDOWN ***
Hero collected $0.04 from pot
*** SUMMARY ***
Total pot $0.04 | Rake $0 | Jackpot $0 | Bingo $0 | Fortune $0
Seat 1: 9242e8c5 (button) folded before Flop (didn't bet)
Seat 2: e4f5fc0a (small blind) folded before Flop
Seat 3: Hero (big blind) collected ($0.04)
Seat 4: 8644d94e folded before Flop (didn't bet)
Seat 5: ef132cd3 folded before Flop (didn't bet)
Seat 6: 3a7adb7b folded before Flop (didn't bet)


Poker Hand #HD1208494771: Hold'em No Limit  ($0.02/$0.05) - 2023/04/18 22:45:43
Table 'NLHBlue50' 6-max Seat #6 is the button
Seat 1: 9242e8c5 ($5 in chips)
Seat 2: e4f5fc0a ($5.21 in chips)
Seat 3: Hero ($6.17 in chips)
Seat 4: 8644d94e ($5.62 in chips)
Seat 5: ef132cd3 ($5.07 in chips)
Seat 6: 3a7adb7b ($5.24 in chips)
9242e8c5: posts small blind $0.02
e4f5fc0a: posts big blind $0.05
*** HOLE CARDS ***
Dealt to 9242e8c5 
Dealt to e4f5fc0a 
Dealt to Hero [6s 4c]
Dealt to 8644d94e 
Dealt to ef132cd3 
Dealt to 3a7adb7b 
Hero: folds
8644d94e: folds
ef132cd3: raises $0.1 to $0.15
3a7adb7b: folds
9242e8c5: folds
e4f5fc0a: folds
Uncalled bet ($0.1) returned to ef132cd3
*** SHOWDOWN ***
ef132cd3 collected $0.12 from pot
*** SUMMARY ***
Total pot $0.12 | Rake $0 | Jackpot $0 | Bingo $0 | Fortune $0
Seat 1: 9242e8c5 (small blind) folded before Flop
Seat 2: e4f5fc0a (big blind) folded before Flop
Seat 3: Hero folded before Flop (didn't bet)
Seat 4: 8644d94e folded before Flop (didn't bet)
Seat 5: ef132cd3 collected ($0.12)
Seat 6: 3a7adb7b (button) folded before Flop (didn't bet)


Poker Hand #HD1208494722: Hold'em No Limit  ($0.02/$0.05) - 2023/04/18 22:45:20
Table 'NLHBlue50' 6-max Seat #5 is the button
Seat 1: 9242e8c5 ($5.05 in chips)
Seat 2: e4f5fc0a ($5.21 in chips)
Seat 3: Hero ($6.17 in chips)
Seat 4: 8644d94e ($5.62 in chips)
Seat 5: ef132cd3 ($5 in chips)
Seat 6: 3a7adb7b ($5.26 in chips)
3a7adb7b: posts small blind $0.02
9242e8c5: posts big blind $0.05
*** HOLE CARDS ***
Dealt to 9242e8c5 
Dealt to e4f5fc0a 
Dealt to Hero [Tc Js]
Dealt to 8644d94e 
Dealt to ef132cd3 
Dealt to 3a7adb7b 
e4f5fc0a: folds
Hero: folds
8644d94e: folds
ef132cd3: raises $0.1 to $0.15
3a7adb7b: folds
9242e8c5: folds
Uncalled bet ($0.1) returned to ef132cd3
*** SHOWDOWN ***
ef132cd3 collected $0.12 from pot
*** SUMMARY ***
Total pot $0.12 | Rake $0 | Jackpot $0 | Bingo $0 | Fortune $0
Seat 1: 9242e8c5 (big blind) folded before Flop
Seat 2: e4f5fc0a folded before Flop (didn't bet)
Seat 3: Hero folded before Flop (didn't bet)
Seat 4: 8644d94e folded before Flop (didn't bet)
Seat 5: ef132cd3 (button) collected ($0.12)
Seat 6: 3a7adb7b (small blind) folded before Flop


Poker Hand #HD1208494696: Hold'em No Limit  ($0.02/$0.05) - 2023/04/18 22:45:06
Table 'NLHBlue50' 6-max Seat #4 is the button
Seat 1: 9242e8c5 ($5.05 in chips)
Seat 2: e4f5fc0a ($5.21 in chips)
Seat 3: Hero ($6.17 in chips)
Seat 4: 8644d94e ($5.62 in chips)
Seat 5: ef132cd3 ($5 in chips)
Seat 6: 3a7adb7b ($5.24 in chips)
ef132cd3: posts small blind $0.02
3a7adb7b: posts big blind $0.05
*** HOLE CARDS ***
Dealt to 9242e8c5 
Dealt to e4f5fc0a 
Dealt to Hero [9c 6d]
Dealt to 8644d94e 
Dealt to ef132cd3 
Dealt to 3a7adb7b 
9242e8c5: folds
e4f5fc0a: folds
Hero: folds
8644d94e: folds
ef132cd3: folds
Uncalled bet ($0.03) returned to 3a7adb7b
*** SHOWDOWN ***
3a7adb7b collected $0.04 from pot
*** SUMMARY ***
Total pot $0.04 | Rake $0 | Jackpot $0 | Bingo $0 | Fortune $0
Seat 1: 9242e8c5 folded before Flop (didn't bet)
Seat 2: e4f5fc0a folded before Flop (didn't bet)
Seat 3: Hero folded before Flop (didn't bet)
Seat 4: 8644d94e (button) folded before Flop (didn't bet)
Seat 5: ef132cd3 (small blind) folded before Flop
Seat 6: 3a7adb7b (big blind) collected ($0.04)


Poker Hand #HD1208494661: Hold'em No Limit  ($0.02/$0.05) - 2023/04/18 22:44:49
Table 'NLHBlue50' 6-max Seat #3 is the button
Seat 1: 9242e8c5 ($5.05 in chips)
Seat 2: e4f5fc0a ($5.14 in chips)
Seat 3: Hero ($6.17 in chips)
Seat 4: 8644d94e ($5.64 in chips)
Seat 5: ef132cd3 ($5 in chips)
Seat 6: 3a7adb7b ($5.24 in chips)
8644d94e: posts small blind $0.02
ef132cd3: posts big blind $0.05
*** HOLE CARDS ***
Dealt to 9242e8c5 
Dealt to e4f5fc0a 
Dealt to Hero [2s 2h]
Dealt to 8644d94e 
Dealt to ef132cd3 
Dealt to 3a7adb7b 
3a7adb7b: folds
9242e8c5: folds
e4f5fc0a: raises $0.08 to $0.13
Hero: folds
8644d94e: folds
ef132cd3: folds
Uncalled bet ($0.08) returned to e4f5fc0a
*** SHOWDOWN ***
e4f5fc0a collected $0.12 from pot
*** SUMMARY ***
Total pot $0.12 | Rake $0 | Jackpot $0 | Bingo $0 | Fortune $0
Seat 1: 9242e8c5 folded before Flop (didn't bet)
Seat 2: e4f5fc0a collected ($0.12)
Seat 3: Hero (button) folded before Flop (didn't bet)
Seat 4: 8644d94e (small blind) folded before Flop
Seat 5: ef132cd3 (big blind) folded before Flop
Seat 6: 3a7adb7b folded before Flop (didn't bet)


Poker Hand #HD1208494626: Hold'em No Limit  ($0.02/$0.05) - 2023/04/18 22:44:29
Table 'NLHBlue50' 6-max Seat #2 is the button
Seat 1: 9242e8c5 ($5.05 in chips)
Seat 2: e4f5fc0a ($5.07 in chips)
Seat 3: Hero ($6.19 in chips)
Seat 4: 8644d94e ($5.69 in chips)
Seat 5: ef132cd3 ($5 in chips)
Seat 6: 3a7adb7b ($5.24 in chips)
Hero: posts small blind $0.02
8644d94e: posts big blind $0.05
*** HOLE CARDS ***
Dealt to 9242e8c5 
Dealt to e4f5fc0a 
Dealt to Hero [8d 4c]
Dealt to 8644d94e 
Dealt to ef132cd3 
Dealt to 3a7adb7b 
ef132cd3: folds
3a7adb7b: folds
9242e8c5: folds
e4f5fc0a: raises $0.08 to $0.13
Hero: folds
8644d94e: folds
Uncalled bet ($0.08) returned to e4f5fc0a
*** SHOWDOWN ***
e4f5fc0a collected $0.12 from pot
*** SUMMARY ***
Total pot $0.12 | Rake $0 | Jackpot $0 | Bingo $0 | Fortune $0
Seat 1: 9242e8c5 folded before Flop (didn't bet)
Seat 2: e4f5fc0a (button) collected ($0.12)
Seat 3: Hero (small blind) folded before Flop
Seat 4: 8644d94e (big blind) folded before Flop
Seat 5: ef132cd3 folded before Flop (didn't bet)
Seat 6: 3a7adb7b folded before Flop (didn't bet)


Poker Hand #HD1208494559: Hold'em No Limit  ($0.02/$0.05) - 2023/04/18 22:43:55
Table 'NLHBlue50' 6-max Seat #1 is the button
Seat 1: 9242e8c5 ($5.05 in chips)
Seat 2: e4f5fc0a ($5.02 in chips)
Seat 3: Hero ($6.24 in chips)
Seat 4: 8644d94e ($5.69 in chips)
Seat 5: ef132cd3 ($5 in chips)
Seat 6: 3a7adb7b ($5.24 in chips)
e4f5fc0a: posts small blind $0.02
Hero: posts big blind $0.05
*** HOLE CARDS ***
Dealt to 9242e8c5 
Dealt to e4f5fc0a 
Dealt to Hero [2s 5d]
Dealt to 8644d94e 
Dealt to ef132cd3 
Dealt to 3a7adb7b 
8644d94e: folds
ef132cd3: folds
3a7adb7b: folds
9242e8c5: folds
e4f5fc0a: raises $0.08 to $0.13
Hero: folds
Uncalled bet ($0.08) returned to e4f5fc0a
*** SHOWDOWN ***
e4f5fc0a collected $0.1 from pot
*** SUMMARY ***
Total pot $0.1 | Rake $0 | Jackpot $0 | Bingo $0 | Fortune $0
Seat 1: 9242e8c5 (button) folded before Flop (didn't bet)
Seat 2: e4f5fc0a (small blind) collected ($0.1)
Seat 3: Hero (big blind) folded before Flop
Seat 4: 8644d94e folded before Flop (didn't bet)
Seat 5: ef132cd3 folded before Flop (didn't bet)
Seat 6: 3a7adb7b folded before Flop (didn't bet)


Poker Hand #HD1208494536: Hold'em No Limit  ($0.02/$0.05) - 2023/04/18 22:43:41
Table 'NLHBlue50' 6-max Seat #6 is the button
Seat 1: 9242e8c5 ($5 in chips)
Seat 2: e4f5fc0a ($5.07 in chips)
Seat 3: Hero ($6.24 in chips)
Seat 4: 8644d94e ($5.69 in chips)
Seat 5: ef132cd3 ($5 in chips)
Seat 6: 3a7adb7b ($5.24 in chips)
9242e8c5: posts small blind $0.02
e4f5fc0a: posts big blind $0.05
*** HOLE CARDS ***
Dealt to 9242e8c5 
Dealt to e4f5fc0a 
Dealt to Hero [Ad 7h]
Dealt to 8644d94e 
Dealt to ef132cd3 
Dealt to 3a7adb7b 
Hero: folds
8644d94e: folds
ef132cd3: folds
3a7adb7b: folds
9242e8c5: raises $0.1 to $0.15
e4f5fc0a: folds
Uncalled bet ($0.1) returned to 9242e8c5
*** SHOWDOWN ***
9242e8c5 collected $0.1 from pot
*** SUMMARY ***
Total pot $0.1 | Rake $0 | Jackpot $0 | Bingo $0 | Fortune $0
Seat 1: 9242e8c5 (small blind) collected ($0.1)
Seat 2: e4f5fc0a (big blind) folded before Flop
Seat 3: Hero folded before Flop (didn't bet)
Seat 4: 8644d94e folded before Flop (didn't bet)
Seat 5: ef132cd3 folded before Flop (didn't bet)
Seat 6: 3a7adb7b (button) folded before Flop (didn't bet)


Poker Hand #HD1208494457: Hold'em No Limit  ($0.02/$0.05) - 2023/04/18 22:42:58
Table 'NLHBlue50' 6-max Seat #5 is the button
Seat 1: 9242e8c5 ($5 in chips)
Seat 2: e4f5fc0a ($5.07 in chips)
Seat 3: Hero ($6.24 in chips)
Seat 4: 8644d94e ($5 in chips)
Seat 5: ef132cd3 ($5 in chips)
Seat 6: 3a7adb7b ($5.26 in chips)
3a7adb7b: posts small blind $0.02
9242e8c5: posts big blind $0.05
*** HOLE CARDS ***
Dealt to 9242e8c5 
Dealt to e4f5fc0a 
Dealt to Hero [Ts 7s]
Dealt to 8644d94e 
Dealt to ef132cd3 
Dealt to 3a7adb7b 
e4f5fc0a: folds
Hero: folds
8644d94e: raises $0.05 to $0.1
ef132cd3: calls $0.1
3a7adb7b: folds
9242e8c5: calls $0.05
*** FLOP *** [Th Qs Tc]
9242e8c5: checks
8644d94e: bets $0.11
ef132cd3: calls $0.11
9242e8c5: folds
*** TURN *** [Th Qs Tc] [Qh]
8644d94e: bets $0.18
ef132cd3: calls $0.18
*** RIVER *** [Th Qs Tc Qh] [2d]
8644d94e: bets $0.3
ef132cd3: calls $0.3
8644d94e: shows [Ac Ad] (Pair of Aces and Pair of Queens)
ef132cd3: shows [As Js] (Pair of Queens and Pair of Tens)
*** SHOWDOWN ***
8644d94e collected $1.38 from pot
*** SUMMARY ***
Total pot $1.5 | Rake $0.07 | Jackpot $0.05 | Bingo $0 | Fortune $0
Board [Th Qs Tc Qh 2d]
Seat 1: 9242e8c5 (big blind) folded on the Flop
Seat 2: e4f5fc0a folded before Flop (didn't bet)
Seat 3: Hero folded before Flop (didn't bet)
Seat 4: 8644d94e showed [Ac Ad] and won ($1.38) with Pair of Aces and Pair of Queens
Seat 5: ef132cd3 (button) showed [As Js] and lost with Pair of Queens and Pair of Tens
Seat 6: 3a7adb7b (small blind) folded before Flop


Poker Hand #HD1208494379: Hold'em No Limit  ($0.02/$0.05) - 2023/04/18 22:42:14
Table 'NLHBlue50' 6-max Seat #4 is the button
Seat 1: 9242e8c5 ($5 in chips)
Seat 2: e4f5fc0a ($5.07 in chips)
Seat 3: Hero ($6.24 in chips)
Seat 4: 8644d94e ($4.98 in chips)
Seat 5: ef132cd3 ($5.2 in chips)
Seat 6: 3a7adb7b ($4.85 in chips)
ef132cd3: posts small blind $0.02
3a7adb7b: posts big blind $0.05
*** HOLE CARDS ***
Dealt to 9242e8c5 
Dealt to e4f5fc0a 
Dealt to Hero [3h 2c]
Dealt to 8644d94e 
Dealt to ef132cd3 
Dealt to 3a7adb7b 
9242e8c5: folds
e4f5fc0a: folds
Hero: folds
8644d94e: folds
ef132cd3: raises $0.1 to $0.15
3a7adb7b: calls $0.1
*** FLOP *** [5d 5h 8s]
ef132cd3: bets $0.1
3a7adb7b: raises $0.2 to $0.3
ef132cd3: calls $0.2
*** TURN *** [5d 5h 8s] [6c]
ef132cd3: checks
3a7adb7b: bets $0.45
ef132cd3: folds
Uncalled bet ($0.45) returned to 3a7adb7b
*** SHOWDOWN ***
3a7adb7b collected $0.86 from pot
*** SUMMARY ***
Total pot $0.9 | Rake $0.04 | Jackpot $0 | Bingo $0 | Fortune $0
Board [5d 5h 8s 6c]
Seat 1: 9242e8c5 folded before Flop (didn't bet)
Seat 2: e4f5fc0a folded before Flop (didn't bet)
Seat 3: Hero folded before Flop (didn't bet)
Seat 4: 8644d94e (button) folded before Flop (didn't bet)
Seat 5: ef132cd3 (small blind) folded on the Turn
Seat 6: 3a7adb7b (big blind) won ($0.86)


Poker Hand #HD1208494327: Hold'em No Limit  ($0.02/$0.05) - 2023/04/18 22:41:43
Table 'NLHBlue50' 6-max Seat #3 is the button
Seat 1: 9242e8c5 ($5 in chips)
Seat 2: e4f5fc0a ($5.07 in chips)
Seat 3: Hero ($6.24 in chips)
Seat 4: 8644d94e ($5 in chips)
Seat 5: ef132cd3 ($5.18 in chips)
Seat 6: 3a7adb7b ($4.85 in chips)
8644d94e: posts small blind $0.02
ef132cd3: posts big blind $0.05
*** HOLE CARDS ***
Dealt to 9242e8c5 
Dealt to e4f5fc0a 
Dealt to Hero [7c 8h]
Dealt to 8644d94e 
Dealt to ef132cd3 
Dealt to 3a7adb7b 
3a7adb7b: folds
9242e8c5: folds
e4f5fc0a: folds
Hero: folds
8644d94e: folds
Uncalled bet ($0.03) returned to ef132cd3
*** SHOWDOWN ***
ef132cd3 collected $0.04 from pot
*** SUMMARY ***
Total pot $0.04 | Rake $0 | Jackpot $0 | Bingo $0 | Fortune $0
Seat 1: 9242e8c5 folded before Flop (didn't bet)
Seat 2: e4f5fc0a folded before Flop (didn't bet)
Seat 3: Hero (button) folded before Flop (didn't bet)
Seat 4: 8644d94e (small blind) folded before Flop
Seat 5: ef132cd3 (big blind) collected ($0.04)
Seat 6: 3a7adb7b folded before Flop (didn't bet)


Poker Hand #HD1208494303: Hold'em No Limit  ($0.02/$0.05) - 2023/04/18 22:41:29
Table 'NLHBlue50' 6-max Seat #2 is the button
Seat 1: 9242e8c5 ($5 in chips)
Seat 2: e4f5fc0a ($5 in chips)
Seat 3: Hero ($6.26 in chips)
Seat 4: 8644d94e ($5 in chips)
Seat 5: ef132cd3 ($5.18 in chips)
Seat 6: 3a7adb7b ($4.85 in chips)
Hero: posts small blind $0.02
8644d94e: posts big blind $0.05
*** HOLE CARDS ***
Dealt to 9242e8c5 
Dealt to e4f5fc0a 
Dealt to Hero [Ts 6s]
Dealt to 8644d94e 
Dealt to ef132cd3 
Dealt to 3a7adb7b 
ef132cd3: folds
3a7adb7b: folds
9242e8c5: folds
e4f5fc0a: raises $0.08 to $0.13
Hero: folds
8644d94e: folds
Uncalled bet ($0.08) returned to e4f5fc0a
*** SHOWDOWN ***
e4f5fc0a collected $0.12 from pot
*** SUMMARY ***
Total pot $0.12 | Rake $0 | Jackpot $0 | Bingo $0 | Fortune $0
Seat 1: 9242e8c5 folded before Flop (didn't bet)
Seat 2: e4f5fc0a (button) collected ($0.12)
Seat 3: Hero (small blind) folded before Flop
Seat 4: 8644d94e (big blind) folded before Flop
Seat 5: ef132cd3 folded before Flop (didn't bet)
Seat 6: 3a7adb7b folded before Flop (didn't bet)


Poker Hand #HD1208494284: Hold'em No Limit  ($0.02/$0.05) - 2023/04/18 22:41:16
Table 'NLHBlue50' 6-max Seat #1 is the button
Seat 1: 9242e8c5 ($5 in chips)
Seat 2: e4f5fc0a ($5 in chips)
Seat 3: Hero ($6.24 in chips)
Seat 4: 8644d94e ($5 in chips)
Seat 5: ef132cd3 ($5.18 in chips)
Seat 6: 3a7adb7b ($4.85 in chips)
e4f5fc0a: posts small blind $0.02
Hero: posts big blind $0.05
*** HOLE CARDS ***
Dealt to 9242e8c5 
Dealt to e4f5fc0a 
Dealt to Hero [7s 8c]
Dealt to 8644d94e 
Dealt to ef132cd3 
Dealt to 3a7adb7b 
8644d94e: folds
ef132cd3: folds
3a7adb7b: folds
9242e8c5: folds
e4f5fc0a: folds
Uncalled bet ($0.03) returned to Hero
*** SHOWDOWN ***
Hero collected $0.04 from pot
*** SUMMARY ***
Total pot $0.04 | Rake $0 | Jackpot $0 | Bingo $0 | Fortune $0
Seat 1: 9242e8c5 (button) folded before Flop (didn't bet)
Seat 2: e4f5fc0a (small blind) folded before Flop
Seat 3: Hero (big blind) collected ($0.04)
Seat 4: 8644d94e folded before Flop (didn't bet)
Seat 5: ef132cd3 folded before Flop (didn't bet)
Seat 6: 3a7adb7b folded before Flop (didn't bet)


Poker Hand #HD1208494240: Hold'em No Limit  ($0.02/$0.05) - 2023/04/18 22:40:56
Table 'NLHBlue50' 6-max Seat #6 is the button
Seat 1: 9242e8c5 ($5.02 in chips)
Seat 2: e4f5fc0a ($5 in chips)
Seat 3: Hero ($6.24 in chips)
Seat 4: 8644d94e ($5 in chips)
Seat 5: ef132cd3 ($5.11 in chips)
Seat 6: 3a7adb7b ($4.85 in chips)
9242e8c5: posts small blind $0.02
e4f5fc0a: posts big blind $0.05
*** HOLE CARDS ***
Dealt to 9242e8c5 
Dealt to e4f5fc0a 
Dealt to Hero [Jh Ks]
Dealt to 8644d94e 
Dealt to ef132cd3 
Dealt to 3a7adb7b 
Hero: folds
8644d94e: folds
ef132cd3: raises $0.1 to $0.15
3a7adb7b: folds
9242e8c5: folds
e4f5fc0a: folds
Uncalled bet ($0.1) returned to ef132cd3
*** SHOWDOWN ***
ef132cd3 collected $0.12 from pot
*** SUMMARY ***
Total pot $0.12 | Rake $0 | Jackpot $0 | Bingo $0 | Fortune $0
Seat 1: 9242e8c5 (small blind) folded before Flop
Seat 2: e4f5fc0a (big blind) folded before Flop
Seat 3: Hero folded before Flop (didn't bet)
Seat 4: 8644d94e folded before Flop (didn't bet)
Seat 5: ef132cd3 collected ($0.12)
Seat 6: 3a7adb7b (button) folded before Flop (didn't bet)


Poker Hand #HD1208494224: Hold'em No Limit  ($0.02/$0.05) - 2023/04/18 22:40:45
Table 'NLHBlue50' 6-max Seat #5 is the button
Seat 1: 9242e8c5 ($5 in chips)
Seat 2: e4f5fc0a ($5 in chips)
Seat 3: Hero ($6.24 in chips)
Seat 4: 8644d94e ($5 in chips)
Seat 5: ef132cd3 ($5.11 in chips)
Seat 6: 3a7adb7b ($4.87 in chips)
3a7adb7b: posts small blind $0.02
9242e8c5: posts big blind $0.05
*** HOLE CARDS ***
Dealt to 9242e8c5 
Dealt to e4f5fc0a 
Dealt to Hero [Kd 6c]
Dealt to 8644d94e 
Dealt to ef132cd3 
Dealt to 3a7adb7b 
e4f5fc0a: folds
Hero: folds
8644d94e: folds
ef132cd3: folds
3a7adb7b: folds
Uncalled bet ($0.03) returned to 9242e8c5
*** SHOWDOWN ***
9242e8c5 collected $0.04 from pot
*** SUMMARY ***
Total pot $0.04 | Rake $0 | Jackpot $0 | Bingo $0 | Fortune $0
Seat 1: 9242e8c5 (big blind) collected ($0.04)
Seat 2: e4f5fc0a folded before Flop (didn't bet)
Seat 3: Hero folded before Flop (didn't bet)
Seat 4: 8644d94e folded before Flop (didn't bet)
Seat 5: ef132cd3 (button) folded before Flop (didn't bet)
Seat 6: 3a7adb7b (small blind) folded before Flop


Poker Hand #HD1208494203: Hold'em No Limit  ($0.02/$0.05) - 2023/04/18 22:40:33
Table 'NLHBlue50' 6-max Seat #4 is the button
Seat 2: e4f5fc0a ($5 in chips)
Seat 3: Hero ($6.24 in chips)
Seat 4: 8644d94e ($5 in chips)
Seat 5: ef132cd3 ($5.13 in chips)
Seat 6: 3a7adb7b ($4.85 in chips)
ef132cd3: posts small blind $0.02
3a7adb7b: posts big blind $0.05
*** HOLE CARDS ***
Dealt to e4f5fc0a 
Dealt to Hero [6d 8h]
Dealt to 8644d94e 
Dealt to ef132cd3 
Dealt to 3a7adb7b 
e4f5fc0a: folds
Hero: folds
8644d94e: folds
ef132cd3: folds
Uncalled bet ($0.03) returned to 3a7adb7b
*** SHOWDOWN ***
3a7adb7b collected $0.04 from pot
*** SUMMARY ***
Total pot $0.04 | Rake $0 | Jackpot $0 | Bingo $0 | Fortune $0
Seat 2: e4f5fc0a folded before Flop (didn't bet)
Seat 3: Hero folded before Flop (didn't bet)
Seat 4: 8644d94e (button) folded before Flop (didn't bet)
Seat 5: ef132cd3 (small blind) folded before Flop
Seat 6: 3a7adb7b (big blind) collected ($0.04)


Poker Hand #HD1208494131: Hold'em No Limit  ($0.02/$0.05) - 2023/04/18 22:39:48
Table 'NLHBlue50' 6-max Seat #3 is the button
Seat 1: 506872f6 ($7.52 in chips)
Seat 2: e4f5fc0a ($5.07 in chips)
Seat 3: Hero ($5.48 in chips)
Seat 4: 8644d94e ($4.95 in chips)
Seat 5: ef132cd3 ($5.18 in chips)
Seat 6: 3a7adb7b ($4.85 in chips)
8644d94e: posts small blind $0.02
ef132cd3: posts big blind $0.05
*** HOLE CARDS ***
Dealt to 506872f6 
Dealt to e4f5fc0a 
Dealt to Hero [Ac Ad]
Dealt to 8644d94e 
Dealt to ef132cd3 
Dealt to 3a7adb7b 
3a7adb7b: folds
506872f6: folds
e4f5fc0a: raises $0.08 to $0.13
Hero: raises $0.25 to $0.38
8644d94e: folds
ef132cd3: folds
e4f5fc0a: calls $0.25
*** FLOP *** [8s 4s 2h]
e4f5fc0a: checks
Hero: bets $0.44
e4f5fc0a: calls $0.44
*** TURN *** [8s 4s 2h] [4d]
e4f5fc0a: checks
Hero: bets $1
e4f5fc0a: folds
Uncalled bet ($1) returned to Hero
*** SHOWDOWN ***
Hero collected $1.58 from pot
*** SUMMARY ***
Total pot $1.71 | Rake $0.08 | Jackpot $0.05 | Bingo $0 | Fortune $0
Board [8s 4s 2h 4d]
Seat 1: 506872f6 folded before Flop (didn't bet)
Seat 2: e4f5fc0a folded on the Turn
Seat 3: Hero (button) won ($1.58)
Seat 4: 8644d94e (small blind) folded before Flop
Seat 5: ef132cd3 (big blind) folded before Flop
Seat 6: 3a7adb7b folded before Flop (didn't bet)


Poker Hand #HD1208494097: Hold'em No Limit  ($0.02/$0.05) - 2023/04/18 22:39:32
Table 'NLHBlue50' 6-max Seat #2 is the button
Seat 1: 506872f6 ($7.52 in chips)
Seat 2: e4f5fc0a ($5.07 in chips)
Seat 3: Hero ($5.5 in chips)
Seat 4: 8644d94e ($5 in chips)
Seat 5: ef132cd3 ($5.18 in chips)
Seat 6: 3a7adb7b ($4.78 in chips)
Hero: posts small blind $0.02
8644d94e: posts big blind $0.05
*** HOLE CARDS ***
Dealt to 506872f6 
Dealt to e4f5fc0a 
Dealt to Hero [7h Js]
Dealt to 8644d94e 
Dealt to ef132cd3 
Dealt to 3a7adb7b 
ef132cd3: folds
3a7adb7b: raises $0.1 to $0.15
506872f6: folds
e4f5fc0a: folds
Hero: folds
8644d94e: folds
Uncalled bet ($0.1) returned to 3a7adb7b
*** SHOWDOWN ***
3a7adb7b collected $0.12 from pot
*** SUMMARY ***
Total pot $0.12 | Rake $0 | Jackpot $0 | Bingo $0 | Fortune $0
Seat 1: 506872f6 folded before Flop (didn't bet)
Seat 2: e4f5fc0a (button) folded before Flop (didn't bet)
Seat 3: Hero (small blind) folded before Flop
Seat 4: 8644d94e (big blind) folded before Flop
Seat 5: ef132cd3 folded before Flop (didn't bet)
Seat 6: 3a7adb7b collected ($0.12)


Poker Hand #HD1208494065: Hold'em No Limit  ($0.02/$0.05) - 2023/04/18 22:39:16
Table 'NLHBlue50' 6-max Seat #1 is the button
Seat 1: 506872f6 ($7.45 in chips)
Seat 2: e4f5fc0a ($5.09 in chips)
Seat 3: Hero ($5.55 in chips)
Seat 5: ef132cd3 ($5.18 in chips)
Seat 6: 3a7adb7b ($4.78 in chips)
e4f5fc0a: posts small blind $0.02
Hero: posts big blind $0.05
*** HOLE CARDS ***
Dealt to 506872f6 
Dealt to e4f5fc0a 
Dealt to Hero [8d 3h]
Dealt to ef132cd3 
Dealt to 3a7adb7b 
ef132cd3: folds
3a7adb7b: folds
506872f6: raises $0.1 to $0.15
e4f5fc0a: folds
Hero: folds
Uncalled bet ($0.1) returned to 506872f6
*** SHOWDOWN ***
506872f6 collected $0.12 from pot
*** SUMMARY ***
Total pot $0.12 | Rake $0 | Jackpot $0 | Bingo $0 | Fortune $0
Seat 1: 506872f6 (button) collected ($0.12)
Seat 2: e4f5fc0a (small blind) folded before Flop
Seat 3: Hero (big blind) folded before Flop
Seat 5: ef132cd3 folded before Flop (didn't bet)
Seat 6: 3a7adb7b folded before Flop (didn't bet)


Poker Hand #HD1208494043: Hold'em No Limit  ($0.02/$0.05) - 2023/04/18 22:39:04
Table 'NLHBlue50' 6-max Seat #6 is the button
Seat 1: 506872f6 ($7.47 in chips)
Seat 2: e4f5fc0a ($5.07 in chips)
Seat 3: Hero ($5.55 in chips)
Seat 5: ef132cd3 ($5.18 in chips)
Seat 6: 3a7adb7b ($4.78 in chips)
506872f6: posts small blind $0.02
e4f5fc0a: posts big blind $0.05
*** HOLE CARDS ***
Dealt to 506872f6 
Dealt to e4f5fc0a 
Dealt to Hero [2h 5d]
Dealt to ef132cd3 
Dealt to 3a7adb7b 
Hero: folds
ef132cd3: folds
3a7adb7b: folds
506872f6: folds
Uncalled bet ($0.03) returned to e4f5fc0a
*** SHOWDOWN ***
e4f5fc0a collected $0.04 from pot
*** SUMMARY ***
Total pot $0.04 | Rake $0 | Jackpot $0 | Bingo $0 | Fortune $0
Seat 1: 506872f6 (small blind) folded before Flop
Seat 2: e4f5fc0a (big blind) collected ($0.04)
Seat 3: Hero folded before Flop (didn't bet)
Seat 5: ef132cd3 folded before Flop (didn't bet)
Seat 6: 3a7adb7b (button) folded before Flop (didn't bet)


Poker Hand #HD1208494014: Hold'em No Limit  ($0.02/$0.05) - 2023/04/18 22:38:51
Table 'NLHBlue50' 6-max Seat #5 is the button
Seat 1: 506872f6 ($7.52 in chips)
Seat 2: e4f5fc0a ($5 in chips)
Seat 3: Hero ($5.55 in chips)
Seat 5: ef132cd3 ($5.18 in chips)
Seat 6: 3a7adb7b ($4.8 in chips)
3a7adb7b: posts small blind $0.02
506872f6: posts big blind $0.05
*** HOLE CARDS ***
Dealt to 506872f6 
Dealt to e4f5fc0a 
Dealt to Hero [Jd 2d]
Dealt to ef132cd3 
Dealt to 3a7adb7b 
e4f5fc0a: raises $0.08 to $0.13
Hero: folds
ef132cd3: folds
3a7adb7b: folds
506872f6: folds
Uncalled bet ($0.08) returned to e4f5fc0a
*** SHOWDOWN ***
e4f5fc0a collected $0.12 from pot
*** SUMMARY ***
Total pot $0.12 | Rake $0 | Jackpot $0 | Bingo $0 | Fortune $0
Seat 1: 506872f6 (big blind) folded before Flop
Seat 2: e4f5fc0a collected ($0.12)
Seat 3: Hero folded before Flop (didn't bet)
Seat 5: ef132cd3 (button) folded before Flop (didn't bet)
Seat 6: 3a7adb7b (small blind) folded before Flop


Poker Hand #HD1208493972: Hold'em No Limit  ($0.02/$0.05) - 2023/04/18 22:38:21
Table 'NLHBlue50' 6-max Seat #3 is the button
Seat 1: 506872f6 ($7.52 in chips)
Seat 2: e4f5fc0a ($5 in chips)
Seat 3: Hero ($5.34 in chips)
Seat 4: 2de74dc1 ($1.79 in chips)
Seat 5: ef132cd3 ($5.23 in chips)
Seat 6: 3a7adb7b ($4.95 in chips)
2de74dc1: posts small blind $0.02
ef132cd3: posts big blind $0.05
*** HOLE CARDS ***
Dealt to 506872f6 
Dealt to e4f5fc0a 
Dealt to Hero [Ac As]
Dealt to 2de74dc1 
Dealt to ef132cd3 
Dealt to 3a7adb7b 
3a7adb7b: raises $0.1 to $0.15
506872f6: folds
e4f5fc0a: folds
Hero: raises $0.27 to $0.42
2de74dc1: folds
ef132cd3: folds
3a7adb7b: folds
Uncalled bet ($0.27) returned to Hero
*** SHOWDOWN ***
Hero collected $0.36 from pot
*** SUMMARY ***
Total pot $0.37 | Rake $0.01 | Jackpot $0 | Bingo $0 | Fortune $0
Seat 1: 506872f6 folded before Flop (didn't bet)
Seat 2: e4f5fc0a folded before Flop (didn't bet)
Seat 3: Hero (button) collected ($0.36)
Seat 4: 2de74dc1 (small blind) folded before Flop
Seat 5: ef132cd3 (big blind) folded before Flop
Seat 6: 3a7adb7b folded before Flop


Poker Hand #HD1208493912: Hold'em No Limit  ($0.02/$0.05) - 2023/04/18 22:37:46
Table 'NLHBlue50' 6-max Seat #2 is the button
Seat 1: 506872f6 ($7.52 in chips)
Seat 2: e4f5fc0a ($5 in chips)
Seat 3: Hero ($5.36 in chips)
Seat 4: 2de74dc1 ($1.94 in chips)
Seat 5: ef132cd3 ($5.07 in chips)
Seat 6: 3a7adb7b ($4.95 in chips)
Hero: posts small blind $0.02
2de74dc1: posts big blind $0.05
*** HOLE CARDS ***
Dealt to 506872f6 
Dealt to e4f5fc0a 
Dealt to Hero [4h 9s]
Dealt to 2de74dc1 
Dealt to ef132cd3 
Dealt to 3a7adb7b 
ef132cd3: raises $0.1 to $0.15
3a7adb7b: folds
506872f6: folds
e4f5fc0a: folds
Hero: folds
2de74dc1: calls $0.1
*** FLOP *** [6d 7c 9c]
2de74dc1: checks
ef132cd3: checks
*** TURN *** [6d 7c 9c] [3c]
2de74dc1: checks
ef132cd3: checks
*** RIVER *** [6d 7c 9c 3c] [Ad]
2de74dc1: checks
ef132cd3: bets $0.24
2de74dc1: folds
Uncalled bet ($0.24) returned to ef132cd3
*** SHOWDOWN ***
ef132cd3 collected $0.31 from pot
*** SUMMARY ***
Total pot $0.32 | Rake $0.01 | Jackpot $0 | Bingo $0 | Fortune $0
Board [6d 7c 9c 3c Ad]
Seat 1: 506872f6 folded before Flop (didn't bet)
Seat 2: e4f5fc0a (button) folded before Flop (didn't bet)
Seat 3: Hero (small blind) folded before Flop
Seat 4: 2de74dc1 (big blind) folded on the River
Seat 5: ef132cd3 won ($0.31)
Seat 6: 3a7adb7b folded before Flop (didn't bet)


Poker Hand #HD1208493817: Hold'em No Limit  ($0.02/$0.05) - 2023/04/18 22:36:47
Table 'NLHBlue50' 6-max Seat #1 is the button
Seat 1: 506872f6 ($7.05 in chips)
Seat 2: e4f5fc0a ($5.01 in chips)
Seat 3: Hero ($5.41 in chips)
Seat 4: 2de74dc1 ($2.38 in chips)
Seat 5: ef132cd3 ($5.07 in chips)
Seat 6: 3a7adb7b ($4.95 in chips)
e4f5fc0a: posts small blind $0.02
Hero: posts big blind $0.05
*** HOLE CARDS ***
Dealt to 506872f6 
Dealt to e4f5fc0a 
Dealt to Hero [Kc 9s]
Dealt to 2de74dc1 
Dealt to ef132cd3 
Dealt to 3a7adb7b 
2de74dc1: calls $0.05
ef132cd3: folds
3a7adb7b: folds
506872f6: raises $0.2 to $0.25
e4f5fc0a: folds
Hero: folds
2de74dc1: calls $0.2
*** FLOP *** [4s Jd Js]
2de74dc1: checks
506872f6: checks
*** TURN *** [4s Jd Js] [3c]
2de74dc1: bets $0.19
506872f6: calls $0.19
*** RIVER *** [4s Jd Js 3c] [4d]
2de74dc1: checks
506872f6: checks
2de74dc1: shows [3h 5s] (Pair of Jacks and Pair of Fours)
506872f6: shows [Ad 9d] (Pair of Jacks and Pair of Fours)
*** SHOWDOWN ***
506872f6 collected $0.91 from pot
*** SUMMARY ***
Total pot $0.95 | Rake $0.04 | Jackpot $0 | Bingo $0 | Fortune $0
Board [4s Jd Js 3c 4d]
Seat 1: 506872f6 (button) showed [Ad 9d] and won ($0.91) with Pair of Jacks and Pair of Fours
Seat 2: e4f5fc0a (small blind) folded before Flop
Seat 3: Hero (big blind) folded before Flop
Seat 4: 2de74dc1 showed [3h 5s] and lost with Pair of Jacks and Pair of Fours
Seat 5: ef132cd3 folded before Flop (didn't bet)
Seat 6: 3a7adb7b folded before Flop (didn't bet)


Poker Hand #HD1208493702: Hold'em No Limit  ($0.02/$0.05) - 2023/04/18 22:35:35
Table 'NLHBlue50' 6-max Seat #6 is the button
Seat 1: 506872f6 ($7.1 in chips)
Seat 2: e4f5fc0a ($5.06 in chips)
Seat 3: Hero ($5.41 in chips)
Seat 4: 2de74dc1 ($2.19 in chips)
Seat 5: ef132cd3 ($5.07 in chips)
Seat 6: 3a7adb7b ($5.05 in chips)
506872f6: posts small blind $0.02
e4f5fc0a: posts big blind $0.05
*** HOLE CARDS ***
Dealt to 506872f6 
Dealt to e4f5fc0a 
Dealt to Hero [Kh 4d]
Dealt to 2de74dc1 
Dealt to ef132cd3 
Dealt to 3a7adb7b 
Hero: folds
2de74dc1: calls $0.05
ef132cd3: folds
3a7adb7b: calls $0.05
506872f6: calls $0.03
e4f5fc0a: checks
*** FLOP *** [5s Ks Kd]
506872f6: checks
e4f5fc0a: checks
2de74dc1: checks
3a7adb7b: checks
*** TURN *** [5s Ks Kd] [Td]
506872f6: checks
e4f5fc0a: checks
2de74dc1: checks
3a7adb7b: bets $0.05
506872f6: folds
e4f5fc0a: folds
2de74dc1: calls $0.05
*** RIVER *** [5s Ks Kd Td] [2h]
2de74dc1: bets $0.3
3a7adb7b: folds
Uncalled bet ($0.3) returned to 2de74dc1
*** SHOWDOWN ***
2de74dc1 collected $0.29 from pot
*** SUMMARY ***
Total pot $0.3 | Rake $0.01 | Jackpot $0 | Bingo $0 | Fortune $0
Board [5s Ks Kd Td 2h]
Seat 1: 506872f6 (small blind) folded on the Turn
Seat 2: e4f5fc0a (big blind) folded on the Turn
Seat 3: Hero folded before Flop (didn't bet)
Seat 4: 2de74dc1 won ($0.29)
Seat 5: ef132cd3 folded before Flop (didn't bet)
Seat 6: 3a7adb7b (button) folded on the River


Poker Hand #HD1208493634: Hold'em No Limit  ($0.02/$0.05) - 2023/04/18 22:34:56
Table 'NLHBlue50' 6-max Seat #5 is the button
Seat 1: 506872f6 ($5.57 in chips)
Seat 2: e4f5fc0a ($5.06 in chips)
Seat 3: Hero ($5.41 in chips)
Seat 4: 2de74dc1 ($3.92 in chips)
Seat 5: ef132cd3 ($5.07 in chips)
Seat 6: 3a7adb7b ($5.07 in chips)
3a7adb7b: posts small blind $0.02
506872f6: posts big blind $0.05
*** HOLE CARDS ***
Dealt to 506872f6 
Dealt to e4f5fc0a 
Dealt to Hero [Qs 3d]
Dealt to 2de74dc1 
Dealt to ef132cd3 
Dealt to 3a7adb7b 
e4f5fc0a: folds
Hero: folds
2de74dc1: calls $0.05
ef132cd3: folds
3a7adb7b: folds
506872f6: raises $0.2 to $0.25
2de74dc1: calls $0.2
*** FLOP *** [5d Ks 6d]
506872f6: bets $0.26
2de74dc1: calls $0.26
*** TURN *** [5d Ks 6d] [4d]
506872f6: bets $0.35
2de74dc1: calls $0.35
*** RIVER *** [5d Ks 6d 4d] [8h]
506872f6: bets $0.87
2de74dc1: calls $0.87
506872f6: shows [7s 7h] (Eights-High Straight)
2de74dc1: shows [Kc Qc] (Pair of Kings)
*** SHOWDOWN ***
506872f6 collected $3.26 from pot
*** SUMMARY ***
Total pot $3.48 | Rake $0.17 | Jackpot $0.05 | Bingo $0 | Fortune $0
Board [5d Ks 6d 4d 8h]
Seat 1: 506872f6 (big blind) showed [7s 7h] and won ($3.26) with Eights-High Straight
Seat 2: e4f5fc0a folded before Flop (didn't bet)
Seat 3: Hero folded before Flop (didn't bet)
Seat 4: 2de74dc1 showed [Kc Qc] and lost with Pair of Kings
Seat 5: ef132cd3 (button) folded before Flop (didn't bet)
Seat 6: 3a7adb7b (small blind) folded before Flop


Poker Hand #HD1208493579: Hold'em No Limit  ($0.02/$0.05) - 2023/04/18 22:34:25
Table 'NLHBlue50' 6-max Seat #4 is the button
Seat 1: 506872f6 ($5.57 in chips)
Seat 2: e4f5fc0a ($5.06 in chips)
Seat 3: Hero ($5.41 in chips)
Seat 4: 2de74dc1 ($3.97 in chips)
Seat 5: ef132cd3 ($5.09 in chips)
Seat 6: 3a7adb7b ($5 in chips)
ef132cd3: posts small blind $0.02
3a7adb7b: posts big blind $0.05
*** HOLE CARDS ***
Dealt to 506872f6 
Dealt to e4f5fc0a 
Dealt to Hero [Ks 7h]
Dealt to 2de74dc1 
Dealt to ef132cd3 
Dealt to 3a7adb7b 
506872f6: folds
e4f5fc0a: folds
Hero: folds
2de74dc1: calls $0.05
ef132cd3: folds
3a7adb7b: checks
*** FLOP *** [Jh Tc Js]
3a7adb7b: checks
2de74dc1: checks
*** TURN *** [Jh Tc Js] [Td]
3a7adb7b: checks
2de74dc1: checks
*** RIVER *** [Jh Tc Js Td] [7d]
3a7adb7b: checks
2de74dc1: checks
3a7adb7b: shows [2d Ah] (Pair of Jacks and Pair of Tens)
2de74dc1: shows [5s 9c] (Pair of Jacks and Pair of Tens)
*** SHOWDOWN ***
3a7adb7b collected $0.12 from pot
*** SUMMARY ***
Total pot $0.12 | Rake $0 | Jackpot $0 | Bingo $0 | Fortune $0
Board [Jh Tc Js Td 7d]
Seat 1: 506872f6 folded before Flop (didn't bet)
Seat 2: e4f5fc0a folded before Flop (didn't bet)
Seat 3: Hero folded before Flop (didn't bet)
Seat 4: 2de74dc1 (button) showed [5s 9c] and lost with Pair of Jacks and Pair of Tens
Seat 5: ef132cd3 (small blind) folded before Flop
Seat 6: 3a7adb7b (big blind) showed [2d Ah] and won ($0.12) with Pair of Jacks and Pair of Tens


Poker Hand #HD1208493506: Hold'em No Limit  ($0.02/$0.05) - 2023/04/18 22:33:43
Table 'NLHBlue50' 6-max Seat #3 is the button
Seat 1: 506872f6 ($5.57 in chips)
Seat 2: e4f5fc0a ($5.06 in chips)
Seat 3: Hero ($5.41 in chips)
Seat 4: 2de74dc1 ($4.07 in chips)
Seat 5: ef132cd3 ($5 in chips)
2de74dc1: posts small blind $0.02
ef132cd3: posts big blind $0.05
*** HOLE CARDS ***
Dealt to 506872f6 
Dealt to e4f5fc0a 
Dealt to Hero [7s 2d]
Dealt to 2de74dc1 
Dealt to ef132cd3 
506872f6: folds
e4f5fc0a: folds
Hero: folds
2de74dc1: calls $0.03
ef132cd3: checks
*** FLOP *** [5d Kh Qc]
2de74dc1: checks
ef132cd3: checks
*** TURN *** [5d Kh Qc] [4d]
2de74dc1: checks
ef132cd3: checks
*** RIVER *** [5d Kh Qc 4d] [6c]
2de74dc1: bets $0.05
ef132cd3: calls $0.05
2de74dc1: shows [8c 5c] (Pair of Fives)
ef132cd3: shows [Js 5h] (Pair of Fives)
*** SHOWDOWN ***
ef132cd3 collected $0.19 from pot
*** SUMMARY ***
Total pot $0.2 | Rake $0.01 | Jackpot $0 | Bingo $0 | Fortune $0
Board [5d Kh Qc 4d 6c]
Seat 1: 506872f6 folded before Flop (didn't bet)
Seat 2: e4f5fc0a folded before Flop (didn't bet)
Seat 3: Hero (button) folded before Flop (didn't bet)
Seat 4: 2de74dc1 (small blind) showed [8c 5c] and lost with Pair of Fives
Seat 5: ef132cd3 (big blind) showed [Js 5h] and won ($0.19) with Pair of Fives


Poker Hand #HD1208493486: Hold'em No Limit  ($0.02/$0.05) - 2023/04/18 22:33:34
Table 'NLHBlue50' 6-max Seat #2 is the button
Seat 1: 506872f6 ($5.57 in chips)
Seat 2: e4f5fc0a ($5.06 in chips)
Seat 3: Hero ($5.43 in chips)
Seat 4: 2de74dc1 ($4.05 in chips)
Hero: posts small blind $0.02
2de74dc1: posts big blind $0.05
*** HOLE CARDS ***
Dealt to 506872f6 
Dealt to e4f5fc0a 
Dealt to Hero [4c Js]
Dealt to 2de74dc1 
506872f6: folds
e4f5fc0a: folds
Hero: folds
Uncalled bet ($0.03) returned to 2de74dc1
*** SHOWDOWN ***
2de74dc1 collected $0.04 from pot
*** SUMMARY ***
Total pot $0.04 | Rake $0 | Jackpot $0 | Bingo $0 | Fortune $0
Seat 1: 506872f6 folded before Flop (didn't bet)
Seat 2: e4f5fc0a (button) folded before Flop (didn't bet)
Seat 3: Hero (small blind) folded before Flop
Seat 4: 2de74dc1 (big blind) collected ($0.04)


Poker Hand #HD1208493401: Hold'em No Limit  ($0.02/$0.05) - 2023/04/18 22:32:44
Table 'NLHBlue50' 6-max Seat #1 is the button
Seat 1: 506872f6 ($5.01 in chips)
Seat 2: e4f5fc0a ($5.08 in chips)
Seat 3: Hero ($5.48 in chips)
Seat 4: 2de74dc1 ($4.59 in chips)
e4f5fc0a: posts small blind $0.02
Hero: posts big blind $0.05
*** HOLE CARDS ***
Dealt to 506872f6 
Dealt to e4f5fc0a 
Dealt to Hero [3c Tc]
Dealt to 2de74dc1 
2de74dc1: calls $0.05
506872f6: raises $0.2 to $0.25
e4f5fc0a: folds
Hero: folds
2de74dc1: calls $0.2
*** FLOP *** [Kc 2d Qh]
2de74dc1: checks
506872f6: bets $0.29
2de74dc1: calls $0.29
*** TURN *** [Kc 2d Qh] [Jc]
2de74dc1: checks
506872f6: checks
*** RIVER *** [Kc 2d Qh Jc] [9h]
2de74dc1: checks
506872f6: checks
2de74dc1: shows [Ah 4s] (Ace-High)
506872f6: shows [Qd Ad] (Pair of Queens)
*** SHOWDOWN ***
506872f6 collected $1.1 from pot
*** SUMMARY ***
Total pot $1.15 | Rake $0.05 | Jackpot $0 | Bingo $0 | Fortune $0
Board [Kc 2d Qh Jc 9h]
Seat 1: 506872f6 (button) showed [Qd Ad] and won ($1.1) with Pair of Queens
Seat 2: e4f5fc0a (small blind) folded before Flop
Seat 3: Hero (big blind) folded before Flop
Seat 4: 2de74dc1 showed [Ah 4s] and lost with Ace-High


Poker Hand #HD1208493344: Hold'em No Limit  ($0.02/$0.05) - 2023/04/18 22:32:07
Table 'NLHBlue50' 6-max Seat #4 is the button
Seat 1: 506872f6 ($5 in chips)
Seat 2: e4f5fc0a ($5.08 in chips)
Seat 3: Hero ($5.48 in chips)
Seat 4: 2de74dc1 ($4.58 in chips)
Seat 6: 99c054d9 ($5.12 in chips)
99c054d9: posts small blind $0.02
506872f6: posts big blind $0.05
*** HOLE CARDS ***
Dealt to 506872f6 
Dealt to e4f5fc0a 
Dealt to Hero [2s Jc]
Dealt to 2de74dc1 
Dealt to 99c054d9 
e4f5fc0a: folds
Hero: folds
2de74dc1: calls $0.05
99c054d9: folds
506872f6: checks
*** FLOP *** [Tc 4s 5s]
506872f6: checks
2de74dc1: checks
*** TURN *** [Tc 4s 5s] [9d]
506872f6: checks
2de74dc1: checks
*** RIVER *** [Tc 4s 5s 9d] [5d]
506872f6: checks
2de74dc1: checks
506872f6: shows [7s Qh] (Pair of Fives)
2de74dc1: shows [Qd 2c] (Pair of Fives)
*** SHOWDOWN ***
506872f6 collected $0.06 from pot
2de74dc1 collected $0.06 from pot
*** SUMMARY ***
Total pot $0.12 | Rake $0 | Jackpot $0 | Bingo $0 | Fortune $0
Board [Tc 4s 5s 9d 5d]
Seat 1: 506872f6 (big blind) showed [7s Qh] and won ($0.06) with Pair of Fives
Seat 2: e4f5fc0a folded before Flop (didn't bet)
Seat 3: Hero folded before Flop (didn't bet)
Seat 4: 2de74dc1 (button) showed [Qd 2c] and won ($0.06) with Pair of Fives
Seat 6: 99c054d9 (small blind) folded before Flop


Poker Hand #HD1208493217: Hold'em No Limit  ($0.02/$0.05) - 2023/04/18 22:30:59
Table 'NLHBlue50' 6-max Seat #3 is the button
Seat 1: 506872f6 ($5 in chips)
Seat 2: e4f5fc0a ($5.08 in chips)
Seat 3: Hero ($5.48 in chips)
Seat 4: 2de74dc1 ($3.25 in chips)
Seat 5: 2138273c ($5 in chips)
Seat 6: 99c054d9 ($5.12 in chips)
2de74dc1: posts small blind $0.02
2138273c: posts big blind $0.05
*** HOLE CARDS ***
Dealt to 506872f6 
Dealt to e4f5fc0a 
Dealt to Hero [2c 7s]
Dealt to 2de74dc1 
Dealt to 2138273c 
Dealt to 99c054d9 
99c054d9: folds
506872f6: raises $0.1 to $0.15
e4f5fc0a: folds
Hero: folds
2de74dc1: calls $0.13
2138273c: folds
*** FLOP *** [8d 9c 6c]
2de74dc1: bets $0.18
506872f6: raises $0.54 to $0.72
2de74dc1: calls $0.54
*** TURN *** [8d 9c 6c] [5h]
2de74dc1: checks
506872f6: checks
*** RIVER *** [8d 9c 6c 5h] [2d]
2de74dc1: checks
506872f6: bets $0.6
2de74dc1: calls $0.6
506872f6: shows [Qh Qc] (Pair of Queens)
2de74dc1: shows [6d 8c] (Pair of Eights and Pair of Sixes)
*** SHOWDOWN ***
2de74dc1 collected $2.8 from pot
*** SUMMARY ***
Total pot $2.99 | Rake $0.14 | Jackpot $0.05 | Bingo $0 | Fortune $0
Board [8d 9c 6c 5h 2d]
Seat 1: 506872f6 showed [Qh Qc] and lost with Pair of Queens
Seat 2: e4f5fc0a folded before Flop (didn't bet)
Seat 3: Hero (button) folded before Flop (didn't bet)
Seat 4: 2de74dc1 (small blind) showed [6d 8c] and won ($2.8) with Pair of Eights and Pair of Sixes
Seat 5: 2138273c (big blind) folded before Flop
Seat 6: 99c054d9 folded before Flop (didn't bet)


Poker Hand #HD1208493117: Hold'em No Limit  ($0.02/$0.05) - 2023/04/18 22:29:58
Table 'NLHBlue50' 6-max Seat #2 is the button
Seat 1: 506872f6 ($5 in chips)
Seat 2: e4f5fc0a ($5.08 in chips)
Seat 3: Hero ($5.5 in chips)
Seat 4: 2de74dc1 ($2.31 in chips)
Seat 5: 2138273c ($5.88 in chips)
Seat 6: 99c054d9 ($5.12 in chips)
Hero: posts small blind $0.02
2de74dc1: posts big blind $0.05
*** HOLE CARDS ***
Dealt to 506872f6 
Dealt to e4f5fc0a 
Dealt to Hero [Jc 8c]
Dealt to 2de74dc1 
Dealt to 2138273c 
Dealt to 99c054d9 
2138273c: raises $0.1 to $0.15
99c054d9: folds
506872f6: folds
e4f5fc0a: folds
Hero: folds
2de74dc1: calls $0.1
*** FLOP *** [Th Tc 9d]
2de74dc1: bets $0.11
2138273c: raises $0.27 to $0.38
2de74dc1: calls $0.27
*** TURN *** [Th Tc 9d] [5c]
2de74dc1: checks
2138273c: bets $0.54
2de74dc1: calls $0.54
*** RIVER *** [Th Tc 9d 5c] [5h]
2de74dc1: checks
2138273c: checks
2de74dc1: shows [2d 9h] (Pair of Tens and Pair of Nines)
2138273c: shows [Kh Qd] (Pair of Tens and Pair of Fives)
*** SHOWDOWN ***
2de74dc1 collected $2.01 from pot
*** SUMMARY ***
Total pot $2.16 | Rake $0.1 | Jackpot $0.05 | Bingo $0 | Fortune $0
Board [Th Tc 9d 5c 5h]
Seat 1: 506872f6 folded before Flop (didn't bet)
Seat 2: e4f5fc0a (button) folded before Flop (didn't bet)
Seat 3: Hero (small blind) folded before Flop
Seat 4: 2de74dc1 (big blind) showed [2d 9h] and won ($2.01) with Pair of Tens and Pair of Nines
Seat 5: 2138273c showed [Kh Qd] and lost with Pair of Tens and Pair of Fives
Seat 6: 99c054d9 folded before Flop (didn't bet)


Poker Hand #HD1208492975: Hold'em No Limit  ($0.02/$0.05) - 2023/04/18 22:28:42
Table 'NLHBlue50' 6-max Seat #1 is the button
Seat 1: 506872f6 ($5 in chips)
Seat 2: e4f5fc0a ($5.1 in chips)
Seat 3: Hero ($5.55 in chips)
Seat 4: 2de74dc1 ($2.24 in chips)
Seat 5: 2138273c ($5.88 in chips)
Seat 6: 99c054d9 ($5.12 in chips)
e4f5fc0a: posts small blind $0.02
Hero: posts big blind $0.05
*** HOLE CARDS ***
Dealt to 506872f6 
Dealt to e4f5fc0a 
Dealt to Hero [Jd Th]
Dealt to 2de74dc1 
Dealt to 2138273c 
Dealt to 99c054d9 
2de74dc1: calls $0.05
2138273c: folds
99c054d9: folds
506872f6: folds
e4f5fc0a: folds
Hero: checks
*** FLOP *** [Qs Ac 7c]
Hero: checks
2de74dc1: checks
*** TURN *** [Qs Ac 7c] [As]
Hero: checks
2de74dc1: bets $0.06
Hero: folds
Uncalled bet ($0.06) returned to 2de74dc1
*** SHOWDOWN ***
2de74dc1 collected $0.12 from pot
*** SUMMARY ***
Total pot $0.12 | Rake $0 | Jackpot $0 | Bingo $0 | Fortune $0
Board [Qs Ac 7c As]
Seat 1: 506872f6 (button) folded before Flop (didn't bet)
Seat 2: e4f5fc0a (small blind) folded before Flop
Seat 3: Hero (big blind) folded on the Turn
Seat 4: 2de74dc1 won ($0.12)
Seat 5: 2138273c folded before Flop (didn't bet)
Seat 6: 99c054d9 folded before Flop (didn't bet)


Poker Hand #HD1208492883: Hold'em No Limit  ($0.02/$0.05) - 2023/04/18 22:27:46
Table 'NLHBlue50' 6-max Seat #6 is the button
Seat 1: 506872f6 ($5 in chips)
Seat 2: e4f5fc0a ($5 in chips)
Seat 3: Hero ($5.55 in chips)
Seat 4: 2de74dc1 ($2.29 in chips)
Seat 5: 2138273c ($5.88 in chips)
Seat 6: 99c054d9 ($5.12 in chips)
506872f6: posts small blind $0.02
e4f5fc0a: posts big blind $0.05
*** HOLE CARDS ***
Dealt to 506872f6 
Dealt to e4f5fc0a 
Dealt to Hero [Jh 9s]
Dealt to 2de74dc1 
Dealt to 2138273c 
Dealt to 99c054d9 
Hero: folds
2de74dc1: calls $0.05
2138273c: folds
99c054d9: folds
506872f6: calls $0.03
e4f5fc0a: checks
*** FLOP *** [9h Tc 8d]
506872f6: checks
e4f5fc0a: checks
2de74dc1: checks
*** TURN *** [9h Tc 8d] [5s]
506872f6: checks
e4f5fc0a: checks
2de74dc1: checks
*** RIVER *** [9h Tc 8d 5s] [3h]
506872f6: checks
e4f5fc0a: checks
2de74dc1: checks
506872f6: shows [2s 3d] (Pair of Treys)
e4f5fc0a: shows [8c 4s] (Pair of Eights)
2de74dc1: shows [Ah 2d] (Ace-High)
*** SHOWDOWN ***
e4f5fc0a collected $0.15 from pot
*** SUMMARY ***
Total pot $0.15 | Rake $0 | Jackpot $0 | Bingo $0 | Fortune $0
Board [9h Tc 8d 5s 3h]
Seat 1: 506872f6 (small blind) showed [2s 3d] and lost with Pair of Treys
Seat 2: e4f5fc0a (big blind) showed [8c 4s] and won ($0.15) with Pair of Eights
Seat 3: Hero folded before Flop (didn't bet)
Seat 4: 2de74dc1 showed [Ah 2d] and lost with Ace-High
Seat 5: 2138273c folded before Flop (didn't bet)
Seat 6: 99c054d9 (button) folded before Flop (didn't bet)


Poker Hand #HD1208492787: Hold'em No Limit  ($0.02/$0.05) - 2023/04/18 22:26:51
Table 'NLHBlue50' 6-max Seat #5 is the button
Seat 1: 506872f6 ($5 in chips)
Seat 2: e4f5fc0a ($5 in chips)
Seat 3: Hero ($5.55 in chips)
Seat 4: 2de74dc1 ($2.05 in chips)
Seat 5: 2138273c ($5.88 in chips)
Seat 6: 99c054d9 ($5.14 in chips)
99c054d9: posts small blind $0.02
506872f6: posts big blind $0.05
*** HOLE CARDS ***
Dealt to 506872f6 
Dealt to e4f5fc0a 
Dealt to Hero [5h Ac]
Dealt to 2de74dc1 
Dealt to 2138273c 
Dealt to 99c054d9 
e4f5fc0a: folds
Hero: folds
2de74dc1: calls $0.05
2138273c: folds
99c054d9: folds
506872f6: checks
*** FLOP *** [8h Js 6c]
506872f6: checks
2de74dc1: checks
*** TURN *** [8h Js 6c] [4h]
506872f6: bets $0.09
2de74dc1: calls $0.09
*** RIVER *** [8h Js 6c 4h] [Ks]
506872f6: checks
2de74dc1: bets $0.1
506872f6: calls $0.1
2de74dc1: shows [Th Kc] (Pair of Kings)
506872f6: shows [9c 6s] (Pair of Sixes)
*** SHOWDOWN ***
2de74dc1 collected $0.48 from pot
*** SUMMARY ***
Total pot $0.5 | Rake $0.02 | Jackpot $0 | Bingo $0 | Fortune $0
Board [8h Js 6c 4h Ks]
Seat 1: 506872f6 (big blind) showed [9c 6s] and lost with Pair of Sixes
Seat 2: e4f5fc0a folded before Flop (didn't bet)
Seat 3: Hero folded before Flop (didn't bet)
Seat 4: 2de74dc1 showed [Th Kc] and won ($0.48) with Pair of Kings
Seat 5: 2138273c (button) folded before Flop (didn't bet)
Seat 6: 99c054d9 (small blind) folded before Flop


Poker Hand #HD1208492754: Hold'em No Limit  ($0.02/$0.05) - 2023/04/18 22:26:29
Table 'NLHBlue50' 6-max Seat #4 is the button
Seat 2: e4f5fc0a ($5 in chips)
Seat 3: Hero ($5.67 in chips)
Seat 4: 2de74dc1 ($1.87 in chips)
Seat 5: 2138273c ($5.9 in chips)
Seat 6: 99c054d9 ($5.19 in chips)
2138273c: posts small blind $0.02
99c054d9: posts big blind $0.05
*** HOLE CARDS ***
Dealt to e4f5fc0a 
Dealt to Hero [Qs Tc]
Dealt to 2de74dc1 
Dealt to 2138273c 
Dealt to 99c054d9 
e4f5fc0a: folds
Hero: raises $0.07 to $0.12
2de74dc1: calls $0.12
2138273c: folds
99c054d9: folds
*** FLOP *** [7s Kc 4s]
Hero: checks
2de74dc1: bets $0.11
Hero: folds
Uncalled bet ($0.11) returned to 2de74dc1
*** SHOWDOWN ***
2de74dc1 collected $0.3 from pot
*** SUMMARY ***
Total pot $0.31 | Rake $0.01 | Jackpot $0 | Bingo $0 | Fortune $0
Board [7s Kc 4s]
Seat 2: e4f5fc0a folded before Flop (didn't bet)
Seat 3: Hero folded on the Flop
Seat 4: 2de74dc1 (button) won ($0.3)
Seat 5: 2138273c (small blind) folded before Flop
Seat 6: 99c054d9 (big blind) folded before Flop


Poker Hand #HD1208492703: Hold'em No Limit  ($0.02/$0.05) - 2023/04/18 22:25:59
Table 'NLHBlue50' 6-max Seat #3 is the button
Seat 2: e4f5fc0a ($5 in chips)
Seat 3: Hero ($5.67 in chips)
Seat 4: 2de74dc1 ($2.02 in chips)
Seat 5: 2138273c ($5.95 in chips)
Seat 6: 99c054d9 ($5 in chips)
2de74dc1: posts small blind $0.02
2138273c: posts big blind $0.05
*** HOLE CARDS ***
Dealt to e4f5fc0a 
Dealt to Hero [Qs 9c]
Dealt to 2de74dc1 
Dealt to 2138273c 
Dealt to 99c054d9 
99c054d9: raises $0.1 to $0.15
e4f5fc0a: folds
Hero: folds
2de74dc1: calls $0.13
2138273c: folds
*** FLOP *** [6h 6c 9s]
2de74dc1: checks
99c054d9: bets $0.18
2de74dc1: folds
Uncalled bet ($0.18) returned to 99c054d9
*** SHOWDOWN ***
99c054d9 collected $0.34 from pot
*** SUMMARY ***
Total pot $0.35 | Rake $0.01 | Jackpot $0 | Bingo $0 | Fortune $0
Board [6h 6c 9s]
Seat 2: e4f5fc0a folded before Flop (didn't bet)
Seat 3: Hero (button) folded before Flop (didn't bet)
Seat 4: 2de74dc1 (small blind) folded on the Flop
Seat 5: 2138273c (big blind) folded before Flop
Seat 6: 99c054d9 won ($0.34)


Poker Hand #HD1208492653: Hold'em No Limit  ($0.02/$0.05) - 2023/04/18 22:25:28
Table 'NLHBlue50' 6-max Seat #2 is the button
Seat 2: e4f5fc0a ($5 in chips)
Seat 3: Hero ($5.69 in chips)
Seat 4: 2de74dc1 ($1.86 in chips)
Seat 5: 2138273c ($5.95 in chips)
Seat 6: 99c054d9 ($5 in chips)
Hero: posts small blind $0.02
2de74dc1: posts big blind $0.05
*** HOLE CARDS ***
Dealt to e4f5fc0a 
Dealt to Hero [7h Tc]
Dealt to 2de74dc1 
Dealt to 2138273c 
Dealt to 99c054d9 
2138273c: folds
99c054d9: raises $0.1 to $0.15
e4f5fc0a: folds
Hero: folds
2de74dc1: calls $0.1
*** FLOP *** [2s 2d 8h]
2de74dc1: checks
99c054d9: checks
*** TURN *** [2s 2d 8h] [5c]
2de74dc1: checks
99c054d9: checks
*** RIVER *** [2s 2d 8h 5c] [Th]
2de74dc1: checks
99c054d9: checks
2de74dc1: shows [Ac Kd] (Pair of Twos)
99c054d9: shows [9c Kc] (Pair of Twos)
*** SHOWDOWN ***
2de74dc1 collected $0.31 from pot
*** SUMMARY ***
Total pot $0.32 | Rake $0.01 | Jackpot $0 | Bingo $0 | Fortune $0
Board [2s 2d 8h 5c Th]
Seat 2: e4f5fc0a (button) folded before Flop (didn't bet)
Seat 3: Hero (small blind) folded before Flop
Seat 4: 2de74dc1 (big blind) showed [Ac Kd] and won ($0.31) with Pair of Twos
Seat 5: 2138273c folded before Flop (didn't bet)
Seat 6: 99c054d9 showed [9c Kc] and lost with Pair of Twos


Poker Hand #HD1208492571: Hold'em No Limit  ($0.02/$0.05) - 2023/04/18 22:24:34
Table 'NLHBlue50' 6-max Seat #6 is the button
Seat 2: e4f5fc0a ($5 in chips)
Seat 3: Hero ($5.74 in chips)
Seat 4: 2de74dc1 ($2.89 in chips)
Seat 5: 2138273c ($5 in chips)
Seat 6: 99c054d9 ($5 in chips)
e4f5fc0a: posts small blind $0.02
Hero: posts big blind $0.05
*** HOLE CARDS ***
Dealt to e4f5fc0a 
Dealt to Hero [Kc 7h]
Dealt to 2de74dc1 
Dealt to 2138273c 
Dealt to 99c054d9 
2de74dc1: calls $0.05
2138273c: raises $0.17 to $0.22
99c054d9: folds
e4f5fc0a: folds
Hero: folds
2de74dc1: calls $0.17
*** FLOP *** [8h 4d Ac]
2de74dc1: checks
2138273c: bets $0.17
2de74dc1: calls $0.17
*** TURN *** [8h 4d Ac] [Ad]
2de74dc1: checks
2138273c: bets $0.64
2de74dc1: calls $0.64
*** RIVER *** [8h 4d Ac Ad] [4h]
2de74dc1: checks
2138273c: checks
2de74dc1: shows [9d 5d] (Pair of Aces and Pair of Fours)
2138273c: shows [Qc Ks] (Pair of Aces and Pair of Fours)
*** SHOWDOWN ***
2138273c collected $1.98 from pot
*** SUMMARY ***
Total pot $2.13 | Rake $0.1 | Jackpot $0.05 | Bingo $0 | Fortune $0
Board [8h 4d Ac Ad 4h]
Seat 2: e4f5fc0a (small blind) folded before Flop
Seat 3: Hero (big blind) folded before Flop
Seat 4: 2de74dc1 showed [9d 5d] and lost with Pair of Aces and Pair of Fours
Seat 5: 2138273c showed [Qc Ks] and won ($1.98) with Pair of Aces and Pair of Fours
Seat 6: 99c054d9 (button) folded before Flop (didn't bet)


Poker Hand #HD1208492484: Hold'em No Limit  ($0.02/$0.05) - 2023/04/18 22:23:40
Table 'NLHBlue50' 6-max Seat #5 is the button
Seat 2: e4f5fc0a ($5.05 in chips)
Seat 3: Hero ($5.74 in chips)
Seat 4: 2de74dc1 ($2.82 in chips)
Seat 5: 2138273c ($5 in chips)
Seat 6: 99c054d9 ($5 in chips)
99c054d9: posts small blind $0.02
e4f5fc0a: posts big blind $0.05
*** HOLE CARDS ***
Dealt to e4f5fc0a 
Dealt to Hero [4c Ts]
Dealt to 2de74dc1 
Dealt to 2138273c 
Dealt to 99c054d9 
Hero: folds
2de74dc1: calls $0.05
2138273c: folds
99c054d9: folds
e4f5fc0a: checks
*** FLOP *** [5h Kh 7h]
e4f5fc0a: checks
2de74dc1: checks
*** TURN *** [5h Kh 7h] [2d]
e4f5fc0a: checks
2de74dc1: checks
*** RIVER *** [5h Kh 7h 2d] [Kc]
e4f5fc0a: checks
2de74dc1: checks
e4f5fc0a: shows [8s 5c] (Pair of Kings and Pair of Fives)
2de74dc1: shows [Jc 5d] (Pair of Kings and Pair of Fives)
*** SHOWDOWN ***
2de74dc1 collected $0.12 from pot
*** SUMMARY ***
Total pot $0.12 | Rake $0 | Jackpot $0 | Bingo $0 | Fortune $0
Board [5h Kh 7h 2d Kc]
Seat 2: e4f5fc0a (big blind) showed [8s 5c] and lost with Pair of Kings and Pair of Fives
Seat 3: Hero folded before Flop (didn't bet)
Seat 4: 2de74dc1 showed [Jc 5d] and won ($0.12) with Pair of Kings and Pair of Fives
Seat 5: 2138273c (button) folded before Flop (didn't bet)
Seat 6: 99c054d9 (small blind) folded before Flop


Poker Hand #HD1208492393: Hold'em No Limit  ($0.02/$0.05) - 2023/04/18 22:22:45
Table 'NLHBlue50' 6-max Seat #4 is the button
Seat 1: cbadad1 ($0.8 in chips)
Seat 2: e4f5fc0a ($5.05 in chips)
Seat 3: Hero ($5.74 in chips)
Seat 4: 2de74dc1 ($2.08 in chips)
Seat 5: 2138273c ($5 in chips)
Seat 6: 99c054d9 ($5.03 in chips)
2138273c: posts small blind $0.02
99c054d9: posts big blind $0.05
*** HOLE CARDS ***
Dealt to cbadad1 
Dealt to e4f5fc0a 
Dealt to Hero [4d Js]
Dealt to 2de74dc1 
Dealt to 2138273c 
Dealt to 99c054d9 
cbadad1: calls $0.05
e4f5fc0a: folds
Hero: folds
2de74dc1: calls $0.05
2138273c: folds
99c054d9: checks
*** FLOP *** [Ks Ts 5s]
99c054d9: checks
cbadad1: checks
2de74dc1: checks
*** TURN *** [Ks Ts 5s] [5c]
99c054d9: checks
cbadad1: bets $0.06
2de74dc1: raises $0.29 to $0.35
99c054d9: folds
cbadad1: calls $0.29
*** RIVER *** [Ks Ts 5s 5c] [Ac]
cbadad1: bets $0.4 and is all-in
2de74dc1: calls $0.4
cbadad1: shows [7c 7h] (Pair of Sevens and Pair of Fives)
2de74dc1: shows [5h 3s] (Three Fives)
*** SHOWDOWN ***
2de74dc1 collected $1.54 from pot
*** SUMMARY ***
Total pot $1.67 | Rake $0.08 | Jackpot $0.05 | Bingo $0 | Fortune $0
Board [Ks Ts 5s 5c Ac]
Seat 1: cbadad1 showed [7c 7h] and lost with Pair of Sevens and Pair of Fives
Seat 2: e4f5fc0a folded before Flop (didn't bet)
Seat 3: Hero folded before Flop (didn't bet)
Seat 4: 2de74dc1 (button) showed [5h 3s] and won ($1.54) with Three Fives
Seat 5: 2138273c (small blind) folded before Flop
Seat 6: 99c054d9 (big blind) folded on the Turn


Poker Hand #HD1208492315: Hold'em No Limit  ($0.02/$0.05) - 2023/04/18 22:22:02
Table 'NLHBlue50' 6-max Seat #3 is the button
Seat 1: cbadad1 ($0.8 in chips)
Seat 2: e4f5fc0a ($5.05 in chips)
Seat 3: Hero ($5.74 in chips)
Seat 4: 2de74dc1 ($1.3 in chips)
Seat 5: 2138273c ($5 in chips)
Seat 6: 99c054d9 ($5.89 in chips)
2de74dc1: posts small blind $0.02
2138273c: posts big blind $0.05
*** HOLE CARDS ***
Dealt to cbadad1 
Dealt to e4f5fc0a 
Dealt to Hero [Ad 2h]
Dealt to 2de74dc1 
Dealt to 2138273c 
Dealt to 99c054d9 
99c054d9: raises $0.1 to $0.15
cbadad1: folds
e4f5fc0a: folds
Hero: folds
2de74dc1: calls $0.13
2138273c: folds
*** FLOP *** [Kc 4c 7d]
2de74dc1: checks
99c054d9: checks
*** TURN *** [Kc 4c 7d] [Tc]
2de74dc1: checks
99c054d9: bets $0.12
2de74dc1: calls $0.12
*** RIVER *** [Kc 4c 7d Tc] [6s]
2de74dc1: bets $0.59
99c054d9: calls $0.59
2de74dc1: shows [5d 3c] (Sevens-High Straight)
99c054d9: shows [Td 9d] (Pair of Tens)
*** SHOWDOWN ***
2de74dc1 collected $1.64 from pot
*** SUMMARY ***
Total pot $1.77 | Rake $0.08 | Jackpot $0.05 | Bingo $0 | Fortune $0
Board [Kc 4c 7d Tc 6s]
Seat 1: cbadad1 folded before Flop (didn't bet)
Seat 2: e4f5fc0a folded before Flop (didn't bet)
Seat 3: Hero (button) folded before Flop (didn't bet)
Seat 4: 2de74dc1 (small blind) showed [5d 3c] and won ($1.64) with Sevens-High Straight
Seat 5: 2138273c (big blind) folded before Flop
Seat 6: 99c054d9 showed [Td 9d] and lost with Pair of Tens


Poker Hand #HD1208492258: Hold'em No Limit  ($0.02/$0.05) - 2023/04/18 22:21:27
Table 'NLHBlue50' 6-max Seat #2 is the button
Seat 1: cbadad1 ($0.8 in chips)
Seat 2: e4f5fc0a ($5.05 in chips)
Seat 3: Hero ($5.76 in chips)
Seat 4: 2de74dc1 ($1 in chips)
Seat 5: 2138273c ($5 in chips)
Seat 6: 99c054d9 ($6.2 in chips)
Hero: posts small blind $0.02
2de74dc1: posts big blind $0.05
*** HOLE CARDS ***
Dealt to cbadad1 
Dealt to e4f5fc0a 
Dealt to Hero [Ah 4s]
Dealt to 2de74dc1 
Dealt to 2138273c 
Dealt to 99c054d9 
2138273c: folds
99c054d9: raises $0.1 to $0.15
cbadad1: folds
e4f5fc0a: folds
Hero: folds
2de74dc1: calls $0.1
*** FLOP *** [Ad 5s Js]
2de74dc1: bets $0.16
99c054d9: calls $0.16
*** TURN *** [Ad 5s Js] [6s]
2de74dc1: bets $0.64
99c054d9: folds
Uncalled bet ($0.64) returned to 2de74dc1
*** SHOWDOWN ***
2de74dc1 collected $0.61 from pot
*** SUMMARY ***
Total pot $0.64 | Rake $0.03 | Jackpot $0 | Bingo $0 | Fortune $0
Board [Ad 5s Js 6s]
Seat 1: cbadad1 folded before Flop (didn't bet)
Seat 2: e4f5fc0a (button) folded before Flop (didn't bet)
Seat 3: Hero (small blind) folded before Flop
Seat 4: 2de74dc1 (big blind) won ($0.61)
Seat 5: 2138273c folded before Flop (didn't bet)
Seat 6: 99c054d9 folded on the Turn


Poker Hand #HD1208492238: Hold'em No Limit  ($0.02/$0.05) - 2023/04/18 22:21:18
Table 'NLHBlue50' 6-max Seat #1 is the button
Seat 1: cbadad1 ($0.8 in chips)
Seat 2: e4f5fc0a ($5.07 in chips)
Seat 3: Hero ($5.74 in chips)
Seat 5: 2138273c ($5 in chips)
Seat 6: 99c054d9 ($6.2 in chips)
e4f5fc0a: posts small blind $0.02
Hero: posts big blind $0.05
*** HOLE CARDS ***
Dealt to cbadad1 
Dealt to e4f5fc0a 
Dealt to Hero [5c 3d]
Dealt to 2138273c 
Dealt to 99c054d9 
2138273c: folds
99c054d9: folds
cbadad1: folds
e4f5fc0a: folds
Uncalled bet ($0.03) returned to Hero
*** SHOWDOWN ***
Hero collected $0.04 from pot
*** SUMMARY ***
Total pot $0.04 | Rake $0 | Jackpot $0 | Bingo $0 | Fortune $0
Seat 1: cbadad1 (button) folded before Flop (didn't bet)
Seat 2: e4f5fc0a (small blind) folded before Flop
Seat 3: Hero (big blind) collected ($0.04)
Seat 5: 2138273c folded before Flop (didn't bet)
Seat 6: 99c054d9 folded before Flop (didn't bet)


Poker Hand #HD1208492162: Hold'em No Limit  ($0.02/$0.05) - 2023/04/18 22:20:38
Table 'NLHBlue50' 6-max Seat #6 is the button
Seat 1: cbadad1 ($0.62 in chips)
Seat 2: e4f5fc0a ($5.26 in chips)
Seat 3: Hero ($5.74 in chips)
Seat 5: 2138273c ($5 in chips)
Seat 6: 99c054d9 ($6.2 in chips)
cbadad1: posts small blind $0.02
e4f5fc0a: posts big blind $0.05
*** HOLE CARDS ***
Dealt to cbadad1 
Dealt to e4f5fc0a 
Dealt to Hero [Jc Qd]
Dealt to 2138273c 
Dealt to 99c054d9 
Hero: folds
2138273c: folds
99c054d9: folds
cbadad1: calls $0.03
e4f5fc0a: checks
*** FLOP *** [3d 9s 3h]
cbadad1: checks
e4f5fc0a: bets $0.06
cbadad1: raises $0.08 to $0.14
e4f5fc0a: calls $0.08
*** TURN *** [3d 9s 3h] [Td]
cbadad1: bets $0.29
e4f5fc0a: folds
Uncalled bet ($0.29) returned to cbadad1
*** SHOWDOWN ***
cbadad1 collected $0.37 from pot
*** SUMMARY ***
Total pot $0.38 | Rake $0.01 | Jackpot $0 | Bingo $0 | Fortune $0
Board [3d 9s 3h Td]
Seat 1: cbadad1 (small blind) won ($0.37)
Seat 2: e4f5fc0a (big blind) folded on the Turn
Seat 3: Hero folded before Flop (didn't bet)
Seat 5: 2138273c folded before Flop (didn't bet)
Seat 6: 99c054d9 (button) folded before Flop (didn't bet)


Poker Hand #HD1208492129: Hold'em No Limit  ($0.02/$0.05) - 2023/04/18 22:20:16
Table 'NLHBlue50' 6-max Seat #5 is the button
Seat 1: cbadad1 ($0.74 in chips)
Seat 2: e4f5fc0a ($5.26 in chips)
Seat 3: Hero ($5.61 in chips)
Seat 5: 2138273c ($5 in chips)
Seat 6: 99c054d9 ($6.22 in chips)
99c054d9: posts small blind $0.02
cbadad1: posts big blind $0.05
*** HOLE CARDS ***
Dealt to cbadad1 
Dealt to e4f5fc0a 
Dealt to Hero [Tc Kc]
Dealt to 2138273c 
Dealt to 99c054d9 
e4f5fc0a: folds
Hero: raises $0.07 to $0.12
2138273c: folds
99c054d9: folds
cbadad1: calls $0.07
*** FLOP *** [3c 2h 7c]
cbadad1: checks
Hero: bets $0.2
cbadad1: folds
Uncalled bet ($0.2) returned to Hero
*** SHOWDOWN ***
Hero collected $0.25 from pot
*** SUMMARY ***
Total pot $0.26 | Rake $0.01 | Jackpot $0 | Bingo $0 | Fortune $0
Board [3c 2h 7c]
Seat 1: cbadad1 (big blind) folded on the Flop
Seat 2: e4f5fc0a folded before Flop (didn't bet)
Seat 3: Hero won ($0.25)
Seat 5: 2138273c (button) folded before Flop (didn't bet)
Seat 6: 99c054d9 (small blind) folded before Flop


Poker Hand #HD1208492097: Hold'em No Limit  ($0.02/$0.05) - 2023/04/18 22:19:56
Table 'NLHBlue50' 6-max Seat #3 is the button
Seat 1: cbadad1 ($0.79 in chips)
Seat 2: e4f5fc0a ($5.26 in chips)
Seat 3: Hero ($5.49 in chips)
Seat 5: 2138273c ($5 in chips)
Seat 6: 99c054d9 ($6.27 in chips)
2138273c: posts small blind $0.02
99c054d9: posts big blind $0.05
*** HOLE CARDS ***
Dealt to cbadad1 
Dealt to e4f5fc0a 
Dealt to Hero [4h Ah]
Dealt to 2138273c 
Dealt to 99c054d9 
cbadad1: calls $0.05
e4f5fc0a: folds
Hero: raises $0.15 to $0.2
2138273c: folds
99c054d9: folds
cbadad1: folds
Uncalled bet ($0.15) returned to Hero
*** SHOWDOWN ***
Hero collected $0.17 from pot
*** SUMMARY ***
Total pot $0.17 | Rake $0 | Jackpot $0 | Bingo $0 | Fortune $0
Seat 1: cbadad1 folded before Flop
Seat 2: e4f5fc0a folded before Flop (didn't bet)
Seat 3: Hero (button) collected ($0.17)
Seat 5: 2138273c (small blind) folded before Flop
Seat 6: 99c054d9 (big blind) folded before Flop


Poker Hand #HD1208492028: Hold'em No Limit  ($0.02/$0.05) - 2023/04/18 22:19:14
Table 'NLHBlue50' 6-max Seat #2 is the button
Seat 1: cbadad1 ($1.07 in chips)
Seat 2: e4f5fc0a ($5.26 in chips)
Seat 3: Hero ($5.51 in chips)
Seat 5: 2138273c ($5.05 in chips)
Seat 6: 99c054d9 ($5.95 in chips)
Hero: posts small blind $0.02
2138273c: posts big blind $0.05
*** HOLE CARDS ***
Dealt to cbadad1 
Dealt to e4f5fc0a 
Dealt to Hero [7h 6h]
Dealt to 2138273c 
Dealt to 99c054d9 
99c054d9: raises $0.1 to $0.15
cbadad1: calls $0.15
e4f5fc0a: folds
Hero: folds
2138273c: folds
*** FLOP *** [8c 8s 7s]
99c054d9: checks
cbadad1: checks
*** TURN *** [8c 8s 7s] [Qh]
99c054d9: bets $0.13
cbadad1: calls $0.13
*** RIVER *** [8c 8s 7s Qh] [5d]
99c054d9: bets $0.48
cbadad1: folds
Uncalled bet ($0.48) returned to 99c054d9
*** SHOWDOWN ***
99c054d9 collected $0.6 from pot
*** SUMMARY ***
Total pot $0.63 | Rake $0.03 | Jackpot $0 | Bingo $0 | Fortune $0
Board [8c 8s 7s Qh 5d]
Seat 1: cbadad1 folded on the River
Seat 2: e4f5fc0a (button) folded before Flop (didn't bet)
Seat 3: Hero (small blind) folded before Flop
Seat 5: 2138273c (big blind) folded before Flop
Seat 6: 99c054d9 won ($0.6)


Poker Hand #HD1208492006: Hold'em No Limit  ($0.02/$0.05) - 2023/04/18 22:19:00
Table 'NLHBlue50' 6-max Seat #1 is the button
Seat 1: cbadad1 ($1.07 in chips)
Seat 2: e4f5fc0a ($5.28 in chips)
Seat 3: Hero ($5.49 in chips)
Seat 5: 2138273c ($5.05 in chips)
Seat 6: 99c054d9 ($5.95 in chips)
e4f5fc0a: posts small blind $0.02
Hero: posts big blind $0.05
*** HOLE CARDS ***
Dealt to cbadad1 
Dealt to e4f5fc0a 
Dealt to Hero [7d 5d]
Dealt to 2138273c 
Dealt to 99c054d9 
2138273c: folds
99c054d9: folds
cbadad1: folds
e4f5fc0a: folds
Uncalled bet ($0.03) returned to Hero
*** SHOWDOWN ***
Hero collected $0.04 from pot
*** SUMMARY ***
Total pot $0.04 | Rake $0 | Jackpot $0 | Bingo $0 | Fortune $0
Seat 1: cbadad1 (button) folded before Flop (didn't bet)
Seat 2: e4f5fc0a (small blind) folded before Flop
Seat 3: Hero (big blind) collected ($0.04)
Seat 5: 2138273c folded before Flop (didn't bet)
Seat 6: 99c054d9 folded before Flop (didn't bet)


Poker Hand #HD1208491967: Hold'em No Limit  ($0.02/$0.05) - 2023/04/18 22:18:34
Table 'NLHBlue50' 6-max Seat #6 is the button
Seat 1: cbadad1 ($1.02 in chips)
Seat 2: e4f5fc0a ($5.33 in chips)
Seat 3: Hero ($5.49 in chips)
Seat 5: 2138273c ($5.05 in chips)
Seat 6: 99c054d9 ($5.95 in chips)
cbadad1: posts small blind $0.02
e4f5fc0a: posts big blind $0.05
*** HOLE CARDS ***
Dealt to cbadad1 
Dealt to e4f5fc0a 
Dealt to Hero [3d Qh]
Dealt to 2138273c 
Dealt to 99c054d9 
Hero: folds
2138273c: folds
99c054d9: folds
cbadad1: calls $0.03
e4f5fc0a: checks
*** FLOP *** [4d 7s Qc]
cbadad1: checks
e4f5fc0a: checks
*** TURN *** [4d 7s Qc] [7d]
cbadad1: bets $0.05
e4f5fc0a: folds
Uncalled bet ($0.05) returned to cbadad1
*** SHOWDOWN ***
cbadad1 collected $0.1 from pot
*** SUMMARY ***
Total pot $0.1 | Rake $0 | Jackpot $0 | Bingo $0 | Fortune $0
Board [4d 7s Qc 7d]
Seat 1: cbadad1 (small blind) won ($0.1)
Seat 2: e4f5fc0a (big blind) folded on the Turn
Seat 3: Hero folded before Flop (didn't bet)
Seat 5: 2138273c folded before Flop (didn't bet)
Seat 6: 99c054d9 (button) folded before Flop (didn't bet)


Poker Hand #HD1208491948: Hold'em No Limit  ($0.02/$0.05) - 2023/04/18 22:18:25
Table 'NLHBlue50' 6-max Seat #5 is the button
Seat 1: cbadad1 ($1 in chips)
Seat 2: e4f5fc0a ($5.33 in chips)
Seat 3: Hero ($5.49 in chips)
Seat 5: 2138273c ($5.05 in chips)
Seat 6: 99c054d9 ($5.97 in chips)
99c054d9: posts small blind $0.02
cbadad1: posts big blind $0.05
*** HOLE CARDS ***
Dealt to cbadad1 
Dealt to e4f5fc0a 
Dealt to Hero [8h 4s]
Dealt to 2138273c 
Dealt to 99c054d9 
e4f5fc0a: folds
Hero: folds
2138273c: folds
99c054d9: folds
Uncalled bet ($0.03) returned to cbadad1
*** SHOWDOWN ***
cbadad1 collected $0.04 from pot
*** SUMMARY ***
Total pot $0.04 | Rake $0 | Jackpot $0 | Bingo $0 | Fortune $0
Seat 1: cbadad1 (big blind) collected ($0.04)
Seat 2: e4f5fc0a folded before Flop (didn't bet)
Seat 3: Hero folded before Flop (didn't bet)
Seat 5: 2138273c (button) folded before Flop (didn't bet)
Seat 6: 99c054d9 (small blind) folded before Flop


Poker Hand #HD1208491934: Hold'em No Limit  ($0.02/$0.05) - 2023/04/18 22:18:18
Table 'NLHBlue50' 6-max Seat #3 is the button
Seat 2: e4f5fc0a ($5.33 in chips)
Seat 3: Hero ($5.49 in chips)
Seat 5: 2138273c ($5 in chips)
Seat 6: 99c054d9 ($6.02 in chips)
2138273c: posts small blind $0.02
99c054d9: posts big blind $0.05
*** HOLE CARDS ***
Dealt to e4f5fc0a 
Dealt to Hero [2s 6c]
Dealt to 2138273c 
Dealt to 99c054d9 
e4f5fc0a: folds
Hero: folds
2138273c: raises $0.1 to $0.15
99c054d9: folds
Uncalled bet ($0.1) returned to 2138273c
*** SHOWDOWN ***
2138273c collected $0.1 from pot
*** SUMMARY ***
Total pot $0.1 | Rake $0 | Jackpot $0 | Bingo $0 | Fortune $0
Seat 2: e4f5fc0a folded before Flop (didn't bet)
Seat 3: Hero (button) folded before Flop (didn't bet)
Seat 5: 2138273c (small blind) collected ($0.1)
Seat 6: 99c054d9 (big blind) folded before Flop


Poker Hand #HD1208491890: Hold'em No Limit  ($0.02/$0.05) - 2023/04/18 22:17:48
Table 'NLHBlue50' 6-max Seat #2 is the button
Seat 2: e4f5fc0a ($5.33 in chips)
Seat 3: Hero ($5.51 in chips)
Seat 5: 2138273c ($5.22 in chips)
Seat 6: 99c054d9 ($5.72 in chips)
Hero: posts small blind $0.02
2138273c: posts big blind $0.05
*** HOLE CARDS ***
Dealt to e4f5fc0a 
Dealt to Hero [Jc 9h]
Dealt to 2138273c 
Dealt to 99c054d9 
99c054d9: raises $0.1 to $0.15
e4f5fc0a: folds
Hero: folds
2138273c: calls $0.1
*** FLOP *** [Qd Qs 7c]
2138273c: checks
99c054d9: checks
*** TURN *** [Qd Qs 7c] [3h]
2138273c: bets $0.16
99c054d9: calls $0.16
*** RIVER *** [Qd Qs 7c 3h] [Ad]
2138273c: checks
99c054d9: checks
2138273c: shows [9d Ts] (Pair of Queens)
99c054d9: shows [6s 6d] (Pair of Queens and Pair of Sixes)
*** SHOWDOWN ***
99c054d9 collected $0.61 from pot
*** SUMMARY ***
Total pot $0.64 | Rake $0.03 | Jackpot $0 | Bingo $0 | Fortune $0
Board [Qd Qs 7c 3h Ad]
Seat 2: e4f5fc0a (button) folded before Flop (didn't bet)
Seat 3: Hero (small blind) folded before Flop
Seat 5: 2138273c (big blind) showed [9d Ts] and lost with Pair of Queens
Seat 6: 99c054d9 showed [6s 6d] and won ($0.61) with Pair of Queens and Pair of Sixes


Poker Hand #HD1208491825: Hold'em No Limit  ($0.02/$0.05) - 2023/04/18 22:17:14
Table 'NLHBlue50' 6-max Seat #6 is the button
Seat 2: e4f5fc0a ($5.35 in chips)
Seat 3: Hero ($5.14 in chips)
Seat 5: 2138273c ($5.22 in chips)
Seat 6: 99c054d9 ($6.11 in chips)
e4f5fc0a: posts small blind $0.02
Hero: posts big blind $0.05
*** HOLE CARDS ***
Dealt to e4f5fc0a 
Dealt to Hero [6h 6c]
Dealt to 2138273c 
Dealt to 99c054d9 
2138273c: folds
99c054d9: raises $0.1 to $0.15
e4f5fc0a: folds
Hero: calls $0.1
*** FLOP *** [4h Ts 2h]
Hero: checks
99c054d9: checks
*** TURN *** [4h Ts 2h] [3h]
Hero: bets $0.24
99c054d9: calls $0.24
*** RIVER *** [4h Ts 2h 3h] [7s]
Hero: checks
99c054d9: checks
Hero: shows [6h 6c] (Pair of Sixes)
99c054d9: shows [As Js] (Ace-High)
*** SHOWDOWN ***
Hero collected $0.76 from pot
*** SUMMARY ***
Total pot $0.8 | Rake $0.04 | Jackpot $0 | Bingo $0 | Fortune $0
Board [4h Ts 2h 3h 7s]
Seat 2: e4f5fc0a (small blind) folded before Flop
Seat 3: Hero (big blind) showed [6h 6c] and won ($0.76) with Pair of Sixes
Seat 5: 2138273c folded before Flop (didn't bet)
Seat 6: 99c054d9 (button) showed [As Js] and lost with Ace-High


Poker Hand #HD1208491810: Hold'em No Limit  ($0.02/$0.05) - 2023/04/18 22:17:07
Table 'NLHBlue50' 6-max Seat #5 is the button
Seat 2: e4f5fc0a ($5.4 in chips)
Seat 3: Hero ($5.07 in chips)
Seat 5: 2138273c ($5.22 in chips)
Seat 6: 99c054d9 ($6.13 in chips)
99c054d9: posts small blind $0.02
e4f5fc0a: posts big blind $0.05
*** HOLE CARDS ***
Dealt to e4f5fc0a 
Dealt to Hero [Jh Qh]
Dealt to 2138273c 
Dealt to 99c054d9 
Hero: raises $0.07 to $0.12
2138273c: folds
99c054d9: folds
e4f5fc0a: folds
Uncalled bet ($0.07) returned to Hero
*** SHOWDOWN ***
Hero collected $0.12 from pot
*** SUMMARY ***
Total pot $0.12 | Rake $0 | Jackpot $0 | Bingo $0 | Fortune $0
Seat 2: e4f5fc0a (big blind) folded before Flop
Seat 3: Hero collected ($0.12)
Seat 5: 2138273c (button) folded before Flop (didn't bet)
Seat 6: 99c054d9 (small blind) folded before Flop


Poker Hand #HD1208491793: Hold'em No Limit  ($0.02/$0.05) - 2023/04/18 22:16:56
Table 'NLHBlue50' 6-max Seat #3 is the button
Seat 2: e4f5fc0a ($5.4 in chips)
Seat 3: Hero ($5.07 in chips)
Seat 5: 2138273c ($5.24 in chips)
Seat 6: 99c054d9 ($6.11 in chips)
2138273c: posts small blind $0.02
99c054d9: posts big blind $0.05
*** HOLE CARDS ***
Dealt to e4f5fc0a 
Dealt to Hero [3s Qc]
Dealt to 2138273c 
Dealt to 99c054d9 
e4f5fc0a: folds
Hero: folds
2138273c: folds
Uncalled bet ($0.03) returned to 99c054d9
*** SHOWDOWN ***
99c054d9 collected $0.04 from pot
*** SUMMARY ***
Total pot $0.04 | Rake $0 | Jackpot $0 | Bingo $0 | Fortune $0
Seat 2: e4f5fc0a folded before Flop (didn't bet)
Seat 3: Hero (button) folded before Flop (didn't bet)
Seat 5: 2138273c (small blind) folded before Flop
Seat 6: 99c054d9 (big blind) collected ($0.04)


Poker Hand #HD1208491767: Hold'em No Limit  ($0.02/$0.05) - 2023/04/18 22:16:41
Table 'NLHBlue50' 6-max Seat #2 is the button
Seat 2: e4f5fc0a ($5.4 in chips)
Seat 3: Hero ($5.02 in chips)
Seat 5: 2138273c ($5.29 in chips)
Seat 6: 99c054d9 ($6.11 in chips)
Hero: posts small blind $0.02
2138273c: posts big blind $0.05
*** HOLE CARDS ***
Dealt to e4f5fc0a 
Dealt to Hero [Ah 2d]
Dealt to 2138273c 
Dealt to 99c054d9 
99c054d9: folds
e4f5fc0a: folds
Hero: raises $0.09 to $0.14
2138273c: folds
Uncalled bet ($0.09) returned to Hero
*** SHOWDOWN ***
Hero collected $0.1 from pot
*** SUMMARY ***
Total pot $0.1 | Rake $0 | Jackpot $0 | Bingo $0 | Fortune $0
Seat 2: e4f5fc0a (button) folded before Flop (didn't bet)
Seat 3: Hero (small blind) collected ($0.1)
Seat 5: 2138273c (big blind) folded before Flop
Seat 6: 99c054d9 folded before Flop (didn't bet)


Poker Hand #HD1208491748: Hold'em No Limit  ($0.02/$0.05) - 2023/04/18 22:16:34
Table 'NLHBlue50' 6-max Seat #6 is the button
Seat 2: e4f5fc0a ($5.42 in chips)
Seat 3: Hero ($5 in chips)
Seat 5: 2138273c ($5.29 in chips)
Seat 6: 99c054d9 ($6.11 in chips)
e4f5fc0a: posts small blind $0.02
Hero: posts big blind $0.05
*** HOLE CARDS ***
Dealt to e4f5fc0a 
Dealt to Hero [8s Ts]
Dealt to 2138273c 
Dealt to 99c054d9 
2138273c: folds
99c054d9: folds
e4f5fc0a: folds
Uncalled bet ($0.03) returned to Hero
*** SHOWDOWN ***
Hero collected $0.04 from pot
*** SUMMARY ***
Total pot $0.04 | Rake $0 | Jackpot $0 | Bingo $0 | Fortune $0
Seat 2: e4f5fc0a (small blind) folded before Flop
Seat 3: Hero (big blind) collected ($0.04)
Seat 5: 2138273c folded before Flop (didn't bet)
Seat 6: 99c054d9 (button) folded before Flop (didn't bet)


Poker Hand #HD1208491702: Hold'em No Limit  ($0.02/$0.05) - 2023/04/18 22:16:08
Table 'NLHBlue50' 6-max Seat #5 is the button
Seat 1: 53d62a4d ($5.76 in chips)
Seat 2: e4f5fc0a ($5.42 in chips)
Seat 3: Hero ($5 in chips)
Seat 5: 2138273c ($5 in chips)
Seat 6: 99c054d9 ($6.13 in chips)
99c054d9: posts small blind $0.02
53d62a4d: posts big blind $0.05
*** HOLE CARDS ***
Dealt to 53d62a4d 
Dealt to e4f5fc0a 
Dealt to Hero [As Jh]
Dealt to 2138273c 
Dealt to 99c054d9 
e4f5fc0a: folds
Hero: raises $0.07 to $0.12
2138273c: calls $0.12
99c054d9: folds
53d62a4d: folds
*** FLOP *** [8d 8h 6s]
Hero: bets $0.12
2138273c: raises $0.28 to $0.4
Hero: folds
Uncalled bet ($0.28) returned to 2138273c
*** SHOWDOWN ***
2138273c collected $0.53 from pot
*** SUMMARY ***
Total pot $0.55 | Rake $0.02 | Jackpot $0 | Bingo $0 | Fortune $0
Board [8d 8h 6s]
Seat 1: 53d62a4d (big blind) folded before Flop
Seat 2: e4f5fc0a folded before Flop (didn't bet)
Seat 3: Hero folded on the Flop
Seat 5: 2138273c (button) won ($0.53)
Seat 6: 99c054d9 (small blind) folded before Flop


Poker Hand #HD1208491685: Hold'em No Limit  ($0.02/$0.05) - 2023/04/18 22:15:56
Table 'NLHBlue50' 6-max Seat #3 is the button
Seat 1: 53d62a4d ($5.69 in chips)
Seat 2: e4f5fc0a ($5.42 in chips)
Seat 3: Hero ($4.98 in chips)
Seat 5: 2138273c ($5.02 in chips)
Seat 6: 99c054d9 ($6.18 in chips)
2138273c: posts small blind $0.02
99c054d9: posts big blind $0.05
*** HOLE CARDS ***
Dealt to 53d62a4d 
Dealt to e4f5fc0a 
Dealt to Hero [Ah 4h]
Dealt to 2138273c 
Dealt to 99c054d9 
53d62a4d: raises $0.08 to $0.13
e4f5fc0a: folds
Hero: folds
2138273c: folds
99c054d9: folds
Uncalled bet ($0.08) returned to 53d62a4d
*** SHOWDOWN ***
53d62a4d collected $0.12 from pot
*** SUMMARY ***
Total pot $0.12 | Rake $0 | Jackpot $0 | Bingo $0 | Fortune $0
Seat 1: 53d62a4d collected ($0.12)
Seat 2: e4f5fc0a folded before Flop (didn't bet)
Seat 3: Hero (button) folded before Flop (didn't bet)
Seat 5: 2138273c (small blind) folded before Flop
Seat 6: 99c054d9 (big blind) folded before Flop


Poker Hand #HD1208491663: Hold'em No Limit  ($0.02/$0.05) - 2023/04/18 22:15:49
Table 'NLHBlue50' 6-max Seat #2 is the button
Seat 1: 53d62a4d ($5.69 in chips)
Seat 2: e4f5fc0a ($5.42 in chips)
Seat 3: Hero ($5 in chips)
Seat 5: 2138273c ($5 in chips)
Seat 6: 99c054d9 ($6.18 in chips)
Hero: posts small blind $0.02
2138273c: posts big blind $0.05
*** HOLE CARDS ***
Dealt to 53d62a4d 
Dealt to e4f5fc0a 
Dealt to Hero [5d 2h]
Dealt to 2138273c 
Dealt to 99c054d9 
99c054d9: folds
53d62a4d: folds
e4f5fc0a: folds
Hero: folds
Uncalled bet ($0.03) returned to 2138273c
*** SHOWDOWN ***
2138273c collected $0.04 from pot
*** SUMMARY ***
Total pot $0.04 | Rake $0 | Jackpot $0 | Bingo $0 | Fortune $0
Seat 1: 53d62a4d folded before Flop (didn't bet)
Seat 2: e4f5fc0a (button) folded before Flop (didn't bet)
Seat 3: Hero (small blind) folded before Flop
Seat 5: 2138273c (big blind) collected ($0.04)
Seat 6: 99c054d9 folded before Flop (didn't bet)


Poker Hand #HD1208491540: Hold'em No Limit  ($0.02/$0.05) - 2023/04/18 22:14:46
Table 'NLHBlue50' 6-max Seat #1 is the button
Seat 1: 53d62a4d ($5.69 in chips)
Seat 2: e4f5fc0a ($5 in chips)
Seat 3: Hero ($5 in chips)
Seat 4: 6622f640 ($0.41 in chips)
Seat 5: 2138273c ($5 in chips)
Seat 6: 99c054d9 ($6.18 in chips)
e4f5fc0a: posts small blind $0.02
Hero: posts big blind $0.05
*** HOLE CARDS ***
Dealt to 53d62a4d 
Dealt to e4f5fc0a 
Dealt to Hero [3h 9s]
Dealt to 6622f640 
Dealt to 2138273c 
Dealt to 99c054d9 
6622f640: calls $0.05
2138273c: folds
99c054d9: folds
53d62a4d: folds
e4f5fc0a: raises $0.17 to $0.22
Hero: folds
6622f640: raises $0.18 to $0.4
e4f5fc0a: calls $0.18
*** FLOP *** [6h 9c Ac]
e4f5fc0a: checks
6622f640: bets $0.01 and is all-in
e4f5fc0a: calls $0.01
6622f640: shows [Kc 4h] (Ace-High)
e4f5fc0a: shows [Ah Qd] (Pair of Aces)
*** TURN *** [6h 9c Ac] [2h]
*** RIVER *** [6h 9c Ac 2h] [9d]
*** SHOWDOWN ***
e4f5fc0a collected $0.83 from pot
*** SUMMARY ***
Total pot $0.87 | Rake $0.04 | Jackpot $0 | Bingo $0 | Fortune $0
Board [6h 9c Ac 2h 9d]
Seat 1: 53d62a4d (button) folded before Flop (didn't bet)
Seat 2: e4f5fc0a (small blind) showed [Ah Qd] and won ($0.83) with Pair of Aces and Pair of Nines
Seat 3: Hero (big blind) folded before Flop
Seat 4: 6622f640 showed [Kc 4h] and lost with Pair of Nines
Seat 5: 2138273c folded before Flop (didn't bet)
Seat 6: 99c054d9 folded before Flop (didn't bet)


Poker Hand #HD1208491431: Hold'em No Limit  ($0.02/$0.05) - 2023/04/18 22:13:53
Table 'NLHBlue50' 6-max Seat #6 is the button
Seat 1: 53d62a4d ($5.71 in chips)
Seat 2: e4f5fc0a ($5 in chips)
Seat 3: Hero ($5 in chips)
Seat 4: 6622f640 ($0.77 in chips)
Seat 5: 2138273c ($5 in chips)
Seat 6: 99c054d9 ($5.79 in chips)
53d62a4d: posts small blind $0.02
e4f5fc0a: posts big blind $0.05
*** HOLE CARDS ***
Dealt to 53d62a4d 
Dealt to e4f5fc0a 
Dealt to Hero [3d 9c]
Dealt to 6622f640 
Dealt to 2138273c 
Dealt to 99c054d9 
Hero: folds
6622f640: calls $0.05
2138273c: folds
99c054d9: raises $0.15 to $0.2
53d62a4d: folds
e4f5fc0a: folds
6622f640: calls $0.15
*** FLOP *** [8s 4c 2d]
6622f640: checks
99c054d9: bets $0.16
6622f640: calls $0.16
*** TURN *** [8s 4c 2d] [Kc]
6622f640: checks
99c054d9: checks
*** RIVER *** [8s 4c 2d Kc] [Tc]
6622f640: checks
99c054d9: checks
6622f640: shows [Ad 9d] (Ace-High)
99c054d9: shows [Qs Ts] (Pair of Tens)
*** SHOWDOWN ***
99c054d9 collected $0.75 from pot
*** SUMMARY ***
Total pot $0.79 | Rake $0.04 | Jackpot $0 | Bingo $0 | Fortune $0
Board [8s 4c 2d Kc Tc]
Seat 1: 53d62a4d (small blind) folded before Flop
Seat 2: e4f5fc0a (big blind) folded before Flop
Seat 3: Hero folded before Flop (didn't bet)
Seat 4: 6622f640 showed [Ad 9d] and lost with Ace-High
Seat 5: 2138273c folded before Flop (didn't bet)
Seat 6: 99c054d9 (button) showed [Qs Ts] and won ($0.75) with Pair of Tens


Poker Hand #HD1208491314: Hold'em No Limit  ($0.02/$0.05) - 2023/04/18 22:12:51
Table 'NLHBlue50' 6-max Seat #5 is the button
Seat 1: 53d62a4d ($5.76 in chips)
Seat 2: e4f5fc0a ($5 in chips)
Seat 3: Hero ($5 in chips)
Seat 4: 6622f640 ($0.67 in chips)
Seat 5: 2138273c ($5 in chips)
Seat 6: 99c054d9 ($5.84 in chips)
99c054d9: posts small blind $0.02
53d62a4d: posts big blind $0.05
*** HOLE CARDS ***
Dealt to 53d62a4d 
Dealt to e4f5fc0a 
Dealt to Hero [Qh 5d]
Dealt to 6622f640 
Dealt to 2138273c 
Dealt to 99c054d9 
e4f5fc0a: folds
Hero: folds
6622f640: calls $0.05
2138273c: folds
99c054d9: calls $0.03
53d62a4d: checks
*** FLOP *** [2h 5h 3s]
99c054d9: checks
53d62a4d: checks
6622f640: bets $0.62 and is all-in
99c054d9: folds
53d62a4d: folds
Uncalled bet ($0.62) returned to 6622f640
*** SHOWDOWN ***
6622f640 collected $0.15 from pot
*** SUMMARY ***
Total pot $0.15 | Rake $0 | Jackpot $0 | Bingo $0 | Fortune $0
Board [2h 5h 3s]
Seat 1: 53d62a4d (big blind) folded on the Flop
Seat 2: e4f5fc0a folded before Flop (didn't bet)
Seat 3: Hero folded before Flop (didn't bet)
Seat 4: 6622f640 won ($0.15)
Seat 5: 2138273c (button) folded before Flop (didn't bet)
Seat 6: 99c054d9 (small blind) folded on the Flop


Poker Hand #HD1208491279: Hold'em No Limit  ($0.02/$0.05) - 2023/04/18 22:12:30
Table 'NLHBlue50' 6-max Seat #4 is the button
Seat 1: 53d62a4d ($5.76 in chips)
Seat 2: e4f5fc0a ($5 in chips)
Seat 3: Hero ($5 in chips)
Seat 4: 6622f640 ($0.67 in chips)
Seat 5: 2138273c ($5 in chips)
Seat 6: 99c054d9 ($5.82 in chips)
2138273c: posts small blind $0.02
99c054d9: posts big blind $0.05
*** HOLE CARDS ***
Dealt to 53d62a4d 
Dealt to e4f5fc0a 
Dealt to Hero [Kh 8d]
Dealt to 6622f640 
Dealt to 2138273c 
Dealt to 99c054d9 
53d62a4d: folds
e4f5fc0a: folds
Hero: folds
6622f640: folds
2138273c: folds
Uncalled bet ($0.03) returned to 99c054d9
*** SHOWDOWN ***
99c054d9 collected $0.04 from pot
*** SUMMARY ***
Total pot $0.04 | Rake $0 | Jackpot $0 | Bingo $0 | Fortune $0
Seat 1: 53d62a4d folded before Flop (didn't bet)
Seat 2: e4f5fc0a folded before Flop (didn't bet)
Seat 3: Hero folded before Flop (didn't bet)
Seat 4: 6622f640 (button) folded before Flop (didn't bet)
Seat 5: 2138273c (small blind) folded before Flop
Seat 6: 99c054d9 (big blind) collected ($0.04)


Poker Hand #HD1208491232: Hold'em No Limit  ($0.02/$0.05) - 2023/04/18 22:12:04
Table 'NLHBlue50' 6-max Seat #3 is the button
Seat 1: 53d62a4d ($5.76 in chips)
Seat 2: e4f5fc0a ($5 in chips)
Seat 3: Hero ($5 in chips)
Seat 4: 6622f640 ($0.51 in chips)
Seat 5: 2138273c ($5 in chips)
Seat 6: 99c054d9 ($5.82 in chips)
6622f640: posts small blind $0.02
2138273c: posts big blind $0.05
*** HOLE CARDS ***
Dealt to 53d62a4d 
Dealt to e4f5fc0a 
Dealt to Hero [9h Ts]
Dealt to 6622f640 
Dealt to 2138273c 
Dealt to 99c054d9 
99c054d9: folds
53d62a4d: folds
e4f5fc0a: folds
Hero: raises $0.07 to $0.12
6622f640: raises $0.39 to $0.51 and is all-in
2138273c: folds
Hero: folds
Uncalled bet ($0.39) returned to 6622f640
*** SHOWDOWN ***
6622f640 collected $0.28 from pot
*** SUMMARY ***
Total pot $0.29 | Rake $0.01 | Jackpot $0 | Bingo $0 | Fortune $0
Seat 1: 53d62a4d folded before Flop (didn't bet)
Seat 2: e4f5fc0a folded before Flop (didn't bet)
Seat 3: Hero (button) folded before Flop
Seat 4: 6622f640 (small blind) collected ($0.28)
Seat 5: 2138273c (big blind) folded before Flop
Seat 6: 99c054d9 folded before Flop (didn't bet)


Poker Hand #HD1208491165: Hold'em No Limit  ($0.02/$0.05) - 2023/04/18 22:11:26
Table 'NLHBlue50' 6-max Seat #2 is the button
Seat 1: 53d62a4d ($5.62 in chips)
Seat 2: e4f5fc0a ($5 in chips)
Seat 3: Hero ($5.02 in chips)
Seat 4: 6622f640 ($0.64 in chips)
Seat 6: 99c054d9 ($5.82 in chips)
Hero: posts small blind $0.02
6622f640: posts big blind $0.05
*** HOLE CARDS ***
Dealt to 53d62a4d 
Dealt to e4f5fc0a 
Dealt to Hero [6h 5h]
Dealt to 6622f640 
Dealt to 99c054d9 
99c054d9: folds
53d62a4d: raises $0.08 to $0.13
e4f5fc0a: folds
Hero: folds
6622f640: calls $0.08
*** FLOP *** [Jc 4d 9c]
6622f640: checks
53d62a4d: bets $0.1
6622f640: folds
Uncalled bet ($0.1) returned to 53d62a4d
*** SHOWDOWN ***
53d62a4d collected $0.27 from pot
*** SUMMARY ***
Total pot $0.28 | Rake $0.01 | Jackpot $0 | Bingo $0 | Fortune $0
Board [Jc 4d 9c]
Seat 1: 53d62a4d won ($0.27)
Seat 2: e4f5fc0a (button) folded before Flop (didn't bet)
Seat 3: Hero (small blind) folded before Flop
Seat 4: 6622f640 (big blind) folded on the Flop
Seat 6: 99c054d9 folded before Flop (didn't bet)


Poker Hand #HD1208491092: Hold'em No Limit  ($0.02/$0.05) - 2023/04/18 22:10:49
Table 'NLHBlue50' 6-max Seat #1 is the button
Seat 1: 53d62a4d ($5.62 in chips)
Seat 2: e4f5fc0a ($5 in chips)
Seat 3: Hero ($5.07 in chips)
Seat 4: 6622f640 ($0.84 in chips)
Seat 6: 99c054d9 ($5.57 in chips)
e4f5fc0a: posts small blind $0.02
Hero: posts big blind $0.05
*** HOLE CARDS ***
Dealt to 53d62a4d 
Dealt to e4f5fc0a 
Dealt to Hero [3h 4d]
Dealt to 6622f640 
Dealt to 99c054d9 
6622f640: calls $0.05
99c054d9: raises $0.15 to $0.2
53d62a4d: folds
e4f5fc0a: folds
Hero: folds
6622f640: calls $0.15
*** FLOP *** [5h Qc 2d]
6622f640: checks
99c054d9: bets $0.16
6622f640: folds
Uncalled bet ($0.16) returned to 99c054d9
*** SHOWDOWN ***
99c054d9 collected $0.45 from pot
*** SUMMARY ***
Total pot $0.47 | Rake $0.02 | Jackpot $0 | Bingo $0 | Fortune $0
Board [5h Qc 2d]
Seat 1: 53d62a4d (button) folded before Flop (didn't bet)
Seat 2: e4f5fc0a (small blind) folded before Flop
Seat 3: Hero (big blind) folded before Flop
Seat 4: 6622f640 folded on the Flop
Seat 6: 99c054d9 won ($0.45)


Poker Hand #HD1208491059: Hold'em No Limit  ($0.02/$0.05) - 2023/04/18 22:10:31
Table 'NLHBlue50' 6-max Seat #6 is the button
Seat 1: 53d62a4d ($5.64 in chips)
Seat 2: e4f5fc0a ($5.03 in chips)
Seat 3: Hero ($5 in chips)
Seat 4: 6622f640 ($0.84 in chips)
Seat 6: 99c054d9 ($5.57 in chips)
53d62a4d: posts small blind $0.02
e4f5fc0a: posts big blind $0.05
*** HOLE CARDS ***
Dealt to 53d62a4d 
Dealt to e4f5fc0a 
Dealt to Hero [Qd Jd]
Dealt to 6622f640 
Dealt to 99c054d9 
Hero: raises $0.07 to $0.12
6622f640: folds
99c054d9: folds
53d62a4d: folds
e4f5fc0a: folds
Uncalled bet ($0.07) returned to Hero
*** SHOWDOWN ***
Hero collected $0.12 from pot
*** SUMMARY ***
Total pot $0.12 | Rake $0 | Jackpot $0 | Bingo $0 | Fortune $0
Seat 1: 53d62a4d (small blind) folded before Flop
Seat 2: e4f5fc0a (big blind) folded before Flop
Seat 3: Hero collected ($0.12)
Seat 4: 6622f640 folded before Flop (didn't bet)
Seat 6: 99c054d9 (button) folded before Flop (didn't bet)


Poker Hand #HD1208491023: Hold'em No Limit  ($0.02/$0.05) - 2023/04/18 22:10:09
Table 'NLHBlue50' 6-max Seat #4 is the button
Seat 1: 53d62a4d ($5.69 in chips)
Seat 2: e4f5fc0a ($5.03 in chips)
Seat 3: Hero ($5 in chips)
Seat 4: 6622f640 ($0.77 in chips)
Seat 6: 99c054d9 ($5.59 in chips)
99c054d9: posts small blind $0.02
53d62a4d: posts big blind $0.05
*** HOLE CARDS ***
Dealt to 53d62a4d 
Dealt to e4f5fc0a 
Dealt to Hero [6c Td]
Dealt to 6622f640 
Dealt to 99c054d9 
e4f5fc0a: folds
Hero: folds
6622f640: calls $0.05
99c054d9: folds
53d62a4d: checks
*** FLOP *** [5s 3d Ac]
53d62a4d: checks
6622f640: checks
*** TURN *** [5s 3d Ac] [Qc]
53d62a4d: checks
6622f640: bets $0.06
53d62a4d: folds
Uncalled bet ($0.06) returned to 6622f640
*** SHOWDOWN ***
6622f640 collected $0.12 from pot
*** SUMMARY ***
Total pot $0.12 | Rake $0 | Jackpot $0 | Bingo $0 | Fortune $0
Board [5s 3d Ac Qc]
Seat 1: 53d62a4d (big blind) folded on the Turn
Seat 2: e4f5fc0a folded before Flop (didn't bet)
Seat 3: Hero folded before Flop (didn't bet)
Seat 4: 6622f640 (button) won ($0.12)
Seat 6: 99c054d9 (small blind) folded before Flop


Poker Hand #HD1208490908: Hold'em No Limit  ($0.02/$0.05) - 2023/04/18 22:09:04
Table 'NLHBlue50' 6-max Seat #3 is the button
Seat 1: 53d62a4d ($5.69 in chips)
Seat 2: e4f5fc0a ($5.03 in chips)
Seat 3: Hero ($5 in chips)
Seat 4: 6622f640 ($0.97 in chips)
Seat 5: 9a2a725f ($5.14 in chips)
Seat 6: 99c054d9 ($5.59 in chips)
6622f640: posts small blind $0.02
9a2a725f: posts big blind $0.05
*** HOLE CARDS ***
Dealt to 53d62a4d 
Dealt to e4f5fc0a 
Dealt to Hero [6h Kc]
Dealt to 6622f640 
Dealt to 9a2a725f 
Dealt to 99c054d9 
99c054d9: folds
53d62a4d: folds
e4f5fc0a: folds
Hero: folds
6622f640: calls $0.03
9a2a725f: checks
*** FLOP *** [Ac 9s 8d]
6622f640: checks
9a2a725f: bets $0.05
6622f640: calls $0.05
*** TURN *** [Ac 9s 8d] [5s]
6622f640: checks
9a2a725f: bets $0.1
6622f640: calls $0.1
*** RIVER *** [Ac 9s 8d 5s] [Ad]
6622f640: checks
9a2a725f: checks
6622f640: shows [Th 8h] (Pair of Aces and Pair of Eights)
9a2a725f: shows [9d 8s] (Pair of Aces and Pair of Nines)
*** SHOWDOWN ***
9a2a725f collected $0.38 from pot
*** SUMMARY ***
Total pot $0.4 | Rake $0.02 | Jackpot $0 | Bingo $0 | Fortune $0
Board [Ac 9s 8d 5s Ad]
Seat 1: 53d62a4d folded before Flop (didn't bet)
Seat 2: e4f5fc0a folded before Flop (didn't bet)
Seat 3: Hero (button) folded before Flop (didn't bet)
Seat 4: 6622f640 (small blind) showed [Th 8h] and lost with Pair of Aces and Pair of Eights
Seat 5: 9a2a725f (big blind) showed [9d 8s] and won ($0.38) with Pair of Aces and Pair of Nines
Seat 6: 99c054d9 folded before Flop (didn't bet)


Poker Hand #HD1208490856: Hold'em No Limit  ($0.02/$0.05) - 2023/04/18 22:08:36
Table 'NLHBlue50' 6-max Seat #2 is the button
Seat 1: 53d62a4d ($5.69 in chips)
Seat 2: e4f5fc0a ($5.03 in chips)
Seat 3: Hero ($5 in chips)
Seat 4: 6622f640 ($1.02 in chips)
Seat 5: 9a2a725f ($5.14 in chips)
Seat 6: 99c054d9 ($5.52 in chips)
Hero: posts small blind $0.02
6622f640: posts big blind $0.05
*** HOLE CARDS ***
Dealt to 53d62a4d 
Dealt to e4f5fc0a 
Dealt to Hero [2d Qs]
Dealt to 6622f640 
Dealt to 9a2a725f 
Dealt to 99c054d9 
9a2a725f: folds
99c054d9: raises $0.1 to $0.15
53d62a4d: folds
e4f5fc0a: folds
Hero: folds
6622f640: folds
Uncalled bet ($0.1) returned to 99c054d9
*** SHOWDOWN ***
99c054d9 collected $0.12 from pot
*** SUMMARY ***
Total pot $0.12 | Rake $0 | Jackpot $0 | Bingo $0 | Fortune $0
Seat 1: 53d62a4d folded before Flop (didn't bet)
Seat 2: e4f5fc0a (button) folded before Flop (didn't bet)
Seat 3: Hero (small blind) folded before Flop
Seat 4: 6622f640 (big blind) folded before Flop
Seat 5: 9a2a725f folded before Flop (didn't bet)
Seat 6: 99c054d9 collected ($0.12)


Poker Hand #HD1208490810: Hold'em No Limit  ($0.02/$0.05) - 2023/04/18 22:08:07
Table 'NLHBlue50' 6-max Seat #1 is the button
Seat 1: 53d62a4d ($5.69 in chips)
Seat 2: e4f5fc0a ($5.05 in chips)
Seat 3: Hero ($5 in chips)
Seat 4: 6622f640 ($1.07 in chips)
Seat 5: 9a2a725f ($5.14 in chips)
Seat 6: 99c054d9 ($5.4 in chips)
e4f5fc0a: posts small blind $0.02
Hero: posts big blind $0.05
*** HOLE CARDS ***
Dealt to 53d62a4d 
Dealt to e4f5fc0a 
Dealt to Hero [2c Jd]
Dealt to 6622f640 
Dealt to 9a2a725f 
Dealt to 99c054d9 
6622f640: calls $0.05
9a2a725f: folds
99c054d9: raises $0.15 to $0.2
53d62a4d: folds
e4f5fc0a: folds
Hero: folds
6622f640: folds
Uncalled bet ($0.15) returned to 99c054d9
*** SHOWDOWN ***
99c054d9 collected $0.17 from pot
*** SUMMARY ***
Total pot $0.17 | Rake $0 | Jackpot $0 | Bingo $0 | Fortune $0
Seat 1: 53d62a4d (button) folded before Flop (didn't bet)
Seat 2: e4f5fc0a (small blind) folded before Flop
Seat 3: Hero (big blind) folded before Flop
Seat 4: 6622f640 folded before Flop
Seat 5: 9a2a725f folded before Flop (didn't bet)
Seat 6: 99c054d9 collected ($0.17)


