Poker Hand #HD1168618504: Hold'em No Limit  ($0.02/$0.05) - 2023/03/20 19:42:39
Table 'NLHBlue76' 6-max Seat #1 is the button
Seat 1: ddea3969 ($5.03 in chips)
Seat 2: 8b99b75e ($4.06 in chips)
Seat 3: fbb11f47 ($8.53 in chips)
Seat 4: Hero ($6.12 in chips)
Seat 5: 9a92ccc6 ($7.94 in chips)
Seat 6: f2450ffa ($5 in chips)
8b99b75e: posts small blind $0.02
fbb11f47: posts big blind $0.05
*** HOLE CARDS ***
Dealt to ddea3969 
Dealt to 8b99b75e 
Dealt to fbb11f47 
Dealt to Hero [6s Jh]
Dealt to 9a92ccc6 
Dealt to f2450ffa 
Hero: folds
9a92ccc6: folds
f2450ffa: raises $0.1 to $0.15
ddea3969: folds
8b99b75e: folds
fbb11f47: folds
Uncalled bet ($0.1) returned to f2450ffa
*** SHOWDOWN ***
f2450ffa collected $0.12 from pot
*** SUMMARY ***
Total pot $0.12 | Rake $0 | Jackpot $0 | Bingo $0 | Fortune $0
Seat 1: ddea3969 (button) folded before Flop (didn't bet)
Seat 2: 8b99b75e (small blind) folded before Flop
Seat 3: fbb11f47 (big blind) folded before Flop
Seat 4: Hero folded before Flop (didn't bet)
Seat 5: 9a92ccc6 folded before Flop (didn't bet)
Seat 6: f2450ffa collected ($0.12)


Poker Hand #HD1168618397: Hold'em No Limit  ($0.02/$0.05) - 2023/03/20 19:42:00
Table 'NLHBlue76' 6-max Seat #6 is the button
Seat 1: ddea3969 ($5.05 in chips)
Seat 2: 8b99b75e ($3.83 in chips)
Seat 3: fbb11f47 ($8.76 in chips)
Seat 4: Hero ($6.12 in chips)
Seat 5: 9a92ccc6 ($7.94 in chips)
Seat 6: f2450ffa ($5 in chips)
ddea3969: posts small blind $0.02
8b99b75e: posts big blind $0.05
*** HOLE CARDS ***
Dealt to ddea3969 
Dealt to 8b99b75e 
Dealt to fbb11f47 
Dealt to Hero [Jh 5s]
Dealt to 9a92ccc6 
Dealt to f2450ffa 
fbb11f47: raises $0.08 to $0.13
Hero: folds
9a92ccc6: folds
f2450ffa: folds
ddea3969: folds
8b99b75e: calls $0.08
*** FLOP *** [Ts 2s 8s]
8b99b75e: checks
fbb11f47: bets $0.1
8b99b75e: raises $0.16 to $0.26
fbb11f47: folds
Uncalled bet ($0.16) returned to 8b99b75e
*** SHOWDOWN ***
8b99b75e collected $0.46 from pot
*** SUMMARY ***
Total pot $0.48 | Rake $0.02 | Jackpot $0 | Bingo $0 | Fortune $0
Board [Ts 2s 8s]
Seat 1: ddea3969 (small blind) folded before Flop
Seat 2: 8b99b75e (big blind) won ($0.46)
Seat 3: fbb11f47 folded on the Flop
Seat 4: Hero folded before Flop (didn't bet)
Seat 5: 9a92ccc6 folded before Flop (didn't bet)
Seat 6: f2450ffa (button) folded before Flop (didn't bet)


Poker Hand #HD1168618361: Hold'em No Limit  ($0.02/$0.05) - 2023/03/20 19:41:43
Table 'NLHBlue76' 6-max Seat #5 is the button
Seat 1: ddea3969 ($5 in chips)
Seat 2: 8b99b75e ($3.76 in chips)
Seat 3: fbb11f47 ($8.76 in chips)
Seat 4: Hero ($6.12 in chips)
Seat 5: 9a92ccc6 ($7.94 in chips)
Seat 6: f2450ffa ($5 in chips)
f2450ffa: posts small blind $0.02
ddea3969: posts big blind $0.05
*** HOLE CARDS ***
Dealt to ddea3969 
Dealt to 8b99b75e 
Dealt to fbb11f47 
Dealt to Hero [Js Qc]
Dealt to 9a92ccc6 
Dealt to f2450ffa 
8b99b75e: raises $0.1 to $0.15
fbb11f47: folds
Hero: folds
9a92ccc6: folds
f2450ffa: folds
ddea3969: folds
Uncalled bet ($0.1) returned to 8b99b75e
*** SHOWDOWN ***
8b99b75e collected $0.12 from pot
*** SUMMARY ***
Total pot $0.12 | Rake $0 | Jackpot $0 | Bingo $0 | Fortune $0
Seat 1: ddea3969 (big blind) folded before Flop
Seat 2: 8b99b75e collected ($0.12)
Seat 3: fbb11f47 folded before Flop (didn't bet)
Seat 4: Hero folded before Flop (didn't bet)
Seat 5: 9a92ccc6 (button) folded before Flop (didn't bet)
Seat 6: f2450ffa (small blind) folded before Flop


Poker Hand #HD1168618326: Hold'em No Limit  ($0.02/$0.05) - 2023/03/20 19:41:30
Table 'NLHBlue76' 6-max Seat #4 is the button
Seat 1: ddea3969 ($5 in chips)
Seat 2: 8b99b75e ($3.76 in chips)
Seat 3: fbb11f47 ($8.76 in chips)
Seat 4: Hero ($6.05 in chips)
Seat 5: 9a92ccc6 ($7.96 in chips)
Seat 6: f2450ffa ($5 in chips)
9a92ccc6: posts small blind $0.02
f2450ffa: posts big blind $0.05
*** HOLE CARDS ***
Dealt to ddea3969 
Dealt to 8b99b75e 
Dealt to fbb11f47 
Dealt to Hero [Ts 6s]
Dealt to 9a92ccc6 
Dealt to f2450ffa 
ddea3969: folds
8b99b75e: folds
fbb11f47: folds
Hero: raises $0.07 to $0.12
9a92ccc6: folds
f2450ffa: folds
Uncalled bet ($0.07) returned to Hero
*** SHOWDOWN ***
Hero collected $0.12 from pot
*** SUMMARY ***
Total pot $0.12 | Rake $0 | Jackpot $0 | Bingo $0 | Fortune $0
Seat 1: ddea3969 folded before Flop (didn't bet)
Seat 2: 8b99b75e folded before Flop (didn't bet)
Seat 3: fbb11f47 folded before Flop (didn't bet)
Seat 4: Hero (button) collected ($0.12)
Seat 5: 9a92ccc6 (small blind) folded before Flop
Seat 6: f2450ffa (big blind) folded before Flop


Poker Hand #HD1168618246: Hold'em No Limit  ($0.02/$0.05) - 2023/03/20 19:41:01
Table 'NLHBlue76' 6-max Seat #3 is the button
Seat 1: ddea3969 ($5 in chips)
Seat 2: 8b99b75e ($3.76 in chips)
Seat 3: fbb11f47 ($8.89 in chips)
Seat 4: Hero ($5.88 in chips)
Seat 5: 9a92ccc6 ($8.01 in chips)
Seat 6: f2450ffa ($5 in chips)
Hero: posts small blind $0.02
9a92ccc6: posts big blind $0.05
*** HOLE CARDS ***
Dealt to ddea3969 
Dealt to 8b99b75e 
Dealt to fbb11f47 
Dealt to Hero [Qc As]
Dealt to 9a92ccc6 
Dealt to f2450ffa 
f2450ffa: folds
ddea3969: folds
8b99b75e: folds
fbb11f47: raises $0.08 to $0.13
Hero: raises $0.47 to $0.6
9a92ccc6: folds
fbb11f47: folds
Uncalled bet ($0.47) returned to Hero
*** SHOWDOWN ***
Hero collected $0.3 from pot
*** SUMMARY ***
Total pot $0.31 | Rake $0.01 | Jackpot $0 | Bingo $0 | Fortune $0
Seat 1: ddea3969 folded before Flop (didn't bet)
Seat 2: 8b99b75e folded before Flop (didn't bet)
Seat 3: fbb11f47 (button) folded before Flop
Seat 4: Hero (small blind) collected ($0.3)
Seat 5: 9a92ccc6 (big blind) folded before Flop
Seat 6: f2450ffa folded before Flop (didn't bet)


Poker Hand #HD1168618178: Hold'em No Limit  ($0.02/$0.05) - 2023/03/20 19:40:36
Table 'NLHBlue76' 6-max Seat #2 is the button
Seat 1: ddea3969 ($5 in chips)
Seat 2: 8b99b75e ($3.6 in chips)
Seat 3: fbb11f47 ($8.91 in chips)
Seat 4: Hero ($6.03 in chips)
Seat 5: 9a92ccc6 ($8.01 in chips)
Seat 6: f2450ffa ($5 in chips)
fbb11f47: posts small blind $0.02
Hero: posts big blind $0.05
*** HOLE CARDS ***
Dealt to ddea3969 
Dealt to 8b99b75e 
Dealt to fbb11f47 
Dealt to Hero [Ac 4h]
Dealt to 9a92ccc6 
Dealt to f2450ffa 
9a92ccc6: folds
f2450ffa: folds
ddea3969: folds
8b99b75e: raises $0.1 to $0.15
fbb11f47: folds
Hero: calls $0.1
*** FLOP *** [7s 8d 6h]
Hero: checks
8b99b75e: checks
*** TURN *** [7s 8d 6h] [Ks]
Hero: checks
8b99b75e: bets $0.11
Hero: folds
Uncalled bet ($0.11) returned to 8b99b75e
*** SHOWDOWN ***
8b99b75e collected $0.31 from pot
*** SUMMARY ***
Total pot $0.32 | Rake $0.01 | Jackpot $0 | Bingo $0 | Fortune $0
Board [7s 8d 6h Ks]
Seat 1: ddea3969 folded before Flop (didn't bet)
Seat 2: 8b99b75e (button) won ($0.31)
Seat 3: fbb11f47 (small blind) folded before Flop
Seat 4: Hero (big blind) folded on the Turn
Seat 5: 9a92ccc6 folded before Flop (didn't bet)
Seat 6: f2450ffa folded before Flop (didn't bet)


Poker Hand #HD1168618010: Hold'em No Limit  ($0.02/$0.05) - 2023/03/20 19:39:35
Table 'NLHBlue76' 6-max Seat #1 is the button
Seat 1: ddea3969 ($5 in chips)
Seat 2: 8b99b75e ($2.88 in chips)
Seat 3: fbb11f47 ($9.76 in chips)
Seat 4: Hero ($6.03 in chips)
Seat 5: 9a92ccc6 ($8.01 in chips)
Seat 6: f2450ffa ($5 in chips)
8b99b75e: posts small blind $0.02
fbb11f47: posts big blind $0.05
*** HOLE CARDS ***
Dealt to ddea3969 
Dealt to 8b99b75e 
Dealt to fbb11f47 
Dealt to Hero [6d Qc]
Dealt to 9a92ccc6 
Dealt to f2450ffa 
Hero: folds
9a92ccc6: folds
f2450ffa: folds
ddea3969: folds
8b99b75e: raises $0.15 to $0.2
fbb11f47: calls $0.15
*** FLOP *** [4h Ks 9s]
8b99b75e: bets $0.14
fbb11f47: calls $0.14
*** TURN *** [4h Ks 9s] [Kd]
8b99b75e: bets $0.51
fbb11f47: calls $0.51
*** RIVER *** [4h Ks 9s Kd] [Jh]
8b99b75e: checks
fbb11f47: checks
8b99b75e: shows [Kh 3h] (Three Kings)
fbb11f47: shows [As 9d] (Pair of Kings and Pair of Nines)
*** SHOWDOWN ***
8b99b75e collected $1.57 from pot
*** SUMMARY ***
Total pot $1.7 | Rake $0.08 | Jackpot $0.05 | Bingo $0 | Fortune $0
Board [4h Ks 9s Kd Jh]
Seat 1: ddea3969 (button) folded before Flop (didn't bet)
Seat 2: 8b99b75e (small blind) showed [Kh 3h] and won ($1.57) with Three Kings
Seat 3: fbb11f47 (big blind) showed [As 9d] and lost with Pair of Kings and Pair of Nines
Seat 4: Hero folded before Flop (didn't bet)
Seat 5: 9a92ccc6 folded before Flop (didn't bet)
Seat 6: f2450ffa folded before Flop (didn't bet)


Poker Hand #HD1168617955: Hold'em No Limit  ($0.02/$0.05) - 2023/03/20 19:39:12
Table 'NLHBlue76' 6-max Seat #6 is the button
Seat 1: ddea3969 ($5 in chips)
Seat 2: 8b99b75e ($2.93 in chips)
Seat 3: fbb11f47 ($9.76 in chips)
Seat 4: Hero ($5.96 in chips)
Seat 5: 9a92ccc6 ($8.01 in chips)
Seat 6: f2450ffa ($5 in chips)
ddea3969: posts small blind $0.02
8b99b75e: posts big blind $0.05
*** HOLE CARDS ***
Dealt to ddea3969 
Dealt to 8b99b75e 
Dealt to fbb11f47 
Dealt to Hero [Ks Kc]
Dealt to 9a92ccc6 
Dealt to f2450ffa 
fbb11f47: folds
Hero: raises $0.07 to $0.12
9a92ccc6: folds
f2450ffa: folds
ddea3969: folds
8b99b75e: folds
Uncalled bet ($0.07) returned to Hero
*** SHOWDOWN ***
Hero collected $0.12 from pot
*** SUMMARY ***
Total pot $0.12 | Rake $0 | Jackpot $0 | Bingo $0 | Fortune $0
Seat 1: ddea3969 (small blind) folded before Flop
Seat 2: 8b99b75e (big blind) folded before Flop
Seat 3: fbb11f47 folded before Flop (didn't bet)
Seat 4: Hero collected ($0.12)
Seat 5: 9a92ccc6 folded before Flop (didn't bet)
Seat 6: f2450ffa (button) folded before Flop (didn't bet)


Poker Hand #HD1168617720: Hold'em No Limit  ($0.02/$0.05) - 2023/03/20 19:37:42
Table 'NLHBlue76' 6-max Seat #5 is the button
Seat 1: ddea3969 ($5 in chips)
Seat 2: 8b99b75e ($2.93 in chips)
Seat 3: fbb11f47 ($9.76 in chips)
Seat 4: Hero ($5.96 in chips)
Seat 5: 9a92ccc6 ($7.15 in chips)
Seat 6: f2450ffa ($5.31 in chips)
f2450ffa: posts small blind $0.02
ddea3969: posts big blind $0.05
*** HOLE CARDS ***
Dealt to ddea3969 
Dealt to 8b99b75e 
Dealt to fbb11f47 
Dealt to Hero [5s 2d]
Dealt to 9a92ccc6 
Dealt to f2450ffa 
8b99b75e: folds
fbb11f47: folds
Hero: folds
9a92ccc6: raises $0.08 to $0.13
f2450ffa: raises $0.42 to $0.55
ddea3969: folds
9a92ccc6: calls $0.42
*** FLOP *** [Ah Js 5d]
f2450ffa: bets $0.4
9a92ccc6: calls $0.4
*** TURN *** [Ah Js 5d] [Qs]
f2450ffa: checks
9a92ccc6: bets $1
f2450ffa: folds
Uncalled bet ($1) returned to 9a92ccc6
*** SHOWDOWN ***
9a92ccc6 collected $1.81 from pot
*** SUMMARY ***
Total pot $1.95 | Rake $0.09 | Jackpot $0.05 | Bingo $0 | Fortune $0
Board [Ah Js 5d Qs]
Seat 1: ddea3969 (big blind) folded before Flop
Seat 2: 8b99b75e folded before Flop (didn't bet)
Seat 3: fbb11f47 folded before Flop (didn't bet)
Seat 4: Hero folded before Flop (didn't bet)
Seat 5: 9a92ccc6 (button) won ($1.81)
Seat 6: f2450ffa (small blind) folded on the Turn


Poker Hand #HD1168617624: Hold'em No Limit  ($0.02/$0.05) - 2023/03/20 19:37:04
Table 'NLHBlue76' 6-max Seat #4 is the button
Seat 1: ddea3969 ($5 in chips)
Seat 2: 8b99b75e ($2.93 in chips)
Seat 3: fbb11f47 ($9.62 in chips)
Seat 4: Hero ($5.96 in chips)
Seat 5: 9a92ccc6 ($7.17 in chips)
Seat 6: f2450ffa ($5.44 in chips)
9a92ccc6: posts small blind $0.02
f2450ffa: posts big blind $0.05
*** HOLE CARDS ***
Dealt to ddea3969 
Dealt to 8b99b75e 
Dealt to fbb11f47 
Dealt to Hero [3d 7d]
Dealt to 9a92ccc6 
Dealt to f2450ffa 
ddea3969: folds
8b99b75e: folds
fbb11f47: raises $0.08 to $0.13
Hero: folds
9a92ccc6: folds
f2450ffa: calls $0.08
*** FLOP *** [Th 6s Qd]
f2450ffa: checks
fbb11f47: checks
*** TURN *** [Th 6s Qd] [9c]
f2450ffa: checks
fbb11f47: bets $0.14
f2450ffa: folds
Uncalled bet ($0.14) returned to fbb11f47
*** SHOWDOWN ***
fbb11f47 collected $0.27 from pot
*** SUMMARY ***
Total pot $0.28 | Rake $0.01 | Jackpot $0 | Bingo $0 | Fortune $0
Board [Th 6s Qd 9c]
Seat 1: ddea3969 folded before Flop (didn't bet)
Seat 2: 8b99b75e folded before Flop (didn't bet)
Seat 3: fbb11f47 won ($0.27)
Seat 4: Hero (button) folded before Flop (didn't bet)
Seat 5: 9a92ccc6 (small blind) folded before Flop
Seat 6: f2450ffa (big blind) folded on the Turn


Poker Hand #HD1168617551: Hold'em No Limit  ($0.02/$0.05) - 2023/03/20 19:36:35
Table 'NLHBlue76' 6-max Seat #3 is the button
Seat 1: ddea3969 ($5 in chips)
Seat 2: 8b99b75e ($2.86 in chips)
Seat 3: fbb11f47 ($9.62 in chips)
Seat 4: Hero ($5.98 in chips)
Seat 5: 9a92ccc6 ($7.22 in chips)
Seat 6: f2450ffa ($5.44 in chips)
Hero: posts small blind $0.02
9a92ccc6: posts big blind $0.05
*** HOLE CARDS ***
Dealt to ddea3969 
Dealt to 8b99b75e 
Dealt to fbb11f47 
Dealt to Hero [Jc Th]
Dealt to 9a92ccc6 
Dealt to f2450ffa 
f2450ffa: folds
ddea3969: folds
8b99b75e: raises $0.1 to $0.15
fbb11f47: folds
Hero: folds
9a92ccc6: folds
Uncalled bet ($0.1) returned to 8b99b75e
*** SHOWDOWN ***
8b99b75e collected $0.12 from pot
*** SUMMARY ***
Total pot $0.12 | Rake $0 | Jackpot $0 | Bingo $0 | Fortune $0
Seat 1: ddea3969 folded before Flop (didn't bet)
Seat 2: 8b99b75e collected ($0.12)
Seat 3: fbb11f47 (button) folded before Flop (didn't bet)
Seat 4: Hero (small blind) folded before Flop
Seat 5: 9a92ccc6 (big blind) folded before Flop
Seat 6: f2450ffa folded before Flop (didn't bet)


Poker Hand #HD1168617400: Hold'em No Limit  ($0.02/$0.05) - 2023/03/20 19:35:40
Table 'NLHBlue76' 6-max Seat #2 is the button
Seat 1: ddea3969 ($5 in chips)
Seat 2: 8b99b75e ($3.78 in chips)
Seat 3: fbb11f47 ($8.79 in chips)
Seat 4: Hero ($6.03 in chips)
Seat 5: 9a92ccc6 ($7.22 in chips)
Seat 6: f2450ffa ($5.44 in chips)
fbb11f47: posts small blind $0.02
Hero: posts big blind $0.05
*** HOLE CARDS ***
Dealt to ddea3969 
Dealt to 8b99b75e 
Dealt to fbb11f47 
Dealt to Hero [8c 6c]
Dealt to 9a92ccc6 
Dealt to f2450ffa 
9a92ccc6: folds
f2450ffa: folds
ddea3969: folds
8b99b75e: raises $0.1 to $0.15
fbb11f47: raises $0.48 to $0.63
Hero: folds
8b99b75e: calls $0.48
*** FLOP *** [9c 5s Ad]
fbb11f47: bets $0.29
8b99b75e: calls $0.29
*** TURN *** [9c 5s Ad] [Qc]
fbb11f47: bets $0.63
8b99b75e: folds
Uncalled bet ($0.63) returned to fbb11f47
*** SHOWDOWN ***
fbb11f47 collected $1.75 from pot
*** SUMMARY ***
Total pot $1.89 | Rake $0.09 | Jackpot $0.05 | Bingo $0 | Fortune $0
Board [9c 5s Ad Qc]
Seat 1: ddea3969 folded before Flop (didn't bet)
Seat 2: 8b99b75e (button) folded on the Turn
Seat 3: fbb11f47 (small blind) won ($1.75)
Seat 4: Hero (big blind) folded before Flop
Seat 5: 9a92ccc6 folded before Flop (didn't bet)
Seat 6: f2450ffa folded before Flop (didn't bet)


Poker Hand #HD1168617360: Hold'em No Limit  ($0.02/$0.05) - 2023/03/20 19:35:24
Table 'NLHBlue76' 6-max Seat #1 is the button
Seat 1: ddea3969 ($5 in chips)
Seat 2: 8b99b75e ($3.8 in chips)
Seat 3: fbb11f47 ($8.77 in chips)
Seat 4: Hero ($6.03 in chips)
Seat 5: 9a92ccc6 ($7.22 in chips)
Seat 6: f2450ffa ($5.44 in chips)
8b99b75e: posts small blind $0.02
fbb11f47: posts big blind $0.05
*** HOLE CARDS ***
Dealt to ddea3969 
Dealt to 8b99b75e 
Dealt to fbb11f47 
Dealt to Hero [3d 5c]
Dealt to 9a92ccc6 
Dealt to f2450ffa 
Hero: folds
9a92ccc6: folds
f2450ffa: folds
ddea3969: folds
8b99b75e: folds
Uncalled bet ($0.03) returned to fbb11f47
*** SHOWDOWN ***
fbb11f47 collected $0.04 from pot
*** SUMMARY ***
Total pot $0.04 | Rake $0 | Jackpot $0 | Bingo $0 | Fortune $0
Seat 1: ddea3969 (button) folded before Flop (didn't bet)
Seat 2: 8b99b75e (small blind) folded before Flop
Seat 3: fbb11f47 (big blind) collected ($0.04)
Seat 4: Hero folded before Flop (didn't bet)
Seat 5: 9a92ccc6 folded before Flop (didn't bet)
Seat 6: f2450ffa folded before Flop (didn't bet)


Poker Hand #HD1168617320: Hold'em No Limit  ($0.02/$0.05) - 2023/03/20 19:35:08
Table 'NLHBlue76' 6-max Seat #6 is the button
Seat 1: ddea3969 ($5 in chips)
Seat 2: 8b99b75e ($3.78 in chips)
Seat 3: fbb11f47 ($8.77 in chips)
Seat 4: Hero ($6.03 in chips)
Seat 5: 9a92ccc6 ($7.22 in chips)
Seat 6: f2450ffa ($5.44 in chips)
ddea3969: posts small blind $0.02
8b99b75e: posts big blind $0.05
*** HOLE CARDS ***
Dealt to ddea3969 
Dealt to 8b99b75e 
Dealt to fbb11f47 
Dealt to Hero [3h 9h]
Dealt to 9a92ccc6 
Dealt to f2450ffa 
fbb11f47: folds
Hero: folds
9a92ccc6: folds
f2450ffa: folds
ddea3969: folds
Uncalled bet ($0.03) returned to 8b99b75e
*** SHOWDOWN ***
8b99b75e collected $0.04 from pot
*** SUMMARY ***
Total pot $0.04 | Rake $0 | Jackpot $0 | Bingo $0 | Fortune $0
Seat 1: ddea3969 (small blind) folded before Flop
Seat 2: 8b99b75e (big blind) collected ($0.04)
Seat 3: fbb11f47 folded before Flop (didn't bet)
Seat 4: Hero folded before Flop (didn't bet)
Seat 5: 9a92ccc6 folded before Flop (didn't bet)
Seat 6: f2450ffa (button) folded before Flop (didn't bet)


Poker Hand #HD1168617276: Hold'em No Limit  ($0.02/$0.05) - 2023/03/20 19:34:53
Table 'NLHBlue76' 6-max Seat #5 is the button
Seat 1: ddea3969 ($5 in chips)
Seat 2: 8b99b75e ($3.71 in chips)
Seat 3: fbb11f47 ($8.77 in chips)
Seat 4: Hero ($6.03 in chips)
Seat 5: 9a92ccc6 ($7.22 in chips)
Seat 6: f2450ffa ($5.46 in chips)
f2450ffa: posts small blind $0.02
ddea3969: posts big blind $0.05
*** HOLE CARDS ***
Dealt to ddea3969 
Dealt to 8b99b75e 
Dealt to fbb11f47 
Dealt to Hero [Kc 3s]
Dealt to 9a92ccc6 
Dealt to f2450ffa 
8b99b75e: raises $0.1 to $0.15
fbb11f47: folds
Hero: folds
9a92ccc6: folds
f2450ffa: folds
ddea3969: folds
Uncalled bet ($0.1) returned to 8b99b75e
*** SHOWDOWN ***
8b99b75e collected $0.12 from pot
*** SUMMARY ***
Total pot $0.12 | Rake $0 | Jackpot $0 | Bingo $0 | Fortune $0
Seat 1: ddea3969 (big blind) folded before Flop
Seat 2: 8b99b75e collected ($0.12)
Seat 3: fbb11f47 folded before Flop (didn't bet)
Seat 4: Hero folded before Flop (didn't bet)
Seat 5: 9a92ccc6 (button) folded before Flop (didn't bet)
Seat 6: f2450ffa (small blind) folded before Flop


Poker Hand #HD1168617219: Hold'em No Limit  ($0.02/$0.05) - 2023/03/20 19:34:29
Table 'NLHBlue76' 6-max Seat #4 is the button
Seat 1: ddea3969 ($5 in chips)
Seat 2: 8b99b75e ($3.64 in chips)
Seat 3: fbb11f47 ($8.77 in chips)
Seat 4: Hero ($6.03 in chips)
Seat 5: 9a92ccc6 ($7.24 in chips)
Seat 6: f2450ffa ($5.51 in chips)
9a92ccc6: posts small blind $0.02
f2450ffa: posts big blind $0.05
*** HOLE CARDS ***
Dealt to ddea3969 
Dealt to 8b99b75e 
Dealt to fbb11f47 
Dealt to Hero [Qd 6s]
Dealt to 9a92ccc6 
Dealt to f2450ffa 
ddea3969: folds
8b99b75e: raises $0.1 to $0.15
fbb11f47: folds
Hero: folds
9a92ccc6: folds
f2450ffa: folds
Uncalled bet ($0.1) returned to 8b99b75e
*** SHOWDOWN ***
8b99b75e collected $0.12 from pot
*** SUMMARY ***
Total pot $0.12 | Rake $0 | Jackpot $0 | Bingo $0 | Fortune $0
Seat 1: ddea3969 folded before Flop (didn't bet)
Seat 2: 8b99b75e collected ($0.12)
Seat 3: fbb11f47 folded before Flop (didn't bet)
Seat 4: Hero (button) folded before Flop (didn't bet)
Seat 5: 9a92ccc6 (small blind) folded before Flop
Seat 6: f2450ffa (big blind) folded before Flop


Poker Hand #HD1168617198: Hold'em No Limit  ($0.02/$0.05) - 2023/03/20 19:34:19
Table 'NLHBlue76' 6-max Seat #3 is the button
Seat 1: ddea3969 ($5 in chips)
Seat 2: 8b99b75e ($3.64 in chips)
Seat 3: fbb11f47 ($8.77 in chips)
Seat 4: Hero ($6.05 in chips)
Seat 5: 9a92ccc6 ($7.22 in chips)
Hero: posts small blind $0.02
9a92ccc6: posts big blind $0.05
*** HOLE CARDS ***
Dealt to ddea3969 
Dealt to 8b99b75e 
Dealt to fbb11f47 
Dealt to Hero [Kc 5s]
Dealt to 9a92ccc6 
ddea3969: folds
8b99b75e: folds
fbb11f47: folds
Hero: folds
Uncalled bet ($0.03) returned to 9a92ccc6
*** SHOWDOWN ***
9a92ccc6 collected $0.04 from pot
*** SUMMARY ***
Total pot $0.04 | Rake $0 | Jackpot $0 | Bingo $0 | Fortune $0
Seat 1: ddea3969 folded before Flop (didn't bet)
Seat 2: 8b99b75e folded before Flop (didn't bet)
Seat 3: fbb11f47 (button) folded before Flop (didn't bet)
Seat 4: Hero (small blind) folded before Flop
Seat 5: 9a92ccc6 (big blind) collected ($0.04)


Poker Hand #HD1168617103: Hold'em No Limit  ($0.02/$0.05) - 2023/03/20 19:33:41
Table 'NLHBlue76' 6-max Seat #2 is the button
Seat 1: ddea3969 ($5 in chips)
Seat 2: 8b99b75e ($3.48 in chips)
Seat 3: fbb11f47 ($8.79 in chips)
Seat 4: Hero ($6.2 in chips)
Seat 5: 9a92ccc6 ($7.22 in chips)
fbb11f47: posts small blind $0.02
Hero: posts big blind $0.05
*** HOLE CARDS ***
Dealt to ddea3969 
Dealt to 8b99b75e 
Dealt to fbb11f47 
Dealt to Hero [9s Qc]
Dealt to 9a92ccc6 
9a92ccc6: folds
ddea3969: folds
8b99b75e: raises $0.1 to $0.15
fbb11f47: folds
Hero: calls $0.1
*** FLOP *** [Kd 9d Td]
Hero: checks
8b99b75e: bets $0.11
Hero: folds
Uncalled bet ($0.11) returned to 8b99b75e
*** SHOWDOWN ***
8b99b75e collected $0.31 from pot
*** SUMMARY ***
Total pot $0.32 | Rake $0.01 | Jackpot $0 | Bingo $0 | Fortune $0
Board [Kd 9d Td]
Seat 1: ddea3969 folded before Flop (didn't bet)
Seat 2: 8b99b75e (button) won ($0.31)
Seat 3: fbb11f47 (small blind) folded before Flop
Seat 4: Hero (big blind) folded on the Flop
Seat 5: 9a92ccc6 folded before Flop (didn't bet)


Poker Hand #HD1168617043: Hold'em No Limit  ($0.02/$0.05) - 2023/03/20 19:33:21
Table 'NLHBlue76' 6-max Seat #1 is the button
Seat 1: ddea3969 ($5 in chips)
Seat 2: 8b99b75e ($3.43 in chips)
Seat 3: fbb11f47 ($8.84 in chips)
Seat 4: Hero ($6.2 in chips)
Seat 5: 9a92ccc6 ($7.22 in chips)
8b99b75e: posts small blind $0.02
fbb11f47: posts big blind $0.05
*** HOLE CARDS ***
Dealt to ddea3969 
Dealt to 8b99b75e 
Dealt to fbb11f47 
Dealt to Hero [6c Jc]
Dealt to 9a92ccc6 
Hero: folds
9a92ccc6: folds
ddea3969: folds
8b99b75e: raises $0.15 to $0.2
fbb11f47: folds
Uncalled bet ($0.15) returned to 8b99b75e
*** SHOWDOWN ***
8b99b75e collected $0.1 from pot
*** SUMMARY ***
Total pot $0.1 | Rake $0 | Jackpot $0 | Bingo $0 | Fortune $0
Seat 1: ddea3969 (button) folded before Flop (didn't bet)
Seat 2: 8b99b75e (small blind) collected ($0.1)
Seat 3: fbb11f47 (big blind) folded before Flop
Seat 4: Hero folded before Flop (didn't bet)
Seat 5: 9a92ccc6 folded before Flop (didn't bet)


Poker Hand #HD1168616944: Hold'em No Limit  ($0.02/$0.05) - 2023/03/20 19:32:41
Table 'NLHBlue76' 6-max Seat #5 is the button
Seat 1: ddea3969 ($5 in chips)
Seat 2: 8b99b75e ($3.68 in chips)
Seat 3: fbb11f47 ($8.84 in chips)
Seat 4: Hero ($5.95 in chips)
Seat 5: 9a92ccc6 ($7.22 in chips)
ddea3969: posts small blind $0.02
8b99b75e: posts big blind $0.05
*** HOLE CARDS ***
Dealt to ddea3969 
Dealt to 8b99b75e 
Dealt to fbb11f47 
Dealt to Hero [Kc Ac]
Dealt to 9a92ccc6 
fbb11f47: folds
Hero: raises $0.07 to $0.12
9a92ccc6: folds
ddea3969: folds
8b99b75e: calls $0.07
*** FLOP *** [Kd 5h Tc]
8b99b75e: checks
Hero: bets $0.13
8b99b75e: calls $0.13
*** TURN *** [Kd 5h Tc] [Jd]
8b99b75e: checks
Hero: bets $0.26
8b99b75e: folds
Uncalled bet ($0.26) returned to Hero
*** SHOWDOWN ***
Hero collected $0.5 from pot
*** SUMMARY ***
Total pot $0.52 | Rake $0.02 | Jackpot $0 | Bingo $0 | Fortune $0
Board [Kd 5h Tc Jd]
Seat 1: ddea3969 (small blind) folded before Flop
Seat 2: 8b99b75e (big blind) folded on the Turn
Seat 3: fbb11f47 folded before Flop (didn't bet)
Seat 4: Hero won ($0.5)
Seat 5: 9a92ccc6 (button) folded before Flop (didn't bet)


Poker Hand #HD1168616868: Hold'em No Limit  ($0.02/$0.05) - 2023/03/20 19:32:13
Table 'NLHBlue76' 6-max Seat #4 is the button
Seat 1: ddea3969 ($5 in chips)
Seat 2: 8b99b75e ($3.68 in chips)
Seat 3: fbb11f47 ($8.84 in chips)
Seat 4: Hero ($5.95 in chips)
Seat 5: 9a92ccc6 ($7.17 in chips)
9a92ccc6: posts small blind $0.02
ddea3969: posts big blind $0.05
*** HOLE CARDS ***
Dealt to ddea3969 
Dealt to 8b99b75e 
Dealt to fbb11f47 
Dealt to Hero [Kh 4s]
Dealt to 9a92ccc6 
8b99b75e: folds
fbb11f47: folds
Hero: folds
9a92ccc6: raises $0.1 to $0.15
ddea3969: folds
Uncalled bet ($0.1) returned to 9a92ccc6
*** SHOWDOWN ***
9a92ccc6 collected $0.1 from pot
*** SUMMARY ***
Total pot $0.1 | Rake $0 | Jackpot $0 | Bingo $0 | Fortune $0
Seat 1: ddea3969 (big blind) folded before Flop
Seat 2: 8b99b75e folded before Flop (didn't bet)
Seat 3: fbb11f47 folded before Flop (didn't bet)
Seat 4: Hero (button) folded before Flop (didn't bet)
Seat 5: 9a92ccc6 (small blind) collected ($0.1)


Poker Hand #HD1168616697: Hold'em No Limit  ($0.02/$0.05) - 2023/03/20 19:31:03
Table 'NLHBlue76' 6-max Seat #3 is the button
Seat 1: ddea3969 ($5.48 in chips)
Seat 2: 8b99b75e ($3.68 in chips)
Seat 3: fbb11f47 ($8.84 in chips)
Seat 4: Hero ($5.97 in chips)
Seat 5: 9a92ccc6 ($6.67 in chips)
Hero: posts small blind $0.02
9a92ccc6: posts big blind $0.05
*** HOLE CARDS ***
Dealt to ddea3969 
Dealt to 8b99b75e 
Dealt to fbb11f47 
Dealt to Hero [7s 5c]
Dealt to 9a92ccc6 
ddea3969: raises $0.1 to $0.15
8b99b75e: folds
fbb11f47: folds
Hero: folds
9a92ccc6: raises $0.38 to $0.53
ddea3969: calls $0.38
*** FLOP *** [7d Qd As]
9a92ccc6: checks
ddea3969: checks
*** TURN *** [7d Qd As] [3c]
9a92ccc6: checks
ddea3969: checks
*** RIVER *** [7d Qd As 3c] [Kh]
9a92ccc6: checks
ddea3969: checks
9a92ccc6: shows [Jh Jc] (Pair of Jacks)
ddea3969: shows [5h 5s] (Pair of Fives)
*** SHOWDOWN ***
9a92ccc6 collected $1.03 from pot
*** SUMMARY ***
Total pot $1.08 | Rake $0.05 | Jackpot $0 | Bingo $0 | Fortune $0
Board [7d Qd As 3c Kh]
Seat 1: ddea3969 showed [5h 5s] and lost with Pair of Fives
Seat 2: 8b99b75e folded before Flop (didn't bet)
Seat 3: fbb11f47 (button) folded before Flop (didn't bet)
Seat 4: Hero (small blind) folded before Flop
Seat 5: 9a92ccc6 (big blind) showed [Jh Jc] and won ($1.03) with Pair of Jacks


Poker Hand #HD1168616531: Hold'em No Limit  ($0.02/$0.05) - 2023/03/20 19:30:00
Table 'NLHBlue76' 6-max Seat #2 is the button
Seat 1: ddea3969 ($5.63 in chips)
Seat 2: 8b99b75e ($3.68 in chips)
Seat 3: fbb11f47 ($9.47 in chips)
Seat 4: Hero ($5.26 in chips)
Seat 5: 9a92ccc6 ($6.67 in chips)
fbb11f47: posts small blind $0.02
Hero: posts big blind $0.05
*** HOLE CARDS ***
Dealt to ddea3969 
Dealt to 8b99b75e 
Dealt to fbb11f47 
Dealt to Hero [Qs Qd]
Dealt to 9a92ccc6 
9a92ccc6: folds
ddea3969: raises $0.1 to $0.15
8b99b75e: folds
fbb11f47: raises $0.48 to $0.63
Hero: raises $0.81 to $1.44
ddea3969: folds
fbb11f47: folds
Uncalled bet ($0.81) returned to Hero
*** SHOWDOWN ***
Hero collected $1.34 from pot
*** SUMMARY ***
Total pot $1.41 | Rake $0.07 | Jackpot $0 | Bingo $0 | Fortune $0
Seat 1: ddea3969 folded before Flop
Seat 2: 8b99b75e (button) folded before Flop (didn't bet)
Seat 3: fbb11f47 (small blind) folded before Flop
Seat 4: Hero (big blind) collected ($1.34)
Seat 5: 9a92ccc6 folded before Flop (didn't bet)


Poker Hand #HD1168616406: Hold'em No Limit  ($0.02/$0.05) - 2023/03/20 19:29:12
Table 'NLHBlue76' 6-max Seat #1 is the button
Seat 1: ddea3969 ($5.63 in chips)
Seat 2: 8b99b75e ($3.7 in chips)
Seat 3: fbb11f47 ($9.52 in chips)
Seat 4: Hero ($5.08 in chips)
Seat 5: 9a92ccc6 ($6.79 in chips)
8b99b75e: posts small blind $0.02
fbb11f47: posts big blind $0.05
*** HOLE CARDS ***
Dealt to ddea3969 
Dealt to 8b99b75e 
Dealt to fbb11f47 
Dealt to Hero [8d 8h]
Dealt to 9a92ccc6 
Hero: raises $0.07 to $0.12
9a92ccc6: calls $0.12
ddea3969: folds
8b99b75e: folds
fbb11f47: folds
*** FLOP *** [Kc Ad Js]
Hero: bets $0.16
9a92ccc6: folds
Uncalled bet ($0.16) returned to Hero
*** SHOWDOWN ***
Hero collected $0.3 from pot
*** SUMMARY ***
Total pot $0.31 | Rake $0.01 | Jackpot $0 | Bingo $0 | Fortune $0
Board [Kc Ad Js]
Seat 1: ddea3969 (button) folded before Flop (didn't bet)
Seat 2: 8b99b75e (small blind) folded before Flop
Seat 3: fbb11f47 (big blind) folded before Flop
Seat 4: Hero won ($0.3)
Seat 5: 9a92ccc6 folded on the Flop


Poker Hand #HD1168616315: Hold'em No Limit  ($0.02/$0.05) - 2023/03/20 19:28:40
Table 'NLHBlue76' 6-max Seat #5 is the button
Seat 1: ddea3969 ($5.47 in chips)
Seat 2: 8b99b75e ($3.75 in chips)
Seat 3: fbb11f47 ($9.52 in chips)
Seat 4: Hero ($5.2 in chips)
Seat 5: 9a92ccc6 ($6.79 in chips)
ddea3969: posts small blind $0.02
8b99b75e: posts big blind $0.05
*** HOLE CARDS ***
Dealt to ddea3969 
Dealt to 8b99b75e 
Dealt to fbb11f47 
Dealt to Hero [Qs 8s]
Dealt to 9a92ccc6 
fbb11f47: folds
Hero: raises $0.07 to $0.12
9a92ccc6: folds
ddea3969: raises $0.23 to $0.35
8b99b75e: folds
Hero: folds
Uncalled bet ($0.23) returned to ddea3969
*** SHOWDOWN ***
ddea3969 collected $0.28 from pot
*** SUMMARY ***
Total pot $0.29 | Rake $0.01 | Jackpot $0 | Bingo $0 | Fortune $0
Seat 1: ddea3969 (small blind) collected ($0.28)
Seat 2: 8b99b75e (big blind) folded before Flop
Seat 3: fbb11f47 folded before Flop (didn't bet)
Seat 4: Hero folded before Flop
Seat 5: 9a92ccc6 (button) folded before Flop (didn't bet)


Poker Hand #HD1168616291: Hold'em No Limit  ($0.02/$0.05) - 2023/03/20 19:28:28
Table 'NLHBlue76' 6-max Seat #4 is the button
Seat 1: ddea3969 ($5.52 in chips)
Seat 2: 8b99b75e ($3.68 in chips)
Seat 3: fbb11f47 ($9.52 in chips)
Seat 4: Hero ($5.2 in chips)
Seat 5: 9a92ccc6 ($6.81 in chips)
9a92ccc6: posts small blind $0.02
ddea3969: posts big blind $0.05
*** HOLE CARDS ***
Dealt to ddea3969 
Dealt to 8b99b75e 
Dealt to fbb11f47 
Dealt to Hero [Qs Jc]
Dealt to 9a92ccc6 
8b99b75e: raises $0.1 to $0.15
fbb11f47: folds
Hero: folds
9a92ccc6: folds
ddea3969: folds
Uncalled bet ($0.1) returned to 8b99b75e
*** SHOWDOWN ***
8b99b75e collected $0.12 from pot
*** SUMMARY ***
Total pot $0.12 | Rake $0 | Jackpot $0 | Bingo $0 | Fortune $0
Seat 1: ddea3969 (big blind) folded before Flop
Seat 2: 8b99b75e collected ($0.12)
Seat 3: fbb11f47 folded before Flop (didn't bet)
Seat 4: Hero (button) folded before Flop (didn't bet)
Seat 5: 9a92ccc6 (small blind) folded before Flop


Poker Hand #HD1168616189: Hold'em No Limit  ($0.02/$0.05) - 2023/03/20 19:27:48
Table 'NLHBlue76' 6-max Seat #3 is the button
Seat 1: ddea3969 ($5.01 in chips)
Seat 2: 8b99b75e ($4.17 in chips)
Seat 3: fbb11f47 ($9.52 in chips)
Seat 4: Hero ($5.22 in chips)
Seat 5: 9a92ccc6 ($6.86 in chips)
Seat 6: f2450ffa ($5.51 in chips)
Hero: posts small blind $0.02
9a92ccc6: posts big blind $0.05
*** HOLE CARDS ***
Dealt to ddea3969 
Dealt to 8b99b75e 
Dealt to fbb11f47 
Dealt to Hero [5s Jc]
Dealt to 9a92ccc6 
Dealt to f2450ffa 
f2450ffa: folds
ddea3969: raises $0.1 to $0.15
8b99b75e: calls $0.15
fbb11f47: folds
Hero: folds
9a92ccc6: folds
*** FLOP *** [2s 3s Jh]
ddea3969: bets $0.13
8b99b75e: calls $0.13
*** TURN *** [2s 3s Jh] [7s]
ddea3969: checks
8b99b75e: checks
*** RIVER *** [2s 3s Jh 7s] [4d]
ddea3969: bets $0.21
8b99b75e: calls $0.21
ddea3969: shows [Th Ts] (Pair of Tens)
8b99b75e: shows [3d Ad] (Pair of Treys)
*** SHOWDOWN ***
ddea3969 collected $1 from pot
*** SUMMARY ***
Total pot $1.05 | Rake $0.05 | Jackpot $0 | Bingo $0 | Fortune $0
Board [2s 3s Jh 7s 4d]
Seat 1: ddea3969 showed [Th Ts] and won ($1) with Pair of Tens
Seat 2: 8b99b75e showed [3d Ad] and lost with Pair of Treys
Seat 3: fbb11f47 (button) folded before Flop (didn't bet)
Seat 4: Hero (small blind) folded before Flop
Seat 5: 9a92ccc6 (big blind) folded before Flop
Seat 6: f2450ffa folded before Flop (didn't bet)


Poker Hand #HD1168616079: Hold'em No Limit  ($0.02/$0.05) - 2023/03/20 19:27:04
Table 'NLHBlue76' 6-max Seat #2 is the button
Seat 1: ddea3969 ($5.48 in chips)
Seat 2: 8b99b75e ($3.68 in chips)
Seat 3: fbb11f47 ($9.54 in chips)
Seat 4: Hero ($5.27 in chips)
Seat 5: 9a92ccc6 ($6.86 in chips)
Seat 6: f2450ffa ($5.51 in chips)
fbb11f47: posts small blind $0.02
Hero: posts big blind $0.05
*** HOLE CARDS ***
Dealt to ddea3969 
Dealt to 8b99b75e 
Dealt to fbb11f47 
Dealt to Hero [Tc 8c]
Dealt to 9a92ccc6 
Dealt to f2450ffa 
9a92ccc6: folds
f2450ffa: folds
ddea3969: raises $0.1 to $0.15
8b99b75e: raises $0.32 to $0.47
fbb11f47: folds
Hero: folds
ddea3969: calls $0.32
*** FLOP *** [3s Qc 2c]
ddea3969: checks
8b99b75e: bets $0.34
ddea3969: folds
Uncalled bet ($0.34) returned to 8b99b75e
*** SHOWDOWN ***
8b99b75e collected $0.96 from pot
*** SUMMARY ***
Total pot $1.01 | Rake $0.05 | Jackpot $0 | Bingo $0 | Fortune $0
Board [3s Qc 2c]
Seat 1: ddea3969 folded on the Flop
Seat 2: 8b99b75e (button) won ($0.96)
Seat 3: fbb11f47 (small blind) folded before Flop
Seat 4: Hero (big blind) folded before Flop
Seat 5: 9a92ccc6 folded before Flop (didn't bet)
Seat 6: f2450ffa folded before Flop (didn't bet)


Poker Hand #HD1168615965: Hold'em No Limit  ($0.02/$0.05) - 2023/03/20 19:26:21
Table 'NLHBlue76' 6-max Seat #1 is the button
Seat 1: ddea3969 ($5.48 in chips)
Seat 2: 8b99b75e ($3.7 in chips)
Seat 3: fbb11f47 ($9.66 in chips)
Seat 4: Hero ($5.14 in chips)
Seat 5: 9a92ccc6 ($6.86 in chips)
Seat 6: f2450ffa ($5.51 in chips)
8b99b75e: posts small blind $0.02
fbb11f47: posts big blind $0.05
*** HOLE CARDS ***
Dealt to ddea3969 
Dealt to 8b99b75e 
Dealt to fbb11f47 
Dealt to Hero [4h Ah]
Dealt to 9a92ccc6 
Dealt to f2450ffa 
Hero: raises $0.07 to $0.12
9a92ccc6: folds
f2450ffa: folds
ddea3969: folds
8b99b75e: folds
fbb11f47: calls $0.07
*** FLOP *** [7h Qh 3d]
fbb11f47: checks
Hero: checks
*** TURN *** [7h Qh 3d] [7s]
fbb11f47: checks
Hero: bets $0.13
fbb11f47: folds
Uncalled bet ($0.13) returned to Hero
*** SHOWDOWN ***
Hero collected $0.25 from pot
*** SUMMARY ***
Total pot $0.26 | Rake $0.01 | Jackpot $0 | Bingo $0 | Fortune $0
Board [7h Qh 3d 7s]
Seat 1: ddea3969 (button) folded before Flop (didn't bet)
Seat 2: 8b99b75e (small blind) folded before Flop
Seat 3: fbb11f47 (big blind) folded on the Turn
Seat 4: Hero won ($0.25)
Seat 5: 9a92ccc6 folded before Flop (didn't bet)
Seat 6: f2450ffa folded before Flop (didn't bet)


Poker Hand #HD1168615892: Hold'em No Limit  ($0.02/$0.05) - 2023/03/20 19:25:51
Table 'NLHBlue76' 6-max Seat #6 is the button
Seat 1: ddea3969 ($5.34 in chips)
Seat 2: 8b99b75e ($3.85 in chips)
Seat 3: fbb11f47 ($9.66 in chips)
Seat 4: Hero ($5.14 in chips)
Seat 5: 9a92ccc6 ($6.86 in chips)
Seat 6: f2450ffa ($5.51 in chips)
ddea3969: posts small blind $0.02
8b99b75e: posts big blind $0.05
*** HOLE CARDS ***
Dealt to ddea3969 
Dealt to 8b99b75e 
Dealt to fbb11f47 
Dealt to Hero [9c Qd]
Dealt to 9a92ccc6 
Dealt to f2450ffa 
fbb11f47: folds
Hero: folds
9a92ccc6: folds
f2450ffa: folds
ddea3969: raises $0.1 to $0.15
8b99b75e: calls $0.1
*** FLOP *** [2c Jh Th]
ddea3969: bets $0.1
8b99b75e: folds
Uncalled bet ($0.1) returned to ddea3969
*** SHOWDOWN ***
ddea3969 collected $0.29 from pot
*** SUMMARY ***
Total pot $0.3 | Rake $0.01 | Jackpot $0 | Bingo $0 | Fortune $0
Board [2c Jh Th]
Seat 1: ddea3969 (small blind) won ($0.29)
Seat 2: 8b99b75e (big blind) folded on the Flop
Seat 3: fbb11f47 folded before Flop (didn't bet)
Seat 4: Hero folded before Flop (didn't bet)
Seat 5: 9a92ccc6 folded before Flop (didn't bet)
Seat 6: f2450ffa (button) folded before Flop (didn't bet)


Poker Hand #HD1168615820: Hold'em No Limit  ($0.02/$0.05) - 2023/03/20 19:25:28
Table 'NLHBlue76' 6-max Seat #5 is the button
Seat 1: ddea3969 ($5.39 in chips)
Seat 2: 8b99b75e ($3.85 in chips)
Seat 3: fbb11f47 ($9.66 in chips)
Seat 4: Hero ($5.14 in chips)
Seat 5: 9a92ccc6 ($6.86 in chips)
Seat 6: f2450ffa ($5.46 in chips)
f2450ffa: posts small blind $0.02
ddea3969: posts big blind $0.05
*** HOLE CARDS ***
Dealt to ddea3969 
Dealt to 8b99b75e 
Dealt to fbb11f47 
Dealt to Hero [8c As]
Dealt to 9a92ccc6 
Dealt to f2450ffa 
8b99b75e: folds
fbb11f47: folds
Hero: folds
9a92ccc6: folds
f2450ffa: raises $0.1 to $0.15
ddea3969: folds
Uncalled bet ($0.1) returned to f2450ffa
*** SHOWDOWN ***
f2450ffa collected $0.1 from pot
*** SUMMARY ***
Total pot $0.1 | Rake $0 | Jackpot $0 | Bingo $0 | Fortune $0
Seat 1: ddea3969 (big blind) folded before Flop
Seat 2: 8b99b75e folded before Flop (didn't bet)
Seat 3: fbb11f47 folded before Flop (didn't bet)
Seat 4: Hero folded before Flop (didn't bet)
Seat 5: 9a92ccc6 (button) folded before Flop (didn't bet)
Seat 6: f2450ffa (small blind) collected ($0.1)


Poker Hand #HD1168615776: Hold'em No Limit  ($0.02/$0.05) - 2023/03/20 19:25:11
Table 'NLHBlue76' 6-max Seat #4 is the button
Seat 1: ddea3969 ($5.39 in chips)
Seat 2: 8b99b75e ($3.78 in chips)
Seat 3: fbb11f47 ($9.66 in chips)
Seat 4: Hero ($5.14 in chips)
Seat 5: 9a92ccc6 ($6.88 in chips)
Seat 6: f2450ffa ($5.51 in chips)
9a92ccc6: posts small blind $0.02
f2450ffa: posts big blind $0.05
*** HOLE CARDS ***
Dealt to ddea3969 
Dealt to 8b99b75e 
Dealt to fbb11f47 
Dealt to Hero [7c 5s]
Dealt to 9a92ccc6 
Dealt to f2450ffa 
ddea3969: folds
8b99b75e: raises $0.1 to $0.15
fbb11f47: folds
Hero: folds
9a92ccc6: folds
f2450ffa: folds
Uncalled bet ($0.1) returned to 8b99b75e
*** SHOWDOWN ***
8b99b75e collected $0.12 from pot
*** SUMMARY ***
Total pot $0.12 | Rake $0 | Jackpot $0 | Bingo $0 | Fortune $0
Seat 1: ddea3969 folded before Flop (didn't bet)
Seat 2: 8b99b75e collected ($0.12)
Seat 3: fbb11f47 folded before Flop (didn't bet)
Seat 4: Hero (button) folded before Flop (didn't bet)
Seat 5: 9a92ccc6 (small blind) folded before Flop
Seat 6: f2450ffa (big blind) folded before Flop


Poker Hand #HD1168535506: Hold'em No Limit  ($0.02/$0.05) - 2023/03/20 19:23:30
Table 'NLHBlue76' 6-max Seat #3 is the button
Seat 1: ddea3969 ($5.39 in chips)
Seat 2: 8b99b75e ($8.06 in chips)
Seat 3: fbb11f47 ($5.78 in chips)
Seat 4: Hero ($5.16 in chips)
Seat 5: 9a92ccc6 ($6.93 in chips)
Seat 6: f2450ffa ($5.51 in chips)
Hero: posts small blind $0.02
9a92ccc6: posts big blind $0.05
*** HOLE CARDS ***
Dealt to ddea3969 
Dealt to 8b99b75e 
Dealt to fbb11f47 
Dealt to Hero [7d 2h]
Dealt to 9a92ccc6 
Dealt to f2450ffa 
f2450ffa: folds
ddea3969: folds
8b99b75e: raises $0.1 to $0.15
fbb11f47: raises $0.46 to $0.61
Hero: folds
9a92ccc6: folds
8b99b75e: calls $0.46
*** FLOP *** [7c 5s 7s]
8b99b75e: checks
fbb11f47: bets $0.53
8b99b75e: calls $0.53
*** TURN *** [7c 5s 7s] [8s]
8b99b75e: checks
fbb11f47: bets $1.42
8b99b75e: calls $1.42
*** RIVER *** [7c 5s 7s 8s] [Th]
8b99b75e: bets $1.72
fbb11f47: calls $1.72
8b99b75e: shows [Kd Ah] (Pair of Sevens)
fbb11f47: shows [Jd Js] (Pair of Jacks and Pair of Sevens)
*** SHOWDOWN ***
fbb11f47 collected $8.16 from pot
*** SUMMARY ***
Total pot $8.63 | Rake $0.42 | Jackpot $0.05 | Bingo $0 | Fortune $0
Board [7c 5s 7s 8s Th]
Seat 1: ddea3969 folded before Flop (didn't bet)
Seat 2: 8b99b75e showed [Kd Ah] and lost with Pair of Sevens
Seat 3: fbb11f47 (button) showed [Jd Js] and won ($8.16) with Pair of Jacks and Pair of Sevens
Seat 4: Hero (small blind) folded before Flop
Seat 5: 9a92ccc6 (big blind) folded before Flop
Seat 6: f2450ffa folded before Flop (didn't bet)


Poker Hand #HD1168535405: Hold'em No Limit  ($0.02/$0.05) - 2023/03/20 19:22:53
Table 'NLHBlue76' 6-max Seat #2 is the button
Seat 1: ddea3969 ($5.39 in chips)
Seat 2: 8b99b75e ($8.06 in chips)
Seat 3: fbb11f47 ($5.8 in chips)
Seat 4: Hero ($5 in chips)
Seat 5: 9a92ccc6 ($6.93 in chips)
Seat 6: f2450ffa ($5.66 in chips)
fbb11f47: posts small blind $0.02
Hero: posts big blind $0.05
*** HOLE CARDS ***
Dealt to ddea3969 
Dealt to 8b99b75e 
Dealt to fbb11f47 
Dealt to Hero [Kd Qs]
Dealt to 9a92ccc6 
Dealt to f2450ffa 
9a92ccc6: folds
f2450ffa: raises $0.1 to $0.15
ddea3969: folds
8b99b75e: folds
fbb11f47: folds
Hero: calls $0.1
*** FLOP *** [4d Kc 2s]
Hero: checks
f2450ffa: checks
*** TURN *** [4d Kc 2s] [Ts]
Hero: bets $0.24
f2450ffa: folds
Uncalled bet ($0.24) returned to Hero
*** SHOWDOWN ***
Hero collected $0.31 from pot
*** SUMMARY ***
Total pot $0.32 | Rake $0.01 | Jackpot $0 | Bingo $0 | Fortune $0
Board [4d Kc 2s Ts]
Seat 1: ddea3969 folded before Flop (didn't bet)
Seat 2: 8b99b75e (button) folded before Flop (didn't bet)
Seat 3: fbb11f47 (small blind) folded before Flop
Seat 4: Hero (big blind) won ($0.31)
Seat 5: 9a92ccc6 folded before Flop (didn't bet)
Seat 6: f2450ffa folded on the Turn


Poker Hand #HD1168535353: Hold'em No Limit  ($0.02/$0.05) - 2023/03/20 19:22:30
Table 'NLHBlue76' 6-max Seat #1 is the button
Seat 1: ddea3969 ($5.39 in chips)
Seat 2: 8b99b75e ($8.01 in chips)
Seat 3: fbb11f47 ($5.85 in chips)
Seat 4: Hero ($5 in chips)
Seat 5: 9a92ccc6 ($6.93 in chips)
Seat 6: f2450ffa ($5.66 in chips)
8b99b75e: posts small blind $0.02
fbb11f47: posts big blind $0.05
*** HOLE CARDS ***
Dealt to ddea3969 
Dealt to 8b99b75e 
Dealt to fbb11f47 
Dealt to Hero [Qs 5c]
Dealt to 9a92ccc6 
Dealt to f2450ffa 
Hero: folds
9a92ccc6: folds
f2450ffa: folds
ddea3969: folds
8b99b75e: raises $0.15 to $0.2
fbb11f47: folds
Uncalled bet ($0.15) returned to 8b99b75e
*** SHOWDOWN ***
8b99b75e collected $0.1 from pot
*** SUMMARY ***
Total pot $0.1 | Rake $0 | Jackpot $0 | Bingo $0 | Fortune $0
Seat 1: ddea3969 (button) folded before Flop (didn't bet)
Seat 2: 8b99b75e (small blind) collected ($0.1)
Seat 3: fbb11f47 (big blind) folded before Flop
Seat 4: Hero folded before Flop (didn't bet)
Seat 5: 9a92ccc6 folded before Flop (didn't bet)
Seat 6: f2450ffa folded before Flop (didn't bet)


Poker Hand #HD1168535208: Hold'em No Limit  ($0.02/$0.05) - 2023/03/20 19:21:43
Table 'NLHBlue76' 6-max Seat #6 is the button
Seat 1: ddea3969 ($5.41 in chips)
Seat 2: 8b99b75e ($8.62 in chips)
Seat 3: fbb11f47 ($5.85 in chips)
Seat 4: Hero ($5 in chips)
Seat 5: 9a92ccc6 ($6.93 in chips)
Seat 6: f2450ffa ($5.09 in chips)
ddea3969: posts small blind $0.02
8b99b75e: posts big blind $0.05
*** HOLE CARDS ***
Dealt to ddea3969 
Dealt to 8b99b75e 
Dealt to fbb11f47 
Dealt to Hero [4h Qh]
Dealt to 9a92ccc6 
Dealt to f2450ffa 
fbb11f47: folds
Hero: folds
9a92ccc6: folds
f2450ffa: raises $0.1 to $0.15
ddea3969: folds
8b99b75e: raises $0.24 to $0.39
f2450ffa: calls $0.24
*** FLOP *** [Jd 3c 8h]
8b99b75e: bets $0.22
f2450ffa: calls $0.22
*** TURN *** [Jd 3c 8h] [7d]
8b99b75e: checks
f2450ffa: bets $1
8b99b75e: folds
Uncalled bet ($1) returned to f2450ffa
*** SHOWDOWN ***
f2450ffa collected $1.18 from pot
*** SUMMARY ***
Total pot $1.24 | Rake $0.06 | Jackpot $0 | Bingo $0 | Fortune $0
Board [Jd 3c 8h 7d]
Seat 1: ddea3969 (small blind) folded before Flop
Seat 2: 8b99b75e (big blind) folded on the Turn
Seat 3: fbb11f47 folded before Flop (didn't bet)
Seat 4: Hero folded before Flop (didn't bet)
Seat 5: 9a92ccc6 folded before Flop (didn't bet)
Seat 6: f2450ffa (button) won ($1.18)


Poker Hand #HD1168535047: Hold'em No Limit  ($0.02/$0.05) - 2023/03/20 19:20:46
Table 'NLHBlue76' 6-max Seat #5 is the button
Seat 1: ddea3969 ($5.46 in chips)
Seat 2: 8b99b75e ($8.62 in chips)
Seat 3: fbb11f47 ($5.85 in chips)
Seat 4: Hero ($5 in chips)
Seat 5: 9a92ccc6 ($6.47 in chips)
Seat 6: f2450ffa ($5.11 in chips)
f2450ffa: posts small blind $0.02
ddea3969: posts big blind $0.05
*** HOLE CARDS ***
Dealt to ddea3969 
Dealt to 8b99b75e 
Dealt to fbb11f47 
Dealt to Hero [9s 8s]
Dealt to 9a92ccc6 
Dealt to f2450ffa 
8b99b75e: folds
fbb11f47: folds
Hero: raises $0.07 to $0.12
9a92ccc6: raises $0.31 to $0.43
f2450ffa: folds
ddea3969: folds
Hero: calls $0.31
*** FLOP *** [2s Kc Jd]
Hero: checks
9a92ccc6: bets $0.47
Hero: folds
Uncalled bet ($0.47) returned to 9a92ccc6
*** SHOWDOWN ***
9a92ccc6 collected $0.89 from pot
*** SUMMARY ***
Total pot $0.93 | Rake $0.04 | Jackpot $0 | Bingo $0 | Fortune $0
Board [2s Kc Jd]
Seat 1: ddea3969 (big blind) folded before Flop
Seat 2: 8b99b75e folded before Flop (didn't bet)
Seat 3: fbb11f47 folded before Flop (didn't bet)
Seat 4: Hero folded on the Flop
Seat 5: 9a92ccc6 (button) won ($0.89)
Seat 6: f2450ffa (small blind) folded before Flop


Poker Hand #HD1168534896: Hold'em No Limit  ($0.02/$0.05) - 2023/03/20 19:19:47
Table 'NLHBlue76' 6-max Seat #4 is the button
Seat 1: ddea3969 ($5.46 in chips)
Seat 2: 8b99b75e ($8.62 in chips)
Seat 3: fbb11f47 ($6.94 in chips)
Seat 4: Hero ($5 in chips)
Seat 5: 9a92ccc6 ($5.48 in chips)
Seat 6: f2450ffa ($5.16 in chips)
9a92ccc6: posts small blind $0.02
f2450ffa: posts big blind $0.05
*** HOLE CARDS ***
Dealt to ddea3969 
Dealt to 8b99b75e 
Dealt to fbb11f47 
Dealt to Hero [4s 6h]
Dealt to 9a92ccc6 
Dealt to f2450ffa 
ddea3969: folds
8b99b75e: folds
fbb11f47: raises $0.08 to $0.13
Hero: folds
9a92ccc6: raises $0.4 to $0.53
f2450ffa: folds
fbb11f47: calls $0.4
*** FLOP *** [4h Qc 7d]
9a92ccc6: bets $0.56
fbb11f47: calls $0.56
*** TURN *** [4h Qc 7d] [Kc]
9a92ccc6: bets $1.23
fbb11f47: folds
Uncalled bet ($1.23) returned to 9a92ccc6
*** SHOWDOWN ***
9a92ccc6 collected $2.08 from pot
*** SUMMARY ***
Total pot $2.23 | Rake $0.1 | Jackpot $0.05 | Bingo $0 | Fortune $0
Board [4h Qc 7d Kc]
Seat 1: ddea3969 folded before Flop (didn't bet)
Seat 2: 8b99b75e folded before Flop (didn't bet)
Seat 3: fbb11f47 folded on the Turn
Seat 4: Hero (button) folded before Flop (didn't bet)
Seat 5: 9a92ccc6 (small blind) won ($2.08)
Seat 6: f2450ffa (big blind) folded before Flop


Poker Hand #HD1168534841: Hold'em No Limit  ($0.02/$0.05) - 2023/03/20 19:19:25
Table 'NLHBlue76' 6-max Seat #3 is the button
Seat 1: ddea3969 ($5.46 in chips)
Seat 2: 8b99b75e ($8.55 in chips)
Seat 3: fbb11f47 ($6.94 in chips)
Seat 4: Hero ($5 in chips)
Seat 5: 9a92ccc6 ($5.53 in chips)
Seat 6: f2450ffa ($5.16 in chips)
Hero: posts small blind $0.02
9a92ccc6: posts big blind $0.05
*** HOLE CARDS ***
Dealt to ddea3969 
Dealt to 8b99b75e 
Dealt to fbb11f47 
Dealt to Hero [7d Kh]
Dealt to 9a92ccc6 
Dealt to f2450ffa 
f2450ffa: folds
ddea3969: folds
8b99b75e: raises $0.1 to $0.15
fbb11f47: folds
Hero: folds
9a92ccc6: folds
Uncalled bet ($0.1) returned to 8b99b75e
*** SHOWDOWN ***
8b99b75e collected $0.12 from pot
*** SUMMARY ***
Total pot $0.12 | Rake $0 | Jackpot $0 | Bingo $0 | Fortune $0
Seat 1: ddea3969 folded before Flop (didn't bet)
Seat 2: 8b99b75e collected ($0.12)
Seat 3: fbb11f47 (button) folded before Flop (didn't bet)
Seat 4: Hero (small blind) folded before Flop
Seat 5: 9a92ccc6 (big blind) folded before Flop
Seat 6: f2450ffa folded before Flop (didn't bet)


Poker Hand #HD1168534736: Hold'em No Limit  ($0.02/$0.05) - 2023/03/20 19:18:43
Table 'NLHBlue76' 6-max Seat #2 is the button
Seat 1: ddea3969 ($5 in chips)
Seat 2: 8b99b75e ($8.55 in chips)
Seat 3: fbb11f47 ($6.96 in chips)
Seat 4: Hero ($5 in chips)
Seat 5: 9a92ccc6 ($5.53 in chips)
Seat 6: f2450ffa ($5.16 in chips)
fbb11f47: posts small blind $0.02
Hero: posts big blind $0.05
*** HOLE CARDS ***
Dealt to ddea3969 
Dealt to 8b99b75e 
Dealt to fbb11f47 
Dealt to Hero [Jc Qs]
Dealt to 9a92ccc6 
Dealt to f2450ffa 
9a92ccc6: folds
f2450ffa: folds
ddea3969: raises $0.1 to $0.15
8b99b75e: folds
fbb11f47: folds
Hero: calls $0.1
*** FLOP *** [2c Tc Kh]
Hero: checks
ddea3969: bets $0.11
Hero: raises $0.23 to $0.34
ddea3969: raises $0.75 to $1.09
Hero: folds
Uncalled bet ($0.75) returned to ddea3969
*** SHOWDOWN ***
ddea3969 collected $0.95 from pot
*** SUMMARY ***
Total pot $1 | Rake $0.05 | Jackpot $0 | Bingo $0 | Fortune $0
Board [2c Tc Kh]
Seat 1: ddea3969 won ($0.95)
Seat 2: 8b99b75e (button) folded before Flop (didn't bet)
Seat 3: fbb11f47 (small blind) folded before Flop
Seat 4: Hero (big blind) folded on the Flop
Seat 5: 9a92ccc6 folded before Flop (didn't bet)
Seat 6: f2450ffa folded before Flop (didn't bet)


Poker Hand #HD1168534665: Hold'em No Limit  ($0.02/$0.05) - 2023/03/20 19:18:19
Table 'NLHBlue76' 6-max Seat #1 is the button
Seat 1: ddea3969 ($5 in chips)
Seat 2: 8b99b75e ($8.57 in chips)
Seat 3: fbb11f47 ($6.94 in chips)
Seat 4: Hero ($5 in chips)
Seat 5: 9a92ccc6 ($5.53 in chips)
Seat 6: f2450ffa ($5.16 in chips)
8b99b75e: posts small blind $0.02
fbb11f47: posts big blind $0.05
*** HOLE CARDS ***
Dealt to ddea3969 
Dealt to 8b99b75e 
Dealt to fbb11f47 
Dealt to Hero [8s 6c]
Dealt to 9a92ccc6 
Dealt to f2450ffa 
Hero: folds
9a92ccc6: folds
f2450ffa: folds
ddea3969: folds
8b99b75e: folds
Uncalled bet ($0.03) returned to fbb11f47
*** SHOWDOWN ***
fbb11f47 collected $0.04 from pot
*** SUMMARY ***
Total pot $0.04 | Rake $0 | Jackpot $0 | Bingo $0 | Fortune $0
Seat 1: ddea3969 (button) folded before Flop (didn't bet)
Seat 2: 8b99b75e (small blind) folded before Flop
Seat 3: fbb11f47 (big blind) collected ($0.04)
Seat 4: Hero folded before Flop (didn't bet)
Seat 5: 9a92ccc6 folded before Flop (didn't bet)
Seat 6: f2450ffa folded before Flop (didn't bet)


Poker Hand #HD1168534336: Hold'em No Limit  ($0.02/$0.05) - 2023/03/20 19:16:17
Table 'NLHBlue76' 6-max Seat #6 is the button
Seat 1: ddea3969 ($5.06 in chips)
Seat 2: 8b99b75e ($4.87 in chips)
Seat 3: fbb11f47 ($6.94 in chips)
Seat 4: Hero ($5 in chips)
Seat 5: 9a92ccc6 ($5.53 in chips)
Seat 6: f2450ffa ($5.16 in chips)
ddea3969: posts small blind $0.02
8b99b75e: posts big blind $0.05
*** HOLE CARDS ***
Dealt to ddea3969 
Dealt to 8b99b75e 
Dealt to fbb11f47 
Dealt to Hero [Qh 5d]
Dealt to 9a92ccc6 
Dealt to f2450ffa 
fbb11f47: folds
Hero: folds
9a92ccc6: folds
f2450ffa: folds
ddea3969: raises $0.1 to $0.15
8b99b75e: calls $0.1
*** FLOP *** [6c 9c 3s]
ddea3969: bets $0.1
8b99b75e: raises $0.25 to $0.35
ddea3969: calls $0.25
*** TURN *** [6c 9c 3s] [5h]
ddea3969: bets $0.33
8b99b75e: calls $0.33
*** RIVER *** [6c 9c 3s 5h] [7h]
ddea3969: bets $1.25
8b99b75e: raises $2.08 to $3.33
ddea3969: calls $2.08
8b99b75e: shows [8s Td] (Tens-High Straight)
ddea3969: shows [8c Jc] (Nines-High Straight)
*** SHOWDOWN ***
8b99b75e collected $7.86 from pot
*** SUMMARY ***
Total pot $8.32 | Rake $0.41 | Jackpot $0.05 | Bingo $0 | Fortune $0
Board [6c 9c 3s 5h 7h]
Seat 1: ddea3969 (small blind) showed [8c Jc] and lost with Nines-High Straight
Seat 2: 8b99b75e (big blind) showed [8s Td] and won ($7.86) with Tens-High Straight
Seat 3: fbb11f47 folded before Flop (didn't bet)
Seat 4: Hero folded before Flop (didn't bet)
Seat 5: 9a92ccc6 folded before Flop (didn't bet)
Seat 6: f2450ffa (button) folded before Flop (didn't bet)


Poker Hand #HD1168534231: Hold'em No Limit  ($0.02/$0.05) - 2023/03/20 19:15:34
Table 'NLHBlue76' 6-max Seat #5 is the button
Seat 1: ddea3969 ($5.11 in chips)
Seat 2: 8b99b75e ($4.87 in chips)
Seat 3: fbb11f47 ($6.94 in chips)
Seat 4: Hero ($5 in chips)
Seat 5: 9a92ccc6 ($5.53 in chips)
Seat 6: f2450ffa ($5 in chips)
f2450ffa: posts small blind $0.02
ddea3969: posts big blind $0.05
*** HOLE CARDS ***
Dealt to ddea3969 
Dealt to 8b99b75e 
Dealt to fbb11f47 
Dealt to Hero [Th Ac]
Dealt to 9a92ccc6 
Dealt to f2450ffa 
8b99b75e: folds
fbb11f47: folds
Hero: raises $0.07 to $0.12
9a92ccc6: folds
f2450ffa: raises $0.38 to $0.5
ddea3969: folds
Hero: folds
Uncalled bet ($0.38) returned to f2450ffa
*** SHOWDOWN ***
f2450ffa collected $0.28 from pot
*** SUMMARY ***
Total pot $0.29 | Rake $0.01 | Jackpot $0 | Bingo $0 | Fortune $0
Seat 1: ddea3969 (big blind) folded before Flop
Seat 2: 8b99b75e folded before Flop (didn't bet)
Seat 3: fbb11f47 folded before Flop (didn't bet)
Seat 4: Hero folded before Flop
Seat 5: 9a92ccc6 (button) folded before Flop (didn't bet)
Seat 6: f2450ffa (small blind) collected ($0.28)


Poker Hand #HD1168534104: Hold'em No Limit  ($0.02/$0.05) - 2023/03/20 19:14:46
Table 'NLHBlue76' 6-max Seat #4 is the button
Seat 1: ddea3969 ($5.11 in chips)
Seat 2: 8b99b75e ($4.55 in chips)
Seat 3: fbb11f47 ($7.22 in chips)
Seat 4: Hero ($5 in chips)
Seat 5: 9a92ccc6 ($5.55 in chips)
Seat 6: f2450ffa ($5 in chips)
9a92ccc6: posts small blind $0.02
f2450ffa: posts big blind $0.05
*** HOLE CARDS ***
Dealt to ddea3969 
Dealt to 8b99b75e 
Dealt to fbb11f47 
Dealt to Hero [As 2d]
Dealt to 9a92ccc6 
Dealt to f2450ffa 
ddea3969: folds
8b99b75e: raises $0.1 to $0.15
fbb11f47: calls $0.15
Hero: folds
9a92ccc6: folds
f2450ffa: folds
*** FLOP *** [Jd 5c Ac]
8b99b75e: bets $0.13
fbb11f47: calls $0.13
*** TURN *** [Jd 5c Ac] [Qc]
8b99b75e: checks
fbb11f47: checks
*** RIVER *** [Jd 5c Ac Qc] [6s]
8b99b75e: checks
fbb11f47: checks
8b99b75e: shows [9s 9h] (Pair of Nines)
fbb11f47: shows [7c 7h] (Pair of Sevens)
*** SHOWDOWN ***
8b99b75e collected $0.6 from pot
*** SUMMARY ***
Total pot $0.63 | Rake $0.03 | Jackpot $0 | Bingo $0 | Fortune $0
Board [Jd 5c Ac Qc 6s]
Seat 1: ddea3969 folded before Flop (didn't bet)
Seat 2: 8b99b75e showed [9s 9h] and won ($0.6) with Pair of Nines
Seat 3: fbb11f47 showed [7c 7h] and lost with Pair of Sevens
Seat 4: Hero (button) folded before Flop (didn't bet)
Seat 5: 9a92ccc6 (small blind) folded before Flop
Seat 6: f2450ffa (big blind) folded before Flop


Poker Hand #HD1168533994: Hold'em No Limit  ($0.02/$0.05) - 2023/03/20 19:14:03
Table 'NLHBlue76' 6-max Seat #3 is the button
Seat 1: ddea3969 ($5.11 in chips)
Seat 2: 8b99b75e ($4.7 in chips)
Seat 3: fbb11f47 ($7.22 in chips)
Seat 4: Hero ($5 in chips)
Seat 5: 9a92ccc6 ($5.39 in chips)
Seat 6: f2450ffa ($5 in chips)
Hero: posts small blind $0.02
9a92ccc6: posts big blind $0.05
*** HOLE CARDS ***
Dealt to ddea3969 
Dealt to 8b99b75e 
Dealt to fbb11f47 
Dealt to Hero [Qs 3d]
Dealt to 9a92ccc6 
Dealt to f2450ffa 
f2450ffa: folds
ddea3969: folds
8b99b75e: raises $0.1 to $0.15
fbb11f47: folds
Hero: folds
9a92ccc6: raises $0.38 to $0.53
8b99b75e: folds
Uncalled bet ($0.38) returned to 9a92ccc6
*** SHOWDOWN ***
9a92ccc6 collected $0.31 from pot
*** SUMMARY ***
Total pot $0.32 | Rake $0.01 | Jackpot $0 | Bingo $0 | Fortune $0
Seat 1: ddea3969 folded before Flop (didn't bet)
Seat 2: 8b99b75e folded before Flop
Seat 3: fbb11f47 (button) folded before Flop (didn't bet)
Seat 4: Hero (small blind) folded before Flop
Seat 5: 9a92ccc6 (big blind) collected ($0.31)
Seat 6: f2450ffa folded before Flop (didn't bet)


Poker Hand #HD1168533880: Hold'em No Limit  ($0.02/$0.05) - 2023/03/20 19:13:21
Table 'NLHBlue76' 6-max Seat #2 is the button
Seat 1: ddea3969 ($5.26 in chips)
Seat 2: 8b99b75e ($4.49 in chips)
Seat 3: fbb11f47 ($7.24 in chips)
Seat 4: Hero ($5.05 in chips)
Seat 5: 9a92ccc6 ($5.39 in chips)
Seat 6: f2450ffa ($5 in chips)
fbb11f47: posts small blind $0.02
Hero: posts big blind $0.05
*** HOLE CARDS ***
Dealt to ddea3969 
Dealt to 8b99b75e 
Dealt to fbb11f47 
Dealt to Hero [Tc 2h]
Dealt to 9a92ccc6 
Dealt to f2450ffa 
9a92ccc6: folds
f2450ffa: folds
ddea3969: raises $0.1 to $0.15
8b99b75e: raises $0.32 to $0.47
fbb11f47: folds
Hero: folds
ddea3969: folds
Uncalled bet ($0.32) returned to 8b99b75e
*** SHOWDOWN ***
8b99b75e collected $0.36 from pot
*** SUMMARY ***
Total pot $0.37 | Rake $0.01 | Jackpot $0 | Bingo $0 | Fortune $0
Seat 1: ddea3969 folded before Flop
Seat 2: 8b99b75e (button) collected ($0.36)
Seat 3: fbb11f47 (small blind) folded before Flop
Seat 4: Hero (big blind) folded before Flop
Seat 5: 9a92ccc6 folded before Flop (didn't bet)
Seat 6: f2450ffa folded before Flop (didn't bet)


Poker Hand #HD1168533712: Hold'em No Limit  ($0.02/$0.05) - 2023/03/20 19:12:21
Table 'NLHBlue76' 6-max Seat #1 is the button
Seat 1: ddea3969 ($5 in chips)
Seat 2: 8b99b75e ($4.51 in chips)
Seat 3: fbb11f47 ($7.5 in chips)
Seat 4: Hero ($5.05 in chips)
Seat 5: 9a92ccc6 ($5.39 in chips)
Seat 6: f2450ffa ($5 in chips)
8b99b75e: posts small blind $0.02
fbb11f47: posts big blind $0.05
*** HOLE CARDS ***
Dealt to ddea3969 
Dealt to 8b99b75e 
Dealt to fbb11f47 
Dealt to Hero [Kh 2c]
Dealt to 9a92ccc6 
Dealt to f2450ffa 
Hero: folds
9a92ccc6: folds
f2450ffa: folds
ddea3969: raises $0.1 to $0.15
8b99b75e: folds
fbb11f47: calls $0.1
*** FLOP *** [Qs 2h Ah]
fbb11f47: checks
ddea3969: bets $0.11
fbb11f47: calls $0.11
*** TURN *** [Qs 2h Ah] [9d]
fbb11f47: checks
ddea3969: checks
*** RIVER *** [Qs 2h Ah 9d] [5h]
fbb11f47: checks
ddea3969: checks
fbb11f47: shows [5c 4c] (Pair of Fives)
ddea3969: shows [As Jh] (Pair of Aces)
*** SHOWDOWN ***
ddea3969 collected $0.52 from pot
*** SUMMARY ***
Total pot $0.54 | Rake $0.02 | Jackpot $0 | Bingo $0 | Fortune $0
Board [Qs 2h Ah 9d 5h]
Seat 1: ddea3969 (button) showed [As Jh] and won ($0.52) with Pair of Aces
Seat 2: 8b99b75e (small blind) folded before Flop
Seat 3: fbb11f47 (big blind) showed [5c 4c] and lost with Pair of Fives
Seat 4: Hero folded before Flop (didn't bet)
Seat 5: 9a92ccc6 folded before Flop (didn't bet)
Seat 6: f2450ffa folded before Flop (didn't bet)


Poker Hand #HD1168533627: Hold'em No Limit  ($0.02/$0.05) - 2023/03/20 19:11:44
Table 'NLHBlue76' 6-max Seat #6 is the button
Seat 1: ddea3969 ($5 in chips)
Seat 2: 8b99b75e ($4.35 in chips)
Seat 3: fbb11f47 ($7.5 in chips)
Seat 4: Hero ($5.05 in chips)
Seat 5: 9a92ccc6 ($5.39 in chips)
Seat 6: f2450ffa ($5.05 in chips)
ddea3969: posts small blind $0.02
8b99b75e: posts big blind $0.05
*** HOLE CARDS ***
Dealt to ddea3969 
Dealt to 8b99b75e 
Dealt to fbb11f47 
Dealt to Hero [8h 3s]
Dealt to 9a92ccc6 
Dealt to f2450ffa 
fbb11f47: folds
Hero: folds
9a92ccc6: folds
f2450ffa: raises $0.1 to $0.15
ddea3969: folds
8b99b75e: raises $0.32 to $0.47
f2450ffa: folds
Uncalled bet ($0.32) returned to 8b99b75e
*** SHOWDOWN ***
8b99b75e collected $0.31 from pot
*** SUMMARY ***
Total pot $0.32 | Rake $0.01 | Jackpot $0 | Bingo $0 | Fortune $0
Seat 1: ddea3969 (small blind) folded before Flop
Seat 2: 8b99b75e (big blind) collected ($0.31)
Seat 3: fbb11f47 folded before Flop (didn't bet)
Seat 4: Hero folded before Flop (didn't bet)
Seat 5: 9a92ccc6 folded before Flop (didn't bet)
Seat 6: f2450ffa (button) folded before Flop


Poker Hand #HD1168533595: Hold'em No Limit  ($0.02/$0.05) - 2023/03/20 19:11:28
Table 'NLHBlue76' 6-max Seat #5 is the button
Seat 1: ddea3969 ($5 in chips)
Seat 2: 8b99b75e ($4.35 in chips)
Seat 3: fbb11f47 ($7.5 in chips)
Seat 4: Hero ($5.05 in chips)
Seat 5: 9a92ccc6 ($5.39 in chips)
Seat 6: f2450ffa ($5 in chips)
f2450ffa: posts small blind $0.02
ddea3969: posts big blind $0.05
*** HOLE CARDS ***
Dealt to ddea3969 
Dealt to 8b99b75e 
Dealt to fbb11f47 
Dealt to Hero [4s 8d]
Dealt to 9a92ccc6 
Dealt to f2450ffa 
8b99b75e: folds
fbb11f47: folds
Hero: folds
9a92ccc6: folds
f2450ffa: raises $0.1 to $0.15
ddea3969: folds
Uncalled bet ($0.1) returned to f2450ffa
*** SHOWDOWN ***
f2450ffa collected $0.1 from pot
*** SUMMARY ***
Total pot $0.1 | Rake $0 | Jackpot $0 | Bingo $0 | Fortune $0
Seat 1: ddea3969 (big blind) folded before Flop
Seat 2: 8b99b75e folded before Flop (didn't bet)
Seat 3: fbb11f47 folded before Flop (didn't bet)
Seat 4: Hero folded before Flop (didn't bet)
Seat 5: 9a92ccc6 (button) folded before Flop (didn't bet)
Seat 6: f2450ffa (small blind) collected ($0.1)


Poker Hand #HD1168533527: Hold'em No Limit  ($0.02/$0.05) - 2023/03/20 19:11:08
Table 'NLHBlue76' 6-max Seat #4 is the button
Seat 2: 8b99b75e ($4.28 in chips)
Seat 3: fbb11f47 ($7.5 in chips)
Seat 4: Hero ($5.05 in chips)
Seat 5: 9a92ccc6 ($5.41 in chips)
Seat 6: f2450ffa ($5 in chips)
9a92ccc6: posts small blind $0.02
f2450ffa: posts big blind $0.05
*** HOLE CARDS ***
Dealt to 8b99b75e 
Dealt to fbb11f47 
Dealt to Hero [Ks Tc]
Dealt to 9a92ccc6 
Dealt to f2450ffa 
8b99b75e: raises $0.1 to $0.15
fbb11f47: folds
Hero: folds
9a92ccc6: folds
f2450ffa: folds
Uncalled bet ($0.1) returned to 8b99b75e
*** SHOWDOWN ***
8b99b75e collected $0.12 from pot
*** SUMMARY ***
Total pot $0.12 | Rake $0 | Jackpot $0 | Bingo $0 | Fortune $0
Seat 2: 8b99b75e collected ($0.12)
Seat 3: fbb11f47 folded before Flop (didn't bet)
Seat 4: Hero (button) folded before Flop (didn't bet)
Seat 5: 9a92ccc6 (small blind) folded before Flop
Seat 6: f2450ffa (big blind) folded before Flop


Poker Hand #HD1168533463: Hold'em No Limit  ($0.02/$0.05) - 2023/03/20 19:10:50
Table 'NLHBlue76' 6-max Seat #3 is the button
Seat 2: 8b99b75e ($4.21 in chips)
Seat 3: fbb11f47 ($7.5 in chips)
Seat 4: Hero ($5.07 in chips)
Seat 5: 9a92ccc6 ($5.46 in chips)
Seat 6: f2450ffa ($5 in chips)
Hero: posts small blind $0.02
9a92ccc6: posts big blind $0.05
*** HOLE CARDS ***
Dealt to 8b99b75e 
Dealt to fbb11f47 
Dealt to Hero [8s 6d]
Dealt to 9a92ccc6 
Dealt to f2450ffa 
f2450ffa: folds
8b99b75e: raises $0.1 to $0.15
fbb11f47: folds
Hero: folds
9a92ccc6: folds
Uncalled bet ($0.1) returned to 8b99b75e
*** SHOWDOWN ***
8b99b75e collected $0.12 from pot
*** SUMMARY ***
Total pot $0.12 | Rake $0 | Jackpot $0 | Bingo $0 | Fortune $0
Seat 2: 8b99b75e collected ($0.12)
Seat 3: fbb11f47 (button) folded before Flop (didn't bet)
Seat 4: Hero (small blind) folded before Flop
Seat 5: 9a92ccc6 (big blind) folded before Flop
Seat 6: f2450ffa folded before Flop (didn't bet)


Poker Hand #HD1168533240: Hold'em No Limit  ($0.02/$0.05) - 2023/03/20 19:09:32
Table 'NLHBlue76' 6-max Seat #2 is the button
Seat 2: 8b99b75e ($4.21 in chips)
Seat 3: fbb11f47 ($7.52 in chips)
Seat 4: Hero ($5.22 in chips)
Seat 5: 9a92ccc6 ($5.3 in chips)
Seat 6: f2450ffa ($5 in chips)
fbb11f47: posts small blind $0.02
Hero: posts big blind $0.05
*** HOLE CARDS ***
Dealt to 8b99b75e 
Dealt to fbb11f47 
Dealt to Hero [Tc Qc]
Dealt to 9a92ccc6 
Dealt to f2450ffa 
9a92ccc6: raises $0.1 to $0.15
f2450ffa: folds
8b99b75e: folds
fbb11f47: folds
Hero: calls $0.1
*** FLOP *** [5c 6s 2d]
Hero: checks
9a92ccc6: checks
*** TURN *** [5c 6s 2d] [7h]
Hero: checks
9a92ccc6: checks
*** RIVER *** [5c 6s 2d 7h] [Jd]
Hero: checks
9a92ccc6: checks
Hero: shows [Tc Qc] (Queen-High)
9a92ccc6: shows [As 4s] (Ace-High)
*** SHOWDOWN ***
9a92ccc6 collected $0.31 from pot
*** SUMMARY ***
Total pot $0.32 | Rake $0.01 | Jackpot $0 | Bingo $0 | Fortune $0
Board [5c 6s 2d 7h Jd]
Seat 2: 8b99b75e (button) folded before Flop (didn't bet)
Seat 3: fbb11f47 (small blind) folded before Flop
Seat 4: Hero (big blind) showed [Tc Qc] and lost with Queen-High
Seat 5: 9a92ccc6 showed [As 4s] and won ($0.31) with Ace-High
Seat 6: f2450ffa folded before Flop (didn't bet)


Poker Hand #HD1168533114: Hold'em No Limit  ($0.02/$0.05) - 2023/03/20 19:08:48
Table 'NLHBlue76' 6-max Seat #6 is the button
Seat 2: 8b99b75e ($3.66 in chips)
Seat 3: fbb11f47 ($7.57 in chips)
Seat 4: Hero ($5.22 in chips)
Seat 5: 9a92ccc6 ($5.3 in chips)
Seat 6: f2450ffa ($5 in chips)
8b99b75e: posts small blind $0.02
fbb11f47: posts big blind $0.05
*** HOLE CARDS ***
Dealt to 8b99b75e 
Dealt to fbb11f47 
Dealt to Hero [8d Jc]
Dealt to 9a92ccc6 
Dealt to f2450ffa 
Hero: folds
9a92ccc6: folds
f2450ffa: raises $0.1 to $0.15
8b99b75e: raises $0.4 to $0.55
fbb11f47: folds
f2450ffa: calls $0.4
*** FLOP *** [Qs 4d Tc]
8b99b75e: bets $0.38
f2450ffa: folds
Uncalled bet ($0.38) returned to 8b99b75e
*** SHOWDOWN ***
8b99b75e collected $1.1 from pot
*** SUMMARY ***
Total pot $1.15 | Rake $0.05 | Jackpot $0 | Bingo $0 | Fortune $0
Board [Qs 4d Tc]
Seat 2: 8b99b75e (small blind) won ($1.1)
Seat 3: fbb11f47 (big blind) folded before Flop
Seat 4: Hero folded before Flop (didn't bet)
Seat 5: 9a92ccc6 folded before Flop (didn't bet)
Seat 6: f2450ffa (button) folded on the Flop


Poker Hand #HD1168533011: Hold'em No Limit  ($0.02/$0.05) - 2023/03/20 19:08:14
Table 'NLHBlue76' 6-max Seat #5 is the button
Seat 2: 8b99b75e ($3.79 in chips)
Seat 3: fbb11f47 ($7.57 in chips)
Seat 4: Hero ($5.22 in chips)
Seat 5: 9a92ccc6 ($5.16 in chips)
Seat 6: f2450ffa ($5 in chips)
f2450ffa: posts small blind $0.02
8b99b75e: posts big blind $0.05
*** HOLE CARDS ***
Dealt to 8b99b75e 
Dealt to fbb11f47 
Dealt to Hero [Kd 4d]
Dealt to 9a92ccc6 
Dealt to f2450ffa 
fbb11f47: folds
Hero: folds
9a92ccc6: raises $0.08 to $0.13
f2450ffa: folds
8b99b75e: calls $0.08
*** FLOP *** [6s Jd 8c]
8b99b75e: checks
9a92ccc6: bets $0.14
8b99b75e: folds
Uncalled bet ($0.14) returned to 9a92ccc6
*** SHOWDOWN ***
9a92ccc6 collected $0.27 from pot
*** SUMMARY ***
Total pot $0.28 | Rake $0.01 | Jackpot $0 | Bingo $0 | Fortune $0
Board [6s Jd 8c]
Seat 2: 8b99b75e (big blind) folded on the Flop
Seat 3: fbb11f47 folded before Flop (didn't bet)
Seat 4: Hero folded before Flop (didn't bet)
Seat 5: 9a92ccc6 (button) won ($0.27)
Seat 6: f2450ffa (small blind) folded before Flop


Poker Hand #HD1168532911: Hold'em No Limit  ($0.02/$0.05) - 2023/03/20 19:07:36
Table 'NLHBlue76' 6-max Seat #4 is the button
Seat 2: 8b99b75e ($3.79 in chips)
Seat 3: fbb11f47 ($7.57 in chips)
Seat 4: Hero ($5.34 in chips)
Seat 5: 9a92ccc6 ($5 in chips)
Seat 6: f2450ffa ($5.03 in chips)
9a92ccc6: posts small blind $0.02
f2450ffa: posts big blind $0.05
*** HOLE CARDS ***
Dealt to 8b99b75e 
Dealt to fbb11f47 
Dealt to Hero [2s As]
Dealt to 9a92ccc6 
Dealt to f2450ffa 
8b99b75e: folds
fbb11f47: folds
Hero: raises $0.07 to $0.12
9a92ccc6: raises $0.41 to $0.53
f2450ffa: folds
Hero: folds
Uncalled bet ($0.41) returned to 9a92ccc6
*** SHOWDOWN ***
9a92ccc6 collected $0.28 from pot
*** SUMMARY ***
Total pot $0.29 | Rake $0.01 | Jackpot $0 | Bingo $0 | Fortune $0
Seat 2: 8b99b75e folded before Flop (didn't bet)
Seat 3: fbb11f47 folded before Flop (didn't bet)
Seat 4: Hero (button) folded before Flop
Seat 5: 9a92ccc6 (small blind) collected ($0.28)
Seat 6: f2450ffa (big blind) folded before Flop


Poker Hand #HD1168532780: Hold'em No Limit  ($0.02/$0.05) - 2023/03/20 19:06:54
Table 'NLHBlue76' 6-max Seat #3 is the button
Seat 2: 8b99b75e ($3.63 in chips)
Seat 3: fbb11f47 ($7.57 in chips)
Seat 4: Hero ($5.36 in chips)
Seat 5: 9a92ccc6 ($5.07 in chips)
Seat 6: f2450ffa ($5.03 in chips)
Hero: posts small blind $0.02
9a92ccc6: posts big blind $0.05
*** HOLE CARDS ***
Dealt to 8b99b75e 
Dealt to fbb11f47 
Dealt to Hero [8d Ah]
Dealt to 9a92ccc6 
Dealt to f2450ffa 
f2450ffa: folds
8b99b75e: raises $0.1 to $0.15
fbb11f47: folds
Hero: folds
9a92ccc6: calls $0.1
*** FLOP *** [Js 5d Kh]
9a92ccc6: checks
8b99b75e: bets $0.11
9a92ccc6: folds
Uncalled bet ($0.11) returned to 8b99b75e
*** SHOWDOWN ***
8b99b75e collected $0.31 from pot
*** SUMMARY ***
Total pot $0.32 | Rake $0.01 | Jackpot $0 | Bingo $0 | Fortune $0
Board [Js 5d Kh]
Seat 2: 8b99b75e won ($0.31)
Seat 3: fbb11f47 (button) folded before Flop (didn't bet)
Seat 4: Hero (small blind) folded before Flop
Seat 5: 9a92ccc6 (big blind) folded on the Flop
Seat 6: f2450ffa folded before Flop (didn't bet)


Poker Hand #HD1168532741: Hold'em No Limit  ($0.02/$0.05) - 2023/03/20 19:06:41
Table 'NLHBlue76' 6-max Seat #2 is the button
Seat 2: 8b99b75e ($3.56 in chips)
Seat 3: fbb11f47 ($7.59 in chips)
Seat 4: Hero ($5.41 in chips)
Seat 5: 9a92ccc6 ($5.07 in chips)
Seat 6: f2450ffa ($5.03 in chips)
fbb11f47: posts small blind $0.02
Hero: posts big blind $0.05
*** HOLE CARDS ***
Dealt to 8b99b75e 
Dealt to fbb11f47 
Dealt to Hero [4d Ts]
Dealt to 9a92ccc6 
Dealt to f2450ffa 
9a92ccc6: folds
f2450ffa: folds
8b99b75e: raises $0.1 to $0.15
fbb11f47: folds
Hero: folds
Uncalled bet ($0.1) returned to 8b99b75e
*** SHOWDOWN ***
8b99b75e collected $0.12 from pot
*** SUMMARY ***
Total pot $0.12 | Rake $0 | Jackpot $0 | Bingo $0 | Fortune $0
Seat 2: 8b99b75e (button) collected ($0.12)
Seat 3: fbb11f47 (small blind) folded before Flop
Seat 4: Hero (big blind) folded before Flop
Seat 5: 9a92ccc6 folded before Flop (didn't bet)
Seat 6: f2450ffa folded before Flop (didn't bet)


Poker Hand #HD1168532691: Hold'em No Limit  ($0.02/$0.05) - 2023/03/20 19:06:22
Table 'NLHBlue76' 6-max Seat #6 is the button
Seat 2: 8b99b75e ($3.58 in chips)
Seat 3: fbb11f47 ($7.64 in chips)
Seat 4: Hero ($5.41 in chips)
Seat 5: 9a92ccc6 ($5 in chips)
Seat 6: f2450ffa ($5.03 in chips)
8b99b75e: posts small blind $0.02
fbb11f47: posts big blind $0.05
*** HOLE CARDS ***
Dealt to 8b99b75e 
Dealt to fbb11f47 
Dealt to Hero [2c Th]
Dealt to 9a92ccc6 
Dealt to f2450ffa 
Hero: folds
9a92ccc6: raises $0.08 to $0.13
f2450ffa: folds
8b99b75e: folds
fbb11f47: folds
Uncalled bet ($0.08) returned to 9a92ccc6
*** SHOWDOWN ***
9a92ccc6 collected $0.12 from pot
*** SUMMARY ***
Total pot $0.12 | Rake $0 | Jackpot $0 | Bingo $0 | Fortune $0
Seat 2: 8b99b75e (small blind) folded before Flop
Seat 3: fbb11f47 (big blind) folded before Flop
Seat 4: Hero folded before Flop (didn't bet)
Seat 5: 9a92ccc6 collected ($0.12)
Seat 6: f2450ffa (button) folded before Flop (didn't bet)


Poker Hand #HD1168532652: Hold'em No Limit  ($0.02/$0.05) - 2023/03/20 19:06:06
Table 'NLHBlue76' 6-max Seat #5 is the button
Seat 2: 8b99b75e ($3.56 in chips)
Seat 3: fbb11f47 ($7.64 in chips)
Seat 4: Hero ($5.41 in chips)
Seat 5: 9a92ccc6 ($5 in chips)
Seat 6: f2450ffa ($5.05 in chips)
f2450ffa: posts small blind $0.02
8b99b75e: posts big blind $0.05
*** HOLE CARDS ***
Dealt to 8b99b75e 
Dealt to fbb11f47 
Dealt to Hero [8d Qc]
Dealt to 9a92ccc6 
Dealt to f2450ffa 
fbb11f47: folds
Hero: folds
9a92ccc6: folds
f2450ffa: folds
Uncalled bet ($0.03) returned to 8b99b75e
*** SHOWDOWN ***
8b99b75e collected $0.04 from pot
*** SUMMARY ***
Total pot $0.04 | Rake $0 | Jackpot $0 | Bingo $0 | Fortune $0
Seat 2: 8b99b75e (big blind) collected ($0.04)
Seat 3: fbb11f47 folded before Flop (didn't bet)
Seat 4: Hero folded before Flop (didn't bet)
Seat 5: 9a92ccc6 (button) folded before Flop (didn't bet)
Seat 6: f2450ffa (small blind) folded before Flop


Poker Hand #HD1168532585: Hold'em No Limit  ($0.02/$0.05) - 2023/03/20 19:05:47
Table 'NLHBlue76' 6-max Seat #4 is the button
Seat 2: 8b99b75e ($3.56 in chips)
Seat 3: fbb11f47 ($7.64 in chips)
Seat 4: Hero ($5.34 in chips)
Seat 5: 9a92ccc6 ($5.02 in chips)
Seat 6: f2450ffa ($5 in chips)
9a92ccc6: posts small blind $0.02
f2450ffa: posts big blind $0.05
*** HOLE CARDS ***
Dealt to 8b99b75e 
Dealt to fbb11f47 
Dealt to Hero [9s Ad]
Dealt to 9a92ccc6 
Dealt to f2450ffa 
8b99b75e: folds
fbb11f47: folds
Hero: raises $0.07 to $0.12
9a92ccc6: folds
f2450ffa: folds
Uncalled bet ($0.07) returned to Hero
*** SHOWDOWN ***
Hero collected $0.12 from pot
*** SUMMARY ***
Total pot $0.12 | Rake $0 | Jackpot $0 | Bingo $0 | Fortune $0
Seat 2: 8b99b75e folded before Flop (didn't bet)
Seat 3: fbb11f47 folded before Flop (didn't bet)
Seat 4: Hero (button) collected ($0.12)
Seat 5: 9a92ccc6 (small blind) folded before Flop
Seat 6: f2450ffa (big blind) folded before Flop


Poker Hand #HD1168532536: Hold'em No Limit  ($0.02/$0.05) - 2023/03/20 19:05:36
Table 'NLHBlue76' 6-max Seat #3 is the button
Seat 2: 8b99b75e ($3.56 in chips)
Seat 3: fbb11f47 ($7.64 in chips)
Seat 4: Hero ($5.36 in chips)
Seat 5: 9a92ccc6 ($5 in chips)
Seat 6: f2450ffa ($5 in chips)
Hero: posts small blind $0.02
9a92ccc6: posts big blind $0.05
*** HOLE CARDS ***
Dealt to 8b99b75e 
Dealt to fbb11f47 
Dealt to Hero [8s 4h]
Dealt to 9a92ccc6 
Dealt to f2450ffa 
f2450ffa: folds
8b99b75e: folds
fbb11f47: folds
Hero: folds
Uncalled bet ($0.03) returned to 9a92ccc6
*** SHOWDOWN ***
9a92ccc6 collected $0.04 from pot
*** SUMMARY ***
Total pot $0.04 | Rake $0 | Jackpot $0 | Bingo $0 | Fortune $0
Seat 2: 8b99b75e folded before Flop (didn't bet)
Seat 3: fbb11f47 (button) folded before Flop (didn't bet)
Seat 4: Hero (small blind) folded before Flop
Seat 5: 9a92ccc6 (big blind) collected ($0.04)
Seat 6: f2450ffa folded before Flop (didn't bet)


Poker Hand #HD1168532343: Hold'em No Limit  ($0.02/$0.05) - 2023/03/20 19:04:26
Table 'NLHBlue76' 6-max Seat #2 is the button
Seat 2: 8b99b75e ($3.26 in chips)
Seat 3: fbb11f47 ($7.66 in chips)
Seat 4: Hero ($5.51 in chips)
Seat 5: 9a92ccc6 ($5.03 in chips)
Seat 6: f2450ffa ($5 in chips)
fbb11f47: posts small blind $0.02
Hero: posts big blind $0.05
*** HOLE CARDS ***
Dealt to 8b99b75e 
Dealt to fbb11f47 
Dealt to Hero [5d 9d]
Dealt to 9a92ccc6 
Dealt to f2450ffa 
9a92ccc6: raises $0.1 to $0.15
f2450ffa: folds
8b99b75e: calls $0.15
fbb11f47: folds
Hero: calls $0.1
*** FLOP *** [2h 7d 7h]
Hero: checks
9a92ccc6: checks
8b99b75e: checks
*** TURN *** [2h 7d 7h] [7s]
Hero: checks
9a92ccc6: checks
8b99b75e: bets $0.24
Hero: folds
9a92ccc6: folds
Uncalled bet ($0.24) returned to 8b99b75e
*** SHOWDOWN ***
8b99b75e collected $0.45 from pot
*** SUMMARY ***
Total pot $0.47 | Rake $0.02 | Jackpot $0 | Bingo $0 | Fortune $0
Board [2h 7d 7h 7s]
Seat 2: 8b99b75e (button) won ($0.45)
Seat 3: fbb11f47 (small blind) folded before Flop
Seat 4: Hero (big blind) folded on the Turn
Seat 5: 9a92ccc6 folded on the Turn
Seat 6: f2450ffa folded before Flop (didn't bet)


Poker Hand #HD1168532263: Hold'em No Limit  ($0.02/$0.05) - 2023/03/20 19:03:59
Table 'NLHBlue76' 6-max Seat #6 is the button
Seat 2: 8b99b75e ($3.1 in chips)
Seat 3: fbb11f47 ($7.71 in chips)
Seat 4: Hero ($5.63 in chips)
Seat 5: 9a92ccc6 ($5.03 in chips)
Seat 6: f2450ffa ($5 in chips)
8b99b75e: posts small blind $0.02
fbb11f47: posts big blind $0.05
*** HOLE CARDS ***
Dealt to 8b99b75e 
Dealt to fbb11f47 
Dealt to Hero [Jh Ks]
Dealt to 9a92ccc6 
Dealt to f2450ffa 
Hero: raises $0.07 to $0.12
9a92ccc6: folds
f2450ffa: folds
8b99b75e: raises $0.29 to $0.41
fbb11f47: folds
Hero: folds
Uncalled bet ($0.29) returned to 8b99b75e
*** SHOWDOWN ***
8b99b75e collected $0.28 from pot
*** SUMMARY ***
Total pot $0.29 | Rake $0.01 | Jackpot $0 | Bingo $0 | Fortune $0
Seat 2: 8b99b75e (small blind) collected ($0.28)
Seat 3: fbb11f47 (big blind) folded before Flop
Seat 4: Hero folded before Flop
Seat 5: 9a92ccc6 folded before Flop (didn't bet)
Seat 6: f2450ffa (button) folded before Flop (didn't bet)


Poker Hand #HD1168532185: Hold'em No Limit  ($0.02/$0.05) - 2023/03/20 19:03:36
Table 'NLHBlue76' 6-max Seat #5 is the button
Seat 2: 8b99b75e ($3.15 in chips)
Seat 3: fbb11f47 ($7.64 in chips)
Seat 4: Hero ($5.63 in chips)
Seat 5: 9a92ccc6 ($5.03 in chips)
Seat 6: f2450ffa ($5 in chips)
f2450ffa: posts small blind $0.02
8b99b75e: posts big blind $0.05
*** HOLE CARDS ***
Dealt to 8b99b75e 
Dealt to fbb11f47 
Dealt to Hero [7d Tc]
Dealt to 9a92ccc6 
Dealt to f2450ffa 
fbb11f47: raises $0.08 to $0.13
Hero: folds
9a92ccc6: folds
f2450ffa: folds
8b99b75e: folds
Uncalled bet ($0.08) returned to fbb11f47
*** SHOWDOWN ***
fbb11f47 collected $0.12 from pot
*** SUMMARY ***
Total pot $0.12 | Rake $0 | Jackpot $0 | Bingo $0 | Fortune $0
Seat 2: 8b99b75e (big blind) folded before Flop
Seat 3: fbb11f47 collected ($0.12)
Seat 4: Hero folded before Flop (didn't bet)
Seat 5: 9a92ccc6 (button) folded before Flop (didn't bet)
Seat 6: f2450ffa (small blind) folded before Flop


Poker Hand #HD1168531984: Hold'em No Limit  ($0.02/$0.05) - 2023/03/20 19:02:27
Table 'NLHBlue76' 6-max Seat #4 is the button
Seat 1: fbc943c9 ($5 in chips)
Seat 2: 8b99b75e ($3.15 in chips)
Seat 3: fbb11f47 ($5 in chips)
Seat 4: Hero ($5.63 in chips)
Seat 5: 9a92ccc6 ($5.05 in chips)
Seat 6: f2450ffa ($5 in chips)
9a92ccc6: posts small blind $0.02
f2450ffa: posts big blind $0.05
*** HOLE CARDS ***
Dealt to fbc943c9 
Dealt to 8b99b75e 
Dealt to fbb11f47 
Dealt to Hero [Jh Qh]
Dealt to 9a92ccc6 
Dealt to f2450ffa 
fbc943c9: raises $0.1 to $0.15
8b99b75e: folds
fbb11f47: raises $0.46 to $0.61
Hero: folds
9a92ccc6: folds
f2450ffa: folds
fbc943c9: calls $0.46
*** FLOP *** [5c 8h Jc]
fbc943c9: checks
fbb11f47: bets $0.58
fbc943c9: calls $0.58
*** TURN *** [5c 8h Jc] [3d]
fbc943c9: bets $1.72
fbb11f47: raises $2.09 to $3.81 and is all-in
fbc943c9: folds
Uncalled bet ($2.09) returned to fbb11f47
*** SHOWDOWN ***
fbb11f47 collected $5.55 from pot
*** SUMMARY ***
Total pot $5.89 | Rake $0.29 | Jackpot $0.05 | Bingo $0 | Fortune $0
Board [5c 8h Jc 3d]
Seat 1: fbc943c9 folded on the Turn
Seat 2: 8b99b75e folded before Flop (didn't bet)
Seat 3: fbb11f47 won ($5.55)
Seat 4: Hero (button) folded before Flop (didn't bet)
Seat 5: 9a92ccc6 (small blind) folded before Flop
Seat 6: f2450ffa (big blind) folded before Flop


Poker Hand #HD1168531945: Hold'em No Limit  ($0.02/$0.05) - 2023/03/20 19:02:13
Table 'NLHBlue76' 6-max Seat #3 is the button
Seat 1: fbc943c9 ($5 in chips)
Seat 2: 8b99b75e ($3.15 in chips)
Seat 3: fbb11f47 ($5 in chips)
Seat 4: Hero ($5.58 in chips)
Seat 5: 9a92ccc6 ($5 in chips)
Seat 6: f2450ffa ($5 in chips)
Hero: posts small blind $0.02
9a92ccc6: posts big blind $0.05
*** HOLE CARDS ***
Dealt to fbc943c9 
Dealt to 8b99b75e 
Dealt to fbb11f47 
Dealt to Hero [9d 9c]
Dealt to 9a92ccc6 
Dealt to f2450ffa 
f2450ffa: folds
fbc943c9: folds
8b99b75e: folds
fbb11f47: folds
Hero: raises $0.09 to $0.14
9a92ccc6: folds
Uncalled bet ($0.09) returned to Hero
*** SHOWDOWN ***
Hero collected $0.1 from pot
*** SUMMARY ***
Total pot $0.1 | Rake $0 | Jackpot $0 | Bingo $0 | Fortune $0
Seat 1: fbc943c9 folded before Flop (didn't bet)
Seat 2: 8b99b75e folded before Flop (didn't bet)
Seat 3: fbb11f47 (button) folded before Flop (didn't bet)
Seat 4: Hero (small blind) collected ($0.1)
Seat 5: 9a92ccc6 (big blind) folded before Flop
Seat 6: f2450ffa folded before Flop (didn't bet)


Poker Hand #HD1168531854: Hold'em No Limit  ($0.02/$0.05) - 2023/03/20 19:01:36
Table 'NLHBlue76' 6-max Seat #2 is the button
Seat 1: fbc943c9 ($5 in chips)
Seat 2: 8b99b75e ($3.3 in chips)
Seat 3: fbb11f47 ($5.02 in chips)
Seat 4: Hero ($5.42 in chips)
Seat 5: 9a92ccc6 ($5 in chips)
Seat 6: f2450ffa ($5 in chips)
fbb11f47: posts small blind $0.02
Hero: posts big blind $0.05
*** HOLE CARDS ***
Dealt to fbc943c9 
Dealt to 8b99b75e 
Dealt to fbb11f47 
Dealt to Hero [9c Qc]
Dealt to 9a92ccc6 
Dealt to f2450ffa 
9a92ccc6: folds
f2450ffa: folds
fbc943c9: folds
8b99b75e: raises $0.1 to $0.15
fbb11f47: folds
Hero: calls $0.1
*** FLOP *** [Qd 2d 8c]
Hero: bets $0.16
8b99b75e: folds
Uncalled bet ($0.16) returned to Hero
*** SHOWDOWN ***
Hero collected $0.31 from pot
*** SUMMARY ***
Total pot $0.32 | Rake $0.01 | Jackpot $0 | Bingo $0 | Fortune $0
Board [Qd 2d 8c]
Seat 1: fbc943c9 folded before Flop (didn't bet)
Seat 2: 8b99b75e (button) folded on the Flop
Seat 3: fbb11f47 (small blind) folded before Flop
Seat 4: Hero (big blind) won ($0.31)
Seat 5: 9a92ccc6 folded before Flop (didn't bet)
Seat 6: f2450ffa folded before Flop (didn't bet)


Poker Hand #HD1168531612: Hold'em No Limit  ($0.02/$0.05) - 2023/03/20 19:00:07
Table 'NLHBlue76' 6-max Seat #1 is the button
Seat 1: fbc943c9 ($5.55 in chips)
Seat 2: 8b99b75e ($2.17 in chips)
Seat 3: fbb11f47 ($5.07 in chips)
Seat 4: Hero ($5.42 in chips)
Seat 5: 9a92ccc6 ($5 in chips)
Seat 6: f2450ffa ($5 in chips)
8b99b75e: posts small blind $0.02
fbb11f47: posts big blind $0.05
*** HOLE CARDS ***
Dealt to fbc943c9 
Dealt to 8b99b75e 
Dealt to fbb11f47 
Dealt to Hero [4c 3h]
Dealt to 9a92ccc6 
Dealt to f2450ffa 
Hero: folds
9a92ccc6: folds
f2450ffa: folds
fbc943c9: raises $0.1 to $0.15
8b99b75e: calls $0.13
fbb11f47: folds
*** FLOP *** [3d 6c 3c]
8b99b75e: checks
fbc943c9: bets $0.25
8b99b75e: calls $0.25
*** TURN *** [3d 6c 3c] [7d]
8b99b75e: checks
fbc943c9: bets $0.85
8b99b75e: calls $0.85
*** RIVER *** [3d 6c 3c 7d] [Kd]
8b99b75e: bets $0.92 and is all-in
fbc943c9: folds
Uncalled bet ($0.92) returned to 8b99b75e
*** SHOWDOWN ***
8b99b75e collected $2.38 from pot
*** SUMMARY ***
Total pot $2.55 | Rake $0.12 | Jackpot $0.05 | Bingo $0 | Fortune $0
Board [3d 6c 3c 7d Kd]
Seat 1: fbc943c9 (button) folded on the River
Seat 2: 8b99b75e (small blind) won ($2.38)
Seat 3: fbb11f47 (big blind) folded before Flop
Seat 4: Hero folded before Flop (didn't bet)
Seat 5: 9a92ccc6 folded before Flop (didn't bet)
Seat 6: f2450ffa folded before Flop (didn't bet)


Poker Hand #HD1168531506: Hold'em No Limit  ($0.02/$0.05) - 2023/03/20 18:59:32
Table 'NLHBlue76' 6-max Seat #6 is the button
Seat 1: fbc943c9 ($5.57 in chips)
Seat 2: 8b99b75e ($2.22 in chips)
Seat 3: fbb11f47 ($5 in chips)
Seat 4: Hero ($5.42 in chips)
Seat 5: 9a92ccc6 ($5 in chips)
Seat 6: f2450ffa ($5 in chips)
fbc943c9: posts small blind $0.02
8b99b75e: posts big blind $0.05
*** HOLE CARDS ***
Dealt to fbc943c9 
Dealt to 8b99b75e 
Dealt to fbb11f47 
Dealt to Hero [Jc 7c]
Dealt to 9a92ccc6 
Dealt to f2450ffa 
fbb11f47: raises $0.08 to $0.13
Hero: folds
9a92ccc6: folds
f2450ffa: folds
fbc943c9: folds
8b99b75e: folds
Uncalled bet ($0.08) returned to fbb11f47
*** SHOWDOWN ***
fbb11f47 collected $0.12 from pot
*** SUMMARY ***
Total pot $0.12 | Rake $0 | Jackpot $0 | Bingo $0 | Fortune $0
Seat 1: fbc943c9 (small blind) folded before Flop
Seat 2: 8b99b75e (big blind) folded before Flop
Seat 3: fbb11f47 collected ($0.12)
Seat 4: Hero folded before Flop (didn't bet)
Seat 5: 9a92ccc6 folded before Flop (didn't bet)
Seat 6: f2450ffa (button) folded before Flop (didn't bet)


Poker Hand #HD1168531442: Hold'em No Limit  ($0.02/$0.05) - 2023/03/20 18:59:11
Table 'NLHBlue76' 6-max Seat #5 is the button
Seat 1: fbc943c9 ($5.55 in chips)
Seat 2: 8b99b75e ($2.22 in chips)
Seat 3: fbb11f47 ($5 in chips)
Seat 4: Hero ($5.42 in chips)
Seat 5: 9a92ccc6 ($5 in chips)
Seat 6: f2450ffa ($5 in chips)
f2450ffa: posts small blind $0.02
fbc943c9: posts big blind $0.05
*** HOLE CARDS ***
Dealt to fbc943c9 
Dealt to 8b99b75e 
Dealt to fbb11f47 
Dealt to Hero [7s 4h]
Dealt to 9a92ccc6 
Dealt to f2450ffa 
8b99b75e: folds
fbb11f47: folds
Hero: folds
9a92ccc6: folds
f2450ffa: folds
Uncalled bet ($0.03) returned to fbc943c9
*** SHOWDOWN ***
fbc943c9 collected $0.04 from pot
*** SUMMARY ***
Total pot $0.04 | Rake $0 | Jackpot $0 | Bingo $0 | Fortune $0
Seat 1: fbc943c9 (big blind) collected ($0.04)
Seat 2: 8b99b75e folded before Flop (didn't bet)
Seat 3: fbb11f47 folded before Flop (didn't bet)
Seat 4: Hero folded before Flop (didn't bet)
Seat 5: 9a92ccc6 (button) folded before Flop (didn't bet)
Seat 6: f2450ffa (small blind) folded before Flop


Poker Hand #HD1168531408: Hold'em No Limit  ($0.02/$0.05) - 2023/03/20 18:58:59
Table 'NLHBlue76' 6-max Seat #4 is the button
Seat 1: fbc943c9 ($5.55 in chips)
Seat 2: 8b99b75e ($2.22 in chips)
Seat 3: fbb11f47 ($5 in chips)
Seat 4: Hero ($5.35 in chips)
Seat 5: 9a92ccc6 ($5 in chips)
Seat 6: f2450ffa ($5 in chips)
9a92ccc6: posts small blind $0.02
f2450ffa: posts big blind $0.05
*** HOLE CARDS ***
Dealt to fbc943c9 
Dealt to 8b99b75e 
Dealt to fbb11f47 
Dealt to Hero [6s Ah]
Dealt to 9a92ccc6 
Dealt to f2450ffa 
fbc943c9: folds
8b99b75e: folds
fbb11f47: folds
Hero: raises $0.07 to $0.12
9a92ccc6: folds
f2450ffa: folds
Uncalled bet ($0.07) returned to Hero
*** SHOWDOWN ***
Hero collected $0.12 from pot
*** SUMMARY ***
Total pot $0.12 | Rake $0 | Jackpot $0 | Bingo $0 | Fortune $0
Seat 1: fbc943c9 folded before Flop (didn't bet)
Seat 2: 8b99b75e folded before Flop (didn't bet)
Seat 3: fbb11f47 folded before Flop (didn't bet)
Seat 4: Hero (button) collected ($0.12)
Seat 5: 9a92ccc6 (small blind) folded before Flop
Seat 6: f2450ffa (big blind) folded before Flop


Poker Hand #HD1168531312: Hold'em No Limit  ($0.02/$0.05) - 2023/03/20 18:58:23
Table 'NLHBlue76' 6-max Seat #3 is the button
Seat 1: fbc943c9 ($5.55 in chips)
Seat 2: 8b99b75e ($2.15 in chips)
Seat 3: fbb11f47 ($5 in chips)
Seat 4: Hero ($5.37 in chips)
Seat 5: 9a92ccc6 ($5 in chips)
Hero: posts small blind $0.02
9a92ccc6: posts big blind $0.05
8b99b75e: posts big blind $0.05
*** HOLE CARDS ***
Dealt to fbc943c9 
Dealt to 8b99b75e 
Dealt to fbb11f47 
Dealt to Hero [Jc 7h]
Dealt to 9a92ccc6 
fbc943c9: folds
8b99b75e: checks
fbb11f47: folds
Hero: folds
9a92ccc6: checks
*** FLOP *** [Qh 8h Ah]
9a92ccc6: checks
8b99b75e: bets $0.12
9a92ccc6: folds
Uncalled bet ($0.12) returned to 8b99b75e
*** SHOWDOWN ***
8b99b75e collected $0.12 from pot
*** SUMMARY ***
Total pot $0.12 | Rake $0 | Jackpot $0 | Bingo $0 | Fortune $0
Board [Qh 8h Ah]
Seat 1: fbc943c9 folded before Flop (didn't bet)
Seat 2: 8b99b75e won ($0.12)
Seat 3: fbb11f47 (button) folded before Flop (didn't bet)
Seat 4: Hero (small blind) folded before Flop
Seat 5: 9a92ccc6 (big blind) folded on the Flop


Poker Hand #HD1168531292: Hold'em No Limit  ($0.02/$0.05) - 2023/03/20 18:58:15
Table 'NLHBlue76' 6-max Seat #1 is the button
Seat 1: fbc943c9 ($5.55 in chips)
Seat 3: fbb11f47 ($5.02 in chips)
Seat 4: Hero ($5.35 in chips)
Seat 5: 9a92ccc6 ($5 in chips)
fbb11f47: posts small blind $0.02
Hero: posts big blind $0.05
*** HOLE CARDS ***
Dealt to fbc943c9 
Dealt to fbb11f47 
Dealt to Hero [Jh 9s]
Dealt to 9a92ccc6 
9a92ccc6: folds
fbc943c9: folds
fbb11f47: folds
Uncalled bet ($0.03) returned to Hero
*** SHOWDOWN ***
Hero collected $0.04 from pot
*** SUMMARY ***
Total pot $0.04 | Rake $0 | Jackpot $0 | Bingo $0 | Fortune $0
Seat 1: fbc943c9 (button) folded before Flop (didn't bet)
Seat 3: fbb11f47 (small blind) folded before Flop
Seat 4: Hero (big blind) collected ($0.04)
Seat 5: 9a92ccc6 folded before Flop (didn't bet)


Poker Hand #HD1168531107: Hold'em No Limit  ($0.02/$0.05) - 2023/03/20 18:57:17
Table 'NLHBlue76' 6-max Seat #5 is the button
Seat 1: fbc943c9 ($5.11 in chips)
Seat 3: fbb11f47 ($5.07 in chips)
Seat 4: Hero ($5.35 in chips)
Seat 5: 9a92ccc6 ($5.27 in chips)
fbc943c9: posts small blind $0.02
fbb11f47: posts big blind $0.05
*** HOLE CARDS ***
Dealt to fbc943c9 
Dealt to fbb11f47 
Dealt to Hero [2h 7h]
Dealt to 9a92ccc6 
Hero: folds
9a92ccc6: raises $0.08 to $0.13
fbc943c9: raises $0.31 to $0.44
fbb11f47: folds
9a92ccc6: calls $0.31
*** FLOP *** [Qc 7c 9c]
fbc943c9: bets $0.66
9a92ccc6: folds
Uncalled bet ($0.66) returned to fbc943c9
*** SHOWDOWN ***
fbc943c9 collected $0.88 from pot
*** SUMMARY ***
Total pot $0.93 | Rake $0.05 | Jackpot $0 | Bingo $0 | Fortune $0
Board [Qc 7c 9c]
Seat 1: fbc943c9 (small blind) won ($0.88)
Seat 3: fbb11f47 (big blind) folded before Flop
Seat 4: Hero folded before Flop (didn't bet)
Seat 5: 9a92ccc6 (button) folded on the Flop


Poker Hand #HD1168531041: Hold'em No Limit  ($0.02/$0.05) - 2023/03/20 18:56:55
Table 'NLHBlue76' 6-max Seat #4 is the button
Seat 1: fbc943c9 ($5.16 in chips)
Seat 3: fbb11f47 ($5 in chips)
Seat 4: Hero ($5.35 in chips)
Seat 5: 9a92ccc6 ($5.29 in chips)
9a92ccc6: posts small blind $0.02
fbc943c9: posts big blind $0.05
*** HOLE CARDS ***
Dealt to fbc943c9 
Dealt to fbb11f47 
Dealt to Hero [Qs Jd]
Dealt to 9a92ccc6 
fbb11f47: raises $0.08 to $0.13
Hero: folds
9a92ccc6: folds
fbc943c9: folds
Uncalled bet ($0.08) returned to fbb11f47
*** SHOWDOWN ***
fbb11f47 collected $0.12 from pot
*** SUMMARY ***
Total pot $0.12 | Rake $0 | Jackpot $0 | Bingo $0 | Fortune $0
Seat 1: fbc943c9 (big blind) folded before Flop
Seat 3: fbb11f47 collected ($0.12)
Seat 4: Hero (button) folded before Flop (didn't bet)
Seat 5: 9a92ccc6 (small blind) folded before Flop


Poker Hand #HD1168530875: Hold'em No Limit  ($0.02/$0.05) - 2023/03/20 18:55:57
Table 'NLHBlue76' 6-max Seat #3 is the button
Seat 1: fbc943c9 ($5.16 in chips)
Seat 3: fbb11f47 ($5 in chips)
Seat 4: Hero ($5.59 in chips)
Seat 5: 9a92ccc6 ($5.07 in chips)
Hero: posts small blind $0.02
9a92ccc6: posts big blind $0.05
*** HOLE CARDS ***
Dealt to fbc943c9 
Dealt to fbb11f47 
Dealt to Hero [Ah Jd]
Dealt to 9a92ccc6 
fbc943c9: folds
fbb11f47: folds
Hero: raises $0.09 to $0.14
9a92ccc6: calls $0.09
*** FLOP *** [Ts 6s 6c]
Hero: checks
9a92ccc6: bets $0.1
Hero: calls $0.1
*** TURN *** [Ts 6s 6c] [Qh]
Hero: checks
9a92ccc6: bets $0.3
Hero: folds
Uncalled bet ($0.3) returned to 9a92ccc6
*** SHOWDOWN ***
9a92ccc6 collected $0.46 from pot
*** SUMMARY ***
Total pot $0.48 | Rake $0.02 | Jackpot $0 | Bingo $0 | Fortune $0
Board [Ts 6s 6c Qh]
Seat 1: fbc943c9 folded before Flop (didn't bet)
Seat 3: fbb11f47 (button) folded before Flop (didn't bet)
Seat 4: Hero (small blind) folded on the Turn
Seat 5: 9a92ccc6 (big blind) won ($0.46)


Poker Hand #HD1168530728: Hold'em No Limit  ($0.02/$0.05) - 2023/03/20 18:55:07
Table 'NLHBlue76' 6-max Seat #1 is the button
Seat 1: fbc943c9 ($5.31 in chips)
Seat 3: fbb11f47 ($5 in chips)
Seat 4: Hero ($5.43 in chips)
Seat 5: 9a92ccc6 ($5.07 in chips)
fbb11f47: posts small blind $0.02
Hero: posts big blind $0.05
*** HOLE CARDS ***
Dealt to fbc943c9 
Dealt to fbb11f47 
Dealt to Hero [7s 5s]
Dealt to 9a92ccc6 
9a92ccc6: folds
fbc943c9: raises $0.1 to $0.15
fbb11f47: folds
Hero: calls $0.1
*** FLOP *** [Td Ts 4c]
Hero: checks
fbc943c9: checks
*** TURN *** [Td Ts 4c] [6s]
Hero: bets $0.24
fbc943c9: folds
Uncalled bet ($0.24) returned to Hero
*** SHOWDOWN ***
Hero collected $0.31 from pot
*** SUMMARY ***
Total pot $0.32 | Rake $0.01 | Jackpot $0 | Bingo $0 | Fortune $0
Board [Td Ts 4c 6s]
Seat 1: fbc943c9 (button) folded on the Turn
Seat 3: fbb11f47 (small blind) folded before Flop
Seat 4: Hero (big blind) won ($0.31)
Seat 5: 9a92ccc6 folded before Flop (didn't bet)


Poker Hand #HD1168530671: Hold'em No Limit  ($0.02/$0.05) - 2023/03/20 18:54:51
Table 'NLHBlue76' 6-max Seat #5 is the button
Seat 1: fbc943c9 ($5.33 in chips)
Seat 3: fbb11f47 ($5 in chips)
Seat 4: Hero ($5.43 in chips)
Seat 5: 9a92ccc6 ($5 in chips)
fbc943c9: posts small blind $0.02
fbb11f47: posts big blind $0.05
*** HOLE CARDS ***
Dealt to fbc943c9 
Dealt to fbb11f47 
Dealt to Hero [4d 5s]
Dealt to 9a92ccc6 
Hero: folds
9a92ccc6: raises $0.08 to $0.13
fbc943c9: folds
fbb11f47: folds
Uncalled bet ($0.08) returned to 9a92ccc6
*** SHOWDOWN ***
9a92ccc6 collected $0.12 from pot
*** SUMMARY ***
Total pot $0.12 | Rake $0 | Jackpot $0 | Bingo $0 | Fortune $0
Seat 1: fbc943c9 (small blind) folded before Flop
Seat 3: fbb11f47 (big blind) folded before Flop
Seat 4: Hero folded before Flop (didn't bet)
Seat 5: 9a92ccc6 (button) collected ($0.12)


Poker Hand #HD1168530635: Hold'em No Limit  ($0.02/$0.05) - 2023/03/20 18:54:37
Table 'NLHBlue76' 6-max Seat #4 is the button
Seat 1: fbc943c9 ($5.38 in chips)
Seat 2: f02581f0 ($5.28 in chips)
Seat 4: Hero ($5.36 in chips)
Seat 5: 9a92ccc6 ($5.02 in chips)
9a92ccc6: posts small blind $0.02
fbc943c9: posts big blind $0.05
*** HOLE CARDS ***
Dealt to fbc943c9 
Dealt to f02581f0 
Dealt to Hero [Kc Js]
Dealt to 9a92ccc6 
f02581f0: folds
Hero: raises $0.07 to $0.12
9a92ccc6: folds
fbc943c9: folds
Uncalled bet ($0.07) returned to Hero
*** SHOWDOWN ***
Hero collected $0.12 from pot
*** SUMMARY ***
Total pot $0.12 | Rake $0 | Jackpot $0 | Bingo $0 | Fortune $0
Seat 1: fbc943c9 (big blind) folded before Flop
Seat 2: f02581f0 folded before Flop (didn't bet)
Seat 4: Hero (button) collected ($0.12)
Seat 5: 9a92ccc6 (small blind) folded before Flop


Poker Hand #HD1168530596: Hold'em No Limit  ($0.02/$0.05) - 2023/03/20 18:54:24
Table 'NLHBlue76' 6-max Seat #2 is the button
Seat 1: fbc943c9 ($5.38 in chips)
Seat 2: f02581f0 ($5.28 in chips)
Seat 4: Hero ($5.31 in chips)
Seat 5: 9a92ccc6 ($5.07 in chips)
Hero: posts small blind $0.02
9a92ccc6: posts big blind $0.05
*** HOLE CARDS ***
Dealt to fbc943c9 
Dealt to f02581f0 
Dealt to Hero [Kc Td]
Dealt to 9a92ccc6 
fbc943c9: folds
f02581f0: folds
Hero: raises $0.09 to $0.14
9a92ccc6: folds
Uncalled bet ($0.09) returned to Hero
*** SHOWDOWN ***
Hero collected $0.1 from pot
*** SUMMARY ***
Total pot $0.1 | Rake $0 | Jackpot $0 | Bingo $0 | Fortune $0
Seat 1: fbc943c9 folded before Flop (didn't bet)
Seat 2: f02581f0 (button) folded before Flop (didn't bet)
Seat 4: Hero (small blind) collected ($0.1)
Seat 5: 9a92ccc6 (big blind) folded before Flop


Poker Hand #HD1168530319: Hold'em No Limit  ($0.02/$0.05) - 2023/03/20 18:52:53
Table 'NLHBlue76' 6-max Seat #1 is the button
Seat 1: fbc943c9 ($5.53 in chips)
Seat 2: f02581f0 ($5 in chips)
Seat 4: Hero ($5.46 in chips)
Seat 5: 9a92ccc6 ($5.07 in chips)
Seat 6: 95c97255 ($5 in chips)
f02581f0: posts small blind $0.02
Hero: posts big blind $0.05
*** HOLE CARDS ***
Dealt to fbc943c9 
Dealt to f02581f0 
Dealt to Hero [8d Ac]
Dealt to 9a92ccc6 
Dealt to 95c97255 
9a92ccc6: folds
95c97255: folds
fbc943c9: raises $0.1 to $0.15
f02581f0: calls $0.13
Hero: calls $0.1
*** FLOP *** [Qd 9s 5s]
f02581f0: checks
Hero: checks
fbc943c9: checks
*** TURN *** [Qd 9s 5s] [Tc]
f02581f0: bets $0.23
Hero: folds
fbc943c9: folds
Uncalled bet ($0.23) returned to f02581f0
*** SHOWDOWN ***
f02581f0 collected $0.43 from pot
*** SUMMARY ***
Total pot $0.45 | Rake $0.02 | Jackpot $0 | Bingo $0 | Fortune $0
Board [Qd 9s 5s Tc]
Seat 1: fbc943c9 (button) folded on the Turn
Seat 2: f02581f0 (small blind) won ($0.43)
Seat 4: Hero (big blind) folded on the Turn
Seat 5: 9a92ccc6 folded before Flop (didn't bet)
Seat 6: 95c97255 folded before Flop (didn't bet)


Poker Hand #HD1168530265: Hold'em No Limit  ($0.02/$0.05) - 2023/03/20 18:52:31
Table 'NLHBlue76' 6-max Seat #6 is the button
Seat 1: fbc943c9 ($5.48 in chips)
Seat 2: f02581f0 ($5 in chips)
Seat 3: 8b541fea ($5.87 in chips)
Seat 4: Hero ($5.46 in chips)
Seat 5: 9a92ccc6 ($5.07 in chips)
Seat 6: 95c97255 ($5 in chips)
fbc943c9: posts small blind $0.02
f02581f0: posts big blind $0.05
*** HOLE CARDS ***
Dealt to fbc943c9 
Dealt to f02581f0 
Dealt to 8b541fea 
Dealt to Hero [7h 2s]
Dealt to 9a92ccc6 
Dealt to 95c97255 
8b541fea: folds
Hero: folds
9a92ccc6: folds
95c97255: folds
fbc943c9: raises $0.1 to $0.15
f02581f0: folds
Uncalled bet ($0.1) returned to fbc943c9
*** SHOWDOWN ***
fbc943c9 collected $0.1 from pot
*** SUMMARY ***
Total pot $0.1 | Rake $0 | Jackpot $0 | Bingo $0 | Fortune $0
Seat 1: fbc943c9 (small blind) collected ($0.1)
Seat 2: f02581f0 (big blind) folded before Flop
Seat 3: 8b541fea folded before Flop (didn't bet)
Seat 4: Hero folded before Flop (didn't bet)
Seat 5: 9a92ccc6 folded before Flop (didn't bet)
Seat 6: 95c97255 (button) folded before Flop (didn't bet)


Poker Hand #HD1168530166: Hold'em No Limit  ($0.02/$0.05) - 2023/03/20 18:52:00
Table 'NLHBlue76' 6-max Seat #5 is the button
Seat 1: fbc943c9 ($5.53 in chips)
Seat 3: 8b541fea ($5.87 in chips)
Seat 4: Hero ($5.46 in chips)
Seat 5: 9a92ccc6 ($5 in chips)
Seat 6: 95c97255 ($5 in chips)
95c97255: posts small blind $0.02
fbc943c9: posts big blind $0.05
*** HOLE CARDS ***
Dealt to fbc943c9 
Dealt to 8b541fea 
Dealt to Hero [Ah 9c]
Dealt to 9a92ccc6 
Dealt to 95c97255 
8b541fea: folds
Hero: folds
9a92ccc6: raises $0.08 to $0.13
95c97255: folds
fbc943c9: folds
Uncalled bet ($0.08) returned to 9a92ccc6
*** SHOWDOWN ***
9a92ccc6 collected $0.12 from pot
*** SUMMARY ***
Total pot $0.12 | Rake $0 | Jackpot $0 | Bingo $0 | Fortune $0
Seat 1: fbc943c9 (big blind) folded before Flop
Seat 3: 8b541fea folded before Flop (didn't bet)
Seat 4: Hero folded before Flop (didn't bet)
Seat 5: 9a92ccc6 (button) collected ($0.12)
Seat 6: 95c97255 (small blind) folded before Flop


Poker Hand #HD1168529908: Hold'em No Limit  ($0.02/$0.05) - 2023/03/20 18:50:27
Table 'NLHBlue76' 6-max Seat #4 is the button
Seat 1: fbc943c9 ($5.53 in chips)
Seat 3: 8b541fea ($5 in chips)
Seat 4: Hero ($5.46 in chips)
Seat 5: 9a92ccc6 ($5 in chips)
Seat 6: 95c97255 ($5.33 in chips)
9a92ccc6: posts small blind $0.02
95c97255: posts big blind $0.05
*** HOLE CARDS ***
Dealt to fbc943c9 
Dealt to 8b541fea 
Dealt to Hero [Kd Js]
Dealt to 9a92ccc6 
Dealt to 95c97255 
fbc943c9: folds
8b541fea: raises $0.1 to $0.15
Hero: folds
9a92ccc6: folds
95c97255: calls $0.1
*** FLOP *** [5c 3d 9d]
95c97255: checks
8b541fea: bets $0.24
95c97255: calls $0.24
*** TURN *** [5c 3d 9d] [9c]
95c97255: bets $0.6
8b541fea: calls $0.6
*** RIVER *** [5c 3d 9d 9c] [6h]
95c97255: checks
8b541fea: checks
95c97255: shows [8d 8h] (Pair of Nines and Pair of Eights)
8b541fea: shows [Tc Th] (Pair of Tens and Pair of Nines)
*** SHOWDOWN ***
8b541fea collected $1.86 from pot
*** SUMMARY ***
Total pot $2 | Rake $0.09 | Jackpot $0.05 | Bingo $0 | Fortune $0
Board [5c 3d 9d 9c 6h]
Seat 1: fbc943c9 folded before Flop (didn't bet)
Seat 3: 8b541fea showed [Tc Th] and won ($1.86) with Pair of Tens and Pair of Nines
Seat 4: Hero (button) folded before Flop (didn't bet)
Seat 5: 9a92ccc6 (small blind) folded before Flop
Seat 6: 95c97255 (big blind) showed [8d 8h] and lost with Pair of Nines and Pair of Eights


Poker Hand #HD1168529862: Hold'em No Limit  ($0.02/$0.05) - 2023/03/20 18:50:14
Table 'NLHBlue76' 6-max Seat #3 is the button
Seat 1: fbc943c9 ($5.53 in chips)
Seat 3: 8b541fea ($5 in chips)
Seat 4: Hero ($5.41 in chips)
Seat 5: 9a92ccc6 ($5 in chips)
Seat 6: 95c97255 ($5.33 in chips)
Hero: posts small blind $0.02
9a92ccc6: posts big blind $0.05
*** HOLE CARDS ***
Dealt to fbc943c9 
Dealt to 8b541fea 
Dealt to Hero [Ac 4c]
Dealt to 9a92ccc6 
Dealt to 95c97255 
95c97255: folds
fbc943c9: folds
8b541fea: folds
Hero: raises $0.09 to $0.14
9a92ccc6: folds
Uncalled bet ($0.09) returned to Hero
*** SHOWDOWN ***
Hero collected $0.1 from pot
*** SUMMARY ***
Total pot $0.1 | Rake $0 | Jackpot $0 | Bingo $0 | Fortune $0
Seat 1: fbc943c9 folded before Flop (didn't bet)
Seat 3: 8b541fea (button) folded before Flop (didn't bet)
Seat 4: Hero (small blind) collected ($0.1)
Seat 5: 9a92ccc6 (big blind) folded before Flop
Seat 6: 95c97255 folded before Flop (didn't bet)


Poker Hand #HD1168529719: Hold'em No Limit  ($0.02/$0.05) - 2023/03/20 18:49:28
Table 'NLHBlue76' 6-max Seat #2 is the button
Seat 1: fbc943c9 ($5.38 in chips)
Seat 2: ca19d1f6 ($11.05 in chips)
Seat 3: 8b541fea ($5 in chips)
Seat 4: Hero ($5.56 in chips)
Seat 6: 95c97255 ($5.33 in chips)
8b541fea: posts small blind $0.02
Hero: posts big blind $0.05
*** HOLE CARDS ***
Dealt to fbc943c9 
Dealt to ca19d1f6 
Dealt to 8b541fea 
Dealt to Hero [2h As]
Dealt to 95c97255 
95c97255: folds
fbc943c9: raises $0.1 to $0.15
ca19d1f6: folds
8b541fea: folds
Hero: calls $0.1
*** FLOP *** [6s Kh 5d]
Hero: checks
fbc943c9: bets $0.15
Hero: folds
Uncalled bet ($0.15) returned to fbc943c9
*** SHOWDOWN ***
fbc943c9 collected $0.3 from pot
*** SUMMARY ***
Total pot $0.32 | Rake $0.02 | Jackpot $0 | Bingo $0 | Fortune $0
Board [6s Kh 5d]
Seat 1: fbc943c9 won ($0.3)
Seat 2: ca19d1f6 (button) folded before Flop (didn't bet)
Seat 3: 8b541fea (small blind) folded before Flop
Seat 4: Hero (big blind) folded on the Flop
Seat 6: 95c97255 folded before Flop (didn't bet)


Poker Hand #HD1168529665: Hold'em No Limit  ($0.02/$0.05) - 2023/03/20 18:49:10
Table 'NLHBlue76' 6-max Seat #1 is the button
Seat 1: fbc943c9 ($5.38 in chips)
Seat 2: ca19d1f6 ($11.07 in chips)
Seat 3: 8b541fea ($5.01 in chips)
Seat 4: Hero ($5.56 in chips)
Seat 6: 95c97255 ($5.26 in chips)
ca19d1f6: posts small blind $0.02
8b541fea: posts big blind $0.05
*** HOLE CARDS ***
Dealt to fbc943c9 
Dealt to ca19d1f6 
Dealt to 8b541fea 
Dealt to Hero [4h Ad]
Dealt to 95c97255 
Hero: folds
95c97255: raises $0.1 to $0.15
fbc943c9: folds
ca19d1f6: folds
8b541fea: folds
Uncalled bet ($0.1) returned to 95c97255
*** SHOWDOWN ***
95c97255 collected $0.12 from pot
*** SUMMARY ***
Total pot $0.12 | Rake $0 | Jackpot $0 | Bingo $0 | Fortune $0
Seat 1: fbc943c9 (button) folded before Flop (didn't bet)
Seat 2: ca19d1f6 (small blind) folded before Flop
Seat 3: 8b541fea (big blind) folded before Flop
Seat 4: Hero folded before Flop (didn't bet)
Seat 6: 95c97255 collected ($0.12)


Poker Hand #HD1168529536: Hold'em No Limit  ($0.02/$0.05) - 2023/03/20 18:48:20
Table 'NLHBlue76' 6-max Seat #6 is the button
Seat 1: fbc943c9 ($5.1 in chips)
Seat 2: ca19d1f6 ($11.22 in chips)
Seat 3: 8b541fea ($5.16 in chips)
Seat 4: Hero ($5.56 in chips)
Seat 6: 95c97255 ($5.26 in chips)
fbc943c9: posts small blind $0.02
ca19d1f6: posts big blind $0.05
*** HOLE CARDS ***
Dealt to fbc943c9 
Dealt to ca19d1f6 
Dealt to 8b541fea 
Dealt to Hero [2s 7c]
Dealt to 95c97255 
8b541fea: raises $0.1 to $0.15
Hero: folds
95c97255: folds
fbc943c9: calls $0.13
ca19d1f6: calls $0.1
*** FLOP *** [6d 3s 5c]
fbc943c9: checks
ca19d1f6: checks
8b541fea: checks
*** TURN *** [6d 3s 5c] [9c]
fbc943c9: bets $0.32
ca19d1f6: folds
8b541fea: folds
Uncalled bet ($0.32) returned to fbc943c9
*** SHOWDOWN ***
fbc943c9 collected $0.43 from pot
*** SUMMARY ***
Total pot $0.45 | Rake $0.02 | Jackpot $0 | Bingo $0 | Fortune $0
Board [6d 3s 5c 9c]
Seat 1: fbc943c9 (small blind) won ($0.43)
Seat 2: ca19d1f6 (big blind) folded on the Turn
Seat 3: 8b541fea folded on the Turn
Seat 4: Hero folded before Flop (didn't bet)
Seat 6: 95c97255 (button) folded before Flop (didn't bet)


Poker Hand #HD1168529451: Hold'em No Limit  ($0.02/$0.05) - 2023/03/20 18:47:51
Table 'NLHBlue76' 6-max Seat #5 is the button
Seat 1: fbc943c9 ($5.15 in chips)
Seat 2: ca19d1f6 ($11.22 in chips)
Seat 3: 8b541fea ($5.09 in chips)
Seat 4: Hero ($5.56 in chips)
Seat 5: 6494343b ($3.43 in chips)
Seat 6: 95c97255 ($5.28 in chips)
95c97255: posts small blind $0.02
fbc943c9: posts big blind $0.05
*** HOLE CARDS ***
Dealt to fbc943c9 
Dealt to ca19d1f6 
Dealt to 8b541fea 
Dealt to Hero [9s As]
Dealt to 6494343b 
Dealt to 95c97255 
ca19d1f6: folds
8b541fea: raises $0.1 to $0.15
Hero: folds
6494343b: folds
95c97255: folds
fbc943c9: folds
Uncalled bet ($0.1) returned to 8b541fea
*** SHOWDOWN ***
8b541fea collected $0.12 from pot
*** SUMMARY ***
Total pot $0.12 | Rake $0 | Jackpot $0 | Bingo $0 | Fortune $0
Seat 1: fbc943c9 (big blind) folded before Flop
Seat 2: ca19d1f6 folded before Flop (didn't bet)
Seat 3: 8b541fea collected ($0.12)
Seat 4: Hero folded before Flop (didn't bet)
Seat 5: 6494343b (button) folded before Flop (didn't bet)
Seat 6: 95c97255 (small blind) folded before Flop


Poker Hand #HD1168529241: Hold'em No Limit  ($0.02/$0.05) - 2023/03/20 18:46:42
Table 'NLHBlue76' 6-max Seat #4 is the button
Seat 1: fbc943c9 ($5.15 in chips)
Seat 2: ca19d1f6 ($11.22 in chips)
Seat 3: 8b541fea ($7.09 in chips)
Seat 4: Hero ($5.56 in chips)
Seat 5: 6494343b ($2 in chips)
Seat 6: 95c97255 ($5.33 in chips)
6494343b: posts small blind $0.02
95c97255: posts big blind $0.05
*** HOLE CARDS ***
Dealt to fbc943c9 
Dealt to ca19d1f6 
Dealt to 8b541fea 
Dealt to Hero [2d 7c]
Dealt to 6494343b 
Dealt to 95c97255 
fbc943c9: folds
ca19d1f6: folds
8b541fea: raises $0.1 to $0.15
Hero: folds
6494343b: calls $0.13
95c97255: folds
*** FLOP *** [9s 9d 8d]
6494343b: bets $0.12
8b541fea: raises $0.26 to $0.38
6494343b: raises $1.11 to $1.49
8b541fea: raises $1.11 to $2.6
6494343b: calls $0.36 and is all-in
Uncalled bet ($0.75) returned to 8b541fea
8b541fea: shows [Ks Kh] (Pair of Kings and Pair of Nines)
6494343b: shows [9h Th] (Three Nines)
6494343b: Chooses to EV Cashout 
*** TURN *** [9s 9d 8d] [3d]
*** RIVER *** [9s 9d 8d 3d] [Jc]
6494343b: Pays Cashout Risk ($0.37)
*** SHOWDOWN ***
6494343b collected $3.8 from pot
*** SUMMARY ***
Total pot $4.05 | Rake $0.2 | Jackpot $0.05 | Bingo $0 | Fortune $0
Board [9s 9d 8d 3d Jc]
Seat 1: fbc943c9 folded before Flop (didn't bet)
Seat 2: ca19d1f6 folded before Flop (didn't bet)
Seat 3: 8b541fea showed [Ks Kh] and lost with Pair of Kings and Pair of Nines
Seat 4: Hero (button) folded before Flop (didn't bet)
Seat 5: 6494343b (small blind) showed [9h Th] and won ($3.8) with Three Nines, Cashout Risk ($0.37)
Seat 6: 95c97255 (big blind) folded before Flop


Poker Hand #HD1168529128: Hold'em No Limit  ($0.02/$0.05) - 2023/03/20 18:46:06
Table 'NLHBlue76' 6-max Seat #3 is the button
Seat 1: fbc943c9 ($5.15 in chips)
Seat 2: ca19d1f6 ($11.08 in chips)
Seat 3: 8b541fea ($7.09 in chips)
Seat 4: Hero ($5.58 in chips)
Seat 5: 6494343b ($2.13 in chips)
Seat 6: 95c97255 ($5.33 in chips)
Hero: posts small blind $0.02
6494343b: posts big blind $0.05
*** HOLE CARDS ***
Dealt to fbc943c9 
Dealt to ca19d1f6 
Dealt to 8b541fea 
Dealt to Hero [8s Ad]
Dealt to 6494343b 
Dealt to 95c97255 
95c97255: folds
fbc943c9: folds
ca19d1f6: raises $0.08 to $0.13
8b541fea: folds
Hero: folds
6494343b: calls $0.08
*** FLOP *** [3d 8h Ah]
6494343b: checks
ca19d1f6: bets $0.1
6494343b: folds
Uncalled bet ($0.1) returned to ca19d1f6
*** SHOWDOWN ***
ca19d1f6 collected $0.27 from pot
*** SUMMARY ***
Total pot $0.28 | Rake $0.01 | Jackpot $0 | Bingo $0 | Fortune $0
Board [3d 8h Ah]
Seat 1: fbc943c9 folded before Flop (didn't bet)
Seat 2: ca19d1f6 won ($0.27)
Seat 3: 8b541fea (button) folded before Flop (didn't bet)
Seat 4: Hero (small blind) folded before Flop
Seat 5: 6494343b (big blind) folded on the Flop
Seat 6: 95c97255 folded before Flop (didn't bet)


Poker Hand #HD1168529003: Hold'em No Limit  ($0.02/$0.05) - 2023/03/20 18:45:21
Table 'NLHBlue76' 6-max Seat #2 is the button
Seat 1: fbc943c9 ($5 in chips)
Seat 2: ca19d1f6 ($11.08 in chips)
Seat 3: 8b541fea ($7.11 in chips)
Seat 4: Hero ($5.73 in chips)
Seat 6: 95c97255 ($5.33 in chips)
8b541fea: posts small blind $0.02
Hero: posts big blind $0.05
*** HOLE CARDS ***
Dealt to fbc943c9 
Dealt to ca19d1f6 
Dealt to 8b541fea 
Dealt to Hero [Qh Kd]
Dealt to 95c97255 
95c97255: folds
fbc943c9: raises $0.1 to $0.15
ca19d1f6: folds
8b541fea: folds
Hero: calls $0.1
*** FLOP *** [Jc 8d 8c]
Hero: checks
fbc943c9: bets $0.11
Hero: folds
Uncalled bet ($0.11) returned to fbc943c9
*** SHOWDOWN ***
fbc943c9 collected $0.3 from pot
*** SUMMARY ***
Total pot $0.32 | Rake $0.02 | Jackpot $0 | Bingo $0 | Fortune $0
Board [Jc 8d 8c]
Seat 1: fbc943c9 won ($0.3)
Seat 2: ca19d1f6 (button) folded before Flop (didn't bet)
Seat 3: 8b541fea (small blind) folded before Flop
Seat 4: Hero (big blind) folded on the Flop
Seat 6: 95c97255 folded before Flop (didn't bet)


Poker Hand #HD1168528964: Hold'em No Limit  ($0.02/$0.05) - 2023/03/20 18:45:09
Table 'NLHBlue76' 6-max Seat #1 is the button
Seat 1: fbc943c9 ($5 in chips)
Seat 2: ca19d1f6 ($11.1 in chips)
Seat 3: 8b541fea ($7.09 in chips)
Seat 4: Hero ($5.73 in chips)
Seat 6: 95c97255 ($5.33 in chips)
ca19d1f6: posts small blind $0.02
8b541fea: posts big blind $0.05
*** HOLE CARDS ***
Dealt to fbc943c9 
Dealt to ca19d1f6 
Dealt to 8b541fea 
Dealt to Hero [Kc 2d]
Dealt to 95c97255 
Hero: folds
95c97255: folds
fbc943c9: folds
ca19d1f6: folds
Uncalled bet ($0.03) returned to 8b541fea
*** SHOWDOWN ***
8b541fea collected $0.04 from pot
*** SUMMARY ***
Total pot $0.04 | Rake $0 | Jackpot $0 | Bingo $0 | Fortune $0
Seat 1: fbc943c9 (button) folded before Flop (didn't bet)
Seat 2: ca19d1f6 (small blind) folded before Flop
Seat 3: 8b541fea (big blind) collected ($0.04)
Seat 4: Hero folded before Flop (didn't bet)
Seat 6: 95c97255 folded before Flop (didn't bet)


Poker Hand #HD1168528918: Hold'em No Limit  ($0.02/$0.05) - 2023/03/20 18:44:54
Table 'NLHBlue76' 6-max Seat #6 is the button
Seat 1: fbc943c9 ($5 in chips)
Seat 2: ca19d1f6 ($11.08 in chips)
Seat 3: 8b541fea ($7.09 in chips)
Seat 4: Hero ($5.73 in chips)
Seat 6: 95c97255 ($5.33 in chips)
fbc943c9: posts small blind $0.02
ca19d1f6: posts big blind $0.05
*** HOLE CARDS ***
Dealt to fbc943c9 
Dealt to ca19d1f6 
Dealt to 8b541fea 
Dealt to Hero [9d Qs]
Dealt to 95c97255 
8b541fea: folds
Hero: folds
95c97255: folds
fbc943c9: folds
Uncalled bet ($0.03) returned to ca19d1f6
*** SHOWDOWN ***
ca19d1f6 collected $0.04 from pot
*** SUMMARY ***
Total pot $0.04 | Rake $0 | Jackpot $0 | Bingo $0 | Fortune $0
Seat 1: fbc943c9 (small blind) folded before Flop
Seat 2: ca19d1f6 (big blind) collected ($0.04)
Seat 3: 8b541fea folded before Flop (didn't bet)
Seat 4: Hero folded before Flop (didn't bet)
Seat 6: 95c97255 (button) folded before Flop (didn't bet)


Poker Hand #HD1168528763: Hold'em No Limit  ($0.02/$0.05) - 2023/03/20 18:43:59
Table 'NLHBlue76' 6-max Seat #4 is the button
Seat 1: fbc943c9 ($5.26 in chips)
Seat 2: ca19d1f6 ($11.08 in chips)
Seat 3: 8b541fea ($7.09 in chips)
Seat 4: Hero ($5.73 in chips)
Seat 6: 95c97255 ($5 in chips)
95c97255: posts small blind $0.02
fbc943c9: posts big blind $0.05
*** HOLE CARDS ***
Dealt to fbc943c9 
Dealt to ca19d1f6 
Dealt to 8b541fea 
Dealt to Hero [Kd 4h]
Dealt to 95c97255 
ca19d1f6: folds
8b541fea: folds
Hero: folds
95c97255: raises $0.1 to $0.15
fbc943c9: raises $0.21 to $0.36
95c97255: raises $0.72 to $1.08
fbc943c9: folds
Uncalled bet ($0.72) returned to 95c97255
*** SHOWDOWN ***
95c97255 collected $0.69 from pot
*** SUMMARY ***
Total pot $0.72 | Rake $0.03 | Jackpot $0 | Bingo $0 | Fortune $0
Seat 1: fbc943c9 (big blind) folded before Flop
Seat 2: ca19d1f6 folded before Flop (didn't bet)
Seat 3: 8b541fea folded before Flop (didn't bet)
Seat 4: Hero (button) folded before Flop (didn't bet)
Seat 6: 95c97255 (small blind) collected ($0.69)


Poker Hand #HD1168528713: Hold'em No Limit  ($0.02/$0.05) - 2023/03/20 18:43:46
Table 'NLHBlue76' 6-max Seat #3 is the button
Seat 1: fbc943c9 ($5.19 in chips)
Seat 2: ca19d1f6 ($11.08 in chips)
Seat 3: 8b541fea ($7.09 in chips)
Seat 4: Hero ($5.75 in chips)
Seat 6: 95c97255 ($5 in chips)
Hero: posts small blind $0.02
95c97255: posts big blind $0.05
*** HOLE CARDS ***
Dealt to fbc943c9 
Dealt to ca19d1f6 
Dealt to 8b541fea 
Dealt to Hero [5d Jc]
Dealt to 95c97255 
fbc943c9: raises $0.1 to $0.15
ca19d1f6: folds
8b541fea: folds
Hero: folds
95c97255: folds
Uncalled bet ($0.1) returned to fbc943c9
*** SHOWDOWN ***
fbc943c9 collected $0.12 from pot
*** SUMMARY ***
Total pot $0.12 | Rake $0 | Jackpot $0 | Bingo $0 | Fortune $0
Seat 1: fbc943c9 collected ($0.12)
Seat 2: ca19d1f6 folded before Flop (didn't bet)
Seat 3: 8b541fea (button) folded before Flop (didn't bet)
Seat 4: Hero (small blind) folded before Flop
Seat 6: 95c97255 (big blind) folded before Flop


Poker Hand #HD1168528675: Hold'em No Limit  ($0.02/$0.05) - 2023/03/20 18:43:31
Table 'NLHBlue76' 6-max Seat #2 is the button
Seat 1: fbc943c9 ($5.19 in chips)
Seat 2: ca19d1f6 ($11.08 in chips)
Seat 3: 8b541fea ($7.11 in chips)
Seat 4: Hero ($5.73 in chips)
Seat 6: 95c97255 ($5 in chips)
8b541fea: posts small blind $0.02
Hero: posts big blind $0.05
*** HOLE CARDS ***
Dealt to fbc943c9 
Dealt to ca19d1f6 
Dealt to 8b541fea 
Dealt to Hero [4c 7s]
Dealt to 95c97255 
95c97255: folds
fbc943c9: folds
ca19d1f6: folds
8b541fea: folds
Uncalled bet ($0.03) returned to Hero
*** SHOWDOWN ***
Hero collected $0.04 from pot
*** SUMMARY ***
Total pot $0.04 | Rake $0 | Jackpot $0 | Bingo $0 | Fortune $0
Seat 1: fbc943c9 folded before Flop (didn't bet)
Seat 2: ca19d1f6 (button) folded before Flop (didn't bet)
Seat 3: 8b541fea (small blind) folded before Flop
Seat 4: Hero (big blind) collected ($0.04)
Seat 6: 95c97255 folded before Flop (didn't bet)


Poker Hand #HD1168528639: Hold'em No Limit  ($0.02/$0.05) - 2023/03/20 18:43:21
Table 'NLHBlue76' 6-max Seat #1 is the button
Seat 1: fbc943c9 ($5.19 in chips)
Seat 2: ca19d1f6 ($11.1 in chips)
Seat 3: 8b541fea ($7.09 in chips)
Seat 4: Hero ($5.73 in chips)
Seat 6: 95c97255 ($5 in chips)
ca19d1f6: posts small blind $0.02
8b541fea: posts big blind $0.05
*** HOLE CARDS ***
Dealt to fbc943c9 
Dealt to ca19d1f6 
Dealt to 8b541fea 
Dealt to Hero [7d 6h]
Dealt to 95c97255 
Hero: folds
95c97255: folds
fbc943c9: folds
ca19d1f6: folds
Uncalled bet ($0.03) returned to 8b541fea
*** SHOWDOWN ***
8b541fea collected $0.04 from pot
*** SUMMARY ***
Total pot $0.04 | Rake $0 | Jackpot $0 | Bingo $0 | Fortune $0
Seat 1: fbc943c9 (button) folded before Flop (didn't bet)
Seat 2: ca19d1f6 (small blind) folded before Flop
Seat 3: 8b541fea (big blind) collected ($0.04)
Seat 4: Hero folded before Flop (didn't bet)
Seat 6: 95c97255 folded before Flop (didn't bet)


Poker Hand #HD1168528511: Hold'em No Limit  ($0.02/$0.05) - 2023/03/20 18:42:39
Table 'NLHBlue76' 6-max Seat #6 is the button
Seat 1: fbc943c9 ($5.05 in chips)
Seat 2: ca19d1f6 ($11.25 in chips)
Seat 3: 8b541fea ($7.09 in chips)
Seat 4: Hero ($5.73 in chips)
Seat 6: 95c97255 ($5 in chips)
fbc943c9: posts small blind $0.02
ca19d1f6: posts big blind $0.05
*** HOLE CARDS ***
Dealt to fbc943c9 
Dealt to ca19d1f6 
Dealt to 8b541fea 
Dealt to Hero [Jh 5s]
Dealt to 95c97255 
8b541fea: folds
Hero: folds
95c97255: folds
fbc943c9: raises $0.1 to $0.15
ca19d1f6: calls $0.1
*** FLOP *** [Qc 5h 6s]
fbc943c9: checks
ca19d1f6: checks
*** TURN *** [Qc 5h 6s] [3d]
fbc943c9: checks
ca19d1f6: checks
*** RIVER *** [Qc 5h 6s 3d] [As]
fbc943c9: checks
ca19d1f6: checks
fbc943c9: shows [Jd Kh] (Ace-High)
ca19d1f6: shows [Kd 8d] (Ace-High)
*** SHOWDOWN ***
fbc943c9 collected $0.29 from pot
*** SUMMARY ***
Total pot $0.3 | Rake $0.01 | Jackpot $0 | Bingo $0 | Fortune $0
Board [Qc 5h 6s 3d As]
Seat 1: fbc943c9 (small blind) showed [Jd Kh] and won ($0.29) with Ace-High
Seat 2: ca19d1f6 (big blind) showed [Kd 8d] and lost with Ace-High
Seat 3: 8b541fea folded before Flop (didn't bet)
Seat 4: Hero folded before Flop (didn't bet)
Seat 6: 95c97255 (button) folded before Flop (didn't bet)


Poker Hand #HD1168528464: Hold'em No Limit  ($0.02/$0.05) - 2023/03/20 18:42:21
Table 'NLHBlue76' 6-max Seat #4 is the button
Seat 1: fbc943c9 ($5 in chips)
Seat 2: ca19d1f6 ($11.25 in chips)
Seat 3: 8b541fea ($7.09 in chips)
Seat 4: Hero ($5.66 in chips)
Seat 6: 95c97255 ($5.02 in chips)
95c97255: posts small blind $0.02
fbc943c9: posts big blind $0.05
*** HOLE CARDS ***
Dealt to fbc943c9 
Dealt to ca19d1f6 
Dealt to 8b541fea 
Dealt to Hero [9c Tc]
Dealt to 95c97255 
ca19d1f6: folds
8b541fea: folds
Hero: raises $0.07 to $0.12
95c97255: folds
fbc943c9: folds
Uncalled bet ($0.07) returned to Hero
*** SHOWDOWN ***
Hero collected $0.12 from pot
*** SUMMARY ***
Total pot $0.12 | Rake $0 | Jackpot $0 | Bingo $0 | Fortune $0
Seat 1: fbc943c9 (big blind) folded before Flop
Seat 2: ca19d1f6 folded before Flop (didn't bet)
Seat 3: 8b541fea folded before Flop (didn't bet)
Seat 4: Hero (button) collected ($0.12)
Seat 6: 95c97255 (small blind) folded before Flop


Poker Hand #HD1168528427: Hold'em No Limit  ($0.02/$0.05) - 2023/03/20 18:42:08
Table 'NLHBlue76' 6-max Seat #3 is the button
Seat 1: fbc943c9 ($5 in chips)
Seat 2: ca19d1f6 ($11.25 in chips)
Seat 3: 8b541fea ($7.09 in chips)
Seat 4: Hero ($5.68 in chips)
Seat 6: 95c97255 ($5 in chips)
Hero: posts small blind $0.02
95c97255: posts big blind $0.05
*** HOLE CARDS ***
Dealt to fbc943c9 
Dealt to ca19d1f6 
Dealt to 8b541fea 
Dealt to Hero [Ks 5d]
Dealt to 95c97255 
fbc943c9: folds
ca19d1f6: folds
8b541fea: folds
Hero: folds
Uncalled bet ($0.03) returned to 95c97255
*** SHOWDOWN ***
95c97255 collected $0.04 from pot
*** SUMMARY ***
Total pot $0.04 | Rake $0 | Jackpot $0 | Bingo $0 | Fortune $0
Seat 1: fbc943c9 folded before Flop (didn't bet)
Seat 2: ca19d1f6 folded before Flop (didn't bet)
Seat 3: 8b541fea (button) folded before Flop (didn't bet)
Seat 4: Hero (small blind) folded before Flop
Seat 6: 95c97255 (big blind) collected ($0.04)


Poker Hand #HD1168528367: Hold'em No Limit  ($0.02/$0.05) - 2023/03/20 18:41:50
Table 'NLHBlue76' 6-max Seat #2 is the button
Seat 1: fbc943c9 ($5 in chips)
Seat 2: ca19d1f6 ($11.18 in chips)
Seat 3: 8b541fea ($7.11 in chips)
Seat 4: Hero ($5.73 in chips)
Seat 5: e5481e3d ($5 in chips)
8b541fea: posts small blind $0.02
Hero: posts big blind $0.05
*** HOLE CARDS ***
Dealt to fbc943c9 
Dealt to ca19d1f6 
Dealt to 8b541fea 
Dealt to Hero [6d 2h]
Dealt to e5481e3d 
e5481e3d: folds
fbc943c9: folds
ca19d1f6: raises $0.08 to $0.13
8b541fea: folds
Hero: folds
Uncalled bet ($0.08) returned to ca19d1f6
*** SHOWDOWN ***
ca19d1f6 collected $0.12 from pot
*** SUMMARY ***
Total pot $0.12 | Rake $0 | Jackpot $0 | Bingo $0 | Fortune $0
Seat 1: fbc943c9 folded before Flop (didn't bet)
Seat 2: ca19d1f6 (button) collected ($0.12)
Seat 3: 8b541fea (small blind) folded before Flop
Seat 4: Hero (big blind) folded before Flop
Seat 5: e5481e3d folded before Flop (didn't bet)


Poker Hand #HD1168528193: Hold'em No Limit  ($0.02/$0.05) - 2023/03/20 18:40:51
Table 'NLHBlue76' 6-max Seat #1 is the button
Seat 1: fbc943c9 ($5 in chips)
Seat 2: ca19d1f6 ($11.2 in chips)
Seat 3: 8b541fea ($7.16 in chips)
Seat 4: Hero ($5.35 in chips)
Seat 5: e5481e3d ($5 in chips)
ca19d1f6: posts small blind $0.02
8b541fea: posts big blind $0.05
*** HOLE CARDS ***
Dealt to fbc943c9 
Dealt to ca19d1f6 
Dealt to 8b541fea 
Dealt to Hero [Qd Ac]
Dealt to e5481e3d 
Hero: raises $0.07 to $0.12
e5481e3d: folds
fbc943c9: raises $0.22 to $0.34
ca19d1f6: folds
8b541fea: folds
Hero: calls $0.22
*** FLOP *** [Jd Kh Qs]
Hero: checks
fbc943c9: checks
*** TURN *** [Jd Kh Qs] [5d]
Hero: bets $0.38
fbc943c9: folds
Uncalled bet ($0.38) returned to Hero
*** SHOWDOWN ***
Hero collected $0.72 from pot
*** SUMMARY ***
Total pot $0.75 | Rake $0.03 | Jackpot $0 | Bingo $0 | Fortune $0
Board [Jd Kh Qs 5d]
Seat 1: fbc943c9 (button) folded on the Turn
Seat 2: ca19d1f6 (small blind) folded before Flop
Seat 3: 8b541fea (big blind) folded before Flop
Seat 4: Hero won ($0.72)
Seat 5: e5481e3d folded before Flop (didn't bet)


Poker Hand #HD1168528149: Hold'em No Limit  ($0.02/$0.05) - 2023/03/20 18:40:34
Table 'NLHBlue76' 6-max Seat #6 is the button
Seat 1: fbc943c9 ($5 in chips)
Seat 2: ca19d1f6 ($11.25 in chips)
Seat 3: 8b541fea ($7.09 in chips)
Seat 4: Hero ($5.35 in chips)
Seat 5: e5481e3d ($5 in chips)
Seat 6: add1b8d9 ($1.14 in chips)
fbc943c9: posts small blind $0.02
ca19d1f6: posts big blind $0.05
*** HOLE CARDS ***
Dealt to fbc943c9 
Dealt to ca19d1f6 
Dealt to 8b541fea 
Dealt to Hero [6s Qd]
Dealt to e5481e3d 
Dealt to add1b8d9 
8b541fea: raises $0.1 to $0.15
Hero: folds
e5481e3d: folds
add1b8d9: folds
fbc943c9: folds
ca19d1f6: folds
Uncalled bet ($0.1) returned to 8b541fea
*** SHOWDOWN ***
8b541fea collected $0.12 from pot
*** SUMMARY ***
Total pot $0.12 | Rake $0 | Jackpot $0 | Bingo $0 | Fortune $0
Seat 1: fbc943c9 (small blind) folded before Flop
Seat 2: ca19d1f6 (big blind) folded before Flop
Seat 3: 8b541fea collected ($0.12)
Seat 4: Hero folded before Flop (didn't bet)
Seat 5: e5481e3d folded before Flop (didn't bet)
Seat 6: add1b8d9 (button) folded before Flop (didn't bet)


Poker Hand #HD1168528112: Hold'em No Limit  ($0.02/$0.05) - 2023/03/20 18:40:19
Table 'NLHBlue76' 6-max Seat #5 is the button
Seat 1: fbc943c9 ($5 in chips)
Seat 2: ca19d1f6 ($11.25 in chips)
Seat 3: 8b541fea ($7.09 in chips)
Seat 4: Hero ($5.35 in chips)
Seat 5: e5481e3d ($5 in chips)
Seat 6: add1b8d9 ($1.09 in chips)
add1b8d9: posts small blind $0.02
fbc943c9: posts big blind $0.05
*** HOLE CARDS ***
Dealt to fbc943c9 
Dealt to ca19d1f6 
Dealt to 8b541fea 
Dealt to Hero [3d 6d]
Dealt to e5481e3d 
Dealt to add1b8d9 
ca19d1f6: folds
8b541fea: folds
Hero: folds
e5481e3d: folds
add1b8d9: raises $0.05 to $0.1
fbc943c9: folds
Uncalled bet ($0.05) returned to add1b8d9
*** SHOWDOWN ***
add1b8d9 collected $0.1 from pot
*** SUMMARY ***
Total pot $0.1 | Rake $0 | Jackpot $0 | Bingo $0 | Fortune $0
Seat 1: fbc943c9 (big blind) folded before Flop
Seat 2: ca19d1f6 folded before Flop (didn't bet)
Seat 3: 8b541fea folded before Flop (didn't bet)
Seat 4: Hero folded before Flop (didn't bet)
Seat 5: e5481e3d (button) folded before Flop (didn't bet)
Seat 6: add1b8d9 (small blind) collected ($0.1)


Poker Hand #HD1168527965: Hold'em No Limit  ($0.02/$0.05) - 2023/03/20 18:39:25
Table 'NLHBlue76' 6-max Seat #4 is the button
Seat 1: fbc943c9 ($5 in chips)
Seat 2: ca19d1f6 ($11.25 in chips)
Seat 3: 8b541fea ($6.88 in chips)
Seat 4: Hero ($5.5 in chips)
Seat 5: e5481e3d ($5 in chips)
Seat 6: add1b8d9 ($1.14 in chips)
e5481e3d: posts small blind $0.02
add1b8d9: posts big blind $0.05
*** HOLE CARDS ***
Dealt to fbc943c9 
Dealt to ca19d1f6 
Dealt to 8b541fea 
Dealt to Hero [Js Qs]
Dealt to e5481e3d 
Dealt to add1b8d9 
fbc943c9: folds
ca19d1f6: folds
8b541fea: raises $0.1 to $0.15
Hero: calls $0.15
e5481e3d: folds
add1b8d9: folds
*** FLOP *** [Td 5h 4c]
8b541fea: bets $0.13
Hero: folds
Uncalled bet ($0.13) returned to 8b541fea
*** SHOWDOWN ***
8b541fea collected $0.36 from pot
*** SUMMARY ***
Total pot $0.37 | Rake $0.01 | Jackpot $0 | Bingo $0 | Fortune $0
Board [Td 5h 4c]
Seat 1: fbc943c9 folded before Flop (didn't bet)
Seat 2: ca19d1f6 folded before Flop (didn't bet)
Seat 3: 8b541fea won ($0.36)
Seat 4: Hero (button) folded on the Flop
Seat 5: e5481e3d (small blind) folded before Flop
Seat 6: add1b8d9 (big blind) folded before Flop


Poker Hand #HD1168527726: Hold'em No Limit  ($0.02/$0.05) - 2023/03/20 18:37:55
Table 'NLHBlue76' 6-max Seat #3 is the button
Seat 1: fbc943c9 ($5 in chips)
Seat 2: ca19d1f6 ($11.25 in chips)
Seat 3: 8b541fea ($6.88 in chips)
Seat 4: Hero ($5.27 in chips)
Seat 5: e5481e3d ($5 in chips)
Seat 6: add1b8d9 ($1.34 in chips)
Hero: posts small blind $0.02
e5481e3d: posts big blind $0.05
*** HOLE CARDS ***
Dealt to fbc943c9 
Dealt to ca19d1f6 
Dealt to 8b541fea 
Dealt to Hero [9c Jc]
Dealt to e5481e3d 
Dealt to add1b8d9 
add1b8d9: calls $0.05
fbc943c9: folds
ca19d1f6: folds
8b541fea: folds
Hero: raises $0.15 to $0.2
e5481e3d: folds
add1b8d9: calls $0.15
*** FLOP *** [Td Tc Qc]
Hero: bets $0.34
add1b8d9: folds
Uncalled bet ($0.34) returned to Hero
Hero: shows [9c Jc] (Pair of Tens)
*** SHOWDOWN ***
Hero collected $0.43 from pot
*** SUMMARY ***
Total pot $0.45 | Rake $0.02 | Jackpot $0 | Bingo $0 | Fortune $0
Board [Td Tc Qc]
Seat 1: fbc943c9 folded before Flop (didn't bet)
Seat 2: ca19d1f6 folded before Flop (didn't bet)
Seat 3: 8b541fea (button) folded before Flop (didn't bet)
Seat 4: Hero (small blind) showed [9c Jc] and won ($0.43) with Pair of Tens
Seat 5: e5481e3d (big blind) folded before Flop
Seat 6: add1b8d9 folded on the Flop


Poker Hand #HD1168527573: Hold'em No Limit  ($0.02/$0.05) - 2023/03/20 18:37:05
Table 'NLHBlue76' 6-max Seat #2 is the button
Seat 1: fbc943c9 ($5.33 in chips)
Seat 2: ca19d1f6 ($11.25 in chips)
Seat 3: 8b541fea ($6.9 in chips)
Seat 4: Hero ($5.32 in chips)
Seat 5: e5481e3d ($5 in chips)
Seat 6: add1b8d9 ($0.67 in chips)
8b541fea: posts small blind $0.02
Hero: posts big blind $0.05
*** HOLE CARDS ***
Dealt to fbc943c9 
Dealt to ca19d1f6 
Dealt to 8b541fea 
Dealt to Hero [9s Jh]
Dealt to e5481e3d 
Dealt to add1b8d9 
e5481e3d: folds
add1b8d9: raises $0.05 to $0.1
fbc943c9: raises $0.19 to $0.29
ca19d1f6: folds
8b541fea: folds
Hero: folds
add1b8d9: raises $0.38 to $0.67 and is all-in
fbc943c9: calls $0.38
add1b8d9: shows [Ac Td]
fbc943c9: shows [6d 7d]
*** FLOP *** [2s Qd Ah]
*** TURN *** [2s Qd Ah] [4h]
*** RIVER *** [2s Qd Ah 4h] [9d]
*** SHOWDOWN ***
add1b8d9 collected $1.34 from pot
*** SUMMARY ***
Total pot $1.41 | Rake $0.07 | Jackpot $0 | Bingo $0 | Fortune $0
Board [2s Qd Ah 4h 9d]
Seat 1: fbc943c9 showed [6d 7d] and lost with Ace-High
Seat 2: ca19d1f6 (button) folded before Flop (didn't bet)
Seat 3: 8b541fea (small blind) folded before Flop
Seat 4: Hero (big blind) folded before Flop
Seat 5: e5481e3d folded before Flop (didn't bet)
Seat 6: add1b8d9 showed [Ac Td] and won ($1.34) with Pair of Aces


Poker Hand #HD1168527419: Hold'em No Limit  ($0.02/$0.05) - 2023/03/20 18:36:13
Table 'NLHBlue76' 6-max Seat #1 is the button
Seat 1: fbc943c9 ($5.08 in chips)
Seat 2: ca19d1f6 ($11.27 in chips)
Seat 3: 8b541fea ($7.16 in chips)
Seat 4: Hero ($5.32 in chips)
Seat 5: e5481e3d ($5 in chips)
Seat 6: add1b8d9 ($0.67 in chips)
ca19d1f6: posts small blind $0.02
8b541fea: posts big blind $0.05
*** HOLE CARDS ***
Dealt to fbc943c9 
Dealt to ca19d1f6 
Dealt to 8b541fea 
Dealt to Hero [Kh 8d]
Dealt to e5481e3d 
Dealt to add1b8d9 
Hero: folds
e5481e3d: folds
add1b8d9: folds
fbc943c9: raises $0.1 to $0.15
ca19d1f6: folds
8b541fea: calls $0.1
*** FLOP *** [6c 3d 5d]
8b541fea: checks
fbc943c9: bets $0.11
8b541fea: calls $0.11
*** TURN *** [6c 3d 5d] [Ah]
8b541fea: checks
fbc943c9: bets $0.25
8b541fea: folds
Uncalled bet ($0.25) returned to fbc943c9
*** SHOWDOWN ***
fbc943c9 collected $0.51 from pot
*** SUMMARY ***
Total pot $0.54 | Rake $0.03 | Jackpot $0 | Bingo $0 | Fortune $0
Board [6c 3d 5d Ah]
Seat 1: fbc943c9 (button) won ($0.51)
Seat 2: ca19d1f6 (small blind) folded before Flop
Seat 3: 8b541fea (big blind) folded on the Turn
Seat 4: Hero folded before Flop (didn't bet)
Seat 5: e5481e3d folded before Flop (didn't bet)
Seat 6: add1b8d9 folded before Flop (didn't bet)


Poker Hand #HD1168527361: Hold'em No Limit  ($0.02/$0.05) - 2023/03/20 18:35:50
Table 'NLHBlue76' 6-max Seat #6 is the button
Seat 1: fbc943c9 ($5.1 in chips)
Seat 2: ca19d1f6 ($11.32 in chips)
Seat 3: 8b541fea ($7.16 in chips)
Seat 4: Hero ($5.25 in chips)
Seat 5: e5481e3d ($5 in chips)
Seat 6: add1b8d9 ($0.67 in chips)
fbc943c9: posts small blind $0.02
ca19d1f6: posts big blind $0.05
*** HOLE CARDS ***
Dealt to fbc943c9 
Dealt to ca19d1f6 
Dealt to 8b541fea 
Dealt to Hero [Ac 6c]
Dealt to e5481e3d 
Dealt to add1b8d9 
8b541fea: folds
Hero: raises $0.07 to $0.12
e5481e3d: folds
add1b8d9: folds
fbc943c9: folds
ca19d1f6: folds
Uncalled bet ($0.07) returned to Hero
*** SHOWDOWN ***
Hero collected $0.12 from pot
*** SUMMARY ***
Total pot $0.12 | Rake $0 | Jackpot $0 | Bingo $0 | Fortune $0
Seat 1: fbc943c9 (small blind) folded before Flop
Seat 2: ca19d1f6 (big blind) folded before Flop
Seat 3: 8b541fea folded before Flop (didn't bet)
Seat 4: Hero collected ($0.12)
Seat 5: e5481e3d folded before Flop (didn't bet)
Seat 6: add1b8d9 (button) folded before Flop (didn't bet)


Poker Hand #HD1168527057: Hold'em No Limit  ($0.02/$0.05) - 2023/03/20 18:34:06
Table 'NLHBlue76' 6-max Seat #5 is the button
Seat 1: fbc943c9 ($5.15 in chips)
Seat 2: ca19d1f6 ($11.32 in chips)
Seat 3: 8b541fea ($5.19 in chips)
Seat 4: Hero ($5.25 in chips)
Seat 5: e5481e3d ($6.47 in chips)
Seat 6: add1b8d9 ($0.69 in chips)
add1b8d9: posts small blind $0.02
fbc943c9: posts big blind $0.05
*** HOLE CARDS ***
Dealt to fbc943c9 
Dealt to ca19d1f6 
Dealt to 8b541fea 
Dealt to Hero [9d 6d]
Dealt to e5481e3d 
Dealt to add1b8d9 
ca19d1f6: folds
8b541fea: raises $0.1 to $0.15
Hero: folds
e5481e3d: raises $0.3 to $0.45
add1b8d9: folds
fbc943c9: folds
8b541fea: calls $0.3
*** FLOP *** [8h 8c 5d]
8b541fea: checks
e5481e3d: bets $0.39
8b541fea: calls $0.39
*** TURN *** [8h 8c 5d] [Kh]
8b541fea: checks
e5481e3d: checks
*** RIVER *** [8h 8c 5d Kh] [9c]
8b541fea: bets $1.32
e5481e3d: calls $1.32
8b541fea: shows [Ad Ks] (Pair of Kings and Pair of Eights)
e5481e3d: shows [Jd Jh] (Pair of Jacks and Pair of Eights)
*** SHOWDOWN ***
8b541fea collected $4.13 from pot
*** SUMMARY ***
Total pot $4.39 | Rake $0.21 | Jackpot $0.05 | Bingo $0 | Fortune $0
Board [8h 8c 5d Kh 9c]
Seat 1: fbc943c9 (big blind) folded before Flop
Seat 2: ca19d1f6 folded before Flop (didn't bet)
Seat 3: 8b541fea showed [Ad Ks] and won ($4.13) with Pair of Kings and Pair of Eights
Seat 4: Hero folded before Flop (didn't bet)
Seat 5: e5481e3d (button) showed [Jd Jh] and lost with Pair of Jacks and Pair of Eights
Seat 6: add1b8d9 (small blind) folded before Flop


Poker Hand #HD1168526942: Hold'em No Limit  ($0.02/$0.05) - 2023/03/20 18:33:24
Table 'NLHBlue76' 6-max Seat #4 is the button
Seat 1: fbc943c9 ($5.15 in chips)
Seat 2: ca19d1f6 ($11.45 in chips)
Seat 3: 8b541fea ($5 in chips)
Seat 4: Hero ($5.25 in chips)
Seat 5: e5481e3d ($6.49 in chips)
Seat 6: add1b8d9 ($0.74 in chips)
e5481e3d: posts small blind $0.02
add1b8d9: posts big blind $0.05
*** HOLE CARDS ***
Dealt to fbc943c9 
Dealt to ca19d1f6 
Dealt to 8b541fea 
Dealt to Hero [8h 7h]
Dealt to e5481e3d 
Dealt to add1b8d9 
fbc943c9: folds
ca19d1f6: raises $0.08 to $0.13
8b541fea: raises $0.32 to $0.45
Hero: folds
e5481e3d: folds
add1b8d9: folds
ca19d1f6: folds
Uncalled bet ($0.32) returned to 8b541fea
*** SHOWDOWN ***
8b541fea collected $0.32 from pot
*** SUMMARY ***
Total pot $0.33 | Rake $0.01 | Jackpot $0 | Bingo $0 | Fortune $0
Seat 1: fbc943c9 folded before Flop (didn't bet)
Seat 2: ca19d1f6 folded before Flop
Seat 3: 8b541fea collected ($0.32)
Seat 4: Hero (button) folded before Flop (didn't bet)
Seat 5: e5481e3d (small blind) folded before Flop
Seat 6: add1b8d9 (big blind) folded before Flop


Poker Hand #HD1168526652: Hold'em No Limit  ($0.02/$0.05) - 2023/03/20 18:31:38
Table 'NLHBlue76' 6-max Seat #3 is the button
Seat 1: fbc943c9 ($5.15 in chips)
Seat 2: ca19d1f6 ($11.45 in chips)
Seat 3: 8b541fea ($5.23 in chips)
Seat 4: Hero ($5.27 in chips)
Seat 5: e5481e3d ($6.02 in chips)
Seat 6: add1b8d9 ($0.74 in chips)
Hero: posts small blind $0.02
e5481e3d: posts big blind $0.05
*** HOLE CARDS ***
Dealt to fbc943c9 
Dealt to ca19d1f6 
Dealt to 8b541fea 
Dealt to Hero [Qc 8c]
Dealt to e5481e3d 
Dealt to add1b8d9 
add1b8d9: folds
fbc943c9: folds
ca19d1f6: folds
8b541fea: raises $0.1 to $0.15
Hero: folds
e5481e3d: calls $0.1
*** FLOP *** [8s 2h Tc]
e5481e3d: checks
8b541fea: bets $0.11
e5481e3d: raises $0.24 to $0.35
8b541fea: calls $0.24
*** TURN *** [8s 2h Tc] [9c]
e5481e3d: checks
8b541fea: checks
*** RIVER *** [8s 2h Tc 9c] [2d]
e5481e3d: bets $0.74
8b541fea: folds
Uncalled bet ($0.74) returned to e5481e3d
*** SHOWDOWN ***
e5481e3d collected $0.97 from pot
*** SUMMARY ***
Total pot $1.02 | Rake $0.05 | Jackpot $0 | Bingo $0 | Fortune $0
Board [8s 2h Tc 9c 2d]
Seat 1: fbc943c9 folded before Flop (didn't bet)
Seat 2: ca19d1f6 folded before Flop (didn't bet)
Seat 3: 8b541fea (button) folded on the River
Seat 4: Hero (small blind) folded before Flop
Seat 5: e5481e3d (big blind) won ($0.97)
Seat 6: add1b8d9 folded before Flop (didn't bet)


Poker Hand #HD1168526544: Hold'em No Limit  ($0.02/$0.05) - 2023/03/20 18:30:59
Table 'NLHBlue76' 6-max Seat #2 is the button
Seat 1: fbc943c9 ($5 in chips)
Seat 2: ca19d1f6 ($11.45 in chips)
Seat 3: 8b541fea ($5.25 in chips)
Seat 4: Hero ($5.42 in chips)
Seat 5: e5481e3d ($6.02 in chips)
Seat 6: add1b8d9 ($0.74 in chips)
8b541fea: posts small blind $0.02
Hero: posts big blind $0.05
*** HOLE CARDS ***
Dealt to fbc943c9 
Dealt to ca19d1f6 
Dealt to 8b541fea 
Dealt to Hero [Kh 4h]
Dealt to e5481e3d 
Dealt to add1b8d9 
e5481e3d: folds
add1b8d9: folds
fbc943c9: raises $0.1 to $0.15
ca19d1f6: folds
8b541fea: folds
Hero: calls $0.1
*** FLOP *** [Qs Ts 6d]
Hero: checks
fbc943c9: bets $0.11
Hero: folds
Uncalled bet ($0.11) returned to fbc943c9
*** SHOWDOWN ***
fbc943c9 collected $0.3 from pot
*** SUMMARY ***
Total pot $0.32 | Rake $0.02 | Jackpot $0 | Bingo $0 | Fortune $0
Board [Qs Ts 6d]
Seat 1: fbc943c9 won ($0.3)
Seat 2: ca19d1f6 (button) folded before Flop (didn't bet)
Seat 3: 8b541fea (small blind) folded before Flop
Seat 4: Hero (big blind) folded on the Flop
Seat 5: e5481e3d folded before Flop (didn't bet)
Seat 6: add1b8d9 folded before Flop (didn't bet)


Poker Hand #HD1168526331: Hold'em No Limit  ($0.02/$0.05) - 2023/03/20 18:29:51
Table 'NLHBlue76' 6-max Seat #1 is the button
Seat 1: fbc943c9 ($5.87 in chips)
Seat 2: ca19d1f6 ($6.08 in chips)
Seat 3: 8b541fea ($5.3 in chips)
Seat 4: Hero ($5.42 in chips)
Seat 5: e5481e3d ($6.02 in chips)
Seat 6: add1b8d9 ($0.74 in chips)
ca19d1f6: posts small blind $0.02
8b541fea: posts big blind $0.05
*** HOLE CARDS ***
Dealt to fbc943c9 
Dealt to ca19d1f6 
Dealt to 8b541fea 
Dealt to Hero [8c 3s]
Dealt to e5481e3d 
Dealt to add1b8d9 
Hero: folds
e5481e3d: folds
add1b8d9: folds
fbc943c9: raises $0.1 to $0.15
ca19d1f6: calls $0.13
8b541fea: folds
*** FLOP *** [Jh 4d Tc]
ca19d1f6: checks
fbc943c9: bets $0.16
ca19d1f6: raises $0.34 to $0.5
fbc943c9: calls $0.34
*** TURN *** [Jh 4d Tc] [7d]
ca19d1f6: bets $1.04
fbc943c9: raises $1.14 to $2.18
ca19d1f6: calls $1.14
*** RIVER *** [Jh 4d Tc 7d] [Ts]
ca19d1f6: bets $3.25 and is all-in
fbc943c9: calls $3.04 and is all-in
Uncalled bet ($0.21) returned to ca19d1f6
ca19d1f6: shows [Td Jd] (Tens Full over Jacks)
fbc943c9: shows [9c 8s] (Jacks-High Straight)
*** SHOWDOWN ***
ca19d1f6 collected $11.24 from pot
*** SUMMARY ***
Total pot $11.79 | Rake $0.5 | Jackpot $0.05 | Bingo $0 | Fortune $0
Board [Jh 4d Tc 7d Ts]
Seat 1: fbc943c9 (button) showed [9c 8s] and lost with Jacks-High Straight
Seat 2: ca19d1f6 (small blind) showed [Td Jd] and won ($11.24) with Tens Full over Jacks
Seat 3: 8b541fea (big blind) folded before Flop
Seat 4: Hero folded before Flop (didn't bet)
Seat 5: e5481e3d folded before Flop (didn't bet)
Seat 6: add1b8d9 folded before Flop (didn't bet)


Poker Hand #HD1168526202: Hold'em No Limit  ($0.02/$0.05) - 2023/03/20 18:29:02
Table 'NLHBlue76' 6-max Seat #6 is the button
Seat 1: fbc943c9 ($5.99 in chips)
Seat 2: ca19d1f6 ($6.13 in chips)
Seat 3: 8b541fea ($5.3 in chips)
Seat 4: Hero ($5.26 in chips)
Seat 5: e5481e3d ($6.02 in chips)
Seat 6: add1b8d9 ($0.74 in chips)
fbc943c9: posts small blind $0.02
ca19d1f6: posts big blind $0.05
*** HOLE CARDS ***
Dealt to fbc943c9 
Dealt to ca19d1f6 
Dealt to 8b541fea 
Dealt to Hero [Th Jh]
Dealt to e5481e3d 
Dealt to add1b8d9 
8b541fea: folds
Hero: raises $0.07 to $0.12
e5481e3d: folds
add1b8d9: folds
fbc943c9: calls $0.1
ca19d1f6: folds
*** FLOP *** [2c 4h As]
fbc943c9: checks
Hero: checks
*** TURN *** [2c 4h As] [Qd]
fbc943c9: checks
Hero: bets $0.15
fbc943c9: folds
Uncalled bet ($0.15) returned to Hero
*** SHOWDOWN ***
Hero collected $0.28 from pot
*** SUMMARY ***
Total pot $0.29 | Rake $0.01 | Jackpot $0 | Bingo $0 | Fortune $0
Board [2c 4h As Qd]
Seat 1: fbc943c9 (small blind) folded on the Turn
Seat 2: ca19d1f6 (big blind) folded before Flop
Seat 3: 8b541fea folded before Flop (didn't bet)
Seat 4: Hero won ($0.28)
Seat 5: e5481e3d folded before Flop (didn't bet)
Seat 6: add1b8d9 (button) folded before Flop (didn't bet)


Poker Hand #HD1168526062: Hold'em No Limit  ($0.02/$0.05) - 2023/03/20 18:28:16
Table 'NLHBlue76' 6-max Seat #5 is the button
Seat 1: fbc943c9 ($6.04 in chips)
Seat 2: ca19d1f6 ($6.13 in chips)
Seat 3: 8b541fea ($5.23 in chips)
Seat 4: Hero ($5.26 in chips)
Seat 5: e5481e3d ($6.02 in chips)
Seat 6: add1b8d9 ($0.76 in chips)
add1b8d9: posts small blind $0.02
fbc943c9: posts big blind $0.05
*** HOLE CARDS ***
Dealt to fbc943c9 
Dealt to ca19d1f6 
Dealt to 8b541fea 
Dealt to Hero [7s 3c]
Dealt to e5481e3d 
Dealt to add1b8d9 
ca19d1f6: folds
8b541fea: raises $0.1 to $0.15
Hero: folds
e5481e3d: folds
add1b8d9: folds
fbc943c9: folds
Uncalled bet ($0.1) returned to 8b541fea
*** SHOWDOWN ***
8b541fea collected $0.12 from pot
*** SUMMARY ***
Total pot $0.12 | Rake $0 | Jackpot $0 | Bingo $0 | Fortune $0
Seat 1: fbc943c9 (big blind) folded before Flop
Seat 2: ca19d1f6 folded before Flop (didn't bet)
Seat 3: 8b541fea collected ($0.12)
Seat 4: Hero folded before Flop (didn't bet)
Seat 5: e5481e3d (button) folded before Flop (didn't bet)
Seat 6: add1b8d9 (small blind) folded before Flop


Poker Hand #HD1168526038: Hold'em No Limit  ($0.02/$0.05) - 2023/03/20 18:28:05
Table 'NLHBlue76' 6-max Seat #4 is the button
Seat 1: fbc943c9 ($6.04 in chips)
Seat 2: ca19d1f6 ($6.13 in chips)
Seat 3: 8b541fea ($5.23 in chips)
Seat 4: Hero ($5.26 in chips)
Seat 5: e5481e3d ($6.04 in chips)
Seat 6: add1b8d9 ($0.74 in chips)
e5481e3d: posts small blind $0.02
add1b8d9: posts big blind $0.05
*** HOLE CARDS ***
Dealt to fbc943c9 
Dealt to ca19d1f6 
Dealt to 8b541fea 
Dealt to Hero [Kc 6s]
Dealt to e5481e3d 
Dealt to add1b8d9 
fbc943c9: folds
ca19d1f6: folds
8b541fea: folds
Hero: folds
e5481e3d: folds
Uncalled bet ($0.03) returned to add1b8d9
*** SHOWDOWN ***
add1b8d9 collected $0.04 from pot
*** SUMMARY ***
Total pot $0.04 | Rake $0 | Jackpot $0 | Bingo $0 | Fortune $0
Seat 1: fbc943c9 folded before Flop (didn't bet)
Seat 2: ca19d1f6 folded before Flop (didn't bet)
Seat 3: 8b541fea folded before Flop (didn't bet)
Seat 4: Hero (button) folded before Flop (didn't bet)
Seat 5: e5481e3d (small blind) folded before Flop
Seat 6: add1b8d9 (big blind) collected ($0.04)


Poker Hand #HD1168525977: Hold'em No Limit  ($0.02/$0.05) - 2023/03/20 18:27:47
Table 'NLHBlue76' 6-max Seat #3 is the button
Seat 1: fbc943c9 ($6.04 in chips)
Seat 2: ca19d1f6 ($6.13 in chips)
Seat 3: 8b541fea ($5.23 in chips)
Seat 4: Hero ($5.28 in chips)
Seat 5: e5481e3d ($6.02 in chips)
Seat 6: add1b8d9 ($0.74 in chips)
Hero: posts small blind $0.02
e5481e3d: posts big blind $0.05
*** HOLE CARDS ***
Dealt to fbc943c9 
Dealt to ca19d1f6 
Dealt to 8b541fea 
Dealt to Hero [6c Ts]
Dealt to e5481e3d 
Dealt to add1b8d9 
add1b8d9: folds
fbc943c9: folds
ca19d1f6: folds
8b541fea: folds
Hero: folds
Uncalled bet ($0.03) returned to e5481e3d
*** SHOWDOWN ***
e5481e3d collected $0.04 from pot
*** SUMMARY ***
Total pot $0.04 | Rake $0 | Jackpot $0 | Bingo $0 | Fortune $0
Seat 1: fbc943c9 folded before Flop (didn't bet)
Seat 2: ca19d1f6 folded before Flop (didn't bet)
Seat 3: 8b541fea (button) folded before Flop (didn't bet)
Seat 4: Hero (small blind) folded before Flop
Seat 5: e5481e3d (big blind) collected ($0.04)
Seat 6: add1b8d9 folded before Flop (didn't bet)


Poker Hand #HD1168525861: Hold'em No Limit  ($0.02/$0.05) - 2023/03/20 18:27:10
Table 'NLHBlue76' 6-max Seat #2 is the button
Seat 1: fbc943c9 ($6.04 in chips)
Seat 2: ca19d1f6 ($6.13 in chips)
Seat 3: 8b541fea ($5.25 in chips)
Seat 4: Hero ($5.26 in chips)
Seat 5: e5481e3d ($6.02 in chips)
Seat 6: add1b8d9 ($0.74 in chips)
8b541fea: posts small blind $0.02
Hero: posts big blind $0.05
*** HOLE CARDS ***
Dealt to fbc943c9 
Dealt to ca19d1f6 
Dealt to 8b541fea 
Dealt to Hero [6d 6h]
Dealt to e5481e3d 
Dealt to add1b8d9 
e5481e3d: folds
add1b8d9: folds
fbc943c9: folds
ca19d1f6: folds
8b541fea: folds
Uncalled bet ($0.03) returned to Hero
*** SHOWDOWN ***
Hero collected $0.04 from pot
*** SUMMARY ***
Total pot $0.04 | Rake $0 | Jackpot $0 | Bingo $0 | Fortune $0
Seat 1: fbc943c9 folded before Flop (didn't bet)
Seat 2: ca19d1f6 (button) folded before Flop (didn't bet)
Seat 3: 8b541fea (small blind) folded before Flop
Seat 4: Hero (big blind) collected ($0.04)
Seat 5: e5481e3d folded before Flop (didn't bet)
Seat 6: add1b8d9 folded before Flop (didn't bet)


Poker Hand #HD1168525703: Hold'em No Limit  ($0.02/$0.05) - 2023/03/20 18:26:16
Table 'NLHBlue76' 6-max Seat #1 is the button
Seat 1: fbc943c9 ($6.04 in chips)
Seat 2: ca19d1f6 ($6.15 in chips)
Seat 3: 8b541fea ($5.3 in chips)
Seat 4: Hero ($5.26 in chips)
Seat 5: e5481e3d ($5.57 in chips)
Seat 6: add1b8d9 ($1.16 in chips)
ca19d1f6: posts small blind $0.02
8b541fea: posts big blind $0.05
*** HOLE CARDS ***
Dealt to fbc943c9 
Dealt to ca19d1f6 
Dealt to 8b541fea 
Dealt to Hero [9s 7c]
Dealt to e5481e3d 
Dealt to add1b8d9 
Hero: folds
e5481e3d: raises $0.05 to $0.1
add1b8d9: raises $0.09 to $0.19
fbc943c9: folds
ca19d1f6: folds
8b541fea: folds
e5481e3d: calls $0.09
*** FLOP *** [5c Tc 6c]
e5481e3d: checks
add1b8d9: bets $0.23
e5481e3d: calls $0.23
*** TURN *** [5c Tc 6c] [Js]
e5481e3d: checks
add1b8d9: checks
*** RIVER *** [5c Tc 6c Js] [Jc]
e5481e3d: checks
add1b8d9: checks
e5481e3d: shows [Td 9d] (Pair of Jacks and Pair of Tens)
add1b8d9: shows [4s 4h] (Pair of Jacks and Pair of Fours)
*** SHOWDOWN ***
e5481e3d collected $0.87 from pot
*** SUMMARY ***
Total pot $0.91 | Rake $0.04 | Jackpot $0 | Bingo $0 | Fortune $0
Board [5c Tc 6c Js Jc]
Seat 1: fbc943c9 (button) folded before Flop (didn't bet)
Seat 2: ca19d1f6 (small blind) folded before Flop
Seat 3: 8b541fea (big blind) folded before Flop
Seat 4: Hero folded before Flop (didn't bet)
Seat 5: e5481e3d showed [Td 9d] and won ($0.87) with Pair of Jacks and Pair of Tens
Seat 6: add1b8d9 showed [4s 4h] and lost with Pair of Jacks and Pair of Fours


Poker Hand #HD1168455624: Hold'em No Limit  ($0.02/$0.05) - 2023/03/20 18:25:52
Table 'NLHBlue76' 6-max Seat #6 is the button
Seat 1: fbc943c9 ($6.06 in chips)
Seat 2: ca19d1f6 ($6.2 in chips)
Seat 3: 8b541fea ($5.3 in chips)
Seat 4: Hero ($5.19 in chips)
Seat 5: e5481e3d ($5.57 in chips)
Seat 6: add1b8d9 ($1.16 in chips)
fbc943c9: posts small blind $0.02
ca19d1f6: posts big blind $0.05
*** HOLE CARDS ***
Dealt to fbc943c9 
Dealt to ca19d1f6 
Dealt to 8b541fea 
Dealt to Hero [Ah Ac]
Dealt to e5481e3d 
Dealt to add1b8d9 
8b541fea: folds
Hero: raises $0.07 to $0.12
e5481e3d: folds
add1b8d9: folds
fbc943c9: folds
ca19d1f6: folds
Uncalled bet ($0.07) returned to Hero
*** SHOWDOWN ***
Hero collected $0.12 from pot
*** SUMMARY ***
Total pot $0.12 | Rake $0 | Jackpot $0 | Bingo $0 | Fortune $0
Seat 1: fbc943c9 (small blind) folded before Flop
Seat 2: ca19d1f6 (big blind) folded before Flop
Seat 3: 8b541fea folded before Flop (didn't bet)
Seat 4: Hero collected ($0.12)
Seat 5: e5481e3d folded before Flop (didn't bet)
Seat 6: add1b8d9 (button) folded before Flop (didn't bet)


Poker Hand #HD1168455448: Hold'em No Limit  ($0.02/$0.05) - 2023/03/20 18:24:48
Table 'NLHBlue76' 6-max Seat #5 is the button
Seat 1: fbc943c9 ($5.76 in chips)
Seat 2: ca19d1f6 ($6.2 in chips)
Seat 3: 8b541fea ($5.45 in chips)
Seat 4: Hero ($5.19 in chips)
Seat 5: e5481e3d ($5.72 in chips)
Seat 6: add1b8d9 ($1.18 in chips)
add1b8d9: posts small blind $0.02
fbc943c9: posts big blind $0.05
*** HOLE CARDS ***
Dealt to fbc943c9 
Dealt to ca19d1f6 
Dealt to 8b541fea 
Dealt to Hero [Kh 6c]
Dealt to e5481e3d 
Dealt to add1b8d9 
ca19d1f6: folds
8b541fea: raises $0.1 to $0.15
Hero: folds
e5481e3d: calls $0.15
add1b8d9: folds
fbc943c9: calls $0.1
*** FLOP *** [Ts Kc Qd]
fbc943c9: checks
8b541fea: checks
e5481e3d: checks
*** TURN *** [Ts Kc Qd] [9s]
fbc943c9: checks
8b541fea: checks
e5481e3d: checks
*** RIVER *** [Ts Kc Qd 9s] [4s]
fbc943c9: bets $0.22
8b541fea: folds
e5481e3d: folds
Uncalled bet ($0.22) returned to fbc943c9
*** SHOWDOWN ***
fbc943c9 collected $0.45 from pot
*** SUMMARY ***
Total pot $0.47 | Rake $0.02 | Jackpot $0 | Bingo $0 | Fortune $0
Board [Ts Kc Qd 9s 4s]
Seat 1: fbc943c9 (big blind) won ($0.45)
Seat 2: ca19d1f6 folded before Flop (didn't bet)
Seat 3: 8b541fea folded on the River
Seat 4: Hero folded before Flop (didn't bet)
Seat 5: e5481e3d (button) folded on the River
Seat 6: add1b8d9 (small blind) folded before Flop


Poker Hand #HD1168455299: Hold'em No Limit  ($0.02/$0.05) - 2023/03/20 18:23:59
Table 'NLHBlue76' 6-max Seat #4 is the button
Seat 1: fbc943c9 ($5.76 in chips)
Seat 2: ca19d1f6 ($6.2 in chips)
Seat 3: 8b541fea ($5.29 in chips)
Seat 4: Hero ($5.19 in chips)
Seat 5: e5481e3d ($5.74 in chips)
Seat 6: add1b8d9 ($1.33 in chips)
e5481e3d: posts small blind $0.02
add1b8d9: posts big blind $0.05
*** HOLE CARDS ***
Dealt to fbc943c9 
Dealt to ca19d1f6 
Dealt to 8b541fea 
Dealt to Hero [4d 9h]
Dealt to e5481e3d 
Dealt to add1b8d9 
fbc943c9: folds
ca19d1f6: folds
8b541fea: raises $0.1 to $0.15
Hero: folds
e5481e3d: folds
add1b8d9: calls $0.1
*** FLOP *** [Jd 5d Ts]
add1b8d9: checks
8b541fea: bets $0.11
add1b8d9: folds
Uncalled bet ($0.11) returned to 8b541fea
*** SHOWDOWN ***
8b541fea collected $0.31 from pot
*** SUMMARY ***
Total pot $0.32 | Rake $0.01 | Jackpot $0 | Bingo $0 | Fortune $0
Board [Jd 5d Ts]
Seat 1: fbc943c9 folded before Flop (didn't bet)
Seat 2: ca19d1f6 folded before Flop (didn't bet)
Seat 3: 8b541fea won ($0.31)
Seat 4: Hero (button) folded before Flop (didn't bet)
Seat 5: e5481e3d (small blind) folded before Flop
Seat 6: add1b8d9 (big blind) folded on the Flop


Poker Hand #HD1168455204: Hold'em No Limit  ($0.02/$0.05) - 2023/03/20 18:23:28
Table 'NLHBlue76' 6-max Seat #3 is the button
Seat 1: fbc943c9 ($5.76 in chips)
Seat 2: ca19d1f6 ($6.2 in chips)
Seat 3: 8b541fea ($5.44 in chips)
Seat 4: Hero ($5 in chips)
Seat 5: e5481e3d ($5.79 in chips)
Seat 6: add1b8d9 ($1.33 in chips)
Hero: posts small blind $0.02
e5481e3d: posts big blind $0.05
*** HOLE CARDS ***
Dealt to fbc943c9 
Dealt to ca19d1f6 
Dealt to 8b541fea 
Dealt to Hero [Kd Td]
Dealt to e5481e3d 
Dealt to add1b8d9 
add1b8d9: folds
fbc943c9: folds
ca19d1f6: folds
8b541fea: raises $0.1 to $0.15
Hero: raises $0.51 to $0.66
e5481e3d: folds
8b541fea: folds
Uncalled bet ($0.51) returned to Hero
*** SHOWDOWN ***
Hero collected $0.34 from pot
*** SUMMARY ***
Total pot $0.35 | Rake $0.01 | Jackpot $0 | Bingo $0 | Fortune $0
Seat 1: fbc943c9 folded before Flop (didn't bet)
Seat 2: ca19d1f6 folded before Flop (didn't bet)
Seat 3: 8b541fea (button) folded before Flop
Seat 4: Hero (small blind) collected ($0.34)
Seat 5: e5481e3d (big blind) folded before Flop
Seat 6: add1b8d9 folded before Flop (didn't bet)


Poker Hand #HD1168455133: Hold'em No Limit  ($0.02/$0.05) - 2023/03/20 18:23:02
Table 'NLHBlue76' 6-max Seat #2 is the button
Seat 1: fbc943c9 ($5.76 in chips)
Seat 2: ca19d1f6 ($6.13 in chips)
Seat 3: 8b541fea ($5.46 in chips)
Seat 4: Hero ($5 in chips)
Seat 5: e5481e3d ($5.79 in chips)
Seat 6: add1b8d9 ($1.33 in chips)
8b541fea: posts small blind $0.02
Hero: posts big blind $0.05
*** HOLE CARDS ***
Dealt to fbc943c9 
Dealt to ca19d1f6 
Dealt to 8b541fea 
Dealt to Hero [8c 7s]
Dealt to e5481e3d 
Dealt to add1b8d9 
e5481e3d: folds
add1b8d9: folds
fbc943c9: folds
ca19d1f6: raises $0.08 to $0.13
8b541fea: folds
Hero: folds
Uncalled bet ($0.08) returned to ca19d1f6
*** SHOWDOWN ***
ca19d1f6 collected $0.12 from pot
*** SUMMARY ***
Total pot $0.12 | Rake $0 | Jackpot $0 | Bingo $0 | Fortune $0
Seat 1: fbc943c9 folded before Flop (didn't bet)
Seat 2: ca19d1f6 (button) collected ($0.12)
Seat 3: 8b541fea (small blind) folded before Flop
Seat 4: Hero (big blind) folded before Flop
Seat 5: e5481e3d folded before Flop (didn't bet)
Seat 6: add1b8d9 folded before Flop (didn't bet)


