Poker Hand #HD1208391214: Hold'em No Limit  ($0.02/$0.05) - 2023/04/18 20:45:50
Table 'NLHBlue12' 6-max Seat #3 is the button
Seat 1: 6f16023 ($5 in chips)
Seat 3: 38ee893 ($5.23 in chips)
Seat 4: 663a3ffd ($6.9 in chips)
Seat 5: 761111b0 ($6.2 in chips)
Seat 6: Hero ($6.29 in chips)
663a3ffd: posts small blind $0.02
761111b0: posts big blind $0.05
*** HOLE CARDS ***
Dealt to 6f16023 
Dealt to 38ee893 
Dealt to 663a3ffd 
Dealt to 761111b0 
Dealt to Hero [3h 5h]
Hero: folds
6f16023: folds
38ee893: folds
663a3ffd: folds
Uncalled bet ($0.03) returned to 761111b0
*** SHOWDOWN ***
761111b0 collected $0.04 from pot
*** SUMMARY ***
Total pot $0.04 | Rake $0 | Jackpot $0 | Bingo $0 | Fortune $0
Seat 1: 6f16023 folded before Flop (didn't bet)
Seat 3: 38ee893 (button) folded before Flop (didn't bet)
Seat 4: 663a3ffd (small blind) folded before Flop
Seat 5: 761111b0 (big blind) collected ($0.04)
Seat 6: Hero folded before Flop (didn't bet)


Poker Hand #HD1208391147: Hold'em No Limit  ($0.02/$0.05) - 2023/04/18 20:45:15
Table 'NLHBlue12' 6-max Seat #1 is the button
Seat 1: 6f16023 ($5 in chips)
Seat 3: 38ee893 ($5.25 in chips)
Seat 4: 663a3ffd ($6.77 in chips)
Seat 5: 761111b0 ($6.2 in chips)
Seat 6: Hero ($6.41 in chips)
38ee893: posts small blind $0.02
663a3ffd: posts big blind $0.05
*** HOLE CARDS ***
Dealt to 6f16023 
Dealt to 38ee893 
Dealt to 663a3ffd 
Dealt to 761111b0 
Dealt to Hero [7d 8d]
761111b0: folds
Hero: raises $0.07 to $0.12
6f16023: folds
38ee893: folds
663a3ffd: calls $0.07
*** FLOP *** [Ac 9c Ks]
663a3ffd: checks
Hero: checks
*** TURN *** [Ac 9c Ks] [Js]
663a3ffd: checks
Hero: checks
*** RIVER *** [Ac 9c Ks Js] [6c]
663a3ffd: bets $0.2
Hero: folds
Uncalled bet ($0.2) returned to 663a3ffd
*** SHOWDOWN ***
663a3ffd collected $0.25 from pot
*** SUMMARY ***
Total pot $0.26 | Rake $0.01 | Jackpot $0 | Bingo $0 | Fortune $0
Board [Ac 9c Ks Js 6c]
Seat 1: 6f16023 (button) folded before Flop (didn't bet)
Seat 3: 38ee893 (small blind) folded before Flop
Seat 4: 663a3ffd (big blind) won ($0.25)
Seat 5: 761111b0 folded before Flop (didn't bet)
Seat 6: Hero folded on the River


Poker Hand #HD1208391070: Hold'em No Limit  ($0.02/$0.05) - 2023/04/18 20:44:38
Table 'NLHBlue12' 6-max Seat #6 is the button
Seat 1: 6f16023 ($5 in chips)
Seat 3: 38ee893 ($5.35 in chips)
Seat 4: 663a3ffd ($6.66 in chips)
Seat 5: 761111b0 ($6.2 in chips)
Seat 6: Hero ($6.41 in chips)
6f16023: posts small blind $0.02
38ee893: posts big blind $0.05
*** HOLE CARDS ***
Dealt to 6f16023 
Dealt to 38ee893 
Dealt to 663a3ffd 
Dealt to 761111b0 
Dealt to Hero [6c Kc]
663a3ffd: raises $0.05 to $0.1
761111b0: folds
Hero: folds
6f16023: folds
38ee893: calls $0.05
*** FLOP *** [5h Ad 3s]
38ee893: checks
663a3ffd: checks
*** TURN *** [5h Ad 3s] [Jc]
38ee893: checks
663a3ffd: checks
*** RIVER *** [5h Ad 3s Jc] [4h]
38ee893: checks
663a3ffd: checks
38ee893: shows [Qh 6h] (Ace-High)
663a3ffd: shows [Ks 8s] (Ace-High)
*** SHOWDOWN ***
663a3ffd collected $0.21 from pot
*** SUMMARY ***
Total pot $0.22 | Rake $0.01 | Jackpot $0 | Bingo $0 | Fortune $0
Board [5h Ad 3s Jc 4h]
Seat 1: 6f16023 (small blind) folded before Flop
Seat 3: 38ee893 (big blind) showed [Qh 6h] and lost with Ace-High
Seat 4: 663a3ffd showed [Ks 8s] and won ($0.21) with Ace-High
Seat 5: 761111b0 folded before Flop (didn't bet)
Seat 6: Hero (button) folded before Flop (didn't bet)


Poker Hand #HD1208390890: Hold'em No Limit  ($0.02/$0.05) - 2023/04/18 20:43:00
Table 'NLHBlue12' 6-max Seat #5 is the button
Seat 1: 6f16023 ($5 in chips)
Seat 3: 38ee893 ($5.35 in chips)
Seat 4: 663a3ffd ($7.93 in chips)
Seat 5: 761111b0 ($5.03 in chips)
Seat 6: Hero ($6.43 in chips)
Hero: posts small blind $0.02
6f16023: posts big blind $0.05
*** HOLE CARDS ***
Dealt to 6f16023 
Dealt to 38ee893 
Dealt to 663a3ffd 
Dealt to 761111b0 
Dealt to Hero [3d 4h]
38ee893: folds
663a3ffd: raises $0.05 to $0.1
761111b0: raises $0.3 to $0.4
Hero: folds
6f16023: folds
663a3ffd: raises $0.87 to $1.27
761111b0: calls $0.87
*** FLOP *** [3c 4d Js]
663a3ffd: checks
761111b0: bets $1.2
663a3ffd: folds
Uncalled bet ($1.2) returned to 761111b0
*** SHOWDOWN ***
761111b0 collected $2.44 from pot
*** SUMMARY ***
Total pot $2.61 | Rake $0.12 | Jackpot $0.05 | Bingo $0 | Fortune $0
Board [3c 4d Js]
Seat 1: 6f16023 (big blind) folded before Flop
Seat 3: 38ee893 folded before Flop (didn't bet)
Seat 4: 663a3ffd folded on the Flop
Seat 5: 761111b0 (button) won ($2.44)
Seat 6: Hero (small blind) folded before Flop


Poker Hand #HD1208390838: Hold'em No Limit  ($0.02/$0.05) - 2023/04/18 20:42:31
Table 'NLHBlue12' 6-max Seat #4 is the button
Seat 1: 6f16023 ($5 in chips)
Seat 3: 38ee893 ($5.14 in chips)
Seat 4: 663a3ffd ($7.93 in chips)
Seat 5: 761111b0 ($5.05 in chips)
Seat 6: Hero ($6.48 in chips)
761111b0: posts small blind $0.02
Hero: posts big blind $0.05
*** HOLE CARDS ***
Dealt to 6f16023 
Dealt to 38ee893 
Dealt to 663a3ffd 
Dealt to 761111b0 
Dealt to Hero [Jh 8s]
6f16023: raises $0.1 to $0.15
38ee893: raises $0.28 to $0.43
663a3ffd: folds
761111b0: folds
Hero: folds
6f16023: folds
Uncalled bet ($0.28) returned to 38ee893
*** SHOWDOWN ***
38ee893 collected $0.36 from pot
*** SUMMARY ***
Total pot $0.37 | Rake $0.01 | Jackpot $0 | Bingo $0 | Fortune $0
Seat 1: 6f16023 folded before Flop
Seat 3: 38ee893 collected ($0.36)
Seat 4: 663a3ffd (button) folded before Flop (didn't bet)
Seat 5: 761111b0 (small blind) folded before Flop
Seat 6: Hero (big blind) folded before Flop


Poker Hand #HD1208390745: Hold'em No Limit  ($0.02/$0.05) - 2023/04/18 20:41:40
Table 'NLHBlue12' 6-max Seat #3 is the button
Seat 1: 6f16023 ($5 in chips)
Seat 3: 38ee893 ($5.14 in chips)
Seat 4: 663a3ffd ($7.64 in chips)
Seat 5: 761111b0 ($5.37 in chips)
Seat 6: Hero ($6.48 in chips)
663a3ffd: posts small blind $0.02
761111b0: posts big blind $0.05
*** HOLE CARDS ***
Dealt to 6f16023 
Dealt to 38ee893 
Dealt to 663a3ffd 
Dealt to 761111b0 
Dealt to Hero [Td 3h]
Hero: folds
6f16023: folds
38ee893: folds
663a3ffd: calls $0.03
761111b0: raises $0.1 to $0.15
663a3ffd: calls $0.1
*** FLOP *** [7d Ts Qs]
663a3ffd: checks
761111b0: bets $0.17
663a3ffd: calls $0.17
*** TURN *** [7d Ts Qs] [3s]
663a3ffd: checks
761111b0: checks
*** RIVER *** [7d Ts Qs 3s] [9c]
663a3ffd: bets $0.48
761111b0: folds
Uncalled bet ($0.48) returned to 663a3ffd
*** SHOWDOWN ***
663a3ffd collected $0.61 from pot
*** SUMMARY ***
Total pot $0.64 | Rake $0.03 | Jackpot $0 | Bingo $0 | Fortune $0
Board [7d Ts Qs 3s 9c]
Seat 1: 6f16023 folded before Flop (didn't bet)
Seat 3: 38ee893 (button) folded before Flop (didn't bet)
Seat 4: 663a3ffd (small blind) won ($0.61)
Seat 5: 761111b0 (big blind) folded on the River
Seat 6: Hero folded before Flop (didn't bet)


Poker Hand #HD1208390696: Hold'em No Limit  ($0.02/$0.05) - 2023/04/18 20:41:13
Table 'NLHBlue12' 6-max Seat #1 is the button
Seat 1: 6f16023 ($5 in chips)
Seat 3: 38ee893 ($5 in chips)
Seat 4: 663a3ffd ($7.79 in chips)
Seat 5: 761111b0 ($5.37 in chips)
Seat 6: Hero ($6.48 in chips)
38ee893: posts small blind $0.02
663a3ffd: posts big blind $0.05
*** HOLE CARDS ***
Dealt to 6f16023 
Dealt to 38ee893 
Dealt to 663a3ffd 
Dealt to 761111b0 
Dealt to Hero [Ah 8s]
761111b0: folds
Hero: folds
6f16023: folds
38ee893: raises $0.1 to $0.15
663a3ffd: calls $0.1
*** FLOP *** [Kd 6c 8d]
38ee893: checks
663a3ffd: checks
*** TURN *** [Kd 6c 8d] [Js]
38ee893: bets $0.23
663a3ffd: folds
Uncalled bet ($0.23) returned to 38ee893
*** SHOWDOWN ***
38ee893 collected $0.29 from pot
*** SUMMARY ***
Total pot $0.3 | Rake $0.01 | Jackpot $0 | Bingo $0 | Fortune $0
Board [Kd 6c 8d Js]
Seat 1: 6f16023 (button) folded before Flop (didn't bet)
Seat 3: 38ee893 (small blind) won ($0.29)
Seat 4: 663a3ffd (big blind) folded on the Turn
Seat 5: 761111b0 folded before Flop (didn't bet)
Seat 6: Hero folded before Flop (didn't bet)


Poker Hand #HD1208390623: Hold'em No Limit  ($0.02/$0.05) - 2023/04/18 20:40:32
Table 'NLHBlue12' 6-max Seat #6 is the button
Seat 1: 6f16023 ($5 in chips)
Seat 3: 38ee893 ($5 in chips)
Seat 4: 663a3ffd ($7.68 in chips)
Seat 5: 761111b0 ($5.37 in chips)
Seat 6: Hero ($6.48 in chips)
6f16023: posts small blind $0.02
38ee893: posts big blind $0.05
*** HOLE CARDS ***
Dealt to 6f16023 
Dealt to 38ee893 
Dealt to 663a3ffd 
Dealt to 761111b0 
Dealt to Hero [8c 2s]
663a3ffd: raises $0.05 to $0.1
761111b0: folds
Hero: folds
6f16023: folds
38ee893: calls $0.05
*** FLOP *** [As Ks Jc]
38ee893: checks
663a3ffd: checks
*** TURN *** [As Ks Jc] [Ah]
38ee893: checks
663a3ffd: bets $0.08
38ee893: folds
Uncalled bet ($0.08) returned to 663a3ffd
*** SHOWDOWN ***
663a3ffd collected $0.21 from pot
*** SUMMARY ***
Total pot $0.22 | Rake $0.01 | Jackpot $0 | Bingo $0 | Fortune $0
Board [As Ks Jc Ah]
Seat 1: 6f16023 (small blind) folded before Flop
Seat 3: 38ee893 (big blind) folded on the Turn
Seat 4: 663a3ffd won ($0.21)
Seat 5: 761111b0 folded before Flop (didn't bet)
Seat 6: Hero (button) folded before Flop (didn't bet)


Poker Hand #HD1208390581: Hold'em No Limit  ($0.02/$0.05) - 2023/04/18 20:40:09
Table 'NLHBlue12' 6-max Seat #5 is the button
Seat 1: 6f16023 ($5 in chips)
Seat 2: e3a34632 ($3.94 in chips)
Seat 3: 38ee893 ($5 in chips)
Seat 4: 663a3ffd ($7.78 in chips)
Seat 5: 761111b0 ($5.21 in chips)
Seat 6: Hero ($6.5 in chips)
Hero: posts small blind $0.02
6f16023: posts big blind $0.05
*** HOLE CARDS ***
Dealt to 6f16023 
Dealt to e3a34632 
Dealt to 38ee893 
Dealt to 663a3ffd 
Dealt to 761111b0 
Dealt to Hero [3h Jc]
e3a34632: folds
38ee893: folds
663a3ffd: raises $0.05 to $0.1
761111b0: raises $0.3 to $0.4
Hero: folds
6f16023: folds
663a3ffd: folds
Uncalled bet ($0.3) returned to 761111b0
*** SHOWDOWN ***
761111b0 collected $0.26 from pot
*** SUMMARY ***
Total pot $0.27 | Rake $0.01 | Jackpot $0 | Bingo $0 | Fortune $0
Seat 1: 6f16023 (big blind) folded before Flop
Seat 2: e3a34632 folded before Flop (didn't bet)
Seat 3: 38ee893 folded before Flop (didn't bet)
Seat 4: 663a3ffd folded before Flop
Seat 5: 761111b0 (button) collected ($0.26)
Seat 6: Hero (small blind) folded before Flop


Poker Hand #HD1208390493: Hold'em No Limit  ($0.02/$0.05) - 2023/04/18 20:39:17
Table 'NLHBlue12' 6-max Seat #4 is the button
Seat 2: e3a34632 ($3.94 in chips)
Seat 3: 38ee893 ($5.41 in chips)
Seat 4: 663a3ffd ($7.18 in chips)
Seat 5: 761111b0 ($5.23 in chips)
Seat 6: Hero ($6.63 in chips)
761111b0: posts small blind $0.02
Hero: posts big blind $0.05
*** HOLE CARDS ***
Dealt to e3a34632 
Dealt to 38ee893 
Dealt to 663a3ffd 
Dealt to 761111b0 
Dealt to Hero [3d 3h]
e3a34632: folds
38ee893: raises $0.08 to $0.13
663a3ffd: calls $0.13
761111b0: folds
Hero: calls $0.08
*** FLOP *** [7h Ts 2c]
Hero: checks
38ee893: checks
663a3ffd: bets $0.14
Hero: folds
38ee893: calls $0.14
*** TURN *** [7h Ts 2c] [6s]
38ee893: checks
663a3ffd: bets $0.23
38ee893: calls $0.23
*** RIVER *** [7h Ts 2c 6s] [Ah]
38ee893: checks
663a3ffd: checks
38ee893: shows [4c 4d] (Pair of Fours)
663a3ffd: shows [Tc Qs] (Pair of Tens)
*** SHOWDOWN ***
663a3ffd collected $1.1 from pot
*** SUMMARY ***
Total pot $1.15 | Rake $0.05 | Jackpot $0 | Bingo $0 | Fortune $0
Board [7h Ts 2c 6s Ah]
Seat 2: e3a34632 folded before Flop (didn't bet)
Seat 3: 38ee893 showed [4c 4d] and lost with Pair of Fours
Seat 4: 663a3ffd (button) showed [Tc Qs] and won ($1.1) with Pair of Tens
Seat 5: 761111b0 (small blind) folded before Flop
Seat 6: Hero (big blind) folded on the Flop


Poker Hand #HD1208390438: Hold'em No Limit  ($0.02/$0.05) - 2023/04/18 20:38:45
Table 'NLHBlue12' 6-max Seat #3 is the button
Seat 2: e3a34632 ($3.94 in chips)
Seat 3: 38ee893 ($5.41 in chips)
Seat 4: 663a3ffd ($6.76 in chips)
Seat 5: 761111b0 ($5.28 in chips)
Seat 6: Hero ($7.04 in chips)
663a3ffd: posts small blind $0.02
761111b0: posts big blind $0.05
*** HOLE CARDS ***
Dealt to e3a34632 
Dealt to 38ee893 
Dealt to 663a3ffd 
Dealt to 761111b0 
Dealt to Hero [5d 6d]
Hero: raises $0.07 to $0.12
e3a34632: folds
38ee893: folds
663a3ffd: raises $0.29 to $0.41
761111b0: folds
Hero: calls $0.29
*** FLOP *** [6s 9s Tc]
663a3ffd: checks
Hero: checks
*** TURN *** [6s 9s Tc] [3h]
663a3ffd: bets $0.29
Hero: folds
Uncalled bet ($0.29) returned to 663a3ffd
*** SHOWDOWN ***
663a3ffd collected $0.83 from pot
*** SUMMARY ***
Total pot $0.87 | Rake $0.04 | Jackpot $0 | Bingo $0 | Fortune $0
Board [6s 9s Tc 3h]
Seat 2: e3a34632 folded before Flop (didn't bet)
Seat 3: 38ee893 (button) folded before Flop (didn't bet)
Seat 4: 663a3ffd (small blind) won ($0.83)
Seat 5: 761111b0 (big blind) folded before Flop
Seat 6: Hero folded on the Turn


Poker Hand #HD1208390329: Hold'em No Limit  ($0.02/$0.05) - 2023/04/18 20:37:50
Table 'NLHBlue12' 6-max Seat #2 is the button
Seat 2: e3a34632 ($3.94 in chips)
Seat 3: 38ee893 ($5 in chips)
Seat 4: 663a3ffd ($7.21 in chips)
Seat 5: 761111b0 ($5.28 in chips)
Seat 6: Hero ($7.04 in chips)
38ee893: posts small blind $0.02
663a3ffd: posts big blind $0.05
*** HOLE CARDS ***
Dealt to e3a34632 
Dealt to 38ee893 
Dealt to 663a3ffd 
Dealt to 761111b0 
Dealt to Hero [3d 2h]
761111b0: folds
Hero: folds
e3a34632: folds
38ee893: raises $0.1 to $0.15
663a3ffd: raises $0.3 to $0.45
38ee893: calls $0.3
*** FLOP *** [Ah Ks 6s]
38ee893: checks
663a3ffd: checks
*** TURN *** [Ah Ks 6s] [3s]
38ee893: bets $0.68
663a3ffd: folds
Uncalled bet ($0.68) returned to 38ee893
*** SHOWDOWN ***
38ee893 collected $0.86 from pot
*** SUMMARY ***
Total pot $0.9 | Rake $0.04 | Jackpot $0 | Bingo $0 | Fortune $0
Board [Ah Ks 6s 3s]
Seat 2: e3a34632 (button) folded before Flop (didn't bet)
Seat 3: 38ee893 (small blind) won ($0.86)
Seat 4: 663a3ffd (big blind) folded on the Turn
Seat 5: 761111b0 folded before Flop (didn't bet)
Seat 6: Hero folded before Flop (didn't bet)


Poker Hand #HD1208390254: Hold'em No Limit  ($0.02/$0.05) - 2023/04/18 20:37:10
Table 'NLHBlue12' 6-max Seat #1 is the button
Seat 1: 9cdc8683 ($5.47 in chips)
Seat 2: e3a34632 ($3.96 in chips)
Seat 3: 38ee893 ($5.04 in chips)
Seat 4: 663a3ffd ($7.02 in chips)
Seat 5: 761111b0 ($5.28 in chips)
Seat 6: Hero ($7.04 in chips)
e3a34632: posts small blind $0.02
38ee893: posts big blind $0.05
*** HOLE CARDS ***
Dealt to 9cdc8683 
Dealt to e3a34632 
Dealt to 38ee893 
Dealt to 663a3ffd 
Dealt to 761111b0 
Dealt to Hero [3s 2h]
663a3ffd: raises $0.05 to $0.1
761111b0: folds
Hero: folds
9cdc8683: folds
e3a34632: folds
38ee893: calls $0.05
*** FLOP *** [7s Js 6s]
38ee893: checks
663a3ffd: checks
*** TURN *** [7s Js 6s] [3d]
38ee893: checks
663a3ffd: bets $0.08
38ee893: calls $0.08
*** RIVER *** [7s Js 6s 3d] [4h]
38ee893: checks
663a3ffd: bets $0.19
38ee893: folds
Uncalled bet ($0.19) returned to 663a3ffd
*** SHOWDOWN ***
663a3ffd collected $0.37 from pot
*** SUMMARY ***
Total pot $0.38 | Rake $0.01 | Jackpot $0 | Bingo $0 | Fortune $0
Board [7s Js 6s 3d 4h]
Seat 1: 9cdc8683 (button) folded before Flop (didn't bet)
Seat 2: e3a34632 (small blind) folded before Flop
Seat 3: 38ee893 (big blind) folded on the River
Seat 4: 663a3ffd won ($0.37)
Seat 5: 761111b0 folded before Flop (didn't bet)
Seat 6: Hero folded before Flop (didn't bet)


Poker Hand #HD1208390226: Hold'em No Limit  ($0.02/$0.05) - 2023/04/18 20:36:58
Table 'NLHBlue12' 6-max Seat #6 is the button
Seat 1: 9cdc8683 ($5.49 in chips)
Seat 2: e3a34632 ($4.01 in chips)
Seat 3: 38ee893 ($5.04 in chips)
Seat 4: 663a3ffd ($7.02 in chips)
Seat 5: 761111b0 ($5.21 in chips)
Seat 6: Hero ($7.04 in chips)
9cdc8683: posts small blind $0.02
e3a34632: posts big blind $0.05
*** HOLE CARDS ***
Dealt to 9cdc8683 
Dealt to e3a34632 
Dealt to 38ee893 
Dealt to 663a3ffd 
Dealt to 761111b0 
Dealt to Hero [8h 3c]
38ee893: folds
663a3ffd: folds
761111b0: raises $0.1 to $0.15
Hero: folds
9cdc8683: folds
e3a34632: folds
Uncalled bet ($0.1) returned to 761111b0
*** SHOWDOWN ***
761111b0 collected $0.12 from pot
*** SUMMARY ***
Total pot $0.12 | Rake $0 | Jackpot $0 | Bingo $0 | Fortune $0
Seat 1: 9cdc8683 (small blind) folded before Flop
Seat 2: e3a34632 (big blind) folded before Flop
Seat 3: 38ee893 folded before Flop (didn't bet)
Seat 4: 663a3ffd folded before Flop (didn't bet)
Seat 5: 761111b0 collected ($0.12)
Seat 6: Hero (button) folded before Flop (didn't bet)


Poker Hand #HD1208390185: Hold'em No Limit  ($0.02/$0.05) - 2023/04/18 20:36:38
Table 'NLHBlue12' 6-max Seat #5 is the button
Seat 1: 9cdc8683 ($5.54 in chips)
Seat 2: e3a34632 ($4.01 in chips)
Seat 3: 38ee893 ($5.04 in chips)
Seat 4: 663a3ffd ($7.12 in chips)
Seat 5: 761111b0 ($5.21 in chips)
Seat 6: Hero ($6.9 in chips)
Hero: posts small blind $0.02
9cdc8683: posts big blind $0.05
*** HOLE CARDS ***
Dealt to 9cdc8683 
Dealt to e3a34632 
Dealt to 38ee893 
Dealt to 663a3ffd 
Dealt to 761111b0 
Dealt to Hero [Jd Qd]
e3a34632: folds
38ee893: folds
663a3ffd: raises $0.05 to $0.1
761111b0: folds
Hero: raises $0.38 to $0.48
9cdc8683: folds
663a3ffd: folds
Uncalled bet ($0.38) returned to Hero
*** SHOWDOWN ***
Hero collected $0.24 from pot
*** SUMMARY ***
Total pot $0.25 | Rake $0.01 | Jackpot $0 | Bingo $0 | Fortune $0
Seat 1: 9cdc8683 (big blind) folded before Flop
Seat 2: e3a34632 folded before Flop (didn't bet)
Seat 3: 38ee893 folded before Flop (didn't bet)
Seat 4: 663a3ffd folded before Flop
Seat 5: 761111b0 (button) folded before Flop (didn't bet)
Seat 6: Hero (small blind) collected ($0.24)


Poker Hand #HD1208390157: Hold'em No Limit  ($0.02/$0.05) - 2023/04/18 20:36:23
Table 'NLHBlue12' 6-max Seat #4 is the button
Seat 1: 9cdc8683 ($5.47 in chips)
Seat 2: e3a34632 ($4.01 in chips)
Seat 3: 38ee893 ($5.04 in chips)
Seat 4: 663a3ffd ($7.12 in chips)
Seat 5: 761111b0 ($5.23 in chips)
Seat 6: Hero ($6.95 in chips)
761111b0: posts small blind $0.02
Hero: posts big blind $0.05
*** HOLE CARDS ***
Dealt to 9cdc8683 
Dealt to e3a34632 
Dealt to 38ee893 
Dealt to 663a3ffd 
Dealt to 761111b0 
Dealt to Hero [3s 9d]
9cdc8683: raises $0.1 to $0.15
e3a34632: folds
38ee893: folds
663a3ffd: folds
761111b0: folds
Hero: folds
Uncalled bet ($0.1) returned to 9cdc8683
*** SHOWDOWN ***
9cdc8683 collected $0.12 from pot
*** SUMMARY ***
Total pot $0.12 | Rake $0 | Jackpot $0 | Bingo $0 | Fortune $0
Seat 1: 9cdc8683 collected ($0.12)
Seat 2: e3a34632 folded before Flop (didn't bet)
Seat 3: 38ee893 folded before Flop (didn't bet)
Seat 4: 663a3ffd (button) folded before Flop (didn't bet)
Seat 5: 761111b0 (small blind) folded before Flop
Seat 6: Hero (big blind) folded before Flop


Poker Hand #HD1208390135: Hold'em No Limit  ($0.02/$0.05) - 2023/04/18 20:36:07
Table 'NLHBlue12' 6-max Seat #3 is the button
Seat 1: 9cdc8683 ($5.47 in chips)
Seat 2: e3a34632 ($4.01 in chips)
Seat 3: 38ee893 ($5.04 in chips)
Seat 4: 663a3ffd ($7.07 in chips)
Seat 5: 761111b0 ($5.28 in chips)
Seat 6: Hero ($6.95 in chips)
663a3ffd: posts small blind $0.02
761111b0: posts big blind $0.05
*** HOLE CARDS ***
Dealt to 9cdc8683 
Dealt to e3a34632 
Dealt to 38ee893 
Dealt to 663a3ffd 
Dealt to 761111b0 
Dealt to Hero [8s 3c]
Hero: folds
9cdc8683: folds
e3a34632: folds
38ee893: folds
663a3ffd: raises $0.1 to $0.15
761111b0: folds
Uncalled bet ($0.1) returned to 663a3ffd
*** SHOWDOWN ***
663a3ffd collected $0.1 from pot
*** SUMMARY ***
Total pot $0.1 | Rake $0 | Jackpot $0 | Bingo $0 | Fortune $0
Seat 1: 9cdc8683 folded before Flop (didn't bet)
Seat 2: e3a34632 folded before Flop (didn't bet)
Seat 3: 38ee893 (button) folded before Flop (didn't bet)
Seat 4: 663a3ffd (small blind) collected ($0.1)
Seat 5: 761111b0 (big blind) folded before Flop
Seat 6: Hero folded before Flop (didn't bet)


Poker Hand #HD1208390073: Hold'em No Limit  ($0.02/$0.05) - 2023/04/18 20:35:29
Table 'NLHBlue12' 6-max Seat #2 is the button
Seat 1: 9cdc8683 ($5.08 in chips)
Seat 2: e3a34632 ($4.01 in chips)
Seat 3: 38ee893 ($5.06 in chips)
Seat 4: 663a3ffd ($7.12 in chips)
Seat 5: 761111b0 ($5.28 in chips)
Seat 6: Hero ($7.3 in chips)
38ee893: posts small blind $0.02
663a3ffd: posts big blind $0.05
*** HOLE CARDS ***
Dealt to 9cdc8683 
Dealt to e3a34632 
Dealt to 38ee893 
Dealt to 663a3ffd 
Dealt to 761111b0 
Dealt to Hero [Qd Kd]
761111b0: folds
Hero: raises $0.07 to $0.12
9cdc8683: raises $0.23 to $0.35
e3a34632: folds
38ee893: folds
663a3ffd: folds
Hero: calls $0.23
*** FLOP *** [Ad 5s 4c]
Hero: checks
9cdc8683: bets $0.26
Hero: folds
Uncalled bet ($0.26) returned to 9cdc8683
*** SHOWDOWN ***
9cdc8683 collected $0.74 from pot
*** SUMMARY ***
Total pot $0.77 | Rake $0.03 | Jackpot $0 | Bingo $0 | Fortune $0
Board [Ad 5s 4c]
Seat 1: 9cdc8683 won ($0.74)
Seat 2: e3a34632 (button) folded before Flop (didn't bet)
Seat 3: 38ee893 (small blind) folded before Flop
Seat 4: 663a3ffd (big blind) folded before Flop
Seat 5: 761111b0 folded before Flop (didn't bet)
Seat 6: Hero folded on the Flop


Poker Hand #HD1208390042: Hold'em No Limit  ($0.02/$0.05) - 2023/04/18 20:35:11
Table 'NLHBlue12' 6-max Seat #1 is the button
Seat 1: 9cdc8683 ($5.08 in chips)
Seat 2: e3a34632 ($3.96 in chips)
Seat 3: 38ee893 ($5.11 in chips)
Seat 4: 663a3ffd ($7.12 in chips)
Seat 5: 761111b0 ($5.28 in chips)
Seat 6: Hero ($7.3 in chips)
e3a34632: posts small blind $0.02
38ee893: posts big blind $0.05
*** HOLE CARDS ***
Dealt to 9cdc8683 
Dealt to e3a34632 
Dealt to 38ee893 
Dealt to 663a3ffd 
Dealt to 761111b0 
Dealt to Hero [3h 5s]
663a3ffd: folds
761111b0: folds
Hero: folds
9cdc8683: folds
e3a34632: raises $0.1 to $0.15
38ee893: folds
Uncalled bet ($0.1) returned to e3a34632
*** SHOWDOWN ***
e3a34632 collected $0.1 from pot
*** SUMMARY ***
Total pot $0.1 | Rake $0 | Jackpot $0 | Bingo $0 | Fortune $0
Seat 1: 9cdc8683 (button) folded before Flop (didn't bet)
Seat 2: e3a34632 (small blind) collected ($0.1)
Seat 3: 38ee893 (big blind) folded before Flop
Seat 4: 663a3ffd folded before Flop (didn't bet)
Seat 5: 761111b0 folded before Flop (didn't bet)
Seat 6: Hero folded before Flop (didn't bet)


Poker Hand #HD1208390006: Hold'em No Limit  ($0.02/$0.05) - 2023/04/18 20:34:53
Table 'NLHBlue12' 6-max Seat #6 is the button
Seat 1: 9cdc8683 ($5.1 in chips)
Seat 2: e3a34632 ($4.01 in chips)
Seat 3: 38ee893 ($5.04 in chips)
Seat 4: 663a3ffd ($7.12 in chips)
Seat 5: 761111b0 ($5.28 in chips)
Seat 6: Hero ($7.3 in chips)
9cdc8683: posts small blind $0.02
e3a34632: posts big blind $0.05
*** HOLE CARDS ***
Dealt to 9cdc8683 
Dealt to e3a34632 
Dealt to 38ee893 
Dealt to 663a3ffd 
Dealt to 761111b0 
Dealt to Hero [8d 3d]
38ee893: raises $0.1 to $0.15
663a3ffd: folds
761111b0: folds
Hero: folds
9cdc8683: folds
e3a34632: folds
Uncalled bet ($0.1) returned to 38ee893
*** SHOWDOWN ***
38ee893 collected $0.12 from pot
*** SUMMARY ***
Total pot $0.12 | Rake $0 | Jackpot $0 | Bingo $0 | Fortune $0
Seat 1: 9cdc8683 (small blind) folded before Flop
Seat 2: e3a34632 (big blind) folded before Flop
Seat 3: 38ee893 collected ($0.12)
Seat 4: 663a3ffd folded before Flop (didn't bet)
Seat 5: 761111b0 folded before Flop (didn't bet)
Seat 6: Hero (button) folded before Flop (didn't bet)


Poker Hand #HD1208389903: Hold'em No Limit  ($0.02/$0.05) - 2023/04/18 20:33:58
Table 'NLHBlue12' 6-max Seat #5 is the button
Seat 1: 9cdc8683 ($5.15 in chips)
Seat 2: e3a34632 ($4.01 in chips)
Seat 3: 38ee893 ($5.04 in chips)
Seat 4: 663a3ffd ($6.96 in chips)
Seat 5: 761111b0 ($5.38 in chips)
Seat 6: Hero ($7.32 in chips)
Hero: posts small blind $0.02
9cdc8683: posts big blind $0.05
*** HOLE CARDS ***
Dealt to 9cdc8683 
Dealt to e3a34632 
Dealt to 38ee893 
Dealt to 663a3ffd 
Dealt to 761111b0 
Dealt to Hero [4s 7d]
e3a34632: folds
38ee893: folds
663a3ffd: raises $0.05 to $0.1
761111b0: calls $0.1
Hero: folds
9cdc8683: folds
*** FLOP *** [3d 4d 7c]
663a3ffd: checks
761111b0: checks
*** TURN *** [3d 4d 7c] [Jd]
663a3ffd: bets $0.14
761111b0: folds
Uncalled bet ($0.14) returned to 663a3ffd
*** SHOWDOWN ***
663a3ffd collected $0.26 from pot
*** SUMMARY ***
Total pot $0.27 | Rake $0.01 | Jackpot $0 | Bingo $0 | Fortune $0
Board [3d 4d 7c Jd]
Seat 1: 9cdc8683 (big blind) folded before Flop
Seat 2: e3a34632 folded before Flop (didn't bet)
Seat 3: 38ee893 folded before Flop (didn't bet)
Seat 4: 663a3ffd won ($0.26)
Seat 5: 761111b0 (button) folded on the Turn
Seat 6: Hero (small blind) folded before Flop


Poker Hand #HD1208389802: Hold'em No Limit  ($0.02/$0.05) - 2023/04/18 20:32:58
Table 'NLHBlue12' 6-max Seat #4 is the button
Seat 1: 9cdc8683 ($5.15 in chips)
Seat 2: e3a34632 ($4.94 in chips)
Seat 3: 38ee893 ($5.42 in chips)
Seat 4: 663a3ffd ($5.74 in chips)
Seat 5: 761111b0 ($5.4 in chips)
Seat 6: Hero ($7.37 in chips)
761111b0: posts small blind $0.02
Hero: posts big blind $0.05
*** HOLE CARDS ***
Dealt to 9cdc8683 
Dealt to e3a34632 
Dealt to 38ee893 
Dealt to 663a3ffd 
Dealt to 761111b0 
Dealt to Hero [6c 7d]
9cdc8683: folds
e3a34632: raises $0.08 to $0.13
38ee893: raises $0.25 to $0.38
663a3ffd: calls $0.38
761111b0: folds
Hero: folds
e3a34632: calls $0.25
*** FLOP *** [6h 4h 8c]
e3a34632: checks
38ee893: checks
663a3ffd: checks
*** TURN *** [6h 4h 8c] [Tc]
e3a34632: bets $0.55
38ee893: folds
663a3ffd: calls $0.55
*** RIVER *** [6h 4h 8c Tc] [Qs]
e3a34632: checks
663a3ffd: checks
e3a34632: shows [6d Ad] (Pair of Sixes)
663a3ffd: shows [Ts Ac] (Pair of Tens)
*** SHOWDOWN ***
663a3ffd collected $2.15 from pot
*** SUMMARY ***
Total pot $2.31 | Rake $0.11 | Jackpot $0.05 | Bingo $0 | Fortune $0
Board [6h 4h 8c Tc Qs]
Seat 1: 9cdc8683 folded before Flop (didn't bet)
Seat 2: e3a34632 showed [6d Ad] and lost with Pair of Sixes
Seat 3: 38ee893 folded on the Turn
Seat 4: 663a3ffd (button) showed [Ts Ac] and won ($2.15) with Pair of Tens
Seat 5: 761111b0 (small blind) folded before Flop
Seat 6: Hero (big blind) folded before Flop


Poker Hand #HD1208389760: Hold'em No Limit  ($0.02/$0.05) - 2023/04/18 20:32:35
Table 'NLHBlue12' 6-max Seat #3 is the button
Seat 1: 9cdc8683 ($5.3 in chips)
Seat 2: e3a34632 ($4.73 in chips)
Seat 3: 38ee893 ($5.42 in chips)
Seat 4: 663a3ffd ($5.76 in chips)
Seat 5: 761111b0 ($5.45 in chips)
Seat 6: Hero ($7.37 in chips)
663a3ffd: posts small blind $0.02
761111b0: posts big blind $0.05
*** HOLE CARDS ***
Dealt to 9cdc8683 
Dealt to e3a34632 
Dealt to 38ee893 
Dealt to 663a3ffd 
Dealt to 761111b0 
Dealt to Hero [6s Th]
Hero: folds
9cdc8683: raises $0.1 to $0.15
e3a34632: raises $0.3 to $0.45
38ee893: folds
663a3ffd: folds
761111b0: folds
9cdc8683: folds
Uncalled bet ($0.3) returned to e3a34632
*** SHOWDOWN ***
e3a34632 collected $0.36 from pot
*** SUMMARY ***
Total pot $0.37 | Rake $0.01 | Jackpot $0 | Bingo $0 | Fortune $0
Seat 1: 9cdc8683 folded before Flop
Seat 2: e3a34632 collected ($0.36)
Seat 3: 38ee893 (button) folded before Flop (didn't bet)
Seat 4: 663a3ffd (small blind) folded before Flop
Seat 5: 761111b0 (big blind) folded before Flop
Seat 6: Hero folded before Flop (didn't bet)


Poker Hand #HD1208389733: Hold'em No Limit  ($0.02/$0.05) - 2023/04/18 20:32:18
Table 'NLHBlue12' 6-max Seat #2 is the button
Seat 1: 9cdc8683 ($5.3 in chips)
Seat 2: e3a34632 ($4.73 in chips)
Seat 3: 38ee893 ($5.44 in chips)
Seat 4: 663a3ffd ($5.74 in chips)
Seat 5: 761111b0 ($5.45 in chips)
Seat 6: Hero ($7.37 in chips)
38ee893: posts small blind $0.02
663a3ffd: posts big blind $0.05
*** HOLE CARDS ***
Dealt to 9cdc8683 
Dealt to e3a34632 
Dealt to 38ee893 
Dealt to 663a3ffd 
Dealt to 761111b0 
Dealt to Hero [2h 9s]
761111b0: folds
Hero: folds
9cdc8683: folds
e3a34632: folds
38ee893: folds
Uncalled bet ($0.03) returned to 663a3ffd
*** SHOWDOWN ***
663a3ffd collected $0.04 from pot
*** SUMMARY ***
Total pot $0.04 | Rake $0 | Jackpot $0 | Bingo $0 | Fortune $0
Seat 1: 9cdc8683 folded before Flop (didn't bet)
Seat 2: e3a34632 (button) folded before Flop (didn't bet)
Seat 3: 38ee893 (small blind) folded before Flop
Seat 4: 663a3ffd (big blind) collected ($0.04)
Seat 5: 761111b0 folded before Flop (didn't bet)
Seat 6: Hero folded before Flop (didn't bet)


Poker Hand #HD1208389700: Hold'em No Limit  ($0.02/$0.05) - 2023/04/18 20:31:59
Table 'NLHBlue12' 6-max Seat #1 is the button
Seat 1: 9cdc8683 ($5.43 in chips)
Seat 2: e3a34632 ($4.75 in chips)
Seat 3: 38ee893 ($5.3 in chips)
Seat 4: 663a3ffd ($5.74 in chips)
Seat 5: 761111b0 ($5.45 in chips)
Seat 6: Hero ($7.37 in chips)
e3a34632: posts small blind $0.02
38ee893: posts big blind $0.05
*** HOLE CARDS ***
Dealt to 9cdc8683 
Dealt to e3a34632 
Dealt to 38ee893 
Dealt to 663a3ffd 
Dealt to 761111b0 
Dealt to Hero [Jh 5d]
663a3ffd: folds
761111b0: folds
Hero: folds
9cdc8683: raises $0.08 to $0.13
e3a34632: folds
38ee893: raises $0.34 to $0.47
9cdc8683: folds
Uncalled bet ($0.34) returned to 38ee893
*** SHOWDOWN ***
38ee893 collected $0.27 from pot
*** SUMMARY ***
Total pot $0.28 | Rake $0.01 | Jackpot $0 | Bingo $0 | Fortune $0
Seat 1: 9cdc8683 (button) folded before Flop
Seat 2: e3a34632 (small blind) folded before Flop
Seat 3: 38ee893 (big blind) collected ($0.27)
Seat 4: 663a3ffd folded before Flop (didn't bet)
Seat 5: 761111b0 folded before Flop (didn't bet)
Seat 6: Hero folded before Flop (didn't bet)


Poker Hand #HD1208389613: Hold'em No Limit  ($0.02/$0.05) - 2023/04/18 20:31:15
Table 'NLHBlue12' 6-max Seat #6 is the button
Seat 1: 9cdc8683 ($5.45 in chips)
Seat 2: e3a34632 ($4.8 in chips)
Seat 3: 38ee893 ($5.45 in chips)
Seat 4: 663a3ffd ($5.74 in chips)
Seat 5: 761111b0 ($5.45 in chips)
Seat 6: Hero ($7.16 in chips)
9cdc8683: posts small blind $0.02
e3a34632: posts big blind $0.05
*** HOLE CARDS ***
Dealt to 9cdc8683 
Dealt to e3a34632 
Dealt to 38ee893 
Dealt to 663a3ffd 
Dealt to 761111b0 
Dealt to Hero [Jh Ah]
38ee893: raises $0.1 to $0.15
663a3ffd: folds
761111b0: folds
Hero: raises $0.29 to $0.44
9cdc8683: folds
e3a34632: folds
38ee893: folds
Uncalled bet ($0.29) returned to Hero
*** SHOWDOWN ***
Hero collected $0.36 from pot
*** SUMMARY ***
Total pot $0.37 | Rake $0.01 | Jackpot $0 | Bingo $0 | Fortune $0
Seat 1: 9cdc8683 (small blind) folded before Flop
Seat 2: e3a34632 (big blind) folded before Flop
Seat 3: 38ee893 folded before Flop
Seat 4: 663a3ffd folded before Flop (didn't bet)
Seat 5: 761111b0 folded before Flop (didn't bet)
Seat 6: Hero (button) collected ($0.36)


Poker Hand #HD1208389545: Hold'em No Limit  ($0.02/$0.05) - 2023/04/18 20:30:44
Table 'NLHBlue12' 6-max Seat #5 is the button
Seat 1: 9cdc8683 ($5.5 in chips)
Seat 2: e3a34632 ($4.93 in chips)
Seat 3: 38ee893 ($5.26 in chips)
Seat 4: 663a3ffd ($5.74 in chips)
Seat 5: 761111b0 ($5.45 in chips)
Seat 6: Hero ($7.18 in chips)
Hero: posts small blind $0.02
9cdc8683: posts big blind $0.05
*** HOLE CARDS ***
Dealt to 9cdc8683 
Dealt to e3a34632 
Dealt to 38ee893 
Dealt to 663a3ffd 
Dealt to 761111b0 
Dealt to Hero [6s 2c]
e3a34632: raises $0.08 to $0.13
38ee893: raises $0.25 to $0.38
663a3ffd: folds
761111b0: folds
Hero: folds
9cdc8683: folds
e3a34632: folds
Uncalled bet ($0.25) returned to 38ee893
*** SHOWDOWN ***
38ee893 collected $0.32 from pot
*** SUMMARY ***
Total pot $0.33 | Rake $0.01 | Jackpot $0 | Bingo $0 | Fortune $0
Seat 1: 9cdc8683 (big blind) folded before Flop
Seat 2: e3a34632 folded before Flop
Seat 3: 38ee893 collected ($0.32)
Seat 4: 663a3ffd folded before Flop (didn't bet)
Seat 5: 761111b0 (button) folded before Flop (didn't bet)
Seat 6: Hero (small blind) folded before Flop


Poker Hand #HD1208389522: Hold'em No Limit  ($0.02/$0.05) - 2023/04/18 20:30:30
Table 'NLHBlue12' 6-max Seat #4 is the button
Seat 1: 9cdc8683 ($5.5 in chips)
Seat 2: e3a34632 ($4.93 in chips)
Seat 3: 38ee893 ($5.19 in chips)
Seat 4: 663a3ffd ($5.74 in chips)
Seat 5: 761111b0 ($5.47 in chips)
Seat 6: Hero ($7.23 in chips)
761111b0: posts small blind $0.02
Hero: posts big blind $0.05
*** HOLE CARDS ***
Dealt to 9cdc8683 
Dealt to e3a34632 
Dealt to 38ee893 
Dealt to 663a3ffd 
Dealt to 761111b0 
Dealt to Hero [Qh 3s]
9cdc8683: folds
e3a34632: folds
38ee893: raises $0.08 to $0.13
663a3ffd: folds
761111b0: folds
Hero: folds
Uncalled bet ($0.08) returned to 38ee893
*** SHOWDOWN ***
38ee893 collected $0.12 from pot
*** SUMMARY ***
Total pot $0.12 | Rake $0 | Jackpot $0 | Bingo $0 | Fortune $0
Seat 1: 9cdc8683 folded before Flop (didn't bet)
Seat 2: e3a34632 folded before Flop (didn't bet)
Seat 3: 38ee893 collected ($0.12)
Seat 4: 663a3ffd (button) folded before Flop (didn't bet)
Seat 5: 761111b0 (small blind) folded before Flop
Seat 6: Hero (big blind) folded before Flop


Poker Hand #HD1208389376: Hold'em No Limit  ($0.02/$0.05) - 2023/04/18 20:29:07
Table 'NLHBlue12' 6-max Seat #3 is the button
Seat 1: 9cdc8683 ($5.5 in chips)
Seat 2: e3a34632 ($4.93 in chips)
Seat 3: 38ee893 ($5 in chips)
Seat 4: 663a3ffd ($5.84 in chips)
Seat 5: 761111b0 ($5.57 in chips)
Seat 6: Hero ($7.23 in chips)
663a3ffd: posts small blind $0.02
761111b0: posts big blind $0.05
*** HOLE CARDS ***
Dealt to 9cdc8683 
Dealt to e3a34632 
Dealt to 38ee893 
Dealt to 663a3ffd 
Dealt to 761111b0 
Dealt to Hero [5d As]
Hero: folds
9cdc8683: folds
e3a34632: folds
38ee893: raises $0.05 to $0.1
663a3ffd: calls $0.08
761111b0: calls $0.05
*** FLOP *** [6h Td 9h]
663a3ffd: checks
761111b0: checks
38ee893: checks
*** TURN *** [6h Td 9h] [7d]
663a3ffd: checks
761111b0: checks
38ee893: bets $0.23
663a3ffd: folds
761111b0: folds
Uncalled bet ($0.23) returned to 38ee893
*** SHOWDOWN ***
38ee893 collected $0.29 from pot
*** SUMMARY ***
Total pot $0.3 | Rake $0.01 | Jackpot $0 | Bingo $0 | Fortune $0
Board [6h Td 9h 7d]
Seat 1: 9cdc8683 folded before Flop (didn't bet)
Seat 2: e3a34632 folded before Flop (didn't bet)
Seat 3: 38ee893 (button) won ($0.29)
Seat 4: 663a3ffd (small blind) folded on the Turn
Seat 5: 761111b0 (big blind) folded on the Turn
Seat 6: Hero folded before Flop (didn't bet)


Poker Hand #HD1208389339: Hold'em No Limit  ($0.02/$0.05) - 2023/04/18 20:28:49
Table 'NLHBlue12' 6-max Seat #2 is the button
Seat 1: 9cdc8683 ($5.5 in chips)
Seat 2: e3a34632 ($4.93 in chips)
Seat 3: 38ee893 ($5.01 in chips)
Seat 4: 663a3ffd ($5.82 in chips)
Seat 5: 761111b0 ($5.57 in chips)
Seat 6: Hero ($7.23 in chips)
38ee893: posts small blind $0.02
663a3ffd: posts big blind $0.05
*** HOLE CARDS ***
Dealt to 9cdc8683 
Dealt to e3a34632 
Dealt to 38ee893 
Dealt to 663a3ffd 
Dealt to 761111b0 
Dealt to Hero [2s Ks]
761111b0: folds
Hero: folds
9cdc8683: folds
e3a34632: folds
38ee893: folds
Uncalled bet ($0.03) returned to 663a3ffd
*** SHOWDOWN ***
663a3ffd collected $0.04 from pot
*** SUMMARY ***
Total pot $0.04 | Rake $0 | Jackpot $0 | Bingo $0 | Fortune $0
Seat 1: 9cdc8683 folded before Flop (didn't bet)
Seat 2: e3a34632 (button) folded before Flop (didn't bet)
Seat 3: 38ee893 (small blind) folded before Flop
Seat 4: 663a3ffd (big blind) collected ($0.04)
Seat 5: 761111b0 folded before Flop (didn't bet)
Seat 6: Hero folded before Flop (didn't bet)


Poker Hand #HD1208389306: Hold'em No Limit  ($0.02/$0.05) - 2023/04/18 20:28:30
Table 'NLHBlue12' 6-max Seat #1 is the button
Seat 1: 9cdc8683 ($5.5 in chips)
Seat 2: e3a34632 ($4.95 in chips)
Seat 3: 38ee893 ($5.06 in chips)
Seat 4: 663a3ffd ($5.75 in chips)
Seat 5: 761111b0 ($5.57 in chips)
Seat 6: Hero ($7.23 in chips)
e3a34632: posts small blind $0.02
38ee893: posts big blind $0.05
*** HOLE CARDS ***
Dealt to 9cdc8683 
Dealt to e3a34632 
Dealt to 38ee893 
Dealt to 663a3ffd 
Dealt to 761111b0 
Dealt to Hero [4c 5c]
663a3ffd: raises $0.05 to $0.1
761111b0: folds
Hero: folds
9cdc8683: folds
e3a34632: folds
38ee893: folds
Uncalled bet ($0.05) returned to 663a3ffd
*** SHOWDOWN ***
663a3ffd collected $0.12 from pot
*** SUMMARY ***
Total pot $0.12 | Rake $0 | Jackpot $0 | Bingo $0 | Fortune $0
Seat 1: 9cdc8683 (button) folded before Flop (didn't bet)
Seat 2: e3a34632 (small blind) folded before Flop
Seat 3: 38ee893 (big blind) folded before Flop
Seat 4: 663a3ffd collected ($0.12)
Seat 5: 761111b0 folded before Flop (didn't bet)
Seat 6: Hero folded before Flop (didn't bet)


Poker Hand #HD1208389203: Hold'em No Limit  ($0.02/$0.05) - 2023/04/18 20:27:29
Table 'NLHBlue12' 6-max Seat #6 is the button
Seat 1: 9cdc8683 ($5.52 in chips)
Seat 2: e3a34632 ($5 in chips)
Seat 4: 663a3ffd ($5.32 in chips)
Seat 5: 761111b0 ($5.97 in chips)
Seat 6: Hero ($7.23 in chips)
9cdc8683: posts small blind $0.02
e3a34632: posts big blind $0.05
*** HOLE CARDS ***
Dealt to 9cdc8683 
Dealt to e3a34632 
Dealt to 663a3ffd 
Dealt to 761111b0 
Dealt to Hero [Jd 3h]
663a3ffd: raises $0.05 to $0.1
761111b0: raises $0.3 to $0.4
Hero: folds
9cdc8683: folds
e3a34632: folds
663a3ffd: calls $0.3
*** FLOP *** [Ts Jh Jc]
663a3ffd: checks
761111b0: checks
*** TURN *** [Ts Jh Jc] [Kd]
663a3ffd: bets $0.44
761111b0: folds
Uncalled bet ($0.44) returned to 663a3ffd
*** SHOWDOWN ***
663a3ffd collected $0.83 from pot
*** SUMMARY ***
Total pot $0.87 | Rake $0.04 | Jackpot $0 | Bingo $0 | Fortune $0
Board [Ts Jh Jc Kd]
Seat 1: 9cdc8683 (small blind) folded before Flop
Seat 2: e3a34632 (big blind) folded before Flop
Seat 4: 663a3ffd won ($0.83)
Seat 5: 761111b0 folded on the Turn
Seat 6: Hero (button) folded before Flop (didn't bet)


Poker Hand #HD1208389154: Hold'em No Limit  ($0.02/$0.05) - 2023/04/18 20:27:02
Table 'NLHBlue12' 6-max Seat #5 is the button
Seat 1: 9cdc8683 ($5.36 in chips)
Seat 2: e3a34632 ($5 in chips)
Seat 4: 663a3ffd ($5.47 in chips)
Seat 5: 761111b0 ($5.97 in chips)
Seat 6: Hero ($7.25 in chips)
Hero: posts small blind $0.02
9cdc8683: posts big blind $0.05
*** HOLE CARDS ***
Dealt to 9cdc8683 
Dealt to e3a34632 
Dealt to 663a3ffd 
Dealt to 761111b0 
Dealt to Hero [9d 7s]
e3a34632: folds
663a3ffd: raises $0.1 to $0.15
761111b0: folds
Hero: folds
9cdc8683: raises $0.35 to $0.5
663a3ffd: folds
Uncalled bet ($0.35) returned to 9cdc8683
*** SHOWDOWN ***
9cdc8683 collected $0.31 from pot
*** SUMMARY ***
Total pot $0.32 | Rake $0.01 | Jackpot $0 | Bingo $0 | Fortune $0
Seat 1: 9cdc8683 (big blind) collected ($0.31)
Seat 2: e3a34632 folded before Flop (didn't bet)
Seat 4: 663a3ffd folded before Flop
Seat 5: 761111b0 (button) folded before Flop (didn't bet)
Seat 6: Hero (small blind) folded before Flop


Poker Hand #HD1208389126: Hold'em No Limit  ($0.02/$0.05) - 2023/04/18 20:26:48
Table 'NLHBlue12' 6-max Seat #4 is the button
Seat 1: 9cdc8683 ($5.36 in chips)
Seat 2: e3a34632 ($5 in chips)
Seat 4: 663a3ffd ($5.4 in chips)
Seat 5: 761111b0 ($5.99 in chips)
Seat 6: Hero ($7.3 in chips)
761111b0: posts small blind $0.02
Hero: posts big blind $0.05
*** HOLE CARDS ***
Dealt to 9cdc8683 
Dealt to e3a34632 
Dealt to 663a3ffd 
Dealt to 761111b0 
Dealt to Hero [Qd 6s]
9cdc8683: folds
e3a34632: folds
663a3ffd: raises $0.05 to $0.1
761111b0: folds
Hero: folds
Uncalled bet ($0.05) returned to 663a3ffd
*** SHOWDOWN ***
663a3ffd collected $0.12 from pot
*** SUMMARY ***
Total pot $0.12 | Rake $0 | Jackpot $0 | Bingo $0 | Fortune $0
Seat 1: 9cdc8683 folded before Flop (didn't bet)
Seat 2: e3a34632 folded before Flop (didn't bet)
Seat 4: 663a3ffd (button) collected ($0.12)
Seat 5: 761111b0 (small blind) folded before Flop
Seat 6: Hero (big blind) folded before Flop


Poker Hand #HD1208389097: Hold'em No Limit  ($0.02/$0.05) - 2023/04/18 20:26:34
Table 'NLHBlue12' 6-max Seat #2 is the button
Seat 1: 9cdc8683 ($5.29 in chips)
Seat 2: e3a34632 ($5 in chips)
Seat 4: 663a3ffd ($5.42 in chips)
Seat 5: 761111b0 ($6.04 in chips)
Seat 6: Hero ($7.3 in chips)
663a3ffd: posts small blind $0.02
761111b0: posts big blind $0.05
*** HOLE CARDS ***
Dealt to 9cdc8683 
Dealt to e3a34632 
Dealt to 663a3ffd 
Dealt to 761111b0 
Dealt to Hero [4h 8s]
Hero: folds
9cdc8683: raises $0.1 to $0.15
e3a34632: folds
663a3ffd: folds
761111b0: folds
Uncalled bet ($0.1) returned to 9cdc8683
*** SHOWDOWN ***
9cdc8683 collected $0.12 from pot
*** SUMMARY ***
Total pot $0.12 | Rake $0 | Jackpot $0 | Bingo $0 | Fortune $0
Seat 1: 9cdc8683 collected ($0.12)
Seat 2: e3a34632 (button) folded before Flop (didn't bet)
Seat 4: 663a3ffd (small blind) folded before Flop
Seat 5: 761111b0 (big blind) folded before Flop
Seat 6: Hero folded before Flop (didn't bet)


Poker Hand #HD1208389051: Hold'em No Limit  ($0.02/$0.05) - 2023/04/18 20:26:05
Table 'NLHBlue12' 6-max Seat #1 is the button
Seat 1: 9cdc8683 ($5.29 in chips)
Seat 2: e3a34632 ($5.02 in chips)
Seat 3: 38ee893 ($5.11 in chips)
Seat 4: 663a3ffd ($5.35 in chips)
Seat 5: 761111b0 ($6.04 in chips)
Seat 6: Hero ($7.3 in chips)
e3a34632: posts small blind $0.02
38ee893: posts big blind $0.05
*** HOLE CARDS ***
Dealt to 9cdc8683 
Dealt to e3a34632 
Dealt to 38ee893 
Dealt to 663a3ffd 
Dealt to 761111b0 
Dealt to Hero [2h 5d]
663a3ffd: raises $0.05 to $0.1
761111b0: folds
Hero: folds
9cdc8683: folds
e3a34632: folds
38ee893: folds
Uncalled bet ($0.05) returned to 663a3ffd
*** SHOWDOWN ***
663a3ffd collected $0.12 from pot
*** SUMMARY ***
Total pot $0.12 | Rake $0 | Jackpot $0 | Bingo $0 | Fortune $0
Seat 1: 9cdc8683 (button) folded before Flop (didn't bet)
Seat 2: e3a34632 (small blind) folded before Flop
Seat 3: 38ee893 (big blind) folded before Flop
Seat 4: 663a3ffd collected ($0.12)
Seat 5: 761111b0 folded before Flop (didn't bet)
Seat 6: Hero folded before Flop (didn't bet)


Poker Hand #HD1208389032: Hold'em No Limit  ($0.02/$0.05) - 2023/04/18 20:25:57
Table 'NLHBlue12' 6-max Seat #6 is the button
Seat 1: 9cdc8683 ($5.31 in chips)
Seat 2: e3a34632 ($5 in chips)
Seat 3: 38ee893 ($5.11 in chips)
Seat 4: 663a3ffd ($5.35 in chips)
Seat 5: 761111b0 ($6.04 in chips)
Seat 6: Hero ($7.3 in chips)
9cdc8683: posts small blind $0.02
e3a34632: posts big blind $0.05
*** HOLE CARDS ***
Dealt to 9cdc8683 
Dealt to e3a34632 
Dealt to 38ee893 
Dealt to 663a3ffd 
Dealt to 761111b0 
Dealt to Hero [3d 4c]
38ee893: folds
663a3ffd: folds
761111b0: folds
Hero: folds
9cdc8683: folds
Uncalled bet ($0.03) returned to e3a34632
*** SHOWDOWN ***
e3a34632 collected $0.04 from pot
*** SUMMARY ***
Total pot $0.04 | Rake $0 | Jackpot $0 | Bingo $0 | Fortune $0
Seat 1: 9cdc8683 (small blind) folded before Flop
Seat 2: e3a34632 (big blind) collected ($0.04)
Seat 3: 38ee893 folded before Flop (didn't bet)
Seat 4: 663a3ffd folded before Flop (didn't bet)
Seat 5: 761111b0 folded before Flop (didn't bet)
Seat 6: Hero (button) folded before Flop (didn't bet)


Poker Hand #HD1208388976: Hold'em No Limit  ($0.02/$0.05) - 2023/04/18 20:25:27
Table 'NLHBlue12' 6-max Seat #5 is the button
Seat 1: 9cdc8683 ($5.36 in chips)
Seat 3: 38ee893 ($5.11 in chips)
Seat 4: 663a3ffd ($5.6 in chips)
Seat 5: 761111b0 ($5.74 in chips)
Seat 6: Hero ($7.32 in chips)
Hero: posts small blind $0.02
9cdc8683: posts big blind $0.05
*** HOLE CARDS ***
Dealt to 9cdc8683 
Dealt to 38ee893 
Dealt to 663a3ffd 
Dealt to 761111b0 
Dealt to Hero [7c Jd]
38ee893: folds
663a3ffd: raises $0.05 to $0.1
761111b0: calls $0.1
Hero: folds
9cdc8683: folds
*** FLOP *** [3s 3d Tc]
663a3ffd: checks
761111b0: bets $0.15
663a3ffd: calls $0.15
*** TURN *** [3s 3d Tc] [6d]
663a3ffd: checks
761111b0: bets $0.32
663a3ffd: folds
Uncalled bet ($0.32) returned to 761111b0
*** SHOWDOWN ***
761111b0 collected $0.55 from pot
*** SUMMARY ***
Total pot $0.57 | Rake $0.02 | Jackpot $0 | Bingo $0 | Fortune $0
Board [3s 3d Tc 6d]
Seat 1: 9cdc8683 (big blind) folded before Flop
Seat 3: 38ee893 folded before Flop (didn't bet)
Seat 4: 663a3ffd folded on the Turn
Seat 5: 761111b0 (button) won ($0.55)
Seat 6: Hero (small blind) folded before Flop


Poker Hand #HD1208388921: Hold'em No Limit  ($0.02/$0.05) - 2023/04/18 20:24:57
Table 'NLHBlue12' 6-max Seat #4 is the button
Seat 1: 9cdc8683 ($5.36 in chips)
Seat 3: 38ee893 ($5.11 in chips)
Seat 4: 663a3ffd ($5.7 in chips)
Seat 5: 761111b0 ($5.6 in chips)
Seat 6: Hero ($7.37 in chips)
761111b0: posts small blind $0.02
Hero: posts big blind $0.05
*** HOLE CARDS ***
Dealt to 9cdc8683 
Dealt to 38ee893 
Dealt to 663a3ffd 
Dealt to 761111b0 
Dealt to Hero [7d 6s]
9cdc8683: folds
38ee893: folds
663a3ffd: raises $0.05 to $0.1
761111b0: calls $0.08
Hero: folds
*** FLOP *** [9s 8s 8d]
761111b0: bets $0.14
663a3ffd: folds
Uncalled bet ($0.14) returned to 761111b0
*** SHOWDOWN ***
761111b0 collected $0.24 from pot
*** SUMMARY ***
Total pot $0.25 | Rake $0.01 | Jackpot $0 | Bingo $0 | Fortune $0
Board [9s 8s 8d]
Seat 1: 9cdc8683 folded before Flop (didn't bet)
Seat 3: 38ee893 folded before Flop (didn't bet)
Seat 4: 663a3ffd (button) folded on the Flop
Seat 5: 761111b0 (small blind) won ($0.24)
Seat 6: Hero (big blind) folded before Flop


Poker Hand #HD1208388880: Hold'em No Limit  ($0.02/$0.05) - 2023/04/18 20:24:29
Table 'NLHBlue12' 6-max Seat #3 is the button
Seat 1: 9cdc8683 ($5.36 in chips)
Seat 3: 38ee893 ($5 in chips)
Seat 4: 663a3ffd ($5.72 in chips)
Seat 5: 761111b0 ($5.7 in chips)
Seat 6: Hero ($7.37 in chips)
663a3ffd: posts small blind $0.02
761111b0: posts big blind $0.05
*** HOLE CARDS ***
Dealt to 9cdc8683 
Dealt to 38ee893 
Dealt to 663a3ffd 
Dealt to 761111b0 
Dealt to Hero [7s Ah]
Hero: folds
9cdc8683: folds
38ee893: raises $0.05 to $0.1
663a3ffd: folds
761111b0: calls $0.05
*** FLOP *** [Qs 6c 9s]
761111b0: checks
38ee893: bets $0.08
761111b0: folds
Uncalled bet ($0.08) returned to 38ee893
*** SHOWDOWN ***
38ee893 collected $0.21 from pot
*** SUMMARY ***
Total pot $0.22 | Rake $0.01 | Jackpot $0 | Bingo $0 | Fortune $0
Board [Qs 6c 9s]
Seat 1: 9cdc8683 folded before Flop (didn't bet)
Seat 3: 38ee893 (button) won ($0.21)
Seat 4: 663a3ffd (small blind) folded before Flop
Seat 5: 761111b0 (big blind) folded on the Flop
Seat 6: Hero folded before Flop (didn't bet)


Poker Hand #HD1208388825: Hold'em No Limit  ($0.02/$0.05) - 2023/04/18 20:23:55
Table 'NLHBlue12' 6-max Seat #1 is the button
Seat 1: 9cdc8683 ($5.36 in chips)
Seat 2: 1ccee678 ($8.13 in chips)
Seat 3: 38ee893 ($5 in chips)
Seat 4: 663a3ffd ($6.27 in chips)
Seat 5: 761111b0 ($5.7 in chips)
Seat 6: Hero ($6.8 in chips)
1ccee678: posts small blind $0.02
38ee893: posts big blind $0.05
*** HOLE CARDS ***
Dealt to 9cdc8683 
Dealt to 1ccee678 
Dealt to 38ee893 
Dealt to 663a3ffd 
Dealt to 761111b0 
Dealt to Hero [Jc Ac]
663a3ffd: raises $0.05 to $0.1
761111b0: folds
Hero: raises $0.2 to $0.3
9cdc8683: folds
1ccee678: folds
38ee893: folds
663a3ffd: calls $0.2
*** FLOP *** [6h 7d As]
663a3ffd: checks
Hero: bets $0.25
663a3ffd: calls $0.25
*** TURN *** [6h 7d As] [5h]
663a3ffd: checks
Hero: bets $0.43
663a3ffd: folds
Uncalled bet ($0.43) returned to Hero
*** SHOWDOWN ***
Hero collected $1.12 from pot
*** SUMMARY ***
Total pot $1.17 | Rake $0.05 | Jackpot $0 | Bingo $0 | Fortune $0
Board [6h 7d As 5h]
Seat 1: 9cdc8683 (button) folded before Flop (didn't bet)
Seat 2: 1ccee678 (small blind) folded before Flop
Seat 3: 38ee893 (big blind) folded before Flop
Seat 4: 663a3ffd folded on the Turn
Seat 5: 761111b0 folded before Flop (didn't bet)
Seat 6: Hero won ($1.12)


Poker Hand #HD1208388733: Hold'em No Limit  ($0.02/$0.05) - 2023/04/18 20:23:07
Table 'NLHBlue12' 6-max Seat #6 is the button
Seat 1: 9cdc8683 ($5.38 in chips)
Seat 2: 1ccee678 ($9.32 in chips)
Seat 3: 38ee893 ($5 in chips)
Seat 4: 663a3ffd ($5.22 in chips)
Seat 5: 761111b0 ($5.7 in chips)
Seat 6: Hero ($6.8 in chips)
9cdc8683: posts small blind $0.02
1ccee678: posts big blind $0.05
*** HOLE CARDS ***
Dealt to 9cdc8683 
Dealt to 1ccee678 
Dealt to 38ee893 
Dealt to 663a3ffd 
Dealt to 761111b0 
Dealt to Hero [2h 5c]
38ee893: folds
663a3ffd: raises $0.05 to $0.1
761111b0: folds
Hero: folds
9cdc8683: folds
1ccee678: raises $0.25 to $0.35
663a3ffd: calls $0.25
*** FLOP *** [Td 5h 6s]
1ccee678: bets $0.24
663a3ffd: calls $0.24
*** TURN *** [Td 5h 6s] [2c]
1ccee678: checks
663a3ffd: checks
*** RIVER *** [Td 5h 6s 2c] [7s]
1ccee678: bets $0.6
663a3ffd: calls $0.6
1ccee678: shows [Qc Qs] (Pair of Queens)
663a3ffd: shows [5d 7d] (Pair of Sevens and Pair of Fives)
*** SHOWDOWN ***
663a3ffd collected $2.24 from pot
*** SUMMARY ***
Total pot $2.4 | Rake $0.11 | Jackpot $0.05 | Bingo $0 | Fortune $0
Board [Td 5h 6s 2c 7s]
Seat 1: 9cdc8683 (small blind) folded before Flop
Seat 2: 1ccee678 (big blind) showed [Qc Qs] and lost with Pair of Queens
Seat 3: 38ee893 folded before Flop (didn't bet)
Seat 4: 663a3ffd showed [5d 7d] and won ($2.24) with Pair of Sevens and Pair of Fives
Seat 5: 761111b0 folded before Flop (didn't bet)
Seat 6: Hero (button) folded before Flop (didn't bet)


Poker Hand #HD1208388635: Hold'em No Limit  ($0.02/$0.05) - 2023/04/18 20:22:15
Table 'NLHBlue12' 6-max Seat #5 is the button
Seat 1: 9cdc8683 ($5.43 in chips)
Seat 2: 1ccee678 ($9.65 in chips)
Seat 3: 38ee893 ($5 in chips)
Seat 4: 663a3ffd ($4.85 in chips)
Seat 5: 761111b0 ($5.7 in chips)
Seat 6: Hero ($6.82 in chips)
Hero: posts small blind $0.02
9cdc8683: posts big blind $0.05
*** HOLE CARDS ***
Dealt to 9cdc8683 
Dealt to 1ccee678 
Dealt to 38ee893 
Dealt to 663a3ffd 
Dealt to 761111b0 
Dealt to Hero [Tc 8c]
1ccee678: raises $0.06 to $0.11
38ee893: folds
663a3ffd: calls $0.11
761111b0: folds
Hero: folds
9cdc8683: folds
*** FLOP *** [Td 4c 2s]
1ccee678: checks
663a3ffd: bets $0.22
1ccee678: calls $0.22
*** TURN *** [Td 4c 2s] [9s]
1ccee678: checks
663a3ffd: bets $0.55
1ccee678: folds
Uncalled bet ($0.55) returned to 663a3ffd
*** SHOWDOWN ***
663a3ffd collected $0.7 from pot
*** SUMMARY ***
Total pot $0.73 | Rake $0.03 | Jackpot $0 | Bingo $0 | Fortune $0
Board [Td 4c 2s 9s]
Seat 1: 9cdc8683 (big blind) folded before Flop
Seat 2: 1ccee678 folded on the Turn
Seat 3: 38ee893 folded before Flop (didn't bet)
Seat 4: 663a3ffd won ($0.7)
Seat 5: 761111b0 (button) folded before Flop (didn't bet)
Seat 6: Hero (small blind) folded before Flop


Poker Hand #HD1208388517: Hold'em No Limit  ($0.02/$0.05) - 2023/04/18 20:21:11
Table 'NLHBlue12' 6-max Seat #4 is the button
Seat 1: 9cdc8683 ($5.43 in chips)
Seat 2: 1ccee678 ($9.65 in chips)
Seat 3: 38ee893 ($5 in chips)
Seat 4: 663a3ffd ($5.62 in chips)
Seat 5: 761111b0 ($5 in chips)
Seat 6: Hero ($6.87 in chips)
761111b0: posts small blind $0.02
Hero: posts big blind $0.05
*** HOLE CARDS ***
Dealt to 9cdc8683 
Dealt to 1ccee678 
Dealt to 38ee893 
Dealt to 663a3ffd 
Dealt to 761111b0 
Dealt to Hero [3h Qc]
9cdc8683: folds
1ccee678: folds
38ee893: folds
663a3ffd: raises $0.1 to $0.15
761111b0: calls $0.13
Hero: folds
*** FLOP *** [3c Ts 6h]
761111b0: bets $0.2
663a3ffd: calls $0.2
*** TURN *** [3c Ts 6h] [5h]
761111b0: bets $0.42
663a3ffd: calls $0.42
*** RIVER *** [3c Ts 6h 5h] [Th]
761111b0: bets $0.88
663a3ffd: folds
Uncalled bet ($0.88) returned to 761111b0
*** SHOWDOWN ***
761111b0 collected $1.47 from pot
*** SUMMARY ***
Total pot $1.59 | Rake $0.07 | Jackpot $0.05 | Bingo $0 | Fortune $0
Board [3c Ts 6h 5h Th]
Seat 1: 9cdc8683 folded before Flop (didn't bet)
Seat 2: 1ccee678 folded before Flop (didn't bet)
Seat 3: 38ee893 folded before Flop (didn't bet)
Seat 4: 663a3ffd (button) folded on the River
Seat 5: 761111b0 (small blind) won ($1.47)
Seat 6: Hero (big blind) folded before Flop


Poker Hand #HD1208388491: Hold'em No Limit  ($0.02/$0.05) - 2023/04/18 20:20:56
Table 'NLHBlue12' 6-max Seat #3 is the button
Seat 1: 9cdc8683 ($5.36 in chips)
Seat 2: 1ccee678 ($9.65 in chips)
Seat 3: 38ee893 ($5 in chips)
Seat 4: 663a3ffd ($5.64 in chips)
Seat 5: 761111b0 ($5 in chips)
Seat 6: Hero ($6.87 in chips)
663a3ffd: posts small blind $0.02
761111b0: posts big blind $0.05
*** HOLE CARDS ***
Dealt to 9cdc8683 
Dealt to 1ccee678 
Dealt to 38ee893 
Dealt to 663a3ffd 
Dealt to 761111b0 
Dealt to Hero [5s 4c]
Hero: folds
9cdc8683: raises $0.1 to $0.15
1ccee678: folds
38ee893: folds
663a3ffd: folds
761111b0: folds
Uncalled bet ($0.1) returned to 9cdc8683
*** SHOWDOWN ***
9cdc8683 collected $0.12 from pot
*** SUMMARY ***
Total pot $0.12 | Rake $0 | Jackpot $0 | Bingo $0 | Fortune $0
Seat 1: 9cdc8683 collected ($0.12)
Seat 2: 1ccee678 folded before Flop (didn't bet)
Seat 3: 38ee893 (button) folded before Flop (didn't bet)
Seat 4: 663a3ffd (small blind) folded before Flop
Seat 5: 761111b0 (big blind) folded before Flop
Seat 6: Hero folded before Flop (didn't bet)


Poker Hand #HD1208388456: Hold'em No Limit  ($0.02/$0.05) - 2023/04/18 20:20:38
Table 'NLHBlue12' 6-max Seat #2 is the button
Seat 1: 9cdc8683 ($5.36 in chips)
Seat 2: 1ccee678 ($9.65 in chips)
Seat 3: 38ee893 ($5 in chips)
Seat 4: 663a3ffd ($5.62 in chips)
Seat 5: 761111b0 ($5 in chips)
Seat 6: Hero ($6.87 in chips)
38ee893: posts small blind $0.02
663a3ffd: posts big blind $0.05
*** HOLE CARDS ***
Dealt to 9cdc8683 
Dealt to 1ccee678 
Dealt to 38ee893 
Dealt to 663a3ffd 
Dealt to 761111b0 
Dealt to Hero [Ks 7h]
761111b0: folds
Hero: folds
9cdc8683: folds
1ccee678: folds
38ee893: folds
Uncalled bet ($0.03) returned to 663a3ffd
*** SHOWDOWN ***
663a3ffd collected $0.04 from pot
*** SUMMARY ***
Total pot $0.04 | Rake $0 | Jackpot $0 | Bingo $0 | Fortune $0
Seat 1: 9cdc8683 folded before Flop (didn't bet)
Seat 2: 1ccee678 (button) folded before Flop (didn't bet)
Seat 3: 38ee893 (small blind) folded before Flop
Seat 4: 663a3ffd (big blind) collected ($0.04)
Seat 5: 761111b0 folded before Flop (didn't bet)
Seat 6: Hero folded before Flop (didn't bet)


Poker Hand #HD1208388422: Hold'em No Limit  ($0.02/$0.05) - 2023/04/18 20:20:19
Table 'NLHBlue12' 6-max Seat #1 is the button
Seat 1: 9cdc8683 ($5.2 in chips)
Seat 2: 1ccee678 ($9.67 in chips)
Seat 3: 38ee893 ($5 in chips)
Seat 4: 663a3ffd ($5.72 in chips)
Seat 5: 761111b0 ($5 in chips)
Seat 6: Hero ($6.87 in chips)
1ccee678: posts small blind $0.02
38ee893: posts big blind $0.05
*** HOLE CARDS ***
Dealt to 9cdc8683 
Dealt to 1ccee678 
Dealt to 38ee893 
Dealt to 663a3ffd 
Dealt to 761111b0 
Dealt to Hero [Ts 3d]
663a3ffd: raises $0.05 to $0.1
761111b0: folds
Hero: folds
9cdc8683: raises $0.2 to $0.3
1ccee678: folds
38ee893: folds
663a3ffd: folds
Uncalled bet ($0.2) returned to 9cdc8683
*** SHOWDOWN ***
9cdc8683 collected $0.26 from pot
*** SUMMARY ***
Total pot $0.27 | Rake $0.01 | Jackpot $0 | Bingo $0 | Fortune $0
Seat 1: 9cdc8683 (button) collected ($0.26)
Seat 2: 1ccee678 (small blind) folded before Flop
Seat 3: 38ee893 (big blind) folded before Flop
Seat 4: 663a3ffd folded before Flop
Seat 5: 761111b0 folded before Flop (didn't bet)
Seat 6: Hero folded before Flop (didn't bet)


Poker Hand #HD1208388268: Hold'em No Limit  ($0.02/$0.05) - 2023/04/18 20:18:54
Table 'NLHBlue12' 6-max Seat #6 is the button
Seat 1: 9cdc8683 ($5.22 in chips)
Seat 2: 1ccee678 ($9.72 in chips)
Seat 3: 38ee893 ($5 in chips)
Seat 4: 663a3ffd ($5.72 in chips)
Seat 5: 761111b0 ($5 in chips)
Seat 6: Hero ($6.87 in chips)
9cdc8683: posts small blind $0.02
1ccee678: posts big blind $0.05
*** HOLE CARDS ***
Dealt to 9cdc8683 
Dealt to 1ccee678 
Dealt to 38ee893 
Dealt to 663a3ffd 
Dealt to 761111b0 
Dealt to Hero [4d 7h]
38ee893: raises $0.1 to $0.15
663a3ffd: folds
761111b0: folds
Hero: folds
9cdc8683: folds
1ccee678: calls $0.1
*** FLOP *** [7d Kh Jd]
1ccee678: checks
38ee893: bets $0.11
1ccee678: calls $0.11
*** TURN *** [7d Kh Jd] [Th]
1ccee678: bets $0.28
38ee893: calls $0.28
*** RIVER *** [7d Kh Jd Th] [Qh]
1ccee678: checks
38ee893: bets $0.37
1ccee678: calls $0.37
38ee893: shows [Jh Ad] (Aces-High Straight)
1ccee678: shows [As Qc] (Aces-High Straight)
*** SHOWDOWN ***
1ccee678 collected $0.86 from pot
38ee893 collected $0.85 from pot
*** SUMMARY ***
Total pot $1.84 | Rake $0.08 | Jackpot $0.05 | Bingo $0 | Fortune $0
Board [7d Kh Jd Th Qh]
Seat 1: 9cdc8683 (small blind) folded before Flop
Seat 2: 1ccee678 (big blind) showed [As Qc] and won ($0.86) with Aces-High Straight
Seat 3: 38ee893 showed [Jh Ad] and won ($0.85) with Aces-High Straight
Seat 4: 663a3ffd folded before Flop (didn't bet)
Seat 5: 761111b0 folded before Flop (didn't bet)
Seat 6: Hero (button) folded before Flop (didn't bet)


Poker Hand #HD1208388232: Hold'em No Limit  ($0.02/$0.05) - 2023/04/18 20:18:31
Table 'NLHBlue12' 6-max Seat #5 is the button
Seat 1: 9cdc8683 ($5.27 in chips)
Seat 2: 1ccee678 ($9.72 in chips)
Seat 3: 38ee893 ($5 in chips)
Seat 4: 663a3ffd ($5.65 in chips)
Seat 5: 761111b0 ($5 in chips)
Seat 6: Hero ($6.89 in chips)
Hero: posts small blind $0.02
9cdc8683: posts big blind $0.05
*** HOLE CARDS ***
Dealt to 9cdc8683 
Dealt to 1ccee678 
Dealt to 38ee893 
Dealt to 663a3ffd 
Dealt to 761111b0 
Dealt to Hero [9d Qd]
1ccee678: folds
38ee893: folds
663a3ffd: raises $0.05 to $0.1
761111b0: folds
Hero: folds
9cdc8683: folds
Uncalled bet ($0.05) returned to 663a3ffd
*** SHOWDOWN ***
663a3ffd collected $0.12 from pot
*** SUMMARY ***
Total pot $0.12 | Rake $0 | Jackpot $0 | Bingo $0 | Fortune $0
Seat 1: 9cdc8683 (big blind) folded before Flop
Seat 2: 1ccee678 folded before Flop (didn't bet)
Seat 3: 38ee893 folded before Flop (didn't bet)
Seat 4: 663a3ffd collected ($0.12)
Seat 5: 761111b0 (button) folded before Flop (didn't bet)
Seat 6: Hero (small blind) folded before Flop


Poker Hand #HD1208388135: Hold'em No Limit  ($0.02/$0.05) - 2023/04/18 20:17:37
Table 'NLHBlue12' 6-max Seat #4 is the button
Seat 1: 9cdc8683 ($5.27 in chips)
Seat 2: 1ccee678 ($9.72 in chips)
Seat 3: 38ee893 ($5.27 in chips)
Seat 4: 663a3ffd ($5 in chips)
Seat 5: 761111b0 ($5 in chips)
Seat 6: Hero ($6.94 in chips)
761111b0: posts small blind $0.02
Hero: posts big blind $0.05
*** HOLE CARDS ***
Dealt to 9cdc8683 
Dealt to 1ccee678 
Dealt to 38ee893 
Dealt to 663a3ffd 
Dealt to 761111b0 
Dealt to Hero [Qs 8h]
9cdc8683: folds
1ccee678: folds
38ee893: raises $0.08 to $0.13
663a3ffd: calls $0.13
761111b0: folds
Hero: folds
*** FLOP *** [5c 4s 3c]
38ee893: checks
663a3ffd: bets $0.17
38ee893: calls $0.17
*** TURN *** [5c 4s 3c] [7s]
38ee893: checks
663a3ffd: bets $0.34
38ee893: calls $0.34
*** RIVER *** [5c 4s 3c 7s] [Jh]
38ee893: checks
663a3ffd: bets $1.35
38ee893: folds
Uncalled bet ($1.35) returned to 663a3ffd
*** SHOWDOWN ***
663a3ffd collected $1.29 from pot
*** SUMMARY ***
Total pot $1.35 | Rake $0.06 | Jackpot $0 | Bingo $0 | Fortune $0
Board [5c 4s 3c 7s Jh]
Seat 1: 9cdc8683 folded before Flop (didn't bet)
Seat 2: 1ccee678 folded before Flop (didn't bet)
Seat 3: 38ee893 folded on the River
Seat 4: 663a3ffd (button) won ($1.29)
Seat 5: 761111b0 (small blind) folded before Flop
Seat 6: Hero (big blind) folded before Flop


Poker Hand #HD1208388053: Hold'em No Limit  ($0.02/$0.05) - 2023/04/18 20:16:55
Table 'NLHBlue12' 6-max Seat #3 is the button
Seat 1: 9cdc8683 ($5.27 in chips)
Seat 2: 1ccee678 ($9.72 in chips)
Seat 3: 38ee893 ($5.05 in chips)
Seat 4: 663a3ffd ($5.19 in chips)
Seat 5: 761111b0 ($5 in chips)
Seat 6: Hero ($6.94 in chips)
663a3ffd: posts small blind $0.02
761111b0: posts big blind $0.05
*** HOLE CARDS ***
Dealt to 9cdc8683 
Dealt to 1ccee678 
Dealt to 38ee893 
Dealt to 663a3ffd 
Dealt to 761111b0 
Dealt to Hero [Th 8h]
Hero: folds
9cdc8683: folds
1ccee678: folds
38ee893: raises $0.05 to $0.1
663a3ffd: calls $0.08
761111b0: folds
*** FLOP *** [Jc 3c 7s]
663a3ffd: checks
38ee893: bets $0.09
663a3ffd: calls $0.09
*** TURN *** [Jc 3c 7s] [9c]
663a3ffd: checks
38ee893: bets $0.33
663a3ffd: folds
Uncalled bet ($0.33) returned to 38ee893
*** SHOWDOWN ***
38ee893 collected $0.41 from pot
*** SUMMARY ***
Total pot $0.43 | Rake $0.02 | Jackpot $0 | Bingo $0 | Fortune $0
Board [Jc 3c 7s 9c]
Seat 1: 9cdc8683 folded before Flop (didn't bet)
Seat 2: 1ccee678 folded before Flop (didn't bet)
Seat 3: 38ee893 (button) won ($0.41)
Seat 4: 663a3ffd (small blind) folded on the Turn
Seat 5: 761111b0 (big blind) folded before Flop
Seat 6: Hero folded before Flop (didn't bet)


Poker Hand #HD1208388022: Hold'em No Limit  ($0.02/$0.05) - 2023/04/18 20:16:38
Table 'NLHBlue12' 6-max Seat #2 is the button
Seat 1: 9cdc8683 ($5.27 in chips)
Seat 2: 1ccee678 ($9.72 in chips)
Seat 3: 38ee893 ($5 in chips)
Seat 4: 663a3ffd ($5.24 in chips)
Seat 5: 761111b0 ($5 in chips)
Seat 6: Hero ($6.94 in chips)
38ee893: posts small blind $0.02
663a3ffd: posts big blind $0.05
*** HOLE CARDS ***
Dealt to 9cdc8683 
Dealt to 1ccee678 
Dealt to 38ee893 
Dealt to 663a3ffd 
Dealt to 761111b0 
Dealt to Hero [9s 8d]
761111b0: folds
Hero: folds
9cdc8683: folds
1ccee678: folds
38ee893: raises $0.1 to $0.15
663a3ffd: folds
Uncalled bet ($0.1) returned to 38ee893
*** SHOWDOWN ***
38ee893 collected $0.1 from pot
*** SUMMARY ***
Total pot $0.1 | Rake $0 | Jackpot $0 | Bingo $0 | Fortune $0
Seat 1: 9cdc8683 folded before Flop (didn't bet)
Seat 2: 1ccee678 (button) folded before Flop (didn't bet)
Seat 3: 38ee893 (small blind) collected ($0.1)
Seat 4: 663a3ffd (big blind) folded before Flop
Seat 5: 761111b0 folded before Flop (didn't bet)
Seat 6: Hero folded before Flop (didn't bet)


Poker Hand #HD1208387984: Hold'em No Limit  ($0.02/$0.05) - 2023/04/18 20:16:14
Table 'NLHBlue12' 6-max Seat #1 is the button
Seat 1: 9cdc8683 ($5.27 in chips)
Seat 2: 1ccee678 ($9.74 in chips)
Seat 3: 38ee893 ($5 in chips)
Seat 4: 663a3ffd ($5.34 in chips)
Seat 5: 761111b0 ($5 in chips)
Seat 6: Hero ($6.78 in chips)
1ccee678: posts small blind $0.02
38ee893: posts big blind $0.05
*** HOLE CARDS ***
Dealt to 9cdc8683 
Dealt to 1ccee678 
Dealt to 38ee893 
Dealt to 663a3ffd 
Dealt to 761111b0 
Dealt to Hero [Kh Jh]
663a3ffd: raises $0.05 to $0.1
761111b0: folds
Hero: raises $0.2 to $0.3
9cdc8683: folds
1ccee678: folds
38ee893: folds
663a3ffd: folds
Uncalled bet ($0.2) returned to Hero
*** SHOWDOWN ***
Hero collected $0.26 from pot
*** SUMMARY ***
Total pot $0.27 | Rake $0.01 | Jackpot $0 | Bingo $0 | Fortune $0
Seat 1: 9cdc8683 (button) folded before Flop (didn't bet)
Seat 2: 1ccee678 (small blind) folded before Flop
Seat 3: 38ee893 (big blind) folded before Flop
Seat 4: 663a3ffd folded before Flop
Seat 5: 761111b0 folded before Flop (didn't bet)
Seat 6: Hero collected ($0.26)


Poker Hand #HD1208387911: Hold'em No Limit  ($0.02/$0.05) - 2023/04/18 20:15:31
Table 'NLHBlue12' 6-max Seat #6 is the button
Seat 1: 9cdc8683 ($5.29 in chips)
Seat 2: 1ccee678 ($9.84 in chips)
Seat 3: 38ee893 ($5 in chips)
Seat 4: 663a3ffd ($5.23 in chips)
Seat 5: 761111b0 ($5 in chips)
Seat 6: Hero ($6.78 in chips)
9cdc8683: posts small blind $0.02
1ccee678: posts big blind $0.05
*** HOLE CARDS ***
Dealt to 9cdc8683 
Dealt to 1ccee678 
Dealt to 38ee893 
Dealt to 663a3ffd 
Dealt to 761111b0 
Dealt to Hero [6s Jd]
38ee893: folds
663a3ffd: raises $0.05 to $0.1
761111b0: folds
Hero: folds
9cdc8683: folds
1ccee678: calls $0.05
*** FLOP *** [3s 8c 8h]
1ccee678: checks
663a3ffd: bets $0.17
1ccee678: folds
Uncalled bet ($0.17) returned to 663a3ffd
*** SHOWDOWN ***
663a3ffd collected $0.21 from pot
*** SUMMARY ***
Total pot $0.22 | Rake $0.01 | Jackpot $0 | Bingo $0 | Fortune $0
Board [3s 8c 8h]
Seat 1: 9cdc8683 (small blind) folded before Flop
Seat 2: 1ccee678 (big blind) folded on the Flop
Seat 3: 38ee893 folded before Flop (didn't bet)
Seat 4: 663a3ffd won ($0.21)
Seat 5: 761111b0 folded before Flop (didn't bet)
Seat 6: Hero (button) folded before Flop (didn't bet)


Poker Hand #HD1208387857: Hold'em No Limit  ($0.02/$0.05) - 2023/04/18 20:15:05
Table 'NLHBlue12' 6-max Seat #5 is the button
Seat 1: 9cdc8683 ($5.34 in chips)
Seat 2: 1ccee678 ($9.84 in chips)
Seat 3: 38ee893 ($5 in chips)
Seat 4: 663a3ffd ($5.23 in chips)
Seat 5: 761111b0 ($5 in chips)
Seat 6: Hero ($6.59 in chips)
Hero: posts small blind $0.02
9cdc8683: posts big blind $0.05
*** HOLE CARDS ***
Dealt to 9cdc8683 
Dealt to 1ccee678 
Dealt to 38ee893 
Dealt to 663a3ffd 
Dealt to 761111b0 
Dealt to Hero [Kh Kc]
1ccee678: folds
38ee893: raises $0.1 to $0.15
663a3ffd: folds
761111b0: folds
Hero: raises $0.53 to $0.68
9cdc8683: folds
38ee893: folds
Uncalled bet ($0.53) returned to Hero
*** SHOWDOWN ***
Hero collected $0.34 from pot
*** SUMMARY ***
Total pot $0.35 | Rake $0.01 | Jackpot $0 | Bingo $0 | Fortune $0
Seat 1: 9cdc8683 (big blind) folded before Flop
Seat 2: 1ccee678 folded before Flop (didn't bet)
Seat 3: 38ee893 folded before Flop
Seat 4: 663a3ffd folded before Flop (didn't bet)
Seat 5: 761111b0 (button) folded before Flop (didn't bet)
Seat 6: Hero (small blind) collected ($0.34)


Poker Hand #HD1208387784: Hold'em No Limit  ($0.02/$0.05) - 2023/04/18 20:14:32
Table 'NLHBlue12' 6-max Seat #4 is the button
Seat 1: 9cdc8683 ($5.34 in chips)
Seat 2: 1ccee678 ($9.84 in chips)
Seat 3: 38ee893 ($5 in chips)
Seat 4: 663a3ffd ($6.18 in chips)
Seat 5: 761111b0 ($5 in chips)
Seat 6: Hero ($5.76 in chips)
761111b0: posts small blind $0.02
Hero: posts big blind $0.05
*** HOLE CARDS ***
Dealt to 9cdc8683 
Dealt to 1ccee678 
Dealt to 38ee893 
Dealt to 663a3ffd 
Dealt to 761111b0 
Dealt to Hero [Kh 9c]
9cdc8683: folds
1ccee678: folds
38ee893: folds
663a3ffd: raises $0.05 to $0.1
761111b0: folds
Hero: calls $0.05
*** FLOP *** [3s 8c 9h]
Hero: bets $0.08
663a3ffd: calls $0.08
*** TURN *** [3s 8c 9h] [6h]
Hero: bets $0.29
663a3ffd: calls $0.29
*** RIVER *** [3s 8c 9h 6h] [4d]
Hero: bets $0.48
663a3ffd: calls $0.48
Hero: shows [Kh 9c] (Pair of Nines)
663a3ffd: shows [5c 6d] (Pair of Sixes)
*** SHOWDOWN ***
Hero collected $1.78 from pot
*** SUMMARY ***
Total pot $1.92 | Rake $0.09 | Jackpot $0.05 | Bingo $0 | Fortune $0
Board [3s 8c 9h 6h 4d]
Seat 1: 9cdc8683 folded before Flop (didn't bet)
Seat 2: 1ccee678 folded before Flop (didn't bet)
Seat 3: 38ee893 folded before Flop (didn't bet)
Seat 4: 663a3ffd (button) showed [5c 6d] and lost with Pair of Sixes
Seat 5: 761111b0 (small blind) folded before Flop
Seat 6: Hero (big blind) showed [Kh 9c] and won ($1.78) with Pair of Nines


Poker Hand #HD1208387689: Hold'em No Limit  ($0.02/$0.05) - 2023/04/18 20:13:41
Table 'NLHBlue12' 6-max Seat #3 is the button
Seat 1: 9cdc8683 ($5.34 in chips)
Seat 2: 1ccee678 ($10.15 in chips)
Seat 3: 38ee893 ($5 in chips)
Seat 4: 663a3ffd ($6.2 in chips)
Seat 5: 761111b0 ($5 in chips)
Seat 6: Hero ($5.34 in chips)
663a3ffd: posts small blind $0.02
761111b0: posts big blind $0.05
*** HOLE CARDS ***
Dealt to 9cdc8683 
Dealt to 1ccee678 
Dealt to 38ee893 
Dealt to 663a3ffd 
Dealt to 761111b0 
Dealt to Hero [7c 7h]
Hero: raises $0.07 to $0.12
9cdc8683: folds
1ccee678: calls $0.12
38ee893: folds
663a3ffd: folds
761111b0: calls $0.07
*** FLOP *** [9d 3s 5s]
761111b0: checks
Hero: bets $0.19
1ccee678: calls $0.19
761111b0: folds
*** TURN *** [9d 3s 5s] [7s]
Hero: bets $0.38
1ccee678: folds
Uncalled bet ($0.38) returned to Hero
*** SHOWDOWN ***
Hero collected $0.73 from pot
*** SUMMARY ***
Total pot $0.76 | Rake $0.03 | Jackpot $0 | Bingo $0 | Fortune $0
Board [9d 3s 5s 7s]
Seat 1: 9cdc8683 folded before Flop (didn't bet)
Seat 2: 1ccee678 folded on the Turn
Seat 3: 38ee893 (button) folded before Flop (didn't bet)
Seat 4: 663a3ffd (small blind) folded before Flop
Seat 5: 761111b0 (big blind) folded on the Flop
Seat 6: Hero won ($0.73)


Poker Hand #HD1208387636: Hold'em No Limit  ($0.02/$0.05) - 2023/04/18 20:13:12
Table 'NLHBlue12' 6-max Seat #2 is the button
Seat 1: 9cdc8683 ($5.34 in chips)
Seat 2: 1ccee678 ($10.03 in chips)
Seat 3: 38ee893 ($5 in chips)
Seat 4: 663a3ffd ($6.31 in chips)
Seat 6: Hero ($5.34 in chips)
38ee893: posts small blind $0.02
663a3ffd: posts big blind $0.05
*** HOLE CARDS ***
Dealt to 9cdc8683 
Dealt to 1ccee678 
Dealt to 38ee893 
Dealt to 663a3ffd 
Dealt to Hero [3s 8h]
Hero: folds
9cdc8683: folds
1ccee678: raises $0.06 to $0.11
38ee893: folds
663a3ffd: calls $0.06
*** FLOP *** [Th Tc 9h]
663a3ffd: checks
1ccee678: bets $0.08
663a3ffd: folds
Uncalled bet ($0.08) returned to 1ccee678
*** SHOWDOWN ***
1ccee678 collected $0.23 from pot
*** SUMMARY ***
Total pot $0.24 | Rake $0.01 | Jackpot $0 | Bingo $0 | Fortune $0
Board [Th Tc 9h]
Seat 1: 9cdc8683 folded before Flop (didn't bet)
Seat 2: 1ccee678 (button) won ($0.23)
Seat 3: 38ee893 (small blind) folded before Flop
Seat 4: 663a3ffd (big blind) folded on the Flop
Seat 6: Hero folded before Flop (didn't bet)


Poker Hand #HD1208387588: Hold'em No Limit  ($0.02/$0.05) - 2023/04/18 20:12:47
Table 'NLHBlue12' 6-max Seat #1 is the button
Seat 1: 9cdc8683 ($5.23 in chips)
Seat 2: 1ccee678 ($10.05 in chips)
Seat 3: 38ee893 ($5 in chips)
Seat 4: 663a3ffd ($6.31 in chips)
Seat 6: Hero ($5.34 in chips)
1ccee678: posts small blind $0.02
38ee893: posts big blind $0.05
*** HOLE CARDS ***
Dealt to 9cdc8683 
Dealt to 1ccee678 
Dealt to 38ee893 
Dealt to 663a3ffd 
Dealt to Hero [8h Qs]
663a3ffd: folds
Hero: folds
9cdc8683: raises $0.05 to $0.1
1ccee678: folds
38ee893: calls $0.05
*** FLOP *** [Kh Kd 2c]
38ee893: checks
9cdc8683: bets $0.08
38ee893: folds
Uncalled bet ($0.08) returned to 9cdc8683
*** SHOWDOWN ***
9cdc8683 collected $0.21 from pot
*** SUMMARY ***
Total pot $0.22 | Rake $0.01 | Jackpot $0 | Bingo $0 | Fortune $0
Board [Kh Kd 2c]
Seat 1: 9cdc8683 (button) won ($0.21)
Seat 2: 1ccee678 (small blind) folded before Flop
Seat 3: 38ee893 (big blind) folded on the Flop
Seat 4: 663a3ffd folded before Flop (didn't bet)
Seat 6: Hero folded before Flop (didn't bet)


Poker Hand #HD1208387558: Hold'em No Limit  ($0.02/$0.05) - 2023/04/18 20:12:31
Table 'NLHBlue12' 6-max Seat #6 is the button
Seat 1: 9cdc8683 ($5.25 in chips)
Seat 2: 1ccee678 ($10.1 in chips)
Seat 3: 38ee893 ($5 in chips)
Seat 4: 663a3ffd ($6.24 in chips)
Seat 6: Hero ($5.34 in chips)
9cdc8683: posts small blind $0.02
1ccee678: posts big blind $0.05
*** HOLE CARDS ***
Dealt to 9cdc8683 
Dealt to 1ccee678 
Dealt to 38ee893 
Dealt to 663a3ffd 
Dealt to Hero [4h 9s]
38ee893: folds
663a3ffd: raises $0.05 to $0.1
Hero: folds
9cdc8683: folds
1ccee678: folds
Uncalled bet ($0.05) returned to 663a3ffd
*** SHOWDOWN ***
663a3ffd collected $0.12 from pot
*** SUMMARY ***
Total pot $0.12 | Rake $0 | Jackpot $0 | Bingo $0 | Fortune $0
Seat 1: 9cdc8683 (small blind) folded before Flop
Seat 2: 1ccee678 (big blind) folded before Flop
Seat 3: 38ee893 folded before Flop (didn't bet)
Seat 4: 663a3ffd collected ($0.12)
Seat 6: Hero (button) folded before Flop (didn't bet)


Poker Hand #HD1208387463: Hold'em No Limit  ($0.02/$0.05) - 2023/04/18 20:11:35
Table 'NLHBlue12' 6-max Seat #4 is the button
Seat 1: 9cdc8683 ($5.25 in chips)
Seat 2: 1ccee678 ($10.1 in chips)
Seat 3: 38ee893 ($5 in chips)
Seat 4: 663a3ffd ($4.67 in chips)
Seat 5: 47894134 ($1.25 in chips)
Seat 6: Hero ($5.39 in chips)
47894134: posts small blind $0.02
Hero: posts big blind $0.05
*** HOLE CARDS ***
Dealt to 9cdc8683 
Dealt to 1ccee678 
Dealt to 38ee893 
Dealt to 663a3ffd 
Dealt to 47894134 
Dealt to Hero [3s 9h]
9cdc8683: folds
1ccee678: folds
38ee893: raises $0.08 to $0.13
663a3ffd: raises $0.33 to $0.46
47894134: calls $0.44
Hero: folds
38ee893: calls $0.33
*** FLOP *** [Qd 4h Qs]
47894134: bets $0.79 and is all-in
38ee893: folds
663a3ffd: calls $0.79
47894134: shows [6s 6d] (Pair of Queens and Pair of Sixes)
663a3ffd: shows [Jh Js] (Pair of Queens and Pair of Jacks)
*** TURN *** [Qd 4h Qs] [Qh]
*** RIVER *** [Qd 4h Qs Qh] [3d]
*** SHOWDOWN ***
663a3ffd collected $2.82 from pot
*** SUMMARY ***
Total pot $3.01 | Rake $0.14 | Jackpot $0.05 | Bingo $0 | Fortune $0
Board [Qd 4h Qs Qh 3d]
Seat 1: 9cdc8683 folded before Flop (didn't bet)
Seat 2: 1ccee678 folded before Flop (didn't bet)
Seat 3: 38ee893 folded on the Flop
Seat 4: 663a3ffd (button) showed [Jh Js] and won ($2.82) with Queens Full over Jacks
Seat 5: 47894134 (small blind) showed [6s 6d] and lost with Queens Full over Sixes
Seat 6: Hero (big blind) folded before Flop


Poker Hand #HD1208387423: Hold'em No Limit  ($0.02/$0.05) - 2023/04/18 20:11:21
Table 'NLHBlue12' 6-max Seat #3 is the button
Seat 1: 9cdc8683 ($5.25 in chips)
Seat 2: 1ccee678 ($10.1 in chips)
Seat 3: 38ee893 ($5 in chips)
Seat 4: 663a3ffd ($4.62 in chips)
Seat 5: 47894134 ($1.3 in chips)
Seat 6: Hero ($5.39 in chips)
663a3ffd: posts small blind $0.02
47894134: posts big blind $0.05
*** HOLE CARDS ***
Dealt to 9cdc8683 
Dealt to 1ccee678 
Dealt to 38ee893 
Dealt to 663a3ffd 
Dealt to 47894134 
Dealt to Hero [Tc 4h]
Hero: folds
9cdc8683: folds
1ccee678: folds
38ee893: folds
663a3ffd: raises $0.15 to $0.2
47894134: folds
Uncalled bet ($0.15) returned to 663a3ffd
*** SHOWDOWN ***
663a3ffd collected $0.1 from pot
*** SUMMARY ***
Total pot $0.1 | Rake $0 | Jackpot $0 | Bingo $0 | Fortune $0
Seat 1: 9cdc8683 folded before Flop (didn't bet)
Seat 2: 1ccee678 folded before Flop (didn't bet)
Seat 3: 38ee893 (button) folded before Flop (didn't bet)
Seat 4: 663a3ffd (small blind) collected ($0.1)
Seat 5: 47894134 (big blind) folded before Flop
Seat 6: Hero folded before Flop (didn't bet)


Poker Hand #HD1208387358: Hold'em No Limit  ($0.02/$0.05) - 2023/04/18 20:10:43
Table 'NLHBlue12' 6-max Seat #2 is the button
Seat 1: 9cdc8683 ($5 in chips)
Seat 2: 1ccee678 ($10.1 in chips)
Seat 3: 38ee893 ($5.02 in chips)
Seat 4: 663a3ffd ($4.67 in chips)
Seat 5: 47894134 ($1.5 in chips)
Seat 6: Hero ($5.39 in chips)
38ee893: posts small blind $0.02
663a3ffd: posts big blind $0.05
*** HOLE CARDS ***
Dealt to 9cdc8683 
Dealt to 1ccee678 
Dealt to 38ee893 
Dealt to 663a3ffd 
Dealt to 47894134 
Dealt to Hero [2h 9h]
47894134: calls $0.05
Hero: folds
9cdc8683: raises $0.15 to $0.2
1ccee678: folds
38ee893: folds
663a3ffd: folds
47894134: calls $0.15
*** FLOP *** [4s Ks 8d]
47894134: checks
9cdc8683: bets $0.16
47894134: folds
Uncalled bet ($0.16) returned to 9cdc8683
*** SHOWDOWN ***
9cdc8683 collected $0.45 from pot
*** SUMMARY ***
Total pot $0.47 | Rake $0.02 | Jackpot $0 | Bingo $0 | Fortune $0
Board [4s Ks 8d]
Seat 1: 9cdc8683 won ($0.45)
Seat 2: 1ccee678 (button) folded before Flop (didn't bet)
Seat 3: 38ee893 (small blind) folded before Flop
Seat 4: 663a3ffd (big blind) folded before Flop
Seat 5: 47894134 folded on the Flop
Seat 6: Hero folded before Flop (didn't bet)


Poker Hand #HD1208387333: Hold'em No Limit  ($0.02/$0.05) - 2023/04/18 20:10:32
Table 'NLHBlue12' 6-max Seat #1 is the button
Seat 1: 9cdc8683 ($5 in chips)
Seat 2: 1ccee678 ($10.12 in chips)
Seat 3: 38ee893 ($5 in chips)
Seat 4: 663a3ffd ($4.67 in chips)
Seat 5: 47894134 ($1.5 in chips)
Seat 6: Hero ($5.39 in chips)
1ccee678: posts small blind $0.02
38ee893: posts big blind $0.05
*** HOLE CARDS ***
Dealt to 9cdc8683 
Dealt to 1ccee678 
Dealt to 38ee893 
Dealt to 663a3ffd 
Dealt to 47894134 
Dealt to Hero [4h Th]
663a3ffd: folds
47894134: folds
Hero: folds
9cdc8683: folds
1ccee678: folds
Uncalled bet ($0.03) returned to 38ee893
*** SHOWDOWN ***
38ee893 collected $0.04 from pot
*** SUMMARY ***
Total pot $0.04 | Rake $0 | Jackpot $0 | Bingo $0 | Fortune $0
Seat 1: 9cdc8683 (button) folded before Flop (didn't bet)
Seat 2: 1ccee678 (small blind) folded before Flop
Seat 3: 38ee893 (big blind) collected ($0.04)
Seat 4: 663a3ffd folded before Flop (didn't bet)
Seat 5: 47894134 folded before Flop (didn't bet)
Seat 6: Hero folded before Flop (didn't bet)


Poker Hand #HD1208387178: Hold'em No Limit  ($0.02/$0.05) - 2023/04/18 20:09:10
Table 'NLHBlue12' 6-max Seat #6 is the button
Seat 1: 9cdc8683 ($5 in chips)
Seat 2: 1ccee678 ($9.36 in chips)
Seat 3: 38ee893 ($5.49 in chips)
Seat 4: 663a3ffd ($4.67 in chips)
Seat 5: 47894134 ($1.5 in chips)
Seat 6: Hero ($5.39 in chips)
9cdc8683: posts small blind $0.02
1ccee678: posts big blind $0.05
*** HOLE CARDS ***
Dealt to 9cdc8683 
Dealt to 1ccee678 
Dealt to 38ee893 
Dealt to 663a3ffd 
Dealt to 47894134 
Dealt to Hero [7s 3h]
38ee893: raises $0.1 to $0.15
663a3ffd: folds
47894134: folds
Hero: folds
9cdc8683: folds
1ccee678: raises $0.35 to $0.5
38ee893: calls $0.35
*** FLOP *** [Ks 5s Js]
1ccee678: checks
38ee893: checks
*** TURN *** [Ks 5s Js] [Kc]
1ccee678: bets $0.37
38ee893: calls $0.37
*** RIVER *** [Ks 5s Js Kc] [6d]
1ccee678: checks
38ee893: checks
1ccee678: shows [Qh Qd] (Pair of Kings and Pair of Queens)
38ee893: shows [Ah 6h] (Pair of Kings and Pair of Sixes)
*** SHOWDOWN ***
1ccee678 collected $1.63 from pot
*** SUMMARY ***
Total pot $1.76 | Rake $0.08 | Jackpot $0.05 | Bingo $0 | Fortune $0
Board [Ks 5s Js Kc 6d]
Seat 1: 9cdc8683 (small blind) folded before Flop
Seat 2: 1ccee678 (big blind) showed [Qh Qd] and won ($1.63) with Pair of Kings and Pair of Queens
Seat 3: 38ee893 showed [Ah 6h] and lost with Pair of Kings and Pair of Sixes
Seat 4: 663a3ffd folded before Flop (didn't bet)
Seat 5: 47894134 folded before Flop (didn't bet)
Seat 6: Hero (button) folded before Flop (didn't bet)


Poker Hand #HD1208387150: Hold'em No Limit  ($0.02/$0.05) - 2023/04/18 20:08:55
Table 'NLHBlue12' 6-max Seat #5 is the button
Seat 1: 9cdc8683 ($5 in chips)
Seat 2: 1ccee678 ($9.36 in chips)
Seat 3: 38ee893 ($5.49 in chips)
Seat 4: 663a3ffd ($4.6 in chips)
Seat 5: 47894134 ($1.5 in chips)
Seat 6: Hero ($5.41 in chips)
Hero: posts small blind $0.02
9cdc8683: posts big blind $0.05
*** HOLE CARDS ***
Dealt to 9cdc8683 
Dealt to 1ccee678 
Dealt to 38ee893 
Dealt to 663a3ffd 
Dealt to 47894134 
Dealt to Hero [3s Th]
1ccee678: folds
38ee893: folds
663a3ffd: raises $0.05 to $0.1
47894134: folds
Hero: folds
9cdc8683: folds
Uncalled bet ($0.05) returned to 663a3ffd
*** SHOWDOWN ***
663a3ffd collected $0.12 from pot
*** SUMMARY ***
Total pot $0.12 | Rake $0 | Jackpot $0 | Bingo $0 | Fortune $0
Seat 1: 9cdc8683 (big blind) folded before Flop
Seat 2: 1ccee678 folded before Flop (didn't bet)
Seat 3: 38ee893 folded before Flop (didn't bet)
Seat 4: 663a3ffd collected ($0.12)
Seat 5: 47894134 (button) folded before Flop (didn't bet)
Seat 6: Hero (small blind) folded before Flop


Poker Hand #HD1208387083: Hold'em No Limit  ($0.02/$0.05) - 2023/04/18 20:08:21
Table 'NLHBlue12' 6-max Seat #4 is the button
Seat 1: 9cdc8683 ($5 in chips)
Seat 2: 1ccee678 ($9.36 in chips)
Seat 3: 38ee893 ($5.49 in chips)
Seat 4: 663a3ffd ($4.6 in chips)
Seat 5: 47894134 ($1.95 in chips)
Seat 6: Hero ($5 in chips)
47894134: posts small blind $0.02
Hero: posts big blind $0.05
*** HOLE CARDS ***
Dealt to 9cdc8683 
Dealt to 1ccee678 
Dealt to 38ee893 
Dealt to 663a3ffd 
Dealt to 47894134 
Dealt to Hero [4d 2h]
9cdc8683: folds
1ccee678: folds
38ee893: folds
663a3ffd: folds
47894134: calls $0.03
Hero: checks
*** FLOP *** [3s 9d 5d]
47894134: bets $0.1
Hero: calls $0.1
*** TURN *** [3s 9d 5d] [As]
47894134: bets $0.3
Hero: raises $0.62 to $0.92
47894134: folds
Uncalled bet ($0.62) returned to Hero
*** SHOWDOWN ***
Hero collected $0.86 from pot
*** SUMMARY ***
Total pot $0.9 | Rake $0.04 | Jackpot $0 | Bingo $0 | Fortune $0
Board [3s 9d 5d As]
Seat 1: 9cdc8683 folded before Flop (didn't bet)
Seat 2: 1ccee678 folded before Flop (didn't bet)
Seat 3: 38ee893 folded before Flop (didn't bet)
Seat 4: 663a3ffd (button) folded before Flop (didn't bet)
Seat 5: 47894134 (small blind) folded on the Turn
Seat 6: Hero (big blind) won ($0.86)


Poker Hand #HD1208387012: Hold'em No Limit  ($0.02/$0.05) - 2023/04/18 20:07:41
Table 'NLHBlue12' 6-max Seat #3 is the button
Seat 1: 9cdc8683 ($5 in chips)
Seat 2: 1ccee678 ($9.36 in chips)
Seat 3: 38ee893 ($5.49 in chips)
Seat 4: 663a3ffd ($4.85 in chips)
Seat 5: 47894134 ($1.72 in chips)
Seat 6: Hero ($5 in chips)
663a3ffd: posts small blind $0.02
47894134: posts big blind $0.05
*** HOLE CARDS ***
Dealt to 9cdc8683 
Dealt to 1ccee678 
Dealt to 38ee893 
Dealt to 663a3ffd 
Dealt to 47894134 
Dealt to Hero [6h 8d]
Hero: folds
9cdc8683: folds
1ccee678: folds
38ee893: folds
663a3ffd: raises $0.05 to $0.1
47894134: calls $0.05
*** FLOP *** [8h 3c 3d]
663a3ffd: checks
47894134: bets $0.15
663a3ffd: calls $0.15
*** TURN *** [8h 3c 3d] [Ad]
663a3ffd: checks
47894134: bets $0.38
663a3ffd: folds
Uncalled bet ($0.38) returned to 47894134
*** SHOWDOWN ***
47894134 collected $0.48 from pot
*** SUMMARY ***
Total pot $0.5 | Rake $0.02 | Jackpot $0 | Bingo $0 | Fortune $0
Board [8h 3c 3d Ad]
Seat 1: 9cdc8683 folded before Flop (didn't bet)
Seat 2: 1ccee678 folded before Flop (didn't bet)
Seat 3: 38ee893 (button) folded before Flop (didn't bet)
Seat 4: 663a3ffd (small blind) folded on the Turn
Seat 5: 47894134 (big blind) won ($0.48)
Seat 6: Hero folded before Flop (didn't bet)


Poker Hand #HD1208386822: Hold'em No Limit  ($0.02/$0.05) - 2023/04/18 20:06:01
Table 'NLHBlue12' 6-max Seat #2 is the button
Seat 1: 9cdc8683 ($5.18 in chips)
Seat 2: 1ccee678 ($8.55 in chips)
Seat 3: 38ee893 ($5.51 in chips)
Seat 4: 663a3ffd ($4.9 in chips)
Seat 5: 47894134 ($1.72 in chips)
Seat 6: Hero ($5 in chips)
38ee893: posts small blind $0.02
663a3ffd: posts big blind $0.05
*** HOLE CARDS ***
Dealt to 9cdc8683 
Dealt to 1ccee678 
Dealt to 38ee893 
Dealt to 663a3ffd 
Dealt to 47894134 
Dealt to Hero [8h Qh]
47894134: folds
Hero: folds
9cdc8683: raises $0.1 to $0.15
1ccee678: raises $0.35 to $0.5
38ee893: folds
663a3ffd: folds
9cdc8683: calls $0.35
*** FLOP *** [Ah 6c 4c]
9cdc8683: checks
1ccee678: bets $0.37
9cdc8683: calls $0.37
*** TURN *** [Ah 6c 4c] [2c]
9cdc8683: checks
1ccee678: checks
*** RIVER *** [Ah 6c 4c 2c] [Ac]
9cdc8683: checks
1ccee678: bets $0.92
9cdc8683: folds
Uncalled bet ($0.92) returned to 1ccee678
*** SHOWDOWN ***
1ccee678 collected $1.68 from pot
*** SUMMARY ***
Total pot $1.81 | Rake $0.08 | Jackpot $0.05 | Bingo $0 | Fortune $0
Board [Ah 6c 4c 2c Ac]
Seat 1: 9cdc8683 folded on the River
Seat 2: 1ccee678 (button) won ($1.68)
Seat 3: 38ee893 (small blind) folded before Flop
Seat 4: 663a3ffd (big blind) folded before Flop
Seat 5: 47894134 folded before Flop (didn't bet)
Seat 6: Hero folded before Flop (didn't bet)


Poker Hand #HD1208386705: Hold'em No Limit  ($0.02/$0.05) - 2023/04/18 20:05:05
Table 'NLHBlue12' 6-max Seat #1 is the button
Seat 1: 9cdc8683 ($5.18 in chips)
Seat 2: 1ccee678 ($7.84 in chips)
Seat 3: 38ee893 ($5.56 in chips)
Seat 4: 663a3ffd ($5 in chips)
Seat 5: 47894134 ($1.72 in chips)
Seat 6: Hero ($5.11 in chips)
1ccee678: posts small blind $0.02
38ee893: posts big blind $0.05
*** HOLE CARDS ***
Dealt to 9cdc8683 
Dealt to 1ccee678 
Dealt to 38ee893 
Dealt to 663a3ffd 
Dealt to 47894134 
Dealt to Hero [Kh Qd]
663a3ffd: raises $0.05 to $0.1
47894134: folds
Hero: raises $0.2 to $0.3
9cdc8683: folds
1ccee678: calls $0.28
38ee893: folds
663a3ffd: folds
*** FLOP *** [5d 2h 7d]
1ccee678: checks
Hero: bets $0.38
1ccee678: calls $0.38
*** TURN *** [5d 2h 7d] [7c]
1ccee678: checks
Hero: checks
*** RIVER *** [5d 2h 7d 7c] [As]
1ccee678: checks
Hero: checks
1ccee678: shows [Jc Jh] (Pair of Jacks and Pair of Sevens)
Hero: shows [Kh Qd] (Pair of Sevens)
*** SHOWDOWN ***
1ccee678 collected $1.39 from pot
*** SUMMARY ***
Total pot $1.51 | Rake $0.07 | Jackpot $0.05 | Bingo $0 | Fortune $0
Board [5d 2h 7d 7c As]
Seat 1: 9cdc8683 (button) folded before Flop (didn't bet)
Seat 2: 1ccee678 (small blind) showed [Jc Jh] and won ($1.39) with Pair of Jacks and Pair of Sevens
Seat 3: 38ee893 (big blind) folded before Flop
Seat 4: 663a3ffd folded before Flop
Seat 5: 47894134 folded before Flop (didn't bet)
Seat 6: Hero showed [Kh Qd] and lost with Pair of Sevens


Poker Hand #HD1208386481: Hold'em No Limit  ($0.02/$0.05) - 2023/04/18 20:03:08
Table 'NLHBlue12' 6-max Seat #6 is the button
Seat 1: 9cdc8683 ($5.2 in chips)
Seat 2: 1ccee678 ($3.93 in chips)
Seat 3: 38ee893 ($5.56 in chips)
Seat 4: 663a3ffd ($7.74 in chips)
Seat 5: 47894134 ($2.14 in chips)
Seat 6: Hero ($5.11 in chips)
9cdc8683: posts small blind $0.02
1ccee678: posts big blind $0.05
*** HOLE CARDS ***
Dealt to 9cdc8683 
Dealt to 1ccee678 
Dealt to 38ee893 
Dealt to 663a3ffd 
Dealt to 47894134 
Dealt to Hero [6d 2d]
38ee893: folds
663a3ffd: raises $0.05 to $0.1
47894134: calls $0.1
Hero: folds
9cdc8683: folds
1ccee678: raises $0.32 to $0.42
663a3ffd: calls $0.32
47894134: calls $0.32
*** FLOP *** [5c 4d Td]
1ccee678: bets $0.45
663a3ffd: raises $2.67 to $3.12
47894134: folds
1ccee678: raises $0.39 to $3.51 and is all-in
663a3ffd: calls $0.39
1ccee678: shows [As Ah] (Pair of Aces)
663a3ffd: shows [Qh Th] (Pair of Tens)
*** TURN *** [5c 4d Td] [2c]
*** RIVER *** [5c 4d Td 2c] [Jd]
*** SHOWDOWN ***
1ccee678 collected $7.84 from pot
*** SUMMARY ***
Total pot $8.3 | Rake $0.41 | Jackpot $0.05 | Bingo $0 | Fortune $0
Board [5c 4d Td 2c Jd]
Seat 1: 9cdc8683 (small blind) folded before Flop
Seat 2: 1ccee678 (big blind) showed [As Ah] and won ($7.84) with Pair of Aces
Seat 3: 38ee893 folded before Flop (didn't bet)
Seat 4: 663a3ffd showed [Qh Th] and lost with Pair of Tens
Seat 5: 47894134 folded on the Flop
Seat 6: Hero (button) folded before Flop (didn't bet)


Poker Hand #HD1208386431: Hold'em No Limit  ($0.02/$0.05) - 2023/04/18 20:02:47
Table 'NLHBlue12' 6-max Seat #5 is the button
Seat 1: 9cdc8683 ($5.25 in chips)
Seat 2: 1ccee678 ($3.93 in chips)
Seat 3: 38ee893 ($5.56 in chips)
Seat 4: 663a3ffd ($7.67 in chips)
Seat 5: 47894134 ($2.14 in chips)
Seat 6: Hero ($5.13 in chips)
Hero: posts small blind $0.02
9cdc8683: posts big blind $0.05
*** HOLE CARDS ***
Dealt to 9cdc8683 
Dealt to 1ccee678 
Dealt to 38ee893 
Dealt to 663a3ffd 
Dealt to 47894134 
Dealt to Hero [Ac 7h]
1ccee678: folds
38ee893: folds
663a3ffd: raises $0.05 to $0.1
47894134: folds
Hero: folds
9cdc8683: folds
Uncalled bet ($0.05) returned to 663a3ffd
*** SHOWDOWN ***
663a3ffd collected $0.12 from pot
*** SUMMARY ***
Total pot $0.12 | Rake $0 | Jackpot $0 | Bingo $0 | Fortune $0
Seat 1: 9cdc8683 (big blind) folded before Flop
Seat 2: 1ccee678 folded before Flop (didn't bet)
Seat 3: 38ee893 folded before Flop (didn't bet)
Seat 4: 663a3ffd collected ($0.12)
Seat 5: 47894134 (button) folded before Flop (didn't bet)
Seat 6: Hero (small blind) folded before Flop


Poker Hand #HD1208386401: Hold'em No Limit  ($0.02/$0.05) - 2023/04/18 20:02:29
Table 'NLHBlue12' 6-max Seat #4 is the button
Seat 1: 9cdc8683 ($5.25 in chips)
Seat 2: 1ccee678 ($3.93 in chips)
Seat 3: 38ee893 ($5.56 in chips)
Seat 4: 663a3ffd ($7.6 in chips)
Seat 5: 47894134 ($2.16 in chips)
Seat 6: Hero ($5.18 in chips)
47894134: posts small blind $0.02
Hero: posts big blind $0.05
*** HOLE CARDS ***
Dealt to 9cdc8683 
Dealt to 1ccee678 
Dealt to 38ee893 
Dealt to 663a3ffd 
Dealt to 47894134 
Dealt to Hero [4h 6s]
9cdc8683: folds
1ccee678: folds
38ee893: folds
663a3ffd: raises $0.05 to $0.1
47894134: folds
Hero: folds
Uncalled bet ($0.05) returned to 663a3ffd
*** SHOWDOWN ***
663a3ffd collected $0.12 from pot
*** SUMMARY ***
Total pot $0.12 | Rake $0 | Jackpot $0 | Bingo $0 | Fortune $0
Seat 1: 9cdc8683 folded before Flop (didn't bet)
Seat 2: 1ccee678 folded before Flop (didn't bet)
Seat 3: 38ee893 folded before Flop (didn't bet)
Seat 4: 663a3ffd (button) collected ($0.12)
Seat 5: 47894134 (small blind) folded before Flop
Seat 6: Hero (big blind) folded before Flop


Poker Hand #HD1208386345: Hold'em No Limit  ($0.02/$0.05) - 2023/04/18 20:02:06
Table 'NLHBlue12' 6-max Seat #3 is the button
Seat 1: 9cdc8683 ($5.25 in chips)
Seat 2: 1ccee678 ($3.93 in chips)
Seat 3: 38ee893 ($5.56 in chips)
Seat 4: 663a3ffd ($7.46 in chips)
Seat 5: 47894134 ($2.31 in chips)
Seat 6: Hero ($5.18 in chips)
663a3ffd: posts small blind $0.02
47894134: posts big blind $0.05
*** HOLE CARDS ***
Dealt to 9cdc8683 
Dealt to 1ccee678 
Dealt to 38ee893 
Dealt to 663a3ffd 
Dealt to 47894134 
Dealt to Hero [2d 8d]
Hero: folds
9cdc8683: folds
1ccee678: folds
38ee893: folds
663a3ffd: raises $0.1 to $0.15
47894134: calls $0.1
*** FLOP *** [5h Kh 8s]
663a3ffd: bets $0.23
47894134: folds
Uncalled bet ($0.23) returned to 663a3ffd
*** SHOWDOWN ***
663a3ffd collected $0.29 from pot
*** SUMMARY ***
Total pot $0.3 | Rake $0.01 | Jackpot $0 | Bingo $0 | Fortune $0
Board [5h Kh 8s]
Seat 1: 9cdc8683 folded before Flop (didn't bet)
Seat 2: 1ccee678 folded before Flop (didn't bet)
Seat 3: 38ee893 (button) folded before Flop (didn't bet)
Seat 4: 663a3ffd (small blind) won ($0.29)
Seat 5: 47894134 (big blind) folded on the Flop
Seat 6: Hero folded before Flop (didn't bet)


Poker Hand #HD1208386274: Hold'em No Limit  ($0.02/$0.05) - 2023/04/18 20:01:31
Table 'NLHBlue12' 6-max Seat #2 is the button
Seat 1: 9cdc8683 ($5 in chips)
Seat 2: 1ccee678 ($3.93 in chips)
Seat 3: 38ee893 ($5.58 in chips)
Seat 4: 663a3ffd ($7.51 in chips)
Seat 5: 47894134 ($2.51 in chips)
Seat 6: Hero ($5.18 in chips)
38ee893: posts small blind $0.02
663a3ffd: posts big blind $0.05
*** HOLE CARDS ***
Dealt to 9cdc8683 
Dealt to 1ccee678 
Dealt to 38ee893 
Dealt to 663a3ffd 
Dealt to 47894134 
Dealt to Hero [5c 7s]
47894134: calls $0.05
Hero: folds
9cdc8683: raises $0.15 to $0.2
1ccee678: folds
38ee893: folds
663a3ffd: folds
47894134: calls $0.15
*** FLOP *** [Qh 4c Ad]
47894134: checks
9cdc8683: bets $0.16
47894134: folds
Uncalled bet ($0.16) returned to 9cdc8683
*** SHOWDOWN ***
9cdc8683 collected $0.45 from pot
*** SUMMARY ***
Total pot $0.47 | Rake $0.02 | Jackpot $0 | Bingo $0 | Fortune $0
Board [Qh 4c Ad]
Seat 1: 9cdc8683 won ($0.45)
Seat 2: 1ccee678 (button) folded before Flop (didn't bet)
Seat 3: 38ee893 (small blind) folded before Flop
Seat 4: 663a3ffd (big blind) folded before Flop
Seat 5: 47894134 folded on the Flop
Seat 6: Hero folded before Flop (didn't bet)


Poker Hand #HD1208386219: Hold'em No Limit  ($0.02/$0.05) - 2023/04/18 20:01:01
Table 'NLHBlue12' 6-max Seat #1 is the button
Seat 1: 9cdc8683 ($5 in chips)
Seat 2: 1ccee678 ($3.95 in chips)
Seat 3: 38ee893 ($5.63 in chips)
Seat 4: 663a3ffd ($7.51 in chips)
Seat 5: 47894134 ($2.17 in chips)
Seat 6: Hero ($5.18 in chips)
1ccee678: posts small blind $0.02
38ee893: posts big blind $0.05
*** HOLE CARDS ***
Dealt to 9cdc8683 
Dealt to 1ccee678 
Dealt to 38ee893 
Dealt to 663a3ffd 
Dealt to 47894134 
Dealt to Hero [3d Jd]
663a3ffd: folds
47894134: raises $0.05 to $0.1
Hero: folds
9cdc8683: raises $0.2 to $0.3
1ccee678: folds
38ee893: folds
47894134: raises $0.51 to $0.81
9cdc8683: folds
Uncalled bet ($0.51) returned to 47894134
*** SHOWDOWN ***
47894134 collected $0.64 from pot
*** SUMMARY ***
Total pot $0.67 | Rake $0.03 | Jackpot $0 | Bingo $0 | Fortune $0
Seat 1: 9cdc8683 (button) folded before Flop
Seat 2: 1ccee678 (small blind) folded before Flop
Seat 3: 38ee893 (big blind) folded before Flop
Seat 4: 663a3ffd folded before Flop (didn't bet)
Seat 5: 47894134 collected ($0.64)
Seat 6: Hero folded before Flop (didn't bet)


Poker Hand #HD1208386116: Hold'em No Limit  ($0.02/$0.05) - 2023/04/18 20:00:09
Table 'NLHBlue12' 6-max Seat #6 is the button
Seat 1: 9cdc8683 ($2.66 in chips)
Seat 2: 1ccee678 ($4.05 in chips)
Seat 3: 38ee893 ($5.63 in chips)
Seat 4: 663a3ffd ($7.4 in chips)
Seat 5: 47894134 ($2.17 in chips)
Seat 6: Hero ($5.18 in chips)
9cdc8683: posts small blind $0.02
1ccee678: posts big blind $0.05
*** HOLE CARDS ***
Dealt to 9cdc8683 
Dealt to 1ccee678 
Dealt to 38ee893 
Dealt to 663a3ffd 
Dealt to 47894134 
Dealt to Hero [5d 8d]
38ee893: folds
663a3ffd: raises $0.05 to $0.1
47894134: folds
Hero: folds
9cdc8683: folds
1ccee678: calls $0.05
*** FLOP *** [Kd 9c Kc]
1ccee678: checks
663a3ffd: checks
*** TURN *** [Kd 9c Kc] [Jd]
1ccee678: checks
663a3ffd: checks
*** RIVER *** [Kd 9c Kc Jd] [Ah]
1ccee678: checks
663a3ffd: bets $0.22
1ccee678: folds
Uncalled bet ($0.22) returned to 663a3ffd
*** SHOWDOWN ***
663a3ffd collected $0.21 from pot
*** SUMMARY ***
Total pot $0.22 | Rake $0.01 | Jackpot $0 | Bingo $0 | Fortune $0
Board [Kd 9c Kc Jd Ah]
Seat 1: 9cdc8683 (small blind) folded before Flop
Seat 2: 1ccee678 (big blind) folded on the River
Seat 3: 38ee893 folded before Flop (didn't bet)
Seat 4: 663a3ffd won ($0.21)
Seat 5: 47894134 folded before Flop (didn't bet)
Seat 6: Hero (button) folded before Flop (didn't bet)


Poker Hand #HD1208386038: Hold'em No Limit  ($0.02/$0.05) - 2023/04/18 19:59:32
Table 'NLHBlue12' 6-max Seat #5 is the button
Seat 1: 9cdc8683 ($2.71 in chips)
Seat 2: 1ccee678 ($4.05 in chips)
Seat 3: 38ee893 ($5.63 in chips)
Seat 4: 663a3ffd ($7.24 in chips)
Seat 5: 47894134 ($2.27 in chips)
Seat 6: Hero ($5.2 in chips)
Hero: posts small blind $0.02
9cdc8683: posts big blind $0.05
*** HOLE CARDS ***
Dealt to 9cdc8683 
Dealt to 1ccee678 
Dealt to 38ee893 
Dealt to 663a3ffd 
Dealt to 47894134 
Dealt to Hero [9c 2h]
1ccee678: folds
38ee893: folds
663a3ffd: raises $0.05 to $0.1
47894134: calls $0.1
Hero: folds
9cdc8683: folds
*** FLOP *** [4s 2c Qc]
663a3ffd: checks
47894134: checks
*** TURN *** [4s 2c Qc] [As]
663a3ffd: bets $0.14
47894134: folds
Uncalled bet ($0.14) returned to 663a3ffd
*** SHOWDOWN ***
663a3ffd collected $0.26 from pot
*** SUMMARY ***
Total pot $0.27 | Rake $0.01 | Jackpot $0 | Bingo $0 | Fortune $0
Board [4s 2c Qc As]
Seat 1: 9cdc8683 (big blind) folded before Flop
Seat 2: 1ccee678 folded before Flop (didn't bet)
Seat 3: 38ee893 folded before Flop (didn't bet)
Seat 4: 663a3ffd won ($0.26)
Seat 5: 47894134 (button) folded on the Turn
Seat 6: Hero (small blind) folded before Flop


Poker Hand #HD1208385876: Hold'em No Limit  ($0.02/$0.05) - 2023/04/18 19:58:17
Table 'NLHBlue12' 6-max Seat #4 is the button
Seat 1: 9cdc8683 ($4.46 in chips)
Seat 2: 1ccee678 ($4.05 in chips)
Seat 3: 38ee893 ($6.06 in chips)
Seat 4: 663a3ffd ($7.24 in chips)
Seat 5: 47894134 ($1.75 in chips)
Seat 6: Hero ($5.25 in chips)
47894134: posts small blind $0.02
Hero: posts big blind $0.05
*** HOLE CARDS ***
Dealt to 9cdc8683 
Dealt to 1ccee678 
Dealt to 38ee893 
Dealt to 663a3ffd 
Dealt to 47894134 
Dealt to Hero [4d 5s]
9cdc8683: raises $0.1 to $0.15
1ccee678: folds
38ee893: raises $0.28 to $0.43
663a3ffd: folds
47894134: calls $0.41
Hero: folds
9cdc8683: calls $0.28
*** FLOP *** [7h 5c 6d]
47894134: bets $1.32 and is all-in
9cdc8683: raises $2.71 to $4.03 and is all-in
38ee893: folds
Uncalled bet ($2.71) returned to 9cdc8683
9cdc8683: shows [Ac 8c] (Ace-High)
47894134: shows [Qc Qh] (Pair of Queens)
*** TURN *** [7h 5c 6d] [Jc]
47894134: Chooses to EV Cashout 
*** RIVER *** [7h 5c 6d Jc] [Qd]
47894134: Pays Cashout Risk ($1.47)
*** SHOWDOWN ***
47894134 collected $3.74 from pot
*** SUMMARY ***
Total pot $3.98 | Rake $0.19 | Jackpot $0.05 | Bingo $0 | Fortune $0
Board [7h 5c 6d Jc Qd]
Seat 1: 9cdc8683 showed [Ac 8c] and lost with Ace-High
Seat 2: 1ccee678 folded before Flop (didn't bet)
Seat 3: 38ee893 folded on the Flop
Seat 4: 663a3ffd (button) folded before Flop (didn't bet)
Seat 5: 47894134 (small blind) showed [Qc Qh] and won ($3.74) with Three Queens, Cashout Risk ($1.47)
Seat 6: Hero (big blind) folded before Flop


Poker Hand #HD1208385729: Hold'em No Limit  ($0.02/$0.05) - 2023/04/18 19:57:01
Table 'NLHBlue12' 6-max Seat #3 is the button
Seat 1: 9cdc8683 ($5.33 in chips)
Seat 2: 1ccee678 ($4.92 in chips)
Seat 3: 38ee893 ($6.06 in chips)
Seat 4: 663a3ffd ($5.63 in chips)
Seat 5: 47894134 ($1.8 in chips)
Seat 6: Hero ($5.25 in chips)
663a3ffd: posts small blind $0.02
47894134: posts big blind $0.05
*** HOLE CARDS ***
Dealt to 9cdc8683 
Dealt to 1ccee678 
Dealt to 38ee893 
Dealt to 663a3ffd 
Dealt to 47894134 
Dealt to Hero [Jc 7h]
Hero: folds
9cdc8683: raises $0.1 to $0.15
1ccee678: raises $0.3 to $0.45
38ee893: folds
663a3ffd: calls $0.43
47894134: folds
9cdc8683: calls $0.3
*** FLOP *** [6h Tc 6s]
663a3ffd: checks
9cdc8683: checks
1ccee678: bets $0.42
663a3ffd: calls $0.42
9cdc8683: calls $0.42
*** TURN *** [6h Tc 6s] [Kc]
663a3ffd: checks
9cdc8683: checks
1ccee678: checks
*** RIVER *** [6h Tc 6s Kc] [4c]
663a3ffd: checks
9cdc8683: checks
1ccee678: checks
663a3ffd: shows [Jh Jd] (Pair of Jacks and Pair of Sixes)
9cdc8683: shows [5s 5c] (Pair of Sixes and Pair of Fives)
1ccee678: shows [Ah 8h] (Pair of Sixes)
*** SHOWDOWN ***
663a3ffd collected $2.48 from pot
*** SUMMARY ***
Total pot $2.66 | Rake $0.13 | Jackpot $0.05 | Bingo $0 | Fortune $0
Board [6h Tc 6s Kc 4c]
Seat 1: 9cdc8683 showed [5s 5c] and lost with Pair of Sixes and Pair of Fives
Seat 2: 1ccee678 showed [Ah 8h] and lost with Pair of Sixes
Seat 3: 38ee893 (button) folded before Flop (didn't bet)
Seat 4: 663a3ffd (small blind) showed [Jh Jd] and won ($2.48) with Pair of Jacks and Pair of Sixes
Seat 5: 47894134 (big blind) folded before Flop
Seat 6: Hero folded before Flop (didn't bet)


Poker Hand #HD1208385650: Hold'em No Limit  ($0.02/$0.05) - 2023/04/18 19:56:27
Table 'NLHBlue12' 6-max Seat #2 is the button
Seat 1: 9cdc8683 ($5.33 in chips)
Seat 2: 1ccee678 ($4.92 in chips)
Seat 3: 38ee893 ($6.08 in chips)
Seat 4: 663a3ffd ($5.68 in chips)
Seat 5: 47894134 ($2 in chips)
Seat 6: Hero ($5 in chips)
38ee893: posts small blind $0.02
663a3ffd: posts big blind $0.05
47894134: posts big blind $0.05
*** HOLE CARDS ***
Dealt to 9cdc8683 
Dealt to 1ccee678 
Dealt to 38ee893 
Dealt to 663a3ffd 
Dealt to 47894134 
Dealt to Hero [7d 7s]
47894134: checks
Hero: raises $0.15 to $0.2
9cdc8683: folds
1ccee678: folds
38ee893: folds
663a3ffd: folds
47894134: calls $0.15
*** FLOP *** [Qc 9s 7h]
47894134: checks
Hero: bets $0.2
47894134: folds
Uncalled bet ($0.2) returned to Hero
*** SHOWDOWN ***
Hero collected $0.45 from pot
*** SUMMARY ***
Total pot $0.47 | Rake $0.02 | Jackpot $0 | Bingo $0 | Fortune $0
Board [Qc 9s 7h]
Seat 1: 9cdc8683 folded before Flop (didn't bet)
Seat 2: 1ccee678 (button) folded before Flop (didn't bet)
Seat 3: 38ee893 (small blind) folded before Flop
Seat 4: 663a3ffd (big blind) folded before Flop
Seat 5: 47894134 folded on the Flop
Seat 6: Hero won ($0.45)


Poker Hand #HD1208325560: Hold'em No Limit  ($0.02/$0.05) - 2023/04/18 19:55:47
Table 'NLHBlue12' 6-max Seat #1 is the button
Seat 1: 9cdc8683 ($5.09 in chips)
Seat 2: 1ccee678 ($5.02 in chips)
Seat 3: 38ee893 ($6.13 in chips)
Seat 4: 663a3ffd ($5.78 in chips)
Seat 6: Hero ($5 in chips)
1ccee678: posts small blind $0.02
38ee893: posts big blind $0.05
*** HOLE CARDS ***
Dealt to 9cdc8683 
Dealt to 1ccee678 
Dealt to 38ee893 
Dealt to 663a3ffd 
Dealt to Hero [6d As]
663a3ffd: raises $0.05 to $0.1
Hero: folds
9cdc8683: calls $0.1
1ccee678: calls $0.08
38ee893: folds
*** FLOP *** [8d 4h 9h]
1ccee678: checks
663a3ffd: checks
9cdc8683: bets $0.18
1ccee678: folds
663a3ffd: folds
Uncalled bet ($0.18) returned to 9cdc8683
*** SHOWDOWN ***
9cdc8683 collected $0.34 from pot
*** SUMMARY ***
Total pot $0.35 | Rake $0.01 | Jackpot $0 | Bingo $0 | Fortune $0
Board [8d 4h 9h]
Seat 1: 9cdc8683 (button) won ($0.34)
Seat 2: 1ccee678 (small blind) folded on the Flop
Seat 3: 38ee893 (big blind) folded before Flop
Seat 4: 663a3ffd folded on the Flop
Seat 6: Hero folded before Flop (didn't bet)


Poker Hand #HD1208325525: Hold'em No Limit  ($0.02/$0.05) - 2023/04/18 19:55:33
Table 'NLHBlue12' 6-max Seat #6 is the button
Seat 1: 9cdc8683 ($5.11 in chips)
Seat 2: 1ccee678 ($5 in chips)
Seat 3: 38ee893 ($6.13 in chips)
Seat 4: 663a3ffd ($5.78 in chips)
Seat 6: Hero ($5 in chips)
9cdc8683: posts small blind $0.02
1ccee678: posts big blind $0.05
*** HOLE CARDS ***
Dealt to 9cdc8683 
Dealt to 1ccee678 
Dealt to 38ee893 
Dealt to 663a3ffd 
Dealt to Hero [4s 7c]
38ee893: folds
663a3ffd: folds
Hero: folds
9cdc8683: folds
Uncalled bet ($0.03) returned to 1ccee678
*** SHOWDOWN ***
1ccee678 collected $0.04 from pot
*** SUMMARY ***
Total pot $0.04 | Rake $0 | Jackpot $0 | Bingo $0 | Fortune $0
Seat 1: 9cdc8683 (small blind) folded before Flop
Seat 2: 1ccee678 (big blind) collected ($0.04)
Seat 3: 38ee893 folded before Flop (didn't bet)
Seat 4: 663a3ffd folded before Flop (didn't bet)
Seat 6: Hero (button) folded before Flop (didn't bet)


Poker Hand #HD1208325453: Hold'em No Limit  ($0.02/$0.05) - 2023/04/18 19:54:58
Table 'NLHBlue12' 6-max Seat #4 is the button
Seat 1: 9cdc8683 ($5 in chips)
Seat 3: 38ee893 ($6.13 in chips)
Seat 4: 663a3ffd ($5.88 in chips)
Seat 6: Hero ($5 in chips)
Hero: posts small blind $0.02
9cdc8683: posts big blind $0.05
*** HOLE CARDS ***
Dealt to 9cdc8683 
Dealt to 38ee893 
Dealt to 663a3ffd 
Dealt to Hero [8d 3h]
38ee893: folds
663a3ffd: raises $0.05 to $0.1
Hero: folds
9cdc8683: calls $0.05
*** FLOP *** [4d 8c 2c]
9cdc8683: checks
663a3ffd: checks
*** TURN *** [4d 8c 2c] [Th]
9cdc8683: bets $0.11
663a3ffd: folds
Uncalled bet ($0.11) returned to 9cdc8683
*** SHOWDOWN ***
9cdc8683 collected $0.21 from pot
*** SUMMARY ***
Total pot $0.22 | Rake $0.01 | Jackpot $0 | Bingo $0 | Fortune $0
Board [4d 8c 2c Th]
Seat 1: 9cdc8683 (big blind) won ($0.21)
Seat 3: 38ee893 folded before Flop (didn't bet)
Seat 4: 663a3ffd (button) folded on the Turn
Seat 6: Hero (small blind) folded before Flop


Poker Hand #HD1208325361: Hold'em No Limit  ($0.02/$0.05) - 2023/04/18 19:54:19
Table 'NLHBlue12' 6-max Seat #3 is the button
Seat 3: 38ee893 ($6.02 in chips)
Seat 4: 663a3ffd ($5.9 in chips)
Seat 6: Hero ($5.07 in chips)
663a3ffd: posts small blind $0.02
Hero: posts big blind $0.05
*** HOLE CARDS ***
Dealt to 38ee893 
Dealt to 663a3ffd 
Dealt to Hero [Qd 3d]
38ee893: raises $0.05 to $0.1
663a3ffd: folds
Hero: calls $0.05
*** FLOP *** [4h 9d 7h]
Hero: checks
38ee893: checks
*** TURN *** [4h 9d 7h] [Ks]
Hero: checks
38ee893: bets $0.08
Hero: folds
Uncalled bet ($0.08) returned to 38ee893
*** SHOWDOWN ***
38ee893 collected $0.21 from pot
*** SUMMARY ***
Total pot $0.22 | Rake $0.01 | Jackpot $0 | Bingo $0 | Fortune $0
Board [4h 9d 7h Ks]
Seat 3: 38ee893 (button) won ($0.21)
Seat 4: 663a3ffd (small blind) folded before Flop
Seat 6: Hero (big blind) folded on the Turn


Poker Hand #HD1208325253: Hold'em No Limit  ($0.02/$0.05) - 2023/04/18 19:53:29
Table 'NLHBlue12' 6-max Seat #6 is the button
Seat 3: 38ee893 ($6.32 in chips)
Seat 4: 663a3ffd ($5.63 in chips)
Seat 6: Hero ($5.07 in chips)
38ee893: posts small blind $0.02
663a3ffd: posts big blind $0.05
*** HOLE CARDS ***
Dealt to 38ee893 
Dealt to 663a3ffd 
Dealt to Hero [7c Ks]
Hero: folds
38ee893: raises $0.1 to $0.15
663a3ffd: calls $0.1
*** FLOP *** [6d 8s Th]
38ee893: checks
663a3ffd: bets $0.15
38ee893: calls $0.15
*** TURN *** [6d 8s Th] [Qs]
38ee893: checks
663a3ffd: checks
*** RIVER *** [6d 8s Th Qs] [7h]
38ee893: checks
663a3ffd: checks
38ee893: shows [Js As] (Ace-High)
663a3ffd: shows [Jh Ts] (Pair of Tens)
*** SHOWDOWN ***
663a3ffd collected $0.57 from pot
*** SUMMARY ***
Total pot $0.6 | Rake $0.03 | Jackpot $0 | Bingo $0 | Fortune $0
Board [6d 8s Th Qs 7h]
Seat 3: 38ee893 (small blind) showed [Js As] and lost with Ace-High
Seat 4: 663a3ffd (big blind) showed [Jh Ts] and won ($0.57) with Pair of Tens
Seat 6: Hero (button) folded before Flop (didn't bet)


Poker Hand #HD1208325215: Hold'em No Limit  ($0.02/$0.05) - 2023/04/18 19:53:14
Table 'NLHBlue12' 6-max Seat #4 is the button
Seat 3: 38ee893 ($6.37 in chips)
Seat 4: 663a3ffd ($5.63 in chips)
Seat 6: Hero ($5.02 in chips)
Hero: posts small blind $0.02
38ee893: posts big blind $0.05
*** HOLE CARDS ***
Dealt to 38ee893 
Dealt to 663a3ffd 
Dealt to Hero [9h Kh]
663a3ffd: folds
Hero: raises $0.09 to $0.14
38ee893: folds
Uncalled bet ($0.09) returned to Hero
*** SHOWDOWN ***
Hero collected $0.1 from pot
*** SUMMARY ***
Total pot $0.1 | Rake $0 | Jackpot $0 | Bingo $0 | Fortune $0
Seat 3: 38ee893 (big blind) folded before Flop
Seat 4: 663a3ffd (button) folded before Flop (didn't bet)
Seat 6: Hero (small blind) collected ($0.1)


Poker Hand #HD1208325199: Hold'em No Limit  ($0.02/$0.05) - 2023/04/18 19:53:08
Table 'NLHBlue12' 6-max Seat #3 is the button
Seat 3: 38ee893 ($6.37 in chips)
Seat 4: 663a3ffd ($5.65 in chips)
Seat 6: Hero ($5 in chips)
663a3ffd: posts small blind $0.02
Hero: posts big blind $0.05
*** HOLE CARDS ***
Dealt to 38ee893 
Dealt to 663a3ffd 
Dealt to Hero [5h Kc]
38ee893: folds
663a3ffd: folds
Uncalled bet ($0.03) returned to Hero
*** SHOWDOWN ***
Hero collected $0.04 from pot
*** SUMMARY ***
Total pot $0.04 | Rake $0 | Jackpot $0 | Bingo $0 | Fortune $0
Seat 3: 38ee893 (button) folded before Flop (didn't bet)
Seat 4: 663a3ffd (small blind) folded before Flop
Seat 6: Hero (big blind) collected ($0.04)


Poker Hand #HD1208325103: Hold'em No Limit  ($0.02/$0.05) - 2023/04/18 19:52:20
Table 'NLHBlue12' 6-max Seat #6 is the button
Seat 3: 38ee893 ($6.39 in chips)
Seat 4: 663a3ffd ($5.19 in chips)
Seat 6: Hero ($5 in chips)
38ee893: posts small blind $0.02
663a3ffd: posts big blind $0.05
*** HOLE CARDS ***
Dealt to 38ee893 
Dealt to 663a3ffd 
Dealt to Hero [7h 7s]
Hero: raises $0.07 to $0.12
38ee893: folds
663a3ffd: calls $0.07
*** FLOP *** [Ac Jd Qh]
663a3ffd: bets $0.13
Hero: raises $0.23 to $0.36
663a3ffd: calls $0.23
*** TURN *** [Ac Jd Qh] [6d]
663a3ffd: checks
Hero: checks
*** RIVER *** [Ac Jd Qh 6d] [As]
663a3ffd: checks
Hero: checks
663a3ffd: shows [3h Ah] (Three Aces)
Hero: shows [7h 7s] (Pair of Aces and Pair of Sevens)
*** SHOWDOWN ***
663a3ffd collected $0.94 from pot
*** SUMMARY ***
Total pot $0.98 | Rake $0.04 | Jackpot $0 | Bingo $0 | Fortune $0
Board [Ac Jd Qh 6d As]
Seat 3: 38ee893 (small blind) folded before Flop
Seat 4: 663a3ffd (big blind) showed [3h Ah] and won ($0.94) with Three Aces
Seat 6: Hero (button) showed [7h 7s] and lost with Pair of Aces and Pair of Sevens


Poker Hand #HD1208325016: Hold'em No Limit  ($0.02/$0.05) - 2023/04/18 19:51:41
Table 'NLHBlue12' 6-max Seat #4 is the button
Seat 3: 38ee893 ($6.49 in chips)
Seat 4: 663a3ffd ($5.08 in chips)
Seat 6: Hero ($5 in chips)
Hero: posts small blind $0.02
38ee893: posts big blind $0.05
*** HOLE CARDS ***
Dealt to 38ee893 
Dealt to 663a3ffd 
Dealt to Hero [Jh 4s]
663a3ffd: raises $0.05 to $0.1
Hero: folds
38ee893: calls $0.05
*** FLOP *** [8c 8h 8s]
38ee893: checks
663a3ffd: checks
*** TURN *** [8c 8h 8s] [Qd]
38ee893: checks
663a3ffd: checks
*** RIVER *** [8c 8h 8s Qd] [Ts]
38ee893: checks
663a3ffd: bets $0.22
38ee893: folds
Uncalled bet ($0.22) returned to 663a3ffd
*** SHOWDOWN ***
663a3ffd collected $0.21 from pot
*** SUMMARY ***
Total pot $0.22 | Rake $0.01 | Jackpot $0 | Bingo $0 | Fortune $0
Board [8c 8h 8s Qd Ts]
Seat 3: 38ee893 (big blind) folded on the River
Seat 4: 663a3ffd (button) won ($0.21)
Seat 6: Hero (small blind) folded before Flop


Poker Hand #HD1208324936: Hold'em No Limit  ($0.02/$0.05) - 2023/04/18 19:51:07
Table 'NLHBlue12' 6-max Seat #3 is the button
Seat 3: 38ee893 ($6.49 in chips)
Seat 4: 663a3ffd ($5.03 in chips)
Seat 6: Hero ($5 in chips)
663a3ffd: posts small blind $0.02
Hero: posts big blind $0.05
*** HOLE CARDS ***
Dealt to 38ee893 
Dealt to 663a3ffd 
Dealt to Hero [Ks 3c]
38ee893: folds
663a3ffd: calls $0.03
Hero: checks
*** FLOP *** [6c 8s 6h]
663a3ffd: checks
Hero: checks
*** TURN *** [6c 8s 6h] [2h]
663a3ffd: checks
Hero: checks
*** RIVER *** [6c 8s 6h 2h] [Qs]
663a3ffd: checks
Hero: checks
663a3ffd: shows [2c 3h] (Pair of Sixes and Pair of Twos)
Hero: shows [Ks 3c] (Pair of Sixes)
*** SHOWDOWN ***
663a3ffd collected $0.1 from pot
*** SUMMARY ***
Total pot $0.1 | Rake $0 | Jackpot $0 | Bingo $0 | Fortune $0
Board [6c 8s 6h 2h Qs]
Seat 3: 38ee893 (button) folded before Flop (didn't bet)
Seat 4: 663a3ffd (small blind) showed [2c 3h] and won ($0.1) with Pair of Sixes and Pair of Twos
Seat 6: Hero (big blind) showed [Ks 3c] and lost with Pair of Sixes


