Poker Hand #HD1203754223: Hold'em No Limit  ($0.02/$0.05) - 2023/04/15 09:17:33
Table 'NLHBlue54' 6-max Seat #1 is the button
Seat 1: 32da4b9d ($5.81 in chips)
Seat 2: 20bd45a4 ($5.16 in chips)
Seat 3: 2eef8753 ($9.49 in chips)
Seat 4: Hero ($5 in chips)
Seat 5: 42b0bf12 ($5.61 in chips)
Seat 6: 66a23e87 ($7.09 in chips)
20bd45a4: posts small blind $0.02
2eef8753: posts big blind $0.05
*** HOLE CARDS ***
Dealt to 32da4b9d 
Dealt to 20bd45a4 
Dealt to 2eef8753 
Dealt to Hero [Ks 2h]
Dealt to 42b0bf12 
Dealt to 66a23e87 
Hero: folds
42b0bf12: folds
66a23e87: folds
32da4b9d: folds
20bd45a4: raises $0.1 to $0.15
2eef8753: folds
Uncalled bet ($0.1) returned to 20bd45a4
*** SHOWDOWN ***
20bd45a4 collected $0.1 from pot
*** SUMMARY ***
Total pot $0.1 | Rake $0 | Jackpot $0 | Bingo $0 | Fortune $0
Seat 1: 32da4b9d (button) folded before Flop (didn't bet)
Seat 2: 20bd45a4 (small blind) collected ($0.1)
Seat 3: 2eef8753 (big blind) folded before Flop
Seat 4: Hero folded before Flop (didn't bet)
Seat 5: 42b0bf12 folded before Flop (didn't bet)
Seat 6: 66a23e87 folded before Flop (didn't bet)


Poker Hand #HD1203754193: Hold'em No Limit  ($0.02/$0.05) - 2023/04/15 09:17:18
Table 'NLHBlue54' 6-max Seat #6 is the button
Seat 1: 32da4b9d ($5.83 in chips)
Seat 2: 20bd45a4 ($5.21 in chips)
Seat 3: 2eef8753 ($9.49 in chips)
Seat 4: Hero ($5 in chips)
Seat 5: 42b0bf12 ($5.54 in chips)
Seat 6: 66a23e87 ($7.09 in chips)
32da4b9d: posts small blind $0.02
20bd45a4: posts big blind $0.05
*** HOLE CARDS ***
Dealt to 32da4b9d 
Dealt to 20bd45a4 
Dealt to 2eef8753 
Dealt to Hero [8s 9c]
Dealt to 42b0bf12 
Dealt to 66a23e87 
2eef8753: folds
Hero: folds
42b0bf12: raises $0.08 to $0.13
66a23e87: folds
32da4b9d: folds
20bd45a4: folds
Uncalled bet ($0.08) returned to 42b0bf12
*** SHOWDOWN ***
42b0bf12 collected $0.12 from pot
*** SUMMARY ***
Total pot $0.12 | Rake $0 | Jackpot $0 | Bingo $0 | Fortune $0
Seat 1: 32da4b9d (small blind) folded before Flop
Seat 2: 20bd45a4 (big blind) folded before Flop
Seat 3: 2eef8753 folded before Flop (didn't bet)
Seat 4: Hero folded before Flop (didn't bet)
Seat 5: 42b0bf12 collected ($0.12)
Seat 6: 66a23e87 (button) folded before Flop (didn't bet)


Poker Hand #HD1203754148: Hold'em No Limit  ($0.02/$0.05) - 2023/04/15 09:16:54
Table 'NLHBlue54' 6-max Seat #5 is the button
Seat 1: 32da4b9d ($5.88 in chips)
Seat 2: 20bd45a4 ($5.73 in chips)
Seat 3: 2eef8753 ($9.49 in chips)
Seat 4: Hero ($5 in chips)
Seat 5: 42b0bf12 ($5 in chips)
Seat 6: 66a23e87 ($7.11 in chips)
66a23e87: posts small blind $0.02
32da4b9d: posts big blind $0.05
*** HOLE CARDS ***
Dealt to 32da4b9d 
Dealt to 20bd45a4 
Dealt to 2eef8753 
Dealt to Hero [2s 8h]
Dealt to 42b0bf12 
Dealt to 66a23e87 
20bd45a4: raises $0.1 to $0.15
2eef8753: folds
Hero: folds
42b0bf12: raises $0.37 to $0.52
66a23e87: folds
32da4b9d: folds
20bd45a4: calls $0.37
*** FLOP *** [Qs 7s Jd]
20bd45a4: checks
42b0bf12: bets $0.56
20bd45a4: folds
Uncalled bet ($0.56) returned to 42b0bf12
*** SHOWDOWN ***
42b0bf12 collected $1.06 from pot
*** SUMMARY ***
Total pot $1.11 | Rake $0.05 | Jackpot $0 | Bingo $0 | Fortune $0
Board [Qs 7s Jd]
Seat 1: 32da4b9d (big blind) folded before Flop
Seat 2: 20bd45a4 folded on the Flop
Seat 3: 2eef8753 folded before Flop (didn't bet)
Seat 4: Hero folded before Flop (didn't bet)
Seat 5: 42b0bf12 (button) won ($1.06)
Seat 6: 66a23e87 (small blind) folded before Flop


Poker Hand #HD1203754026: Hold'em No Limit  ($0.02/$0.05) - 2023/04/15 09:15:49
Table 'NLHBlue54' 6-max Seat #4 is the button
Seat 1: 32da4b9d ($5.88 in chips)
Seat 2: 20bd45a4 ($5 in chips)
Seat 3: 2eef8753 ($9.49 in chips)
Seat 4: Hero ($5 in chips)
Seat 5: 42b0bf12 ($5.21 in chips)
Seat 6: 66a23e87 ($7.16 in chips)
42b0bf12: posts small blind $0.02
66a23e87: posts big blind $0.05
20bd45a4: posts big blind $0.05
*** HOLE CARDS ***
Dealt to 32da4b9d 
Dealt to 20bd45a4 
Dealt to 2eef8753 
Dealt to Hero [8s 5h]
Dealt to 42b0bf12 
Dealt to 66a23e87 
32da4b9d: folds
20bd45a4: raises $0.1 to $0.15
2eef8753: folds
Hero: folds
42b0bf12: calls $0.13
66a23e87: folds
*** FLOP *** [9c 7c Ts]
42b0bf12: checks
20bd45a4: bets $0.12
42b0bf12: raises $0.12 to $0.24
20bd45a4: calls $0.12
*** TURN *** [9c 7c Ts] [8c]
42b0bf12: bets $0.42
20bd45a4: calls $0.42
*** RIVER *** [9c 7c Ts 8c] [5s]
42b0bf12: checks
20bd45a4: bets $0.84
42b0bf12: folds
Uncalled bet ($0.84) returned to 20bd45a4
*** SHOWDOWN ***
20bd45a4 collected $1.54 from pot
*** SUMMARY ***
Total pot $1.67 | Rake $0.08 | Jackpot $0.05 | Bingo $0 | Fortune $0
Board [9c 7c Ts 8c 5s]
Seat 1: 32da4b9d folded before Flop (didn't bet)
Seat 2: 20bd45a4 won ($1.54)
Seat 3: 2eef8753 folded before Flop (didn't bet)
Seat 4: Hero (button) folded before Flop (didn't bet)
Seat 5: 42b0bf12 (small blind) folded on the River
Seat 6: 66a23e87 (big blind) folded before Flop


Poker Hand #HD1203753973: Hold'em No Limit  ($0.02/$0.05) - 2023/04/15 09:15:18
Table 'NLHBlue54' 6-max Seat #3 is the button
Seat 1: 32da4b9d ($5.88 in chips)
Seat 3: 2eef8753 ($9.37 in chips)
Seat 4: Hero ($5 in chips)
Seat 5: 42b0bf12 ($5.32 in chips)
Seat 6: 66a23e87 ($7.16 in chips)
Hero: posts small blind $0.02
42b0bf12: posts big blind $0.05
*** HOLE CARDS ***
Dealt to 32da4b9d 
Dealt to 2eef8753 
Dealt to Hero [9s 8d]
Dealt to 42b0bf12 
Dealt to 66a23e87 
66a23e87: folds
32da4b9d: folds
2eef8753: raises $0.06 to $0.11
Hero: folds
42b0bf12: calls $0.06
*** FLOP *** [Tc 3s Kd]
42b0bf12: checks
2eef8753: bets $0.12
42b0bf12: folds
Uncalled bet ($0.12) returned to 2eef8753
*** SHOWDOWN ***
2eef8753 collected $0.23 from pot
*** SUMMARY ***
Total pot $0.24 | Rake $0.01 | Jackpot $0 | Bingo $0 | Fortune $0
Board [Tc 3s Kd]
Seat 1: 32da4b9d folded before Flop (didn't bet)
Seat 3: 2eef8753 (button) won ($0.23)
Seat 4: Hero (small blind) folded before Flop
Seat 5: 42b0bf12 (big blind) folded on the Flop
Seat 6: 66a23e87 folded before Flop (didn't bet)


Poker Hand #HD1203753957: Hold'em No Limit  ($0.02/$0.05) - 2023/04/15 09:15:04
Table 'NLHBlue54' 6-max Seat #1 is the button
Seat 1: 32da4b9d ($5.88 in chips)
Seat 3: 2eef8753 ($9.39 in chips)
Seat 4: Hero ($5 in chips)
Seat 5: 42b0bf12 ($5.32 in chips)
Seat 6: 66a23e87 ($7.09 in chips)
2eef8753: posts small blind $0.02
Hero: posts big blind $0.05
*** HOLE CARDS ***
Dealt to 32da4b9d 
Dealt to 2eef8753 
Dealt to Hero [4c Qs]
Dealt to 42b0bf12 
Dealt to 66a23e87 
42b0bf12: folds
66a23e87: raises $0.07 to $0.12
32da4b9d: folds
2eef8753: folds
Hero: folds
Uncalled bet ($0.07) returned to 66a23e87
*** SHOWDOWN ***
66a23e87 collected $0.12 from pot
*** SUMMARY ***
Total pot $0.12 | Rake $0 | Jackpot $0 | Bingo $0 | Fortune $0
Seat 1: 32da4b9d (button) folded before Flop (didn't bet)
Seat 3: 2eef8753 (small blind) folded before Flop
Seat 4: Hero (big blind) folded before Flop
Seat 5: 42b0bf12 folded before Flop (didn't bet)
Seat 6: 66a23e87 collected ($0.12)


Poker Hand #HD1203753901: Hold'em No Limit  ($0.02/$0.05) - 2023/04/15 09:14:24
Table 'NLHBlue54' 6-max Seat #6 is the button
Seat 1: 32da4b9d ($5.43 in chips)
Seat 2: 2111dd7b ($7.18 in chips)
Seat 3: 2eef8753 ($9.84 in chips)
Seat 4: Hero ($5 in chips)
Seat 5: 42b0bf12 ($5.32 in chips)
Seat 6: 66a23e87 ($7.09 in chips)
32da4b9d: posts small blind $0.02
2111dd7b: posts big blind $0.05
*** HOLE CARDS ***
Dealt to 32da4b9d 
Dealt to 2111dd7b 
Dealt to 2eef8753 
Dealt to Hero [3h 7h]
Dealt to 42b0bf12 
Dealt to 66a23e87 
2eef8753: raises $0.07 to $0.12
Hero: folds
42b0bf12: folds
66a23e87: folds
32da4b9d: raises $0.33 to $0.45
2111dd7b: folds
2eef8753: calls $0.33
*** FLOP *** [7d 2c 6s]
32da4b9d: bets $0.35
2eef8753: folds
Uncalled bet ($0.35) returned to 32da4b9d
*** SHOWDOWN ***
32da4b9d collected $0.9 from pot
*** SUMMARY ***
Total pot $0.95 | Rake $0.05 | Jackpot $0 | Bingo $0 | Fortune $0
Board [7d 2c 6s]
Seat 1: 32da4b9d (small blind) won ($0.9)
Seat 2: 2111dd7b (big blind) folded before Flop
Seat 3: 2eef8753 folded on the Flop
Seat 4: Hero folded before Flop (didn't bet)
Seat 5: 42b0bf12 folded before Flop (didn't bet)
Seat 6: 66a23e87 (button) folded before Flop (didn't bet)


Poker Hand #HD1203753881: Hold'em No Limit  ($0.02/$0.05) - 2023/04/15 09:14:12
Table 'NLHBlue54' 6-max Seat #5 is the button
Seat 1: 32da4b9d ($5.41 in chips)
Seat 2: 2111dd7b ($7.18 in chips)
Seat 3: 2eef8753 ($9.84 in chips)
Seat 4: Hero ($5 in chips)
Seat 5: 42b0bf12 ($5.32 in chips)
Seat 6: 66a23e87 ($7.11 in chips)
66a23e87: posts small blind $0.02
32da4b9d: posts big blind $0.05
*** HOLE CARDS ***
Dealt to 32da4b9d 
Dealt to 2111dd7b 
Dealt to 2eef8753 
Dealt to Hero [5d 9h]
Dealt to 42b0bf12 
Dealt to 66a23e87 
2111dd7b: folds
2eef8753: folds
Hero: folds
42b0bf12: folds
66a23e87: folds
Uncalled bet ($0.03) returned to 32da4b9d
*** SHOWDOWN ***
32da4b9d collected $0.04 from pot
*** SUMMARY ***
Total pot $0.04 | Rake $0 | Jackpot $0 | Bingo $0 | Fortune $0
Seat 1: 32da4b9d (big blind) collected ($0.04)
Seat 2: 2111dd7b folded before Flop (didn't bet)
Seat 3: 2eef8753 folded before Flop (didn't bet)
Seat 4: Hero folded before Flop (didn't bet)
Seat 5: 42b0bf12 (button) folded before Flop (didn't bet)
Seat 6: 66a23e87 (small blind) folded before Flop


Poker Hand #HD1203753848: Hold'em No Limit  ($0.02/$0.05) - 2023/04/15 09:13:50
Table 'NLHBlue54' 6-max Seat #4 is the button
Seat 1: 32da4b9d ($5.41 in chips)
Seat 2: 2111dd7b ($7.18 in chips)
Seat 3: 2eef8753 ($9.77 in chips)
Seat 4: Hero ($5 in chips)
Seat 5: 42b0bf12 ($5.34 in chips)
Seat 6: 66a23e87 ($7.16 in chips)
42b0bf12: posts small blind $0.02
66a23e87: posts big blind $0.05
*** HOLE CARDS ***
Dealt to 32da4b9d 
Dealt to 2111dd7b 
Dealt to 2eef8753 
Dealt to Hero [9d 4d]
Dealt to 42b0bf12 
Dealt to 66a23e87 
32da4b9d: folds
2111dd7b: folds
2eef8753: raises $0.06 to $0.11
Hero: folds
42b0bf12: folds
66a23e87: folds
Uncalled bet ($0.06) returned to 2eef8753
*** SHOWDOWN ***
2eef8753 collected $0.12 from pot
*** SUMMARY ***
Total pot $0.12 | Rake $0 | Jackpot $0 | Bingo $0 | Fortune $0
Seat 1: 32da4b9d folded before Flop (didn't bet)
Seat 2: 2111dd7b folded before Flop (didn't bet)
Seat 3: 2eef8753 collected ($0.12)
Seat 4: Hero (button) folded before Flop (didn't bet)
Seat 5: 42b0bf12 (small blind) folded before Flop
Seat 6: 66a23e87 (big blind) folded before Flop


Poker Hand #HD1203753813: Hold'em No Limit  ($0.02/$0.05) - 2023/04/15 09:13:25
Table 'NLHBlue54' 6-max Seat #3 is the button
Seat 1: 32da4b9d ($5.41 in chips)
Seat 2: 2111dd7b ($7.11 in chips)
Seat 3: 2eef8753 ($9.77 in chips)
Seat 4: Hero ($5 in chips)
Seat 5: 42b0bf12 ($5.39 in chips)
Seat 6: 66a23e87 ($7.16 in chips)
Hero: posts small blind $0.02
42b0bf12: posts big blind $0.05
*** HOLE CARDS ***
Dealt to 32da4b9d 
Dealt to 2111dd7b 
Dealt to 2eef8753 
Dealt to Hero [Qs 5c]
Dealt to 42b0bf12 
Dealt to 66a23e87 
66a23e87: folds
32da4b9d: folds
2111dd7b: raises $0.1 to $0.15
2eef8753: folds
Hero: folds
42b0bf12: folds
Uncalled bet ($0.1) returned to 2111dd7b
*** SHOWDOWN ***
2111dd7b collected $0.12 from pot
*** SUMMARY ***
Total pot $0.12 | Rake $0 | Jackpot $0 | Bingo $0 | Fortune $0
Seat 1: 32da4b9d folded before Flop (didn't bet)
Seat 2: 2111dd7b collected ($0.12)
Seat 3: 2eef8753 (button) folded before Flop (didn't bet)
Seat 4: Hero (small blind) folded before Flop
Seat 5: 42b0bf12 (big blind) folded before Flop
Seat 6: 66a23e87 folded before Flop (didn't bet)


Poker Hand #HD1203753764: Hold'em No Limit  ($0.02/$0.05) - 2023/04/15 09:12:53
Table 'NLHBlue54' 6-max Seat #2 is the button
Seat 1: 32da4b9d ($5.41 in chips)
Seat 2: 2111dd7b ($6.92 in chips)
Seat 3: 2eef8753 ($9.79 in chips)
Seat 4: Hero ($5 in chips)
Seat 5: 42b0bf12 ($5.52 in chips)
Seat 6: 66a23e87 ($7.16 in chips)
2eef8753: posts small blind $0.02
Hero: posts big blind $0.05
*** HOLE CARDS ***
Dealt to 32da4b9d 
Dealt to 2111dd7b 
Dealt to 2eef8753 
Dealt to Hero [2c 8c]
Dealt to 42b0bf12 
Dealt to 66a23e87 
42b0bf12: raises $0.08 to $0.13
66a23e87: folds
32da4b9d: folds
2111dd7b: raises $0.33 to $0.46
2eef8753: folds
Hero: folds
42b0bf12: folds
Uncalled bet ($0.33) returned to 2111dd7b
*** SHOWDOWN ***
2111dd7b collected $0.32 from pot
*** SUMMARY ***
Total pot $0.33 | Rake $0.01 | Jackpot $0 | Bingo $0 | Fortune $0
Seat 1: 32da4b9d folded before Flop (didn't bet)
Seat 2: 2111dd7b (button) collected ($0.32)
Seat 3: 2eef8753 (small blind) folded before Flop
Seat 4: Hero (big blind) folded before Flop
Seat 5: 42b0bf12 folded before Flop
Seat 6: 66a23e87 folded before Flop (didn't bet)


Poker Hand #HD1203753718: Hold'em No Limit  ($0.02/$0.05) - 2023/04/15 09:12:22
Table 'NLHBlue54' 6-max Seat #1 is the button
Seat 1: 32da4b9d ($5.54 in chips)
Seat 2: 2111dd7b ($6.94 in chips)
Seat 3: 2eef8753 ($9.84 in chips)
Seat 4: Hero ($5 in chips)
Seat 5: 42b0bf12 ($5.33 in chips)
Seat 6: 66a23e87 ($7.16 in chips)
2111dd7b: posts small blind $0.02
2eef8753: posts big blind $0.05
*** HOLE CARDS ***
Dealt to 32da4b9d 
Dealt to 2111dd7b 
Dealt to 2eef8753 
Dealt to Hero [5h 2d]
Dealt to 42b0bf12 
Dealt to 66a23e87 
Hero: folds
42b0bf12: raises $0.08 to $0.13
66a23e87: folds
32da4b9d: calls $0.13
2111dd7b: folds
2eef8753: folds
*** FLOP *** [Th 9c 3s]
42b0bf12: bets $0.17
32da4b9d: folds
Uncalled bet ($0.17) returned to 42b0bf12
*** SHOWDOWN ***
42b0bf12 collected $0.32 from pot
*** SUMMARY ***
Total pot $0.33 | Rake $0.01 | Jackpot $0 | Bingo $0 | Fortune $0
Board [Th 9c 3s]
Seat 1: 32da4b9d (button) folded on the Flop
Seat 2: 2111dd7b (small blind) folded before Flop
Seat 3: 2eef8753 (big blind) folded before Flop
Seat 4: Hero folded before Flop (didn't bet)
Seat 5: 42b0bf12 won ($0.32)
Seat 6: 66a23e87 folded before Flop (didn't bet)


Poker Hand #HD1203753633: Hold'em No Limit  ($0.02/$0.05) - 2023/04/15 09:11:28
Table 'NLHBlue54' 6-max Seat #6 is the button
Seat 1: 32da4b9d ($5.56 in chips)
Seat 2: 2111dd7b ($7.15 in chips)
Seat 3: 2eef8753 ($9.84 in chips)
Seat 4: Hero ($5 in chips)
Seat 5: 42b0bf12 ($5.33 in chips)
Seat 6: 66a23e87 ($6.95 in chips)
32da4b9d: posts small blind $0.02
2111dd7b: posts big blind $0.05
*** HOLE CARDS ***
Dealt to 32da4b9d 
Dealt to 2111dd7b 
Dealt to 2eef8753 
Dealt to Hero [Ks 2s]
Dealt to 42b0bf12 
Dealt to 66a23e87 
2eef8753: folds
Hero: folds
42b0bf12: folds
66a23e87: raises $0.07 to $0.12
32da4b9d: folds
2111dd7b: calls $0.07
*** FLOP *** [4c 6h Jd]
2111dd7b: checks
66a23e87: bets $0.09
2111dd7b: calls $0.09
*** TURN *** [4c 6h Jd] [4h]
2111dd7b: checks
66a23e87: checks
*** RIVER *** [4c 6h Jd 4h] [Jc]
2111dd7b: checks
66a23e87: checks
2111dd7b: shows [5h 7h] (Pair of Jacks and Pair of Fours)
66a23e87: shows [7c As] (Pair of Jacks and Pair of Fours)
2eef8753: shows [4d] (Fours Full over Jacks)
*** SHOWDOWN ***
66a23e87 collected $0.42 from pot
*** SUMMARY ***
Total pot $0.44 | Rake $0.02 | Jackpot $0 | Bingo $0 | Fortune $0
Board [4c 6h Jd 4h Jc]
Seat 1: 32da4b9d (small blind) folded before Flop
Seat 2: 2111dd7b (big blind) showed [5h 7h] and lost with Pair of Jacks and Pair of Fours
Seat 3: 2eef8753 folded before Flop (didn't bet)
Seat 4: Hero folded before Flop (didn't bet)
Seat 5: 42b0bf12 folded before Flop (didn't bet)
Seat 6: 66a23e87 (button) showed [7c As] and won ($0.42) with Pair of Jacks and Pair of Fours


Poker Hand #HD1203753583: Hold'em No Limit  ($0.02/$0.05) - 2023/04/15 09:10:57
Table 'NLHBlue54' 6-max Seat #5 is the button
Seat 1: 32da4b9d ($5.43 in chips)
Seat 2: 2111dd7b ($7.15 in chips)
Seat 3: 2eef8753 ($9.84 in chips)
Seat 4: Hero ($5 in chips)
Seat 5: 42b0bf12 ($5.33 in chips)
Seat 6: 66a23e87 ($6.97 in chips)
66a23e87: posts small blind $0.02
32da4b9d: posts big blind $0.05
*** HOLE CARDS ***
Dealt to 32da4b9d 
Dealt to 2111dd7b 
Dealt to 2eef8753 
Dealt to Hero [Ts Ad]
Dealt to 42b0bf12 
Dealt to 66a23e87 
2111dd7b: folds
2eef8753: folds
Hero: raises $0.07 to $0.12
42b0bf12: folds
66a23e87: folds
32da4b9d: raises $0.28 to $0.4
Hero: folds
Uncalled bet ($0.28) returned to 32da4b9d
*** SHOWDOWN ***
32da4b9d collected $0.25 from pot
*** SUMMARY ***
Total pot $0.26 | Rake $0.01 | Jackpot $0 | Bingo $0 | Fortune $0
Seat 1: 32da4b9d (big blind) collected ($0.25)
Seat 2: 2111dd7b folded before Flop (didn't bet)
Seat 3: 2eef8753 folded before Flop (didn't bet)
Seat 4: Hero folded before Flop
Seat 5: 42b0bf12 (button) folded before Flop (didn't bet)
Seat 6: 66a23e87 (small blind) folded before Flop


Poker Hand #HD1203753550: Hold'em No Limit  ($0.02/$0.05) - 2023/04/15 09:10:34
Table 'NLHBlue54' 6-max Seat #4 is the button
Seat 1: 32da4b9d ($5.43 in chips)
Seat 2: 2111dd7b ($7.15 in chips)
Seat 3: 2eef8753 ($9.84 in chips)
Seat 4: Hero ($5 in chips)
Seat 5: 42b0bf12 ($5.35 in chips)
Seat 6: 66a23e87 ($6.95 in chips)
42b0bf12: posts small blind $0.02
66a23e87: posts big blind $0.05
*** HOLE CARDS ***
Dealt to 32da4b9d 
Dealt to 2111dd7b 
Dealt to 2eef8753 
Dealt to Hero [7d Qs]
Dealt to 42b0bf12 
Dealt to 66a23e87 
32da4b9d: folds
2111dd7b: folds
2eef8753: folds
Hero: folds
42b0bf12: folds
Uncalled bet ($0.03) returned to 66a23e87
*** SHOWDOWN ***
66a23e87 collected $0.04 from pot
*** SUMMARY ***
Total pot $0.04 | Rake $0 | Jackpot $0 | Bingo $0 | Fortune $0
Seat 1: 32da4b9d folded before Flop (didn't bet)
Seat 2: 2111dd7b folded before Flop (didn't bet)
Seat 3: 2eef8753 folded before Flop (didn't bet)
Seat 4: Hero (button) folded before Flop (didn't bet)
Seat 5: 42b0bf12 (small blind) folded before Flop
Seat 6: 66a23e87 (big blind) collected ($0.04)


Poker Hand #HD1203753519: Hold'em No Limit  ($0.02/$0.05) - 2023/04/15 09:10:14
Table 'NLHBlue54' 6-max Seat #3 is the button
Seat 1: 32da4b9d ($5.43 in chips)
Seat 2: 2111dd7b ($7.15 in chips)
Seat 3: 2eef8753 ($9.84 in chips)
Seat 4: Hero ($5.02 in chips)
Seat 5: 42b0bf12 ($5.33 in chips)
Seat 6: 66a23e87 ($6.95 in chips)
Hero: posts small blind $0.02
42b0bf12: posts big blind $0.05
*** HOLE CARDS ***
Dealt to 32da4b9d 
Dealt to 2111dd7b 
Dealt to 2eef8753 
Dealt to Hero [5s Kd]
Dealt to 42b0bf12 
Dealt to 66a23e87 
66a23e87: folds
32da4b9d: folds
2111dd7b: folds
2eef8753: folds
Hero: folds
Uncalled bet ($0.03) returned to 42b0bf12
*** SHOWDOWN ***
42b0bf12 collected $0.04 from pot
*** SUMMARY ***
Total pot $0.04 | Rake $0 | Jackpot $0 | Bingo $0 | Fortune $0
Seat 1: 32da4b9d folded before Flop (didn't bet)
Seat 2: 2111dd7b folded before Flop (didn't bet)
Seat 3: 2eef8753 (button) folded before Flop (didn't bet)
Seat 4: Hero (small blind) folded before Flop
Seat 5: 42b0bf12 (big blind) collected ($0.04)
Seat 6: 66a23e87 folded before Flop (didn't bet)


Poker Hand #HD1203753472: Hold'em No Limit  ($0.02/$0.05) - 2023/04/15 09:09:47
Table 'NLHBlue54' 6-max Seat #2 is the button
Seat 1: 32da4b9d ($5.36 in chips)
Seat 2: 2111dd7b ($7.15 in chips)
Seat 3: 2eef8753 ($9.86 in chips)
Seat 4: Hero ($5.07 in chips)
Seat 5: 42b0bf12 ($5.33 in chips)
Seat 6: 66a23e87 ($6.95 in chips)
2eef8753: posts small blind $0.02
Hero: posts big blind $0.05
*** HOLE CARDS ***
Dealt to 32da4b9d 
Dealt to 2111dd7b 
Dealt to 2eef8753 
Dealt to Hero [9d Ks]
Dealt to 42b0bf12 
Dealt to 66a23e87 
42b0bf12: folds
66a23e87: folds
32da4b9d: raises $0.1 to $0.15
2111dd7b: folds
2eef8753: folds
Hero: folds
Uncalled bet ($0.1) returned to 32da4b9d
*** SHOWDOWN ***
32da4b9d collected $0.12 from pot
*** SUMMARY ***
Total pot $0.12 | Rake $0 | Jackpot $0 | Bingo $0 | Fortune $0
Seat 1: 32da4b9d collected ($0.12)
Seat 2: 2111dd7b (button) folded before Flop (didn't bet)
Seat 3: 2eef8753 (small blind) folded before Flop
Seat 4: Hero (big blind) folded before Flop
Seat 5: 42b0bf12 folded before Flop (didn't bet)
Seat 6: 66a23e87 folded before Flop (didn't bet)


Poker Hand #HD1203753449: Hold'em No Limit  ($0.02/$0.05) - 2023/04/15 09:09:35
Table 'NLHBlue54' 6-max Seat #1 is the button
Seat 1: 32da4b9d ($5.36 in chips)
Seat 2: 2111dd7b ($7.17 in chips)
Seat 3: 2eef8753 ($9.91 in chips)
Seat 4: Hero ($5 in chips)
Seat 5: 42b0bf12 ($5.33 in chips)
Seat 6: 66a23e87 ($6.95 in chips)
2111dd7b: posts small blind $0.02
2eef8753: posts big blind $0.05
*** HOLE CARDS ***
Dealt to 32da4b9d 
Dealt to 2111dd7b 
Dealt to 2eef8753 
Dealt to Hero [7h 8h]
Dealt to 42b0bf12 
Dealt to 66a23e87 
Hero: raises $0.07 to $0.12
42b0bf12: folds
66a23e87: folds
32da4b9d: folds
2111dd7b: folds
2eef8753: folds
Uncalled bet ($0.07) returned to Hero
*** SHOWDOWN ***
Hero collected $0.12 from pot
*** SUMMARY ***
Total pot $0.12 | Rake $0 | Jackpot $0 | Bingo $0 | Fortune $0
Seat 1: 32da4b9d (button) folded before Flop (didn't bet)
Seat 2: 2111dd7b (small blind) folded before Flop
Seat 3: 2eef8753 (big blind) folded before Flop
Seat 4: Hero collected ($0.12)
Seat 5: 42b0bf12 folded before Flop (didn't bet)
Seat 6: 66a23e87 folded before Flop (didn't bet)


Poker Hand #HD1203753433: Hold'em No Limit  ($0.02/$0.05) - 2023/04/15 09:09:18
Table 'NLHBlue54' 6-max Seat #6 is the button
Seat 1: 32da4b9d ($5.38 in chips)
Seat 2: 2111dd7b ($7.22 in chips)
Seat 3: 2eef8753 ($9.91 in chips)
Seat 4: Hero ($5 in chips)
Seat 5: 42b0bf12 ($5.33 in chips)
Seat 6: 66a23e87 ($6.88 in chips)
32da4b9d: posts small blind $0.02
2111dd7b: posts big blind $0.05
*** HOLE CARDS ***
Dealt to 32da4b9d 
Dealt to 2111dd7b 
Dealt to 2eef8753 
Dealt to Hero [3d Ac]
Dealt to 42b0bf12 
Dealt to 66a23e87 
2eef8753: folds
Hero: folds
42b0bf12: folds
66a23e87: raises $0.07 to $0.12
32da4b9d: folds
2111dd7b: folds
Uncalled bet ($0.07) returned to 66a23e87
*** SHOWDOWN ***
66a23e87 collected $0.12 from pot
*** SUMMARY ***
Total pot $0.12 | Rake $0 | Jackpot $0 | Bingo $0 | Fortune $0
Seat 1: 32da4b9d (small blind) folded before Flop
Seat 2: 2111dd7b (big blind) folded before Flop
Seat 3: 2eef8753 folded before Flop (didn't bet)
Seat 4: Hero folded before Flop (didn't bet)
Seat 5: 42b0bf12 folded before Flop (didn't bet)
Seat 6: 66a23e87 (button) collected ($0.12)


Poker Hand #HD1203753416: Hold'em No Limit  ($0.02/$0.05) - 2023/04/15 09:09:08
Table 'NLHBlue54' 6-max Seat #5 is the button
Seat 1: 32da4b9d ($5.36 in chips)
Seat 2: 2111dd7b ($7.22 in chips)
Seat 3: 2eef8753 ($9.91 in chips)
Seat 4: Hero ($5 in chips)
Seat 5: 42b0bf12 ($5.33 in chips)
Seat 6: 66a23e87 ($6.9 in chips)
66a23e87: posts small blind $0.02
32da4b9d: posts big blind $0.05
*** HOLE CARDS ***
Dealt to 32da4b9d 
Dealt to 2111dd7b 
Dealt to 2eef8753 
Dealt to Hero [Jc 3h]
Dealt to 42b0bf12 
Dealt to 66a23e87 
2111dd7b: folds
2eef8753: folds
Hero: folds
42b0bf12: folds
66a23e87: folds
Uncalled bet ($0.03) returned to 32da4b9d
*** SHOWDOWN ***
32da4b9d collected $0.04 from pot
*** SUMMARY ***
Total pot $0.04 | Rake $0 | Jackpot $0 | Bingo $0 | Fortune $0
Seat 1: 32da4b9d (big blind) collected ($0.04)
Seat 2: 2111dd7b folded before Flop (didn't bet)
Seat 3: 2eef8753 folded before Flop (didn't bet)
Seat 4: Hero folded before Flop (didn't bet)
Seat 5: 42b0bf12 (button) folded before Flop (didn't bet)
Seat 6: 66a23e87 (small blind) folded before Flop


Poker Hand #HD1203753377: Hold'em No Limit  ($0.02/$0.05) - 2023/04/15 09:08:42
Table 'NLHBlue54' 6-max Seat #4 is the button
Seat 1: 32da4b9d ($5.36 in chips)
Seat 2: 2111dd7b ($7.22 in chips)
Seat 3: 2eef8753 ($9.91 in chips)
Seat 4: Hero ($5 in chips)
Seat 5: 42b0bf12 ($5.21 in chips)
Seat 6: 66a23e87 ($7.03 in chips)
42b0bf12: posts small blind $0.02
66a23e87: posts big blind $0.05
*** HOLE CARDS ***
Dealt to 32da4b9d 
Dealt to 2111dd7b 
Dealt to 2eef8753 
Dealt to Hero [Td 5h]
Dealt to 42b0bf12 
Dealt to 66a23e87 
32da4b9d: folds
2111dd7b: folds
2eef8753: folds
Hero: folds
42b0bf12: raises $0.08 to $0.13
66a23e87: calls $0.08
*** FLOP *** [Qd 9h 7h]
42b0bf12: bets $0.13
66a23e87: folds
Uncalled bet ($0.13) returned to 42b0bf12
*** SHOWDOWN ***
42b0bf12 collected $0.25 from pot
*** SUMMARY ***
Total pot $0.26 | Rake $0.01 | Jackpot $0 | Bingo $0 | Fortune $0
Board [Qd 9h 7h]
Seat 1: 32da4b9d folded before Flop (didn't bet)
Seat 2: 2111dd7b folded before Flop (didn't bet)
Seat 3: 2eef8753 folded before Flop (didn't bet)
Seat 4: Hero (button) folded before Flop (didn't bet)
Seat 5: 42b0bf12 (small blind) won ($0.25)
Seat 6: 66a23e87 (big blind) folded on the Flop


Poker Hand #HD1203753294: Hold'em No Limit  ($0.02/$0.05) - 2023/04/15 09:07:45
Table 'NLHBlue54' 6-max Seat #3 is the button
Seat 1: 32da4b9d ($5.36 in chips)
Seat 2: 2111dd7b ($7.22 in chips)
Seat 3: 2eef8753 ($9.79 in chips)
Seat 4: Hero ($5 in chips)
Seat 5: 42b0bf12 ($5.32 in chips)
Seat 6: 66a23e87 ($7.03 in chips)
Hero: posts small blind $0.02
42b0bf12: posts big blind $0.05
*** HOLE CARDS ***
Dealt to 32da4b9d 
Dealt to 2111dd7b 
Dealt to 2eef8753 
Dealt to Hero [Jc 6d]
Dealt to 42b0bf12 
Dealt to 66a23e87 
66a23e87: folds
32da4b9d: folds
2111dd7b: folds
2eef8753: raises $0.06 to $0.11
Hero: folds
42b0bf12: calls $0.06
*** FLOP *** [Qs Td 3d]
42b0bf12: checks
2eef8753: checks
*** TURN *** [Qs Td 3d] [Js]
42b0bf12: checks
2eef8753: bets $0.12
42b0bf12: folds
Uncalled bet ($0.12) returned to 2eef8753
*** SHOWDOWN ***
2eef8753 collected $0.23 from pot
*** SUMMARY ***
Total pot $0.24 | Rake $0.01 | Jackpot $0 | Bingo $0 | Fortune $0
Board [Qs Td 3d Js]
Seat 1: 32da4b9d folded before Flop (didn't bet)
Seat 2: 2111dd7b folded before Flop (didn't bet)
Seat 3: 2eef8753 (button) won ($0.23)
Seat 4: Hero (small blind) folded before Flop
Seat 5: 42b0bf12 (big blind) folded on the Turn
Seat 6: 66a23e87 folded before Flop (didn't bet)


Poker Hand #HD1203753205: Hold'em No Limit  ($0.02/$0.05) - 2023/04/15 09:06:52
Table 'NLHBlue54' 6-max Seat #2 is the button
Seat 1: 32da4b9d ($5.36 in chips)
Seat 2: 2111dd7b ($7.22 in chips)
Seat 3: 2eef8753 ($9.91 in chips)
Seat 4: Hero ($5 in chips)
Seat 5: 42b0bf12 ($5.32 in chips)
Seat 6: 66a23e87 ($6.87 in chips)
2eef8753: posts small blind $0.02
Hero: posts big blind $0.05
*** HOLE CARDS ***
Dealt to 32da4b9d 
Dealt to 2111dd7b 
Dealt to 2eef8753 
Dealt to Hero [7s Tc]
Dealt to 42b0bf12 
Dealt to 66a23e87 
42b0bf12: folds
66a23e87: raises $0.07 to $0.12
32da4b9d: folds
2111dd7b: folds
2eef8753: calls $0.1
Hero: folds
*** FLOP *** [7h Ad Qc]
2eef8753: checks
66a23e87: bets $0.1
2eef8753: folds
Uncalled bet ($0.1) returned to 66a23e87
*** SHOWDOWN ***
66a23e87 collected $0.28 from pot
*** SUMMARY ***
Total pot $0.29 | Rake $0.01 | Jackpot $0 | Bingo $0 | Fortune $0
Board [7h Ad Qc]
Seat 1: 32da4b9d folded before Flop (didn't bet)
Seat 2: 2111dd7b (button) folded before Flop (didn't bet)
Seat 3: 2eef8753 (small blind) folded on the Flop
Seat 4: Hero (big blind) folded before Flop
Seat 5: 42b0bf12 folded before Flop (didn't bet)
Seat 6: 66a23e87 won ($0.28)


Poker Hand #HD1203753187: Hold'em No Limit  ($0.02/$0.05) - 2023/04/15 09:06:37
Table 'NLHBlue54' 6-max Seat #1 is the button
Seat 1: 32da4b9d ($5.36 in chips)
Seat 2: 2111dd7b ($7.24 in chips)
Seat 3: 2eef8753 ($9.89 in chips)
Seat 4: Hero ($5 in chips)
Seat 5: 42b0bf12 ($5.32 in chips)
Seat 6: 66a23e87 ($6.87 in chips)
2111dd7b: posts small blind $0.02
2eef8753: posts big blind $0.05
*** HOLE CARDS ***
Dealt to 32da4b9d 
Dealt to 2111dd7b 
Dealt to 2eef8753 
Dealt to Hero [6c 5c]
Dealt to 42b0bf12 
Dealt to 66a23e87 
Hero: folds
42b0bf12: folds
66a23e87: folds
32da4b9d: folds
2111dd7b: folds
Uncalled bet ($0.03) returned to 2eef8753
*** SHOWDOWN ***
2eef8753 collected $0.04 from pot
*** SUMMARY ***
Total pot $0.04 | Rake $0 | Jackpot $0 | Bingo $0 | Fortune $0
Seat 1: 32da4b9d (button) folded before Flop (didn't bet)
Seat 2: 2111dd7b (small blind) folded before Flop
Seat 3: 2eef8753 (big blind) collected ($0.04)
Seat 4: Hero folded before Flop (didn't bet)
Seat 5: 42b0bf12 folded before Flop (didn't bet)
Seat 6: 66a23e87 folded before Flop (didn't bet)


Poker Hand #HD1203753151: Hold'em No Limit  ($0.02/$0.05) - 2023/04/15 09:06:18
Table 'NLHBlue54' 6-max Seat #6 is the button
Seat 1: 32da4b9d ($5.38 in chips)
Seat 2: 2111dd7b ($7.29 in chips)
Seat 3: 2eef8753 ($9.82 in chips)
Seat 4: Hero ($5 in chips)
Seat 5: 42b0bf12 ($5.32 in chips)
Seat 6: 66a23e87 ($6.87 in chips)
32da4b9d: posts small blind $0.02
2111dd7b: posts big blind $0.05
*** HOLE CARDS ***
Dealt to 32da4b9d 
Dealt to 2111dd7b 
Dealt to 2eef8753 
Dealt to Hero [4c 3d]
Dealt to 42b0bf12 
Dealt to 66a23e87 
2eef8753: raises $0.06 to $0.11
Hero: folds
42b0bf12: folds
66a23e87: folds
32da4b9d: folds
2111dd7b: folds
Uncalled bet ($0.06) returned to 2eef8753
*** SHOWDOWN ***
2eef8753 collected $0.12 from pot
*** SUMMARY ***
Total pot $0.12 | Rake $0 | Jackpot $0 | Bingo $0 | Fortune $0
Seat 1: 32da4b9d (small blind) folded before Flop
Seat 2: 2111dd7b (big blind) folded before Flop
Seat 3: 2eef8753 collected ($0.12)
Seat 4: Hero folded before Flop (didn't bet)
Seat 5: 42b0bf12 folded before Flop (didn't bet)
Seat 6: 66a23e87 (button) folded before Flop (didn't bet)


Poker Hand #HD1203753090: Hold'em No Limit  ($0.02/$0.05) - 2023/04/15 09:05:36
Table 'NLHBlue54' 6-max Seat #5 is the button
Seat 1: 32da4b9d ($5.24 in chips)
Seat 2: 2111dd7b ($7.29 in chips)
Seat 3: 2eef8753 ($9.82 in chips)
Seat 4: Hero ($5 in chips)
Seat 5: 42b0bf12 ($5.32 in chips)
Seat 6: 66a23e87 ($7.02 in chips)
66a23e87: posts small blind $0.02
32da4b9d: posts big blind $0.05
*** HOLE CARDS ***
Dealt to 32da4b9d 
Dealt to 2111dd7b 
Dealt to 2eef8753 
Dealt to Hero [2s 9c]
Dealt to 42b0bf12 
Dealt to 66a23e87 
2111dd7b: folds
2eef8753: folds
Hero: folds
42b0bf12: folds
66a23e87: raises $0.1 to $0.15
32da4b9d: calls $0.1
*** FLOP *** [6h 2c 5d]
66a23e87: checks
32da4b9d: checks
*** TURN *** [6h 2c 5d] [Th]
66a23e87: checks
32da4b9d: bets $0.1
66a23e87: folds
Uncalled bet ($0.1) returned to 32da4b9d
*** SHOWDOWN ***
32da4b9d collected $0.29 from pot
*** SUMMARY ***
Total pot $0.3 | Rake $0.01 | Jackpot $0 | Bingo $0 | Fortune $0
Board [6h 2c 5d Th]
Seat 1: 32da4b9d (big blind) won ($0.29)
Seat 2: 2111dd7b folded before Flop (didn't bet)
Seat 3: 2eef8753 folded before Flop (didn't bet)
Seat 4: Hero folded before Flop (didn't bet)
Seat 5: 42b0bf12 (button) folded before Flop (didn't bet)
Seat 6: 66a23e87 (small blind) folded on the Turn


Poker Hand #HD1203753064: Hold'em No Limit  ($0.02/$0.05) - 2023/04/15 09:05:23
Table 'NLHBlue54' 6-max Seat #4 is the button
Seat 1: 32da4b9d ($5.24 in chips)
Seat 2: 2111dd7b ($7.29 in chips)
Seat 3: 2eef8753 ($9.82 in chips)
Seat 4: Hero ($5 in chips)
Seat 5: 42b0bf12 ($5.34 in chips)
Seat 6: 66a23e87 ($7 in chips)
42b0bf12: posts small blind $0.02
66a23e87: posts big blind $0.05
*** HOLE CARDS ***
Dealt to 32da4b9d 
Dealt to 2111dd7b 
Dealt to 2eef8753 
Dealt to Hero [6d 4d]
Dealt to 42b0bf12 
Dealt to 66a23e87 
32da4b9d: folds
2111dd7b: folds
2eef8753: folds
Hero: folds
42b0bf12: folds
Uncalled bet ($0.03) returned to 66a23e87
*** SHOWDOWN ***
66a23e87 collected $0.04 from pot
*** SUMMARY ***
Total pot $0.04 | Rake $0 | Jackpot $0 | Bingo $0 | Fortune $0
Seat 1: 32da4b9d folded before Flop (didn't bet)
Seat 2: 2111dd7b folded before Flop (didn't bet)
Seat 3: 2eef8753 folded before Flop (didn't bet)
Seat 4: Hero (button) folded before Flop (didn't bet)
Seat 5: 42b0bf12 (small blind) folded before Flop
Seat 6: 66a23e87 (big blind) collected ($0.04)


Poker Hand #HD1203753034: Hold'em No Limit  ($0.02/$0.05) - 2023/04/15 09:05:05
Table 'NLHBlue54' 6-max Seat #3 is the button
Seat 1: 32da4b9d ($5.24 in chips)
Seat 2: 2111dd7b ($7.29 in chips)
Seat 3: 2eef8753 ($9.75 in chips)
Seat 4: Hero ($5 in chips)
Seat 5: 42b0bf12 ($5.39 in chips)
Seat 6: 66a23e87 ($7 in chips)
Hero: posts small blind $0.02
42b0bf12: posts big blind $0.05
*** HOLE CARDS ***
Dealt to 32da4b9d 
Dealt to 2111dd7b 
Dealt to 2eef8753 
Dealt to Hero [4c Ts]
Dealt to 42b0bf12 
Dealt to 66a23e87 
66a23e87: folds
32da4b9d: folds
2111dd7b: folds
2eef8753: raises $0.06 to $0.11
Hero: folds
42b0bf12: folds
Uncalled bet ($0.06) returned to 2eef8753
*** SHOWDOWN ***
2eef8753 collected $0.12 from pot
*** SUMMARY ***
Total pot $0.12 | Rake $0 | Jackpot $0 | Bingo $0 | Fortune $0
Seat 1: 32da4b9d folded before Flop (didn't bet)
Seat 2: 2111dd7b folded before Flop (didn't bet)
Seat 3: 2eef8753 (button) collected ($0.12)
Seat 4: Hero (small blind) folded before Flop
Seat 5: 42b0bf12 (big blind) folded before Flop
Seat 6: 66a23e87 folded before Flop (didn't bet)


Poker Hand #HD1203752968: Hold'em No Limit  ($0.02/$0.05) - 2023/04/15 09:04:19
Table 'NLHBlue54' 6-max Seat #2 is the button
Seat 1: 32da4b9d ($5.24 in chips)
Seat 2: 2111dd7b ($7.15 in chips)
Seat 3: 2eef8753 ($9.77 in chips)
Seat 4: Hero ($5 in chips)
Seat 5: 42b0bf12 ($5.39 in chips)
Seat 6: 66a23e87 ($7 in chips)
2eef8753: posts small blind $0.02
Hero: posts big blind $0.05
*** HOLE CARDS ***
Dealt to 32da4b9d 
Dealt to 2111dd7b 
Dealt to 2eef8753 
Dealt to Hero [Td Jc]
Dealt to 42b0bf12 
Dealt to 66a23e87 
42b0bf12: folds
66a23e87: folds
32da4b9d: folds
2111dd7b: raises $0.08 to $0.13
2eef8753: folds
Hero: calls $0.08
*** FLOP *** [6d 5s Qc]
Hero: checks
2111dd7b: bets $0.1
Hero: folds
Uncalled bet ($0.1) returned to 2111dd7b
*** SHOWDOWN ***
2111dd7b collected $0.27 from pot
*** SUMMARY ***
Total pot $0.28 | Rake $0.01 | Jackpot $0 | Bingo $0 | Fortune $0
Board [6d 5s Qc]
Seat 1: 32da4b9d folded before Flop (didn't bet)
Seat 2: 2111dd7b (button) won ($0.27)
Seat 3: 2eef8753 (small blind) folded before Flop
Seat 4: Hero (big blind) folded on the Flop
Seat 5: 42b0bf12 folded before Flop (didn't bet)
Seat 6: 66a23e87 folded before Flop (didn't bet)


Poker Hand #HD1203752949: Hold'em No Limit  ($0.02/$0.05) - 2023/04/15 09:04:08
Table 'NLHBlue54' 6-max Seat #1 is the button
Seat 1: 32da4b9d ($5.24 in chips)
Seat 2: 2111dd7b ($7.17 in chips)
Seat 3: 2eef8753 ($9.82 in chips)
Seat 4: Hero ($5 in chips)
Seat 5: 42b0bf12 ($5.39 in chips)
Seat 6: 66a23e87 ($6.93 in chips)
2111dd7b: posts small blind $0.02
2eef8753: posts big blind $0.05
*** HOLE CARDS ***
Dealt to 32da4b9d 
Dealt to 2111dd7b 
Dealt to 2eef8753 
Dealt to Hero [6c Kd]
Dealt to 42b0bf12 
Dealt to 66a23e87 
Hero: folds
42b0bf12: folds
66a23e87: raises $0.07 to $0.12
32da4b9d: folds
2111dd7b: folds
2eef8753: folds
Uncalled bet ($0.07) returned to 66a23e87
*** SHOWDOWN ***
66a23e87 collected $0.12 from pot
*** SUMMARY ***
Total pot $0.12 | Rake $0 | Jackpot $0 | Bingo $0 | Fortune $0
Seat 1: 32da4b9d (button) folded before Flop (didn't bet)
Seat 2: 2111dd7b (small blind) folded before Flop
Seat 3: 2eef8753 (big blind) folded before Flop
Seat 4: Hero folded before Flop (didn't bet)
Seat 5: 42b0bf12 folded before Flop (didn't bet)
Seat 6: 66a23e87 collected ($0.12)


Poker Hand #HD1203752877: Hold'em No Limit  ($0.02/$0.05) - 2023/04/15 09:03:20
Table 'NLHBlue54' 6-max Seat #6 is the button
Seat 1: 32da4b9d ($5.26 in chips)
Seat 2: 2111dd7b ($6.31 in chips)
Seat 3: 2eef8753 ($9.82 in chips)
Seat 4: Hero ($5 in chips)
Seat 5: 42b0bf12 ($5.39 in chips)
Seat 6: 66a23e87 ($7.91 in chips)
32da4b9d: posts small blind $0.02
2111dd7b: posts big blind $0.05
*** HOLE CARDS ***
Dealt to 32da4b9d 
Dealt to 2111dd7b 
Dealt to 2eef8753 
Dealt to Hero [Jh 4s]
Dealt to 42b0bf12 
Dealt to 66a23e87 
2eef8753: folds
Hero: folds
42b0bf12: folds
66a23e87: raises $0.07 to $0.12
32da4b9d: folds
2111dd7b: calls $0.07
*** FLOP *** [Td 8h 6d]
2111dd7b: checks
66a23e87: bets $0.2
2111dd7b: calls $0.2
*** TURN *** [Td 8h 6d] [3d]
2111dd7b: checks
66a23e87: bets $0.66
2111dd7b: calls $0.66
*** RIVER *** [Td 8h 6d 3d] [2d]
2111dd7b: checks
66a23e87: checks
2111dd7b: shows [Th Qd] (Queen High Flush)
66a23e87: shows [8c Tc] (Pair of Tens and Pair of Eights)
*** SHOWDOWN ***
2111dd7b collected $1.84 from pot
*** SUMMARY ***
Total pot $1.98 | Rake $0.09 | Jackpot $0.05 | Bingo $0 | Fortune $0
Board [Td 8h 6d 3d 2d]
Seat 1: 32da4b9d (small blind) folded before Flop
Seat 2: 2111dd7b (big blind) showed [Th Qd] and won ($1.84) with Queen High Flush
Seat 3: 2eef8753 folded before Flop (didn't bet)
Seat 4: Hero folded before Flop (didn't bet)
Seat 5: 42b0bf12 folded before Flop (didn't bet)
Seat 6: 66a23e87 (button) showed [8c Tc] and lost with Pair of Tens and Pair of Eights


Poker Hand #HD1203752815: Hold'em No Limit  ($0.02/$0.05) - 2023/04/15 09:02:35
Table 'NLHBlue54' 6-max Seat #5 is the button
Seat 1: 32da4b9d ($5.31 in chips)
Seat 2: 2111dd7b ($6.31 in chips)
Seat 3: 2eef8753 ($9.5 in chips)
Seat 4: Hero ($5 in chips)
Seat 5: 42b0bf12 ($5.67 in chips)
Seat 6: 66a23e87 ($7.93 in chips)
66a23e87: posts small blind $0.02
32da4b9d: posts big blind $0.05
*** HOLE CARDS ***
Dealt to 32da4b9d 
Dealt to 2111dd7b 
Dealt to 2eef8753 
Dealt to Hero [6d 3h]
Dealt to 42b0bf12 
Dealt to 66a23e87 
2111dd7b: folds
2eef8753: raises $0.07 to $0.12
Hero: folds
42b0bf12: calls $0.12
66a23e87: folds
32da4b9d: folds
*** FLOP *** [Qh 3c 6c]
2eef8753: bets $0.16
42b0bf12: calls $0.16
*** TURN *** [Qh 3c 6c] [6h]
2eef8753: bets $0.48
42b0bf12: folds
Uncalled bet ($0.48) returned to 2eef8753
*** SHOWDOWN ***
2eef8753 collected $0.6 from pot
*** SUMMARY ***
Total pot $0.63 | Rake $0.03 | Jackpot $0 | Bingo $0 | Fortune $0
Board [Qh 3c 6c 6h]
Seat 1: 32da4b9d (big blind) folded before Flop
Seat 2: 2111dd7b folded before Flop (didn't bet)
Seat 3: 2eef8753 won ($0.6)
Seat 4: Hero folded before Flop (didn't bet)
Seat 5: 42b0bf12 (button) folded on the Turn
Seat 6: 66a23e87 (small blind) folded before Flop


Poker Hand #HD1203752779: Hold'em No Limit  ($0.02/$0.05) - 2023/04/15 09:02:14
Table 'NLHBlue54' 6-max Seat #4 is the button
Seat 1: 32da4b9d ($5.31 in chips)
Seat 2: 2111dd7b ($6.31 in chips)
Seat 3: 2eef8753 ($9.43 in chips)
Seat 4: Hero ($5 in chips)
Seat 5: 42b0bf12 ($5.69 in chips)
Seat 6: 66a23e87 ($7.98 in chips)
42b0bf12: posts small blind $0.02
66a23e87: posts big blind $0.05
*** HOLE CARDS ***
Dealt to 32da4b9d 
Dealt to 2111dd7b 
Dealt to 2eef8753 
Dealt to Hero [4s 4c]
Dealt to 42b0bf12 
Dealt to 66a23e87 
32da4b9d: folds
2111dd7b: folds
2eef8753: raises $0.07 to $0.12
Hero: folds
42b0bf12: folds
66a23e87: folds
Uncalled bet ($0.07) returned to 2eef8753
*** SHOWDOWN ***
2eef8753 collected $0.12 from pot
*** SUMMARY ***
Total pot $0.12 | Rake $0 | Jackpot $0 | Bingo $0 | Fortune $0
Seat 1: 32da4b9d folded before Flop (didn't bet)
Seat 2: 2111dd7b folded before Flop (didn't bet)
Seat 3: 2eef8753 collected ($0.12)
Seat 4: Hero (button) folded before Flop (didn't bet)
Seat 5: 42b0bf12 (small blind) folded before Flop
Seat 6: 66a23e87 (big blind) folded before Flop


Poker Hand #HD1203752685: Hold'em No Limit  ($0.02/$0.05) - 2023/04/15 09:01:13
Table 'NLHBlue54' 6-max Seat #3 is the button
Seat 1: 32da4b9d ($5.31 in chips)
Seat 2: 2111dd7b ($6.31 in chips)
Seat 3: 2eef8753 ($9.54 in chips)
Seat 4: Hero ($5.02 in chips)
Seat 5: 42b0bf12 ($5.57 in chips)
Seat 6: 66a23e87 ($7.98 in chips)
Hero: posts small blind $0.02
42b0bf12: posts big blind $0.05
*** HOLE CARDS ***
Dealt to 32da4b9d 
Dealt to 2111dd7b 
Dealt to 2eef8753 
Dealt to Hero [4h Ac]
Dealt to 42b0bf12 
Dealt to 66a23e87 
66a23e87: folds
32da4b9d: folds
2111dd7b: folds
2eef8753: raises $0.06 to $0.11
Hero: folds
42b0bf12: calls $0.06
*** FLOP *** [5c Ts As]
42b0bf12: checks
2eef8753: checks
*** TURN *** [5c Ts As] [9h]
42b0bf12: checks
2eef8753: checks
*** RIVER *** [5c Ts As 9h] [Qh]
42b0bf12: checks
2eef8753: checks
42b0bf12: shows [7d 9d] (Pair of Nines)
2eef8753: shows [6h 6s] (Pair of Sixes)
*** SHOWDOWN ***
42b0bf12 collected $0.23 from pot
*** SUMMARY ***
Total pot $0.24 | Rake $0.01 | Jackpot $0 | Bingo $0 | Fortune $0
Board [5c Ts As 9h Qh]
Seat 1: 32da4b9d folded before Flop (didn't bet)
Seat 2: 2111dd7b folded before Flop (didn't bet)
Seat 3: 2eef8753 (button) showed [6h 6s] and lost with Pair of Sixes
Seat 4: Hero (small blind) folded before Flop
Seat 5: 42b0bf12 (big blind) showed [7d 9d] and won ($0.23) with Pair of Nines
Seat 6: 66a23e87 folded before Flop (didn't bet)


Poker Hand #HD1203752671: Hold'em No Limit  ($0.02/$0.05) - 2023/04/15 09:01:02
Table 'NLHBlue54' 6-max Seat #2 is the button
Seat 1: 32da4b9d ($5.31 in chips)
Seat 2: 2111dd7b ($6.31 in chips)
Seat 3: 2eef8753 ($9.56 in chips)
Seat 4: Hero ($5.07 in chips)
Seat 5: 42b0bf12 ($5.57 in chips)
Seat 6: 66a23e87 ($7.91 in chips)
2eef8753: posts small blind $0.02
Hero: posts big blind $0.05
*** HOLE CARDS ***
Dealt to 32da4b9d 
Dealt to 2111dd7b 
Dealt to 2eef8753 
Dealt to Hero [2h Js]
Dealt to 42b0bf12 
Dealt to 66a23e87 
42b0bf12: folds
66a23e87: raises $0.07 to $0.12
32da4b9d: folds
2111dd7b: folds
2eef8753: folds
Hero: folds
Uncalled bet ($0.07) returned to 66a23e87
*** SHOWDOWN ***
66a23e87 collected $0.12 from pot
*** SUMMARY ***
Total pot $0.12 | Rake $0 | Jackpot $0 | Bingo $0 | Fortune $0
Seat 1: 32da4b9d folded before Flop (didn't bet)
Seat 2: 2111dd7b (button) folded before Flop (didn't bet)
Seat 3: 2eef8753 (small blind) folded before Flop
Seat 4: Hero (big blind) folded before Flop
Seat 5: 42b0bf12 folded before Flop (didn't bet)
Seat 6: 66a23e87 collected ($0.12)


Poker Hand #HD1203752593: Hold'em No Limit  ($0.02/$0.05) - 2023/04/15 09:00:11
Table 'NLHBlue54' 6-max Seat #1 is the button
Seat 1: 32da4b9d ($5.44 in chips)
Seat 2: 2111dd7b ($6.33 in chips)
Seat 3: 2eef8753 ($9.69 in chips)
Seat 4: Hero ($5.07 in chips)
Seat 5: 42b0bf12 ($5.31 in chips)
Seat 6: 66a23e87 ($7.91 in chips)
2111dd7b: posts small blind $0.02
2eef8753: posts big blind $0.05
*** HOLE CARDS ***
Dealt to 32da4b9d 
Dealt to 2111dd7b 
Dealt to 2eef8753 
Dealt to Hero [Js 6s]
Dealt to 42b0bf12 
Dealt to 66a23e87 
Hero: folds
42b0bf12: raises $0.08 to $0.13
66a23e87: folds
32da4b9d: calls $0.13
2111dd7b: folds
2eef8753: calls $0.08
*** FLOP *** [8h Jc Kh]
2eef8753: checks
42b0bf12: bets $0.21
32da4b9d: folds
2eef8753: folds
Uncalled bet ($0.21) returned to 42b0bf12
*** SHOWDOWN ***
42b0bf12 collected $0.39 from pot
*** SUMMARY ***
Total pot $0.41 | Rake $0.02 | Jackpot $0 | Bingo $0 | Fortune $0
Board [8h Jc Kh]
Seat 1: 32da4b9d (button) folded on the Flop
Seat 2: 2111dd7b (small blind) folded before Flop
Seat 3: 2eef8753 (big blind) folded on the Flop
Seat 4: Hero folded before Flop (didn't bet)
Seat 5: 42b0bf12 won ($0.39)
Seat 6: 66a23e87 folded before Flop (didn't bet)


Poker Hand #HD1203752558: Hold'em No Limit  ($0.02/$0.05) - 2023/04/15 08:59:48
Table 'NLHBlue54' 6-max Seat #6 is the button
Seat 1: 32da4b9d ($5.46 in chips)
Seat 2: 2111dd7b ($6.38 in chips)
Seat 3: 2eef8753 ($9.69 in chips)
Seat 4: Hero ($5.07 in chips)
Seat 5: 42b0bf12 ($5.24 in chips)
Seat 6: 66a23e87 ($7.91 in chips)
32da4b9d: posts small blind $0.02
2111dd7b: posts big blind $0.05
*** HOLE CARDS ***
Dealt to 32da4b9d 
Dealt to 2111dd7b 
Dealt to 2eef8753 
Dealt to Hero [3h 8c]
Dealt to 42b0bf12 
Dealt to 66a23e87 
2eef8753: folds
Hero: folds
42b0bf12: raises $0.08 to $0.13
66a23e87: folds
32da4b9d: folds
2111dd7b: folds
Uncalled bet ($0.08) returned to 42b0bf12
*** SHOWDOWN ***
42b0bf12 collected $0.12 from pot
*** SUMMARY ***
Total pot $0.12 | Rake $0 | Jackpot $0 | Bingo $0 | Fortune $0
Seat 1: 32da4b9d (small blind) folded before Flop
Seat 2: 2111dd7b (big blind) folded before Flop
Seat 3: 2eef8753 folded before Flop (didn't bet)
Seat 4: Hero folded before Flop (didn't bet)
Seat 5: 42b0bf12 collected ($0.12)
Seat 6: 66a23e87 (button) folded before Flop (didn't bet)


Poker Hand #HD1203752534: Hold'em No Limit  ($0.02/$0.05) - 2023/04/15 08:59:35
Table 'NLHBlue54' 6-max Seat #5 is the button
Seat 1: 32da4b9d ($5.51 in chips)
Seat 3: 2eef8753 ($9.69 in chips)
Seat 4: Hero ($5.07 in chips)
Seat 5: 42b0bf12 ($5.17 in chips)
Seat 6: 66a23e87 ($7.93 in chips)
66a23e87: posts small blind $0.02
32da4b9d: posts big blind $0.05
*** HOLE CARDS ***
Dealt to 32da4b9d 
Dealt to 2eef8753 
Dealt to Hero [3c Ks]
Dealt to 42b0bf12 
Dealt to 66a23e87 
2eef8753: folds
Hero: folds
42b0bf12: raises $0.08 to $0.13
66a23e87: folds
32da4b9d: folds
Uncalled bet ($0.08) returned to 42b0bf12
*** SHOWDOWN ***
42b0bf12 collected $0.12 from pot
*** SUMMARY ***
Total pot $0.12 | Rake $0 | Jackpot $0 | Bingo $0 | Fortune $0
Seat 1: 32da4b9d (big blind) folded before Flop
Seat 3: 2eef8753 folded before Flop (didn't bet)
Seat 4: Hero folded before Flop (didn't bet)
Seat 5: 42b0bf12 (button) collected ($0.12)
Seat 6: 66a23e87 (small blind) folded before Flop


Poker Hand #HD1203752510: Hold'em No Limit  ($0.02/$0.05) - 2023/04/15 08:59:20
Table 'NLHBlue54' 6-max Seat #4 is the button
Seat 1: 32da4b9d ($5.51 in chips)
Seat 3: 2eef8753 ($9.69 in chips)
Seat 4: Hero ($5 in chips)
Seat 5: 42b0bf12 ($5.19 in chips)
Seat 6: 66a23e87 ($7.98 in chips)
42b0bf12: posts small blind $0.02
66a23e87: posts big blind $0.05
*** HOLE CARDS ***
Dealt to 32da4b9d 
Dealt to 2eef8753 
Dealt to Hero [Ah 2c]
Dealt to 42b0bf12 
Dealt to 66a23e87 
32da4b9d: folds
2eef8753: folds
Hero: raises $0.07 to $0.12
42b0bf12: folds
66a23e87: folds
Uncalled bet ($0.07) returned to Hero
*** SHOWDOWN ***
Hero collected $0.12 from pot
*** SUMMARY ***
Total pot $0.12 | Rake $0 | Jackpot $0 | Bingo $0 | Fortune $0
Seat 1: 32da4b9d folded before Flop (didn't bet)
Seat 3: 2eef8753 folded before Flop (didn't bet)
Seat 4: Hero (button) collected ($0.12)
Seat 5: 42b0bf12 (small blind) folded before Flop
Seat 6: 66a23e87 (big blind) folded before Flop


Poker Hand #HD1203752418: Hold'em No Limit  ($0.02/$0.05) - 2023/04/15 08:58:18
Table 'NLHBlue54' 6-max Seat #3 is the button
Seat 1: 32da4b9d ($5 in chips)
Seat 3: 2eef8753 ($9.69 in chips)
Seat 4: Hero ($5 in chips)
Seat 5: 42b0bf12 ($5.24 in chips)
Seat 6: 66a23e87 ($7.98 in chips)
Hero: posts small blind $0.02
42b0bf12: posts big blind $0.05
*** HOLE CARDS ***
Dealt to 32da4b9d 
Dealt to 2eef8753 
Dealt to Hero [9d 9h]
Dealt to 42b0bf12 
Dealt to 66a23e87 
66a23e87: folds
32da4b9d: raises $0.1 to $0.15
2eef8753: folds
Hero: raises $0.37 to $0.52
42b0bf12: folds
32da4b9d: calls $0.37
*** FLOP *** [Kc Tc Qc]
Hero: checks
32da4b9d: checks
*** TURN *** [Kc Tc Qc] [2d]
Hero: checks
32da4b9d: bets $0.4
Hero: folds
Uncalled bet ($0.4) returned to 32da4b9d
*** SHOWDOWN ***
32da4b9d collected $1.03 from pot
*** SUMMARY ***
Total pot $1.09 | Rake $0.06 | Jackpot $0 | Bingo $0 | Fortune $0
Board [Kc Tc Qc 2d]
Seat 1: 32da4b9d won ($1.03)
Seat 3: 2eef8753 (button) folded before Flop (didn't bet)
Seat 4: Hero (small blind) folded on the Turn
Seat 5: 42b0bf12 (big blind) folded before Flop
Seat 6: 66a23e87 folded before Flop (didn't bet)


Poker Hand #HD1203752341: Hold'em No Limit  ($0.02/$0.05) - 2023/04/15 08:57:25
Table 'NLHBlue54' 6-max Seat #1 is the button
Seat 1: 32da4b9d ($5 in chips)
Seat 3: 2eef8753 ($9.82 in chips)
Seat 4: Hero ($5 in chips)
Seat 5: 42b0bf12 ($5.07 in chips)
Seat 6: 66a23e87 ($7.98 in chips)
2eef8753: posts small blind $0.02
Hero: posts big blind $0.05
*** HOLE CARDS ***
Dealt to 32da4b9d 
Dealt to 2eef8753 
Dealt to Hero [2h 8h]
Dealt to 42b0bf12 
Dealt to 66a23e87 
42b0bf12: raises $0.08 to $0.13
66a23e87: folds
32da4b9d: folds
2eef8753: calls $0.11
Hero: folds
*** FLOP *** [2c 6d 3d]
2eef8753: checks
42b0bf12: checks
*** TURN *** [2c 6d 3d] [2s]
2eef8753: checks
42b0bf12: bets $0.16
2eef8753: folds
Uncalled bet ($0.16) returned to 42b0bf12
*** SHOWDOWN ***
42b0bf12 collected $0.3 from pot
*** SUMMARY ***
Total pot $0.31 | Rake $0.01 | Jackpot $0 | Bingo $0 | Fortune $0
Board [2c 6d 3d 2s]
Seat 1: 32da4b9d (button) folded before Flop (didn't bet)
Seat 3: 2eef8753 (small blind) folded on the Turn
Seat 4: Hero (big blind) folded before Flop
Seat 5: 42b0bf12 won ($0.3)
Seat 6: 66a23e87 folded before Flop (didn't bet)


Poker Hand #HD1203752309: Hold'em No Limit  ($0.02/$0.05) - 2023/04/15 08:56:58
Table 'NLHBlue54' 6-max Seat #6 is the button
Seat 1: 32da4b9d ($5.02 in chips)
Seat 3: 2eef8753 ($9.87 in chips)
Seat 4: Hero ($5 in chips)
Seat 5: 42b0bf12 ($5 in chips)
Seat 6: 66a23e87 ($7.98 in chips)
32da4b9d: posts small blind $0.02
2eef8753: posts big blind $0.05
*** HOLE CARDS ***
Dealt to 32da4b9d 
Dealt to 2eef8753 
Dealt to Hero [7c 7h]
Dealt to 42b0bf12 
Dealt to 66a23e87 
Hero: folds
42b0bf12: raises $0.08 to $0.13
66a23e87: folds
32da4b9d: folds
2eef8753: folds
Uncalled bet ($0.08) returned to 42b0bf12
*** SHOWDOWN ***
42b0bf12 collected $0.12 from pot
*** SUMMARY ***
Total pot $0.12 | Rake $0 | Jackpot $0 | Bingo $0 | Fortune $0
Seat 1: 32da4b9d (small blind) folded before Flop
Seat 3: 2eef8753 (big blind) folded before Flop
Seat 4: Hero folded before Flop (didn't bet)
Seat 5: 42b0bf12 collected ($0.12)
Seat 6: 66a23e87 (button) folded before Flop (didn't bet)


Poker Hand #HD1203752294: Hold'em No Limit  ($0.02/$0.05) - 2023/04/15 08:56:47
Table 'NLHBlue54' 6-max Seat #5 is the button
Seat 1: 32da4b9d ($5 in chips)
Seat 3: 2eef8753 ($9.87 in chips)
Seat 4: Hero ($5 in chips)
Seat 5: 42b0bf12 ($5 in chips)
Seat 6: 66a23e87 ($8 in chips)
66a23e87: posts small blind $0.02
32da4b9d: posts big blind $0.05
*** HOLE CARDS ***
Dealt to 32da4b9d 
Dealt to 2eef8753 
Dealt to Hero [3c 4s]
Dealt to 42b0bf12 
Dealt to 66a23e87 
2eef8753: folds
Hero: folds
42b0bf12: folds
66a23e87: folds
Uncalled bet ($0.03) returned to 32da4b9d
*** SHOWDOWN ***
32da4b9d collected $0.04 from pot
*** SUMMARY ***
Total pot $0.04 | Rake $0 | Jackpot $0 | Bingo $0 | Fortune $0
Seat 1: 32da4b9d (big blind) collected ($0.04)
Seat 3: 2eef8753 folded before Flop (didn't bet)
Seat 4: Hero folded before Flop (didn't bet)
Seat 5: 42b0bf12 (button) folded before Flop (didn't bet)
Seat 6: 66a23e87 (small blind) folded before Flop


Poker Hand #HD1203752226: Hold'em No Limit  ($0.02/$0.05) - 2023/04/15 08:56:09
Table 'NLHBlue54' 6-max Seat #4 is the button
Seat 1: 32da4b9d ($5 in chips)
Seat 3: 2eef8753 ($9.87 in chips)
Seat 4: Hero ($5 in chips)
Seat 5: 42b0bf12 ($5 in chips)
Seat 6: 66a23e87 ($6.5 in chips)
42b0bf12: posts small blind $0.02
66a23e87: posts big blind $0.05
*** HOLE CARDS ***
Dealt to 32da4b9d 
Dealt to 2eef8753 
Dealt to Hero [3c Kd]
Dealt to 42b0bf12 
Dealt to 66a23e87 
32da4b9d: raises $0.1 to $0.15
2eef8753: folds
Hero: folds
42b0bf12: folds
66a23e87: calls $0.1
*** FLOP *** [5h 4h 8c]
66a23e87: checks
32da4b9d: bets $0.11
66a23e87: raises $0.41 to $0.52
32da4b9d: raises $1.02 to $1.54
66a23e87: raises $3.35 to $4.89
32da4b9d: folds
Uncalled bet ($3.35) returned to 66a23e87
*** SHOWDOWN ***
66a23e87 collected $3.19 from pot
*** SUMMARY ***
Total pot $3.4 | Rake $0.16 | Jackpot $0.05 | Bingo $0 | Fortune $0
Board [5h 4h 8c]
Seat 1: 32da4b9d folded on the Flop
Seat 3: 2eef8753 folded before Flop (didn't bet)
Seat 4: Hero (button) folded before Flop (didn't bet)
Seat 5: 42b0bf12 (small blind) folded before Flop
Seat 6: 66a23e87 (big blind) won ($3.19)


Poker Hand #HD1203752178: Hold'em No Limit  ($0.02/$0.05) - 2023/04/15 08:55:40
Table 'NLHBlue54' 6-max Seat #3 is the button
Seat 1: 32da4b9d ($5 in chips)
Seat 2: 2111dd7b ($6.38 in chips)
Seat 3: 2eef8753 ($9.75 in chips)
Seat 4: Hero ($5 in chips)
Seat 5: 42b0bf12 ($5.07 in chips)
Seat 6: 66a23e87 ($6.5 in chips)
Hero: posts small blind $0.02
42b0bf12: posts big blind $0.05
*** HOLE CARDS ***
Dealt to 32da4b9d 
Dealt to 2111dd7b 
Dealt to 2eef8753 
Dealt to Hero [4s 6c]
Dealt to 42b0bf12 
Dealt to 66a23e87 
66a23e87: folds
32da4b9d: folds
2111dd7b: folds
2eef8753: raises $0.06 to $0.11
Hero: folds
42b0bf12: calls $0.06
*** FLOP *** [8c 8s Ks]
42b0bf12: checks
2eef8753: bets $0.08
42b0bf12: folds
Uncalled bet ($0.08) returned to 2eef8753
*** SHOWDOWN ***
2eef8753 collected $0.23 from pot
*** SUMMARY ***
Total pot $0.24 | Rake $0.01 | Jackpot $0 | Bingo $0 | Fortune $0
Board [8c 8s Ks]
Seat 1: 32da4b9d folded before Flop (didn't bet)
Seat 2: 2111dd7b folded before Flop (didn't bet)
Seat 3: 2eef8753 (button) won ($0.23)
Seat 4: Hero (small blind) folded before Flop
Seat 5: 42b0bf12 (big blind) folded on the Flop
Seat 6: 66a23e87 folded before Flop (didn't bet)


Poker Hand #HD1203752156: Hold'em No Limit  ($0.02/$0.05) - 2023/04/15 08:55:22
Table 'NLHBlue54' 6-max Seat #2 is the button
Seat 1: 32da4b9d ($5 in chips)
Seat 2: 2111dd7b ($6.38 in chips)
Seat 3: 2eef8753 ($9.77 in chips)
Seat 4: Hero ($5 in chips)
Seat 5: 42b0bf12 ($5.07 in chips)
Seat 6: 66a23e87 ($6.43 in chips)
2eef8753: posts small blind $0.02
Hero: posts big blind $0.05
*** HOLE CARDS ***
Dealt to 32da4b9d 
Dealt to 2111dd7b 
Dealt to 2eef8753 
Dealt to Hero [3d 8d]
Dealt to 42b0bf12 
Dealt to 66a23e87 
42b0bf12: folds
66a23e87: raises $0.07 to $0.12
32da4b9d: folds
2111dd7b: folds
2eef8753: folds
Hero: folds
Uncalled bet ($0.07) returned to 66a23e87
*** SHOWDOWN ***
66a23e87 collected $0.12 from pot
*** SUMMARY ***
Total pot $0.12 | Rake $0 | Jackpot $0 | Bingo $0 | Fortune $0
Seat 1: 32da4b9d folded before Flop (didn't bet)
Seat 2: 2111dd7b (button) folded before Flop (didn't bet)
Seat 3: 2eef8753 (small blind) folded before Flop
Seat 4: Hero (big blind) folded before Flop
Seat 5: 42b0bf12 folded before Flop (didn't bet)
Seat 6: 66a23e87 collected ($0.12)


Poker Hand #HD1203752130: Hold'em No Limit  ($0.02/$0.05) - 2023/04/15 08:55:06
Table 'NLHBlue54' 6-max Seat #1 is the button
Seat 1: 32da4b9d ($5 in chips)
Seat 2: 2111dd7b ($6.4 in chips)
Seat 3: 2eef8753 ($9.75 in chips)
Seat 4: Hero ($5 in chips)
Seat 5: 42b0bf12 ($5.07 in chips)
Seat 6: 66a23e87 ($6.43 in chips)
2111dd7b: posts small blind $0.02
2eef8753: posts big blind $0.05
*** HOLE CARDS ***
Dealt to 32da4b9d 
Dealt to 2111dd7b 
Dealt to 2eef8753 
Dealt to Hero [2d As]
Dealt to 42b0bf12 
Dealt to 66a23e87 
Hero: folds
42b0bf12: folds
66a23e87: folds
32da4b9d: folds
2111dd7b: folds
Uncalled bet ($0.03) returned to 2eef8753
*** SHOWDOWN ***
2eef8753 collected $0.04 from pot
*** SUMMARY ***
Total pot $0.04 | Rake $0 | Jackpot $0 | Bingo $0 | Fortune $0
Seat 1: 32da4b9d (button) folded before Flop (didn't bet)
Seat 2: 2111dd7b (small blind) folded before Flop
Seat 3: 2eef8753 (big blind) collected ($0.04)
Seat 4: Hero folded before Flop (didn't bet)
Seat 5: 42b0bf12 folded before Flop (didn't bet)
Seat 6: 66a23e87 folded before Flop (didn't bet)


Poker Hand #HD1203752106: Hold'em No Limit  ($0.02/$0.05) - 2023/04/15 08:54:53
Table 'NLHBlue54' 6-max Seat #6 is the button
Seat 1: 32da4b9d ($5 in chips)
Seat 2: 2111dd7b ($6.45 in chips)
Seat 3: 2eef8753 ($9.75 in chips)
Seat 4: Hero ($5 in chips)
Seat 5: 42b0bf12 ($5 in chips)
Seat 6: 66a23e87 ($6.43 in chips)
32da4b9d: posts small blind $0.02
2111dd7b: posts big blind $0.05
*** HOLE CARDS ***
Dealt to 32da4b9d 
Dealt to 2111dd7b 
Dealt to 2eef8753 
Dealt to Hero [6s 9d]
Dealt to 42b0bf12 
Dealt to 66a23e87 
2eef8753: folds
Hero: folds
42b0bf12: raises $0.08 to $0.13
66a23e87: folds
32da4b9d: folds
2111dd7b: folds
Uncalled bet ($0.08) returned to 42b0bf12
*** SHOWDOWN ***
42b0bf12 collected $0.12 from pot
*** SUMMARY ***
Total pot $0.12 | Rake $0 | Jackpot $0 | Bingo $0 | Fortune $0
Seat 1: 32da4b9d (small blind) folded before Flop
Seat 2: 2111dd7b (big blind) folded before Flop
Seat 3: 2eef8753 folded before Flop (didn't bet)
Seat 4: Hero folded before Flop (didn't bet)
Seat 5: 42b0bf12 collected ($0.12)
Seat 6: 66a23e87 (button) folded before Flop (didn't bet)


Poker Hand #HD1203752084: Hold'em No Limit  ($0.02/$0.05) - 2023/04/15 08:54:38
Table 'NLHBlue54' 6-max Seat #5 is the button
Seat 1: 32da4b9d ($5 in chips)
Seat 2: 2111dd7b ($6.45 in chips)
Seat 3: 2eef8753 ($9.68 in chips)
Seat 4: Hero ($5 in chips)
Seat 5: 42b0bf12 ($5 in chips)
Seat 6: 66a23e87 ($6.45 in chips)
66a23e87: posts small blind $0.02
32da4b9d: posts big blind $0.05
*** HOLE CARDS ***
Dealt to 32da4b9d 
Dealt to 2111dd7b 
Dealt to 2eef8753 
Dealt to Hero [9c 3d]
Dealt to 42b0bf12 
Dealt to 66a23e87 
2111dd7b: folds
2eef8753: raises $0.06 to $0.11
Hero: folds
42b0bf12: folds
66a23e87: folds
32da4b9d: folds
Uncalled bet ($0.06) returned to 2eef8753
*** SHOWDOWN ***
2eef8753 collected $0.12 from pot
*** SUMMARY ***
Total pot $0.12 | Rake $0 | Jackpot $0 | Bingo $0 | Fortune $0
Seat 1: 32da4b9d (big blind) folded before Flop
Seat 2: 2111dd7b folded before Flop (didn't bet)
Seat 3: 2eef8753 collected ($0.12)
Seat 4: Hero folded before Flop (didn't bet)
Seat 5: 42b0bf12 (button) folded before Flop (didn't bet)
Seat 6: 66a23e87 (small blind) folded before Flop


Poker Hand #HD1203752060: Hold'em No Limit  ($0.02/$0.05) - 2023/04/15 08:54:25
Table 'NLHBlue54' 6-max Seat #4 is the button
Seat 1: 32da4b9d ($5 in chips)
Seat 2: 2111dd7b ($6.45 in chips)
Seat 3: 2eef8753 ($9.68 in chips)
Seat 4: Hero ($5 in chips)
Seat 5: 42b0bf12 ($5 in chips)
Seat 6: 66a23e87 ($6.43 in chips)
42b0bf12: posts small blind $0.02
66a23e87: posts big blind $0.05
*** HOLE CARDS ***
Dealt to 32da4b9d 
Dealt to 2111dd7b 
Dealt to 2eef8753 
Dealt to Hero [2h 7c]
Dealt to 42b0bf12 
Dealt to 66a23e87 
32da4b9d: folds
2111dd7b: folds
2eef8753: folds
Hero: folds
42b0bf12: folds
Uncalled bet ($0.03) returned to 66a23e87
*** SHOWDOWN ***
66a23e87 collected $0.04 from pot
*** SUMMARY ***
Total pot $0.04 | Rake $0 | Jackpot $0 | Bingo $0 | Fortune $0
Seat 1: 32da4b9d folded before Flop (didn't bet)
Seat 2: 2111dd7b folded before Flop (didn't bet)
Seat 3: 2eef8753 folded before Flop (didn't bet)
Seat 4: Hero (button) folded before Flop (didn't bet)
Seat 5: 42b0bf12 (small blind) folded before Flop
Seat 6: 66a23e87 (big blind) collected ($0.04)


Poker Hand #HD1203751958: Hold'em No Limit  ($0.02/$0.05) - 2023/04/15 08:53:22
Table 'NLHBlue54' 6-max Seat #3 is the button
Seat 1: 32da4b9d ($5 in chips)
Seat 2: 2111dd7b ($6.45 in chips)
Seat 3: 2eef8753 ($9.8 in chips)
Seat 4: Hero ($5.02 in chips)
Seat 5: 42b0bf12 ($5 in chips)
Seat 6: 66a23e87 ($5.11 in chips)
Hero: posts small blind $0.02
42b0bf12: posts big blind $0.05
*** HOLE CARDS ***
Dealt to 32da4b9d 
Dealt to 2111dd7b 
Dealt to 2eef8753 
Dealt to Hero [Qc Kc]
Dealt to 42b0bf12 
Dealt to 66a23e87 
66a23e87: raises $0.07 to $0.12
32da4b9d: folds
2111dd7b: folds
2eef8753: calls $0.12
Hero: raises $0.62 to $0.74
42b0bf12: folds
66a23e87: calls $0.62
2eef8753: folds
*** FLOP *** [6d 7h 5s]
Hero: bets $0.6
66a23e87: calls $0.6
*** TURN *** [6d 7h 5s] [8d]
Hero: checks
66a23e87: bets $0.95
Hero: folds
Uncalled bet ($0.95) returned to 66a23e87
*** SHOWDOWN ***
66a23e87 collected $2.66 from pot
*** SUMMARY ***
Total pot $2.85 | Rake $0.14 | Jackpot $0.05 | Bingo $0 | Fortune $0
Board [6d 7h 5s 8d]
Seat 1: 32da4b9d folded before Flop (didn't bet)
Seat 2: 2111dd7b folded before Flop (didn't bet)
Seat 3: 2eef8753 (button) folded before Flop
Seat 4: Hero (small blind) folded on the Turn
Seat 5: 42b0bf12 (big blind) folded before Flop
Seat 6: 66a23e87 won ($2.66)


Poker Hand #HD1203751930: Hold'em No Limit  ($0.02/$0.05) - 2023/04/15 08:53:02
Table 'NLHBlue54' 6-max Seat #2 is the button
Seat 1: 32da4b9d ($5 in chips)
Seat 2: 2111dd7b ($6.38 in chips)
Seat 3: 2eef8753 ($9.82 in chips)
Seat 4: Hero ($5.07 in chips)
Seat 6: 66a23e87 ($5.11 in chips)
2eef8753: posts small blind $0.02
Hero: posts big blind $0.05
*** HOLE CARDS ***
Dealt to 32da4b9d 
Dealt to 2111dd7b 
Dealt to 2eef8753 
Dealt to Hero [5c Qd]
Dealt to 66a23e87 
66a23e87: folds
32da4b9d: folds
2111dd7b: raises $0.08 to $0.13
2eef8753: folds
Hero: folds
Uncalled bet ($0.08) returned to 2111dd7b
*** SHOWDOWN ***
2111dd7b collected $0.12 from pot
*** SUMMARY ***
Total pot $0.12 | Rake $0 | Jackpot $0 | Bingo $0 | Fortune $0
Seat 1: 32da4b9d folded before Flop (didn't bet)
Seat 2: 2111dd7b (button) collected ($0.12)
Seat 3: 2eef8753 (small blind) folded before Flop
Seat 4: Hero (big blind) folded before Flop
Seat 6: 66a23e87 folded before Flop (didn't bet)


Poker Hand #HD1203751911: Hold'em No Limit  ($0.02/$0.05) - 2023/04/15 08:52:46
Table 'NLHBlue54' 6-max Seat #1 is the button
Seat 1: 32da4b9d ($5 in chips)
Seat 2: 2111dd7b ($6.4 in chips)
Seat 3: 2eef8753 ($9.8 in chips)
Seat 4: Hero ($5.07 in chips)
Seat 6: 66a23e87 ($5.11 in chips)
2111dd7b: posts small blind $0.02
2eef8753: posts big blind $0.05
*** HOLE CARDS ***
Dealt to 32da4b9d 
Dealt to 2111dd7b 
Dealt to 2eef8753 
Dealt to Hero [4c 7d]
Dealt to 66a23e87 
Hero: folds
66a23e87: folds
32da4b9d: folds
2111dd7b: folds
Uncalled bet ($0.03) returned to 2eef8753
*** SHOWDOWN ***
2eef8753 collected $0.04 from pot
*** SUMMARY ***
Total pot $0.04 | Rake $0 | Jackpot $0 | Bingo $0 | Fortune $0
Seat 1: 32da4b9d (button) folded before Flop (didn't bet)
Seat 2: 2111dd7b (small blind) folded before Flop
Seat 3: 2eef8753 (big blind) collected ($0.04)
Seat 4: Hero folded before Flop (didn't bet)
Seat 6: 66a23e87 folded before Flop (didn't bet)


Poker Hand #HD1203751886: Hold'em No Limit  ($0.02/$0.05) - 2023/04/15 08:52:34
Table 'NLHBlue54' 6-max Seat #6 is the button
Seat 1: 32da4b9d ($5 in chips)
Seat 2: 2111dd7b ($6.38 in chips)
Seat 3: 2eef8753 ($9.8 in chips)
Seat 4: Hero ($5.07 in chips)
Seat 6: 66a23e87 ($5.11 in chips)
32da4b9d: posts small blind $0.02
2111dd7b: posts big blind $0.05
*** HOLE CARDS ***
Dealt to 32da4b9d 
Dealt to 2111dd7b 
Dealt to 2eef8753 
Dealt to Hero [8d Qh]
Dealt to 66a23e87 
2eef8753: folds
Hero: folds
66a23e87: folds
32da4b9d: folds
Uncalled bet ($0.03) returned to 2111dd7b
*** SHOWDOWN ***
2111dd7b collected $0.04 from pot
*** SUMMARY ***
Total pot $0.04 | Rake $0 | Jackpot $0 | Bingo $0 | Fortune $0
Seat 1: 32da4b9d (small blind) folded before Flop
Seat 2: 2111dd7b (big blind) collected ($0.04)
Seat 3: 2eef8753 folded before Flop (didn't bet)
Seat 4: Hero folded before Flop (didn't bet)
Seat 6: 66a23e87 (button) folded before Flop (didn't bet)


Poker Hand #HD1203751833: Hold'em No Limit  ($0.02/$0.05) - 2023/04/15 08:51:58
Table 'NLHBlue54' 6-max Seat #4 is the button
Seat 1: 32da4b9d ($5 in chips)
Seat 2: 2111dd7b ($6.38 in chips)
Seat 3: 2eef8753 ($9.8 in chips)
Seat 4: Hero ($5 in chips)
Seat 6: 66a23e87 ($5.13 in chips)
66a23e87: posts small blind $0.02
32da4b9d: posts big blind $0.05
*** HOLE CARDS ***
Dealt to 32da4b9d 
Dealt to 2111dd7b 
Dealt to 2eef8753 
Dealt to Hero [9h 9c]
Dealt to 66a23e87 
2111dd7b: folds
2eef8753: folds
Hero: raises $0.09 to $0.14
66a23e87: folds
32da4b9d: folds
Uncalled bet ($0.09) returned to Hero
*** SHOWDOWN ***
Hero collected $0.12 from pot
*** SUMMARY ***
Total pot $0.12 | Rake $0 | Jackpot $0 | Bingo $0 | Fortune $0
Seat 1: 32da4b9d (big blind) folded before Flop
Seat 2: 2111dd7b folded before Flop (didn't bet)
Seat 3: 2eef8753 folded before Flop (didn't bet)
Seat 4: Hero (button) collected ($0.12)
Seat 6: 66a23e87 (small blind) folded before Flop


Poker Hand #HD1203751794: Hold'em No Limit  ($0.02/$0.05) - 2023/04/15 08:51:32
Table 'NLHBlue54' 6-max Seat #3 is the button
Seat 2: 2111dd7b ($6.22 in chips)
Seat 3: 2eef8753 ($9.8 in chips)
Seat 4: Hero ($5.02 in chips)
Seat 6: 66a23e87 ($5.28 in chips)
Hero: posts small blind $0.02
66a23e87: posts big blind $0.05
*** HOLE CARDS ***
Dealt to 2111dd7b 
Dealt to 2eef8753 
Dealt to Hero [Ks 9h]
Dealt to 66a23e87 
2111dd7b: raises $0.1 to $0.15
2eef8753: folds
Hero: folds
66a23e87: calls $0.1
*** FLOP *** [9s 3h 5h]
66a23e87: checks
2111dd7b: bets $0.14
66a23e87: folds
Uncalled bet ($0.14) returned to 2111dd7b
*** SHOWDOWN ***
2111dd7b collected $0.31 from pot
*** SUMMARY ***
Total pot $0.32 | Rake $0.01 | Jackpot $0 | Bingo $0 | Fortune $0
Board [9s 3h 5h]
Seat 2: 2111dd7b won ($0.31)
Seat 3: 2eef8753 (button) folded before Flop (didn't bet)
Seat 4: Hero (small blind) folded before Flop
Seat 6: 66a23e87 (big blind) folded on the Flop


Poker Hand #HD1203751769: Hold'em No Limit  ($0.02/$0.05) - 2023/04/15 08:51:20
Table 'NLHBlue54' 6-max Seat #2 is the button
Seat 2: 2111dd7b ($6.22 in chips)
Seat 3: 2eef8753 ($9.82 in chips)
Seat 4: Hero ($5 in chips)
Seat 5: d50c9472 ($5.51 in chips)
Seat 6: 66a23e87 ($5.28 in chips)
2eef8753: posts small blind $0.02
Hero: posts big blind $0.05
*** HOLE CARDS ***
Dealt to 2111dd7b 
Dealt to 2eef8753 
Dealt to Hero [5d 8s]
Dealt to d50c9472 
Dealt to 66a23e87 
d50c9472: folds
66a23e87: folds
2111dd7b: folds
2eef8753: folds
Uncalled bet ($0.03) returned to Hero
*** SHOWDOWN ***
Hero collected $0.04 from pot
*** SUMMARY ***
Total pot $0.04 | Rake $0 | Jackpot $0 | Bingo $0 | Fortune $0
Seat 2: 2111dd7b (button) folded before Flop (didn't bet)
Seat 3: 2eef8753 (small blind) folded before Flop
Seat 4: Hero (big blind) collected ($0.04)
Seat 5: d50c9472 folded before Flop (didn't bet)
Seat 6: 66a23e87 folded before Flop (didn't bet)


