Poker Hand #HD1186220407: Hold'em No Limit  ($0.02/$0.05) - 2023/04/02 12:52:51
Table 'NLHBlue72' 6-max Seat #6 is the button
Seat 3: 202dd74a ($8.28 in chips)
Seat 6: Hero ($6.59 in chips)
Hero: posts small blind $0.02
202dd74a: posts big blind $0.05
*** HOLE CARDS ***
Dealt to 202dd74a 
Dealt to Hero [2h Kh]
Hero: raises $0.09 to $0.14
202dd74a: calls $0.09
*** FLOP *** [8h Ac Js]
202dd74a: checks
Hero: checks
*** TURN *** [8h Ac Js] [5d]
202dd74a: checks
Hero: checks
*** RIVER *** [8h Ac Js 5d] [3c]
202dd74a: checks
Hero: checks
Hero: shows [2h Kh] (Ace-High)
202dd74a: shows [Qd Td] (Ace-High)
*** SHOWDOWN ***
Hero collected $0.27 from pot
*** SUMMARY ***
Total pot $0.28 | Rake $0.01 | Jackpot $0 | Bingo $0 | Fortune $0
Board [8h Ac Js 5d 3c]
Seat 3: 202dd74a (big blind) showed [Qd Td] and lost with Ace-High
Seat 6: Hero (small blind) showed [2h Kh] and won ($0.27) with Ace-High


Poker Hand #HD1186220394: Hold'em No Limit  ($0.02/$0.05) - 2023/04/02 12:52:46
Table 'NLHBlue72' 6-max Seat #3 is the button
Seat 3: 202dd74a ($8.3 in chips)
Seat 6: Hero ($6.57 in chips)
202dd74a: posts small blind $0.02
Hero: posts big blind $0.05
*** HOLE CARDS ***
Dealt to 202dd74a 
Dealt to Hero [4d Qc]
202dd74a: folds
Uncalled bet ($0.03) returned to Hero
*** SHOWDOWN ***
Hero collected $0.04 from pot
*** SUMMARY ***
Total pot $0.04 | Rake $0 | Jackpot $0 | Bingo $0 | Fortune $0
Seat 3: 202dd74a (small blind) folded before Flop
Seat 6: Hero (big blind) collected ($0.04)


Poker Hand #HD1186220386: Hold'em No Limit  ($0.02/$0.05) - 2023/04/02 12:52:40
Table 'NLHBlue72' 6-max Seat #6 is the button
Seat 3: 202dd74a ($8.28 in chips)
Seat 6: Hero ($6.59 in chips)
Hero: posts small blind $0.02
202dd74a: posts big blind $0.05
*** HOLE CARDS ***
Dealt to 202dd74a 
Dealt to Hero [4c Qs]
Hero: folds
Uncalled bet ($0.03) returned to 202dd74a
*** SHOWDOWN ***
202dd74a collected $0.04 from pot
*** SUMMARY ***
Total pot $0.04 | Rake $0 | Jackpot $0 | Bingo $0 | Fortune $0
Seat 3: 202dd74a (big blind) collected ($0.04)
Seat 6: Hero (small blind) folded before Flop


Poker Hand #HD1186220334: Hold'em No Limit  ($0.02/$0.05) - 2023/04/02 12:52:10
Table 'NLHBlue72' 6-max Seat #3 is the button
Seat 3: 202dd74a ($8.41 in chips)
Seat 6: Hero ($6.47 in chips)
202dd74a: posts small blind $0.02
Hero: posts big blind $0.05
*** HOLE CARDS ***
Dealt to 202dd74a 
Dealt to Hero [Td 9h]
202dd74a: raises $0.08 to $0.13
Hero: calls $0.08
*** FLOP *** [5s Qc Jc]
Hero: checks
202dd74a: checks
*** TURN *** [5s Qc Jc] [Jd]
Hero: bets $0.13
202dd74a: folds
Uncalled bet ($0.13) returned to Hero
*** SHOWDOWN ***
Hero collected $0.25 from pot
*** SUMMARY ***
Total pot $0.26 | Rake $0.01 | Jackpot $0 | Bingo $0 | Fortune $0
Board [5s Qc Jc Jd]
Seat 3: 202dd74a (small blind) folded on the Turn
Seat 6: Hero (big blind) won ($0.25)


Poker Hand #HD1186220307: Hold'em No Limit  ($0.02/$0.05) - 2023/04/02 12:52:00
Table 'NLHBlue72' 6-max Seat #6 is the button
Seat 3: 202dd74a ($8.39 in chips)
Seat 6: Hero ($6.49 in chips)
Hero: posts small blind $0.02
202dd74a: posts big blind $0.05
*** HOLE CARDS ***
Dealt to 202dd74a 
Dealt to Hero [5c Td]
Hero: folds
Uncalled bet ($0.03) returned to 202dd74a
*** SHOWDOWN ***
202dd74a collected $0.04 from pot
*** SUMMARY ***
Total pot $0.04 | Rake $0 | Jackpot $0 | Bingo $0 | Fortune $0
Seat 3: 202dd74a (big blind) collected ($0.04)
Seat 6: Hero (small blind) folded before Flop


Poker Hand #HD1186220286: Hold'em No Limit  ($0.02/$0.05) - 2023/04/02 12:51:54
Table 'NLHBlue72' 6-max Seat #3 is the button
Seat 3: 202dd74a ($8.41 in chips)
Seat 6: Hero ($6.47 in chips)
202dd74a: posts small blind $0.02
Hero: posts big blind $0.05
*** HOLE CARDS ***
Dealt to 202dd74a 
Dealt to Hero [2c 2h]
202dd74a: folds
Uncalled bet ($0.03) returned to Hero
*** SHOWDOWN ***
Hero collected $0.04 from pot
*** SUMMARY ***
Total pot $0.04 | Rake $0 | Jackpot $0 | Bingo $0 | Fortune $0
Seat 3: 202dd74a (small blind) folded before Flop
Seat 6: Hero (big blind) collected ($0.04)


Poker Hand #HD1186220265: Hold'em No Limit  ($0.02/$0.05) - 2023/04/02 12:51:43
Table 'NLHBlue72' 6-max Seat #6 is the button
Seat 3: 202dd74a ($8.46 in chips)
Seat 6: Hero ($6.42 in chips)
Hero: posts small blind $0.02
202dd74a: posts big blind $0.05
*** HOLE CARDS ***
Dealt to 202dd74a 
Dealt to Hero [Ah 2c]
Hero: raises $0.09 to $0.14
202dd74a: folds
Uncalled bet ($0.09) returned to Hero
*** SHOWDOWN ***
Hero collected $0.1 from pot
*** SUMMARY ***
Total pot $0.1 | Rake $0 | Jackpot $0 | Bingo $0 | Fortune $0
Seat 3: 202dd74a (big blind) folded before Flop
Seat 6: Hero (small blind) collected ($0.1)


Poker Hand #HD1186220251: Hold'em No Limit  ($0.02/$0.05) - 2023/04/02 12:51:37
Table 'NLHBlue72' 6-max Seat #3 is the button
Seat 3: 202dd74a ($8.48 in chips)
Seat 6: Hero ($6.4 in chips)
202dd74a: posts small blind $0.02
Hero: posts big blind $0.05
*** HOLE CARDS ***
Dealt to 202dd74a 
Dealt to Hero [Qs Ad]
202dd74a: folds
Uncalled bet ($0.03) returned to Hero
*** SHOWDOWN ***
Hero collected $0.04 from pot
*** SUMMARY ***
Total pot $0.04 | Rake $0 | Jackpot $0 | Bingo $0 | Fortune $0
Seat 3: 202dd74a (small blind) folded before Flop
Seat 6: Hero (big blind) collected ($0.04)


Poker Hand #HD1186220232: Hold'em No Limit  ($0.02/$0.05) - 2023/04/02 12:51:28
Table 'NLHBlue72' 6-max Seat #6 is the button
Seat 3: 202dd74a ($8.46 in chips)
Seat 6: Hero ($6.42 in chips)
Hero: posts small blind $0.02
202dd74a: posts big blind $0.05
*** HOLE CARDS ***
Dealt to 202dd74a 
Dealt to Hero [4h 7c]
Hero: folds
Uncalled bet ($0.03) returned to 202dd74a
*** SHOWDOWN ***
202dd74a collected $0.04 from pot
*** SUMMARY ***
Total pot $0.04 | Rake $0 | Jackpot $0 | Bingo $0 | Fortune $0
Seat 3: 202dd74a (big blind) collected ($0.04)
Seat 6: Hero (small blind) folded before Flop


Poker Hand #HD1186220180: Hold'em No Limit  ($0.02/$0.05) - 2023/04/02 12:51:02
Table 'NLHBlue72' 6-max Seat #3 is the button
Seat 3: 202dd74a ($8.32 in chips)
Seat 4: d055433e ($5.47 in chips)
Seat 6: Hero ($6.55 in chips)
d055433e: posts small blind $0.02
Hero: posts big blind $0.05
*** HOLE CARDS ***
Dealt to 202dd74a 
Dealt to d055433e 
Dealt to Hero [Jh Ks]
202dd74a: raises $0.08 to $0.13
d055433e: folds
Hero: calls $0.08
*** FLOP *** [7h 2c 2s]
Hero: checks
202dd74a: bets $0.1
Hero: folds
Uncalled bet ($0.1) returned to 202dd74a
*** SHOWDOWN ***
202dd74a collected $0.27 from pot
*** SUMMARY ***
Total pot $0.28 | Rake $0.01 | Jackpot $0 | Bingo $0 | Fortune $0
Board [7h 2c 2s]
Seat 3: 202dd74a (button) won ($0.27)
Seat 4: d055433e (small blind) folded before Flop
Seat 6: Hero (big blind) folded on the Flop


Poker Hand #HD1186220164: Hold'em No Limit  ($0.02/$0.05) - 2023/04/02 12:50:53
Table 'NLHBlue72' 6-max Seat #6 is the button
Seat 3: 202dd74a ($8.34 in chips)
Seat 4: d055433e ($5.45 in chips)
Seat 5: ad1a0295 ($5.05 in chips)
Seat 6: Hero ($6.55 in chips)
202dd74a: posts small blind $0.02
d055433e: posts big blind $0.05
*** HOLE CARDS ***
Dealt to 202dd74a 
Dealt to d055433e 
Dealt to ad1a0295 
Dealt to Hero [9s 3d]
ad1a0295: folds
Hero: folds
202dd74a: folds
Uncalled bet ($0.03) returned to d055433e
*** SHOWDOWN ***
d055433e collected $0.04 from pot
*** SUMMARY ***
Total pot $0.04 | Rake $0 | Jackpot $0 | Bingo $0 | Fortune $0
Seat 3: 202dd74a (small blind) folded before Flop
Seat 4: d055433e (big blind) collected ($0.04)
Seat 5: ad1a0295 folded before Flop (didn't bet)
Seat 6: Hero (button) folded before Flop (didn't bet)


Poker Hand #HD1186220097: Hold'em No Limit  ($0.02/$0.05) - 2023/04/02 12:50:25
Table 'NLHBlue72' 6-max Seat #5 is the button
Seat 3: 202dd74a ($8.39 in chips)
Seat 4: d055433e ($5.45 in chips)
Seat 5: ad1a0295 ($5.05 in chips)
Seat 6: Hero ($6.5 in chips)
Hero: posts small blind $0.02
202dd74a: posts big blind $0.05
*** HOLE CARDS ***
Dealt to 202dd74a 
Dealt to d055433e 
Dealt to ad1a0295 
Dealt to Hero [Kh 4h]
d055433e: folds
ad1a0295: folds
Hero: raises $0.09 to $0.14
202dd74a: folds
Uncalled bet ($0.09) returned to Hero
*** SHOWDOWN ***
Hero collected $0.1 from pot
*** SUMMARY ***
Total pot $0.1 | Rake $0 | Jackpot $0 | Bingo $0 | Fortune $0
Seat 3: 202dd74a (big blind) folded before Flop
Seat 4: d055433e folded before Flop (didn't bet)
Seat 5: ad1a0295 (button) folded before Flop (didn't bet)
Seat 6: Hero (small blind) collected ($0.1)


Poker Hand #HD1186220048: Hold'em No Limit  ($0.02/$0.05) - 2023/04/02 12:50:01
Table 'NLHBlue72' 6-max Seat #4 is the button
Seat 1: 85f1d9ae ($5 in chips)
Seat 3: 202dd74a ($8.39 in chips)
Seat 4: d055433e ($5.45 in chips)
Seat 5: ad1a0295 ($5 in chips)
Seat 6: Hero ($6.55 in chips)
ad1a0295: posts small blind $0.02
Hero: posts big blind $0.05
*** HOLE CARDS ***
Dealt to 85f1d9ae 
Dealt to 202dd74a 
Dealt to d055433e 
Dealt to ad1a0295 
Dealt to Hero [3c 4s]
85f1d9ae: folds
202dd74a: folds
d055433e: folds
ad1a0295: raises $0.05 to $0.1
Hero: folds
Uncalled bet ($0.05) returned to ad1a0295
*** SHOWDOWN ***
ad1a0295 collected $0.1 from pot
*** SUMMARY ***
Total pot $0.1 | Rake $0 | Jackpot $0 | Bingo $0 | Fortune $0
Seat 1: 85f1d9ae folded before Flop (didn't bet)
Seat 3: 202dd74a folded before Flop (didn't bet)
Seat 4: d055433e (button) folded before Flop (didn't bet)
Seat 5: ad1a0295 (small blind) collected ($0.1)
Seat 6: Hero (big blind) folded before Flop


Poker Hand #HD1186219908: Hold'em No Limit  ($0.02/$0.05) - 2023/04/02 12:48:54
Table 'NLHBlue72' 6-max Seat #3 is the button
Seat 1: 85f1d9ae ($5 in chips)
Seat 3: 202dd74a ($8.39 in chips)
Seat 4: d055433e ($5 in chips)
Seat 5: ad1a0295 ($5.14 in chips)
Seat 6: Hero ($6.55 in chips)
d055433e: posts small blind $0.02
ad1a0295: posts big blind $0.05
*** HOLE CARDS ***
Dealt to 85f1d9ae 
Dealt to 202dd74a 
Dealt to d055433e 
Dealt to ad1a0295 
Dealt to Hero [7h 4d]
Hero: folds
85f1d9ae: folds
202dd74a: folds
d055433e: raises $0.1 to $0.15
ad1a0295: calls $0.1
*** FLOP *** [5s Td Jd]
d055433e: bets $0.15
ad1a0295: raises $0.2 to $0.35
d055433e: calls $0.2
*** TURN *** [5s Td Jd] [6s]
d055433e: checks
ad1a0295: checks
*** RIVER *** [5s Td Jd 6s] [6c]
d055433e: checks
ad1a0295: checks
d055433e: shows [Js Kc] (Pair of Jacks and Pair of Sixes)
ad1a0295: shows [Ad 3d] (Pair of Sixes)
*** SHOWDOWN ***
d055433e collected $0.95 from pot
*** SUMMARY ***
Total pot $1 | Rake $0.05 | Jackpot $0 | Bingo $0 | Fortune $0
Board [5s Td Jd 6s 6c]
Seat 1: 85f1d9ae folded before Flop (didn't bet)
Seat 3: 202dd74a (button) folded before Flop (didn't bet)
Seat 4: d055433e (small blind) showed [Js Kc] and won ($0.95) with Pair of Jacks and Pair of Sixes
Seat 5: ad1a0295 (big blind) showed [Ad 3d] and lost with Pair of Sixes
Seat 6: Hero folded before Flop (didn't bet)


Poker Hand #HD1186219835: Hold'em No Limit  ($0.02/$0.05) - 2023/04/02 12:48:20
Table 'NLHBlue72' 6-max Seat #1 is the button
Seat 1: 85f1d9ae ($5 in chips)
Seat 3: 202dd74a ($8.41 in chips)
Seat 4: d055433e ($5 in chips)
Seat 5: ad1a0295 ($5.07 in chips)
Seat 6: Hero ($6.55 in chips)
202dd74a: posts small blind $0.02
d055433e: posts big blind $0.05
*** HOLE CARDS ***
Dealt to 85f1d9ae 
Dealt to 202dd74a 
Dealt to d055433e 
Dealt to ad1a0295 
Dealt to Hero [9h 6s]
ad1a0295: raises $0.05 to $0.1
Hero: folds
85f1d9ae: folds
202dd74a: folds
d055433e: folds
Uncalled bet ($0.05) returned to ad1a0295
*** SHOWDOWN ***
ad1a0295 collected $0.12 from pot
*** SUMMARY ***
Total pot $0.12 | Rake $0 | Jackpot $0 | Bingo $0 | Fortune $0
Seat 1: 85f1d9ae (button) folded before Flop (didn't bet)
Seat 3: 202dd74a (small blind) folded before Flop
Seat 4: d055433e (big blind) folded before Flop
Seat 5: ad1a0295 collected ($0.12)
Seat 6: Hero folded before Flop (didn't bet)


Poker Hand #HD1186219739: Hold'em No Limit  ($0.02/$0.05) - 2023/04/02 12:47:30
Table 'NLHBlue72' 6-max Seat #6 is the button
Seat 1: 85f1d9ae ($5 in chips)
Seat 3: 202dd74a ($8.66 in chips)
Seat 4: d055433e ($5 in chips)
Seat 5: ad1a0295 ($5.07 in chips)
Seat 6: Hero ($6.3 in chips)
85f1d9ae: posts small blind $0.02
202dd74a: posts big blind $0.05
*** HOLE CARDS ***
Dealt to 85f1d9ae 
Dealt to 202dd74a 
Dealt to d055433e 
Dealt to ad1a0295 
Dealt to Hero [Jh Qd]
d055433e: folds
ad1a0295: folds
Hero: raises $0.07 to $0.12
85f1d9ae: folds
202dd74a: calls $0.07
*** FLOP *** [4h Js Ts]
202dd74a: checks
Hero: bets $0.13
202dd74a: calls $0.13
*** TURN *** [4h Js Ts] [Kc]
202dd74a: checks
Hero: checks
*** RIVER *** [4h Js Ts Kc] [2s]
202dd74a: checks
Hero: checks
202dd74a: shows [3c 3d] (Pair of Treys)
Hero: shows [Jh Qd] (Pair of Jacks)
*** SHOWDOWN ***
Hero collected $0.5 from pot
*** SUMMARY ***
Total pot $0.52 | Rake $0.02 | Jackpot $0 | Bingo $0 | Fortune $0
Board [4h Js Ts Kc 2s]
Seat 1: 85f1d9ae (small blind) folded before Flop
Seat 3: 202dd74a (big blind) showed [3c 3d] and lost with Pair of Treys
Seat 4: d055433e folded before Flop (didn't bet)
Seat 5: ad1a0295 folded before Flop (didn't bet)
Seat 6: Hero (button) showed [Jh Qd] and won ($0.5) with Pair of Jacks


Poker Hand #HD1186219716: Hold'em No Limit  ($0.02/$0.05) - 2023/04/02 12:47:17
Table 'NLHBlue72' 6-max Seat #5 is the button
Seat 1: 85f1d9ae ($5 in chips)
Seat 3: 202dd74a ($8.66 in chips)
Seat 4: d055433e ($5 in chips)
Seat 5: ad1a0295 ($5 in chips)
Seat 6: Hero ($6.32 in chips)
Hero: posts small blind $0.02
85f1d9ae: posts big blind $0.05
*** HOLE CARDS ***
Dealt to 85f1d9ae 
Dealt to 202dd74a 
Dealt to d055433e 
Dealt to ad1a0295 
Dealt to Hero [7s Qc]
202dd74a: folds
d055433e: folds
ad1a0295: raises $0.05 to $0.1
Hero: folds
85f1d9ae: folds
Uncalled bet ($0.05) returned to ad1a0295
*** SHOWDOWN ***
ad1a0295 collected $0.12 from pot
*** SUMMARY ***
Total pot $0.12 | Rake $0 | Jackpot $0 | Bingo $0 | Fortune $0
Seat 1: 85f1d9ae (big blind) folded before Flop
Seat 3: 202dd74a folded before Flop (didn't bet)
Seat 4: d055433e folded before Flop (didn't bet)
Seat 5: ad1a0295 (button) collected ($0.12)
Seat 6: Hero (small blind) folded before Flop


Poker Hand #HD1186219683: Hold'em No Limit  ($0.02/$0.05) - 2023/04/02 12:46:57
Table 'NLHBlue72' 6-max Seat #4 is the button
Seat 3: 202dd74a ($8.66 in chips)
Seat 4: d055433e ($5 in chips)
Seat 5: ad1a0295 ($5.02 in chips)
Seat 6: Hero ($6.3 in chips)
ad1a0295: posts small blind $0.02
Hero: posts big blind $0.05
*** HOLE CARDS ***
Dealt to 202dd74a 
Dealt to d055433e 
Dealt to ad1a0295 
Dealt to Hero [8h 9s]
202dd74a: folds
d055433e: folds
ad1a0295: folds
Uncalled bet ($0.03) returned to Hero
*** SHOWDOWN ***
Hero collected $0.04 from pot
*** SUMMARY ***
Total pot $0.04 | Rake $0 | Jackpot $0 | Bingo $0 | Fortune $0
Seat 3: 202dd74a folded before Flop (didn't bet)
Seat 4: d055433e (button) folded before Flop (didn't bet)
Seat 5: ad1a0295 (small blind) folded before Flop
Seat 6: Hero (big blind) collected ($0.04)


Poker Hand #HD1186219654: Hold'em No Limit  ($0.02/$0.05) - 2023/04/02 12:46:44
Table 'NLHBlue72' 6-max Seat #3 is the button
Seat 3: 202dd74a ($8.66 in chips)
Seat 4: d055433e ($5 in chips)
Seat 5: ad1a0295 ($5 in chips)
Seat 6: Hero ($6.3 in chips)
d055433e: posts small blind $0.02
ad1a0295: posts big blind $0.05
*** HOLE CARDS ***
Dealt to 202dd74a 
Dealt to d055433e 
Dealt to ad1a0295 
Dealt to Hero [9s Kh]
Hero: folds
202dd74a: folds
d055433e: folds
Uncalled bet ($0.03) returned to ad1a0295
*** SHOWDOWN ***
ad1a0295 collected $0.04 from pot
*** SUMMARY ***
Total pot $0.04 | Rake $0 | Jackpot $0 | Bingo $0 | Fortune $0
Seat 3: 202dd74a (button) folded before Flop (didn't bet)
Seat 4: d055433e (small blind) folded before Flop
Seat 5: ad1a0295 (big blind) collected ($0.04)
Seat 6: Hero folded before Flop (didn't bet)


Poker Hand #HD1186219548: Hold'em No Limit  ($0.02/$0.05) - 2023/04/02 12:45:45
Table 'NLHBlue72' 6-max Seat #2 is the button
Seat 2: 18119863 ($1.42 in chips)
Seat 3: 202dd74a ($8.68 in chips)
Seat 4: d055433e ($5 in chips)
Seat 5: ad1a0295 ($5 in chips)
Seat 6: Hero ($5 in chips)
202dd74a: posts small blind $0.02
d055433e: posts big blind $0.05
*** HOLE CARDS ***
Dealt to 18119863 
Dealt to 202dd74a 
Dealt to d055433e 
Dealt to ad1a0295 
Dealt to Hero [6c 7c]
ad1a0295: folds
Hero: raises $0.07 to $0.12
18119863: raises $0.16 to $0.28
202dd74a: folds
d055433e: folds
Hero: calls $0.16
*** FLOP *** [7d 8c 7h]
Hero: checks
18119863: bets $0.32
Hero: calls $0.32
*** TURN *** [7d 8c 7h] [6s]
Hero: checks
18119863: bets $0.82 and is all-in
Hero: calls $0.82
18119863: shows [Qh Qs] (Pair of Queens and Pair of Sevens)
Hero: shows [6c 7c] (Sevens Full over Sixes)
*** RIVER *** [7d 8c 7h 6s] [Th]
*** SHOWDOWN ***
Hero collected $2.72 from pot
*** SUMMARY ***
Total pot $2.91 | Rake $0.14 | Jackpot $0.05 | Bingo $0 | Fortune $0
Board [7d 8c 7h 6s Th]
Seat 2: 18119863 (button) showed [Qh Qs] and lost with Pair of Queens and Pair of Sevens
Seat 3: 202dd74a (small blind) folded before Flop
Seat 4: d055433e (big blind) folded before Flop
Seat 5: ad1a0295 folded before Flop (didn't bet)
Seat 6: Hero showed [6c 7c] and won ($2.72) with Sevens Full over Sixes


Poker Hand #HD1186219382: Hold'em No Limit  ($0.02/$0.05) - 2023/04/02 12:44:28
Table 'NLHBlue72' 6-max Seat #6 is the button
Seat 2: 18119863 ($1.14 in chips)
Seat 3: 202dd74a ($8.83 in chips)
Seat 4: d055433e ($5 in chips)
Seat 5: ad1a0295 ($5 in chips)
Seat 6: Hero ($5 in chips)
18119863: posts small blind $0.02
202dd74a: posts big blind $0.05
*** HOLE CARDS ***
Dealt to 18119863 
Dealt to 202dd74a 
Dealt to d055433e 
Dealt to ad1a0295 
Dealt to Hero [5d 2s]
d055433e: raises $0.1 to $0.15
ad1a0295: folds
Hero: folds
18119863: calls $0.13
202dd74a: calls $0.1
*** FLOP *** [8s 8d Jd]
18119863: checks
202dd74a: checks
d055433e: checks
*** TURN *** [8s 8d Jd] [9c]
18119863: checks
202dd74a: checks
d055433e: checks
*** RIVER *** [8s 8d Jd 9c] [3d]
18119863: bets $0.23
202dd74a: folds
d055433e: folds
Uncalled bet ($0.23) returned to 18119863
*** SHOWDOWN ***
18119863 collected $0.43 from pot
*** SUMMARY ***
Total pot $0.45 | Rake $0.02 | Jackpot $0 | Bingo $0 | Fortune $0
Board [8s 8d Jd 9c 3d]
Seat 2: 18119863 (small blind) won ($0.43)
Seat 3: 202dd74a (big blind) folded on the River
Seat 4: d055433e folded on the River
Seat 5: ad1a0295 folded before Flop (didn't bet)
Seat 6: Hero (button) folded before Flop (didn't bet)


Poker Hand #HD1186219345: Hold'em No Limit  ($0.02/$0.05) - 2023/04/02 12:44:11
Table 'NLHBlue72' 6-max Seat #5 is the button
Seat 2: 18119863 ($1.12 in chips)
Seat 3: 202dd74a ($8.83 in chips)
Seat 4: d055433e ($5 in chips)
Seat 5: ad1a0295 ($5 in chips)
Seat 6: Hero ($5.02 in chips)
Hero: posts small blind $0.02
18119863: posts big blind $0.05
*** HOLE CARDS ***
Dealt to 18119863 
Dealt to 202dd74a 
Dealt to d055433e 
Dealt to ad1a0295 
Dealt to Hero [5s 9h]
202dd74a: folds
d055433e: folds
ad1a0295: folds
Hero: folds
Uncalled bet ($0.03) returned to 18119863
*** SHOWDOWN ***
18119863 collected $0.04 from pot
*** SUMMARY ***
Total pot $0.04 | Rake $0 | Jackpot $0 | Bingo $0 | Fortune $0
Seat 2: 18119863 (big blind) collected ($0.04)
Seat 3: 202dd74a folded before Flop (didn't bet)
Seat 4: d055433e folded before Flop (didn't bet)
Seat 5: ad1a0295 (button) folded before Flop (didn't bet)
Seat 6: Hero (small blind) folded before Flop


Poker Hand #HD1186219308: Hold'em No Limit  ($0.02/$0.05) - 2023/04/02 12:43:51
Table 'NLHBlue72' 6-max Seat #4 is the button
Seat 2: 18119863 ($1.12 in chips)
Seat 3: 202dd74a ($8.76 in chips)
Seat 4: d055433e ($5 in chips)
Seat 5: ad1a0295 ($5.02 in chips)
Seat 6: Hero ($5.07 in chips)
ad1a0295: posts small blind $0.02
Hero: posts big blind $0.05
*** HOLE CARDS ***
Dealt to 18119863 
Dealt to 202dd74a 
Dealt to d055433e 
Dealt to ad1a0295 
Dealt to Hero [2s Qc]
18119863: folds
202dd74a: raises $0.08 to $0.13
d055433e: folds
ad1a0295: folds
Hero: folds
Uncalled bet ($0.08) returned to 202dd74a
*** SHOWDOWN ***
202dd74a collected $0.12 from pot
*** SUMMARY ***
Total pot $0.12 | Rake $0 | Jackpot $0 | Bingo $0 | Fortune $0
Seat 2: 18119863 folded before Flop (didn't bet)
Seat 3: 202dd74a collected ($0.12)
Seat 4: d055433e (button) folded before Flop (didn't bet)
Seat 5: ad1a0295 (small blind) folded before Flop
Seat 6: Hero (big blind) folded before Flop


Poker Hand #HD1186219285: Hold'em No Limit  ($0.02/$0.05) - 2023/04/02 12:43:39
Table 'NLHBlue72' 6-max Seat #3 is the button
Seat 2: 18119863 ($1.12 in chips)
Seat 3: 202dd74a ($8.76 in chips)
Seat 4: d055433e ($5 in chips)
Seat 5: ad1a0295 ($5 in chips)
Seat 6: Hero ($5.07 in chips)
d055433e: posts small blind $0.02
ad1a0295: posts big blind $0.05
*** HOLE CARDS ***
Dealt to 18119863 
Dealt to 202dd74a 
Dealt to d055433e 
Dealt to ad1a0295 
Dealt to Hero [4d 5c]
Hero: folds
18119863: folds
202dd74a: folds
d055433e: folds
Uncalled bet ($0.03) returned to ad1a0295
*** SHOWDOWN ***
ad1a0295 collected $0.04 from pot
*** SUMMARY ***
Total pot $0.04 | Rake $0 | Jackpot $0 | Bingo $0 | Fortune $0
Seat 2: 18119863 folded before Flop (didn't bet)
Seat 3: 202dd74a (button) folded before Flop (didn't bet)
Seat 4: d055433e (small blind) folded before Flop
Seat 5: ad1a0295 (big blind) collected ($0.04)
Seat 6: Hero folded before Flop (didn't bet)


Poker Hand #HD1186219252: Hold'em No Limit  ($0.02/$0.05) - 2023/04/02 12:43:26
Table 'NLHBlue72' 6-max Seat #2 is the button
Seat 2: 18119863 ($1.05 in chips)
Seat 3: 202dd74a ($8.78 in chips)
Seat 4: d055433e ($5.05 in chips)
Seat 6: Hero ($5.07 in chips)
202dd74a: posts small blind $0.02
d055433e: posts big blind $0.05
*** HOLE CARDS ***
Dealt to 18119863 
Dealt to 202dd74a 
Dealt to d055433e 
Dealt to Hero [8h Ks]
Hero: folds
18119863: raises $0.05 to $0.1
202dd74a: folds
d055433e: folds
Uncalled bet ($0.05) returned to 18119863
*** SHOWDOWN ***
18119863 collected $0.12 from pot
*** SUMMARY ***
Total pot $0.12 | Rake $0 | Jackpot $0 | Bingo $0 | Fortune $0
Seat 2: 18119863 (button) collected ($0.12)
Seat 3: 202dd74a (small blind) folded before Flop
Seat 4: d055433e (big blind) folded before Flop
Seat 6: Hero folded before Flop (didn't bet)


Poker Hand #HD1186219218: Hold'em No Limit  ($0.02/$0.05) - 2023/04/02 12:43:10
Table 'NLHBlue72' 6-max Seat #6 is the button
Seat 2: 18119863 ($1.07 in chips)
Seat 3: 202dd74a ($8.83 in chips)
Seat 4: d055433e ($5.05 in chips)
Seat 6: Hero ($5 in chips)
18119863: posts small blind $0.02
202dd74a: posts big blind $0.05
*** HOLE CARDS ***
Dealt to 18119863 
Dealt to 202dd74a 
Dealt to d055433e 
Dealt to Hero [Tc 9d]
d055433e: folds
Hero: raises $0.07 to $0.12
18119863: folds
202dd74a: folds
Uncalled bet ($0.07) returned to Hero
*** SHOWDOWN ***
Hero collected $0.12 from pot
*** SUMMARY ***
Total pot $0.12 | Rake $0 | Jackpot $0 | Bingo $0 | Fortune $0
Seat 2: 18119863 (small blind) folded before Flop
Seat 3: 202dd74a (big blind) folded before Flop
Seat 4: d055433e folded before Flop (didn't bet)
Seat 6: Hero (button) collected ($0.12)


Poker Hand #HD1186219108: Hold'em No Limit  ($0.02/$0.05) - 2023/04/02 12:42:18
Table 'NLHBlue72' 6-max Seat #4 is the button
Seat 2: 18119863 ($1.07 in chips)
Seat 3: 202dd74a ($7.47 in chips)
Seat 4: d055433e ($5.05 in chips)
Seat 5: 5ec072dc ($1.51 in chips)
Seat 6: Hero ($5 in chips)
5ec072dc: posts small blind $0.02
Hero: posts big blind $0.05
*** HOLE CARDS ***
Dealt to 18119863 
Dealt to 202dd74a 
Dealt to d055433e 
Dealt to 5ec072dc 
Dealt to Hero [5d 8s]
18119863: folds
202dd74a: raises $0.08 to $0.13
d055433e: folds
5ec072dc: raises $0.11 to $0.24
Hero: folds
202dd74a: raises $0.53 to $0.77
5ec072dc: calls $0.53
*** FLOP *** [Ts 4s 5s]
5ec072dc: bets $0.74 and is all-in
202dd74a: calls $0.74
5ec072dc: shows [Ac 6c] (Ace-High)
202dd74a: shows [Ks Kc] (Pair of Kings)
*** TURN *** [Ts 4s 5s] [9h]
*** RIVER *** [Ts 4s 5s 9h] [Qc]
*** SHOWDOWN ***
202dd74a collected $2.87 from pot
*** SUMMARY ***
Total pot $3.07 | Rake $0.15 | Jackpot $0.05 | Bingo $0 | Fortune $0
Board [Ts 4s 5s 9h Qc]
Seat 2: 18119863 folded before Flop (didn't bet)
Seat 3: 202dd74a showed [Ks Kc] and won ($2.87) with Pair of Kings
Seat 4: d055433e (button) folded before Flop (didn't bet)
Seat 5: 5ec072dc (small blind) showed [Ac 6c] and lost with Ace-High
Seat 6: Hero (big blind) folded before Flop


Poker Hand #HD1186219079: Hold'em No Limit  ($0.02/$0.05) - 2023/04/02 12:42:07
Table 'NLHBlue72' 6-max Seat #3 is the button
Seat 2: 18119863 ($1.07 in chips)
Seat 3: 202dd74a ($7.47 in chips)
Seat 4: d055433e ($5.07 in chips)
Seat 5: 5ec072dc ($1.49 in chips)
Seat 6: Hero ($5 in chips)
d055433e: posts small blind $0.02
5ec072dc: posts big blind $0.05
*** HOLE CARDS ***
Dealt to 18119863 
Dealt to 202dd74a 
Dealt to d055433e 
Dealt to 5ec072dc 
Dealt to Hero [Qh 7s]
Hero: folds
18119863: folds
202dd74a: folds
d055433e: folds
Uncalled bet ($0.03) returned to 5ec072dc
*** SHOWDOWN ***
5ec072dc collected $0.04 from pot
*** SUMMARY ***
Total pot $0.04 | Rake $0 | Jackpot $0 | Bingo $0 | Fortune $0
Seat 2: 18119863 folded before Flop (didn't bet)
Seat 3: 202dd74a (button) folded before Flop (didn't bet)
Seat 4: d055433e (small blind) folded before Flop
Seat 5: 5ec072dc (big blind) collected ($0.04)
Seat 6: Hero folded before Flop (didn't bet)


Poker Hand #HD1186218954: Hold'em No Limit  ($0.02/$0.05) - 2023/04/02 12:41:09
Table 'NLHBlue72' 6-max Seat #2 is the button
Seat 1: 96d870aa ($5 in chips)
Seat 2: 18119863 ($0.89 in chips)
Seat 3: 202dd74a ($7.49 in chips)
Seat 4: d055433e ($5.12 in chips)
Seat 5: 5ec072dc ($1.49 in chips)
Seat 6: Hero ($5 in chips)
202dd74a: posts small blind $0.02
d055433e: posts big blind $0.05
*** HOLE CARDS ***
Dealt to 96d870aa 
Dealt to 18119863 
Dealt to 202dd74a 
Dealt to d055433e 
Dealt to 5ec072dc 
Dealt to Hero [2c 2h]
5ec072dc: folds
Hero: raises $0.07 to $0.12
96d870aa: folds
18119863: calls $0.12
202dd74a: folds
d055433e: folds
*** FLOP *** [Qd 8h As]
Hero: checks
18119863: checks
*** TURN *** [Qd 8h As] [7d]
Hero: checks
18119863: bets $0.16
Hero: folds
Uncalled bet ($0.16) returned to 18119863
*** SHOWDOWN ***
18119863 collected $0.3 from pot
*** SUMMARY ***
Total pot $0.31 | Rake $0.01 | Jackpot $0 | Bingo $0 | Fortune $0
Board [Qd 8h As 7d]
Seat 1: 96d870aa folded before Flop (didn't bet)
Seat 2: 18119863 (button) won ($0.3)
Seat 3: 202dd74a (small blind) folded before Flop
Seat 4: d055433e (big blind) folded before Flop
Seat 5: 5ec072dc folded before Flop (didn't bet)
Seat 6: Hero folded on the Turn


Poker Hand #HD1186218828: Hold'em No Limit  ($0.02/$0.05) - 2023/04/02 12:40:08
Table 'NLHBlue72' 6-max Seat #1 is the button
Seat 1: 96d870aa ($5 in chips)
Seat 2: 18119863 ($1.19 in chips)
Seat 3: 202dd74a ($7.12 in chips)
Seat 4: d055433e ($5.12 in chips)
Seat 5: 5ec072dc ($1.54 in chips)
Seat 6: Hero ($5 in chips)
18119863: posts small blind $0.02
202dd74a: posts big blind $0.05
*** HOLE CARDS ***
Dealt to 96d870aa 
Dealt to 18119863 
Dealt to 202dd74a 
Dealt to d055433e 
Dealt to 5ec072dc 
Dealt to Hero [7c 9h]
d055433e: folds
5ec072dc: calls $0.05
Hero: folds
96d870aa: calls $0.05
18119863: calls $0.03
202dd74a: checks
*** FLOP *** [Jc 6d 4s]
18119863: checks
202dd74a: checks
5ec072dc: checks
96d870aa: checks
*** TURN *** [Jc 6d 4s] [2s]
18119863: checks
202dd74a: checks
5ec072dc: checks
96d870aa: checks
*** RIVER *** [Jc 6d 4s 2s] [4c]
18119863: bets $0.1
202dd74a: raises $0.15 to $0.25
5ec072dc: folds
96d870aa: folds
18119863: calls $0.15
202dd74a: shows [5h 4h] (Three Fours)
18119863: shows [8c 6c] (Pair of Sixes and Pair of Fours)
*** SHOWDOWN ***
202dd74a collected $0.67 from pot
*** SUMMARY ***
Total pot $0.7 | Rake $0.03 | Jackpot $0 | Bingo $0 | Fortune $0
Board [Jc 6d 4s 2s 4c]
Seat 1: 96d870aa (button) folded on the River
Seat 2: 18119863 (small blind) showed [8c 6c] and lost with Pair of Sixes and Pair of Fours
Seat 3: 202dd74a (big blind) showed [5h 4h] and won ($0.67) with Three Fours
Seat 4: d055433e folded before Flop (didn't bet)
Seat 5: 5ec072dc folded on the River
Seat 6: Hero folded before Flop (didn't bet)


Poker Hand #HD1186218767: Hold'em No Limit  ($0.02/$0.05) - 2023/04/02 12:39:36
Table 'NLHBlue72' 6-max Seat #6 is the button
Seat 1: 96d870aa ($5 in chips)
Seat 2: 18119863 ($1 in chips)
Seat 3: 202dd74a ($7.12 in chips)
Seat 4: d055433e ($5.12 in chips)
Seat 5: 5ec072dc ($1.54 in chips)
Seat 6: Hero ($5.03 in chips)
96d870aa: posts small blind $0.02
18119863: posts big blind $0.05
*** HOLE CARDS ***
Dealt to 96d870aa 
Dealt to 18119863 
Dealt to 202dd74a 
Dealt to d055433e 
Dealt to 5ec072dc 
Dealt to Hero [Ac Qc]
202dd74a: folds
d055433e: folds
5ec072dc: folds
Hero: raises $0.07 to $0.12
96d870aa: folds
18119863: calls $0.07
*** FLOP *** [2c Jh 5h]
18119863: checks
Hero: bets $0.06
18119863: calls $0.06
*** TURN *** [2c Jh 5h] [3c]
18119863: checks
Hero: checks
*** RIVER *** [2c Jh 5h 3c] [7s]
18119863: bets $0.29
Hero: folds
Uncalled bet ($0.29) returned to 18119863
*** SHOWDOWN ***
18119863 collected $0.37 from pot
*** SUMMARY ***
Total pot $0.38 | Rake $0.01 | Jackpot $0 | Bingo $0 | Fortune $0
Board [2c Jh 5h 3c 7s]
Seat 1: 96d870aa (small blind) folded before Flop
Seat 2: 18119863 (big blind) won ($0.37)
Seat 3: 202dd74a folded before Flop (didn't bet)
Seat 4: d055433e folded before Flop (didn't bet)
Seat 5: 5ec072dc folded before Flop (didn't bet)
Seat 6: Hero (button) folded on the River


Poker Hand #HD1186218743: Hold'em No Limit  ($0.02/$0.05) - 2023/04/02 12:39:22
Table 'NLHBlue72' 6-max Seat #5 is the button
Seat 1: 96d870aa ($5 in chips)
Seat 3: 202dd74a ($7.05 in chips)
Seat 4: d055433e ($5.12 in chips)
Seat 5: 5ec072dc ($1.54 in chips)
Seat 6: Hero ($5.05 in chips)
Hero: posts small blind $0.02
96d870aa: posts big blind $0.05
*** HOLE CARDS ***
Dealt to 96d870aa 
Dealt to 202dd74a 
Dealt to d055433e 
Dealt to 5ec072dc 
Dealt to Hero [2s 4c]
202dd74a: raises $0.08 to $0.13
d055433e: folds
5ec072dc: folds
Hero: folds
96d870aa: folds
Uncalled bet ($0.08) returned to 202dd74a
*** SHOWDOWN ***
202dd74a collected $0.12 from pot
*** SUMMARY ***
Total pot $0.12 | Rake $0 | Jackpot $0 | Bingo $0 | Fortune $0
Seat 1: 96d870aa (big blind) folded before Flop
Seat 3: 202dd74a collected ($0.12)
Seat 4: d055433e folded before Flop (didn't bet)
Seat 5: 5ec072dc (button) folded before Flop (didn't bet)
Seat 6: Hero (small blind) folded before Flop


Poker Hand #HD1186218646: Hold'em No Limit  ($0.02/$0.05) - 2023/04/02 12:38:30
Table 'NLHBlue72' 6-max Seat #4 is the button
Seat 3: 202dd74a ($7.05 in chips)
Seat 4: d055433e ($5.12 in chips)
Seat 5: 5ec072dc ($1.59 in chips)
Seat 6: Hero ($5 in chips)
5ec072dc: posts small blind $0.02
Hero: posts big blind $0.05
*** HOLE CARDS ***
Dealt to 202dd74a 
Dealt to d055433e 
Dealt to 5ec072dc 
Dealt to Hero [5c 5d]
202dd74a: folds
d055433e: folds
5ec072dc: calls $0.03
Hero: checks
*** FLOP *** [Ah 3d 8h]
5ec072dc: checks
Hero: checks
*** TURN *** [Ah 3d 8h] [6s]
5ec072dc: checks
Hero: checks
*** RIVER *** [Ah 3d 8h 6s] [2s]
5ec072dc: checks
Hero: checks
5ec072dc: shows [Jc 2c] (Pair of Twos)
Hero: shows [5c 5d] (Pair of Fives)
*** SHOWDOWN ***
Hero collected $0.1 from pot
*** SUMMARY ***
Total pot $0.1 | Rake $0 | Jackpot $0 | Bingo $0 | Fortune $0
Board [Ah 3d 8h 6s 2s]
Seat 3: 202dd74a folded before Flop (didn't bet)
Seat 4: d055433e (button) folded before Flop (didn't bet)
Seat 5: 5ec072dc (small blind) showed [Jc 2c] and lost with Pair of Twos
Seat 6: Hero (big blind) showed [5c 5d] and won ($0.1) with Pair of Fives


Poker Hand #HD1186218607: Hold'em No Limit  ($0.02/$0.05) - 2023/04/02 12:38:15
Table 'NLHBlue72' 6-max Seat #3 is the button
Seat 3: 202dd74a ($7.05 in chips)
Seat 4: d055433e ($5.14 in chips)
Seat 5: 5ec072dc ($1.57 in chips)
Seat 6: Hero ($5 in chips)
d055433e: posts small blind $0.02
5ec072dc: posts big blind $0.05
*** HOLE CARDS ***
Dealt to 202dd74a 
Dealt to d055433e 
Dealt to 5ec072dc 
Dealt to Hero [8s 2h]
Hero: folds
202dd74a: folds
d055433e: folds
Uncalled bet ($0.03) returned to 5ec072dc
*** SHOWDOWN ***
5ec072dc collected $0.04 from pot
*** SUMMARY ***
Total pot $0.04 | Rake $0 | Jackpot $0 | Bingo $0 | Fortune $0
Seat 3: 202dd74a (button) folded before Flop (didn't bet)
Seat 4: d055433e (small blind) folded before Flop
Seat 5: 5ec072dc (big blind) collected ($0.04)
Seat 6: Hero folded before Flop (didn't bet)


Poker Hand #HD1186218532: Hold'em No Limit  ($0.02/$0.05) - 2023/04/02 12:37:44
Table 'NLHBlue72' 6-max Seat #6 is the button
Seat 3: 202dd74a ($7.07 in chips)
Seat 4: d055433e ($5.19 in chips)
Seat 5: 5ec072dc ($1.5 in chips)
Seat 6: Hero ($5 in chips)
202dd74a: posts small blind $0.02
d055433e: posts big blind $0.05
*** HOLE CARDS ***
Dealt to 202dd74a 
Dealt to d055433e 
Dealt to 5ec072dc 
Dealt to Hero [9d 4h]
5ec072dc: raises $1.45 to $1.5 and is all-in
Hero: folds
202dd74a: folds
d055433e: folds
Uncalled bet ($1.45) returned to 5ec072dc
*** SHOWDOWN ***
5ec072dc collected $0.12 from pot
*** SUMMARY ***
Total pot $0.12 | Rake $0 | Jackpot $0 | Bingo $0 | Fortune $0
Seat 3: 202dd74a (small blind) folded before Flop
Seat 4: d055433e (big blind) folded before Flop
Seat 5: 5ec072dc collected ($0.12)
Seat 6: Hero (button) folded before Flop (didn't bet)


Poker Hand #HD1186218488: Hold'em No Limit  ($0.02/$0.05) - 2023/04/02 12:37:20
Table 'NLHBlue72' 6-max Seat #5 is the button
Seat 3: 202dd74a ($7.12 in chips)
Seat 4: d055433e ($5.12 in chips)
Seat 5: 5ec072dc ($1.5 in chips)
Seat 6: Hero ($5.02 in chips)
Hero: posts small blind $0.02
202dd74a: posts big blind $0.05
*** HOLE CARDS ***
Dealt to 202dd74a 
Dealt to d055433e 
Dealt to 5ec072dc 
Dealt to Hero [5h 4d]
d055433e: raises $0.1 to $0.15
5ec072dc: folds
Hero: folds
202dd74a: folds
Uncalled bet ($0.1) returned to d055433e
*** SHOWDOWN ***
d055433e collected $0.12 from pot
*** SUMMARY ***
Total pot $0.12 | Rake $0 | Jackpot $0 | Bingo $0 | Fortune $0
Seat 3: 202dd74a (big blind) folded before Flop
Seat 4: d055433e collected ($0.12)
Seat 5: 5ec072dc (button) folded before Flop (didn't bet)
Seat 6: Hero (small blind) folded before Flop


Poker Hand #HD1186218465: Hold'em No Limit  ($0.02/$0.05) - 2023/04/02 12:37:09
Table 'NLHBlue72' 6-max Seat #4 is the button
Seat 3: 202dd74a ($7.12 in chips)
Seat 4: d055433e ($5.12 in chips)
Seat 5: 5ec072dc ($1.52 in chips)
Seat 6: Hero ($5 in chips)
5ec072dc: posts small blind $0.02
Hero: posts big blind $0.05
*** HOLE CARDS ***
Dealt to 202dd74a 
Dealt to d055433e 
Dealt to 5ec072dc 
Dealt to Hero [8c Ah]
202dd74a: folds
d055433e: folds
5ec072dc: folds
Uncalled bet ($0.03) returned to Hero
*** SHOWDOWN ***
Hero collected $0.04 from pot
*** SUMMARY ***
Total pot $0.04 | Rake $0 | Jackpot $0 | Bingo $0 | Fortune $0
Seat 3: 202dd74a folded before Flop (didn't bet)
Seat 4: d055433e (button) folded before Flop (didn't bet)
Seat 5: 5ec072dc (small blind) folded before Flop
Seat 6: Hero (big blind) collected ($0.04)


