Poker Hand #HD1182889197: Hold'em No Limit  ($0.02/$0.05) - 2023/03/30 20:16:50
Table 'NLHBlue34' 6-max Seat #1 is the button
Seat 1: fa8fbde5 ($1.09 in chips)
Seat 2: ecc2498b ($8.85 in chips)
Seat 3: d3c2602c ($5 in chips)
Seat 4: Hero ($5.45 in chips)
Seat 5: d814a20d ($5.98 in chips)
Seat 6: 815a9c32 ($6.85 in chips)
ecc2498b: posts small blind $0.02
d3c2602c: posts big blind $0.05
*** HOLE CARDS ***
Dealt to fa8fbde5 
Dealt to ecc2498b 
Dealt to d3c2602c 
Dealt to Hero [8h 8s]
Dealt to d814a20d 
Dealt to 815a9c32 
Hero: raises $0.07 to $0.12
d814a20d: folds
815a9c32: folds
fa8fbde5: folds
ecc2498b: folds
d3c2602c: calls $0.07
*** FLOP *** [As 2d Kh]
d3c2602c: checks
Hero: bets $0.14
d3c2602c: folds
Uncalled bet ($0.14) returned to Hero
*** SHOWDOWN ***
Hero collected $0.25 from pot
*** SUMMARY ***
Total pot $0.26 | Rake $0.01 | Jackpot $0 | Bingo $0 | Fortune $0
Board [As 2d Kh]
Seat 1: fa8fbde5 (button) folded before Flop (didn't bet)
Seat 2: ecc2498b (small blind) folded before Flop
Seat 3: d3c2602c (big blind) folded on the Flop
Seat 4: Hero won ($0.25)
Seat 5: d814a20d folded before Flop (didn't bet)
Seat 6: 815a9c32 folded before Flop (didn't bet)


Poker Hand #HD1182889120: Hold'em No Limit  ($0.02/$0.05) - 2023/03/30 20:16:21
Table 'NLHBlue34' 6-max Seat #6 is the button
Seat 1: fa8fbde5 ($0.92 in chips)
Seat 2: ecc2498b ($8.9 in chips)
Seat 4: Hero ($5.45 in chips)
Seat 5: d814a20d ($6.11 in chips)
Seat 6: 815a9c32 ($6.85 in chips)
fa8fbde5: posts small blind $0.02
ecc2498b: posts big blind $0.05
*** HOLE CARDS ***
Dealt to fa8fbde5 
Dealt to ecc2498b 
Dealt to Hero [9s 2h]
Dealt to d814a20d 
Dealt to 815a9c32 
Hero: folds
d814a20d: calls $0.05
815a9c32: folds
fa8fbde5: raises $0.08 to $0.13
ecc2498b: folds
d814a20d: calls $0.08
*** FLOP *** [6d 8s Jc]
fa8fbde5: bets $0.16
d814a20d: folds
Uncalled bet ($0.16) returned to fa8fbde5
*** SHOWDOWN ***
fa8fbde5 collected $0.3 from pot
*** SUMMARY ***
Total pot $0.31 | Rake $0.01 | Jackpot $0 | Bingo $0 | Fortune $0
Board [6d 8s Jc]
Seat 1: fa8fbde5 (small blind) won ($0.3)
Seat 2: ecc2498b (big blind) folded before Flop
Seat 4: Hero folded before Flop (didn't bet)
Seat 5: d814a20d folded on the Flop
Seat 6: 815a9c32 (button) folded before Flop (didn't bet)


Poker Hand #HD1182888997: Hold'em No Limit  ($0.02/$0.05) - 2023/03/30 20:15:40
Table 'NLHBlue34' 6-max Seat #5 is the button
Seat 1: fa8fbde5 ($0.97 in chips)
Seat 2: ecc2498b ($9.45 in chips)
Seat 4: Hero ($5.45 in chips)
Seat 5: d814a20d ($6.11 in chips)
Seat 6: 815a9c32 ($6.3 in chips)
815a9c32: posts small blind $0.02
fa8fbde5: posts big blind $0.05
*** HOLE CARDS ***
Dealt to fa8fbde5 
Dealt to ecc2498b 
Dealt to Hero [7h 8c]
Dealt to d814a20d 
Dealt to 815a9c32 
ecc2498b: raises $0.1 to $0.15
Hero: folds
d814a20d: folds
815a9c32: raises $0.4 to $0.55
fa8fbde5: folds
ecc2498b: calls $0.4
*** FLOP *** [5c 2c As]
815a9c32: checks
ecc2498b: checks
*** TURN *** [5c 2c As] [8s]
815a9c32: bets $0.38
ecc2498b: folds
Uncalled bet ($0.38) returned to 815a9c32
*** SHOWDOWN ***
815a9c32 collected $1.1 from pot
*** SUMMARY ***
Total pot $1.15 | Rake $0.05 | Jackpot $0 | Bingo $0 | Fortune $0
Board [5c 2c As 8s]
Seat 1: fa8fbde5 (big blind) folded before Flop
Seat 2: ecc2498b folded on the Turn
Seat 4: Hero folded before Flop (didn't bet)
Seat 5: d814a20d (button) folded before Flop (didn't bet)
Seat 6: 815a9c32 (small blind) won ($1.1)


Poker Hand #HD1182888949: Hold'em No Limit  ($0.02/$0.05) - 2023/03/30 20:15:22
Table 'NLHBlue34' 6-max Seat #4 is the button
Seat 1: fa8fbde5 ($0.97 in chips)
Seat 2: ecc2498b ($9.38 in chips)
Seat 4: Hero ($5.45 in chips)
Seat 5: d814a20d ($6.13 in chips)
Seat 6: 815a9c32 ($6.35 in chips)
d814a20d: posts small blind $0.02
815a9c32: posts big blind $0.05
*** HOLE CARDS ***
Dealt to fa8fbde5 
Dealt to ecc2498b 
Dealt to Hero [5s 7h]
Dealt to d814a20d 
Dealt to 815a9c32 
fa8fbde5: folds
ecc2498b: raises $0.1 to $0.15
Hero: folds
d814a20d: folds
815a9c32: folds
Uncalled bet ($0.1) returned to ecc2498b
*** SHOWDOWN ***
ecc2498b collected $0.12 from pot
*** SUMMARY ***
Total pot $0.12 | Rake $0 | Jackpot $0 | Bingo $0 | Fortune $0
Seat 1: fa8fbde5 folded before Flop (didn't bet)
Seat 2: ecc2498b collected ($0.12)
Seat 4: Hero (button) folded before Flop (didn't bet)
Seat 5: d814a20d (small blind) folded before Flop
Seat 6: 815a9c32 (big blind) folded before Flop


Poker Hand #HD1182888890: Hold'em No Limit  ($0.02/$0.05) - 2023/03/30 20:15:04
Table 'NLHBlue34' 6-max Seat #3 is the button
Seat 1: fa8fbde5 ($0.97 in chips)
Seat 2: ecc2498b ($9.38 in chips)
Seat 3: 60c3b04f ($5.11 in chips)
Seat 4: Hero ($5.47 in chips)
Seat 5: d814a20d ($6.18 in chips)
Seat 6: 815a9c32 ($6.28 in chips)
Hero: posts small blind $0.02
d814a20d: posts big blind $0.05
*** HOLE CARDS ***
Dealt to fa8fbde5 
Dealt to ecc2498b 
Dealt to 60c3b04f 
Dealt to Hero [4s Ad]
Dealt to d814a20d 
Dealt to 815a9c32 
815a9c32: raises $0.07 to $0.12
fa8fbde5: folds
ecc2498b: folds
60c3b04f: folds
Hero: folds
d814a20d: folds
Uncalled bet ($0.07) returned to 815a9c32
*** SHOWDOWN ***
815a9c32 collected $0.12 from pot
*** SUMMARY ***
Total pot $0.12 | Rake $0 | Jackpot $0 | Bingo $0 | Fortune $0
Seat 1: fa8fbde5 folded before Flop (didn't bet)
Seat 2: ecc2498b folded before Flop (didn't bet)
Seat 3: 60c3b04f (button) folded before Flop (didn't bet)
Seat 4: Hero (small blind) folded before Flop
Seat 5: d814a20d (big blind) folded before Flop
Seat 6: 815a9c32 collected ($0.12)


Poker Hand #HD1182888869: Hold'em No Limit  ($0.02/$0.05) - 2023/03/30 20:14:54
Table 'NLHBlue34' 6-max Seat #2 is the button
Seat 1: fa8fbde5 ($0.97 in chips)
Seat 2: ecc2498b ($9.38 in chips)
Seat 3: 60c3b04f ($5.13 in chips)
Seat 4: Hero ($5.45 in chips)
Seat 6: 815a9c32 ($6.28 in chips)
60c3b04f: posts small blind $0.02
Hero: posts big blind $0.05
*** HOLE CARDS ***
Dealt to fa8fbde5 
Dealt to ecc2498b 
Dealt to 60c3b04f 
Dealt to Hero [2s 8c]
Dealt to 815a9c32 
815a9c32: folds
fa8fbde5: folds
ecc2498b: folds
60c3b04f: folds
Uncalled bet ($0.03) returned to Hero
*** SHOWDOWN ***
Hero collected $0.04 from pot
*** SUMMARY ***
Total pot $0.04 | Rake $0 | Jackpot $0 | Bingo $0 | Fortune $0
Seat 1: fa8fbde5 folded before Flop (didn't bet)
Seat 2: ecc2498b (button) folded before Flop (didn't bet)
Seat 3: 60c3b04f (small blind) folded before Flop
Seat 4: Hero (big blind) collected ($0.04)
Seat 6: 815a9c32 folded before Flop (didn't bet)


Poker Hand #HD1182888797: Hold'em No Limit  ($0.02/$0.05) - 2023/03/30 20:14:27
Table 'NLHBlue34' 6-max Seat #1 is the button
Seat 1: fa8fbde5 ($0.97 in chips)
Seat 2: ecc2498b ($9.4 in chips)
Seat 3: 60c3b04f ($5 in chips)
Seat 4: Hero ($5.45 in chips)
Seat 6: 815a9c32 ($6.4 in chips)
ecc2498b: posts small blind $0.02
60c3b04f: posts big blind $0.05
*** HOLE CARDS ***
Dealt to fa8fbde5 
Dealt to ecc2498b 
Dealt to 60c3b04f 
Dealt to Hero [Jh 9s]
Dealt to 815a9c32 
Hero: folds
815a9c32: raises $0.07 to $0.12
fa8fbde5: folds
ecc2498b: folds
60c3b04f: calls $0.07
*** FLOP *** [8s Kd 9d]
60c3b04f: checks
815a9c32: checks
*** TURN *** [8s Kd 9d] [Ah]
60c3b04f: bets $0.37
815a9c32: folds
Uncalled bet ($0.37) returned to 60c3b04f
*** SHOWDOWN ***
60c3b04f collected $0.25 from pot
*** SUMMARY ***
Total pot $0.26 | Rake $0.01 | Jackpot $0 | Bingo $0 | Fortune $0
Board [8s Kd 9d Ah]
Seat 1: fa8fbde5 (button) folded before Flop (didn't bet)
Seat 2: ecc2498b (small blind) folded before Flop
Seat 3: 60c3b04f (big blind) won ($0.25)
Seat 4: Hero folded before Flop (didn't bet)
Seat 6: 815a9c32 folded on the Turn


Poker Hand #HD1182888758: Hold'em No Limit  ($0.02/$0.05) - 2023/03/30 20:14:12
Table 'NLHBlue34' 6-max Seat #6 is the button
Seat 1: fa8fbde5 ($0.92 in chips)
Seat 2: ecc2498b ($9.45 in chips)
Seat 4: Hero ($5.45 in chips)
Seat 6: 815a9c32 ($6.4 in chips)
fa8fbde5: posts small blind $0.02
ecc2498b: posts big blind $0.05
*** HOLE CARDS ***
Dealt to fa8fbde5 
Dealt to ecc2498b 
Dealt to Hero [5c Jd]
Dealt to 815a9c32 
Hero: folds
815a9c32: folds
fa8fbde5: raises $0.1 to $0.15
ecc2498b: folds
Uncalled bet ($0.1) returned to fa8fbde5
*** SHOWDOWN ***
fa8fbde5 collected $0.1 from pot
*** SUMMARY ***
Total pot $0.1 | Rake $0 | Jackpot $0 | Bingo $0 | Fortune $0
Seat 1: fa8fbde5 (small blind) collected ($0.1)
Seat 2: ecc2498b (big blind) folded before Flop
Seat 4: Hero folded before Flop (didn't bet)
Seat 6: 815a9c32 (button) folded before Flop (didn't bet)


Poker Hand #HD1182888740: Hold'em No Limit  ($0.02/$0.05) - 2023/03/30 20:14:04
Table 'NLHBlue34' 6-max Seat #4 is the button
Seat 1: fa8fbde5 ($0.9 in chips)
Seat 2: ecc2498b ($9.45 in chips)
Seat 4: Hero ($5.45 in chips)
Seat 6: 815a9c32 ($6.42 in chips)
815a9c32: posts small blind $0.02
fa8fbde5: posts big blind $0.05
*** HOLE CARDS ***
Dealt to fa8fbde5 
Dealt to ecc2498b 
Dealt to Hero [9c 2d]
Dealt to 815a9c32 
ecc2498b: folds
Hero: folds
815a9c32: folds
Uncalled bet ($0.03) returned to fa8fbde5
*** SHOWDOWN ***
fa8fbde5 collected $0.04 from pot
*** SUMMARY ***
Total pot $0.04 | Rake $0 | Jackpot $0 | Bingo $0 | Fortune $0
Seat 1: fa8fbde5 (big blind) collected ($0.04)
Seat 2: ecc2498b folded before Flop (didn't bet)
Seat 4: Hero (button) folded before Flop (didn't bet)
Seat 6: 815a9c32 (small blind) folded before Flop


Poker Hand #HD1182888556: Hold'em No Limit  ($0.02/$0.05) - 2023/03/30 20:12:55
Table 'NLHBlue34' 6-max Seat #2 is the button
Seat 1: fa8fbde5 ($1.2 in chips)
Seat 2: ecc2498b ($9.45 in chips)
Seat 4: Hero ($5.75 in chips)
Seat 6: 815a9c32 ($5.86 in chips)
Hero: posts small blind $0.02
815a9c32: posts big blind $0.05
*** HOLE CARDS ***
Dealt to fa8fbde5 
Dealt to ecc2498b 
Dealt to Hero [8d 8s]
Dealt to 815a9c32 
fa8fbde5: raises $0.1 to $0.15
ecc2498b: folds
Hero: calls $0.13
815a9c32: calls $0.1
*** FLOP *** [Th 2c 5c]
Hero: checks
815a9c32: checks
fa8fbde5: bets $0.15
Hero: calls $0.15
815a9c32: calls $0.15
*** TURN *** [Th 2c 5c] [4h]
Hero: checks
815a9c32: checks
fa8fbde5: checks
*** RIVER *** [Th 2c 5c 4h] [6c]
Hero: checks
815a9c32: checks
fa8fbde5: checks
Hero: shows [8d 8s] (Pair of Eights)
815a9c32: shows [Ts 9s] (Pair of Tens)
fa8fbde5: shows [Ac Ks] (Ace-High)
*** SHOWDOWN ***
815a9c32 collected $0.86 from pot
*** SUMMARY ***
Total pot $0.9 | Rake $0.04 | Jackpot $0 | Bingo $0 | Fortune $0
Board [Th 2c 5c 4h 6c]
Seat 1: fa8fbde5 showed [Ac Ks] and lost with Ace-High
Seat 2: ecc2498b (button) folded before Flop (didn't bet)
Seat 4: Hero (small blind) showed [8d 8s] and lost with Pair of Eights
Seat 6: 815a9c32 (big blind) showed [Ts 9s] and won ($0.86) with Pair of Tens


Poker Hand #HD1182888524: Hold'em No Limit  ($0.02/$0.05) - 2023/03/30 20:12:45
Table 'NLHBlue34' 6-max Seat #1 is the button
Seat 1: fa8fbde5 ($1.2 in chips)
Seat 2: ecc2498b ($9.47 in chips)
Seat 4: Hero ($5.73 in chips)
Seat 6: 815a9c32 ($5.86 in chips)
ecc2498b: posts small blind $0.02
Hero: posts big blind $0.05
*** HOLE CARDS ***
Dealt to fa8fbde5 
Dealt to ecc2498b 
Dealt to Hero [Qs Ah]
Dealt to 815a9c32 
815a9c32: folds
fa8fbde5: folds
ecc2498b: folds
Uncalled bet ($0.03) returned to Hero
*** SHOWDOWN ***
Hero collected $0.04 from pot
*** SUMMARY ***
Total pot $0.04 | Rake $0 | Jackpot $0 | Bingo $0 | Fortune $0
Seat 1: fa8fbde5 (button) folded before Flop (didn't bet)
Seat 2: ecc2498b (small blind) folded before Flop
Seat 4: Hero (big blind) collected ($0.04)
Seat 6: 815a9c32 folded before Flop (didn't bet)


Poker Hand #HD1182888475: Hold'em No Limit  ($0.02/$0.05) - 2023/03/30 20:12:29
Table 'NLHBlue34' 6-max Seat #6 is the button
Seat 1: fa8fbde5 ($1.15 in chips)
Seat 2: ecc2498b ($9.52 in chips)
Seat 4: Hero ($5.73 in chips)
Seat 6: 815a9c32 ($5.86 in chips)
fa8fbde5: posts small blind $0.02
ecc2498b: posts big blind $0.05
*** HOLE CARDS ***
Dealt to fa8fbde5 
Dealt to ecc2498b 
Dealt to Hero [7d 2s]
Dealt to 815a9c32 
Hero: folds
815a9c32: folds
fa8fbde5: raises $0.1 to $0.15
ecc2498b: folds
Uncalled bet ($0.1) returned to fa8fbde5
*** SHOWDOWN ***
fa8fbde5 collected $0.1 from pot
*** SUMMARY ***
Total pot $0.1 | Rake $0 | Jackpot $0 | Bingo $0 | Fortune $0
Seat 1: fa8fbde5 (small blind) collected ($0.1)
Seat 2: ecc2498b (big blind) folded before Flop
Seat 4: Hero folded before Flop (didn't bet)
Seat 6: 815a9c32 (button) folded before Flop (didn't bet)


Poker Hand #HD1182888447: Hold'em No Limit  ($0.02/$0.05) - 2023/03/30 20:12:19
Table 'NLHBlue34' 6-max Seat #4 is the button
Seat 1: fa8fbde5 ($1.13 in chips)
Seat 2: ecc2498b ($9.52 in chips)
Seat 4: Hero ($5.73 in chips)
Seat 6: 815a9c32 ($5.88 in chips)
815a9c32: posts small blind $0.02
fa8fbde5: posts big blind $0.05
*** HOLE CARDS ***
Dealt to fa8fbde5 
Dealt to ecc2498b 
Dealt to Hero [Tc 8d]
Dealt to 815a9c32 
ecc2498b: folds
Hero: folds
815a9c32: folds
Uncalled bet ($0.03) returned to fa8fbde5
*** SHOWDOWN ***
fa8fbde5 collected $0.04 from pot
*** SUMMARY ***
Total pot $0.04 | Rake $0 | Jackpot $0 | Bingo $0 | Fortune $0
Seat 1: fa8fbde5 (big blind) collected ($0.04)
Seat 2: ecc2498b folded before Flop (didn't bet)
Seat 4: Hero (button) folded before Flop (didn't bet)
Seat 6: 815a9c32 (small blind) folded before Flop


Poker Hand #HD1182888425: Hold'em No Limit  ($0.02/$0.05) - 2023/03/30 20:12:10
Table 'NLHBlue34' 6-max Seat #2 is the button
Seat 1: fa8fbde5 ($1.13 in chips)
Seat 2: ecc2498b ($9.52 in chips)
Seat 4: Hero ($5.75 in chips)
Seat 6: 815a9c32 ($5.86 in chips)
Hero: posts small blind $0.02
815a9c32: posts big blind $0.05
*** HOLE CARDS ***
Dealt to fa8fbde5 
Dealt to ecc2498b 
Dealt to Hero [3c 9d]
Dealt to 815a9c32 
fa8fbde5: folds
ecc2498b: folds
Hero: folds
Uncalled bet ($0.03) returned to 815a9c32
*** SHOWDOWN ***
815a9c32 collected $0.04 from pot
*** SUMMARY ***
Total pot $0.04 | Rake $0 | Jackpot $0 | Bingo $0 | Fortune $0
Seat 1: fa8fbde5 folded before Flop (didn't bet)
Seat 2: ecc2498b (button) folded before Flop (didn't bet)
Seat 4: Hero (small blind) folded before Flop
Seat 6: 815a9c32 (big blind) collected ($0.04)


Poker Hand #HD1182888400: Hold'em No Limit  ($0.02/$0.05) - 2023/03/30 20:11:58
Table 'NLHBlue34' 6-max Seat #1 is the button
Seat 1: fa8fbde5 ($1.06 in chips)
Seat 2: ecc2498b ($9.54 in chips)
Seat 4: Hero ($5.8 in chips)
Seat 6: 815a9c32 ($5.86 in chips)
ecc2498b: posts small blind $0.02
Hero: posts big blind $0.05
*** HOLE CARDS ***
Dealt to fa8fbde5 
Dealt to ecc2498b 
Dealt to Hero [9c 4d]
Dealt to 815a9c32 
815a9c32: folds
fa8fbde5: raises $0.1 to $0.15
ecc2498b: folds
Hero: folds
Uncalled bet ($0.1) returned to fa8fbde5
*** SHOWDOWN ***
fa8fbde5 collected $0.12 from pot
*** SUMMARY ***
Total pot $0.12 | Rake $0 | Jackpot $0 | Bingo $0 | Fortune $0
Seat 1: fa8fbde5 (button) collected ($0.12)
Seat 2: ecc2498b (small blind) folded before Flop
Seat 4: Hero (big blind) folded before Flop
Seat 6: 815a9c32 folded before Flop (didn't bet)


Poker Hand #HD1182888351: Hold'em No Limit  ($0.02/$0.05) - 2023/03/30 20:11:44
Table 'NLHBlue34' 6-max Seat #6 is the button
Seat 1: fa8fbde5 ($1.01 in chips)
Seat 2: ecc2498b ($9.59 in chips)
Seat 4: Hero ($5.8 in chips)
Seat 6: 815a9c32 ($5.86 in chips)
fa8fbde5: posts small blind $0.02
ecc2498b: posts big blind $0.05
*** HOLE CARDS ***
Dealt to fa8fbde5 
Dealt to ecc2498b 
Dealt to Hero [3d Ks]
Dealt to 815a9c32 
Hero: folds
815a9c32: folds
fa8fbde5: raises $0.1 to $0.15
ecc2498b: folds
Uncalled bet ($0.1) returned to fa8fbde5
*** SHOWDOWN ***
fa8fbde5 collected $0.1 from pot
*** SUMMARY ***
Total pot $0.1 | Rake $0 | Jackpot $0 | Bingo $0 | Fortune $0
Seat 1: fa8fbde5 (small blind) collected ($0.1)
Seat 2: ecc2498b (big blind) folded before Flop
Seat 4: Hero folded before Flop (didn't bet)
Seat 6: 815a9c32 (button) folded before Flop (didn't bet)


Poker Hand #HD1182888244: Hold'em No Limit  ($0.02/$0.05) - 2023/03/30 20:11:04
Table 'NLHBlue34' 6-max Seat #4 is the button
Seat 1: fa8fbde5 ($1.13 in chips)
Seat 2: ecc2498b ($9.59 in chips)
Seat 4: Hero ($5.92 in chips)
Seat 6: 815a9c32 ($5.63 in chips)
815a9c32: posts small blind $0.02
fa8fbde5: posts big blind $0.05
*** HOLE CARDS ***
Dealt to fa8fbde5 
Dealt to ecc2498b 
Dealt to Hero [Kd 9h]
Dealt to 815a9c32 
ecc2498b: folds
Hero: raises $0.07 to $0.12
815a9c32: calls $0.1
fa8fbde5: calls $0.07
*** FLOP *** [5c Js 8s]
815a9c32: checks
fa8fbde5: checks
Hero: checks
*** TURN *** [5c Js 8s] [Ac]
815a9c32: bets $0.18
fa8fbde5: folds
Hero: folds
Uncalled bet ($0.18) returned to 815a9c32
*** SHOWDOWN ***
815a9c32 collected $0.35 from pot
*** SUMMARY ***
Total pot $0.36 | Rake $0.01 | Jackpot $0 | Bingo $0 | Fortune $0
Board [5c Js 8s Ac]
Seat 1: fa8fbde5 (big blind) folded on the Turn
Seat 2: ecc2498b folded before Flop (didn't bet)
Seat 4: Hero (button) folded on the Turn
Seat 6: 815a9c32 (small blind) won ($0.35)


Poker Hand #HD1182888171: Hold'em No Limit  ($0.02/$0.05) - 2023/03/30 20:10:43
Table 'NLHBlue34' 6-max Seat #2 is the button
Seat 1: fa8fbde5 ($1.06 in chips)
Seat 2: ecc2498b ($9.59 in chips)
Seat 4: Hero ($5.94 in chips)
Seat 6: 815a9c32 ($5.68 in chips)
Hero: posts small blind $0.02
815a9c32: posts big blind $0.05
*** HOLE CARDS ***
Dealt to fa8fbde5 
Dealt to ecc2498b 
Dealt to Hero [Ts 4h]
Dealt to 815a9c32 
fa8fbde5: raises $0.05 to $0.1
ecc2498b: folds
Hero: folds
815a9c32: folds
Uncalled bet ($0.05) returned to fa8fbde5
*** SHOWDOWN ***
fa8fbde5 collected $0.12 from pot
*** SUMMARY ***
Total pot $0.12 | Rake $0 | Jackpot $0 | Bingo $0 | Fortune $0
Seat 1: fa8fbde5 collected ($0.12)
Seat 2: ecc2498b (button) folded before Flop (didn't bet)
Seat 4: Hero (small blind) folded before Flop
Seat 6: 815a9c32 (big blind) folded before Flop


Poker Hand #HD1182888131: Hold'em No Limit  ($0.02/$0.05) - 2023/03/30 20:10:28
Table 'NLHBlue34' 6-max Seat #1 is the button
Seat 1: fa8fbde5 ($1.06 in chips)
Seat 2: ecc2498b ($9.61 in chips)
Seat 4: Hero ($5.92 in chips)
Seat 6: 815a9c32 ($5.68 in chips)
ecc2498b: posts small blind $0.02
Hero: posts big blind $0.05
*** HOLE CARDS ***
Dealt to fa8fbde5 
Dealt to ecc2498b 
Dealt to Hero [7c 7s]
Dealt to 815a9c32 
815a9c32: folds
fa8fbde5: folds
ecc2498b: folds
Uncalled bet ($0.03) returned to Hero
*** SHOWDOWN ***
Hero collected $0.04 from pot
*** SUMMARY ***
Total pot $0.04 | Rake $0 | Jackpot $0 | Bingo $0 | Fortune $0
Seat 1: fa8fbde5 (button) folded before Flop (didn't bet)
Seat 2: ecc2498b (small blind) folded before Flop
Seat 4: Hero (big blind) collected ($0.04)
Seat 6: 815a9c32 folded before Flop (didn't bet)


Poker Hand #HD1182888081: Hold'em No Limit  ($0.02/$0.05) - 2023/03/30 20:10:07
Table 'NLHBlue34' 6-max Seat #6 is the button
Seat 1: fa8fbde5 ($1.01 in chips)
Seat 2: ecc2498b ($9.66 in chips)
Seat 3: e3a7dd48 ($4.92 in chips)
Seat 4: Hero ($5.92 in chips)
Seat 6: 815a9c32 ($5.68 in chips)
fa8fbde5: posts small blind $0.02
ecc2498b: posts big blind $0.05
*** HOLE CARDS ***
Dealt to fa8fbde5 
Dealt to ecc2498b 
Dealt to e3a7dd48 
Dealt to Hero [Kh 2h]
Dealt to 815a9c32 
e3a7dd48: folds
Hero: folds
815a9c32: folds
fa8fbde5: raises $0.1 to $0.15
ecc2498b: folds
Uncalled bet ($0.1) returned to fa8fbde5
*** SHOWDOWN ***
fa8fbde5 collected $0.1 from pot
*** SUMMARY ***
Total pot $0.1 | Rake $0 | Jackpot $0 | Bingo $0 | Fortune $0
Seat 1: fa8fbde5 (small blind) collected ($0.1)
Seat 2: ecc2498b (big blind) folded before Flop
Seat 3: e3a7dd48 folded before Flop (didn't bet)
Seat 4: Hero folded before Flop (didn't bet)
Seat 6: 815a9c32 (button) folded before Flop (didn't bet)


Poker Hand #HD1182888000: Hold'em No Limit  ($0.02/$0.05) - 2023/03/30 20:09:40
Table 'NLHBlue34' 6-max Seat #4 is the button
Seat 1: fa8fbde5 ($1.06 in chips)
Seat 2: ecc2498b ($9.66 in chips)
Seat 3: e3a7dd48 ($4.92 in chips)
Seat 4: Hero ($6.04 in chips)
Seat 6: 815a9c32 ($5.52 in chips)
815a9c32: posts small blind $0.02
fa8fbde5: posts big blind $0.05
*** HOLE CARDS ***
Dealt to fa8fbde5 
Dealt to ecc2498b 
Dealt to e3a7dd48 
Dealt to Hero [Qc Kd]
Dealt to 815a9c32 
ecc2498b: folds
e3a7dd48: folds
Hero: raises $0.07 to $0.12
815a9c32: raises $0.29 to $0.41
fa8fbde5: folds
Hero: folds
Uncalled bet ($0.29) returned to 815a9c32
*** SHOWDOWN ***
815a9c32 collected $0.28 from pot
*** SUMMARY ***
Total pot $0.29 | Rake $0.01 | Jackpot $0 | Bingo $0 | Fortune $0
Seat 1: fa8fbde5 (big blind) folded before Flop
Seat 2: ecc2498b folded before Flop (didn't bet)
Seat 3: e3a7dd48 folded before Flop (didn't bet)
Seat 4: Hero (button) folded before Flop
Seat 6: 815a9c32 (small blind) collected ($0.28)


Poker Hand #HD1182887849: Hold'em No Limit  ($0.02/$0.05) - 2023/03/30 20:08:45
Table 'NLHBlue34' 6-max Seat #3 is the button
Seat 1: fa8fbde5 ($1.06 in chips)
Seat 2: ecc2498b ($9.66 in chips)
Seat 3: e3a7dd48 ($4.92 in chips)
Seat 4: Hero ($6.06 in chips)
Seat 5: d814a20d ($6.23 in chips)
Seat 6: 815a9c32 ($5.45 in chips)
Hero: posts small blind $0.02
d814a20d: posts big blind $0.05
*** HOLE CARDS ***
Dealt to fa8fbde5 
Dealt to ecc2498b 
Dealt to e3a7dd48 
Dealt to Hero [2d 3d]
Dealt to d814a20d 
Dealt to 815a9c32 
815a9c32: raises $0.07 to $0.12
fa8fbde5: folds
ecc2498b: folds
e3a7dd48: folds
Hero: folds
d814a20d: folds
Uncalled bet ($0.07) returned to 815a9c32
*** SHOWDOWN ***
815a9c32 collected $0.12 from pot
*** SUMMARY ***
Total pot $0.12 | Rake $0 | Jackpot $0 | Bingo $0 | Fortune $0
Seat 1: fa8fbde5 folded before Flop (didn't bet)
Seat 2: ecc2498b folded before Flop (didn't bet)
Seat 3: e3a7dd48 (button) folded before Flop (didn't bet)
Seat 4: Hero (small blind) folded before Flop
Seat 5: d814a20d (big blind) folded before Flop
Seat 6: 815a9c32 collected ($0.12)


Poker Hand #HD1182887685: Hold'em No Limit  ($0.02/$0.05) - 2023/03/30 20:07:44
Table 'NLHBlue34' 6-max Seat #2 is the button
Seat 1: fa8fbde5 ($1.33 in chips)
Seat 2: ecc2498b ($9.66 in chips)
Seat 3: e3a7dd48 ($4.63 in chips)
Seat 4: Hero ($6.11 in chips)
Seat 5: d814a20d ($6.23 in chips)
Seat 6: 815a9c32 ($5.45 in chips)
e3a7dd48: posts small blind $0.02
Hero: posts big blind $0.05
*** HOLE CARDS ***
Dealt to fa8fbde5 
Dealt to ecc2498b 
Dealt to e3a7dd48 
Dealt to Hero [Qh 3c]
Dealt to d814a20d 
Dealt to 815a9c32 
d814a20d: folds
815a9c32: folds
fa8fbde5: raises $0.1 to $0.15
ecc2498b: folds
e3a7dd48: calls $0.13
Hero: folds
*** FLOP *** [7s Jh 9c]
e3a7dd48: checks
fa8fbde5: bets $0.12
e3a7dd48: calls $0.12
*** TURN *** [7s Jh 9c] [9d]
e3a7dd48: checks
fa8fbde5: checks
*** RIVER *** [7s Jh 9c 9d] [3s]
e3a7dd48: bets $0.45
fa8fbde5: folds
Uncalled bet ($0.45) returned to e3a7dd48
*** SHOWDOWN ***
e3a7dd48 collected $0.56 from pot
*** SUMMARY ***
Total pot $0.59 | Rake $0.03 | Jackpot $0 | Bingo $0 | Fortune $0
Board [7s Jh 9c 9d 3s]
Seat 1: fa8fbde5 folded on the River
Seat 2: ecc2498b (button) folded before Flop (didn't bet)
Seat 3: e3a7dd48 (small blind) won ($0.56)
Seat 4: Hero (big blind) folded before Flop
Seat 5: d814a20d folded before Flop (didn't bet)
Seat 6: 815a9c32 folded before Flop (didn't bet)


Poker Hand #HD1182887556: Hold'em No Limit  ($0.02/$0.05) - 2023/03/30 20:06:58
Table 'NLHBlue34' 6-max Seat #1 is the button
Seat 1: fa8fbde5 ($1.17 in chips)
Seat 2: ecc2498b ($9.68 in chips)
Seat 3: e3a7dd48 ($4.78 in chips)
Seat 4: Hero ($6.11 in chips)
Seat 5: d814a20d ($6.23 in chips)
Seat 6: 815a9c32 ($5.45 in chips)
ecc2498b: posts small blind $0.02
e3a7dd48: posts big blind $0.05
*** HOLE CARDS ***
Dealt to fa8fbde5 
Dealt to ecc2498b 
Dealt to e3a7dd48 
Dealt to Hero [Th Kc]
Dealt to d814a20d 
Dealt to 815a9c32 
Hero: folds
d814a20d: folds
815a9c32: folds
fa8fbde5: raises $0.1 to $0.15
ecc2498b: folds
e3a7dd48: calls $0.1
*** FLOP *** [3d 7h 7d]
e3a7dd48: checks
fa8fbde5: bets $0.16
e3a7dd48: folds
Uncalled bet ($0.16) returned to fa8fbde5
*** SHOWDOWN ***
fa8fbde5 collected $0.31 from pot
*** SUMMARY ***
Total pot $0.32 | Rake $0.01 | Jackpot $0 | Bingo $0 | Fortune $0
Board [3d 7h 7d]
Seat 1: fa8fbde5 (button) won ($0.31)
Seat 2: ecc2498b (small blind) folded before Flop
Seat 3: e3a7dd48 (big blind) folded on the Flop
Seat 4: Hero folded before Flop (didn't bet)
Seat 5: d814a20d folded before Flop (didn't bet)
Seat 6: 815a9c32 folded before Flop (didn't bet)


Poker Hand #HD1182887398: Hold'em No Limit  ($0.02/$0.05) - 2023/03/30 20:05:59
Table 'NLHBlue34' 6-max Seat #6 is the button
Seat 1: fa8fbde5 ($1.19 in chips)
Seat 2: ecc2498b ($10 in chips)
Seat 3: e3a7dd48 ($4.78 in chips)
Seat 4: Hero ($5.8 in chips)
Seat 5: d814a20d ($6.23 in chips)
Seat 6: 815a9c32 ($5.45 in chips)
fa8fbde5: posts small blind $0.02
ecc2498b: posts big blind $0.05
*** HOLE CARDS ***
Dealt to fa8fbde5 
Dealt to ecc2498b 
Dealt to e3a7dd48 
Dealt to Hero [9d 9c]
Dealt to d814a20d 
Dealt to 815a9c32 
e3a7dd48: folds
Hero: raises $0.07 to $0.12
d814a20d: folds
815a9c32: folds
fa8fbde5: folds
ecc2498b: calls $0.07
*** FLOP *** [9h 6h 8s]
ecc2498b: checks
Hero: bets $0.2
ecc2498b: calls $0.2
*** TURN *** [9h 6h 8s] [5d]
ecc2498b: checks
Hero: bets $0.5
ecc2498b: folds
Uncalled bet ($0.5) returned to Hero
*** SHOWDOWN ***
Hero collected $0.63 from pot
*** SUMMARY ***
Total pot $0.66 | Rake $0.03 | Jackpot $0 | Bingo $0 | Fortune $0
Board [9h 6h 8s 5d]
Seat 1: fa8fbde5 (small blind) folded before Flop
Seat 2: ecc2498b (big blind) folded on the Turn
Seat 3: e3a7dd48 folded before Flop (didn't bet)
Seat 4: Hero won ($0.63)
Seat 5: d814a20d folded before Flop (didn't bet)
Seat 6: 815a9c32 (button) folded before Flop (didn't bet)


Poker Hand #HD1182887354: Hold'em No Limit  ($0.02/$0.05) - 2023/03/30 20:05:44
Table 'NLHBlue34' 6-max Seat #5 is the button
Seat 1: fa8fbde5 ($1.24 in chips)
Seat 2: ecc2498b ($10 in chips)
Seat 3: e3a7dd48 ($4.71 in chips)
Seat 4: Hero ($5.8 in chips)
Seat 5: d814a20d ($6.23 in chips)
Seat 6: 815a9c32 ($5.47 in chips)
815a9c32: posts small blind $0.02
fa8fbde5: posts big blind $0.05
*** HOLE CARDS ***
Dealt to fa8fbde5 
Dealt to ecc2498b 
Dealt to e3a7dd48 
Dealt to Hero [Qc Jh]
Dealt to d814a20d 
Dealt to 815a9c32 
ecc2498b: folds
e3a7dd48: raises $0.08 to $0.13
Hero: folds
d814a20d: folds
815a9c32: folds
fa8fbde5: folds
Uncalled bet ($0.08) returned to e3a7dd48
*** SHOWDOWN ***
e3a7dd48 collected $0.12 from pot
*** SUMMARY ***
Total pot $0.12 | Rake $0 | Jackpot $0 | Bingo $0 | Fortune $0
Seat 1: fa8fbde5 (big blind) folded before Flop
Seat 2: ecc2498b folded before Flop (didn't bet)
Seat 3: e3a7dd48 collected ($0.12)
Seat 4: Hero folded before Flop (didn't bet)
Seat 5: d814a20d (button) folded before Flop (didn't bet)
Seat 6: 815a9c32 (small blind) folded before Flop


Poker Hand #HD1182887318: Hold'em No Limit  ($0.02/$0.05) - 2023/03/30 20:05:32
Table 'NLHBlue34' 6-max Seat #4 is the button
Seat 1: fa8fbde5 ($1.24 in chips)
Seat 2: ecc2498b ($10 in chips)
Seat 3: e3a7dd48 ($4.71 in chips)
Seat 4: Hero ($5.8 in chips)
Seat 5: d814a20d ($6.25 in chips)
Seat 6: 815a9c32 ($5.45 in chips)
d814a20d: posts small blind $0.02
815a9c32: posts big blind $0.05
*** HOLE CARDS ***
Dealt to fa8fbde5 
Dealt to ecc2498b 
Dealt to e3a7dd48 
Dealt to Hero [2s Td]
Dealt to d814a20d 
Dealt to 815a9c32 
fa8fbde5: folds
ecc2498b: folds
e3a7dd48: folds
Hero: folds
d814a20d: folds
Uncalled bet ($0.03) returned to 815a9c32
*** SHOWDOWN ***
815a9c32 collected $0.04 from pot
*** SUMMARY ***
Total pot $0.04 | Rake $0 | Jackpot $0 | Bingo $0 | Fortune $0
Seat 1: fa8fbde5 folded before Flop (didn't bet)
Seat 2: ecc2498b folded before Flop (didn't bet)
Seat 3: e3a7dd48 folded before Flop (didn't bet)
Seat 4: Hero (button) folded before Flop (didn't bet)
Seat 5: d814a20d (small blind) folded before Flop
Seat 6: 815a9c32 (big blind) collected ($0.04)


Poker Hand #HD1182887209: Hold'em No Limit  ($0.02/$0.05) - 2023/03/30 20:04:44
Table 'NLHBlue34' 6-max Seat #3 is the button
Seat 1: fa8fbde5 ($1.24 in chips)
Seat 2: ecc2498b ($10 in chips)
Seat 3: e3a7dd48 ($4.71 in chips)
Seat 4: Hero ($5.82 in chips)
Seat 5: d814a20d ($6 in chips)
Seat 6: 815a9c32 ($5.7 in chips)
Hero: posts small blind $0.02
d814a20d: posts big blind $0.05
*** HOLE CARDS ***
Dealt to fa8fbde5 
Dealt to ecc2498b 
Dealt to e3a7dd48 
Dealt to Hero [5h 7d]
Dealt to d814a20d 
Dealt to 815a9c32 
815a9c32: raises $0.07 to $0.12
fa8fbde5: folds
ecc2498b: folds
e3a7dd48: folds
Hero: folds
d814a20d: calls $0.07
*** FLOP *** [8d 7h 6h]
d814a20d: bets $0.13
815a9c32: calls $0.13
*** TURN *** [8d 7h 6h] [2d]
d814a20d: checks
815a9c32: checks
*** RIVER *** [8d 7h 6h 2d] [9s]
d814a20d: checks
815a9c32: checks
d814a20d: shows [9d Jc] (Pair of Nines)
815a9c32: shows [3h 3s] (Pair of Treys)
*** SHOWDOWN ***
d814a20d collected $0.5 from pot
*** SUMMARY ***
Total pot $0.52 | Rake $0.02 | Jackpot $0 | Bingo $0 | Fortune $0
Board [8d 7h 6h 2d 9s]
Seat 1: fa8fbde5 folded before Flop (didn't bet)
Seat 2: ecc2498b folded before Flop (didn't bet)
Seat 3: e3a7dd48 (button) folded before Flop (didn't bet)
Seat 4: Hero (small blind) folded before Flop
Seat 5: d814a20d (big blind) showed [9d Jc] and won ($0.5) with Pair of Nines
Seat 6: 815a9c32 showed [3h 3s] and lost with Pair of Treys


Poker Hand #HD1182887049: Hold'em No Limit  ($0.02/$0.05) - 2023/03/30 20:03:46
Table 'NLHBlue34' 6-max Seat #2 is the button
Seat 1: fa8fbde5 ($1.24 in chips)
Seat 2: ecc2498b ($10.15 in chips)
Seat 3: e3a7dd48 ($4.73 in chips)
Seat 4: Hero ($5.66 in chips)
Seat 5: d814a20d ($6 in chips)
Seat 6: 815a9c32 ($5.7 in chips)
e3a7dd48: posts small blind $0.02
Hero: posts big blind $0.05
*** HOLE CARDS ***
Dealt to fa8fbde5 
Dealt to ecc2498b 
Dealt to e3a7dd48 
Dealt to Hero [4h 4d]
Dealt to d814a20d 
Dealt to 815a9c32 
d814a20d: folds
815a9c32: folds
fa8fbde5: folds
ecc2498b: raises $0.1 to $0.15
e3a7dd48: folds
Hero: calls $0.1
*** FLOP *** [6s 7s 9d]
Hero: checks
ecc2498b: checks
*** TURN *** [6s 7s 9d] [Kh]
Hero: checks
ecc2498b: checks
*** RIVER *** [6s 7s 9d Kh] [3d]
Hero: checks
ecc2498b: checks
Hero: shows [4h 4d] (Pair of Fours)
ecc2498b: shows [Ad 8h] (Ace-High)
*** SHOWDOWN ***
Hero collected $0.31 from pot
*** SUMMARY ***
Total pot $0.32 | Rake $0.01 | Jackpot $0 | Bingo $0 | Fortune $0
Board [6s 7s 9d Kh 3d]
Seat 1: fa8fbde5 folded before Flop (didn't bet)
Seat 2: ecc2498b (button) showed [Ad 8h] and lost with Ace-High
Seat 3: e3a7dd48 (small blind) folded before Flop
Seat 4: Hero (big blind) showed [4h 4d] and won ($0.31) with Pair of Fours
Seat 5: d814a20d folded before Flop (didn't bet)
Seat 6: 815a9c32 folded before Flop (didn't bet)


Poker Hand #HD1182886938: Hold'em No Limit  ($0.02/$0.05) - 2023/03/30 20:03:02
Table 'NLHBlue34' 6-max Seat #1 is the button
Seat 1: fa8fbde5 ($1.24 in chips)
Seat 2: ecc2498b ($10.17 in chips)
Seat 3: e3a7dd48 ($4.78 in chips)
Seat 4: Hero ($5.94 in chips)
Seat 5: d814a20d ($5.68 in chips)
Seat 6: 815a9c32 ($5.7 in chips)
ecc2498b: posts small blind $0.02
e3a7dd48: posts big blind $0.05
*** HOLE CARDS ***
Dealt to fa8fbde5 
Dealt to ecc2498b 
Dealt to e3a7dd48 
Dealt to Hero [As Qc]
Dealt to d814a20d 
Dealt to 815a9c32 
Hero: raises $0.07 to $0.12
d814a20d: calls $0.12
815a9c32: folds
fa8fbde5: folds
ecc2498b: folds
e3a7dd48: folds
*** FLOP *** [Kh 3d 5s]
Hero: bets $0.16
d814a20d: calls $0.16
*** TURN *** [Kh 3d 5s] [2c]
Hero: checks
d814a20d: checks
*** RIVER *** [Kh 3d 5s 2c] [8d]
Hero: checks
d814a20d: checks
Hero: shows [As Qc] (Ace-High)
d814a20d: shows [4c 4d] (Pair of Fours)
*** SHOWDOWN ***
d814a20d collected $0.6 from pot
*** SUMMARY ***
Total pot $0.63 | Rake $0.03 | Jackpot $0 | Bingo $0 | Fortune $0
Board [Kh 3d 5s 2c 8d]
Seat 1: fa8fbde5 (button) folded before Flop (didn't bet)
Seat 2: ecc2498b (small blind) folded before Flop
Seat 3: e3a7dd48 (big blind) folded before Flop
Seat 4: Hero showed [As Qc] and lost with Ace-High
Seat 5: d814a20d showed [4c 4d] and won ($0.6) with Pair of Fours
Seat 6: 815a9c32 folded before Flop (didn't bet)


Poker Hand #HD1182886788: Hold'em No Limit  ($0.02/$0.05) - 2023/03/30 20:02:10
Table 'NLHBlue34' 6-max Seat #6 is the button
Seat 1: fa8fbde5 ($1.37 in chips)
Seat 2: ecc2498b ($10.05 in chips)
Seat 3: e3a7dd48 ($4.78 in chips)
Seat 4: Hero ($5.94 in chips)
Seat 5: d814a20d ($5.68 in chips)
Seat 6: 815a9c32 ($5.7 in chips)
fa8fbde5: posts small blind $0.02
ecc2498b: posts big blind $0.05
*** HOLE CARDS ***
Dealt to fa8fbde5 
Dealt to ecc2498b 
Dealt to e3a7dd48 
Dealt to Hero [3d 8d]
Dealt to d814a20d 
Dealt to 815a9c32 
e3a7dd48: folds
Hero: folds
d814a20d: folds
815a9c32: folds
fa8fbde5: calls $0.03
ecc2498b: checks
*** FLOP *** [2s 6h Ts]
fa8fbde5: checks
ecc2498b: checks
*** TURN *** [2s 6h Ts] [7c]
fa8fbde5: bets $0.08
ecc2498b: calls $0.08
*** RIVER *** [2s 6h Ts 7c] [Ah]
fa8fbde5: checks
ecc2498b: checks
fa8fbde5: shows [2d 4s] (Pair of Twos)
ecc2498b: shows [6d 8s] (Pair of Sixes)
*** SHOWDOWN ***
ecc2498b collected $0.25 from pot
*** SUMMARY ***
Total pot $0.26 | Rake $0.01 | Jackpot $0 | Bingo $0 | Fortune $0
Board [2s 6h Ts 7c Ah]
Seat 1: fa8fbde5 (small blind) showed [2d 4s] and lost with Pair of Twos
Seat 2: ecc2498b (big blind) showed [6d 8s] and won ($0.25) with Pair of Sixes
Seat 3: e3a7dd48 folded before Flop (didn't bet)
Seat 4: Hero folded before Flop (didn't bet)
Seat 5: d814a20d folded before Flop (didn't bet)
Seat 6: 815a9c32 (button) folded before Flop (didn't bet)


Poker Hand #HD1182886703: Hold'em No Limit  ($0.02/$0.05) - 2023/03/30 20:01:36
Table 'NLHBlue34' 6-max Seat #5 is the button
Seat 1: fa8fbde5 ($1.23 in chips)
Seat 2: ecc2498b ($10.05 in chips)
Seat 3: e3a7dd48 ($4.78 in chips)
Seat 4: Hero ($5.94 in chips)
Seat 5: d814a20d ($5.68 in chips)
Seat 6: 815a9c32 ($5.85 in chips)
815a9c32: posts small blind $0.02
fa8fbde5: posts big blind $0.05
*** HOLE CARDS ***
Dealt to fa8fbde5 
Dealt to ecc2498b 
Dealt to e3a7dd48 
Dealt to Hero [2d Kd]
Dealt to d814a20d 
Dealt to 815a9c32 
ecc2498b: folds
e3a7dd48: folds
Hero: folds
d814a20d: folds
815a9c32: raises $0.1 to $0.15
fa8fbde5: calls $0.1
*** FLOP *** [Ks Ad 2h]
815a9c32: checks
fa8fbde5: bets $0.15
815a9c32: folds
Uncalled bet ($0.15) returned to fa8fbde5
*** SHOWDOWN ***
fa8fbde5 collected $0.29 from pot
*** SUMMARY ***
Total pot $0.3 | Rake $0.01 | Jackpot $0 | Bingo $0 | Fortune $0
Board [Ks Ad 2h]
Seat 1: fa8fbde5 (big blind) won ($0.29)
Seat 2: ecc2498b folded before Flop (didn't bet)
Seat 3: e3a7dd48 folded before Flop (didn't bet)
Seat 4: Hero folded before Flop (didn't bet)
Seat 5: d814a20d (button) folded before Flop (didn't bet)
Seat 6: 815a9c32 (small blind) folded on the Flop


Poker Hand #HD1182886588: Hold'em No Limit  ($0.02/$0.05) - 2023/03/30 20:00:54
Table 'NLHBlue34' 6-max Seat #4 is the button
Seat 1: fa8fbde5 ($1.23 in chips)
Seat 2: ecc2498b ($10.05 in chips)
Seat 3: e3a7dd48 ($4.78 in chips)
Seat 4: Hero ($5.94 in chips)
Seat 5: d814a20d ($5.56 in chips)
Seat 6: 815a9c32 ($5.98 in chips)
d814a20d: posts small blind $0.02
815a9c32: posts big blind $0.05
*** HOLE CARDS ***
Dealt to fa8fbde5 
Dealt to ecc2498b 
Dealt to e3a7dd48 
Dealt to Hero [Jc 8h]
Dealt to d814a20d 
Dealt to 815a9c32 
fa8fbde5: folds
ecc2498b: folds
e3a7dd48: folds
Hero: folds
d814a20d: calls $0.03
815a9c32: checks
*** FLOP *** [Qd 2d 3h]
d814a20d: checks
815a9c32: checks
*** TURN *** [Qd 2d 3h] [7h]
d814a20d: bets $0.08
815a9c32: calls $0.08
*** RIVER *** [Qd 2d 3h 7h] [Ts]
d814a20d: checks
815a9c32: checks
d814a20d: shows [Ac 4d] (Ace-High)
815a9c32: shows [6c 5h] (Queen-High)
*** SHOWDOWN ***
d814a20d collected $0.25 from pot
*** SUMMARY ***
Total pot $0.26 | Rake $0.01 | Jackpot $0 | Bingo $0 | Fortune $0
Board [Qd 2d 3h 7h Ts]
Seat 1: fa8fbde5 folded before Flop (didn't bet)
Seat 2: ecc2498b folded before Flop (didn't bet)
Seat 3: e3a7dd48 folded before Flop (didn't bet)
Seat 4: Hero (button) folded before Flop (didn't bet)
Seat 5: d814a20d (small blind) showed [Ac 4d] and won ($0.25) with Ace-High
Seat 6: 815a9c32 (big blind) showed [6c 5h] and lost with Queen-High


Poker Hand #HD1182886547: Hold'em No Limit  ($0.02/$0.05) - 2023/03/30 20:00:39
Table 'NLHBlue34' 6-max Seat #3 is the button
Seat 1: fa8fbde5 ($1.23 in chips)
Seat 2: ecc2498b ($10.05 in chips)
Seat 3: e3a7dd48 ($4.78 in chips)
Seat 4: Hero ($5.96 in chips)
Seat 5: d814a20d ($5.54 in chips)
Seat 6: 815a9c32 ($5.98 in chips)
Hero: posts small blind $0.02
d814a20d: posts big blind $0.05
*** HOLE CARDS ***
Dealt to fa8fbde5 
Dealt to ecc2498b 
Dealt to e3a7dd48 
Dealt to Hero [6d 3c]
Dealt to d814a20d 
Dealt to 815a9c32 
815a9c32: folds
fa8fbde5: folds
ecc2498b: folds
e3a7dd48: folds
Hero: folds
Uncalled bet ($0.03) returned to d814a20d
*** SHOWDOWN ***
d814a20d collected $0.04 from pot
*** SUMMARY ***
Total pot $0.04 | Rake $0 | Jackpot $0 | Bingo $0 | Fortune $0
Seat 1: fa8fbde5 folded before Flop (didn't bet)
Seat 2: ecc2498b folded before Flop (didn't bet)
Seat 3: e3a7dd48 (button) folded before Flop (didn't bet)
Seat 4: Hero (small blind) folded before Flop
Seat 5: d814a20d (big blind) collected ($0.04)
Seat 6: 815a9c32 folded before Flop (didn't bet)


Poker Hand #HD1182886412: Hold'em No Limit  ($0.02/$0.05) - 2023/03/30 19:59:49
Table 'NLHBlue34' 6-max Seat #2 is the button
Seat 1: fa8fbde5 ($1.07 in chips)
Seat 2: ecc2498b ($10.05 in chips)
Seat 3: e3a7dd48 ($4.8 in chips)
Seat 4: Hero ($6.01 in chips)
Seat 5: d814a20d ($5.64 in chips)
Seat 6: 815a9c32 ($5.98 in chips)
e3a7dd48: posts small blind $0.02
Hero: posts big blind $0.05
*** HOLE CARDS ***
Dealt to fa8fbde5 
Dealt to ecc2498b 
Dealt to e3a7dd48 
Dealt to Hero [9d 5d]
Dealt to d814a20d 
Dealt to 815a9c32 
d814a20d: calls $0.05
815a9c32: folds
fa8fbde5: raises $0.05 to $0.1
ecc2498b: folds
e3a7dd48: folds
Hero: folds
d814a20d: calls $0.05
*** FLOP *** [4s Kd 8c]
d814a20d: checks
fa8fbde5: bets $0.14
d814a20d: folds
Uncalled bet ($0.14) returned to fa8fbde5
*** SHOWDOWN ***
fa8fbde5 collected $0.26 from pot
*** SUMMARY ***
Total pot $0.27 | Rake $0.01 | Jackpot $0 | Bingo $0 | Fortune $0
Board [4s Kd 8c]
Seat 1: fa8fbde5 won ($0.26)
Seat 2: ecc2498b (button) folded before Flop (didn't bet)
Seat 3: e3a7dd48 (small blind) folded before Flop
Seat 4: Hero (big blind) folded before Flop
Seat 5: d814a20d folded on the Flop
Seat 6: 815a9c32 folded before Flop (didn't bet)


Poker Hand #HD1182886291: Hold'em No Limit  ($0.02/$0.05) - 2023/03/30 19:58:58
Table 'NLHBlue34' 6-max Seat #1 is the button
Seat 1: fa8fbde5 ($1.07 in chips)
Seat 2: ecc2498b ($10.07 in chips)
Seat 3: e3a7dd48 ($4.85 in chips)
Seat 4: Hero ($6.77 in chips)
Seat 5: d814a20d ($4.93 in chips)
Seat 6: 815a9c32 ($5.98 in chips)
ecc2498b: posts small blind $0.02
e3a7dd48: posts big blind $0.05
*** HOLE CARDS ***
Dealt to fa8fbde5 
Dealt to ecc2498b 
Dealt to e3a7dd48 
Dealt to Hero [Ad Kc]
Dealt to d814a20d 
Dealt to 815a9c32 
Hero: raises $0.07 to $0.12
d814a20d: calls $0.12
815a9c32: folds
fa8fbde5: folds
ecc2498b: folds
e3a7dd48: folds
*** FLOP *** [Kh 2h Jc]
Hero: bets $0.24
d814a20d: calls $0.24
*** TURN *** [Kh 2h Jc] [3h]
Hero: checks
d814a20d: bets $0.4
Hero: calls $0.4
*** RIVER *** [Kh 2h Jc 3h] [7c]
Hero: checks
d814a20d: checks
Hero: shows [Ad Kc] (Pair of Kings)
d814a20d: shows [9h 8h] (King High Flush)
*** SHOWDOWN ***
d814a20d collected $1.47 from pot
*** SUMMARY ***
Total pot $1.59 | Rake $0.07 | Jackpot $0.05 | Bingo $0 | Fortune $0
Board [Kh 2h Jc 3h 7c]
Seat 1: fa8fbde5 (button) folded before Flop (didn't bet)
Seat 2: ecc2498b (small blind) folded before Flop
Seat 3: e3a7dd48 (big blind) folded before Flop
Seat 4: Hero showed [Ad Kc] and lost with Pair of Kings
Seat 5: d814a20d showed [9h 8h] and won ($1.47) with King High Flush
Seat 6: 815a9c32 folded before Flop (didn't bet)


Poker Hand #HD1182886237: Hold'em No Limit  ($0.02/$0.05) - 2023/03/30 19:58:40
Table 'NLHBlue34' 6-max Seat #6 is the button
Seat 1: fa8fbde5 ($1.02 in chips)
Seat 2: ecc2498b ($10.12 in chips)
Seat 3: e3a7dd48 ($4.85 in chips)
Seat 4: Hero ($6.77 in chips)
Seat 5: d814a20d ($4.93 in chips)
Seat 6: 815a9c32 ($5.98 in chips)
fa8fbde5: posts small blind $0.02
ecc2498b: posts big blind $0.05
*** HOLE CARDS ***
Dealt to fa8fbde5 
Dealt to ecc2498b 
Dealt to e3a7dd48 
Dealt to Hero [8s 4d]
Dealt to d814a20d 
Dealt to 815a9c32 
e3a7dd48: folds
Hero: folds
d814a20d: folds
815a9c32: folds
fa8fbde5: raises $0.1 to $0.15
ecc2498b: folds
Uncalled bet ($0.1) returned to fa8fbde5
*** SHOWDOWN ***
fa8fbde5 collected $0.1 from pot
*** SUMMARY ***
Total pot $0.1 | Rake $0 | Jackpot $0 | Bingo $0 | Fortune $0
Seat 1: fa8fbde5 (small blind) collected ($0.1)
Seat 2: ecc2498b (big blind) folded before Flop
Seat 3: e3a7dd48 folded before Flop (didn't bet)
Seat 4: Hero folded before Flop (didn't bet)
Seat 5: d814a20d folded before Flop (didn't bet)
Seat 6: 815a9c32 (button) folded before Flop (didn't bet)


Poker Hand #HD1182886195: Hold'em No Limit  ($0.02/$0.05) - 2023/03/30 19:58:23
Table 'NLHBlue34' 6-max Seat #5 is the button
Seat 1: fa8fbde5 ($1 in chips)
Seat 2: ecc2498b ($10.12 in chips)
Seat 3: e3a7dd48 ($4.85 in chips)
Seat 4: Hero ($6.77 in chips)
Seat 5: d814a20d ($4.93 in chips)
Seat 6: 815a9c32 ($6 in chips)
815a9c32: posts small blind $0.02
fa8fbde5: posts big blind $0.05
*** HOLE CARDS ***
Dealt to fa8fbde5 
Dealt to ecc2498b 
Dealt to e3a7dd48 
Dealt to Hero [Ts 7h]
Dealt to d814a20d 
Dealt to 815a9c32 
ecc2498b: folds
e3a7dd48: folds
Hero: folds
d814a20d: folds
815a9c32: folds
Uncalled bet ($0.03) returned to fa8fbde5
*** SHOWDOWN ***
fa8fbde5 collected $0.04 from pot
*** SUMMARY ***
Total pot $0.04 | Rake $0 | Jackpot $0 | Bingo $0 | Fortune $0
Seat 1: fa8fbde5 (big blind) collected ($0.04)
Seat 2: ecc2498b folded before Flop (didn't bet)
Seat 3: e3a7dd48 folded before Flop (didn't bet)
Seat 4: Hero folded before Flop (didn't bet)
Seat 5: d814a20d (button) folded before Flop (didn't bet)
Seat 6: 815a9c32 (small blind) folded before Flop


Poker Hand #HD1182886155: Hold'em No Limit  ($0.02/$0.05) - 2023/03/30 19:58:11
Table 'NLHBlue34' 6-max Seat #4 is the button
Seat 2: ecc2498b ($10.12 in chips)
Seat 3: e3a7dd48 ($4.85 in chips)
Seat 4: Hero ($6.77 in chips)
Seat 5: d814a20d ($4.95 in chips)
Seat 6: 815a9c32 ($5.98 in chips)
d814a20d: posts small blind $0.02
815a9c32: posts big blind $0.05
*** HOLE CARDS ***
Dealt to ecc2498b 
Dealt to e3a7dd48 
Dealt to Hero [Td 2d]
Dealt to d814a20d 
Dealt to 815a9c32 
ecc2498b: folds
e3a7dd48: folds
Hero: folds
d814a20d: folds
Uncalled bet ($0.03) returned to 815a9c32
*** SHOWDOWN ***
815a9c32 collected $0.04 from pot
*** SUMMARY ***
Total pot $0.04 | Rake $0 | Jackpot $0 | Bingo $0 | Fortune $0
Seat 2: ecc2498b folded before Flop (didn't bet)
Seat 3: e3a7dd48 folded before Flop (didn't bet)
Seat 4: Hero (button) folded before Flop (didn't bet)
Seat 5: d814a20d (small blind) folded before Flop
Seat 6: 815a9c32 (big blind) collected ($0.04)


Poker Hand #HD1182885992: Hold'em No Limit  ($0.02/$0.05) - 2023/03/30 19:57:06
Table 'NLHBlue34' 6-max Seat #3 is the button
Seat 1: fa8fbde5 ($0.95 in chips)
Seat 2: ecc2498b ($10.12 in chips)
Seat 3: e3a7dd48 ($4.85 in chips)
Seat 4: Hero ($5.91 in chips)
Seat 5: d814a20d ($5 in chips)
Seat 6: 815a9c32 ($5.98 in chips)
Hero: posts small blind $0.02
d814a20d: posts big blind $0.05
*** HOLE CARDS ***
Dealt to fa8fbde5 
Dealt to ecc2498b 
Dealt to e3a7dd48 
Dealt to Hero [Kd Kh]
Dealt to d814a20d 
Dealt to 815a9c32 
815a9c32: folds
fa8fbde5: raises $0.1 to $0.15
ecc2498b: folds
e3a7dd48: folds
Hero: raises $0.49 to $0.64
d814a20d: folds
fa8fbde5: raises $0.31 to $0.95 and is all-in
Hero: calls $0.31
fa8fbde5: shows [Qh Ac]
Hero: shows [Kd Kh]
*** FLOP *** [3h 6s 2c]
*** TURN *** [3h 6s 2c] [8d]
*** RIVER *** [3h 6s 2c 8d] [3c]
*** SHOWDOWN ***
Hero collected $1.81 from pot
*** SUMMARY ***
Total pot $1.95 | Rake $0.09 | Jackpot $0.05 | Bingo $0 | Fortune $0
Board [3h 6s 2c 8d 3c]
Seat 1: fa8fbde5 showed [Qh Ac] and lost with Pair of Treys
Seat 2: ecc2498b folded before Flop (didn't bet)
Seat 3: e3a7dd48 (button) folded before Flop (didn't bet)
Seat 4: Hero (small blind) showed [Kd Kh] and won ($1.81) with Pair of Kings and Pair of Treys
Seat 5: d814a20d (big blind) folded before Flop
Seat 6: 815a9c32 folded before Flop (didn't bet)


Poker Hand #HD1182885932: Hold'em No Limit  ($0.02/$0.05) - 2023/03/30 19:56:45
Table 'NLHBlue34' 6-max Seat #2 is the button
Seat 1: fa8fbde5 ($1 in chips)
Seat 2: ecc2498b ($10.12 in chips)
Seat 3: e3a7dd48 ($4.87 in chips)
Seat 4: Hero ($5.96 in chips)
Seat 5: d814a20d ($5 in chips)
Seat 6: 815a9c32 ($5.86 in chips)
e3a7dd48: posts small blind $0.02
Hero: posts big blind $0.05
fa8fbde5: posts big blind $0.05
*** HOLE CARDS ***
Dealt to fa8fbde5 
Dealt to ecc2498b 
Dealt to e3a7dd48 
Dealt to Hero [5c 7s]
Dealt to d814a20d 
Dealt to 815a9c32 
d814a20d: folds
815a9c32: raises $0.09 to $0.14
fa8fbde5: folds
ecc2498b: folds
e3a7dd48: folds
Hero: folds
Uncalled bet ($0.09) returned to 815a9c32
*** SHOWDOWN ***
815a9c32 collected $0.17 from pot
*** SUMMARY ***
Total pot $0.17 | Rake $0 | Jackpot $0 | Bingo $0 | Fortune $0
Seat 1: fa8fbde5 folded before Flop
Seat 2: ecc2498b (button) folded before Flop (didn't bet)
Seat 3: e3a7dd48 (small blind) folded before Flop
Seat 4: Hero (big blind) folded before Flop
Seat 5: d814a20d folded before Flop (didn't bet)
Seat 6: 815a9c32 collected ($0.17)


Poker Hand #HD1182885788: Hold'em No Limit  ($0.02/$0.05) - 2023/03/30 19:55:52
Table 'NLHBlue34' 6-max Seat #6 is the button
Seat 2: ecc2498b ($10.14 in chips)
Seat 3: e3a7dd48 ($4.92 in chips)
Seat 4: Hero ($5.96 in chips)
Seat 5: d814a20d ($4.93 in chips)
Seat 6: 815a9c32 ($5.86 in chips)
ecc2498b: posts small blind $0.02
e3a7dd48: posts big blind $0.05
*** HOLE CARDS ***
Dealt to ecc2498b 
Dealt to e3a7dd48 
Dealt to Hero [5c Kh]
Dealt to d814a20d 
Dealt to 815a9c32 
Hero: folds
d814a20d: calls $0.05
815a9c32: folds
ecc2498b: folds
e3a7dd48: checks
*** FLOP *** [5d 3s Js]
e3a7dd48: checks
d814a20d: bets $0.06
e3a7dd48: folds
Uncalled bet ($0.06) returned to d814a20d
*** SHOWDOWN ***
d814a20d collected $0.12 from pot
*** SUMMARY ***
Total pot $0.12 | Rake $0 | Jackpot $0 | Bingo $0 | Fortune $0
Board [5d 3s Js]
Seat 2: ecc2498b (small blind) folded before Flop
Seat 3: e3a7dd48 (big blind) folded on the Flop
Seat 4: Hero folded before Flop (didn't bet)
Seat 5: d814a20d won ($0.12)
Seat 6: 815a9c32 (button) folded before Flop (didn't bet)


Poker Hand #HD1182885760: Hold'em No Limit  ($0.02/$0.05) - 2023/03/30 19:55:41
Table 'NLHBlue34' 6-max Seat #5 is the button
Seat 2: ecc2498b ($10.12 in chips)
Seat 3: e3a7dd48 ($4.92 in chips)
Seat 4: Hero ($5.96 in chips)
Seat 5: d814a20d ($4.93 in chips)
Seat 6: 815a9c32 ($5.88 in chips)
815a9c32: posts small blind $0.02
ecc2498b: posts big blind $0.05
*** HOLE CARDS ***
Dealt to ecc2498b 
Dealt to e3a7dd48 
Dealt to Hero [8c 6h]
Dealt to d814a20d 
Dealt to 815a9c32 
e3a7dd48: folds
Hero: folds
d814a20d: folds
815a9c32: folds
Uncalled bet ($0.03) returned to ecc2498b
*** SHOWDOWN ***
ecc2498b collected $0.04 from pot
*** SUMMARY ***
Total pot $0.04 | Rake $0 | Jackpot $0 | Bingo $0 | Fortune $0
Seat 2: ecc2498b (big blind) collected ($0.04)
Seat 3: e3a7dd48 folded before Flop (didn't bet)
Seat 4: Hero folded before Flop (didn't bet)
Seat 5: d814a20d (button) folded before Flop (didn't bet)
Seat 6: 815a9c32 (small blind) folded before Flop


Poker Hand #HD1182885692: Hold'em No Limit  ($0.02/$0.05) - 2023/03/30 19:55:15
Table 'NLHBlue34' 6-max Seat #4 is the button
Seat 2: ecc2498b ($10.12 in chips)
Seat 3: e3a7dd48 ($4.92 in chips)
Seat 4: Hero ($5.89 in chips)
Seat 5: d814a20d ($4.95 in chips)
Seat 6: 815a9c32 ($5.93 in chips)
d814a20d: posts small blind $0.02
815a9c32: posts big blind $0.05
*** HOLE CARDS ***
Dealt to ecc2498b 
Dealt to e3a7dd48 
Dealt to Hero [Jc Jd]
Dealt to d814a20d 
Dealt to 815a9c32 
ecc2498b: folds
e3a7dd48: folds
Hero: raises $0.07 to $0.12
d814a20d: folds
815a9c32: folds
Uncalled bet ($0.07) returned to Hero
*** SHOWDOWN ***
Hero collected $0.12 from pot
*** SUMMARY ***
Total pot $0.12 | Rake $0 | Jackpot $0 | Bingo $0 | Fortune $0
Seat 2: ecc2498b folded before Flop (didn't bet)
Seat 3: e3a7dd48 folded before Flop (didn't bet)
Seat 4: Hero (button) collected ($0.12)
Seat 5: d814a20d (small blind) folded before Flop
Seat 6: 815a9c32 (big blind) folded before Flop


Poker Hand #HD1182885662: Hold'em No Limit  ($0.02/$0.05) - 2023/03/30 19:55:02
Table 'NLHBlue34' 6-max Seat #3 is the button
Seat 2: ecc2498b ($10.12 in chips)
Seat 3: e3a7dd48 ($4.92 in chips)
Seat 4: Hero ($5.91 in chips)
Seat 5: d814a20d ($5 in chips)
Seat 6: 815a9c32 ($5.86 in chips)
Hero: posts small blind $0.02
d814a20d: posts big blind $0.05
*** HOLE CARDS ***
Dealt to ecc2498b 
Dealt to e3a7dd48 
Dealt to Hero [7s Kh]
Dealt to d814a20d 
Dealt to 815a9c32 
815a9c32: raises $0.07 to $0.12
ecc2498b: folds
e3a7dd48: folds
Hero: folds
d814a20d: folds
Uncalled bet ($0.07) returned to 815a9c32
*** SHOWDOWN ***
815a9c32 collected $0.12 from pot
*** SUMMARY ***
Total pot $0.12 | Rake $0 | Jackpot $0 | Bingo $0 | Fortune $0
Seat 2: ecc2498b folded before Flop (didn't bet)
Seat 3: e3a7dd48 (button) folded before Flop (didn't bet)
Seat 4: Hero (small blind) folded before Flop
Seat 5: d814a20d (big blind) folded before Flop
Seat 6: 815a9c32 collected ($0.12)


Poker Hand #HD1182825588: Hold'em No Limit  ($0.02/$0.05) - 2023/03/30 19:54:40
Table 'NLHBlue34' 6-max Seat #2 is the button
Seat 2: ecc2498b ($10.12 in chips)
Seat 3: e3a7dd48 ($5.02 in chips)
Seat 4: Hero ($5.82 in chips)
Seat 6: 815a9c32 ($5.86 in chips)
e3a7dd48: posts small blind $0.02
Hero: posts big blind $0.05
*** HOLE CARDS ***
Dealt to ecc2498b 
Dealt to e3a7dd48 
Dealt to Hero [As Qc]
Dealt to 815a9c32 
815a9c32: folds
ecc2498b: folds
e3a7dd48: raises $0.05 to $0.1
Hero: raises $0.2 to $0.3
e3a7dd48: folds
Uncalled bet ($0.2) returned to Hero
*** SHOWDOWN ***
Hero collected $0.19 from pot
*** SUMMARY ***
Total pot $0.2 | Rake $0.01 | Jackpot $0 | Bingo $0 | Fortune $0
Seat 2: ecc2498b (button) folded before Flop (didn't bet)
Seat 3: e3a7dd48 (small blind) folded before Flop
Seat 4: Hero (big blind) collected ($0.19)
Seat 6: 815a9c32 folded before Flop (didn't bet)


Poker Hand #HD1182825556: Hold'em No Limit  ($0.02/$0.05) - 2023/03/30 19:54:28
Table 'NLHBlue34' 6-max Seat #6 is the button
Seat 2: ecc2498b ($10.14 in chips)
Seat 3: e3a7dd48 ($5 in chips)
Seat 4: Hero ($5.82 in chips)
Seat 6: 815a9c32 ($5.86 in chips)
ecc2498b: posts small blind $0.02
e3a7dd48: posts big blind $0.05
*** HOLE CARDS ***
Dealt to ecc2498b 
Dealt to e3a7dd48 
Dealt to Hero [7h Ac]
Dealt to 815a9c32 
Hero: folds
815a9c32: folds
ecc2498b: folds
Uncalled bet ($0.03) returned to e3a7dd48
*** SHOWDOWN ***
e3a7dd48 collected $0.04 from pot
*** SUMMARY ***
Total pot $0.04 | Rake $0 | Jackpot $0 | Bingo $0 | Fortune $0
Seat 2: ecc2498b (small blind) folded before Flop
Seat 3: e3a7dd48 (big blind) collected ($0.04)
Seat 4: Hero folded before Flop (didn't bet)
Seat 6: 815a9c32 (button) folded before Flop (didn't bet)


Poker Hand #HD1182825532: Hold'em No Limit  ($0.02/$0.05) - 2023/03/30 19:54:16
Table 'NLHBlue34' 6-max Seat #4 is the button
Seat 2: ecc2498b ($10.12 in chips)
Seat 4: Hero ($5.82 in chips)
Seat 6: 815a9c32 ($5.88 in chips)
815a9c32: posts small blind $0.02
ecc2498b: posts big blind $0.05
*** HOLE CARDS ***
Dealt to ecc2498b 
Dealt to Hero [5h 6s]
Dealt to 815a9c32 
Hero: folds
815a9c32: folds
Uncalled bet ($0.03) returned to ecc2498b
*** SHOWDOWN ***
ecc2498b collected $0.04 from pot
*** SUMMARY ***
Total pot $0.04 | Rake $0 | Jackpot $0 | Bingo $0 | Fortune $0
Seat 2: ecc2498b (big blind) collected ($0.04)
Seat 4: Hero (button) folded before Flop (didn't bet)
Seat 6: 815a9c32 (small blind) folded before Flop


Poker Hand #HD1182825423: Hold'em No Limit  ($0.02/$0.05) - 2023/03/30 19:53:39
Table 'NLHBlue34' 6-max Seat #2 is the button
Seat 2: ecc2498b ($9.75 in chips)
Seat 4: Hero ($5.84 in chips)
Seat 6: 815a9c32 ($6.27 in chips)
Hero: posts small blind $0.02
815a9c32: posts big blind $0.05
*** HOLE CARDS ***
Dealt to ecc2498b 
Dealt to Hero [8s 6h]
Dealt to 815a9c32 
ecc2498b: raises $0.1 to $0.15
Hero: folds
815a9c32: calls $0.1
*** FLOP *** [Ad Jc 5h]
815a9c32: checks
ecc2498b: bets $0.24
815a9c32: calls $0.24
*** TURN *** [Ad Jc 5h] [5d]
815a9c32: checks
ecc2498b: bets $0.6
815a9c32: folds
Uncalled bet ($0.6) returned to ecc2498b
*** SHOWDOWN ***
ecc2498b collected $0.76 from pot
*** SUMMARY ***
Total pot $0.8 | Rake $0.04 | Jackpot $0 | Bingo $0 | Fortune $0
Board [Ad Jc 5h 5d]
Seat 2: ecc2498b (button) won ($0.76)
Seat 4: Hero (small blind) folded before Flop
Seat 6: 815a9c32 (big blind) folded on the Turn


Poker Hand #HD1182825407: Hold'em No Limit  ($0.02/$0.05) - 2023/03/30 19:53:32
Table 'NLHBlue34' 6-max Seat #6 is the button
Seat 2: ecc2498b ($9.77 in chips)
Seat 4: Hero ($5.82 in chips)
Seat 6: 815a9c32 ($6.27 in chips)
ecc2498b: posts small blind $0.02
Hero: posts big blind $0.05
*** HOLE CARDS ***
Dealt to ecc2498b 
Dealt to Hero [Qd 6d]
Dealt to 815a9c32 
815a9c32: folds
ecc2498b: folds
Uncalled bet ($0.03) returned to Hero
*** SHOWDOWN ***
Hero collected $0.04 from pot
*** SUMMARY ***
Total pot $0.04 | Rake $0 | Jackpot $0 | Bingo $0 | Fortune $0
Seat 2: ecc2498b (small blind) folded before Flop
Seat 4: Hero (big blind) collected ($0.04)
Seat 6: 815a9c32 (button) folded before Flop (didn't bet)


Poker Hand #HD1182825377: Hold'em No Limit  ($0.02/$0.05) - 2023/03/30 19:53:22
Table 'NLHBlue34' 6-max Seat #4 is the button
Seat 2: ecc2498b ($9.82 in chips)
Seat 4: Hero ($5.75 in chips)
Seat 6: 815a9c32 ($6.29 in chips)
815a9c32: posts small blind $0.02
ecc2498b: posts big blind $0.05
*** HOLE CARDS ***
Dealt to ecc2498b 
Dealt to Hero [Tc Jh]
Dealt to 815a9c32 
Hero: raises $0.07 to $0.12
815a9c32: folds
ecc2498b: folds
Uncalled bet ($0.07) returned to Hero
*** SHOWDOWN ***
Hero collected $0.12 from pot
*** SUMMARY ***
Total pot $0.12 | Rake $0 | Jackpot $0 | Bingo $0 | Fortune $0
Seat 2: ecc2498b (big blind) folded before Flop
Seat 4: Hero (button) collected ($0.12)
Seat 6: 815a9c32 (small blind) folded before Flop


Poker Hand #HD1182825319: Hold'em No Limit  ($0.02/$0.05) - 2023/03/30 19:53:06
Table 'NLHBlue34' 6-max Seat #2 is the button
Seat 2: ecc2498b ($9.82 in chips)
Seat 4: Hero ($5.7 in chips)
Seat 6: 815a9c32 ($6.34 in chips)
Hero: posts small blind $0.02
815a9c32: posts big blind $0.05
*** HOLE CARDS ***
Dealt to ecc2498b 
Dealt to Hero [Jh Ac]
Dealt to 815a9c32 
ecc2498b: folds
Hero: raises $0.09 to $0.14
815a9c32: folds
Uncalled bet ($0.09) returned to Hero
*** SHOWDOWN ***
Hero collected $0.1 from pot
*** SUMMARY ***
Total pot $0.1 | Rake $0 | Jackpot $0 | Bingo $0 | Fortune $0
Seat 2: ecc2498b (button) folded before Flop (didn't bet)
Seat 4: Hero (small blind) collected ($0.1)
Seat 6: 815a9c32 (big blind) folded before Flop


Poker Hand #HD1182825285: Hold'em No Limit  ($0.02/$0.05) - 2023/03/30 19:52:53
Table 'NLHBlue34' 6-max Seat #6 is the button
Seat 2: ecc2498b ($9.84 in chips)
Seat 4: Hero ($5.75 in chips)
Seat 6: 815a9c32 ($6.27 in chips)
ecc2498b: posts small blind $0.02
Hero: posts big blind $0.05
*** HOLE CARDS ***
Dealt to ecc2498b 
Dealt to Hero [7h 5h]
Dealt to 815a9c32 
815a9c32: raises $0.07 to $0.12
ecc2498b: folds
Hero: folds
Uncalled bet ($0.07) returned to 815a9c32
*** SHOWDOWN ***
815a9c32 collected $0.12 from pot
*** SUMMARY ***
Total pot $0.12 | Rake $0 | Jackpot $0 | Bingo $0 | Fortune $0
Seat 2: ecc2498b (small blind) folded before Flop
Seat 4: Hero (big blind) folded before Flop
Seat 6: 815a9c32 (button) collected ($0.12)


Poker Hand #HD1182825252: Hold'em No Limit  ($0.02/$0.05) - 2023/03/30 19:52:42
Table 'NLHBlue34' 6-max Seat #4 is the button
Seat 2: ecc2498b ($9.82 in chips)
Seat 4: Hero ($5.75 in chips)
Seat 6: 815a9c32 ($6.29 in chips)
815a9c32: posts small blind $0.02
ecc2498b: posts big blind $0.05
*** HOLE CARDS ***
Dealt to ecc2498b 
Dealt to Hero [7h 6s]
Dealt to 815a9c32 
Hero: folds
815a9c32: folds
Uncalled bet ($0.03) returned to ecc2498b
*** SHOWDOWN ***
ecc2498b collected $0.04 from pot
*** SUMMARY ***
Total pot $0.04 | Rake $0 | Jackpot $0 | Bingo $0 | Fortune $0
Seat 2: ecc2498b (big blind) collected ($0.04)
Seat 4: Hero (button) folded before Flop (didn't bet)
Seat 6: 815a9c32 (small blind) folded before Flop


Poker Hand #HD1182825229: Hold'em No Limit  ($0.02/$0.05) - 2023/03/30 19:52:32
Table 'NLHBlue34' 6-max Seat #2 is the button
Seat 1: 65fdabb0 ($5.04 in chips)
Seat 2: ecc2498b ($9.75 in chips)
Seat 4: Hero ($5.77 in chips)
Seat 6: 815a9c32 ($6.34 in chips)
Hero: posts small blind $0.02
815a9c32: posts big blind $0.05
*** HOLE CARDS ***
Dealt to 65fdabb0 
Dealt to ecc2498b 
Dealt to Hero [2d Jc]
Dealt to 815a9c32 
65fdabb0: folds
ecc2498b: raises $0.1 to $0.15
Hero: folds
815a9c32: folds
Uncalled bet ($0.1) returned to ecc2498b
*** SHOWDOWN ***
ecc2498b collected $0.12 from pot
*** SUMMARY ***
Total pot $0.12 | Rake $0 | Jackpot $0 | Bingo $0 | Fortune $0
Seat 1: 65fdabb0 folded before Flop (didn't bet)
Seat 2: ecc2498b (button) collected ($0.12)
Seat 4: Hero (small blind) folded before Flop
Seat 6: 815a9c32 (big blind) folded before Flop


Poker Hand #HD1182825106: Hold'em No Limit  ($0.02/$0.05) - 2023/03/30 19:51:41
Table 'NLHBlue34' 6-max Seat #1 is the button
Seat 1: 65fdabb0 ($5.16 in chips)
Seat 2: ecc2498b ($9.77 in chips)
Seat 4: Hero ($5.52 in chips)
Seat 5: 1da87441 ($6.21 in chips)
Seat 6: 815a9c32 ($6.46 in chips)
ecc2498b: posts small blind $0.02
Hero: posts big blind $0.05
*** HOLE CARDS ***
Dealt to 65fdabb0 
Dealt to ecc2498b 
Dealt to Hero [As 9d]
Dealt to 1da87441 
Dealt to 815a9c32 
1da87441: folds
815a9c32: raises $0.07 to $0.12
65fdabb0: calls $0.12
ecc2498b: folds
Hero: calls $0.07
*** FLOP *** [5h Tc Ah]
Hero: checks
815a9c32: checks
65fdabb0: checks
*** TURN *** [5h Tc Ah] [6h]
Hero: bets $0.19
815a9c32: folds
65fdabb0: folds
Uncalled bet ($0.19) returned to Hero
*** SHOWDOWN ***
Hero collected $0.37 from pot
*** SUMMARY ***
Total pot $0.38 | Rake $0.01 | Jackpot $0 | Bingo $0 | Fortune $0
Board [5h Tc Ah 6h]
Seat 1: 65fdabb0 (button) folded on the Turn
Seat 2: ecc2498b (small blind) folded before Flop
Seat 4: Hero (big blind) won ($0.37)
Seat 5: 1da87441 folded before Flop (didn't bet)
Seat 6: 815a9c32 folded on the Turn


Poker Hand #HD1182825057: Hold'em No Limit  ($0.02/$0.05) - 2023/03/30 19:51:22
Table 'NLHBlue34' 6-max Seat #6 is the button
Seat 1: 65fdabb0 ($5.11 in chips)
Seat 2: ecc2498b ($9.82 in chips)
Seat 4: Hero ($5.52 in chips)
Seat 5: 1da87441 ($6.21 in chips)
Seat 6: 815a9c32 ($6.46 in chips)
65fdabb0: posts small blind $0.02
ecc2498b: posts big blind $0.05
*** HOLE CARDS ***
Dealt to 65fdabb0 
Dealt to ecc2498b 
Dealt to Hero [Ad 6c]
Dealt to 1da87441 
Dealt to 815a9c32 
Hero: folds
1da87441: folds
815a9c32: folds
65fdabb0: raises $0.1 to $0.15
ecc2498b: folds
Uncalled bet ($0.1) returned to 65fdabb0
*** SHOWDOWN ***
65fdabb0 collected $0.1 from pot
*** SUMMARY ***
Total pot $0.1 | Rake $0 | Jackpot $0 | Bingo $0 | Fortune $0
Seat 1: 65fdabb0 (small blind) collected ($0.1)
Seat 2: ecc2498b (big blind) folded before Flop
Seat 4: Hero folded before Flop (didn't bet)
Seat 5: 1da87441 folded before Flop (didn't bet)
Seat 6: 815a9c32 (button) folded before Flop (didn't bet)


Poker Hand #HD1182824967: Hold'em No Limit  ($0.02/$0.05) - 2023/03/30 19:50:52
Table 'NLHBlue34' 6-max Seat #5 is the button
Seat 1: 65fdabb0 ($4.95 in chips)
Seat 2: ecc2498b ($9.97 in chips)
Seat 4: Hero ($5.52 in chips)
Seat 5: 1da87441 ($6.21 in chips)
Seat 6: 815a9c32 ($6.48 in chips)
815a9c32: posts small blind $0.02
65fdabb0: posts big blind $0.05
*** HOLE CARDS ***
Dealt to 65fdabb0 
Dealt to ecc2498b 
Dealt to Hero [Jd 8d]
Dealt to 1da87441 
Dealt to 815a9c32 
ecc2498b: raises $0.1 to $0.15
Hero: folds
1da87441: folds
815a9c32: folds
65fdabb0: raises $0.34 to $0.49
ecc2498b: folds
Uncalled bet ($0.34) returned to 65fdabb0
*** SHOWDOWN ***
65fdabb0 collected $0.31 from pot
*** SUMMARY ***
Total pot $0.32 | Rake $0.01 | Jackpot $0 | Bingo $0 | Fortune $0
Seat 1: 65fdabb0 (big blind) collected ($0.31)
Seat 2: ecc2498b folded before Flop
Seat 4: Hero folded before Flop (didn't bet)
Seat 5: 1da87441 (button) folded before Flop (didn't bet)
Seat 6: 815a9c32 (small blind) folded before Flop


Poker Hand #HD1182824889: Hold'em No Limit  ($0.02/$0.05) - 2023/03/30 19:50:24
Table 'NLHBlue34' 6-max Seat #4 is the button
Seat 1: 65fdabb0 ($5 in chips)
Seat 2: ecc2498b ($10.23 in chips)
Seat 4: Hero ($5.52 in chips)
Seat 5: 1da87441 ($6.23 in chips)
Seat 6: 815a9c32 ($6.18 in chips)
1da87441: posts small blind $0.02
815a9c32: posts big blind $0.05
65fdabb0: posts big blind $0.05
*** HOLE CARDS ***
Dealt to 65fdabb0 
Dealt to ecc2498b 
Dealt to Hero [3c 9h]
Dealt to 1da87441 
Dealt to 815a9c32 
65fdabb0: checks
ecc2498b: raises $0.21 to $0.26
Hero: folds
1da87441: folds
815a9c32: raises $0.69 to $0.95
65fdabb0: folds
ecc2498b: folds
Uncalled bet ($0.69) returned to 815a9c32
*** SHOWDOWN ***
815a9c32 collected $0.56 from pot
*** SUMMARY ***
Total pot $0.59 | Rake $0.03 | Jackpot $0 | Bingo $0 | Fortune $0
Seat 1: 65fdabb0 folded before Flop
Seat 2: ecc2498b folded before Flop
Seat 4: Hero (button) folded before Flop (didn't bet)
Seat 5: 1da87441 (small blind) folded before Flop
Seat 6: 815a9c32 (big blind) collected ($0.56)


Poker Hand #HD1182824692: Hold'em No Limit  ($0.02/$0.05) - 2023/03/30 19:49:12
Table 'NLHBlue34' 6-max Seat #3 is the button
Seat 2: ecc2498b ($10.38 in chips)
Seat 3: d86df13 ($0.82 in chips)
Seat 4: Hero ($5.54 in chips)
Seat 5: 1da87441 ($5.37 in chips)
Seat 6: 815a9c32 ($6.18 in chips)
Hero: posts small blind $0.02
1da87441: posts big blind $0.05
*** HOLE CARDS ***
Dealt to ecc2498b 
Dealt to d86df13 
Dealt to Hero [9c Qd]
Dealt to 1da87441 
Dealt to 815a9c32 
815a9c32: folds
ecc2498b: raises $0.1 to $0.15
d86df13: calls $0.15
Hero: folds
1da87441: raises $0.47 to $0.62
ecc2498b: folds
d86df13: raises $0.2 to $0.82 and is all-in
1da87441: calls $0.2
d86df13: shows [Qs 8s]
1da87441: shows [Js Jd]
*** FLOP *** [Ac 4h 4s]
*** TURN *** [Ac 4h 4s] [9h]
*** RIVER *** [Ac 4h 4s 9h] [5d]
*** SHOWDOWN ***
1da87441 collected $1.68 from pot
*** SUMMARY ***
Total pot $1.81 | Rake $0.08 | Jackpot $0.05 | Bingo $0 | Fortune $0
Board [Ac 4h 4s 9h 5d]
Seat 2: ecc2498b folded before Flop
Seat 3: d86df13 (button) showed [Qs 8s] and lost with Pair of Fours
Seat 4: Hero (small blind) folded before Flop
Seat 5: 1da87441 (big blind) showed [Js Jd] and won ($1.68) with Pair of Jacks and Pair of Fours
Seat 6: 815a9c32 folded before Flop (didn't bet)


Poker Hand #HD1182824614: Hold'em No Limit  ($0.02/$0.05) - 2023/03/30 19:48:39
Table 'NLHBlue34' 6-max Seat #2 is the button
Seat 2: ecc2498b ($10.38 in chips)
Seat 3: d86df13 ($0.94 in chips)
Seat 4: Hero ($5.31 in chips)
Seat 5: 1da87441 ($5.37 in chips)
Seat 6: 815a9c32 ($6.3 in chips)
d86df13: posts small blind $0.02
Hero: posts big blind $0.05
*** HOLE CARDS ***
Dealt to ecc2498b 
Dealt to d86df13 
Dealt to Hero [7c Jc]
Dealt to 1da87441 
Dealt to 815a9c32 
1da87441: folds
815a9c32: raises $0.07 to $0.12
ecc2498b: folds
d86df13: calls $0.1
Hero: calls $0.07
*** FLOP *** [7d 7h Jd]
d86df13: checks
Hero: bets $0.27
815a9c32: folds
d86df13: folds
Uncalled bet ($0.27) returned to Hero
*** SHOWDOWN ***
Hero collected $0.35 from pot
*** SUMMARY ***
Total pot $0.36 | Rake $0.01 | Jackpot $0 | Bingo $0 | Fortune $0
Board [7d 7h Jd]
Seat 2: ecc2498b (button) folded before Flop (didn't bet)
Seat 3: d86df13 (small blind) folded on the Flop
Seat 4: Hero (big blind) won ($0.35)
Seat 5: 1da87441 folded before Flop (didn't bet)
Seat 6: 815a9c32 folded on the Flop


Poker Hand #HD1182824529: Hold'em No Limit  ($0.02/$0.05) - 2023/03/30 19:48:07
Table 'NLHBlue34' 6-max Seat #6 is the button
Seat 1: 649c6ffa ($5 in chips)
Seat 2: ecc2498b ($10.43 in chips)
Seat 3: d86df13 ($0.94 in chips)
Seat 4: Hero ($5.31 in chips)
Seat 5: 1da87441 ($5.3 in chips)
Seat 6: 815a9c32 ($6.3 in chips)
649c6ffa: posts small blind $0.02
ecc2498b: posts big blind $0.05
*** HOLE CARDS ***
Dealt to 649c6ffa 
Dealt to ecc2498b 
Dealt to d86df13 
Dealt to Hero [Ah 6c]
Dealt to 1da87441 
Dealt to 815a9c32 
d86df13: folds
Hero: folds
1da87441: raises $0.05 to $0.1
815a9c32: folds
649c6ffa: folds
ecc2498b: folds
Uncalled bet ($0.05) returned to 1da87441
*** SHOWDOWN ***
1da87441 collected $0.12 from pot
*** SUMMARY ***
Total pot $0.12 | Rake $0 | Jackpot $0 | Bingo $0 | Fortune $0
Seat 1: 649c6ffa (small blind) folded before Flop
Seat 2: ecc2498b (big blind) folded before Flop
Seat 3: d86df13 folded before Flop (didn't bet)
Seat 4: Hero folded before Flop (didn't bet)
Seat 5: 1da87441 collected ($0.12)
Seat 6: 815a9c32 (button) folded before Flop (didn't bet)


Poker Hand #HD1182824425: Hold'em No Limit  ($0.02/$0.05) - 2023/03/30 19:47:29
Table 'NLHBlue34' 6-max Seat #5 is the button
Seat 1: 649c6ffa ($5.02 in chips)
Seat 2: ecc2498b ($10.43 in chips)
Seat 3: d86df13 ($0.94 in chips)
Seat 4: Hero ($5.24 in chips)
Seat 5: 1da87441 ($5.3 in chips)
Seat 6: 815a9c32 ($6.32 in chips)
815a9c32: posts small blind $0.02
649c6ffa: posts big blind $0.05
*** HOLE CARDS ***
Dealt to 649c6ffa 
Dealt to ecc2498b 
Dealt to d86df13 
Dealt to Hero [Kd Qc]
Dealt to 1da87441 
Dealt to 815a9c32 
ecc2498b: folds
d86df13: folds
Hero: raises $0.07 to $0.12
1da87441: folds
815a9c32: folds
649c6ffa: folds
Uncalled bet ($0.07) returned to Hero
*** SHOWDOWN ***
Hero collected $0.12 from pot
*** SUMMARY ***
Total pot $0.12 | Rake $0 | Jackpot $0 | Bingo $0 | Fortune $0
Seat 1: 649c6ffa (big blind) folded before Flop
Seat 2: ecc2498b folded before Flop (didn't bet)
Seat 3: d86df13 folded before Flop (didn't bet)
Seat 4: Hero collected ($0.12)
Seat 5: 1da87441 (button) folded before Flop (didn't bet)
Seat 6: 815a9c32 (small blind) folded before Flop


Poker Hand #HD1182824363: Hold'em No Limit  ($0.02/$0.05) - 2023/03/30 19:47:05
Table 'NLHBlue34' 6-max Seat #4 is the button
Seat 1: 649c6ffa ($5.02 in chips)
Seat 2: ecc2498b ($10.43 in chips)
Seat 3: d86df13 ($0.94 in chips)
Seat 4: Hero ($5.24 in chips)
Seat 5: 1da87441 ($5.25 in chips)
Seat 6: 815a9c32 ($6.37 in chips)
1da87441: posts small blind $0.02
815a9c32: posts big blind $0.05
*** HOLE CARDS ***
Dealt to 649c6ffa 
Dealt to ecc2498b 
Dealt to d86df13 
Dealt to Hero [Qs 5d]
Dealt to 1da87441 
Dealt to 815a9c32 
649c6ffa: folds
ecc2498b: folds
d86df13: folds
Hero: folds
1da87441: raises $0.05 to $0.1
815a9c32: folds
Uncalled bet ($0.05) returned to 1da87441
*** SHOWDOWN ***
1da87441 collected $0.1 from pot
*** SUMMARY ***
Total pot $0.1 | Rake $0 | Jackpot $0 | Bingo $0 | Fortune $0
Seat 1: 649c6ffa folded before Flop (didn't bet)
Seat 2: ecc2498b folded before Flop (didn't bet)
Seat 3: d86df13 folded before Flop (didn't bet)
Seat 4: Hero (button) folded before Flop (didn't bet)
Seat 5: 1da87441 (small blind) collected ($0.1)
Seat 6: 815a9c32 (big blind) folded before Flop


Poker Hand #HD1182824283: Hold'em No Limit  ($0.02/$0.05) - 2023/03/30 19:46:36
Table 'NLHBlue34' 6-max Seat #3 is the button
Seat 1: 649c6ffa ($5.02 in chips)
Seat 2: ecc2498b ($10.58 in chips)
Seat 3: d86df13 ($0.94 in chips)
Seat 4: Hero ($5.05 in chips)
Seat 5: 1da87441 ($5.3 in chips)
Seat 6: 815a9c32 ($6.37 in chips)
Hero: posts small blind $0.02
1da87441: posts big blind $0.05
*** HOLE CARDS ***
Dealt to 649c6ffa 
Dealt to ecc2498b 
Dealt to d86df13 
Dealt to Hero [8d 8c]
Dealt to 1da87441 
Dealt to 815a9c32 
815a9c32: folds
649c6ffa: folds
ecc2498b: raises $0.1 to $0.15
d86df13: folds
Hero: raises $0.53 to $0.68
1da87441: folds
ecc2498b: folds
Uncalled bet ($0.53) returned to Hero
*** SHOWDOWN ***
Hero collected $0.34 from pot
*** SUMMARY ***
Total pot $0.35 | Rake $0.01 | Jackpot $0 | Bingo $0 | Fortune $0
Seat 1: 649c6ffa folded before Flop (didn't bet)
Seat 2: ecc2498b folded before Flop
Seat 3: d86df13 (button) folded before Flop (didn't bet)
Seat 4: Hero (small blind) collected ($0.34)
Seat 5: 1da87441 (big blind) folded before Flop
Seat 6: 815a9c32 folded before Flop (didn't bet)


Poker Hand #HD1182824177: Hold'em No Limit  ($0.02/$0.05) - 2023/03/30 19:45:55
Table 'NLHBlue34' 6-max Seat #2 is the button
Seat 1: 649c6ffa ($5.02 in chips)
Seat 2: ecc2498b ($10.58 in chips)
Seat 3: d86df13 ($0.99 in chips)
Seat 4: Hero ($5 in chips)
Seat 5: 1da87441 ($5.3 in chips)
Seat 6: 815a9c32 ($6.37 in chips)
d86df13: posts small blind $0.02
Hero: posts big blind $0.05
*** HOLE CARDS ***
Dealt to 649c6ffa 
Dealt to ecc2498b 
Dealt to d86df13 
Dealt to Hero [Kc 4d]
Dealt to 1da87441 
Dealt to 815a9c32 
1da87441: folds
815a9c32: folds
649c6ffa: folds
ecc2498b: folds
d86df13: calls $0.03
Hero: checks
*** FLOP *** [3h Ad 6s]
d86df13: checks
Hero: checks
*** TURN *** [3h Ad 6s] [8h]
d86df13: checks
Hero: checks
*** RIVER *** [3h Ad 6s 8h] [3c]
d86df13: checks
Hero: checks
d86df13: shows [Js 9d] (Pair of Treys)
Hero: shows [Kc 4d] (Pair of Treys)
*** SHOWDOWN ***
Hero collected $0.1 from pot
*** SUMMARY ***
Total pot $0.1 | Rake $0 | Jackpot $0 | Bingo $0 | Fortune $0
Board [3h Ad 6s 8h 3c]
Seat 1: 649c6ffa folded before Flop (didn't bet)
Seat 2: ecc2498b (button) folded before Flop (didn't bet)
Seat 3: d86df13 (small blind) showed [Js 9d] and lost with Pair of Treys
Seat 4: Hero (big blind) showed [Kc 4d] and won ($0.1) with Pair of Treys
Seat 5: 1da87441 folded before Flop (didn't bet)
Seat 6: 815a9c32 folded before Flop (didn't bet)


