Poker Hand #HD1599590508: Hold'em No Limit ($0.02/$0.05) - 2024/01/21 21:06:41
Table 'NLHBlue48' 6-max Seat #4 is the button
Seat 1: Hero ($9.01 in chips)
Seat 2: c2a1d508 ($5.52 in chips)
Seat 3: 5713828a ($5.18 in chips)
Seat 4: 8a8d87d6 ($1.93 in chips)
Seat 5: dbbae449 ($5.2 in chips)
Seat 6: e82a8039 ($6.09 in chips)
dbbae449: posts small blind $0.02
e82a8039: posts big blind $0.05
*** HOLE CARDS ***
Dealt to Hero [4s 4d]
Dealt to c2a1d508 
Dealt to 5713828a 
Dealt to 8a8d87d6 
Dealt to dbbae449 
Dealt to e82a8039 
Hero: raises $0.07 to $0.12
c2a1d508: raises $0.31 to $0.43
5713828a: folds
8a8d87d6: folds
dbbae449: folds
e82a8039: folds
Hero: folds
Uncalled bet ($0.31) returned to c2a1d508
*** SHOWDOWN ***
c2a1d508 collected $0.3 from pot
*** SUMMARY ***
Total pot $0.31 | Rake $0.01 | Jackpot $0 | Bingo $0 | Fortune $0 | Tax $0
Seat 1: Hero folded before Flop
Seat 2: c2a1d508 collected ($0.3)
Seat 3: 5713828a folded before Flop (didn't bet)
Seat 4: 8a8d87d6 (button) folded before Flop (didn't bet)
Seat 5: dbbae449 (small blind) folded before Flop
Seat 6: e82a8039 (big blind) folded before Flop


Poker Hand #HD1599590457: Hold'em No Limit ($0.02/$0.05) - 2024/01/21 21:06:07
Table 'NLHBlue48' 6-max Seat #3 is the button
Seat 1: Hero ($9.01 in chips)
Seat 2: c2a1d508 ($5.52 in chips)
Seat 3: 5713828a ($5.05 in chips)
Seat 4: 8a8d87d6 ($1.95 in chips)
Seat 5: dbbae449 ($5.32 in chips)
Seat 6: e82a8039 ($6.09 in chips)
8a8d87d6: posts small blind $0.02
dbbae449: posts big blind $0.05
*** HOLE CARDS ***
Dealt to Hero [Js Td]
Dealt to c2a1d508 
Dealt to 5713828a 
Dealt to 8a8d87d6 
Dealt to dbbae449 
Dealt to e82a8039 
e82a8039: folds
Hero: folds
c2a1d508: folds
5713828a: raises $0.07 to $0.12
8a8d87d6: folds
dbbae449: calls $0.07
*** FLOP *** [Kc Jh Kh]
dbbae449: checks
5713828a: bets $0.14
dbbae449: folds
Uncalled bet ($0.14) returned to 5713828a
*** SHOWDOWN ***
5713828a collected $0.25 from pot
*** SUMMARY ***
Total pot $0.26 | Rake $0.01 | Jackpot $0 | Bingo $0 | Fortune $0 | Tax $0
Board [Kc Jh Kh]
Seat 1: Hero folded before Flop (didn't bet)
Seat 2: c2a1d508 folded before Flop (didn't bet)
Seat 3: 5713828a (button) won ($0.25)
Seat 4: 8a8d87d6 (small blind) folded before Flop
Seat 5: dbbae449 (big blind) folded on the Flop
Seat 6: e82a8039 folded before Flop (didn't bet)


Poker Hand #HD1599590338: Hold'em No Limit ($0.02/$0.05) - 2024/01/21 21:05:00
Table 'NLHBlue48' 6-max Seat #2 is the button
Seat 1: Hero ($9.01 in chips)
Seat 2: c2a1d508 ($5.52 in chips)
Seat 3: 5713828a ($5.07 in chips)
Seat 4: 8a8d87d6 ($2 in chips)
Seat 5: dbbae449 ($5 in chips)
Seat 6: e82a8039 ($6.37 in chips)
5713828a: posts small blind $0.02
8a8d87d6: posts big blind $0.05
*** HOLE CARDS ***
Dealt to Hero [7s Tc]
Dealt to c2a1d508 
Dealt to 5713828a 
Dealt to 8a8d87d6 
Dealt to dbbae449 
Dealt to e82a8039 
dbbae449: raises $0.1 to $0.15
e82a8039: calls $0.15
Hero: folds
c2a1d508: folds
5713828a: folds
8a8d87d6: folds
*** FLOP *** [2s 6h 8c]
dbbae449: bets $0.13
e82a8039: calls $0.13
*** TURN *** [2s 6h 8c] [4c]
dbbae449: bets $0.55
e82a8039: folds
Uncalled bet ($0.55) returned to dbbae449
*** SHOWDOWN ***
dbbae449 collected $0.6 from pot
*** SUMMARY ***
Total pot $0.63 | Rake $0.03 | Jackpot $0 | Bingo $0 | Fortune $0 | Tax $0
Board [2s 6h 8c 4c]
Seat 1: Hero folded before Flop (didn't bet)
Seat 2: c2a1d508 (button) folded before Flop (didn't bet)
Seat 3: 5713828a (small blind) folded before Flop
Seat 4: 8a8d87d6 (big blind) folded before Flop
Seat 5: dbbae449 won ($0.6)
Seat 6: e82a8039 folded on the Turn


Poker Hand #HD1599590284: Hold'em No Limit ($0.02/$0.05) - 2024/01/21 21:04:17
Table 'NLHBlue48' 6-max Seat #1 is the button
Seat 1: Hero ($9.11 in chips)
Seat 2: c2a1d508 ($5.54 in chips)
Seat 3: 5713828a ($5.12 in chips)
Seat 4: 8a8d87d6 ($2 in chips)
Seat 5: dbbae449 ($5 in chips)
Seat 6: e82a8039 ($6.21 in chips)
c2a1d508: posts small blind $0.02
5713828a: posts big blind $0.05
*** HOLE CARDS ***
Dealt to Hero [Qs Kd]
Dealt to c2a1d508 
Dealt to 5713828a 
Dealt to 8a8d87d6 
Dealt to dbbae449 
Dealt to e82a8039 
8a8d87d6: folds
dbbae449: folds
e82a8039: raises $0.05 to $0.1
Hero: calls $0.1
c2a1d508: folds
5713828a: folds
*** FLOP *** [2c 9d 6c]
e82a8039: bets $0.17
Hero: folds
Uncalled bet ($0.17) returned to e82a8039
*** SHOWDOWN ***
e82a8039 collected $0.26 from pot
*** SUMMARY ***
Total pot $0.27 | Rake $0.01 | Jackpot $0 | Bingo $0 | Fortune $0 | Tax $0
Board [2c 9d 6c]
Seat 1: Hero (button) folded on the Flop
Seat 2: c2a1d508 (small blind) folded before Flop
Seat 3: 5713828a (big blind) folded before Flop
Seat 4: 8a8d87d6 folded before Flop (didn't bet)
Seat 5: dbbae449 folded before Flop (didn't bet)
Seat 6: e82a8039 won ($0.26)


Poker Hand #HD1599590137: Hold'em No Limit ($0.02/$0.05) - 2024/01/21 21:02:49
Table 'NLHBlue48' 6-max Seat #6 is the button
Seat 1: Hero ($9.13 in chips)
Seat 2: c2a1d508 ($5.59 in chips)
Seat 3: 5713828a ($5.12 in chips)
Seat 4: 8a8d87d6 ($2 in chips)
Seat 5: dbbae449 ($5 in chips)
Seat 6: e82a8039 ($5.43 in chips)
Hero: posts small blind $0.02
c2a1d508: posts big blind $0.05
*** HOLE CARDS ***
Dealt to Hero [8s Ac]
Dealt to c2a1d508 
Dealt to 5713828a 
Dealt to 8a8d87d6 
Dealt to dbbae449 
Dealt to e82a8039 
5713828a: folds
8a8d87d6: folds
dbbae449: raises $0.1 to $0.15
e82a8039: raises $0.23 to $0.38
Hero: folds
c2a1d508: folds
dbbae449: calls $0.23
*** FLOP *** [4h 7s 9d]
dbbae449: checks
e82a8039: checks
*** TURN *** [4h 7s 9d] [Qc]
dbbae449: checks
e82a8039: bets $0.46
dbbae449: calls $0.46
*** RIVER *** [4h 7s 9d Qc] [Ah]
dbbae449: checks
e82a8039: bets $1.05
dbbae449: folds
Uncalled bet ($1.05) returned to e82a8039
*** SHOWDOWN ***
e82a8039 collected $1.62 from pot
*** SUMMARY ***
Total pot $1.75 | Rake $0.08 | Jackpot $0.05 | Bingo $0 | Fortune $0 | Tax $0
Board [4h 7s 9d Qc Ah]
Seat 1: Hero (small blind) folded before Flop
Seat 2: c2a1d508 (big blind) folded before Flop
Seat 3: 5713828a folded before Flop (didn't bet)
Seat 4: 8a8d87d6 folded before Flop (didn't bet)
Seat 5: dbbae449 folded on the River
Seat 6: e82a8039 (button) won ($1.62)


Poker Hand #HD1599590080: Hold'em No Limit ($0.02/$0.05) - 2024/01/21 21:02:14
Table 'NLHBlue48' 6-max Seat #5 is the button
Seat 1: Hero ($9.18 in chips)
Seat 2: c2a1d508 ($5.59 in chips)
Seat 3: 5713828a ($5.12 in chips)
Seat 4: 8a8d87d6 ($1.93 in chips)
Seat 5: dbbae449 ($5 in chips)
Seat 6: e82a8039 ($5.45 in chips)
e82a8039: posts small blind $0.02
Hero: posts big blind $0.05
*** HOLE CARDS ***
Dealt to Hero [Kd 7s]
Dealt to c2a1d508 
Dealt to 5713828a 
Dealt to 8a8d87d6 
Dealt to dbbae449 
Dealt to e82a8039 
c2a1d508: folds
5713828a: folds
8a8d87d6: calls $0.05
dbbae449: folds
e82a8039: folds
Hero: checks
*** FLOP *** [Qh 7d 8s]
Hero: checks
8a8d87d6: checks
*** TURN *** [Qh 7d 8s] [9s]
Hero: checks
8a8d87d6: bets $0.06
Hero: folds
Uncalled bet ($0.06) returned to 8a8d87d6
*** SHOWDOWN ***
8a8d87d6 collected $0.12 from pot
*** SUMMARY ***
Total pot $0.12 | Rake $0 | Jackpot $0 | Bingo $0 | Fortune $0 | Tax $0
Board [Qh 7d 8s 9s]
Seat 1: Hero (big blind) folded on the Turn
Seat 2: c2a1d508 folded before Flop (didn't bet)
Seat 3: 5713828a folded before Flop (didn't bet)
Seat 4: 8a8d87d6 won ($0.12)
Seat 5: dbbae449 (button) folded before Flop (didn't bet)
Seat 6: e82a8039 (small blind) folded before Flop


Poker Hand #HD1599590014: Hold'em No Limit ($0.02/$0.05) - 2024/01/21 21:01:29
Table 'NLHBlue48' 6-max Seat #4 is the button
Seat 1: Hero ($9.18 in chips)
Seat 2: c2a1d508 ($6.35 in chips)
Seat 3: 5713828a ($4.41 in chips)
Seat 4: 8a8d87d6 ($1.93 in chips)
Seat 5: dbbae449 ($5 in chips)
Seat 6: e82a8039 ($5.5 in chips)
dbbae449: posts small blind $0.02
e82a8039: posts big blind $0.05
*** HOLE CARDS ***
Dealt to Hero [8h Qs]
Dealt to c2a1d508 
Dealt to 5713828a 
Dealt to 8a8d87d6 
Dealt to dbbae449 
Dealt to e82a8039 
Hero: folds
c2a1d508: raises $0.1 to $0.15
5713828a: calls $0.15
8a8d87d6: folds
dbbae449: folds
e82a8039: folds
*** FLOP *** [7s Ac Jh]
c2a1d508: bets $0.13
5713828a: calls $0.13
*** TURN *** [7s Ac Jh] [8d]
c2a1d508: bets $0.48
5713828a: calls $0.48
*** RIVER *** [7s Ac Jh 8d] [6h]
c2a1d508: checks
5713828a: checks
c2a1d508: shows [Qh Td] (Ace-High)
5713828a: shows [Tc Js] (Pair of Jacks)
*** SHOWDOWN ***
5713828a collected $1.47 from pot
*** SUMMARY ***
Total pot $1.59 | Rake $0.07 | Jackpot $0.05 | Bingo $0 | Fortune $0 | Tax $0
Board [7s Ac Jh 8d 6h]
Seat 1: Hero folded before Flop (didn't bet)
Seat 2: c2a1d508 showed [Qh Td] and lost with Ace-High
Seat 3: 5713828a showed [Tc Js] and won ($1.47) with Pair of Jacks
Seat 4: 8a8d87d6 (button) folded before Flop (didn't bet)
Seat 5: dbbae449 (small blind) folded before Flop
Seat 6: e82a8039 (big blind) folded before Flop


Poker Hand #HD1599589970: Hold'em No Limit ($0.02/$0.05) - 2024/01/21 21:01:05
Table 'NLHBlue48' 6-max Seat #3 is the button
Seat 1: Hero ($9.18 in chips)
Seat 2: c2a1d508 ($6.5 in chips)
Seat 3: 5713828a ($4.2 in chips)
Seat 4: 8a8d87d6 ($1.95 in chips)
Seat 5: dbbae449 ($5 in chips)
Seat 6: e82a8039 ($5.5 in chips)
8a8d87d6: posts small blind $0.02
dbbae449: posts big blind $0.05
*** HOLE CARDS ***
Dealt to Hero [2h 4d]
Dealt to c2a1d508 
Dealt to 5713828a 
Dealt to 8a8d87d6 
Dealt to dbbae449 
Dealt to e82a8039 
e82a8039: folds
Hero: folds
c2a1d508: raises $0.1 to $0.15
5713828a: raises $0.23 to $0.38
8a8d87d6: folds
dbbae449: folds
c2a1d508: folds
Uncalled bet ($0.23) returned to 5713828a
*** SHOWDOWN ***
5713828a collected $0.36 from pot
*** SUMMARY ***
Total pot $0.37 | Rake $0.01 | Jackpot $0 | Bingo $0 | Fortune $0 | Tax $0
Seat 1: Hero folded before Flop (didn't bet)
Seat 2: c2a1d508 folded before Flop
Seat 3: 5713828a (button) collected ($0.36)
Seat 4: 8a8d87d6 (small blind) folded before Flop
Seat 5: dbbae449 (big blind) folded before Flop
Seat 6: e82a8039 folded before Flop (didn't bet)


Poker Hand #HD1599589859: Hold'em No Limit ($0.02/$0.05) - 2024/01/21 20:59:52
Table 'NLHBlue48' 6-max Seat #2 is the button
Seat 1: Hero ($9.18 in chips)
Seat 2: c2a1d508 ($6.5 in chips)
Seat 3: 5713828a ($4.22 in chips)
Seat 4: 8a8d87d6 ($2 in chips)
Seat 5: dbbae449 ($5.28 in chips)
Seat 6: e82a8039 ($4.72 in chips)
5713828a: posts small blind $0.02
8a8d87d6: posts big blind $0.05
*** HOLE CARDS ***
Dealt to Hero [2d Tc]
Dealt to c2a1d508 
Dealt to 5713828a 
Dealt to 8a8d87d6 
Dealt to dbbae449 
Dealt to e82a8039 
dbbae449: raises $0.1 to $0.15
e82a8039: calls $0.15
Hero: folds
c2a1d508: folds
5713828a: folds
8a8d87d6: folds
*** FLOP *** [Th Jc 5c]
dbbae449: bets $0.19
e82a8039: calls $0.19
*** TURN *** [Th Jc 5c] [Qs]
dbbae449: bets $0.5
e82a8039: calls $0.5
*** RIVER *** [Th Jc 5c Qs] [As]
dbbae449: checks
e82a8039: bets $1.05
dbbae449: folds
Uncalled bet ($1.05) returned to e82a8039
*** SHOWDOWN ***
e82a8039 collected $1.62 from pot
*** SUMMARY ***
Total pot $1.75 | Rake $0.08 | Jackpot $0.05 | Bingo $0 | Fortune $0 | Tax $0
Board [Th Jc 5c Qs As]
Seat 1: Hero folded before Flop (didn't bet)
Seat 2: c2a1d508 (button) folded before Flop (didn't bet)
Seat 3: 5713828a (small blind) folded before Flop
Seat 4: 8a8d87d6 (big blind) folded before Flop
Seat 5: dbbae449 folded on the River
Seat 6: e82a8039 won ($1.62)


Poker Hand #HD1599589781: Hold'em No Limit ($0.02/$0.05) - 2024/01/21 20:59:05
Table 'NLHBlue48' 6-max Seat #1 is the button
Seat 1: Hero ($9.28 in chips)
Seat 2: c2a1d508 ($6.52 in chips)
Seat 3: 5713828a ($4.27 in chips)
Seat 4: 8a8d87d6 ($1.74 in chips)
Seat 5: dbbae449 ($5.28 in chips)
Seat 6: e82a8039 ($4.82 in chips)
c2a1d508: posts small blind $0.02
5713828a: posts big blind $0.05
*** HOLE CARDS ***
Dealt to Hero [5d 6d]
Dealt to c2a1d508 
Dealt to 5713828a 
Dealt to 8a8d87d6 
Dealt to dbbae449 
Dealt to e82a8039 
8a8d87d6: raises $0.05 to $0.1
dbbae449: folds
e82a8039: calls $0.1
Hero: calls $0.1
c2a1d508: folds
5713828a: folds
*** FLOP *** [8s 9h 6s]
8a8d87d6: checks
e82a8039: checks
Hero: checks
*** TURN *** [8s 9h 6s] [Kd]
8a8d87d6: bets $0.28
e82a8039: folds
Hero: folds
Uncalled bet ($0.28) returned to 8a8d87d6
*** SHOWDOWN ***
8a8d87d6 collected $0.36 from pot
*** SUMMARY ***
Total pot $0.37 | Rake $0.01 | Jackpot $0 | Bingo $0 | Fortune $0 | Tax $0
Board [8s 9h 6s Kd]
Seat 1: Hero (button) folded on the Turn
Seat 2: c2a1d508 (small blind) folded before Flop
Seat 3: 5713828a (big blind) folded before Flop
Seat 4: 8a8d87d6 won ($0.36)
Seat 5: dbbae449 folded before Flop (didn't bet)
Seat 6: e82a8039 folded on the Turn


Poker Hand #HD1599589680: Hold'em No Limit ($0.02/$0.05) - 2024/01/21 20:58:03
Table 'NLHBlue48' 6-max Seat #6 is the button
Seat 1: Hero ($9.3 in chips)
Seat 2: c2a1d508 ($6.57 in chips)
Seat 4: 8a8d87d6 ($1.28 in chips)
Seat 5: dbbae449 ($5.71 in chips)
Seat 6: e82a8039 ($4.82 in chips)
Hero: posts small blind $0.02
c2a1d508: posts big blind $0.05
*** HOLE CARDS ***
Dealt to Hero [9c 6c]
Dealt to c2a1d508 
Dealt to 8a8d87d6 
Dealt to dbbae449 
Dealt to e82a8039 
8a8d87d6: raises $0.1 to $0.15
dbbae449: calls $0.15
e82a8039: folds
Hero: folds
c2a1d508: folds
*** FLOP *** [Ts Ac 6h]
8a8d87d6: checks
dbbae449: checks
*** TURN *** [Ts Ac 6h] [8s]
8a8d87d6: bets $0.28
dbbae449: calls $0.28
*** RIVER *** [Ts Ac 6h 8s] [8d]
8a8d87d6: bets $0.85 and is all-in
dbbae449: folds
Uncalled bet ($0.85) returned to 8a8d87d6
*** SHOWDOWN ***
8a8d87d6 collected $0.89 from pot
*** SUMMARY ***
Total pot $0.93 | Rake $0.04 | Jackpot $0 | Bingo $0 | Fortune $0 | Tax $0
Board [Ts Ac 6h 8s 8d]
Seat 1: Hero (small blind) folded before Flop
Seat 2: c2a1d508 (big blind) folded before Flop
Seat 4: 8a8d87d6 won ($0.89)
Seat 5: dbbae449 folded on the River
Seat 6: e82a8039 (button) folded before Flop (didn't bet)


Poker Hand #HD1599589545: Hold'em No Limit ($0.02/$0.05) - 2024/01/21 20:56:39
Table 'NLHBlue48' 6-max Seat #5 is the button
Seat 1: Hero ($8.88 in chips)
Seat 2: c2a1d508 ($6.72 in chips)
Seat 4: 8a8d87d6 ($1.28 in chips)
Seat 5: dbbae449 ($5.86 in chips)
Seat 6: e82a8039 ($4.97 in chips)
e82a8039: posts small blind $0.02
Hero: posts big blind $0.05
*** HOLE CARDS ***
Dealt to Hero [Jh Js]
Dealt to c2a1d508 
Dealt to 8a8d87d6 
Dealt to dbbae449 
Dealt to e82a8039 
c2a1d508: raises $0.1 to $0.15
8a8d87d6: folds
dbbae449: calls $0.15
e82a8039: calls $0.13
Hero: raises $0.77 to $0.92
c2a1d508: folds
dbbae449: folds
e82a8039: folds
Uncalled bet ($0.77) returned to Hero
*** SHOWDOWN ***
Hero collected $0.57 from pot
*** SUMMARY ***
Total pot $0.6 | Rake $0.03 | Jackpot $0 | Bingo $0 | Fortune $0 | Tax $0
Seat 1: Hero (big blind) collected ($0.57)
Seat 2: c2a1d508 folded before Flop
Seat 4: 8a8d87d6 folded before Flop (didn't bet)
Seat 5: dbbae449 (button) folded before Flop
Seat 6: e82a8039 (small blind) folded before Flop


Poker Hand #HD1599589516: Hold'em No Limit ($0.02/$0.05) - 2024/01/21 20:56:24
Table 'NLHBlue48' 6-max Seat #4 is the button
Seat 1: Hero ($8.88 in chips)
Seat 2: c2a1d508 ($6.72 in chips)
Seat 4: 8a8d87d6 ($1.28 in chips)
Seat 5: dbbae449 ($5.88 in chips)
Seat 6: e82a8039 ($4.95 in chips)
dbbae449: posts small blind $0.02
e82a8039: posts big blind $0.05
*** HOLE CARDS ***
Dealt to Hero [8h 7d]
Dealt to c2a1d508 
Dealt to 8a8d87d6 
Dealt to dbbae449 
Dealt to e82a8039 
Hero: folds
c2a1d508: folds
8a8d87d6: folds
dbbae449: folds
Uncalled bet ($0.03) returned to e82a8039
*** SHOWDOWN ***
e82a8039 collected $0.04 from pot
*** SUMMARY ***
Total pot $0.04 | Rake $0 | Jackpot $0 | Bingo $0 | Fortune $0 | Tax $0
Seat 1: Hero folded before Flop (didn't bet)
Seat 2: c2a1d508 folded before Flop (didn't bet)
Seat 4: 8a8d87d6 (button) folded before Flop (didn't bet)
Seat 5: dbbae449 (small blind) folded before Flop
Seat 6: e82a8039 (big blind) collected ($0.04)


Poker Hand #HD1599589430: Hold'em No Limit ($0.02/$0.05) - 2024/01/21 20:55:30
Table 'NLHBlue48' 6-max Seat #2 is the button
Seat 1: Hero ($8.88 in chips)
Seat 2: c2a1d508 ($6.49 in chips)
Seat 4: 8a8d87d6 ($1.3 in chips)
Seat 5: dbbae449 ($6.11 in chips)
Seat 6: e82a8039 ($4.95 in chips)
8a8d87d6: posts small blind $0.02
dbbae449: posts big blind $0.05
*** HOLE CARDS ***
Dealt to Hero [3c Td]
Dealt to c2a1d508 
Dealt to 8a8d87d6 
Dealt to dbbae449 
Dealt to e82a8039 
e82a8039: folds
Hero: folds
c2a1d508: raises $0.1 to $0.15
8a8d87d6: folds
dbbae449: calls $0.1
*** FLOP *** [Th Ad As]
dbbae449: checks
c2a1d508: bets $0.08
dbbae449: calls $0.08
*** TURN *** [Th Ad As] [8c]
dbbae449: checks
c2a1d508: bets $0.1
dbbae449: folds
Uncalled bet ($0.1) returned to c2a1d508
*** SHOWDOWN ***
c2a1d508 collected $0.46 from pot
*** SUMMARY ***
Total pot $0.48 | Rake $0.02 | Jackpot $0 | Bingo $0 | Fortune $0 | Tax $0
Board [Th Ad As 8c]
Seat 1: Hero folded before Flop (didn't bet)
Seat 2: c2a1d508 (button) won ($0.46)
Seat 4: 8a8d87d6 (small blind) folded before Flop
Seat 5: dbbae449 (big blind) folded on the Turn
Seat 6: e82a8039 folded before Flop (didn't bet)


Poker Hand #HD1599589321: Hold'em No Limit ($0.02/$0.05) - 2024/01/21 20:54:25
Table 'NLHBlue48' 6-max Seat #1 is the button
Seat 1: Hero ($8.88 in chips)
Seat 2: c2a1d508 ($6.2 in chips)
Seat 4: 8a8d87d6 ($1.57 in chips)
Seat 5: dbbae449 ($6.11 in chips)
Seat 6: e82a8039 ($5 in chips)
c2a1d508: posts small blind $0.02
8a8d87d6: posts big blind $0.05
e82a8039: posts big blind $0.05
*** HOLE CARDS ***
Dealt to Hero [Td 2d]
Dealt to c2a1d508 
Dealt to 8a8d87d6 
Dealt to dbbae449 
Dealt to e82a8039 
dbbae449: folds
e82a8039: checks
Hero: folds
c2a1d508: raises $0.1 to $0.15
8a8d87d6: calls $0.1
e82a8039: folds
*** FLOP *** [9c 4s 3c]
c2a1d508: bets $0.12
8a8d87d6: calls $0.12
*** TURN *** [9c 4s 3c] [Js]
c2a1d508: bets $0.45
8a8d87d6: folds
Uncalled bet ($0.45) returned to c2a1d508
*** SHOWDOWN ***
c2a1d508 collected $0.56 from pot
*** SUMMARY ***
Total pot $0.59 | Rake $0.03 | Jackpot $0 | Bingo $0 | Fortune $0 | Tax $0
Board [9c 4s 3c Js]
Seat 1: Hero (button) folded before Flop (didn't bet)
Seat 2: c2a1d508 (small blind) won ($0.56)
Seat 4: 8a8d87d6 (big blind) folded on the Turn
Seat 5: dbbae449 folded before Flop (didn't bet)
Seat 6: e82a8039 folded before Flop


Poker Hand #HD1599589308: Hold'em No Limit ($0.02/$0.05) - 2024/01/21 20:54:10
Table 'NLHBlue48' 6-max Seat #5 is the button
Seat 1: Hero ($8.9 in chips)
Seat 2: c2a1d508 ($6.18 in chips)
Seat 4: 8a8d87d6 ($1.57 in chips)
Seat 5: dbbae449 ($6.11 in chips)
Hero: posts small blind $0.02
c2a1d508: posts big blind $0.05
*** HOLE CARDS ***
Dealt to Hero [5s Qd]
Dealt to c2a1d508 
Dealt to 8a8d87d6 
Dealt to dbbae449 
8a8d87d6: folds
dbbae449: folds
Hero: folds
Uncalled bet ($0.03) returned to c2a1d508
*** SHOWDOWN ***
c2a1d508 collected $0.04 from pot
*** SUMMARY ***
Total pot $0.04 | Rake $0 | Jackpot $0 | Bingo $0 | Fortune $0 | Tax $0
Seat 1: Hero (small blind) folded before Flop
Seat 2: c2a1d508 (big blind) collected ($0.04)
Seat 4: 8a8d87d6 folded before Flop (didn't bet)
Seat 5: dbbae449 (button) folded before Flop (didn't bet)


Poker Hand #HD1599589148: Hold'em No Limit ($0.02/$0.05) - 2024/01/21 20:52:32
Table 'NLHBlue48' 6-max Seat #4 is the button
Seat 1: Hero ($8.95 in chips)
Seat 2: c2a1d508 ($6.18 in chips)
Seat 3: 8e26cb37 ($7.34 in chips)
Seat 4: 8a8d87d6 ($2.14 in chips)
Seat 5: dbbae449 ($5.55 in chips)
dbbae449: posts small blind $0.02
Hero: posts big blind $0.05
*** HOLE CARDS ***
Dealt to Hero [7h 2d]
Dealt to c2a1d508 
Dealt to 8e26cb37 
Dealt to 8a8d87d6 
Dealt to dbbae449 
c2a1d508: folds
8e26cb37: folds
8a8d87d6: raises $0.1 to $0.15
dbbae449: calls $0.13
Hero: folds
*** FLOP *** [Qc 8s Th]
dbbae449: checks
8a8d87d6: bets $0.12
dbbae449: calls $0.12
*** TURN *** [Qc 8s Th] [6c]
dbbae449: checks
8a8d87d6: bets $0.3
dbbae449: raises $0.6 to $0.9
8a8d87d6: folds
Uncalled bet ($0.6) returned to dbbae449
*** SHOWDOWN ***
dbbae449 collected $1.13 from pot
*** SUMMARY ***
Total pot $1.19 | Rake $0.06 | Jackpot $0 | Bingo $0 | Fortune $0 | Tax $0
Board [Qc 8s Th 6c]
Seat 1: Hero (big blind) folded before Flop
Seat 2: c2a1d508 folded before Flop (didn't bet)
Seat 3: 8e26cb37 folded before Flop (didn't bet)
Seat 4: 8a8d87d6 (button) folded on the Turn
Seat 5: dbbae449 (small blind) won ($1.13)


Poker Hand #HD1599589119: Hold'em No Limit ($0.02/$0.05) - 2024/01/21 20:52:14
Table 'NLHBlue48' 6-max Seat #3 is the button
Seat 1: Hero ($8.95 in chips)
Seat 2: c2a1d508 ($6.11 in chips)
Seat 3: 8e26cb37 ($7.34 in chips)
Seat 4: 8a8d87d6 ($2.16 in chips)
Seat 5: dbbae449 ($5.6 in chips)
8a8d87d6: posts small blind $0.02
dbbae449: posts big blind $0.05
*** HOLE CARDS ***
Dealt to Hero [Td 5s]
Dealt to c2a1d508 
Dealt to 8e26cb37 
Dealt to 8a8d87d6 
Dealt to dbbae449 
Hero: folds
c2a1d508: raises $0.1 to $0.15
8e26cb37: folds
8a8d87d6: folds
dbbae449: folds
Uncalled bet ($0.1) returned to c2a1d508
*** SHOWDOWN ***
c2a1d508 collected $0.12 from pot
*** SUMMARY ***
Total pot $0.12 | Rake $0 | Jackpot $0 | Bingo $0 | Fortune $0 | Tax $0
Seat 1: Hero folded before Flop (didn't bet)
Seat 2: c2a1d508 collected ($0.12)
Seat 3: 8e26cb37 (button) folded before Flop (didn't bet)
Seat 4: 8a8d87d6 (small blind) folded before Flop
Seat 5: dbbae449 (big blind) folded before Flop


Poker Hand #HD1599589001: Hold'em No Limit ($0.02/$0.05) - 2024/01/21 20:51:08
Table 'NLHBlue48' 6-max Seat #2 is the button
Seat 1: Hero ($5.29 in chips)
Seat 2: c2a1d508 ($6.11 in chips)
Seat 3: 8e26cb37 ($7.36 in chips)
Seat 4: 8a8d87d6 ($2.21 in chips)
Seat 5: dbbae449 ($5.6 in chips)
Seat 6: dcd72050 ($4.84 in chips)
8e26cb37: posts small blind $0.02
8a8d87d6: posts big blind $0.05
*** HOLE CARDS ***
Dealt to Hero [8c 8s]
Dealt to c2a1d508 
Dealt to 8e26cb37 
Dealt to 8a8d87d6 
Dealt to dbbae449 
Dealt to dcd72050 
dbbae449: folds
dcd72050: raises $0.05 to $0.1
Hero: raises $0.36 to $0.46
c2a1d508: folds
8e26cb37: folds
8a8d87d6: folds
dcd72050: calls $0.36
*** FLOP *** [7c Jh 8h]
dcd72050: bets $0.99
Hero: raises $1.13 to $2.12
dcd72050: raises $2.26 to $4.38 and is all-in
Hero: calls $2.26
dcd72050: shows [Jc Qh] (Pair of Jacks)
Hero: shows [8c 8s] (Three Eights)
Hero: Chooses to EV Cashout 
*** TURN *** [7c Jh 8h] [Jd]
*** RIVER *** [7c Jh 8h Jd] [Ac]
Hero: Pays Cashout Risk ($0.72)
*** SHOWDOWN ***
Hero collected $9.22 from pot
*** SUMMARY ***
Total pot $9.75 | Rake $0.48 | Jackpot $0.05 | Bingo $0 | Fortune $0 | Tax $0
Board [7c Jh 8h Jd Ac]
Seat 1: Hero showed [8c 8s] and won ($9.22) with Eights Full over Jacks, Cashout Risk ($0.72)
Seat 2: c2a1d508 (button) folded before Flop (didn't bet)
Seat 3: 8e26cb37 (small blind) folded before Flop
Seat 4: 8a8d87d6 (big blind) folded before Flop
Seat 5: dbbae449 folded before Flop (didn't bet)
Seat 6: dcd72050 showed [Jc Qh] and lost with Three Jacks


Poker Hand #HD1599588959: Hold'em No Limit ($0.02/$0.05) - 2024/01/21 20:50:43
Table 'NLHBlue48' 6-max Seat #1 is the button
Seat 1: Hero ($5.22 in chips)
Seat 2: c2a1d508 ($6.13 in chips)
Seat 3: 8e26cb37 ($7.41 in chips)
Seat 4: 8a8d87d6 ($2.21 in chips)
Seat 5: dbbae449 ($5.6 in chips)
Seat 6: dcd72050 ($4.84 in chips)
c2a1d508: posts small blind $0.02
8e26cb37: posts big blind $0.05
*** HOLE CARDS ***
Dealt to Hero [As Td]
Dealt to c2a1d508 
Dealt to 8e26cb37 
Dealt to 8a8d87d6 
Dealt to dbbae449 
Dealt to dcd72050 
8a8d87d6: folds
dbbae449: folds
dcd72050: folds
Hero: raises $0.07 to $0.12
c2a1d508: folds
8e26cb37: folds
Uncalled bet ($0.07) returned to Hero
*** SHOWDOWN ***
Hero collected $0.12 from pot
*** SUMMARY ***
Total pot $0.12 | Rake $0 | Jackpot $0 | Bingo $0 | Fortune $0 | Tax $0
Seat 1: Hero (button) collected ($0.12)
Seat 2: c2a1d508 (small blind) folded before Flop
Seat 3: 8e26cb37 (big blind) folded before Flop
Seat 4: 8a8d87d6 folded before Flop (didn't bet)
Seat 5: dbbae449 folded before Flop (didn't bet)
Seat 6: dcd72050 folded before Flop (didn't bet)


Poker Hand #HD1599588910: Hold'em No Limit ($0.02/$0.05) - 2024/01/21 20:50:11
Table 'NLHBlue48' 6-max Seat #6 is the button
Seat 1: Hero ($5.12 in chips)
Seat 2: c2a1d508 ($6.18 in chips)
Seat 3: 8e26cb37 ($7.41 in chips)
Seat 4: 8a8d87d6 ($2.26 in chips)
Seat 5: dbbae449 ($5.6 in chips)
Seat 6: dcd72050 ($4.84 in chips)
Hero: posts small blind $0.02
c2a1d508: posts big blind $0.05
*** HOLE CARDS ***
Dealt to Hero [3c Ac]
Dealt to c2a1d508 
Dealt to 8e26cb37 
Dealt to 8a8d87d6 
Dealt to dbbae449 
Dealt to dcd72050 
8e26cb37: folds
8a8d87d6: calls $0.05
dbbae449: folds
dcd72050: folds
Hero: raises $0.2 to $0.25
c2a1d508: folds
8a8d87d6: folds
Uncalled bet ($0.2) returned to Hero
*** SHOWDOWN ***
Hero collected $0.15 from pot
*** SUMMARY ***
Total pot $0.15 | Rake $0 | Jackpot $0 | Bingo $0 | Fortune $0 | Tax $0
Seat 1: Hero (small blind) collected ($0.15)
Seat 2: c2a1d508 (big blind) folded before Flop
Seat 3: 8e26cb37 folded before Flop (didn't bet)
Seat 4: 8a8d87d6 folded before Flop
Seat 5: dbbae449 folded before Flop (didn't bet)
Seat 6: dcd72050 (button) folded before Flop (didn't bet)


Poker Hand #HD1599588884: Hold'em No Limit ($0.02/$0.05) - 2024/01/21 20:49:56
Table 'NLHBlue48' 6-max Seat #5 is the button
Seat 1: Hero ($5.1 in chips)
Seat 2: c2a1d508 ($6.18 in chips)
Seat 3: 8e26cb37 ($7.41 in chips)
Seat 4: 8a8d87d6 ($2.26 in chips)
Seat 5: dbbae449 ($5.6 in chips)
Seat 6: dcd72050 ($4.86 in chips)
dcd72050: posts small blind $0.02
Hero: posts big blind $0.05
*** HOLE CARDS ***
Dealt to Hero [Th 7h]
Dealt to c2a1d508 
Dealt to 8e26cb37 
Dealt to 8a8d87d6 
Dealt to dbbae449 
Dealt to dcd72050 
c2a1d508: folds
8e26cb37: folds
8a8d87d6: folds
dbbae449: folds
dcd72050: folds
Uncalled bet ($0.03) returned to Hero
*** SHOWDOWN ***
Hero collected $0.04 from pot
*** SUMMARY ***
Total pot $0.04 | Rake $0 | Jackpot $0 | Bingo $0 | Fortune $0 | Tax $0
Seat 1: Hero (big blind) collected ($0.04)
Seat 2: c2a1d508 folded before Flop (didn't bet)
Seat 3: 8e26cb37 folded before Flop (didn't bet)
Seat 4: 8a8d87d6 folded before Flop (didn't bet)
Seat 5: dbbae449 (button) folded before Flop (didn't bet)
Seat 6: dcd72050 (small blind) folded before Flop


Poker Hand #HD1599588844: Hold'em No Limit ($0.02/$0.05) - 2024/01/21 20:49:36
Table 'NLHBlue48' 6-max Seat #4 is the button
Seat 1: Hero ($5.1 in chips)
Seat 2: c2a1d508 ($6.18 in chips)
Seat 3: 8e26cb37 ($7.41 in chips)
Seat 4: 8a8d87d6 ($2.26 in chips)
Seat 5: dbbae449 ($5.62 in chips)
Seat 6: dcd72050 ($4.84 in chips)
dbbae449: posts small blind $0.02
dcd72050: posts big blind $0.05
*** HOLE CARDS ***
Dealt to Hero [Ts 9c]
Dealt to c2a1d508 
Dealt to 8e26cb37 
Dealt to 8a8d87d6 
Dealt to dbbae449 
Dealt to dcd72050 
Hero: folds
c2a1d508: folds
8e26cb37: folds
8a8d87d6: folds
dbbae449: folds
Uncalled bet ($0.03) returned to dcd72050
*** SHOWDOWN ***
dcd72050 collected $0.04 from pot
*** SUMMARY ***
Total pot $0.04 | Rake $0 | Jackpot $0 | Bingo $0 | Fortune $0 | Tax $0
Seat 1: Hero folded before Flop (didn't bet)
Seat 2: c2a1d508 folded before Flop (didn't bet)
Seat 3: 8e26cb37 folded before Flop (didn't bet)
Seat 4: 8a8d87d6 (button) folded before Flop (didn't bet)
Seat 5: dbbae449 (small blind) folded before Flop
Seat 6: dcd72050 (big blind) collected ($0.04)


Poker Hand #HD1599588683: Hold'em No Limit ($0.02/$0.05) - 2024/01/21 20:48:05
Table 'NLHBlue48' 6-max Seat #3 is the button
Seat 1: Hero ($5.1 in chips)
Seat 2: c2a1d508 ($5.7 in chips)
Seat 3: 8e26cb37 ($7.41 in chips)
Seat 4: 8a8d87d6 ($2.58 in chips)
Seat 5: dbbae449 ($5.67 in chips)
Seat 6: dcd72050 ($4.99 in chips)
8a8d87d6: posts small blind $0.02
dbbae449: posts big blind $0.05
*** HOLE CARDS ***
Dealt to Hero [9d 6h]
Dealt to c2a1d508 
Dealt to 8e26cb37 
Dealt to 8a8d87d6 
Dealt to dbbae449 
Dealt to dcd72050 
dcd72050: calls $0.05
Hero: folds
c2a1d508: raises $0.1 to $0.15
8e26cb37: folds
8a8d87d6: calls $0.13
dbbae449: folds
dcd72050: calls $0.1
*** FLOP *** [6d 7d Tc]
8a8d87d6: checks
dcd72050: checks
c2a1d508: bets $0.17
8a8d87d6: calls $0.17
dcd72050: folds
*** TURN *** [6d 7d Tc] [3s]
8a8d87d6: checks
c2a1d508: bets $0.63
8a8d87d6: folds
Uncalled bet ($0.63) returned to c2a1d508
*** SHOWDOWN ***
c2a1d508 collected $0.8 from pot
*** SUMMARY ***
Total pot $0.84 | Rake $0.04 | Jackpot $0 | Bingo $0 | Fortune $0 | Tax $0
Board [6d 7d Tc 3s]
Seat 1: Hero folded before Flop (didn't bet)
Seat 2: c2a1d508 won ($0.8)
Seat 3: 8e26cb37 (button) folded before Flop (didn't bet)
Seat 4: 8a8d87d6 (small blind) folded on the Turn
Seat 5: dbbae449 (big blind) folded before Flop
Seat 6: dcd72050 folded on the Flop


Poker Hand #HD1599588564: Hold'em No Limit ($0.02/$0.05) - 2024/01/21 20:46:50
Table 'NLHBlue48' 6-max Seat #2 is the button
Seat 1: Hero ($5.1 in chips)
Seat 2: c2a1d508 ($5.7 in chips)
Seat 3: 8e26cb37 ($7.56 in chips)
Seat 4: 8a8d87d6 ($2.63 in chips)
Seat 5: dbbae449 ($7.31 in chips)
Seat 6: dcd72050 ($3.4 in chips)
8e26cb37: posts small blind $0.02
8a8d87d6: posts big blind $0.05
*** HOLE CARDS ***
Dealt to Hero [9d 2d]
Dealt to c2a1d508 
Dealt to 8e26cb37 
Dealt to 8a8d87d6 
Dealt to dbbae449 
Dealt to dcd72050 
dbbae449: raises $0.1 to $0.15
dcd72050: calls $0.15
Hero: folds
c2a1d508: folds
8e26cb37: calls $0.13
8a8d87d6: folds
*** FLOP *** [6h 8s 7c]
8e26cb37: checks
dbbae449: checks
dcd72050: checks
*** TURN *** [6h 8s 7c] [As]
8e26cb37: checks
dbbae449: bets $0.33
dcd72050: calls $0.33
8e26cb37: folds
*** RIVER *** [6h 8s 7c As] [7s]
dbbae449: checks
dcd72050: bets $1.16
dbbae449: calls $1.16
dcd72050: shows [Ts Ks] (Ace High Flush)
dbbae449: shows [Ah Tc] (Pair of Aces and Pair of Sevens)
*** SHOWDOWN ***
dcd72050 collected $3.23 from pot
*** SUMMARY ***
Total pot $3.48 | Rake $0.2 | Jackpot $0.05 | Bingo $0 | Fortune $0 | Tax $0
Board [6h 8s 7c As 7s]
Seat 1: Hero folded before Flop (didn't bet)
Seat 2: c2a1d508 (button) folded before Flop (didn't bet)
Seat 3: 8e26cb37 (small blind) folded on the Turn
Seat 4: 8a8d87d6 (big blind) folded before Flop
Seat 5: dbbae449 showed [Ah Tc] and lost with Pair of Aces and Pair of Sevens
Seat 6: dcd72050 showed [Ts Ks] and won ($3.23) with Ace High Flush


Poker Hand #HD1599588382: Hold'em No Limit ($0.02/$0.05) - 2024/01/21 20:45:08
Table 'NLHBlue48' 6-max Seat #1 is the button
Seat 1: Hero ($5.1 in chips)
Seat 2: c2a1d508 ($5 in chips)
Seat 3: 8e26cb37 ($7.61 in chips)
Seat 4: 8a8d87d6 ($3.35 in chips)
Seat 5: dbbae449 ($7.31 in chips)
c2a1d508: posts small blind $0.02
8e26cb37: posts big blind $0.05
*** HOLE CARDS ***
Dealt to Hero [Jc Qs]
Dealt to c2a1d508 
Dealt to 8e26cb37 
Dealt to 8a8d87d6 
Dealt to dbbae449 
8a8d87d6: calls $0.05
dbbae449: folds
Hero: folds
c2a1d508: raises $0.1 to $0.15
8e26cb37: folds
8a8d87d6: calls $0.1
*** FLOP *** [Td 3s 8s]
c2a1d508: bets $0.12
8a8d87d6: calls $0.12
*** TURN *** [Td 3s 8s] [Ac]
c2a1d508: bets $0.45
8a8d87d6: calls $0.45
*** RIVER *** [Td 3s 8s Ac] [6s]
c2a1d508: bets $4.28 and is all-in
8a8d87d6: folds
Uncalled bet ($4.28) returned to c2a1d508
*** SHOWDOWN ***
c2a1d508 collected $1.42 from pot
*** SUMMARY ***
Total pot $1.49 | Rake $0.07 | Jackpot $0 | Bingo $0 | Fortune $0 | Tax $0
Board [Td 3s 8s Ac 6s]
Seat 1: Hero (button) folded before Flop (didn't bet)
Seat 2: c2a1d508 (small blind) won ($1.42)
Seat 3: 8e26cb37 (big blind) folded before Flop
Seat 4: 8a8d87d6 folded on the River
Seat 5: dbbae449 folded before Flop (didn't bet)


Poker Hand #HD1599588271: Hold'em No Limit ($0.02/$0.05) - 2024/01/21 20:44:01
Table 'NLHBlue48' 6-max Seat #5 is the button
Seat 1: Hero ($5.15 in chips)
Seat 2: c2a1d508 ($5 in chips)
Seat 3: 8e26cb37 ($7.61 in chips)
Seat 5: dbbae449 ($5 in chips)
Seat 6: dcd72050 ($2.56 in chips)
dcd72050: posts small blind $0.02
Hero: posts big blind $0.05
*** HOLE CARDS ***
Dealt to Hero [Kh 4s]
Dealt to c2a1d508 
Dealt to 8e26cb37 
Dealt to dbbae449 
Dealt to dcd72050 
c2a1d508: folds
8e26cb37: folds
dbbae449: raises $0.1 to $0.15
dcd72050: raises $0.27 to $0.42
Hero: folds
dbbae449: calls $0.27
*** FLOP *** [2s 3h 2c]
dcd72050: bets $0.89
dbbae449: raises $0.89 to $1.78
dcd72050: raises $0.36 to $2.14 and is all-in
dbbae449: calls $0.36
dcd72050: shows [Qs Ah] (Pair of Twos)
dbbae449: shows [Jd Jh] (Pair of Jacks and Pair of Twos)
*** TURN *** [2s 3h 2c] [Ts]
*** RIVER *** [2s 3h 2c Ts] [9s]
*** SHOWDOWN ***
dbbae449 collected $4.87 from pot
*** SUMMARY ***
Total pot $5.17 | Rake $0.25 | Jackpot $0.05 | Bingo $0 | Fortune $0 | Tax $0
Board [2s 3h 2c Ts 9s]
Seat 1: Hero (big blind) folded before Flop
Seat 2: c2a1d508 folded before Flop (didn't bet)
Seat 3: 8e26cb37 folded before Flop (didn't bet)
Seat 5: dbbae449 (button) showed [Jd Jh] and won ($4.87) with Pair of Jacks and Pair of Twos
Seat 6: dcd72050 (small blind) showed [Qs Ah] and lost with Pair of Twos


Poker Hand #HD1599588080: Hold'em No Limit ($0.02/$0.05) - 2024/01/21 20:42:09
Table 'NLHBlue48' 6-max Seat #4 is the button
Seat 1: Hero ($5.27 in chips)
Seat 2: c2a1d508 ($5 in chips)
Seat 3: 8e26cb37 ($4.35 in chips)
Seat 4: 8a8d87d6 ($3.47 in chips)
Seat 5: dbbae449 ($5 in chips)
Seat 6: dcd72050 ($2.61 in chips)
dbbae449: posts small blind $0.02
dcd72050: posts big blind $0.05
*** HOLE CARDS ***
Dealt to Hero [As Ts]
Dealt to c2a1d508 
Dealt to 8e26cb37 
Dealt to 8a8d87d6 
Dealt to dbbae449 
Dealt to dcd72050 
Hero: raises $0.07 to $0.12
c2a1d508: folds
8e26cb37: raises $0.24 to $0.36
8a8d87d6: raises $3.11 to $3.47 and is all-in
dbbae449: folds
dcd72050: folds
Hero: folds
8e26cb37: calls $3.11
8a8d87d6: shows [Kc Kh]
8e26cb37: shows [Js Jc]
*** FLOP *** [9s Td Jd]
*** TURN *** [9s Td Jd] [6d]
*** RIVER *** [9s Td Jd 6d] [8c]
*** SHOWDOWN ***
8e26cb37 collected $6.73 from pot
*** SUMMARY ***
Total pot $7.13 | Rake $0.35 | Jackpot $0.05 | Bingo $0 | Fortune $0 | Tax $0
Board [9s Td Jd 6d 8c]
Seat 1: Hero folded before Flop
Seat 2: c2a1d508 folded before Flop (didn't bet)
Seat 3: 8e26cb37 showed [Js Jc] and won ($6.73) with Three Jacks
Seat 4: 8a8d87d6 (button) showed [Kc Kh] and lost with Pair of Kings
Seat 5: dbbae449 (small blind) folded before Flop
Seat 6: dcd72050 (big blind) folded before Flop


Poker Hand #HD1599588029: Hold'em No Limit ($0.02/$0.05) - 2024/01/21 20:41:37
Table 'NLHBlue48' 6-max Seat #3 is the button
Seat 1: Hero ($5.2 in chips)
Seat 2: c2a1d508 ($5 in chips)
Seat 3: 8e26cb37 ($4.35 in chips)
Seat 4: 8a8d87d6 ($3.49 in chips)
Seat 5: dbbae449 ($5 in chips)
Seat 6: dcd72050 ($2.61 in chips)
8a8d87d6: posts small blind $0.02
dbbae449: posts big blind $0.05
*** HOLE CARDS ***
Dealt to Hero [5c 5s]
Dealt to c2a1d508 
Dealt to 8e26cb37 
Dealt to 8a8d87d6 
Dealt to dbbae449 
Dealt to dcd72050 
dcd72050: folds
Hero: raises $1.25 to $1.3
c2a1d508: folds
8e26cb37: folds
8a8d87d6: folds
dbbae449: folds
Uncalled bet ($1.25) returned to Hero
*** SHOWDOWN ***
Hero collected $0.12 from pot
*** SUMMARY ***
Total pot $0.12 | Rake $0 | Jackpot $0 | Bingo $0 | Fortune $0 | Tax $0
Seat 1: Hero collected ($0.12)
Seat 2: c2a1d508 folded before Flop (didn't bet)
Seat 3: 8e26cb37 (button) folded before Flop (didn't bet)
Seat 4: 8a8d87d6 (small blind) folded before Flop
Seat 5: dbbae449 (big blind) folded before Flop
Seat 6: dcd72050 folded before Flop (didn't bet)


Poker Hand #HD1599587915: Hold'em No Limit ($0.02/$0.05) - 2024/01/21 20:40:34
Table 'NLHBlue48' 6-max Seat #2 is the button
Seat 1: Hero ($5.32 in chips)
Seat 2: c2a1d508 ($5 in chips)
Seat 3: 8e26cb37 ($4.65 in chips)
Seat 4: 8a8d87d6 ($3.1 in chips)
Seat 6: dcd72050 ($2.61 in chips)
8e26cb37: posts small blind $0.02
8a8d87d6: posts big blind $0.05
*** HOLE CARDS ***
Dealt to Hero [Kc Jh]
Dealt to c2a1d508 
Dealt to 8e26cb37 
Dealt to 8a8d87d6 
Dealt to dcd72050 
dcd72050: folds
Hero: raises $0.07 to $0.12
c2a1d508: folds
8e26cb37: calls $0.1
8a8d87d6: calls $0.07
*** FLOP *** [4d 4c 4s]
8e26cb37: bets $0.18
8a8d87d6: calls $0.18
Hero: folds
*** TURN *** [4d 4c 4s] [2s]
8e26cb37: checks
8a8d87d6: checks
*** RIVER *** [4d 4c 4s 2s] [6s]
8e26cb37: checks
8a8d87d6: checks
8e26cb37: shows [5c 8c] (Three Fours)
8a8d87d6: shows [Jc Qc] (Three Fours)
*** SHOWDOWN ***
8a8d87d6 collected $0.69 from pot
*** SUMMARY ***
Total pot $0.72 | Rake $0.03 | Jackpot $0 | Bingo $0 | Fortune $0 | Tax $0
Board [4d 4c 4s 2s 6s]
Seat 1: Hero folded on the Flop
Seat 2: c2a1d508 (button) folded before Flop (didn't bet)
Seat 3: 8e26cb37 (small blind) showed [5c 8c] and lost with Three Fours
Seat 4: 8a8d87d6 (big blind) showed [Jc Qc] and won ($0.69) with Three Fours
Seat 6: dcd72050 folded before Flop (didn't bet)


Poker Hand #HD1599587810: Hold'em No Limit ($0.02/$0.05) - 2024/01/21 20:39:36
Table 'NLHBlue48' 6-max Seat #1 is the button
Seat 1: Hero ($5.32 in chips)
Seat 2: c2a1d508 ($5 in chips)
Seat 3: 8e26cb37 ($4.7 in chips)
Seat 4: 8a8d87d6 ($3.15 in chips)
Seat 6: dcd72050 ($2.5 in chips)
c2a1d508: posts small blind $0.02
8e26cb37: posts big blind $0.05
8a8d87d6: posts big blind $0.05
dcd72050: posts big blind $0.05
*** HOLE CARDS ***
Dealt to Hero [8d Kh]
Dealt to c2a1d508 
Dealt to 8e26cb37 
Dealt to 8a8d87d6 
Dealt to dcd72050 
8a8d87d6: checks
dcd72050: checks
Hero: folds
c2a1d508: folds
8e26cb37: checks
*** FLOP *** [2s Qd 9s]
8e26cb37: checks
8a8d87d6: checks
dcd72050: bets $0.17
8e26cb37: folds
8a8d87d6: folds
Uncalled bet ($0.17) returned to dcd72050
dcd72050: shows [9h]
*** SHOWDOWN ***
dcd72050 collected $0.16 from pot
*** SUMMARY ***
Total pot $0.17 | Rake $0.01 | Jackpot $0 | Bingo $0 | Fortune $0 | Tax $0
Board [2s Qd 9s]
Seat 1: Hero (button) folded before Flop (didn't bet)
Seat 2: c2a1d508 (small blind) folded before Flop
Seat 3: 8e26cb37 (big blind) folded on the Flop
Seat 4: 8a8d87d6 folded on the Flop
Seat 6: dcd72050 showed [9h] and won ($0.16)


Poker Hand #HD1599587779: Hold'em No Limit ($0.02/$0.05) - 2024/01/21 20:39:16
Table 'NLHBlue48' 6-max Seat #3 is the button
Seat 1: Hero ($5.27 in chips)
Seat 2: c2a1d508 ($5 in chips)
Seat 3: 8e26cb37 ($4.7 in chips)
Hero: posts small blind $0.02
c2a1d508: posts big blind $0.05
*** HOLE CARDS ***
Dealt to Hero [Td 6d]
Dealt to c2a1d508 
Dealt to 8e26cb37 
8e26cb37: folds
Hero: raises $0.09 to $0.14
c2a1d508: folds
Uncalled bet ($0.09) returned to Hero
*** SHOWDOWN ***
Hero collected $0.1 from pot
*** SUMMARY ***
Total pot $0.1 | Rake $0 | Jackpot $0 | Bingo $0 | Fortune $0 | Tax $0
Seat 1: Hero (small blind) collected ($0.1)
Seat 2: c2a1d508 (big blind) folded before Flop
Seat 3: 8e26cb37 (button) folded before Flop (didn't bet)


Poker Hand #HD1599587658: Hold'em No Limit ($0.02/$0.05) - 2024/01/21 20:38:09
Table 'NLHBlue48' 6-max Seat #1 is the button
Seat 1: Hero ($5 in chips)
Seat 3: 8e26cb37 ($5 in chips)
Hero: posts small blind $0.02
8e26cb37: posts big blind $0.05
*** HOLE CARDS ***
Dealt to Hero [7d 7s]
Dealt to 8e26cb37 
Hero: raises $0.09 to $0.14
8e26cb37: calls $0.09
*** FLOP *** [Td 5s 6s]
8e26cb37: checks
Hero: bets $0.16
8e26cb37: calls $0.16
*** TURN *** [Td 5s 6s] [Ah]
8e26cb37: checks
Hero: checks
*** RIVER *** [Td 5s 6s Ah] [8s]
8e26cb37: checks
Hero: checks
Hero: shows [7d 7s] (Pair of Sevens)
8e26cb37: shows [2s 2c] (Pair of Twos)
*** SHOWDOWN ***
Hero collected $0.57 from pot
*** SUMMARY ***
Total pot $0.6 | Rake $0.03 | Jackpot $0 | Bingo $0 | Fortune $0 | Tax $0
Board [Td 5s 6s Ah 8s]
Seat 1: Hero (small blind) showed [7d 7s] and won ($0.57) with Pair of Sevens
Seat 3: 8e26cb37 (big blind) showed [2s 2c] and lost with Pair of Twos


