Poker Hand #HD1189800920: Hold'em No Limit  ($0.02/$0.05) - 2023/04/04 22:29:07
Table 'NLHBlue64' 6-max Seat #1 is the button
Seat 1: e98f270d ($9.69 in chips)
Seat 2: ebbedc38 ($2.36 in chips)
Seat 3: 115134b2 ($4.96 in chips)
Seat 4: Hero ($5 in chips)
Seat 5: 570a5b11 ($4.85 in chips)
ebbedc38: posts small blind $0.02
115134b2: posts big blind $0.05
*** HOLE CARDS ***
Dealt to e98f270d 
Dealt to ebbedc38 
Dealt to 115134b2 
Dealt to Hero [Kd Td]
Dealt to 570a5b11 
Hero: raises $0.07 to $0.12
570a5b11: folds
e98f270d: folds
ebbedc38: calls $0.1
115134b2: folds
*** FLOP *** [5h Th 9h]
ebbedc38: checks
Hero: bets $0.1
ebbedc38: folds
Uncalled bet ($0.1) returned to Hero
*** SHOWDOWN ***
Hero collected $0.28 from pot
*** SUMMARY ***
Total pot $0.29 | Rake $0.01 | Jackpot $0 | Bingo $0 | Fortune $0
Board [5h Th 9h]
Seat 1: e98f270d (button) folded before Flop (didn't bet)
Seat 2: ebbedc38 (small blind) folded on the Flop
Seat 3: 115134b2 (big blind) folded before Flop
Seat 4: Hero won ($0.28)
Seat 5: 570a5b11 folded before Flop (didn't bet)


Poker Hand #HD1189800852: Hold'em No Limit  ($0.02/$0.05) - 2023/04/04 22:28:15
Table 'NLHBlue64' 6-max Seat #6 is the button
Seat 1: e98f270d ($9.71 in chips)
Seat 2: ebbedc38 ($2.2 in chips)
Seat 3: 115134b2 ($4.96 in chips)
Seat 4: Hero ($5 in chips)
Seat 5: 570a5b11 ($5 in chips)
Seat 6: 70168bf6 ($5.06 in chips)
e98f270d: posts small blind $0.02
ebbedc38: posts big blind $0.05
570a5b11: posts big blind $0.05
*** HOLE CARDS ***
Dealt to e98f270d 
Dealt to ebbedc38 
Dealt to 115134b2 
Dealt to Hero [4d 2s]
Dealt to 570a5b11 
Dealt to 70168bf6 
115134b2: folds
Hero: folds
570a5b11: checks
70168bf6: folds
e98f270d: folds
ebbedc38: checks
*** FLOP *** [4s 7s 4c]
ebbedc38: bets $0.05
570a5b11: calls $0.05
*** TURN *** [4s 7s 4c] [8s]
ebbedc38: bets $0.05
570a5b11: calls $0.05
*** RIVER *** [4s 7s 4c 8s] [9d]
ebbedc38: checks
570a5b11: checks
ebbedc38: shows [5d 8h] (Pair of Eights and Pair of Fours)
570a5b11: shows [Qd Jc] (Pair of Fours)
*** SHOWDOWN ***
ebbedc38 collected $0.31 from pot
*** SUMMARY ***
Total pot $0.32 | Rake $0.01 | Jackpot $0 | Bingo $0 | Fortune $0
Board [4s 7s 4c 8s 9d]
Seat 1: e98f270d (small blind) folded before Flop
Seat 2: ebbedc38 (big blind) showed [5d 8h] and won ($0.31) with Pair of Eights and Pair of Fours
Seat 3: 115134b2 folded before Flop (didn't bet)
Seat 4: Hero folded before Flop (didn't bet)
Seat 5: 570a5b11 showed [Qd Jc] and lost with Pair of Fours
Seat 6: 70168bf6 (button) folded before Flop (didn't bet)


Poker Hand #HD1189800732: Hold'em No Limit  ($0.02/$0.05) - 2023/04/04 22:26:59
Table 'NLHBlue64' 6-max Seat #4 is the button
Seat 1: e98f270d ($9.76 in chips)
Seat 2: ebbedc38 ($2.01 in chips)
Seat 3: 115134b2 ($4.96 in chips)
Seat 4: Hero ($5 in chips)
Seat 6: 70168bf6 ($5.21 in chips)
70168bf6: posts small blind $0.02
e98f270d: posts big blind $0.05
*** HOLE CARDS ***
Dealt to e98f270d 
Dealt to ebbedc38 
Dealt to 115134b2 
Dealt to Hero [3s Qh]
Dealt to 70168bf6 
ebbedc38: raises $0.05 to $0.1
115134b2: folds
Hero: folds
70168bf6: calls $0.08
e98f270d: folds
*** FLOP *** [Tc 6s Ah]
70168bf6: checks
ebbedc38: bets $0.05
70168bf6: calls $0.05
*** TURN *** [Tc 6s Ah] [5d]
70168bf6: checks
ebbedc38: checks
*** RIVER *** [Tc 6s Ah 5d] [9c]
70168bf6: checks
ebbedc38: checks
70168bf6: shows [Jd Kh] (Ace-High)
ebbedc38: shows [Js Jc] (Pair of Jacks)
*** SHOWDOWN ***
ebbedc38 collected $0.34 from pot
*** SUMMARY ***
Total pot $0.35 | Rake $0.01 | Jackpot $0 | Bingo $0 | Fortune $0
Board [Tc 6s Ah 5d 9c]
Seat 1: e98f270d (big blind) folded before Flop
Seat 2: ebbedc38 showed [Js Jc] and won ($0.34) with Pair of Jacks
Seat 3: 115134b2 folded before Flop (didn't bet)
Seat 4: Hero (button) folded before Flop (didn't bet)
Seat 6: 70168bf6 (small blind) showed [Jd Kh] and lost with Ace-High


Poker Hand #HD1189800640: Hold'em No Limit  ($0.02/$0.05) - 2023/04/04 22:25:50
Table 'NLHBlue64' 6-max Seat #3 is the button
Seat 1: e98f270d ($9.97 in chips)
Seat 2: ebbedc38 ($2.01 in chips)
Seat 3: 115134b2 ($4.96 in chips)
Seat 4: Hero ($5 in chips)
Seat 6: 70168bf6 ($5 in chips)
Hero: posts small blind $0.02
70168bf6: posts big blind $0.05
*** HOLE CARDS ***
Dealt to e98f270d 
Dealt to ebbedc38 
Dealt to 115134b2 
Dealt to Hero [4d Js]
Dealt to 70168bf6 
e98f270d: raises $0.07 to $0.12
ebbedc38: folds
115134b2: folds
Hero: folds
70168bf6: calls $0.07
*** FLOP *** [Ah Ad 2h]
70168bf6: checks
e98f270d: bets $0.09
70168bf6: calls $0.09
*** TURN *** [Ah Ad 2h] [5s]
70168bf6: checks
e98f270d: checks
*** RIVER *** [Ah Ad 2h 5s] [8h]
70168bf6: bets $0.33
e98f270d: folds
Uncalled bet ($0.33) returned to 70168bf6
*** SHOWDOWN ***
70168bf6 collected $0.42 from pot
*** SUMMARY ***
Total pot $0.44 | Rake $0.02 | Jackpot $0 | Bingo $0 | Fortune $0
Board [Ah Ad 2h 5s 8h]
Seat 1: e98f270d folded on the River
Seat 2: ebbedc38 folded before Flop (didn't bet)
Seat 3: 115134b2 (button) folded before Flop (didn't bet)
Seat 4: Hero (small blind) folded before Flop
Seat 6: 70168bf6 (big blind) won ($0.42)


Poker Hand #HD1189800611: Hold'em No Limit  ($0.02/$0.05) - 2023/04/04 22:25:31
Table 'NLHBlue64' 6-max Seat #2 is the button
Seat 1: e98f270d ($9.97 in chips)
Seat 2: ebbedc38 ($2.01 in chips)
Seat 3: 115134b2 ($4.91 in chips)
Seat 4: Hero ($5 in chips)
Seat 5: d6da51dd ($6.63 in chips)
Seat 6: 70168bf6 ($5 in chips)
115134b2: posts small blind $0.02
Hero: posts big blind $0.05
*** HOLE CARDS ***
Dealt to e98f270d 
Dealt to ebbedc38 
Dealt to 115134b2 
Dealt to Hero [Jc 5s]
Dealt to d6da51dd 
Dealt to 70168bf6 
d6da51dd: folds
70168bf6: folds
e98f270d: folds
ebbedc38: folds
115134b2: raises $0.1 to $0.15
Hero: folds
Uncalled bet ($0.1) returned to 115134b2
*** SHOWDOWN ***
115134b2 collected $0.1 from pot
*** SUMMARY ***
Total pot $0.1 | Rake $0 | Jackpot $0 | Bingo $0 | Fortune $0
Seat 1: e98f270d folded before Flop (didn't bet)
Seat 2: ebbedc38 (button) folded before Flop (didn't bet)
Seat 3: 115134b2 (small blind) collected ($0.1)
Seat 4: Hero (big blind) folded before Flop
Seat 5: d6da51dd folded before Flop (didn't bet)
Seat 6: 70168bf6 folded before Flop (didn't bet)


Poker Hand #HD1189800564: Hold'em No Limit  ($0.02/$0.05) - 2023/04/04 22:24:55
Table 'NLHBlue64' 6-max Seat #1 is the button
Seat 1: e98f270d ($9.97 in chips)
Seat 2: ebbedc38 ($2.03 in chips)
Seat 3: 115134b2 ($4.89 in chips)
Seat 4: Hero ($5 in chips)
Seat 5: d6da51dd ($6.63 in chips)
Seat 6: 70168bf6 ($4.68 in chips)
ebbedc38: posts small blind $0.02
115134b2: posts big blind $0.05
*** HOLE CARDS ***
Dealt to e98f270d 
Dealt to ebbedc38 
Dealt to 115134b2 
Dealt to Hero [6s 5h]
Dealt to d6da51dd 
Dealt to 70168bf6 
Hero: folds
d6da51dd: folds
70168bf6: folds
e98f270d: folds
ebbedc38: folds
Uncalled bet ($0.03) returned to 115134b2
*** SHOWDOWN ***
115134b2 collected $0.04 from pot
*** SUMMARY ***
Total pot $0.04 | Rake $0 | Jackpot $0 | Bingo $0 | Fortune $0
Seat 1: e98f270d (button) folded before Flop (didn't bet)
Seat 2: ebbedc38 (small blind) folded before Flop
Seat 3: 115134b2 (big blind) collected ($0.04)
Seat 4: Hero folded before Flop (didn't bet)
Seat 5: d6da51dd folded before Flop (didn't bet)
Seat 6: 70168bf6 folded before Flop (didn't bet)


Poker Hand #HD1189800428: Hold'em No Limit  ($0.02/$0.05) - 2023/04/04 22:23:26
Table 'NLHBlue64' 6-max Seat #6 is the button
Seat 1: e98f270d ($11.56 in chips)
Seat 2: ebbedc38 ($2.08 in chips)
Seat 3: 115134b2 ($4.89 in chips)
Seat 4: Hero ($5 in chips)
Seat 5: d6da51dd ($5.07 in chips)
Seat 6: 70168bf6 ($4.81 in chips)
e98f270d: posts small blind $0.02
ebbedc38: posts big blind $0.05
*** HOLE CARDS ***
Dealt to e98f270d 
Dealt to ebbedc38 
Dealt to 115134b2 
Dealt to Hero [Kd 3c]
Dealt to d6da51dd 
Dealt to 70168bf6 
115134b2: folds
Hero: folds
d6da51dd: raises $0.08 to $0.13
70168bf6: calls $0.13
e98f270d: raises $0.53 to $0.66
ebbedc38: folds
d6da51dd: raises $0.93 to $1.59
70168bf6: folds
e98f270d: calls $0.93
*** FLOP *** [Ks As Qh]
e98f270d: checks
d6da51dd: bets $1.11
e98f270d: folds
Uncalled bet ($1.11) returned to d6da51dd
*** SHOWDOWN ***
d6da51dd collected $3.15 from pot
*** SUMMARY ***
Total pot $3.36 | Rake $0.16 | Jackpot $0.05 | Bingo $0 | Fortune $0
Board [Ks As Qh]
Seat 1: e98f270d (small blind) folded on the Flop
Seat 2: ebbedc38 (big blind) folded before Flop
Seat 3: 115134b2 folded before Flop (didn't bet)
Seat 4: Hero folded before Flop (didn't bet)
Seat 5: d6da51dd won ($3.15)
Seat 6: 70168bf6 (button) folded before Flop


Poker Hand #HD1189800398: Hold'em No Limit  ($0.02/$0.05) - 2023/04/04 22:23:04
Table 'NLHBlue64' 6-max Seat #5 is the button
Seat 1: e98f270d ($11.61 in chips)
Seat 2: ebbedc38 ($2.08 in chips)
Seat 3: 115134b2 ($4.89 in chips)
Seat 4: Hero ($5 in chips)
Seat 5: d6da51dd ($5 in chips)
Seat 6: 70168bf6 ($4.83 in chips)
70168bf6: posts small blind $0.02
e98f270d: posts big blind $0.05
*** HOLE CARDS ***
Dealt to e98f270d 
Dealt to ebbedc38 
Dealt to 115134b2 
Dealt to Hero [6d Qd]
Dealt to d6da51dd 
Dealt to 70168bf6 
ebbedc38: folds
115134b2: folds
Hero: folds
d6da51dd: raises $0.08 to $0.13
70168bf6: folds
e98f270d: folds
Uncalled bet ($0.08) returned to d6da51dd
*** SHOWDOWN ***
d6da51dd collected $0.12 from pot
*** SUMMARY ***
Total pot $0.12 | Rake $0 | Jackpot $0 | Bingo $0 | Fortune $0
Seat 1: e98f270d (big blind) folded before Flop
Seat 2: ebbedc38 folded before Flop (didn't bet)
Seat 3: 115134b2 folded before Flop (didn't bet)
Seat 4: Hero folded before Flop (didn't bet)
Seat 5: d6da51dd (button) collected ($0.12)
Seat 6: 70168bf6 (small blind) folded before Flop


Poker Hand #HD1189800280: Hold'em No Limit  ($0.02/$0.05) - 2023/04/04 22:21:43
Table 'NLHBlue64' 6-max Seat #4 is the button
Seat 1: e98f270d ($11.61 in chips)
Seat 2: ebbedc38 ($1.85 in chips)
Seat 3: 115134b2 ($4.89 in chips)
Seat 4: Hero ($5 in chips)
Seat 5: d6da51dd ($5 in chips)
Seat 6: 70168bf6 ($5.06 in chips)
d6da51dd: posts small blind $0.02
70168bf6: posts big blind $0.05
*** HOLE CARDS ***
Dealt to e98f270d 
Dealt to ebbedc38 
Dealt to 115134b2 
Dealt to Hero [Jd 9c]
Dealt to d6da51dd 
Dealt to 70168bf6 
e98f270d: folds
ebbedc38: calls $0.05
115134b2: folds
Hero: folds
d6da51dd: folds
70168bf6: checks
*** FLOP *** [2d Jc 2c]
70168bf6: checks
ebbedc38: checks
*** TURN *** [2d Jc 2c] [6d]
70168bf6: bets $0.06
ebbedc38: calls $0.06
*** RIVER *** [2d Jc 2c 6d] [6c]
70168bf6: bets $0.12
ebbedc38: raises $0.48 to $0.6
70168bf6: folds
Uncalled bet ($0.48) returned to ebbedc38
*** SHOWDOWN ***
ebbedc38 collected $0.46 from pot
*** SUMMARY ***
Total pot $0.48 | Rake $0.02 | Jackpot $0 | Bingo $0 | Fortune $0
Board [2d Jc 2c 6d 6c]
Seat 1: e98f270d folded before Flop (didn't bet)
Seat 2: ebbedc38 won ($0.46)
Seat 3: 115134b2 folded before Flop (didn't bet)
Seat 4: Hero (button) folded before Flop (didn't bet)
Seat 5: d6da51dd (small blind) folded before Flop
Seat 6: 70168bf6 (big blind) folded on the River


Poker Hand #HD1189800241: Hold'em No Limit  ($0.02/$0.05) - 2023/04/04 22:21:15
Table 'NLHBlue64' 6-max Seat #3 is the button
Seat 1: e98f270d ($11.54 in chips)
Seat 2: ebbedc38 ($1.85 in chips)
Seat 3: 115134b2 ($4.89 in chips)
Seat 4: Hero ($5 in chips)
Seat 5: d6da51dd ($5 in chips)
Seat 6: 70168bf6 ($5.06 in chips)
Hero: posts small blind $0.02
d6da51dd: posts big blind $0.05
*** HOLE CARDS ***
Dealt to e98f270d 
Dealt to ebbedc38 
Dealt to 115134b2 
Dealt to Hero [5s 6c]
Dealt to d6da51dd 
Dealt to 70168bf6 
70168bf6: folds
e98f270d: raises $0.07 to $0.12
ebbedc38: folds
115134b2: folds
Hero: folds
d6da51dd: folds
Uncalled bet ($0.07) returned to e98f270d
*** SHOWDOWN ***
e98f270d collected $0.12 from pot
*** SUMMARY ***
Total pot $0.12 | Rake $0 | Jackpot $0 | Bingo $0 | Fortune $0
Seat 1: e98f270d collected ($0.12)
Seat 2: ebbedc38 folded before Flop (didn't bet)
Seat 3: 115134b2 (button) folded before Flop (didn't bet)
Seat 4: Hero (small blind) folded before Flop
Seat 5: d6da51dd (big blind) folded before Flop
Seat 6: 70168bf6 folded before Flop (didn't bet)


Poker Hand #HD1189800195: Hold'em No Limit  ($0.02/$0.05) - 2023/04/04 22:20:43
Table 'NLHBlue64' 6-max Seat #2 is the button
Seat 1: e98f270d ($11.54 in chips)
Seat 2: ebbedc38 ($1.78 in chips)
Seat 3: 115134b2 ($4.91 in chips)
Seat 4: Hero ($5 in chips)
Seat 6: 70168bf6 ($5.06 in chips)
115134b2: posts small blind $0.02
Hero: posts big blind $0.05
*** HOLE CARDS ***
Dealt to e98f270d 
Dealt to ebbedc38 
Dealt to 115134b2 
Dealt to Hero [2s 7d]
Dealt to 70168bf6 
70168bf6: folds
e98f270d: folds
ebbedc38: calls $0.05
115134b2: folds
Hero: checks
*** FLOP *** [9h Jh Tc]
Hero: checks
ebbedc38: bets $0.05
Hero: folds
Uncalled bet ($0.05) returned to ebbedc38
*** SHOWDOWN ***
ebbedc38 collected $0.12 from pot
*** SUMMARY ***
Total pot $0.12 | Rake $0 | Jackpot $0 | Bingo $0 | Fortune $0
Board [9h Jh Tc]
Seat 1: e98f270d folded before Flop (didn't bet)
Seat 2: ebbedc38 (button) won ($0.12)
Seat 3: 115134b2 (small blind) folded before Flop
Seat 4: Hero (big blind) folded on the Flop
Seat 6: 70168bf6 folded before Flop (didn't bet)


Poker Hand #HD1189800130: Hold'em No Limit  ($0.02/$0.05) - 2023/04/04 22:19:57
Table 'NLHBlue64' 6-max Seat #1 is the button
Seat 1: e98f270d ($11.37 in chips)
Seat 2: ebbedc38 ($1.91 in chips)
Seat 3: 115134b2 ($4.96 in chips)
Seat 4: Hero ($5 in chips)
Seat 6: 70168bf6 ($5.06 in chips)
ebbedc38: posts small blind $0.02
115134b2: posts big blind $0.05
*** HOLE CARDS ***
Dealt to e98f270d 
Dealt to ebbedc38 
Dealt to 115134b2 
Dealt to Hero [8h 6h]
Dealt to 70168bf6 
Hero: folds
70168bf6: folds
e98f270d: raises $0.08 to $0.13
ebbedc38: calls $0.11
115134b2: folds
*** FLOP *** [8d Th 4s]
ebbedc38: checks
e98f270d: bets $0.16
ebbedc38: folds
Uncalled bet ($0.16) returned to e98f270d
*** SHOWDOWN ***
e98f270d collected $0.3 from pot
*** SUMMARY ***
Total pot $0.31 | Rake $0.01 | Jackpot $0 | Bingo $0 | Fortune $0
Board [8d Th 4s]
Seat 1: e98f270d (button) won ($0.3)
Seat 2: ebbedc38 (small blind) folded on the Flop
Seat 3: 115134b2 (big blind) folded before Flop
Seat 4: Hero folded before Flop (didn't bet)
Seat 6: 70168bf6 folded before Flop (didn't bet)


Poker Hand #HD1189800029: Hold'em No Limit  ($0.02/$0.05) - 2023/04/04 22:18:47
Table 'NLHBlue64' 6-max Seat #6 is the button
Seat 1: e98f270d ($10.21 in chips)
Seat 2: ebbedc38 ($1.96 in chips)
Seat 3: 115134b2 ($4.96 in chips)
Seat 4: Hero ($5.07 in chips)
Seat 5: 99752ec3 ($1.16 in chips)
Seat 6: 70168bf6 ($5.06 in chips)
e98f270d: posts small blind $0.02
ebbedc38: posts big blind $0.05
*** HOLE CARDS ***
Dealt to e98f270d 
Dealt to ebbedc38 
Dealt to 115134b2 
Dealt to Hero [3h Ah]
Dealt to 99752ec3 
Dealt to 70168bf6 
115134b2: folds
Hero: raises $0.07 to $0.12
99752ec3: calls $0.12
70168bf6: folds
e98f270d: raises $0.44 to $0.56
ebbedc38: folds
Hero: folds
99752ec3: calls $0.44
*** FLOP *** [2s 5s 6s]
e98f270d: bets $0.65
99752ec3: calls $0.6 and is all-in
Uncalled bet ($0.05) returned to e98f270d
e98f270d: shows [As Kc] (Ace-High)
99752ec3: shows [Ac 9d] (Ace-High)
*** TURN *** [2s 5s 6s] [Tc]
*** RIVER *** [2s 5s 6s Tc] [Jh]
ebbedc38: shows [5c 6d] (Pair of Sixes and Pair of Fives)
*** SHOWDOWN ***
e98f270d collected $2.32 from pot
*** SUMMARY ***
Total pot $2.49 | Rake $0.12 | Jackpot $0.05 | Bingo $0 | Fortune $0
Board [2s 5s 6s Tc Jh]
Seat 1: e98f270d (small blind) showed [As Kc] and won ($2.32) with Ace-High
Seat 2: ebbedc38 (big blind) folded before Flop
Seat 3: 115134b2 folded before Flop (didn't bet)
Seat 4: Hero folded before Flop
Seat 5: 99752ec3 showed [Ac 9d] and lost with Ace-High
Seat 6: 70168bf6 (button) folded before Flop (didn't bet)


Poker Hand #HD1189800000: Hold'em No Limit  ($0.02/$0.05) - 2023/04/04 22:18:29
Table 'NLHBlue64' 6-max Seat #5 is the button
Seat 1: e98f270d ($10.26 in chips)
Seat 2: ebbedc38 ($1.96 in chips)
Seat 3: 115134b2 ($4.96 in chips)
Seat 4: Hero ($5.07 in chips)
Seat 5: 99752ec3 ($1.09 in chips)
Seat 6: 70168bf6 ($5.08 in chips)
70168bf6: posts small blind $0.02
e98f270d: posts big blind $0.05
*** HOLE CARDS ***
Dealt to e98f270d 
Dealt to ebbedc38 
Dealt to 115134b2 
Dealt to Hero [2h Jh]
Dealt to 99752ec3 
Dealt to 70168bf6 
ebbedc38: folds
115134b2: folds
Hero: folds
99752ec3: raises $0.05 to $0.1
70168bf6: folds
e98f270d: folds
Uncalled bet ($0.05) returned to 99752ec3
*** SHOWDOWN ***
99752ec3 collected $0.12 from pot
*** SUMMARY ***
Total pot $0.12 | Rake $0 | Jackpot $0 | Bingo $0 | Fortune $0
Seat 1: e98f270d (big blind) folded before Flop
Seat 2: ebbedc38 folded before Flop (didn't bet)
Seat 3: 115134b2 folded before Flop (didn't bet)
Seat 4: Hero folded before Flop (didn't bet)
Seat 5: 99752ec3 (button) collected ($0.12)
Seat 6: 70168bf6 (small blind) folded before Flop


Poker Hand #HD1189799857: Hold'em No Limit  ($0.02/$0.05) - 2023/04/04 22:16:53
Table 'NLHBlue64' 6-max Seat #4 is the button
Seat 1: e98f270d ($10.26 in chips)
Seat 2: ebbedc38 ($2.11 in chips)
Seat 3: 115134b2 ($4.96 in chips)
Seat 4: Hero ($5.07 in chips)
Seat 5: 99752ec3 ($1.11 in chips)
Seat 6: 70168bf6 ($5.08 in chips)
99752ec3: posts small blind $0.02
70168bf6: posts big blind $0.05
*** HOLE CARDS ***
Dealt to e98f270d 
Dealt to ebbedc38 
Dealt to 115134b2 
Dealt to Hero [5s 4s]
Dealt to 99752ec3 
Dealt to 70168bf6 
e98f270d: folds
ebbedc38: calls $0.05
115134b2: folds
Hero: folds
99752ec3: raises $0.05 to $0.1
70168bf6: calls $0.05
ebbedc38: calls $0.05
*** FLOP *** [Td 7s Ah]
99752ec3: checks
70168bf6: checks
ebbedc38: bets $0.05
99752ec3: calls $0.05
70168bf6: calls $0.05
*** TURN *** [Td 7s Ah] [Jd]
99752ec3: checks
70168bf6: checks
ebbedc38: checks
*** RIVER *** [Td 7s Ah Jd] [Kh]
99752ec3: checks
70168bf6: bets $0.45
ebbedc38: folds
99752ec3: raises $0.51 to $0.96 and is all-in
70168bf6: calls $0.51
99752ec3: shows [Kc Qd] (Aces-High Straight)
70168bf6: shows [Jc Qh] (Aces-High Straight)
*** SHOWDOWN ***
99752ec3 collected $1.09 from pot
70168bf6 collected $1.11 from pot
*** SUMMARY ***
Total pot $2.37 | Rake $0.12 | Jackpot $0.05 | Bingo $0 | Fortune $0
Board [Td 7s Ah Jd Kh]
Seat 1: e98f270d folded before Flop (didn't bet)
Seat 2: ebbedc38 folded on the River
Seat 3: 115134b2 folded before Flop (didn't bet)
Seat 4: Hero (button) folded before Flop (didn't bet)
Seat 5: 99752ec3 (small blind) showed [Kc Qd] and won ($1.09) with Aces-High Straight
Seat 6: 70168bf6 (big blind) showed [Jc Qh] and won ($1.11) with Aces-High Straight


Poker Hand #HD1189799798: Hold'em No Limit  ($0.02/$0.05) - 2023/04/04 22:16:14
Table 'NLHBlue64' 6-max Seat #3 is the button
Seat 1: e98f270d ($10.26 in chips)
Seat 2: ebbedc38 ($2.04 in chips)
Seat 3: 115134b2 ($4.96 in chips)
Seat 4: Hero ($5.09 in chips)
Seat 5: 99752ec3 ($1.16 in chips)
Seat 6: 70168bf6 ($5.08 in chips)
Hero: posts small blind $0.02
99752ec3: posts big blind $0.05
*** HOLE CARDS ***
Dealt to e98f270d 
Dealt to ebbedc38 
Dealt to 115134b2 
Dealt to Hero [Qc Th]
Dealt to 99752ec3 
Dealt to 70168bf6 
70168bf6: folds
e98f270d: folds
ebbedc38: calls $0.05
115134b2: folds
Hero: folds
99752ec3: checks
*** FLOP *** [Qd 9s 9d]
99752ec3: checks
ebbedc38: bets $0.05
99752ec3: folds
Uncalled bet ($0.05) returned to ebbedc38
*** SHOWDOWN ***
ebbedc38 collected $0.12 from pot
*** SUMMARY ***
Total pot $0.12 | Rake $0 | Jackpot $0 | Bingo $0 | Fortune $0
Board [Qd 9s 9d]
Seat 1: e98f270d folded before Flop (didn't bet)
Seat 2: ebbedc38 won ($0.12)
Seat 3: 115134b2 (button) folded before Flop (didn't bet)
Seat 4: Hero (small blind) folded before Flop
Seat 5: 99752ec3 (big blind) folded on the Flop
Seat 6: 70168bf6 folded before Flop (didn't bet)


Poker Hand #HD1189799758: Hold'em No Limit  ($0.02/$0.05) - 2023/04/04 22:15:48
Table 'NLHBlue64' 6-max Seat #2 is the button
Seat 1: e98f270d ($10.26 in chips)
Seat 2: ebbedc38 ($2.04 in chips)
Seat 3: 115134b2 ($4.98 in chips)
Seat 4: Hero ($5.14 in chips)
Seat 5: 99752ec3 ($1.09 in chips)
Seat 6: 70168bf6 ($5.08 in chips)
115134b2: posts small blind $0.02
Hero: posts big blind $0.05
*** HOLE CARDS ***
Dealt to e98f270d 
Dealt to ebbedc38 
Dealt to 115134b2 
Dealt to Hero [2s Jc]
Dealt to 99752ec3 
Dealt to 70168bf6 
99752ec3: raises $0.15 to $0.2
70168bf6: folds
e98f270d: folds
ebbedc38: folds
115134b2: folds
Hero: folds
Uncalled bet ($0.15) returned to 99752ec3
*** SHOWDOWN ***
99752ec3 collected $0.12 from pot
*** SUMMARY ***
Total pot $0.12 | Rake $0 | Jackpot $0 | Bingo $0 | Fortune $0
Seat 1: e98f270d folded before Flop (didn't bet)
Seat 2: ebbedc38 (button) folded before Flop (didn't bet)
Seat 3: 115134b2 (small blind) folded before Flop
Seat 4: Hero (big blind) folded before Flop
Seat 5: 99752ec3 collected ($0.12)
Seat 6: 70168bf6 folded before Flop (didn't bet)


Poker Hand #HD1189799738: Hold'em No Limit  ($0.02/$0.05) - 2023/04/04 22:15:35
Table 'NLHBlue64' 6-max Seat #1 is the button
Seat 1: e98f270d ($10.26 in chips)
Seat 2: ebbedc38 ($2.06 in chips)
Seat 3: 115134b2 ($4.96 in chips)
Seat 4: Hero ($5.14 in chips)
Seat 6: 70168bf6 ($5.08 in chips)
ebbedc38: posts small blind $0.02
115134b2: posts big blind $0.05
*** HOLE CARDS ***
Dealt to e98f270d 
Dealt to ebbedc38 
Dealt to 115134b2 
Dealt to Hero [Qs 2c]
Dealt to 70168bf6 
Hero: folds
70168bf6: folds
e98f270d: folds
ebbedc38: folds
Uncalled bet ($0.03) returned to 115134b2
*** SHOWDOWN ***
115134b2 collected $0.04 from pot
*** SUMMARY ***
Total pot $0.04 | Rake $0 | Jackpot $0 | Bingo $0 | Fortune $0
Seat 1: e98f270d (button) folded before Flop (didn't bet)
Seat 2: ebbedc38 (small blind) folded before Flop
Seat 3: 115134b2 (big blind) collected ($0.04)
Seat 4: Hero folded before Flop (didn't bet)
Seat 6: 70168bf6 folded before Flop (didn't bet)


Poker Hand #HD1189799679: Hold'em No Limit  ($0.02/$0.05) - 2023/04/04 22:14:57
Table 'NLHBlue64' 6-max Seat #6 is the button
Seat 1: e98f270d ($10.28 in chips)
Seat 2: ebbedc38 ($1.81 in chips)
Seat 3: 115134b2 ($4.96 in chips)
Seat 4: Hero ($5.14 in chips)
Seat 5: 99752ec3 ($0.25 in chips)
Seat 6: 70168bf6 ($5.08 in chips)
e98f270d: posts small blind $0.02
ebbedc38: posts big blind $0.05
*** HOLE CARDS ***
Dealt to e98f270d 
Dealt to ebbedc38 
Dealt to 115134b2 
Dealt to Hero [9s 2h]
Dealt to 99752ec3 
Dealt to 70168bf6 
115134b2: folds
Hero: folds
99752ec3: raises $0.2 to $0.25 and is all-in
70168bf6: folds
e98f270d: folds
ebbedc38: calls $0.2
99752ec3: shows [8h 4c]
ebbedc38: shows [7s Ac]
*** FLOP *** [Js 9c Kc]
*** TURN *** [Js 9c Kc] [3c]
*** RIVER *** [Js 9c Kc 3c] [6h]
*** SHOWDOWN ***
ebbedc38 collected $0.5 from pot
*** SUMMARY ***
Total pot $0.52 | Rake $0.02 | Jackpot $0 | Bingo $0 | Fortune $0
Board [Js 9c Kc 3c 6h]
Seat 1: e98f270d (small blind) folded before Flop
Seat 2: ebbedc38 (big blind) showed [7s Ac] and won ($0.5) with Ace-High
Seat 3: 115134b2 folded before Flop (didn't bet)
Seat 4: Hero folded before Flop (didn't bet)
Seat 5: 99752ec3 showed [8h 4c] and lost with King-High
Seat 6: 70168bf6 (button) folded before Flop (didn't bet)


Poker Hand #HD1189799549: Hold'em No Limit  ($0.02/$0.05) - 2023/04/04 22:13:42
Table 'NLHBlue64' 6-max Seat #5 is the button
Seat 1: e98f270d ($10.33 in chips)
Seat 2: ebbedc38 ($1.15 in chips)
Seat 3: 115134b2 ($4.96 in chips)
Seat 4: Hero ($5.14 in chips)
Seat 5: 99752ec3 ($0.9 in chips)
Seat 6: 70168bf6 ($5.1 in chips)
70168bf6: posts small blind $0.02
e98f270d: posts big blind $0.05
*** HOLE CARDS ***
Dealt to e98f270d 
Dealt to ebbedc38 
Dealt to 115134b2 
Dealt to Hero [Jc Th]
Dealt to 99752ec3 
Dealt to 70168bf6 
ebbedc38: calls $0.05
115134b2: folds
Hero: folds
99752ec3: raises $0.1 to $0.15
70168bf6: folds
e98f270d: folds
ebbedc38: calls $0.1
*** FLOP *** [Jh 6d 4c]
ebbedc38: bets $0.05
99752ec3: raises $0.05 to $0.1
ebbedc38: calls $0.05
*** TURN *** [Jh 6d 4c] [6s]
ebbedc38: checks
99752ec3: bets $0.15
ebbedc38: calls $0.15
*** RIVER *** [Jh 6d 4c 6s] [Kd]
ebbedc38: checks
99752ec3: bets $0.25
ebbedc38: calls $0.25
99752ec3: shows [Ts Ad] (Pair of Sixes)
ebbedc38: shows [8d Js] (Pair of Jacks and Pair of Sixes)
*** SHOWDOWN ***
ebbedc38 collected $1.31 from pot
*** SUMMARY ***
Total pot $1.37 | Rake $0.06 | Jackpot $0 | Bingo $0 | Fortune $0
Board [Jh 6d 4c 6s Kd]
Seat 1: e98f270d (big blind) folded before Flop
Seat 2: ebbedc38 showed [8d Js] and won ($1.31) with Pair of Jacks and Pair of Sixes
Seat 3: 115134b2 folded before Flop (didn't bet)
Seat 4: Hero folded before Flop (didn't bet)
Seat 5: 99752ec3 (button) showed [Ts Ad] and lost with Pair of Sixes
Seat 6: 70168bf6 (small blind) folded before Flop


Poker Hand #HD1189799503: Hold'em No Limit  ($0.02/$0.05) - 2023/04/04 22:13:14
Table 'NLHBlue64' 6-max Seat #4 is the button
Seat 1: e98f270d ($10.33 in chips)
Seat 2: ebbedc38 ($1.2 in chips)
Seat 3: 115134b2 ($4.96 in chips)
Seat 4: Hero ($5.14 in chips)
Seat 5: 99752ec3 ($0.95 in chips)
Seat 6: 70168bf6 ($5 in chips)
99752ec3: posts small blind $0.02
70168bf6: posts big blind $0.05
*** HOLE CARDS ***
Dealt to e98f270d 
Dealt to ebbedc38 
Dealt to 115134b2 
Dealt to Hero [Th 2d]
Dealt to 99752ec3 
Dealt to 70168bf6 
e98f270d: folds
ebbedc38: calls $0.05
115134b2: folds
Hero: folds
99752ec3: calls $0.03
70168bf6: raises $0.15 to $0.2
ebbedc38: folds
99752ec3: folds
Uncalled bet ($0.15) returned to 70168bf6
*** SHOWDOWN ***
70168bf6 collected $0.15 from pot
*** SUMMARY ***
Total pot $0.15 | Rake $0 | Jackpot $0 | Bingo $0 | Fortune $0
Seat 1: e98f270d folded before Flop (didn't bet)
Seat 2: ebbedc38 folded before Flop
Seat 3: 115134b2 folded before Flop (didn't bet)
Seat 4: Hero (button) folded before Flop (didn't bet)
Seat 5: 99752ec3 (small blind) folded before Flop
Seat 6: 70168bf6 (big blind) collected ($0.15)


Poker Hand #HD1189799458: Hold'em No Limit  ($0.02/$0.05) - 2023/04/04 22:12:52
Table 'NLHBlue64' 6-max Seat #3 is the button
Seat 1: e98f270d ($10.33 in chips)
Seat 2: ebbedc38 ($1.2 in chips)
Seat 3: 115134b2 ($5.06 in chips)
Seat 4: Hero ($5 in chips)
Seat 5: 99752ec3 ($1 in chips)
Hero: posts small blind $0.02
99752ec3: posts big blind $0.05
*** HOLE CARDS ***
Dealt to e98f270d 
Dealt to ebbedc38 
Dealt to 115134b2 
Dealt to Hero [3d Ad]
Dealt to 99752ec3 
e98f270d: folds
ebbedc38: folds
115134b2: raises $0.05 to $0.1
Hero: raises $0.3 to $0.4
99752ec3: folds
115134b2: folds
Uncalled bet ($0.3) returned to Hero
*** SHOWDOWN ***
Hero collected $0.24 from pot
*** SUMMARY ***
Total pot $0.25 | Rake $0.01 | Jackpot $0 | Bingo $0 | Fortune $0
Seat 1: e98f270d folded before Flop (didn't bet)
Seat 2: ebbedc38 folded before Flop (didn't bet)
Seat 3: 115134b2 (button) folded before Flop
Seat 4: Hero (small blind) collected ($0.24)
Seat 5: 99752ec3 (big blind) folded before Flop


Poker Hand #HD1189799346: Hold'em No Limit  ($0.02/$0.05) - 2023/04/04 22:11:46
Table 'NLHBlue64' 6-max Seat #2 is the button
Seat 1: e98f270d ($10.46 in chips)
Seat 2: ebbedc38 ($1.2 in chips)
Seat 3: 115134b2 ($4.89 in chips)
Seat 4: Hero ($5 in chips)
115134b2: posts small blind $0.02
Hero: posts big blind $0.05
*** HOLE CARDS ***
Dealt to e98f270d 
Dealt to ebbedc38 
Dealt to 115134b2 
Dealt to Hero [4c 8c]
e98f270d: raises $0.08 to $0.13
ebbedc38: folds
115134b2: calls $0.11
Hero: folds
*** FLOP *** [5c Jh 5h]
115134b2: checks
e98f270d: checks
*** TURN *** [5c Jh 5h] [Js]
115134b2: bets $0.15
e98f270d: folds
Uncalled bet ($0.15) returned to 115134b2
*** SHOWDOWN ***
115134b2 collected $0.3 from pot
*** SUMMARY ***
Total pot $0.31 | Rake $0.01 | Jackpot $0 | Bingo $0 | Fortune $0
Board [5c Jh 5h Js]
Seat 1: e98f270d folded on the Turn
Seat 2: ebbedc38 (button) folded before Flop (didn't bet)
Seat 3: 115134b2 (small blind) won ($0.3)
Seat 4: Hero (big blind) folded before Flop


