Poker Hand #HD1173072249: Hold'em No Limit  ($0.02/$0.05) - 2023/03/23 21:46:43
Table 'NLHBlue86' 6-max Seat #5 is the button
Seat 1: bb1989ad ($6.93 in chips)
Seat 2: Hero ($7.02 in chips)
Seat 3: 2b85af6d ($5.28 in chips)
Seat 4: 319c95a8 ($6.03 in chips)
Seat 5: 8ba7c4ea ($8.49 in chips)
Seat 6: 777a0663 ($5 in chips)
777a0663: posts small blind $0.02
bb1989ad: posts big blind $0.05
*** HOLE CARDS ***
Dealt to bb1989ad 
Dealt to Hero [8c Jh]
Dealt to 2b85af6d 
Dealt to 319c95a8 
Dealt to 8ba7c4ea 
Dealt to 777a0663 
Hero: folds
2b85af6d: folds
319c95a8: raises $0.1 to $0.15
8ba7c4ea: folds
777a0663: folds
bb1989ad: calls $0.1
*** FLOP *** [Jc 4h 5c]
bb1989ad: checks
319c95a8: checks
*** TURN *** [Jc 4h 5c] [Ad]
bb1989ad: checks
319c95a8: checks
*** RIVER *** [Jc 4h 5c Ad] [8d]
bb1989ad: checks
319c95a8: checks
bb1989ad: shows [Qh 9d] (Ace-High)
319c95a8: shows [Kd Ts] (Ace-High)
*** SHOWDOWN ***
319c95a8 collected $0.31 from pot
*** SUMMARY ***
Total pot $0.32 | Rake $0.01 | Jackpot $0 | Bingo $0 | Fortune $0
Board [Jc 4h 5c Ad 8d]
Seat 1: bb1989ad (big blind) showed [Qh 9d] and lost with Ace-High
Seat 2: Hero folded before Flop (didn't bet)
Seat 3: 2b85af6d folded before Flop (didn't bet)
Seat 4: 319c95a8 showed [Kd Ts] and won ($0.31) with Ace-High
Seat 5: 8ba7c4ea (button) folded before Flop (didn't bet)
Seat 6: 777a0663 (small blind) folded before Flop


Poker Hand #HD1173072065: Hold'em No Limit  ($0.02/$0.05) - 2023/03/23 21:45:30
Table 'NLHBlue86' 6-max Seat #4 is the button
Seat 1: bb1989ad ($7.08 in chips)
Seat 2: Hero ($7.02 in chips)
Seat 3: 2b85af6d ($5.28 in chips)
Seat 4: 319c95a8 ($6.03 in chips)
Seat 5: 8ba7c4ea ($8.21 in chips)
Seat 6: 777a0663 ($5 in chips)
8ba7c4ea: posts small blind $0.02
777a0663: posts big blind $0.05
*** HOLE CARDS ***
Dealt to bb1989ad 
Dealt to Hero [Kh 2h]
Dealt to 2b85af6d 
Dealt to 319c95a8 
Dealt to 8ba7c4ea 
Dealt to 777a0663 
bb1989ad: raises $0.1 to $0.15
Hero: folds
2b85af6d: folds
319c95a8: folds
8ba7c4ea: calls $0.13
777a0663: calls $0.1
*** FLOP *** [6s 5h Th]
8ba7c4ea: checks
777a0663: checks
bb1989ad: checks
*** TURN *** [6s 5h Th] [7s]
8ba7c4ea: bets $0.23
777a0663: folds
bb1989ad: folds
Uncalled bet ($0.23) returned to 8ba7c4ea
*** SHOWDOWN ***
8ba7c4ea collected $0.43 from pot
*** SUMMARY ***
Total pot $0.45 | Rake $0.02 | Jackpot $0 | Bingo $0 | Fortune $0
Board [6s 5h Th 7s]
Seat 1: bb1989ad folded on the Turn
Seat 2: Hero folded before Flop (didn't bet)
Seat 3: 2b85af6d folded before Flop (didn't bet)
Seat 4: 319c95a8 (button) folded before Flop (didn't bet)
Seat 5: 8ba7c4ea (small blind) won ($0.43)
Seat 6: 777a0663 (big blind) folded on the Turn


Poker Hand #HD1173071983: Hold'em No Limit  ($0.02/$0.05) - 2023/03/23 21:45:01
Table 'NLHBlue86' 6-max Seat #3 is the button
Seat 1: bb1989ad ($7.08 in chips)
Seat 2: Hero ($7.02 in chips)
Seat 3: 2b85af6d ($5.28 in chips)
Seat 4: 319c95a8 ($6.05 in chips)
Seat 5: 8ba7c4ea ($8.19 in chips)
Seat 6: 777a0663 ($5 in chips)
319c95a8: posts small blind $0.02
8ba7c4ea: posts big blind $0.05
*** HOLE CARDS ***
Dealt to bb1989ad 
Dealt to Hero [3s 8c]
Dealt to 2b85af6d 
Dealt to 319c95a8 
Dealt to 8ba7c4ea 
Dealt to 777a0663 
777a0663: folds
bb1989ad: folds
Hero: folds
2b85af6d: folds
319c95a8: folds
Uncalled bet ($0.03) returned to 8ba7c4ea
*** SHOWDOWN ***
8ba7c4ea collected $0.04 from pot
*** SUMMARY ***
Total pot $0.04 | Rake $0 | Jackpot $0 | Bingo $0 | Fortune $0
Seat 1: bb1989ad folded before Flop (didn't bet)
Seat 2: Hero folded before Flop (didn't bet)
Seat 3: 2b85af6d (button) folded before Flop (didn't bet)
Seat 4: 319c95a8 (small blind) folded before Flop
Seat 5: 8ba7c4ea (big blind) collected ($0.04)
Seat 6: 777a0663 folded before Flop (didn't bet)


Poker Hand #HD1173071846: Hold'em No Limit  ($0.02/$0.05) - 2023/03/23 21:44:08
Table 'NLHBlue86' 6-max Seat #2 is the button
Seat 1: bb1989ad ($7.22 in chips)
Seat 2: Hero ($7.02 in chips)
Seat 3: 2b85af6d ($5.3 in chips)
Seat 4: 319c95a8 ($6.1 in chips)
Seat 5: 8ba7c4ea ($7.99 in chips)
Seat 6: 777a0663 ($5 in chips)
2b85af6d: posts small blind $0.02
319c95a8: posts big blind $0.05
*** HOLE CARDS ***
Dealt to bb1989ad 
Dealt to Hero [3c 9s]
Dealt to 2b85af6d 
Dealt to 319c95a8 
Dealt to 8ba7c4ea 
Dealt to 777a0663 
8ba7c4ea: raises $0.09 to $0.14
777a0663: folds
bb1989ad: calls $0.14
Hero: folds
2b85af6d: folds
319c95a8: folds
*** FLOP *** [7d 3h 5s]
8ba7c4ea: checks
bb1989ad: checks
*** TURN *** [7d 3h 5s] [2c]
8ba7c4ea: checks
bb1989ad: checks
*** RIVER *** [7d 3h 5s 2c] [5c]
8ba7c4ea: checks
bb1989ad: checks
8ba7c4ea: shows [8c Ac] (Pair of Fives)
bb1989ad: shows [Qc Jh] (Pair of Fives)
*** SHOWDOWN ***
8ba7c4ea collected $0.34 from pot
*** SUMMARY ***
Total pot $0.35 | Rake $0.01 | Jackpot $0 | Bingo $0 | Fortune $0
Board [7d 3h 5s 2c 5c]
Seat 1: bb1989ad showed [Qc Jh] and lost with Pair of Fives
Seat 2: Hero (button) folded before Flop (didn't bet)
Seat 3: 2b85af6d (small blind) folded before Flop
Seat 4: 319c95a8 (big blind) folded before Flop
Seat 5: 8ba7c4ea showed [8c Ac] and won ($0.34) with Pair of Fives
Seat 6: 777a0663 folded before Flop (didn't bet)


Poker Hand #HD1173071750: Hold'em No Limit  ($0.02/$0.05) - 2023/03/23 21:43:29
Table 'NLHBlue86' 6-max Seat #1 is the button
Seat 1: bb1989ad ($7.15 in chips)
Seat 2: Hero ($7.04 in chips)
Seat 3: 2b85af6d ($5.35 in chips)
Seat 4: 319c95a8 ($6.1 in chips)
Seat 5: 8ba7c4ea ($7.99 in chips)
Seat 6: 777a0663 ($5 in chips)
Hero: posts small blind $0.02
2b85af6d: posts big blind $0.05
*** HOLE CARDS ***
Dealt to bb1989ad 
Dealt to Hero [2h As]
Dealt to 2b85af6d 
Dealt to 319c95a8 
Dealt to 8ba7c4ea 
Dealt to 777a0663 
319c95a8: folds
8ba7c4ea: folds
777a0663: folds
bb1989ad: raises $0.1 to $0.15
Hero: folds
2b85af6d: folds
Uncalled bet ($0.1) returned to bb1989ad
*** SHOWDOWN ***
bb1989ad collected $0.12 from pot
*** SUMMARY ***
Total pot $0.12 | Rake $0 | Jackpot $0 | Bingo $0 | Fortune $0
Seat 1: bb1989ad (button) collected ($0.12)
Seat 2: Hero (small blind) folded before Flop
Seat 3: 2b85af6d (big blind) folded before Flop
Seat 4: 319c95a8 folded before Flop (didn't bet)
Seat 5: 8ba7c4ea folded before Flop (didn't bet)
Seat 6: 777a0663 folded before Flop (didn't bet)


Poker Hand #HD1173071572: Hold'em No Limit  ($0.02/$0.05) - 2023/03/23 21:42:24
Table 'NLHBlue86' 6-max Seat #6 is the button
Seat 1: bb1989ad ($7.17 in chips)
Seat 2: Hero ($7.9 in chips)
Seat 3: 2b85af6d ($5.35 in chips)
Seat 4: 319c95a8 ($6.1 in chips)
Seat 5: 8ba7c4ea ($7.24 in chips)
Seat 6: 777a0663 ($5 in chips)
bb1989ad: posts small blind $0.02
Hero: posts big blind $0.05
*** HOLE CARDS ***
Dealt to bb1989ad 
Dealt to Hero [As 3s]
Dealt to 2b85af6d 
Dealt to 319c95a8 
Dealt to 8ba7c4ea 
Dealt to 777a0663 
2b85af6d: folds
319c95a8: folds
8ba7c4ea: raises $0.09 to $0.14
777a0663: folds
bb1989ad: folds
Hero: raises $0.34 to $0.48
8ba7c4ea: calls $0.34
*** FLOP *** [5s Jd 7h]
Hero: checks
8ba7c4ea: checks
*** TURN *** [5s Jd 7h] [3c]
Hero: checks
8ba7c4ea: bets $0.38
Hero: calls $0.38
*** RIVER *** [5s Jd 7h 3c] [9c]
Hero: checks
8ba7c4ea: bets $1.31
Hero: folds
Uncalled bet ($1.31) returned to 8ba7c4ea
*** SHOWDOWN ***
8ba7c4ea collected $1.61 from pot
*** SUMMARY ***
Total pot $1.74 | Rake $0.08 | Jackpot $0.05 | Bingo $0 | Fortune $0
Board [5s Jd 7h 3c 9c]
Seat 1: bb1989ad (small blind) folded before Flop
Seat 2: Hero (big blind) folded on the River
Seat 3: 2b85af6d folded before Flop (didn't bet)
Seat 4: 319c95a8 folded before Flop (didn't bet)
Seat 5: 8ba7c4ea won ($1.61)
Seat 6: 777a0663 (button) folded before Flop (didn't bet)


Poker Hand #HD1173071326: Hold'em No Limit  ($0.02/$0.05) - 2023/03/23 21:40:53
Table 'NLHBlue86' 6-max Seat #5 is the button
Seat 1: bb1989ad ($7.12 in chips)
Seat 2: Hero ($7.9 in chips)
Seat 3: 2b85af6d ($5.35 in chips)
Seat 4: 319c95a8 ($6.1 in chips)
Seat 5: 8ba7c4ea ($7.24 in chips)
Seat 6: 777a0663 ($5.05 in chips)
777a0663: posts small blind $0.02
bb1989ad: posts big blind $0.05
*** HOLE CARDS ***
Dealt to bb1989ad 
Dealt to Hero [Qc 2h]
Dealt to 2b85af6d 
Dealt to 319c95a8 
Dealt to 8ba7c4ea 
Dealt to 777a0663 
Hero: folds
2b85af6d: folds
319c95a8: folds
8ba7c4ea: folds
777a0663: calls $0.03
bb1989ad: checks
*** FLOP *** [4h 5c 9h]
777a0663: checks
bb1989ad: checks
*** TURN *** [4h 5c 9h] [Kc]
777a0663: checks
bb1989ad: checks
*** RIVER *** [4h 5c 9h Kc] [4d]
777a0663: checks
bb1989ad: checks
777a0663: shows [Qs 8s] (Pair of Fours)
bb1989ad: shows [7d As] (Pair of Fours)
*** SHOWDOWN ***
bb1989ad collected $0.1 from pot
*** SUMMARY ***
Total pot $0.1 | Rake $0 | Jackpot $0 | Bingo $0 | Fortune $0
Board [4h 5c 9h Kc 4d]
Seat 1: bb1989ad (big blind) showed [7d As] and won ($0.1) with Pair of Fours
Seat 2: Hero folded before Flop (didn't bet)
Seat 3: 2b85af6d folded before Flop (didn't bet)
Seat 4: 319c95a8 folded before Flop (didn't bet)
Seat 5: 8ba7c4ea (button) folded before Flop (didn't bet)
Seat 6: 777a0663 (small blind) showed [Qs 8s] and lost with Pair of Fours


Poker Hand #HD1173071260: Hold'em No Limit  ($0.02/$0.05) - 2023/03/23 21:40:32
Table 'NLHBlue86' 6-max Seat #4 is the button
Seat 1: bb1989ad ($7.05 in chips)
Seat 2: Hero ($7.9 in chips)
Seat 3: 2b85af6d ($5.35 in chips)
Seat 4: 319c95a8 ($6.1 in chips)
Seat 5: 8ba7c4ea ($7.26 in chips)
Seat 6: 777a0663 ($5 in chips)
8ba7c4ea: posts small blind $0.02
777a0663: posts big blind $0.05
*** HOLE CARDS ***
Dealt to bb1989ad 
Dealt to Hero [9h Ad]
Dealt to 2b85af6d 
Dealt to 319c95a8 
Dealt to 8ba7c4ea 
Dealt to 777a0663 
bb1989ad: raises $0.1 to $0.15
Hero: folds
2b85af6d: folds
319c95a8: folds
8ba7c4ea: folds
777a0663: folds
Uncalled bet ($0.1) returned to bb1989ad
*** SHOWDOWN ***
bb1989ad collected $0.12 from pot
*** SUMMARY ***
Total pot $0.12 | Rake $0 | Jackpot $0 | Bingo $0 | Fortune $0
Seat 1: bb1989ad collected ($0.12)
Seat 2: Hero folded before Flop (didn't bet)
Seat 3: 2b85af6d folded before Flop (didn't bet)
Seat 4: 319c95a8 (button) folded before Flop (didn't bet)
Seat 5: 8ba7c4ea (small blind) folded before Flop
Seat 6: 777a0663 (big blind) folded before Flop


Poker Hand #HD1173071208: Hold'em No Limit  ($0.02/$0.05) - 2023/03/23 21:40:13
Table 'NLHBlue86' 6-max Seat #3 is the button
Seat 1: bb1989ad ($7.05 in chips)
Seat 2: Hero ($7.9 in chips)
Seat 3: 2b85af6d ($5.28 in chips)
Seat 4: 319c95a8 ($6.12 in chips)
Seat 5: 8ba7c4ea ($7.31 in chips)
319c95a8: posts small blind $0.02
8ba7c4ea: posts big blind $0.05
*** HOLE CARDS ***
Dealt to bb1989ad 
Dealt to Hero [Qd 9h]
Dealt to 2b85af6d 
Dealt to 319c95a8 
Dealt to 8ba7c4ea 
bb1989ad: folds
Hero: folds
2b85af6d: raises $0.08 to $0.13
319c95a8: folds
8ba7c4ea: folds
Uncalled bet ($0.08) returned to 2b85af6d
*** SHOWDOWN ***
2b85af6d collected $0.12 from pot
*** SUMMARY ***
Total pot $0.12 | Rake $0 | Jackpot $0 | Bingo $0 | Fortune $0
Seat 1: bb1989ad folded before Flop (didn't bet)
Seat 2: Hero folded before Flop (didn't bet)
Seat 3: 2b85af6d (button) collected ($0.12)
Seat 4: 319c95a8 (small blind) folded before Flop
Seat 5: 8ba7c4ea (big blind) folded before Flop


Poker Hand #HD1173071078: Hold'em No Limit  ($0.02/$0.05) - 2023/03/23 21:39:27
Table 'NLHBlue86' 6-max Seat #2 is the button
Seat 1: bb1989ad ($7.05 in chips)
Seat 2: Hero ($7.9 in chips)
Seat 3: 2b85af6d ($5.93 in chips)
Seat 4: 319c95a8 ($5.53 in chips)
Seat 5: 8ba7c4ea ($7.31 in chips)
2b85af6d: posts small blind $0.02
319c95a8: posts big blind $0.05
*** HOLE CARDS ***
Dealt to bb1989ad 
Dealt to Hero [Td 3d]
Dealt to 2b85af6d 
Dealt to 319c95a8 
Dealt to 8ba7c4ea 
8ba7c4ea: folds
bb1989ad: folds
Hero: folds
2b85af6d: raises $0.1 to $0.15
319c95a8: raises $0.5 to $0.65
2b85af6d: calls $0.5
*** FLOP *** [Ts Ad Th]
2b85af6d: checks
319c95a8: bets $0.43
2b85af6d: folds
Uncalled bet ($0.43) returned to 319c95a8
*** SHOWDOWN ***
319c95a8 collected $1.24 from pot
*** SUMMARY ***
Total pot $1.3 | Rake $0.06 | Jackpot $0 | Bingo $0 | Fortune $0
Board [Ts Ad Th]
Seat 1: bb1989ad folded before Flop (didn't bet)
Seat 2: Hero (button) folded before Flop (didn't bet)
Seat 3: 2b85af6d (small blind) folded on the Flop
Seat 4: 319c95a8 (big blind) won ($1.24)
Seat 5: 8ba7c4ea folded before Flop (didn't bet)


Poker Hand #HD1173070854: Hold'em No Limit  ($0.02/$0.05) - 2023/03/23 21:38:00
Table 'NLHBlue86' 6-max Seat #1 is the button
Seat 1: bb1989ad ($5.8 in chips)
Seat 2: Hero ($7.92 in chips)
Seat 3: 2b85af6d ($6.94 in chips)
Seat 4: 319c95a8 ($5.53 in chips)
Seat 5: 8ba7c4ea ($7.31 in chips)
Seat 6: 47509efd ($0.75 in chips)
Hero: posts small blind $0.02
2b85af6d: posts big blind $0.05
*** HOLE CARDS ***
Dealt to bb1989ad 
Dealt to Hero [Tc Kd]
Dealt to 2b85af6d 
Dealt to 319c95a8 
Dealt to 8ba7c4ea 
Dealt to 47509efd 
319c95a8: folds
8ba7c4ea: folds
47509efd: calls $0.05
bb1989ad: raises $0.1 to $0.15
Hero: folds
2b85af6d: raises $0.35 to $0.5
47509efd: calls $0.45
bb1989ad: calls $0.35
*** FLOP *** [4h 5d 9d]
2b85af6d: bets $0.51
47509efd: calls $0.25 and is all-in
bb1989ad: raises $4.79 to $5.3 and is all-in
2b85af6d: folds
Uncalled bet ($4.79) returned to bb1989ad
bb1989ad: shows [9h 9c] (Three Nines)
47509efd: shows [7c 8c] (Nine-High)
bb1989ad: Chooses to EV Cashout 
*** TURN *** [4h 5d 9d] [Qh]
*** RIVER *** [4h 5d 9d Qh] [5h]
bb1989ad: Pays Cashout Risk ($0.35)
*** SHOWDOWN ***
bb1989ad collected $2.11 from pot
bb1989ad collected $0.5 from pot
*** SUMMARY ***
Total pot $2.79 | Rake $0.13 | Jackpot $0.05 | Bingo $0 | Fortune $0
Board [4h 5d 9d Qh 5h]
Seat 1: bb1989ad (button) showed [9h 9c] and won ($2.61) with Nines Full over Fives, Cashout Risk ($0.35)
Seat 2: Hero (small blind) folded before Flop
Seat 3: 2b85af6d (big blind) folded on the Flop
Seat 4: 319c95a8 folded before Flop (didn't bet)
Seat 5: 8ba7c4ea folded before Flop (didn't bet)
Seat 6: 47509efd showed [7c 8c] and lost with Pair of Fives


Poker Hand #HD1173070799: Hold'em No Limit  ($0.02/$0.05) - 2023/03/23 21:37:39
Table 'NLHBlue86' 6-max Seat #6 is the button
Seat 1: bb1989ad ($5.82 in chips)
Seat 2: Hero ($7.9 in chips)
Seat 3: 2b85af6d ($6.94 in chips)
Seat 4: 319c95a8 ($5.53 in chips)
Seat 5: 8ba7c4ea ($7.31 in chips)
Seat 6: 47509efd ($0.75 in chips)
bb1989ad: posts small blind $0.02
Hero: posts big blind $0.05
*** HOLE CARDS ***
Dealt to bb1989ad 
Dealt to Hero [Kd Qh]
Dealt to 2b85af6d 
Dealt to 319c95a8 
Dealt to 8ba7c4ea 
Dealt to 47509efd 
2b85af6d: folds
319c95a8: folds
8ba7c4ea: folds
47509efd: folds
bb1989ad: folds
Uncalled bet ($0.03) returned to Hero
*** SHOWDOWN ***
Hero collected $0.04 from pot
*** SUMMARY ***
Total pot $0.04 | Rake $0 | Jackpot $0 | Bingo $0 | Fortune $0
Seat 1: bb1989ad (small blind) folded before Flop
Seat 2: Hero (big blind) collected ($0.04)
Seat 3: 2b85af6d folded before Flop (didn't bet)
Seat 4: 319c95a8 folded before Flop (didn't bet)
Seat 5: 8ba7c4ea folded before Flop (didn't bet)
Seat 6: 47509efd (button) folded before Flop (didn't bet)


Poker Hand #HD1173070777: Hold'em No Limit  ($0.02/$0.05) - 2023/03/23 21:37:29
Table 'NLHBlue86' 6-max Seat #5 is the button
Seat 1: bb1989ad ($5.8 in chips)
Seat 2: Hero ($7.9 in chips)
Seat 3: 2b85af6d ($6.94 in chips)
Seat 4: 319c95a8 ($5.53 in chips)
Seat 5: 8ba7c4ea ($7.31 in chips)
Seat 6: 47509efd ($0.77 in chips)
47509efd: posts small blind $0.02
bb1989ad: posts big blind $0.05
*** HOLE CARDS ***
Dealt to bb1989ad 
Dealt to Hero [4c Kd]
Dealt to 2b85af6d 
Dealt to 319c95a8 
Dealt to 8ba7c4ea 
Dealt to 47509efd 
Hero: folds
2b85af6d: folds
319c95a8: folds
8ba7c4ea: folds
47509efd: folds
Uncalled bet ($0.03) returned to bb1989ad
*** SHOWDOWN ***
bb1989ad collected $0.04 from pot
*** SUMMARY ***
Total pot $0.04 | Rake $0 | Jackpot $0 | Bingo $0 | Fortune $0
Seat 1: bb1989ad (big blind) collected ($0.04)
Seat 2: Hero folded before Flop (didn't bet)
Seat 3: 2b85af6d folded before Flop (didn't bet)
Seat 4: 319c95a8 folded before Flop (didn't bet)
Seat 5: 8ba7c4ea (button) folded before Flop (didn't bet)
Seat 6: 47509efd (small blind) folded before Flop


Poker Hand #HD1173070687: Hold'em No Limit  ($0.02/$0.05) - 2023/03/23 21:36:52
Table 'NLHBlue86' 6-max Seat #4 is the button
Seat 1: bb1989ad ($5.64 in chips)
Seat 2: Hero ($7.9 in chips)
Seat 3: 2b85af6d ($6.94 in chips)
Seat 4: 319c95a8 ($5.53 in chips)
Seat 5: 8ba7c4ea ($7.33 in chips)
Seat 6: 47509efd ($0.92 in chips)
8ba7c4ea: posts small blind $0.02
47509efd: posts big blind $0.05
*** HOLE CARDS ***
Dealt to bb1989ad 
Dealt to Hero [Kd 4s]
Dealt to 2b85af6d 
Dealt to 319c95a8 
Dealt to 8ba7c4ea 
Dealt to 47509efd 
bb1989ad: raises $0.1 to $0.15
Hero: folds
2b85af6d: folds
319c95a8: folds
8ba7c4ea: folds
47509efd: calls $0.1
*** FLOP *** [Jc 3s Kc]
47509efd: checks
bb1989ad: checks
*** TURN *** [Jc 3s Kc] [6h]
47509efd: checks
bb1989ad: bets $0.16
47509efd: folds
Uncalled bet ($0.16) returned to bb1989ad
*** SHOWDOWN ***
bb1989ad collected $0.31 from pot
*** SUMMARY ***
Total pot $0.32 | Rake $0.01 | Jackpot $0 | Bingo $0 | Fortune $0
Board [Jc 3s Kc 6h]
Seat 1: bb1989ad won ($0.31)
Seat 2: Hero folded before Flop (didn't bet)
Seat 3: 2b85af6d folded before Flop (didn't bet)
Seat 4: 319c95a8 (button) folded before Flop (didn't bet)
Seat 5: 8ba7c4ea (small blind) folded before Flop
Seat 6: 47509efd (big blind) folded on the Turn


Poker Hand #HD1173070546: Hold'em No Limit  ($0.02/$0.05) - 2023/03/23 21:35:57
Table 'NLHBlue86' 6-max Seat #3 is the button
Seat 1: bb1989ad ($5.64 in chips)
Seat 2: Hero ($7.9 in chips)
Seat 3: 2b85af6d ($6.55 in chips)
Seat 4: 319c95a8 ($5.55 in chips)
Seat 5: 8ba7c4ea ($7.38 in chips)
Seat 6: 47509efd ($1.28 in chips)
319c95a8: posts small blind $0.02
8ba7c4ea: posts big blind $0.05
*** HOLE CARDS ***
Dealt to bb1989ad 
Dealt to Hero [5c 8h]
Dealt to 2b85af6d 
Dealt to 319c95a8 
Dealt to 8ba7c4ea 
Dealt to 47509efd 
47509efd: calls $0.05
bb1989ad: folds
Hero: folds
2b85af6d: raises $0.15 to $0.2
319c95a8: folds
8ba7c4ea: folds
47509efd: calls $0.15
*** FLOP *** [Jc 7c Jh]
47509efd: checks
2b85af6d: checks
*** TURN *** [Jc 7c Jh] [6h]
47509efd: bets $0.16
2b85af6d: calls $0.16
*** RIVER *** [Jc 7c Jh 6h] [8s]
47509efd: checks
2b85af6d: bets $6.19 and is all-in
47509efd: folds
Uncalled bet ($6.19) returned to 2b85af6d
*** SHOWDOWN ***
2b85af6d collected $0.75 from pot
*** SUMMARY ***
Total pot $0.79 | Rake $0.04 | Jackpot $0 | Bingo $0 | Fortune $0
Board [Jc 7c Jh 6h 8s]
Seat 1: bb1989ad folded before Flop (didn't bet)
Seat 2: Hero folded before Flop (didn't bet)
Seat 3: 2b85af6d (button) won ($0.75)
Seat 4: 319c95a8 (small blind) folded before Flop
Seat 5: 8ba7c4ea (big blind) folded before Flop
Seat 6: 47509efd folded on the River


Poker Hand #HD1173070411: Hold'em No Limit  ($0.02/$0.05) - 2023/03/23 21:35:06
Table 'NLHBlue86' 6-max Seat #2 is the button
Seat 1: bb1989ad ($5.96 in chips)
Seat 2: Hero ($7.9 in chips)
Seat 3: 2b85af6d ($6.57 in chips)
Seat 4: 319c95a8 ($5.6 in chips)
Seat 5: 8ba7c4ea ($7.02 in chips)
Seat 6: 47509efd ($1.28 in chips)
2b85af6d: posts small blind $0.02
319c95a8: posts big blind $0.05
*** HOLE CARDS ***
Dealt to bb1989ad 
Dealt to Hero [Jh 4d]
Dealt to 2b85af6d 
Dealt to 319c95a8 
Dealt to 8ba7c4ea 
Dealt to 47509efd 
8ba7c4ea: raises $0.09 to $0.14
47509efd: folds
bb1989ad: calls $0.14
Hero: folds
2b85af6d: folds
319c95a8: folds
*** FLOP *** [5h Ks 4c]
8ba7c4ea: checks
bb1989ad: checks
*** TURN *** [5h Ks 4c] [6d]
8ba7c4ea: checks
bb1989ad: checks
*** RIVER *** [5h Ks 4c 6d] [Qs]
8ba7c4ea: checks
bb1989ad: bets $0.18
8ba7c4ea: calls $0.18
bb1989ad: shows [8d Jd] (King-High)
8ba7c4ea: shows [Js Qh] (Pair of Queens)
*** SHOWDOWN ***
8ba7c4ea collected $0.68 from pot
*** SUMMARY ***
Total pot $0.71 | Rake $0.03 | Jackpot $0 | Bingo $0 | Fortune $0
Board [5h Ks 4c 6d Qs]
Seat 1: bb1989ad showed [8d Jd] and lost with King-High
Seat 2: Hero (button) folded before Flop (didn't bet)
Seat 3: 2b85af6d (small blind) folded before Flop
Seat 4: 319c95a8 (big blind) folded before Flop
Seat 5: 8ba7c4ea showed [Js Qh] and won ($0.68) with Pair of Queens
Seat 6: 47509efd folded before Flop (didn't bet)


Poker Hand #HD1173070335: Hold'em No Limit  ($0.02/$0.05) - 2023/03/23 21:34:37
Table 'NLHBlue86' 6-max Seat #1 is the button
Seat 1: bb1989ad ($5.96 in chips)
Seat 2: Hero ($7.77 in chips)
Seat 3: 2b85af6d ($6.71 in chips)
Seat 4: 319c95a8 ($5.6 in chips)
Seat 5: 8ba7c4ea ($7.02 in chips)
Seat 6: 47509efd ($1.28 in chips)
Hero: posts small blind $0.02
2b85af6d: posts big blind $0.05
*** HOLE CARDS ***
Dealt to bb1989ad 
Dealt to Hero [Qd Kh]
Dealt to 2b85af6d 
Dealt to 319c95a8 
Dealt to 8ba7c4ea 
Dealt to 47509efd 
319c95a8: folds
8ba7c4ea: folds
47509efd: folds
bb1989ad: folds
Hero: raises $0.09 to $0.14
2b85af6d: calls $0.09
*** FLOP *** [7c 4c 8s]
Hero: bets $0.14
2b85af6d: folds
Uncalled bet ($0.14) returned to Hero
*** SHOWDOWN ***
Hero collected $0.27 from pot
*** SUMMARY ***
Total pot $0.28 | Rake $0.01 | Jackpot $0 | Bingo $0 | Fortune $0
Board [7c 4c 8s]
Seat 1: bb1989ad (button) folded before Flop (didn't bet)
Seat 2: Hero (small blind) won ($0.27)
Seat 3: 2b85af6d (big blind) folded on the Flop
Seat 4: 319c95a8 folded before Flop (didn't bet)
Seat 5: 8ba7c4ea folded before Flop (didn't bet)
Seat 6: 47509efd folded before Flop (didn't bet)


Poker Hand #HD1173070224: Hold'em No Limit  ($0.02/$0.05) - 2023/03/23 21:33:54
Table 'NLHBlue86' 6-max Seat #6 is the button
Seat 1: bb1989ad ($5.98 in chips)
Seat 2: Hero ($7.82 in chips)
Seat 3: 2b85af6d ($6.64 in chips)
Seat 4: 319c95a8 ($5.6 in chips)
Seat 5: 8ba7c4ea ($7.02 in chips)
Seat 6: 47509efd ($1.28 in chips)
bb1989ad: posts small blind $0.02
Hero: posts big blind $0.05
*** HOLE CARDS ***
Dealt to bb1989ad 
Dealt to Hero [7s Qc]
Dealt to 2b85af6d 
Dealt to 319c95a8 
Dealt to 8ba7c4ea 
Dealt to 47509efd 
2b85af6d: raises $0.08 to $0.13
319c95a8: folds
8ba7c4ea: folds
47509efd: folds
bb1989ad: folds
Hero: folds
Uncalled bet ($0.08) returned to 2b85af6d
*** SHOWDOWN ***
2b85af6d collected $0.12 from pot
*** SUMMARY ***
Total pot $0.12 | Rake $0 | Jackpot $0 | Bingo $0 | Fortune $0
Seat 1: bb1989ad (small blind) folded before Flop
Seat 2: Hero (big blind) folded before Flop
Seat 3: 2b85af6d collected ($0.12)
Seat 4: 319c95a8 folded before Flop (didn't bet)
Seat 5: 8ba7c4ea folded before Flop (didn't bet)
Seat 6: 47509efd (button) folded before Flop (didn't bet)


Poker Hand #HD1173070149: Hold'em No Limit  ($0.02/$0.05) - 2023/03/23 21:33:24
Table 'NLHBlue86' 6-max Seat #5 is the button
Seat 1: bb1989ad ($6.03 in chips)
Seat 2: Hero ($7.82 in chips)
Seat 3: 2b85af6d ($6.57 in chips)
Seat 4: 319c95a8 ($5.6 in chips)
Seat 5: 8ba7c4ea ($7.02 in chips)
Seat 6: 47509efd ($1.3 in chips)
47509efd: posts small blind $0.02
bb1989ad: posts big blind $0.05
*** HOLE CARDS ***
Dealt to bb1989ad 
Dealt to Hero [7h 5h]
Dealt to 2b85af6d 
Dealt to 319c95a8 
Dealt to 8ba7c4ea 
Dealt to 47509efd 
Hero: folds
2b85af6d: raises $0.08 to $0.13
319c95a8: folds
8ba7c4ea: folds
47509efd: folds
bb1989ad: folds
Uncalled bet ($0.08) returned to 2b85af6d
*** SHOWDOWN ***
2b85af6d collected $0.12 from pot
*** SUMMARY ***
Total pot $0.12 | Rake $0 | Jackpot $0 | Bingo $0 | Fortune $0
Seat 1: bb1989ad (big blind) folded before Flop
Seat 2: Hero folded before Flop (didn't bet)
Seat 3: 2b85af6d collected ($0.12)
Seat 4: 319c95a8 folded before Flop (didn't bet)
Seat 5: 8ba7c4ea (button) folded before Flop (didn't bet)
Seat 6: 47509efd (small blind) folded before Flop


Poker Hand #HD1173069961: Hold'em No Limit  ($0.02/$0.05) - 2023/03/23 21:32:13
Table 'NLHBlue86' 6-max Seat #4 is the button
Seat 1: bb1989ad ($5.66 in chips)
Seat 2: Hero ($7.82 in chips)
Seat 3: 2b85af6d ($6.57 in chips)
Seat 4: 319c95a8 ($5.6 in chips)
Seat 5: 8ba7c4ea ($7.04 in chips)
Seat 6: 47509efd ($1.69 in chips)
8ba7c4ea: posts small blind $0.02
47509efd: posts big blind $0.05
*** HOLE CARDS ***
Dealt to bb1989ad 
Dealt to Hero [Ad 6d]
Dealt to 2b85af6d 
Dealt to 319c95a8 
Dealt to 8ba7c4ea 
Dealt to 47509efd 
bb1989ad: raises $0.1 to $0.15
Hero: folds
2b85af6d: folds
319c95a8: folds
8ba7c4ea: folds
47509efd: calls $0.1
*** FLOP *** [8h Ts 3s]
47509efd: checks
bb1989ad: bets $0.24
47509efd: calls $0.24
*** TURN *** [8h Ts 3s] [6c]
47509efd: checks
bb1989ad: bets $0.6
47509efd: folds
Uncalled bet ($0.6) returned to bb1989ad
*** SHOWDOWN ***
bb1989ad collected $0.76 from pot
*** SUMMARY ***
Total pot $0.8 | Rake $0.04 | Jackpot $0 | Bingo $0 | Fortune $0
Board [8h Ts 3s 6c]
Seat 1: bb1989ad won ($0.76)
Seat 2: Hero folded before Flop (didn't bet)
Seat 3: 2b85af6d folded before Flop (didn't bet)
Seat 4: 319c95a8 (button) folded before Flop (didn't bet)
Seat 5: 8ba7c4ea (small blind) folded before Flop
Seat 6: 47509efd (big blind) folded on the Turn


Poker Hand #HD1173069821: Hold'em No Limit  ($0.02/$0.05) - 2023/03/23 21:31:17
Table 'NLHBlue86' 6-max Seat #3 is the button
Seat 1: bb1989ad ($5.66 in chips)
Seat 2: Hero ($7.82 in chips)
Seat 3: 2b85af6d ($7.64 in chips)
Seat 4: 319c95a8 ($5.62 in chips)
Seat 5: 8ba7c4ea ($7.09 in chips)
Seat 6: 47509efd ($1.07 in chips)
319c95a8: posts small blind $0.02
8ba7c4ea: posts big blind $0.05
*** HOLE CARDS ***
Dealt to bb1989ad 
Dealt to Hero [Jc Qd]
Dealt to 2b85af6d 
Dealt to 319c95a8 
Dealt to 8ba7c4ea 
Dealt to 47509efd 
47509efd: calls $0.05
bb1989ad: folds
Hero: folds
2b85af6d: raises $0.15 to $0.2
319c95a8: folds
8ba7c4ea: folds
47509efd: calls $0.15
*** FLOP *** [3d 4h 3h]
47509efd: checks
2b85af6d: bets $0.24
47509efd: calls $0.24
*** TURN *** [3d 4h 3h] [Td]
47509efd: bets $0.32
2b85af6d: raises $0.32 to $0.64
47509efd: calls $0.31 and is all-in
Uncalled bet ($0.01) returned to 2b85af6d
2b85af6d: shows [Kh Ah] (Pair of Treys)
47509efd: shows [3s 5s] (Three Treys)
47509efd: Chooses to EV Cashout 
*** RIVER *** [3d 4h 3h Td] [As]
47509efd: Pays Cashout Risk ($0.34)
*** SHOWDOWN ***
47509efd collected $2.03 from pot
*** SUMMARY ***
Total pot $2.21 | Rake $0.13 | Jackpot $0.05 | Bingo $0 | Fortune $0
Board [3d 4h 3h Td As]
Seat 1: bb1989ad folded before Flop (didn't bet)
Seat 2: Hero folded before Flop (didn't bet)
Seat 3: 2b85af6d (button) showed [Kh Ah] and lost with Pair of Aces and Pair of Treys
Seat 4: 319c95a8 (small blind) folded before Flop
Seat 5: 8ba7c4ea (big blind) folded before Flop
Seat 6: 47509efd showed [3s 5s] and won ($2.03) with Three Treys, Cashout Risk ($0.34)


Poker Hand #HD1173069698: Hold'em No Limit  ($0.02/$0.05) - 2023/03/23 21:30:33
Table 'NLHBlue86' 6-max Seat #2 is the button
Seat 1: bb1989ad ($5.66 in chips)
Seat 2: Hero ($7.82 in chips)
Seat 3: 2b85af6d ($7.66 in chips)
Seat 4: 319c95a8 ($5.67 in chips)
Seat 5: 8ba7c4ea ($7.09 in chips)
Seat 6: 47509efd ($1 in chips)
2b85af6d: posts small blind $0.02
319c95a8: posts big blind $0.05
*** HOLE CARDS ***
Dealt to bb1989ad 
Dealt to Hero [4s 7d]
Dealt to 2b85af6d 
Dealt to 319c95a8 
Dealt to 8ba7c4ea 
Dealt to 47509efd 
8ba7c4ea: folds
47509efd: calls $0.05
bb1989ad: folds
Hero: folds
2b85af6d: folds
319c95a8: checks
*** FLOP *** [Kh Ad 3c]
319c95a8: checks
47509efd: checks
*** TURN *** [Kh Ad 3c] [9d]
319c95a8: checks
47509efd: checks
*** RIVER *** [Kh Ad 3c 9d] [Kc]
319c95a8: checks
47509efd: checks
319c95a8: shows [8d 2h] (Pair of Kings)
47509efd: shows [8s Ts] (Pair of Kings)
*** SHOWDOWN ***
47509efd collected $0.12 from pot
*** SUMMARY ***
Total pot $0.12 | Rake $0 | Jackpot $0 | Bingo $0 | Fortune $0
Board [Kh Ad 3c 9d Kc]
Seat 1: bb1989ad folded before Flop (didn't bet)
Seat 2: Hero (button) folded before Flop (didn't bet)
Seat 3: 2b85af6d (small blind) folded before Flop
Seat 4: 319c95a8 (big blind) showed [8d 2h] and lost with Pair of Kings
Seat 5: 8ba7c4ea folded before Flop (didn't bet)
Seat 6: 47509efd showed [8s Ts] and won ($0.12) with Pair of Kings


Poker Hand #HD1173069617: Hold'em No Limit  ($0.02/$0.05) - 2023/03/23 21:30:05
Table 'NLHBlue86' 6-max Seat #1 is the button
Seat 1: bb1989ad ($5.66 in chips)
Seat 2: Hero ($7.84 in chips)
Seat 3: 2b85af6d ($7.64 in chips)
Seat 4: 319c95a8 ($5.67 in chips)
Seat 5: 8ba7c4ea ($7.09 in chips)
Hero: posts small blind $0.02
2b85af6d: posts big blind $0.05
*** HOLE CARDS ***
Dealt to bb1989ad 
Dealt to Hero [8s 5h]
Dealt to 2b85af6d 
Dealt to 319c95a8 
Dealt to 8ba7c4ea 
319c95a8: folds
8ba7c4ea: folds
bb1989ad: folds
Hero: folds
Uncalled bet ($0.03) returned to 2b85af6d
*** SHOWDOWN ***
2b85af6d collected $0.04 from pot
*** SUMMARY ***
Total pot $0.04 | Rake $0 | Jackpot $0 | Bingo $0 | Fortune $0
Seat 1: bb1989ad (button) folded before Flop (didn't bet)
Seat 2: Hero (small blind) folded before Flop
Seat 3: 2b85af6d (big blind) collected ($0.04)
Seat 4: 319c95a8 folded before Flop (didn't bet)
Seat 5: 8ba7c4ea folded before Flop (didn't bet)


Poker Hand #HD1173069417: Hold'em No Limit  ($0.02/$0.05) - 2023/03/23 21:28:51
Table 'NLHBlue86' 6-max Seat #5 is the button
Seat 1: bb1989ad ($5.35 in chips)
Seat 2: Hero ($7.84 in chips)
Seat 3: 2b85af6d ($7.64 in chips)
Seat 4: 319c95a8 ($5.67 in chips)
Seat 5: 8ba7c4ea ($7.09 in chips)
Seat 6: 47509efd ($0.7 in chips)
47509efd: posts small blind $0.02
bb1989ad: posts big blind $0.05
*** HOLE CARDS ***
Dealt to bb1989ad 
Dealt to Hero [7h Kd]
Dealt to 2b85af6d 
Dealt to 319c95a8 
Dealt to 8ba7c4ea 
Dealt to 47509efd 
Hero: folds
2b85af6d: folds
319c95a8: folds
8ba7c4ea: folds
47509efd: calls $0.03
bb1989ad: raises $0.1 to $0.15
47509efd: calls $0.1
*** FLOP *** [7d 4d 9c]
47509efd: bets $0.1
bb1989ad: raises $0.25 to $0.35
47509efd: calls $0.25
*** TURN *** [7d 4d 9c] [7c]
47509efd: checks
bb1989ad: bets $0.33
47509efd: calls $0.2 and is all-in
Uncalled bet ($0.13) returned to bb1989ad
bb1989ad: shows [Kc Kh] (Pair of Kings and Pair of Sevens)
47509efd: shows [9d 8d] (Pair of Nines and Pair of Sevens)
bb1989ad: Chooses to EV Cashout 
*** RIVER *** [7d 4d 9c 7c] [3c]
bb1989ad: Pays Cashout Risk ($0.32)
*** SHOWDOWN ***
bb1989ad collected $1.33 from pot
*** SUMMARY ***
Total pot $1.4 | Rake $0.07 | Jackpot $0 | Bingo $0 | Fortune $0
Board [7d 4d 9c 7c 3c]
Seat 1: bb1989ad (big blind) showed [Kc Kh] and won ($1.33) with Pair of Kings and Pair of Sevens, Cashout Risk ($0.32)
Seat 2: Hero folded before Flop (didn't bet)
Seat 3: 2b85af6d folded before Flop (didn't bet)
Seat 4: 319c95a8 folded before Flop (didn't bet)
Seat 5: 8ba7c4ea (button) folded before Flop (didn't bet)
Seat 6: 47509efd (small blind) showed [9d 8d] and lost with Pair of Nines and Pair of Sevens


Poker Hand #HD1173069237: Hold'em No Limit  ($0.02/$0.05) - 2023/03/23 21:27:46
Table 'NLHBlue86' 6-max Seat #4 is the button
Seat 1: bb1989ad ($4.93 in chips)
Seat 2: Hero ($7.84 in chips)
Seat 3: 2b85af6d ($7.64 in chips)
Seat 4: 319c95a8 ($5.67 in chips)
Seat 5: 8ba7c4ea ($7.24 in chips)
Seat 6: 47509efd ($1 in chips)
8ba7c4ea: posts small blind $0.02
47509efd: posts big blind $0.05
*** HOLE CARDS ***
Dealt to bb1989ad 
Dealt to Hero [4h Ks]
Dealt to 2b85af6d 
Dealt to 319c95a8 
Dealt to 8ba7c4ea 
Dealt to 47509efd 
bb1989ad: raises $0.1 to $0.15
Hero: folds
2b85af6d: folds
319c95a8: folds
8ba7c4ea: calls $0.13
47509efd: calls $0.1
*** FLOP *** [2h 2d 6d]
8ba7c4ea: checks
47509efd: checks
bb1989ad: checks
*** TURN *** [2h 2d 6d] [5s]
8ba7c4ea: checks
47509efd: checks
bb1989ad: checks
*** RIVER *** [2h 2d 6d 5s] [Qs]
8ba7c4ea: checks
47509efd: bets $0.15
bb1989ad: calls $0.15
8ba7c4ea: folds
47509efd: shows [Ac 9h] (Pair of Twos)
bb1989ad: shows [Js Ah] (Pair of Twos)
*** SHOWDOWN ***
bb1989ad collected $0.72 from pot
*** SUMMARY ***
Total pot $0.75 | Rake $0.03 | Jackpot $0 | Bingo $0 | Fortune $0
Board [2h 2d 6d 5s Qs]
Seat 1: bb1989ad showed [Js Ah] and won ($0.72) with Pair of Twos
Seat 2: Hero folded before Flop (didn't bet)
Seat 3: 2b85af6d folded before Flop (didn't bet)
Seat 4: 319c95a8 (button) folded before Flop (didn't bet)
Seat 5: 8ba7c4ea (small blind) folded on the River
Seat 6: 47509efd (big blind) showed [Ac 9h] and lost with Pair of Twos


Poker Hand #HD1173069128: Hold'em No Limit  ($0.02/$0.05) - 2023/03/23 21:27:06
Table 'NLHBlue86' 6-max Seat #3 is the button
Seat 1: bb1989ad ($4.93 in chips)
Seat 2: Hero ($7.84 in chips)
Seat 3: 2b85af6d ($7.64 in chips)
Seat 4: 319c95a8 ($5.82 in chips)
Seat 5: 8ba7c4ea ($7.1 in chips)
319c95a8: posts small blind $0.02
8ba7c4ea: posts big blind $0.05
*** HOLE CARDS ***
Dealt to bb1989ad 
Dealt to Hero [Jc 5h]
Dealt to 2b85af6d 
Dealt to 319c95a8 
Dealt to 8ba7c4ea 
bb1989ad: folds
Hero: folds
2b85af6d: folds
319c95a8: raises $0.1 to $0.15
8ba7c4ea: calls $0.1
*** FLOP *** [6s 2h 3s]
319c95a8: checks
8ba7c4ea: checks
*** TURN *** [6s 2h 3s] [3d]
319c95a8: checks
8ba7c4ea: checks
*** RIVER *** [6s 2h 3s 3d] [2d]
319c95a8: checks
8ba7c4ea: checks
319c95a8: shows [8d Jd] (Pair of Treys and Pair of Twos)
8ba7c4ea: shows [Ad 8c] (Pair of Treys and Pair of Twos)
*** SHOWDOWN ***
8ba7c4ea collected $0.29 from pot
*** SUMMARY ***
Total pot $0.3 | Rake $0.01 | Jackpot $0 | Bingo $0 | Fortune $0
Board [6s 2h 3s 3d 2d]
Seat 1: bb1989ad folded before Flop (didn't bet)
Seat 2: Hero folded before Flop (didn't bet)
Seat 3: 2b85af6d (button) folded before Flop (didn't bet)
Seat 4: 319c95a8 (small blind) showed [8d Jd] and lost with Pair of Treys and Pair of Twos
Seat 5: 8ba7c4ea (big blind) showed [Ad 8c] and won ($0.29) with Pair of Treys and Pair of Twos


Poker Hand #HD1173068954: Hold'em No Limit  ($0.02/$0.05) - 2023/03/23 21:25:56
Table 'NLHBlue86' 6-max Seat #2 is the button
Seat 1: bb1989ad ($4.93 in chips)
Seat 2: Hero ($7.84 in chips)
Seat 3: 2b85af6d ($7.66 in chips)
Seat 4: 319c95a8 ($5 in chips)
Seat 5: 8ba7c4ea ($8.04 in chips)
Seat 6: 9b05a062 ($5.07 in chips)
2b85af6d: posts small blind $0.02
319c95a8: posts big blind $0.05
*** HOLE CARDS ***
Dealt to bb1989ad 
Dealt to Hero [4s 9d]
Dealt to 2b85af6d 
Dealt to 319c95a8 
Dealt to 8ba7c4ea 
Dealt to 9b05a062 
8ba7c4ea: raises $0.09 to $0.14
9b05a062: folds
bb1989ad: folds
Hero: folds
2b85af6d: folds
319c95a8: calls $0.09
*** FLOP *** [Ts 2d 9h]
319c95a8: checks
8ba7c4ea: bets $0.23
319c95a8: raises $0.57 to $0.8
8ba7c4ea: calls $0.57
*** TURN *** [Ts 2d 9h] [2c]
319c95a8: bets $2.28
8ba7c4ea: folds
Uncalled bet ($2.28) returned to 319c95a8
*** SHOWDOWN ***
319c95a8 collected $1.76 from pot
*** SUMMARY ***
Total pot $1.9 | Rake $0.09 | Jackpot $0.05 | Bingo $0 | Fortune $0
Board [Ts 2d 9h 2c]
Seat 1: bb1989ad folded before Flop (didn't bet)
Seat 2: Hero (button) folded before Flop (didn't bet)
Seat 3: 2b85af6d (small blind) folded before Flop
Seat 4: 319c95a8 (big blind) won ($1.76)
Seat 5: 8ba7c4ea folded on the Turn
Seat 6: 9b05a062 folded before Flop (didn't bet)


Poker Hand #HD1173068881: Hold'em No Limit  ($0.02/$0.05) - 2023/03/23 21:25:31
Table 'NLHBlue86' 6-max Seat #1 is the button
Seat 1: bb1989ad ($4.93 in chips)
Seat 2: Hero ($7.79 in chips)
Seat 3: 2b85af6d ($7.71 in chips)
Seat 4: 319c95a8 ($5 in chips)
Seat 5: 8ba7c4ea ($8.04 in chips)
Seat 6: 9b05a062 ($5.07 in chips)
Hero: posts small blind $0.02
2b85af6d: posts big blind $0.05
*** HOLE CARDS ***
Dealt to bb1989ad 
Dealt to Hero [Qs Kc]
Dealt to 2b85af6d 
Dealt to 319c95a8 
Dealt to 8ba7c4ea 
Dealt to 9b05a062 
319c95a8: folds
8ba7c4ea: folds
9b05a062: folds
bb1989ad: folds
Hero: raises $0.09 to $0.14
2b85af6d: folds
Uncalled bet ($0.09) returned to Hero
*** SHOWDOWN ***
Hero collected $0.1 from pot
*** SUMMARY ***
Total pot $0.1 | Rake $0 | Jackpot $0 | Bingo $0 | Fortune $0
Seat 1: bb1989ad (button) folded before Flop (didn't bet)
Seat 2: Hero (small blind) collected ($0.1)
Seat 3: 2b85af6d (big blind) folded before Flop
Seat 4: 319c95a8 folded before Flop (didn't bet)
Seat 5: 8ba7c4ea folded before Flop (didn't bet)
Seat 6: 9b05a062 folded before Flop (didn't bet)


Poker Hand #HD1173068810: Hold'em No Limit  ($0.02/$0.05) - 2023/03/23 21:25:05
Table 'NLHBlue86' 6-max Seat #6 is the button
Seat 1: bb1989ad ($4.95 in chips)
Seat 2: Hero ($7.84 in chips)
Seat 3: 2b85af6d ($7.71 in chips)
Seat 4: 319c95a8 ($5 in chips)
Seat 5: 8ba7c4ea ($8.04 in chips)
Seat 6: 9b05a062 ($5 in chips)
bb1989ad: posts small blind $0.02
Hero: posts big blind $0.05
*** HOLE CARDS ***
Dealt to bb1989ad 
Dealt to Hero [4h 9c]
Dealt to 2b85af6d 
Dealt to 319c95a8 
Dealt to 8ba7c4ea 
Dealt to 9b05a062 
2b85af6d: folds
319c95a8: folds
8ba7c4ea: folds
9b05a062: raises $0.08 to $0.13
bb1989ad: folds
Hero: folds
Uncalled bet ($0.08) returned to 9b05a062
*** SHOWDOWN ***
9b05a062 collected $0.12 from pot
*** SUMMARY ***
Total pot $0.12 | Rake $0 | Jackpot $0 | Bingo $0 | Fortune $0
Seat 1: bb1989ad (small blind) folded before Flop
Seat 2: Hero (big blind) folded before Flop
Seat 3: 2b85af6d folded before Flop (didn't bet)
Seat 4: 319c95a8 folded before Flop (didn't bet)
Seat 5: 8ba7c4ea folded before Flop (didn't bet)
Seat 6: 9b05a062 (button) collected ($0.12)


Poker Hand #HD1173068706: Hold'em No Limit  ($0.02/$0.05) - 2023/03/23 21:24:23
Table 'NLHBlue86' 6-max Seat #5 is the button
Seat 1: bb1989ad ($5 in chips)
Seat 2: Hero ($7.84 in chips)
Seat 3: 2b85af6d ($7.71 in chips)
Seat 4: 319c95a8 ($5 in chips)
Seat 5: 8ba7c4ea ($7.58 in chips)
Seat 6: 9b05a062 ($5.12 in chips)
9b05a062: posts small blind $0.02
bb1989ad: posts big blind $0.05
*** HOLE CARDS ***
Dealt to bb1989ad 
Dealt to Hero [Td 7s]
Dealt to 2b85af6d 
Dealt to 319c95a8 
Dealt to 8ba7c4ea 
Dealt to 9b05a062 
Hero: folds
2b85af6d: folds
319c95a8: folds
8ba7c4ea: raises $0.09 to $0.14
9b05a062: raises $0.31 to $0.45
bb1989ad: folds
8ba7c4ea: raises $0.72 to $1.17
9b05a062: folds
Uncalled bet ($0.72) returned to 8ba7c4ea
*** SHOWDOWN ***
8ba7c4ea collected $0.91 from pot
*** SUMMARY ***
Total pot $0.95 | Rake $0.04 | Jackpot $0 | Bingo $0 | Fortune $0
Seat 1: bb1989ad (big blind) folded before Flop
Seat 2: Hero folded before Flop (didn't bet)
Seat 3: 2b85af6d folded before Flop (didn't bet)
Seat 4: 319c95a8 folded before Flop (didn't bet)
Seat 5: 8ba7c4ea (button) collected ($0.91)
Seat 6: 9b05a062 (small blind) folded before Flop


Poker Hand #HD1173068662: Hold'em No Limit  ($0.02/$0.05) - 2023/03/23 21:24:08
Table 'NLHBlue86' 6-max Seat #4 is the button
Seat 2: Hero ($7.84 in chips)
Seat 3: 2b85af6d ($7.71 in chips)
Seat 4: 319c95a8 ($5 in chips)
Seat 5: 8ba7c4ea ($7.53 in chips)
Seat 6: 9b05a062 ($5.17 in chips)
8ba7c4ea: posts small blind $0.02
9b05a062: posts big blind $0.05
*** HOLE CARDS ***
Dealt to Hero [Tc 4s]
Dealt to 2b85af6d 
Dealt to 319c95a8 
Dealt to 8ba7c4ea 
Dealt to 9b05a062 
Hero: folds
2b85af6d: folds
319c95a8: folds
8ba7c4ea: raises $0.09 to $0.14
9b05a062: folds
Uncalled bet ($0.09) returned to 8ba7c4ea
*** SHOWDOWN ***
8ba7c4ea collected $0.1 from pot
*** SUMMARY ***
Total pot $0.1 | Rake $0 | Jackpot $0 | Bingo $0 | Fortune $0
Seat 2: Hero folded before Flop (didn't bet)
Seat 3: 2b85af6d folded before Flop (didn't bet)
Seat 4: 319c95a8 (button) folded before Flop (didn't bet)
Seat 5: 8ba7c4ea (small blind) collected ($0.1)
Seat 6: 9b05a062 (big blind) folded before Flop


Poker Hand #HD1173068618: Hold'em No Limit  ($0.02/$0.05) - 2023/03/23 21:23:50
Table 'NLHBlue86' 6-max Seat #3 is the button
Seat 2: Hero ($7.77 in chips)
Seat 3: 2b85af6d ($7.71 in chips)
Seat 4: 319c95a8 ($5.02 in chips)
Seat 5: 8ba7c4ea ($7.58 in chips)
Seat 6: 9b05a062 ($5.17 in chips)
319c95a8: posts small blind $0.02
8ba7c4ea: posts big blind $0.05
*** HOLE CARDS ***
Dealt to Hero [9d Td]
Dealt to 2b85af6d 
Dealt to 319c95a8 
Dealt to 8ba7c4ea 
Dealt to 9b05a062 
9b05a062: folds
Hero: raises $0.07 to $0.12
2b85af6d: folds
319c95a8: folds
8ba7c4ea: folds
Uncalled bet ($0.07) returned to Hero
*** SHOWDOWN ***
Hero collected $0.12 from pot
*** SUMMARY ***
Total pot $0.12 | Rake $0 | Jackpot $0 | Bingo $0 | Fortune $0
Seat 2: Hero collected ($0.12)
Seat 3: 2b85af6d (button) folded before Flop (didn't bet)
Seat 4: 319c95a8 (small blind) folded before Flop
Seat 5: 8ba7c4ea (big blind) folded before Flop
Seat 6: 9b05a062 folded before Flop (didn't bet)


Poker Hand #HD1173068580: Hold'em No Limit  ($0.02/$0.05) - 2023/03/23 21:23:34
Table 'NLHBlue86' 6-max Seat #2 is the button
Seat 2: Hero ($7.77 in chips)
Seat 3: 2b85af6d ($7.73 in chips)
Seat 4: 319c95a8 ($5 in chips)
Seat 5: 8ba7c4ea ($7.58 in chips)
Seat 6: 9b05a062 ($5.17 in chips)
2b85af6d: posts small blind $0.02
319c95a8: posts big blind $0.05
*** HOLE CARDS ***
Dealt to Hero [8s 6c]
Dealt to 2b85af6d 
Dealt to 319c95a8 
Dealt to 8ba7c4ea 
Dealt to 9b05a062 
8ba7c4ea: folds
9b05a062: folds
Hero: folds
2b85af6d: folds
Uncalled bet ($0.03) returned to 319c95a8
*** SHOWDOWN ***
319c95a8 collected $0.04 from pot
*** SUMMARY ***
Total pot $0.04 | Rake $0 | Jackpot $0 | Bingo $0 | Fortune $0
Seat 2: Hero (button) folded before Flop (didn't bet)
Seat 3: 2b85af6d (small blind) folded before Flop
Seat 4: 319c95a8 (big blind) collected ($0.04)
Seat 5: 8ba7c4ea folded before Flop (didn't bet)
Seat 6: 9b05a062 folded before Flop (didn't bet)


Poker Hand #HD1173068514: Hold'em No Limit  ($0.02/$0.05) - 2023/03/23 21:23:11
Table 'NLHBlue86' 6-max Seat #1 is the button
Seat 1: bf8e165 ($7.15 in chips)
Seat 2: Hero ($7.79 in chips)
Seat 3: 2b85af6d ($7.6 in chips)
Seat 5: 8ba7c4ea ($7.58 in chips)
Seat 6: 9b05a062 ($5.17 in chips)
Hero: posts small blind $0.02
2b85af6d: posts big blind $0.05
*** HOLE CARDS ***
Dealt to bf8e165 
Dealt to Hero [2c 2d]
Dealt to 2b85af6d 
Dealt to 8ba7c4ea 
Dealt to 9b05a062 
8ba7c4ea: folds
9b05a062: folds
bf8e165: raises $0.07 to $0.12
Hero: folds
2b85af6d: raises $0.37 to $0.49
bf8e165: folds
Uncalled bet ($0.37) returned to 2b85af6d
*** SHOWDOWN ***
2b85af6d collected $0.25 from pot
*** SUMMARY ***
Total pot $0.26 | Rake $0.01 | Jackpot $0 | Bingo $0 | Fortune $0
Seat 1: bf8e165 (button) folded before Flop
Seat 2: Hero (small blind) folded before Flop
Seat 3: 2b85af6d (big blind) collected ($0.25)
Seat 5: 8ba7c4ea folded before Flop (didn't bet)
Seat 6: 9b05a062 folded before Flop (didn't bet)


Poker Hand #HD1173068352: Hold'em No Limit  ($0.02/$0.05) - 2023/03/23 21:22:06
Table 'NLHBlue86' 6-max Seat #6 is the button
Seat 1: bf8e165 ($7.81 in chips)
Seat 2: Hero ($7.84 in chips)
Seat 3: 2b85af6d ($7.6 in chips)
Seat 5: 8ba7c4ea ($6.93 in chips)
Seat 6: 9b05a062 ($5.17 in chips)
bf8e165: posts small blind $0.02
Hero: posts big blind $0.05
*** HOLE CARDS ***
Dealt to bf8e165 
Dealt to Hero [5s 3s]
Dealt to 2b85af6d 
Dealt to 8ba7c4ea 
Dealt to 9b05a062 
2b85af6d: folds
8ba7c4ea: raises $0.09 to $0.14
9b05a062: folds
bf8e165: raises $0.52 to $0.66
Hero: folds
8ba7c4ea: calls $0.52
*** FLOP *** [5h 4h 5d]
bf8e165: checks
8ba7c4ea: checks
*** TURN *** [5h 4h 5d] [Tc]
bf8e165: checks
8ba7c4ea: bets $0.51
bf8e165: folds
Uncalled bet ($0.51) returned to 8ba7c4ea
*** SHOWDOWN ***
8ba7c4ea collected $1.31 from pot
*** SUMMARY ***
Total pot $1.37 | Rake $0.06 | Jackpot $0 | Bingo $0 | Fortune $0
Board [5h 4h 5d Tc]
Seat 1: bf8e165 (small blind) folded on the Turn
Seat 2: Hero (big blind) folded before Flop
Seat 3: 2b85af6d folded before Flop (didn't bet)
Seat 5: 8ba7c4ea won ($1.31)
Seat 6: 9b05a062 (button) folded before Flop (didn't bet)


Poker Hand #HD1173068317: Hold'em No Limit  ($0.02/$0.05) - 2023/03/23 21:21:55
Table 'NLHBlue86' 6-max Seat #5 is the button
Seat 1: bf8e165 ($7.86 in chips)
Seat 2: Hero ($7.84 in chips)
Seat 3: 2b85af6d ($7.53 in chips)
Seat 5: 8ba7c4ea ($6.93 in chips)
Seat 6: 9b05a062 ($5.19 in chips)
9b05a062: posts small blind $0.02
bf8e165: posts big blind $0.05
*** HOLE CARDS ***
Dealt to bf8e165 
Dealt to Hero [8d 2h]
Dealt to 2b85af6d 
Dealt to 8ba7c4ea 
Dealt to 9b05a062 
Hero: folds
2b85af6d: raises $0.08 to $0.13
8ba7c4ea: folds
9b05a062: folds
bf8e165: folds
Uncalled bet ($0.08) returned to 2b85af6d
*** SHOWDOWN ***
2b85af6d collected $0.12 from pot
*** SUMMARY ***
Total pot $0.12 | Rake $0 | Jackpot $0 | Bingo $0 | Fortune $0
Seat 1: bf8e165 (big blind) folded before Flop
Seat 2: Hero folded before Flop (didn't bet)
Seat 3: 2b85af6d collected ($0.12)
Seat 5: 8ba7c4ea (button) folded before Flop (didn't bet)
Seat 6: 9b05a062 (small blind) folded before Flop


Poker Hand #HD1173068250: Hold'em No Limit  ($0.02/$0.05) - 2023/03/23 21:21:28
Table 'NLHBlue86' 6-max Seat #3 is the button
Seat 1: bf8e165 ($7.99 in chips)
Seat 2: Hero ($7.84 in chips)
Seat 3: 2b85af6d ($7.53 in chips)
Seat 4: ae201261 ($7.71 in chips)
Seat 5: 8ba7c4ea ($6.98 in chips)
Seat 6: 9b05a062 ($5 in chips)
ae201261: posts small blind $0.02
8ba7c4ea: posts big blind $0.05
*** HOLE CARDS ***
Dealt to bf8e165 
Dealt to Hero [8s 5s]
Dealt to 2b85af6d 
Dealt to ae201261 
Dealt to 8ba7c4ea 
Dealt to 9b05a062 
9b05a062: raises $0.08 to $0.13
bf8e165: calls $0.13
Hero: folds
2b85af6d: folds
ae201261: folds
8ba7c4ea: folds
*** FLOP *** [6s 6h Tc]
9b05a062: bets $0.17
bf8e165: folds
Uncalled bet ($0.17) returned to 9b05a062
*** SHOWDOWN ***
9b05a062 collected $0.32 from pot
*** SUMMARY ***
Total pot $0.33 | Rake $0.01 | Jackpot $0 | Bingo $0 | Fortune $0
Board [6s 6h Tc]
Seat 1: bf8e165 folded on the Flop
Seat 2: Hero folded before Flop (didn't bet)
Seat 3: 2b85af6d (button) folded before Flop (didn't bet)
Seat 4: ae201261 (small blind) folded before Flop
Seat 5: 8ba7c4ea (big blind) folded before Flop
Seat 6: 9b05a062 won ($0.32)


Poker Hand #HD1173068056: Hold'em No Limit  ($0.02/$0.05) - 2023/03/23 21:20:13
Table 'NLHBlue86' 6-max Seat #2 is the button
Seat 1: bf8e165 ($7.99 in chips)
Seat 2: Hero ($7.84 in chips)
Seat 3: 2b85af6d ($7.55 in chips)
Seat 4: ae201261 ($4.07 in chips)
Seat 5: 8ba7c4ea ($6.98 in chips)
Seat 6: 9b05a062 ($5 in chips)
2b85af6d: posts small blind $0.02
ae201261: posts big blind $0.05
*** HOLE CARDS ***
Dealt to bf8e165 
Dealt to Hero [6h 8c]
Dealt to 2b85af6d 
Dealt to ae201261 
Dealt to 8ba7c4ea 
Dealt to 9b05a062 
8ba7c4ea: folds
9b05a062: raises $0.08 to $0.13
bf8e165: folds
Hero: folds
2b85af6d: folds
ae201261: calls $0.08
*** FLOP *** [Js Ah Qd]
ae201261: checks
9b05a062: bets $0.14
ae201261: calls $0.14
*** TURN *** [Js Ah Qd] [4d]
ae201261: checks
9b05a062: bets $0.75
ae201261: raises $1.03 to $1.78
9b05a062: raises $2.95 to $4.73 and is all-in
ae201261: calls $2.02 and is all-in
Uncalled bet ($0.93) returned to 9b05a062
9b05a062: shows [5d Ad] (Pair of Aces)
ae201261: shows [Kd Td] (Aces-High Straight)
*** RIVER *** [Js Ah Qd 4d] [6s]
*** SHOWDOWN ***
ae201261 collected $7.71 from pot
*** SUMMARY ***
Total pot $8.16 | Rake $0.4 | Jackpot $0.05 | Bingo $0 | Fortune $0
Board [Js Ah Qd 4d 6s]
Seat 1: bf8e165 folded before Flop (didn't bet)
Seat 2: Hero (button) folded before Flop (didn't bet)
Seat 3: 2b85af6d (small blind) folded before Flop
Seat 4: ae201261 (big blind) showed [Kd Td] and won ($7.71) with Aces-High Straight
Seat 5: 8ba7c4ea folded before Flop (didn't bet)
Seat 6: 9b05a062 showed [5d Ad] and lost with Pair of Aces


Poker Hand #HD1173067961: Hold'em No Limit  ($0.02/$0.05) - 2023/03/23 21:19:40
Table 'NLHBlue86' 6-max Seat #1 is the button
Seat 1: bf8e165 ($9.16 in chips)
Seat 2: Hero ($7.86 in chips)
Seat 3: 2b85af6d ($6.4 in chips)
Seat 4: ae201261 ($4.07 in chips)
Seat 5: 8ba7c4ea ($6.98 in chips)
Seat 6: 9b05a062 ($5 in chips)
Hero: posts small blind $0.02
2b85af6d: posts big blind $0.05
*** HOLE CARDS ***
Dealt to bf8e165 
Dealt to Hero [5c 3s]
Dealt to 2b85af6d 
Dealt to ae201261 
Dealt to 8ba7c4ea 
Dealt to 9b05a062 
ae201261: folds
8ba7c4ea: folds
9b05a062: raises $0.08 to $0.13
bf8e165: raises $0.22 to $0.35
Hero: folds
2b85af6d: raises $0.82 to $1.17
9b05a062: folds
bf8e165: calls $0.82
*** FLOP *** [Ad 4h 4s]
2b85af6d: bets $0.83
bf8e165: folds
Uncalled bet ($0.83) returned to 2b85af6d
2b85af6d: shows [Kc]
*** SHOWDOWN ***
2b85af6d collected $2.32 from pot
*** SUMMARY ***
Total pot $2.49 | Rake $0.12 | Jackpot $0.05 | Bingo $0 | Fortune $0
Board [Ad 4h 4s]
Seat 1: bf8e165 (button) folded on the Flop
Seat 2: Hero (small blind) folded before Flop
Seat 3: 2b85af6d (big blind) showed [Kh Kc] and won ($2.32) with Pair of Kings and Pair of Fours
Seat 4: ae201261 folded before Flop (didn't bet)
Seat 5: 8ba7c4ea folded before Flop (didn't bet)
Seat 6: 9b05a062 folded before Flop


Poker Hand #HD1173067853: Hold'em No Limit  ($0.02/$0.05) - 2023/03/23 21:18:58
Table 'NLHBlue86' 6-max Seat #6 is the button
Seat 1: bf8e165 ($9.18 in chips)
Seat 2: Hero ($7.72 in chips)
Seat 3: 2b85af6d ($6.4 in chips)
Seat 4: ae201261 ($4.07 in chips)
Seat 5: 8ba7c4ea ($6.98 in chips)
Seat 6: 9b05a062 ($5.03 in chips)
bf8e165: posts small blind $0.02
Hero: posts big blind $0.05
*** HOLE CARDS ***
Dealt to bf8e165 
Dealt to Hero [Qd Kh]
Dealt to 2b85af6d 
Dealt to ae201261 
Dealt to 8ba7c4ea 
Dealt to 9b05a062 
2b85af6d: folds
ae201261: folds
8ba7c4ea: folds
9b05a062: raises $0.08 to $0.13
bf8e165: folds
Hero: calls $0.08
*** FLOP *** [Qc 2d 6h]
Hero: checks
9b05a062: checks
*** TURN *** [Qc 2d 6h] [Ah]
Hero: bets $0.14
9b05a062: folds
Uncalled bet ($0.14) returned to Hero
*** SHOWDOWN ***
Hero collected $0.27 from pot
*** SUMMARY ***
Total pot $0.28 | Rake $0.01 | Jackpot $0 | Bingo $0 | Fortune $0
Board [Qc 2d 6h Ah]
Seat 1: bf8e165 (small blind) folded before Flop
Seat 2: Hero (big blind) won ($0.27)
Seat 3: 2b85af6d folded before Flop (didn't bet)
Seat 4: ae201261 folded before Flop (didn't bet)
Seat 5: 8ba7c4ea folded before Flop (didn't bet)
Seat 6: 9b05a062 (button) folded on the Turn


Poker Hand #HD1173067816: Hold'em No Limit  ($0.02/$0.05) - 2023/03/23 21:18:42
Table 'NLHBlue86' 6-max Seat #5 is the button
Seat 1: bf8e165 ($9.23 in chips)
Seat 2: Hero ($7.72 in chips)
Seat 3: 2b85af6d ($6.33 in chips)
Seat 4: ae201261 ($4.07 in chips)
Seat 5: 8ba7c4ea ($6.98 in chips)
Seat 6: 9b05a062 ($5.05 in chips)
9b05a062: posts small blind $0.02
bf8e165: posts big blind $0.05
*** HOLE CARDS ***
Dealt to bf8e165 
Dealt to Hero [2c 5h]
Dealt to 2b85af6d 
Dealt to ae201261 
Dealt to 8ba7c4ea 
Dealt to 9b05a062 
Hero: folds
2b85af6d: raises $0.08 to $0.13
ae201261: folds
8ba7c4ea: folds
9b05a062: folds
bf8e165: folds
Uncalled bet ($0.08) returned to 2b85af6d
*** SHOWDOWN ***
2b85af6d collected $0.12 from pot
*** SUMMARY ***
Total pot $0.12 | Rake $0 | Jackpot $0 | Bingo $0 | Fortune $0
Seat 1: bf8e165 (big blind) folded before Flop
Seat 2: Hero folded before Flop (didn't bet)
Seat 3: 2b85af6d collected ($0.12)
Seat 4: ae201261 folded before Flop (didn't bet)
Seat 5: 8ba7c4ea (button) folded before Flop (didn't bet)
Seat 6: 9b05a062 (small blind) folded before Flop


Poker Hand #HD1173067776: Hold'em No Limit  ($0.02/$0.05) - 2023/03/23 21:18:25
Table 'NLHBlue86' 6-max Seat #4 is the button
Seat 1: bf8e165 ($9.16 in chips)
Seat 2: Hero ($7.72 in chips)
Seat 3: 2b85af6d ($6.33 in chips)
Seat 4: ae201261 ($4.07 in chips)
Seat 5: 8ba7c4ea ($7 in chips)
Seat 6: 9b05a062 ($5 in chips)
8ba7c4ea: posts small blind $0.02
9b05a062: posts big blind $0.05
*** HOLE CARDS ***
Dealt to bf8e165 
Dealt to Hero [9d 7d]
Dealt to 2b85af6d 
Dealt to ae201261 
Dealt to 8ba7c4ea 
Dealt to 9b05a062 
bf8e165: raises $0.07 to $0.12
Hero: folds
2b85af6d: folds
ae201261: folds
8ba7c4ea: folds
9b05a062: folds
Uncalled bet ($0.07) returned to bf8e165
*** SHOWDOWN ***
bf8e165 collected $0.12 from pot
*** SUMMARY ***
Total pot $0.12 | Rake $0 | Jackpot $0 | Bingo $0 | Fortune $0
Seat 1: bf8e165 collected ($0.12)
Seat 2: Hero folded before Flop (didn't bet)
Seat 3: 2b85af6d folded before Flop (didn't bet)
Seat 4: ae201261 (button) folded before Flop (didn't bet)
Seat 5: 8ba7c4ea (small blind) folded before Flop
Seat 6: 9b05a062 (big blind) folded before Flop


Poker Hand #HD1173067590: Hold'em No Limit  ($0.02/$0.05) - 2023/03/23 21:17:15
Table 'NLHBlue86' 6-max Seat #3 is the button
Seat 1: bf8e165 ($9.29 in chips)
Seat 2: Hero ($7.72 in chips)
Seat 3: 2b85af6d ($6.46 in chips)
Seat 4: ae201261 ($4.2 in chips)
Seat 5: 8ba7c4ea ($6.51 in chips)
Seat 6: 9b05a062 ($5 in chips)
ae201261: posts small blind $0.02
8ba7c4ea: posts big blind $0.05
*** HOLE CARDS ***
Dealt to bf8e165 
Dealt to Hero [Qh 5d]
Dealt to 2b85af6d 
Dealt to ae201261 
Dealt to 8ba7c4ea 
Dealt to 9b05a062 
9b05a062: raises $0.08 to $0.13
bf8e165: calls $0.13
Hero: folds
2b85af6d: calls $0.13
ae201261: calls $0.11
8ba7c4ea: calls $0.08
*** FLOP *** [8s 8d Jh]
ae201261: checks
8ba7c4ea: checks
9b05a062: checks
bf8e165: checks
2b85af6d: checks
*** TURN *** [8s 8d Jh] [6h]
ae201261: checks
8ba7c4ea: checks
9b05a062: checks
bf8e165: checks
2b85af6d: checks
*** RIVER *** [8s 8d Jh 6h] [7d]
ae201261: checks
8ba7c4ea: bets $0.33
9b05a062: folds
bf8e165: folds
2b85af6d: folds
ae201261: folds
Uncalled bet ($0.33) returned to 8ba7c4ea
*** SHOWDOWN ***
8ba7c4ea collected $0.62 from pot
*** SUMMARY ***
Total pot $0.65 | Rake $0.03 | Jackpot $0 | Bingo $0 | Fortune $0
Board [8s 8d Jh 6h 7d]
Seat 1: bf8e165 folded on the River
Seat 2: Hero folded before Flop (didn't bet)
Seat 3: 2b85af6d (button) folded on the River
Seat 4: ae201261 (small blind) folded on the River
Seat 5: 8ba7c4ea (big blind) won ($0.62)
Seat 6: 9b05a062 folded on the River


Poker Hand #HD1173067469: Hold'em No Limit  ($0.02/$0.05) - 2023/03/23 21:16:30
Table 'NLHBlue86' 6-max Seat #2 is the button
Seat 1: bf8e165 ($9.41 in chips)
Seat 2: Hero ($7.54 in chips)
Seat 3: 2b85af6d ($6.48 in chips)
Seat 4: ae201261 ($4.25 in chips)
Seat 5: 8ba7c4ea ($6.51 in chips)
Seat 6: 9b05a062 ($5 in chips)
2b85af6d: posts small blind $0.02
ae201261: posts big blind $0.05
*** HOLE CARDS ***
Dealt to bf8e165 
Dealt to Hero [8d 7d]
Dealt to 2b85af6d 
Dealt to ae201261 
Dealt to 8ba7c4ea 
Dealt to 9b05a062 
8ba7c4ea: folds
9b05a062: folds
bf8e165: raises $0.07 to $0.12
Hero: calls $0.12
2b85af6d: folds
ae201261: folds
*** FLOP *** [Ts 7c Jd]
bf8e165: checks
Hero: checks
*** TURN *** [Ts 7c Jd] [5d]
bf8e165: checks
Hero: bets $0.24
bf8e165: folds
Uncalled bet ($0.24) returned to Hero
*** SHOWDOWN ***
Hero collected $0.3 from pot
*** SUMMARY ***
Total pot $0.31 | Rake $0.01 | Jackpot $0 | Bingo $0 | Fortune $0
Board [Ts 7c Jd 5d]
Seat 1: bf8e165 folded on the Turn
Seat 2: Hero (button) won ($0.3)
Seat 3: 2b85af6d (small blind) folded before Flop
Seat 4: ae201261 (big blind) folded before Flop
Seat 5: 8ba7c4ea folded before Flop (didn't bet)
Seat 6: 9b05a062 folded before Flop (didn't bet)


Poker Hand #HD1173067374: Hold'em No Limit  ($0.02/$0.05) - 2023/03/23 21:15:49
Table 'NLHBlue86' 6-max Seat #1 is the button
Seat 1: bf8e165 ($9.41 in chips)
Seat 2: Hero ($7.56 in chips)
Seat 3: 2b85af6d ($6.34 in chips)
Seat 4: ae201261 ($4.25 in chips)
Seat 5: 8ba7c4ea ($6.51 in chips)
Seat 6: 9b05a062 ($5.07 in chips)
Hero: posts small blind $0.02
2b85af6d: posts big blind $0.05
*** HOLE CARDS ***
Dealt to bf8e165 
Dealt to Hero [3d 7s]
Dealt to 2b85af6d 
Dealt to ae201261 
Dealt to 8ba7c4ea 
Dealt to 9b05a062 
ae201261: folds
8ba7c4ea: folds
9b05a062: raises $0.08 to $0.13
bf8e165: folds
Hero: folds
2b85af6d: calls $0.08
*** FLOP *** [Th 3h Js]
2b85af6d: checks
9b05a062: checks
*** TURN *** [Th 3h Js] [Ac]
2b85af6d: checks
9b05a062: checks
*** RIVER *** [Th 3h Js Ac] [Qd]
2b85af6d: bets $0.28
9b05a062: folds
Uncalled bet ($0.28) returned to 2b85af6d
*** SHOWDOWN ***
2b85af6d collected $0.27 from pot
*** SUMMARY ***
Total pot $0.28 | Rake $0.01 | Jackpot $0 | Bingo $0 | Fortune $0
Board [Th 3h Js Ac Qd]
Seat 1: bf8e165 (button) folded before Flop (didn't bet)
Seat 2: Hero (small blind) folded before Flop
Seat 3: 2b85af6d (big blind) won ($0.27)
Seat 4: ae201261 folded before Flop (didn't bet)
Seat 5: 8ba7c4ea folded before Flop (didn't bet)
Seat 6: 9b05a062 folded on the River


Poker Hand #HD1173067324: Hold'em No Limit  ($0.02/$0.05) - 2023/03/23 21:15:32
Table 'NLHBlue86' 6-max Seat #6 is the button
Seat 1: bf8e165 ($9.43 in chips)
Seat 2: Hero ($7.54 in chips)
Seat 3: 2b85af6d ($6.34 in chips)
Seat 4: ae201261 ($4.25 in chips)
Seat 5: 8ba7c4ea ($6.51 in chips)
Seat 6: 9b05a062 ($5.07 in chips)
bf8e165: posts small blind $0.02
Hero: posts big blind $0.05
*** HOLE CARDS ***
Dealt to bf8e165 
Dealt to Hero [4d 2c]
Dealt to 2b85af6d 
Dealt to ae201261 
Dealt to 8ba7c4ea 
Dealt to 9b05a062 
2b85af6d: folds
ae201261: folds
8ba7c4ea: folds
9b05a062: folds
bf8e165: folds
Uncalled bet ($0.03) returned to Hero
*** SHOWDOWN ***
Hero collected $0.04 from pot
*** SUMMARY ***
Total pot $0.04 | Rake $0 | Jackpot $0 | Bingo $0 | Fortune $0
Seat 1: bf8e165 (small blind) folded before Flop
Seat 2: Hero (big blind) collected ($0.04)
Seat 3: 2b85af6d folded before Flop (didn't bet)
Seat 4: ae201261 folded before Flop (didn't bet)
Seat 5: 8ba7c4ea folded before Flop (didn't bet)
Seat 6: 9b05a062 (button) folded before Flop (didn't bet)


Poker Hand #HD1173067294: Hold'em No Limit  ($0.02/$0.05) - 2023/03/23 21:15:18
Table 'NLHBlue86' 6-max Seat #5 is the button
Seat 1: bf8e165 ($9.48 in chips)
Seat 2: Hero ($7.54 in chips)
Seat 3: 2b85af6d ($6.27 in chips)
Seat 4: ae201261 ($4.25 in chips)
Seat 5: 8ba7c4ea ($6.51 in chips)
Seat 6: 9b05a062 ($5.09 in chips)
9b05a062: posts small blind $0.02
bf8e165: posts big blind $0.05
*** HOLE CARDS ***
Dealt to bf8e165 
Dealt to Hero [2c 8h]
Dealt to 2b85af6d 
Dealt to ae201261 
Dealt to 8ba7c4ea 
Dealt to 9b05a062 
Hero: folds
2b85af6d: raises $0.08 to $0.13
ae201261: folds
8ba7c4ea: folds
9b05a062: folds
bf8e165: folds
Uncalled bet ($0.08) returned to 2b85af6d
*** SHOWDOWN ***
2b85af6d collected $0.12 from pot
*** SUMMARY ***
Total pot $0.12 | Rake $0 | Jackpot $0 | Bingo $0 | Fortune $0
Seat 1: bf8e165 (big blind) folded before Flop
Seat 2: Hero folded before Flop (didn't bet)
Seat 3: 2b85af6d collected ($0.12)
Seat 4: ae201261 folded before Flop (didn't bet)
Seat 5: 8ba7c4ea (button) folded before Flop (didn't bet)
Seat 6: 9b05a062 (small blind) folded before Flop


Poker Hand #HD1173067257: Hold'em No Limit  ($0.02/$0.05) - 2023/03/23 21:15:03
Table 'NLHBlue86' 6-max Seat #4 is the button
Seat 1: bf8e165 ($9.48 in chips)
Seat 2: Hero ($7.54 in chips)
Seat 3: 2b85af6d ($6.27 in chips)
Seat 4: ae201261 ($4.25 in chips)
Seat 5: 8ba7c4ea ($6.53 in chips)
Seat 6: 9b05a062 ($5.07 in chips)
8ba7c4ea: posts small blind $0.02
9b05a062: posts big blind $0.05
*** HOLE CARDS ***
Dealt to bf8e165 
Dealt to Hero [9s 8h]
Dealt to 2b85af6d 
Dealt to ae201261 
Dealt to 8ba7c4ea 
Dealt to 9b05a062 
bf8e165: folds
Hero: folds
2b85af6d: folds
ae201261: folds
8ba7c4ea: folds
Uncalled bet ($0.03) returned to 9b05a062
*** SHOWDOWN ***
9b05a062 collected $0.04 from pot
*** SUMMARY ***
Total pot $0.04 | Rake $0 | Jackpot $0 | Bingo $0 | Fortune $0
Seat 1: bf8e165 folded before Flop (didn't bet)
Seat 2: Hero folded before Flop (didn't bet)
Seat 3: 2b85af6d folded before Flop (didn't bet)
Seat 4: ae201261 (button) folded before Flop (didn't bet)
Seat 5: 8ba7c4ea (small blind) folded before Flop
Seat 6: 9b05a062 (big blind) collected ($0.04)


Poker Hand #HD1173067213: Hold'em No Limit  ($0.02/$0.05) - 2023/03/23 21:14:45
Table 'NLHBlue86' 6-max Seat #3 is the button
Seat 1: bf8e165 ($9.41 in chips)
Seat 2: Hero ($7.54 in chips)
Seat 3: 2b85af6d ($6.27 in chips)
Seat 4: ae201261 ($4.27 in chips)
Seat 5: 8ba7c4ea ($6.58 in chips)
Seat 6: 9b05a062 ($5.07 in chips)
ae201261: posts small blind $0.02
8ba7c4ea: posts big blind $0.05
*** HOLE CARDS ***
Dealt to bf8e165 
Dealt to Hero [7d Qd]
Dealt to 2b85af6d 
Dealt to ae201261 
Dealt to 8ba7c4ea 
Dealt to 9b05a062 
9b05a062: folds
bf8e165: raises $0.07 to $0.12
Hero: folds
2b85af6d: folds
ae201261: folds
8ba7c4ea: folds
Uncalled bet ($0.07) returned to bf8e165
*** SHOWDOWN ***
bf8e165 collected $0.12 from pot
*** SUMMARY ***
Total pot $0.12 | Rake $0 | Jackpot $0 | Bingo $0 | Fortune $0
Seat 1: bf8e165 collected ($0.12)
Seat 2: Hero folded before Flop (didn't bet)
Seat 3: 2b85af6d (button) folded before Flop (didn't bet)
Seat 4: ae201261 (small blind) folded before Flop
Seat 5: 8ba7c4ea (big blind) folded before Flop
Seat 6: 9b05a062 folded before Flop (didn't bet)


Poker Hand #HD1173067162: Hold'em No Limit  ($0.02/$0.05) - 2023/03/23 21:14:25
Table 'NLHBlue86' 6-max Seat #2 is the button
Seat 1: bf8e165 ($9.41 in chips)
Seat 2: Hero ($7.54 in chips)
Seat 3: 2b85af6d ($6.29 in chips)
Seat 4: ae201261 ($4.32 in chips)
Seat 5: 8ba7c4ea ($6.58 in chips)
Seat 6: 9b05a062 ($5 in chips)
2b85af6d: posts small blind $0.02
ae201261: posts big blind $0.05
*** HOLE CARDS ***
Dealt to bf8e165 
Dealt to Hero [2h Kh]
Dealt to 2b85af6d 
Dealt to ae201261 
Dealt to 8ba7c4ea 
Dealt to 9b05a062 
8ba7c4ea: folds
9b05a062: raises $0.08 to $0.13
bf8e165: folds
Hero: folds
2b85af6d: folds
ae201261: folds
Uncalled bet ($0.08) returned to 9b05a062
*** SHOWDOWN ***
9b05a062 collected $0.12 from pot
*** SUMMARY ***
Total pot $0.12 | Rake $0 | Jackpot $0 | Bingo $0 | Fortune $0
Seat 1: bf8e165 folded before Flop (didn't bet)
Seat 2: Hero (button) folded before Flop (didn't bet)
Seat 3: 2b85af6d (small blind) folded before Flop
Seat 4: ae201261 (big blind) folded before Flop
Seat 5: 8ba7c4ea folded before Flop (didn't bet)
Seat 6: 9b05a062 collected ($0.12)


Poker Hand #HD1173067113: Hold'em No Limit  ($0.02/$0.05) - 2023/03/23 21:14:09
Table 'NLHBlue86' 6-max Seat #1 is the button
Seat 1: bf8e165 ($9.41 in chips)
Seat 2: Hero ($7.56 in chips)
Seat 3: 2b85af6d ($6.34 in chips)
Seat 4: ae201261 ($4.32 in chips)
Seat 5: 8ba7c4ea ($6.51 in chips)
Seat 6: 9b05a062 ($5 in chips)
Hero: posts small blind $0.02
2b85af6d: posts big blind $0.05
*** HOLE CARDS ***
Dealt to bf8e165 
Dealt to Hero [4d 4s]
Dealt to 2b85af6d 
Dealt to ae201261 
Dealt to 8ba7c4ea 
Dealt to 9b05a062 
ae201261: folds
8ba7c4ea: raises $0.09 to $0.14
9b05a062: folds
bf8e165: folds
Hero: folds
2b85af6d: folds
Uncalled bet ($0.09) returned to 8ba7c4ea
*** SHOWDOWN ***
8ba7c4ea collected $0.12 from pot
*** SUMMARY ***
Total pot $0.12 | Rake $0 | Jackpot $0 | Bingo $0 | Fortune $0
Seat 1: bf8e165 (button) folded before Flop (didn't bet)
Seat 2: Hero (small blind) folded before Flop
Seat 3: 2b85af6d (big blind) folded before Flop
Seat 4: ae201261 folded before Flop (didn't bet)
Seat 5: 8ba7c4ea collected ($0.12)
Seat 6: 9b05a062 folded before Flop (didn't bet)


Poker Hand #HD1173067033: Hold'em No Limit  ($0.02/$0.05) - 2023/03/23 21:13:37
Table 'NLHBlue86' 6-max Seat #6 is the button
Seat 1: bf8e165 ($9.43 in chips)
Seat 2: Hero ($7.61 in chips)
Seat 3: 2b85af6d ($6.34 in chips)
Seat 4: ae201261 ($4.32 in chips)
Seat 5: 8ba7c4ea ($6.44 in chips)
Seat 6: 9b05a062 ($5 in chips)
bf8e165: posts small blind $0.02
Hero: posts big blind $0.05
*** HOLE CARDS ***
Dealt to bf8e165 
Dealt to Hero [6c 8d]
Dealt to 2b85af6d 
Dealt to ae201261 
Dealt to 8ba7c4ea 
Dealt to 9b05a062 
2b85af6d: folds
ae201261: folds
8ba7c4ea: raises $0.09 to $0.14
9b05a062: folds
bf8e165: folds
Hero: folds
Uncalled bet ($0.09) returned to 8ba7c4ea
*** SHOWDOWN ***
8ba7c4ea collected $0.12 from pot
*** SUMMARY ***
Total pot $0.12 | Rake $0 | Jackpot $0 | Bingo $0 | Fortune $0
Seat 1: bf8e165 (small blind) folded before Flop
Seat 2: Hero (big blind) folded before Flop
Seat 3: 2b85af6d folded before Flop (didn't bet)
Seat 4: ae201261 folded before Flop (didn't bet)
Seat 5: 8ba7c4ea collected ($0.12)
Seat 6: 9b05a062 (button) folded before Flop (didn't bet)


Poker Hand #HD1173066971: Hold'em No Limit  ($0.02/$0.05) - 2023/03/23 21:13:11
Table 'NLHBlue86' 6-max Seat #5 is the button
Seat 1: bf8e165 ($9.29 in chips)
Seat 2: Hero ($7.61 in chips)
Seat 3: 2b85af6d ($6.34 in chips)
Seat 4: ae201261 ($4.32 in chips)
Seat 5: 8ba7c4ea ($6.44 in chips)
Seat 6: 9b05a062 ($5.1 in chips)
9b05a062: posts small blind $0.02
bf8e165: posts big blind $0.05
*** HOLE CARDS ***
Dealt to bf8e165 
Dealt to Hero [2d 5s]
Dealt to 2b85af6d 
Dealt to ae201261 
Dealt to 8ba7c4ea 
Dealt to 9b05a062 
Hero: folds
2b85af6d: folds
ae201261: folds
8ba7c4ea: folds
9b05a062: raises $0.1 to $0.15
bf8e165: raises $0.53 to $0.68
9b05a062: folds
Uncalled bet ($0.53) returned to bf8e165
*** SHOWDOWN ***
bf8e165 collected $0.29 from pot
*** SUMMARY ***
Total pot $0.3 | Rake $0.01 | Jackpot $0 | Bingo $0 | Fortune $0
Seat 1: bf8e165 (big blind) collected ($0.29)
Seat 2: Hero folded before Flop (didn't bet)
Seat 3: 2b85af6d folded before Flop (didn't bet)
Seat 4: ae201261 folded before Flop (didn't bet)
Seat 5: 8ba7c4ea (button) folded before Flop (didn't bet)
Seat 6: 9b05a062 (small blind) folded before Flop


Poker Hand #HD1173066938: Hold'em No Limit  ($0.02/$0.05) - 2023/03/23 21:13:00
Table 'NLHBlue86' 6-max Seat #4 is the button
Seat 1: bf8e165 ($9.29 in chips)
Seat 2: Hero ($7.61 in chips)
Seat 3: 2b85af6d ($6.34 in chips)
Seat 4: ae201261 ($4.32 in chips)
Seat 5: 8ba7c4ea ($6.46 in chips)
Seat 6: 9b05a062 ($5.08 in chips)
8ba7c4ea: posts small blind $0.02
9b05a062: posts big blind $0.05
*** HOLE CARDS ***
Dealt to bf8e165 
Dealt to Hero [Ah 5s]
Dealt to 2b85af6d 
Dealt to ae201261 
Dealt to 8ba7c4ea 
Dealt to 9b05a062 
bf8e165: folds
Hero: folds
2b85af6d: folds
ae201261: folds
8ba7c4ea: folds
Uncalled bet ($0.03) returned to 9b05a062
*** SHOWDOWN ***
9b05a062 collected $0.04 from pot
*** SUMMARY ***
Total pot $0.04 | Rake $0 | Jackpot $0 | Bingo $0 | Fortune $0
Seat 1: bf8e165 folded before Flop (didn't bet)
Seat 2: Hero folded before Flop (didn't bet)
Seat 3: 2b85af6d folded before Flop (didn't bet)
Seat 4: ae201261 (button) folded before Flop (didn't bet)
Seat 5: 8ba7c4ea (small blind) folded before Flop
Seat 6: 9b05a062 (big blind) collected ($0.04)


Poker Hand #HD1173066899: Hold'em No Limit  ($0.02/$0.05) - 2023/03/23 21:12:42
Table 'NLHBlue86' 6-max Seat #3 is the button
Seat 1: bf8e165 ($9.29 in chips)
Seat 2: Hero ($7.61 in chips)
Seat 3: 2b85af6d ($6.47 in chips)
Seat 4: ae201261 ($4.15 in chips)
Seat 5: 8ba7c4ea ($6.51 in chips)
Seat 6: 9b05a062 ($5.08 in chips)
ae201261: posts small blind $0.02
8ba7c4ea: posts big blind $0.05
*** HOLE CARDS ***
Dealt to bf8e165 
Dealt to Hero [2h Ks]
Dealt to 2b85af6d 
Dealt to ae201261 
Dealt to 8ba7c4ea 
Dealt to 9b05a062 
9b05a062: folds
bf8e165: folds
Hero: folds
2b85af6d: raises $0.08 to $0.13
ae201261: raises $0.31 to $0.44
8ba7c4ea: folds
2b85af6d: folds
Uncalled bet ($0.31) returned to ae201261
*** SHOWDOWN ***
ae201261 collected $0.3 from pot
*** SUMMARY ***
Total pot $0.31 | Rake $0.01 | Jackpot $0 | Bingo $0 | Fortune $0
Seat 1: bf8e165 folded before Flop (didn't bet)
Seat 2: Hero folded before Flop (didn't bet)
Seat 3: 2b85af6d (button) folded before Flop
Seat 4: ae201261 (small blind) collected ($0.3)
Seat 5: 8ba7c4ea (big blind) folded before Flop
Seat 6: 9b05a062 folded before Flop (didn't bet)


Poker Hand #HD1173066863: Hold'em No Limit  ($0.02/$0.05) - 2023/03/23 21:12:31
Table 'NLHBlue86' 6-max Seat #2 is the button
Seat 1: bf8e165 ($9.29 in chips)
Seat 2: Hero ($7.54 in chips)
Seat 3: 2b85af6d ($6.49 in chips)
Seat 4: ae201261 ($4.2 in chips)
Seat 5: 8ba7c4ea ($6.51 in chips)
Seat 6: 9b05a062 ($5.08 in chips)
2b85af6d: posts small blind $0.02
ae201261: posts big blind $0.05
*** HOLE CARDS ***
Dealt to bf8e165 
Dealt to Hero [Js Qd]
Dealt to 2b85af6d 
Dealt to ae201261 
Dealt to 8ba7c4ea 
Dealt to 9b05a062 
8ba7c4ea: folds
9b05a062: folds
bf8e165: folds
Hero: raises $0.07 to $0.12
2b85af6d: folds
ae201261: folds
Uncalled bet ($0.07) returned to Hero
*** SHOWDOWN ***
Hero collected $0.12 from pot
*** SUMMARY ***
Total pot $0.12 | Rake $0 | Jackpot $0 | Bingo $0 | Fortune $0
Seat 1: bf8e165 folded before Flop (didn't bet)
Seat 2: Hero (button) collected ($0.12)
Seat 3: 2b85af6d (small blind) folded before Flop
Seat 4: ae201261 (big blind) folded before Flop
Seat 5: 8ba7c4ea folded before Flop (didn't bet)
Seat 6: 9b05a062 folded before Flop (didn't bet)


Poker Hand #HD1173066675: Hold'em No Limit  ($0.02/$0.05) - 2023/03/23 21:11:22
Table 'NLHBlue86' 6-max Seat #1 is the button
Seat 1: bf8e165 ($10.83 in chips)
Seat 2: Hero ($7.56 in chips)
Seat 3: 2b85af6d ($5 in chips)
Seat 4: ae201261 ($4.2 in chips)
Seat 5: 8ba7c4ea ($6.51 in chips)
Seat 6: 9b05a062 ($5.21 in chips)
Hero: posts small blind $0.02
2b85af6d: posts big blind $0.05
*** HOLE CARDS ***
Dealt to bf8e165 
Dealt to Hero [8c As]
Dealt to 2b85af6d 
Dealt to ae201261 
Dealt to 8ba7c4ea 
Dealt to 9b05a062 
ae201261: folds
8ba7c4ea: folds
9b05a062: raises $0.08 to $0.13
bf8e165: raises $0.49 to $0.62
Hero: folds
2b85af6d: calls $0.57
9b05a062: folds
*** FLOP *** [3h 5h Js]
2b85af6d: checks
bf8e165: bets $0.92
2b85af6d: calls $0.92
*** TURN *** [3h 5h Js] [7h]
2b85af6d: checks
bf8e165: checks
*** RIVER *** [3h 5h Js 7h] [2d]
2b85af6d: bets $3.46 and is all-in
bf8e165: folds
Uncalled bet ($3.46) returned to 2b85af6d
*** SHOWDOWN ***
2b85af6d collected $3.03 from pot
*** SUMMARY ***
Total pot $3.23 | Rake $0.15 | Jackpot $0.05 | Bingo $0 | Fortune $0
Board [3h 5h Js 7h 2d]
Seat 1: bf8e165 (button) folded on the River
Seat 2: Hero (small blind) folded before Flop
Seat 3: 2b85af6d (big blind) won ($3.03)
Seat 4: ae201261 folded before Flop (didn't bet)
Seat 5: 8ba7c4ea folded before Flop (didn't bet)
Seat 6: 9b05a062 folded before Flop


Poker Hand #HD1173066617: Hold'em No Limit  ($0.02/$0.05) - 2023/03/23 21:11:00
Table 'NLHBlue86' 6-max Seat #6 is the button
Seat 1: bf8e165 ($10.95 in chips)
Seat 2: Hero ($7.45 in chips)
Seat 3: 2b85af6d ($5 in chips)
Seat 4: ae201261 ($4.2 in chips)
Seat 5: 8ba7c4ea ($6.51 in chips)
Seat 6: 9b05a062 ($5.21 in chips)
bf8e165: posts small blind $0.02
Hero: posts big blind $0.05
*** HOLE CARDS ***
Dealt to bf8e165 
Dealt to Hero [As Js]
Dealt to 2b85af6d 
Dealt to ae201261 
Dealt to 8ba7c4ea 
Dealt to 9b05a062 
2b85af6d: folds
ae201261: folds
8ba7c4ea: folds
9b05a062: folds
bf8e165: raises $0.07 to $0.12
Hero: raises $0.34 to $0.46
bf8e165: folds
Uncalled bet ($0.34) returned to Hero
*** SHOWDOWN ***
Hero collected $0.23 from pot
*** SUMMARY ***
Total pot $0.24 | Rake $0.01 | Jackpot $0 | Bingo $0 | Fortune $0
Seat 1: bf8e165 (small blind) folded before Flop
Seat 2: Hero (big blind) collected ($0.23)
Seat 3: 2b85af6d folded before Flop (didn't bet)
Seat 4: ae201261 folded before Flop (didn't bet)
Seat 5: 8ba7c4ea folded before Flop (didn't bet)
Seat 6: 9b05a062 (button) folded before Flop (didn't bet)


Poker Hand #HD1173066480: Hold'em No Limit  ($0.02/$0.05) - 2023/03/23 21:10:11
Table 'NLHBlue86' 6-max Seat #5 is the button
Seat 1: bf8e165 ($10.45 in chips)
Seat 2: Hero ($7.45 in chips)
Seat 3: 2b85af6d ($5 in chips)
Seat 4: ae201261 ($4.2 in chips)
Seat 5: 8ba7c4ea ($6.51 in chips)
Seat 6: 9b05a062 ($5.76 in chips)
9b05a062: posts small blind $0.02
bf8e165: posts big blind $0.05
*** HOLE CARDS ***
Dealt to bf8e165 
Dealt to Hero [Th 5d]
Dealt to 2b85af6d 
Dealt to ae201261 
Dealt to 8ba7c4ea 
Dealt to 9b05a062 
Hero: folds
2b85af6d: folds
ae201261: folds
8ba7c4ea: folds
9b05a062: raises $0.1 to $0.15
bf8e165: raises $0.1 to $0.25
9b05a062: calls $0.1
*** FLOP *** [9h Jh 9c]
9b05a062: checks
bf8e165: checks
*** TURN *** [9h Jh 9c] [3c]
9b05a062: bets $0.3
bf8e165: raises $1.1 to $1.4
9b05a062: folds
Uncalled bet ($1.1) returned to bf8e165
*** SHOWDOWN ***
bf8e165 collected $1.05 from pot
*** SUMMARY ***
Total pot $1.1 | Rake $0.05 | Jackpot $0 | Bingo $0 | Fortune $0
Board [9h Jh 9c 3c]
Seat 1: bf8e165 (big blind) won ($1.05)
Seat 2: Hero folded before Flop (didn't bet)
Seat 3: 2b85af6d folded before Flop (didn't bet)
Seat 4: ae201261 folded before Flop (didn't bet)
Seat 5: 8ba7c4ea (button) folded before Flop (didn't bet)
Seat 6: 9b05a062 (small blind) folded on the Turn


Poker Hand #HD1173066420: Hold'em No Limit  ($0.02/$0.05) - 2023/03/23 21:09:50
Table 'NLHBlue86' 6-max Seat #4 is the button
Seat 1: bf8e165 ($10.45 in chips)
Seat 2: Hero ($7.45 in chips)
Seat 3: 2b85af6d ($5 in chips)
Seat 4: ae201261 ($4.2 in chips)
Seat 5: 8ba7c4ea ($6.53 in chips)
Seat 6: 9b05a062 ($5.62 in chips)
8ba7c4ea: posts small blind $0.02
9b05a062: posts big blind $0.05
*** HOLE CARDS ***
Dealt to bf8e165 
Dealt to Hero [Ac 6s]
Dealt to 2b85af6d 
Dealt to ae201261 
Dealt to 8ba7c4ea 
Dealt to 9b05a062 
bf8e165: folds
Hero: folds
2b85af6d: raises $0.08 to $0.13
ae201261: folds
8ba7c4ea: folds
9b05a062: raises $0.32 to $0.45
2b85af6d: folds
Uncalled bet ($0.32) returned to 9b05a062
*** SHOWDOWN ***
9b05a062 collected $0.27 from pot
*** SUMMARY ***
Total pot $0.28 | Rake $0.01 | Jackpot $0 | Bingo $0 | Fortune $0
Seat 1: bf8e165 folded before Flop (didn't bet)
Seat 2: Hero folded before Flop (didn't bet)
Seat 3: 2b85af6d folded before Flop
Seat 4: ae201261 (button) folded before Flop (didn't bet)
Seat 5: 8ba7c4ea (small blind) folded before Flop
Seat 6: 9b05a062 (big blind) collected ($0.27)


Poker Hand #HD1173066255: Hold'em No Limit  ($0.02/$0.05) - 2023/03/23 21:08:45
Table 'NLHBlue86' 6-max Seat #3 is the button
Seat 1: bf8e165 ($10.2 in chips)
Seat 2: Hero ($7.45 in chips)
Seat 3: 2b85af6d ($5.02 in chips)
Seat 4: ae201261 ($4.22 in chips)
Seat 5: 8ba7c4ea ($6.65 in chips)
Seat 6: 9b05a062 ($5.62 in chips)
ae201261: posts small blind $0.02
8ba7c4ea: posts big blind $0.05
*** HOLE CARDS ***
Dealt to bf8e165 
Dealt to Hero [7h 7s]
Dealt to 2b85af6d 
Dealt to ae201261 
Dealt to 8ba7c4ea 
Dealt to 9b05a062 
9b05a062: folds
bf8e165: raises $0.07 to $0.12
Hero: folds
2b85af6d: calls $0.12
ae201261: folds
8ba7c4ea: calls $0.07
*** FLOP *** [Qd Ah Qc]
8ba7c4ea: checks
bf8e165: checks
2b85af6d: checks
*** TURN *** [Qd Ah Qc] [9c]
8ba7c4ea: checks
bf8e165: checks
2b85af6d: checks
*** RIVER *** [Qd Ah Qc 9c] [7d]
8ba7c4ea: checks
bf8e165: checks
2b85af6d: checks
8ba7c4ea: shows [Kc Td] (Pair of Queens)
bf8e165: shows [5c 7c] (Pair of Queens and Pair of Sevens)
2b85af6d: shows [Kd Jh] (Pair of Queens)
*** SHOWDOWN ***
bf8e165 collected $0.37 from pot
*** SUMMARY ***
Total pot $0.38 | Rake $0.01 | Jackpot $0 | Bingo $0 | Fortune $0
Board [Qd Ah Qc 9c 7d]
Seat 1: bf8e165 showed [5c 7c] and won ($0.37) with Pair of Queens and Pair of Sevens
Seat 2: Hero folded before Flop (didn't bet)
Seat 3: 2b85af6d (button) showed [Kd Jh] and lost with Pair of Queens
Seat 4: ae201261 (small blind) folded before Flop
Seat 5: 8ba7c4ea (big blind) showed [Kc Td] and lost with Pair of Queens
Seat 6: 9b05a062 folded before Flop (didn't bet)


Poker Hand #HD1173066232: Hold'em No Limit  ($0.02/$0.05) - 2023/03/23 21:08:34
Table 'NLHBlue86' 6-max Seat #2 is the button
Seat 1: bf8e165 ($10.2 in chips)
Seat 2: Hero ($7.45 in chips)
Seat 3: 2b85af6d ($5 in chips)
Seat 4: ae201261 ($4.2 in chips)
Seat 5: 8ba7c4ea ($6.65 in chips)
Seat 6: 9b05a062 ($5.62 in chips)
2b85af6d: posts small blind $0.02
ae201261: posts big blind $0.05
*** HOLE CARDS ***
Dealt to bf8e165 
Dealt to Hero [Tc 3c]
Dealt to 2b85af6d 
Dealt to ae201261 
Dealt to 8ba7c4ea 
Dealt to 9b05a062 
8ba7c4ea: folds
9b05a062: folds
bf8e165: folds
Hero: folds
2b85af6d: folds
Uncalled bet ($0.03) returned to ae201261
*** SHOWDOWN ***
ae201261 collected $0.04 from pot
*** SUMMARY ***
Total pot $0.04 | Rake $0 | Jackpot $0 | Bingo $0 | Fortune $0
Seat 1: bf8e165 folded before Flop (didn't bet)
Seat 2: Hero (button) folded before Flop (didn't bet)
Seat 3: 2b85af6d (small blind) folded before Flop
Seat 4: ae201261 (big blind) collected ($0.04)
Seat 5: 8ba7c4ea folded before Flop (didn't bet)
Seat 6: 9b05a062 folded before Flop (didn't bet)


Poker Hand #HD1173066173: Hold'em No Limit  ($0.02/$0.05) - 2023/03/23 21:08:14
Table 'NLHBlue86' 6-max Seat #1 is the button
Seat 1: bf8e165 ($10.13 in chips)
Seat 2: Hero ($7.47 in chips)
Seat 3: 2b85af6d ($5 in chips)
Seat 4: ae201261 ($4.2 in chips)
Seat 5: 8ba7c4ea ($6.65 in chips)
Seat 6: 9b05a062 ($5.62 in chips)
Hero: posts small blind $0.02
2b85af6d: posts big blind $0.05
*** HOLE CARDS ***
Dealt to bf8e165 
Dealt to Hero [5h 6s]
Dealt to 2b85af6d 
Dealt to ae201261 
Dealt to 8ba7c4ea 
Dealt to 9b05a062 
ae201261: folds
8ba7c4ea: folds
9b05a062: folds
bf8e165: raises $0.07 to $0.12
Hero: folds
2b85af6d: folds
Uncalled bet ($0.07) returned to bf8e165
*** SHOWDOWN ***
bf8e165 collected $0.12 from pot
*** SUMMARY ***
Total pot $0.12 | Rake $0 | Jackpot $0 | Bingo $0 | Fortune $0
Seat 1: bf8e165 (button) collected ($0.12)
Seat 2: Hero (small blind) folded before Flop
Seat 3: 2b85af6d (big blind) folded before Flop
Seat 4: ae201261 folded before Flop (didn't bet)
Seat 5: 8ba7c4ea folded before Flop (didn't bet)
Seat 6: 9b05a062 folded before Flop (didn't bet)


Poker Hand #HD1173066127: Hold'em No Limit  ($0.02/$0.05) - 2023/03/23 21:07:57
Table 'NLHBlue86' 6-max Seat #6 is the button
Seat 1: bf8e165 ($10.08 in chips)
Seat 2: Hero ($7.52 in chips)
Seat 3: 2b85af6d ($5 in chips)
Seat 4: ae201261 ($4.2 in chips)
Seat 5: 8ba7c4ea ($6.65 in chips)
Seat 6: 9b05a062 ($5.62 in chips)
bf8e165: posts small blind $0.02
Hero: posts big blind $0.05
*** HOLE CARDS ***
Dealt to bf8e165 
Dealt to Hero [5d Qs]
Dealt to 2b85af6d 
Dealt to ae201261 
Dealt to 8ba7c4ea 
Dealt to 9b05a062 
2b85af6d: folds
ae201261: folds
8ba7c4ea: folds
9b05a062: folds
bf8e165: raises $0.07 to $0.12
Hero: folds
Uncalled bet ($0.07) returned to bf8e165
*** SHOWDOWN ***
bf8e165 collected $0.1 from pot
*** SUMMARY ***
Total pot $0.1 | Rake $0 | Jackpot $0 | Bingo $0 | Fortune $0
Seat 1: bf8e165 (small blind) collected ($0.1)
Seat 2: Hero (big blind) folded before Flop
Seat 3: 2b85af6d folded before Flop (didn't bet)
Seat 4: ae201261 folded before Flop (didn't bet)
Seat 5: 8ba7c4ea folded before Flop (didn't bet)
Seat 6: 9b05a062 (button) folded before Flop (didn't bet)


Poker Hand #HD1173066058: Hold'em No Limit  ($0.02/$0.05) - 2023/03/23 21:07:32
Table 'NLHBlue86' 6-max Seat #5 is the button
Seat 1: bf8e165 ($10.13 in chips)
Seat 2: Hero ($7.64 in chips)
Seat 3: 2b85af6d ($5 in chips)
Seat 4: ae201261 ($4.2 in chips)
Seat 5: 8ba7c4ea ($6.47 in chips)
Seat 6: 9b05a062 ($5.64 in chips)
9b05a062: posts small blind $0.02
bf8e165: posts big blind $0.05
*** HOLE CARDS ***
Dealt to bf8e165 
Dealt to Hero [Qh Ks]
Dealt to 2b85af6d 
Dealt to ae201261 
Dealt to 8ba7c4ea 
Dealt to 9b05a062 
Hero: raises $0.07 to $0.12
2b85af6d: folds
ae201261: folds
8ba7c4ea: raises $0.31 to $0.43
9b05a062: folds
bf8e165: folds
Hero: folds
Uncalled bet ($0.31) returned to 8ba7c4ea
*** SHOWDOWN ***
8ba7c4ea collected $0.3 from pot
*** SUMMARY ***
Total pot $0.31 | Rake $0.01 | Jackpot $0 | Bingo $0 | Fortune $0
Seat 1: bf8e165 (big blind) folded before Flop
Seat 2: Hero folded before Flop
Seat 3: 2b85af6d folded before Flop (didn't bet)
Seat 4: ae201261 folded before Flop (didn't bet)
Seat 5: 8ba7c4ea (button) collected ($0.3)
Seat 6: 9b05a062 (small blind) folded before Flop


Poker Hand #HD1173065953: Hold'em No Limit  ($0.02/$0.05) - 2023/03/23 21:06:48
Table 'NLHBlue86' 6-max Seat #4 is the button
Seat 1: bf8e165 ($10.13 in chips)
Seat 2: Hero ($7.76 in chips)
Seat 3: 2b85af6d ($5 in chips)
Seat 4: ae201261 ($4.2 in chips)
Seat 5: 8ba7c4ea ($6.49 in chips)
Seat 6: 9b05a062 ($5.51 in chips)
8ba7c4ea: posts small blind $0.02
9b05a062: posts big blind $0.05
*** HOLE CARDS ***
Dealt to bf8e165 
Dealt to Hero [Kh 7h]
Dealt to 2b85af6d 
Dealt to ae201261 
Dealt to 8ba7c4ea 
Dealt to 9b05a062 
bf8e165: folds
Hero: raises $0.07 to $0.12
2b85af6d: folds
ae201261: folds
8ba7c4ea: folds
9b05a062: calls $0.07
*** FLOP *** [5s Qd 2d]
9b05a062: checks
Hero: checks
*** TURN *** [5s Qd 2d] [3h]
9b05a062: bets $0.2
Hero: folds
Uncalled bet ($0.2) returned to 9b05a062
*** SHOWDOWN ***
9b05a062 collected $0.25 from pot
*** SUMMARY ***
Total pot $0.26 | Rake $0.01 | Jackpot $0 | Bingo $0 | Fortune $0
Board [5s Qd 2d 3h]
Seat 1: bf8e165 folded before Flop (didn't bet)
Seat 2: Hero folded on the Turn
Seat 3: 2b85af6d folded before Flop (didn't bet)
Seat 4: ae201261 (button) folded before Flop (didn't bet)
Seat 5: 8ba7c4ea (small blind) folded before Flop
Seat 6: 9b05a062 (big blind) won ($0.25)


Poker Hand #HD1173065919: Hold'em No Limit  ($0.02/$0.05) - 2023/03/23 21:06:35
Table 'NLHBlue86' 6-max Seat #3 is the button
Seat 1: bf8e165 ($10.13 in chips)
Seat 2: Hero ($7.76 in chips)
Seat 3: 2b85af6d ($5 in chips)
Seat 4: ae201261 ($4.15 in chips)
Seat 5: 8ba7c4ea ($6.54 in chips)
Seat 6: 9b05a062 ($5.51 in chips)
ae201261: posts small blind $0.02
8ba7c4ea: posts big blind $0.05
*** HOLE CARDS ***
Dealt to bf8e165 
Dealt to Hero [2d Ks]
Dealt to 2b85af6d 
Dealt to ae201261 
Dealt to 8ba7c4ea 
Dealt to 9b05a062 
9b05a062: folds
bf8e165: folds
Hero: folds
2b85af6d: folds
ae201261: raises $0.08 to $0.13
8ba7c4ea: folds
Uncalled bet ($0.08) returned to ae201261
*** SHOWDOWN ***
ae201261 collected $0.1 from pot
*** SUMMARY ***
Total pot $0.1 | Rake $0 | Jackpot $0 | Bingo $0 | Fortune $0
Seat 1: bf8e165 folded before Flop (didn't bet)
Seat 2: Hero folded before Flop (didn't bet)
Seat 3: 2b85af6d (button) folded before Flop (didn't bet)
Seat 4: ae201261 (small blind) collected ($0.1)
Seat 5: 8ba7c4ea (big blind) folded before Flop
Seat 6: 9b05a062 folded before Flop (didn't bet)


Poker Hand #HD1173065834: Hold'em No Limit  ($0.02/$0.05) - 2023/03/23 21:06:03
Table 'NLHBlue86' 6-max Seat #2 is the button
Seat 1: bf8e165 ($10.13 in chips)
Seat 2: Hero ($7.76 in chips)
Seat 3: 2b85af6d ($5 in chips)
Seat 4: ae201261 ($4.2 in chips)
Seat 5: 8ba7c4ea ($6.54 in chips)
Seat 6: 9b05a062 ($5 in chips)
2b85af6d: posts small blind $0.02
ae201261: posts big blind $0.05
*** HOLE CARDS ***
Dealt to bf8e165 
Dealt to Hero [Th Kd]
Dealt to 2b85af6d 
Dealt to ae201261 
Dealt to 8ba7c4ea 
Dealt to 9b05a062 
8ba7c4ea: folds
9b05a062: raises $0.08 to $0.13
bf8e165: folds
Hero: folds
2b85af6d: raises $0.38 to $0.51
ae201261: folds
9b05a062: raises $0.99 to $1.5
2b85af6d: folds
Uncalled bet ($0.99) returned to 9b05a062
*** SHOWDOWN ***
9b05a062 collected $1.02 from pot
*** SUMMARY ***
Total pot $1.07 | Rake $0.05 | Jackpot $0 | Bingo $0 | Fortune $0
Seat 1: bf8e165 folded before Flop (didn't bet)
Seat 2: Hero (button) folded before Flop (didn't bet)
Seat 3: 2b85af6d (small blind) folded before Flop
Seat 4: ae201261 (big blind) folded before Flop
Seat 5: 8ba7c4ea folded before Flop (didn't bet)
Seat 6: 9b05a062 collected ($1.02)


Poker Hand #HD1172985601: Hold'em No Limit  ($0.02/$0.05) - 2023/03/23 21:04:32
Table 'NLHBlue86' 6-max Seat #1 is the button
Seat 1: bf8e165 ($5.31 in chips)
Seat 2: Hero ($7.78 in chips)
Seat 3: 2b85af6d ($5.22 in chips)
Seat 4: ae201261 ($4.2 in chips)
Seat 5: 8ba7c4ea ($6.54 in chips)
Seat 6: 9b05a062 ($5.03 in chips)
Hero: posts small blind $0.02
2b85af6d: posts big blind $0.05
*** HOLE CARDS ***
Dealt to bf8e165 
Dealt to Hero [3h 7h]
Dealt to 2b85af6d 
Dealt to ae201261 
Dealt to 8ba7c4ea 
Dealt to 9b05a062 
ae201261: folds
8ba7c4ea: folds
9b05a062: raises $0.08 to $0.13
bf8e165: calls $0.13
Hero: folds
2b85af6d: calls $0.08
*** FLOP *** [6h 9s Qd]
2b85af6d: checks
9b05a062: checks
bf8e165: checks
*** TURN *** [6h 9s Qd] [4s]
2b85af6d: bets $0.31
9b05a062: folds
bf8e165: raises $0.68 to $0.99
2b85af6d: calls $0.68
*** RIVER *** [6h 9s Qd 4s] [6s]
2b85af6d: checks
bf8e165: bets $1.58
2b85af6d: raises $2.52 to $4.1 and is all-in
bf8e165: calls $2.52
2b85af6d: shows [8s Ts] (Ten High Flush)
bf8e165: shows [As 5s] (Ace High Flush)
*** SHOWDOWN ***
bf8e165 collected $10.04 from pot
*** SUMMARY ***
Total pot $10.59 | Rake $0.5 | Jackpot $0.05 | Bingo $0 | Fortune $0
Board [6h 9s Qd 4s 6s]
Seat 1: bf8e165 (button) showed [As 5s] and won ($10.04) with Ace High Flush
Seat 2: Hero (small blind) folded before Flop
Seat 3: 2b85af6d (big blind) showed [8s Ts] and lost with Ten High Flush
Seat 4: ae201261 folded before Flop (didn't bet)
Seat 5: 8ba7c4ea folded before Flop (didn't bet)
Seat 6: 9b05a062 folded on the Turn


Poker Hand #HD1172985568: Hold'em No Limit  ($0.02/$0.05) - 2023/03/23 21:04:17
Table 'NLHBlue86' 6-max Seat #6 is the button
Seat 1: bf8e165 ($5.33 in chips)
Seat 2: Hero ($7.83 in chips)
Seat 3: 2b85af6d ($5.22 in chips)
Seat 4: ae201261 ($4.13 in chips)
Seat 5: 8ba7c4ea ($6.54 in chips)
Seat 6: 9b05a062 ($5.03 in chips)
bf8e165: posts small blind $0.02
Hero: posts big blind $0.05
*** HOLE CARDS ***
Dealt to bf8e165 
Dealt to Hero [3h Qc]
Dealt to 2b85af6d 
Dealt to ae201261 
Dealt to 8ba7c4ea 
Dealt to 9b05a062 
2b85af6d: folds
ae201261: raises $0.08 to $0.13
8ba7c4ea: folds
9b05a062: folds
bf8e165: folds
Hero: folds
Uncalled bet ($0.08) returned to ae201261
*** SHOWDOWN ***
ae201261 collected $0.12 from pot
*** SUMMARY ***
Total pot $0.12 | Rake $0 | Jackpot $0 | Bingo $0 | Fortune $0
Seat 1: bf8e165 (small blind) folded before Flop
Seat 2: Hero (big blind) folded before Flop
Seat 3: 2b85af6d folded before Flop (didn't bet)
Seat 4: ae201261 collected ($0.12)
Seat 5: 8ba7c4ea folded before Flop (didn't bet)
Seat 6: 9b05a062 (button) folded before Flop (didn't bet)


Poker Hand #HD1172985500: Hold'em No Limit  ($0.02/$0.05) - 2023/03/23 21:03:49
Table 'NLHBlue86' 6-max Seat #5 is the button
Seat 1: bf8e165 ($5.19 in chips)
Seat 2: Hero ($7.83 in chips)
Seat 3: 2b85af6d ($5.35 in chips)
Seat 4: ae201261 ($4.13 in chips)
Seat 5: 8ba7c4ea ($6.54 in chips)
Seat 6: 9b05a062 ($5.05 in chips)
9b05a062: posts small blind $0.02
bf8e165: posts big blind $0.05
*** HOLE CARDS ***
Dealt to bf8e165 
Dealt to Hero [2h Kd]
Dealt to 2b85af6d 
Dealt to ae201261 
Dealt to 8ba7c4ea 
Dealt to 9b05a062 
Hero: folds
2b85af6d: raises $0.08 to $0.13
ae201261: folds
8ba7c4ea: folds
9b05a062: folds
bf8e165: raises $0.53 to $0.66
2b85af6d: folds
Uncalled bet ($0.53) returned to bf8e165
*** SHOWDOWN ***
bf8e165 collected $0.27 from pot
*** SUMMARY ***
Total pot $0.28 | Rake $0.01 | Jackpot $0 | Bingo $0 | Fortune $0
Seat 1: bf8e165 (big blind) collected ($0.27)
Seat 2: Hero folded before Flop (didn't bet)
Seat 3: 2b85af6d folded before Flop
Seat 4: ae201261 folded before Flop (didn't bet)
Seat 5: 8ba7c4ea (button) folded before Flop (didn't bet)
Seat 6: 9b05a062 (small blind) folded before Flop


Poker Hand #HD1172985437: Hold'em No Limit  ($0.02/$0.05) - 2023/03/23 21:03:27
Table 'NLHBlue86' 6-max Seat #4 is the button
Seat 1: bf8e165 ($5.12 in chips)
Seat 2: Hero ($7.83 in chips)
Seat 3: 2b85af6d ($5.35 in chips)
Seat 4: ae201261 ($4.13 in chips)
Seat 5: 8ba7c4ea ($6.56 in chips)
Seat 6: 9b05a062 ($5 in chips)
8ba7c4ea: posts small blind $0.02
9b05a062: posts big blind $0.05
*** HOLE CARDS ***
Dealt to bf8e165 
Dealt to Hero [5c 3d]
Dealt to 2b85af6d 
Dealt to ae201261 
Dealt to 8ba7c4ea 
Dealt to 9b05a062 
bf8e165: raises $0.07 to $0.12
Hero: folds
2b85af6d: folds
ae201261: folds
8ba7c4ea: folds
9b05a062: folds
Uncalled bet ($0.07) returned to bf8e165
*** SHOWDOWN ***
bf8e165 collected $0.12 from pot
*** SUMMARY ***
Total pot $0.12 | Rake $0 | Jackpot $0 | Bingo $0 | Fortune $0
Seat 1: bf8e165 collected ($0.12)
Seat 2: Hero folded before Flop (didn't bet)
Seat 3: 2b85af6d folded before Flop (didn't bet)
Seat 4: ae201261 (button) folded before Flop (didn't bet)
Seat 5: 8ba7c4ea (small blind) folded before Flop
Seat 6: 9b05a062 (big blind) folded before Flop


Poker Hand #HD1172985391: Hold'em No Limit  ($0.02/$0.05) - 2023/03/23 21:03:09
Table 'NLHBlue86' 6-max Seat #3 is the button
Seat 1: bf8e165 ($5.05 in chips)
Seat 2: Hero ($7.83 in chips)
Seat 3: 2b85af6d ($5.35 in chips)
Seat 4: ae201261 ($4.15 in chips)
Seat 5: 8ba7c4ea ($6.61 in chips)
ae201261: posts small blind $0.02
8ba7c4ea: posts big blind $0.05
*** HOLE CARDS ***
Dealt to bf8e165 
Dealt to Hero [8c 9h]
Dealt to 2b85af6d 
Dealt to ae201261 
Dealt to 8ba7c4ea 
bf8e165: raises $0.07 to $0.12
Hero: folds
2b85af6d: folds
ae201261: folds
8ba7c4ea: folds
Uncalled bet ($0.07) returned to bf8e165
*** SHOWDOWN ***
bf8e165 collected $0.12 from pot
*** SUMMARY ***
Total pot $0.12 | Rake $0 | Jackpot $0 | Bingo $0 | Fortune $0
Seat 1: bf8e165 collected ($0.12)
Seat 2: Hero folded before Flop (didn't bet)
Seat 3: 2b85af6d (button) folded before Flop (didn't bet)
Seat 4: ae201261 (small blind) folded before Flop
Seat 5: 8ba7c4ea (big blind) folded before Flop


Poker Hand #HD1172985347: Hold'em No Limit  ($0.02/$0.05) - 2023/03/23 21:02:52
Table 'NLHBlue86' 6-max Seat #2 is the button
Seat 1: bf8e165 ($5.05 in chips)
Seat 2: Hero ($7.76 in chips)
Seat 3: 2b85af6d ($5.37 in chips)
Seat 4: ae201261 ($4.2 in chips)
Seat 5: 8ba7c4ea ($6.61 in chips)
2b85af6d: posts small blind $0.02
ae201261: posts big blind $0.05
*** HOLE CARDS ***
Dealt to bf8e165 
Dealt to Hero [3d Ah]
Dealt to 2b85af6d 
Dealt to ae201261 
Dealt to 8ba7c4ea 
8ba7c4ea: folds
bf8e165: folds
Hero: raises $0.07 to $0.12
2b85af6d: folds
ae201261: folds
Uncalled bet ($0.07) returned to Hero
*** SHOWDOWN ***
Hero collected $0.12 from pot
*** SUMMARY ***
Total pot $0.12 | Rake $0 | Jackpot $0 | Bingo $0 | Fortune $0
Seat 1: bf8e165 folded before Flop (didn't bet)
Seat 2: Hero (button) collected ($0.12)
Seat 3: 2b85af6d (small blind) folded before Flop
Seat 4: ae201261 (big blind) folded before Flop
Seat 5: 8ba7c4ea folded before Flop (didn't bet)


Poker Hand #HD1172985315: Hold'em No Limit  ($0.02/$0.05) - 2023/03/23 21:02:40
Table 'NLHBlue86' 6-max Seat #1 is the button
Seat 1: bf8e165 ($5.05 in chips)
Seat 2: Hero ($7.78 in chips)
Seat 3: 2b85af6d ($5.42 in chips)
Seat 4: ae201261 ($4.2 in chips)
Seat 5: 8ba7c4ea ($6.54 in chips)
Hero: posts small blind $0.02
2b85af6d: posts big blind $0.05
*** HOLE CARDS ***
Dealt to bf8e165 
Dealt to Hero [7d 3h]
Dealt to 2b85af6d 
Dealt to ae201261 
Dealt to 8ba7c4ea 
ae201261: folds
8ba7c4ea: raises $0.09 to $0.14
bf8e165: folds
Hero: folds
2b85af6d: folds
Uncalled bet ($0.09) returned to 8ba7c4ea
*** SHOWDOWN ***
8ba7c4ea collected $0.12 from pot
*** SUMMARY ***
Total pot $0.12 | Rake $0 | Jackpot $0 | Bingo $0 | Fortune $0
Seat 1: bf8e165 (button) folded before Flop (didn't bet)
Seat 2: Hero (small blind) folded before Flop
Seat 3: 2b85af6d (big blind) folded before Flop
Seat 4: ae201261 folded before Flop (didn't bet)
Seat 5: 8ba7c4ea collected ($0.12)


Poker Hand #HD1172985243: Hold'em No Limit  ($0.02/$0.05) - 2023/03/23 21:02:15
Table 'NLHBlue86' 6-max Seat #5 is the button
Seat 1: bf8e165 ($5.07 in chips)
Seat 2: Hero ($7.92 in chips)
Seat 3: 2b85af6d ($5.42 in chips)
Seat 4: ae201261 ($4.2 in chips)
Seat 5: 8ba7c4ea ($6.39 in chips)
bf8e165: posts small blind $0.02
Hero: posts big blind $0.05
*** HOLE CARDS ***
Dealt to bf8e165 
Dealt to Hero [6c Ac]
Dealt to 2b85af6d 
Dealt to ae201261 
Dealt to 8ba7c4ea 
2b85af6d: folds
ae201261: folds
8ba7c4ea: raises $0.09 to $0.14
bf8e165: folds
Hero: calls $0.09
*** FLOP *** [8c Jd Jh]
Hero: checks
8ba7c4ea: bets $0.15
Hero: folds
Uncalled bet ($0.15) returned to 8ba7c4ea
*** SHOWDOWN ***
8ba7c4ea collected $0.29 from pot
*** SUMMARY ***
Total pot $0.3 | Rake $0.01 | Jackpot $0 | Bingo $0 | Fortune $0
Board [8c Jd Jh]
Seat 1: bf8e165 (small blind) folded before Flop
Seat 2: Hero (big blind) folded on the Flop
Seat 3: 2b85af6d folded before Flop (didn't bet)
Seat 4: ae201261 folded before Flop (didn't bet)
Seat 5: 8ba7c4ea (button) won ($0.29)


Poker Hand #HD1172985150: Hold'em No Limit  ($0.02/$0.05) - 2023/03/23 21:01:43
Table 'NLHBlue86' 6-max Seat #4 is the button
Seat 1: bf8e165 ($5.07 in chips)
Seat 2: Hero ($7.92 in chips)
Seat 3: 2b85af6d ($5.42 in chips)
Seat 4: ae201261 ($4.13 in chips)
Seat 5: 8ba7c4ea ($6.41 in chips)
Seat 6: 3a28735a ($5.17 in chips)
8ba7c4ea: posts small blind $0.02
3a28735a: posts big blind $0.05
*** HOLE CARDS ***
Dealt to bf8e165 
Dealt to Hero [4s Td]
Dealt to 2b85af6d 
Dealt to ae201261 
Dealt to 8ba7c4ea 
Dealt to 3a28735a 
bf8e165: folds
Hero: folds
2b85af6d: folds
ae201261: raises $0.08 to $0.13
8ba7c4ea: folds
3a28735a: folds
Uncalled bet ($0.08) returned to ae201261
*** SHOWDOWN ***
ae201261 collected $0.12 from pot
*** SUMMARY ***
Total pot $0.12 | Rake $0 | Jackpot $0 | Bingo $0 | Fortune $0
Seat 1: bf8e165 folded before Flop (didn't bet)
Seat 2: Hero folded before Flop (didn't bet)
Seat 3: 2b85af6d folded before Flop (didn't bet)
Seat 4: ae201261 (button) collected ($0.12)
Seat 5: 8ba7c4ea (small blind) folded before Flop
Seat 6: 3a28735a (big blind) folded before Flop


Poker Hand #HD1172985041: Hold'em No Limit  ($0.02/$0.05) - 2023/03/23 21:01:04
Table 'NLHBlue86' 6-max Seat #3 is the button
Seat 1: bf8e165 ($5.07 in chips)
Seat 2: Hero ($7.79 in chips)
Seat 3: 2b85af6d ($5.42 in chips)
Seat 4: ae201261 ($4.15 in chips)
Seat 5: 8ba7c4ea ($6.53 in chips)
Seat 6: 3a28735a ($5.17 in chips)
ae201261: posts small blind $0.02
8ba7c4ea: posts big blind $0.05
*** HOLE CARDS ***
Dealt to bf8e165 
Dealt to Hero [7s 6s]
Dealt to 2b85af6d 
Dealt to ae201261 
Dealt to 8ba7c4ea 
Dealt to 3a28735a 
3a28735a: folds
bf8e165: folds
Hero: raises $0.07 to $0.12
2b85af6d: folds
ae201261: folds
8ba7c4ea: calls $0.07
*** FLOP *** [5d 9s Ah]
8ba7c4ea: checks
Hero: bets $0.09
8ba7c4ea: folds
Uncalled bet ($0.09) returned to Hero
*** SHOWDOWN ***
Hero collected $0.25 from pot
*** SUMMARY ***
Total pot $0.26 | Rake $0.01 | Jackpot $0 | Bingo $0 | Fortune $0
Board [5d 9s Ah]
Seat 1: bf8e165 folded before Flop (didn't bet)
Seat 2: Hero won ($0.25)
Seat 3: 2b85af6d (button) folded before Flop (didn't bet)
Seat 4: ae201261 (small blind) folded before Flop
Seat 5: 8ba7c4ea (big blind) folded on the Flop
Seat 6: 3a28735a folded before Flop (didn't bet)


Poker Hand #HD1172985000: Hold'em No Limit  ($0.02/$0.05) - 2023/03/23 21:00:47
Table 'NLHBlue86' 6-max Seat #2 is the button
Seat 1: bf8e165 ($5.07 in chips)
Seat 2: Hero ($7.79 in chips)
Seat 3: 2b85af6d ($5.44 in chips)
Seat 4: ae201261 ($4.2 in chips)
Seat 5: 8ba7c4ea ($6.53 in chips)
Seat 6: 3a28735a ($5.1 in chips)
2b85af6d: posts small blind $0.02
ae201261: posts big blind $0.05
*** HOLE CARDS ***
Dealt to bf8e165 
Dealt to Hero [Js Tc]
Dealt to 2b85af6d 
Dealt to ae201261 
Dealt to 8ba7c4ea 
Dealt to 3a28735a 
8ba7c4ea: folds
3a28735a: raises $0.08 to $0.13
bf8e165: folds
Hero: folds
2b85af6d: folds
ae201261: folds
Uncalled bet ($0.08) returned to 3a28735a
*** SHOWDOWN ***
3a28735a collected $0.12 from pot
*** SUMMARY ***
Total pot $0.12 | Rake $0 | Jackpot $0 | Bingo $0 | Fortune $0
Seat 1: bf8e165 folded before Flop (didn't bet)
Seat 2: Hero (button) folded before Flop (didn't bet)
Seat 3: 2b85af6d (small blind) folded before Flop
Seat 4: ae201261 (big blind) folded before Flop
Seat 5: 8ba7c4ea folded before Flop (didn't bet)
Seat 6: 3a28735a collected ($0.12)


Poker Hand #HD1172984847: Hold'em No Limit  ($0.02/$0.05) - 2023/03/23 20:59:52
Table 'NLHBlue86' 6-max Seat #1 is the button
Seat 1: bf8e165 ($5.07 in chips)
Seat 2: Hero ($7.92 in chips)
Seat 3: 2b85af6d ($5.49 in chips)
Seat 4: ae201261 ($4.55 in chips)
Seat 5: 8ba7c4ea ($6.04 in chips)
Seat 6: 3a28735a ($5.1 in chips)
Hero: posts small blind $0.02
2b85af6d: posts big blind $0.05
*** HOLE CARDS ***
Dealt to bf8e165 
Dealt to Hero [Ah Jd]
Dealt to 2b85af6d 
Dealt to ae201261 
Dealt to 8ba7c4ea 
Dealt to 3a28735a 
ae201261: raises $0.08 to $0.13
8ba7c4ea: calls $0.13
3a28735a: folds
bf8e165: folds
Hero: calls $0.11
2b85af6d: folds
*** FLOP *** [8h 7d 6s]
Hero: checks
ae201261: bets $0.22
8ba7c4ea: calls $0.22
Hero: folds
*** TURN *** [8h 7d 6s] [9h]
ae201261: checks
8ba7c4ea: checks
*** RIVER *** [8h 7d 6s 9h] [4c]
ae201261: checks
8ba7c4ea: checks
ae201261: shows [Ad Js] (Ace-High)
8ba7c4ea: shows [9c 7c] (Pair of Nines and Pair of Sevens)
*** SHOWDOWN ***
8ba7c4ea collected $0.84 from pot
*** SUMMARY ***
Total pot $0.88 | Rake $0.04 | Jackpot $0 | Bingo $0 | Fortune $0
Board [8h 7d 6s 9h 4c]
Seat 1: bf8e165 (button) folded before Flop (didn't bet)
Seat 2: Hero (small blind) folded on the Flop
Seat 3: 2b85af6d (big blind) folded before Flop
Seat 4: ae201261 showed [Ad Js] and lost with Ace-High
Seat 5: 8ba7c4ea showed [9c 7c] and won ($0.84) with Pair of Nines and Pair of Sevens
Seat 6: 3a28735a folded before Flop (didn't bet)


Poker Hand #HD1172984804: Hold'em No Limit  ($0.02/$0.05) - 2023/03/23 20:59:36
Table 'NLHBlue86' 6-max Seat #6 is the button
Seat 1: bf8e165 ($5.02 in chips)
Seat 2: Hero ($7.97 in chips)
Seat 3: 2b85af6d ($5.49 in chips)
Seat 4: ae201261 ($4.55 in chips)
Seat 5: 8ba7c4ea ($6.04 in chips)
Seat 6: 3a28735a ($5.1 in chips)
bf8e165: posts small blind $0.02
Hero: posts big blind $0.05
*** HOLE CARDS ***
Dealt to bf8e165 
Dealt to Hero [Qh 6c]
Dealt to 2b85af6d 
Dealt to ae201261 
Dealt to 8ba7c4ea 
Dealt to 3a28735a 
2b85af6d: folds
ae201261: folds
8ba7c4ea: folds
3a28735a: folds
bf8e165: raises $0.07 to $0.12
Hero: folds
Uncalled bet ($0.07) returned to bf8e165
*** SHOWDOWN ***
bf8e165 collected $0.1 from pot
*** SUMMARY ***
Total pot $0.1 | Rake $0 | Jackpot $0 | Bingo $0 | Fortune $0
Seat 1: bf8e165 (small blind) collected ($0.1)
Seat 2: Hero (big blind) folded before Flop
Seat 3: 2b85af6d folded before Flop (didn't bet)
Seat 4: ae201261 folded before Flop (didn't bet)
Seat 5: 8ba7c4ea folded before Flop (didn't bet)
Seat 6: 3a28735a (button) folded before Flop (didn't bet)


Poker Hand #HD1172984751: Hold'em No Limit  ($0.02/$0.05) - 2023/03/23 20:59:16
Table 'NLHBlue86' 6-max Seat #5 is the button
Seat 1: bf8e165 ($5 in chips)
Seat 2: Hero ($7.97 in chips)
Seat 3: 2b85af6d ($5.49 in chips)
Seat 4: ae201261 ($4.55 in chips)
Seat 5: 8ba7c4ea ($6.04 in chips)
Seat 6: 3a28735a ($5.12 in chips)
3a28735a: posts small blind $0.02
bf8e165: posts big blind $0.05
*** HOLE CARDS ***
Dealt to bf8e165 
Dealt to Hero [4c 2h]
Dealt to 2b85af6d 
Dealt to ae201261 
Dealt to 8ba7c4ea 
Dealt to 3a28735a 
Hero: folds
2b85af6d: folds
ae201261: folds
8ba7c4ea: folds
3a28735a: folds
Uncalled bet ($0.03) returned to bf8e165
*** SHOWDOWN ***
bf8e165 collected $0.04 from pot
*** SUMMARY ***
Total pot $0.04 | Rake $0 | Jackpot $0 | Bingo $0 | Fortune $0
Seat 1: bf8e165 (big blind) collected ($0.04)
Seat 2: Hero folded before Flop (didn't bet)
Seat 3: 2b85af6d folded before Flop (didn't bet)
Seat 4: ae201261 folded before Flop (didn't bet)
Seat 5: 8ba7c4ea (button) folded before Flop (didn't bet)
Seat 6: 3a28735a (small blind) folded before Flop


Poker Hand #HD1172984646: Hold'em No Limit  ($0.02/$0.05) - 2023/03/23 20:58:36
Table 'NLHBlue86' 6-max Seat #4 is the button
Seat 2: Hero ($7.97 in chips)
Seat 3: 2b85af6d ($5.49 in chips)
Seat 4: ae201261 ($4.55 in chips)
Seat 5: 8ba7c4ea ($6.09 in chips)
Seat 6: 3a28735a ($5.07 in chips)
8ba7c4ea: posts small blind $0.02
3a28735a: posts big blind $0.05
*** HOLE CARDS ***
Dealt to Hero [8d 2c]
Dealt to 2b85af6d 
Dealt to ae201261 
Dealt to 8ba7c4ea 
Dealt to 3a28735a 
Hero: folds
2b85af6d: folds
ae201261: folds
8ba7c4ea: calls $0.03
3a28735a: checks
*** FLOP *** [8s Th 6d]
8ba7c4ea: checks
3a28735a: checks
*** TURN *** [8s Th 6d] [3s]
8ba7c4ea: checks
3a28735a: checks
*** RIVER *** [8s Th 6d 3s] [Ah]
8ba7c4ea: checks
3a28735a: checks
8ba7c4ea: shows [Kh 5h] (Ace-High)
3a28735a: shows [Qh 3c] (Pair of Treys)
*** SHOWDOWN ***
3a28735a collected $0.1 from pot
*** SUMMARY ***
Total pot $0.1 | Rake $0 | Jackpot $0 | Bingo $0 | Fortune $0
Board [8s Th 6d 3s Ah]
Seat 2: Hero folded before Flop (didn't bet)
Seat 3: 2b85af6d folded before Flop (didn't bet)
Seat 4: ae201261 (button) folded before Flop (didn't bet)
Seat 5: 8ba7c4ea (small blind) showed [Kh 5h] and lost with Ace-High
Seat 6: 3a28735a (big blind) showed [Qh 3c] and won ($0.1) with Pair of Treys


Poker Hand #HD1172984622: Hold'em No Limit  ($0.02/$0.05) - 2023/03/23 20:58:28
Table 'NLHBlue86' 6-max Seat #3 is the button
Seat 2: Hero ($7.97 in chips)
Seat 3: 2b85af6d ($5.49 in chips)
Seat 4: ae201261 ($4.57 in chips)
Seat 5: 8ba7c4ea ($6.14 in chips)
Seat 6: 3a28735a ($5 in chips)
ae201261: posts small blind $0.02
8ba7c4ea: posts big blind $0.05
*** HOLE CARDS ***
Dealt to Hero [2c 6d]
Dealt to 2b85af6d 
Dealt to ae201261 
Dealt to 8ba7c4ea 
Dealt to 3a28735a 
3a28735a: raises $0.1 to $0.15
Hero: folds
2b85af6d: folds
ae201261: folds
8ba7c4ea: folds
Uncalled bet ($0.1) returned to 3a28735a
*** SHOWDOWN ***
3a28735a collected $0.12 from pot
*** SUMMARY ***
Total pot $0.12 | Rake $0 | Jackpot $0 | Bingo $0 | Fortune $0
Seat 2: Hero folded before Flop (didn't bet)
Seat 3: 2b85af6d (button) folded before Flop (didn't bet)
Seat 4: ae201261 (small blind) folded before Flop
Seat 5: 8ba7c4ea (big blind) folded before Flop
Seat 6: 3a28735a collected ($0.12)


Poker Hand #HD1172984430: Hold'em No Limit  ($0.02/$0.05) - 2023/03/23 20:57:19
Table 'NLHBlue86' 6-max Seat #2 is the button
Seat 1: fc0510c7 ($5.89 in chips)
Seat 2: Hero ($5.04 in chips)
Seat 3: 2b85af6d ($5.51 in chips)
Seat 4: ae201261 ($4.62 in chips)
Seat 5: 8ba7c4ea ($6.14 in chips)
Seat 6: 3a28735a ($4 in chips)
2b85af6d: posts small blind $0.02
ae201261: posts big blind $0.05
*** HOLE CARDS ***
Dealt to fc0510c7 
Dealt to Hero [Kd Ks]
Dealt to 2b85af6d 
Dealt to ae201261 
Dealt to 8ba7c4ea 
Dealt to 3a28735a 
8ba7c4ea: folds
3a28735a: raises $0.1 to $0.15
fc0510c7: raises $0.29 to $0.44
Hero: calls $0.44
2b85af6d: folds
ae201261: folds
3a28735a: calls $0.29
*** FLOP *** [Qc Jh 5h]
3a28735a: checks
fc0510c7: bets $0.71
Hero: raises $0.97 to $1.68
3a28735a: folds
fc0510c7: raises $3.77 to $5.45 and is all-in
Hero: calls $2.92 and is all-in
Uncalled bet ($0.85) returned to fc0510c7
fc0510c7: shows [Ac Qs] (Pair of Queens)
Hero: shows [Kd Ks] (Pair of Kings)
Hero: Chooses to EV Cashout 
*** TURN *** [Qc Jh 5h] [9s]
*** RIVER *** [Qc Jh 5h 9s] [4h]
Hero: Pays Cashout Risk ($2.07)
*** SHOWDOWN ***
Hero collected $10.04 from pot
*** SUMMARY ***
Total pot $10.59 | Rake $0.5 | Jackpot $0.05 | Bingo $0 | Fortune $0
Board [Qc Jh 5h 9s 4h]
Seat 1: fc0510c7 showed [Ac Qs] and lost with Pair of Queens
Seat 2: Hero (button) showed [Kd Ks] and won ($10.04) with Pair of Kings, Cashout Risk ($2.07)
Seat 3: 2b85af6d (small blind) folded before Flop
Seat 4: ae201261 (big blind) folded before Flop
Seat 5: 8ba7c4ea folded before Flop (didn't bet)
Seat 6: 3a28735a folded on the Flop


Poker Hand #HD1172984382: Hold'em No Limit  ($0.02/$0.05) - 2023/03/23 20:56:59
Table 'NLHBlue86' 6-max Seat #1 is the button
Seat 1: fc0510c7 ($5.89 in chips)
Seat 2: Hero ($5.06 in chips)
Seat 3: 2b85af6d ($5.56 in chips)
Seat 4: ae201261 ($4.62 in chips)
Seat 5: 8ba7c4ea ($6.14 in chips)
Seat 6: 3a28735a ($3.93 in chips)
Hero: posts small blind $0.02
2b85af6d: posts big blind $0.05
*** HOLE CARDS ***
Dealt to fc0510c7 
Dealt to Hero [3c 7h]
Dealt to 2b85af6d 
Dealt to ae201261 
Dealt to 8ba7c4ea 
Dealt to 3a28735a 
ae201261: folds
8ba7c4ea: folds
3a28735a: raises $0.1 to $0.15
fc0510c7: folds
Hero: folds
2b85af6d: folds
Uncalled bet ($0.1) returned to 3a28735a
*** SHOWDOWN ***
3a28735a collected $0.12 from pot
*** SUMMARY ***
Total pot $0.12 | Rake $0 | Jackpot $0 | Bingo $0 | Fortune $0
Seat 1: fc0510c7 (button) folded before Flop (didn't bet)
Seat 2: Hero (small blind) folded before Flop
Seat 3: 2b85af6d (big blind) folded before Flop
Seat 4: ae201261 folded before Flop (didn't bet)
Seat 5: 8ba7c4ea folded before Flop (didn't bet)
Seat 6: 3a28735a collected ($0.12)


Poker Hand #HD1172984306: Hold'em No Limit  ($0.02/$0.05) - 2023/03/23 20:56:31
Table 'NLHBlue86' 6-max Seat #6 is the button
Seat 1: fc0510c7 ($5.91 in chips)
Seat 2: Hero ($5.19 in chips)
Seat 3: 2b85af6d ($5.56 in chips)
Seat 4: ae201261 ($4.62 in chips)
Seat 5: 8ba7c4ea ($6.14 in chips)
Seat 6: 3a28735a ($3.79 in chips)
fc0510c7: posts small blind $0.02
Hero: posts big blind $0.05
*** HOLE CARDS ***
Dealt to fc0510c7 
Dealt to Hero [2h 3h]
Dealt to 2b85af6d 
Dealt to ae201261 
Dealt to 8ba7c4ea 
Dealt to 3a28735a 
2b85af6d: folds
ae201261: folds
8ba7c4ea: folds
3a28735a: raises $0.08 to $0.13
fc0510c7: folds
Hero: calls $0.08
*** FLOP *** [6h Tc Td]
Hero: checks
3a28735a: bets $0.28
Hero: folds
Uncalled bet ($0.28) returned to 3a28735a
*** SHOWDOWN ***
3a28735a collected $0.27 from pot
*** SUMMARY ***
Total pot $0.28 | Rake $0.01 | Jackpot $0 | Bingo $0 | Fortune $0
Board [6h Tc Td]
Seat 1: fc0510c7 (small blind) folded before Flop
Seat 2: Hero (big blind) folded on the Flop
Seat 3: 2b85af6d folded before Flop (didn't bet)
Seat 4: ae201261 folded before Flop (didn't bet)
Seat 5: 8ba7c4ea folded before Flop (didn't bet)
Seat 6: 3a28735a (button) won ($0.27)


Poker Hand #HD1172984225: Hold'em No Limit  ($0.02/$0.05) - 2023/03/23 20:56:00
Table 'NLHBlue86' 6-max Seat #5 is the button
Seat 1: fc0510c7 ($5.96 in chips)
Seat 2: Hero ($5.19 in chips)
Seat 3: 2b85af6d ($5.56 in chips)
Seat 4: ae201261 ($4.62 in chips)
Seat 5: 8ba7c4ea ($4.82 in chips)
Seat 6: 3a28735a ($5.25 in chips)
3a28735a: posts small blind $0.02
fc0510c7: posts big blind $0.05
*** HOLE CARDS ***
Dealt to fc0510c7 
Dealt to Hero [2c Jd]
Dealt to 2b85af6d 
Dealt to ae201261 
Dealt to 8ba7c4ea 
Dealt to 3a28735a 
Hero: folds
2b85af6d: folds
ae201261: folds
8ba7c4ea: raises $0.09 to $0.14
3a28735a: raises $0.33 to $0.47
fc0510c7: folds
8ba7c4ea: raises $0.99 to $1.46
3a28735a: calls $0.99
*** FLOP *** [Qh 8d 4s]
3a28735a: checks
8ba7c4ea: bets $1.49
3a28735a: folds
Uncalled bet ($1.49) returned to 8ba7c4ea
*** SHOWDOWN ***
8ba7c4ea collected $2.78 from pot
*** SUMMARY ***
Total pot $2.97 | Rake $0.14 | Jackpot $0.05 | Bingo $0 | Fortune $0
Board [Qh 8d 4s]
Seat 1: fc0510c7 (big blind) folded before Flop
Seat 2: Hero folded before Flop (didn't bet)
Seat 3: 2b85af6d folded before Flop (didn't bet)
Seat 4: ae201261 folded before Flop (didn't bet)
Seat 5: 8ba7c4ea (button) won ($2.78)
Seat 6: 3a28735a (small blind) folded on the Flop


Poker Hand #HD1172984054: Hold'em No Limit  ($0.02/$0.05) - 2023/03/23 20:54:53
Table 'NLHBlue86' 6-max Seat #4 is the button
Seat 1: fc0510c7 ($5.96 in chips)
Seat 2: Hero ($5.19 in chips)
Seat 3: 2b85af6d ($5.56 in chips)
Seat 4: ae201261 ($4.62 in chips)
Seat 5: 8ba7c4ea ($5.24 in chips)
Seat 6: 3a28735a ($4.87 in chips)
8ba7c4ea: posts small blind $0.02
3a28735a: posts big blind $0.05
*** HOLE CARDS ***
Dealt to fc0510c7 
Dealt to Hero [3d 4d]
Dealt to 2b85af6d 
Dealt to ae201261 
Dealt to 8ba7c4ea 
Dealt to 3a28735a 
fc0510c7: folds
Hero: folds
2b85af6d: folds
ae201261: folds
8ba7c4ea: raises $0.09 to $0.14
3a28735a: raises $0.28 to $0.42
8ba7c4ea: calls $0.28
*** FLOP *** [2h 6h Qh]
8ba7c4ea: checks
3a28735a: bets $0.84
8ba7c4ea: folds
Uncalled bet ($0.84) returned to 3a28735a
*** SHOWDOWN ***
3a28735a collected $0.8 from pot
*** SUMMARY ***
Total pot $0.84 | Rake $0.04 | Jackpot $0 | Bingo $0 | Fortune $0
Board [2h 6h Qh]
Seat 1: fc0510c7 folded before Flop (didn't bet)
Seat 2: Hero folded before Flop (didn't bet)
Seat 3: 2b85af6d folded before Flop (didn't bet)
Seat 4: ae201261 (button) folded before Flop (didn't bet)
Seat 5: 8ba7c4ea (small blind) folded on the Flop
Seat 6: 3a28735a (big blind) won ($0.8)


Poker Hand #HD1172983999: Hold'em No Limit  ($0.02/$0.05) - 2023/03/23 20:54:32
Table 'NLHBlue86' 6-max Seat #3 is the button
Seat 1: fc0510c7 ($5.96 in chips)
Seat 2: Hero ($5.12 in chips)
Seat 3: 2b85af6d ($5.56 in chips)
Seat 4: ae201261 ($4.64 in chips)
Seat 5: 8ba7c4ea ($5.29 in chips)
Seat 6: 3a28735a ($4.87 in chips)
ae201261: posts small blind $0.02
8ba7c4ea: posts big blind $0.05
*** HOLE CARDS ***
Dealt to fc0510c7 
Dealt to Hero [9s Ts]
Dealt to 2b85af6d 
Dealt to ae201261 
Dealt to 8ba7c4ea 
Dealt to 3a28735a 
3a28735a: folds
fc0510c7: folds
Hero: raises $0.07 to $0.12
2b85af6d: folds
ae201261: folds
8ba7c4ea: folds
Uncalled bet ($0.07) returned to Hero
*** SHOWDOWN ***
Hero collected $0.12 from pot
*** SUMMARY ***
Total pot $0.12 | Rake $0 | Jackpot $0 | Bingo $0 | Fortune $0
Seat 1: fc0510c7 folded before Flop (didn't bet)
Seat 2: Hero collected ($0.12)
Seat 3: 2b85af6d (button) folded before Flop (didn't bet)
Seat 4: ae201261 (small blind) folded before Flop
Seat 5: 8ba7c4ea (big blind) folded before Flop
Seat 6: 3a28735a folded before Flop (didn't bet)


Poker Hand #HD1172983922: Hold'em No Limit  ($0.02/$0.05) - 2023/03/23 20:54:08
Table 'NLHBlue86' 6-max Seat #2 is the button
Seat 1: fc0510c7 ($5.96 in chips)
Seat 2: Hero ($5.12 in chips)
Seat 3: 2b85af6d ($5.58 in chips)
Seat 4: ae201261 ($4.69 in chips)
Seat 5: 8ba7c4ea ($5.29 in chips)
Seat 6: 3a28735a ($4.8 in chips)
2b85af6d: posts small blind $0.02
ae201261: posts big blind $0.05
*** HOLE CARDS ***
Dealt to fc0510c7 
Dealt to Hero [2d 5c]
Dealt to 2b85af6d 
Dealt to ae201261 
Dealt to 8ba7c4ea 
Dealt to 3a28735a 
8ba7c4ea: folds
3a28735a: raises $0.08 to $0.13
fc0510c7: folds
Hero: folds
2b85af6d: folds
ae201261: folds
Uncalled bet ($0.08) returned to 3a28735a
*** SHOWDOWN ***
3a28735a collected $0.12 from pot
*** SUMMARY ***
Total pot $0.12 | Rake $0 | Jackpot $0 | Bingo $0 | Fortune $0
Seat 1: fc0510c7 folded before Flop (didn't bet)
Seat 2: Hero (button) folded before Flop (didn't bet)
Seat 3: 2b85af6d (small blind) folded before Flop
Seat 4: ae201261 (big blind) folded before Flop
Seat 5: 8ba7c4ea folded before Flop (didn't bet)
Seat 6: 3a28735a collected ($0.12)


Poker Hand #HD1172983825: Hold'em No Limit  ($0.02/$0.05) - 2023/03/23 20:53:34
Table 'NLHBlue86' 6-max Seat #1 is the button
Seat 1: fc0510c7 ($5.77 in chips)
Seat 2: Hero ($5.14 in chips)
Seat 3: 2b85af6d ($5.63 in chips)
Seat 4: ae201261 ($4.69 in chips)
Seat 5: 8ba7c4ea ($5.29 in chips)
Seat 6: 3a28735a ($4.93 in chips)
Hero: posts small blind $0.02
2b85af6d: posts big blind $0.05
*** HOLE CARDS ***
Dealt to fc0510c7 
Dealt to Hero [6d Tc]
Dealt to 2b85af6d 
Dealt to ae201261 
Dealt to 8ba7c4ea 
Dealt to 3a28735a 
ae201261: folds
8ba7c4ea: folds
3a28735a: raises $0.08 to $0.13
fc0510c7: raises $0.26 to $0.39
Hero: folds
2b85af6d: folds
3a28735a: folds
Uncalled bet ($0.26) returned to fc0510c7
*** SHOWDOWN ***
fc0510c7 collected $0.32 from pot
*** SUMMARY ***
Total pot $0.33 | Rake $0.01 | Jackpot $0 | Bingo $0 | Fortune $0
Seat 1: fc0510c7 (button) collected ($0.32)
Seat 2: Hero (small blind) folded before Flop
Seat 3: 2b85af6d (big blind) folded before Flop
Seat 4: ae201261 folded before Flop (didn't bet)
Seat 5: 8ba7c4ea folded before Flop (didn't bet)
Seat 6: 3a28735a folded before Flop


Poker Hand #HD1172983723: Hold'em No Limit  ($0.02/$0.05) - 2023/03/23 20:52:53
Table 'NLHBlue86' 6-max Seat #6 is the button
Seat 1: fc0510c7 ($5.79 in chips)
Seat 2: Hero ($5 in chips)
Seat 3: 2b85af6d ($5.76 in chips)
Seat 4: ae201261 ($4.69 in chips)
Seat 5: 8ba7c4ea ($5.29 in chips)
Seat 6: 3a28735a ($4.93 in chips)
fc0510c7: posts small blind $0.02
Hero: posts big blind $0.05
*** HOLE CARDS ***
Dealt to fc0510c7 
Dealt to Hero [8c 6c]
Dealt to 2b85af6d 
Dealt to ae201261 
Dealt to 8ba7c4ea 
Dealt to 3a28735a 
2b85af6d: raises $0.08 to $0.13
ae201261: folds
8ba7c4ea: folds
3a28735a: folds
fc0510c7: folds
Hero: calls $0.08
*** FLOP *** [5h 7d 6h]
Hero: checks
2b85af6d: checks
*** TURN *** [5h 7d 6h] [3s]
Hero: bets $0.21
2b85af6d: folds
Uncalled bet ($0.21) returned to Hero
*** SHOWDOWN ***
Hero collected $0.27 from pot
*** SUMMARY ***
Total pot $0.28 | Rake $0.01 | Jackpot $0 | Bingo $0 | Fortune $0
Board [5h 7d 6h 3s]
Seat 1: fc0510c7 (small blind) folded before Flop
Seat 2: Hero (big blind) won ($0.27)
Seat 3: 2b85af6d folded on the Turn
Seat 4: ae201261 folded before Flop (didn't bet)
Seat 5: 8ba7c4ea folded before Flop (didn't bet)
Seat 6: 3a28735a (button) folded before Flop (didn't bet)


