Poker Hand #HD1178401894: Hold'em No Limit  ($0.02/$0.05) - 2023/03/27 19:07:53
Table 'NLHBlue5' 6-max Seat #4 is the button
Seat 3: c6b410e1 ($5.4 in chips)
Seat 4: Hero ($5 in chips)
Hero: posts small blind $0.02
c6b410e1: posts big blind $0.05
*** HOLE CARDS ***
Dealt to c6b410e1 
Dealt to Hero [4c 6c]
Hero: folds
Uncalled bet ($0.03) returned to c6b410e1
*** SHOWDOWN ***
c6b410e1 collected $0.04 from pot
*** SUMMARY ***
Total pot $0.04 | Rake $0 | Jackpot $0 | Bingo $0 | Fortune $0
Seat 3: c6b410e1 (big blind) collected ($0.04)
Seat 4: Hero (small blind) folded before Flop


Poker Hand #HD1178401860: Hold'em No Limit  ($0.02/$0.05) - 2023/03/27 19:07:40
Table 'NLHBlue5' 6-max Seat #3 is the button
Seat 3: c6b410e1 ($5.35 in chips)
Seat 4: Hero ($5 in chips)
c6b410e1: posts small blind $0.02
Hero: posts big blind $0.05
*** HOLE CARDS ***
Dealt to c6b410e1 
Dealt to Hero [4h 8s]
c6b410e1: raises $0.1 to $0.15
Hero: folds
Uncalled bet ($0.1) returned to c6b410e1
*** SHOWDOWN ***
c6b410e1 collected $0.1 from pot
*** SUMMARY ***
Total pot $0.1 | Rake $0 | Jackpot $0 | Bingo $0 | Fortune $0
Seat 3: c6b410e1 (small blind) collected ($0.1)
Seat 4: Hero (big blind) folded before Flop


Poker Hand #HD1178401851: Hold'em No Limit  ($0.02/$0.05) - 2023/03/27 19:07:34
Table 'NLHBlue5' 6-max Seat #4 is the button
Seat 3: c6b410e1 ($5.33 in chips)
Seat 4: Hero ($5.02 in chips)
Hero: posts small blind $0.02
c6b410e1: posts big blind $0.05
*** HOLE CARDS ***
Dealt to c6b410e1 
Dealt to Hero [6d Kc]
Hero: folds
Uncalled bet ($0.03) returned to c6b410e1
*** SHOWDOWN ***
c6b410e1 collected $0.04 from pot
*** SUMMARY ***
Total pot $0.04 | Rake $0 | Jackpot $0 | Bingo $0 | Fortune $0
Seat 3: c6b410e1 (big blind) collected ($0.04)
Seat 4: Hero (small blind) folded before Flop


Poker Hand #HD1178401836: Hold'em No Limit  ($0.02/$0.05) - 2023/03/27 19:07:28
Table 'NLHBlue5' 6-max Seat #3 is the button
Seat 3: c6b410e1 ($5.35 in chips)
Seat 4: Hero ($5 in chips)
c6b410e1: posts small blind $0.02
Hero: posts big blind $0.05
*** HOLE CARDS ***
Dealt to c6b410e1 
Dealt to Hero [2c 7d]
c6b410e1: folds
Uncalled bet ($0.03) returned to Hero
*** SHOWDOWN ***
Hero collected $0.04 from pot
*** SUMMARY ***
Total pot $0.04 | Rake $0 | Jackpot $0 | Bingo $0 | Fortune $0
Seat 3: c6b410e1 (small blind) folded before Flop
Seat 4: Hero (big blind) collected ($0.04)


Poker Hand #HD1178401760: Hold'em No Limit  ($0.02/$0.05) - 2023/03/27 19:06:59
Table 'NLHBlue5' 6-max Seat #6 is the button
Seat 1: e97f4ab7 ($5.16 in chips)
Seat 3: c6b410e1 ($5.21 in chips)
Seat 4: Hero ($5 in chips)
Seat 6: c754d793 ($6.77 in chips)
e97f4ab7: posts small blind $0.02
c6b410e1: posts big blind $0.05
*** HOLE CARDS ***
Dealt to e97f4ab7 
Dealt to c6b410e1 
Dealt to Hero [4d 7d]
Dealt to c754d793 
Hero: folds
c754d793: folds
e97f4ab7: raises $0.1 to $0.15
c6b410e1: raises $0.3 to $0.45
e97f4ab7: folds
Uncalled bet ($0.3) returned to c6b410e1
*** SHOWDOWN ***
c6b410e1 collected $0.29 from pot
*** SUMMARY ***
Total pot $0.3 | Rake $0.01 | Jackpot $0 | Bingo $0 | Fortune $0
Seat 1: e97f4ab7 (small blind) folded before Flop
Seat 3: c6b410e1 (big blind) collected ($0.29)
Seat 4: Hero folded before Flop (didn't bet)
Seat 6: c754d793 (button) folded before Flop (didn't bet)


Poker Hand #HD1178401736: Hold'em No Limit  ($0.02/$0.05) - 2023/03/27 19:06:49
Table 'NLHBlue5' 6-max Seat #4 is the button
Seat 1: e97f4ab7 ($5.16 in chips)
Seat 2: fef2b6b0 ($8.27 in chips)
Seat 3: c6b410e1 ($5.21 in chips)
Seat 4: Hero ($5 in chips)
Seat 5: 4b5cc8fd ($11.59 in chips)
Seat 6: c754d793 ($6.75 in chips)
4b5cc8fd: posts small blind $0.02
c754d793: posts big blind $0.05
*** HOLE CARDS ***
Dealt to e97f4ab7 
Dealt to fef2b6b0 
Dealt to c6b410e1 
Dealt to Hero [8c 9d]
Dealt to 4b5cc8fd 
Dealt to c754d793 
e97f4ab7: folds
fef2b6b0: folds
c6b410e1: folds
Hero: folds
4b5cc8fd: folds
Uncalled bet ($0.03) returned to c754d793
*** SHOWDOWN ***
c754d793 collected $0.04 from pot
*** SUMMARY ***
Total pot $0.04 | Rake $0 | Jackpot $0 | Bingo $0 | Fortune $0
Seat 1: e97f4ab7 folded before Flop (didn't bet)
Seat 2: fef2b6b0 folded before Flop (didn't bet)
Seat 3: c6b410e1 folded before Flop (didn't bet)
Seat 4: Hero (button) folded before Flop (didn't bet)
Seat 5: 4b5cc8fd (small blind) folded before Flop
Seat 6: c754d793 (big blind) collected ($0.04)


Poker Hand #HD1178401645: Hold'em No Limit  ($0.02/$0.05) - 2023/03/27 19:06:12
Table 'NLHBlue5' 6-max Seat #3 is the button
Seat 1: e97f4ab7 ($5.16 in chips)
Seat 2: fef2b6b0 ($8.42 in chips)
Seat 3: c6b410e1 ($5 in chips)
Seat 4: Hero ($5.02 in chips)
Seat 5: 4b5cc8fd ($11.64 in chips)
Seat 6: c754d793 ($6.75 in chips)
Hero: posts small blind $0.02
4b5cc8fd: posts big blind $0.05
*** HOLE CARDS ***
Dealt to e97f4ab7 
Dealt to fef2b6b0 
Dealt to c6b410e1 
Dealt to Hero [7d 2s]
Dealt to 4b5cc8fd 
Dealt to c754d793 
c754d793: folds
e97f4ab7: folds
fef2b6b0: raises $0.1 to $0.15
c6b410e1: raises $0.25 to $0.4
Hero: folds
4b5cc8fd: folds
fef2b6b0: folds
Uncalled bet ($0.25) returned to c6b410e1
*** SHOWDOWN ***
c6b410e1 collected $0.36 from pot
*** SUMMARY ***
Total pot $0.37 | Rake $0.01 | Jackpot $0 | Bingo $0 | Fortune $0
Seat 1: e97f4ab7 folded before Flop (didn't bet)
Seat 2: fef2b6b0 folded before Flop
Seat 3: c6b410e1 (button) collected ($0.36)
Seat 4: Hero (small blind) folded before Flop
Seat 5: 4b5cc8fd (big blind) folded before Flop
Seat 6: c754d793 folded before Flop (didn't bet)


Poker Hand #HD1178401598: Hold'em No Limit  ($0.02/$0.05) - 2023/03/27 19:05:54
Table 'NLHBlue5' 6-max Seat #2 is the button
Seat 1: e97f4ab7 ($5.16 in chips)
Seat 2: fef2b6b0 ($8.35 in chips)
Seat 3: c6b410e1 ($5.02 in chips)
Seat 4: Hero ($5.07 in chips)
Seat 5: 4b5cc8fd ($11.64 in chips)
Seat 6: c754d793 ($6.75 in chips)
c6b410e1: posts small blind $0.02
Hero: posts big blind $0.05
*** HOLE CARDS ***
Dealt to e97f4ab7 
Dealt to fef2b6b0 
Dealt to c6b410e1 
Dealt to Hero [3c 8s]
Dealt to 4b5cc8fd 
Dealt to c754d793 
4b5cc8fd: folds
c754d793: folds
e97f4ab7: folds
fef2b6b0: raises $0.1 to $0.15
c6b410e1: folds
Hero: folds
Uncalled bet ($0.1) returned to fef2b6b0
*** SHOWDOWN ***
fef2b6b0 collected $0.12 from pot
*** SUMMARY ***
Total pot $0.12 | Rake $0 | Jackpot $0 | Bingo $0 | Fortune $0
Seat 1: e97f4ab7 folded before Flop (didn't bet)
Seat 2: fef2b6b0 (button) collected ($0.12)
Seat 3: c6b410e1 (small blind) folded before Flop
Seat 4: Hero (big blind) folded before Flop
Seat 5: 4b5cc8fd folded before Flop (didn't bet)
Seat 6: c754d793 folded before Flop (didn't bet)


Poker Hand #HD1178401554: Hold'em No Limit  ($0.02/$0.05) - 2023/03/27 19:05:38
Table 'NLHBlue5' 6-max Seat #1 is the button
Seat 1: e97f4ab7 ($5.16 in chips)
Seat 2: fef2b6b0 ($8.37 in chips)
Seat 3: c6b410e1 ($5.07 in chips)
Seat 4: Hero ($5.07 in chips)
Seat 5: 4b5cc8fd ($11.57 in chips)
Seat 6: c754d793 ($6.75 in chips)
fef2b6b0: posts small blind $0.02
c6b410e1: posts big blind $0.05
*** HOLE CARDS ***
Dealt to e97f4ab7 
Dealt to fef2b6b0 
Dealt to c6b410e1 
Dealt to Hero [3s 8h]
Dealt to 4b5cc8fd 
Dealt to c754d793 
Hero: folds
4b5cc8fd: raises $0.1 to $0.15
c754d793: folds
e97f4ab7: folds
fef2b6b0: folds
c6b410e1: folds
Uncalled bet ($0.1) returned to 4b5cc8fd
*** SHOWDOWN ***
4b5cc8fd collected $0.12 from pot
*** SUMMARY ***
Total pot $0.12 | Rake $0 | Jackpot $0 | Bingo $0 | Fortune $0
Seat 1: e97f4ab7 (button) folded before Flop (didn't bet)
Seat 2: fef2b6b0 (small blind) folded before Flop
Seat 3: c6b410e1 (big blind) folded before Flop
Seat 4: Hero folded before Flop (didn't bet)
Seat 5: 4b5cc8fd collected ($0.12)
Seat 6: c754d793 folded before Flop (didn't bet)


Poker Hand #HD1178401505: Hold'em No Limit  ($0.02/$0.05) - 2023/03/27 19:05:22
Table 'NLHBlue5' 6-max Seat #6 is the button
Seat 1: e97f4ab7 ($5.18 in chips)
Seat 2: fef2b6b0 ($8.42 in chips)
Seat 3: c6b410e1 ($5.07 in chips)
Seat 4: Hero ($5.07 in chips)
Seat 5: 4b5cc8fd ($11.57 in chips)
Seat 6: c754d793 ($6.68 in chips)
e97f4ab7: posts small blind $0.02
fef2b6b0: posts big blind $0.05
*** HOLE CARDS ***
Dealt to e97f4ab7 
Dealt to fef2b6b0 
Dealt to c6b410e1 
Dealt to Hero [7s 6c]
Dealt to 4b5cc8fd 
Dealt to c754d793 
c6b410e1: folds
Hero: folds
4b5cc8fd: folds
c754d793: raises $0.08 to $0.13
e97f4ab7: folds
fef2b6b0: folds
Uncalled bet ($0.08) returned to c754d793
*** SHOWDOWN ***
c754d793 collected $0.12 from pot
*** SUMMARY ***
Total pot $0.12 | Rake $0 | Jackpot $0 | Bingo $0 | Fortune $0
Seat 1: e97f4ab7 (small blind) folded before Flop
Seat 2: fef2b6b0 (big blind) folded before Flop
Seat 3: c6b410e1 folded before Flop (didn't bet)
Seat 4: Hero folded before Flop (didn't bet)
Seat 5: 4b5cc8fd folded before Flop (didn't bet)
Seat 6: c754d793 (button) collected ($0.12)


Poker Hand #HD1178401453: Hold'em No Limit  ($0.02/$0.05) - 2023/03/27 19:05:03
Table 'NLHBlue5' 6-max Seat #5 is the button
Seat 1: e97f4ab7 ($5.23 in chips)
Seat 2: fef2b6b0 ($8.42 in chips)
Seat 3: c6b410e1 ($5.07 in chips)
Seat 4: Hero ($5 in chips)
Seat 5: 4b5cc8fd ($11.57 in chips)
Seat 6: c754d793 ($6.7 in chips)
c754d793: posts small blind $0.02
e97f4ab7: posts big blind $0.05
*** HOLE CARDS ***
Dealt to e97f4ab7 
Dealt to fef2b6b0 
Dealt to c6b410e1 
Dealt to Hero [7c 8c]
Dealt to 4b5cc8fd 
Dealt to c754d793 
fef2b6b0: folds
c6b410e1: folds
Hero: raises $0.09 to $0.14
4b5cc8fd: folds
c754d793: folds
e97f4ab7: folds
Uncalled bet ($0.09) returned to Hero
*** SHOWDOWN ***
Hero collected $0.12 from pot
*** SUMMARY ***
Total pot $0.12 | Rake $0 | Jackpot $0 | Bingo $0 | Fortune $0
Seat 1: e97f4ab7 (big blind) folded before Flop
Seat 2: fef2b6b0 folded before Flop (didn't bet)
Seat 3: c6b410e1 folded before Flop (didn't bet)
Seat 4: Hero collected ($0.12)
Seat 5: 4b5cc8fd (button) folded before Flop (didn't bet)
Seat 6: c754d793 (small blind) folded before Flop


Poker Hand #HD1178401418: Hold'em No Limit  ($0.02/$0.05) - 2023/03/27 19:04:46
Table 'NLHBlue5' 6-max Seat #4 is the button
Seat 1: e97f4ab7 ($5.16 in chips)
Seat 2: fef2b6b0 ($8.42 in chips)
Seat 3: c6b410e1 ($5.07 in chips)
Seat 4: Hero ($5 in chips)
Seat 5: 4b5cc8fd ($11.59 in chips)
Seat 6: c754d793 ($6.75 in chips)
4b5cc8fd: posts small blind $0.02
c754d793: posts big blind $0.05
*** HOLE CARDS ***
Dealt to e97f4ab7 
Dealt to fef2b6b0 
Dealt to c6b410e1 
Dealt to Hero [9c 2h]
Dealt to 4b5cc8fd 
Dealt to c754d793 
e97f4ab7: raises $0.05 to $0.1
fef2b6b0: folds
c6b410e1: folds
Hero: folds
4b5cc8fd: folds
c754d793: folds
Uncalled bet ($0.05) returned to e97f4ab7
*** SHOWDOWN ***
e97f4ab7 collected $0.12 from pot
*** SUMMARY ***
Total pot $0.12 | Rake $0 | Jackpot $0 | Bingo $0 | Fortune $0
Seat 1: e97f4ab7 collected ($0.12)
Seat 2: fef2b6b0 folded before Flop (didn't bet)
Seat 3: c6b410e1 folded before Flop (didn't bet)
Seat 4: Hero (button) folded before Flop (didn't bet)
Seat 5: 4b5cc8fd (small blind) folded before Flop
Seat 6: c754d793 (big blind) folded before Flop


Poker Hand #HD1178401366: Hold'em No Limit  ($0.02/$0.05) - 2023/03/27 19:04:27
Table 'NLHBlue5' 6-max Seat #3 is the button
Seat 1: e97f4ab7 ($5.16 in chips)
Seat 2: fef2b6b0 ($8.42 in chips)
Seat 3: c6b410e1 ($5 in chips)
Seat 4: Hero ($5.02 in chips)
Seat 5: 4b5cc8fd ($11.64 in chips)
Seat 6: c754d793 ($6.75 in chips)
Hero: posts small blind $0.02
4b5cc8fd: posts big blind $0.05
*** HOLE CARDS ***
Dealt to e97f4ab7 
Dealt to fef2b6b0 
Dealt to c6b410e1 
Dealt to Hero [Jd 4c]
Dealt to 4b5cc8fd 
Dealt to c754d793 
c754d793: folds
e97f4ab7: folds
fef2b6b0: folds
c6b410e1: raises $0.08 to $0.13
Hero: folds
4b5cc8fd: folds
Uncalled bet ($0.08) returned to c6b410e1
*** SHOWDOWN ***
c6b410e1 collected $0.12 from pot
*** SUMMARY ***
Total pot $0.12 | Rake $0 | Jackpot $0 | Bingo $0 | Fortune $0
Seat 1: e97f4ab7 folded before Flop (didn't bet)
Seat 2: fef2b6b0 folded before Flop (didn't bet)
Seat 3: c6b410e1 (button) collected ($0.12)
Seat 4: Hero (small blind) folded before Flop
Seat 5: 4b5cc8fd (big blind) folded before Flop
Seat 6: c754d793 folded before Flop (didn't bet)


Poker Hand #HD1178401318: Hold'em No Limit  ($0.02/$0.05) - 2023/03/27 19:04:08
Table 'NLHBlue5' 6-max Seat #2 is the button
Seat 1: e97f4ab7 ($5.16 in chips)
Seat 2: fef2b6b0 ($8.42 in chips)
Seat 3: c6b410e1 ($5 in chips)
Seat 4: Hero ($5.07 in chips)
Seat 5: 4b5cc8fd ($11.64 in chips)
Seat 6: c754d793 ($6.68 in chips)
c6b410e1: posts small blind $0.02
Hero: posts big blind $0.05
*** HOLE CARDS ***
Dealt to e97f4ab7 
Dealt to fef2b6b0 
Dealt to c6b410e1 
Dealt to Hero [6d 4s]
Dealt to 4b5cc8fd 
Dealt to c754d793 
4b5cc8fd: folds
c754d793: raises $0.08 to $0.13
e97f4ab7: folds
fef2b6b0: folds
c6b410e1: folds
Hero: folds
Uncalled bet ($0.08) returned to c754d793
*** SHOWDOWN ***
c754d793 collected $0.12 from pot
*** SUMMARY ***
Total pot $0.12 | Rake $0 | Jackpot $0 | Bingo $0 | Fortune $0
Seat 1: e97f4ab7 folded before Flop (didn't bet)
Seat 2: fef2b6b0 (button) folded before Flop (didn't bet)
Seat 3: c6b410e1 (small blind) folded before Flop
Seat 4: Hero (big blind) folded before Flop
Seat 5: 4b5cc8fd folded before Flop (didn't bet)
Seat 6: c754d793 collected ($0.12)


Poker Hand #HD1178401163: Hold'em No Limit  ($0.02/$0.05) - 2023/03/27 19:03:06
Table 'NLHBlue5' 6-max Seat #1 is the button
Seat 1: e97f4ab7 ($5 in chips)
Seat 2: fef2b6b0 ($8.44 in chips)
Seat 3: c6b410e1 ($5 in chips)
Seat 4: Hero ($5.07 in chips)
Seat 5: 4b5cc8fd ($11.64 in chips)
Seat 6: c754d793 ($6.68 in chips)
fef2b6b0: posts small blind $0.02
c6b410e1: posts big blind $0.05
*** HOLE CARDS ***
Dealt to e97f4ab7 
Dealt to fef2b6b0 
Dealt to c6b410e1 
Dealt to Hero [6c 4s]
Dealt to 4b5cc8fd 
Dealt to c754d793 
Hero: folds
4b5cc8fd: folds
c754d793: folds
e97f4ab7: raises $0.1 to $0.15
fef2b6b0: folds
c6b410e1: calls $0.1
*** FLOP *** [7d 2s Jc]
c6b410e1: checks
e97f4ab7: bets $0.16
c6b410e1: folds
Uncalled bet ($0.16) returned to e97f4ab7
*** SHOWDOWN ***
e97f4ab7 collected $0.31 from pot
*** SUMMARY ***
Total pot $0.32 | Rake $0.01 | Jackpot $0 | Bingo $0 | Fortune $0
Board [7d 2s Jc]
Seat 1: e97f4ab7 (button) won ($0.31)
Seat 2: fef2b6b0 (small blind) folded before Flop
Seat 3: c6b410e1 (big blind) folded on the Flop
Seat 4: Hero folded before Flop (didn't bet)
Seat 5: 4b5cc8fd folded before Flop (didn't bet)
Seat 6: c754d793 folded before Flop (didn't bet)


Poker Hand #HD1178400787: Hold'em No Limit  ($0.02/$0.05) - 2023/03/27 19:00:44
Table 'NLHBlue5' 6-max Seat #6 is the button
Seat 1: e97f4ab7 ($5 in chips)
Seat 2: fef2b6b0 ($8.49 in chips)
Seat 3: c6b410e1 ($5.95 in chips)
Seat 4: Hero ($5.07 in chips)
Seat 5: 4b5cc8fd ($6.17 in chips)
Seat 6: c754d793 ($6.68 in chips)
e97f4ab7: posts small blind $0.02
fef2b6b0: posts big blind $0.05
*** HOLE CARDS ***
Dealt to e97f4ab7 
Dealt to fef2b6b0 
Dealt to c6b410e1 
Dealt to Hero [8d 8c]
Dealt to 4b5cc8fd 
Dealt to c754d793 
c6b410e1: raises $0.08 to $0.13
Hero: folds
4b5cc8fd: raises $0.32 to $0.45
c754d793: folds
e97f4ab7: folds
fef2b6b0: folds
c6b410e1: calls $0.32
*** FLOP *** [Ad Td Ac]
c6b410e1: checks
4b5cc8fd: checks
*** TURN *** [Ad Td Ac] [3s]
c6b410e1: bets $0.33
4b5cc8fd: raises $0.57 to $0.9
c6b410e1: raises $1.1 to $2
4b5cc8fd: calls $1.1
*** RIVER *** [Ad Td Ac 3s] [5h]
c6b410e1: bets $3.5 and is all-in
4b5cc8fd: calls $3.5
c6b410e1: shows [Ts Th] (Tens Full over Aces)
4b5cc8fd: shows [As Ah] (Four Aces)
*** SHOWDOWN ***
4b5cc8fd collected $11.42 from pot
*** SUMMARY ***
Total pot $11.97 | Rake $0.5 | Jackpot $0.05 | Bingo $0 | Fortune $0
Board [Ad Td Ac 3s 5h]
Seat 1: e97f4ab7 (small blind) folded before Flop
Seat 2: fef2b6b0 (big blind) folded before Flop
Seat 3: c6b410e1 showed [Ts Th] and lost with Tens Full over Aces
Seat 4: Hero folded before Flop (didn't bet)
Seat 5: 4b5cc8fd showed [As Ah] and won ($11.42) with Four Aces
Seat 6: c754d793 (button) folded before Flop (didn't bet)


Poker Hand #HD1178400744: Hold'em No Limit  ($0.02/$0.05) - 2023/03/27 19:00:30
Table 'NLHBlue5' 6-max Seat #5 is the button
Seat 1: e97f4ab7 ($5.02 in chips)
Seat 2: fef2b6b0 ($8.49 in chips)
Seat 3: c6b410e1 ($5.95 in chips)
Seat 4: Hero ($5.07 in chips)
Seat 5: 4b5cc8fd ($6.1 in chips)
Seat 6: c754d793 ($6.7 in chips)
c754d793: posts small blind $0.02
e97f4ab7: posts big blind $0.05
*** HOLE CARDS ***
Dealt to e97f4ab7 
Dealt to fef2b6b0 
Dealt to c6b410e1 
Dealt to Hero [7s 6c]
Dealt to 4b5cc8fd 
Dealt to c754d793 
fef2b6b0: folds
c6b410e1: folds
Hero: folds
4b5cc8fd: raises $0.08 to $0.13
c754d793: folds
e97f4ab7: folds
Uncalled bet ($0.08) returned to 4b5cc8fd
*** SHOWDOWN ***
4b5cc8fd collected $0.12 from pot
*** SUMMARY ***
Total pot $0.12 | Rake $0 | Jackpot $0 | Bingo $0 | Fortune $0
Seat 1: e97f4ab7 (big blind) folded before Flop
Seat 2: fef2b6b0 folded before Flop (didn't bet)
Seat 3: c6b410e1 folded before Flop (didn't bet)
Seat 4: Hero folded before Flop (didn't bet)
Seat 5: 4b5cc8fd (button) collected ($0.12)
Seat 6: c754d793 (small blind) folded before Flop


Poker Hand #HD1178400674: Hold'em No Limit  ($0.02/$0.05) - 2023/03/27 19:00:05
Table 'NLHBlue5' 6-max Seat #4 is the button
Seat 1: e97f4ab7 ($5.12 in chips)
Seat 2: fef2b6b0 ($8.49 in chips)
Seat 3: c6b410e1 ($5.79 in chips)
Seat 4: Hero ($5.07 in chips)
Seat 5: 4b5cc8fd ($6.12 in chips)
Seat 6: c754d793 ($6.75 in chips)
4b5cc8fd: posts small blind $0.02
c754d793: posts big blind $0.05
*** HOLE CARDS ***
Dealt to e97f4ab7 
Dealt to fef2b6b0 
Dealt to c6b410e1 
Dealt to Hero [Js Td]
Dealt to 4b5cc8fd 
Dealt to c754d793 
e97f4ab7: raises $0.05 to $0.1
fef2b6b0: folds
c6b410e1: raises $0.25 to $0.35
Hero: folds
4b5cc8fd: folds
c754d793: folds
e97f4ab7: folds
Uncalled bet ($0.25) returned to c6b410e1
*** SHOWDOWN ***
c6b410e1 collected $0.26 from pot
*** SUMMARY ***
Total pot $0.27 | Rake $0.01 | Jackpot $0 | Bingo $0 | Fortune $0
Seat 1: e97f4ab7 folded before Flop
Seat 2: fef2b6b0 folded before Flop (didn't bet)
Seat 3: c6b410e1 collected ($0.26)
Seat 4: Hero (button) folded before Flop (didn't bet)
Seat 5: 4b5cc8fd (small blind) folded before Flop
Seat 6: c754d793 (big blind) folded before Flop


Poker Hand #HD1178400651: Hold'em No Limit  ($0.02/$0.05) - 2023/03/27 18:59:52
Table 'NLHBlue5' 6-max Seat #3 is the button
Seat 1: e97f4ab7 ($5.12 in chips)
Seat 2: fef2b6b0 ($8.49 in chips)
Seat 3: c6b410e1 ($5.79 in chips)
Seat 4: Hero ($5.09 in chips)
Seat 5: 4b5cc8fd ($6.1 in chips)
Seat 6: c754d793 ($6.75 in chips)
Hero: posts small blind $0.02
4b5cc8fd: posts big blind $0.05
*** HOLE CARDS ***
Dealt to e97f4ab7 
Dealt to fef2b6b0 
Dealt to c6b410e1 
Dealt to Hero [2d 9d]
Dealt to 4b5cc8fd 
Dealt to c754d793 
c754d793: folds
e97f4ab7: folds
fef2b6b0: folds
c6b410e1: folds
Hero: folds
Uncalled bet ($0.03) returned to 4b5cc8fd
*** SHOWDOWN ***
4b5cc8fd collected $0.04 from pot
*** SUMMARY ***
Total pot $0.04 | Rake $0 | Jackpot $0 | Bingo $0 | Fortune $0
Seat 1: e97f4ab7 folded before Flop (didn't bet)
Seat 2: fef2b6b0 folded before Flop (didn't bet)
Seat 3: c6b410e1 (button) folded before Flop (didn't bet)
Seat 4: Hero (small blind) folded before Flop
Seat 5: 4b5cc8fd (big blind) collected ($0.04)
Seat 6: c754d793 folded before Flop (didn't bet)


Poker Hand #HD1178400609: Hold'em No Limit  ($0.02/$0.05) - 2023/03/27 18:59:36
Table 'NLHBlue5' 6-max Seat #2 is the button
Seat 1: e97f4ab7 ($5.12 in chips)
Seat 2: fef2b6b0 ($8.49 in chips)
Seat 3: c6b410e1 ($5.81 in chips)
Seat 4: Hero ($5.14 in chips)
Seat 5: 4b5cc8fd ($6.03 in chips)
Seat 6: c754d793 ($6.75 in chips)
c6b410e1: posts small blind $0.02
Hero: posts big blind $0.05
*** HOLE CARDS ***
Dealt to e97f4ab7 
Dealt to fef2b6b0 
Dealt to c6b410e1 
Dealt to Hero [8s Qh]
Dealt to 4b5cc8fd 
Dealt to c754d793 
4b5cc8fd: raises $0.1 to $0.15
c754d793: folds
e97f4ab7: folds
fef2b6b0: folds
c6b410e1: folds
Hero: folds
Uncalled bet ($0.1) returned to 4b5cc8fd
*** SHOWDOWN ***
4b5cc8fd collected $0.12 from pot
*** SUMMARY ***
Total pot $0.12 | Rake $0 | Jackpot $0 | Bingo $0 | Fortune $0
Seat 1: e97f4ab7 folded before Flop (didn't bet)
Seat 2: fef2b6b0 (button) folded before Flop (didn't bet)
Seat 3: c6b410e1 (small blind) folded before Flop
Seat 4: Hero (big blind) folded before Flop
Seat 5: 4b5cc8fd collected ($0.12)
Seat 6: c754d793 folded before Flop (didn't bet)


Poker Hand #HD1178400570: Hold'em No Limit  ($0.02/$0.05) - 2023/03/27 18:59:18
Table 'NLHBlue5' 6-max Seat #1 is the button
Seat 1: e97f4ab7 ($5.05 in chips)
Seat 2: fef2b6b0 ($8.51 in chips)
Seat 3: c6b410e1 ($5.86 in chips)
Seat 4: Hero ($5.14 in chips)
Seat 5: 4b5cc8fd ($6.03 in chips)
Seat 6: c754d793 ($6.75 in chips)
fef2b6b0: posts small blind $0.02
c6b410e1: posts big blind $0.05
*** HOLE CARDS ***
Dealt to e97f4ab7 
Dealt to fef2b6b0 
Dealt to c6b410e1 
Dealt to Hero [5h 7d]
Dealt to 4b5cc8fd 
Dealt to c754d793 
Hero: folds
4b5cc8fd: folds
c754d793: folds
e97f4ab7: raises $0.1 to $0.15
fef2b6b0: folds
c6b410e1: folds
Uncalled bet ($0.1) returned to e97f4ab7
*** SHOWDOWN ***
e97f4ab7 collected $0.12 from pot
*** SUMMARY ***
Total pot $0.12 | Rake $0 | Jackpot $0 | Bingo $0 | Fortune $0
Seat 1: e97f4ab7 (button) collected ($0.12)
Seat 2: fef2b6b0 (small blind) folded before Flop
Seat 3: c6b410e1 (big blind) folded before Flop
Seat 4: Hero folded before Flop (didn't bet)
Seat 5: 4b5cc8fd folded before Flop (didn't bet)
Seat 6: c754d793 folded before Flop (didn't bet)


Poker Hand #HD1178400512: Hold'em No Limit  ($0.02/$0.05) - 2023/03/27 18:58:56
Table 'NLHBlue5' 6-max Seat #6 is the button
Seat 1: e97f4ab7 ($5 in chips)
Seat 2: fef2b6b0 ($8.56 in chips)
Seat 3: c6b410e1 ($5.86 in chips)
Seat 4: Hero ($5.14 in chips)
Seat 5: 4b5cc8fd ($6.03 in chips)
Seat 6: c754d793 ($6.75 in chips)
e97f4ab7: posts small blind $0.02
fef2b6b0: posts big blind $0.05
*** HOLE CARDS ***
Dealt to e97f4ab7 
Dealt to fef2b6b0 
Dealt to c6b410e1 
Dealt to Hero [Js 8c]
Dealt to 4b5cc8fd 
Dealt to c754d793 
c6b410e1: folds
Hero: folds
4b5cc8fd: folds
c754d793: folds
e97f4ab7: raises $0.1 to $0.15
fef2b6b0: folds
Uncalled bet ($0.1) returned to e97f4ab7
*** SHOWDOWN ***
e97f4ab7 collected $0.1 from pot
*** SUMMARY ***
Total pot $0.1 | Rake $0 | Jackpot $0 | Bingo $0 | Fortune $0
Seat 1: e97f4ab7 (small blind) collected ($0.1)
Seat 2: fef2b6b0 (big blind) folded before Flop
Seat 3: c6b410e1 folded before Flop (didn't bet)
Seat 4: Hero folded before Flop (didn't bet)
Seat 5: 4b5cc8fd folded before Flop (didn't bet)
Seat 6: c754d793 (button) folded before Flop (didn't bet)


Poker Hand #HD1178400453: Hold'em No Limit  ($0.02/$0.05) - 2023/03/27 18:58:33
Table 'NLHBlue5' 6-max Seat #5 is the button
Seat 1: e97f4ab7 ($5 in chips)
Seat 2: fef2b6b0 ($8.56 in chips)
Seat 3: c6b410e1 ($5.86 in chips)
Seat 4: Hero ($5.07 in chips)
Seat 5: 4b5cc8fd ($6.03 in chips)
Seat 6: c754d793 ($6.77 in chips)
c754d793: posts small blind $0.02
e97f4ab7: posts big blind $0.05
*** HOLE CARDS ***
Dealt to e97f4ab7 
Dealt to fef2b6b0 
Dealt to c6b410e1 
Dealt to Hero [7c 9c]
Dealt to 4b5cc8fd 
Dealt to c754d793 
fef2b6b0: folds
c6b410e1: folds
Hero: raises $0.07 to $0.12
4b5cc8fd: folds
c754d793: folds
e97f4ab7: folds
Uncalled bet ($0.07) returned to Hero
*** SHOWDOWN ***
Hero collected $0.12 from pot
*** SUMMARY ***
Total pot $0.12 | Rake $0 | Jackpot $0 | Bingo $0 | Fortune $0
Seat 1: e97f4ab7 (big blind) folded before Flop
Seat 2: fef2b6b0 folded before Flop (didn't bet)
Seat 3: c6b410e1 folded before Flop (didn't bet)
Seat 4: Hero collected ($0.12)
Seat 5: 4b5cc8fd (button) folded before Flop (didn't bet)
Seat 6: c754d793 (small blind) folded before Flop


Poker Hand #HD1178400415: Hold'em No Limit  ($0.02/$0.05) - 2023/03/27 18:58:20
Table 'NLHBlue5' 6-max Seat #4 is the button
Seat 1: e97f4ab7 ($5 in chips)
Seat 2: fef2b6b0 ($8.56 in chips)
Seat 3: c6b410e1 ($5.86 in chips)
Seat 4: Hero ($5.07 in chips)
Seat 5: 4b5cc8fd ($6.05 in chips)
Seat 6: c754d793 ($6.75 in chips)
4b5cc8fd: posts small blind $0.02
c754d793: posts big blind $0.05
*** HOLE CARDS ***
Dealt to e97f4ab7 
Dealt to fef2b6b0 
Dealt to c6b410e1 
Dealt to Hero [3c 5h]
Dealt to 4b5cc8fd 
Dealt to c754d793 
e97f4ab7: folds
fef2b6b0: folds
c6b410e1: folds
Hero: folds
4b5cc8fd: folds
Uncalled bet ($0.03) returned to c754d793
*** SHOWDOWN ***
c754d793 collected $0.04 from pot
*** SUMMARY ***
Total pot $0.04 | Rake $0 | Jackpot $0 | Bingo $0 | Fortune $0
Seat 1: e97f4ab7 folded before Flop (didn't bet)
Seat 2: fef2b6b0 folded before Flop (didn't bet)
Seat 3: c6b410e1 folded before Flop (didn't bet)
Seat 4: Hero (button) folded before Flop (didn't bet)
Seat 5: 4b5cc8fd (small blind) folded before Flop
Seat 6: c754d793 (big blind) collected ($0.04)


Poker Hand #HD1178400168: Hold'em No Limit  ($0.02/$0.05) - 2023/03/27 18:56:38
Table 'NLHBlue5' 6-max Seat #3 is the button
Seat 1: e97f4ab7 ($5 in chips)
Seat 2: fef2b6b0 ($8.56 in chips)
Seat 3: c6b410e1 ($6.7 in chips)
Seat 4: Hero ($5.09 in chips)
Seat 5: 4b5cc8fd ($5.32 in chips)
Seat 6: a96a7b01 ($7.55 in chips)
Hero: posts small blind $0.02
4b5cc8fd: posts big blind $0.05
*** HOLE CARDS ***
Dealt to e97f4ab7 
Dealt to fef2b6b0 
Dealt to c6b410e1 
Dealt to Hero [8d 5c]
Dealt to 4b5cc8fd 
Dealt to a96a7b01 
a96a7b01: folds
e97f4ab7: folds
fef2b6b0: folds
c6b410e1: raises $0.08 to $0.13
Hero: folds
4b5cc8fd: calls $0.08
*** FLOP *** [Jh Kc Td]
4b5cc8fd: checks
c6b410e1: checks
*** TURN *** [Jh Kc Td] [Ks]
4b5cc8fd: bets $0.2
c6b410e1: calls $0.2
*** RIVER *** [Jh Kc Td Ks] [6h]
4b5cc8fd: bets $0.51
c6b410e1: calls $0.51
4b5cc8fd: shows [Qc Kd] (Three Kings)
c6b410e1: shows [7s Js] (Pair of Kings and Pair of Jacks)
*** SHOWDOWN ***
4b5cc8fd collected $1.57 from pot
*** SUMMARY ***
Total pot $1.7 | Rake $0.08 | Jackpot $0.05 | Bingo $0 | Fortune $0
Board [Jh Kc Td Ks 6h]
Seat 1: e97f4ab7 folded before Flop (didn't bet)
Seat 2: fef2b6b0 folded before Flop (didn't bet)
Seat 3: c6b410e1 (button) showed [7s Js] and lost with Pair of Kings and Pair of Jacks
Seat 4: Hero (small blind) folded before Flop
Seat 5: 4b5cc8fd (big blind) showed [Qc Kd] and won ($1.57) with Three Kings
Seat 6: a96a7b01 folded before Flop (didn't bet)


Poker Hand #HD1178400065: Hold'em No Limit  ($0.02/$0.05) - 2023/03/27 18:55:52
Table 'NLHBlue5' 6-max Seat #2 is the button
Seat 1: e97f4ab7 ($5 in chips)
Seat 2: fef2b6b0 ($8.84 in chips)
Seat 3: c6b410e1 ($6.72 in chips)
Seat 4: Hero ($5.14 in chips)
Seat 5: 4b5cc8fd ($5 in chips)
Seat 6: a96a7b01 ($7.55 in chips)
c6b410e1: posts small blind $0.02
Hero: posts big blind $0.05
*** HOLE CARDS ***
Dealt to e97f4ab7 
Dealt to fef2b6b0 
Dealt to c6b410e1 
Dealt to Hero [7h Kd]
Dealt to 4b5cc8fd 
Dealt to a96a7b01 
4b5cc8fd: raises $0.1 to $0.15
a96a7b01: folds
e97f4ab7: folds
fef2b6b0: calls $0.15
c6b410e1: folds
Hero: folds
*** FLOP *** [5h Ts 3h]
4b5cc8fd: bets $0.13
fef2b6b0: calls $0.13
*** TURN *** [5h Ts 3h] [2s]
4b5cc8fd: bets $0.48
fef2b6b0: folds
Uncalled bet ($0.48) returned to 4b5cc8fd
*** SHOWDOWN ***
4b5cc8fd collected $0.6 from pot
*** SUMMARY ***
Total pot $0.63 | Rake $0.03 | Jackpot $0 | Bingo $0 | Fortune $0
Board [5h Ts 3h 2s]
Seat 1: e97f4ab7 folded before Flop (didn't bet)
Seat 2: fef2b6b0 (button) folded on the Turn
Seat 3: c6b410e1 (small blind) folded before Flop
Seat 4: Hero (big blind) folded before Flop
Seat 5: 4b5cc8fd won ($0.6)
Seat 6: a96a7b01 folded before Flop (didn't bet)


Poker Hand #HD1178400016: Hold'em No Limit  ($0.02/$0.05) - 2023/03/27 18:55:32
Table 'NLHBlue5' 6-max Seat #1 is the button
Seat 1: e97f4ab7 ($5 in chips)
Seat 2: fef2b6b0 ($8.86 in chips)
Seat 3: c6b410e1 ($6.77 in chips)
Seat 4: Hero ($5.14 in chips)
Seat 5: 4b5cc8fd ($5 in chips)
Seat 6: a96a7b01 ($7.48 in chips)
fef2b6b0: posts small blind $0.02
c6b410e1: posts big blind $0.05
*** HOLE CARDS ***
Dealt to e97f4ab7 
Dealt to fef2b6b0 
Dealt to c6b410e1 
Dealt to Hero [Kd 5s]
Dealt to 4b5cc8fd 
Dealt to a96a7b01 
Hero: folds
4b5cc8fd: folds
a96a7b01: raises $0.06 to $0.11
e97f4ab7: folds
fef2b6b0: folds
c6b410e1: folds
Uncalled bet ($0.06) returned to a96a7b01
*** SHOWDOWN ***
a96a7b01 collected $0.12 from pot
*** SUMMARY ***
Total pot $0.12 | Rake $0 | Jackpot $0 | Bingo $0 | Fortune $0
Seat 1: e97f4ab7 (button) folded before Flop (didn't bet)
Seat 2: fef2b6b0 (small blind) folded before Flop
Seat 3: c6b410e1 (big blind) folded before Flop
Seat 4: Hero folded before Flop (didn't bet)
Seat 5: 4b5cc8fd folded before Flop (didn't bet)
Seat 6: a96a7b01 collected ($0.12)


Poker Hand #HD1178399937: Hold'em No Limit  ($0.02/$0.05) - 2023/03/27 18:55:02
Table 'NLHBlue5' 6-max Seat #6 is the button
Seat 1: e97f4ab7 ($5 in chips)
Seat 2: fef2b6b0 ($8.91 in chips)
Seat 3: c6b410e1 ($6.77 in chips)
Seat 4: Hero ($5.07 in chips)
Seat 5: 4b5cc8fd ($5 in chips)
Seat 6: a96a7b01 ($7.48 in chips)
e97f4ab7: posts small blind $0.02
fef2b6b0: posts big blind $0.05
*** HOLE CARDS ***
Dealt to e97f4ab7 
Dealt to fef2b6b0 
Dealt to c6b410e1 
Dealt to Hero [Ah Jc]
Dealt to 4b5cc8fd 
Dealt to a96a7b01 
c6b410e1: folds
Hero: raises $0.09 to $0.14
4b5cc8fd: folds
a96a7b01: folds
e97f4ab7: folds
fef2b6b0: folds
Uncalled bet ($0.09) returned to Hero
*** SHOWDOWN ***
Hero collected $0.12 from pot
*** SUMMARY ***
Total pot $0.12 | Rake $0 | Jackpot $0 | Bingo $0 | Fortune $0
Seat 1: e97f4ab7 (small blind) folded before Flop
Seat 2: fef2b6b0 (big blind) folded before Flop
Seat 3: c6b410e1 folded before Flop (didn't bet)
Seat 4: Hero collected ($0.12)
Seat 5: 4b5cc8fd folded before Flop (didn't bet)
Seat 6: a96a7b01 (button) folded before Flop (didn't bet)


Poker Hand #HD1178399889: Hold'em No Limit  ($0.02/$0.05) - 2023/03/27 18:54:42
Table 'NLHBlue5' 6-max Seat #5 is the button
Seat 1: e97f4ab7 ($5 in chips)
Seat 2: fef2b6b0 ($8.91 in chips)
Seat 3: c6b410e1 ($6.77 in chips)
Seat 4: Hero ($5.07 in chips)
Seat 5: 4b5cc8fd ($5 in chips)
Seat 6: a96a7b01 ($7.43 in chips)
a96a7b01: posts small blind $0.02
e97f4ab7: posts big blind $0.05
*** HOLE CARDS ***
Dealt to e97f4ab7 
Dealt to fef2b6b0 
Dealt to c6b410e1 
Dealt to Hero [Kd 6c]
Dealt to 4b5cc8fd 
Dealt to a96a7b01 
fef2b6b0: folds
c6b410e1: folds
Hero: folds
4b5cc8fd: folds
a96a7b01: raises $0.1 to $0.15
e97f4ab7: folds
Uncalled bet ($0.1) returned to a96a7b01
*** SHOWDOWN ***
a96a7b01 collected $0.1 from pot
*** SUMMARY ***
Total pot $0.1 | Rake $0 | Jackpot $0 | Bingo $0 | Fortune $0
Seat 1: e97f4ab7 (big blind) folded before Flop
Seat 2: fef2b6b0 folded before Flop (didn't bet)
Seat 3: c6b410e1 folded before Flop (didn't bet)
Seat 4: Hero folded before Flop (didn't bet)
Seat 5: 4b5cc8fd (button) folded before Flop (didn't bet)
Seat 6: a96a7b01 (small blind) collected ($0.1)


Poker Hand #HD1178399831: Hold'em No Limit  ($0.02/$0.05) - 2023/03/27 18:54:19
Table 'NLHBlue5' 6-max Seat #4 is the button
Seat 1: e97f4ab7 ($5 in chips)
Seat 2: fef2b6b0 ($8.91 in chips)
Seat 3: c6b410e1 ($6.77 in chips)
Seat 4: Hero ($5 in chips)
Seat 5: 4b5cc8fd ($5 in chips)
Seat 6: a96a7b01 ($7.48 in chips)
4b5cc8fd: posts small blind $0.02
a96a7b01: posts big blind $0.05
*** HOLE CARDS ***
Dealt to e97f4ab7 
Dealt to fef2b6b0 
Dealt to c6b410e1 
Dealt to Hero [As 4h]
Dealt to 4b5cc8fd 
Dealt to a96a7b01 
e97f4ab7: folds
fef2b6b0: folds
c6b410e1: folds
Hero: raises $0.07 to $0.12
4b5cc8fd: folds
a96a7b01: folds
Uncalled bet ($0.07) returned to Hero
*** SHOWDOWN ***
Hero collected $0.12 from pot
*** SUMMARY ***
Total pot $0.12 | Rake $0 | Jackpot $0 | Bingo $0 | Fortune $0
Seat 1: e97f4ab7 folded before Flop (didn't bet)
Seat 2: fef2b6b0 folded before Flop (didn't bet)
Seat 3: c6b410e1 folded before Flop (didn't bet)
Seat 4: Hero (button) collected ($0.12)
Seat 5: 4b5cc8fd (small blind) folded before Flop
Seat 6: a96a7b01 (big blind) folded before Flop


Poker Hand #HD1178399574: Hold'em No Limit  ($0.02/$0.05) - 2023/03/27 18:52:29
Table 'NLHBlue5' 6-max Seat #3 is the button
Seat 1: e97f4ab7 ($5 in chips)
Seat 2: fef2b6b0 ($8.91 in chips)
Seat 3: c6b410e1 ($6.08 in chips)
Seat 4: Hero ($5 in chips)
Seat 5: 4b5cc8fd ($5 in chips)
Seat 6: a96a7b01 ($7.48 in chips)
Hero: posts small blind $0.02
4b5cc8fd: posts big blind $0.05
*** HOLE CARDS ***
Dealt to e97f4ab7 
Dealt to fef2b6b0 
Dealt to c6b410e1 
Dealt to Hero [3c Qs]
Dealt to 4b5cc8fd 
Dealt to a96a7b01 
a96a7b01: folds
e97f4ab7: raises $0.08 to $0.13
fef2b6b0: folds
c6b410e1: raises $0.22 to $0.35
Hero: folds
4b5cc8fd: folds
e97f4ab7: calls $0.22
*** FLOP *** [8s Jc 7d]
e97f4ab7: checks
c6b410e1: checks
*** TURN *** [8s Jc 7d] [Td]
e97f4ab7: bets $0.39
c6b410e1: calls $0.39
*** RIVER *** [8s Jc 7d Td] [4d]
e97f4ab7: checks
c6b410e1: bets $1.17
e97f4ab7: folds
Uncalled bet ($1.17) returned to c6b410e1
*** SHOWDOWN ***
c6b410e1 collected $1.43 from pot
*** SUMMARY ***
Total pot $1.55 | Rake $0.07 | Jackpot $0.05 | Bingo $0 | Fortune $0
Board [8s Jc 7d Td 4d]
Seat 1: e97f4ab7 folded on the River
Seat 2: fef2b6b0 folded before Flop (didn't bet)
Seat 3: c6b410e1 (button) won ($1.43)
Seat 4: Hero (small blind) folded before Flop
Seat 5: 4b5cc8fd (big blind) folded before Flop
Seat 6: a96a7b01 folded before Flop (didn't bet)


Poker Hand #HD1178399525: Hold'em No Limit  ($0.02/$0.05) - 2023/03/27 18:52:12
Table 'NLHBlue5' 6-max Seat #2 is the button
Seat 1: e97f4ab7 ($5 in chips)
Seat 2: fef2b6b0 ($8.91 in chips)
Seat 3: c6b410e1 ($6.03 in chips)
Seat 4: Hero ($5 in chips)
Seat 5: 4b5cc8fd ($5 in chips)
Seat 6: a96a7b01 ($7.48 in chips)
c6b410e1: posts small blind $0.02
Hero: posts big blind $0.05
*** HOLE CARDS ***
Dealt to e97f4ab7 
Dealt to fef2b6b0 
Dealt to c6b410e1 
Dealt to Hero [5h 4d]
Dealt to 4b5cc8fd 
Dealt to a96a7b01 
4b5cc8fd: folds
a96a7b01: folds
e97f4ab7: folds
fef2b6b0: folds
c6b410e1: raises $0.1 to $0.15
Hero: folds
Uncalled bet ($0.1) returned to c6b410e1
*** SHOWDOWN ***
c6b410e1 collected $0.1 from pot
*** SUMMARY ***
Total pot $0.1 | Rake $0 | Jackpot $0 | Bingo $0 | Fortune $0
Seat 1: e97f4ab7 folded before Flop (didn't bet)
Seat 2: fef2b6b0 (button) folded before Flop (didn't bet)
Seat 3: c6b410e1 (small blind) collected ($0.1)
Seat 4: Hero (big blind) folded before Flop
Seat 5: 4b5cc8fd folded before Flop (didn't bet)
Seat 6: a96a7b01 folded before Flop (didn't bet)


Poker Hand #HD1178399446: Hold'em No Limit  ($0.02/$0.05) - 2023/03/27 18:51:37
Table 'NLHBlue5' 6-max Seat #1 is the button
Seat 1: e97f4ab7 ($5 in chips)
Seat 2: fef2b6b0 ($8.93 in chips)
Seat 3: c6b410e1 ($6.01 in chips)
Seat 4: Hero ($5 in chips)
Seat 5: 4b5cc8fd ($5 in chips)
Seat 6: a96a7b01 ($7.48 in chips)
fef2b6b0: posts small blind $0.02
c6b410e1: posts big blind $0.05
*** HOLE CARDS ***
Dealt to e97f4ab7 
Dealt to fef2b6b0 
Dealt to c6b410e1 
Dealt to Hero [4s Ks]
Dealt to 4b5cc8fd 
Dealt to a96a7b01 
Hero: folds
4b5cc8fd: folds
a96a7b01: folds
e97f4ab7: folds
fef2b6b0: folds
Uncalled bet ($0.03) returned to c6b410e1
*** SHOWDOWN ***
c6b410e1 collected $0.04 from pot
*** SUMMARY ***
Total pot $0.04 | Rake $0 | Jackpot $0 | Bingo $0 | Fortune $0
Seat 1: e97f4ab7 (button) folded before Flop (didn't bet)
Seat 2: fef2b6b0 (small blind) folded before Flop
Seat 3: c6b410e1 (big blind) collected ($0.04)
Seat 4: Hero folded before Flop (didn't bet)
Seat 5: 4b5cc8fd folded before Flop (didn't bet)
Seat 6: a96a7b01 folded before Flop (didn't bet)


Poker Hand #HD1178399249: Hold'em No Limit  ($0.02/$0.05) - 2023/03/27 18:50:15
Table 'NLHBlue5' 6-max Seat #6 is the button
Seat 1: e97f4ab7 ($5 in chips)
Seat 2: fef2b6b0 ($8.98 in chips)
Seat 3: c6b410e1 ($5 in chips)
Seat 4: Hero ($5 in chips)
Seat 5: 4b5cc8fd ($5.4 in chips)
Seat 6: a96a7b01 ($7.48 in chips)
e97f4ab7: posts small blind $0.02
fef2b6b0: posts big blind $0.05
*** HOLE CARDS ***
Dealt to e97f4ab7 
Dealt to fef2b6b0 
Dealt to c6b410e1 
Dealt to Hero [Jc Qs]
Dealt to 4b5cc8fd 
Dealt to a96a7b01 
c6b410e1: raises $0.08 to $0.13
Hero: folds
4b5cc8fd: raises $0.32 to $0.45
a96a7b01: folds
e97f4ab7: folds
fef2b6b0: folds
c6b410e1: raises $0.65 to $1.1
4b5cc8fd: calls $0.65
*** FLOP *** [9s 3c 6c]
c6b410e1: bets $3.9 and is all-in
4b5cc8fd: folds
Uncalled bet ($3.9) returned to c6b410e1
*** SHOWDOWN ***
c6b410e1 collected $2.11 from pot
*** SUMMARY ***
Total pot $2.27 | Rake $0.11 | Jackpot $0.05 | Bingo $0 | Fortune $0
Board [9s 3c 6c]
Seat 1: e97f4ab7 (small blind) folded before Flop
Seat 2: fef2b6b0 (big blind) folded before Flop
Seat 3: c6b410e1 won ($2.11)
Seat 4: Hero folded before Flop (didn't bet)
Seat 5: 4b5cc8fd folded on the Flop
Seat 6: a96a7b01 (button) folded before Flop (didn't bet)


Poker Hand #HD1178399201: Hold'em No Limit  ($0.02/$0.05) - 2023/03/27 18:49:57
Table 'NLHBlue5' 6-max Seat #5 is the button
Seat 1: e97f4ab7 ($5 in chips)
Seat 2: fef2b6b0 ($8.98 in chips)
Seat 3: c6b410e1 ($5 in chips)
Seat 4: Hero ($5 in chips)
Seat 5: 4b5cc8fd ($5.4 in chips)
Seat 6: a96a7b01 ($7.43 in chips)
a96a7b01: posts small blind $0.02
e97f4ab7: posts big blind $0.05
*** HOLE CARDS ***
Dealt to e97f4ab7 
Dealt to fef2b6b0 
Dealt to c6b410e1 
Dealt to Hero [7d 3d]
Dealt to 4b5cc8fd 
Dealt to a96a7b01 
fef2b6b0: folds
c6b410e1: folds
Hero: folds
4b5cc8fd: folds
a96a7b01: raises $0.1 to $0.15
e97f4ab7: folds
Uncalled bet ($0.1) returned to a96a7b01
*** SHOWDOWN ***
a96a7b01 collected $0.1 from pot
*** SUMMARY ***
Total pot $0.1 | Rake $0 | Jackpot $0 | Bingo $0 | Fortune $0
Seat 1: e97f4ab7 (big blind) folded before Flop
Seat 2: fef2b6b0 folded before Flop (didn't bet)
Seat 3: c6b410e1 folded before Flop (didn't bet)
Seat 4: Hero folded before Flop (didn't bet)
Seat 5: 4b5cc8fd (button) folded before Flop (didn't bet)
Seat 6: a96a7b01 (small blind) collected ($0.1)


Poker Hand #HD1178399181: Hold'em No Limit  ($0.02/$0.05) - 2023/03/27 18:49:48
Table 'NLHBlue5' 6-max Seat #4 is the button
Seat 2: fef2b6b0 ($8.98 in chips)
Seat 3: c6b410e1 ($5 in chips)
Seat 4: Hero ($5 in chips)
Seat 5: 4b5cc8fd ($5.42 in chips)
Seat 6: a96a7b01 ($7.41 in chips)
4b5cc8fd: posts small blind $0.02
a96a7b01: posts big blind $0.05
*** HOLE CARDS ***
Dealt to fef2b6b0 
Dealt to c6b410e1 
Dealt to Hero [8s 2c]
Dealt to 4b5cc8fd 
Dealt to a96a7b01 
fef2b6b0: folds
c6b410e1: folds
Hero: folds
4b5cc8fd: folds
Uncalled bet ($0.03) returned to a96a7b01
*** SHOWDOWN ***
a96a7b01 collected $0.04 from pot
*** SUMMARY ***
Total pot $0.04 | Rake $0 | Jackpot $0 | Bingo $0 | Fortune $0
Seat 2: fef2b6b0 folded before Flop (didn't bet)
Seat 3: c6b410e1 folded before Flop (didn't bet)
Seat 4: Hero (button) folded before Flop (didn't bet)
Seat 5: 4b5cc8fd (small blind) folded before Flop
Seat 6: a96a7b01 (big blind) collected ($0.04)


Poker Hand #HD1178399070: Hold'em No Limit  ($0.02/$0.05) - 2023/03/27 18:49:06
Table 'NLHBlue5' 6-max Seat #3 is the button
Seat 2: fef2b6b0 ($8.98 in chips)
Seat 3: c6b410e1 ($5 in chips)
Seat 4: Hero ($5.05 in chips)
Seat 5: 4b5cc8fd ($5.16 in chips)
Seat 6: a96a7b01 ($7.41 in chips)
Hero: posts small blind $0.02
4b5cc8fd: posts big blind $0.05
*** HOLE CARDS ***
Dealt to fef2b6b0 
Dealt to c6b410e1 
Dealt to Hero [5h Kh]
Dealt to 4b5cc8fd 
Dealt to a96a7b01 
a96a7b01: folds
fef2b6b0: folds
c6b410e1: folds
Hero: raises $0.09 to $0.14
4b5cc8fd: calls $0.09
*** FLOP *** [Ac 9h 3d]
Hero: bets $0.14
4b5cc8fd: calls $0.14
*** TURN *** [Ac 9h 3d] [8s]
Hero: checks
4b5cc8fd: checks
*** RIVER *** [Ac 9h 3d 8s] [Jh]
Hero: checks
4b5cc8fd: checks
Hero: shows [5h Kh] (Ace-High)
4b5cc8fd: shows [7c 7h] (Pair of Sevens)
*** SHOWDOWN ***
4b5cc8fd collected $0.54 from pot
*** SUMMARY ***
Total pot $0.56 | Rake $0.02 | Jackpot $0 | Bingo $0 | Fortune $0
Board [Ac 9h 3d 8s Jh]
Seat 2: fef2b6b0 folded before Flop (didn't bet)
Seat 3: c6b410e1 (button) folded before Flop (didn't bet)
Seat 4: Hero (small blind) showed [5h Kh] and lost with Ace-High
Seat 5: 4b5cc8fd (big blind) showed [7c 7h] and won ($0.54) with Pair of Sevens
Seat 6: a96a7b01 folded before Flop (didn't bet)


Poker Hand #HD1178399045: Hold'em No Limit  ($0.02/$0.05) - 2023/03/27 18:48:53
Table 'NLHBlue5' 6-max Seat #2 is the button
Seat 2: fef2b6b0 ($8.91 in chips)
Seat 3: c6b410e1 ($5.02 in chips)
Seat 4: Hero ($5 in chips)
Seat 5: 4b5cc8fd ($5.16 in chips)
Seat 6: a96a7b01 ($7.41 in chips)
c6b410e1: posts small blind $0.02
Hero: posts big blind $0.05
*** HOLE CARDS ***
Dealt to fef2b6b0 
Dealt to c6b410e1 
Dealt to Hero [4d Ts]
Dealt to 4b5cc8fd 
Dealt to a96a7b01 
4b5cc8fd: folds
a96a7b01: folds
fef2b6b0: raises $0.1 to $0.15
c6b410e1: folds
Hero: folds
Uncalled bet ($0.1) returned to fef2b6b0
*** SHOWDOWN ***
fef2b6b0 collected $0.12 from pot
*** SUMMARY ***
Total pot $0.12 | Rake $0 | Jackpot $0 | Bingo $0 | Fortune $0
Seat 2: fef2b6b0 (button) collected ($0.12)
Seat 3: c6b410e1 (small blind) folded before Flop
Seat 4: Hero (big blind) folded before Flop
Seat 5: 4b5cc8fd folded before Flop (didn't bet)
Seat 6: a96a7b01 folded before Flop (didn't bet)


Poker Hand #HD1178399025: Hold'em No Limit  ($0.02/$0.05) - 2023/03/27 18:48:46
Table 'NLHBlue5' 6-max Seat #6 is the button
Seat 2: fef2b6b0 ($8.93 in chips)
Seat 3: c6b410e1 ($5 in chips)
Seat 4: Hero ($5 in chips)
Seat 5: 4b5cc8fd ($5.16 in chips)
Seat 6: a96a7b01 ($7.41 in chips)
fef2b6b0: posts small blind $0.02
c6b410e1: posts big blind $0.05
*** HOLE CARDS ***
Dealt to fef2b6b0 
Dealt to c6b410e1 
Dealt to Hero [Ac 6h]
Dealt to 4b5cc8fd 
Dealt to a96a7b01 
Hero: folds
4b5cc8fd: folds
a96a7b01: folds
fef2b6b0: folds
Uncalled bet ($0.03) returned to c6b410e1
*** SHOWDOWN ***
c6b410e1 collected $0.04 from pot
*** SUMMARY ***
Total pot $0.04 | Rake $0 | Jackpot $0 | Bingo $0 | Fortune $0
Seat 2: fef2b6b0 (small blind) folded before Flop
Seat 3: c6b410e1 (big blind) collected ($0.04)
Seat 4: Hero folded before Flop (didn't bet)
Seat 5: 4b5cc8fd folded before Flop (didn't bet)
Seat 6: a96a7b01 (button) folded before Flop (didn't bet)


Poker Hand #HD1178398829: Hold'em No Limit  ($0.02/$0.05) - 2023/03/27 18:47:28
Table 'NLHBlue5' 6-max Seat #5 is the button
Seat 2: fef2b6b0 ($8.98 in chips)
Seat 3: c6b410e1 ($5.05 in chips)
Seat 4: Hero ($5 in chips)
Seat 5: 4b5cc8fd ($5.16 in chips)
Seat 6: a96a7b01 ($7.13 in chips)
a96a7b01: posts small blind $0.02
fef2b6b0: posts big blind $0.05
*** HOLE CARDS ***
Dealt to fef2b6b0 
Dealt to c6b410e1 
Dealt to Hero [Jh 9s]
Dealt to 4b5cc8fd 
Dealt to a96a7b01 
c6b410e1: raises $0.08 to $0.13
Hero: folds
4b5cc8fd: folds
a96a7b01: calls $0.11
fef2b6b0: folds
*** FLOP *** [Ts 8h Th]
a96a7b01: bets $0.12
c6b410e1: calls $0.12
*** TURN *** [Ts 8h Th] [2h]
a96a7b01: checks
c6b410e1: checks
*** RIVER *** [Ts 8h Th 2h] [4h]
a96a7b01: bets $0.84
c6b410e1: folds
Uncalled bet ($0.84) returned to a96a7b01
*** SHOWDOWN ***
a96a7b01 collected $0.53 from pot
*** SUMMARY ***
Total pot $0.55 | Rake $0.02 | Jackpot $0 | Bingo $0 | Fortune $0
Board [Ts 8h Th 2h 4h]
Seat 2: fef2b6b0 (big blind) folded before Flop
Seat 3: c6b410e1 folded on the River
Seat 4: Hero folded before Flop (didn't bet)
Seat 5: 4b5cc8fd (button) folded before Flop (didn't bet)
Seat 6: a96a7b01 (small blind) won ($0.53)


Poker Hand #HD1178398696: Hold'em No Limit  ($0.02/$0.05) - 2023/03/27 18:46:31
Table 'NLHBlue5' 6-max Seat #4 is the button
Seat 1: ffbc118d ($1.32 in chips)
Seat 2: fef2b6b0 ($8.98 in chips)
Seat 3: c6b410e1 ($5.05 in chips)
Seat 4: Hero ($5 in chips)
Seat 5: 4b5cc8fd ($5.18 in chips)
Seat 6: a96a7b01 ($5.97 in chips)
4b5cc8fd: posts small blind $0.02
a96a7b01: posts big blind $0.05
*** HOLE CARDS ***
Dealt to ffbc118d 
Dealt to fef2b6b0 
Dealt to c6b410e1 
Dealt to Hero [Ad 6s]
Dealt to 4b5cc8fd 
Dealt to a96a7b01 
ffbc118d: raises $0.1 to $0.15
fef2b6b0: folds
c6b410e1: folds
Hero: folds
4b5cc8fd: folds
a96a7b01: calls $0.1
*** FLOP *** [Kh 5d 5c]
a96a7b01: checks
ffbc118d: bets $0.24
a96a7b01: calls $0.24
*** TURN *** [Kh 5d 5c] [8d]
a96a7b01: checks
ffbc118d: bets $0.93 and is all-in
a96a7b01: calls $0.93
ffbc118d: shows [3s 3c] (Pair of Fives and Pair of Treys)
a96a7b01: shows [Ks 9c] (Pair of Kings and Pair of Fives)
*** RIVER *** [Kh 5d 5c 8d] [Th]
*** SHOWDOWN ***
a96a7b01 collected $2.48 from pot
*** SUMMARY ***
Total pot $2.66 | Rake $0.13 | Jackpot $0.05 | Bingo $0 | Fortune $0
Board [Kh 5d 5c 8d Th]
Seat 1: ffbc118d showed [3s 3c] and lost with Pair of Fives and Pair of Treys
Seat 2: fef2b6b0 folded before Flop (didn't bet)
Seat 3: c6b410e1 folded before Flop (didn't bet)
Seat 4: Hero (button) folded before Flop (didn't bet)
Seat 5: 4b5cc8fd (small blind) folded before Flop
Seat 6: a96a7b01 (big blind) showed [Ks 9c] and won ($2.48) with Pair of Kings and Pair of Fives


Poker Hand #HD1178398559: Hold'em No Limit  ($0.02/$0.05) - 2023/03/27 18:45:37
Table 'NLHBlue5' 6-max Seat #3 is the button
Seat 1: ffbc118d ($1.13 in chips)
Seat 2: fef2b6b0 ($8.98 in chips)
Seat 3: c6b410e1 ($5.05 in chips)
Seat 4: Hero ($5 in chips)
Seat 5: 4b5cc8fd ($5.37 in chips)
Seat 6: a96a7b01 ($5.97 in chips)
Hero: posts small blind $0.02
4b5cc8fd: posts big blind $0.05
*** HOLE CARDS ***
Dealt to ffbc118d 
Dealt to fef2b6b0 
Dealt to c6b410e1 
Dealt to Hero [3s 7h]
Dealt to 4b5cc8fd 
Dealt to a96a7b01 
a96a7b01: folds
ffbc118d: calls $0.05
fef2b6b0: folds
c6b410e1: folds
Hero: folds
4b5cc8fd: checks
*** FLOP *** [8d 6h 7d]
4b5cc8fd: checks
ffbc118d: bets $0.06
4b5cc8fd: calls $0.06
*** TURN *** [8d 6h 7d] [Qs]
4b5cc8fd: checks
ffbc118d: checks
*** RIVER *** [8d 6h 7d Qs] [Tc]
4b5cc8fd: bets $0.08
ffbc118d: raises $0.14 to $0.22
4b5cc8fd: folds
Uncalled bet ($0.14) returned to ffbc118d
*** SHOWDOWN ***
ffbc118d collected $0.38 from pot
*** SUMMARY ***
Total pot $0.4 | Rake $0.02 | Jackpot $0 | Bingo $0 | Fortune $0
Board [8d 6h 7d Qs Tc]
Seat 1: ffbc118d won ($0.38)
Seat 2: fef2b6b0 folded before Flop (didn't bet)
Seat 3: c6b410e1 (button) folded before Flop (didn't bet)
Seat 4: Hero (small blind) folded before Flop
Seat 5: 4b5cc8fd (big blind) folded on the River
Seat 6: a96a7b01 folded before Flop (didn't bet)


Poker Hand #HD1178398406: Hold'em No Limit  ($0.02/$0.05) - 2023/03/27 18:44:39
Table 'NLHBlue5' 6-max Seat #2 is the button
Seat 1: ffbc118d ($0.92 in chips)
Seat 2: fef2b6b0 ($8.98 in chips)
Seat 3: c6b410e1 ($5.07 in chips)
Seat 4: Hero ($5 in chips)
Seat 5: 4b5cc8fd ($5.52 in chips)
Seat 6: a96a7b01 ($5.97 in chips)
c6b410e1: posts small blind $0.02
Hero: posts big blind $0.05
*** HOLE CARDS ***
Dealt to ffbc118d 
Dealt to fef2b6b0 
Dealt to c6b410e1 
Dealt to Hero [As 2h]
Dealt to 4b5cc8fd 
Dealt to a96a7b01 
4b5cc8fd: raises $0.1 to $0.15
a96a7b01: folds
ffbc118d: calls $0.15
fef2b6b0: folds
c6b410e1: folds
Hero: folds
*** FLOP *** [6d 3s 5c]
4b5cc8fd: checks
ffbc118d: bets $0.28
4b5cc8fd: folds
Uncalled bet ($0.28) returned to ffbc118d
*** SHOWDOWN ***
ffbc118d collected $0.36 from pot
*** SUMMARY ***
Total pot $0.37 | Rake $0.01 | Jackpot $0 | Bingo $0 | Fortune $0
Board [6d 3s 5c]
Seat 1: ffbc118d won ($0.36)
Seat 2: fef2b6b0 (button) folded before Flop (didn't bet)
Seat 3: c6b410e1 (small blind) folded before Flop
Seat 4: Hero (big blind) folded before Flop
Seat 5: 4b5cc8fd folded on the Flop
Seat 6: a96a7b01 folded before Flop (didn't bet)


Poker Hand #HD1178398381: Hold'em No Limit  ($0.02/$0.05) - 2023/03/27 18:44:29
Table 'NLHBlue5' 6-max Seat #1 is the button
Seat 1: ffbc118d ($0.92 in chips)
Seat 2: fef2b6b0 ($9 in chips)
Seat 3: c6b410e1 ($5.05 in chips)
Seat 4: Hero ($5 in chips)
Seat 5: 4b5cc8fd ($5.52 in chips)
Seat 6: a96a7b01 ($5.97 in chips)
fef2b6b0: posts small blind $0.02
c6b410e1: posts big blind $0.05
*** HOLE CARDS ***
Dealt to ffbc118d 
Dealt to fef2b6b0 
Dealt to c6b410e1 
Dealt to Hero [As 2h]
Dealt to 4b5cc8fd 
Dealt to a96a7b01 
Hero: folds
4b5cc8fd: folds
a96a7b01: folds
ffbc118d: folds
fef2b6b0: folds
Uncalled bet ($0.03) returned to c6b410e1
*** SHOWDOWN ***
c6b410e1 collected $0.04 from pot
*** SUMMARY ***
Total pot $0.04 | Rake $0 | Jackpot $0 | Bingo $0 | Fortune $0
Seat 1: ffbc118d (button) folded before Flop (didn't bet)
Seat 2: fef2b6b0 (small blind) folded before Flop
Seat 3: c6b410e1 (big blind) collected ($0.04)
Seat 4: Hero folded before Flop (didn't bet)
Seat 5: 4b5cc8fd folded before Flop (didn't bet)
Seat 6: a96a7b01 folded before Flop (didn't bet)


Poker Hand #HD1178398354: Hold'em No Limit  ($0.02/$0.05) - 2023/03/27 18:44:18
Table 'NLHBlue5' 6-max Seat #6 is the button
Seat 1: ffbc118d ($0.94 in chips)
Seat 2: fef2b6b0 ($8.98 in chips)
Seat 3: c6b410e1 ($5.05 in chips)
Seat 4: Hero ($5 in chips)
Seat 5: 4b5cc8fd ($5.52 in chips)
Seat 6: a96a7b01 ($5.97 in chips)
ffbc118d: posts small blind $0.02
fef2b6b0: posts big blind $0.05
*** HOLE CARDS ***
Dealt to ffbc118d 
Dealt to fef2b6b0 
Dealt to c6b410e1 
Dealt to Hero [Jd 6c]
Dealt to 4b5cc8fd 
Dealt to a96a7b01 
c6b410e1: folds
Hero: folds
4b5cc8fd: folds
a96a7b01: folds
ffbc118d: folds
Uncalled bet ($0.03) returned to fef2b6b0
*** SHOWDOWN ***
fef2b6b0 collected $0.04 from pot
*** SUMMARY ***
Total pot $0.04 | Rake $0 | Jackpot $0 | Bingo $0 | Fortune $0
Seat 1: ffbc118d (small blind) folded before Flop
Seat 2: fef2b6b0 (big blind) collected ($0.04)
Seat 3: c6b410e1 folded before Flop (didn't bet)
Seat 4: Hero folded before Flop (didn't bet)
Seat 5: 4b5cc8fd folded before Flop (didn't bet)
Seat 6: a96a7b01 (button) folded before Flop (didn't bet)


Poker Hand #HD1178398274: Hold'em No Limit  ($0.02/$0.05) - 2023/03/27 18:43:47
Table 'NLHBlue5' 6-max Seat #5 is the button
Seat 1: ffbc118d ($1.04 in chips)
Seat 2: fef2b6b0 ($8.98 in chips)
Seat 3: c6b410e1 ($5.05 in chips)
Seat 4: Hero ($5 in chips)
Seat 5: 4b5cc8fd ($5.52 in chips)
Seat 6: a96a7b01 ($5.88 in chips)
a96a7b01: posts small blind $0.02
ffbc118d: posts big blind $0.05
*** HOLE CARDS ***
Dealt to ffbc118d 
Dealt to fef2b6b0 
Dealt to c6b410e1 
Dealt to Hero [Jh 6h]
Dealt to 4b5cc8fd 
Dealt to a96a7b01 
fef2b6b0: folds
c6b410e1: folds
Hero: folds
4b5cc8fd: folds
a96a7b01: raises $0.05 to $0.1
ffbc118d: calls $0.05
*** FLOP *** [Kd Qc 4c]
a96a7b01: bets $0.1
ffbc118d: folds
Uncalled bet ($0.1) returned to a96a7b01
*** SHOWDOWN ***
a96a7b01 collected $0.19 from pot
*** SUMMARY ***
Total pot $0.2 | Rake $0.01 | Jackpot $0 | Bingo $0 | Fortune $0
Board [Kd Qc 4c]
Seat 1: ffbc118d (big blind) folded on the Flop
Seat 2: fef2b6b0 folded before Flop (didn't bet)
Seat 3: c6b410e1 folded before Flop (didn't bet)
Seat 4: Hero folded before Flop (didn't bet)
Seat 5: 4b5cc8fd (button) folded before Flop (didn't bet)
Seat 6: a96a7b01 (small blind) won ($0.19)


Poker Hand #HD1178398141: Hold'em No Limit  ($0.02/$0.05) - 2023/03/27 18:42:50
Table 'NLHBlue5' 6-max Seat #4 is the button
Seat 1: ffbc118d ($1.15 in chips)
Seat 2: fef2b6b0 ($8.98 in chips)
Seat 3: c6b410e1 ($5.05 in chips)
Seat 4: Hero ($5 in chips)
Seat 5: 4b5cc8fd ($5.54 in chips)
Seat 6: a96a7b01 ($5.76 in chips)
4b5cc8fd: posts small blind $0.02
a96a7b01: posts big blind $0.05
*** HOLE CARDS ***
Dealt to ffbc118d 
Dealt to fef2b6b0 
Dealt to c6b410e1 
Dealt to Hero [4d 2c]
Dealt to 4b5cc8fd 
Dealt to a96a7b01 
ffbc118d: calls $0.05
fef2b6b0: folds
c6b410e1: folds
Hero: folds
4b5cc8fd: folds
a96a7b01: checks
*** FLOP *** [8c 4c 3c]
a96a7b01: checks
ffbc118d: checks
*** TURN *** [8c 4c 3c] [Td]
a96a7b01: checks
ffbc118d: bets $0.06
a96a7b01: calls $0.06
*** RIVER *** [8c 4c 3c Td] [2d]
a96a7b01: checks
ffbc118d: checks
a96a7b01: shows [4s 7d] (Pair of Fours)
ffbc118d: shows [9h 7h] (Ten-High)
*** SHOWDOWN ***
a96a7b01 collected $0.23 from pot
*** SUMMARY ***
Total pot $0.24 | Rake $0.01 | Jackpot $0 | Bingo $0 | Fortune $0
Board [8c 4c 3c Td 2d]
Seat 1: ffbc118d showed [9h 7h] and lost with Ten-High
Seat 2: fef2b6b0 folded before Flop (didn't bet)
Seat 3: c6b410e1 folded before Flop (didn't bet)
Seat 4: Hero (button) folded before Flop (didn't bet)
Seat 5: 4b5cc8fd (small blind) folded before Flop
Seat 6: a96a7b01 (big blind) showed [4s 7d] and won ($0.23) with Pair of Fours


Poker Hand #HD1178398064: Hold'em No Limit  ($0.02/$0.05) - 2023/03/27 18:42:21
Table 'NLHBlue5' 6-max Seat #3 is the button
Seat 1: ffbc118d ($1.08 in chips)
Seat 2: fef2b6b0 ($8.98 in chips)
Seat 3: c6b410e1 ($5.05 in chips)
Seat 4: Hero ($5 in chips)
Seat 5: 4b5cc8fd ($5.59 in chips)
Seat 6: a96a7b01 ($5.76 in chips)
Hero: posts small blind $0.02
4b5cc8fd: posts big blind $0.05
ffbc118d: posts big blind $0.05
*** HOLE CARDS ***
Dealt to ffbc118d 
Dealt to fef2b6b0 
Dealt to c6b410e1 
Dealt to Hero [Tc 9s]
Dealt to 4b5cc8fd 
Dealt to a96a7b01 
a96a7b01: folds
ffbc118d: checks
fef2b6b0: folds
c6b410e1: folds
Hero: folds
4b5cc8fd: checks
*** FLOP *** [6d Ac Th]
4b5cc8fd: checks
ffbc118d: bets $0.09
4b5cc8fd: folds
Uncalled bet ($0.09) returned to ffbc118d
*** SHOWDOWN ***
ffbc118d collected $0.12 from pot
*** SUMMARY ***
Total pot $0.12 | Rake $0 | Jackpot $0 | Bingo $0 | Fortune $0
Board [6d Ac Th]
Seat 1: ffbc118d won ($0.12)
Seat 2: fef2b6b0 folded before Flop (didn't bet)
Seat 3: c6b410e1 (button) folded before Flop (didn't bet)
Seat 4: Hero (small blind) folded before Flop
Seat 5: 4b5cc8fd (big blind) folded on the Flop
Seat 6: a96a7b01 folded before Flop (didn't bet)


Poker Hand #HD1178398038: Hold'em No Limit  ($0.02/$0.05) - 2023/03/27 18:42:06
Table 'NLHBlue5' 6-max Seat #2 is the button
Seat 2: fef2b6b0 ($8.98 in chips)
Seat 3: c6b410e1 ($5 in chips)
Seat 4: Hero ($5 in chips)
Seat 5: 4b5cc8fd ($5.59 in chips)
Seat 6: a96a7b01 ($5.76 in chips)
c6b410e1: posts small blind $0.02
Hero: posts big blind $0.05
*** HOLE CARDS ***
Dealt to fef2b6b0 
Dealt to c6b410e1 
Dealt to Hero [7c 9d]
Dealt to 4b5cc8fd 
Dealt to a96a7b01 
4b5cc8fd: folds
a96a7b01: folds
fef2b6b0: folds
c6b410e1: raises $0.1 to $0.15
Hero: folds
Uncalled bet ($0.1) returned to c6b410e1
*** SHOWDOWN ***
c6b410e1 collected $0.1 from pot
*** SUMMARY ***
Total pot $0.1 | Rake $0 | Jackpot $0 | Bingo $0 | Fortune $0
Seat 2: fef2b6b0 (button) folded before Flop (didn't bet)
Seat 3: c6b410e1 (small blind) collected ($0.1)
Seat 4: Hero (big blind) folded before Flop
Seat 5: 4b5cc8fd folded before Flop (didn't bet)
Seat 6: a96a7b01 folded before Flop (didn't bet)


Poker Hand #HD1178397977: Hold'em No Limit  ($0.02/$0.05) - 2023/03/27 18:41:46
Table 'NLHBlue5' 6-max Seat #6 is the button
Seat 2: fef2b6b0 ($8.93 in chips)
Seat 3: c6b410e1 ($5.03 in chips)
Seat 4: Hero ($5 in chips)
Seat 5: 4b5cc8fd ($5.59 in chips)
Seat 6: a96a7b01 ($5.76 in chips)
fef2b6b0: posts small blind $0.02
c6b410e1: posts big blind $0.05
*** HOLE CARDS ***
Dealt to fef2b6b0 
Dealt to c6b410e1 
Dealt to Hero [2c Ad]
Dealt to 4b5cc8fd 
Dealt to a96a7b01 
Hero: folds
4b5cc8fd: folds
a96a7b01: folds
fef2b6b0: raises $0.1 to $0.15
c6b410e1: folds
Uncalled bet ($0.1) returned to fef2b6b0
*** SHOWDOWN ***
fef2b6b0 collected $0.1 from pot
*** SUMMARY ***
Total pot $0.1 | Rake $0 | Jackpot $0 | Bingo $0 | Fortune $0
Seat 2: fef2b6b0 (small blind) collected ($0.1)
Seat 3: c6b410e1 (big blind) folded before Flop
Seat 4: Hero folded before Flop (didn't bet)
Seat 5: 4b5cc8fd folded before Flop (didn't bet)
Seat 6: a96a7b01 (button) folded before Flop (didn't bet)


Poker Hand #HD1178397936: Hold'em No Limit  ($0.02/$0.05) - 2023/03/27 18:41:28
Table 'NLHBlue5' 6-max Seat #5 is the button
Seat 2: fef2b6b0 ($8.91 in chips)
Seat 3: c6b410e1 ($5.03 in chips)
Seat 4: Hero ($5 in chips)
Seat 5: 4b5cc8fd ($5.59 in chips)
Seat 6: a96a7b01 ($5.78 in chips)
a96a7b01: posts small blind $0.02
fef2b6b0: posts big blind $0.05
*** HOLE CARDS ***
Dealt to fef2b6b0 
Dealt to c6b410e1 
Dealt to Hero [Jd 3c]
Dealt to 4b5cc8fd 
Dealt to a96a7b01 
c6b410e1: folds
Hero: folds
4b5cc8fd: folds
a96a7b01: folds
Uncalled bet ($0.03) returned to fef2b6b0
*** SHOWDOWN ***
fef2b6b0 collected $0.04 from pot
*** SUMMARY ***
Total pot $0.04 | Rake $0 | Jackpot $0 | Bingo $0 | Fortune $0
Seat 2: fef2b6b0 (big blind) collected ($0.04)
Seat 3: c6b410e1 folded before Flop (didn't bet)
Seat 4: Hero folded before Flop (didn't bet)
Seat 5: 4b5cc8fd (button) folded before Flop (didn't bet)
Seat 6: a96a7b01 (small blind) folded before Flop


Poker Hand #HD1178397814: Hold'em No Limit  ($0.02/$0.05) - 2023/03/27 18:40:32
Table 'NLHBlue5' 6-max Seat #4 is the button
Seat 2: fef2b6b0 ($8.91 in chips)
Seat 3: c6b410e1 ($5.03 in chips)
Seat 4: Hero ($5.02 in chips)
Seat 5: 4b5cc8fd ($5.61 in chips)
Seat 6: a96a7b01 ($5.25 in chips)
4b5cc8fd: posts small blind $0.02
a96a7b01: posts big blind $0.05
*** HOLE CARDS ***
Dealt to fef2b6b0 
Dealt to c6b410e1 
Dealt to Hero [9h Jc]
Dealt to 4b5cc8fd 
Dealt to a96a7b01 
fef2b6b0: folds
c6b410e1: folds
Hero: raises $0.07 to $0.12
4b5cc8fd: folds
a96a7b01: calls $0.07
*** FLOP *** [8s 6d 2s]
a96a7b01: checks
Hero: checks
*** TURN *** [8s 6d 2s] [7s]
a96a7b01: bets $0.14
Hero: raises $0.3 to $0.44
a96a7b01: calls $0.3
*** RIVER *** [8s 6d 2s 7s] [Kd]
a96a7b01: checks
Hero: checks
a96a7b01: shows [2c 2d] (Three Twos)
Hero: shows [9h Jc] (King-High)
*** SHOWDOWN ***
a96a7b01 collected $1.09 from pot
*** SUMMARY ***
Total pot $1.14 | Rake $0.05 | Jackpot $0 | Bingo $0 | Fortune $0
Board [8s 6d 2s 7s Kd]
Seat 2: fef2b6b0 folded before Flop (didn't bet)
Seat 3: c6b410e1 folded before Flop (didn't bet)
Seat 4: Hero (button) showed [9h Jc] and lost with King-High
Seat 5: 4b5cc8fd (small blind) folded before Flop
Seat 6: a96a7b01 (big blind) showed [2c 2d] and won ($1.09) with Three Twos


Poker Hand #HD1178397628: Hold'em No Limit  ($0.02/$0.05) - 2023/03/27 18:39:10
Table 'NLHBlue5' 6-max Seat #3 is the button
Seat 2: fef2b6b0 ($8.91 in chips)
Seat 3: c6b410e1 ($5.03 in chips)
Seat 4: Hero ($5.16 in chips)
Seat 5: 4b5cc8fd ($5.48 in chips)
Seat 6: a96a7b01 ($5.25 in chips)
Hero: posts small blind $0.02
4b5cc8fd: posts big blind $0.05
*** HOLE CARDS ***
Dealt to fef2b6b0 
Dealt to c6b410e1 
Dealt to Hero [As 6d]
Dealt to 4b5cc8fd 
Dealt to a96a7b01 
a96a7b01: folds
fef2b6b0: folds
c6b410e1: folds
Hero: raises $0.09 to $0.14
4b5cc8fd: calls $0.09
*** FLOP *** [8d 2s Kc]
Hero: checks
4b5cc8fd: checks
*** TURN *** [8d 2s Kc] [Td]
Hero: checks
4b5cc8fd: bets $0.21
Hero: folds
Uncalled bet ($0.21) returned to 4b5cc8fd
*** SHOWDOWN ***
4b5cc8fd collected $0.27 from pot
*** SUMMARY ***
Total pot $0.28 | Rake $0.01 | Jackpot $0 | Bingo $0 | Fortune $0
Board [8d 2s Kc Td]
Seat 2: fef2b6b0 folded before Flop (didn't bet)
Seat 3: c6b410e1 (button) folded before Flop (didn't bet)
Seat 4: Hero (small blind) folded on the Turn
Seat 5: 4b5cc8fd (big blind) won ($0.27)
Seat 6: a96a7b01 folded before Flop (didn't bet)


Poker Hand #HD1178397570: Hold'em No Limit  ($0.02/$0.05) - 2023/03/27 18:38:49
Table 'NLHBlue5' 6-max Seat #2 is the button
Seat 2: fef2b6b0 ($8.91 in chips)
Seat 3: c6b410e1 ($5.05 in chips)
Seat 4: Hero ($5.21 in chips)
Seat 5: 4b5cc8fd ($5.48 in chips)
Seat 6: a96a7b01 ($5.18 in chips)
c6b410e1: posts small blind $0.02
Hero: posts big blind $0.05
*** HOLE CARDS ***
Dealt to fef2b6b0 
Dealt to c6b410e1 
Dealt to Hero [7d 8c]
Dealt to 4b5cc8fd 
Dealt to a96a7b01 
4b5cc8fd: folds
a96a7b01: raises $0.06 to $0.11
fef2b6b0: folds
c6b410e1: folds
Hero: folds
Uncalled bet ($0.06) returned to a96a7b01
*** SHOWDOWN ***
a96a7b01 collected $0.12 from pot
*** SUMMARY ***
Total pot $0.12 | Rake $0 | Jackpot $0 | Bingo $0 | Fortune $0
Seat 2: fef2b6b0 (button) folded before Flop (didn't bet)
Seat 3: c6b410e1 (small blind) folded before Flop
Seat 4: Hero (big blind) folded before Flop
Seat 5: 4b5cc8fd folded before Flop (didn't bet)
Seat 6: a96a7b01 collected ($0.12)


Poker Hand #HD1178397534: Hold'em No Limit  ($0.02/$0.05) - 2023/03/27 18:38:36
Table 'NLHBlue5' 6-max Seat #6 is the button
Seat 2: fef2b6b0 ($8.86 in chips)
Seat 3: c6b410e1 ($5 in chips)
Seat 4: Hero ($5.21 in chips)
Seat 5: 4b5cc8fd ($5.48 in chips)
Seat 6: a96a7b01 ($5.18 in chips)
fef2b6b0: posts small blind $0.02
c6b410e1: posts big blind $0.05
*** HOLE CARDS ***
Dealt to fef2b6b0 
Dealt to c6b410e1 
Dealt to Hero [4c Td]
Dealt to 4b5cc8fd 
Dealt to a96a7b01 
Hero: folds
4b5cc8fd: folds
a96a7b01: folds
fef2b6b0: raises $0.1 to $0.15
c6b410e1: folds
Uncalled bet ($0.1) returned to fef2b6b0
*** SHOWDOWN ***
fef2b6b0 collected $0.1 from pot
*** SUMMARY ***
Total pot $0.1 | Rake $0 | Jackpot $0 | Bingo $0 | Fortune $0
Seat 2: fef2b6b0 (small blind) collected ($0.1)
Seat 3: c6b410e1 (big blind) folded before Flop
Seat 4: Hero folded before Flop (didn't bet)
Seat 5: 4b5cc8fd folded before Flop (didn't bet)
Seat 6: a96a7b01 (button) folded before Flop (didn't bet)


Poker Hand #HD1178397461: Hold'em No Limit  ($0.02/$0.05) - 2023/03/27 18:38:07
Table 'NLHBlue5' 6-max Seat #5 is the button
Seat 2: fef2b6b0 ($9.01 in chips)
Seat 3: c6b410e1 ($5 in chips)
Seat 4: Hero ($5.21 in chips)
Seat 5: 4b5cc8fd ($5.48 in chips)
Seat 6: a96a7b01 ($5.04 in chips)
a96a7b01: posts small blind $0.02
fef2b6b0: posts big blind $0.05
*** HOLE CARDS ***
Dealt to fef2b6b0 
Dealt to c6b410e1 
Dealt to Hero [7d Kc]
Dealt to 4b5cc8fd 
Dealt to a96a7b01 
c6b410e1: folds
Hero: folds
4b5cc8fd: folds
a96a7b01: raises $0.1 to $0.15
fef2b6b0: calls $0.1
*** FLOP *** [Td Ad 3h]
a96a7b01: bets $0.1
fef2b6b0: folds
Uncalled bet ($0.1) returned to a96a7b01
*** SHOWDOWN ***
a96a7b01 collected $0.29 from pot
*** SUMMARY ***
Total pot $0.3 | Rake $0.01 | Jackpot $0 | Bingo $0 | Fortune $0
Board [Td Ad 3h]
Seat 2: fef2b6b0 (big blind) folded on the Flop
Seat 3: c6b410e1 folded before Flop (didn't bet)
Seat 4: Hero folded before Flop (didn't bet)
Seat 5: 4b5cc8fd (button) folded before Flop (didn't bet)
Seat 6: a96a7b01 (small blind) won ($0.29)


Poker Hand #HD1178397393: Hold'em No Limit  ($0.02/$0.05) - 2023/03/27 18:37:37
Table 'NLHBlue5' 6-max Seat #4 is the button
Seat 2: fef2b6b0 ($9.16 in chips)
Seat 3: c6b410e1 ($5 in chips)
Seat 4: Hero ($5 in chips)
Seat 5: 4b5cc8fd ($5.5 in chips)
Seat 6: a96a7b01 ($5.09 in chips)
4b5cc8fd: posts small blind $0.02
a96a7b01: posts big blind $0.05
*** HOLE CARDS ***
Dealt to fef2b6b0 
Dealt to c6b410e1 
Dealt to Hero [9s 8s]
Dealt to 4b5cc8fd 
Dealt to a96a7b01 
fef2b6b0: raises $0.1 to $0.15
c6b410e1: folds
Hero: raises $0.27 to $0.42
4b5cc8fd: folds
a96a7b01: folds
fef2b6b0: folds
Uncalled bet ($0.27) returned to Hero
*** SHOWDOWN ***
Hero collected $0.36 from pot
*** SUMMARY ***
Total pot $0.37 | Rake $0.01 | Jackpot $0 | Bingo $0 | Fortune $0
Seat 2: fef2b6b0 folded before Flop
Seat 3: c6b410e1 folded before Flop (didn't bet)
Seat 4: Hero (button) collected ($0.36)
Seat 5: 4b5cc8fd (small blind) folded before Flop
Seat 6: a96a7b01 (big blind) folded before Flop


Poker Hand #HD1178397355: Hold'em No Limit  ($0.02/$0.05) - 2023/03/27 18:37:20
Table 'NLHBlue5' 6-max Seat #3 is the button
Seat 2: fef2b6b0 ($9.16 in chips)
Seat 3: c6b410e1 ($5 in chips)
Seat 4: Hero ($5 in chips)
Seat 5: 4b5cc8fd ($5.55 in chips)
Seat 6: a96a7b01 ($5.02 in chips)
Hero: posts small blind $0.02
4b5cc8fd: posts big blind $0.05
*** HOLE CARDS ***
Dealt to fef2b6b0 
Dealt to c6b410e1 
Dealt to Hero [4d 3c]
Dealt to 4b5cc8fd 
Dealt to a96a7b01 
a96a7b01: raises $0.06 to $0.11
fef2b6b0: folds
c6b410e1: folds
Hero: folds
4b5cc8fd: folds
Uncalled bet ($0.06) returned to a96a7b01
*** SHOWDOWN ***
a96a7b01 collected $0.12 from pot
*** SUMMARY ***
Total pot $0.12 | Rake $0 | Jackpot $0 | Bingo $0 | Fortune $0
Seat 2: fef2b6b0 folded before Flop (didn't bet)
Seat 3: c6b410e1 (button) folded before Flop (didn't bet)
Seat 4: Hero (small blind) folded before Flop
Seat 5: 4b5cc8fd (big blind) folded before Flop
Seat 6: a96a7b01 collected ($0.12)


Poker Hand #HD1178397299: Hold'em No Limit  ($0.02/$0.05) - 2023/03/27 18:36:55
Table 'NLHBlue5' 6-max Seat #2 is the button
Seat 2: fef2b6b0 ($9.09 in chips)
Seat 3: c6b410e1 ($5.02 in chips)
Seat 4: Hero ($5 in chips)
Seat 5: 4b5cc8fd ($5.55 in chips)
Seat 6: a96a7b01 ($5.02 in chips)
c6b410e1: posts small blind $0.02
Hero: posts big blind $0.05
*** HOLE CARDS ***
Dealt to fef2b6b0 
Dealt to c6b410e1 
Dealt to Hero [Ks 2d]
Dealt to 4b5cc8fd 
Dealt to a96a7b01 
4b5cc8fd: folds
a96a7b01: folds
fef2b6b0: raises $0.1 to $0.15
c6b410e1: folds
Hero: folds
Uncalled bet ($0.1) returned to fef2b6b0
*** SHOWDOWN ***
fef2b6b0 collected $0.12 from pot
*** SUMMARY ***
Total pot $0.12 | Rake $0 | Jackpot $0 | Bingo $0 | Fortune $0
Seat 2: fef2b6b0 (button) collected ($0.12)
Seat 3: c6b410e1 (small blind) folded before Flop
Seat 4: Hero (big blind) folded before Flop
Seat 5: 4b5cc8fd folded before Flop (didn't bet)
Seat 6: a96a7b01 folded before Flop (didn't bet)


Poker Hand #HD1178397266: Hold'em No Limit  ($0.02/$0.05) - 2023/03/27 18:36:40
Table 'NLHBlue5' 6-max Seat #1 is the button
Seat 1: 7b89f09d ($4.83 in chips)
Seat 2: fef2b6b0 ($9.11 in chips)
Seat 3: c6b410e1 ($5 in chips)
Seat 4: Hero ($5 in chips)
Seat 5: 4b5cc8fd ($5.55 in chips)
Seat 6: a96a7b01 ($5.02 in chips)
fef2b6b0: posts small blind $0.02
c6b410e1: posts big blind $0.05
*** HOLE CARDS ***
Dealt to 7b89f09d 
Dealt to fef2b6b0 
Dealt to c6b410e1 
Dealt to Hero [2h 4d]
Dealt to 4b5cc8fd 
Dealt to a96a7b01 
Hero: folds
4b5cc8fd: folds
a96a7b01: folds
7b89f09d: folds
fef2b6b0: folds
Uncalled bet ($0.03) returned to c6b410e1
*** SHOWDOWN ***
c6b410e1 collected $0.04 from pot
*** SUMMARY ***
Total pot $0.04 | Rake $0 | Jackpot $0 | Bingo $0 | Fortune $0
Seat 1: 7b89f09d (button) folded before Flop (didn't bet)
Seat 2: fef2b6b0 (small blind) folded before Flop
Seat 3: c6b410e1 (big blind) collected ($0.04)
Seat 4: Hero folded before Flop (didn't bet)
Seat 5: 4b5cc8fd folded before Flop (didn't bet)
Seat 6: a96a7b01 folded before Flop (didn't bet)


Poker Hand #HD1178397142: Hold'em No Limit  ($0.02/$0.05) - 2023/03/27 18:35:50
Table 'NLHBlue5' 6-max Seat #6 is the button
Seat 1: 7b89f09d ($4.98 in chips)
Seat 2: fef2b6b0 ($9.16 in chips)
Seat 3: c6b410e1 ($5 in chips)
Seat 4: Hero ($5 in chips)
Seat 5: 4b5cc8fd ($5.55 in chips)
Seat 6: a96a7b01 ($4.83 in chips)
7b89f09d: posts small blind $0.02
fef2b6b0: posts big blind $0.05
*** HOLE CARDS ***
Dealt to 7b89f09d 
Dealt to fef2b6b0 
Dealt to c6b410e1 
Dealt to Hero [2h 3d]
Dealt to 4b5cc8fd 
Dealt to a96a7b01 
c6b410e1: folds
Hero: folds
4b5cc8fd: folds
a96a7b01: raises $0.1 to $0.15
7b89f09d: calls $0.13
fef2b6b0: folds
*** FLOP *** [5h 7c 5d]
7b89f09d: checks
a96a7b01: bets $0.16
7b89f09d: folds
Uncalled bet ($0.16) returned to a96a7b01
*** SHOWDOWN ***
a96a7b01 collected $0.34 from pot
*** SUMMARY ***
Total pot $0.35 | Rake $0.01 | Jackpot $0 | Bingo $0 | Fortune $0
Board [5h 7c 5d]
Seat 1: 7b89f09d (small blind) folded on the Flop
Seat 2: fef2b6b0 (big blind) folded before Flop
Seat 3: c6b410e1 folded before Flop (didn't bet)
Seat 4: Hero folded before Flop (didn't bet)
Seat 5: 4b5cc8fd folded before Flop (didn't bet)
Seat 6: a96a7b01 (button) won ($0.34)


Poker Hand #HD1178397120: Hold'em No Limit  ($0.02/$0.05) - 2023/03/27 18:35:41
Table 'NLHBlue5' 6-max Seat #5 is the button
Seat 1: 7b89f09d ($4.96 in chips)
Seat 2: fef2b6b0 ($9.16 in chips)
Seat 3: c6b410e1 ($5 in chips)
Seat 4: Hero ($5 in chips)
Seat 5: 4b5cc8fd ($5.55 in chips)
Seat 6: a96a7b01 ($4.85 in chips)
a96a7b01: posts small blind $0.02
7b89f09d: posts big blind $0.05
*** HOLE CARDS ***
Dealt to 7b89f09d 
Dealt to fef2b6b0 
Dealt to c6b410e1 
Dealt to Hero [Jd 8s]
Dealt to 4b5cc8fd 
Dealt to a96a7b01 
fef2b6b0: folds
c6b410e1: folds
Hero: folds
4b5cc8fd: folds
a96a7b01: folds
Uncalled bet ($0.03) returned to 7b89f09d
*** SHOWDOWN ***
7b89f09d collected $0.04 from pot
*** SUMMARY ***
Total pot $0.04 | Rake $0 | Jackpot $0 | Bingo $0 | Fortune $0
Seat 1: 7b89f09d (big blind) collected ($0.04)
Seat 2: fef2b6b0 folded before Flop (didn't bet)
Seat 3: c6b410e1 folded before Flop (didn't bet)
Seat 4: Hero folded before Flop (didn't bet)
Seat 5: 4b5cc8fd (button) folded before Flop (didn't bet)
Seat 6: a96a7b01 (small blind) folded before Flop


Poker Hand #HD1178397036: Hold'em No Limit  ($0.02/$0.05) - 2023/03/27 18:35:06
Table 'NLHBlue5' 6-max Seat #4 is the button
Seat 1: 7b89f09d ($5.01 in chips)
Seat 2: fef2b6b0 ($9.16 in chips)
Seat 3: c6b410e1 ($5 in chips)
Seat 4: Hero ($5 in chips)
Seat 5: 4b5cc8fd ($5.57 in chips)
Seat 6: a96a7b01 ($4.78 in chips)
4b5cc8fd: posts small blind $0.02
a96a7b01: posts big blind $0.05
*** HOLE CARDS ***
Dealt to 7b89f09d 
Dealt to fef2b6b0 
Dealt to c6b410e1 
Dealt to Hero [5h 8s]
Dealt to 4b5cc8fd 
Dealt to a96a7b01 
7b89f09d: calls $0.05
fef2b6b0: folds
c6b410e1: folds
Hero: folds
4b5cc8fd: folds
a96a7b01: raises $0.19 to $0.24
7b89f09d: folds
Uncalled bet ($0.19) returned to a96a7b01
*** SHOWDOWN ***
a96a7b01 collected $0.12 from pot
*** SUMMARY ***
Total pot $0.12 | Rake $0 | Jackpot $0 | Bingo $0 | Fortune $0
Seat 1: 7b89f09d folded before Flop
Seat 2: fef2b6b0 folded before Flop (didn't bet)
Seat 3: c6b410e1 folded before Flop (didn't bet)
Seat 4: Hero (button) folded before Flop (didn't bet)
Seat 5: 4b5cc8fd (small blind) folded before Flop
Seat 6: a96a7b01 (big blind) collected ($0.12)


Poker Hand #HD1178396947: Hold'em No Limit  ($0.02/$0.05) - 2023/03/27 18:34:30
Table 'NLHBlue5' 6-max Seat #3 is the button
Seat 1: 7b89f09d ($5.01 in chips)
Seat 2: fef2b6b0 ($9.16 in chips)
Seat 3: c6b410e1 ($5 in chips)
Seat 4: Hero ($5.02 in chips)
Seat 5: 4b5cc8fd ($5.43 in chips)
Seat 6: a96a7b01 ($4.78 in chips)
Hero: posts small blind $0.02
4b5cc8fd: posts big blind $0.05
*** HOLE CARDS ***
Dealt to 7b89f09d 
Dealt to fef2b6b0 
Dealt to c6b410e1 
Dealt to Hero [5c Kc]
Dealt to 4b5cc8fd 
Dealt to a96a7b01 
a96a7b01: folds
7b89f09d: folds
fef2b6b0: folds
c6b410e1: raises $0.08 to $0.13
Hero: folds
4b5cc8fd: raises $0.37 to $0.5
c6b410e1: folds
Uncalled bet ($0.37) returned to 4b5cc8fd
*** SHOWDOWN ***
4b5cc8fd collected $0.27 from pot
*** SUMMARY ***
Total pot $0.28 | Rake $0.01 | Jackpot $0 | Bingo $0 | Fortune $0
Seat 1: 7b89f09d folded before Flop (didn't bet)
Seat 2: fef2b6b0 folded before Flop (didn't bet)
Seat 3: c6b410e1 (button) folded before Flop
Seat 4: Hero (small blind) folded before Flop
Seat 5: 4b5cc8fd (big blind) collected ($0.27)
Seat 6: a96a7b01 folded before Flop (didn't bet)


Poker Hand #HD1178396870: Hold'em No Limit  ($0.02/$0.05) - 2023/03/27 18:33:59
Table 'NLHBlue5' 6-max Seat #2 is the button
Seat 1: 7b89f09d ($4.85 in chips)
Seat 2: fef2b6b0 ($9.16 in chips)
Seat 3: c6b410e1 ($5 in chips)
Seat 4: Hero ($5.17 in chips)
Seat 5: 4b5cc8fd ($5.43 in chips)
Seat 6: a96a7b01 ($4.78 in chips)
c6b410e1: posts small blind $0.02
Hero: posts big blind $0.05
*** HOLE CARDS ***
Dealt to 7b89f09d 
Dealt to fef2b6b0 
Dealt to c6b410e1 
Dealt to Hero [Qh 3h]
Dealt to 4b5cc8fd 
Dealt to a96a7b01 
4b5cc8fd: folds
a96a7b01: folds
7b89f09d: raises $0.1 to $0.15
fef2b6b0: folds
c6b410e1: folds
Hero: calls $0.1
*** FLOP *** [6h 5c 9d]
Hero: checks
7b89f09d: bets $0.16
Hero: folds
Uncalled bet ($0.16) returned to 7b89f09d
*** SHOWDOWN ***
7b89f09d collected $0.31 from pot
*** SUMMARY ***
Total pot $0.32 | Rake $0.01 | Jackpot $0 | Bingo $0 | Fortune $0
Board [6h 5c 9d]
Seat 1: 7b89f09d won ($0.31)
Seat 2: fef2b6b0 (button) folded before Flop (didn't bet)
Seat 3: c6b410e1 (small blind) folded before Flop
Seat 4: Hero (big blind) folded on the Flop
Seat 5: 4b5cc8fd folded before Flop (didn't bet)
Seat 6: a96a7b01 folded before Flop (didn't bet)


Poker Hand #HD1178396775: Hold'em No Limit  ($0.02/$0.05) - 2023/03/27 18:33:19
Table 'NLHBlue5' 6-max Seat #1 is the button
Seat 1: 7b89f09d ($5 in chips)
Seat 2: fef2b6b0 ($9.18 in chips)
Seat 3: c6b410e1 ($5.03 in chips)
Seat 4: Hero ($5.17 in chips)
Seat 5: 4b5cc8fd ($5.22 in chips)
Seat 6: a96a7b01 ($4.78 in chips)
fef2b6b0: posts small blind $0.02
c6b410e1: posts big blind $0.05
*** HOLE CARDS ***
Dealt to 7b89f09d 
Dealt to fef2b6b0 
Dealt to c6b410e1 
Dealt to Hero [Qh 3s]
Dealt to 4b5cc8fd 
Dealt to a96a7b01 
Hero: folds
4b5cc8fd: raises $0.1 to $0.15
a96a7b01: folds
7b89f09d: calls $0.15
fef2b6b0: folds
c6b410e1: folds
*** FLOP *** [Js 2s 7h]
4b5cc8fd: bets $0.19
7b89f09d: folds
Uncalled bet ($0.19) returned to 4b5cc8fd
*** SHOWDOWN ***
4b5cc8fd collected $0.36 from pot
*** SUMMARY ***
Total pot $0.37 | Rake $0.01 | Jackpot $0 | Bingo $0 | Fortune $0
Board [Js 2s 7h]
Seat 1: 7b89f09d (button) folded on the Flop
Seat 2: fef2b6b0 (small blind) folded before Flop
Seat 3: c6b410e1 (big blind) folded before Flop
Seat 4: Hero folded before Flop (didn't bet)
Seat 5: 4b5cc8fd won ($0.36)
Seat 6: a96a7b01 folded before Flop (didn't bet)


Poker Hand #HD1178396721: Hold'em No Limit  ($0.02/$0.05) - 2023/03/27 18:32:50
Table 'NLHBlue5' 6-max Seat #6 is the button
Seat 1: 7b89f09d ($5.02 in chips)
Seat 2: fef2b6b0 ($9.02 in chips)
Seat 3: c6b410e1 ($5.03 in chips)
Seat 4: Hero ($5.17 in chips)
Seat 5: 4b5cc8fd ($5.22 in chips)
Seat 6: a96a7b01 ($4.93 in chips)
7b89f09d: posts small blind $0.02
fef2b6b0: posts big blind $0.05
*** HOLE CARDS ***
Dealt to 7b89f09d 
Dealt to fef2b6b0 
Dealt to c6b410e1 
Dealt to Hero [2d Ac]
Dealt to 4b5cc8fd 
Dealt to a96a7b01 
c6b410e1: folds
Hero: folds
4b5cc8fd: folds
a96a7b01: raises $0.1 to $0.15
7b89f09d: folds
fef2b6b0: raises $0.37 to $0.52
a96a7b01: folds
Uncalled bet ($0.37) returned to fef2b6b0
*** SHOWDOWN ***
fef2b6b0 collected $0.31 from pot
*** SUMMARY ***
Total pot $0.32 | Rake $0.01 | Jackpot $0 | Bingo $0 | Fortune $0
Seat 1: 7b89f09d (small blind) folded before Flop
Seat 2: fef2b6b0 (big blind) collected ($0.31)
Seat 3: c6b410e1 folded before Flop (didn't bet)
Seat 4: Hero folded before Flop (didn't bet)
Seat 5: 4b5cc8fd folded before Flop (didn't bet)
Seat 6: a96a7b01 (button) folded before Flop


Poker Hand #HD1178396683: Hold'em No Limit  ($0.02/$0.05) - 2023/03/27 18:32:37
Table 'NLHBlue5' 6-max Seat #5 is the button
Seat 1: 7b89f09d ($5 in chips)
Seat 2: fef2b6b0 ($9.02 in chips)
Seat 3: c6b410e1 ($5.03 in chips)
Seat 4: Hero ($5.17 in chips)
Seat 5: 4b5cc8fd ($5.22 in chips)
Seat 6: a96a7b01 ($4.95 in chips)
a96a7b01: posts small blind $0.02
7b89f09d: posts big blind $0.05
*** HOLE CARDS ***
Dealt to 7b89f09d 
Dealt to fef2b6b0 
Dealt to c6b410e1 
Dealt to Hero [Ad 4h]
Dealt to 4b5cc8fd 
Dealt to a96a7b01 
fef2b6b0: folds
c6b410e1: folds
Hero: folds
4b5cc8fd: folds
a96a7b01: folds
Uncalled bet ($0.03) returned to 7b89f09d
*** SHOWDOWN ***
7b89f09d collected $0.04 from pot
*** SUMMARY ***
Total pot $0.04 | Rake $0 | Jackpot $0 | Bingo $0 | Fortune $0
Seat 1: 7b89f09d (big blind) collected ($0.04)
Seat 2: fef2b6b0 folded before Flop (didn't bet)
Seat 3: c6b410e1 folded before Flop (didn't bet)
Seat 4: Hero folded before Flop (didn't bet)
Seat 5: 4b5cc8fd (button) folded before Flop (didn't bet)
Seat 6: a96a7b01 (small blind) folded before Flop


Poker Hand #HD1178396621: Hold'em No Limit  ($0.02/$0.05) - 2023/03/27 18:32:10
Table 'NLHBlue5' 6-max Seat #4 is the button
Seat 1: 7b89f09d ($4.93 in chips)
Seat 2: fef2b6b0 ($9.02 in chips)
Seat 3: c6b410e1 ($5.03 in chips)
Seat 4: Hero ($5.17 in chips)
Seat 5: 4b5cc8fd ($5.24 in chips)
Seat 6: a96a7b01 ($5 in chips)
4b5cc8fd: posts small blind $0.02
a96a7b01: posts big blind $0.05
*** HOLE CARDS ***
Dealt to 7b89f09d 
Dealt to fef2b6b0 
Dealt to c6b410e1 
Dealt to Hero [Qh 9h]
Dealt to 4b5cc8fd 
Dealt to a96a7b01 
7b89f09d: raises $0.1 to $0.15
fef2b6b0: folds
c6b410e1: folds
Hero: folds
4b5cc8fd: folds
a96a7b01: folds
Uncalled bet ($0.1) returned to 7b89f09d
*** SHOWDOWN ***
7b89f09d collected $0.12 from pot
*** SUMMARY ***
Total pot $0.12 | Rake $0 | Jackpot $0 | Bingo $0 | Fortune $0
Seat 1: 7b89f09d collected ($0.12)
Seat 2: fef2b6b0 folded before Flop (didn't bet)
Seat 3: c6b410e1 folded before Flop (didn't bet)
Seat 4: Hero (button) folded before Flop (didn't bet)
Seat 5: 4b5cc8fd (small blind) folded before Flop
Seat 6: a96a7b01 (big blind) folded before Flop


Poker Hand #HD1178396596: Hold'em No Limit  ($0.02/$0.05) - 2023/03/27 18:32:00
Table 'NLHBlue5' 6-max Seat #3 is the button
Seat 1: 7b89f09d ($4.93 in chips)
Seat 2: fef2b6b0 ($9.02 in chips)
Seat 3: c6b410e1 ($5.03 in chips)
Seat 4: Hero ($5.19 in chips)
Seat 5: 4b5cc8fd ($5.22 in chips)
Hero: posts small blind $0.02
4b5cc8fd: posts big blind $0.05
*** HOLE CARDS ***
Dealt to 7b89f09d 
Dealt to fef2b6b0 
Dealt to c6b410e1 
Dealt to Hero [8s 5h]
Dealt to 4b5cc8fd 
7b89f09d: folds
fef2b6b0: folds
c6b410e1: folds
Hero: folds
Uncalled bet ($0.03) returned to 4b5cc8fd
*** SHOWDOWN ***
4b5cc8fd collected $0.04 from pot
*** SUMMARY ***
Total pot $0.04 | Rake $0 | Jackpot $0 | Bingo $0 | Fortune $0
Seat 1: 7b89f09d folded before Flop (didn't bet)
Seat 2: fef2b6b0 folded before Flop (didn't bet)
Seat 3: c6b410e1 (button) folded before Flop (didn't bet)
Seat 4: Hero (small blind) folded before Flop
Seat 5: 4b5cc8fd (big blind) collected ($0.04)


Poker Hand #HD1178396367: Hold'em No Limit  ($0.02/$0.05) - 2023/03/27 18:30:26
Table 'NLHBlue5' 6-max Seat #2 is the button
Seat 1: 7b89f09d ($5.04 in chips)
Seat 2: fef2b6b0 ($5 in chips)
Seat 3: c6b410e1 ($5.05 in chips)
Seat 4: Hero ($5.24 in chips)
Seat 5: 4b5cc8fd ($5.22 in chips)
Seat 6: a96a7b01 ($4.91 in chips)
c6b410e1: posts small blind $0.02
Hero: posts big blind $0.05
*** HOLE CARDS ***
Dealt to 7b89f09d 
Dealt to fef2b6b0 
Dealt to c6b410e1 
Dealt to Hero [5h 4s]
Dealt to 4b5cc8fd 
Dealt to a96a7b01 
4b5cc8fd: folds
a96a7b01: raises $0.06 to $0.11
7b89f09d: calls $0.11
fef2b6b0: raises $0.64 to $0.75
c6b410e1: folds
Hero: folds
a96a7b01: raises $1.01 to $1.76
7b89f09d: folds
fef2b6b0: calls $1.01
*** FLOP *** [4d Qc 9d]
a96a7b01: bets $3.15 and is all-in
fef2b6b0: calls $3.15
a96a7b01: shows [As Ac] (Pair of Aces)
fef2b6b0: shows [Qh Qd] (Three Queens)
*** TURN *** [4d Qc 9d] [8c]
fef2b6b0: Chooses to EV Cashout 
*** RIVER *** [4d Qc 9d 8c] [6c]
fef2b6b0: Pays Cashout Risk ($0.53)
7b89f09d: shows [Js Ah] (Ace-High)
*** SHOWDOWN ***
fef2b6b0 collected $9.46 from pot
*** SUMMARY ***
Total pot $10 | Rake $0.49 | Jackpot $0.05 | Bingo $0 | Fortune $0
Board [4d Qc 9d 8c 6c]
Seat 1: 7b89f09d folded before Flop
Seat 2: fef2b6b0 (button) showed [Qh Qd] and won ($9.46) with Three Queens, Cashout Risk ($0.53)
Seat 3: c6b410e1 (small blind) folded before Flop
Seat 4: Hero (big blind) folded before Flop
Seat 5: 4b5cc8fd folded before Flop (didn't bet)
Seat 6: a96a7b01 showed [As Ac] and lost with Pair of Aces


Poker Hand #HD1178396295: Hold'em No Limit  ($0.02/$0.05) - 2023/03/27 18:29:58
Table 'NLHBlue5' 6-max Seat #1 is the button
Seat 1: 7b89f09d ($5.04 in chips)
Seat 2: fef2b6b0 ($5 in chips)
Seat 3: c6b410e1 ($5 in chips)
Seat 4: Hero ($5.24 in chips)
Seat 5: 4b5cc8fd ($5.22 in chips)
Seat 6: a96a7b01 ($4.84 in chips)
fef2b6b0: posts small blind $0.02
c6b410e1: posts big blind $0.05
*** HOLE CARDS ***
Dealt to 7b89f09d 
Dealt to fef2b6b0 
Dealt to c6b410e1 
Dealt to Hero [Jh 5h]
Dealt to 4b5cc8fd 
Dealt to a96a7b01 
Hero: folds
4b5cc8fd: folds
a96a7b01: raises $0.06 to $0.11
7b89f09d: folds
fef2b6b0: folds
c6b410e1: folds
Uncalled bet ($0.06) returned to a96a7b01
*** SHOWDOWN ***
a96a7b01 collected $0.12 from pot
*** SUMMARY ***
Total pot $0.12 | Rake $0 | Jackpot $0 | Bingo $0 | Fortune $0
Seat 1: 7b89f09d (button) folded before Flop (didn't bet)
Seat 2: fef2b6b0 (small blind) folded before Flop
Seat 3: c6b410e1 (big blind) folded before Flop
Seat 4: Hero folded before Flop (didn't bet)
Seat 5: 4b5cc8fd folded before Flop (didn't bet)
Seat 6: a96a7b01 collected ($0.12)


Poker Hand #HD1178396249: Hold'em No Limit  ($0.02/$0.05) - 2023/03/27 18:29:37
Table 'NLHBlue5' 6-max Seat #6 is the button
Seat 1: 7b89f09d ($5.06 in chips)
Seat 2: fef2b6b0 ($5 in chips)
Seat 3: c6b410e1 ($5 in chips)
Seat 4: Hero ($5.24 in chips)
Seat 5: 4b5cc8fd ($5.35 in chips)
Seat 6: a96a7b01 ($4.65 in chips)
7b89f09d: posts small blind $0.02
fef2b6b0: posts big blind $0.05
*** HOLE CARDS ***
Dealt to 7b89f09d 
Dealt to fef2b6b0 
Dealt to c6b410e1 
Dealt to Hero [7s 5s]
Dealt to 4b5cc8fd 
Dealt to a96a7b01 
c6b410e1: folds
Hero: folds
4b5cc8fd: raises $0.08 to $0.13
a96a7b01: raises $0.25 to $0.38
7b89f09d: folds
fef2b6b0: folds
4b5cc8fd: folds
Uncalled bet ($0.25) returned to a96a7b01
*** SHOWDOWN ***
a96a7b01 collected $0.32 from pot
*** SUMMARY ***
Total pot $0.33 | Rake $0.01 | Jackpot $0 | Bingo $0 | Fortune $0
Seat 1: 7b89f09d (small blind) folded before Flop
Seat 2: fef2b6b0 (big blind) folded before Flop
Seat 3: c6b410e1 folded before Flop (didn't bet)
Seat 4: Hero folded before Flop (didn't bet)
Seat 5: 4b5cc8fd folded before Flop
Seat 6: a96a7b01 (button) collected ($0.32)


Poker Hand #HD1178396181: Hold'em No Limit  ($0.02/$0.05) - 2023/03/27 18:29:09
Table 'NLHBlue5' 6-max Seat #5 is the button
Seat 1: 7b89f09d ($5.11 in chips)
Seat 2: fef2b6b0 ($5.07 in chips)
Seat 3: c6b410e1 ($5 in chips)
Seat 4: Hero ($5.24 in chips)
Seat 5: 4b5cc8fd ($5.35 in chips)
Seat 6: a96a7b01 ($4.46 in chips)
a96a7b01: posts small blind $0.02
7b89f09d: posts big blind $0.05
*** HOLE CARDS ***
Dealt to 7b89f09d 
Dealt to fef2b6b0 
Dealt to c6b410e1 
Dealt to Hero [9h 7h]
Dealt to 4b5cc8fd 
Dealt to a96a7b01 
fef2b6b0: raises $0.1 to $0.15
c6b410e1: folds
Hero: folds
4b5cc8fd: folds
a96a7b01: raises $0.43 to $0.58
7b89f09d: folds
fef2b6b0: folds
Uncalled bet ($0.43) returned to a96a7b01
*** SHOWDOWN ***
a96a7b01 collected $0.34 from pot
*** SUMMARY ***
Total pot $0.35 | Rake $0.01 | Jackpot $0 | Bingo $0 | Fortune $0
Seat 1: 7b89f09d (big blind) folded before Flop
Seat 2: fef2b6b0 folded before Flop
Seat 3: c6b410e1 folded before Flop (didn't bet)
Seat 4: Hero folded before Flop (didn't bet)
Seat 5: 4b5cc8fd (button) folded before Flop (didn't bet)
Seat 6: a96a7b01 (small blind) collected ($0.34)


Poker Hand #HD1178396008: Hold'em No Limit  ($0.02/$0.05) - 2023/03/27 18:27:58
Table 'NLHBlue5' 6-max Seat #4 is the button
Seat 1: 7b89f09d ($5.11 in chips)
Seat 2: fef2b6b0 ($5.07 in chips)
Seat 3: c6b410e1 ($5 in chips)
Seat 4: Hero ($5.04 in chips)
Seat 5: 4b5cc8fd ($5.37 in chips)
Seat 6: a96a7b01 ($4.66 in chips)
4b5cc8fd: posts small blind $0.02
a96a7b01: posts big blind $0.05
*** HOLE CARDS ***
Dealt to 7b89f09d 
Dealt to fef2b6b0 
Dealt to c6b410e1 
Dealt to Hero [8h Ac]
Dealt to 4b5cc8fd 
Dealt to a96a7b01 
7b89f09d: folds
fef2b6b0: folds
c6b410e1: folds
Hero: raises $0.07 to $0.12
4b5cc8fd: folds
a96a7b01: calls $0.07
*** FLOP *** [3h 5s 9c]
a96a7b01: checks
Hero: checks
*** TURN *** [3h 5s 9c] [Td]
a96a7b01: checks
Hero: checks
*** RIVER *** [3h 5s 9c Td] [Ad]
a96a7b01: bets $0.08
Hero: calls $0.08
a96a7b01: shows [Ah 6s] (Pair of Aces)
Hero: shows [8h Ac] (Pair of Aces)
*** SHOWDOWN ***
Hero collected $0.4 from pot
*** SUMMARY ***
Total pot $0.42 | Rake $0.02 | Jackpot $0 | Bingo $0 | Fortune $0
Board [3h 5s 9c Td Ad]
Seat 1: 7b89f09d folded before Flop (didn't bet)
Seat 2: fef2b6b0 folded before Flop (didn't bet)
Seat 3: c6b410e1 folded before Flop (didn't bet)
Seat 4: Hero (button) showed [8h Ac] and won ($0.4) with Pair of Aces
Seat 5: 4b5cc8fd (small blind) folded before Flop
Seat 6: a96a7b01 (big blind) showed [Ah 6s] and lost with Pair of Aces


Poker Hand #HD1178395945: Hold'em No Limit  ($0.02/$0.05) - 2023/03/27 18:27:28
Table 'NLHBlue5' 6-max Seat #3 is the button
Seat 1: 7b89f09d ($5.16 in chips)
Seat 2: fef2b6b0 ($5.07 in chips)
Seat 3: c6b410e1 ($5 in chips)
Seat 4: Hero ($5.06 in chips)
Seat 5: 4b5cc8fd ($5.3 in chips)
Seat 6: a96a7b01 ($4.66 in chips)
Hero: posts small blind $0.02
4b5cc8fd: posts big blind $0.05
*** HOLE CARDS ***
Dealt to 7b89f09d 
Dealt to fef2b6b0 
Dealt to c6b410e1 
Dealt to Hero [Jh 2s]
Dealt to 4b5cc8fd 
Dealt to a96a7b01 
a96a7b01: folds
7b89f09d: calls $0.05
fef2b6b0: folds
c6b410e1: folds
Hero: folds
4b5cc8fd: checks
*** FLOP *** [2c Ad 4d]
4b5cc8fd: checks
7b89f09d: checks
*** TURN *** [2c Ad 4d] [9s]
4b5cc8fd: bets $0.05
7b89f09d: folds
Uncalled bet ($0.05) returned to 4b5cc8fd
*** SHOWDOWN ***
4b5cc8fd collected $0.12 from pot
*** SUMMARY ***
Total pot $0.12 | Rake $0 | Jackpot $0 | Bingo $0 | Fortune $0
Board [2c Ad 4d 9s]
Seat 1: 7b89f09d folded on the Turn
Seat 2: fef2b6b0 folded before Flop (didn't bet)
Seat 3: c6b410e1 (button) folded before Flop (didn't bet)
Seat 4: Hero (small blind) folded before Flop
Seat 5: 4b5cc8fd (big blind) won ($0.12)
Seat 6: a96a7b01 folded before Flop (didn't bet)


Poker Hand #HD1178395894: Hold'em No Limit  ($0.02/$0.05) - 2023/03/27 18:27:06
Table 'NLHBlue5' 6-max Seat #2 is the button
Seat 1: 7b89f09d ($5.16 in chips)
Seat 2: fef2b6b0 ($5 in chips)
Seat 3: c6b410e1 ($5.02 in chips)
Seat 4: Hero ($5.11 in chips)
Seat 5: 4b5cc8fd ($5.3 in chips)
Seat 6: a96a7b01 ($4.66 in chips)
c6b410e1: posts small blind $0.02
Hero: posts big blind $0.05
*** HOLE CARDS ***
Dealt to 7b89f09d 
Dealt to fef2b6b0 
Dealt to c6b410e1 
Dealt to Hero [7s 4h]
Dealt to 4b5cc8fd 
Dealt to a96a7b01 
4b5cc8fd: folds
a96a7b01: folds
7b89f09d: folds
fef2b6b0: raises $0.1 to $0.15
c6b410e1: folds
Hero: folds
Uncalled bet ($0.1) returned to fef2b6b0
*** SHOWDOWN ***
fef2b6b0 collected $0.12 from pot
*** SUMMARY ***
Total pot $0.12 | Rake $0 | Jackpot $0 | Bingo $0 | Fortune $0
Seat 1: 7b89f09d folded before Flop (didn't bet)
Seat 2: fef2b6b0 (button) collected ($0.12)
Seat 3: c6b410e1 (small blind) folded before Flop
Seat 4: Hero (big blind) folded before Flop
Seat 5: 4b5cc8fd folded before Flop (didn't bet)
Seat 6: a96a7b01 folded before Flop (didn't bet)


Poker Hand #HD1178395860: Hold'em No Limit  ($0.02/$0.05) - 2023/03/27 18:26:52
Table 'NLHBlue5' 6-max Seat #1 is the button
Seat 1: 7b89f09d ($5.16 in chips)
Seat 2: fef2b6b0 ($5.02 in chips)
Seat 3: c6b410e1 ($5 in chips)
Seat 4: Hero ($5.11 in chips)
Seat 5: 4b5cc8fd ($5.3 in chips)
Seat 6: a96a7b01 ($4.66 in chips)
fef2b6b0: posts small blind $0.02
c6b410e1: posts big blind $0.05
*** HOLE CARDS ***
Dealt to 7b89f09d 
Dealt to fef2b6b0 
Dealt to c6b410e1 
Dealt to Hero [2h 3d]
Dealt to 4b5cc8fd 
Dealt to a96a7b01 
Hero: folds
4b5cc8fd: folds
a96a7b01: folds
7b89f09d: folds
fef2b6b0: folds
Uncalled bet ($0.03) returned to c6b410e1
*** SHOWDOWN ***
c6b410e1 collected $0.04 from pot
*** SUMMARY ***
Total pot $0.04 | Rake $0 | Jackpot $0 | Bingo $0 | Fortune $0
Seat 1: 7b89f09d (button) folded before Flop (didn't bet)
Seat 2: fef2b6b0 (small blind) folded before Flop
Seat 3: c6b410e1 (big blind) collected ($0.04)
Seat 4: Hero folded before Flop (didn't bet)
Seat 5: 4b5cc8fd folded before Flop (didn't bet)
Seat 6: a96a7b01 folded before Flop (didn't bet)


Poker Hand #HD1178395833: Hold'em No Limit  ($0.02/$0.05) - 2023/03/27 18:26:38
Table 'NLHBlue5' 6-max Seat #6 is the button
Seat 1: 7b89f09d ($5.18 in chips)
Seat 2: fef2b6b0 ($5.07 in chips)
Seat 3: c6b410e1 ($5 in chips)
Seat 4: Hero ($5.04 in chips)
Seat 5: 4b5cc8fd ($5.3 in chips)
Seat 6: a96a7b01 ($4.66 in chips)
7b89f09d: posts small blind $0.02
fef2b6b0: posts big blind $0.05
*** HOLE CARDS ***
Dealt to 7b89f09d 
Dealt to fef2b6b0 
Dealt to c6b410e1 
Dealt to Hero [2h Ah]
Dealt to 4b5cc8fd 
Dealt to a96a7b01 
c6b410e1: folds
Hero: raises $0.07 to $0.12
4b5cc8fd: folds
a96a7b01: folds
7b89f09d: folds
fef2b6b0: folds
Uncalled bet ($0.07) returned to Hero
*** SHOWDOWN ***
Hero collected $0.12 from pot
*** SUMMARY ***
Total pot $0.12 | Rake $0 | Jackpot $0 | Bingo $0 | Fortune $0
Seat 1: 7b89f09d (small blind) folded before Flop
Seat 2: fef2b6b0 (big blind) folded before Flop
Seat 3: c6b410e1 folded before Flop (didn't bet)
Seat 4: Hero collected ($0.12)
Seat 5: 4b5cc8fd folded before Flop (didn't bet)
Seat 6: a96a7b01 (button) folded before Flop (didn't bet)


Poker Hand #HD1178395815: Hold'em No Limit  ($0.02/$0.05) - 2023/03/27 18:26:31
Table 'NLHBlue5' 6-max Seat #5 is the button
Seat 1: 7b89f09d ($5.16 in chips)
Seat 2: fef2b6b0 ($5.07 in chips)
Seat 3: c6b410e1 ($5 in chips)
Seat 4: Hero ($5.04 in chips)
Seat 5: 4b5cc8fd ($5.3 in chips)
Seat 6: a96a7b01 ($4.68 in chips)
a96a7b01: posts small blind $0.02
7b89f09d: posts big blind $0.05
*** HOLE CARDS ***
Dealt to 7b89f09d 
Dealt to fef2b6b0 
Dealt to c6b410e1 
Dealt to Hero [9c 4h]
Dealt to 4b5cc8fd 
Dealt to a96a7b01 
fef2b6b0: folds
c6b410e1: folds
Hero: folds
4b5cc8fd: folds
a96a7b01: folds
Uncalled bet ($0.03) returned to 7b89f09d
*** SHOWDOWN ***
7b89f09d collected $0.04 from pot
*** SUMMARY ***
Total pot $0.04 | Rake $0 | Jackpot $0 | Bingo $0 | Fortune $0
Seat 1: 7b89f09d (big blind) collected ($0.04)
Seat 2: fef2b6b0 folded before Flop (didn't bet)
Seat 3: c6b410e1 folded before Flop (didn't bet)
Seat 4: Hero folded before Flop (didn't bet)
Seat 5: 4b5cc8fd (button) folded before Flop (didn't bet)
Seat 6: a96a7b01 (small blind) folded before Flop


Poker Hand #HD1178395681: Hold'em No Limit  ($0.02/$0.05) - 2023/03/27 18:25:31
Table 'NLHBlue5' 6-max Seat #4 is the button
Seat 1: 7b89f09d ($4.85 in chips)
Seat 2: fef2b6b0 ($5.07 in chips)
Seat 3: c6b410e1 ($5 in chips)
Seat 4: Hero ($5.04 in chips)
Seat 5: 4b5cc8fd ($5.32 in chips)
Seat 6: a96a7b01 ($5 in chips)
4b5cc8fd: posts small blind $0.02
a96a7b01: posts big blind $0.05
*** HOLE CARDS ***
Dealt to 7b89f09d 
Dealt to fef2b6b0 
Dealt to c6b410e1 
Dealt to Hero [9c 8h]
Dealt to 4b5cc8fd 
Dealt to a96a7b01 
7b89f09d: calls $0.05
fef2b6b0: folds
c6b410e1: folds
Hero: folds
4b5cc8fd: folds
a96a7b01: checks
*** FLOP *** [2s 7d 9s]
a96a7b01: checks
7b89f09d: checks
*** TURN *** [2s 7d 9s] [4d]
a96a7b01: bets $0.05
7b89f09d: calls $0.05
*** RIVER *** [2s 7d 9s 4d] [5d]
a96a7b01: bets $0.22
7b89f09d: raises $0.66 to $0.88
a96a7b01: folds
Uncalled bet ($0.66) returned to 7b89f09d
7b89f09d: shows [Td] (Ten-High)
*** SHOWDOWN ***
7b89f09d collected $0.63 from pot
*** SUMMARY ***
Total pot $0.66 | Rake $0.03 | Jackpot $0 | Bingo $0 | Fortune $0
Board [2s 7d 9s 4d 5d]
Seat 1: 7b89f09d showed [Qc Td] and won ($0.63) with Queen-High
Seat 2: fef2b6b0 folded before Flop (didn't bet)
Seat 3: c6b410e1 folded before Flop (didn't bet)
Seat 4: Hero (button) folded before Flop (didn't bet)
Seat 5: 4b5cc8fd (small blind) folded before Flop
Seat 6: a96a7b01 (big blind) folded on the River


Poker Hand #HD1178325635: Hold'em No Limit  ($0.02/$0.05) - 2023/03/27 18:25:16
Table 'NLHBlue5' 6-max Seat #3 is the button
Seat 1: 7b89f09d ($4.85 in chips)
Seat 2: fef2b6b0 ($5.07 in chips)
Seat 3: c6b410e1 ($5 in chips)
Seat 4: Hero ($5.06 in chips)
Seat 5: 4b5cc8fd ($5.3 in chips)
Hero: posts small blind $0.02
4b5cc8fd: posts big blind $0.05
*** HOLE CARDS ***
Dealt to 7b89f09d 
Dealt to fef2b6b0 
Dealt to c6b410e1 
Dealt to Hero [8c Qh]
Dealt to 4b5cc8fd 
7b89f09d: folds
fef2b6b0: folds
c6b410e1: folds
Hero: folds
Uncalled bet ($0.03) returned to 4b5cc8fd
*** SHOWDOWN ***
4b5cc8fd collected $0.04 from pot
*** SUMMARY ***
Total pot $0.04 | Rake $0 | Jackpot $0 | Bingo $0 | Fortune $0
Seat 1: 7b89f09d folded before Flop (didn't bet)
Seat 2: fef2b6b0 folded before Flop (didn't bet)
Seat 3: c6b410e1 (button) folded before Flop (didn't bet)
Seat 4: Hero (small blind) folded before Flop
Seat 5: 4b5cc8fd (big blind) collected ($0.04)


Poker Hand #HD1178325552: Hold'em No Limit  ($0.02/$0.05) - 2023/03/27 18:24:40
Table 'NLHBlue5' 6-max Seat #2 is the button
Seat 1: 7b89f09d ($5 in chips)
Seat 2: fef2b6b0 ($5.07 in chips)
Seat 3: c6b410e1 ($5.02 in chips)
Seat 4: Hero ($5.21 in chips)
Seat 5: 4b5cc8fd ($5 in chips)
c6b410e1: posts small blind $0.02
Hero: posts big blind $0.05
*** HOLE CARDS ***
Dealt to 7b89f09d 
Dealt to fef2b6b0 
Dealt to c6b410e1 
Dealt to Hero [3d Kd]
Dealt to 4b5cc8fd 
4b5cc8fd: raises $0.1 to $0.15
7b89f09d: calls $0.15
fef2b6b0: folds
c6b410e1: folds
Hero: calls $0.1
*** FLOP *** [7d 7h 2s]
Hero: checks
4b5cc8fd: bets $0.16
7b89f09d: folds
Hero: folds
Uncalled bet ($0.16) returned to 4b5cc8fd
*** SHOWDOWN ***
4b5cc8fd collected $0.45 from pot
*** SUMMARY ***
Total pot $0.47 | Rake $0.02 | Jackpot $0 | Bingo $0 | Fortune $0
Board [7d 7h 2s]
Seat 1: 7b89f09d folded on the Flop
Seat 2: fef2b6b0 (button) folded before Flop (didn't bet)
Seat 3: c6b410e1 (small blind) folded before Flop
Seat 4: Hero (big blind) folded on the Flop
Seat 5: 4b5cc8fd won ($0.45)


Poker Hand #HD1178325517: Hold'em No Limit  ($0.02/$0.05) - 2023/03/27 18:24:27
Table 'NLHBlue5' 6-max Seat #1 is the button
Seat 1: 7b89f09d ($5 in chips)
Seat 2: fef2b6b0 ($5.09 in chips)
Seat 3: c6b410e1 ($5 in chips)
Seat 4: Hero ($5.21 in chips)
Seat 5: 4b5cc8fd ($5 in chips)
fef2b6b0: posts small blind $0.02
c6b410e1: posts big blind $0.05
*** HOLE CARDS ***
Dealt to 7b89f09d 
Dealt to fef2b6b0 
Dealt to c6b410e1 
Dealt to Hero [Kd 7h]
Dealt to 4b5cc8fd 
Hero: folds
4b5cc8fd: folds
7b89f09d: folds
fef2b6b0: folds
Uncalled bet ($0.03) returned to c6b410e1
*** SHOWDOWN ***
c6b410e1 collected $0.04 from pot
*** SUMMARY ***
Total pot $0.04 | Rake $0 | Jackpot $0 | Bingo $0 | Fortune $0
Seat 1: 7b89f09d (button) folded before Flop (didn't bet)
Seat 2: fef2b6b0 (small blind) folded before Flop
Seat 3: c6b410e1 (big blind) collected ($0.04)
Seat 4: Hero folded before Flop (didn't bet)
Seat 5: 4b5cc8fd folded before Flop (didn't bet)


Poker Hand #HD1178325429: Hold'em No Limit  ($0.02/$0.05) - 2023/03/27 18:23:50
Table 'NLHBlue5' 6-max Seat #5 is the button
Seat 1: 7b89f09d ($4.95 in chips)
Seat 2: fef2b6b0 ($5.14 in chips)
Seat 3: c6b410e1 ($5 in chips)
Seat 4: Hero ($5.21 in chips)
Seat 5: 4b5cc8fd ($5 in chips)
7b89f09d: posts small blind $0.02
fef2b6b0: posts big blind $0.05
*** HOLE CARDS ***
Dealt to 7b89f09d 
Dealt to fef2b6b0 
Dealt to c6b410e1 
Dealt to Hero [9s 5d]
Dealt to 4b5cc8fd 
c6b410e1: folds
Hero: folds
4b5cc8fd: folds
7b89f09d: calls $0.03
fef2b6b0: checks
*** FLOP *** [Jd Qd 6s]
7b89f09d: checks
fef2b6b0: checks
*** TURN *** [Jd Qd 6s] [2d]
7b89f09d: bets $0.05
fef2b6b0: folds
Uncalled bet ($0.05) returned to 7b89f09d
*** SHOWDOWN ***
7b89f09d collected $0.1 from pot
*** SUMMARY ***
Total pot $0.1 | Rake $0 | Jackpot $0 | Bingo $0 | Fortune $0
Board [Jd Qd 6s 2d]
Seat 1: 7b89f09d (small blind) won ($0.1)
Seat 2: fef2b6b0 (big blind) folded on the Turn
Seat 3: c6b410e1 folded before Flop (didn't bet)
Seat 4: Hero folded before Flop (didn't bet)
Seat 5: 4b5cc8fd (button) folded before Flop (didn't bet)


Poker Hand #HD1178325397: Hold'em No Limit  ($0.02/$0.05) - 2023/03/27 18:23:34
Table 'NLHBlue5' 6-max Seat #4 is the button
Seat 1: 7b89f09d ($5 in chips)
Seat 2: fef2b6b0 ($5.07 in chips)
Seat 3: c6b410e1 ($5 in chips)
Seat 4: Hero ($5.21 in chips)
Seat 5: 4b5cc8fd ($5 in chips)
4b5cc8fd: posts small blind $0.02
7b89f09d: posts big blind $0.05
*** HOLE CARDS ***
Dealt to 7b89f09d 
Dealt to fef2b6b0 
Dealt to c6b410e1 
Dealt to Hero [Qc 4s]
Dealt to 4b5cc8fd 
fef2b6b0: raises $0.1 to $0.15
c6b410e1: folds
Hero: folds
4b5cc8fd: folds
7b89f09d: folds
Uncalled bet ($0.1) returned to fef2b6b0
*** SHOWDOWN ***
fef2b6b0 collected $0.12 from pot
*** SUMMARY ***
Total pot $0.12 | Rake $0 | Jackpot $0 | Bingo $0 | Fortune $0
Seat 1: 7b89f09d (big blind) folded before Flop
Seat 2: fef2b6b0 collected ($0.12)
Seat 3: c6b410e1 folded before Flop (didn't bet)
Seat 4: Hero (button) folded before Flop (didn't bet)
Seat 5: 4b5cc8fd (small blind) folded before Flop


Poker Hand #HD1178325384: Hold'em No Limit  ($0.02/$0.05) - 2023/03/27 18:23:28
Table 'NLHBlue5' 6-max Seat #3 is the button
Seat 2: fef2b6b0 ($5 in chips)
Seat 3: c6b410e1 ($5 in chips)
Seat 4: Hero ($5.23 in chips)
Seat 5: 4b5cc8fd ($5 in chips)
Hero: posts small blind $0.02
4b5cc8fd: posts big blind $0.05
*** HOLE CARDS ***
Dealt to fef2b6b0 
Dealt to c6b410e1 
Dealt to Hero [3d Qs]
Dealt to 4b5cc8fd 
fef2b6b0: raises $0.1 to $0.15
c6b410e1: folds
Hero: folds
4b5cc8fd: folds
Uncalled bet ($0.1) returned to fef2b6b0
*** SHOWDOWN ***
fef2b6b0 collected $0.12 from pot
*** SUMMARY ***
Total pot $0.12 | Rake $0 | Jackpot $0 | Bingo $0 | Fortune $0
Seat 2: fef2b6b0 collected ($0.12)
Seat 3: c6b410e1 (button) folded before Flop (didn't bet)
Seat 4: Hero (small blind) folded before Flop
Seat 5: 4b5cc8fd (big blind) folded before Flop


Poker Hand #HD1178325257: Hold'em No Limit  ($0.02/$0.05) - 2023/03/27 18:22:33
Table 'NLHBlue5' 6-max Seat #2 is the button
Seat 2: fef2b6b0 ($5 in chips)
Seat 3: c6b410e1 ($5 in chips)
Seat 4: Hero ($5.07 in chips)
c6b410e1: posts small blind $0.02
Hero: posts big blind $0.05
*** HOLE CARDS ***
Dealt to fef2b6b0 
Dealt to c6b410e1 
Dealt to Hero [6c 6h]
fef2b6b0: raises $0.1 to $0.15
c6b410e1: folds
Hero: calls $0.1
*** FLOP *** [Jd Ts Ks]
Hero: checks
fef2b6b0: checks
*** TURN *** [Jd Ts Ks] [2s]
Hero: checks
fef2b6b0: checks
*** RIVER *** [Jd Ts Ks 2s] [9c]
Hero: checks
fef2b6b0: checks
Hero: shows [6c 6h] (Pair of Sixes)
fef2b6b0: shows [3h 3c] (Pair of Treys)
*** SHOWDOWN ***
Hero collected $0.31 from pot
*** SUMMARY ***
Total pot $0.32 | Rake $0.01 | Jackpot $0 | Bingo $0 | Fortune $0
Board [Jd Ts Ks 2s 9c]
Seat 2: fef2b6b0 (button) showed [3h 3c] and lost with Pair of Treys
Seat 3: c6b410e1 (small blind) folded before Flop
Seat 4: Hero (big blind) showed [6c 6h] and won ($0.31) with Pair of Sixes


Poker Hand #HD1178325223: Hold'em No Limit  ($0.02/$0.05) - 2023/03/27 18:22:19
Table 'NLHBlue5' 6-max Seat #4 is the button
Seat 2: fef2b6b0 ($5.02 in chips)
Seat 3: c6b410e1 ($5 in chips)
Seat 4: Hero ($5 in chips)
fef2b6b0: posts small blind $0.02
c6b410e1: posts big blind $0.05
*** HOLE CARDS ***
Dealt to fef2b6b0 
Dealt to c6b410e1 
Dealt to Hero [Th Qc]
Hero: raises $0.07 to $0.12
fef2b6b0: folds
c6b410e1: folds
Uncalled bet ($0.07) returned to Hero
*** SHOWDOWN ***
Hero collected $0.12 from pot
*** SUMMARY ***
Total pot $0.12 | Rake $0 | Jackpot $0 | Bingo $0 | Fortune $0
Seat 2: fef2b6b0 (small blind) folded before Flop
Seat 3: c6b410e1 (big blind) folded before Flop
Seat 4: Hero (button) collected ($0.12)


Poker Hand #HD1178325201: Hold'em No Limit  ($0.02/$0.05) - 2023/03/27 18:22:10
Table 'NLHBlue5' 6-max Seat #3 is the button
Seat 2: fef2b6b0 ($5 in chips)
Seat 3: c6b410e1 ($5 in chips)
Seat 4: Hero ($5.02 in chips)
Hero: posts small blind $0.02
fef2b6b0: posts big blind $0.05
*** HOLE CARDS ***
Dealt to fef2b6b0 
Dealt to c6b410e1 
Dealt to Hero [9s 2d]
c6b410e1: folds
Hero: folds
Uncalled bet ($0.03) returned to fef2b6b0
*** SHOWDOWN ***
fef2b6b0 collected $0.04 from pot
*** SUMMARY ***
Total pot $0.04 | Rake $0 | Jackpot $0 | Bingo $0 | Fortune $0
Seat 2: fef2b6b0 (big blind) collected ($0.04)
Seat 3: c6b410e1 (button) folded before Flop (didn't bet)
Seat 4: Hero (small blind) folded before Flop


Poker Hand #HD1178325166: Hold'em No Limit  ($0.02/$0.05) - 2023/03/27 18:21:54
Table 'NLHBlue5' 6-max Seat #2 is the button
Seat 1: 89f58626 ($5.07 in chips)
Seat 2: fef2b6b0 ($5 in chips)
Seat 3: c6b410e1 ($5 in chips)
Seat 4: Hero ($5 in chips)
c6b410e1: posts small blind $0.02
Hero: posts big blind $0.05
*** HOLE CARDS ***
Dealt to 89f58626 
Dealt to fef2b6b0 
Dealt to c6b410e1 
Dealt to Hero [Ah 2d]
89f58626: folds
fef2b6b0: folds
c6b410e1: folds
Uncalled bet ($0.03) returned to Hero
*** SHOWDOWN ***
Hero collected $0.04 from pot
*** SUMMARY ***
Total pot $0.04 | Rake $0 | Jackpot $0 | Bingo $0 | Fortune $0
Seat 1: 89f58626 folded before Flop (didn't bet)
Seat 2: fef2b6b0 (button) folded before Flop (didn't bet)
Seat 3: c6b410e1 (small blind) folded before Flop
Seat 4: Hero (big blind) collected ($0.04)


