Poker Hand #HD1161885683: Hold'em No Limit  ($0.02/$0.05) - 2023/03/15 22:47:20
Table 'NLHBlue47' 6-max Seat #1 is the button
Seat 1: 3de218e ($6.07 in chips)
Seat 2: 4b3e597 ($5 in chips)
Seat 3: a570df76 ($2.76 in chips)
Seat 4: Hero ($10.64 in chips)
Seat 5: 9d367927 ($5.24 in chips)
Seat 6: 9ccc18e ($5 in chips)
4b3e597: posts small blind $0.02
a570df76: posts big blind $0.05
*** HOLE CARDS ***
Dealt to 3de218e 
Dealt to 4b3e597 
Dealt to a570df76 
Dealt to Hero [As Qc]
Dealt to 9d367927 
Dealt to 9ccc18e 
Hero: raises $0.07 to $0.12
9d367927: calls $0.12
9ccc18e: folds
3de218e: calls $0.12
4b3e597: folds
a570df76: folds
*** FLOP *** [8d Qh 9h]
Hero: bets $0.3
9d367927: calls $0.3
3de218e: calls $0.3
*** TURN *** [8d Qh 9h] [4c]
Hero: bets $0.67
9d367927: folds
3de218e: folds
Uncalled bet ($0.67) returned to Hero
*** SHOWDOWN ***
Hero collected $1.27 from pot
*** SUMMARY ***
Total pot $1.33 | Rake $0.06 | Jackpot $0 | Bingo $0 | Fortune $0
Board [8d Qh 9h 4c]
Seat 1: 3de218e (button) folded on the Turn
Seat 2: 4b3e597 (small blind) folded before Flop
Seat 3: a570df76 (big blind) folded before Flop
Seat 4: Hero won ($1.27)
Seat 5: 9d367927 folded on the Turn
Seat 6: 9ccc18e folded before Flop (didn't bet)


Poker Hand #HD1161885651: Hold'em No Limit  ($0.02/$0.05) - 2023/03/15 22:47:06
Table 'NLHBlue47' 6-max Seat #6 is the button
Seat 1: 3de218e ($6.09 in chips)
Seat 2: 4b3e597 ($5 in chips)
Seat 3: a570df76 ($2.76 in chips)
Seat 4: Hero ($10.57 in chips)
Seat 5: 9d367927 ($5.24 in chips)
Seat 6: 9ccc18e ($5 in chips)
3de218e: posts small blind $0.02
4b3e597: posts big blind $0.05
*** HOLE CARDS ***
Dealt to 3de218e 
Dealt to 4b3e597 
Dealt to a570df76 
Dealt to Hero [4h 4c]
Dealt to 9d367927 
Dealt to 9ccc18e 
a570df76: folds
Hero: raises $0.07 to $0.12
9d367927: folds
9ccc18e: folds
3de218e: folds
4b3e597: folds
Uncalled bet ($0.07) returned to Hero
*** SHOWDOWN ***
Hero collected $0.12 from pot
*** SUMMARY ***
Total pot $0.12 | Rake $0 | Jackpot $0 | Bingo $0 | Fortune $0
Seat 1: 3de218e (small blind) folded before Flop
Seat 2: 4b3e597 (big blind) folded before Flop
Seat 3: a570df76 folded before Flop (didn't bet)
Seat 4: Hero collected ($0.12)
Seat 5: 9d367927 folded before Flop (didn't bet)
Seat 6: 9ccc18e (button) folded before Flop (didn't bet)


Poker Hand #HD1161845588: Hold'em No Limit  ($0.02/$0.05) - 2023/03/15 22:46:36
Table 'NLHBlue47' 6-max Seat #5 is the button
Seat 1: 3de218e ($6.22 in chips)
Seat 2: 4b3e597 ($5 in chips)
Seat 3: a570df76 ($2.76 in chips)
Seat 4: Hero ($10.57 in chips)
Seat 5: 9d367927 ($5.1 in chips)
Seat 6: 9ccc18e ($5.02 in chips)
9ccc18e: posts small blind $0.02
3de218e: posts big blind $0.05
*** HOLE CARDS ***
Dealt to 3de218e 
Dealt to 4b3e597 
Dealt to a570df76 
Dealt to Hero [2h Qs]
Dealt to 9d367927 
Dealt to 9ccc18e 
4b3e597: folds
a570df76: folds
Hero: folds
9d367927: raises $0.08 to $0.13
9ccc18e: folds
3de218e: calls $0.08
*** FLOP *** [Jc 9h 3c]
3de218e: checks
9d367927: checks
*** TURN *** [Jc 9h 3c] [Tc]
3de218e: checks
9d367927: bets $0.14
3de218e: folds
Uncalled bet ($0.14) returned to 9d367927
*** SHOWDOWN ***
9d367927 collected $0.27 from pot
*** SUMMARY ***
Total pot $0.28 | Rake $0.01 | Jackpot $0 | Bingo $0 | Fortune $0
Board [Jc 9h 3c Tc]
Seat 1: 3de218e (big blind) folded on the Turn
Seat 2: 4b3e597 folded before Flop (didn't bet)
Seat 3: a570df76 folded before Flop (didn't bet)
Seat 4: Hero folded before Flop (didn't bet)
Seat 5: 9d367927 (button) won ($0.27)
Seat 6: 9ccc18e (small blind) folded before Flop


Poker Hand #HD1161845549: Hold'em No Limit  ($0.02/$0.05) - 2023/03/15 22:46:18
Table 'NLHBlue47' 6-max Seat #4 is the button
Seat 1: 3de218e ($6.22 in chips)
Seat 2: 4b3e597 ($5 in chips)
Seat 3: a570df76 ($2.76 in chips)
Seat 4: Hero ($10.57 in chips)
Seat 5: 9d367927 ($5.05 in chips)
Seat 6: 9ccc18e ($5.07 in chips)
9d367927: posts small blind $0.02
9ccc18e: posts big blind $0.05
*** HOLE CARDS ***
Dealt to 3de218e 
Dealt to 4b3e597 
Dealt to a570df76 
Dealt to Hero [8d 5h]
Dealt to 9d367927 
Dealt to 9ccc18e 
3de218e: folds
4b3e597: folds
a570df76: folds
Hero: folds
9d367927: raises $0.1 to $0.15
9ccc18e: folds
Uncalled bet ($0.1) returned to 9d367927
*** SHOWDOWN ***
9d367927 collected $0.1 from pot
*** SUMMARY ***
Total pot $0.1 | Rake $0 | Jackpot $0 | Bingo $0 | Fortune $0
Seat 1: 3de218e folded before Flop (didn't bet)
Seat 2: 4b3e597 folded before Flop (didn't bet)
Seat 3: a570df76 folded before Flop (didn't bet)
Seat 4: Hero (button) folded before Flop (didn't bet)
Seat 5: 9d367927 (small blind) collected ($0.1)
Seat 6: 9ccc18e (big blind) folded before Flop


Poker Hand #HD1161845524: Hold'em No Limit  ($0.02/$0.05) - 2023/03/15 22:46:08
Table 'NLHBlue47' 6-max Seat #3 is the button
Seat 1: 3de218e ($6.22 in chips)
Seat 2: 4b3e597 ($5 in chips)
Seat 3: a570df76 ($2.76 in chips)
Seat 4: Hero ($10.52 in chips)
Seat 5: 9d367927 ($5.1 in chips)
Seat 6: 9ccc18e ($5.07 in chips)
Hero: posts small blind $0.02
9d367927: posts big blind $0.05
*** HOLE CARDS ***
Dealt to 3de218e 
Dealt to 4b3e597 
Dealt to a570df76 
Dealt to Hero [2s 2d]
Dealt to 9d367927 
Dealt to 9ccc18e 
9ccc18e: folds
3de218e: folds
4b3e597: folds
a570df76: folds
Hero: raises $0.09 to $0.14
9d367927: folds
Uncalled bet ($0.09) returned to Hero
*** SHOWDOWN ***
Hero collected $0.1 from pot
*** SUMMARY ***
Total pot $0.1 | Rake $0 | Jackpot $0 | Bingo $0 | Fortune $0
Seat 1: 3de218e folded before Flop (didn't bet)
Seat 2: 4b3e597 folded before Flop (didn't bet)
Seat 3: a570df76 (button) folded before Flop (didn't bet)
Seat 4: Hero (small blind) collected ($0.1)
Seat 5: 9d367927 (big blind) folded before Flop
Seat 6: 9ccc18e folded before Flop (didn't bet)


Poker Hand #HD1161845431: Hold'em No Limit  ($0.02/$0.05) - 2023/03/15 22:45:28
Table 'NLHBlue47' 6-max Seat #2 is the button
Seat 1: 3de218e ($6.22 in chips)
Seat 2: 4b3e597 ($5.02 in chips)
Seat 3: a570df76 ($2.59 in chips)
Seat 4: Hero ($10.57 in chips)
Seat 5: 9d367927 ($5.1 in chips)
Seat 6: 9ccc18e ($5.07 in chips)
a570df76: posts small blind $0.02
Hero: posts big blind $0.05
*** HOLE CARDS ***
Dealt to 3de218e 
Dealt to 4b3e597 
Dealt to a570df76 
Dealt to Hero [5h As]
Dealt to 9d367927 
Dealt to 9ccc18e 
9d367927: folds
9ccc18e: folds
3de218e: folds
4b3e597: raises $0.08 to $0.13
a570df76: calls $0.11
Hero: folds
*** FLOP *** [7c 8h Qh]
a570df76: bets $0.11
4b3e597: folds
Uncalled bet ($0.11) returned to a570df76
*** SHOWDOWN ***
a570df76 collected $0.3 from pot
*** SUMMARY ***
Total pot $0.31 | Rake $0.01 | Jackpot $0 | Bingo $0 | Fortune $0
Board [7c 8h Qh]
Seat 1: 3de218e folded before Flop (didn't bet)
Seat 2: 4b3e597 (button) folded on the Flop
Seat 3: a570df76 (small blind) won ($0.3)
Seat 4: Hero (big blind) folded before Flop
Seat 5: 9d367927 folded before Flop (didn't bet)
Seat 6: 9ccc18e folded before Flop (didn't bet)


Poker Hand #HD1161845390: Hold'em No Limit  ($0.02/$0.05) - 2023/03/15 22:45:07
Table 'NLHBlue47' 6-max Seat #1 is the button
Seat 1: 3de218e ($6.22 in chips)
Seat 2: 4b3e597 ($5.04 in chips)
Seat 3: a570df76 ($2.64 in chips)
Seat 4: Hero ($10.57 in chips)
Seat 5: 9d367927 ($5.1 in chips)
Seat 6: 9ccc18e ($5 in chips)
4b3e597: posts small blind $0.02
a570df76: posts big blind $0.05
*** HOLE CARDS ***
Dealt to 3de218e 
Dealt to 4b3e597 
Dealt to a570df76 
Dealt to Hero [Jh 9h]
Dealt to 9d367927 
Dealt to 9ccc18e 
Hero: folds
9d367927: folds
9ccc18e: raises $0.06 to $0.11
3de218e: folds
4b3e597: folds
a570df76: folds
Uncalled bet ($0.06) returned to 9ccc18e
*** SHOWDOWN ***
9ccc18e collected $0.12 from pot
*** SUMMARY ***
Total pot $0.12 | Rake $0 | Jackpot $0 | Bingo $0 | Fortune $0
Seat 1: 3de218e (button) folded before Flop (didn't bet)
Seat 2: 4b3e597 (small blind) folded before Flop
Seat 3: a570df76 (big blind) folded before Flop
Seat 4: Hero folded before Flop (didn't bet)
Seat 5: 9d367927 folded before Flop (didn't bet)
Seat 6: 9ccc18e collected ($0.12)


Poker Hand #HD1161845250: Hold'em No Limit  ($0.02/$0.05) - 2023/03/15 22:44:05
Table 'NLHBlue47' 6-max Seat #6 is the button
Seat 1: 3de218e ($6.24 in chips)
Seat 2: 4b3e597 ($5.09 in chips)
Seat 3: a570df76 ($2.08 in chips)
Seat 4: Hero ($10.57 in chips)
Seat 5: 9d367927 ($5.1 in chips)
Seat 6: 9ccc18e ($5 in chips)
3de218e: posts small blind $0.02
4b3e597: posts big blind $0.05
*** HOLE CARDS ***
Dealt to 3de218e 
Dealt to 4b3e597 
Dealt to a570df76 
Dealt to Hero [Ah 2s]
Dealt to 9d367927 
Dealt to 9ccc18e 
a570df76: raises $0.05 to $0.1
Hero: folds
9d367927: folds
9ccc18e: raises $0.21 to $0.31
3de218e: folds
4b3e597: folds
a570df76: calls $0.21
*** FLOP *** [7h 8d Ad]
a570df76: bets $0.23
9ccc18e: calls $0.23
*** TURN *** [7h 8d Ad] [8h]
a570df76: bets $0.38
9ccc18e: folds
Uncalled bet ($0.38) returned to a570df76
*** SHOWDOWN ***
a570df76 collected $1.1 from pot
*** SUMMARY ***
Total pot $1.15 | Rake $0.05 | Jackpot $0 | Bingo $0 | Fortune $0
Board [7h 8d Ad 8h]
Seat 1: 3de218e (small blind) folded before Flop
Seat 2: 4b3e597 (big blind) folded before Flop
Seat 3: a570df76 won ($1.1)
Seat 4: Hero folded before Flop (didn't bet)
Seat 5: 9d367927 folded before Flop (didn't bet)
Seat 6: 9ccc18e (button) folded on the Turn


Poker Hand #HD1161845182: Hold'em No Limit  ($0.02/$0.05) - 2023/03/15 22:43:31
Table 'NLHBlue47' 6-max Seat #5 is the button
Seat 1: 3de218e ($6.03 in chips)
Seat 2: 4b3e597 ($5.09 in chips)
Seat 3: a570df76 ($2.18 in chips)
Seat 4: Hero ($10.57 in chips)
Seat 5: 9d367927 ($5.2 in chips)
Seat 6: 9ccc18e ($5.02 in chips)
9ccc18e: posts small blind $0.02
3de218e: posts big blind $0.05
*** HOLE CARDS ***
Dealt to 3de218e 
Dealt to 4b3e597 
Dealt to a570df76 
Dealt to Hero [5c Qh]
Dealt to 9d367927 
Dealt to 9ccc18e 
4b3e597: folds
a570df76: raises $0.05 to $0.1
Hero: folds
9d367927: calls $0.1
9ccc18e: folds
3de218e: raises $0.47 to $0.57
a570df76: folds
9d367927: folds
Uncalled bet ($0.47) returned to 3de218e
*** SHOWDOWN ***
3de218e collected $0.31 from pot
*** SUMMARY ***
Total pot $0.32 | Rake $0.01 | Jackpot $0 | Bingo $0 | Fortune $0
Seat 1: 3de218e (big blind) collected ($0.31)
Seat 2: 4b3e597 folded before Flop (didn't bet)
Seat 3: a570df76 folded before Flop
Seat 4: Hero folded before Flop (didn't bet)
Seat 5: 9d367927 (button) folded before Flop
Seat 6: 9ccc18e (small blind) folded before Flop


Poker Hand #HD1161845099: Hold'em No Limit  ($0.02/$0.05) - 2023/03/15 22:42:54
Table 'NLHBlue47' 6-max Seat #4 is the button
Seat 1: 3de218e ($5.38 in chips)
Seat 2: 4b3e597 ($5.09 in chips)
Seat 3: a570df76 ($2.18 in chips)
Seat 4: Hero ($10.57 in chips)
Seat 5: 9d367927 ($5.87 in chips)
Seat 6: 9ccc18e ($5.07 in chips)
9d367927: posts small blind $0.02
9ccc18e: posts big blind $0.05
*** HOLE CARDS ***
Dealt to 3de218e 
Dealt to 4b3e597 
Dealt to a570df76 
Dealt to Hero [4c Qs]
Dealt to 9d367927 
Dealt to 9ccc18e 
3de218e: raises $0.1 to $0.15
4b3e597: folds
a570df76: folds
Hero: folds
9d367927: calls $0.13
9ccc18e: folds
*** FLOP *** [2d 7h 6h]
9d367927: checks
3de218e: bets $0.24
9d367927: calls $0.24
*** TURN *** [2d 7h 6h] [2h]
9d367927: checks
3de218e: bets $0.28
9d367927: calls $0.28
*** RIVER *** [2d 7h 6h 2h] [3c]
9d367927: checks
3de218e: checks
9d367927: shows [Jd Jh] (Pair of Jacks and Pair of Twos)
3de218e: shows [Ah Ad] (Pair of Aces and Pair of Twos)
*** SHOWDOWN ***
3de218e collected $1.32 from pot
*** SUMMARY ***
Total pot $1.39 | Rake $0.07 | Jackpot $0 | Bingo $0 | Fortune $0
Board [2d 7h 6h 2h 3c]
Seat 1: 3de218e showed [Ah Ad] and won ($1.32) with Pair of Aces and Pair of Twos
Seat 2: 4b3e597 folded before Flop (didn't bet)
Seat 3: a570df76 folded before Flop (didn't bet)
Seat 4: Hero (button) folded before Flop (didn't bet)
Seat 5: 9d367927 (small blind) showed [Jd Jh] and lost with Pair of Jacks and Pair of Twos
Seat 6: 9ccc18e (big blind) folded before Flop


Poker Hand #HD1161845016: Hold'em No Limit  ($0.02/$0.05) - 2023/03/15 22:42:11
Table 'NLHBlue47' 6-max Seat #3 is the button
Seat 1: 3de218e ($5.38 in chips)
Seat 2: 4b3e597 ($6.08 in chips)
Seat 3: a570df76 ($2.18 in chips)
Seat 4: Hero ($10.59 in chips)
Seat 5: 9d367927 ($5 in chips)
Seat 6: 9ccc18e ($5.07 in chips)
Hero: posts small blind $0.02
9d367927: posts big blind $0.05
*** HOLE CARDS ***
Dealt to 3de218e 
Dealt to 4b3e597 
Dealt to a570df76 
Dealt to Hero [5d Jc]
Dealt to 9d367927 
Dealt to 9ccc18e 
9ccc18e: folds
3de218e: folds
4b3e597: raises $0.08 to $0.13
a570df76: folds
Hero: folds
9d367927: calls $0.08
*** FLOP *** [3s 5h 2s]
9d367927: checks
4b3e597: bets $0.1
9d367927: calls $0.1
*** TURN *** [3s 5h 2s] [Th]
9d367927: checks
4b3e597: bets $0.36
9d367927: calls $0.36
*** RIVER *** [3s 5h 2s Th] [8d]
9d367927: checks
4b3e597: bets $0.4
9d367927: calls $0.4
4b3e597: shows [Ah Tc] (Pair of Tens)
9d367927: shows [Qc Qs] (Pair of Queens)
*** SHOWDOWN ***
9d367927 collected $1.86 from pot
*** SUMMARY ***
Total pot $2 | Rake $0.09 | Jackpot $0.05 | Bingo $0 | Fortune $0
Board [3s 5h 2s Th 8d]
Seat 1: 3de218e folded before Flop (didn't bet)
Seat 2: 4b3e597 showed [Ah Tc] and lost with Pair of Tens
Seat 3: a570df76 (button) folded before Flop (didn't bet)
Seat 4: Hero (small blind) folded before Flop
Seat 5: 9d367927 (big blind) showed [Qc Qs] and won ($1.86) with Pair of Queens
Seat 6: 9ccc18e folded before Flop (didn't bet)


Poker Hand #HD1161844969: Hold'em No Limit  ($0.02/$0.05) - 2023/03/15 22:41:50
Table 'NLHBlue47' 6-max Seat #2 is the button
Seat 1: 3de218e ($5.38 in chips)
Seat 2: 4b3e597 ($6.01 in chips)
Seat 3: a570df76 ($2.2 in chips)
Seat 4: Hero ($10.64 in chips)
Seat 5: 9d367927 ($5 in chips)
Seat 6: 9ccc18e ($5.07 in chips)
a570df76: posts small blind $0.02
Hero: posts big blind $0.05
*** HOLE CARDS ***
Dealt to 3de218e 
Dealt to 4b3e597 
Dealt to a570df76 
Dealt to Hero [Jh 8s]
Dealt to 9d367927 
Dealt to 9ccc18e 
9d367927: folds
9ccc18e: folds
3de218e: folds
4b3e597: raises $0.08 to $0.13
a570df76: folds
Hero: folds
Uncalled bet ($0.08) returned to 4b3e597
*** SHOWDOWN ***
4b3e597 collected $0.12 from pot
*** SUMMARY ***
Total pot $0.12 | Rake $0 | Jackpot $0 | Bingo $0 | Fortune $0
Seat 1: 3de218e folded before Flop (didn't bet)
Seat 2: 4b3e597 (button) collected ($0.12)
Seat 3: a570df76 (small blind) folded before Flop
Seat 4: Hero (big blind) folded before Flop
Seat 5: 9d367927 folded before Flop (didn't bet)
Seat 6: 9ccc18e folded before Flop (didn't bet)


Poker Hand #HD1161844938: Hold'em No Limit  ($0.02/$0.05) - 2023/03/15 22:41:35
Table 'NLHBlue47' 6-max Seat #1 is the button
Seat 1: 3de218e ($5.38 in chips)
Seat 2: 4b3e597 ($6.03 in chips)
Seat 3: a570df76 ($2.25 in chips)
Seat 4: Hero ($10.64 in chips)
Seat 5: 9d367927 ($5 in chips)
Seat 6: 9ccc18e ($5 in chips)
4b3e597: posts small blind $0.02
a570df76: posts big blind $0.05
*** HOLE CARDS ***
Dealt to 3de218e 
Dealt to 4b3e597 
Dealt to a570df76 
Dealt to Hero [6d Qd]
Dealt to 9d367927 
Dealt to 9ccc18e 
Hero: folds
9d367927: folds
9ccc18e: raises $0.06 to $0.11
3de218e: folds
4b3e597: folds
a570df76: folds
Uncalled bet ($0.06) returned to 9ccc18e
*** SHOWDOWN ***
9ccc18e collected $0.12 from pot
*** SUMMARY ***
Total pot $0.12 | Rake $0 | Jackpot $0 | Bingo $0 | Fortune $0
Seat 1: 3de218e (button) folded before Flop (didn't bet)
Seat 2: 4b3e597 (small blind) folded before Flop
Seat 3: a570df76 (big blind) folded before Flop
Seat 4: Hero folded before Flop (didn't bet)
Seat 5: 9d367927 folded before Flop (didn't bet)
Seat 6: 9ccc18e collected ($0.12)


Poker Hand #HD1161844814: Hold'em No Limit  ($0.02/$0.05) - 2023/03/15 22:40:34
Table 'NLHBlue47' 6-max Seat #6 is the button
Seat 1: 3de218e ($5.4 in chips)
Seat 2: 4b3e597 ($6.08 in chips)
Seat 3: a570df76 ($2.35 in chips)
Seat 4: Hero ($10.48 in chips)
Seat 5: 9d367927 ($5 in chips)
Seat 6: 9ccc18e ($5 in chips)
3de218e: posts small blind $0.02
4b3e597: posts big blind $0.05
*** HOLE CARDS ***
Dealt to 3de218e 
Dealt to 4b3e597 
Dealt to a570df76 
Dealt to Hero [Ks Qd]
Dealt to 9d367927 
Dealt to 9ccc18e 
a570df76: raises $0.05 to $0.1
Hero: calls $0.1
9d367927: folds
9ccc18e: folds
3de218e: folds
4b3e597: folds
*** FLOP *** [2c 7s Ac]
a570df76: checks
Hero: checks
*** TURN *** [2c 7s Ac] [7d]
a570df76: checks
Hero: checks
*** RIVER *** [2c 7s Ac 7d] [5h]
a570df76: checks
Hero: checks
a570df76: shows [Qc Ts] (Pair of Sevens)
Hero: shows [Ks Qd] (Pair of Sevens)
*** SHOWDOWN ***
Hero collected $0.26 from pot
*** SUMMARY ***
Total pot $0.27 | Rake $0.01 | Jackpot $0 | Bingo $0 | Fortune $0
Board [2c 7s Ac 7d 5h]
Seat 1: 3de218e (small blind) folded before Flop
Seat 2: 4b3e597 (big blind) folded before Flop
Seat 3: a570df76 showed [Qc Ts] and lost with Pair of Sevens
Seat 4: Hero showed [Ks Qd] and won ($0.26) with Pair of Sevens
Seat 5: 9d367927 folded before Flop (didn't bet)
Seat 6: 9ccc18e (button) folded before Flop (didn't bet)


Poker Hand #HD1161844757: Hold'em No Limit  ($0.02/$0.05) - 2023/03/15 22:40:09
Table 'NLHBlue47' 6-max Seat #5 is the button
Seat 1: 3de218e ($5.45 in chips)
Seat 2: 4b3e597 ($6.08 in chips)
Seat 3: a570df76 ($2.28 in chips)
Seat 4: Hero ($10.48 in chips)
Seat 5: 9d367927 ($5 in chips)
Seat 6: 9ccc18e ($5 in chips)
9ccc18e: posts small blind $0.02
3de218e: posts big blind $0.05
*** HOLE CARDS ***
Dealt to 3de218e 
Dealt to 4b3e597 
Dealt to a570df76 
Dealt to Hero [4s 5d]
Dealt to 9d367927 
Dealt to 9ccc18e 
4b3e597: folds
a570df76: raises $0.05 to $0.1
Hero: folds
9d367927: folds
9ccc18e: folds
3de218e: folds
Uncalled bet ($0.05) returned to a570df76
*** SHOWDOWN ***
a570df76 collected $0.12 from pot
*** SUMMARY ***
Total pot $0.12 | Rake $0 | Jackpot $0 | Bingo $0 | Fortune $0
Seat 1: 3de218e (big blind) folded before Flop
Seat 2: 4b3e597 folded before Flop (didn't bet)
Seat 3: a570df76 collected ($0.12)
Seat 4: Hero folded before Flop (didn't bet)
Seat 5: 9d367927 (button) folded before Flop (didn't bet)
Seat 6: 9ccc18e (small blind) folded before Flop


Poker Hand #HD1161844696: Hold'em No Limit  ($0.02/$0.05) - 2023/03/15 22:39:42
Table 'NLHBlue47' 6-max Seat #4 is the button
Seat 1: 3de218e ($5.38 in chips)
Seat 2: 4b3e597 ($6.08 in chips)
Seat 3: a570df76 ($2.28 in chips)
Seat 4: Hero ($10.48 in chips)
Seat 5: 9d367927 ($5.02 in chips)
Seat 6: 9ccc18e ($5 in chips)
9d367927: posts small blind $0.02
9ccc18e: posts big blind $0.05
*** HOLE CARDS ***
Dealt to 3de218e 
Dealt to 4b3e597 
Dealt to a570df76 
Dealt to Hero [7d 5c]
Dealt to 9d367927 
Dealt to 9ccc18e 
3de218e: raises $0.08 to $0.13
4b3e597: folds
a570df76: folds
Hero: folds
9d367927: folds
9ccc18e: folds
Uncalled bet ($0.08) returned to 3de218e
*** SHOWDOWN ***
3de218e collected $0.12 from pot
*** SUMMARY ***
Total pot $0.12 | Rake $0 | Jackpot $0 | Bingo $0 | Fortune $0
Seat 1: 3de218e collected ($0.12)
Seat 2: 4b3e597 folded before Flop (didn't bet)
Seat 3: a570df76 folded before Flop (didn't bet)
Seat 4: Hero (button) folded before Flop (didn't bet)
Seat 5: 9d367927 (small blind) folded before Flop
Seat 6: 9ccc18e (big blind) folded before Flop


Poker Hand #HD1161844673: Hold'em No Limit  ($0.02/$0.05) - 2023/03/15 22:39:31
Table 'NLHBlue47' 6-max Seat #3 is the button
Seat 1: 3de218e ($5.38 in chips)
Seat 2: 4b3e597 ($6.08 in chips)
Seat 3: a570df76 ($2.28 in chips)
Seat 4: Hero ($10.5 in chips)
Seat 5: 9d367927 ($5 in chips)
Seat 6: 9ccc18e ($5 in chips)
Hero: posts small blind $0.02
9d367927: posts big blind $0.05
*** HOLE CARDS ***
Dealt to 3de218e 
Dealt to 4b3e597 
Dealt to a570df76 
Dealt to Hero [8s 7c]
Dealt to 9d367927 
Dealt to 9ccc18e 
9ccc18e: folds
3de218e: folds
4b3e597: folds
a570df76: folds
Hero: folds
Uncalled bet ($0.03) returned to 9d367927
*** SHOWDOWN ***
9d367927 collected $0.04 from pot
*** SUMMARY ***
Total pot $0.04 | Rake $0 | Jackpot $0 | Bingo $0 | Fortune $0
Seat 1: 3de218e folded before Flop (didn't bet)
Seat 2: 4b3e597 folded before Flop (didn't bet)
Seat 3: a570df76 (button) folded before Flop (didn't bet)
Seat 4: Hero (small blind) folded before Flop
Seat 5: 9d367927 (big blind) collected ($0.04)
Seat 6: 9ccc18e folded before Flop (didn't bet)


Poker Hand #HD1161844628: Hold'em No Limit  ($0.02/$0.05) - 2023/03/15 22:39:11
Table 'NLHBlue47' 6-max Seat #2 is the button
Seat 1: 3de218e ($5.31 in chips)
Seat 2: 4b3e597 ($6.08 in chips)
Seat 3: a570df76 ($2.3 in chips)
Seat 4: Hero ($10.55 in chips)
Seat 5: 9d367927 ($5 in chips)
Seat 6: 9ccc18e ($5 in chips)
a570df76: posts small blind $0.02
Hero: posts big blind $0.05
*** HOLE CARDS ***
Dealt to 3de218e 
Dealt to 4b3e597 
Dealt to a570df76 
Dealt to Hero [2c Qd]
Dealt to 9d367927 
Dealt to 9ccc18e 
9d367927: folds
9ccc18e: folds
3de218e: raises $0.08 to $0.13
4b3e597: folds
a570df76: folds
Hero: folds
Uncalled bet ($0.08) returned to 3de218e
*** SHOWDOWN ***
3de218e collected $0.12 from pot
*** SUMMARY ***
Total pot $0.12 | Rake $0 | Jackpot $0 | Bingo $0 | Fortune $0
Seat 1: 3de218e collected ($0.12)
Seat 2: 4b3e597 (button) folded before Flop (didn't bet)
Seat 3: a570df76 (small blind) folded before Flop
Seat 4: Hero (big blind) folded before Flop
Seat 5: 9d367927 folded before Flop (didn't bet)
Seat 6: 9ccc18e folded before Flop (didn't bet)


Poker Hand #HD1161844567: Hold'em No Limit  ($0.02/$0.05) - 2023/03/15 22:38:41
Table 'NLHBlue47' 6-max Seat #1 is the button
Seat 1: 3de218e ($5.31 in chips)
Seat 2: 4b3e597 ($5.93 in chips)
Seat 3: a570df76 ($2.35 in chips)
Seat 4: Hero ($10.55 in chips)
Seat 5: 9d367927 ($5 in chips)
Seat 6: 9ccc18e ($5 in chips)
4b3e597: posts small blind $0.02
a570df76: posts big blind $0.05
*** HOLE CARDS ***
Dealt to 3de218e 
Dealt to 4b3e597 
Dealt to a570df76 
Dealt to Hero [9s 5s]
Dealt to 9d367927 
Dealt to 9ccc18e 
Hero: folds
9d367927: folds
9ccc18e: raises $0.06 to $0.11
3de218e: folds
4b3e597: raises $0.32 to $0.43
a570df76: folds
9ccc18e: folds
Uncalled bet ($0.32) returned to 4b3e597
*** SHOWDOWN ***
4b3e597 collected $0.26 from pot
*** SUMMARY ***
Total pot $0.27 | Rake $0.01 | Jackpot $0 | Bingo $0 | Fortune $0
Seat 1: 3de218e (button) folded before Flop (didn't bet)
Seat 2: 4b3e597 (small blind) collected ($0.26)
Seat 3: a570df76 (big blind) folded before Flop
Seat 4: Hero folded before Flop (didn't bet)
Seat 5: 9d367927 folded before Flop (didn't bet)
Seat 6: 9ccc18e folded before Flop


Poker Hand #HD1161844467: Hold'em No Limit  ($0.02/$0.05) - 2023/03/15 22:38:03
Table 'NLHBlue47' 6-max Seat #6 is the button
Seat 1: 3de218e ($5.33 in chips)
Seat 2: 4b3e597 ($5.82 in chips)
Seat 3: a570df76 ($2.35 in chips)
Seat 4: Hero ($10.55 in chips)
Seat 5: 9d367927 ($5 in chips)
Seat 6: 9ccc18e ($5.1 in chips)
3de218e: posts small blind $0.02
4b3e597: posts big blind $0.05
*** HOLE CARDS ***
Dealt to 3de218e 
Dealt to 4b3e597 
Dealt to a570df76 
Dealt to Hero [Th 6c]
Dealt to 9d367927 
Dealt to 9ccc18e 
a570df76: folds
Hero: folds
9d367927: folds
9ccc18e: raises $0.05 to $0.1
3de218e: folds
4b3e597: calls $0.05
*** FLOP *** [6s 7h Ks]
4b3e597: checks
9ccc18e: checks
*** TURN *** [6s 7h Ks] [7c]
4b3e597: bets $0.17
9ccc18e: folds
Uncalled bet ($0.17) returned to 4b3e597
*** SHOWDOWN ***
4b3e597 collected $0.21 from pot
*** SUMMARY ***
Total pot $0.22 | Rake $0.01 | Jackpot $0 | Bingo $0 | Fortune $0
Board [6s 7h Ks 7c]
Seat 1: 3de218e (small blind) folded before Flop
Seat 2: 4b3e597 (big blind) won ($0.21)
Seat 3: a570df76 folded before Flop (didn't bet)
Seat 4: Hero folded before Flop (didn't bet)
Seat 5: 9d367927 folded before Flop (didn't bet)
Seat 6: 9ccc18e (button) folded on the Turn


Poker Hand #HD1161844428: Hold'em No Limit  ($0.02/$0.05) - 2023/03/15 22:37:40
Table 'NLHBlue47' 6-max Seat #5 is the button
Seat 1: 3de218e ($5.38 in chips)
Seat 2: 4b3e597 ($5.82 in chips)
Seat 3: a570df76 ($2.28 in chips)
Seat 4: Hero ($10.55 in chips)
Seat 5: 9d367927 ($5 in chips)
Seat 6: 9ccc18e ($5.12 in chips)
9ccc18e: posts small blind $0.02
3de218e: posts big blind $0.05
*** HOLE CARDS ***
Dealt to 3de218e 
Dealt to 4b3e597 
Dealt to a570df76 
Dealt to Hero [5s 5d]
Dealt to 9d367927 
Dealt to 9ccc18e 
4b3e597: folds
a570df76: raises $0.1 to $0.15
Hero: folds
9d367927: folds
9ccc18e: folds
3de218e: folds
Uncalled bet ($0.1) returned to a570df76
*** SHOWDOWN ***
a570df76 collected $0.12 from pot
*** SUMMARY ***
Total pot $0.12 | Rake $0 | Jackpot $0 | Bingo $0 | Fortune $0
Seat 1: 3de218e (big blind) folded before Flop
Seat 2: 4b3e597 folded before Flop (didn't bet)
Seat 3: a570df76 collected ($0.12)
Seat 4: Hero folded before Flop (didn't bet)
Seat 5: 9d367927 (button) folded before Flop (didn't bet)
Seat 6: 9ccc18e (small blind) folded before Flop


Poker Hand #HD1161844369: Hold'em No Limit  ($0.02/$0.05) - 2023/03/15 22:37:13
Table 'NLHBlue47' 6-max Seat #4 is the button
Seat 1: 3de218e ($5.38 in chips)
Seat 2: 4b3e597 ($5.82 in chips)
Seat 3: a570df76 ($2.28 in chips)
Seat 4: Hero ($10.39 in chips)
Seat 5: 9d367927 ($5.12 in chips)
Seat 6: 9ccc18e ($5.17 in chips)
9d367927: posts small blind $0.02
9ccc18e: posts big blind $0.05
*** HOLE CARDS ***
Dealt to 3de218e 
Dealt to 4b3e597 
Dealt to a570df76 
Dealt to Hero [5s 5h]
Dealt to 9d367927 
Dealt to 9ccc18e 
3de218e: folds
4b3e597: folds
a570df76: folds
Hero: raises $0.07 to $0.12
9d367927: calls $0.1
9ccc18e: folds
*** FLOP *** [9c Kc 9h]
9d367927: checks
Hero: bets $0.15
9d367927: folds
Uncalled bet ($0.15) returned to Hero
*** SHOWDOWN ***
Hero collected $0.28 from pot
*** SUMMARY ***
Total pot $0.29 | Rake $0.01 | Jackpot $0 | Bingo $0 | Fortune $0
Board [9c Kc 9h]
Seat 1: 3de218e folded before Flop (didn't bet)
Seat 2: 4b3e597 folded before Flop (didn't bet)
Seat 3: a570df76 folded before Flop (didn't bet)
Seat 4: Hero (button) won ($0.28)
Seat 5: 9d367927 (small blind) folded on the Flop
Seat 6: 9ccc18e (big blind) folded before Flop


Poker Hand #HD1161844301: Hold'em No Limit  ($0.02/$0.05) - 2023/03/15 22:36:45
Table 'NLHBlue47' 6-max Seat #3 is the button
Seat 1: 3de218e ($5.38 in chips)
Seat 2: 4b3e597 ($5.65 in chips)
Seat 3: a570df76 ($2.28 in chips)
Seat 4: Hero ($10.41 in chips)
Seat 5: 9d367927 ($5.17 in chips)
Seat 6: 9ccc18e ($5.28 in chips)
Hero: posts small blind $0.02
9d367927: posts big blind $0.05
*** HOLE CARDS ***
Dealt to 3de218e 
Dealt to 4b3e597 
Dealt to a570df76 
Dealt to Hero [Ad Td]
Dealt to 9d367927 
Dealt to 9ccc18e 
9ccc18e: raises $0.06 to $0.11
3de218e: folds
4b3e597: raises $0.22 to $0.33
a570df76: folds
Hero: folds
9d367927: folds
9ccc18e: folds
Uncalled bet ($0.22) returned to 4b3e597
*** SHOWDOWN ***
4b3e597 collected $0.28 from pot
*** SUMMARY ***
Total pot $0.29 | Rake $0.01 | Jackpot $0 | Bingo $0 | Fortune $0
Seat 1: 3de218e folded before Flop (didn't bet)
Seat 2: 4b3e597 collected ($0.28)
Seat 3: a570df76 (button) folded before Flop (didn't bet)
Seat 4: Hero (small blind) folded before Flop
Seat 5: 9d367927 (big blind) folded before Flop
Seat 6: 9ccc18e folded before Flop


Poker Hand #HD1161844265: Hold'em No Limit  ($0.02/$0.05) - 2023/03/15 22:36:29
Table 'NLHBlue47' 6-max Seat #2 is the button
Seat 1: 3de218e ($5.31 in chips)
Seat 2: 4b3e597 ($5.65 in chips)
Seat 3: a570df76 ($2.3 in chips)
Seat 4: Hero ($10.46 in chips)
Seat 5: 9d367927 ($5.17 in chips)
Seat 6: 9ccc18e ($5.28 in chips)
a570df76: posts small blind $0.02
Hero: posts big blind $0.05
*** HOLE CARDS ***
Dealt to 3de218e 
Dealt to 4b3e597 
Dealt to a570df76 
Dealt to Hero [3d Ks]
Dealt to 9d367927 
Dealt to 9ccc18e 
9d367927: folds
9ccc18e: folds
3de218e: raises $0.08 to $0.13
4b3e597: folds
a570df76: folds
Hero: folds
Uncalled bet ($0.08) returned to 3de218e
*** SHOWDOWN ***
3de218e collected $0.12 from pot
*** SUMMARY ***
Total pot $0.12 | Rake $0 | Jackpot $0 | Bingo $0 | Fortune $0
Seat 1: 3de218e collected ($0.12)
Seat 2: 4b3e597 (button) folded before Flop (didn't bet)
Seat 3: a570df76 (small blind) folded before Flop
Seat 4: Hero (big blind) folded before Flop
Seat 5: 9d367927 folded before Flop (didn't bet)
Seat 6: 9ccc18e folded before Flop (didn't bet)


Poker Hand #HD1161844199: Hold'em No Limit  ($0.02/$0.05) - 2023/03/15 22:35:53
Table 'NLHBlue47' 6-max Seat #1 is the button
Seat 1: 3de218e ($5.31 in chips)
Seat 2: 4b3e597 ($5.78 in chips)
Seat 3: a570df76 ($2.35 in chips)
Seat 4: Hero ($10.46 in chips)
Seat 5: 9d367927 ($5 in chips)
Seat 6: 9ccc18e ($5.28 in chips)
4b3e597: posts small blind $0.02
a570df76: posts big blind $0.05
*** HOLE CARDS ***
Dealt to 3de218e 
Dealt to 4b3e597 
Dealt to a570df76 
Dealt to Hero [5s Ah]
Dealt to 9d367927 
Dealt to 9ccc18e 
Hero: folds
9d367927: raises $0.08 to $0.13
9ccc18e: folds
3de218e: folds
4b3e597: calls $0.11
a570df76: folds
*** FLOP *** [2d 4c Jh]
4b3e597: checks
9d367927: bets $0.16
4b3e597: folds
Uncalled bet ($0.16) returned to 9d367927
*** SHOWDOWN ***
9d367927 collected $0.3 from pot
*** SUMMARY ***
Total pot $0.31 | Rake $0.01 | Jackpot $0 | Bingo $0 | Fortune $0
Board [2d 4c Jh]
Seat 1: 3de218e (button) folded before Flop (didn't bet)
Seat 2: 4b3e597 (small blind) folded on the Flop
Seat 3: a570df76 (big blind) folded before Flop
Seat 4: Hero folded before Flop (didn't bet)
Seat 5: 9d367927 won ($0.3)
Seat 6: 9ccc18e folded before Flop (didn't bet)


Poker Hand #HD1161844101: Hold'em No Limit  ($0.02/$0.05) - 2023/03/15 22:35:10
Table 'NLHBlue47' 6-max Seat #6 is the button
Seat 1: 3de218e ($5.33 in chips)
Seat 2: 4b3e597 ($6.1 in chips)
Seat 3: a570df76 ($2.35 in chips)
Seat 4: Hero ($10.15 in chips)
Seat 5: 9d367927 ($5 in chips)
Seat 6: 9ccc18e ($5.28 in chips)
3de218e: posts small blind $0.02
4b3e597: posts big blind $0.05
*** HOLE CARDS ***
Dealt to 3de218e 
Dealt to 4b3e597 
Dealt to a570df76 
Dealt to Hero [Ts Tc]
Dealt to 9d367927 
Dealt to 9ccc18e 
a570df76: folds
Hero: raises $0.07 to $0.12
9d367927: folds
9ccc18e: folds
3de218e: folds
4b3e597: calls $0.07
*** FLOP *** [9s 5h Th]
4b3e597: checks
Hero: bets $0.2
4b3e597: calls $0.2
*** TURN *** [9s 5h Th] [Ac]
4b3e597: checks
Hero: bets $0.99
4b3e597: folds
Uncalled bet ($0.99) returned to Hero
*** SHOWDOWN ***
Hero collected $0.63 from pot
*** SUMMARY ***
Total pot $0.66 | Rake $0.03 | Jackpot $0 | Bingo $0 | Fortune $0
Board [9s 5h Th Ac]
Seat 1: 3de218e (small blind) folded before Flop
Seat 2: 4b3e597 (big blind) folded on the Turn
Seat 3: a570df76 folded before Flop (didn't bet)
Seat 4: Hero won ($0.63)
Seat 5: 9d367927 folded before Flop (didn't bet)
Seat 6: 9ccc18e (button) folded before Flop (didn't bet)


Poker Hand #HD1161844013: Hold'em No Limit  ($0.02/$0.05) - 2023/03/15 22:34:27
Table 'NLHBlue47' 6-max Seat #5 is the button
Seat 1: 3de218e ($5.51 in chips)
Seat 2: 4b3e597 ($6.1 in chips)
Seat 3: a570df76 ($2.16 in chips)
Seat 4: Hero ($10.15 in chips)
Seat 5: 9d367927 ($5 in chips)
Seat 6: 9ccc18e ($5.3 in chips)
9ccc18e: posts small blind $0.02
3de218e: posts big blind $0.05
*** HOLE CARDS ***
Dealt to 3de218e 
Dealt to 4b3e597 
Dealt to a570df76 
Dealt to Hero [5s Qh]
Dealt to 9d367927 
Dealt to 9ccc18e 
4b3e597: folds
a570df76: raises $0.05 to $0.1
Hero: folds
9d367927: folds
9ccc18e: folds
3de218e: calls $0.05
*** FLOP *** [As 9s 8d]
3de218e: checks
a570df76: checks
*** TURN *** [As 9s 8d] [3c]
3de218e: bets $0.08
a570df76: calls $0.08
*** RIVER *** [As 9s 8d 3c] [7c]
3de218e: checks
a570df76: checks
3de218e: shows [Kd 6d] (Ace-High)
a570df76: shows [4h 4d] (Pair of Fours)
*** SHOWDOWN ***
a570df76 collected $0.37 from pot
*** SUMMARY ***
Total pot $0.38 | Rake $0.01 | Jackpot $0 | Bingo $0 | Fortune $0
Board [As 9s 8d 3c 7c]
Seat 1: 3de218e (big blind) showed [Kd 6d] and lost with Ace-High
Seat 2: 4b3e597 folded before Flop (didn't bet)
Seat 3: a570df76 showed [4h 4d] and won ($0.37) with Pair of Fours
Seat 4: Hero folded before Flop (didn't bet)
Seat 5: 9d367927 (button) folded before Flop (didn't bet)
Seat 6: 9ccc18e (small blind) folded before Flop


Poker Hand #HD1161843919: Hold'em No Limit  ($0.02/$0.05) - 2023/03/15 22:33:46
Table 'NLHBlue47' 6-max Seat #4 is the button
Seat 1: 3de218e ($5.51 in chips)
Seat 2: 4b3e597 ($6.1 in chips)
Seat 3: a570df76 ($2.31 in chips)
Seat 4: Hero ($10.3 in chips)
Seat 5: 9d367927 ($5.02 in chips)
Seat 6: 9ccc18e ($5 in chips)
9d367927: posts small blind $0.02
9ccc18e: posts big blind $0.05
*** HOLE CARDS ***
Dealt to 3de218e 
Dealt to 4b3e597 
Dealt to a570df76 
Dealt to Hero [Ac 7c]
Dealt to 9d367927 
Dealt to 9ccc18e 
3de218e: folds
4b3e597: folds
a570df76: raises $0.1 to $0.15
Hero: calls $0.15
9d367927: folds
9ccc18e: raises $4.85 to $5 and is all-in
a570df76: folds
Hero: folds
Uncalled bet ($4.85) returned to 9ccc18e
*** SHOWDOWN ***
9ccc18e collected $0.45 from pot
*** SUMMARY ***
Total pot $0.47 | Rake $0.02 | Jackpot $0 | Bingo $0 | Fortune $0
Seat 1: 3de218e folded before Flop (didn't bet)
Seat 2: 4b3e597 folded before Flop (didn't bet)
Seat 3: a570df76 folded before Flop
Seat 4: Hero (button) folded before Flop
Seat 5: 9d367927 (small blind) folded before Flop
Seat 6: 9ccc18e (big blind) collected ($0.45)


Poker Hand #HD1161843889: Hold'em No Limit  ($0.02/$0.05) - 2023/03/15 22:33:33
Table 'NLHBlue47' 6-max Seat #3 is the button
Seat 1: 3de218e ($5.51 in chips)
Seat 2: 4b3e597 ($6.1 in chips)
Seat 3: a570df76 ($2.31 in chips)
Seat 4: Hero ($10.32 in chips)
Seat 5: 9d367927 ($5 in chips)
Seat 6: 9ccc18e ($5 in chips)
Hero: posts small blind $0.02
9d367927: posts big blind $0.05
*** HOLE CARDS ***
Dealt to 3de218e 
Dealt to 4b3e597 
Dealt to a570df76 
Dealt to Hero [5c 9s]
Dealt to 9d367927 
Dealt to 9ccc18e 
9ccc18e: folds
3de218e: folds
4b3e597: folds
a570df76: folds
Hero: folds
Uncalled bet ($0.03) returned to 9d367927
*** SHOWDOWN ***
9d367927 collected $0.04 from pot
*** SUMMARY ***
Total pot $0.04 | Rake $0 | Jackpot $0 | Bingo $0 | Fortune $0
Seat 1: 3de218e folded before Flop (didn't bet)
Seat 2: 4b3e597 folded before Flop (didn't bet)
Seat 3: a570df76 (button) folded before Flop (didn't bet)
Seat 4: Hero (small blind) folded before Flop
Seat 5: 9d367927 (big blind) collected ($0.04)
Seat 6: 9ccc18e folded before Flop (didn't bet)


Poker Hand #HD1161843795: Hold'em No Limit  ($0.02/$0.05) - 2023/03/15 22:32:49
Table 'NLHBlue47' 6-max Seat #2 is the button
Seat 1: 3de218e ($5.34 in chips)
Seat 2: 4b3e597 ($6.1 in chips)
Seat 3: a570df76 ($2.44 in chips)
Seat 4: Hero ($10.37 in chips)
Seat 5: 9d367927 ($5 in chips)
Seat 6: 9ccc18e ($5 in chips)
a570df76: posts small blind $0.02
Hero: posts big blind $0.05
*** HOLE CARDS ***
Dealt to 3de218e 
Dealt to 4b3e597 
Dealt to a570df76 
Dealt to Hero [8d Kh]
Dealt to 9d367927 
Dealt to 9ccc18e 
9d367927: folds
9ccc18e: folds
3de218e: raises $0.08 to $0.13
4b3e597: folds
a570df76: calls $0.11
Hero: folds
*** FLOP *** [4h 7c Tc]
a570df76: checks
3de218e: bets $0.11
a570df76: folds
Uncalled bet ($0.11) returned to 3de218e
*** SHOWDOWN ***
3de218e collected $0.3 from pot
*** SUMMARY ***
Total pot $0.31 | Rake $0.01 | Jackpot $0 | Bingo $0 | Fortune $0
Board [4h 7c Tc]
Seat 1: 3de218e won ($0.3)
Seat 2: 4b3e597 (button) folded before Flop (didn't bet)
Seat 3: a570df76 (small blind) folded on the Flop
Seat 4: Hero (big blind) folded before Flop
Seat 5: 9d367927 folded before Flop (didn't bet)
Seat 6: 9ccc18e folded before Flop (didn't bet)


Poker Hand #HD1161843693: Hold'em No Limit  ($0.02/$0.05) - 2023/03/15 22:32:00
Table 'NLHBlue47' 6-max Seat #1 is the button
Seat 1: 3de218e ($4.93 in chips)
Seat 2: 4b3e597 ($6.12 in chips)
Seat 3: a570df76 ($2.49 in chips)
Seat 4: Hero ($10.37 in chips)
Seat 5: 9d367927 ($5 in chips)
Seat 6: 9ccc18e ($5 in chips)
4b3e597: posts small blind $0.02
a570df76: posts big blind $0.05
*** HOLE CARDS ***
Dealt to 3de218e 
Dealt to 4b3e597 
Dealt to a570df76 
Dealt to Hero [7h Kd]
Dealt to 9d367927 
Dealt to 9ccc18e 
Hero: folds
9d367927: raises $0.08 to $0.13
9ccc18e: folds
3de218e: raises $0.25 to $0.38
4b3e597: folds
a570df76: folds
9d367927: calls $0.25
*** FLOP *** [2h 2s 5s]
9d367927: checks
3de218e: bets $0.28
9d367927: folds
Uncalled bet ($0.28) returned to 3de218e
*** SHOWDOWN ***
3de218e collected $0.79 from pot
*** SUMMARY ***
Total pot $0.83 | Rake $0.04 | Jackpot $0 | Bingo $0 | Fortune $0
Board [2h 2s 5s]
Seat 1: 3de218e (button) won ($0.79)
Seat 2: 4b3e597 (small blind) folded before Flop
Seat 3: a570df76 (big blind) folded before Flop
Seat 4: Hero folded before Flop (didn't bet)
Seat 5: 9d367927 folded on the Flop
Seat 6: 9ccc18e folded before Flop (didn't bet)


Poker Hand #HD1161843650: Hold'em No Limit  ($0.02/$0.05) - 2023/03/15 22:31:40
Table 'NLHBlue47' 6-max Seat #6 is the button
Seat 1: 3de218e ($4.88 in chips)
Seat 2: 4b3e597 ($6.17 in chips)
Seat 3: a570df76 ($2.49 in chips)
Seat 4: Hero ($10.37 in chips)
Seat 5: 9d367927 ($5 in chips)
Seat 6: 9ccc18e ($5 in chips)
3de218e: posts small blind $0.02
4b3e597: posts big blind $0.05
*** HOLE CARDS ***
Dealt to 3de218e 
Dealt to 4b3e597 
Dealt to a570df76 
Dealt to Hero [9c Qh]
Dealt to 9d367927 
Dealt to 9ccc18e 
a570df76: folds
Hero: folds
9d367927: folds
9ccc18e: folds
3de218e: raises $0.1 to $0.15
4b3e597: folds
Uncalled bet ($0.1) returned to 3de218e
*** SHOWDOWN ***
3de218e collected $0.1 from pot
*** SUMMARY ***
Total pot $0.1 | Rake $0 | Jackpot $0 | Bingo $0 | Fortune $0
Seat 1: 3de218e (small blind) collected ($0.1)
Seat 2: 4b3e597 (big blind) folded before Flop
Seat 3: a570df76 folded before Flop (didn't bet)
Seat 4: Hero folded before Flop (didn't bet)
Seat 5: 9d367927 folded before Flop (didn't bet)
Seat 6: 9ccc18e (button) folded before Flop (didn't bet)


Poker Hand #HD1161843460: Hold'em No Limit  ($0.02/$0.05) - 2023/03/15 22:30:09
Table 'NLHBlue47' 6-max Seat #5 is the button
Seat 1: 3de218e ($4.93 in chips)
Seat 2: 4b3e597 ($5.07 in chips)
Seat 3: a570df76 ($3.55 in chips)
Seat 4: Hero ($10.37 in chips)
Seat 5: 9d367927 ($5 in chips)
Seat 6: 9ccc18e ($5 in chips)
9ccc18e: posts small blind $0.02
3de218e: posts big blind $0.05
*** HOLE CARDS ***
Dealt to 3de218e 
Dealt to 4b3e597 
Dealt to a570df76 
Dealt to Hero [2d 4c]
Dealt to 9d367927 
Dealt to 9ccc18e 
4b3e597: raises $0.08 to $0.13
a570df76: calls $0.13
Hero: folds
9d367927: calls $0.13
9ccc18e: folds
3de218e: folds
*** FLOP *** [Qc 2c 5h]
4b3e597: bets $0.35
a570df76: calls $0.35
9d367927: folds
*** TURN *** [Qc 2c 5h] [6d]
4b3e597: bets $0.58
a570df76: calls $0.58
*** RIVER *** [Qc 2c 5h 6d] [7c]
4b3e597: checks
a570df76: checks
4b3e597: shows [Qs As] (Pair of Queens)
a570df76: shows [4h Ad] (Ace-High)
*** SHOWDOWN ***
4b3e597 collected $2.16 from pot
*** SUMMARY ***
Total pot $2.32 | Rake $0.11 | Jackpot $0.05 | Bingo $0 | Fortune $0
Board [Qc 2c 5h 6d 7c]
Seat 1: 3de218e (big blind) folded before Flop
Seat 2: 4b3e597 showed [Qs As] and won ($2.16) with Pair of Queens
Seat 3: a570df76 showed [4h Ad] and lost with Ace-High
Seat 4: Hero folded before Flop (didn't bet)
Seat 5: 9d367927 (button) folded on the Flop
Seat 6: 9ccc18e (small blind) folded before Flop


Poker Hand #HD1161843427: Hold'em No Limit  ($0.02/$0.05) - 2023/03/15 22:29:52
Table 'NLHBlue47' 6-max Seat #4 is the button
Seat 1: 3de218e ($4.93 in chips)
Seat 2: 4b3e597 ($5 in chips)
Seat 3: a570df76 ($3.55 in chips)
Seat 4: Hero ($10.37 in chips)
Seat 5: 9d367927 ($5 in chips)
Seat 6: 9ccc18e ($5 in chips)
9d367927: posts small blind $0.02
9ccc18e: posts big blind $0.05
*** HOLE CARDS ***
Dealt to 3de218e 
Dealt to 4b3e597 
Dealt to a570df76 
Dealt to Hero [4c Qd]
Dealt to 9d367927 
Dealt to 9ccc18e 
3de218e: folds
4b3e597: raises $0.08 to $0.13
a570df76: folds
Hero: folds
9d367927: folds
9ccc18e: folds
Uncalled bet ($0.08) returned to 4b3e597
*** SHOWDOWN ***
4b3e597 collected $0.12 from pot
*** SUMMARY ***
Total pot $0.12 | Rake $0 | Jackpot $0 | Bingo $0 | Fortune $0
Seat 1: 3de218e folded before Flop (didn't bet)
Seat 2: 4b3e597 collected ($0.12)
Seat 3: a570df76 folded before Flop (didn't bet)
Seat 4: Hero (button) folded before Flop (didn't bet)
Seat 5: 9d367927 (small blind) folded before Flop
Seat 6: 9ccc18e (big blind) folded before Flop


Poker Hand #HD1161843363: Hold'em No Limit  ($0.02/$0.05) - 2023/03/15 22:29:22
Table 'NLHBlue47' 6-max Seat #3 is the button
Seat 1: 3de218e ($4.93 in chips)
Seat 2: 4b3e597 ($5 in chips)
Seat 3: a570df76 ($3.39 in chips)
Seat 4: Hero ($10.39 in chips)
Seat 5: 9d367927 ($5 in chips)
Seat 6: 9ccc18e ($5 in chips)
Hero: posts small blind $0.02
9d367927: posts big blind $0.05
*** HOLE CARDS ***
Dealt to 3de218e 
Dealt to 4b3e597 
Dealt to a570df76 
Dealt to Hero [Qh Td]
Dealt to 9d367927 
Dealt to 9ccc18e 
9ccc18e: folds
3de218e: folds
4b3e597: folds
a570df76: raises $0.1 to $0.15
Hero: folds
9d367927: calls $0.1
*** FLOP *** [As 2c 5c]
9d367927: checks
a570df76: bets $0.24
9d367927: folds
Uncalled bet ($0.24) returned to a570df76
*** SHOWDOWN ***
a570df76 collected $0.31 from pot
*** SUMMARY ***
Total pot $0.32 | Rake $0.01 | Jackpot $0 | Bingo $0 | Fortune $0
Board [As 2c 5c]
Seat 1: 3de218e folded before Flop (didn't bet)
Seat 2: 4b3e597 folded before Flop (didn't bet)
Seat 3: a570df76 (button) won ($0.31)
Seat 4: Hero (small blind) folded before Flop
Seat 5: 9d367927 (big blind) folded on the Flop
Seat 6: 9ccc18e folded before Flop (didn't bet)


Poker Hand #HD1161843264: Hold'em No Limit  ($0.02/$0.05) - 2023/03/15 22:28:38
Table 'NLHBlue47' 6-max Seat #2 is the button
Seat 1: 3de218e ($4.93 in chips)
Seat 2: 4b3e597 ($5 in chips)
Seat 3: a570df76 ($3.44 in chips)
Seat 4: Hero ($10.44 in chips)
Seat 5: 9d367927 ($5 in chips)
Seat 6: 9ccc18e ($5 in chips)
a570df76: posts small blind $0.02
Hero: posts big blind $0.05
*** HOLE CARDS ***
Dealt to 3de218e 
Dealt to 4b3e597 
Dealt to a570df76 
Dealt to Hero [3d Js]
Dealt to 9d367927 
Dealt to 9ccc18e 
9d367927: raises $0.08 to $0.13
9ccc18e: folds
3de218e: folds
4b3e597: folds
a570df76: calls $0.11
Hero: folds
*** FLOP *** [7d 9s 6h]
a570df76: bets $0.16
9d367927: calls $0.16
*** TURN *** [7d 9s 6h] [8c]
a570df76: bets $0.32
9d367927: calls $0.32
*** RIVER *** [7d 9s 6h 8c] [5s]
a570df76: bets $0.42
9d367927: calls $0.42
a570df76: shows [Jd 9h] (Nines-High Straight)
9d367927: shows [As Ah] (Nines-High Straight)
*** SHOWDOWN ***
a570df76 collected $0.98 from pot
9d367927 collected $0.98 from pot
*** SUMMARY ***
Total pot $2.11 | Rake $0.1 | Jackpot $0.05 | Bingo $0 | Fortune $0
Board [7d 9s 6h 8c 5s]
Seat 1: 3de218e folded before Flop (didn't bet)
Seat 2: 4b3e597 (button) folded before Flop (didn't bet)
Seat 3: a570df76 (small blind) showed [Jd 9h] and won ($0.98) with Nines-High Straight
Seat 4: Hero (big blind) folded before Flop
Seat 5: 9d367927 showed [As Ah] and won ($0.98) with Nines-High Straight
Seat 6: 9ccc18e folded before Flop (didn't bet)


Poker Hand #HD1161843199: Hold'em No Limit  ($0.02/$0.05) - 2023/03/15 22:28:03
Table 'NLHBlue47' 6-max Seat #1 is the button
Seat 1: 3de218e ($4.93 in chips)
Seat 2: 4b3e597 ($5 in chips)
Seat 3: a570df76 ($3.65 in chips)
Seat 4: Hero ($10.23 in chips)
Seat 5: 9d367927 ($5 in chips)
Seat 6: 9ccc18e ($5 in chips)
4b3e597: posts small blind $0.02
a570df76: posts big blind $0.05
*** HOLE CARDS ***
Dealt to 3de218e 
Dealt to 4b3e597 
Dealt to a570df76 
Dealt to Hero [Ac Th]
Dealt to 9d367927 
Dealt to 9ccc18e 
Hero: raises $0.07 to $0.12
9d367927: folds
9ccc18e: folds
3de218e: folds
4b3e597: folds
a570df76: calls $0.07
*** FLOP *** [As Ah 4h]
a570df76: bets $0.09
Hero: raises $0.23 to $0.32
a570df76: folds
Uncalled bet ($0.23) returned to Hero
a570df76: shows [8h 8s] (Pair of Aces and Pair of Eights)
*** SHOWDOWN ***
Hero collected $0.42 from pot
*** SUMMARY ***
Total pot $0.44 | Rake $0.02 | Jackpot $0 | Bingo $0 | Fortune $0
Board [As Ah 4h]
Seat 1: 3de218e (button) folded before Flop (didn't bet)
Seat 2: 4b3e597 (small blind) folded before Flop
Seat 3: a570df76 (big blind) folded on the Flop
Seat 4: Hero won ($0.42)
Seat 5: 9d367927 folded before Flop (didn't bet)
Seat 6: 9ccc18e folded before Flop (didn't bet)


Poker Hand #HD1161843111: Hold'em No Limit  ($0.02/$0.05) - 2023/03/15 22:27:19
Table 'NLHBlue47' 6-max Seat #6 is the button
Seat 1: 3de218e ($4.95 in chips)
Seat 2: 4b3e597 ($5 in chips)
Seat 3: a570df76 ($3.44 in chips)
Seat 4: Hero ($10.23 in chips)
Seat 5: 9d367927 ($5 in chips)
Seat 6: 9ccc18e ($5 in chips)
3de218e: posts small blind $0.02
4b3e597: posts big blind $0.05
*** HOLE CARDS ***
Dealt to 3de218e 
Dealt to 4b3e597 
Dealt to a570df76 
Dealt to Hero [4d 8c]
Dealt to 9d367927 
Dealt to 9ccc18e 
a570df76: raises $0.1 to $0.15
Hero: folds
9d367927: calls $0.15
9ccc18e: folds
3de218e: folds
4b3e597: folds
*** FLOP *** [7c 3c 5c]
a570df76: bets $0.13
9d367927: folds
Uncalled bet ($0.13) returned to a570df76
*** SHOWDOWN ***
a570df76 collected $0.36 from pot
*** SUMMARY ***
Total pot $0.37 | Rake $0.01 | Jackpot $0 | Bingo $0 | Fortune $0
Board [7c 3c 5c]
Seat 1: 3de218e (small blind) folded before Flop
Seat 2: 4b3e597 (big blind) folded before Flop
Seat 3: a570df76 won ($0.36)
Seat 4: Hero folded before Flop (didn't bet)
Seat 5: 9d367927 folded on the Flop
Seat 6: 9ccc18e (button) folded before Flop (didn't bet)


Poker Hand #HD1161843012: Hold'em No Limit  ($0.02/$0.05) - 2023/03/15 22:26:31
Table 'NLHBlue47' 6-max Seat #5 is the button
Seat 1: 3de218e ($5 in chips)
Seat 3: a570df76 ($2.58 in chips)
Seat 4: Hero ($10.38 in chips)
Seat 5: 9d367927 ($5.32 in chips)
Seat 6: 9ccc18e ($5 in chips)
9ccc18e: posts small blind $0.02
3de218e: posts big blind $0.05
*** HOLE CARDS ***
Dealt to 3de218e 
Dealt to a570df76 
Dealt to Hero [6d 6c]
Dealt to 9d367927 
Dealt to 9ccc18e 
a570df76: raises $0.1 to $0.15
Hero: calls $0.15
9d367927: calls $0.15
9ccc18e: folds
3de218e: folds
*** FLOP *** [Qh Ks 9s]
a570df76: bets $0.18
Hero: folds
9d367927: calls $0.18
*** TURN *** [Qh Ks 9s] [7d]
a570df76: bets $0.44
9d367927: calls $0.44
*** RIVER *** [Qh Ks 9s 7d] [5c]
a570df76: bets $1.76
9d367927: folds
Uncalled bet ($1.76) returned to a570df76
*** SHOWDOWN ***
a570df76 collected $1.63 from pot
*** SUMMARY ***
Total pot $1.76 | Rake $0.08 | Jackpot $0.05 | Bingo $0 | Fortune $0
Board [Qh Ks 9s 7d 5c]
Seat 1: 3de218e (big blind) folded before Flop
Seat 3: a570df76 won ($1.63)
Seat 4: Hero folded on the Flop
Seat 5: 9d367927 (button) folded on the River
Seat 6: 9ccc18e (small blind) folded before Flop


Poker Hand #HD1161842948: Hold'em No Limit  ($0.02/$0.05) - 2023/03/15 22:26:03
Table 'NLHBlue47' 6-max Seat #4 is the button
Seat 3: a570df76 ($2.25 in chips)
Seat 4: Hero ($10.53 in chips)
Seat 5: 9d367927 ($5.47 in chips)
Seat 6: 9ccc18e ($5 in chips)
9d367927: posts small blind $0.02
9ccc18e: posts big blind $0.05
*** HOLE CARDS ***
Dealt to a570df76 
Dealt to Hero [Ad 6d]
Dealt to 9d367927 
Dealt to 9ccc18e 
a570df76: raises $0.1 to $0.15
Hero: calls $0.15
9d367927: calls $0.13
9ccc18e: folds
*** FLOP *** [9c 7c 4c]
9d367927: checks
a570df76: bets $0.38
Hero: folds
9d367927: folds
Uncalled bet ($0.38) returned to a570df76
*** SHOWDOWN ***
a570df76 collected $0.48 from pot
*** SUMMARY ***
Total pot $0.5 | Rake $0.02 | Jackpot $0 | Bingo $0 | Fortune $0
Board [9c 7c 4c]
Seat 3: a570df76 won ($0.48)
Seat 4: Hero (button) folded on the Flop
Seat 5: 9d367927 (small blind) folded on the Flop
Seat 6: 9ccc18e (big blind) folded before Flop


Poker Hand #HD1161842846: Hold'em No Limit  ($0.02/$0.05) - 2023/03/15 22:25:15
Table 'NLHBlue47' 6-max Seat #3 is the button
Seat 3: a570df76 ($2.93 in chips)
Seat 4: Hero ($9.81 in chips)
Seat 5: 9d367927 ($5.52 in chips)
Seat 6: 9ccc18e ($5 in chips)
Hero: posts small blind $0.02
9d367927: posts big blind $0.05
*** HOLE CARDS ***
Dealt to a570df76 
Dealt to Hero [7d 7c]
Dealt to 9d367927 
Dealt to 9ccc18e 
9ccc18e: raises $0.06 to $0.11
a570df76: calls $0.11
Hero: calls $0.09
9d367927: folds
*** FLOP *** [6h 5s 5h]
Hero: checks
9ccc18e: checks
a570df76: bets $0.19
Hero: calls $0.19
9ccc18e: folds
*** TURN *** [6h 5s 5h] [Tc]
Hero: checks
a570df76: bets $0.38
Hero: calls $0.38
*** RIVER *** [6h 5s 5h Tc] [2d]
Hero: checks
a570df76: checks
Hero: shows [7d 7c] (Pair of Sevens and Pair of Fives)
a570df76: shows [Kh 8h] (Pair of Fives)
*** SHOWDOWN ***
Hero collected $1.4 from pot
*** SUMMARY ***
Total pot $1.52 | Rake $0.07 | Jackpot $0.05 | Bingo $0 | Fortune $0
Board [6h 5s 5h Tc 2d]
Seat 3: a570df76 (button) showed [Kh 8h] and lost with Pair of Fives
Seat 4: Hero (small blind) showed [7d 7c] and won ($1.4) with Pair of Sevens and Pair of Fives
Seat 5: 9d367927 (big blind) folded before Flop
Seat 6: 9ccc18e folded on the Flop


Poker Hand #HD1161842797: Hold'em No Limit  ($0.02/$0.05) - 2023/03/15 22:24:50
Table 'NLHBlue47' 6-max Seat #6 is the button
Seat 3: a570df76 ($2.95 in chips)
Seat 4: Hero ($9.7 in chips)
Seat 5: 9d367927 ($5.52 in chips)
Seat 6: 9ccc18e ($5.03 in chips)
a570df76: posts small blind $0.02
Hero: posts big blind $0.05
*** HOLE CARDS ***
Dealt to a570df76 
Dealt to Hero [6c Ad]
Dealt to 9d367927 
Dealt to 9ccc18e 
9d367927: folds
9ccc18e: raises $0.05 to $0.1
a570df76: folds
Hero: calls $0.05
*** FLOP *** [6h 2s 5h]
Hero: bets $0.11
9ccc18e: folds
Uncalled bet ($0.11) returned to Hero
*** SHOWDOWN ***
Hero collected $0.21 from pot
*** SUMMARY ***
Total pot $0.22 | Rake $0.01 | Jackpot $0 | Bingo $0 | Fortune $0
Board [6h 2s 5h]
Seat 3: a570df76 (small blind) folded before Flop
Seat 4: Hero (big blind) won ($0.21)
Seat 5: 9d367927 folded before Flop (didn't bet)
Seat 6: 9ccc18e (button) folded on the Flop


Poker Hand #HD1161842777: Hold'em No Limit  ($0.02/$0.05) - 2023/03/15 22:24:43
Table 'NLHBlue47' 6-max Seat #5 is the button
Seat 3: a570df76 ($2.93 in chips)
Seat 4: Hero ($9.7 in chips)
Seat 5: 9d367927 ($5.52 in chips)
Seat 6: 9ccc18e ($5.05 in chips)
9ccc18e: posts small blind $0.02
a570df76: posts big blind $0.05
*** HOLE CARDS ***
Dealt to a570df76 
Dealt to Hero [5s Kc]
Dealt to 9d367927 
Dealt to 9ccc18e 
Hero: folds
9d367927: folds
9ccc18e: folds
Uncalled bet ($0.03) returned to a570df76
*** SHOWDOWN ***
a570df76 collected $0.04 from pot
*** SUMMARY ***
Total pot $0.04 | Rake $0 | Jackpot $0 | Bingo $0 | Fortune $0
Seat 3: a570df76 (big blind) collected ($0.04)
Seat 4: Hero folded before Flop (didn't bet)
Seat 5: 9d367927 (button) folded before Flop (didn't bet)
Seat 6: 9ccc18e (small blind) folded before Flop


Poker Hand #HD1161842739: Hold'em No Limit  ($0.02/$0.05) - 2023/03/15 22:24:25
Table 'NLHBlue47' 6-max Seat #4 is the button
Seat 3: a570df76 ($2.86 in chips)
Seat 4: Hero ($9.7 in chips)
Seat 5: 9d367927 ($5.54 in chips)
Seat 6: 9ccc18e ($5 in chips)
9d367927: posts small blind $0.02
9ccc18e: posts big blind $0.05
*** HOLE CARDS ***
Dealt to a570df76 
Dealt to Hero [Td 3c]
Dealt to 9d367927 
Dealt to 9ccc18e 
a570df76: raises $0.1 to $0.15
Hero: folds
9d367927: folds
9ccc18e: folds
Uncalled bet ($0.1) returned to a570df76
*** SHOWDOWN ***
a570df76 collected $0.12 from pot
*** SUMMARY ***
Total pot $0.12 | Rake $0 | Jackpot $0 | Bingo $0 | Fortune $0
Seat 3: a570df76 collected ($0.12)
Seat 4: Hero (button) folded before Flop (didn't bet)
Seat 5: 9d367927 (small blind) folded before Flop
Seat 6: 9ccc18e (big blind) folded before Flop


Poker Hand #HD1161842625: Hold'em No Limit  ($0.02/$0.05) - 2023/03/15 22:23:36
Table 'NLHBlue47' 6-max Seat #3 is the button
Seat 3: a570df76 ($2.86 in chips)
Seat 4: Hero ($9.05 in chips)
Seat 5: 9d367927 ($5.59 in chips)
Seat 6: 9ccc18e ($5.53 in chips)
Hero: posts small blind $0.02
9d367927: posts big blind $0.05
*** HOLE CARDS ***
Dealt to a570df76 
Dealt to Hero [9h Th]
Dealt to 9d367927 
Dealt to 9ccc18e 
9ccc18e: raises $0.06 to $0.11
a570df76: folds
Hero: calls $0.09
9d367927: folds
*** FLOP *** [6d 7h 5c]
Hero: checks
9ccc18e: bets $0.14
Hero: calls $0.14
*** TURN *** [6d 7h 5c] [Kh]
Hero: checks
9ccc18e: bets $0.42
Hero: calls $0.42
*** RIVER *** [6d 7h 5c Kh] [5h]
Hero: bets $1.05
9ccc18e: folds
Uncalled bet ($1.05) returned to Hero
*** SHOWDOWN ***
Hero collected $1.32 from pot
*** SUMMARY ***
Total pot $1.39 | Rake $0.07 | Jackpot $0 | Bingo $0 | Fortune $0
Board [6d 7h 5c Kh 5h]
Seat 3: a570df76 (button) folded before Flop (didn't bet)
Seat 4: Hero (small blind) won ($1.32)
Seat 5: 9d367927 (big blind) folded before Flop
Seat 6: 9ccc18e folded on the River


Poker Hand #HD1161842600: Hold'em No Limit  ($0.02/$0.05) - 2023/03/15 22:23:25
Table 'NLHBlue47' 6-max Seat #6 is the button
Seat 3: a570df76 ($2.88 in chips)
Seat 4: Hero ($9.1 in chips)
Seat 5: 9d367927 ($5.52 in chips)
Seat 6: 9ccc18e ($5.53 in chips)
a570df76: posts small blind $0.02
Hero: posts big blind $0.05
*** HOLE CARDS ***
Dealt to a570df76 
Dealt to Hero [7d 2h]
Dealt to 9d367927 
Dealt to 9ccc18e 
9d367927: raises $0.08 to $0.13
9ccc18e: folds
a570df76: folds
Hero: folds
Uncalled bet ($0.08) returned to 9d367927
*** SHOWDOWN ***
9d367927 collected $0.12 from pot
*** SUMMARY ***
Total pot $0.12 | Rake $0 | Jackpot $0 | Bingo $0 | Fortune $0
Seat 3: a570df76 (small blind) folded before Flop
Seat 4: Hero (big blind) folded before Flop
Seat 5: 9d367927 collected ($0.12)
Seat 6: 9ccc18e (button) folded before Flop (didn't bet)


Poker Hand #HD1161842586: Hold'em No Limit  ($0.02/$0.05) - 2023/03/15 22:23:18
Table 'NLHBlue47' 6-max Seat #5 is the button
Seat 3: a570df76 ($2.93 in chips)
Seat 4: Hero ($9.03 in chips)
Seat 5: 9d367927 ($5.52 in chips)
Seat 6: 9ccc18e ($5.55 in chips)
9ccc18e: posts small blind $0.02
a570df76: posts big blind $0.05
*** HOLE CARDS ***
Dealt to a570df76 
Dealt to Hero [Ad As]
Dealt to 9d367927 
Dealt to 9ccc18e 
Hero: raises $0.07 to $0.12
9d367927: folds
9ccc18e: folds
a570df76: folds
Uncalled bet ($0.07) returned to Hero
*** SHOWDOWN ***
Hero collected $0.12 from pot
*** SUMMARY ***
Total pot $0.12 | Rake $0 | Jackpot $0 | Bingo $0 | Fortune $0
Seat 3: a570df76 (big blind) folded before Flop
Seat 4: Hero collected ($0.12)
Seat 5: 9d367927 (button) folded before Flop (didn't bet)
Seat 6: 9ccc18e (small blind) folded before Flop


Poker Hand #HD1161842501: Hold'em No Limit  ($0.02/$0.05) - 2023/03/15 22:22:36
Table 'NLHBlue47' 6-max Seat #4 is the button
Seat 3: a570df76 ($3.45 in chips)
Seat 4: Hero ($9.03 in chips)
Seat 5: 9d367927 ($5 in chips)
Seat 6: 9ccc18e ($5.6 in chips)
9d367927: posts small blind $0.02
9ccc18e: posts big blind $0.05
*** HOLE CARDS ***
Dealt to a570df76 
Dealt to Hero [9s 4h]
Dealt to 9d367927 
Dealt to 9ccc18e 
a570df76: raises $0.05 to $0.1
Hero: folds
9d367927: calls $0.08
9ccc18e: folds
*** FLOP *** [Ks 6d 7c]
9d367927: checks
a570df76: bets $0.09
9d367927: calls $0.09
*** TURN *** [Ks 6d 7c] [8d]
9d367927: checks
a570df76: bets $0.33
9d367927: calls $0.33
*** RIVER *** [Ks 6d 7c 8d] [Kh]
9d367927: checks
a570df76: checks
9d367927: shows [8h 9h] (Pair of Kings and Pair of Eights)
a570df76: shows [Ac 4s] (Pair of Kings)
*** SHOWDOWN ***
9d367927 collected $1.04 from pot
*** SUMMARY ***
Total pot $1.09 | Rake $0.05 | Jackpot $0 | Bingo $0 | Fortune $0
Board [Ks 6d 7c 8d Kh]
Seat 3: a570df76 showed [Ac 4s] and lost with Pair of Kings
Seat 4: Hero (button) folded before Flop (didn't bet)
Seat 5: 9d367927 (small blind) showed [8h 9h] and won ($1.04) with Pair of Kings and Pair of Eights
Seat 6: 9ccc18e (big blind) folded before Flop


Poker Hand #HD1161842409: Hold'em No Limit  ($0.02/$0.05) - 2023/03/15 22:21:50
Table 'NLHBlue47' 6-max Seat #3 is the button
Seat 2: d27ebe14 ($0.95 in chips)
Seat 3: a570df76 ($2.57 in chips)
Seat 4: Hero ($9.05 in chips)
Seat 5: 9d367927 ($5 in chips)
Seat 6: 9ccc18e ($5.6 in chips)
Hero: posts small blind $0.02
9d367927: posts big blind $0.05
*** HOLE CARDS ***
Dealt to d27ebe14 
Dealt to a570df76 
Dealt to Hero [Qs 8s]
Dealt to 9d367927 
Dealt to 9ccc18e 
9ccc18e: folds
d27ebe14: raises $0.9 to $0.95 and is all-in
a570df76: calls $0.95
Hero: folds
9d367927: folds
d27ebe14: shows [Kc 9d]
a570df76: shows [6h 6c]
*** FLOP *** [9h Kh 2h]
*** TURN *** [9h Kh 2h] [7d]
*** RIVER *** [9h Kh 2h 7d] [6s]
*** SHOWDOWN ***
a570df76 collected $1.83 from pot
*** SUMMARY ***
Total pot $1.97 | Rake $0.09 | Jackpot $0.05 | Bingo $0 | Fortune $0
Board [9h Kh 2h 7d 6s]
Seat 2: d27ebe14 showed [Kc 9d] and lost with Pair of Kings and Pair of Nines
Seat 3: a570df76 (button) showed [6h 6c] and won ($1.83) with Three Sixes
Seat 4: Hero (small blind) folded before Flop
Seat 5: 9d367927 (big blind) folded before Flop
Seat 6: 9ccc18e folded before Flop (didn't bet)


Poker Hand #HD1161842300: Hold'em No Limit  ($0.02/$0.05) - 2023/03/15 22:20:58
Table 'NLHBlue47' 6-max Seat #2 is the button
Seat 2: d27ebe14 ($1.22 in chips)
Seat 3: a570df76 ($2.28 in chips)
Seat 4: Hero ($9.1 in chips)
Seat 5: 9d367927 ($5 in chips)
Seat 6: 9ccc18e ($5.6 in chips)
a570df76: posts small blind $0.02
Hero: posts big blind $0.05
*** HOLE CARDS ***
Dealt to d27ebe14 
Dealt to a570df76 
Dealt to Hero [4c 9s]
Dealt to 9d367927 
Dealt to 9ccc18e 
9d367927: folds
9ccc18e: folds
d27ebe14: raises $0.1 to $0.15
a570df76: calls $0.13
Hero: folds
*** FLOP *** [7h 4d 2d]
a570df76: bets $0.12
d27ebe14: calls $0.12
*** TURN *** [7h 4d 2d] [9h]
a570df76: checks
d27ebe14: checks
*** RIVER *** [7h 4d 2d 9h] [Ts]
a570df76: checks
d27ebe14: checks
a570df76: shows [3h 3d] (Pair of Treys)
d27ebe14: shows [5c As] (Ace-High)
*** SHOWDOWN ***
a570df76 collected $0.56 from pot
*** SUMMARY ***
Total pot $0.59 | Rake $0.03 | Jackpot $0 | Bingo $0 | Fortune $0
Board [7h 4d 2d 9h Ts]
Seat 2: d27ebe14 (button) showed [5c As] and lost with Ace-High
Seat 3: a570df76 (small blind) showed [3h 3d] and won ($0.56) with Pair of Treys
Seat 4: Hero (big blind) folded before Flop
Seat 5: 9d367927 folded before Flop (didn't bet)
Seat 6: 9ccc18e folded before Flop (didn't bet)


Poker Hand #HD1161842268: Hold'em No Limit  ($0.02/$0.05) - 2023/03/15 22:20:46
Table 'NLHBlue47' 6-max Seat #6 is the button
Seat 2: d27ebe14 ($1.24 in chips)
Seat 3: a570df76 ($2.33 in chips)
Seat 4: Hero ($9.03 in chips)
Seat 5: 9d367927 ($5 in chips)
Seat 6: 9ccc18e ($5.6 in chips)
d27ebe14: posts small blind $0.02
a570df76: posts big blind $0.05
*** HOLE CARDS ***
Dealt to d27ebe14 
Dealt to a570df76 
Dealt to Hero [9h 9s]
Dealt to 9d367927 
Dealt to 9ccc18e 
Hero: raises $0.07 to $0.12
9d367927: folds
9ccc18e: folds
d27ebe14: folds
a570df76: folds
Uncalled bet ($0.07) returned to Hero
*** SHOWDOWN ***
Hero collected $0.12 from pot
*** SUMMARY ***
Total pot $0.12 | Rake $0 | Jackpot $0 | Bingo $0 | Fortune $0
Seat 2: d27ebe14 (small blind) folded before Flop
Seat 3: a570df76 (big blind) folded before Flop
Seat 4: Hero collected ($0.12)
Seat 5: 9d367927 folded before Flop (didn't bet)
Seat 6: 9ccc18e (button) folded before Flop (didn't bet)


Poker Hand #HD1161842130: Hold'em No Limit  ($0.02/$0.05) - 2023/03/15 22:19:47
Table 'NLHBlue47' 6-max Seat #5 is the button
Seat 2: d27ebe14 ($0.32 in chips)
Seat 3: a570df76 ($2.65 in chips)
Seat 4: Hero ($9.35 in chips)
Seat 5: 9d367927 ($5.22 in chips)
Seat 6: 9ccc18e ($5.62 in chips)
9ccc18e: posts small blind $0.02
d27ebe14: posts big blind $0.05
*** HOLE CARDS ***
Dealt to d27ebe14 
Dealt to a570df76 
Dealt to Hero [Ad 9d]
Dealt to 9d367927 
Dealt to 9ccc18e 
a570df76: raises $0.05 to $0.1
Hero: calls $0.1
9d367927: calls $0.1
9ccc18e: folds
d27ebe14: raises $0.22 to $0.32 and is all-in
a570df76: calls $0.22
Hero: calls $0.22
9d367927: calls $0.22
*** FLOP *** [6c Kd 8s]
a570df76: bets $0.65
Hero: folds
9d367927: folds
Uncalled bet ($0.65) returned to a570df76
a570df76: shows [9h Ks] (Pair of Kings)
d27ebe14: shows [7d 5d] (King-High)
*** TURN *** [6c Kd 8s] [4s]
*** RIVER *** [6c Kd 8s 4s] [7h]
*** SHOWDOWN ***
d27ebe14 collected $1.24 from pot
*** SUMMARY ***
Total pot $1.3 | Rake $0.06 | Jackpot $0 | Bingo $0 | Fortune $0
Board [6c Kd 8s 4s 7h]
Seat 2: d27ebe14 (big blind) showed [7d 5d] and won ($1.24) with Eights-High Straight
Seat 3: a570df76 showed [9h Ks] and lost with Pair of Kings
Seat 4: Hero folded on the Flop
Seat 5: 9d367927 (button) folded on the Flop
Seat 6: 9ccc18e (small blind) folded before Flop


Poker Hand #HD1161842026: Hold'em No Limit  ($0.02/$0.05) - 2023/03/15 22:18:55
Table 'NLHBlue47' 6-max Seat #4 is the button
Seat 1: e835ab7e ($5.95 in chips)
Seat 2: d27ebe14 ($5.42 in chips)
Seat 3: a570df76 ($2.65 in chips)
Seat 4: Hero ($5.1 in chips)
Seat 5: 9d367927 ($5.24 in chips)
Seat 6: 9ccc18e ($5.67 in chips)
9d367927: posts small blind $0.02
9ccc18e: posts big blind $0.05
*** HOLE CARDS ***
Dealt to e835ab7e 
Dealt to d27ebe14 
Dealt to a570df76 
Dealt to Hero [As Ad]
Dealt to 9d367927 
Dealt to 9ccc18e 
e835ab7e: folds
d27ebe14: raises $0.1 to $0.15
a570df76: folds
Hero: raises $0.25 to $0.4
9d367927: folds
9ccc18e: folds
d27ebe14: raises $0.87 to $1.27
Hero: raises $3.83 to $5.1 and is all-in
d27ebe14: calls $3.83
Hero: shows [As Ad]
d27ebe14: shows [Qs Ac]
*** FLOP *** [4d 5c 7s]
Hero: Chooses to EV Cashout 
*** TURN *** [4d 5c 7s] [Td]
*** RIVER *** [4d 5c 7s Td] [Jd]
Hero: Pays Cashout Risk ($0.37)
*** SHOWDOWN ***
Hero collected $9.72 from pot
*** SUMMARY ***
Total pot $10.27 | Rake $0.5 | Jackpot $0.05 | Bingo $0 | Fortune $0
Board [4d 5c 7s Td Jd]
Seat 1: e835ab7e folded before Flop (didn't bet)
Seat 2: d27ebe14 showed [Qs Ac] and lost with Ace-High
Seat 3: a570df76 folded before Flop (didn't bet)
Seat 4: Hero (button) showed [As Ad] and won ($9.72) with Pair of Aces, Cashout Risk ($0.37)
Seat 5: 9d367927 (small blind) folded before Flop
Seat 6: 9ccc18e (big blind) folded before Flop


Poker Hand #HD1161841949: Hold'em No Limit  ($0.02/$0.05) - 2023/03/15 22:18:25
Table 'NLHBlue47' 6-max Seat #3 is the button
Seat 1: e835ab7e ($5.95 in chips)
Seat 2: d27ebe14 ($5.42 in chips)
Seat 3: a570df76 ($2.65 in chips)
Seat 4: Hero ($5.05 in chips)
Seat 5: 9d367927 ($5.29 in chips)
Seat 6: 9ccc18e ($5.67 in chips)
Hero: posts small blind $0.02
9d367927: posts big blind $0.05
*** HOLE CARDS ***
Dealt to e835ab7e 
Dealt to d27ebe14 
Dealt to a570df76 
Dealt to Hero [Ad 3d]
Dealt to 9d367927 
Dealt to 9ccc18e 
9ccc18e: folds
e835ab7e: folds
d27ebe14: folds
a570df76: folds
Hero: raises $0.09 to $0.14
9d367927: folds
Uncalled bet ($0.09) returned to Hero
*** SHOWDOWN ***
Hero collected $0.1 from pot
*** SUMMARY ***
Total pot $0.1 | Rake $0 | Jackpot $0 | Bingo $0 | Fortune $0
Seat 1: e835ab7e folded before Flop (didn't bet)
Seat 2: d27ebe14 folded before Flop (didn't bet)
Seat 3: a570df76 (button) folded before Flop (didn't bet)
Seat 4: Hero (small blind) collected ($0.1)
Seat 5: 9d367927 (big blind) folded before Flop
Seat 6: 9ccc18e folded before Flop (didn't bet)


Poker Hand #HD1161841926: Hold'em No Limit  ($0.02/$0.05) - 2023/03/15 22:18:14
Table 'NLHBlue47' 6-max Seat #2 is the button
Seat 1: e835ab7e ($5.95 in chips)
Seat 2: d27ebe14 ($5.42 in chips)
Seat 3: a570df76 ($2.67 in chips)
Seat 4: Hero ($5 in chips)
Seat 5: 9d367927 ($5.22 in chips)
Seat 6: 9ccc18e ($5.67 in chips)
a570df76: posts small blind $0.02
Hero: posts big blind $0.05
*** HOLE CARDS ***
Dealt to e835ab7e 
Dealt to d27ebe14 
Dealt to a570df76 
Dealt to Hero [7s 6h]
Dealt to 9d367927 
Dealt to 9ccc18e 
9d367927: raises $0.08 to $0.13
9ccc18e: folds
e835ab7e: folds
d27ebe14: folds
a570df76: folds
Hero: folds
Uncalled bet ($0.08) returned to 9d367927
*** SHOWDOWN ***
9d367927 collected $0.12 from pot
*** SUMMARY ***
Total pot $0.12 | Rake $0 | Jackpot $0 | Bingo $0 | Fortune $0
Seat 1: e835ab7e folded before Flop (didn't bet)
Seat 2: d27ebe14 (button) folded before Flop (didn't bet)
Seat 3: a570df76 (small blind) folded before Flop
Seat 4: Hero (big blind) folded before Flop
Seat 5: 9d367927 collected ($0.12)
Seat 6: 9ccc18e folded before Flop (didn't bet)


