Poker Hand #HD1592990909: Hold'em No Limit ($0.02/$0.05) - 2024/01/17 21:55:50
Table 'NLHBlue106' 6-max Seat #6 is the button
Seat 1: f62b2260 ($9.41 in chips)
Seat 2: 7e685fd1 ($5 in chips)
Seat 3: Hero ($8.38 in chips)
Seat 4: 1438aaca ($5 in chips)
Seat 5: 491220d3 ($1.68 in chips)
Seat 6: 9d9094fd ($5 in chips)
f62b2260: posts small blind $0.02
7e685fd1: posts big blind $0.05
*** HOLE CARDS ***
Dealt to f62b2260 
Dealt to 7e685fd1 
Dealt to Hero [6h 2c]
Dealt to 1438aaca 
Dealt to 491220d3 
Dealt to 9d9094fd 
Hero: folds
1438aaca: folds
491220d3: raises $0.1 to $0.15
9d9094fd: folds
f62b2260: folds
7e685fd1: raises $0.37 to $0.52
491220d3: raises $1.16 to $1.68 and is all-in
7e685fd1: calls $1.16
491220d3: shows [Qh Qd]
7e685fd1: shows [Kd Kc]
*** FLOP *** [8d 7d As]
*** TURN *** [8d 7d As] [7s]
*** RIVER *** [8d 7d As 7s] [Jc]
*** SHOWDOWN ***
7e685fd1 collected $3.17 from pot
*** SUMMARY ***
Total pot $3.38 | Rake $0.16 | Jackpot $0.05 | Bingo $0 | Fortune $0 | Tax $0
Board [8d 7d As 7s Jc]
Seat 1: f62b2260 (small blind) folded before Flop
Seat 2: 7e685fd1 (big blind) showed [Kd Kc] and won ($3.17) with Pair of Kings and Pair of Sevens
Seat 3: Hero folded before Flop (didn't bet)
Seat 4: 1438aaca folded before Flop (didn't bet)
Seat 5: 491220d3 showed [Qh Qd] and lost with Pair of Queens and Pair of Sevens
Seat 6: 9d9094fd (button) folded before Flop (didn't bet)


Poker Hand #HD1592990871: Hold'em No Limit ($0.02/$0.05) - 2024/01/17 21:55:33
Table 'NLHBlue106' 6-max Seat #5 is the button
Seat 1: f62b2260 ($9.39 in chips)
Seat 3: Hero ($8.38 in chips)
Seat 4: 1438aaca ($5 in chips)
Seat 5: 491220d3 ($1.68 in chips)
Seat 6: 9d9094fd ($5 in chips)
9d9094fd: posts small blind $0.02
f62b2260: posts big blind $0.05
*** HOLE CARDS ***
Dealt to f62b2260 
Dealt to Hero [Qs 7h]
Dealt to 1438aaca 
Dealt to 491220d3 
Dealt to 9d9094fd 
Hero: folds
1438aaca: folds
491220d3: folds
9d9094fd: folds
Uncalled bet ($0.03) returned to f62b2260
*** SHOWDOWN ***
f62b2260 collected $0.04 from pot
*** SUMMARY ***
Total pot $0.04 | Rake $0 | Jackpot $0 | Bingo $0 | Fortune $0 | Tax $0
Seat 1: f62b2260 (big blind) collected ($0.04)
Seat 3: Hero folded before Flop (didn't bet)
Seat 4: 1438aaca folded before Flop (didn't bet)
Seat 5: 491220d3 (button) folded before Flop (didn't bet)
Seat 6: 9d9094fd (small blind) folded before Flop


Poker Hand #HD1592990803: Hold'em No Limit ($0.02/$0.05) - 2024/01/17 21:55:03
Table 'NLHBlue106' 6-max Seat #4 is the button
Seat 1: f62b2260 ($9.52 in chips)
Seat 3: Hero ($8.38 in chips)
Seat 4: 1438aaca ($5 in chips)
Seat 5: 491220d3 ($1.51 in chips)
Seat 6: 9d9094fd ($5 in chips)
491220d3: posts small blind $0.02
9d9094fd: posts big blind $0.05
*** HOLE CARDS ***
Dealt to f62b2260 
Dealt to Hero [Ad 5h]
Dealt to 1438aaca 
Dealt to 491220d3 
Dealt to 9d9094fd 
f62b2260: raises $0.08 to $0.13
Hero: folds
1438aaca: folds
491220d3: calls $0.11
9d9094fd: folds
*** FLOP *** [5c 7h Ah]
491220d3: checks
f62b2260: checks
*** TURN *** [5c 7h Ah] [Jh]
491220d3: bets $0.24
f62b2260: folds
Uncalled bet ($0.24) returned to 491220d3
*** SHOWDOWN ***
491220d3 collected $0.3 from pot
*** SUMMARY ***
Total pot $0.31 | Rake $0.01 | Jackpot $0 | Bingo $0 | Fortune $0 | Tax $0
Board [5c 7h Ah Jh]
Seat 1: f62b2260 folded on the Turn
Seat 3: Hero folded before Flop (didn't bet)
Seat 4: 1438aaca (button) folded before Flop (didn't bet)
Seat 5: 491220d3 (small blind) won ($0.3)
Seat 6: 9d9094fd (big blind) folded before Flop


Poker Hand #HD1592990751: Hold'em No Limit ($0.02/$0.05) - 2024/01/17 21:54:36
Table 'NLHBlue106' 6-max Seat #3 is the button
Seat 1: f62b2260 ($9.52 in chips)
Seat 3: Hero ($8.17 in chips)
Seat 4: 1438aaca ($5 in chips)
Seat 5: 491220d3 ($1.56 in chips)
Seat 6: 9d9094fd ($5 in chips)
1438aaca: posts small blind $0.02
491220d3: posts big blind $0.05
*** HOLE CARDS ***
Dealt to f62b2260 
Dealt to Hero [9c 9h]
Dealt to 1438aaca 
Dealt to 491220d3 
Dealt to 9d9094fd 
9d9094fd: raises $0.1 to $0.15
f62b2260: folds
Hero: raises $0.29 to $0.44
1438aaca: folds
491220d3: folds
9d9094fd: folds
Uncalled bet ($0.29) returned to Hero
*** SHOWDOWN ***
Hero collected $0.36 from pot
*** SUMMARY ***
Total pot $0.37 | Rake $0.01 | Jackpot $0 | Bingo $0 | Fortune $0 | Tax $0
Seat 1: f62b2260 folded before Flop (didn't bet)
Seat 3: Hero (button) collected ($0.36)
Seat 4: 1438aaca (small blind) folded before Flop
Seat 5: 491220d3 (big blind) folded before Flop
Seat 6: 9d9094fd folded before Flop


Poker Hand #HD1592990492: Hold'em No Limit ($0.02/$0.05) - 2024/01/17 21:52:29
Table 'NLHBlue106' 6-max Seat #1 is the button
Seat 1: f62b2260 ($5 in chips)
Seat 3: Hero ($8.19 in chips)
Seat 4: 1438aaca ($5 in chips)
Seat 5: 491220d3 ($1.56 in chips)
Seat 6: 9d9094fd ($6.01 in chips)
Hero: posts small blind $0.02
1438aaca: posts big blind $0.05
*** HOLE CARDS ***
Dealt to f62b2260 
Dealt to Hero [8h 2d]
Dealt to 1438aaca 
Dealt to 491220d3 
Dealt to 9d9094fd 
491220d3: folds
9d9094fd: raises $0.1 to $0.15
f62b2260: raises $0.3 to $0.45
Hero: folds
1438aaca: folds
9d9094fd: raises $0.77 to $1.22
f62b2260: calls $0.77
*** FLOP *** [7d 4d As]
9d9094fd: bets $0.63
f62b2260: calls $0.63
*** TURN *** [7d 4d As] [5c]
9d9094fd: checks
f62b2260: checks
*** RIVER *** [7d 4d As 5c] [3h]
9d9094fd: bets $4.16 and is all-in
f62b2260: calls $3.15 and is all-in
Uncalled bet ($1.01) returned to 9d9094fd
9d9094fd: shows [Th Ks] (Ace-High)
f62b2260: shows [Ah Qh] (Pair of Aces)
*** SHOWDOWN ***
f62b2260 collected $9.52 from pot
*** SUMMARY ***
Total pot $10.07 | Rake $0.5 | Jackpot $0.05 | Bingo $0 | Fortune $0 | Tax $0
Board [7d 4d As 5c 3h]
Seat 1: f62b2260 (button) showed [Ah Qh] and won ($9.52) with Pair of Aces
Seat 3: Hero (small blind) folded before Flop
Seat 4: 1438aaca (big blind) folded before Flop
Seat 5: 491220d3 folded before Flop (didn't bet)
Seat 6: 9d9094fd showed [Th Ks] and lost with Ace-High


Poker Hand #HD1592990357: Hold'em No Limit ($0.02/$0.05) - 2024/01/17 21:51:24
Table 'NLHBlue106' 6-max Seat #6 is the button
Seat 1: f62b2260 ($5.61 in chips)
Seat 3: Hero ($7.02 in chips)
Seat 5: 491220d3 ($1.56 in chips)
Seat 6: 9d9094fd ($6.01 in chips)
f62b2260: posts small blind $0.02
Hero: posts big blind $0.05
*** HOLE CARDS ***
Dealt to f62b2260 
Dealt to Hero [Kc Qc]
Dealt to 491220d3 
Dealt to 9d9094fd 
491220d3: folds
9d9094fd: folds
f62b2260: raises $0.1 to $0.15
Hero: raises $0.39 to $0.54
f62b2260: calls $0.39
*** FLOP *** [3h 2c 8d]
f62b2260: checks
Hero: checks
*** TURN *** [3h 2c 8d] [Kd]
f62b2260: checks
Hero: bets $0.81
f62b2260: calls $0.81
*** RIVER *** [3h 2c 8d Kd] [4c]
f62b2260: checks
Hero: bets $0.9
f62b2260: folds
Uncalled bet ($0.9) returned to Hero
*** SHOWDOWN ***
Hero collected $2.52 from pot
*** SUMMARY ***
Total pot $2.7 | Rake $0.13 | Jackpot $0.05 | Bingo $0 | Fortune $0 | Tax $0
Board [3h 2c 8d Kd 4c]
Seat 1: f62b2260 (small blind) folded on the River
Seat 3: Hero (big blind) won ($2.52)
Seat 5: 491220d3 folded before Flop (didn't bet)
Seat 6: 9d9094fd (button) folded before Flop (didn't bet)


Poker Hand #HD1592990325: Hold'em No Limit ($0.02/$0.05) - 2024/01/17 21:51:08
Table 'NLHBlue106' 6-max Seat #5 is the button
Seat 1: f62b2260 ($5.66 in chips)
Seat 3: Hero ($7.02 in chips)
Seat 5: 491220d3 ($1.56 in chips)
Seat 6: 9d9094fd ($5.96 in chips)
9d9094fd: posts small blind $0.02
f62b2260: posts big blind $0.05
*** HOLE CARDS ***
Dealt to f62b2260 
Dealt to Hero [Ts 4c]
Dealt to 491220d3 
Dealt to 9d9094fd 
Hero: folds
491220d3: folds
9d9094fd: raises $0.1 to $0.15
f62b2260: folds
Uncalled bet ($0.1) returned to 9d9094fd
*** SHOWDOWN ***
9d9094fd collected $0.1 from pot
*** SUMMARY ***
Total pot $0.1 | Rake $0 | Jackpot $0 | Bingo $0 | Fortune $0 | Tax $0
Seat 1: f62b2260 (big blind) folded before Flop
Seat 3: Hero folded before Flop (didn't bet)
Seat 5: 491220d3 (button) folded before Flop (didn't bet)
Seat 6: 9d9094fd (small blind) collected ($0.1)


Poker Hand #HD1592990189: Hold'em No Limit ($0.02/$0.05) - 2024/01/17 21:50:00
Table 'NLHBlue106' 6-max Seat #3 is the button
Seat 1: f62b2260 ($5 in chips)
Seat 3: Hero ($7.02 in chips)
Seat 5: 491220d3 ($2.29 in chips)
Seat 6: 9d9094fd ($6.01 in chips)
491220d3: posts small blind $0.02
9d9094fd: posts big blind $0.05
*** HOLE CARDS ***
Dealt to f62b2260 
Dealt to Hero [Jh 6s]
Dealt to 491220d3 
Dealt to 9d9094fd 
f62b2260: raises $0.08 to $0.13
Hero: folds
491220d3: calls $0.11
9d9094fd: folds
*** FLOP *** [5d Ah 3d]
491220d3: checks
f62b2260: bets $0.16
491220d3: calls $0.16
*** TURN *** [5d Ah 3d] [9c]
491220d3: checks
f62b2260: bets $0.44
491220d3: calls $0.44
*** RIVER *** [5d Ah 3d 9c] [Ts]
491220d3: checks
f62b2260: bets $4.27 and is all-in
491220d3: folds
Uncalled bet ($4.27) returned to f62b2260
*** SHOWDOWN ***
f62b2260 collected $1.39 from pot
*** SUMMARY ***
Total pot $1.51 | Rake $0.07 | Jackpot $0.05 | Bingo $0 | Fortune $0 | Tax $0
Board [5d Ah 3d 9c Ts]
Seat 1: f62b2260 won ($1.39)
Seat 3: Hero (button) folded before Flop (didn't bet)
Seat 5: 491220d3 (small blind) folded on the River
Seat 6: 9d9094fd (big blind) folded before Flop


Poker Hand #HD1592990127: Hold'em No Limit ($0.02/$0.05) - 2024/01/17 21:49:29
Table 'NLHBlue106' 6-max Seat #1 is the button
Seat 1: f62b2260 ($5.1 in chips)
Seat 3: Hero ($7.04 in chips)
Seat 5: 491220d3 ($2.15 in chips)
Seat 6: 9d9094fd ($6.01 in chips)
Hero: posts small blind $0.02
491220d3: posts big blind $0.05
*** HOLE CARDS ***
Dealt to f62b2260 
Dealt to Hero [4c 7h]
Dealt to 491220d3 
Dealt to 9d9094fd 
9d9094fd: folds
f62b2260: raises $0.08 to $0.13
Hero: folds
491220d3: raises $0.26 to $0.39
f62b2260: folds
Uncalled bet ($0.26) returned to 491220d3
*** SHOWDOWN ***
491220d3 collected $0.27 from pot
*** SUMMARY ***
Total pot $0.28 | Rake $0.01 | Jackpot $0 | Bingo $0 | Fortune $0 | Tax $0
Seat 1: f62b2260 (button) folded before Flop
Seat 3: Hero (small blind) folded before Flop
Seat 5: 491220d3 (big blind) collected ($0.27)
Seat 6: 9d9094fd folded before Flop (didn't bet)


Poker Hand #HD1592990109: Hold'em No Limit ($0.02/$0.05) - 2024/01/17 21:49:20
Table 'NLHBlue106' 6-max Seat #6 is the button
Seat 1: f62b2260 ($5.12 in chips)
Seat 3: Hero ($7.02 in chips)
Seat 5: 491220d3 ($2.15 in chips)
Seat 6: 9d9094fd ($6.01 in chips)
f62b2260: posts small blind $0.02
Hero: posts big blind $0.05
*** HOLE CARDS ***
Dealt to f62b2260 
Dealt to Hero [Ks Ts]
Dealt to 491220d3 
Dealt to 9d9094fd 
491220d3: folds
9d9094fd: folds
f62b2260: folds
Uncalled bet ($0.03) returned to Hero
*** SHOWDOWN ***
Hero collected $0.04 from pot
*** SUMMARY ***
Total pot $0.04 | Rake $0 | Jackpot $0 | Bingo $0 | Fortune $0 | Tax $0
Seat 1: f62b2260 (small blind) folded before Flop
Seat 3: Hero (big blind) collected ($0.04)
Seat 5: 491220d3 folded before Flop (didn't bet)
Seat 6: 9d9094fd (button) folded before Flop (didn't bet)


Poker Hand #HD1592990009: Hold'em No Limit ($0.02/$0.05) - 2024/01/17 21:48:38
Table 'NLHBlue106' 6-max Seat #5 is the button
Seat 1: f62b2260 ($5.17 in chips)
Seat 3: Hero ($7.14 in chips)
Seat 5: 491220d3 ($2.27 in chips)
Seat 6: 9d9094fd ($5.74 in chips)
9d9094fd: posts small blind $0.02
f62b2260: posts big blind $0.05
*** HOLE CARDS ***
Dealt to f62b2260 
Dealt to Hero [5s 5h]
Dealt to 491220d3 
Dealt to 9d9094fd 
Hero: raises $0.07 to $0.12
491220d3: calls $0.12
9d9094fd: raises $0.58 to $0.7
f62b2260: folds
Hero: folds
491220d3: folds
Uncalled bet ($0.58) returned to 9d9094fd
*** SHOWDOWN ***
9d9094fd collected $0.39 from pot
*** SUMMARY ***
Total pot $0.41 | Rake $0.02 | Jackpot $0 | Bingo $0 | Fortune $0 | Tax $0
Seat 1: f62b2260 (big blind) folded before Flop
Seat 3: Hero folded before Flop
Seat 5: 491220d3 (button) folded before Flop
Seat 6: 9d9094fd (small blind) collected ($0.39)


Poker Hand #HD1592989956: Hold'em No Limit ($0.02/$0.05) - 2024/01/17 21:48:16
Table 'NLHBlue106' 6-max Seat #3 is the button
Seat 1: f62b2260 ($5 in chips)
Seat 3: Hero ($7.14 in chips)
Seat 5: 491220d3 ($2.4 in chips)
Seat 6: 9d9094fd ($5.79 in chips)
491220d3: posts small blind $0.02
9d9094fd: posts big blind $0.05
*** HOLE CARDS ***
Dealt to f62b2260 
Dealt to Hero [6h Kd]
Dealt to 491220d3 
Dealt to 9d9094fd 
f62b2260: raises $0.08 to $0.13
Hero: folds
491220d3: calls $0.11
9d9094fd: folds
*** FLOP *** [Qd 7s 7c]
491220d3: checks
f62b2260: bets $0.16
491220d3: folds
Uncalled bet ($0.16) returned to f62b2260
*** SHOWDOWN ***
f62b2260 collected $0.3 from pot
*** SUMMARY ***
Total pot $0.31 | Rake $0.01 | Jackpot $0 | Bingo $0 | Fortune $0 | Tax $0
Board [Qd 7s 7c]
Seat 1: f62b2260 won ($0.3)
Seat 3: Hero (button) folded before Flop (didn't bet)
Seat 5: 491220d3 (small blind) folded on the Flop
Seat 6: 9d9094fd (big blind) folded before Flop


Poker Hand #HD1592989899: Hold'em No Limit ($0.02/$0.05) - 2024/01/17 21:47:50
Table 'NLHBlue106' 6-max Seat #1 is the button
Seat 1: f62b2260 ($5.12 in chips)
Seat 3: Hero ($7.16 in chips)
Seat 5: 491220d3 ($2.07 in chips)
Seat 6: 9d9094fd ($5.79 in chips)
Hero: posts small blind $0.02
491220d3: posts big blind $0.05
*** HOLE CARDS ***
Dealt to f62b2260 
Dealt to Hero [9c 7h]
Dealt to 491220d3 
Dealt to 9d9094fd 
9d9094fd: folds
f62b2260: raises $0.08 to $0.13
Hero: folds
491220d3: raises $0.21 to $0.34
f62b2260: calls $0.21
*** FLOP *** [7d 4s Qd]
491220d3: bets $0.4
f62b2260: folds
Uncalled bet ($0.4) returned to 491220d3
*** SHOWDOWN ***
491220d3 collected $0.67 from pot
*** SUMMARY ***
Total pot $0.7 | Rake $0.03 | Jackpot $0 | Bingo $0 | Fortune $0 | Tax $0
Board [7d 4s Qd]
Seat 1: f62b2260 (button) folded on the Flop
Seat 3: Hero (small blind) folded before Flop
Seat 5: 491220d3 (big blind) won ($0.67)
Seat 6: 9d9094fd folded before Flop (didn't bet)


Poker Hand #HD1592989869: Hold'em No Limit ($0.02/$0.05) - 2024/01/17 21:47:38
Table 'NLHBlue106' 6-max Seat #6 is the button
Seat 1: f62b2260 ($5.14 in chips)
Seat 3: Hero ($7.14 in chips)
Seat 5: 491220d3 ($2.07 in chips)
Seat 6: 9d9094fd ($5.79 in chips)
f62b2260: posts small blind $0.02
Hero: posts big blind $0.05
*** HOLE CARDS ***
Dealt to f62b2260 
Dealt to Hero [Ts Qh]
Dealt to 491220d3 
Dealt to 9d9094fd 
491220d3: folds
9d9094fd: folds
f62b2260: folds
Uncalled bet ($0.03) returned to Hero
*** SHOWDOWN ***
Hero collected $0.04 from pot
*** SUMMARY ***
Total pot $0.04 | Rake $0 | Jackpot $0 | Bingo $0 | Fortune $0 | Tax $0
Seat 1: f62b2260 (small blind) folded before Flop
Seat 3: Hero (big blind) collected ($0.04)
Seat 5: 491220d3 folded before Flop (didn't bet)
Seat 6: 9d9094fd (button) folded before Flop (didn't bet)


Poker Hand #HD1592989815: Hold'em No Limit ($0.02/$0.05) - 2024/01/17 21:47:13
Table 'NLHBlue106' 6-max Seat #5 is the button
Seat 1: f62b2260 ($5 in chips)
Seat 3: Hero ($7.14 in chips)
Seat 5: 491220d3 ($2.07 in chips)
Seat 6: 9d9094fd ($5.94 in chips)
9d9094fd: posts small blind $0.02
f62b2260: posts big blind $0.05
*** HOLE CARDS ***
Dealt to f62b2260 
Dealt to Hero [Qs 4h]
Dealt to 491220d3 
Dealt to 9d9094fd 
Hero: folds
491220d3: folds
9d9094fd: raises $0.1 to $0.15
f62b2260: raises $0.3 to $0.45
9d9094fd: folds
Uncalled bet ($0.3) returned to f62b2260
*** SHOWDOWN ***
f62b2260 collected $0.29 from pot
*** SUMMARY ***
Total pot $0.3 | Rake $0.01 | Jackpot $0 | Bingo $0 | Fortune $0 | Tax $0
Seat 1: f62b2260 (big blind) collected ($0.29)
Seat 3: Hero folded before Flop (didn't bet)
Seat 5: 491220d3 (button) folded before Flop (didn't bet)
Seat 6: 9d9094fd (small blind) folded before Flop


Poker Hand #HD1592989801: Hold'em No Limit ($0.02/$0.05) - 2024/01/17 21:47:03
Table 'NLHBlue106' 6-max Seat #3 is the button
Seat 1: f62b2260 ($5 in chips)
Seat 2: 6f069382 ($5 in chips)
Seat 3: Hero ($7.07 in chips)
Seat 5: 491220d3 ($2.09 in chips)
Seat 6: 9d9094fd ($5.99 in chips)
491220d3: posts small blind $0.02
9d9094fd: posts big blind $0.05
*** HOLE CARDS ***
Dealt to f62b2260 
Dealt to 6f069382 
Dealt to Hero [4h 4s]
Dealt to 491220d3 
Dealt to 9d9094fd 
f62b2260: folds
6f069382: folds
Hero: raises $0.07 to $0.12
491220d3: folds
9d9094fd: folds
Uncalled bet ($0.07) returned to Hero
*** SHOWDOWN ***
Hero collected $0.12 from pot
*** SUMMARY ***
Total pot $0.12 | Rake $0 | Jackpot $0 | Bingo $0 | Fortune $0 | Tax $0
Seat 1: f62b2260 folded before Flop (didn't bet)
Seat 2: 6f069382 folded before Flop (didn't bet)
Seat 3: Hero (button) collected ($0.12)
Seat 5: 491220d3 (small blind) folded before Flop
Seat 6: 9d9094fd (big blind) folded before Flop


Poker Hand #HD1592989753: Hold'em No Limit ($0.02/$0.05) - 2024/01/17 21:46:39
Table 'NLHBlue106' 6-max Seat #2 is the button
Seat 1: f62b2260 ($5 in chips)
Seat 2: 6f069382 ($5 in chips)
Seat 3: Hero ($6.94 in chips)
Seat 5: 491220d3 ($2.23 in chips)
Seat 6: 9d9094fd ($5.99 in chips)
Hero: posts small blind $0.02
491220d3: posts big blind $0.05
*** HOLE CARDS ***
Dealt to f62b2260 
Dealt to 6f069382 
Dealt to Hero [5h 6h]
Dealt to 491220d3 
Dealt to 9d9094fd 
9d9094fd: folds
f62b2260: folds
6f069382: folds
Hero: raises $0.09 to $0.14
491220d3: calls $0.09
*** FLOP *** [7s 4h Ks]
Hero: bets $0.21
491220d3: folds
Uncalled bet ($0.21) returned to Hero
*** SHOWDOWN ***
Hero collected $0.27 from pot
*** SUMMARY ***
Total pot $0.28 | Rake $0.01 | Jackpot $0 | Bingo $0 | Fortune $0 | Tax $0
Board [7s 4h Ks]
Seat 1: f62b2260 folded before Flop (didn't bet)
Seat 2: 6f069382 (button) folded before Flop (didn't bet)
Seat 3: Hero (small blind) won ($0.27)
Seat 5: 491220d3 (big blind) folded on the Flop
Seat 6: 9d9094fd folded before Flop (didn't bet)


Poker Hand #HD1592989729: Hold'em No Limit ($0.02/$0.05) - 2024/01/17 21:46:30
Table 'NLHBlue106' 6-max Seat #1 is the button
Seat 1: f62b2260 ($5 in chips)
Seat 2: 6f069382 ($5 in chips)
Seat 3: Hero ($6.99 in chips)
Seat 6: 9d9094fd ($5.92 in chips)
6f069382: posts small blind $0.02
Hero: posts big blind $0.05
*** HOLE CARDS ***
Dealt to f62b2260 
Dealt to 6f069382 
Dealt to Hero [3c 9h]
Dealt to 9d9094fd 
9d9094fd: raises $0.1 to $0.15
f62b2260: folds
6f069382: folds
Hero: folds
Uncalled bet ($0.1) returned to 9d9094fd
*** SHOWDOWN ***
9d9094fd collected $0.12 from pot
*** SUMMARY ***
Total pot $0.12 | Rake $0 | Jackpot $0 | Bingo $0 | Fortune $0 | Tax $0
Seat 1: f62b2260 (button) folded before Flop (didn't bet)
Seat 2: 6f069382 (small blind) folded before Flop
Seat 3: Hero (big blind) folded before Flop
Seat 6: 9d9094fd collected ($0.12)


Poker Hand #HD1592989632: Hold'em No Limit ($0.02/$0.05) - 2024/01/17 21:45:49
Table 'NLHBlue106' 6-max Seat #6 is the button
Seat 1: f62b2260 ($5 in chips)
Seat 2: 6f069382 ($5 in chips)
Seat 3: Hero ($6.99 in chips)
Seat 5: e325705d ($5.45 in chips)
Seat 6: 9d9094fd ($5.78 in chips)
f62b2260: posts small blind $0.02
6f069382: posts big blind $0.05
*** HOLE CARDS ***
Dealt to f62b2260 
Dealt to 6f069382 
Dealt to Hero [5c Ts]
Dealt to e325705d 
Dealt to 9d9094fd 
Hero: folds
e325705d: folds
9d9094fd: raises $0.08 to $0.13
f62b2260: folds
6f069382: calls $0.08
*** FLOP *** [2c 4h Kd]
6f069382: checks
9d9094fd: bets $0.1
6f069382: folds
Uncalled bet ($0.1) returned to 9d9094fd
*** SHOWDOWN ***
9d9094fd collected $0.27 from pot
*** SUMMARY ***
Total pot $0.28 | Rake $0.01 | Jackpot $0 | Bingo $0 | Fortune $0 | Tax $0
Board [2c 4h Kd]
Seat 1: f62b2260 (small blind) folded before Flop
Seat 2: 6f069382 (big blind) folded on the Flop
Seat 3: Hero folded before Flop (didn't bet)
Seat 5: e325705d folded before Flop (didn't bet)
Seat 6: 9d9094fd (button) won ($0.27)


Poker Hand #HD1592989599: Hold'em No Limit ($0.02/$0.05) - 2024/01/17 21:45:32
Table 'NLHBlue106' 6-max Seat #5 is the button
Seat 1: f62b2260 ($5 in chips)
Seat 2: 6f069382 ($5 in chips)
Seat 3: Hero ($6.92 in chips)
Seat 5: e325705d ($5.45 in chips)
Seat 6: 9d9094fd ($5.8 in chips)
9d9094fd: posts small blind $0.02
f62b2260: posts big blind $0.05
*** HOLE CARDS ***
Dealt to f62b2260 
Dealt to 6f069382 
Dealt to Hero [Th Ah]
Dealt to e325705d 
Dealt to 9d9094fd 
6f069382: folds
Hero: raises $0.07 to $0.12
e325705d: folds
9d9094fd: folds
f62b2260: folds
Uncalled bet ($0.07) returned to Hero
*** SHOWDOWN ***
Hero collected $0.12 from pot
*** SUMMARY ***
Total pot $0.12 | Rake $0 | Jackpot $0 | Bingo $0 | Fortune $0 | Tax $0
Seat 1: f62b2260 (big blind) folded before Flop
Seat 2: 6f069382 folded before Flop (didn't bet)
Seat 3: Hero collected ($0.12)
Seat 5: e325705d (button) folded before Flop (didn't bet)
Seat 6: 9d9094fd (small blind) folded before Flop


Poker Hand #HD1592989571: Hold'em No Limit ($0.02/$0.05) - 2024/01/17 21:45:21
Table 'NLHBlue106' 6-max Seat #3 is the button
Seat 2: 6f069382 ($5 in chips)
Seat 3: Hero ($6.92 in chips)
Seat 5: e325705d ($5.47 in chips)
Seat 6: 9d9094fd ($5.78 in chips)
e325705d: posts small blind $0.02
9d9094fd: posts big blind $0.05
*** HOLE CARDS ***
Dealt to 6f069382 
Dealt to Hero [4c 5h]
Dealt to e325705d 
Dealt to 9d9094fd 
6f069382: folds
Hero: folds
e325705d: folds
Uncalled bet ($0.03) returned to 9d9094fd
*** SHOWDOWN ***
9d9094fd collected $0.04 from pot
*** SUMMARY ***
Total pot $0.04 | Rake $0 | Jackpot $0 | Bingo $0 | Fortune $0 | Tax $0
Seat 2: 6f069382 folded before Flop (didn't bet)
Seat 3: Hero (button) folded before Flop (didn't bet)
Seat 5: e325705d (small blind) folded before Flop
Seat 6: 9d9094fd (big blind) collected ($0.04)


Poker Hand #HD1592989518: Hold'em No Limit ($0.02/$0.05) - 2024/01/17 21:44:54
Table 'NLHBlue106' 6-max Seat #2 is the button
Seat 2: 6f069382 ($5.03 in chips)
Seat 3: Hero ($6.78 in chips)
Seat 5: e325705d ($5.52 in chips)
Seat 6: 9d9094fd ($5.78 in chips)
Hero: posts small blind $0.02
e325705d: posts big blind $0.05
*** HOLE CARDS ***
Dealt to 6f069382 
Dealt to Hero [Kd Ks]
Dealt to e325705d 
Dealt to 9d9094fd 
9d9094fd: folds
6f069382: raises $0.05 to $0.1
Hero: raises $0.33 to $0.43
e325705d: folds
6f069382: folds
Uncalled bet ($0.33) returned to Hero
*** SHOWDOWN ***
Hero collected $0.24 from pot
*** SUMMARY ***
Total pot $0.25 | Rake $0.01 | Jackpot $0 | Bingo $0 | Fortune $0 | Tax $0
Seat 2: 6f069382 (button) folded before Flop
Seat 3: Hero (small blind) collected ($0.24)
Seat 5: e325705d (big blind) folded before Flop
Seat 6: 9d9094fd folded before Flop (didn't bet)


Poker Hand #HD1592989407: Hold'em No Limit ($0.02/$0.05) - 2024/01/17 21:44:08
Table 'NLHBlue106' 6-max Seat #1 is the button
Seat 1: ecd6e39c ($0.67 in chips)
Seat 2: 6f069382 ($5.05 in chips)
Seat 3: Hero ($6.15 in chips)
Seat 5: e325705d ($5.52 in chips)
Seat 6: 9d9094fd ($5.78 in chips)
6f069382: posts small blind $0.02
Hero: posts big blind $0.05
*** HOLE CARDS ***
Dealt to ecd6e39c 
Dealt to 6f069382 
Dealt to Hero [5h Jh]
Dealt to e325705d 
Dealt to 9d9094fd 
e325705d: folds
9d9094fd: folds
ecd6e39c: raises $0.05 to $0.1
6f069382: folds
Hero: calls $0.05
*** FLOP *** [Ah Js 6h]
Hero: bets $0.13
ecd6e39c: raises $0.44 to $0.57 and is all-in
Hero: calls $0.44
ecd6e39c: shows [As 4c] (Pair of Aces)
Hero: shows [5h Jh] (Pair of Jacks)
*** TURN *** [Ah Js 6h] [5s]
*** RIVER *** [Ah Js 6h 5s] [2d]
*** SHOWDOWN ***
Hero collected $1.3 from pot
*** SUMMARY ***
Total pot $1.36 | Rake $0.06 | Jackpot $0 | Bingo $0 | Fortune $0 | Tax $0
Board [Ah Js 6h 5s 2d]
Seat 1: ecd6e39c (button) showed [As 4c] and lost with Pair of Aces
Seat 2: 6f069382 (small blind) folded before Flop
Seat 3: Hero (big blind) showed [5h Jh] and won ($1.3) with Pair of Jacks and Pair of Fives
Seat 5: e325705d folded before Flop (didn't bet)
Seat 6: 9d9094fd folded before Flop (didn't bet)


Poker Hand #HD1592989349: Hold'em No Limit ($0.02/$0.05) - 2024/01/17 21:43:39
Table 'NLHBlue106' 6-max Seat #6 is the button
Seat 1: ecd6e39c ($0.62 in chips)
Seat 2: 6f069382 ($5.1 in chips)
Seat 3: Hero ($6.15 in chips)
Seat 4: b2b36f64 ($5.76 in chips)
Seat 5: e325705d ($5.52 in chips)
Seat 6: 9d9094fd ($5.78 in chips)
ecd6e39c: posts small blind $0.02
6f069382: posts big blind $0.05
ecd6e39c: straddle $0.1
ecd6e39c: straddle $0.2
ecd6e39c: straddle $0.4
ecd6e39c: straddle $0.62 and is all-in
*** HOLE CARDS ***
Dealt to ecd6e39c 
Dealt to 6f069382 
Dealt to Hero [3d As]
Dealt to b2b36f64 
Dealt to e325705d 
Dealt to 9d9094fd 
6f069382: folds
Hero: folds
b2b36f64: folds
e325705d: folds
9d9094fd: folds
Uncalled bet ($0.57) returned to ecd6e39c
*** SHOWDOWN ***
ecd6e39c collected $0.1 from pot
*** SUMMARY ***
Total pot $0.1 | Rake $0 | Jackpot $0 | Bingo $0 | Fortune $0 | Tax $0
Seat 1: ecd6e39c (small blind) collected ($0.1)
Seat 2: 6f069382 (big blind) folded before Flop
Seat 3: Hero folded before Flop (didn't bet)
Seat 4: b2b36f64 folded before Flop (didn't bet)
Seat 5: e325705d folded before Flop (didn't bet)
Seat 6: 9d9094fd (button) folded before Flop (didn't bet)


Poker Hand #HD1592989208: Hold'em No Limit ($0.02/$0.05) - 2024/01/17 21:42:38
Table 'NLHBlue106' 6-max Seat #5 is the button
Seat 1: ecd6e39c ($1.49 in chips)
Seat 2: 6f069382 ($5.1 in chips)
Seat 3: Hero ($6.15 in chips)
Seat 4: b2b36f64 ($5 in chips)
Seat 5: e325705d ($5.52 in chips)
Seat 6: 9d9094fd ($5.8 in chips)
9d9094fd: posts small blind $0.02
ecd6e39c: posts big blind $0.05
ecd6e39c: straddle $0.1
*** HOLE CARDS ***
Dealt to ecd6e39c 
Dealt to 6f069382 
Dealt to Hero [8d Jc]
Dealt to b2b36f64 
Dealt to e325705d 
Dealt to 9d9094fd 
6f069382: folds
Hero: folds
b2b36f64: raises $0.1 to $0.2
e325705d: folds
9d9094fd: folds
ecd6e39c: calls $0.1
*** FLOP *** [Tc 5c Qh]
ecd6e39c: checks
b2b36f64: bets $0.14
ecd6e39c: calls $0.14
*** TURN *** [Tc 5c Qh] [4h]
ecd6e39c: checks
b2b36f64: checks
*** RIVER *** [Tc 5c Qh 4h] [6h]
ecd6e39c: bets $0.53
b2b36f64: calls $0.53
ecd6e39c: shows [Kc 9h] (King-High)
b2b36f64: shows [5s 6s] (Pair of Sixes and Pair of Fives)
*** SHOWDOWN ***
b2b36f64 collected $1.63 from pot
*** SUMMARY ***
Total pot $1.76 | Rake $0.08 | Jackpot $0.05 | Bingo $0 | Fortune $0 | Tax $0
Board [Tc 5c Qh 4h 6h]
Seat 1: ecd6e39c (big blind) showed [Kc 9h] and lost with King-High
Seat 2: 6f069382 folded before Flop (didn't bet)
Seat 3: Hero folded before Flop (didn't bet)
Seat 4: b2b36f64 showed [5s 6s] and won ($1.63) with Pair of Sixes and Pair of Fives
Seat 5: e325705d (button) folded before Flop (didn't bet)
Seat 6: 9d9094fd (small blind) folded before Flop


Poker Hand #HD1592989130: Hold'em No Limit ($0.02/$0.05) - 2024/01/17 21:42:02
Table 'NLHBlue106' 6-max Seat #4 is the button
Seat 1: ecd6e39c ($1.42 in chips)
Seat 2: 6f069382 ($5.1 in chips)
Seat 3: Hero ($6.15 in chips)
Seat 4: b2b36f64 ($5 in chips)
Seat 5: e325705d ($5.54 in chips)
Seat 6: 9d9094fd ($5.85 in chips)
e325705d: posts small blind $0.02
9d9094fd: posts big blind $0.05
ecd6e39c: straddle $0.1
*** HOLE CARDS ***
Dealt to ecd6e39c 
Dealt to 6f069382 
Dealt to Hero [Td Js]
Dealt to b2b36f64 
Dealt to e325705d 
Dealt to 9d9094fd 
6f069382: folds
Hero: folds
b2b36f64: folds
e325705d: folds
9d9094fd: folds
Uncalled bet ($0.05) returned to ecd6e39c
*** SHOWDOWN ***
ecd6e39c collected $0.12 from pot
*** SUMMARY ***
Total pot $0.12 | Rake $0 | Jackpot $0 | Bingo $0 | Fortune $0 | Tax $0
Seat 1: ecd6e39c collected ($0.12)
Seat 2: 6f069382 folded before Flop (didn't bet)
Seat 3: Hero folded before Flop (didn't bet)
Seat 4: b2b36f64 (button) folded before Flop (didn't bet)
Seat 5: e325705d (small blind) folded before Flop
Seat 6: 9d9094fd (big blind) folded before Flop


Poker Hand #HD1592988917: Hold'em No Limit ($0.02/$0.05) - 2024/01/17 21:40:29
Table 'NLHBlue106' 6-max Seat #3 is the button
Seat 1: ecd6e39c ($0.81 in chips)
Seat 2: 6f069382 ($5.1 in chips)
Seat 3: Hero ($6.15 in chips)
Seat 4: b2b36f64 ($5.11 in chips)
Seat 5: e325705d ($6.35 in chips)
Seat 6: 9d9094fd ($5.85 in chips)
b2b36f64: posts small blind $0.02
e325705d: posts big blind $0.05
ecd6e39c: straddle $0.1
*** HOLE CARDS ***
Dealt to ecd6e39c 
Dealt to 6f069382 
Dealt to Hero [6c Ah]
Dealt to b2b36f64 
Dealt to e325705d 
Dealt to 9d9094fd 
6f069382: folds
Hero: folds
b2b36f64: raises $0.1 to $0.2
e325705d: raises $0.65 to $0.85
9d9094fd: folds
ecd6e39c: calls $0.71 and is all-in
b2b36f64: folds
Uncalled bet ($0.04) returned to e325705d
e325705d: shows [Js Kc]
ecd6e39c: shows [Ad 9h]
*** FLOP *** [3c 3h 2c]
*** TURN *** [3c 3h 2c] [6h]
ecd6e39c: Chooses to EV Cashout 
*** RIVER *** [3c 3h 2c 6h] [Ac]
ecd6e39c: Pays Cashout Risk ($0.25)
*** SHOWDOWN ***
ecd6e39c collected $1.67 from pot
*** SUMMARY ***
Total pot $1.82 | Rake $0.1 | Jackpot $0.05 | Bingo $0 | Fortune $0 | Tax $0
Board [3c 3h 2c 6h Ac]
Seat 1: ecd6e39c showed [Ad 9h] and won ($1.67) with Pair of Aces and Pair of Treys, Cashout Risk ($0.25)
Seat 2: 6f069382 folded before Flop (didn't bet)
Seat 3: Hero (button) folded before Flop (didn't bet)
Seat 4: b2b36f64 (small blind) folded before Flop
Seat 5: e325705d (big blind) showed [Js Kc] and lost with Pair of Treys
Seat 6: 9d9094fd folded before Flop (didn't bet)


Poker Hand #HD1592988811: Hold'em No Limit ($0.02/$0.05) - 2024/01/17 21:39:51
Table 'NLHBlue106' 6-max Seat #2 is the button
Seat 1: ecd6e39c ($0.91 in chips)
Seat 2: 6f069382 ($5.1 in chips)
Seat 3: Hero ($6.17 in chips)
Seat 4: b2b36f64 ($5 in chips)
Seat 5: e325705d ($6.35 in chips)
Seat 6: 9d9094fd ($5.85 in chips)
Hero: posts small blind $0.02
b2b36f64: posts big blind $0.05
ecd6e39c: straddle $0.1
*** HOLE CARDS ***
Dealt to ecd6e39c 
Dealt to 6f069382 
Dealt to Hero [8s Qs]
Dealt to b2b36f64 
Dealt to e325705d 
Dealt to 9d9094fd 
6f069382: folds
Hero: folds
b2b36f64: raises $0.3 to $0.4
e325705d: folds
9d9094fd: folds
ecd6e39c: folds
Uncalled bet ($0.3) returned to b2b36f64
*** SHOWDOWN ***
b2b36f64 collected $0.21 from pot
*** SUMMARY ***
Total pot $0.22 | Rake $0.01 | Jackpot $0 | Bingo $0 | Fortune $0 | Tax $0
Seat 1: ecd6e39c folded before Flop
Seat 2: 6f069382 (button) folded before Flop (didn't bet)
Seat 3: Hero (small blind) folded before Flop
Seat 4: b2b36f64 (big blind) collected ($0.21)
Seat 5: e325705d folded before Flop (didn't bet)
Seat 6: 9d9094fd folded before Flop (didn't bet)


Poker Hand #HD1592988715: Hold'em No Limit ($0.02/$0.05) - 2024/01/17 21:39:04
Table 'NLHBlue106' 6-max Seat #1 is the button
Seat 1: ecd6e39c ($1.12 in chips)
Seat 2: 6f069382 ($5.12 in chips)
Seat 3: Hero ($5.96 in chips)
Seat 4: b2b36f64 ($5 in chips)
Seat 5: e325705d ($6.35 in chips)
Seat 6: 9d9094fd ($5.85 in chips)
6f069382: posts small blind $0.02
Hero: posts big blind $0.05
ecd6e39c: straddle $0.1
*** HOLE CARDS ***
Dealt to ecd6e39c 
Dealt to 6f069382 
Dealt to Hero [6s Ts]
Dealt to b2b36f64 
Dealt to e325705d 
Dealt to 9d9094fd 
6f069382: folds
Hero: calls $0.05
b2b36f64: folds
e325705d: folds
9d9094fd: folds
ecd6e39c: raises $0.11 to $0.21
Hero: calls $0.11
*** FLOP *** [2h Qs Ks]
Hero: bets $0.33
ecd6e39c: folds
Uncalled bet ($0.33) returned to Hero
ecd6e39c: shows [9c 9h] (Pair of Nines)
*** SHOWDOWN ***
Hero collected $0.42 from pot
*** SUMMARY ***
Total pot $0.44 | Rake $0.02 | Jackpot $0 | Bingo $0 | Fortune $0 | Tax $0
Board [2h Qs Ks]
Seat 1: ecd6e39c (button) folded on the Flop
Seat 2: 6f069382 (small blind) folded before Flop
Seat 3: Hero (big blind) won ($0.42)
Seat 4: b2b36f64 folded before Flop (didn't bet)
Seat 5: e325705d folded before Flop (didn't bet)
Seat 6: 9d9094fd folded before Flop (didn't bet)


Poker Hand #HD1592988540: Hold'em No Limit ($0.02/$0.05) - 2024/01/17 21:37:52
Table 'NLHBlue106' 6-max Seat #6 is the button
Seat 1: ecd6e39c ($1.14 in chips)
Seat 2: 6f069382 ($5.17 in chips)
Seat 3: Hero ($5.96 in chips)
Seat 4: b2b36f64 ($5.58 in chips)
Seat 5: e325705d ($6.35 in chips)
Seat 6: 9d9094fd ($5.26 in chips)
ecd6e39c: posts small blind $0.02
6f069382: posts big blind $0.05
*** HOLE CARDS ***
Dealt to ecd6e39c 
Dealt to 6f069382 
Dealt to Hero [4c 2s]
Dealt to b2b36f64 
Dealt to e325705d 
Dealt to 9d9094fd 
Hero: folds
b2b36f64: raises $0.1 to $0.15
e325705d: folds
9d9094fd: raises $0.43 to $0.58
ecd6e39c: folds
6f069382: folds
b2b36f64: calls $0.43
*** FLOP *** [4s Th 2h]
b2b36f64: checks
9d9094fd: checks
*** TURN *** [4s Th 2h] [Kh]
b2b36f64: checks
9d9094fd: bets $0.9
b2b36f64: folds
Uncalled bet ($0.9) returned to 9d9094fd
*** SHOWDOWN ***
9d9094fd collected $1.17 from pot
*** SUMMARY ***
Total pot $1.23 | Rake $0.06 | Jackpot $0 | Bingo $0 | Fortune $0 | Tax $0
Board [4s Th 2h Kh]
Seat 1: ecd6e39c (small blind) folded before Flop
Seat 2: 6f069382 (big blind) folded before Flop
Seat 3: Hero folded before Flop (didn't bet)
Seat 4: b2b36f64 folded on the Turn
Seat 5: e325705d folded before Flop (didn't bet)
Seat 6: 9d9094fd (button) won ($1.17)


Poker Hand #HD1592988443: Hold'em No Limit ($0.02/$0.05) - 2024/01/17 21:37:15
Table 'NLHBlue106' 6-max Seat #5 is the button
Seat 1: ecd6e39c ($1.19 in chips)
Seat 2: 6f069382 ($5.17 in chips)
Seat 3: Hero ($5.89 in chips)
Seat 4: b2b36f64 ($5.58 in chips)
Seat 5: e325705d ($6.35 in chips)
Seat 6: 9d9094fd ($5.28 in chips)
9d9094fd: posts small blind $0.02
ecd6e39c: posts big blind $0.05
*** HOLE CARDS ***
Dealt to ecd6e39c 
Dealt to 6f069382 
Dealt to Hero [Kc Jd]
Dealt to b2b36f64 
Dealt to e325705d 
Dealt to 9d9094fd 
6f069382: folds
Hero: raises $0.07 to $0.12
b2b36f64: folds
e325705d: folds
9d9094fd: folds
ecd6e39c: folds
Uncalled bet ($0.07) returned to Hero
*** SHOWDOWN ***
Hero collected $0.12 from pot
*** SUMMARY ***
Total pot $0.12 | Rake $0 | Jackpot $0 | Bingo $0 | Fortune $0 | Tax $0
Seat 1: ecd6e39c (big blind) folded before Flop
Seat 2: 6f069382 folded before Flop (didn't bet)
Seat 3: Hero collected ($0.12)
Seat 4: b2b36f64 folded before Flop (didn't bet)
Seat 5: e325705d (button) folded before Flop (didn't bet)
Seat 6: 9d9094fd (small blind) folded before Flop


Poker Hand #HD1592988351: Hold'em No Limit ($0.02/$0.05) - 2024/01/17 21:36:35
Table 'NLHBlue106' 6-max Seat #4 is the button
Seat 1: ecd6e39c ($1.19 in chips)
Seat 2: 6f069382 ($5.17 in chips)
Seat 3: Hero ($5.89 in chips)
Seat 4: b2b36f64 ($5.58 in chips)
Seat 5: e325705d ($6.5 in chips)
Seat 6: 9d9094fd ($5.14 in chips)
e325705d: posts small blind $0.02
9d9094fd: posts big blind $0.05
*** HOLE CARDS ***
Dealt to ecd6e39c 
Dealt to 6f069382 
Dealt to Hero [2d 4h]
Dealt to b2b36f64 
Dealt to e325705d 
Dealt to 9d9094fd 
ecd6e39c: folds
6f069382: folds
Hero: folds
b2b36f64: folds
e325705d: raises $0.1 to $0.15
9d9094fd: raises $0.39 to $0.54
e325705d: folds
Uncalled bet ($0.39) returned to 9d9094fd
*** SHOWDOWN ***
9d9094fd collected $0.29 from pot
*** SUMMARY ***
Total pot $0.3 | Rake $0.01 | Jackpot $0 | Bingo $0 | Fortune $0 | Tax $0
Seat 1: ecd6e39c folded before Flop (didn't bet)
Seat 2: 6f069382 folded before Flop (didn't bet)
Seat 3: Hero folded before Flop (didn't bet)
Seat 4: b2b36f64 (button) folded before Flop (didn't bet)
Seat 5: e325705d (small blind) folded before Flop
Seat 6: 9d9094fd (big blind) collected ($0.29)


Poker Hand #HD1592988310: Hold'em No Limit ($0.02/$0.05) - 2024/01/17 21:36:18
Table 'NLHBlue106' 6-max Seat #3 is the button
Seat 1: ecd6e39c ($1.19 in chips)
Seat 2: 6f069382 ($5.17 in chips)
Seat 3: Hero ($5.89 in chips)
Seat 4: b2b36f64 ($5.6 in chips)
Seat 5: e325705d ($6.48 in chips)
Seat 6: 9d9094fd ($5.14 in chips)
b2b36f64: posts small blind $0.02
e325705d: posts big blind $0.05
*** HOLE CARDS ***
Dealt to ecd6e39c 
Dealt to 6f069382 
Dealt to Hero [8s 2d]
Dealt to b2b36f64 
Dealt to e325705d 
Dealt to 9d9094fd 
9d9094fd: folds
ecd6e39c: folds
6f069382: folds
Hero: folds
b2b36f64: folds
Uncalled bet ($0.03) returned to e325705d
*** SHOWDOWN ***
e325705d collected $0.04 from pot
*** SUMMARY ***
Total pot $0.04 | Rake $0 | Jackpot $0 | Bingo $0 | Fortune $0 | Tax $0
Seat 1: ecd6e39c folded before Flop (didn't bet)
Seat 2: 6f069382 folded before Flop (didn't bet)
Seat 3: Hero (button) folded before Flop (didn't bet)
Seat 4: b2b36f64 (small blind) folded before Flop
Seat 5: e325705d (big blind) collected ($0.04)
Seat 6: 9d9094fd folded before Flop (didn't bet)


Poker Hand #HD1592988262: Hold'em No Limit ($0.02/$0.05) - 2024/01/17 21:35:56
Table 'NLHBlue106' 6-max Seat #2 is the button
Seat 1: ecd6e39c ($1.12 in chips)
Seat 2: 6f069382 ($5.17 in chips)
Seat 3: Hero ($5.91 in chips)
Seat 4: b2b36f64 ($5.65 in chips)
Seat 5: e325705d ($6.48 in chips)
Seat 6: 9d9094fd ($5.14 in chips)
Hero: posts small blind $0.02
b2b36f64: posts big blind $0.05
ecd6e39c: posts big blind $0.05
*** HOLE CARDS ***
Dealt to ecd6e39c 
Dealt to 6f069382 
Dealt to Hero [3s Jc]
Dealt to b2b36f64 
Dealt to e325705d 
Dealt to 9d9094fd 
e325705d: folds
9d9094fd: folds
ecd6e39c: raises $0.05 to $0.1
6f069382: folds
Hero: folds
b2b36f64: folds
Uncalled bet ($0.05) returned to ecd6e39c
*** SHOWDOWN ***
ecd6e39c collected $0.12 from pot
*** SUMMARY ***
Total pot $0.12 | Rake $0 | Jackpot $0 | Bingo $0 | Fortune $0 | Tax $0
Seat 1: ecd6e39c collected ($0.12)
Seat 2: 6f069382 (button) folded before Flop (didn't bet)
Seat 3: Hero (small blind) folded before Flop
Seat 4: b2b36f64 (big blind) folded before Flop
Seat 5: e325705d folded before Flop (didn't bet)
Seat 6: 9d9094fd folded before Flop (didn't bet)


Poker Hand #HD1592988128: Hold'em No Limit ($0.02/$0.05) - 2024/01/17 21:34:58
Table 'NLHBlue106' 6-max Seat #6 is the button
Seat 1: c1baf7a8 ($1.48 in chips)
Seat 2: 6f069382 ($5.3 in chips)
Seat 3: Hero ($5.91 in chips)
Seat 4: b2b36f64 ($5.65 in chips)
Seat 5: e325705d ($6.48 in chips)
Seat 6: 9d9094fd ($5 in chips)
c1baf7a8: posts small blind $0.02
6f069382: posts big blind $0.05
*** HOLE CARDS ***
Dealt to c1baf7a8 
Dealt to 6f069382 
Dealt to Hero [Tc Ks]
Dealt to b2b36f64 
Dealt to e325705d 
Dealt to 9d9094fd 
Hero: folds
b2b36f64: folds
e325705d: folds
9d9094fd: raises $0.08 to $0.13
c1baf7a8: folds
6f069382: calls $0.08
*** FLOP *** [2h Th Jd]
6f069382: checks
9d9094fd: checks
*** TURN *** [2h Th Jd] [8c]
6f069382: checks
9d9094fd: bets $0.36
6f069382: folds
Uncalled bet ($0.36) returned to 9d9094fd
*** SHOWDOWN ***
9d9094fd collected $0.27 from pot
*** SUMMARY ***
Total pot $0.28 | Rake $0.01 | Jackpot $0 | Bingo $0 | Fortune $0 | Tax $0
Board [2h Th Jd 8c]
Seat 1: c1baf7a8 (small blind) folded before Flop
Seat 2: 6f069382 (big blind) folded on the Turn
Seat 3: Hero folded before Flop (didn't bet)
Seat 4: b2b36f64 folded before Flop (didn't bet)
Seat 5: e325705d folded before Flop (didn't bet)
Seat 6: 9d9094fd (button) won ($0.27)


Poker Hand #HD1592988075: Hold'em No Limit ($0.02/$0.05) - 2024/01/17 21:34:37
Table 'NLHBlue106' 6-max Seat #5 is the button
Seat 1: c1baf7a8 ($1.53 in chips)
Seat 2: 6f069382 ($5.23 in chips)
Seat 3: Hero ($5.91 in chips)
Seat 4: b2b36f64 ($5.65 in chips)
Seat 5: e325705d ($6.48 in chips)
Seat 6: 9d9094fd ($5 in chips)
9d9094fd: posts small blind $0.02
c1baf7a8: posts big blind $0.05
*** HOLE CARDS ***
Dealt to c1baf7a8 
Dealt to 6f069382 
Dealt to Hero [6s 7h]
Dealt to b2b36f64 
Dealt to e325705d 
Dealt to 9d9094fd 
6f069382: raises $0.05 to $0.1
Hero: folds
b2b36f64: folds
e325705d: folds
9d9094fd: folds
c1baf7a8: folds
Uncalled bet ($0.05) returned to 6f069382
*** SHOWDOWN ***
6f069382 collected $0.12 from pot
*** SUMMARY ***
Total pot $0.12 | Rake $0 | Jackpot $0 | Bingo $0 | Fortune $0 | Tax $0
Seat 1: c1baf7a8 (big blind) folded before Flop
Seat 2: 6f069382 collected ($0.12)
Seat 3: Hero folded before Flop (didn't bet)
Seat 4: b2b36f64 folded before Flop (didn't bet)
Seat 5: e325705d (button) folded before Flop (didn't bet)
Seat 6: 9d9094fd (small blind) folded before Flop


Poker Hand #HD1592987825: Hold'em No Limit ($0.02/$0.05) - 2024/01/17 21:32:52
Table 'NLHBlue106' 6-max Seat #4 is the button
Seat 1: c1baf7a8 ($0.8 in chips)
Seat 2: 6f069382 ($5.23 in chips)
Seat 3: Hero ($6.71 in chips)
Seat 4: b2b36f64 ($5.65 in chips)
Seat 5: e325705d ($6.5 in chips)
Seat 6: 9d9094fd ($5 in chips)
e325705d: posts small blind $0.02
9d9094fd: posts big blind $0.05
*** HOLE CARDS ***
Dealt to c1baf7a8 
Dealt to 6f069382 
Dealt to Hero [Ks Ad]
Dealt to b2b36f64 
Dealt to e325705d 
Dealt to 9d9094fd 
c1baf7a8: raises $0.05 to $0.1
6f069382: folds
Hero: raises $0.26 to $0.36
b2b36f64: folds
e325705d: folds
9d9094fd: folds
c1baf7a8: calls $0.26
*** FLOP *** [4s 6s Qd]
c1baf7a8: bets $0.44 and is all-in
Hero: calls $0.44
c1baf7a8: shows [Jd Qc] (Pair of Queens)
Hero: shows [Ks Ad] (Ace-High)
*** TURN *** [4s 6s Qd] [3s]
*** RIVER *** [4s 6s Qd 3s] [Th]
*** SHOWDOWN ***
c1baf7a8 collected $1.53 from pot
*** SUMMARY ***
Total pot $1.67 | Rake $0.09 | Jackpot $0.05 | Bingo $0 | Fortune $0 | Tax $0
Board [4s 6s Qd 3s Th]
Seat 1: c1baf7a8 showed [Jd Qc] and won ($1.53) with Pair of Queens
Seat 2: 6f069382 folded before Flop (didn't bet)
Seat 3: Hero showed [Ks Ad] and lost with Ace-High
Seat 4: b2b36f64 (button) folded before Flop (didn't bet)
Seat 5: e325705d (small blind) folded before Flop
Seat 6: 9d9094fd (big blind) folded before Flop


Poker Hand #HD1592987769: Hold'em No Limit ($0.02/$0.05) - 2024/01/17 21:32:29
Table 'NLHBlue106' 6-max Seat #3 is the button
Seat 1: c1baf7a8 ($0.8 in chips)
Seat 2: 6f069382 ($5.23 in chips)
Seat 3: Hero ($6.64 in chips)
Seat 4: b2b36f64 ($5.67 in chips)
Seat 5: e325705d ($6.55 in chips)
Seat 6: 9d9094fd ($5 in chips)
b2b36f64: posts small blind $0.02
e325705d: posts big blind $0.05
*** HOLE CARDS ***
Dealt to c1baf7a8 
Dealt to 6f069382 
Dealt to Hero [Qs Ts]
Dealt to b2b36f64 
Dealt to e325705d 
Dealt to 9d9094fd 
9d9094fd: folds
c1baf7a8: folds
6f069382: folds
Hero: raises $0.07 to $0.12
b2b36f64: folds
e325705d: folds
Uncalled bet ($0.07) returned to Hero
*** SHOWDOWN ***
Hero collected $0.12 from pot
*** SUMMARY ***
Total pot $0.12 | Rake $0 | Jackpot $0 | Bingo $0 | Fortune $0 | Tax $0
Seat 1: c1baf7a8 folded before Flop (didn't bet)
Seat 2: 6f069382 folded before Flop (didn't bet)
Seat 3: Hero (button) collected ($0.12)
Seat 4: b2b36f64 (small blind) folded before Flop
Seat 5: e325705d (big blind) folded before Flop
Seat 6: 9d9094fd folded before Flop (didn't bet)


Poker Hand #HD1592987654: Hold'em No Limit ($0.02/$0.05) - 2024/01/17 21:31:40
Table 'NLHBlue106' 6-max Seat #2 is the button
Seat 1: c1baf7a8 ($1.08 in chips)
Seat 2: 6f069382 ($5.23 in chips)
Seat 3: Hero ($6.66 in chips)
Seat 4: b2b36f64 ($5.39 in chips)
Seat 5: e325705d ($6.55 in chips)
Seat 6: 9d9094fd ($5 in chips)
Hero: posts small blind $0.02
b2b36f64: posts big blind $0.05
c1baf7a8: posts missed blind $0.02
*** HOLE CARDS ***
Dealt to c1baf7a8 
Dealt to 6f069382 
Dealt to Hero [7h Js]
Dealt to b2b36f64 
Dealt to e325705d 
Dealt to 9d9094fd 
e325705d: folds
9d9094fd: folds
c1baf7a8: calls $0.05
6f069382: folds
Hero: folds
b2b36f64: raises $0.11 to $0.16
c1baf7a8: calls $0.11
*** FLOP *** [4h 2d 2c]
b2b36f64: checks
c1baf7a8: bets $0.05
b2b36f64: calls $0.05
*** TURN *** [4h 2d 2c] [6d]
b2b36f64: checks
c1baf7a8: bets $0.05
b2b36f64: calls $0.05
*** RIVER *** [4h 2d 2c 6d] [4s]
b2b36f64: checks
c1baf7a8: checks
b2b36f64: shows [Tc Ad] (Pair of Fours and Pair of Twos)
c1baf7a8: shows [8d Kd] (Pair of Fours and Pair of Twos)
*** SHOWDOWN ***
b2b36f64 collected $0.54 from pot
*** SUMMARY ***
Total pot $0.56 | Rake $0.02 | Jackpot $0 | Bingo $0 | Fortune $0 | Tax $0
Board [4h 2d 2c 6d 4s]
Seat 1: c1baf7a8 showed [8d Kd] and lost with Pair of Fours and Pair of Twos
Seat 2: 6f069382 (button) folded before Flop (didn't bet)
Seat 3: Hero (small blind) folded before Flop
Seat 4: b2b36f64 (big blind) showed [Tc Ad] and won ($0.54) with Pair of Fours and Pair of Twos
Seat 5: e325705d folded before Flop (didn't bet)
Seat 6: 9d9094fd folded before Flop (didn't bet)


Poker Hand #HD1592987517: Hold'em No Limit ($0.02/$0.05) - 2024/01/17 21:30:48
Table 'NLHBlue106' 6-max Seat #6 is the button
Seat 2: 6f069382 ($5.25 in chips)
Seat 3: Hero ($8.09 in chips)
Seat 4: b2b36f64 ($5.39 in chips)
Seat 5: e325705d ($5.29 in chips)
Seat 6: 9d9094fd ($5 in chips)
6f069382: posts small blind $0.02
Hero: posts big blind $0.05
*** HOLE CARDS ***
Dealt to 6f069382 
Dealt to Hero [Ts Qh]
Dealt to b2b36f64 
Dealt to e325705d 
Dealt to 9d9094fd 
b2b36f64: folds
e325705d: raises $0.05 to $0.1
9d9094fd: folds
6f069382: folds
Hero: calls $0.05
*** FLOP *** [Qc 3h 3s]
Hero: bets $0.05
e325705d: raises $0.32 to $0.37
Hero: calls $0.32
*** TURN *** [Qc 3h 3s] [7c]
Hero: checks
e325705d: checks
*** RIVER *** [Qc 3h 3s 7c] [7s]
Hero: checks
e325705d: bets $0.96
Hero: calls $0.96
e325705d: shows [7d 9d] (Sevens Full over Treys)
Hero: shows [Ts Qh] (Pair of Queens and Pair of Sevens)
*** SHOWDOWN ***
e325705d collected $2.69 from pot
*** SUMMARY ***
Total pot $2.88 | Rake $0.14 | Jackpot $0.05 | Bingo $0 | Fortune $0 | Tax $0
Board [Qc 3h 3s 7c 7s]
Seat 2: 6f069382 (small blind) folded before Flop
Seat 3: Hero (big blind) showed [Ts Qh] and lost with Pair of Queens and Pair of Sevens
Seat 4: b2b36f64 folded before Flop (didn't bet)
Seat 5: e325705d showed [7d 9d] and won ($2.69) with Sevens Full over Treys
Seat 6: 9d9094fd (button) folded before Flop (didn't bet)


Poker Hand #HD1592987315: Hold'em No Limit ($0.02/$0.05) - 2024/01/17 21:29:24
Table 'NLHBlue106' 6-max Seat #5 is the button
Seat 1: c1baf7a8 ($1.16 in chips)
Seat 2: 6f069382 ($5.25 in chips)
Seat 3: Hero ($7.07 in chips)
Seat 4: b2b36f64 ($5.39 in chips)
Seat 5: e325705d ($5.29 in chips)
Seat 6: 9d9094fd ($5 in chips)
9d9094fd: posts small blind $0.02
c1baf7a8: posts big blind $0.05
Hero: posts big blind $0.05
Hero: posts missed blind $0.02
*** HOLE CARDS ***
Dealt to c1baf7a8 
Dealt to 6f069382 
Dealt to Hero [Qs Qc]
Dealt to b2b36f64 
Dealt to e325705d 
Dealt to 9d9094fd 
6f069382: folds
Hero: checks
b2b36f64: folds
e325705d: folds
9d9094fd: folds
c1baf7a8: checks
*** FLOP *** [7d 9h Jh]
c1baf7a8: bets $0.11
Hero: raises $0.25 to $0.36
c1baf7a8: calls $0.25
*** TURN *** [7d 9h Jh] [Jd]
c1baf7a8: checks
Hero: checks
*** RIVER *** [7d 9h Jh Jd] [Qd]
c1baf7a8: bets $0.75 and is all-in
Hero: calls $0.75
c1baf7a8: shows [Jc 3d] (Three Jacks)
Hero: shows [Qs Qc] (Queens Full over Jacks)
*** SHOWDOWN ***
Hero collected $2.2 from pot
*** SUMMARY ***
Total pot $2.36 | Rake $0.11 | Jackpot $0.05 | Bingo $0 | Fortune $0 | Tax $0
Board [7d 9h Jh Jd Qd]
Seat 1: c1baf7a8 (big blind) showed [Jc 3d] and lost with Three Jacks
Seat 2: 6f069382 folded before Flop (didn't bet)
Seat 3: Hero showed [Qs Qc] and won ($2.2) with Queens Full over Jacks
Seat 4: b2b36f64 folded before Flop (didn't bet)
Seat 5: e325705d (button) folded before Flop (didn't bet)
Seat 6: 9d9094fd (small blind) folded before Flop


Poker Hand #HD1592986950: Hold'em No Limit ($0.02/$0.05) - 2024/01/17 21:27:00
Table 'NLHBlue106' 6-max Seat #4 is the button
Seat 2: 6f069382 ($5.18 in chips)
Seat 3: Hero ($7.07 in chips)
Seat 4: b2b36f64 ($5.39 in chips)
Seat 5: e325705d ($5.48 in chips)
Seat 6: 9d9094fd ($5 in chips)
e325705d: posts small blind $0.02
9d9094fd: posts big blind $0.05
*** HOLE CARDS ***
Dealt to 6f069382 
Dealt to Hero [5h Qh]
Dealt to b2b36f64 
Dealt to e325705d 
Dealt to 9d9094fd 
6f069382: folds
Hero: folds
b2b36f64: folds
e325705d: folds
Uncalled bet ($0.03) returned to 9d9094fd
*** SHOWDOWN ***
9d9094fd collected $0.04 from pot
*** SUMMARY ***
Total pot $0.04 | Rake $0 | Jackpot $0 | Bingo $0 | Fortune $0 | Tax $0
Seat 2: 6f069382 folded before Flop (didn't bet)
Seat 3: Hero folded before Flop (didn't bet)
Seat 4: b2b36f64 (button) folded before Flop (didn't bet)
Seat 5: e325705d (small blind) folded before Flop
Seat 6: 9d9094fd (big blind) collected ($0.04)


Poker Hand #HD1592986927: Hold'em No Limit ($0.02/$0.05) - 2024/01/17 21:26:53
Table 'NLHBlue106' 6-max Seat #3 is the button
Seat 3: Hero ($7.07 in chips)
Seat 4: b2b36f64 ($5.41 in chips)
Seat 5: e325705d ($5.46 in chips)
b2b36f64: posts small blind $0.02
e325705d: posts big blind $0.05
*** HOLE CARDS ***
Dealt to Hero [5c 9h]
Dealt to b2b36f64 
Dealt to e325705d 
Hero: folds
b2b36f64: folds
Uncalled bet ($0.03) returned to e325705d
*** SHOWDOWN ***
e325705d collected $0.04 from pot
*** SUMMARY ***
Total pot $0.04 | Rake $0 | Jackpot $0 | Bingo $0 | Fortune $0 | Tax $0
Seat 3: Hero (button) folded before Flop (didn't bet)
Seat 4: b2b36f64 (small blind) folded before Flop
Seat 5: e325705d (big blind) collected ($0.04)


Poker Hand #HD1592986884: Hold'em No Limit ($0.02/$0.05) - 2024/01/17 21:26:35
Table 'NLHBlue106' 6-max Seat #2 is the button
Seat 2: 6f069382 ($5.18 in chips)
Seat 3: Hero ($7.09 in chips)
Seat 4: b2b36f64 ($5.39 in chips)
Seat 5: e325705d ($5.46 in chips)
Hero: posts small blind $0.02
b2b36f64: posts big blind $0.05
*** HOLE CARDS ***
Dealt to 6f069382 
Dealt to Hero [8s 9h]
Dealt to b2b36f64 
Dealt to e325705d 
e325705d: folds
6f069382: folds
Hero: folds
Uncalled bet ($0.03) returned to b2b36f64
*** SHOWDOWN ***
b2b36f64 collected $0.04 from pot
*** SUMMARY ***
Total pot $0.04 | Rake $0 | Jackpot $0 | Bingo $0 | Fortune $0 | Tax $0
Seat 2: 6f069382 (button) folded before Flop (didn't bet)
Seat 3: Hero (small blind) folded before Flop
Seat 4: b2b36f64 (big blind) collected ($0.04)
Seat 5: e325705d folded before Flop (didn't bet)


Poker Hand #HD1592986727: Hold'em No Limit ($0.02/$0.05) - 2024/01/17 21:25:32
Table 'NLHBlue106' 6-max Seat #5 is the button
Seat 2: 6f069382 ($5.23 in chips)
Seat 3: Hero ($7.04 in chips)
Seat 4: b2b36f64 ($5.39 in chips)
Seat 5: e325705d ($5.46 in chips)
6f069382: posts small blind $0.02
Hero: posts big blind $0.05
*** HOLE CARDS ***
Dealt to 6f069382 
Dealt to Hero [4d 8h]
Dealt to b2b36f64 
Dealt to e325705d 
b2b36f64: folds
e325705d: folds
6f069382: calls $0.03
Hero: checks
*** FLOP *** [3s Ac 5h]
6f069382: checks
Hero: checks
*** TURN *** [3s Ac 5h] [4h]
6f069382: checks
Hero: checks
*** RIVER *** [3s Ac 5h 4h] [6h]
6f069382: checks
Hero: checks
6f069382: shows [Jh 8d] (Ace-High)
Hero: shows [4d 8h] (Pair of Fours)
*** SHOWDOWN ***
Hero collected $0.1 from pot
*** SUMMARY ***
Total pot $0.1 | Rake $0 | Jackpot $0 | Bingo $0 | Fortune $0 | Tax $0
Board [3s Ac 5h 4h 6h]
Seat 2: 6f069382 (small blind) showed [Jh 8d] and lost with Ace-High
Seat 3: Hero (big blind) showed [4d 8h] and won ($0.1) with Pair of Fours
Seat 4: b2b36f64 folded before Flop (didn't bet)
Seat 5: e325705d (button) folded before Flop (didn't bet)


Poker Hand #HD1592986693: Hold'em No Limit ($0.02/$0.05) - 2024/01/17 21:25:20
Table 'NLHBlue106' 6-max Seat #4 is the button
Seat 2: 6f069382 ($5.28 in chips)
Seat 3: Hero ($7.04 in chips)
Seat 4: b2b36f64 ($5.39 in chips)
Seat 5: e325705d ($5.41 in chips)
e325705d: posts small blind $0.02
6f069382: posts big blind $0.05
*** HOLE CARDS ***
Dealt to 6f069382 
Dealt to Hero [5d 8s]
Dealt to b2b36f64 
Dealt to e325705d 
Hero: folds
b2b36f64: folds
e325705d: raises $0.1 to $0.15
6f069382: folds
Uncalled bet ($0.1) returned to e325705d
*** SHOWDOWN ***
e325705d collected $0.1 from pot
*** SUMMARY ***
Total pot $0.1 | Rake $0 | Jackpot $0 | Bingo $0 | Fortune $0 | Tax $0
Seat 2: 6f069382 (big blind) folded before Flop
Seat 3: Hero folded before Flop (didn't bet)
Seat 4: b2b36f64 (button) folded before Flop (didn't bet)
Seat 5: e325705d (small blind) collected ($0.1)


Poker Hand #HD1592986625: Hold'em No Limit ($0.02/$0.05) - 2024/01/17 21:24:50
Table 'NLHBlue106' 6-max Seat #3 is the button
Seat 2: 6f069382 ($5.28 in chips)
Seat 3: Hero ($7.04 in chips)
Seat 4: b2b36f64 ($5.84 in chips)
Seat 5: e325705d ($5 in chips)
b2b36f64: posts small blind $0.02
e325705d: posts big blind $0.05
*** HOLE CARDS ***
Dealt to 6f069382 
Dealt to Hero [4h Ad]
Dealt to b2b36f64 
Dealt to e325705d 
6f069382: folds
Hero: folds
b2b36f64: raises $0.1 to $0.15
e325705d: raises $0.3 to $0.45
b2b36f64: calls $0.3
*** FLOP *** [3s 2h 9h]
b2b36f64: checks
e325705d: bets $0.3
b2b36f64: folds
Uncalled bet ($0.3) returned to e325705d
*** SHOWDOWN ***
e325705d collected $0.86 from pot
*** SUMMARY ***
Total pot $0.9 | Rake $0.04 | Jackpot $0 | Bingo $0 | Fortune $0 | Tax $0
Board [3s 2h 9h]
Seat 2: 6f069382 folded before Flop (didn't bet)
Seat 3: Hero (button) folded before Flop (didn't bet)
Seat 4: b2b36f64 (small blind) folded on the Flop
Seat 5: e325705d (big blind) won ($0.86)


Poker Hand #HD1592986611: Hold'em No Limit ($0.02/$0.05) - 2024/01/17 21:24:44
Table 'NLHBlue106' 6-max Seat #2 is the button
Seat 2: 6f069382 ($5.28 in chips)
Seat 3: Hero ($7.06 in chips)
Seat 4: b2b36f64 ($5.82 in chips)
Seat 5: e325705d ($5 in chips)
Hero: posts small blind $0.02
b2b36f64: posts big blind $0.05
*** HOLE CARDS ***
Dealt to 6f069382 
Dealt to Hero [Th 5d]
Dealt to b2b36f64 
Dealt to e325705d 
e325705d: folds
6f069382: folds
Hero: folds
Uncalled bet ($0.03) returned to b2b36f64
*** SHOWDOWN ***
b2b36f64 collected $0.04 from pot
*** SUMMARY ***
Total pot $0.04 | Rake $0 | Jackpot $0 | Bingo $0 | Fortune $0 | Tax $0
Seat 2: 6f069382 (button) folded before Flop (didn't bet)
Seat 3: Hero (small blind) folded before Flop
Seat 4: b2b36f64 (big blind) collected ($0.04)
Seat 5: e325705d folded before Flop (didn't bet)


Poker Hand #HD1592986519: Hold'em No Limit ($0.02/$0.05) - 2024/01/17 21:24:11
Table 'NLHBlue106' 6-max Seat #5 is the button
Seat 2: 6f069382 ($5.23 in chips)
Seat 3: Hero ($7.11 in chips)
Seat 4: b2b36f64 ($5.82 in chips)
Seat 5: e325705d ($5 in chips)
6f069382: posts small blind $0.02
Hero: posts big blind $0.05
*** HOLE CARDS ***
Dealt to 6f069382 
Dealt to Hero [3c Kh]
Dealt to b2b36f64 
Dealt to e325705d 
b2b36f64: folds
e325705d: folds
6f069382: calls $0.03
Hero: checks
*** FLOP *** [8h 8c 9h]
6f069382: checks
Hero: checks
*** TURN *** [8h 8c 9h] [Qd]
6f069382: bets $0.1
Hero: folds
Uncalled bet ($0.1) returned to 6f069382
*** SHOWDOWN ***
6f069382 collected $0.1 from pot
*** SUMMARY ***
Total pot $0.1 | Rake $0 | Jackpot $0 | Bingo $0 | Fortune $0 | Tax $0
Board [8h 8c 9h Qd]
Seat 2: 6f069382 (small blind) won ($0.1)
Seat 3: Hero (big blind) folded on the Turn
Seat 4: b2b36f64 folded before Flop (didn't bet)
Seat 5: e325705d (button) folded before Flop (didn't bet)


Poker Hand #HD1592986425: Hold'em No Limit ($0.02/$0.05) - 2024/01/17 21:23:37
Table 'NLHBlue106' 6-max Seat #4 is the button
Seat 2: 6f069382 ($5.07 in chips)
Seat 3: Hero ($7.11 in chips)
Seat 4: b2b36f64 ($5.97 in chips)
Seat 5: e325705d ($5 in chips)
e325705d: posts small blind $0.02
6f069382: posts big blind $0.05
*** HOLE CARDS ***
Dealt to 6f069382 
Dealt to Hero [5h 3h]
Dealt to b2b36f64 
Dealt to e325705d 
Hero: folds
b2b36f64: raises $0.1 to $0.15
e325705d: folds
6f069382: calls $0.1
*** FLOP *** [Kh Jd 2s]
6f069382: checks
b2b36f64: checks
*** TURN *** [Kh Jd 2s] [Ks]
6f069382: checks
b2b36f64: checks
*** RIVER *** [Kh Jd 2s Ks] [4d]
6f069382: bets $0.25
b2b36f64: folds
Uncalled bet ($0.25) returned to 6f069382
*** SHOWDOWN ***
6f069382 collected $0.31 from pot
*** SUMMARY ***
Total pot $0.32 | Rake $0.01 | Jackpot $0 | Bingo $0 | Fortune $0 | Tax $0
Board [Kh Jd 2s Ks 4d]
Seat 2: 6f069382 (big blind) won ($0.31)
Seat 3: Hero folded before Flop (didn't bet)
Seat 4: b2b36f64 (button) folded on the River
Seat 5: e325705d (small blind) folded before Flop


Poker Hand #HD1592986266: Hold'em No Limit ($0.02/$0.05) - 2024/01/17 21:22:27
Table 'NLHBlue106' 6-max Seat #3 is the button
Seat 2: 6f069382 ($5.07 in chips)
Seat 3: Hero ($8.18 in chips)
Seat 4: b2b36f64 ($5 in chips)
Seat 5: e325705d ($5 in chips)
b2b36f64: posts small blind $0.02
e325705d: posts big blind $0.05
*** HOLE CARDS ***
Dealt to 6f069382 
Dealt to Hero [Td Th]
Dealt to b2b36f64 
Dealt to e325705d 
6f069382: folds
Hero: raises $0.07 to $0.12
b2b36f64: raises $0.4 to $0.52
e325705d: folds
Hero: calls $0.4
*** FLOP *** [Kh 3c 8h]
b2b36f64: bets $0.55
Hero: calls $0.55
*** TURN *** [Kh 3c 8h] [3d]
b2b36f64: checks
Hero: checks
*** RIVER *** [Kh 3c 8h 3d] [6s]
b2b36f64: checks
Hero: checks
b2b36f64: shows [Jd Jh] (Pair of Jacks and Pair of Treys)
Hero: shows [Td Th] (Pair of Tens and Pair of Treys)
*** SHOWDOWN ***
b2b36f64 collected $2.04 from pot
*** SUMMARY ***
Total pot $2.19 | Rake $0.1 | Jackpot $0.05 | Bingo $0 | Fortune $0 | Tax $0
Board [Kh 3c 8h 3d 6s]
Seat 2: 6f069382 folded before Flop (didn't bet)
Seat 3: Hero (button) showed [Td Th] and lost with Pair of Tens and Pair of Treys
Seat 4: b2b36f64 (small blind) showed [Jd Jh] and won ($2.04) with Pair of Jacks and Pair of Treys
Seat 5: e325705d (big blind) folded before Flop


Poker Hand #HD1592986234: Hold'em No Limit ($0.02/$0.05) - 2024/01/17 21:22:14
Table 'NLHBlue106' 6-max Seat #2 is the button
Seat 2: 6f069382 ($5 in chips)
Seat 3: Hero ($8.2 in chips)
Seat 4: b2b36f64 ($5 in chips)
Seat 5: e325705d ($5 in chips)
Hero: posts small blind $0.02
b2b36f64: posts big blind $0.05
*** HOLE CARDS ***
Dealt to 6f069382 
Dealt to Hero [Kh 7s]
Dealt to b2b36f64 
Dealt to e325705d 
e325705d: folds
6f069382: raises $0.05 to $0.1
Hero: folds
b2b36f64: folds
Uncalled bet ($0.05) returned to 6f069382
*** SHOWDOWN ***
6f069382 collected $0.12 from pot
*** SUMMARY ***
Total pot $0.12 | Rake $0 | Jackpot $0 | Bingo $0 | Fortune $0 | Tax $0
Seat 2: 6f069382 (button) collected ($0.12)
Seat 3: Hero (small blind) folded before Flop
Seat 4: b2b36f64 (big blind) folded before Flop
Seat 5: e325705d folded before Flop (didn't bet)


Poker Hand #HD1592986146: Hold'em No Limit ($0.02/$0.05) - 2024/01/17 21:21:42
Table 'NLHBlue106' 6-max Seat #5 is the button
Seat 2: 6f069382 ($5.53 in chips)
Seat 3: Hero ($7.06 in chips)
Seat 4: b2b36f64 ($5 in chips)
Seat 5: e325705d ($5.07 in chips)
6f069382: posts small blind $0.02
Hero: posts big blind $0.05
*** HOLE CARDS ***
Dealt to 6f069382 
Dealt to Hero [Ac Ks]
Dealt to b2b36f64 
Dealt to e325705d 
b2b36f64: folds
e325705d: raises $0.05 to $0.1
6f069382: raises $0.2 to $0.3
Hero: raises $0.91 to $1.21
e325705d: folds
6f069382: calls $0.91
*** FLOP *** [Qs Th Ad]
6f069382: checks
Hero: bets $1.84
6f069382: folds
Uncalled bet ($1.84) returned to Hero
*** SHOWDOWN ***
Hero collected $2.35 from pot
*** SUMMARY ***
Total pot $2.52 | Rake $0.12 | Jackpot $0.05 | Bingo $0 | Fortune $0 | Tax $0
Board [Qs Th Ad]
Seat 2: 6f069382 (small blind) folded on the Flop
Seat 3: Hero (big blind) won ($2.35)
Seat 4: b2b36f64 folded before Flop (didn't bet)
Seat 5: e325705d (button) folded before Flop


Poker Hand #HD1592986044: Hold'em No Limit ($0.02/$0.05) - 2024/01/17 21:20:58
Table 'NLHBlue106' 6-max Seat #4 is the button
Seat 2: 6f069382 ($5.4 in chips)
Seat 3: Hero ($7.18 in chips)
Seat 4: b2b36f64 ($5 in chips)
Seat 5: e325705d ($5.09 in chips)
e325705d: posts small blind $0.02
6f069382: posts big blind $0.05
*** HOLE CARDS ***
Dealt to 6f069382 
Dealt to Hero [8d 8h]
Dealt to b2b36f64 
Dealt to e325705d 
Hero: raises $0.07 to $0.12
b2b36f64: folds
e325705d: folds
6f069382: calls $0.07
*** FLOP *** [Js Jc 9s]
6f069382: checks
Hero: checks
*** TURN *** [Js Jc 9s] [9d]
6f069382: checks
Hero: checks
*** RIVER *** [Js Jc 9s 9d] [Qd]
6f069382: checks
Hero: checks
6f069382: shows [9h Qs] (Nines Full over Queens)
Hero: shows [8d 8h] (Pair of Jacks and Pair of Nines)
*** SHOWDOWN ***
6f069382 collected $0.25 from pot
*** SUMMARY ***
Total pot $0.26 | Rake $0.01 | Jackpot $0 | Bingo $0 | Fortune $0 | Tax $0
Board [Js Jc 9s 9d Qd]
Seat 2: 6f069382 (big blind) showed [9h Qs] and won ($0.25) with Nines Full over Queens
Seat 3: Hero showed [8d 8h] and lost with Pair of Jacks and Pair of Nines
Seat 4: b2b36f64 (button) folded before Flop (didn't bet)
Seat 5: e325705d (small blind) folded before Flop


Poker Hand #HD1592986007: Hold'em No Limit ($0.02/$0.05) - 2024/01/17 21:20:42
Table 'NLHBlue106' 6-max Seat #3 is the button
Seat 2: 6f069382 ($5.4 in chips)
Seat 3: Hero ($7.11 in chips)
Seat 4: b2b36f64 ($5 in chips)
Seat 5: e325705d ($5.14 in chips)
b2b36f64: posts small blind $0.02
e325705d: posts big blind $0.05
*** HOLE CARDS ***
Dealt to 6f069382 
Dealt to Hero [8c 6c]
Dealt to b2b36f64 
Dealt to e325705d 
6f069382: folds
Hero: raises $0.07 to $0.12
b2b36f64: folds
e325705d: folds
Uncalled bet ($0.07) returned to Hero
*** SHOWDOWN ***
Hero collected $0.12 from pot
*** SUMMARY ***
Total pot $0.12 | Rake $0 | Jackpot $0 | Bingo $0 | Fortune $0 | Tax $0
Seat 2: 6f069382 folded before Flop (didn't bet)
Seat 3: Hero (button) collected ($0.12)
Seat 4: b2b36f64 (small blind) folded before Flop
Seat 5: e325705d (big blind) folded before Flop


Poker Hand #HD1592985970: Hold'em No Limit ($0.02/$0.05) - 2024/01/17 21:20:27
Table 'NLHBlue106' 6-max Seat #2 is the button
Seat 2: 6f069382 ($5.4 in chips)
Seat 3: Hero ($7.13 in chips)
Seat 4: b2b36f64 ($5 in chips)
Seat 5: e325705d ($5.07 in chips)
Hero: posts small blind $0.02
b2b36f64: posts big blind $0.05
*** HOLE CARDS ***
Dealt to 6f069382 
Dealt to Hero [5d 8h]
Dealt to b2b36f64 
Dealt to e325705d 
e325705d: raises $0.1 to $0.15
6f069382: folds
Hero: folds
b2b36f64: folds
Uncalled bet ($0.1) returned to e325705d
*** SHOWDOWN ***
e325705d collected $0.12 from pot
*** SUMMARY ***
Total pot $0.12 | Rake $0 | Jackpot $0 | Bingo $0 | Fortune $0 | Tax $0
Seat 2: 6f069382 (button) folded before Flop (didn't bet)
Seat 3: Hero (small blind) folded before Flop
Seat 4: b2b36f64 (big blind) folded before Flop
Seat 5: e325705d collected ($0.12)


Poker Hand #HD1592985936: Hold'em No Limit ($0.02/$0.05) - 2024/01/17 21:20:14
Table 'NLHBlue106' 6-max Seat #5 is the button
Seat 2: 6f069382 ($5.42 in chips)
Seat 3: Hero ($7.18 in chips)
Seat 5: e325705d ($5 in chips)
6f069382: posts small blind $0.02
Hero: posts big blind $0.05
*** HOLE CARDS ***
Dealt to 6f069382 
Dealt to Hero [6s 5h]
Dealt to e325705d 
e325705d: raises $0.05 to $0.1
6f069382: folds
Hero: folds
Uncalled bet ($0.05) returned to e325705d
*** SHOWDOWN ***
e325705d collected $0.12 from pot
*** SUMMARY ***
Total pot $0.12 | Rake $0 | Jackpot $0 | Bingo $0 | Fortune $0 | Tax $0
Seat 2: 6f069382 (small blind) folded before Flop
Seat 3: Hero (big blind) folded before Flop
Seat 5: e325705d (button) collected ($0.12)


Poker Hand #HD1592985816: Hold'em No Limit ($0.02/$0.05) - 2024/01/17 21:19:25
Table 'NLHBlue106' 6-max Seat #3 is the button
Seat 2: 6f069382 ($5.07 in chips)
Seat 3: Hero ($7.18 in chips)
Seat 5: e325705d ($5.13 in chips)
e325705d: posts small blind $0.02
6f069382: posts big blind $0.05
*** HOLE CARDS ***
Dealt to 6f069382 
Dealt to Hero [3s 4d]
Dealt to e325705d 
Hero: folds
e325705d: raises $0.1 to $0.15
6f069382: calls $0.1
*** FLOP *** [5c 6s 6c]
e325705d: checks
6f069382: checks
*** TURN *** [5c 6s 6c] [Qs]
e325705d: checks
6f069382: checks
*** RIVER *** [5c 6s 6c Qs] [Ac]
e325705d: bets $0.23
6f069382: calls $0.23
e325705d: shows [Js 8d] (Pair of Sixes)
6f069382: shows [7s Ah] (Pair of Aces and Pair of Sixes)
*** SHOWDOWN ***
6f069382 collected $0.73 from pot
*** SUMMARY ***
Total pot $0.76 | Rake $0.03 | Jackpot $0 | Bingo $0 | Fortune $0 | Tax $0
Board [5c 6s 6c Qs Ac]
Seat 2: 6f069382 (big blind) showed [7s Ah] and won ($0.73) with Pair of Aces and Pair of Sixes
Seat 3: Hero (button) folded before Flop (didn't bet)
Seat 5: e325705d (small blind) showed [Js 8d] and lost with Pair of Sixes


Poker Hand #HD1592985771: Hold'em No Limit ($0.02/$0.05) - 2024/01/17 21:19:07
Table 'NLHBlue106' 6-max Seat #2 is the button
Seat 1: c84ee715 ($5 in chips)
Seat 2: 6f069382 ($5 in chips)
Seat 3: Hero ($7.2 in chips)
Seat 5: e325705d ($5.18 in chips)
Hero: posts small blind $0.02
e325705d: posts big blind $0.05
*** HOLE CARDS ***
Dealt to c84ee715 
Dealt to 6f069382 
Dealt to Hero [2d As]
Dealt to e325705d 
c84ee715: folds
6f069382: raises $0.05 to $0.1
Hero: folds
e325705d: folds
Uncalled bet ($0.05) returned to 6f069382
*** SHOWDOWN ***
6f069382 collected $0.12 from pot
*** SUMMARY ***
Total pot $0.12 | Rake $0 | Jackpot $0 | Bingo $0 | Fortune $0 | Tax $0
Seat 1: c84ee715 folded before Flop (didn't bet)
Seat 2: 6f069382 (button) collected ($0.12)
Seat 3: Hero (small blind) folded before Flop
Seat 5: e325705d (big blind) folded before Flop


Poker Hand #HD1592985676: Hold'em No Limit ($0.02/$0.05) - 2024/01/17 21:18:27
Table 'NLHBlue106' 6-max Seat #1 is the button
Seat 1: c84ee715 ($5 in chips)
Seat 2: 6f069382 ($5.02 in chips)
Seat 3: Hero ($7.02 in chips)
Seat 5: e325705d ($5.18 in chips)
6f069382: posts small blind $0.02
Hero: posts big blind $0.05
*** HOLE CARDS ***
Dealt to c84ee715 
Dealt to 6f069382 
Dealt to Hero [Ts Th]
Dealt to e325705d 
e325705d: folds
c84ee715: folds
6f069382: calls $0.03
Hero: raises $0.15 to $0.2
6f069382: calls $0.15
*** FLOP *** [2h 7s Js]
6f069382: checks
Hero: bets $0.23
6f069382: folds
Uncalled bet ($0.23) returned to Hero
*** SHOWDOWN ***
Hero collected $0.38 from pot
*** SUMMARY ***
Total pot $0.4 | Rake $0.02 | Jackpot $0 | Bingo $0 | Fortune $0 | Tax $0
Board [2h 7s Js]
Seat 1: c84ee715 (button) folded before Flop (didn't bet)
Seat 2: 6f069382 (small blind) folded on the Flop
Seat 3: Hero (big blind) won ($0.38)
Seat 5: e325705d folded before Flop (didn't bet)


Poker Hand #HD1592875641: Hold'em No Limit ($0.02/$0.05) - 2024/01/17 21:18:16
Table 'NLHBlue106' 6-max Seat #5 is the button
Seat 1: c84ee715 ($5.02 in chips)
Seat 2: 6f069382 ($5 in chips)
Seat 3: Hero ($7.02 in chips)
Seat 5: e325705d ($5.18 in chips)
c84ee715: posts small blind $0.02
6f069382: posts big blind $0.05
*** HOLE CARDS ***
Dealt to c84ee715 
Dealt to 6f069382 
Dealt to Hero [Jh 3h]
Dealt to e325705d 
Hero: folds
e325705d: folds
c84ee715: folds
Uncalled bet ($0.03) returned to 6f069382
*** SHOWDOWN ***
6f069382 collected $0.04 from pot
*** SUMMARY ***
Total pot $0.04 | Rake $0 | Jackpot $0 | Bingo $0 | Fortune $0 | Tax $0
Seat 1: c84ee715 (small blind) folded before Flop
Seat 2: 6f069382 (big blind) collected ($0.04)
Seat 3: Hero folded before Flop (didn't bet)
Seat 5: e325705d (button) folded before Flop (didn't bet)


Poker Hand #HD1592875586: Hold'em No Limit ($0.02/$0.05) - 2024/01/17 21:17:56
Table 'NLHBlue106' 6-max Seat #4 is the button
Seat 1: c84ee715 ($5 in chips)
Seat 2: 6f069382 ($5 in chips)
Seat 3: Hero ($7.02 in chips)
Seat 4: 50499d0f ($12.94 in chips)
Seat 5: e325705d ($5.2 in chips)
e325705d: posts small blind $0.02
c84ee715: posts big blind $0.05
*** HOLE CARDS ***
Dealt to c84ee715 
Dealt to 6f069382 
Dealt to Hero [4h Jd]
Dealt to 50499d0f 
Dealt to e325705d 
6f069382: folds
Hero: folds
50499d0f: folds
e325705d: folds
Uncalled bet ($0.03) returned to c84ee715
*** SHOWDOWN ***
c84ee715 collected $0.04 from pot
*** SUMMARY ***
Total pot $0.04 | Rake $0 | Jackpot $0 | Bingo $0 | Fortune $0 | Tax $0
Seat 1: c84ee715 (big blind) collected ($0.04)
Seat 2: 6f069382 folded before Flop (didn't bet)
Seat 3: Hero folded before Flop (didn't bet)
Seat 4: 50499d0f (button) folded before Flop (didn't bet)
Seat 5: e325705d (small blind) folded before Flop


Poker Hand #HD1592875490: Hold'em No Limit ($0.02/$0.05) - 2024/01/17 21:17:18
Table 'NLHBlue106' 6-max Seat #3 is the button
Seat 2: 6f069382 ($5 in chips)
Seat 3: Hero ($7.02 in chips)
Seat 4: 50499d0f ($12.67 in chips)
Seat 5: e325705d ($5.5 in chips)
Seat 6: 6a880d79 ($0.98 in chips)
50499d0f: posts small blind $0.02
e325705d: posts big blind $0.05
*** HOLE CARDS ***
Dealt to 6f069382 
Dealt to Hero [6s 3s]
Dealt to 50499d0f 
Dealt to e325705d 
Dealt to 6a880d79 
6a880d79: folds
6f069382: folds
Hero: folds
50499d0f: calls $0.03
e325705d: raises $0.1 to $0.15
50499d0f: calls $0.1
*** FLOP *** [Ac 3c 7h]
50499d0f: checks
e325705d: bets $0.15
50499d0f: calls $0.15
*** TURN *** [Ac 3c 7h] [2h]
50499d0f: bets $0.45
e325705d: folds
Uncalled bet ($0.45) returned to 50499d0f
*** SHOWDOWN ***
50499d0f collected $0.57 from pot
*** SUMMARY ***
Total pot $0.6 | Rake $0.03 | Jackpot $0 | Bingo $0 | Fortune $0 | Tax $0
Board [Ac 3c 7h 2h]
Seat 2: 6f069382 folded before Flop (didn't bet)
Seat 3: Hero (button) folded before Flop (didn't bet)
Seat 4: 50499d0f (small blind) won ($0.57)
Seat 5: e325705d (big blind) folded on the Turn
Seat 6: 6a880d79 folded before Flop (didn't bet)


Poker Hand #HD1592875373: Hold'em No Limit ($0.02/$0.05) - 2024/01/17 21:16:28
Table 'NLHBlue106' 6-max Seat #2 is the button
Seat 2: 6f069382 ($5 in chips)
Seat 3: Hero ($7.04 in chips)
Seat 4: 50499d0f ($12.37 in chips)
Seat 5: e325705d ($5.5 in chips)
Seat 6: 6a880d79 ($1.29 in chips)
Hero: posts small blind $0.02
50499d0f: posts big blind $0.05
*** HOLE CARDS ***
Dealt to 6f069382 
Dealt to Hero [4h 7h]
Dealt to 50499d0f 
Dealt to e325705d 
Dealt to 6a880d79 
e325705d: folds
6a880d79: raises $0.1 to $0.15
6f069382: folds
Hero: folds
50499d0f: calls $0.1
*** FLOP *** [8d 7s Jh]
50499d0f: checks
6a880d79: bets $0.16
50499d0f: calls $0.16
*** TURN *** [8d 7s Jh] [3c]
50499d0f: checks
6a880d79: checks
*** RIVER *** [8d 7s Jh 3c] [8s]
50499d0f: checks
6a880d79: checks
50499d0f: shows [6c Ah] (Pair of Eights)
6a880d79: shows [Kh 9h] (Pair of Eights)
*** SHOWDOWN ***
50499d0f collected $0.61 from pot
*** SUMMARY ***
Total pot $0.64 | Rake $0.03 | Jackpot $0 | Bingo $0 | Fortune $0 | Tax $0
Board [8d 7s Jh 3c 8s]
Seat 2: 6f069382 (button) folded before Flop (didn't bet)
Seat 3: Hero (small blind) folded before Flop
Seat 4: 50499d0f (big blind) showed [6c Ah] and won ($0.61) with Pair of Eights
Seat 5: e325705d folded before Flop (didn't bet)
Seat 6: 6a880d79 showed [Kh 9h] and lost with Pair of Eights


Poker Hand #HD1592875295: Hold'em No Limit ($0.02/$0.05) - 2024/01/17 21:15:51
Table 'NLHBlue106' 6-max Seat #6 is the button
Seat 1: d0f3d0a6 ($5 in chips)
Seat 2: 6f069382 ($5 in chips)
Seat 3: Hero ($7.04 in chips)
Seat 4: 50499d0f ($12.85 in chips)
Seat 5: e325705d ($5 in chips)
Seat 6: 6a880d79 ($1.29 in chips)
d0f3d0a6: posts small blind $0.02
6f069382: posts big blind $0.05
*** HOLE CARDS ***
Dealt to d0f3d0a6 
Dealt to 6f069382 
Dealt to Hero [Kd 5s]
Dealt to 50499d0f 
Dealt to e325705d 
Dealt to 6a880d79 
Hero: folds
50499d0f: calls $0.05
e325705d: raises $0.17 to $0.22
6a880d79: folds
d0f3d0a6: folds
6f069382: folds
50499d0f: calls $0.17
*** FLOP *** [Qs 3h Jd]
50499d0f: checks
e325705d: checks
*** TURN *** [Qs 3h Jd] [4h]
50499d0f: checks
e325705d: bets $0.26
50499d0f: calls $0.26
*** RIVER *** [Qs 3h Jd 4h] [Js]
50499d0f: checks
e325705d: bets $0.78
50499d0f: folds
Uncalled bet ($0.78) returned to e325705d
*** SHOWDOWN ***
e325705d collected $0.98 from pot
*** SUMMARY ***
Total pot $1.03 | Rake $0.05 | Jackpot $0 | Bingo $0 | Fortune $0 | Tax $0
Board [Qs 3h Jd 4h Js]
Seat 1: d0f3d0a6 (small blind) folded before Flop
Seat 2: 6f069382 (big blind) folded before Flop
Seat 3: Hero folded before Flop (didn't bet)
Seat 4: 50499d0f folded on the River
Seat 5: e325705d won ($0.98)
Seat 6: 6a880d79 (button) folded before Flop (didn't bet)


Poker Hand #HD1592875147: Hold'em No Limit ($0.02/$0.05) - 2024/01/17 21:14:54
Table 'NLHBlue106' 6-max Seat #5 is the button
Seat 1: d0f3d0a6 ($5 in chips)
Seat 2: 6f069382 ($5 in chips)
Seat 3: Hero ($7.04 in chips)
Seat 4: 50499d0f ($11.72 in chips)
Seat 5: e325705d ($5.04 in chips)
Seat 6: 6a880d79 ($1.51 in chips)
6a880d79: posts small blind $0.02
d0f3d0a6: posts big blind $0.05
*** HOLE CARDS ***
Dealt to d0f3d0a6 
Dealt to 6f069382 
Dealt to Hero [Th 6c]
Dealt to 50499d0f 
Dealt to e325705d 
Dealt to 6a880d79 
6f069382: folds
Hero: folds
50499d0f: calls $0.05
e325705d: raises $0.17 to $0.22
6a880d79: calls $0.2
d0f3d0a6: calls $0.17
50499d0f: calls $0.17
*** FLOP *** [2d 9s 9h]
6a880d79: checks
d0f3d0a6: checks
50499d0f: checks
e325705d: bets $0.3
6a880d79: folds
d0f3d0a6: calls $0.3
50499d0f: calls $0.3
*** TURN *** [2d 9s 9h] [Kd]
d0f3d0a6: checks
50499d0f: bets $0.59
e325705d: folds
d0f3d0a6: folds
Uncalled bet ($0.59) returned to 50499d0f
*** SHOWDOWN ***
50499d0f collected $1.65 from pot
*** SUMMARY ***
Total pot $1.78 | Rake $0.08 | Jackpot $0.05 | Bingo $0 | Fortune $0 | Tax $0
Board [2d 9s 9h Kd]
Seat 1: d0f3d0a6 (big blind) folded on the Turn
Seat 2: 6f069382 folded before Flop (didn't bet)
Seat 3: Hero folded before Flop (didn't bet)
Seat 4: 50499d0f won ($1.65)
Seat 5: e325705d (button) folded on the Turn
Seat 6: 6a880d79 (small blind) folded on the Flop


Poker Hand #HD1592875009: Hold'em No Limit ($0.02/$0.05) - 2024/01/17 21:13:59
Table 'NLHBlue106' 6-max Seat #4 is the button
Seat 1: d0f3d0a6 ($5 in chips)
Seat 2: 6f069382 ($5 in chips)
Seat 3: Hero ($7.04 in chips)
Seat 4: 50499d0f ($11.72 in chips)
Seat 5: e325705d ($5.06 in chips)
Seat 6: 6a880d79 ($1.32 in chips)
e325705d: posts small blind $0.02
6a880d79: posts big blind $0.05
*** HOLE CARDS ***
Dealt to d0f3d0a6 
Dealt to 6f069382 
Dealt to Hero [Jd 7s]
Dealt to 50499d0f 
Dealt to e325705d 
Dealt to 6a880d79 
d0f3d0a6: folds
6f069382: raises $0.05 to $0.1
Hero: folds
50499d0f: folds
e325705d: folds
6a880d79: calls $0.05
*** FLOP *** [9d Ks 4d]
6a880d79: checks
6f069382: bets $0.08
6a880d79: calls $0.08
*** TURN *** [9d Ks 4d] [5d]
6a880d79: checks
6f069382: checks
*** RIVER *** [9d Ks 4d 5d] [Jh]
6a880d79: bets $0.55
6f069382: folds
Uncalled bet ($0.55) returned to 6a880d79
*** SHOWDOWN ***
6a880d79 collected $0.37 from pot
*** SUMMARY ***
Total pot $0.38 | Rake $0.01 | Jackpot $0 | Bingo $0 | Fortune $0 | Tax $0
Board [9d Ks 4d 5d Jh]
Seat 1: d0f3d0a6 folded before Flop (didn't bet)
Seat 2: 6f069382 folded on the River
Seat 3: Hero folded before Flop (didn't bet)
Seat 4: 50499d0f (button) folded before Flop (didn't bet)
Seat 5: e325705d (small blind) folded before Flop
Seat 6: 6a880d79 (big blind) won ($0.37)


Poker Hand #HD1592874856: Hold'em No Limit ($0.02/$0.05) - 2024/01/17 21:12:57
Table 'NLHBlue106' 6-max Seat #3 is the button
Seat 1: d0f3d0a6 ($5 in chips)
Seat 2: 6f069382 ($5 in chips)
Seat 3: Hero ($6.98 in chips)
Seat 4: 50499d0f ($11.84 in chips)
Seat 5: e325705d ($5 in chips)
Seat 6: 6a880d79 ($1.32 in chips)
50499d0f: posts small blind $0.02
e325705d: posts big blind $0.05
*** HOLE CARDS ***
Dealt to d0f3d0a6 
Dealt to 6f069382 
Dealt to Hero [6s As]
Dealt to 50499d0f 
Dealt to e325705d 
Dealt to 6a880d79 
6a880d79: folds
d0f3d0a6: folds
6f069382: folds
Hero: raises $0.07 to $0.12
50499d0f: calls $0.1
e325705d: calls $0.07
*** FLOP *** [9d 3h 7s]
50499d0f: checks
e325705d: checks
Hero: checks
*** TURN *** [9d 3h 7s] [3d]
50499d0f: checks
e325705d: checks
Hero: checks
*** RIVER *** [9d 3h 7s 3d] [Kc]
50499d0f: checks
e325705d: checks
Hero: checks
50499d0f: shows [4h 8d] (Pair of Treys)
e325705d: shows [8c Ac] (Pair of Treys)
Hero: shows [6s As] (Pair of Treys)
*** SHOWDOWN ***
e325705d collected $0.18 from pot
Hero collected $0.18 from pot
*** SUMMARY ***
Total pot $0.36 | Rake $0 | Jackpot $0 | Bingo $0 | Fortune $0 | Tax $0
Board [9d 3h 7s 3d Kc]
Seat 1: d0f3d0a6 folded before Flop (didn't bet)
Seat 2: 6f069382 folded before Flop (didn't bet)
Seat 3: Hero (button) showed [6s As] and won ($0.18) with Pair of Treys
Seat 4: 50499d0f (small blind) showed [4h 8d] and lost with Pair of Treys
Seat 5: e325705d (big blind) showed [8c Ac] and won ($0.18) with Pair of Treys
Seat 6: 6a880d79 folded before Flop (didn't bet)


Poker Hand #HD1592874703: Hold'em No Limit ($0.02/$0.05) - 2024/01/17 21:11:53
Table 'NLHBlue106' 6-max Seat #2 is the button
Seat 1: d0f3d0a6 ($5 in chips)
Seat 2: 6f069382 ($5 in chips)
Seat 3: Hero ($7 in chips)
Seat 4: 50499d0f ($9.37 in chips)
Seat 5: e325705d ($5.06 in chips)
Seat 6: 6a880d79 ($1.32 in chips)
Hero: posts small blind $0.02
50499d0f: posts big blind $0.05
*** HOLE CARDS ***
Dealt to d0f3d0a6 
Dealt to 6f069382 
Dealt to Hero [3h As]
Dealt to 50499d0f 
Dealt to e325705d 
Dealt to 6a880d79 
e325705d: raises $0.05 to $0.1
6a880d79: folds
d0f3d0a6: folds
6f069382: folds
Hero: folds
50499d0f: calls $0.05
*** FLOP *** [2s 4d Ts]
50499d0f: checks
e325705d: bets $0.11
50499d0f: calls $0.11
*** TURN *** [2s 4d Ts] [8c]
50499d0f: bets $0.15
e325705d: raises $0.74 to $0.89
50499d0f: calls $0.74
*** RIVER *** [2s 4d Ts 8c] [6d]
50499d0f: checks
e325705d: bets $1.67
50499d0f: calls $1.67
e325705d: shows [Jc Qc] (Queen-High)
50499d0f: shows [9s 9h] (Pair of Nines)
*** SHOWDOWN ***
50499d0f collected $5.24 from pot
*** SUMMARY ***
Total pot $5.56 | Rake $0.27 | Jackpot $0.05 | Bingo $0 | Fortune $0 | Tax $0
Board [2s 4d Ts 8c 6d]
Seat 1: d0f3d0a6 folded before Flop (didn't bet)
Seat 2: 6f069382 (button) folded before Flop (didn't bet)
Seat 3: Hero (small blind) folded before Flop
Seat 4: 50499d0f (big blind) showed [9s 9h] and won ($5.24) with Pair of Nines
Seat 5: e325705d showed [Jc Qc] and lost with Queen-High
Seat 6: 6a880d79 folded before Flop (didn't bet)


Poker Hand #HD1592874657: Hold'em No Limit ($0.02/$0.05) - 2024/01/17 21:11:33
Table 'NLHBlue106' 6-max Seat #1 is the button
Seat 1: d0f3d0a6 ($5 in chips)
Seat 2: 6f069382 ($5.02 in chips)
Seat 3: Hero ($7.05 in chips)
Seat 4: 50499d0f ($9.37 in chips)
Seat 5: e325705d ($5.06 in chips)
Seat 6: 6a880d79 ($1.25 in chips)
6f069382: posts small blind $0.02
Hero: posts big blind $0.05
*** HOLE CARDS ***
Dealt to d0f3d0a6 
Dealt to 6f069382 
Dealt to Hero [4d Jc]
Dealt to 50499d0f 
Dealt to e325705d 
Dealt to 6a880d79 
50499d0f: folds
e325705d: folds
6a880d79: raises $1.2 to $1.25 and is all-in
d0f3d0a6: folds
6f069382: folds
Hero: folds
Uncalled bet ($1.2) returned to 6a880d79
*** SHOWDOWN ***
6a880d79 collected $0.12 from pot
*** SUMMARY ***
Total pot $0.12 | Rake $0 | Jackpot $0 | Bingo $0 | Fortune $0 | Tax $0
Seat 1: d0f3d0a6 (button) folded before Flop (didn't bet)
Seat 2: 6f069382 (small blind) folded before Flop
Seat 3: Hero (big blind) folded before Flop
Seat 4: 50499d0f folded before Flop (didn't bet)
Seat 5: e325705d folded before Flop (didn't bet)
Seat 6: 6a880d79 collected ($0.12)


Poker Hand #HD1592874566: Hold'em No Limit ($0.02/$0.05) - 2024/01/17 21:10:54
Table 'NLHBlue106' 6-max Seat #6 is the button
Seat 1: d0f3d0a6 ($5 in chips)
Seat 2: 6f069382 ($5.07 in chips)
Seat 3: Hero ($6.71 in chips)
Seat 4: 50499d0f ($9.67 in chips)
Seat 5: e325705d ($5.06 in chips)
Seat 6: 6a880d79 ($1.25 in chips)
d0f3d0a6: posts small blind $0.02
6f069382: posts big blind $0.05
*** HOLE CARDS ***
Dealt to d0f3d0a6 
Dealt to 6f069382 
Dealt to Hero [As Js]
Dealt to 50499d0f 
Dealt to e325705d 
Dealt to 6a880d79 
Hero: raises $0.07 to $0.12
50499d0f: calls $0.12
e325705d: folds
6a880d79: folds
d0f3d0a6: folds
6f069382: folds
*** FLOP *** [4c 7s Td]
Hero: bets $0.18
50499d0f: calls $0.18
*** TURN *** [4c 7s Td] [Kh]
Hero: bets $0.38
50499d0f: folds
Uncalled bet ($0.38) returned to Hero
*** SHOWDOWN ***
Hero collected $0.64 from pot
*** SUMMARY ***
Total pot $0.67 | Rake $0.03 | Jackpot $0 | Bingo $0 | Fortune $0 | Tax $0
Board [4c 7s Td Kh]
Seat 1: d0f3d0a6 (small blind) folded before Flop
Seat 2: 6f069382 (big blind) folded before Flop
Seat 3: Hero won ($0.64)
Seat 4: 50499d0f folded on the Turn
Seat 5: e325705d folded before Flop (didn't bet)
Seat 6: 6a880d79 (button) folded before Flop (didn't bet)


Poker Hand #HD1592874529: Hold'em No Limit ($0.02/$0.05) - 2024/01/17 21:10:39
Table 'NLHBlue106' 6-max Seat #5 is the button
Seat 1: d0f3d0a6 ($5 in chips)
Seat 2: 6f069382 ($5 in chips)
Seat 3: Hero ($6.71 in chips)
Seat 4: 50499d0f ($9.67 in chips)
Seat 5: e325705d ($5.06 in chips)
Seat 6: 6a880d79 ($1.27 in chips)
6a880d79: posts small blind $0.02
d0f3d0a6: posts big blind $0.05
*** HOLE CARDS ***
Dealt to d0f3d0a6 
Dealt to 6f069382 
Dealt to Hero [Jc 4h]
Dealt to 50499d0f 
Dealt to e325705d 
Dealt to 6a880d79 
6f069382: raises $0.05 to $0.1
Hero: folds
50499d0f: folds
e325705d: folds
6a880d79: folds
d0f3d0a6: folds
Uncalled bet ($0.05) returned to 6f069382
*** SHOWDOWN ***
6f069382 collected $0.12 from pot
*** SUMMARY ***
Total pot $0.12 | Rake $0 | Jackpot $0 | Bingo $0 | Fortune $0 | Tax $0
Seat 1: d0f3d0a6 (big blind) folded before Flop
Seat 2: 6f069382 collected ($0.12)
Seat 3: Hero folded before Flop (didn't bet)
Seat 4: 50499d0f folded before Flop (didn't bet)
Seat 5: e325705d (button) folded before Flop (didn't bet)
Seat 6: 6a880d79 (small blind) folded before Flop


Poker Hand #HD1592874396: Hold'em No Limit ($0.02/$0.05) - 2024/01/17 21:09:47
Table 'NLHBlue106' 6-max Seat #4 is the button
Seat 1: d0f3d0a6 ($5 in chips)
Seat 2: 6f069382 ($5 in chips)
Seat 3: Hero ($6.71 in chips)
Seat 4: 50499d0f ($7.88 in chips)
Seat 5: e325705d ($5.31 in chips)
Seat 6: 6a880d79 ($3.04 in chips)
e325705d: posts small blind $0.02
6a880d79: posts big blind $0.05
*** HOLE CARDS ***
Dealt to d0f3d0a6 
Dealt to 6f069382 
Dealt to Hero [2h 7d]
Dealt to 50499d0f 
Dealt to e325705d 
Dealt to 6a880d79 
d0f3d0a6: folds
6f069382: folds
Hero: folds
50499d0f: calls $0.05
e325705d: raises $0.2 to $0.25
6a880d79: calls $0.2
50499d0f: calls $0.2
*** FLOP *** [6s Qd Tc]
e325705d: checks
6a880d79: checks
50499d0f: bets $0.57
e325705d: folds
6a880d79: calls $0.57
*** TURN *** [6s Qd Tc] [3c]
6a880d79: checks
50499d0f: bets $0.95
6a880d79: calls $0.95
*** RIVER *** [6s Qd Tc 3c] [2s]
6a880d79: checks
50499d0f: checks
6a880d79: shows [Ks Jc] (King-High)
50499d0f: shows [8h Ts] (Pair of Tens)
*** SHOWDOWN ***
50499d0f collected $3.56 from pot
*** SUMMARY ***
Total pot $3.79 | Rake $0.18 | Jackpot $0.05 | Bingo $0 | Fortune $0 | Tax $0
Board [6s Qd Tc 3c 2s]
Seat 1: d0f3d0a6 folded before Flop (didn't bet)
Seat 2: 6f069382 folded before Flop (didn't bet)
Seat 3: Hero folded before Flop (didn't bet)
Seat 4: 50499d0f (button) showed [8h Ts] and won ($3.56) with Pair of Tens
Seat 5: e325705d (small blind) folded on the Flop
Seat 6: 6a880d79 (big blind) showed [Ks Jc] and lost with King-High


Poker Hand #HD1592874331: Hold'em No Limit ($0.02/$0.05) - 2024/01/17 21:09:16
Table 'NLHBlue106' 6-max Seat #3 is the button
Seat 1: d0f3d0a6 ($5 in chips)
Seat 2: 6f069382 ($5 in chips)
Seat 3: Hero ($6.71 in chips)
Seat 4: 50499d0f ($7.74 in chips)
Seat 5: e325705d ($5.36 in chips)
Seat 6: 6a880d79 ($3.04 in chips)
50499d0f: posts small blind $0.02
e325705d: posts big blind $0.05
*** HOLE CARDS ***
Dealt to d0f3d0a6 
Dealt to 6f069382 
Dealt to Hero [7s 5d]
Dealt to 50499d0f 
Dealt to e325705d 
Dealt to 6a880d79 
6a880d79: folds
d0f3d0a6: folds
6f069382: raises $0.05 to $0.1
Hero: folds
50499d0f: calls $0.08
e325705d: folds
*** FLOP *** [2s Tc Kh]
50499d0f: bets $0.25
6f069382: folds
Uncalled bet ($0.25) returned to 50499d0f
*** SHOWDOWN ***
50499d0f collected $0.24 from pot
*** SUMMARY ***
Total pot $0.25 | Rake $0.01 | Jackpot $0 | Bingo $0 | Fortune $0 | Tax $0
Board [2s Tc Kh]
Seat 1: d0f3d0a6 folded before Flop (didn't bet)
Seat 2: 6f069382 folded on the Flop
Seat 3: Hero (button) folded before Flop (didn't bet)
Seat 4: 50499d0f (small blind) won ($0.24)
Seat 5: e325705d (big blind) folded before Flop
Seat 6: 6a880d79 folded before Flop (didn't bet)


Poker Hand #HD1592874228: Hold'em No Limit ($0.02/$0.05) - 2024/01/17 21:08:36
Table 'NLHBlue106' 6-max Seat #2 is the button
Seat 1: d0f3d0a6 ($5 in chips)
Seat 2: 6f069382 ($5.78 in chips)
Seat 3: Hero ($5.7 in chips)
Seat 4: 50499d0f ($7.79 in chips)
Seat 5: e325705d ($5.36 in chips)
Seat 6: 6a880d79 ($3.04 in chips)
Hero: posts small blind $0.02
50499d0f: posts big blind $0.05
*** HOLE CARDS ***
Dealt to d0f3d0a6 
Dealt to 6f069382 
Dealt to Hero [As Js]
Dealt to 50499d0f 
Dealt to e325705d 
Dealt to 6a880d79 
e325705d: folds
6a880d79: folds
d0f3d0a6: folds
6f069382: raises $0.05 to $0.1
Hero: raises $0.33 to $0.43
50499d0f: folds
6f069382: calls $0.33
*** FLOP *** [7d Ad Qh]
Hero: bets $0.69
6f069382: calls $0.69
*** TURN *** [7d Ad Qh] [6s]
Hero: bets $1.24
6f069382: folds
Uncalled bet ($1.24) returned to Hero
*** SHOWDOWN ***
Hero collected $2.13 from pot
*** SUMMARY ***
Total pot $2.29 | Rake $0.11 | Jackpot $0.05 | Bingo $0 | Fortune $0 | Tax $0
Board [7d Ad Qh 6s]
Seat 1: d0f3d0a6 folded before Flop (didn't bet)
Seat 2: 6f069382 (button) folded on the Turn
Seat 3: Hero (small blind) won ($2.13)
Seat 4: 50499d0f (big blind) folded before Flop
Seat 5: e325705d folded before Flop (didn't bet)
Seat 6: 6a880d79 folded before Flop (didn't bet)


Poker Hand #HD1592874143: Hold'em No Limit ($0.02/$0.05) - 2024/01/17 21:08:02
Table 'NLHBlue106' 6-max Seat #1 is the button
Seat 1: d0f3d0a6 ($5 in chips)
Seat 2: 6f069382 ($5.93 in chips)
Seat 3: Hero ($5.75 in chips)
Seat 4: 50499d0f ($7.79 in chips)
Seat 5: e325705d ($5.36 in chips)
Seat 6: 6a880d79 ($2.85 in chips)
6f069382: posts small blind $0.02
Hero: posts big blind $0.05
*** HOLE CARDS ***
Dealt to d0f3d0a6 
Dealt to 6f069382 
Dealt to Hero [2h Kc]
Dealt to 50499d0f 
Dealt to e325705d 
Dealt to 6a880d79 
50499d0f: folds
e325705d: folds
6a880d79: raises $0.1 to $0.15
d0f3d0a6: folds
6f069382: calls $0.13
Hero: folds
*** FLOP *** [2s Td Tc]
6f069382: checks
6a880d79: bets $0.18
6f069382: folds
Uncalled bet ($0.18) returned to 6a880d79
*** SHOWDOWN ***
6a880d79 collected $0.34 from pot
*** SUMMARY ***
Total pot $0.35 | Rake $0.01 | Jackpot $0 | Bingo $0 | Fortune $0 | Tax $0
Board [2s Td Tc]
Seat 1: d0f3d0a6 (button) folded before Flop (didn't bet)
Seat 2: 6f069382 (small blind) folded on the Flop
Seat 3: Hero (big blind) folded before Flop
Seat 4: 50499d0f folded before Flop (didn't bet)
Seat 5: e325705d folded before Flop (didn't bet)
Seat 6: 6a880d79 won ($0.34)


Poker Hand #HD1592873980: Hold'em No Limit ($0.02/$0.05) - 2024/01/17 21:06:54
Table 'NLHBlue106' 6-max Seat #6 is the button
Seat 1: d0f3d0a6 ($5 in chips)
Seat 2: 6f069382 ($6.05 in chips)
Seat 3: Hero ($5.87 in chips)
Seat 4: 50499d0f ($7.91 in chips)
Seat 5: e325705d ($5 in chips)
Seat 6: 6a880d79 ($2.85 in chips)
d0f3d0a6: posts small blind $0.02
6f069382: posts big blind $0.05
*** HOLE CARDS ***
Dealt to d0f3d0a6 
Dealt to 6f069382 
Dealt to Hero [Ks Qh]
Dealt to 50499d0f 
Dealt to e325705d 
Dealt to 6a880d79 
Hero: raises $0.07 to $0.12
50499d0f: calls $0.12
e325705d: calls $0.12
6a880d79: folds
d0f3d0a6: folds
6f069382: calls $0.07
*** FLOP *** [6h Jh 4h]
6f069382: checks
Hero: checks
50499d0f: checks
e325705d: bets $0.38
6f069382: folds
Hero: folds
50499d0f: folds
Uncalled bet ($0.38) returned to e325705d
*** SHOWDOWN ***
e325705d collected $0.48 from pot
*** SUMMARY ***
Total pot $0.5 | Rake $0.02 | Jackpot $0 | Bingo $0 | Fortune $0 | Tax $0
Board [6h Jh 4h]
Seat 1: d0f3d0a6 (small blind) folded before Flop
Seat 2: 6f069382 (big blind) folded on the Flop
Seat 3: Hero folded on the Flop
Seat 4: 50499d0f folded on the Flop
Seat 5: e325705d won ($0.48)
Seat 6: 6a880d79 (button) folded before Flop (didn't bet)


Poker Hand #HD1592873926: Hold'em No Limit ($0.02/$0.05) - 2024/01/17 21:06:27
Table 'NLHBlue106' 6-max Seat #5 is the button
Seat 1: d0f3d0a6 ($5 in chips)
Seat 2: 6f069382 ($5.94 in chips)
Seat 3: Hero ($5.87 in chips)
Seat 4: 50499d0f ($7.91 in chips)
Seat 5: e325705d ($5 in chips)
Seat 6: 6a880d79 ($2.87 in chips)
6a880d79: posts small blind $0.02
d0f3d0a6: posts big blind $0.05
*** HOLE CARDS ***
Dealt to d0f3d0a6 
Dealt to 6f069382 
Dealt to Hero [Ks 5d]
Dealt to 50499d0f 
Dealt to e325705d 
Dealt to 6a880d79 
6f069382: raises $0.05 to $0.1
Hero: folds
50499d0f: folds
e325705d: folds
6a880d79: folds
d0f3d0a6: calls $0.05
*** FLOP *** [3c 7d 9s]
d0f3d0a6: checks
6f069382: bets $0.08
d0f3d0a6: folds
Uncalled bet ($0.08) returned to 6f069382
*** SHOWDOWN ***
6f069382 collected $0.21 from pot
*** SUMMARY ***
Total pot $0.22 | Rake $0.01 | Jackpot $0 | Bingo $0 | Fortune $0 | Tax $0
Board [3c 7d 9s]
Seat 1: d0f3d0a6 (big blind) folded on the Flop
Seat 2: 6f069382 won ($0.21)
Seat 3: Hero folded before Flop (didn't bet)
Seat 4: 50499d0f folded before Flop (didn't bet)
Seat 5: e325705d (button) folded before Flop (didn't bet)
Seat 6: 6a880d79 (small blind) folded before Flop


Poker Hand #HD1592873769: Hold'em No Limit ($0.02/$0.05) - 2024/01/17 21:05:23
Table 'NLHBlue106' 6-max Seat #4 is the button
Seat 1: 4eb3a55d ($5.04 in chips)
Seat 2: 6f069382 ($6.74 in chips)
Seat 3: Hero ($5.13 in chips)
Seat 4: 50499d0f ($7.91 in chips)
Seat 5: e325705d ($5.02 in chips)
Seat 6: 6a880d79 ($2.92 in chips)
e325705d: posts small blind $0.02
6a880d79: posts big blind $0.05
*** HOLE CARDS ***
Dealt to 4eb3a55d 
Dealt to 6f069382 
Dealt to Hero [Qd Kc]
Dealt to 50499d0f 
Dealt to e325705d 
Dealt to 6a880d79 
4eb3a55d: folds
6f069382: raises $0.05 to $0.1
Hero: raises $0.2 to $0.3
50499d0f: folds
e325705d: folds
6a880d79: folds
6f069382: calls $0.2
*** FLOP *** [Kh Qc 8c]
6f069382: checks
Hero: bets $0.5
6f069382: calls $0.5
*** TURN *** [Kh Qc 8c] [5s]
6f069382: checks
Hero: bets $1.44
6f069382: folds
Uncalled bet ($1.44) returned to Hero
*** SHOWDOWN ***
Hero collected $1.54 from pot
*** SUMMARY ***
Total pot $1.67 | Rake $0.08 | Jackpot $0.05 | Bingo $0 | Fortune $0 | Tax $0
Board [Kh Qc 8c 5s]
Seat 1: 4eb3a55d folded before Flop (didn't bet)
Seat 2: 6f069382 folded on the Turn
Seat 3: Hero won ($1.54)
Seat 4: 50499d0f (button) folded before Flop (didn't bet)
Seat 5: e325705d (small blind) folded before Flop
Seat 6: 6a880d79 (big blind) folded before Flop


Poker Hand #HD1592873729: Hold'em No Limit ($0.02/$0.05) - 2024/01/17 21:05:06
Table 'NLHBlue106' 6-max Seat #3 is the button
Seat 1: 4eb3a55d ($5.04 in chips)
Seat 2: 6f069382 ($6.74 in chips)
Seat 3: Hero ($5.13 in chips)
Seat 4: 50499d0f ($7.93 in chips)
Seat 5: e325705d ($5 in chips)
Seat 6: 6a880d79 ($2.92 in chips)
50499d0f: posts small blind $0.02
e325705d: posts big blind $0.05
*** HOLE CARDS ***
Dealt to 4eb3a55d 
Dealt to 6f069382 
Dealt to Hero [8d 7h]
Dealt to 50499d0f 
Dealt to e325705d 
Dealt to 6a880d79 
6a880d79: folds
4eb3a55d: folds
6f069382: folds
Hero: folds
50499d0f: folds
Uncalled bet ($0.03) returned to e325705d
*** SHOWDOWN ***
e325705d collected $0.04 from pot
*** SUMMARY ***
Total pot $0.04 | Rake $0 | Jackpot $0 | Bingo $0 | Fortune $0 | Tax $0
Seat 1: 4eb3a55d folded before Flop (didn't bet)
Seat 2: 6f069382 folded before Flop (didn't bet)
Seat 3: Hero (button) folded before Flop (didn't bet)
Seat 4: 50499d0f (small blind) folded before Flop
Seat 5: e325705d (big blind) collected ($0.04)
Seat 6: 6a880d79 folded before Flop (didn't bet)


Poker Hand #HD1592873637: Hold'em No Limit ($0.02/$0.05) - 2024/01/17 21:04:32
Table 'NLHBlue106' 6-max Seat #2 is the button
Seat 1: 4eb3a55d ($5.04 in chips)
Seat 2: 6f069382 ($6.74 in chips)
Seat 3: Hero ($5 in chips)
Seat 4: 50499d0f ($8.07 in chips)
Seat 5: e325705d ($5 in chips)
Seat 6: 6a880d79 ($2.92 in chips)
Hero: posts small blind $0.02
50499d0f: posts big blind $0.05
*** HOLE CARDS ***
Dealt to 4eb3a55d 
Dealt to 6f069382 
Dealt to Hero [Ah 5c]
Dealt to 50499d0f 
Dealt to e325705d 
Dealt to 6a880d79 
e325705d: folds
6a880d79: folds
4eb3a55d: folds
6f069382: folds
Hero: raises $0.09 to $0.14
50499d0f: calls $0.09
*** FLOP *** [Ks Jh Qd]
Hero: checks
50499d0f: checks
*** TURN *** [Ks Jh Qd] [Kh]
Hero: checks
50499d0f: checks
*** RIVER *** [Ks Jh Qd Kh] [Jc]
Hero: checks
50499d0f: checks
Hero: shows [Ah 5c] (Pair of Kings and Pair of Jacks)
50499d0f: shows [6h 9h] (Pair of Kings and Pair of Jacks)
*** SHOWDOWN ***
Hero collected $0.27 from pot
*** SUMMARY ***
Total pot $0.28 | Rake $0.01 | Jackpot $0 | Bingo $0 | Fortune $0 | Tax $0
Board [Ks Jh Qd Kh Jc]
Seat 1: 4eb3a55d folded before Flop (didn't bet)
Seat 2: 6f069382 (button) folded before Flop (didn't bet)
Seat 3: Hero (small blind) showed [Ah 5c] and won ($0.27) with Pair of Kings and Pair of Jacks
Seat 4: 50499d0f (big blind) showed [6h 9h] and lost with Pair of Kings and Pair of Jacks
Seat 5: e325705d folded before Flop (didn't bet)
Seat 6: 6a880d79 folded before Flop (didn't bet)


Poker Hand #HD1592873541: Hold'em No Limit ($0.02/$0.05) - 2024/01/17 21:03:48
Table 'NLHBlue106' 6-max Seat #1 is the button
Seat 1: 4eb3a55d ($5.04 in chips)
Seat 2: 6f069382 ($6.79 in chips)
Seat 3: Hero ($5 in chips)
Seat 4: 50499d0f ($7.84 in chips)
Seat 5: e325705d ($5 in chips)
Seat 6: 6a880d79 ($2.92 in chips)
6f069382: posts small blind $0.02
Hero: posts big blind $0.05
*** HOLE CARDS ***
Dealt to 4eb3a55d 
Dealt to 6f069382 
Dealt to Hero [8c Ks]
Dealt to 50499d0f 
Dealt to e325705d 
Dealt to 6a880d79 
50499d0f: calls $0.05
e325705d: folds
6a880d79: folds
4eb3a55d: folds
6f069382: calls $0.03
Hero: checks
*** FLOP *** [4s 9s Js]
6f069382: checks
Hero: checks
50499d0f: bets $0.15
6f069382: folds
Hero: calls $0.15
*** TURN *** [4s 9s Js] [Ac]
Hero: checks
50499d0f: bets $0.45
Hero: folds
Uncalled bet ($0.45) returned to 50499d0f
*** SHOWDOWN ***
50499d0f collected $0.43 from pot
*** SUMMARY ***
Total pot $0.45 | Rake $0.02 | Jackpot $0 | Bingo $0 | Fortune $0 | Tax $0
Board [4s 9s Js Ac]
Seat 1: 4eb3a55d (button) folded before Flop (didn't bet)
Seat 2: 6f069382 (small blind) folded on the Flop
Seat 3: Hero (big blind) folded on the Turn
Seat 4: 50499d0f won ($0.43)
Seat 5: e325705d folded before Flop (didn't bet)
Seat 6: 6a880d79 folded before Flop (didn't bet)


