Poker Hand #HD1592670300: Hold'em No Limit ($0.05/$0.1) - 2024/01/17 18:27:04
Table 'NLHRed119' 6-max Seat #1 is the button
Seat 1: 67828f37 ($10.11 in chips)
Seat 2: b9da45e3 ($35.46 in chips)
Seat 3: ad56b604 ($12.03 in chips)
Seat 4: Hero ($5.71 in chips)
Seat 6: b2af6c1f ($6.23 in chips)
b9da45e3: posts small blind $0.05
ad56b604: posts big blind $0.1
*** HOLE CARDS ***
Dealt to 67828f37 
Dealt to b9da45e3 
Dealt to ad56b604 
Dealt to Hero [3c 2h]
Dealt to b2af6c1f 
Hero: folds
b2af6c1f: folds
67828f37: folds
b9da45e3: raises $0.14 to $0.24
ad56b604: folds
Uncalled bet ($0.14) returned to b9da45e3
*** SHOWDOWN ***
b9da45e3 collected $0.2 from pot
*** SUMMARY ***
Total pot $0.2 | Rake $0 | Jackpot $0 | Bingo $0 | Fortune $0 | Tax $0
Seat 1: 67828f37 (button) folded before Flop (didn't bet)
Seat 2: b9da45e3 (small blind) collected ($0.2)
Seat 3: ad56b604 (big blind) folded before Flop
Seat 4: Hero folded before Flop (didn't bet)
Seat 6: b2af6c1f folded before Flop (didn't bet)


Poker Hand #HD1592670227: Hold'em No Limit ($0.05/$0.1) - 2024/01/17 18:26:39
Table 'NLHRed119' 6-max Seat #6 is the button
Seat 1: 67828f37 ($10.41 in chips)
Seat 2: b9da45e3 ($35.56 in chips)
Seat 3: ad56b604 ($11.66 in chips)
Seat 4: Hero ($5.71 in chips)
Seat 6: b2af6c1f ($6.23 in chips)
67828f37: posts small blind $0.05
b9da45e3: posts big blind $0.1
*** HOLE CARDS ***
Dealt to 67828f37 
Dealt to b9da45e3 
Dealt to ad56b604 
Dealt to Hero [As 4d]
Dealt to b2af6c1f 
ad56b604: calls $0.1
Hero: folds
b2af6c1f: folds
67828f37: raises $0.2 to $0.3
b9da45e3: folds
ad56b604: calls $0.2
*** FLOP *** [Qs Ts 6s]
67828f37: checks
ad56b604: bets $0.35
67828f37: folds
Uncalled bet ($0.35) returned to ad56b604
*** SHOWDOWN ***
ad56b604 collected $0.67 from pot
*** SUMMARY ***
Total pot $0.7 | Rake $0.03 | Jackpot $0 | Bingo $0 | Fortune $0 | Tax $0
Board [Qs Ts 6s]
Seat 1: 67828f37 (small blind) folded on the Flop
Seat 2: b9da45e3 (big blind) folded before Flop
Seat 3: ad56b604 won ($0.67)
Seat 4: Hero folded before Flop (didn't bet)
Seat 6: b2af6c1f (button) folded before Flop (didn't bet)


Poker Hand #HD1592670165: Hold'em No Limit ($0.05/$0.1) - 2024/01/17 18:26:13
Table 'NLHRed119' 6-max Seat #4 is the button
Seat 1: 67828f37 ($10 in chips)
Seat 2: b9da45e3 ($35.56 in chips)
Seat 3: ad56b604 ($12.06 in chips)
Seat 4: Hero ($5.71 in chips)
Seat 6: b2af6c1f ($6.28 in chips)
b2af6c1f: posts small blind $0.05
67828f37: posts big blind $0.1
*** HOLE CARDS ***
Dealt to 67828f37 
Dealt to b9da45e3 
Dealt to ad56b604 
Dealt to Hero [5s 9h]
Dealt to b2af6c1f 
b9da45e3: folds
ad56b604: calls $0.1
Hero: folds
b2af6c1f: folds
67828f37: raises $0.3 to $0.4
ad56b604: calls $0.3
*** FLOP *** [As Ah 5d]
67828f37: bets $0.5
ad56b604: folds
Uncalled bet ($0.5) returned to 67828f37
*** SHOWDOWN ***
67828f37 collected $0.81 from pot
*** SUMMARY ***
Total pot $0.85 | Rake $0.04 | Jackpot $0 | Bingo $0 | Fortune $0 | Tax $0
Board [As Ah 5d]
Seat 1: 67828f37 (big blind) won ($0.81)
Seat 2: b9da45e3 folded before Flop (didn't bet)
Seat 3: ad56b604 folded on the Flop
Seat 4: Hero (button) folded before Flop (didn't bet)
Seat 6: b2af6c1f (small blind) folded before Flop


Poker Hand #HD1592670086: Hold'em No Limit ($0.05/$0.1) - 2024/01/17 18:25:44
Table 'NLHRed119' 6-max Seat #3 is the button
Seat 1: 67828f37 ($10 in chips)
Seat 2: b9da45e3 ($35.56 in chips)
Seat 3: ad56b604 ($12.26 in chips)
Seat 4: Hero ($5.76 in chips)
Seat 6: b2af6c1f ($6.05 in chips)
Hero: posts small blind $0.05
b2af6c1f: posts big blind $0.1
*** HOLE CARDS ***
Dealt to 67828f37 
Dealt to b9da45e3 
Dealt to ad56b604 
Dealt to Hero [3c Qs]
Dealt to b2af6c1f 
67828f37: folds
b9da45e3: folds
ad56b604: raises $0.1 to $0.2
Hero: folds
b2af6c1f: calls $0.1
*** FLOP *** [7c Ks 2h]
b2af6c1f: checks
ad56b604: checks
*** TURN *** [7c Ks 2h] [8c]
b2af6c1f: checks
ad56b604: checks
*** RIVER *** [7c Ks 2h 8c] [5c]
b2af6c1f: checks
ad56b604: checks
b2af6c1f: shows [7d 9d] (Pair of Sevens)
ad56b604: shows [As 4s] (Ace-High)
*** SHOWDOWN ***
b2af6c1f collected $0.43 from pot
*** SUMMARY ***
Total pot $0.45 | Rake $0.02 | Jackpot $0 | Bingo $0 | Fortune $0 | Tax $0
Board [7c Ks 2h 8c 5c]
Seat 1: 67828f37 folded before Flop (didn't bet)
Seat 2: b9da45e3 folded before Flop (didn't bet)
Seat 3: ad56b604 (button) showed [As 4s] and lost with Ace-High
Seat 4: Hero (small blind) folded before Flop
Seat 6: b2af6c1f (big blind) showed [7d 9d] and won ($0.43) with Pair of Sevens


Poker Hand #HD1592669997: Hold'em No Limit ($0.05/$0.1) - 2024/01/17 18:25:12
Table 'NLHRed119' 6-max Seat #2 is the button
Seat 1: 67828f37 ($10.05 in chips)
Seat 2: b9da45e3 ($35.56 in chips)
Seat 3: ad56b604 ($11.89 in chips)
Seat 4: Hero ($5.96 in chips)
ad56b604: posts small blind $0.05
Hero: posts big blind $0.1
*** HOLE CARDS ***
Dealt to 67828f37 
Dealt to b9da45e3 
Dealt to ad56b604 
Dealt to Hero [8c Jc]
67828f37: raises $0.1 to $0.2
b9da45e3: folds
ad56b604: calls $0.15
Hero: calls $0.1
*** FLOP *** [9s 3h Ah]
ad56b604: checks
Hero: checks
67828f37: checks
*** TURN *** [9s 3h Ah] [7h]
ad56b604: bets $0.2
Hero: folds
67828f37: folds
Uncalled bet ($0.2) returned to ad56b604
*** SHOWDOWN ***
ad56b604 collected $0.57 from pot
*** SUMMARY ***
Total pot $0.6 | Rake $0.03 | Jackpot $0 | Bingo $0 | Fortune $0 | Tax $0
Board [9s 3h Ah 7h]
Seat 1: 67828f37 folded on the Turn
Seat 2: b9da45e3 (button) folded before Flop (didn't bet)
Seat 3: ad56b604 (small blind) won ($0.57)
Seat 4: Hero (big blind) folded on the Turn


Poker Hand #HD1592669975: Hold'em No Limit ($0.05/$0.1) - 2024/01/17 18:25:04
Table 'NLHRed119' 6-max Seat #1 is the button
Seat 1: 67828f37 ($10.05 in chips)
Seat 2: b9da45e3 ($35.61 in chips)
Seat 3: ad56b604 ($11.84 in chips)
Seat 4: Hero ($5.96 in chips)
b9da45e3: posts small blind $0.05
ad56b604: posts big blind $0.1
*** HOLE CARDS ***
Dealt to 67828f37 
Dealt to b9da45e3 
Dealt to ad56b604 
Dealt to Hero [5d 4h]
Hero: folds
67828f37: folds
b9da45e3: folds
Uncalled bet ($0.05) returned to ad56b604
*** SHOWDOWN ***
ad56b604 collected $0.1 from pot
*** SUMMARY ***
Total pot $0.1 | Rake $0 | Jackpot $0 | Bingo $0 | Fortune $0 | Tax $0
Seat 1: 67828f37 (button) folded before Flop (didn't bet)
Seat 2: b9da45e3 (small blind) folded before Flop
Seat 3: ad56b604 (big blind) collected ($0.1)
Seat 4: Hero folded before Flop (didn't bet)


Poker Hand #HD1592669899: Hold'em No Limit ($0.05/$0.1) - 2024/01/17 18:24:41
Table 'NLHRed119' 6-max Seat #4 is the button
Seat 1: 67828f37 ($10 in chips)
Seat 2: b9da45e3 ($35.61 in chips)
Seat 3: ad56b604 ($11.84 in chips)
Seat 4: Hero ($5.96 in chips)
Seat 6: b2af6c1f ($6.1 in chips)
b2af6c1f: posts small blind $0.05
67828f37: posts big blind $0.1
*** HOLE CARDS ***
Dealt to 67828f37 
Dealt to b9da45e3 
Dealt to ad56b604 
Dealt to Hero [Ah 6s]
Dealt to b2af6c1f 
b9da45e3: folds
ad56b604: folds
Hero: folds
b2af6c1f: folds
Uncalled bet ($0.05) returned to 67828f37
*** SHOWDOWN ***
67828f37 collected $0.1 from pot
*** SUMMARY ***
Total pot $0.1 | Rake $0 | Jackpot $0 | Bingo $0 | Fortune $0 | Tax $0
Seat 1: 67828f37 (big blind) collected ($0.1)
Seat 2: b9da45e3 folded before Flop (didn't bet)
Seat 3: ad56b604 folded before Flop (didn't bet)
Seat 4: Hero (button) folded before Flop (didn't bet)
Seat 6: b2af6c1f (small blind) folded before Flop


Poker Hand #HD1592669824: Hold'em No Limit ($0.05/$0.1) - 2024/01/17 18:24:04
Table 'NLHRed119' 6-max Seat #3 is the button
Seat 1: 67828f37 ($10 in chips)
Seat 2: b9da45e3 ($35.61 in chips)
Seat 3: ad56b604 ($11.1 in chips)
Seat 4: Hero ($6.01 in chips)
Seat 6: b2af6c1f ($6.87 in chips)
Hero: posts small blind $0.05
b2af6c1f: posts big blind $0.1
*** HOLE CARDS ***
Dealt to 67828f37 
Dealt to b9da45e3 
Dealt to ad56b604 
Dealt to Hero [Jc 6d]
Dealt to b2af6c1f 
67828f37: folds
b9da45e3: folds
ad56b604: calls $0.1
Hero: folds
b2af6c1f: raises $0.35 to $0.45
ad56b604: calls $0.35
*** FLOP *** [9s 5h 4d]
b2af6c1f: bets $0.32
ad56b604: raises $10.33 to $10.65 and is all-in
b2af6c1f: folds
Uncalled bet ($10.33) returned to ad56b604
*** SHOWDOWN ***
ad56b604 collected $1.51 from pot
*** SUMMARY ***
Total pot $1.59 | Rake $0.08 | Jackpot $0 | Bingo $0 | Fortune $0 | Tax $0
Board [9s 5h 4d]
Seat 1: 67828f37 folded before Flop (didn't bet)
Seat 2: b9da45e3 folded before Flop (didn't bet)
Seat 3: ad56b604 (button) won ($1.51)
Seat 4: Hero (small blind) folded before Flop
Seat 6: b2af6c1f (big blind) folded on the Flop


Poker Hand #HD1592669754: Hold'em No Limit ($0.05/$0.1) - 2024/01/17 18:23:39
Table 'NLHRed119' 6-max Seat #2 is the button
Seat 1: 67828f37 ($10 in chips)
Seat 2: b9da45e3 ($35.61 in chips)
Seat 3: ad56b604 ($11.2 in chips)
Seat 4: Hero ($5.92 in chips)
Seat 6: b2af6c1f ($6.87 in chips)
ad56b604: posts small blind $0.05
Hero: posts big blind $0.1
*** HOLE CARDS ***
Dealt to 67828f37 
Dealt to b9da45e3 
Dealt to ad56b604 
Dealt to Hero [3d 3c]
Dealt to b2af6c1f 
b2af6c1f: folds
67828f37: folds
b9da45e3: folds
ad56b604: calls $0.05
Hero: checks
*** FLOP *** [Jd Kc 3s]
ad56b604: checks
Hero: bets $0.12
ad56b604: folds
Uncalled bet ($0.12) returned to Hero
*** SHOWDOWN ***
Hero collected $0.19 from pot
*** SUMMARY ***
Total pot $0.2 | Rake $0.01 | Jackpot $0 | Bingo $0 | Fortune $0 | Tax $0
Board [Jd Kc 3s]
Seat 1: 67828f37 folded before Flop (didn't bet)
Seat 2: b9da45e3 (button) folded before Flop (didn't bet)
Seat 3: ad56b604 (small blind) folded on the Flop
Seat 4: Hero (big blind) won ($0.19)
Seat 6: b2af6c1f folded before Flop (didn't bet)


Poker Hand #HD1592669661: Hold'em No Limit ($0.05/$0.1) - 2024/01/17 18:23:01
Table 'NLHRed119' 6-max Seat #1 is the button
Seat 1: 67828f37 ($10 in chips)
Seat 2: b9da45e3 ($35.66 in chips)
Seat 3: ad56b604 ($10.88 in chips)
Seat 4: Hero ($5.92 in chips)
Seat 6: b2af6c1f ($6.87 in chips)
b9da45e3: posts small blind $0.05
ad56b604: posts big blind $0.1
*** HOLE CARDS ***
Dealt to 67828f37 
Dealt to b9da45e3 
Dealt to ad56b604 
Dealt to Hero [5c 9d]
Dealt to b2af6c1f 
Hero: folds
b2af6c1f: folds
67828f37: raises $0.2 to $0.3
b9da45e3: folds
ad56b604: calls $0.2
*** FLOP *** [9s 3d 8c]
ad56b604: checks
67828f37: checks
*** TURN *** [9s 3d 8c] [6d]
ad56b604: bets $0.49
67828f37: folds
Uncalled bet ($0.49) returned to ad56b604
*** SHOWDOWN ***
ad56b604 collected $0.62 from pot
*** SUMMARY ***
Total pot $0.65 | Rake $0.03 | Jackpot $0 | Bingo $0 | Fortune $0 | Tax $0
Board [9s 3d 8c 6d]
Seat 1: 67828f37 (button) folded on the Turn
Seat 2: b9da45e3 (small blind) folded before Flop
Seat 3: ad56b604 (big blind) won ($0.62)
Seat 4: Hero folded before Flop (didn't bet)
Seat 6: b2af6c1f folded before Flop (didn't bet)


Poker Hand #HD1592669625: Hold'em No Limit ($0.05/$0.1) - 2024/01/17 18:22:48
Table 'NLHRed119' 6-max Seat #6 is the button
Seat 1: 67828f37 ($10 in chips)
Seat 2: b9da45e3 ($35.76 in chips)
Seat 3: ad56b604 ($10.73 in chips)
Seat 4: Hero ($5.92 in chips)
Seat 6: b2af6c1f ($6.87 in chips)
67828f37: posts small blind $0.05
b9da45e3: posts big blind $0.1
*** HOLE CARDS ***
Dealt to 67828f37 
Dealt to b9da45e3 
Dealt to ad56b604 
Dealt to Hero [4c Qh]
Dealt to b2af6c1f 
ad56b604: raises $0.1 to $0.2
Hero: folds
b2af6c1f: folds
67828f37: folds
b9da45e3: folds
Uncalled bet ($0.1) returned to ad56b604
*** SHOWDOWN ***
ad56b604 collected $0.25 from pot
*** SUMMARY ***
Total pot $0.25 | Rake $0 | Jackpot $0 | Bingo $0 | Fortune $0 | Tax $0
Seat 1: 67828f37 (small blind) folded before Flop
Seat 2: b9da45e3 (big blind) folded before Flop
Seat 3: ad56b604 collected ($0.25)
Seat 4: Hero folded before Flop (didn't bet)
Seat 6: b2af6c1f (button) folded before Flop (didn't bet)


Poker Hand #HD1592669507: Hold'em No Limit ($0.05/$0.1) - 2024/01/17 18:22:05
Table 'NLHRed119' 6-max Seat #5 is the button
Seat 1: 67828f37 ($10 in chips)
Seat 2: b9da45e3 ($35.76 in chips)
Seat 3: ad56b604 ($11.23 in chips)
Seat 4: Hero ($5.92 in chips)
Seat 5: 1f30e8eb ($10.57 in chips)
Seat 6: b2af6c1f ($6.92 in chips)
b2af6c1f: posts small blind $0.05
67828f37: posts big blind $0.1
*** HOLE CARDS ***
Dealt to 67828f37 
Dealt to b9da45e3 
Dealt to ad56b604 
Dealt to Hero [6c 8d]
Dealt to 1f30e8eb 
Dealt to b2af6c1f 
b9da45e3: folds
ad56b604: calls $0.1
Hero: folds
1f30e8eb: raises $0.4 to $0.5
b2af6c1f: folds
67828f37: folds
ad56b604: calls $0.4
*** FLOP *** [Ks 5h 7h]
ad56b604: checks
1f30e8eb: checks
*** TURN *** [Ks 5h 7h] [4c]
ad56b604: checks
1f30e8eb: checks
*** RIVER *** [Ks 5h 7h 4c] [5d]
ad56b604: checks
1f30e8eb: checks
ad56b604: shows [Qd Th] (Pair of Fives)
1f30e8eb: shows [6d Ad] (Pair of Fives)
*** SHOWDOWN ***
1f30e8eb collected $1.1 from pot
*** SUMMARY ***
Total pot $1.15 | Rake $0.05 | Jackpot $0 | Bingo $0 | Fortune $0 | Tax $0
Board [Ks 5h 7h 4c 5d]
Seat 1: 67828f37 (big blind) folded before Flop
Seat 2: b9da45e3 folded before Flop (didn't bet)
Seat 3: ad56b604 showed [Qd Th] and lost with Pair of Fives
Seat 4: Hero folded before Flop (didn't bet)
Seat 5: 1f30e8eb (button) showed [6d Ad] and won ($1.1) with Pair of Fives
Seat 6: b2af6c1f (small blind) folded before Flop


Poker Hand #HD1592669387: Hold'em No Limit ($0.05/$0.1) - 2024/01/17 18:21:14
Table 'NLHRed119' 6-max Seat #4 is the button
Seat 2: b9da45e3 ($35.76 in chips)
Seat 3: ad56b604 ($11.23 in chips)
Seat 4: Hero ($5.92 in chips)
Seat 5: 1f30e8eb ($10.3 in chips)
Seat 6: b2af6c1f ($7.22 in chips)
1f30e8eb: posts small blind $0.05
b2af6c1f: posts big blind $0.1
*** HOLE CARDS ***
Dealt to b9da45e3 
Dealt to ad56b604 
Dealt to Hero [Td 4d]
Dealt to 1f30e8eb 
Dealt to b2af6c1f 
b9da45e3: folds
ad56b604: folds
Hero: folds
1f30e8eb: raises $0.2 to $0.3
b2af6c1f: calls $0.2
*** FLOP *** [Tc Ah Ts]
1f30e8eb: checks
b2af6c1f: checks
*** TURN *** [Tc Ah Ts] [9h]
1f30e8eb: checks
b2af6c1f: checks
*** RIVER *** [Tc Ah Ts 9h] [Qh]
1f30e8eb: checks
b2af6c1f: checks
1f30e8eb: shows [4h 4s] (Pair of Tens and Pair of Fours)
b2af6c1f: shows [Kd 6s] (Pair of Tens)
*** SHOWDOWN ***
1f30e8eb collected $0.57 from pot
*** SUMMARY ***
Total pot $0.6 | Rake $0.03 | Jackpot $0 | Bingo $0 | Fortune $0 | Tax $0
Board [Tc Ah Ts 9h Qh]
Seat 2: b9da45e3 folded before Flop (didn't bet)
Seat 3: ad56b604 folded before Flop (didn't bet)
Seat 4: Hero (button) folded before Flop (didn't bet)
Seat 5: 1f30e8eb (small blind) showed [4h 4s] and won ($0.57) with Pair of Tens and Pair of Fours
Seat 6: b2af6c1f (big blind) showed [Kd 6s] and lost with Pair of Tens


Poker Hand #HD1592669348: Hold'em No Limit ($0.05/$0.1) - 2024/01/17 18:21:00
Table 'NLHRed119' 6-max Seat #3 is the button
Seat 2: b9da45e3 ($35.76 in chips)
Seat 3: ad56b604 ($11.23 in chips)
Seat 4: Hero ($5.97 in chips)
Seat 5: 1f30e8eb ($10.25 in chips)
Seat 6: b2af6c1f ($7.22 in chips)
Hero: posts small blind $0.05
1f30e8eb: posts big blind $0.1
*** HOLE CARDS ***
Dealt to b9da45e3 
Dealt to ad56b604 
Dealt to Hero [5s 8h]
Dealt to 1f30e8eb 
Dealt to b2af6c1f 
b2af6c1f: folds
b9da45e3: folds
ad56b604: folds
Hero: folds
Uncalled bet ($0.05) returned to 1f30e8eb
*** SHOWDOWN ***
1f30e8eb collected $0.1 from pot
*** SUMMARY ***
Total pot $0.1 | Rake $0 | Jackpot $0 | Bingo $0 | Fortune $0 | Tax $0
Seat 2: b9da45e3 folded before Flop (didn't bet)
Seat 3: ad56b604 (button) folded before Flop (didn't bet)
Seat 4: Hero (small blind) folded before Flop
Seat 5: 1f30e8eb (big blind) collected ($0.1)
Seat 6: b2af6c1f folded before Flop (didn't bet)


Poker Hand #HD1592669275: Hold'em No Limit ($0.05/$0.1) - 2024/01/17 18:20:35
Table 'NLHRed119' 6-max Seat #2 is the button
Seat 2: b9da45e3 ($35.61 in chips)
Seat 3: ad56b604 ($11.28 in chips)
Seat 4: Hero ($6.07 in chips)
Seat 5: 1f30e8eb ($10.25 in chips)
Seat 6: b2af6c1f ($7.22 in chips)
ad56b604: posts small blind $0.05
Hero: posts big blind $0.1
*** HOLE CARDS ***
Dealt to b9da45e3 
Dealt to ad56b604 
Dealt to Hero [6d Jd]
Dealt to 1f30e8eb 
Dealt to b2af6c1f 
1f30e8eb: folds
b2af6c1f: folds
b9da45e3: raises $0.14 to $0.24
ad56b604: folds
Hero: folds
Uncalled bet ($0.14) returned to b9da45e3
*** SHOWDOWN ***
b9da45e3 collected $0.25 from pot
*** SUMMARY ***
Total pot $0.25 | Rake $0 | Jackpot $0 | Bingo $0 | Fortune $0 | Tax $0
Seat 2: b9da45e3 (button) collected ($0.25)
Seat 3: ad56b604 (small blind) folded before Flop
Seat 4: Hero (big blind) folded before Flop
Seat 5: 1f30e8eb folded before Flop (didn't bet)
Seat 6: b2af6c1f folded before Flop (didn't bet)


Poker Hand #HD1592669144: Hold'em No Limit ($0.05/$0.1) - 2024/01/17 18:19:45
Table 'NLHRed119' 6-max Seat #1 is the button
Seat 1: c5f63054 ($15.19 in chips)
Seat 2: b9da45e3 ($35.66 in chips)
Seat 3: ad56b604 ($10 in chips)
Seat 4: Hero ($6.07 in chips)
Seat 5: 1f30e8eb ($10.25 in chips)
Seat 6: b2af6c1f ($8.59 in chips)
b9da45e3: posts small blind $0.05
ad56b604: posts big blind $0.1
*** HOLE CARDS ***
Dealt to c5f63054 
Dealt to b9da45e3 
Dealt to ad56b604 
Dealt to Hero [6h 2s]
Dealt to 1f30e8eb 
Dealt to b2af6c1f 
Hero: folds
1f30e8eb: folds
b2af6c1f: raises $0.15 to $0.25
c5f63054: folds
b9da45e3: folds
ad56b604: calls $0.15
*** FLOP *** [Js 2c 5s]
ad56b604: bets $0.19
b2af6c1f: calls $0.19
*** TURN *** [Js 2c 5s] [Ad]
ad56b604: bets $0.93
b2af6c1f: calls $0.93
*** RIVER *** [Js 2c 5s Ad] [Ks]
ad56b604: bets $8.63 and is all-in
b2af6c1f: folds
Uncalled bet ($8.63) returned to ad56b604
*** SHOWDOWN ***
ad56b604 collected $2.65 from pot
*** SUMMARY ***
Total pot $2.79 | Rake $0.14 | Jackpot $0 | Bingo $0 | Fortune $0 | Tax $0
Board [Js 2c 5s Ad Ks]
Seat 1: c5f63054 (button) folded before Flop (didn't bet)
Seat 2: b9da45e3 (small blind) folded before Flop
Seat 3: ad56b604 (big blind) won ($2.65)
Seat 4: Hero folded before Flop (didn't bet)
Seat 5: 1f30e8eb folded before Flop (didn't bet)
Seat 6: b2af6c1f folded on the River


Poker Hand #HD1592669087: Hold'em No Limit ($0.05/$0.1) - 2024/01/17 18:19:25
Table 'NLHRed119' 6-max Seat #6 is the button
Seat 1: c5f63054 ($15.09 in chips)
Seat 2: b9da45e3 ($35.76 in chips)
Seat 4: Hero ($6.07 in chips)
Seat 5: 1f30e8eb ($10.25 in chips)
Seat 6: b2af6c1f ($8.59 in chips)
c5f63054: posts small blind $0.05
b9da45e3: posts big blind $0.1
*** HOLE CARDS ***
Dealt to c5f63054 
Dealt to b9da45e3 
Dealt to Hero [4s 5d]
Dealt to 1f30e8eb 
Dealt to b2af6c1f 
Hero: folds
1f30e8eb: folds
b2af6c1f: folds
c5f63054: raises $0.2 to $0.3
b9da45e3: folds
Uncalled bet ($0.2) returned to c5f63054
*** SHOWDOWN ***
c5f63054 collected $0.2 from pot
*** SUMMARY ***
Total pot $0.2 | Rake $0 | Jackpot $0 | Bingo $0 | Fortune $0 | Tax $0
Seat 1: c5f63054 (small blind) collected ($0.2)
Seat 2: b9da45e3 (big blind) folded before Flop
Seat 4: Hero folded before Flop (didn't bet)
Seat 5: 1f30e8eb folded before Flop (didn't bet)
Seat 6: b2af6c1f (button) folded before Flop (didn't bet)


Poker Hand #HD1592669040: Hold'em No Limit ($0.05/$0.1) - 2024/01/17 18:19:08
Table 'NLHRed119' 6-max Seat #5 is the button
Seat 1: c5f63054 ($15.19 in chips)
Seat 2: b9da45e3 ($35.61 in chips)
Seat 4: Hero ($6.07 in chips)
Seat 5: 1f30e8eb ($10.25 in chips)
Seat 6: b2af6c1f ($8.64 in chips)
b2af6c1f: posts small blind $0.05
c5f63054: posts big blind $0.1
*** HOLE CARDS ***
Dealt to c5f63054 
Dealt to b9da45e3 
Dealt to Hero [8s 9h]
Dealt to 1f30e8eb 
Dealt to b2af6c1f 
b9da45e3: raises $0.11 to $0.21
Hero: folds
1f30e8eb: folds
b2af6c1f: folds
c5f63054: folds
Uncalled bet ($0.11) returned to b9da45e3
*** SHOWDOWN ***
b9da45e3 collected $0.25 from pot
*** SUMMARY ***
Total pot $0.25 | Rake $0 | Jackpot $0 | Bingo $0 | Fortune $0 | Tax $0
Seat 1: c5f63054 (big blind) folded before Flop
Seat 2: b9da45e3 collected ($0.25)
Seat 4: Hero folded before Flop (didn't bet)
Seat 5: 1f30e8eb (button) folded before Flop (didn't bet)
Seat 6: b2af6c1f (small blind) folded before Flop


Poker Hand #HD1592669020: Hold'em No Limit ($0.05/$0.1) - 2024/01/17 18:18:59
Table 'NLHRed119' 6-max Seat #4 is the button
Seat 1: c5f63054 ($15.19 in chips)
Seat 2: b9da45e3 ($35.61 in chips)
Seat 4: Hero ($6.07 in chips)
Seat 5: 1f30e8eb ($10.3 in chips)
Seat 6: b2af6c1f ($8.59 in chips)
1f30e8eb: posts small blind $0.05
b2af6c1f: posts big blind $0.1
*** HOLE CARDS ***
Dealt to c5f63054 
Dealt to b9da45e3 
Dealt to Hero [3d 2c]
Dealt to 1f30e8eb 
Dealt to b2af6c1f 
c5f63054: folds
b9da45e3: folds
Hero: folds
1f30e8eb: folds
Uncalled bet ($0.05) returned to b2af6c1f
*** SHOWDOWN ***
b2af6c1f collected $0.1 from pot
*** SUMMARY ***
Total pot $0.1 | Rake $0 | Jackpot $0 | Bingo $0 | Fortune $0 | Tax $0
Seat 1: c5f63054 folded before Flop (didn't bet)
Seat 2: b9da45e3 folded before Flop (didn't bet)
Seat 4: Hero (button) folded before Flop (didn't bet)
Seat 5: 1f30e8eb (small blind) folded before Flop
Seat 6: b2af6c1f (big blind) collected ($0.1)


Poker Hand #HD1592668875: Hold'em No Limit ($0.05/$0.1) - 2024/01/17 18:18:06
Table 'NLHRed119' 6-max Seat #3 is the button
Seat 1: c5f63054 ($15.19 in chips)
Seat 2: b9da45e3 ($32.08 in chips)
Seat 3: f908f34d ($3.87 in chips)
Seat 4: Hero ($6.12 in chips)
Seat 5: 1f30e8eb ($10.4 in chips)
Seat 6: b2af6c1f ($8.59 in chips)
Hero: posts small blind $0.05
1f30e8eb: posts big blind $0.1
*** HOLE CARDS ***
Dealt to c5f63054 
Dealt to b9da45e3 
Dealt to f908f34d 
Dealt to Hero [Th 4h]
Dealt to 1f30e8eb 
Dealt to b2af6c1f 
b2af6c1f: folds
c5f63054: folds
b9da45e3: raises $0.14 to $0.24
f908f34d: raises $0.48 to $0.72
Hero: folds
1f30e8eb: folds
b9da45e3: raises $18.98 to $19.7
f908f34d: calls $3.15 and is all-in
Uncalled bet ($15.83) returned to b9da45e3
b9da45e3: shows [Jd Ad]
f908f34d: shows [5d Ah]
*** FLOP *** [Js 9d Jh]
*** TURN *** [Js 9d Jh] [6s]
*** RIVER *** [Js 9d Jh 6s] [2s]
*** SHOWDOWN ***
b9da45e3 collected $7.4 from pot
*** SUMMARY ***
Total pot $7.89 | Rake $0.39 | Jackpot $0.1 | Bingo $0 | Fortune $0 | Tax $0
Board [Js 9d Jh 6s 2s]
Seat 1: c5f63054 folded before Flop (didn't bet)
Seat 2: b9da45e3 showed [Jd Ad] and won ($7.4) with Three Jacks
Seat 3: f908f34d (button) showed [5d Ah] and lost with Pair of Jacks
Seat 4: Hero (small blind) folded before Flop
Seat 5: 1f30e8eb (big blind) folded before Flop
Seat 6: b2af6c1f folded before Flop (didn't bet)


Poker Hand #HD1592668825: Hold'em No Limit ($0.05/$0.1) - 2024/01/17 18:17:47
Table 'NLHRed119' 6-max Seat #2 is the button
Seat 1: c5f63054 ($15.19 in chips)
Seat 2: b9da45e3 ($32.08 in chips)
Seat 3: f908f34d ($3.78 in chips)
Seat 4: Hero ($6.22 in chips)
Seat 5: 1f30e8eb ($10.4 in chips)
Seat 6: b2af6c1f ($8.59 in chips)
f908f34d: posts small blind $0.05
Hero: posts big blind $0.1
*** HOLE CARDS ***
Dealt to c5f63054 
Dealt to b9da45e3 
Dealt to f908f34d 
Dealt to Hero [4c Qh]
Dealt to 1f30e8eb 
Dealt to b2af6c1f 
1f30e8eb: folds
b2af6c1f: folds
c5f63054: folds
b9da45e3: folds
f908f34d: calls $0.05
Hero: checks
*** FLOP *** [9c 5s Jh]
f908f34d: bets $0.15
Hero: folds
Uncalled bet ($0.15) returned to f908f34d
*** SHOWDOWN ***
f908f34d collected $0.19 from pot
*** SUMMARY ***
Total pot $0.2 | Rake $0.01 | Jackpot $0 | Bingo $0 | Fortune $0 | Tax $0
Board [9c 5s Jh]
Seat 1: c5f63054 folded before Flop (didn't bet)
Seat 2: b9da45e3 (button) folded before Flop (didn't bet)
Seat 3: f908f34d (small blind) won ($0.19)
Seat 4: Hero (big blind) folded on the Flop
Seat 5: 1f30e8eb folded before Flop (didn't bet)
Seat 6: b2af6c1f folded before Flop (didn't bet)


Poker Hand #HD1592668761: Hold'em No Limit ($0.05/$0.1) - 2024/01/17 18:17:21
Table 'NLHRed119' 6-max Seat #1 is the button
Seat 1: c5f63054 ($15.19 in chips)
Seat 2: b9da45e3 ($32.13 in chips)
Seat 3: f908f34d ($3.13 in chips)
Seat 4: Hero ($6.89 in chips)
Seat 5: 1f30e8eb ($10.4 in chips)
Seat 6: b2af6c1f ($8.59 in chips)
b9da45e3: posts small blind $0.05
f908f34d: posts big blind $0.1
*** HOLE CARDS ***
Dealt to c5f63054 
Dealt to b9da45e3 
Dealt to f908f34d 
Dealt to Hero [3c Ac]
Dealt to 1f30e8eb 
Dealt to b2af6c1f 
Hero: raises $0.15 to $0.25
1f30e8eb: folds
b2af6c1f: folds
c5f63054: folds
b9da45e3: folds
f908f34d: raises $0.42 to $0.67
Hero: calls $0.42
*** FLOP *** [Td Ts 9h]
f908f34d: bets $0.7
Hero: folds
Uncalled bet ($0.7) returned to f908f34d
*** SHOWDOWN ***
f908f34d collected $1.32 from pot
*** SUMMARY ***
Total pot $1.39 | Rake $0.07 | Jackpot $0 | Bingo $0 | Fortune $0 | Tax $0
Board [Td Ts 9h]
Seat 1: c5f63054 (button) folded before Flop (didn't bet)
Seat 2: b9da45e3 (small blind) folded before Flop
Seat 3: f908f34d (big blind) won ($1.32)
Seat 4: Hero folded on the Flop
Seat 5: 1f30e8eb folded before Flop (didn't bet)
Seat 6: b2af6c1f folded before Flop (didn't bet)


Poker Hand #HD1592668642: Hold'em No Limit ($0.05/$0.1) - 2024/01/17 18:16:34
Table 'NLHRed119' 6-max Seat #6 is the button
Seat 1: c5f63054 ($15.24 in chips)
Seat 2: b9da45e3 ($32.33 in chips)
Seat 3: f908f34d ($2.41 in chips)
Seat 4: Hero ($6.89 in chips)
Seat 5: 1f30e8eb ($10.4 in chips)
Seat 6: b2af6c1f ($9.12 in chips)
c5f63054: posts small blind $0.05
b9da45e3: posts big blind $0.1
f908f34d: posts big blind $0.1
*** HOLE CARDS ***
Dealt to c5f63054 
Dealt to b9da45e3 
Dealt to f908f34d 
Dealt to Hero [5h Qh]
Dealt to 1f30e8eb 
Dealt to b2af6c1f 
f908f34d: raises $0.1 to $0.2
Hero: folds
1f30e8eb: folds
b2af6c1f: calls $0.2
c5f63054: folds
b9da45e3: calls $0.1
*** FLOP *** [4d Qd Ac]
b9da45e3: checks
f908f34d: bets $0.33
b2af6c1f: calls $0.33
b9da45e3: folds
*** TURN *** [4d Qd Ac] [9h]
f908f34d: bets $1.88 and is all-in
b2af6c1f: folds
Uncalled bet ($1.88) returned to f908f34d
*** SHOWDOWN ***
f908f34d collected $1.25 from pot
*** SUMMARY ***
Total pot $1.31 | Rake $0.06 | Jackpot $0 | Bingo $0 | Fortune $0 | Tax $0
Board [4d Qd Ac 9h]
Seat 1: c5f63054 (small blind) folded before Flop
Seat 2: b9da45e3 (big blind) folded on the Flop
Seat 3: f908f34d won ($1.25)
Seat 4: Hero folded before Flop (didn't bet)
Seat 5: 1f30e8eb folded before Flop (didn't bet)
Seat 6: b2af6c1f (button) folded on the Turn


Poker Hand #HD1592668551: Hold'em No Limit ($0.05/$0.1) - 2024/01/17 18:15:58
Table 'NLHRed119' 6-max Seat #5 is the button
Seat 1: c5f63054 ($14.56 in chips)
Seat 2: b9da45e3 ($32.33 in chips)
Seat 4: Hero ($7.59 in chips)
Seat 5: 1f30e8eb ($10.4 in chips)
Seat 6: b2af6c1f ($9.17 in chips)
b2af6c1f: posts small blind $0.05
c5f63054: posts big blind $0.1
*** HOLE CARDS ***
Dealt to c5f63054 
Dealt to b9da45e3 
Dealt to Hero [Ac Tc]
Dealt to 1f30e8eb 
Dealt to b2af6c1f 
b9da45e3: folds
Hero: raises $0.15 to $0.25
1f30e8eb: folds
b2af6c1f: folds
c5f63054: raises $0.45 to $0.7
Hero: calls $0.45
*** FLOP *** [6s 8s 8d]
c5f63054: bets $0.58
Hero: folds
Uncalled bet ($0.58) returned to c5f63054
*** SHOWDOWN ***
c5f63054 collected $1.38 from pot
*** SUMMARY ***
Total pot $1.45 | Rake $0.07 | Jackpot $0 | Bingo $0 | Fortune $0 | Tax $0
Board [6s 8s 8d]
Seat 1: c5f63054 (big blind) won ($1.38)
Seat 2: b9da45e3 folded before Flop (didn't bet)
Seat 4: Hero folded on the Flop
Seat 5: 1f30e8eb (button) folded before Flop (didn't bet)
Seat 6: b2af6c1f (small blind) folded before Flop


Poker Hand #HD1592668491: Hold'em No Limit ($0.05/$0.1) - 2024/01/17 18:15:35
Table 'NLHRed119' 6-max Seat #4 is the button
Seat 1: c5f63054 ($14.56 in chips)
Seat 2: b9da45e3 ($32.09 in chips)
Seat 3: 2c722d4c ($11.34 in chips)
Seat 4: Hero ($7.59 in chips)
Seat 5: 1f30e8eb ($10.45 in chips)
Seat 6: b2af6c1f ($9.38 in chips)
1f30e8eb: posts small blind $0.05
b2af6c1f: posts big blind $0.1
*** HOLE CARDS ***
Dealt to c5f63054 
Dealt to b9da45e3 
Dealt to 2c722d4c 
Dealt to Hero [9c 8h]
Dealt to 1f30e8eb 
Dealt to b2af6c1f 
c5f63054: folds
b9da45e3: raises $0.11 to $0.21
2c722d4c: folds
Hero: folds
1f30e8eb: folds
b2af6c1f: calls $0.11
*** FLOP *** [7d Jc 8d]
b2af6c1f: checks
b9da45e3: bets $0.3
b2af6c1f: folds
Uncalled bet ($0.3) returned to b9da45e3
*** SHOWDOWN ***
b9da45e3 collected $0.45 from pot
*** SUMMARY ***
Total pot $0.47 | Rake $0.02 | Jackpot $0 | Bingo $0 | Fortune $0 | Tax $0
Board [7d Jc 8d]
Seat 1: c5f63054 folded before Flop (didn't bet)
Seat 2: b9da45e3 won ($0.45)
Seat 3: 2c722d4c folded before Flop (didn't bet)
Seat 4: Hero (button) folded before Flop (didn't bet)
Seat 5: 1f30e8eb (small blind) folded before Flop
Seat 6: b2af6c1f (big blind) folded on the Flop


Poker Hand #HD1592668450: Hold'em No Limit ($0.05/$0.1) - 2024/01/17 18:15:19
Table 'NLHRed119' 6-max Seat #3 is the button
Seat 1: c5f63054 ($14.56 in chips)
Seat 2: b9da45e3 ($32.09 in chips)
Seat 3: 2c722d4c ($11.34 in chips)
Seat 4: Hero ($7.64 in chips)
Seat 5: 1f30e8eb ($10.55 in chips)
Seat 6: b2af6c1f ($9.23 in chips)
Hero: posts small blind $0.05
1f30e8eb: posts big blind $0.1
*** HOLE CARDS ***
Dealt to c5f63054 
Dealt to b9da45e3 
Dealt to 2c722d4c 
Dealt to Hero [3c Ts]
Dealt to 1f30e8eb 
Dealt to b2af6c1f 
b2af6c1f: raises $0.15 to $0.25
c5f63054: folds
b9da45e3: folds
2c722d4c: folds
Hero: folds
1f30e8eb: folds
Uncalled bet ($0.15) returned to b2af6c1f
*** SHOWDOWN ***
b2af6c1f collected $0.25 from pot
*** SUMMARY ***
Total pot $0.25 | Rake $0 | Jackpot $0 | Bingo $0 | Fortune $0 | Tax $0
Seat 1: c5f63054 folded before Flop (didn't bet)
Seat 2: b9da45e3 folded before Flop (didn't bet)
Seat 3: 2c722d4c (button) folded before Flop (didn't bet)
Seat 4: Hero (small blind) folded before Flop
Seat 5: 1f30e8eb (big blind) folded before Flop
Seat 6: b2af6c1f collected ($0.25)


Poker Hand #HD1592668378: Hold'em No Limit ($0.05/$0.1) - 2024/01/17 18:14:49
Table 'NLHRed119' 6-max Seat #2 is the button
Seat 1: c5f63054 ($14.28 in chips)
Seat 2: b9da45e3 ($32.09 in chips)
Seat 3: 2c722d4c ($11.39 in chips)
Seat 4: Hero ($7.74 in chips)
Seat 5: 1f30e8eb ($10.55 in chips)
Seat 6: b2af6c1f ($9.38 in chips)
2c722d4c: posts small blind $0.05
Hero: posts big blind $0.1
b2af6c1f: posts big blind $0.1
b2af6c1f: posts missed blind $0.05
*** HOLE CARDS ***
Dealt to c5f63054 
Dealt to b9da45e3 
Dealt to 2c722d4c 
Dealt to Hero [4s 6h]
Dealt to 1f30e8eb 
Dealt to b2af6c1f 
1f30e8eb: folds
b2af6c1f: checks
c5f63054: raises $0.2 to $0.3
b9da45e3: folds
2c722d4c: folds
Hero: folds
b2af6c1f: folds
Uncalled bet ($0.2) returned to c5f63054
*** SHOWDOWN ***
c5f63054 collected $0.38 from pot
*** SUMMARY ***
Total pot $0.4 | Rake $0.02 | Jackpot $0 | Bingo $0 | Fortune $0 | Tax $0
Seat 1: c5f63054 collected ($0.38)
Seat 2: b9da45e3 (button) folded before Flop (didn't bet)
Seat 3: 2c722d4c (small blind) folded before Flop
Seat 4: Hero (big blind) folded before Flop
Seat 5: 1f30e8eb folded before Flop (didn't bet)
Seat 6: b2af6c1f folded before Flop


Poker Hand #HD1592668266: Hold'em No Limit ($0.05/$0.1) - 2024/01/17 18:14:14
Table 'NLHRed119' 6-max Seat #1 is the button
Seat 1: c5f63054 ($14.28 in chips)
Seat 2: b9da45e3 ($32.34 in chips)
Seat 3: 2c722d4c ($11.16 in chips)
Seat 4: Hero ($7.74 in chips)
Seat 5: 1f30e8eb ($10.55 in chips)
b9da45e3: posts small blind $0.05
2c722d4c: posts big blind $0.1
*** HOLE CARDS ***
Dealt to c5f63054 
Dealt to b9da45e3 
Dealt to 2c722d4c 
Dealt to Hero [5d As]
Dealt to 1f30e8eb 
Hero: folds
1f30e8eb: folds
c5f63054: folds
b9da45e3: calls $0.05
2c722d4c: checks
*** FLOP *** [5h 6d Qc]
b9da45e3: checks
2c722d4c: bets $0.15
b9da45e3: calls $0.15
*** TURN *** [5h 6d Qc] [Js]
b9da45e3: checks
2c722d4c: bets $0.38
b9da45e3: folds
Uncalled bet ($0.38) returned to 2c722d4c
*** SHOWDOWN ***
2c722d4c collected $0.48 from pot
*** SUMMARY ***
Total pot $0.5 | Rake $0.02 | Jackpot $0 | Bingo $0 | Fortune $0 | Tax $0
Board [5h 6d Qc Js]
Seat 1: c5f63054 (button) folded before Flop (didn't bet)
Seat 2: b9da45e3 (small blind) folded on the Turn
Seat 3: 2c722d4c (big blind) won ($0.48)
Seat 4: Hero folded before Flop (didn't bet)
Seat 5: 1f30e8eb folded before Flop (didn't bet)


Poker Hand #HD1592668181: Hold'em No Limit ($0.05/$0.1) - 2024/01/17 18:13:45
Table 'NLHRed119' 6-max Seat #5 is the button
Seat 1: c5f63054 ($14.53 in chips)
Seat 2: b9da45e3 ($32.44 in chips)
Seat 3: 2c722d4c ($11.16 in chips)
Seat 4: Hero ($7.74 in chips)
Seat 5: 1f30e8eb ($10.23 in chips)
c5f63054: posts small blind $0.05
b9da45e3: posts big blind $0.1
*** HOLE CARDS ***
Dealt to c5f63054 
Dealt to b9da45e3 
Dealt to 2c722d4c 
Dealt to Hero [4h 6s]
Dealt to 1f30e8eb 
2c722d4c: folds
Hero: folds
1f30e8eb: raises $0.15 to $0.25
c5f63054: calls $0.2
b9da45e3: folds
*** FLOP *** [8h Qh 7h]
c5f63054: checks
1f30e8eb: bets $0.2
c5f63054: folds
Uncalled bet ($0.2) returned to 1f30e8eb
*** SHOWDOWN ***
1f30e8eb collected $0.57 from pot
*** SUMMARY ***
Total pot $0.6 | Rake $0.03 | Jackpot $0 | Bingo $0 | Fortune $0 | Tax $0
Board [8h Qh 7h]
Seat 1: c5f63054 (small blind) folded on the Flop
Seat 2: b9da45e3 (big blind) folded before Flop
Seat 3: 2c722d4c folded before Flop (didn't bet)
Seat 4: Hero folded before Flop (didn't bet)
Seat 5: 1f30e8eb (button) won ($0.57)


Poker Hand #HD1592668087: Hold'em No Limit ($0.05/$0.1) - 2024/01/17 18:13:10
Table 'NLHRed119' 6-max Seat #4 is the button
Seat 1: c5f63054 ($14.78 in chips)
Seat 2: b9da45e3 ($32.44 in chips)
Seat 3: 2c722d4c ($11.16 in chips)
Seat 4: Hero ($7.74 in chips)
Seat 5: 1f30e8eb ($10 in chips)
1f30e8eb: posts small blind $0.05
c5f63054: posts big blind $0.1
*** HOLE CARDS ***
Dealt to c5f63054 
Dealt to b9da45e3 
Dealt to 2c722d4c 
Dealt to Hero [Kd 2c]
Dealt to 1f30e8eb 
b9da45e3: folds
2c722d4c: folds
Hero: folds
1f30e8eb: raises $0.15 to $0.25
c5f63054: calls $0.15
*** FLOP *** [Jd Qh 5c]
1f30e8eb: checks
c5f63054: checks
*** TURN *** [Jd Qh 5c] [8c]
1f30e8eb: checks
c5f63054: checks
*** RIVER *** [Jd Qh 5c 8c] [7d]
1f30e8eb: bets $0.75
c5f63054: folds
Uncalled bet ($0.75) returned to 1f30e8eb
*** SHOWDOWN ***
1f30e8eb collected $0.48 from pot
*** SUMMARY ***
Total pot $0.5 | Rake $0.02 | Jackpot $0 | Bingo $0 | Fortune $0 | Tax $0
Board [Jd Qh 5c 8c 7d]
Seat 1: c5f63054 (big blind) folded on the River
Seat 2: b9da45e3 folded before Flop (didn't bet)
Seat 3: 2c722d4c folded before Flop (didn't bet)
Seat 4: Hero (button) folded before Flop (didn't bet)
Seat 5: 1f30e8eb (small blind) won ($0.48)


Poker Hand #HD1592667996: Hold'em No Limit ($0.05/$0.1) - 2024/01/17 18:12:31
Table 'NLHRed119' 6-max Seat #3 is the button
Seat 1: c5f63054 ($14.78 in chips)
Seat 2: b9da45e3 ($33.31 in chips)
Seat 3: 2c722d4c ($10.23 in chips)
Seat 4: Hero ($7.79 in chips)
Seat 5: 1f30e8eb ($10 in chips)
Hero: posts small blind $0.05
1f30e8eb: posts big blind $0.1
*** HOLE CARDS ***
Dealt to c5f63054 
Dealt to b9da45e3 
Dealt to 2c722d4c 
Dealt to Hero [Ac 5c]
Dealt to 1f30e8eb 
c5f63054: folds
b9da45e3: raises $0.14 to $0.24
2c722d4c: raises $0.63 to $0.87
Hero: folds
1f30e8eb: folds
b9da45e3: calls $0.63
*** FLOP *** [3d 6d 6h]
b9da45e3: checks
2c722d4c: bets $1.3
b9da45e3: folds
Uncalled bet ($1.3) returned to 2c722d4c
*** SHOWDOWN ***
2c722d4c collected $1.8 from pot
*** SUMMARY ***
Total pot $1.89 | Rake $0.09 | Jackpot $0 | Bingo $0 | Fortune $0 | Tax $0
Board [3d 6d 6h]
Seat 1: c5f63054 folded before Flop (didn't bet)
Seat 2: b9da45e3 folded on the Flop
Seat 3: 2c722d4c (button) won ($1.8)
Seat 4: Hero (small blind) folded before Flop
Seat 5: 1f30e8eb (big blind) folded before Flop


Poker Hand #HD1592667896: Hold'em No Limit ($0.05/$0.1) - 2024/01/17 18:11:51
Table 'NLHRed119' 6-max Seat #2 is the button
Seat 1: c5f63054 ($14.78 in chips)
Seat 2: b9da45e3 ($33.31 in chips)
Seat 3: 2c722d4c ($10 in chips)
Seat 4: Hero ($8.04 in chips)
Seat 5: bb300985 ($10 in chips)
2c722d4c: posts small blind $0.05
Hero: posts big blind $0.1
*** HOLE CARDS ***
Dealt to c5f63054 
Dealt to b9da45e3 
Dealt to 2c722d4c 
Dealt to Hero [Ah 9d]
Dealt to bb300985 
bb300985: folds
c5f63054: folds
b9da45e3: folds
2c722d4c: raises $0.15 to $0.25
Hero: calls $0.15
*** FLOP *** [7d 7h Th]
2c722d4c: checks
Hero: checks
*** TURN *** [7d 7h Th] [2c]
2c722d4c: bets $0.38
Hero: folds
Uncalled bet ($0.38) returned to 2c722d4c
*** SHOWDOWN ***
2c722d4c collected $0.48 from pot
*** SUMMARY ***
Total pot $0.5 | Rake $0.02 | Jackpot $0 | Bingo $0 | Fortune $0 | Tax $0
Board [7d 7h Th 2c]
Seat 1: c5f63054 folded before Flop (didn't bet)
Seat 2: b9da45e3 (button) folded before Flop (didn't bet)
Seat 3: 2c722d4c (small blind) won ($0.48)
Seat 4: Hero (big blind) folded on the Turn
Seat 5: bb300985 folded before Flop (didn't bet)


