Poker Hand #HD1161643264: Hold'em No Limit  ($0.02/$0.05) - 2023/03/15 19:42:20
Table 'NLHBlue135' 6-max Seat #5 is the button
Seat 1: 857a3d22 ($5 in chips)
Seat 2: b01fb339 ($9.42 in chips)
Seat 3: Hero ($5 in chips)
Seat 4: df5a14e2 ($5.07 in chips)
Seat 5: fe7bf7e4 ($6.25 in chips)
857a3d22: posts small blind $0.02
b01fb339: posts big blind $0.05
*** HOLE CARDS ***
Dealt to 857a3d22 
Dealt to b01fb339 
Dealt to Hero [5c Qc]
Dealt to df5a14e2 
Dealt to fe7bf7e4 
Hero: folds
df5a14e2: raises $0.1 to $0.15
fe7bf7e4: raises $0.28 to $0.43
857a3d22: folds
b01fb339: folds
df5a14e2: folds
Uncalled bet ($0.28) returned to fe7bf7e4
*** SHOWDOWN ***
fe7bf7e4 collected $0.36 from pot
*** SUMMARY ***
Total pot $0.37 | Rake $0.01 | Jackpot $0 | Bingo $0 | Fortune $0
Seat 1: 857a3d22 (small blind) folded before Flop
Seat 2: b01fb339 (big blind) folded before Flop
Seat 3: Hero folded before Flop (didn't bet)
Seat 4: df5a14e2 folded before Flop
Seat 5: fe7bf7e4 (button) collected ($0.36)


Poker Hand #HD1161643199: Hold'em No Limit  ($0.02/$0.05) - 2023/03/15 19:41:59
Table 'NLHBlue135' 6-max Seat #4 is the button
Seat 1: 857a3d22 ($5 in chips)
Seat 2: b01fb339 ($9.42 in chips)
Seat 3: Hero ($5 in chips)
Seat 4: df5a14e2 ($5 in chips)
Seat 5: fe7bf7e4 ($6.27 in chips)
fe7bf7e4: posts small blind $0.02
857a3d22: posts big blind $0.05
*** HOLE CARDS ***
Dealt to 857a3d22 
Dealt to b01fb339 
Dealt to Hero [Jc 9h]
Dealt to df5a14e2 
Dealt to fe7bf7e4 
b01fb339: folds
Hero: folds
df5a14e2: raises $0.1 to $0.15
fe7bf7e4: folds
857a3d22: folds
Uncalled bet ($0.1) returned to df5a14e2
*** SHOWDOWN ***
df5a14e2 collected $0.12 from pot
*** SUMMARY ***
Total pot $0.12 | Rake $0 | Jackpot $0 | Bingo $0 | Fortune $0
Seat 1: 857a3d22 (big blind) folded before Flop
Seat 2: b01fb339 folded before Flop (didn't bet)
Seat 3: Hero folded before Flop (didn't bet)
Seat 4: df5a14e2 (button) collected ($0.12)
Seat 5: fe7bf7e4 (small blind) folded before Flop


Poker Hand #HD1161643108: Hold'em No Limit  ($0.02/$0.05) - 2023/03/15 19:41:22
Table 'NLHBlue135' 6-max Seat #3 is the button
Seat 1: 857a3d22 ($5 in chips)
Seat 2: b01fb339 ($8.78 in chips)
Seat 3: Hero ($5 in chips)
Seat 4: df5a14e2 ($5.02 in chips)
Seat 5: fe7bf7e4 ($6.32 in chips)
df5a14e2: posts small blind $0.02
fe7bf7e4: posts big blind $0.05
*** HOLE CARDS ***
Dealt to 857a3d22 
Dealt to b01fb339 
Dealt to Hero [3d Ad]
Dealt to df5a14e2 
Dealt to fe7bf7e4 
857a3d22: folds
b01fb339: raises $0.08 to $0.13
Hero: raises $0.23 to $0.36
df5a14e2: folds
fe7bf7e4: folds
b01fb339: calls $0.23
*** FLOP *** [7d 7h 8c]
b01fb339: checks
Hero: bets $0.27
b01fb339: raises $1 to $1.27
Hero: folds
Uncalled bet ($1) returned to b01fb339
*** SHOWDOWN ***
b01fb339 collected $1.27 from pot
*** SUMMARY ***
Total pot $1.33 | Rake $0.06 | Jackpot $0 | Bingo $0 | Fortune $0
Board [7d 7h 8c]
Seat 1: 857a3d22 folded before Flop (didn't bet)
Seat 2: b01fb339 won ($1.27)
Seat 3: Hero (button) folded on the Flop
Seat 4: df5a14e2 (small blind) folded before Flop
Seat 5: fe7bf7e4 (big blind) folded before Flop


Poker Hand #HD1161643069: Hold'em No Limit  ($0.02/$0.05) - 2023/03/15 19:41:08
Table 'NLHBlue135' 6-max Seat #2 is the button
Seat 1: 857a3d22 ($5 in chips)
Seat 2: b01fb339 ($8.78 in chips)
Seat 3: Hero ($5.02 in chips)
Seat 4: df5a14e2 ($5 in chips)
Seat 5: fe7bf7e4 ($6.32 in chips)
Hero: posts small blind $0.02
df5a14e2: posts big blind $0.05
*** HOLE CARDS ***
Dealt to 857a3d22 
Dealt to b01fb339 
Dealt to Hero [4h 9s]
Dealt to df5a14e2 
Dealt to fe7bf7e4 
fe7bf7e4: folds
857a3d22: folds
b01fb339: folds
Hero: folds
Uncalled bet ($0.03) returned to df5a14e2
*** SHOWDOWN ***
df5a14e2 collected $0.04 from pot
*** SUMMARY ***
Total pot $0.04 | Rake $0 | Jackpot $0 | Bingo $0 | Fortune $0
Seat 1: 857a3d22 folded before Flop (didn't bet)
Seat 2: b01fb339 (button) folded before Flop (didn't bet)
Seat 3: Hero (small blind) folded before Flop
Seat 4: df5a14e2 (big blind) collected ($0.04)
Seat 5: fe7bf7e4 folded before Flop (didn't bet)


Poker Hand #HD1161643039: Hold'em No Limit  ($0.02/$0.05) - 2023/03/15 19:40:58
Table 'NLHBlue135' 6-max Seat #1 is the button
Seat 1: 857a3d22 ($5 in chips)
Seat 2: b01fb339 ($8.8 in chips)
Seat 3: Hero ($5 in chips)
Seat 5: fe7bf7e4 ($6.32 in chips)
b01fb339: posts small blind $0.02
Hero: posts big blind $0.05
*** HOLE CARDS ***
Dealt to 857a3d22 
Dealt to b01fb339 
Dealt to Hero [As 4c]
Dealt to fe7bf7e4 
fe7bf7e4: folds
857a3d22: folds
b01fb339: folds
Uncalled bet ($0.03) returned to Hero
*** SHOWDOWN ***
Hero collected $0.04 from pot
*** SUMMARY ***
Total pot $0.04 | Rake $0 | Jackpot $0 | Bingo $0 | Fortune $0
Seat 1: 857a3d22 (button) folded before Flop (didn't bet)
Seat 2: b01fb339 (small blind) folded before Flop
Seat 3: Hero (big blind) collected ($0.04)
Seat 5: fe7bf7e4 folded before Flop (didn't bet)


