Poker Hand #HD1184681715: Hold'em No Limit  ($0.02/$0.05) - 2023/04/01 11:02:10
Table 'NLHBlue44' 6-max Seat #3 is the button
Seat 1: fbc0fc45 ($5.97 in chips)
Seat 3: dd9d927d ($6.57 in chips)
Seat 4: 6b9e11ef ($5 in chips)
Seat 5: 4e68ca1e ($5.37 in chips)
Seat 6: Hero ($5.31 in chips)
6b9e11ef: posts small blind $0.02
4e68ca1e: posts big blind $0.05
*** HOLE CARDS ***
Dealt to fbc0fc45 
Dealt to dd9d927d 
Dealt to 6b9e11ef 
Dealt to 4e68ca1e 
Dealt to Hero [5s Th]
Hero: folds
fbc0fc45: raises $0.08 to $0.13
dd9d927d: folds
6b9e11ef: folds
4e68ca1e: folds
Uncalled bet ($0.08) returned to fbc0fc45
*** SHOWDOWN ***
fbc0fc45 collected $0.12 from pot
*** SUMMARY ***
Total pot $0.12 | Rake $0 | Jackpot $0 | Bingo $0 | Fortune $0
Seat 1: fbc0fc45 collected ($0.12)
Seat 3: dd9d927d (button) folded before Flop (didn't bet)
Seat 4: 6b9e11ef (small blind) folded before Flop
Seat 5: 4e68ca1e (big blind) folded before Flop
Seat 6: Hero folded before Flop (didn't bet)


Poker Hand #HD1184681669: Hold'em No Limit  ($0.02/$0.05) - 2023/04/01 11:01:39
Table 'NLHBlue44' 6-max Seat #1 is the button
Seat 1: fbc0fc45 ($6.12 in chips)
Seat 3: dd9d927d ($6.59 in chips)
Seat 4: 6b9e11ef ($5.07 in chips)
Seat 5: 4e68ca1e ($5.07 in chips)
Seat 6: Hero ($5.31 in chips)
dd9d927d: posts small blind $0.02
6b9e11ef: posts big blind $0.05
*** HOLE CARDS ***
Dealt to fbc0fc45 
Dealt to dd9d927d 
Dealt to 6b9e11ef 
Dealt to 4e68ca1e 
Dealt to Hero [5d 6d]
4e68ca1e: raises $0.1 to $0.15
Hero: folds
fbc0fc45: calls $0.15
dd9d927d: folds
6b9e11ef: calls $0.1
*** FLOP *** [Jd Tc 3d]
6b9e11ef: checks
4e68ca1e: bets $0.29
fbc0fc45: folds
6b9e11ef: folds
Uncalled bet ($0.29) returned to 4e68ca1e
*** SHOWDOWN ***
4e68ca1e collected $0.45 from pot
*** SUMMARY ***
Total pot $0.47 | Rake $0.02 | Jackpot $0 | Bingo $0 | Fortune $0
Board [Jd Tc 3d]
Seat 1: fbc0fc45 (button) folded on the Flop
Seat 3: dd9d927d (small blind) folded before Flop
Seat 4: 6b9e11ef (big blind) folded on the Flop
Seat 5: 4e68ca1e won ($0.45)
Seat 6: Hero folded before Flop (didn't bet)


Poker Hand #HD1184681640: Hold'em No Limit  ($0.02/$0.05) - 2023/04/01 11:01:21
Table 'NLHBlue44' 6-max Seat #6 is the button
Seat 1: fbc0fc45 ($6.14 in chips)
Seat 3: dd9d927d ($6.64 in chips)
Seat 4: 6b9e11ef ($5.07 in chips)
Seat 5: 4e68ca1e ($5.07 in chips)
Seat 6: Hero ($5.24 in chips)
fbc0fc45: posts small blind $0.02
dd9d927d: posts big blind $0.05
*** HOLE CARDS ***
Dealt to fbc0fc45 
Dealt to dd9d927d 
Dealt to 6b9e11ef 
Dealt to 4e68ca1e 
Dealt to Hero [5s As]
6b9e11ef: folds
4e68ca1e: folds
Hero: raises $0.07 to $0.12
fbc0fc45: folds
dd9d927d: folds
Uncalled bet ($0.07) returned to Hero
*** SHOWDOWN ***
Hero collected $0.12 from pot
*** SUMMARY ***
Total pot $0.12 | Rake $0 | Jackpot $0 | Bingo $0 | Fortune $0
Seat 1: fbc0fc45 (small blind) folded before Flop
Seat 3: dd9d927d (big blind) folded before Flop
Seat 4: 6b9e11ef folded before Flop (didn't bet)
Seat 5: 4e68ca1e folded before Flop (didn't bet)
Seat 6: Hero (button) collected ($0.12)


Poker Hand #HD1184681607: Hold'em No Limit  ($0.02/$0.05) - 2023/04/01 11:00:58
Table 'NLHBlue44' 6-max Seat #5 is the button
Seat 1: fbc0fc45 ($6.19 in chips)
Seat 3: dd9d927d ($6.64 in chips)
Seat 4: 6b9e11ef ($5 in chips)
Seat 5: 4e68ca1e ($5.07 in chips)
Seat 6: Hero ($5.26 in chips)
Hero: posts small blind $0.02
fbc0fc45: posts big blind $0.05
*** HOLE CARDS ***
Dealt to fbc0fc45 
Dealt to dd9d927d 
Dealt to 6b9e11ef 
Dealt to 4e68ca1e 
Dealt to Hero [3d 4s]
dd9d927d: folds
6b9e11ef: raises $0.07 to $0.12
4e68ca1e: folds
Hero: folds
fbc0fc45: folds
Uncalled bet ($0.07) returned to 6b9e11ef
*** SHOWDOWN ***
6b9e11ef collected $0.12 from pot
*** SUMMARY ***
Total pot $0.12 | Rake $0 | Jackpot $0 | Bingo $0 | Fortune $0
Seat 1: fbc0fc45 (big blind) folded before Flop
Seat 3: dd9d927d folded before Flop (didn't bet)
Seat 4: 6b9e11ef collected ($0.12)
Seat 5: 4e68ca1e (button) folded before Flop (didn't bet)
Seat 6: Hero (small blind) folded before Flop


Poker Hand #HD1184681557: Hold'em No Limit  ($0.02/$0.05) - 2023/04/01 11:00:22
Table 'NLHBlue44' 6-max Seat #4 is the button
Seat 1: fbc0fc45 ($6.19 in chips)
Seat 3: dd9d927d ($6.64 in chips)
Seat 4: 6b9e11ef ($5 in chips)
Seat 5: 4e68ca1e ($5.09 in chips)
Seat 6: Hero ($5 in chips)
4e68ca1e: posts small blind $0.02
Hero: posts big blind $0.05
*** HOLE CARDS ***
Dealt to fbc0fc45 
Dealt to dd9d927d 
Dealt to 6b9e11ef 
Dealt to 4e68ca1e 
Dealt to Hero [5s Ad]
fbc0fc45: folds
dd9d927d: folds
6b9e11ef: raises $0.07 to $0.12
4e68ca1e: folds
Hero: calls $0.07
*** FLOP *** [5h Js 9c]
Hero: checks
6b9e11ef: bets $0.14
Hero: calls $0.14
*** TURN *** [5h Js 9c] [Qd]
Hero: checks
6b9e11ef: checks
*** RIVER *** [5h Js 9c Qd] [2h]
Hero: bets $0.27
6b9e11ef: folds
Uncalled bet ($0.27) returned to Hero
*** SHOWDOWN ***
Hero collected $0.52 from pot
*** SUMMARY ***
Total pot $0.54 | Rake $0.02 | Jackpot $0 | Bingo $0 | Fortune $0
Board [5h Js 9c Qd 2h]
Seat 1: fbc0fc45 folded before Flop (didn't bet)
Seat 3: dd9d927d folded before Flop (didn't bet)
Seat 4: 6b9e11ef (button) folded on the River
Seat 5: 4e68ca1e (small blind) folded before Flop
Seat 6: Hero (big blind) won ($0.52)


Poker Hand #HD1184681534: Hold'em No Limit  ($0.02/$0.05) - 2023/04/01 11:00:07
Table 'NLHBlue44' 6-max Seat #3 is the button
Seat 1: fbc0fc45 ($6.19 in chips)
Seat 3: dd9d927d ($6.64 in chips)
Seat 4: 6b9e11ef ($5.02 in chips)
Seat 5: 4e68ca1e ($5.07 in chips)
Seat 6: Hero ($5 in chips)
6b9e11ef: posts small blind $0.02
4e68ca1e: posts big blind $0.05
*** HOLE CARDS ***
Dealt to fbc0fc45 
Dealt to dd9d927d 
Dealt to 6b9e11ef 
Dealt to 4e68ca1e 
Dealt to Hero [2d Tc]
Hero: folds
fbc0fc45: folds
dd9d927d: folds
6b9e11ef: folds
Uncalled bet ($0.03) returned to 4e68ca1e
*** SHOWDOWN ***
4e68ca1e collected $0.04 from pot
*** SUMMARY ***
Total pot $0.04 | Rake $0 | Jackpot $0 | Bingo $0 | Fortune $0
Seat 1: fbc0fc45 folded before Flop (didn't bet)
Seat 3: dd9d927d (button) folded before Flop (didn't bet)
Seat 4: 6b9e11ef (small blind) folded before Flop
Seat 5: 4e68ca1e (big blind) collected ($0.04)
Seat 6: Hero folded before Flop (didn't bet)


Poker Hand #HD1184681510: Hold'em No Limit  ($0.02/$0.05) - 2023/04/01 10:59:49
Table 'NLHBlue44' 6-max Seat #1 is the button
Seat 1: fbc0fc45 ($6.19 in chips)
Seat 3: dd9d927d ($6.66 in chips)
Seat 4: 6b9e11ef ($5.07 in chips)
Seat 5: 4e68ca1e ($5 in chips)
Seat 6: Hero ($5 in chips)
dd9d927d: posts small blind $0.02
6b9e11ef: posts big blind $0.05
*** HOLE CARDS ***
Dealt to fbc0fc45 
Dealt to dd9d927d 
Dealt to 6b9e11ef 
Dealt to 4e68ca1e 
Dealt to Hero [6c Qs]
4e68ca1e: raises $0.1 to $0.15
Hero: folds
fbc0fc45: folds
dd9d927d: folds
6b9e11ef: folds
Uncalled bet ($0.1) returned to 4e68ca1e
*** SHOWDOWN ***
4e68ca1e collected $0.12 from pot
*** SUMMARY ***
Total pot $0.12 | Rake $0 | Jackpot $0 | Bingo $0 | Fortune $0
Seat 1: fbc0fc45 (button) folded before Flop (didn't bet)
Seat 3: dd9d927d (small blind) folded before Flop
Seat 4: 6b9e11ef (big blind) folded before Flop
Seat 5: 4e68ca1e collected ($0.12)
Seat 6: Hero folded before Flop (didn't bet)


Poker Hand #HD1184681485: Hold'em No Limit  ($0.02/$0.05) - 2023/04/01 10:59:38
Table 'NLHBlue44' 6-max Seat #6 is the button
Seat 1: fbc0fc45 ($6.21 in chips)
Seat 3: dd9d927d ($6.71 in chips)
Seat 4: 6b9e11ef ($5 in chips)
Seat 5: 4e68ca1e ($5 in chips)
Seat 6: Hero ($5 in chips)
fbc0fc45: posts small blind $0.02
dd9d927d: posts big blind $0.05
*** HOLE CARDS ***
Dealt to fbc0fc45 
Dealt to dd9d927d 
Dealt to 6b9e11ef 
Dealt to 4e68ca1e 
Dealt to Hero [3c 7h]
6b9e11ef: raises $0.07 to $0.12
4e68ca1e: folds
Hero: folds
fbc0fc45: folds
dd9d927d: folds
Uncalled bet ($0.07) returned to 6b9e11ef
*** SHOWDOWN ***
6b9e11ef collected $0.12 from pot
*** SUMMARY ***
Total pot $0.12 | Rake $0 | Jackpot $0 | Bingo $0 | Fortune $0
Seat 1: fbc0fc45 (small blind) folded before Flop
Seat 3: dd9d927d (big blind) folded before Flop
Seat 4: 6b9e11ef collected ($0.12)
Seat 5: 4e68ca1e folded before Flop (didn't bet)
Seat 6: Hero (button) folded before Flop (didn't bet)


Poker Hand #HD1184681440: Hold'em No Limit  ($0.02/$0.05) - 2023/04/01 10:59:06
Table 'NLHBlue44' 6-max Seat #5 is the button
Seat 1: fbc0fc45 ($6.08 in chips)
Seat 3: dd9d927d ($6.71 in chips)
Seat 4: 6b9e11ef ($5 in chips)
Seat 5: 4e68ca1e ($5 in chips)
Seat 6: Hero ($5 in chips)
Hero: posts small blind $0.02
fbc0fc45: posts big blind $0.05
*** HOLE CARDS ***
Dealt to fbc0fc45 
Dealt to dd9d927d 
Dealt to 6b9e11ef 
Dealt to 4e68ca1e 
Dealt to Hero [Ks Ah]
dd9d927d: folds
6b9e11ef: folds
4e68ca1e: folds
Hero: raises $0.09 to $0.14
fbc0fc45: calls $0.09
*** FLOP *** [5c 9c 5d]
Hero: checks
fbc0fc45: bets $0.21
Hero: folds
Uncalled bet ($0.21) returned to fbc0fc45
*** SHOWDOWN ***
fbc0fc45 collected $0.27 from pot
*** SUMMARY ***
Total pot $0.28 | Rake $0.01 | Jackpot $0 | Bingo $0 | Fortune $0
Board [5c 9c 5d]
Seat 1: fbc0fc45 (big blind) won ($0.27)
Seat 3: dd9d927d folded before Flop (didn't bet)
Seat 4: 6b9e11ef folded before Flop (didn't bet)
Seat 5: 4e68ca1e (button) folded before Flop (didn't bet)
Seat 6: Hero (small blind) folded on the Flop


Poker Hand #HD1184681379: Hold'em No Limit  ($0.02/$0.05) - 2023/04/01 10:58:21
Table 'NLHBlue44' 6-max Seat #4 is the button
Seat 1: fbc0fc45 ($6.08 in chips)
Seat 3: dd9d927d ($6.07 in chips)
Seat 4: 6b9e11ef ($5 in chips)
Seat 5: 4e68ca1e ($5 in chips)
Seat 6: Hero ($5.09 in chips)
4e68ca1e: posts small blind $0.02
Hero: posts big blind $0.05
*** HOLE CARDS ***
Dealt to fbc0fc45 
Dealt to dd9d927d 
Dealt to 6b9e11ef 
Dealt to 4e68ca1e 
Dealt to Hero [Ad Ks]
fbc0fc45: folds
dd9d927d: raises $0.07 to $0.12
6b9e11ef: folds
4e68ca1e: folds
Hero: raises $0.28 to $0.4
dd9d927d: calls $0.28
*** FLOP *** [7d 2h 8s]
Hero: bets $0.28
dd9d927d: calls $0.28
*** TURN *** [7d 2h 8s] [9s]
Hero: checks
dd9d927d: bets $1.04
Hero: folds
Uncalled bet ($1.04) returned to dd9d927d
*** SHOWDOWN ***
dd9d927d collected $1.32 from pot
*** SUMMARY ***
Total pot $1.38 | Rake $0.06 | Jackpot $0 | Bingo $0 | Fortune $0
Board [7d 2h 8s 9s]
Seat 1: fbc0fc45 folded before Flop (didn't bet)
Seat 3: dd9d927d won ($1.32)
Seat 4: 6b9e11ef (button) folded before Flop (didn't bet)
Seat 5: 4e68ca1e (small blind) folded before Flop
Seat 6: Hero (big blind) folded on the Turn


Poker Hand #HD1184681360: Hold'em No Limit  ($0.02/$0.05) - 2023/04/01 10:58:06
Table 'NLHBlue44' 6-max Seat #3 is the button
Seat 1: fbc0fc45 ($6.01 in chips)
Seat 3: dd9d927d ($6.07 in chips)
Seat 4: 6b9e11ef ($5 in chips)
Seat 5: 4e68ca1e ($5 in chips)
Seat 6: Hero ($5.09 in chips)
6b9e11ef: posts small blind $0.02
4e68ca1e: posts big blind $0.05
*** HOLE CARDS ***
Dealt to fbc0fc45 
Dealt to dd9d927d 
Dealt to 6b9e11ef 
Dealt to 4e68ca1e 
Dealt to Hero [6d Js]
Hero: folds
fbc0fc45: raises $0.08 to $0.13
dd9d927d: folds
6b9e11ef: folds
4e68ca1e: folds
Uncalled bet ($0.08) returned to fbc0fc45
*** SHOWDOWN ***
fbc0fc45 collected $0.12 from pot
*** SUMMARY ***
Total pot $0.12 | Rake $0 | Jackpot $0 | Bingo $0 | Fortune $0
Seat 1: fbc0fc45 collected ($0.12)
Seat 3: dd9d927d (button) folded before Flop (didn't bet)
Seat 4: 6b9e11ef (small blind) folded before Flop
Seat 5: 4e68ca1e (big blind) folded before Flop
Seat 6: Hero folded before Flop (didn't bet)


Poker Hand #HD1184681340: Hold'em No Limit  ($0.02/$0.05) - 2023/04/01 10:57:55
Table 'NLHBlue44' 6-max Seat #1 is the button
Seat 1: fbc0fc45 ($5.94 in chips)
Seat 3: dd9d927d ($6.09 in chips)
Seat 4: 6b9e11ef ($5 in chips)
Seat 6: Hero ($5.09 in chips)
dd9d927d: posts small blind $0.02
6b9e11ef: posts big blind $0.05
*** HOLE CARDS ***
Dealt to fbc0fc45 
Dealt to dd9d927d 
Dealt to 6b9e11ef 
Dealt to Hero [3c 6c]
Hero: folds
fbc0fc45: raises $0.05 to $0.1
dd9d927d: folds
6b9e11ef: folds
Uncalled bet ($0.05) returned to fbc0fc45
*** SHOWDOWN ***
fbc0fc45 collected $0.12 from pot
*** SUMMARY ***
Total pot $0.12 | Rake $0 | Jackpot $0 | Bingo $0 | Fortune $0
Seat 1: fbc0fc45 (button) collected ($0.12)
Seat 3: dd9d927d (small blind) folded before Flop
Seat 4: 6b9e11ef (big blind) folded before Flop
Seat 6: Hero folded before Flop (didn't bet)


Poker Hand #HD1184681315: Hold'em No Limit  ($0.02/$0.05) - 2023/04/01 10:57:39
Table 'NLHBlue44' 6-max Seat #6 is the button
Seat 1: fbc0fc45 ($5.89 in chips)
Seat 3: dd9d927d ($6.14 in chips)
Seat 6: Hero ($5.09 in chips)
fbc0fc45: posts small blind $0.02
dd9d927d: posts big blind $0.05
*** HOLE CARDS ***
Dealt to fbc0fc45 
Dealt to dd9d927d 
Dealt to Hero [9c 4d]
Hero: folds
fbc0fc45: raises $0.08 to $0.13
dd9d927d: folds
Uncalled bet ($0.08) returned to fbc0fc45
*** SHOWDOWN ***
fbc0fc45 collected $0.1 from pot
*** SUMMARY ***
Total pot $0.1 | Rake $0 | Jackpot $0 | Bingo $0 | Fortune $0
Seat 1: fbc0fc45 (small blind) collected ($0.1)
Seat 3: dd9d927d (big blind) folded before Flop
Seat 6: Hero (button) folded before Flop (didn't bet)


Poker Hand #HD1184681302: Hold'em No Limit  ($0.02/$0.05) - 2023/04/01 10:57:30
Table 'NLHBlue44' 6-max Seat #3 is the button
Seat 1: fbc0fc45 ($5.94 in chips)
Seat 3: dd9d927d ($6.07 in chips)
Seat 6: Hero ($5.11 in chips)
Hero: posts small blind $0.02
fbc0fc45: posts big blind $0.05
*** HOLE CARDS ***
Dealt to fbc0fc45 
Dealt to dd9d927d 
Dealt to Hero [5d 7h]
dd9d927d: raises $0.07 to $0.12
Hero: folds
fbc0fc45: folds
Uncalled bet ($0.07) returned to dd9d927d
*** SHOWDOWN ***
dd9d927d collected $0.12 from pot
*** SUMMARY ***
Total pot $0.12 | Rake $0 | Jackpot $0 | Bingo $0 | Fortune $0
Seat 1: fbc0fc45 (big blind) folded before Flop
Seat 3: dd9d927d (button) collected ($0.12)
Seat 6: Hero (small blind) folded before Flop


Poker Hand #HD1184681262: Hold'em No Limit  ($0.02/$0.05) - 2023/04/01 10:57:05
Table 'NLHBlue44' 6-max Seat #1 is the button
Seat 1: fbc0fc45 ($6.04 in chips)
Seat 3: dd9d927d ($5.93 in chips)
Seat 6: Hero ($5.16 in chips)
dd9d927d: posts small blind $0.02
Hero: posts big blind $0.05
*** HOLE CARDS ***
Dealt to fbc0fc45 
Dealt to dd9d927d 
Dealt to Hero [Jh 4d]
fbc0fc45: raises $0.05 to $0.1
dd9d927d: raises $0.46 to $0.56
Hero: folds
fbc0fc45: folds
Uncalled bet ($0.46) returned to dd9d927d
*** SHOWDOWN ***
dd9d927d collected $0.24 from pot
*** SUMMARY ***
Total pot $0.25 | Rake $0.01 | Jackpot $0 | Bingo $0 | Fortune $0
Seat 1: fbc0fc45 (button) folded before Flop
Seat 3: dd9d927d (small blind) collected ($0.24)
Seat 6: Hero (big blind) folded before Flop


Poker Hand #HD1184681227: Hold'em No Limit  ($0.02/$0.05) - 2023/04/01 10:56:44
Table 'NLHBlue44' 6-max Seat #6 is the button
Seat 1: fbc0fc45 ($6.16 in chips)
Seat 3: dd9d927d ($5.98 in chips)
Seat 6: Hero ($5 in chips)
fbc0fc45: posts small blind $0.02
dd9d927d: posts big blind $0.05
*** HOLE CARDS ***
Dealt to fbc0fc45 
Dealt to dd9d927d 
Dealt to Hero [Kd Ks]
Hero: raises $0.07 to $0.12
fbc0fc45: calls $0.1
dd9d927d: folds
*** FLOP *** [4s 7d Ad]
fbc0fc45: checks
Hero: bets $0.15
fbc0fc45: folds
Uncalled bet ($0.15) returned to Hero
*** SHOWDOWN ***
Hero collected $0.28 from pot
*** SUMMARY ***
Total pot $0.29 | Rake $0.01 | Jackpot $0 | Bingo $0 | Fortune $0
Board [4s 7d Ad]
Seat 1: fbc0fc45 (small blind) folded on the Flop
Seat 3: dd9d927d (big blind) folded before Flop
Seat 6: Hero (button) won ($0.28)


Poker Hand #HD1184681207: Hold'em No Limit  ($0.02/$0.05) - 2023/04/01 10:56:31
Table 'NLHBlue44' 6-max Seat #5 is the button
Seat 1: fbc0fc45 ($6.14 in chips)
Seat 3: dd9d927d ($5.98 in chips)
Seat 5: 75aab821 ($5 in chips)
Seat 6: Hero ($5.02 in chips)
Hero: posts small blind $0.02
fbc0fc45: posts big blind $0.05
*** HOLE CARDS ***
Dealt to fbc0fc45 
Dealt to dd9d927d 
Dealt to 75aab821 
Dealt to Hero [2h Jh]
dd9d927d: folds
75aab821: folds
Hero: folds
Uncalled bet ($0.03) returned to fbc0fc45
*** SHOWDOWN ***
fbc0fc45 collected $0.04 from pot
*** SUMMARY ***
Total pot $0.04 | Rake $0 | Jackpot $0 | Bingo $0 | Fortune $0
Seat 1: fbc0fc45 (big blind) collected ($0.04)
Seat 3: dd9d927d folded before Flop (didn't bet)
Seat 5: 75aab821 (button) folded before Flop (didn't bet)
Seat 6: Hero (small blind) folded before Flop


Poker Hand #HD1184681188: Hold'em No Limit  ($0.02/$0.05) - 2023/04/01 10:56:17
Table 'NLHBlue44' 6-max Seat #4 is the button
Seat 1: fbc0fc45 ($6.14 in chips)
Seat 3: dd9d927d ($5.98 in chips)
Seat 4: 94559ac7 ($5.94 in chips)
Seat 5: 75aab821 ($5.02 in chips)
Seat 6: Hero ($5 in chips)
75aab821: posts small blind $0.02
Hero: posts big blind $0.05
*** HOLE CARDS ***
Dealt to fbc0fc45 
Dealt to dd9d927d 
Dealt to 94559ac7 
Dealt to 75aab821 
Dealt to Hero [As 7s]
fbc0fc45: folds
dd9d927d: folds
94559ac7: folds
75aab821: folds
Uncalled bet ($0.03) returned to Hero
*** SHOWDOWN ***
Hero collected $0.04 from pot
*** SUMMARY ***
Total pot $0.04 | Rake $0 | Jackpot $0 | Bingo $0 | Fortune $0
Seat 1: fbc0fc45 folded before Flop (didn't bet)
Seat 3: dd9d927d folded before Flop (didn't bet)
Seat 4: 94559ac7 (button) folded before Flop (didn't bet)
Seat 5: 75aab821 (small blind) folded before Flop
Seat 6: Hero (big blind) collected ($0.04)


Poker Hand #HD1184681171: Hold'em No Limit  ($0.02/$0.05) - 2023/04/01 10:56:09
Table 'NLHBlue44' 6-max Seat #3 is the button
Seat 1: fbc0fc45 ($6.14 in chips)
Seat 3: dd9d927d ($5.98 in chips)
Seat 4: 94559ac7 ($5.96 in chips)
Seat 5: 75aab821 ($5 in chips)
Seat 6: Hero ($5 in chips)
94559ac7: posts small blind $0.02
75aab821: posts big blind $0.05
*** HOLE CARDS ***
Dealt to fbc0fc45 
Dealt to dd9d927d 
Dealt to 94559ac7 
Dealt to 75aab821 
Dealt to Hero [Ah 2s]
Hero: folds
fbc0fc45: folds
dd9d927d: folds
94559ac7: folds
Uncalled bet ($0.03) returned to 75aab821
*** SHOWDOWN ***
75aab821 collected $0.04 from pot
*** SUMMARY ***
Total pot $0.04 | Rake $0 | Jackpot $0 | Bingo $0 | Fortune $0
Seat 1: fbc0fc45 folded before Flop (didn't bet)
Seat 3: dd9d927d (button) folded before Flop (didn't bet)
Seat 4: 94559ac7 (small blind) folded before Flop
Seat 5: 75aab821 (big blind) collected ($0.04)
Seat 6: Hero folded before Flop (didn't bet)


Poker Hand #HD1184681120: Hold'em No Limit  ($0.02/$0.05) - 2023/04/01 10:55:29
Table 'NLHBlue44' 6-max Seat #2 is the button
Seat 1: fbc0fc45 ($5.95 in chips)
Seat 2: 8e88237e ($8.04 in chips)
Seat 3: dd9d927d ($6 in chips)
Seat 4: 94559ac7 ($6.01 in chips)
Seat 5: 75aab821 ($5 in chips)
Seat 6: Hero ($5 in chips)
dd9d927d: posts small blind $0.02
94559ac7: posts big blind $0.05
*** HOLE CARDS ***
Dealt to fbc0fc45 
Dealt to 8e88237e 
Dealt to dd9d927d 
Dealt to 94559ac7 
Dealt to 75aab821 
Dealt to Hero [7d 6s]
75aab821: folds
Hero: folds
fbc0fc45: raises $0.08 to $0.13
8e88237e: calls $0.13
dd9d927d: folds
94559ac7: folds
*** FLOP *** [Ks 4h 8s]
fbc0fc45: bets $0.25
8e88237e: folds
Uncalled bet ($0.25) returned to fbc0fc45
*** SHOWDOWN ***
fbc0fc45 collected $0.32 from pot
*** SUMMARY ***
Total pot $0.33 | Rake $0.01 | Jackpot $0 | Bingo $0 | Fortune $0
Board [Ks 4h 8s]
Seat 1: fbc0fc45 won ($0.32)
Seat 2: 8e88237e (button) folded on the Flop
Seat 3: dd9d927d (small blind) folded before Flop
Seat 4: 94559ac7 (big blind) folded before Flop
Seat 5: 75aab821 folded before Flop (didn't bet)
Seat 6: Hero folded before Flop (didn't bet)


Poker Hand #HD1184681034: Hold'em No Limit  ($0.02/$0.05) - 2023/04/01 10:54:33
Table 'NLHBlue44' 6-max Seat #1 is the button
Seat 1: fbc0fc45 ($6.05 in chips)
Seat 2: 8e88237e ($8.72 in chips)
Seat 3: dd9d927d ($5.29 in chips)
Seat 4: 94559ac7 ($6.01 in chips)
Seat 5: 75aab821 ($5 in chips)
Seat 6: Hero ($5 in chips)
8e88237e: posts small blind $0.02
dd9d927d: posts big blind $0.05
*** HOLE CARDS ***
Dealt to fbc0fc45 
Dealt to 8e88237e 
Dealt to dd9d927d 
Dealt to 94559ac7 
Dealt to 75aab821 
Dealt to Hero [3s Jh]
94559ac7: folds
75aab821: folds
Hero: folds
fbc0fc45: raises $0.05 to $0.1
8e88237e: calls $0.08
dd9d927d: raises $0.58 to $0.68
fbc0fc45: folds
8e88237e: calls $0.58
*** FLOP *** [3d 9c 9d]
8e88237e: checks
dd9d927d: checks
*** TURN *** [3d 9c 9d] [As]
8e88237e: checks
dd9d927d: bets $1.1
8e88237e: folds
Uncalled bet ($1.1) returned to dd9d927d
*** SHOWDOWN ***
dd9d927d collected $1.39 from pot
*** SUMMARY ***
Total pot $1.46 | Rake $0.07 | Jackpot $0 | Bingo $0 | Fortune $0
Board [3d 9c 9d As]
Seat 1: fbc0fc45 (button) folded before Flop
Seat 2: 8e88237e (small blind) folded on the Turn
Seat 3: dd9d927d (big blind) won ($1.39)
Seat 4: 94559ac7 folded before Flop (didn't bet)
Seat 5: 75aab821 folded before Flop (didn't bet)
Seat 6: Hero folded before Flop (didn't bet)


Poker Hand #HD1184681007: Hold'em No Limit  ($0.02/$0.05) - 2023/04/01 10:54:13
Table 'NLHBlue44' 6-max Seat #6 is the button
Seat 1: fbc0fc45 ($6.07 in chips)
Seat 2: 8e88237e ($8.77 in chips)
Seat 3: dd9d927d ($5.22 in chips)
Seat 4: 94559ac7 ($6.01 in chips)
Seat 5: 75aab821 ($5 in chips)
Seat 6: Hero ($5 in chips)
fbc0fc45: posts small blind $0.02
8e88237e: posts big blind $0.05
*** HOLE CARDS ***
Dealt to fbc0fc45 
Dealt to 8e88237e 
Dealt to dd9d927d 
Dealt to 94559ac7 
Dealt to 75aab821 
Dealt to Hero [7h Ac]
dd9d927d: raises $0.05 to $0.1
94559ac7: folds
75aab821: folds
Hero: folds
fbc0fc45: folds
8e88237e: folds
Uncalled bet ($0.05) returned to dd9d927d
*** SHOWDOWN ***
dd9d927d collected $0.12 from pot
*** SUMMARY ***
Total pot $0.12 | Rake $0 | Jackpot $0 | Bingo $0 | Fortune $0
Seat 1: fbc0fc45 (small blind) folded before Flop
Seat 2: 8e88237e (big blind) folded before Flop
Seat 3: dd9d927d collected ($0.12)
Seat 4: 94559ac7 folded before Flop (didn't bet)
Seat 5: 75aab821 folded before Flop (didn't bet)
Seat 6: Hero (button) folded before Flop (didn't bet)


Poker Hand #HD1184680978: Hold'em No Limit  ($0.02/$0.05) - 2023/04/01 10:53:55
Table 'NLHBlue44' 6-max Seat #5 is the button
Seat 1: fbc0fc45 ($6.12 in chips)
Seat 2: 8e88237e ($8.77 in chips)
Seat 3: dd9d927d ($5.15 in chips)
Seat 4: 94559ac7 ($6.01 in chips)
Seat 5: 75aab821 ($5 in chips)
Seat 6: Hero ($5 in chips)
Hero: posts small blind $0.02
fbc0fc45: posts big blind $0.05
*** HOLE CARDS ***
Dealt to fbc0fc45 
Dealt to 8e88237e 
Dealt to dd9d927d 
Dealt to 94559ac7 
Dealt to 75aab821 
Dealt to Hero [5c 5s]
8e88237e: folds
dd9d927d: raises $0.06 to $0.11
94559ac7: folds
75aab821: folds
Hero: folds
fbc0fc45: folds
Uncalled bet ($0.06) returned to dd9d927d
*** SHOWDOWN ***
dd9d927d collected $0.12 from pot
*** SUMMARY ***
Total pot $0.12 | Rake $0 | Jackpot $0 | Bingo $0 | Fortune $0
Seat 1: fbc0fc45 (big blind) folded before Flop
Seat 2: 8e88237e folded before Flop (didn't bet)
Seat 3: dd9d927d collected ($0.12)
Seat 4: 94559ac7 folded before Flop (didn't bet)
Seat 5: 75aab821 (button) folded before Flop (didn't bet)
Seat 6: Hero (small blind) folded before Flop


Poker Hand #HD1184680918: Hold'em No Limit  ($0.02/$0.05) - 2023/04/01 10:53:09
Table 'NLHBlue44' 6-max Seat #4 is the button
Seat 1: fbc0fc45 ($6.12 in chips)
Seat 2: 8e88237e ($7.83 in chips)
Seat 3: dd9d927d ($5.15 in chips)
Seat 4: 94559ac7 ($6.01 in chips)
Seat 5: 75aab821 ($5.02 in chips)
Seat 6: Hero ($5 in chips)
75aab821: posts small blind $0.02
Hero: posts big blind $0.05
*** HOLE CARDS ***
Dealt to fbc0fc45 
Dealt to 8e88237e 
Dealt to dd9d927d 
Dealt to 94559ac7 
Dealt to 75aab821 
Dealt to Hero [Ks Kd]
fbc0fc45: folds
8e88237e: raises $0.1 to $0.15
dd9d927d: folds
94559ac7: folds
75aab821: folds
Hero: raises $0.49 to $0.64
8e88237e: calls $0.49
*** FLOP *** [9c 7c Ac]
Hero: bets $0.43
8e88237e: calls $0.43
*** TURN *** [9c 7c Ac] [2c]
Hero: checks
8e88237e: bets $0.72
Hero: folds
Uncalled bet ($0.72) returned to 8e88237e
8e88237e: shows [Ah] (Pair of Aces)
*** SHOWDOWN ***
8e88237e collected $2.01 from pot
*** SUMMARY ***
Total pot $2.16 | Rake $0.1 | Jackpot $0.05 | Bingo $0 | Fortune $0
Board [9c 7c Ac 2c]
Seat 1: fbc0fc45 folded before Flop (didn't bet)
Seat 2: 8e88237e showed [Ah Ts] and won ($2.01) with Pair of Aces
Seat 3: dd9d927d folded before Flop (didn't bet)
Seat 4: 94559ac7 (button) folded before Flop (didn't bet)
Seat 5: 75aab821 (small blind) folded before Flop
Seat 6: Hero (big blind) folded on the Turn


