Poker Hand #HD1174524258: Hold'em No Limit  ($0.01/$0.02/$0.04) - 2023/03/24 22:56:33
Table 'NLH3BYellow4' 8-max Seat #5 is the button
Seat 1: Hero ($20 in chips)
Seat 2: 55bc424b ($1.8 in chips)
Seat 3: 504ea8a6 ($6.66 in chips)
Seat 4: 2b4f6260 ($6.76 in chips)
Seat 5: 41de1f05 ($4.61 in chips)
Seat 6: 6af34cc6 ($4.16 in chips)
Seat 7: 7c84ba60 ($22.93 in chips)
Seat 8: adc5d5c1 ($20 in chips)
Hero: posts the ante $0.01
7c84ba60: posts the ante $0.01
2b4f6260: posts the ante $0.01
adc5d5c1: posts the ante $0.01
504ea8a6: posts the ante $0.01
6af34cc6: posts the ante $0.01
41de1f05: posts the ante $0.01
55bc424b: posts the ante $0.01
6af34cc6: posts small blind $0.01
7c84ba60: posts big blind $0.02
adc5d5c1: posts third blind $0.04
Hero: posts third blind $0.04
504ea8a6: posts third blind $0.04
*** HOLE CARDS ***
Dealt to Hero [3c Jh]
Dealt to 55bc424b 
Dealt to 504ea8a6 
Dealt to 2b4f6260 
Dealt to 41de1f05 
Dealt to 6af34cc6 
Dealt to 7c84ba60 
Dealt to adc5d5c1 
Hero: checks
55bc424b: folds
504ea8a6: checks
2b4f6260: folds
41de1f05: folds
6af34cc6: folds
7c84ba60: folds
adc5d5c1: checks
*** FLOP *** [4s 2h Ts]
adc5d5c1: checks
Hero: checks
504ea8a6: checks
*** TURN *** [4s 2h Ts] [7h]
adc5d5c1: checks
Hero: checks
504ea8a6: checks
*** RIVER *** [4s 2h Ts 7h] [6h]
adc5d5c1: bets $0.02
Hero: folds
504ea8a6: folds
Uncalled bet ($0.02) returned to adc5d5c1
*** SHOWDOWN ***
adc5d5c1 collected $0.22 from pot
*** SUMMARY ***
Total pot $0.23 | Rake $0.01 | Jackpot $0 | Bingo $0 | Fortune $0
Board [4s 2h Ts 7h 6h]
Seat 1: Hero folded on the River
Seat 2: 55bc424b folded before Flop
Seat 3: 504ea8a6 folded on the River
Seat 4: 2b4f6260 folded before Flop
Seat 5: 41de1f05 (button) folded before Flop
Seat 6: 6af34cc6 (small blind) folded before Flop
Seat 7: 7c84ba60 (big blind) folded before Flop
Seat 8: adc5d5c1 won ($0.22)


